4086 6214
346 369 496 429 1269

1305 365 1403 426 DE
1447 363 1748 425 SANCTA
1790 363 2219 424 'l‘lthlTA'l‘E
2262 367 2648 431 DIALOGUS
2697 367 2768 429 V.

3590 371 3743 428 12Ἰο

339 503 494 575 quod
527 519 596 558 ex
626 502 752 575 ipsa
782 500 914 558 est?
947 502 1056 558 Sed
1089 505 1382 574 quatenus
1412 501 1563 556 Deus
1592 502 1701 563 est.
1733 496 1958 552 exstitit
1990 505 2120 554 ante
2149 498 2359 570 ipsam,
2395 518 2527 556 eum
2561 502 2640 557 sit
2669 501 2858 573 ipsius
2904 506 3054 558 Deu
3089 520 3101 557 :
3134 505 3340 572 estque
3398 502 3550 558 idem
3608 507 3742 558 ante

339 593 527 664 ipsam
562 597 626 647 ut
655 591 829 656 Deus,
861 595 918 646 et
945 608 1014 647 ex
1043 591 1191 662 ipsa,
1222 598 1286 645 ut
1311 589 1506 644 homo.

408 680 441 700 ﬁ

337 763 456 842 ἔχει
512 763 689 836 δόξαν.
756 766 986 842 Χριστὸς
1047 763 1104 820 δὲ
1161 762 1298 840 ἔχει·
1354 763 1452 818 οὐκ
1508 764 1608 838 αρα
1639 761 1918 838 ἅνθρωπος
1951 762 1979 816 6

335 855 593 930 Χριστός.
640 856 788 929 Ὀρθ.
839 851 1031 917 Οὐδεὶς
1080 854 1182 931 γὰρ
1231 853 1529 928 ἀνθρώπων
1574 852 1678 926 πρὸ
1707 856 1812 905 τῶν
1848 851 1978 905 αἰώ-

331 966 439 999 νων
473 943 636 1001 ἐστίν.
671 943 900 1019 Χριστὸς
933 940 990 998 δὲ
1019 943 1154 998 κατᾶ
1181 945 1280 1011 τήν
1313 941 1540 1012 θεότητα
1573 941 1676 1015 πρὸ
1705 944 1810 996 τῶν
1846 939 1977 994 αἰώ-

331 1053 463 1088 νων.
497 1031 618 1094 Υἰὸς
670 1029 743 1086 ὤν
802 1031 888 1086 καὶ
948 1033 1077 1093 Θεὸς
1125 1031 1212 1086 καὶ
1263 1030 1558 1100 Δεσπότης,
1593 1025 1814 1091 εἰκότως
1869 1029 1974 1105 πρὸ

329 1127 437 1177 τῶν
489 1122 698 1176 αἰώνων
749 1119 864 1196 ἔχει
915 1118 1090 1190 δόξαν·
1145 1120 1337 1196 Κύριος
1387 1117 1546 1190 δόξης
1580 1117 1651 1173 ὣν
1685 1120 1819 1173 κατά
1877 1118 1976 1179 φύ-

333 1231 432 1277 σιν,
469 1209 696 1280 Χριστὸς
725 1207 782 1264 δὲ
813 1209 1058 1279 κληθεὶς,
1100 1206 1188 1263 διὰ
1233 1210 1292 1263 τὸ
1340 1209 1553 1286 μορφὴν
1614 1205 1815 1262 δούλου
1876 1207 1973 1262 λα-

333 1295 470 1356 ϐεῖν.
504 1300 566 1357 Ὁ
596 1303 687 1354 νῦν
717 1299 808 1352 οὖν
840 1297 1064 1368 κληθεὶς
1095 1297 1346 1374 Χριστὸς,
1378 1302 1463 1352 καί
1499 1296 1675 1367 λίθος,
1706 1296 1793 1351 καὶ
1825 1317 1972 1363 ,ποι-

335 1390 468 1462 μὴν,
499 1389 588 1444 καὶ
617 1387 834 1456 κόκκος,
866 1386 954 1441 καὶ
986 1385 1148 1450 ἄνθος
1181 1382 1403 1463 ραϐδου,
1449 1388 1538 1440 καὶ
1592 1383 1967 1457 Ἐμμανουήλ,

328 1475 418 1530 καὶ
469 1477 701 1544 Ἰησοῦς,
750 1475 837 1528 καὶ
887 1472 1192 1549 ἅνθρωπος,
1224 1474 1312 1528 καὶ
1343 1479 1469 1534 παῖς
1497 1469 1850 1542 δωδεκαετὴς,
1883 1472 1971 1526 καὶ

328 1564 744 1641 τριακονταετής
779 1565 892 1637 (88)
915 1565 1150 1637 γεγονὼς
1184 1561 1272 1618 διὰ
1313 1563 1409 1631 τὴν
1469 1562 1604 1635 πρὸς
1657 1561 1971 1632 ἀνομώπους

328 1652 667 1726 οἰκονομίαν,
717 1652 806 1707 καὶ
853 1653 960 1725 πρὸ
1004 1657 1112 1706 τῶν
1155 1651 1365 1706 αἰώνων
1413 1651 1564 1722 Θεὸς,
1597 1651 1685 1703 καὶ
1716 1653 1804 1702 νῦν
1840 1650 1972 1721 μετὰ

326 1743 389 1798 τὸ
417 1745 584 1797 ταῦτα
638 1741 881 1815 γενέσθαι
946 1739 1139 1813 μένων,
1199 1739 1228 1794 6'
1275 1743 1364 1810 ἦν,
1397 1738 1510 1813 ἔχει
1543 1736 1696 1808 δόξαν
1731 1739 1834 1812 πρὸ
1863 1738 1970 1794 τῶν

323 1830 563 1898 αἰώνων,
593 1831 720 1893 Θεὸς
752 1825 824 1884 ὦν
859 1829 918 1884 ἐκ
945 1834 1100 1886 Θεοῦ.

395 2009 449 2064 8.
486 2005 717 2065 Ἀπολλ.
752 2006 815 2062 Εἰ
843 2009 958 2080 (89)
990 2007 1017 2061 ὀ
1048 2006 1174 2068 Θεὸς
1218 2005 1268 2061 ἐν
1317 2007 1520 2075 Ἰησοῦ,
1570 2004 1631 2058 οὐ
1681 2001 1751 2058 δι’
1802 2004 1966 2102 ακὺτοῦ
2000 2038 2046 2102 Β

325 2098 394 2152 τὰ
442 2098 635 2168 πάντα,
693 2096 836 2152 ἀλλὰ
894 2094 984 2151 διὰ
1024 2096 1112 2150 τὸν
1167 2095 1218 2150 ἐν
1268 2093 1432 2167 αὐτῷ.
1494 2095 1571 2148 Δι’
1618 2092 1783 2148 αὐτοῦ
1819 2089 1876 2147 δὲ
1903 2093 1969 2147 τὰ

325 2191 520 2240 πάντα·
581 2185 682 2240 οὑκ
731 2183 834 2259 ἄρα
888 2186 1017 2246 Θεὸς
1073 2183 1124 2240 ἐν
1177 2186 1376 2256 Ἰησοῦ,
1434 2181 1560 2238 ἀλλ’
1615 2181 1774 2244 αὐτὸς
1837 2181 1966 2242 Θεός

324 2275 492 2333 ἐστιν.
543 2277 690 2347 Ὀρθ.
750 2277 811 2332 Ὀ
867 2276 997 2337 Θεὸς
1057 2274 1248 2350 Λόγος,
1302 2273 1658 2334 ἐνυπὸστατος
1710 2271 1781 2325 ὢν
1815 2271 1966 2342 Θεὸς,

328 2365 617 2440 μετασχὼν
671 2363 1111 2436 ἀνθρωπότητος,
1172 2365 1380 2432 Ἰησοῦς
1441 2361 1669 2431 ἐκλήθη.
1733 2361 1825 2428 Μὴ
1874 2360 1964 2413 οὗν

325 2449 476 2526 λάγε,
537 2453 664 2513 Θεὸς
721 2453 785 2520 ἦν
827 2451 876 2505 ἐν
938 2453 1138 2523 Ἰησοῦ,
1190 2448 1316 2505 ἀλλ’
1345 2449 1504 2511 αὐτὸς
1536 2449 1564 2504 ὀ
1595 2449 1726 2510 Θεὸς
1756 2445 1965 2518 Ἰησοῦς

322 2538 552 2611 ἐκλήθη.
587 2541 682 2596 Διὸ
709 2539 798 2594 καὶ
823 2539 984 2602 αὐτός
1015 2539 1154 2594 ἐστιν
1191 2542 1421 2610 Ἰησοῦς,
1457 2537 1523 2592 δι’
1555 2538 1615 2592 οῦ
1659 2539 1722 2592 τὶ
1774 2540 1965 2592 πάντα.

321 2631 517 2705 Ὁγὰρ
573 2635 664 2684 νῦν
707 2629 933 2700 κληθεὶς
993 2631 1201 2698 Ἰησοῦς
1263 2625 1350 2682 διὰ
1407 2627 1504 2695 τήν
1551 2626 1964 2701 ἀνθρωπὸτητα.

321 2719 454 2780 Θεὸς
511 2715 569 2772 δὲ
623 2721 735 2790 (90)
793 2717 966 2793 Λόγος
1035 2715 1107 2772 ὢν
1165 2718 1253 2772 καὶ
1296 2717 1402 2788 πρὸ
1448 2723 1547 2784 τῆς
1576 2720 1672 2770 τοῦ
1703 2714 1968 2787 ὅντῖματος

320 2804 601 2876 κλήσεως,
648 2805 734 2861 καὶ
773 2806 906 2880 μετά
958 2806 1056 2876 τὴν
1110 2809 1207 2860 τοῦ
1259 2804 1525 2877 ὀνόματος
1556 2803 1774 2874 κλῆσιν,
1807 2802 1965 2864 αὐτός

322 2893 467 2950 ἰστιν
516 2893 748 2965 Ἰησοῦς,
780 2891 849 2948 δι’
880 2894 941 2948 οὗ
971 2894 1038 2948 τὰ
1068 2897 1255 2961 πάντα,
1301 2895 1429 2955 Θεὸς
1461 2889 1533 2948 ὤν
1566 2895 1700 2948 κατὰ
1733 2897 1964 2964 Πνεῦμα,

321 2985 610 3059 ἄνθρωπος
668 2982 724 3039 δὲ
768 2982 857 3040 διὰ
883 2985 983 3054 τὴν
1015 2989 1112 3039 τοῦ
1143 2981 1343 3040 δούλου
1379 2986 1615 3061 μορφήν·
1651 2980 1733 3038 διὸ
1763 2981 1850 3036 καὶ
1880 2981 1968 3036 αὐ-

321 3071 420 3134 τός
453 3071 592 3128 ἐστιν
629 3075 858 3144 Ἰησοῦς,
893 3071 960 3128 δι’
991 3073 1053 3128 οὗ
1080 3074 1145 3128 τὰ
1174 3072 1362 3130 πάντα.

395 3253 449 3306 9.
511 3250 742 3308 Ἀπολλ.
801 3253 863 3309 Ὀ
916 3251 968 3323 ἐξ
1026 3252 1292 3328 ἁμαρτίας
1350 3253 1539 3321 σώζων
1593 3252 1724 3324 ὑπὶρ
1795 3253 1966 3326 ἁμαρ-

327 3339 448 3394 τίαν
480 3338 642 3409 ἐστίν,
688 3339 786 3394 Καὶ
816 3341 975 3410 σώζει
1025 3339 1275 3412 Χριστός.
1327 3338 1517 3402 Οὐδεὶς
1566 3337 1623 3394 δὲ
1670 3339 1968 3414 ἀνθρώπων

321 3429 460 3502 ὖπὶρ
503 3428 786 3505 ἁμαρτίανσ
839 3429 938 3484 οὐκ
985 3427 1086 3503 ἄρα
1139 3429 1423 3506 ἄνθρωπος
1475 3430 1502 3483 ὀ
1531 3427 1780 3502 Χριστός.
1815 3431 1965 3503 Ὀρθ.

321 3515 399 3572 Oi»
427 3518 528 3593 γὰρ
562 3518 840 3590 ἅνθρωπος
869 3517 1032 3592 ψιλὸς
1064 3518 1091 3572 ό
1123 3517 1368 3594 Χριστός⁹
1417 3515 1541 3572 οὐδὲ
1569 3518 1668 3595 γὰρ
1714 3519 1779 3586 ἦν
1835 3519 1967 3589 Χρι-

321 3608 453 3670 στὸς
508 3604 676 3680 αἴρων
736 3609 834 3676 τήν
891 3609 1154 3684 ἁμαρτίαν
1198 3612 1294 3662 τοῦ
1340 3607 1571 3680 κόσμου,
1613 3608 1658 3662 εἰ
1688 3606 1850 3681 ψιλὸς
1902 3610 1966 3676 ἦν

325 3691 632 3772 ἅνθρωπος.
691 3697 796 3752 Διὰ
849 3694 905 3751 δὲ
959 3701 1120 3752 τοῦτο
1181 3696 1208 3751 ό
1238 3693 1405 3773 αἶ’ρων
1452 3699 1551 3766 τὴν
1581 3697 1847 3770 ἁμαρτίαν
1873 3700 1970 3751 τοῦ

320 3784 537 3858 κόσμου
574 3787 828 3862 Χριστὸς,
861 3783 1108 3856 ἐπειδήὀ
1159 3787 1285 3848 Θεὸς
1339 3786 1531 3863 Λόγος,
1583 3787 1795 3864 μόρῳ-ὴν
1847 3783 1972 3840 δού-

326 3874 432 3930 λου
467 3870 668 3948 λαϐὼν,
701 3874 904 3952 ἐγένετο
936 3875 1166 3951 Χριστὸς
1207 3873 1510 3949 ἅνθρωπος.
1546 3876 1642 3929 Καὶ
1675 3873 1764 3928 διὰ
1811 3878 1970 3929 τοῦτο

326 3963 357 4018 ὀ
415 3965 702 4042 προφήτης
764 3962 932 4038 λέγει.
993 3987 1021 4014 (ι
1080 3964 1178 4018 Καὶ
1238 3961 1522 4037 ἅνθρωπός
1581 3963 1710 4035 ἐστι,
1771 3963 1858 4016 καὶ
1889 3983 1970 4024 τις

323 4054 593 4129 γνώσεται
625 4051 818 4120 αὑτόν;
847 4076 872 4106 η
908 4053 994 4107 καὶ
1033 4053 1192 4114 αὑτὸς
1228 4052 1254 4108 ό
1287 4053 1536 4129 Χριστός·
1573 4077 1598 4102 (ι
1653 4052 1716 4107 Τί
1773 4073 1838 4125 με
1879 4057 1971 4121 ζη-

323 4147 470 4196 τεῖτε
525 4140 860 4210 ἀποκτεῖναι,
921 4140 1202 4217 ἄνθρωπον
1259 4140 1317 4202 ὅς
1373 4143 1472 4210 τὴν
1526 4141 1783 4211 ἀλήθειαν
1845 4141 1970 4213 ὑμῖν

326 4229 614 4299 λελάληκα
639 4249 654 4298 ;

321 4320 424 4389 τήν
478 4318 892 4396 ἀνθρωπότητα,
937 4320 1022 4374 καὶ
1072 4321 1198 4375 Θεὸν
1238 4316 1326 4374 διὰ
1355 4319 1453 4387 τὴν
1499 4318 1746 4389 θεότητα·
1783 4319 1856 4381 ὡς
1888 4323 1978 4374 τὸν

327 4407 614 4478 ἄνθρωπον
645 4413 874 4481 νοοῦμεν
909 4406 1127 4484 λογικὸν
1160 4405 1246 4462 διὰ
1275 4409 1337 4462 τὸ
1364 4407 1692 4483 λογιστικὸν,
1715 4409 1805 4462 καὶ
1839 4413 1974 4477 ζῶον

329 4496 421 4554 διὰ
449 4499 512 4552 τὸ
543 4497 792 4566 ζωτικόν.

697 4256 715 4280 ι
745 4227 837 4284 ’ἕνα
865 4231 1151 4304 νοήσωμεν
1183 4232 1274 4284 τὸν
1306 4230 1534 4305 Χριστὸν
1575 4231 1853 4304 ἄνθρωπον
1887 4225 1976 4282 διὰ

404 4678 492 4732 10.
553 4672 788 4730 Ἀπολλ.
852 4680 959 4736 Πᾶς
1019 4675 1299 4749 ἄνθρωπος
1350 4672 1622 4729 διάστασιν
1684 4673 1799 4750 ἔχει
1848 4697 1981 4751 σαρ-

420 680 463 733 ἵ.
527 675 763 734 Ἀπολλ.
843 674 1035 739 Οὐδεὶς
1094 677 1393 752 ἀνθρώπων
1446 673 1550 746 πρὸ
1608 679 1714 728 τῶν
1774 673 1972 728 αἰώνων

2163 679 2216 733 7.
2249 678 2428 749 Αροιι.
2464 679 2670 734 Nullus
2700 679 2874 735 homo
2919 679 3094 735 habet
3144 679 3391 752 gloriam
3450 685 3582 735 ante
3635 696 3739 735 sm-

2089 765 2219 820 cula
2251 783 2263 820 :
2301 766 2475 821 habet
2531 773 2728 823 autem
2761 768 3047 824 Christus.
3080 768 3204 823 Non
3236 772 3326 823 est
3356 768 3534 839 igitur
3563 768 3736 824 homo

2089 855 2379 911 Christus.
2405 856 2781 913 0rlh.Nullus
2803 859 2958 912 enim
2989 857 3165 912 homo
3196 856 3308 912 fuit
3339 862 3472 912 ante
3502 855 3734 912 saecula.

2087 943 2353 1000 Christus
2387 963 2540 1012 vero,
2574 947 2727 1016 quod
2763 946 2831 1000 ad
2868 945 3403 1011 deitatem‘attinet,
3463 961 3598 1001 cum
3655 945 3734 1001 sit

2086 1038 2221 1088 ante
2282 1036 2480 1088 omnia
2537 1034 2750 1090 saecula
2809 1034 3013 1103 Filius,
3045 1041 3102 1090 et
3131 1035 3306 1105 Deus,
3337 1039 3395 1090 et
3425 1035 3730 1102 Dominus,

2089 1121 2291 1177 merito
2323 1123 2568 1194 gloriam
2603 1123 2806 1178 habuit
2837 1129 2970 1178 ante
3001 1122 3214 1179 saecula
3246 1141 3258 1177 :
3293 1122 3574 1178 Dominus
3607 1122 3732 1195 glo-

2085 1210 2185 1265 riae
2215 1211 2492 1266 nimirum
2531 1222 2754 1282 natura,
2787 1211 3051 1268 Christus
3089 1217 3286 1267 autem
3346 1217 3604 1278 vocatus,
3661 1228 3728 1267 eo

2083 1299 2236 1368 quod
2279 1301 2428 1355 servi
2463 1301 2708 1354 formam
2741 1301 3046 1370 acceperit.
3079 1303 3282 1371 Itaque
3311 1300 3413 1371 qui
3445 1317 3601 1356 nunc
3630 1318 3727 1356 vo-

2082 1394 2248 1442 catur
2278 1387 2544 1443 Christus
2577 1394 2633 1442 et
2663 1389 2897 1459 lapis,et
2917 1393 3198 1459 pastor,et
3223 1390 3728 1461 granum,et400

2082 1476 2188 1532 llos
2222 1477 2475 1547 virgae,et
2507 1477 2942 1543 Emmanuel,et
2970 1478 3164 1545 Jesus,
3184 1483 3242 1533 et
3273 1477 3468 1544 homo,
3494 1483 3553 1532 et
3580 1479 3725 1534 duo-

2079 1566 2266 1620 decim
2298 1583 2585 1621 annorum
2620 1572 2855 1638 puer,et
2884 1567 3124 1638 triginta
3152 1583 3440 1622 annorum
3466 1565 3567 1621 illa
3598 1583 3725 1638 qua

2081 1654 2347 1710 homines
2377 1655 2614 1726 respicit
2671 1656 2992 1711 oeconomia
3046 1656 3256 1721 factus,
3315 1660 3406 1712 est
3460 1661 3518 1710 et
3571 1661 3725 1712 Deus

2079 1751 2212 1798 ante
2269 1743 2481 1800 saecula
2513 1763 2524 1800 :
2559 1751 2614 1800 et
2646 1761 2800 1799 nunc
2833 1751 3143 1816 postquam
3174 1743 3275 1801 illa
3303 1745 3503 1800 omnia
3531 1745 3722 1802 factus

2077 1838 2185 1899 est,
2221 1849 2570 1903 permanens
2603 1835 2656 1889 id
2693 1834 2846 1905 quod
2878 1839 3022 1904 erat,
3054 1833 3233 1890 habet
3287 1832 3534 1906 gloriam
3587 1838 3720 1889 ante

2075 1920 2389 1988 szeeula,ut
2413 1926 2696 1992 poteDeus
2727 1938 2796 1977 ex
2827 1927 2960 1978 Deo.

2145 2010 2198 2062 8.
2234 2011 2414 2080 Apoll.
2449 2012 2504 2065 Si
2541 2017 2690 2065 Deus
2749 2016 2837 2066 est
2892 2012 2950 2066 in
3008 2013 3168 2076 Jesu,
3233 2027 3350 2068 non
3413 2016 3552 2067 sunt
3615 2027 3720 2085 per

2077 2099 2267 2168 ipsum
2325 2099 2541 2165 omnia,
2601 2101 2704 2154 sed
2761 2117 2864 2171 per
2920 2116 3079 2165 eum,
3123 2100 3222 2171 qui
3254 2100 3314 2155 in
3346 2101 3472 2172 ipso
3502 2105 3610 2156 est.
3643 2105 3720 2156 At

2077 2188 2276 2242 omnia
2331 2194 2470 2242 sunt
2522 2206 2624 2259 per
2675 2187 2868 2259 ipsum
2931 2206 2943 2243 :
3006 2205 3120 2244 non
3152 2189 3447 2261 estigitur
3479 2194 3630 2246 Deus
3660 2191 3720 2246 in

2075 2276 2236 2342 Jesu,
2271 2277 2372 2331 sed
2401 2281 2489 2332 est
2521 2277 2639 2346 ipse
2669 2277 2840 2332 Deus.
2867 2279 3024 2335 Orlh.
3057 2277 3213 2334 Deus
3242 2278 3498 2334 Verbum
3531 2279 3724 2351 reipsa

2078 2363 2406 2419 subsistens
2442 2365 2910 2436 Deus,particeps
2939 2367 3208 2422 humanis
3228 2371 3448 2422 natura;
3480 2367 3721 2434 factum,

2076 2458 2314 2508 vocatus
2345 2457 2434 2508 est
2462 2453 2654 2508 Jesus.
2689 2453 2769 2508 Ne
2801 2453 2982 2526 igitur
3011 2455 3212 2522 dicito,
3270 2455 3427 2511 Deus
3485 2461 3610 2512 erat
3663 2458 3722 2512 in

2075 2541 2233 2605 Jcsu,
2270 2542 2367 2596 sed
2399 2541 2522 2612 ipse
2554 2547 2702 2597 Deus
2733 2546 2976 2598 vocatus
3006 2548 3096 2598 est
3121 2541 3570 2616 Jesus,ideoque
3599 2545 3724 2616 ipse

2077 2636 2167 2686 est
2194 2634 2366 2686 Jesus
2399 2647 2500 2702 per
2530 2645 2701 2701 quem
2735 2630 2952 2686 omnia.
2984 2632 3131 2687 Nam
3180 2632 3282 2704 qui
3338 2648 3495 2688 nunc
3551 2632 3724 2690 Jesus

2078 2725 2312 2792 propter
2343 2721 2662 2774 humanam
2695 2724 2965 2775 naturam
2988 2725 3340 2792 vocatur,est
3355 2725 3550 2777 autem
3569 2722 3722 2779 Deus

2082 2809 2332 2864 Verbum
2364 2814 2422 2864 et
2453 2814 2587 2863 ante
2616 2813 2672 2862 et
2704 2813 2833 2880 post
2880 2807 3038 2864 istud
3095 2813 3571 2880 cognomentum,
3630 2814 3723 2866 est

2077 2898 2200 2970 ipse
2252 2899 2424 2952 Jesus
2485 2915 2586 2970 per
2635 2915 2806 2968 quem
2841 2898 3072 2964 omnia;
3105 2903 3168 2954 ut
3197 2898 3297 2970 qui
3328 2898 3405 2955 sit
3433 2903 3489 2955 et
3517 2915 3722 2956 secun-

2077 2988 2216 3041 dum
2257 2986 2533 3058 Spiritum
2595 2987 2770 3054 Deus,
2837 2991 2895 3042 et
2939 2973 3194 3060 'propter
3258 2987 3406 3044 servi
3473 2987 3720 3044 formam

2077 3077 2252 3133 homo
2274 3094 2286 3144 ;
2310 3076 2690 3147 quamobrem
2723 3077 2897 3130 etiam
2930 3076 3056 3148 ipse
3083 3081 3174 3133 est
3201 3077 3396 3146 Jesus,
3415 3093 3516 3149 per
3545 3093 3722 3150 quem

2077 3165 2293 3220 omnia.
3310 3218 3312 3220 ,

2147 3255 2199 3307 9.
2233 3255 2405 3324 Apoll.
2439 3253 2543 3316 Qui
2579 3257 2775 3308 servat
2805 3270 2834 3308 a
2869 3256 3124 3324 peccato,
3161 3253 3428 3326 superior
3459 3257 3550 3310 est
3592 3271 3728 3326 pee-

2081 3343 2432 3398 cato.Servat
2461 3348 2654 3396 autem
2691 3342 2978 3408 Christus,
3030 3346 3087 3399 et
3115 3341 3315 3399 nullus
3348 3342 3520 3399 homo
3552 3359 3727 3415 supe-

2082 3432 2200 3486 rior
2228 3437 2317 3486 est
2346 3436 2601 3502 peccato.
2635 3431 2760 3486 Non
2815 3438 2906 3486 est
2966 3432 3148 3504 igitur
3201 3431 3468 3488 Christus
3528 3433 3727 3489 homo.

2078 3519 2238 3578 Orlh.
2299 3520 2422 3574 Non
2487 3526 2576 3575 est
2641 3536 2780 3574 sane
2837 3519 3105 3576 Christus
3135 3521 3329 3576 nudus
3360 3525 3418 3577 et
3449 3522 3733 3577 duntaxat

2079 3608 2272 3664 homo.
2307 3609 2504 3680 Neque
2536 3607 2692 3663 enim
2724 3609 2774 3664 si
2807 3609 3086 3664 duntaxat
3116 3608 3290 3665 homo
3318 3608 3550 3675 fuisset,
3596 3625 3728 3665 sus-

2079 3697 2315 3754 tulisset
2363 3701 2662 3770 peccatum
2697 3697 2924 3751 mundi.
2963 3698 3064 3752 Per
3092 3695 3201 3752 hoc
3230 3701 3425 3752 autem
3457 3697 3728 3753 Christus

2082 3785 2324 3842 sustulit
2353 3786 2554 3840 mundi
2589 3785 3087 3858 peccatum,quod
3121 3789 3272 3841 Deus
3315 3785 3574 3840 Verbum
3635 3801 3729 3840 ac-

2082 3881 2248 3948 cepta
2307 3875 2454 3930 servi
2516 3875 2700 3930 forma
2743 3874 2930 3929 factus
2960 3874 3036 3929 sit
3063 3873 3331 3930 Christus
3363 3873 3556 3930 homo.
3592 3875 3728 3930 Ideo

2084 3964 2224 4018 dicit
2270 3963 2598 4035 propheta:
2637 3983 2665 4012 «
2695 3962 2879 4018 Etiam
2940 3961 3114 4017 homo
3172 3966 3280 4033 est,
3339 3961 3395 4017 et
3445 3961 3577 4034 quis
3635 3979 3730 4018 co-

2081 4056 2322 4124 gnoscet
2370 4050 2610 4122 ipsum?
2645 4073 2672 4099 υ
2703 4050 2971 4106 Christus
3001 4053 3127 4127 ipse
3161 4067 3174 4106 :
3214 4072 3241 4103 α
3273 4051 3419 4117 Quid
3452 4067 3544 4106 me
3577 4068 3731 4122 quae-

2084 4142 2210 4196 ritis
2243 4141 2571 4194 interﬁcere
2600 4139 2898 4194 hominem
2934 4140 3035 4212 qui
3063 4140 3365 4196 veritatem
3424 4139 3588 4196 vobis
3644 4139 3732 4194 lo-

2083 4234 2253 4286 cutus
2310 4247 2443 4285 sum
2475 4229 2561 4284 9°?
2594 4252 2619 4277 »ι
2653 4233 2716 4283 ut
2745 4228 3038 4285 Christum
3071 4229 3404 4284 noverimus
3436 4227 3734 4284 hominem

2084 4324 2320 4392 prepter
2353 4319 2670 4374 humanam
2708 4323 3000 4386 naturam,
3032 4322 3087 4373 et
3118 4319 3298 4374 Deum
3333 4321 3566 4390 propter
3614 4317 3736 4373 dei-

2085 4414 2265 4465 tatem
2290 4408 2475 4464 :sicut
2504 4407 2804 4463 hominem
2837 4407 3106 4463 novimus
3136 4405 3475 4464 rationalem
3499 4410 3739 4480 propter

2089 4498 2348 4554 animam
2381 4497 2846 4564 ratiocinantem,
2879 4501 2934 4552 et
2961 4496 3180 4553 animal
3226 4501 3460 4570 propter
3513 4497 3734 4553 anima-

2091 4587 2333 4643 litatem.

2163 4679 2250 4732 10.
2322 4677 2497 4746 Apoll.
2571 4677 2630 4731 ln
2700 4676 2858 4731 omni
2927 4675 3166 4731 homine
3229 4674 3476 4731 dissidet
3507 4691 3740 4733 mensa

324 4763 423 4826 κὸς
472 4764 607 4839 πρὸς
655 4767 798 4818 νοῦν·
852 4763 1078 4839 Χριστὸς
1128 4761 1183 4818 δὲ
1216 4762 1315 4818 οὒκ
1343 4760 1482 4839 ἔχει·
1513 4763 1610 4818 οὐκ
1636 4761 1734 4840 ἄρα
1767 4763 1969 4838 ἅνθρω-

2086 4782 2252 4823 carne
2288 4782 2300 4819 :
2337 4765 2394 4820 in
2425 4764 2653 4820 Christo
2683 4781 2814 4820 vero
2846 4782 2961 4820 non
2993 4764 3256 4820 dissidet.
3281 4763 3408 4820 Non
3439 4767 3527 4820 est
3559 4763 3741 4836 igitur

328 4873 434 4914 πος
497 4851 524 4906 ὁ
578 4852 834 4928 Χριστός.
896 4854 1040 4929 Ὀρθ.
1103 4853 1162 4906 Εἰ
1219 4857 1324 4914 πᾶς
1384 4851 1666 4927 ἅνθρωπος
1699 4851 1971 4909 διάστασιν

329 4936 450 5017 ἔχει
510 4941 702 5017 σαρκὸς
761 4943 897 5015 πρὸς
952 4945 1100 5009 νοῦν,
1152 4941 1228 5002 εἷς
1277 4938 1334 4995 δὲ
1379 4945 1486 4996 τῶν
1533 4942 1830 5017 ἀνθρώπων
1886 4945 1976 4998 καὶ

329 5029 520 5091 Ἠλίας
580 5029 607 5084 ὀ
666 5028 1006 5100 ἀναληηθεὶς,
1076 5030 1163 5085 καὶ
1223 5031 1607 5104 πιστευόμενος
1667 5034 1792 5108 παρ’
1844 5035 1980 5106 ἡμῖν

340 5120 506 5196 μέχρι
567 5124 663 5174 τοῦ
718 5119 984 5194 παρόντος
1035 5118 1088 5172 ἐν
1131 5120 1308 5195 σαρκὶ.
1352 5117 1711 5176 dianae-idest
1743 5122 1888 5195 αὐτῷ
1945 5125 1979 5190 ἡ

407 5352 455 5390 ⁸ο
481 5351 650 5410 Joan.
684 5369 782 5420 vn,
811 5354 917 5424 20;
947 5368 1073 5424 νιιι,
1107 5353 1192 5409 40.

417 5606 530 5750 E88)
563 5604 985 5732 Τςιακονταετής
1016 5608 1107 5660 νῦν
1143 5627 1259 5682 γεγ.
1296 5626 1440 5665 mss.

441 5677 532 5750 89)
562 5680 603 5733 Ε
660 5676 824 5736 deest
852 5693 913 5736 in
944 5693 1086 5736 mss.

441 5677 532 5752 89)
562 5676 628 5733 Et
660 5676 824 5736 deest
852 5677 913 5736 in
944 5693 1086 5736 mss.

2085 4857 2260 4911 homo
2291 4854 2581 4911 Christus.
2608 4856 2764 4911 Orth.
2799 4854 2857 4908 Si
2892 4855 2949 4908 in
2983 4853 3141 4908 omni
3201 4853 3439 4909 homine
3495 4853 3743 4910 dissidet

2092 4961 2258 5000 mens
2295 4962 2326 4998 a
2355 4961 2547 5016 carne,
2583 4961 2736 4998 unus
2765 4949 2962 4999 autem
2996 4943 3303 4999 hominum
3336 4947 3428 4999 est
3457 4942 3611 4999 Elias
3643 4941 3744 4998 ille

2092 5050 2329 5090 sursum
2361 5034 2662 5104 abreptus,
2698 5033 2864 5104 quia
2908 5032 3080 5088 nobis
3136 5033 3394 5088 creditur
3451 5032 3510 5087 in
3569 5048 3746 5089 carne

2095 5123 2381 5180 hactenus
2412 5121 2880 5192 esse,dissidebit
2909 5123 3083 5178 etiam
3119 5121 3175 5178 in
3205 5138 3273 5180 eo
3307 5138 3472 5179 mens
3495 5138 3529 5179 a
3549 5137 3744 5178 carne.

2169 5611 2279 5681 (90)
2314 5611 2379 5663 At
2418 5612 2584 5668 abest
2613 5627 2647 5665 a
2681 5608 2859 5664 Palat.
