4086 6214
342 367 489 429 1271

344 500 510 567 Quod
540 499 591 556 si
622 500 682 556 in
714 498 816 555 illo
849 517 1015 557 mens
1044 518 1078 557 a
1108 517 1281 559 carne
1312 519 1425 559 non
1458 502 1709 558 dissidet
1765 519 1779 557 :

345 606 464 645 non
509 590 569 644 in
599 590 757 645 omni
789 589 1026 647 homine
1060 607 1225 646 mens
1257 608 1289 646 a
1320 608 1491 647 carne
1513 590 1781 646 dissidet.
1817 589 2000 645 Multo

348 678 540 750 magis
569 677 752 750 igitur
782 678 882 750 qui
931 684 1021 735 est
1074 678 1263 750 ipsius
1318 680 1460 734 Elite
1518 679 1825 747 Dominus,
1887 694 2001 733 non

350 766 528 822 habet
584 766 797 823 mentis
849 771 905 822 et
962 767 1155 822 carnis
1208 766 1545 839 dissidium,
1608 767 1709 822 sed
1746 765 2000 821 nobisin

350 855 652 922 omnibus,
686 856 838 926 quod
872 856 941 911 ad
975 861 1245 911 naturam
1278 856 1597 910 humanam
1632 857 1861 922 attinet,
1909 871 2002 910 ex-

349 948 515 1015 cepto
545 948 801 1015 peccato,
835 944 1069 1014 similis,
1098 950 1154 998 et
1185 944 1518 1001 misericors
1549 961 1615 999 ac
1649 943 1837 1000 fidelis
1867 960 2006 1016 pon-

342 1033 483 1089 tifex
509 1032 721 1103 factus,
756 1037 844 1089 est
872 1032 1027 1089 idem
1063 1049 1195 1089 vere
1234 1033 1386 1089 Deus
1417 1037 1474 1089 et
1502 1033 1698 1089 homo.

424 1213 510 1267 11.
543 1211 718 1283 Αροιι.
780 1211 985 1267 Omnis
1044 1212 1217 1269 homo
1276 1216 1341 1267 ut
1397 1212 1614 1269 virtute
1671 1212 2012 1284 perﬁciatur

359 1315 595 1356 carnem
627 1300 962 1356 mortiﬁcat.
994 1303 1064 1356 At
1092 1300 1361 1357 Christus
1394 1319 1509 1356 non
1541 1301 2009 1356 mortilicat.Non

357 1393 448 1446 est
473 1389 654 1460 igitur
682 1389 856 1445 homo
887 1389 1176 1445 Christus.
1212 1390 1364 1447 Orth.
1398 1390 1518 1453 Qua
1563 1390 2012 1445 mortificatione

357 1480 612 1534 Joannes
666 1494 898 1533 carnem
960 1495 1129 1534 suam
1190 1480 1563 1534 mortificavit
1604 1478 1921 1534 subsiliens
1952 1479 2011 1532 in

366 1570 557 1635 utero,
589 1570 647 1622 et
680 1567 970 1623 exsultare
1001 1568 1203 1624 visus?
1233 1569 1397 1633 Quod
1430 1568 1477 1624 si
1507 1568 1679 1624 etiam
1732 1568 2014 1624 concede-

368 1660 531 1712 retur
559 1672 792 1711 omnem
829 1656 1146 1724 hominem,
1180 1663 1245 1712 ut
1274 1658 1487 1713 virtute
1520 1657 1873 1729 perficiatur,
1898 1673 2015 1711 car-

365 1759 502 1800 nem
557 1759 726 1799 suam
788 1744 1158 1810 mortificare,
1201 1750 1260 1801 at
1279 1750 1433 1801 certe
1455 1746 1579 1817 jam
1614 1746 1925 1817 perfectus,
1957 1750 2016 1800 et

1509 371 1572 429 S.
1619 368 2113 430 ATHANASIUS
2170 402 2243 414 --
2285 371 2589 431 SPURIA.

1840 504 1993 555 certe
2026 502 2078 567 Α
2111 500 2236 575 σὰρξ
2291 501 2427 575 πρὸς
2483 502 2576 556 τὸν
2633 507 2776 556 νοῦν.
2840 502 2902 558 Εἰ
2950 499 3007 555 δὲ
3060 501 3136 572 μὴ
3186 497 3654 565 διαστασιάζειτῷ
3682 498 3763 564 νῷ

2112 588 2275 644 αὖτοῦ
2307 592 2340 658 ἡ
2400 591 2547 666 σὰρξ,
2612 590 2710 645 οὐκ
2740 588 2839 665 ἄρα
2870 596 2973 651 7:51:
3026 590 3309 663 ἄνθρωπος
3331 584 3608 641 διάστασιν
3641 580 3760 660 ἔχει

2114 679 2305 751 σαρκὸς
2336 680 2469 753 πρὸς
2514 680 2604 732 τὸν
2636 684 2782 734 νοῦν.
2836 678 3035 749 Πολλῷ
3068 678 3157 732 οὗν
3190 675 3364 732 πλείω
3396 676 3424 729 ὀ
3452 679 3551 729 τοῦ
3600 672 3765 728 Ἠλία

2116 766 2387 834 Δεσπότης
2432 767 2529 821 οόιι
2576 764 2689 841 ἔχει
2741 765 3217 835 διαστασιάζουσαν
3264 766 3364 833 τὴν
3418 763 3589 834 σάρκα
3620 762 3762 838 πρὸς

2112 855 2203 909 τὸν
2236 860 2375 908 νοῦν·
2405 853 2548 910 ἀλλά
2577 856 2628 910 ἐν
2662 861 2821 910 πᾶσιν
2882 860 3016 926 ἡμῖν
3048 855 3183 909 κατὰ
3209 855 3308 922 τήν
3362 852 3764 928 ἀνθρωπότητα

2116 942 2405 1014 ὁμοιωθεῖς
2434 946 2611 1020 χωρὶς
2644 944 2931 1020 ἁμαρτίας,
2973 943 3226 1017 ἐλεήμων
3257 942 3344 997 καὶ
3376 941 3565 1003 πιστὸς
3615 942 3763 1016 ἆρχ-

2120 1030 2289 1107 ιερεὺς
2345 1032 2659 1108 γενόμενος,
2719 1031 2858 1088 ἔστιν
2914 1031 3135 1104 ἀληθῶς
3190 1032 3219 1086 ό
3267 1031 3428 1093 αὐτὸς
3481 1031 3613 1092 Θεὸς
3668 1030 3764 1084 καὶ

2118 1122 2418 1197 ἅνθρωπος.

2190 1212 2277 1270 11.
2338 1208 2573 1268 ἈποΑλ.
2657 1217 2767 1273 Πᾶς
2832 1212 3115 1288 ἅνθρωπος
3174 1214 3359 1286 νεκροῖ
3419 1209 3520 1277 τήν
3594 1209 3771 1283 σάρκα

2118 1298 2253 1374 πρὸς
2283 1301 2345 1355 τὸ
2369 1298 2727 1369 τελειωθῆναι
2758 1303 2873 1356 κατ’
2904 1302 3123 1376 ἀρετήν’
3152 1300 3381 1374 Χριστὸς
3423 1296 3482 1353 δὲ
3534 1295 3619 1352 οὔθ
3668 1297 3775 1351 οὐκ

2122 1390 2223 1461 ἄρα
2271 1390 2550 1465 ἅνθρωπος
2609 1389 2636 1443 ό
2687 1389 2943 1463 Χριστός.
2991 1391 3140 1465 Ὀρθ.
3194 1388 3330 1459 Ποία
3369 1388 3627 1461 νεκρώσει
3684 1386 3773 1441 ἔνο

2122 1478 2351 1552 ἑκρωσεν
2413 1478 2603 1532 ἑαυτοῦ
2656 1478 2755 1545 τὴν
2808 1477 2978 1552 σάρκα
3028 1476 3056 1531 ό
3105 1478 3383 1545 Ἰωάννης,
3434 1478 3663 1551 σκιρτῶν
3718 1474 3774 1529 ἐν

2121 1564 2326 1636 κοιλίᾳ,
2376 1564 2462 1619 καὶ
2522 1564 2704 1642 ὀφθεὶς
2753 1565 2804 1619 ὲν
2848 1563 3203 1641 ἀγαλλιάσει;
3245 1562 3309 1619 Εἰ
3350 1559 3523 1617 δὲκαὶ
3557 1559 3773 1633 δοθείη,

2123 1650 2204 1709 ὅτι
2238 1660 2341 1717 πᾶς
2392 1655 2674 1731 ἅνθρωπος
2721 1660 2906 1728 νεκροῖ
2944 1655 3043 1722 τὴν
3095 1654 3265 1729 σάρκα
3293 1653 3428 1725 πρὸς
3458 1653 3521 1706 τὸ
3544 1651 3775 1707 τελειω-

2125 1750 2281 1812 θῆναι
2339 1743 2474 1796 κατὰ
2515 1744 2734 1818 ἀρετὴν,
2785 1740 2929 1797 ἀλλᾶ
2973 1742 3303 1807 τελειωθεὶς,
3349 1740 3437 1795 καὶ
3469 1740 3521 1795 ἐν
3555 1741 3777 1813 οὐρανῷ

362 1832 422 1888 in
456 1831 614 1888 caelia
644 1848 907 1900 versans,
939 1833 1052 1905 ipsi
1083 1833 1527 1889 viviﬁcationem
1564 1839 1729 1905 parat
1776 1851 1875 1905 per
1918 1834 2008 1889 in-

2126 1831 2431 1904 πολίτευμα
2463 1827 2630 1907 ἔχων,
2666 1835 3049 1901 ζωοποιεῖσθαι
3076 1830 3234 1886 αὐτὸν
3256 1830 3650 1904 παρασκευάζει
3684 1827 3775 1884 διὰ

358 1920 720 1977 habitantem
765 1920 825 1974 in
858 1921 984 1993 ipso
1016 1921 1323 1993 Spiritum,
1358 1928 1421 1976 ut
1452 1928 1759 1993 postquam
1794 1923 2009 1978 virtute

358 2010 649 2082 perfectus
681 2010 873 2076 fuerit,
904 2009 1094 2066 dicat:
1128 2034 1154 2060 ‹‹
1190 2011 1440 2066 Cursum
1472 2012 1873 2067 consummavi
1907 2012 2009 2067 9’.»

358 2102 643 2154 Caeterum
675 2097 947 2153 Christus
979 2100 1270 2171 perfectus
1304 2117 1416 2155 non
1445 2101 1628 2155 evasit
1678 2099 1797 2156 ulla
1851 2116 2007 2156 exer-

360 2187 662 2254 citatione,
721 2188 823 2243 sed
886 2188 940 2242 in
993 2189 1118 2259 ipso
1150 2194 1434 2261 conceptu
1466 2206 1534 2245 ex
1564 2189 1692 2262 ipsa
1723 2189 2009 2255 unitione,

358 2279 534 2332 natus
577 2276 943 2343 Emmanuel,
979 2278 1133 2333 Deus
1167 2284 1221 2333 et
1250 2278 1427 2334 homo
1457 2283 1545 2333 est
1579 2295 1590 2333 :
1626 2280 2007 2350 quamobrem

359 2363 537 2420 etiam
567 2363 813 2436 Deipara
843 2370 931 2420 est
960 2365 1159 2421 Maria.

434 2452 947 2523 i2.Apoll.Nullius
978 2453 1239 2510 hominis
1269 2472 1401 2511 caro
1430 2455 1585 2512 dicta
1615 2460 1703 2511 est
1732 2473 1763 2512 e
1820 2455 1961 2512 caelo
1995 2474 2007 2511 :

363 2540 576 2597 Christi
608 2558 741 2597 vero
772 2558 904 2597 caro
938 2543 1091 2598 dicta
1119 2549 1209 2599 est
1240 2560 1270 2598 e
1300 2546 1442 2599 c0310
1474 2561 1620 2600 esse.
1656 2545 1855 2616 Itaque
1895 2562 2007 2600 non

363 2634 457 2686 est
484 2630 752 2686 Christus
776 2630 951 2687 homo
983 2633 1306 2689 secundum
1350 2634 1646 2703 deitatem,
1707 2651 1834 2704 quae
1891 2650 2012 2689 car-

364 2735 501 2775 nem
556 2720 960 2791 assumpserit.
1018 2721 1108 2776 Sic
1156 2738 1292 2794 ergo
1323 2722 1497 2776 etiam
1531 2738 1562 2776 e
1592 2722 1733 2777 oculo
1762 2738 1889 2778 esse
1919 2723 2010 2777 di-

359 2806 531 2876 citur,
562 2808 718 2879 quod
752 2809 913 2863 unita
946 2809 1020 2864 sit
1048 2810 1097 2865 ei
1131 2810 1230 2882 qui
1263 2814 1352 2865 est
1380 2827 1411 2865 e
1441 2807 1603 2866 caelo.
1636 2812 1797 2869 Orth.
1855 2810 2009 2865 Nihil

361 2896 552 2968 potuit
582 2897 769 2969 magis
803 2896 1114 2954 ridiculum
1144 2897 1434 2954 dici.Nam
1458 2899 1505 2953 si
1538 2915 1671 2954 caro
1706 2907 2011 2971 propterea

364 2983 815 3040 dicitureccelo
841 3001 989 3053 esse,
1023 2986 1177 3058 quod
1230 2987 1392 3041 unita
1439 2985 1517 3041 sit
1572 2987 1623 3042 ei
1684 2988 1782 3059 qui
1835 2992 1924 3043 est
1979 3004 2009 3044 ο

364 3072 531 3139 οωΙο,
564 3090 678 3129 non
709 3078 797 3129 est
824 3073 954 3145 ipsa
985 3091 1013 3129 c
1044 3074 1201 3130 conlo.
1238 3075 1399 3132 Sicut
1428 3091 1563 3146 ergo
1594 3093 1849 3143 carnem,
1884 3095 2007 3148 quae

364 3177 395 3216 e
452 3160 594 3216 caelo
651 3178 766 3216 non
810 3167 917 3227 est,
951 3163 1100 3217 dicis
1130 3181 1257 3219 esse
1287 3182 1317 3219 e
1346 3163 1508 3231 ccelo,
1542 3164 1619 3219 ita
1649 3165 1823 3221 etiam
1856 3167 2005 3222 Scri-

2117 1926 2213 1976 τοῦ
2244 1920 2577 1983 ἐνοικοῦντος
2603 1921 2653 1975 ἐν
2688 1921 2833 1992 αὗτῷ
2868 1921 3196 1992 Πνεόματος,
3226 1920 3303 1981 ὡς
3333 1919 3385 1974 ἒν
3416 1920 3580 1994 ἀρετῇ
3612 1918 3773 1975 τελε-

2121 2008 2346 2073 ιωθέντα
2368 2008 2568 2083 λέγειν·
2604 2033 2631 2060 ‹‹
2662 2009 2760 2063 Τὸν
2804 2006 3007 2082 δρόμον
3040 2006 3312 2064 τετέλεκα.
3343 2031 3371 2058 ››
3427 2008 3664 2081 Χριστὸς
3716 2005 3775 2064 δὲ

2119 2099 2218 2153 οὑκ
2249 2097 2299 2169 ἐξ
2331 2099 2608 2168 ἀσκήσεως
2646 2098 3013 2166 τετελείωται,
3047 2095 3173 2151 ἀλλ’
3199 2096 3249 2151 ἐν
3287 2097 3421 2170 αὑτῇ
3451 2099 3521 2168 τῇ
3557 2094 3771 2165 συλλή-

2118 2190 2205 2261 ψει
2237 2186 2286 2257 ἐξ
2319 2188 2561 2242 ὲνώσεωε
2593 2186 2951 2259 Ἐμμανουήλ
2982 2186 3228 2261 τεχθεὶς,
3263 2186 3391 2247 Θεός
3422 2186 3533 2240 ἔστι
3565 2185 3656 2238 καὶ
3681 2187 3773 2239 ἇν-

2122 2289 2361 2352 θρωποςο
2398 2273 2481 2331 διὸ
2511 2276 2600 2330 καὶ
2625 2276 2885 2338 Θεοτόκος
2912 2278 2947 2346 ἡ
2980 2275 3179 2350 Μαρία.

2194 2457 2274 2512 12.
2312 2453 2552 2511 ’Δπολλ.
2612 2451 2843 2515 οὑδενὸς
2895 2454 3184 2529 ἀνθρώπου
3241 2455 3276 2522 ἡ
3327 2453 3455 2527 σὰρξ
3516 2452 3567 2523 ἐξ
3600 2454 3772 2527 οὐρα-

2118 2548 2213 2598 νοῦ
2271 2542 2541 2599 λέλεκται’
2606 2548 2839 2618 Χριστοῦ
2897 2540 2954 2598 δὲ
3010 2546 3044 2611 ἡ
3096 2543 3222 2618 σὰρξ
3265 2541 3315 2612 ἐξ
3356 2541 3591 2617 οὑρανοῦ
3623 2540 3776 2615 εἴρῃ-

2117 2653 2225 2688 ται⁸
2260 2633 2358 2688 οὑκ
2389 2635 2488 2709 ἄρα
2545 2633 2823 2708 ἅνθρωπος
2877 2634 2906 2687 ὁ
2946 2633 3174 2708 Χριστὸς
3212 2632 3349 2687 κατὰ
3390 2633 3490 2699 τὴν
3539 2633 3778 2701 θεότητα

2116 2723 2215 2791 τήν
2248 2718 2662 2795 προσλαϐοῦσαν
2693 2723 2791 2790 τὴν
2823 2721 3011 2794 σάρκα.
3047 2721 3236 2783 Οὕτως
3281 2720 3372 2775 οὖν
3422 2720 3514 2773 καὶ
3564 2719 3618 2789 ἐξ
3678 2722 3775 2775 οὗ-

2121 2810 2283 2887 ρανοῦ
2336 2810 2573 2885 λὲγεται,
2621 2808 2709 2865 διὰ
2754 2808 2816 2865 τδ
2860 2813 3100 2879 ἡνῶσθαι
3132 2816 3210 2882 τῷ
3242 2808 3292 2880 ἐξ
3325 2810 3579 2883 οὐρανοῦ.
3616 2810 3773 2882 Ὀρθ.

2119 2897 2285 2957 Οὐδὲν
2335 2893 2699 2974 γελοιότερον.
2756 2898 2817 2955 Εἰ
2867 2899 2969 2973 γὰρ
3020 2896 3107 2953 810‘:
3144 2902 3304 2952 τοῦτο
3336 2896 3386 2967 ἐξ
3417 2897 3654 2971 οὐρανοῦ
3681 2896 3773 2951 λέ-

2117 3009 2268 3061 γεται
2318 2985 2407 3042 διὰ
2450 2989 2512 3041 τὸ
2556 2988 2794 3056 ἡνῶσθαι
2848 2992 2927 3058 τῷ
2960 2986 3008 3057 ἐξ
3040 2986 3293 3062 οὑρανοῦ,
3328 2986 3427 3040 οὑκ
3455 2983 3507 3055 ἐξ
3538 2984 3774 3060 οὐρανοῦ

2117 3078 2151 3146 ἡ
2185 3077 2331 3151 σάρξ.
2383 3078 2584 3149 ’Ὠσπερ
2634 3073 2725 3129 οὖν
2769 3075 2869 3143 τὴν
2914 3076 2989 3147 μή
3018 3072 3178 3128 οὖσαν
3212 3072 3262 3144 ἐξ
3294 3074 3549 3148 οὗρανοῦ,
3586 3072 3770 3147 λέγετς

2119 3165 2170 3236 ἐξ
2202 3166 2451 3240 οὐρανοῦ·
2488 3164 2628 3218 οὕτω
2661 3165 2750 3218 καὶ
2778 3163 2903 3225 τοὺς
2929 3162 3245 3232 ἀνθρώπους
3265 3164 3391 3224 τοὺς
3415 3161 3775 3236 ἐπουρανίους

362 3254 495 3304 tura
525 3248 792 3305 homines
842 3249 1102 3307 ctnlestcs
1151 3253 1295 3307 dicit
1348 3269 1377 3307 e
1435 3252 1575 3308 coelo
1643 3269 1791 3325 esse,
1852 3257 2006 3327 quod

2126 3226 2372 3332 ilvl‘pacpﬁ
2407 3251 2551 3329 λέγει
2584 3251 2673 3308 διὰ
2727 3252 2789 3307 τὸ
2838 3226 3086 3326 οὑράιιον
3138 3249 3394 3329 φρόνημα
3426 3251 3476 3321 ἐξ
3509 3226 3775 3327 οδρανοῦ.

366 3336 624 3392 caelestia
683 3338 935 3410 sapiant.
1002 3341 1166 3407 Audi,
1219 3345 1275 3396 ct
1305 3340 1497 3397 soluta
1528 3341 1698 3397 fuerit
1728 3347 1828 3398 tua
1860 3346 2006 3401 467

369 3426 713 3497 propositio,
746 3428 865 3483 sive
895 3428 1330 3499 compendiaria
1368 3435 1601 3485 tuorum
1636 3441 2013 3504 argumento-

368 3530 496 3569 rum
558 3516 894 3583 subduolio,
955 3534 1069 3587 quo
1124 3518 1357 3574 nomine
1406 3521 1811 3575 tractationem
1843 3523 2014 3578 istam

375 3601 752 3675 inscripsisti.
784 3605 1065 3661 Caterum
1097 3605 1367 3661 Christus
1389 3606 1580 3663 dictus
1601 3607 1775 3664 homo
1798 3626 1828 3665 e
1848 3613 2015 3678 ccelo,

372 3707 489 3748 non
524 3692 715 3749 dictus
746 3698 853 3762 est,
888 3703 950 3750 ut
977 3711 1181 3750 omnes
1210 3694 1498 3764 homines,
1540 3696 1813 3764 ccelestis,
1862 3701 2014 3770 quod

372 3782 628 3838 coelestia
659 3788 907 3855 saperet,
965 3784 1067 3839 sed
1126 3785 1199 3840 ob
1253 3784 1507 3840 divinam
1566 3790 1625 3841 et
1657 3786 2012 3843 adorandam

371 3870 696 3928 unitionem
743 3871 840 3927 Dei
895 3888 1031 3928 eum
1083 3871 1233 3928 servi
1285 3873 1492 3943 forma,
1543 3877 1607 3928 ut
1636 3874 1786 3930 idem
1839 3877 1913 3931 sit
1961 3884 2019 3932 et

369 3963 522 4016 Deus
554 3965 610 4016 et
641 3961 834 4018 homo.

439 4050 526 4104 13.
556 4048 739 4120 Apoll.
772 4049 982 4105 Nullus
1012 4049 1187 4105 homo
1220 4049 1468 4107 viviﬁcat
1502 4069 1515 4107 :
1550 4067 1655 4108 nec
1677 4053 1832 4109 enim
1858 4054 2016 4113 ullus

367 4136 544 4192 homo
575 4143 664 4193 est
692 4138 957 4195 Christus
989 4155 1003 4194 :
1038 4146 1096 4194 at
1125 4140 1394 4196 Christus
1421 4141 1746 4199 viviﬁcavit.
1772 4148 1895 4201 Non
1927 4152 2017 4202 est

368 4224 550 4296 igitur
597 4226 771 4283 homo
818 4227 1105 4284 Christus.
1160 4228 1313 4284 Orth.
1359 4231 1431 4284 At
1471 4230 1736 4287 Christus
1799 4233 2015 4290 idcirco

368 4313 644 4385 viviﬁoat,
695 4315 834 4385 quia
885 4317 1035 4371 Deus
1074 4316 1326 4373 Verbum
1361 4325 1597 4391 accepta
1626 4322 1773 4375 servi
1803 4322 2010 4391 forma,

363 4406 604 4457 vocatus
634 4408 723 4458 est
752 4403 1039 4460 Christus.

439 4491 525 4545 14.
560 4491 734 4562 Apoll.
764 4491 919 4547 Nulli
956 4492 1261 4549 hominum
1287 4495 1557 4551 convenit
1588 4513 1797 4552 nomen
1857 4501 2009 4569 quod

2123 3346 2342 3414 Ἄκουε,
2368 3342 2455 3397 καὶ
2490 3341 2712 3398 λέλυταί
2738 3363 2831 3395 σου
2863 3344 2897 3411 ἡ
2932 3341 3215 3412 πρότασις,
3245 3338 3421 3413 ἤγουν
3451 3344 3563 3411 (91)
3596 3341 3784 3395 ἀνακεο

2124 3430 2449 3510 φαλαίωσις,
2484 3432 2557 3493 ὡς
2582 3432 2741 3492 αὑτὸς
2772 3429 3059 3503 ὠνόμασας
3091 3429 3412 3504 ἐπιγράψας.
3440 3431 3671 3503 Χριστὸς
3694 3428 3778 3495 δὲ,

2126 3522 2177 3592 ἐξ
2223 3521 2453 3597 οὐρανοῦ
2503 3520 2796 3596 λεγόμενος
2846 3521 3149 3592 ἄνθρῶπος,
3204 3518 3264 3574 οὐ
3306 3516 3484 3573 διὰτὸ
3518 3520 3778 3596 φρόνημα

2126 3609 2361 3683 καθάπερ
2393 3609 2586 3670 πάντες
2620 3608 2915 3685 ἄνθρωποι,
2952 3607 3272 3683 ἐπουράνιος
3304 3606 3593 3677 κέκληται,
3628 3607 3776 3663 ἀλλὰ

2128 3696 2217 3754 διὰ
2264 3701 2361 3767 τὴν
2413 3698 2555 3753 θείαν
2604 3697 2695 3752 καὶ
2742 3698 3220 3773 προσκυνουμένην
3268 3693 3455 3751 ἕνωσιν
3505 3701 3604 3751 τοῦ
3637 3703 3775 3752 Θεοῦ

2127 3788 2303 3863 Λόγου
2334 3788 2468 3864 πρὸς
2499 3809 2596 3856 την
2623 3790 2720 3842 τοῦ
2752 3783 2953 3841 δούλου
2987 3787 3224 3864 μορφὴν,
3261 3787 3334 3847 ὡς
3365 3788 3499 3841 εἶναι
3532 3786 3624 3840 τὸν
3677 3786 3775 3840 αὖ-

2124 3877 2215 3933 τὸν
2249 3877 2336 3932 καὶ
2368 3877 2495 3931 Θεόν
2528 3876 2617 3931 καῖ
2650 3877 2956 3951 ἄνθρωπον.

2202 4058 2264 4110 13
2318 4052 2554 4110 Ἀπολλ.
2613 4051 2805 4116 Οὐδεὶς
2858 4054 3153 4128 ἀνθρώπων
3204 4058 3480 4127 ζωογονεὶ⁸
3552 4052 3614 4107 οὐ
3671 4055 3776 4127 γάρ

2126 4142 2235 4198 ἐστι
2270 4143 2521 4217 Χριστός·
2575 4144 2803 4214 Χριστὸς
2853 4140 2909 4197 δὲ
2970 4148 3245 4217 ζωογονεῖο
3300 4142 3399 4197 οὐκ
3430 4142 3533 4217 ἄρα
3563 4140 3775 4217 ἅνθρω-

2123 4254 2225 4294 πος
2257 4234 2284 4287 ὁ
2336 4232 2584 4306 Χριστός.
2636 4234 2769 4307 Ορθ.
2822 4232 3049 4307 Χριστὸς
3082 4229 3138 4285 δὲ
3170 4228 3258 4285 διὰ
3285 4235 3448 4286 τοῦτο
3481 4238 3775 4306 ζωογονεῖ,

2125 4320 2308 4391 ἐπειδὴ
2369 4323 2497 4383 Θεὸς
2542 4321 2733 4397 Λόγος,
2790 4321 3002 4399 μορφὴν
3057 4317 3259 4375 δούλου
3310 4316 3495 4375 λαϐὼν
3558 4319 3771 4390 ἐκλήθη

2123 4410 2370 4485 Χριστός.

2198 4503 2281 4556 14.
2318 4497 2547 4555 Ἀπολλ.
2610 4495 2803 4556 Οὖδενὶ
2850 4497 3146 4575 ἀνθρώπων
3198 4498 3424 4572 ἁρμόζει
3481 4493 3660 4570 ὄνομα
3711 4500 3776 4554 τὸ

364 4583 457 4634 est
516 4596 696 4652 supra
752 4596 922 4636 omne
983 4597 1216 4649 nomen,
1257 4587 1310 4639 ct
1342 4582 1528 4655 gloria
1558 4601 1682 4656 quin
1712 4586 1895 4641 solius
1927 4594 2009 4643 cst

2126 4589 2253 4663 ὑπὲρ
2287 4595 2384 4642 πᾶν
2430 4584 2623 4660 ὄνομα,
2655 4588 2743 4641 καὶ
2843 4585 2968 4657 δόξα
2999 4589 3032 4656 ἡ
3066 4591 3159 4642 τοῦ
3213 4586 3379 4660 μόνου
3426 4592 3581 4642 Θεοῖν
3637 4590 3774 4662 Χρε-

365 4666 489 4723 Dei.
524 4669 597 4723 At
638 4668 865 4725 Christo
932 4671 1242 4739 convenit;
1286 4688 1398 4727 non
1441 4677 1530 4728 est
1595 4673 1775 4745 igitur
1838 4675 2013 4733 homo

360 4756 647 4837 Christus.
702 4758 849 4814 Orth.
889 4757 1005 4814 Hoc
1036 4773 1267 4830 quoque
1297 4759 1512 4817 dixeris
1542 4761 1613 4817 de
1641 4762 1863 4835 virgine
1891 4765 2010 4819 Ma-

359 4844 629 4902 ria.Nulli
661 4846 969 4903 hominum
1002 4849 1289 4916 convenit,
1313 4853 1375 4904 ut
1406 4850 1575 4921 Virgo
1605 4850 1685 4906 sit
1715 4858 1770 4907 et
1803 4854 2005 4924 pariat.

359 4933 546 4989 Maria
575 4935 915 5008 vero,Virgo
946 4953 1076 4992 cum
1114 4943 1287 5003 esset,
1324 4940 1546 5010 peperit
1576 4957 1589 4995 :
1625 4939 1803 4997 Maria
1832 4941 2012 5014 igitur

363 5038 481 5078 non
515 5028 605 5079 est
637 5024 831 5080 homo.
864 5025 971 5080 Sed
1004 5030 1060 5079 et
1093 5032 1255 5079 tuum
1292 5026 1595 5098 sophisma
1625 5029 1709 5084 sic
1770 5048 2009 5101 prorsus

358 5111 759 5183 redarguetur.
821 5113 973 5169 Nulli
1034 5115 1245 5185 quippe
1303 5115 1528 5171 homini
1578 5133 1707 5173 vere
1739 5121 2009 5175 convenit

357 5216 593 5266 nomen,
625 5201 777 5273 quod
810 5207 899 5258 est
926 5219 1103 5274 super
1132 5220 1302 5257 omne
1329 5220 1562 5274 nomen,
1586 5210 1643 5261 et
1668 5206 2005 5279 gloria,quze

353 5288 538 5346 solius
560 5295 650 5346 est
680 5292 774 5348 Dei
808 5308 820 5347 :
850 5292 1127 5363 quoniam
1166 5290 1361 5346 nullus
1394 5291 1700 5349 hominum
1733 5302 1821 5351 est
1850 5297 2004 5353 Chri-

351 5384 502 5448 stus,
535 5395 605 5437 ex
631 5380 920 5452 unitione,
952 5379 1053 5437 Dei
1082 5379 1250 5435 Verbi
1282 5384 1339 5435 et
1367 5381 1559 5437 servili
1591 5383 1796 5440 forma.

422 5536 465 5570 ’⁸
502 5535 547 5589 Il
579 5534 729 5590 Tim.
766 5550 839 5599 1v,
868 5533 922 5585 7.

418 5686 532 5759 (91)
562 5686 726 5752 ΜΒΒ.,
758 5682 943 5752 ἥτουν.

2124 4683 2233 4749 στῷ
2266 4675 2323 4731 δὲ
2354 4676 2599 4752 ἁρμόζει·
2635 4676 2733 4730 οὐκ
2764 4678 2864 4750 ἄρα
2896 4677 3180 4751 ἅνθρωπος
3227 4676 3255 4730 ὁ
3305 4677 3559 4751 Χριστός.
3614 4679 3771 4752 Ὀρθ.

2117 4771 2284 4820 Τοὖτο
2359 4767 2414 4819 ἂν
2483 4765 2655 4827 εἶ’ποις
2724 4766 2813 4819 καὶ
2866 4765 2988 4839 περὶ
3044 4772 3143 4834 τῆς
3202 4766 3470 4841 Παρθένου
3530 4767 3769 4839 Μαρίας.

2119 4852 2311 4911 Οὐδενὶ
2344 4854 2645 4924 ἀνθρώπων
2675 4853 2900 4929 ἁρμόζει
2932 4855 2995 4909 τὸ
3044 4853 3305 4929 παρθένον
3357 4851 3521 4909 οὖσαν
3572 4862 3773 4910 τεκεῖν·

2121 4946 2389 5017 Ηαρθένος
2440 4941 2497 4997 δὲ
2541 4944 2671 4997 οὖσα
2705 4941 2875 4998 ἔτεκεν
2917 4945 2951 5011 ἡ
2983 4943 3178 5018 Μαρία·
3214 4942 3316 4996 οὐκ
3349 4940 3449 5019 ἄρα
3480 4944 3777 5018 ἅνθρωπνις

2117 5036 2149 5101 ἡ
2184 5032 2378 5107 Μαρία.
2412 5030 2597 5090 ’Όλως
2631 5029 2686 5087 δὲ
2717 5053 2811 5086 σου
2841 5032 2929 5086 καὶ
2963 5031 3138 5094 οὕτως
3171 5030 3562 5107 ἐλεγχθήσεται
3592 5035 3657 5088 τὸ
3682 5037 3773 5088 σ’ἱ-

2117 5144 2309 5199 ἓλσμα,
2367 5120 2558 5177 οὐδενῖ
2609 5122 2709 5196 γὰρ
2762 5119 2983 5191 ἀληθῶς
3040 5120 3265 5195 ἁρμόζει
3316 5126 3422 5176 τῶν
3460 5123 3768 5196 ἀνθρώπων

2116 5207 2289 5284 ὄνομα
2318 5212 2378 5266 τὸ
2439 5211 2567 5285 ὑπὲρ
2617 5216 2721 5264 πᾶν
2771 5206 2965 5283 ὄνομα,
3015 5209 3103 5264 καὶ
3224 5207 3350 5282 δόξα
3394 5213 3428 5280 ἡ
3458 5216 3557 5265 τοῦ
3593 5213 3766 5283 μόνου

2114 5304 2267 5354 Θεοῦ·
2324 5296 2509 5367 ἐπειδὴ
2570 5296 2746 5361 οὐδεὶς
2800 5300 3100 5374 ἀνθρώπων
3150 5300 3383 5375 Χριστὸς
3436 5302 3485 5371 εξ
3518 5300 3765 5361 sedis-3w:

2113 5393 2246 5443 θεοῦ
2280 5388 2453 5464 Λόγου
2484 5385 2574 5442 καῖ
2600 5395 2815 5464 μορφῆς
2846 5385 3131 5456 δουλικῆς.
