4086 6214
390 308 419 368 1
432 312 543 370 2⁸15

1553 311 1617 369 S.
1668 308 2187 370 ATHANASIUS.
2216 340 2292 354 —
2326 309 2633 370 SPURIA.

3651 309 3811 370 i276

393 445 483 498 est
518 441 674 497 Deus
727 446 786 497 et
842 441 1038 499 homo.
1102 442 1249 500 Orth.
1314 442 1582 499 Christus
1640 442 1877 513 quidem
1924 457 2040 496 non

2164 438 2399 501 ὑαΰτός.
2435 441 2585 513 Ὀρθ.
2628 439 2706 496 Οὔ
2767 440 2929 513 μόνον
2992 440 3086 513 μὲν
3148 438 3426 516 ἅνθρωπος
3469 444 3535 510 ἧν
3590 442 3619 495 6
3671 446 3809 516 Χριο

396 534 627 588 tantum
655 532 763 585 fuit
786 532 1129 597 homo,Nam
1156 550 1227 588 ne
1246 532 1511 587 Christus
1540 532 1776 603 quidem
1813 532 2041 595 fuisset,

399 620 449 676 si
480 623 709 675 tantum
743 621 950 675 fuisset
983 622 1498 678 homo.Viviticans
1528 626 1722 676 tamen
1756 624 2043 685 mortuos,

398 708 640 764 minime
662 709 822 778 ipsos
839 711 1149 763 vivifiCavit
1171 709 1413 764 seorsim
1448 726 1480 764 ει
1512 714 1702 764 Patre.
1744 708 2042 773 Quomodo

397 798 553 853 enim
605 797 869 863 dixisset,
903 822 929 848 ‹‹
964 800 1131 853 Pater
1178 798 1234 852 in
1280 815 1371 854 me
1422 815 1690 867 manens,
1739 799 1863 869 ipse
1908 796 2045 851 facit

397 901 571 956 opera
600 886 668 949 θ’,
705 907 731 933 ››
764 886 811 940 si
868 888 1112 941 seorsim
1147 904 1177 941 ιι
1214 888 1378 941 Patre
1419 888 1788 942 viviﬁcasset.
1843 887 2042 957 Itaque

398 975 627 1029 etiamsi
688 975 861 1045 dicat,
906 977 1124 1029 «Sic-ut
1182 976 1353 1031 Pater
1401 975 1611 1031 excitat
1669 980 1930 1029 mortuos
1987 978 2044 1029 et

395 1062 666 1128 viviﬁcat,
702 1064 781 1117 ita
813 1068 867 1118 et
900 1064 1100 1128 Filius,
1134 1081 1281 1134 quos
1313 1064 1435 1117 vult
1481 1065 1734 1119 vivificst
1763 1066 1828 1129 οι,
1866 1086 1891 1113 ››
1929 1080 2039 1118 non

396 1151 537 1208 dicit
568 1168 629 1207 se
680 1153 786 1207 hoc
818 1153 1005 1207 facere
1058 1155 1333 1224 quapiam
1368 1153 1625 1208 efﬁcacia
1660 1154 1973 1225 separatim
2009 1169 2043 1207 a

397 1245 584 1309 Patre,
618 1243 719 1296 sed
766 1242 845 1295 ita
888 1242 1165 1312 loquitur,
1201 1246 1262 1296 ut
1305 1259 1410 1297 nos
1465 1244 1662 1297 doceat
1696 1259 1813 1296 sum
1862 1242 2041 1313 hypo-

400 1332 622 1385 staseos
655 1332 1064 1400 perfectionem
1097 1332 1153 1385 in
1187 1348 1317 1385 sese
1355 1332 1703 1387 absolutam.
1742 1336 1854 1386 Nec
1885 1330 2041 1386 enim

401 1417 547 1474 alios
598 1419 832 1488 quidem
884 1425 1146 1476 mortuos
1194 1422 1403 1475 excitat
1447 1426 1503 1475 et
1550 1420 1800 1475 vivificat
1855 1424 2040 1488 Pater,

399 1505 547 1561 alios
576 1524 708 1561 vero
741 1506 940 1562 Filius.

467 1597 557 1650 21.
593 1596 764 1665 Apoll.
800 1596 982 1652 Homo
1032 1601 1194 1652 actus
1228 1615 1259 1652 a
1307 1602 1416 1652 Deo
1448 1615 1563 1652 non
1597 1602 1687 1653 est
1737 1603 1906 1663 Deus,
1941 1597 2039 1652 sed

399 1698 612 1755 corpus
660 1685 773 1739 Deo
809 1686 1185 1754 conjunctum
1230 1692 1317 1741 est
1348 1686 1519 1742 Deus.
1546 1689 1616 1741 At
1663 1686 1930 1741 Christus
1956 1689 2041 1742 est

399 1778 575 1828 Deus.
608 1777 728 1827 Non
765 1778 853 1828 est
880 1773 1060 1844 igitur
1088 1775 1262 1830 homo
1294 1781 1459 1830 actus
1492 1794 1523 1830 a
1557 1776 1795 1843 Deo,sed
1829 1792 2041 1846 corpus

400 1877 535 1917 cum
559 1862 675 1917 Deo
707 1863 1115 1933 compositum.
1152 1864 1300 1918 Orth.
1339 1865 1463 1920 Non
1496 1870 1584 1921 est
1614 1865 1849 1936 quidem
1882 1863 2042 1920 Chri-

400 1953 529 2007 stus
561 1950 730 2005 homo
761 1957 927 2006 actus
957 1969 988 2005 a
1020 1952 1261 2017 Deo,sed
1295 1953 1448 2008 Deus
1481 1953 1797 2022 bomini,ut
1823 1958 1885 2008 tu
1918 1953 2043 2024 ipse

400 2039 743 2109 nominasti,
775 2043 1146 2111 conjunctus.
1180 2041 1322 2097 Nam
1356 2043 1401 2097 si
1448 2048 1639 2114 potest
1686 2058 1898 2114 corpus
1932 2046 2041 2097 Deo

400 2128 898 2200 conjungi,potest
926 2130 1101 2184 etiam
1135 2136 1292 2187 totus
1325 2132 1499 2187 homo
1532 2132 1646 2187 Deo
1679 2131 2043 2203 conjungi,et

397 2215 554 2272 idem
585 2233 715 2272 esse
765 2220 913 2272 Deus
946 2223 1000 2272 et
1047 2219 1241 2283 homo,
1274 2220 1426 2275 sicut
1476 2237 1609 2276 caro
1640 2225 1697 2275 et
1736 2220 1888 2275 Deus
1917 2219 2042 2291 ipse

399 2310 509 2360 est.
542 2305 687 2369 Quid
718 2322 886 2377 porro
916 2307 1106 2361 dicere
1127 2308 1361 2363 voluisti
1395 2325 1524 2362 cum
1550 2309 1793 2376 diceres,
1831 2323 2041 2379 corpus

400 2393 518 2448 Deo
550 2395 927 2463 conjunctum
963 2400 1133 2455 Deus.
1166 2396 1389 2469 ignoro.
1422 2400 1645 2469 Corpus
1669 2397 1823 2451 enim
1871 2413 2041 2452 vocas

400 2480 611 2546 Deum,
660 2484 907 2555 ideoque
945 2500 1156 2555 corpus
1190 2503 1301 2540 non
1335 2491 1424 2541 cst
1452 2503 1463 2540 :
1497 2485 1585 2541 vel
1622 2492 1794 2541 Deum
1830 2501 2043 2557 corpus

403 2585 580 2626 vocas
611 2571 793 2626 Deum
828 2577 1064 2644 propter
1091 2573 1255 2645 illud,
1291 2576 1443 2645 quod
1478 2580 1563 2628 est
1593 2575 2041 2644 eiconjunotum

404 2660 526 2715 sive
556 2662 968 2733 compositum.
1003 2663 1302 2727 Quomodo
1333 2682 1464 2720 vero
1513 2666 1665 2721 Deus
1696 2665 1771 2721 sit
1814 2672 2043 2728 natura.

401 2748 499 2820 qui
546 2749 796 2819 alicujus
846 2768 1025 2807 causa
1071 2753 1224 2807 Deus
1273 2754 1400 2809 sit?
1440 2754 1554 2809 Nos
1586 2770 1718 2810 vero
1747 2754 2043 2809 Christum

401 2853 515 2893 non
548 2840 800 2894 dicimus
830 2857 959 2895 esse
997 2842 1172 2897 Deum
1205 2843 1277 2896 ob
1309 2842 1467 2897 illam
1497 2859 1631 2899 cum
1663 2859 1902 2915 corpore
1924 2843 2045 2898 sive

399 2926 638 2983 homine
668 2931 1140 2998 conjunctionem
1177 2947 1189 2984 :
1227 2932 1323 2985 sed
1364 2936 1539 2986 Deum
1593 2938 1826 3003 propter
1872 2938 2044 2987 natu-

400 3032 549 3083 ram,
584 3034 758 3085 quam
792 3035 858 3072 ex
891 3018 1055 3073 Patre
1086 3019 1259 3075 habet
1287 3038 1298 3075 :
1333 3021 1628 3076 Christum
1654 3039 1787 3077 vero
1812 3027 2047 3094 propter

404 3107 551 3161 servi
577 3108 847 3175 formam,
875 3108 1170 3179 unionem,
1197 3110 1316 3165 sive
1346 3111 1851 3183 compositionem,
1887 3116 1951 3166 ut
1980 3116 2043 3167 tu

403 3193 529 3264 ipse
560 3195 891 3266 appellasti.

472 3283 562 3337 22.
598 3285 770 3355 Apoll.
804 3286 861 3341 Si
898 3286 995 3341 Dei
1030 3288 1314 3359 templum
1349 3293 1550 3344 natum
1592 3294 1680 3344 cst
1726 3306 1794 3345 ex
1847 3290 2045 3361 Maria,

401 3387 832 3442 supervacanea
880 3379 970 3429 est
1018 3392 1163 3430 nova
1210 3376 1311 3431 illa
1360 3378 1633 3433 nativitas
1676 3395 1744 3433 ex
1795 3378 2046 3450 Virgine,

403 3476 538 3515 cum
572 3462 795 3532 absque
844 3463 1129 3529 ejusmodi
1177 3464 1475 3520 nativitate
1519 3466 1786 3522 homines
1817 3482 2051 3539 quoque

410 3548 530 3604 sint
553 3549 649 3604 Dei
684 3550 1086 3622 templa.0rlh.
1120 3553 1403 3624 Oppugna
1435 3570 1601 3609 sacra
1631 3556 1961 3623 Evangelia,
1989 3561 2053 3611 ut

407 3639 615 3694 audias
651 3656 664 3693 :
706 3660 733 3690 α
765 3639 985 3695 Durum
1018 3646 1109 3696 est
1154 3642 1259 3697 tibi
1294 3647 1494 3698 contra
1538 3644 1845 3699 stimulum
1878 3644 2051 3698 calci-

405 3729 674 3783 trare”.»
709 3729 855 3783 Audi
887 3731 1041 3785 enim
1080 3732 1388 3785 Dominum
1421 3731 1707 3787 dicentem
1740 3748 1752 3786 :
1790 3756 1816 3782 ι‹
1841 3732 2056 3788 Solvite

409 3817 695 3889 templum
721 3817 915 3883 boc,et
938 3820 995 3874 in
1026 3819 1218 3875 tribus
1249 3820 1453 3875 diebus
1484 3822 1744 3877 excitabo
1776 3822 1920 3877 illud
1952 3823 2055 3878 9‘.»

408 3906 651 3962 Etiamsi
683 3925 817 3963 vero
848 3908 1112 3963 nonnulli
1136 3909 1405 3965 homines
1436 3910 1556 3965 sint
1586 3912 1945 3983 templa,non
1972 3917 2055 3967 ta-

411 4012 544 4051 men
576 3997 657 4051 ita
688 4002 826 4051 sunt
854 3998 1092 4070 templa,
1124 4003 1405 4070 tanquam
1440 4000 1611 4056 etiam
1655 4001 1868 4056 Christi
1905 4020 1916 4057 :
1952 4019 2058 4057 nec

409 4085 723 4156 quisquam
755 4103 955 4142 eorum
990 4092 1079 4143 est
1108 4087 1375 4143 Christus
1406 4090 1754 4160 conjunctus
1784 4108 1915 4146 cum
1940 4092 2055 4147 Deo

410 4172 639 4237 Verbo;
672 4174 803 4230 nolo
854 4176 1008 4231 enim
1042 4176 1336 4232 discedere
1366 4196 1398 4232 ιι
1429 4183 1527 4233 tuo
1570 4180 1871 4251 vocabulo,
1908 4185 1970 4235 ut
2002 4186 2057 4235 te

415 4279 485 4318 ex
511 4267 612 4317 tuo
643 4262 830 4332 ipsius
880 4281 977 4319 ore
1009 4265 1065 4319 in
1119 4267 1469 4322 sententiam
1504 4285 1691 4323 meam
1744 4271 2055 4325 adducam.

416 4353 519 4407 Hic
548 4357 742 4406 autem
776 4353 1060 4423 templum
1109 4356 1486 4425 conjunctum
1519 4374 1650 4413 cum
1706 4358 1819 4413 Deo
1851 4358 2059 4426 Verbo,

416 4442 682 4499 Christus
712 4442 998 4507 videlicet,
1033 4448 1235 4498 natum
1269 4450 1358 4500 est
1386 4463 1451 4501 ex
1499 4447 1734 4520 Virgine
1764 4464 1830 4504 eo
1863 4449 2056 4516 modo,

417 4531 518 4602 qui
552 4531 735 4585 Deum
768 4532 1026 4586 decebat.

485 4621 575 4675 23.
610 4620 783 4690 Apoll.
821 4620 877 4675 Si
915 4620 1048 4675 talis
1089 4625 1177 4678 est
1219 4626 1431 4679 natura
1479 4625 1715 4695 Christi,
1767 4626 1958 4697 qualis
2010 4632 2066 4683 et

416 4714 620 4765 nostra
666 4716 755 4764 est
788 4726 801 4763 :
834 4715 995 4766 vetus
1050 4710 1222 4766 homo
1257 4718 1341 4767 est
1372 4713 1566 4769 anima
1606 4715 1825 4783 vivens,
1859 4722 1915 4770 et
1947 4733 2059 4772 non

418 4798 660 4870 spiritus
692 4798 1012 4865 viviﬁcans,
1047 4817 1149 4855 nec
1180 4801 1277 4872 qui
1310 4802 1445 4856 talis
1487 4808 1593 4869 est,
1625 4803 1958 4859 viviﬁcubit.
1993 4808 2064 4861 At

417 4888 680 4943 Christus
730 4888 1000 4955 viviﬁcat,
1054 4895 1259 4961 estque
1310 4891 1559 4963 Spiritus
1604 4893 1886 4948 vivificus.
1937 4894 2062 4949 Non

420 4975 722 5048 estigitur
766 4982 975 5030 nostrae
1030 4982 1272 5034 naturis.
1311 4980 1472 5036 Orth.
1522 4981 1743 5046 Adhuc,
1795 4983 1934 5054 quid
1988 4984 2065 5037 sit

422 5064 692 5119 Christus
726 5065 983 5136 ignoras.
1017 5066 1219 5123 Nescis
1250 5068 1403 5123 enim
1437 5071 1684 5126 duarum
1721 5078 2065 5128 naturarum

417 5170 547 5211 esse
577 5154 939 5221 unionem,et
971 5172 1157 5228 neque
1189 5156 1379 5214 solum
1415 5159 1621 5228 Deum,
1653 5177 1839 5235 neque
1873 5163 2063 5219 solum

489 5328 533 5362 ⁹³
562 5327 727 5397 Jonn,
759 5342 875 5391 xxv,
910 5328 992 5382 10.
1073 5327 1115 5361 9‘
1143 5327 1313 5383 Joan.
1348 5345 1400 5393 v,
1431 5331 1520 5385 21.
1599 5333 1641 5366 ⁹⁵
1672 5337 1799 5387 Act.
1834 5350 1914 5403 ιχ,
1943 5336 1995 5388 5.

491 5502 627 5571 (93')
655 5500 840 5574 Palat.
852 5542 870 5574 ,_
896 5498 1326 5574 κεχωρισμένος.

493 5574 598 5644 (94)
638 5573 801 5640 Mss.,
834 5571 1026 5644 ἤτουν,
1060 5571 1155 5629 hic
1187 5578 1241 5644 et
1275 5589 1426 5628 mox.

494 5616 606 5716 {65}
638 5616 805 5713 M331:
839 5616 1154 5705 ὃέἇῖξκὶὲὲξ
1178 5616 1377 5719 ἇγνόῶ.

2154 528 2297 590 στόςο
2334 526 2458 583 οὐδὲ
2512 530 2612 604 γὰρ
2673 528 2730 583 ἃν
2783 531 2848 597 ἦν
2899 530 3151 605 Χριστὸς,
3184 529 3229 584 εἷ
3282 530 3442 603 μόνον
3491 532 3557 598 ἦν
3592 527 3839 612 ἄνθρω-.

2152 637 2272 679 πος·
2324 622 2608 687 ζωοποιῶν
2659 615 2716 673 δὲ
2757 620 2884 680 τοὺς
2930 618 3171 695 νεκροὺς,
3204 618 3307 673 οὐκ
3354 616 3469 689 ὶδίᾳ
3516 619 3664 695 παρὰ
3708 619 3803 672 τὸν

2155 705 2363 782 Πατέρα
2422 712 2698 776 ζωοποιεῖ.
2761 710 2881 769 Πῶς
2931 707 3032 783 γὰρ
3083 703 3290 782 ἔλεγεν,
3350 732 3377 758 ‹‹
3428 709 3491 763 Ὀ
3550 708 3741 782 Ηπὴρ
3775 707 3805 760 6

2154 795 2203 850 ὲν
2266 796 2389 868 ἐμοὶ
2452 795 2625 868 μένων
2684 800 2834 850 ποιεῖ
2887 796 2954 851 τὰ
3012 793 3143 871 ἔργα
3201 796 3382 867 αὐτὸς,
3419 820 3446 846 »ι
3480 793 3631 872 εἴπερ
3693 793 3810 866 ῗδίᾳ

2152 886 2297 960 παρὰ
2371 887 2460 940 τὸν
2534 886 2743 961 Πατέρα
2824 890 3082 954 ζωοποιεῖ
3133 904 3146 953 ;
3200 885 3293 939 κᾶν
3374 885 3554 940 τοίνυν
3641 884 3807 960 λέγῃ,

2155 998 2183 1026 ‹‹
2210 978 2414 1049 Ὥσπερ
2441 977 2468 1029 6
2502 976 2687 1049 [ἰατὴρ
2720 973 2911 1050 ἐγείρει
2943 972 3071 1036 τοὺς
3111 994 3329 1048 νεκρους
3377 974 3465 1029 καὶ
3518 980 3807 1045 ζωοποιεῖ,

2154 1062 2324 1126 οὕτως
2356 1064 2444 1118 καὶ
2478 1064 2505 1118 6
2556 1063 2699 1131 Υἱὸς,
2734 1061 2824 1124 οὓς
2875 1061 3019 1118 θὲλει
3073 1068 3352 1136 ζωοποιεῖ,
3388 1086 3415 1115 »
3449 1063 3509 1118 οὐ
3558 1083 3808 1139 κεχωρι-

2153 1152 2365 1224 σμένως
2409 1154 2545 1225 (93⁸)
2582 1156 2678 1206 τοῦ
2710 1151 2919 1226 Πατρὸς
2949 1153 3065 1205 κατ’
3104 1150 3368 1228 ἐνέργειαν
3413 1156 3576 1207 τοῦτο
3624 1157 3807 1205 ποιεῖν

2153 1238 2319 1316 λέγει,
2352 1238 2498 1294 ἀλλὰ
2525 1242 2587 1295 τὸ
2616 1238 2899 1301 αὐτοτελὶς
2938 1240 3036 1308 τῆς
3087 1240 3278 1295 ἑαυτοῦ
3332 1239 3677 1301 ὑποστάσεως
3725 1237 3811 1294 δι-

2153 1327 2361 1384 δάσκων
2413 1332 2582 1402 ἡμᾶς.
2616 1329 2693 1385 Οὐ
2742 1330 2845 1405 γὰρ
2895 1326 3101 1390 ἄλλους
3152 1328 3350 1405 ἐγείρει
3401 1331 3428 1384 6
3478 1330 3667 1405 Πατὴρ
3720 1350 3812 1384 νεο

2151 1421 2316 1496 κροὺς
2348 1419 2439 1473 καὶ
2472 1423 2751 1488 ζωοποιεῖ,
2785 1417 2875 1472 καὶ
2906 1416 3110 1478 ἄλλους
3146 1418 3173 1471 6
3204 1417 3351 1478 Υἱός.

2222 1600 2311 1654 21.
2363 1595 2596 1652 ’Δπολλ.
2645 1598 2989 1671 Ἄνθρωπος,
3045 1596 3147 1650 ὑπὸ
3201 1599 3335 1651 Θεοῦ
3393 1594 3810 1671 ἒνεργοῦμενος,

2154 1686 2216 1741 οὐ
2246 1685 2393 1746 Θεός·
2428 1690 2587 1759 σῶμα
2618 1682 2673 1740 δὲ
2706 1686 2962 1763 συναφθὶν
2992 1690 3130 1758 Θεῷ,
3161 1683 3311 1746 Θεός·
3354 1684 3481 1746 Θεὸς
3518 1681 3577 1738 6“:
3612 1684 3640 1738 6
3671 1690 3811 1756 Χρι-

2078 1776 2314 1875 Βστός·
2378 1773 2475 1829 οὐκ
2527 1772 2630 1843 ἄρα
2688 1775 2789 1829 ὑπὸ
2847 1778 2980 1830 Θεοῦ
3039 1773 3425 1849 ἐνεργούμενος
3483 1774 3806 1849 ἅνθρωπος,

2154 1862 2299 1920 ἀλλὰ
2330 1865 2488 1937 σῶμα
2517 1864 2653 1939 πρὸς
2686 1865 2812 1919 Θεὸν
2843 1864 3107 1927 συντεθὲν.
3154 1864 3302 1935 Ὀρθ.
3349 1862 3463 1919 Οὐκ
3513 1861 3808 1936 ἄνθρωπος

2157 1954 2251 2028 μὶν
2314 1954 2415 2008 ὑπὸ
2476 1958 2611 2009 Θεοῦ
2669 1951 3057 2028 ἐνεργούμενος
3102 1953 3129 2007 6
3183 1953 3431 2027 Χριστὸς,
3465 1950 3614 2007 ἀλλὰ
3670 1952 3809 2013 Θεὸς

2155 2044 2445 2118 ἀνθρώπῳ,
2494 2043 2567 2104 ὡς
2615 2042 2774 2103 αὐτὸς
2816 2042 3122 2115 ὠνόμασας,
3158 2041 3447 2108 συντεθεὶς,
3488 2038 3660 2117 ἤγουν
3694 2043 3808 2113 (94)

2154 2131 2389 2194 ἑνωθείς.
2424 2131 2487 2186 Εἰ
2519 2132 2621 2206 γὰρ
2673 2128 2890 2184 δύναται
2938 2136 3097 2203 σῶμα
3135 2134 3251 2202 Θεῷ
3310 2130 3602 2198 ἑνωθῆναι,
3633 2127 3805 2204 ἤγουν

2152 2222 2462 2289 συντεθῆναι
2519 2217 2758 2290 δύναται,
2819 2219 2907 2273 καὶ
2968 2217 3099 2281 ὅλος
3158 2215 3442 2294 ἄνθρωπος
3490 2220 3806 2286 συντεθῆναι

2151 2314 2288 2382 Θεῷ,
2321 2309 2407 2363 καὶ
2461 2308 2590 2362 εἶναι
2643 2308 2771 2369 Θεὸς
2822 2306 2911 2362 καὶ
2963 2303 3245 2383 ἅνθρωπος
3274 2308 3302 2362 6
3352 2306 3534 2369 αὐτὸς,
3569 2306 3644 2370 ὡς
3673 2306 3808 2382 σὰρξ

2150 2399 2237 2453 καὶ
2271 2399 2397 2460 Θεὸς
2444 2400 2471 2453 6
2511 2397 2692 2459 αὗτός.
2724 2396 2783 2450 Τί
2836 2394 2893 2451 δὲ
2939 2396 3029 2451 καὶ
3082 2395 3254 2472 λέγειν
3308 2394 3609 2466 ἠθέλησας,
3644 2400 3809 2467 σῶμα

2153 2493 2269 2561 Θεῷ
2300 2488 2555 2564 συναφθὲν
2588 2487 2740 2557 Θεὸς,
2775 2485 2974 2560 λέγων,
3008 2485 3182 2561 ἀγνοῶ
3380 2483 3457 2541 Τὸ
3505 2486 3608 2560 γὰρ
3642 2489 3808 2557 σῶμα

2152 2577 2281 2633 Θεὸν
2314 2574 2509 2651 λέγεις,
2540 2574 2627 2629 καῖ
2660 2574 2757 2629 οὐκ
2788 2572 2896 2629 ἔστι
2931 2578 3106 2647 σῶμα·
3141 2575 3174 2642 ἢ
3206 2573 3298 2627 τὸν
3340 2574 3466 2629 Θεὸν
3502 2570 3592 2627 διὰ
3640 2577 3806 2627 τοῦτο

2153 2668 2303 2734 Θεὸν,
2365 2664 2453 2721 διὰ
2505 2666 2569 2720 τὸ
2626 2666 2910 2743 συναφθὶν,
2967 2661 3136 2738 ἤγουν
3198 2665 3307 2737 (96)
3370 2663 3639 2720 συντεθὲν.
3706 2663 3810 2716 Καὶ

2154 2760 2268 2817 πῶς
2303 2755 2453 2833 φύσει
2488 2755 2637 2826 Θεὸς,
2672 2755 2699 2808 6
2732 2751 2819 2808 διά
2846 2775 2898 2808 τι
2931 2752 3098 2820 Θεός;
3131 2753 3321 2823 Ἡμεῖς
3353 2748 3409 2805 δὲ
3448 2749 3510 2804 οὐ
3557 2746 3649 2804 διὰ
3707 2750 3808 2816 τὴν

2154 2846 2288 2918 πρὸς
2331 2844 2395 2898 τὸ
2444 2848 2604 2916 σῶμα
2654 2842 2894 2898 σύνθεσιν
2943 2841 3070 2896 Θεὸν
3122 2837 3377 2917 λὲγομεν,
3411 2834 3534 2893 οὕτε
3583 2834 3676 2892 διὰ
3706 2839 3811 2905 τὴν

2154 2934 2291 3008 πρὸς
2350 2933 2651 3004 ἄνθρωπον,
2685 2930 2831 2986 ἀλλᾶ
2888 2930 3017 2984 Θεὸν
3078 2926 3166 2984 διὰ
3219 2930 3315 2998 τήν
3377 2926 3532 3006 φῦσιν
3584 2928 3687 2995 τῆν
3752 2926 3813 2981 ἐκ

2155 3022 2391 3094 Πατρός’
2443 3021 2670 3095 Χριστὸν
2727 3017 2784 3074 δὲ
2842 3016 2930 3075 διὰ
2981 3019 3079 3087 τήν
3138 3022 3241 3073 τοῦ
3296 3014 3497 3073 δούλου
3562 3018 3810 3093 μορ-θὴν,

2153 3109 2368 3183 ἕνωσιν,
2399 3108 2565 3186 ἤγουν
2601 3109 2859 3181 σόνθεσιν,
2892 3109 2964 3170 ὡς
2995 3107 3155 3170 αὐτὸς
3188 3107 3497 3180 ὠνόμασας.

2225 3291 2312 3344 22.
2347 3283 2587 3343 Ἀπολλ.
2620 3286 2683 3341 Εἰ
2734 3289 2866 3341 Θεοῦ
2924 3285 3048 3346 ναὸς
3108 3283 3364 3359 ἐγεννήθη
3429 3284 3489 3338 ὲκ
3544 3289 3645 3353 τῆς
3694 3287 3813 3338 Μα-

2160 3378 2296 3454 ρίας,
2329 3377 2553 3453 περιττὴ
2603 3377 2637 3445 ἡ
2689 3373 2945 3444 καινότης
3003 3381 3101 3443 τῆς
3162 3372 3223 3428 ὲκ
3279 3371 3552 3448 Παρθένου
3610 3374 3815 3448 γεννή-

2160 3488 2329 3528 σεωςο
2385 3466 2503 3520 ναοὶ
2558 3465 2659 3541 γὰρ
2718 3469 2852 3519 Θεοῦ
2914 3462 3003 3517 καὶ
3063 3461 3185 3517 ἄνευ
3241 3461 3442 3531 ταῦτης
3503 3462 3811 3536 ἅνθρωποι.

2158 3558 2301 3629 Ὀρθ.
2338 3557 2531 3631 Μάχου
2592 3559 2707 3616 τοῖς
2767 3552 2929 3615 θεῖοις
2994 3551 3370 3627 Ιῧῦαγγελίοις,
3406 3549 3498 3605 ἵνα
3544 3550 3813 3625 ἄκοΰσῃςο

2164 3671 2191 3697 ‹‹
2227 3644 2476 3720 Σκληρόν
2534 3665 2615 3698 σοι
2668 3644 2801 3718 πρὸς
2840 3643 3048 3717 ηκὲντρα
3086 3640 3380 3709 λακτίζειν.
3418 3661 3437 3689 ι
3475 3639 3579 3697 Καὶ
3652 3637 3819 3696 ἄκουε

2160 3738 2257 3789 τοῦ
2291 3733 2494 3807 Κυρίου
2528 3731 2800 3807 λὲγοντος·
2839 3757 2863 3781 ‹‹
2917 3729 3119 3784 ⁸λύσαιτε
3156 3730 3247 3783 τὸν
3296 3729 3422 3782 ναὸν
3471 3724 3690 3793 τοῦτον,
3722 3727 3821 3781 καὶ

2164 3824 2213 3878 ὲν
2245 3822 2416 3898 τρισὶν
2450 3821 2681 3896 ἡμέραις
2716 3819 2886 3896 ἐγερῶ
2920 3818 3097 3874 αὐτόν.
3134 3843 3159 3868 ››
3196 3817 3259 3873 Εἰ
3312 3815 3370 3871 δέ
3426 3837 3566 3879 τινες
3598 3817 3822 3892 ἂνθρω-

2164 3935 2255 3968 ποι
2304 3911 2448 3978 ναοῖ,
2479 3909 2607 3967 ἀλλ’
2636 3909 2743 3985 οὐχ
2783 3908 2952 3975 οὕτω,
2985 3909 3058 3970 ὡς
3108 3906 3198 3961 καὶ
3243 3905 3484 3982 Χριστοί·
3521 3902 3706 3968 οὐδεὶς
3762 3903 3825 3960 δὲ

2168 4003 2339 4057 αὐτῶν
2398 3998 2664 4061 συντεθεὶς
2722 4003 2801 4071 τῷ
2861 4001 2979 4070 Θεῷ
3038 3996 3199 4072 Λόγῳ
3257 3994 3507 4069 Χριστός’
3544 3994 3644 4049 οὐκ.
3682 3994 3825 4048 ἀνα-

2166 4096 2337 4168 χωρῶ
2394 4091 2495 4166 γὰρ
2552 4096 2652 4158 τῆς
2712 4094 2809 4156 σῆς
2866 4083 3305 4160 ἀνομασίας,⁹ίνα
3361 4105 3420 4138 σε
3471 4083 3532 4138 ἐκ
3558 4088 3658 4138 τοῦ
3719 4089 3823 4139 σοῦ

2168 4181 2435 4253 στόματος
2498 4177 2669 4233 πείσω
2704 4196 2715 4208 ·
2777 4176 3001 4231 ἐνταῦθα
3061 4172 3119 4229 δὲ
3177 4173 3447 4239 συντεθεὶς
3504 4173 3631 4234 ναὸς
3703 4178 3829 4245 Θεῷ

2171 4270 2326 4347 Λόγῳ
2383 4270 2516 4342 (97),
2577 4266 2833 4343 ἐγεννήθη
2893 4266 3120 4340 Χριστὸς
3176 4266 3491 4338 θεοπρεπῶς
3551 4261 3611 4318 ἐκ
3669 4268 3828 4336 Παρ-

2169 4360 2342 4414 θὲνου.

2243 4629 2331 4683 23.
2368 4622 2603 4680 Ἀπολλ.
2635 4622 2696 4681 Εἰ
2752 4625 2786 4691 ἡ
2845 4622 2978 4689 αὗτὴ
3038 4620 3195 4699 φύσις
3228 4617 3487 4694 Χριστοῦ,
3520 4616 3607 4672 οἷα
3663 4619 3755 4673 καὶ
3790 4622 3825 4687 ἡ

2172 4718 2356 4790 ἡμῶν,
2390 4716 2416 4770 6
2447 4713 2678 4774 παλαιός
2708 4712 2849 4768 ἐστιν
2878 4712 3158 4786 ἄνθρωπος
3206 4708 3360 4783 ψυχὴ
3419 4712 3586 4778 ζῶσα,
3616 4708 3712 4762 καὶ
3762 4708 3825 4763 οὗ

2171 4810 2403 4877 πνεῦμα,
2439 4806 2766 4873 ζωοποιοῦν
2795 4800 2882 4856 καὶ
2916 4801 2942 4854 6
2972 4804 3219 4861 τοιοῦτος
3280 4795 3403 4853 οὐδὲ
3462 4799 3824 4867 ζωοποιήσειδ

2177 4899 2434 4964 ζωοποιεῖ
2490 4889 2546 4945 δὲ
2603 4890 2855 4965 Χριστὸς,
2888 4888 2975 4943 καὶ
3017 4890 3237 4960 Πνεῦμα
3289 4890 3591 4956 ζωοποιοῦν
3638 4887 3824 4969 ,ἔστιν’

2177 4984 2275 5039 οὐκ
2326 4982 2425 5059 ἄρα
2469 4988 2569 5050 τῆς
2619 4981 2887 5055 ἡμετερας
2942 4977 3052 5033 ἐστὶ
3115 4975 3343 5055 φύσεως.
3395 4976 3543 5049 Ὀρθ.
3592 4978 3715 5032 "Et:
3764 4976 3827 5029 τὸ

2176 5073 2402 5147 Χριστὸς
2462 5071 2522 5126 οὐ
2588 5068 2861 5138 νενόηκας.
2897 5066 2974 5124 Οὐ
3030 5067 3128 5142 γὰρ
3188 5060 3379 5139 ἔγνως,
3409 5062 3492 5118 ὅτι
3554 5060 3651 5122 δύο
3714 5062 3826 5118 ἐστὶ

2178 5162 2392 5239 φύσεων
2414 5158 2629 5229 ἓνωσις,
2659 5157 2747 5212 καὶ
2799 5152 2921 5212 οὔτε
2982 5154 3141 5227 μόνος
3190 5156 3218 5209 6
3267 5154 3394 5214 Θεὸς
3440 5155 3679 5226 Χριστὸς
3738 5152 3827 5209 li-

2075 5336 2119 5370 "
2148 5335 2316 5392 Joan.
2350 5349 2411 5402 ιι,
2446 5333 2530 5388 19.

2252 5505 2365 5575 (96)
2395 5507 2557 5571 Mss.,
2589 5499 2782 5575 ἤτουν,
2813 5505 2871 5557 et
2899 5500 3049 5575 infra
3077 5498 3368 5554 similiter.

2253 5576 2361 5647 (97)
2392 5576 2553 5645 Mss.,
2585 5577 2699 5646 Θιῷ
2731 5574 2968 5648 Χριστῷ.
