  <div class='ocr_page' id='page_1' title='image "/cluster/home/n/w/nwhite01/storage/ocr_20150623/28/hvd.32044052794351/644.png"; bbox 0 0 4086 6214; ppageno 0'>
   <div class='ocr_carea' id='block_1_1' title="bbox 312 339 1921 407">
    <p class='ocr_par' dir='ltr' id='par_1_1' title="bbox 312 341 1921 407">
     <span class='ocr_line' id='line_1_1' title="bbox 312 341 1921 407; baseline 0.004 -7"><span class='ocrx_word' id='word_1_1' title='bbox 312 341 466 401; x_wconf 64' lang='grc' dir='ltr'>12η</span> <span class='ocrx_word' id='word_1_2' title='bbox 1275 344 1373 403; x_wconf 76' lang='lat' dir='ltr'>DE</span> <span class='ocrx_word' id='word_1_3' title='bbox 1419 344 1720 406; x_wconf 76' lang='lat' dir='ltr'>SANC&#39;I‘A</span> <span class='ocrx_word' id='word_1_4' title='bbox 1767 347 1921 407; x_wconf 81' lang='lat' dir='ltr'>Tltll</span> 
     </span>
    </p>
   </div>
   <div class='ocr_carea' id='block_1_2' title="bbox 2038 339 3715 407">
    <p class='ocr_par' dir='ltr' id='par_1_2' title="bbox 2038 339 3715 407">
     <span class='ocr_line' id='line_1_2' title="bbox 2038 339 3715 407; baseline -0.005 0"><span class='ocrx_word' id='word_1_5' title='bbox 2038 347 2187 407; x_wconf 81' lang='lat' dir='ltr'>ATE</span> <span class='ocrx_word' id='word_1_6' title='bbox 2240 345 2621 407; x_wconf 80' lang='lat' dir='ltr'>DIALUGUS</span> <span class='ocrx_word' id='word_1_7' title='bbox 2669 345 2742 404; x_wconf 75' lang='grc' dir='ltr'>γ.</span> <span class='ocrx_word' id='word_1_8' title='bbox 3561 339 3715 399; x_wconf 76' lang='grc'>1278</span> 
     </span>
    </p>
   </div>
   <div class='ocr_carea' id='block_1_3' title="bbox 307 470 1921 550">
    <p class='ocr_par' dir='ltr' id='par_1_3' title="bbox 307 470 1921 550">
     <span class='ocr_line' id='line_1_3' title="bbox 307 470 1921 550; baseline 0.002 -24"><span class='ocrx_word' id='word_1_9' title='bbox 307 492 478 546; x_wconf 85' lang='grc' dir='ltr'>γετοι,</span> <span class='ocrx_word' id='word_1_10' title='bbox 540 470 663 527; x_wconf 72' lang='grc' dir='ltr'>οὔτε</span> <span class='ocrx_word' id='word_1_11' title='bbox 723 473 884 546; x_wconf 88' lang='grc' dir='ltr'>μόνος</span> <span class='ocrx_word' id='word_1_12' title='bbox 945 474 1249 549; x_wconf 82' lang='grc' dir='ltr'>ἅνθρωπος.</span> <span class='ocrx_word' id='word_1_13' title='bbox 1304 473 1367 531; x_wconf 74' lang='lat' dir='ltr'>Ei</span> <span class='ocrx_word' id='word_1_14' title='bbox 1412 475 1515 549; x_wconf 77' lang='grc' dir='ltr'>γὰρ</span> <span class='ocrx_word' id='word_1_15' title='bbox 1545 479 1705 531; x_wconf 86' lang='grc' dir='ltr'>τοῦτο</span> <span class='ocrx_word' id='word_1_16' title='bbox 1766 474 1921 550; x_wconf 78' lang='grc' dir='ltr'>ἔγνῶς</span> 
     </span>
    </p>
   </div>
   <div class='ocr_carea' id='block_1_4' title="bbox 2038 470 3716 550">
    <p class='ocr_par' dir='ltr' id='par_1_4' title="bbox 2070 472 3716 539">
     <span class='ocr_line' id='line_1_4' title="bbox 2070 472 3716 539; baseline -0.004 -6"><span class='ocrx_word' id='word_1_17' title='bbox 2070 479 2365 534; x_wconf 84' lang='lat' dir='ltr'>hominem</span> <span class='ocrx_word' id='word_1_18' title='bbox 2397 477 2508 533; x_wconf 90' lang='lat' dir='ltr'>dici</span> <span class='ocrx_word' id='word_1_19' title='bbox 2540 478 2861 533; x_wconf 91' lang='lat' dir='ltr'>Christum.</span> <span class='ocrx_word' id='word_1_20' title='bbox 2894 477 3033 531; x_wconf 86' lang='lat' dir='ltr'>Nam</span> <span class='ocrx_word' id='word_1_21' title='bbox 3068 473 3117 529; x_wconf 92' lang='lat' dir='ltr'>si</span> <span class='ocrx_word' id='word_1_22' title='bbox 3148 473 3255 529; x_wconf 90' lang='lat' dir='ltr'>hoc</span> <span class='ocrx_word' id='word_1_23' title='bbox 3287 472 3488 539; x_wconf 78' lang='lat' dir='ltr'>scires,</span> <span class='ocrx_word' id='word_1_24' title='bbox 3514 488 3716 528; x_wconf 78' lang='lat' dir='ltr'>nosses</span> 
     </span>
    </p>
   </div>
   <div class='ocr_carea' id='block_1_5' title="bbox 2062 563 3711 638">
    <p class='ocr_par' dir='ltr' id='par_1_5' title="bbox 2062 563 3711 638">
     <span class='ocr_line' id='line_1_5' title="bbox 2062 563 3711 638; baseline -0.003 -17"><span class='ocrx_word' id='word_1_25' title='bbox 2062 584 2218 631; x_wconf 89' lang='lat' dir='ltr'>eum,</span> <span class='ocrx_word' id='word_1_26' title='bbox 2253 572 2544 638; x_wconf 79' lang='lat' dir='ltr'>quatenus</span> <span class='ocrx_word' id='word_1_27' title='bbox 2577 566 2814 638; x_wconf 88' lang='lat' dir='ltr'>quidem</span> <span class='ocrx_word' id='word_1_28' title='bbox 2848 565 3022 619; x_wconf 84' lang='lat' dir='ltr'>homo</span> <span class='ocrx_word' id='word_1_29' title='bbox 3055 563 3369 629; x_wconf 86' lang='lat' dir='ltr'>est,eadem</span> <span class='ocrx_word' id='word_1_30' title='bbox 3405 565 3579 632; x_wconf 87' lang='lat' dir='ltr'>atque</span> <span class='ocrx_word' id='word_1_31' title='bbox 3606 578 3711 616; x_wconf 89' lang='lat' dir='ltr'>nos</span> 
     </span>
    </p>
   </div>
   <div class='ocr_carea' id='block_1_6' title="bbox 2061 650 3711 727">
    <p class='ocr_par' dir='ltr' id='par_1_6' title="bbox 2061 650 3711 727">
     <span class='ocr_line' id='line_1_6' title="bbox 2061 650 3711 727; baseline -0.002 -18"><span class='ocrx_word' id='word_1_32' title='bbox 2061 662 2289 724; x_wconf 89' lang='lat' dir='ltr'>natura,</span> <span class='ocrx_word' id='word_1_33' title='bbox 2324 661 2615 727; x_wconf 78' lang='lat' dir='ltr'>quatenus</span> <span class='ocrx_word' id='word_1_34' title='bbox 2644 660 2838 710; x_wconf 90' lang='lat' dir='ltr'>autem</span> <span class='ocrx_word' id='word_1_35' title='bbox 2901 655 3050 707; x_wconf 83' lang='lat' dir='ltr'>Deus</span> <span class='ocrx_word' id='word_1_36' title='bbox 3106 656 3213 717; x_wconf 89' lang='lat' dir='ltr'>est,</span> <span class='ocrx_word' id='word_1_37' title='bbox 3272 650 3474 705; x_wconf 87' lang='lat' dir='ltr'>eadem</span> <span class='ocrx_word' id='word_1_38' title='bbox 3535 652 3711 718; x_wconf 90' lang='lat' dir='ltr'>atque</span> 
     </span>
    </p>
   </div>
   <div class='ocr_carea' id='block_1_7' title="bbox 2060 738 3707 815">
    <p class='ocr_par' dir='ltr' id='par_1_7' title="bbox 2060 738 3707 815">
     <span class='ocr_line' id='line_1_7' title="bbox 2060 738 3707 815; baseline -0.004 -16"><span class='ocrx_word' id='word_1_39' title='bbox 2060 744 2243 799; x_wconf 80' lang='lat' dir='ltr'>Deum</span> <span class='ocrx_word' id='word_1_40' title='bbox 2279 746 2505 801; x_wconf 79' lang='lat' dir='ltr'>Patrem</span> <span class='ocrx_word' id='word_1_41' title='bbox 2539 750 2750 800; x_wconf 88' lang='lat' dir='ltr'>natura</span> <span class='ocrx_word' id='word_1_42' title='bbox 2782 742 3089 815; x_wconf 68' lang='lat' dir='ltr'>praeditum</span> <span class='ocrx_word' id='word_1_43' title='bbox 3114 744 3323 795; x_wconf 79' lang='lat' dir='ltr'>essezet</span> <span class='ocrx_word' id='word_1_44' title='bbox 3350 741 3479 810; x_wconf 90' lang='lat' dir='ltr'>post</span> <span class='ocrx_word' id='word_1_45' title='bbox 3497 738 3707 793; x_wconf 80' lang='lat' dir='ltr'>factam</span> 
     </span>
    </p>
   </div>
   <div class='ocr_carea' id='block_1_8' title="bbox 2061 827 3709 902">
    <p class='ocr_par' dir='ltr' id='par_1_8' title="bbox 2061 827 3709 902">
     <span class='ocr_line' id='line_1_8' title="bbox 2061 827 3709 902; baseline -0.003 -14"><span class='ocrx_word' id='word_1_46' title='bbox 2061 834 2385 889; x_wconf 78' lang='lat' dir='ltr'>unitionem</span> <span class='ocrx_word' id='word_1_47' title='bbox 2418 834 2571 889; x_wconf 84' lang='lat' dir='ltr'>Deus</span> <span class='ocrx_word' id='word_1_48' title='bbox 2603 832 2931 888; x_wconf 77' lang='lat' dir='ltr'>declaratur</span> <span class='ocrx_word' id='word_1_49' title='bbox 2964 836 3018 886; x_wconf 91' lang='lat' dir='ltr'>et</span> <span class='ocrx_word' id='word_1_50' title='bbox 3044 828 3425 902; x_wconf 75' lang='lat' dir='ltr'>glorificatur,</span> <span class='ocrx_word' id='word_1_51' title='bbox 3459 827 3709 898; x_wconf 80' lang='lat' dir='ltr'>ideoque</span> 
     </span>
    </p>
   </div>
   <div class='ocr_carea' id='block_1_9' title="bbox 306 563 1950 637">
    <p class='ocr_par' dir='ltr' id='par_1_9' title="bbox 306 563 1950 637">
     <span class='ocr_line' id='line_1_9' title="bbox 306 563 1950 637; baseline 0.001 -21"><span class='ocrx_word' id='word_1_52' title='bbox 306 563 622 637; x_wconf 70' lang='grc' dir='ltr'>ἐγίνωσκες,</span> <span class='ocrx_word' id='word_1_53' title='bbox 674 563 754 617; x_wconf 82' lang='grc' dir='ltr'>ὅτι</span> <span class='ocrx_word' id='word_1_54' title='bbox 805 564 939 617; x_wconf 81' lang='grc' dir='ltr'>κατᾶ</span> <span class='ocrx_word' id='word_1_55' title='bbox 984 564 1077 635; x_wconf 74' lang='grc' dir='ltr'>μὲν</span> <span class='ocrx_word' id='word_1_56' title='bbox 1111 565 1210 631; x_wconf 66' lang='grc' dir='ltr'>τὴν</span> <span class='ocrx_word' id='word_1_57' title='bbox 1244 564 1630 635; x_wconf 82' lang='grc' dir='ltr'>ἁνθρωπότητα</span> <span class='ocrx_word' id='word_1_58' title='bbox 1660 566 1757 633; x_wconf 77' lang='grc' dir='ltr'>τὴν</span> <span class='ocrx_word' id='word_1_59' title='bbox 1790 565 1950 634; x_wconf 77' lang='grc' dir='ltr'>αὐτὴν</span> 
     </span>
    </p>
   </div>
   <div class='ocr_carea' id='block_1_10' title="bbox 304 648 1952 726">
    <p class='ocr_par' dir='ltr' id='par_1_10' title="bbox 304 648 1952 726">
     <span class='ocr_line' id='line_1_10' title="bbox 304 648 1952 726; baseline 0.002 -22"><span class='ocrx_word' id='word_1_60' title='bbox 304 653 444 723; x_wconf 74' lang='grc' dir='ltr'>ἡμῖν</span> <span class='ocrx_word' id='word_1_61' title='bbox 497 652 653 726; x_wconf 81' lang='grc' dir='ltr'>φύσιν</span> <span class='ocrx_word' id='word_1_62' title='bbox 701 648 839 726; x_wconf 78' lang='grc' dir='ltr'>ἔχει,</span> <span class='ocrx_word' id='word_1_63' title='bbox 889 654 1022 706; x_wconf 85' lang='grc' dir='ltr'>κατά</span> <span class='ocrx_word' id='word_1_64' title='bbox 1064 649 1121 707; x_wconf 75' lang='grc' dir='ltr'>δὲ</span> <span class='ocrx_word' id='word_1_65' title='bbox 1167 654 1266 720; x_wconf 73' lang='grc' dir='ltr'>τὴν</span> <span class='ocrx_word' id='word_1_66' title='bbox 1319 653 1546 721; x_wconf 75' lang='grc' dir='ltr'>θεότητα</span> <span class='ocrx_word' id='word_1_67' title='bbox 1584 659 1663 725; x_wconf 79' lang='grc' dir='ltr'>τῷ</span> <span class='ocrx_word' id='word_1_68' title='bbox 1694 659 1809 725; x_wconf 82' lang='grc' dir='ltr'>Θεῷ</span> <span class='ocrx_word' id='word_1_69' title='bbox 1863 655 1952 708; x_wconf 82' lang='grc' dir='ltr'>καὶ</span> 
     </span>
    </p>
   </div>
   <div class='ocr_carea' id='block_1_11' title="bbox 304 741 1949 818">
    <p class='ocr_par' dir='ltr' id='par_1_11' title="bbox 304 741 1949 818">
     <span class='ocr_line' id='line_1_11' title="bbox 304 741 1949 818; baseline 0 -23"><span class='ocrx_word' id='word_1_70' title='bbox 304 741 498 815; x_wconf 76' lang='grc' dir='ltr'>Πατρί·</span> <span class='ocrx_word' id='word_1_71' title='bbox 531 741 621 795; x_wconf 82' lang='grc' dir='ltr'>καὶ</span> <span class='ocrx_word' id='word_1_72' title='bbox 651 748 750 809; x_wconf 79' lang='grc' dir='ltr'>τῆς</span> <span class='ocrx_word' id='word_1_73' title='bbox 783 742 1026 803; x_wconf 75' lang='grc' dir='ltr'>ἑνώσεως</span> <span class='ocrx_word' id='word_1_74' title='bbox 1058 743 1372 816; x_wconf 75' lang='grc' dir='ltr'>γενομένης,</span> <span class='ocrx_word' id='word_1_75' title='bbox 1423 743 1551 803; x_wconf 75' lang='grc' dir='ltr'>Θεὸς</span> <span class='ocrx_word' id='word_1_76' title='bbox 1599 741 1949 818; x_wconf 79' lang='grc' dir='ltr'>ὁμολογεῖται</span> 
     </span>
    </p>
   </div>
   <div class='ocr_carea' id='block_1_12' title="bbox 296 827 1952 904">
    <p class='ocr_par' dir='ltr' id='par_1_12' title="bbox 296 827 1952 904">
     <span class='ocr_line' id='line_1_12' title="bbox 296 827 1952 904; baseline 0.002 -21"><span class='ocrx_word' id='word_1_77' title='bbox 296 829 392 883; x_wconf 80' lang='grc' dir='ltr'>καὶ</span> <span class='ocrx_word' id='word_1_78' title='bbox 444 828 741 899; x_wconf 76' lang='grc' dir='ltr'>δοξάζεταί,</span> <span class='ocrx_word' id='word_1_79' title='bbox 790 834 879 883; x_wconf 78' lang='grc' dir='ltr'>καὶ</span> <span class='ocrx_word' id='word_1_80' title='bbox 936 827 1025 883; x_wconf 76' lang='grc' dir='ltr'>διὰ</span> <span class='ocrx_word' id='word_1_81' title='bbox 1071 835 1231 885; x_wconf 88' lang='grc' dir='ltr'>τοῦτο</span> <span class='ocrx_word' id='word_1_82' title='bbox 1284 837 1561 900; x_wconf 75' lang='grc' dir='ltr'>ζωοποιεῖ,</span> <span class='ocrx_word' id='word_1_83' title='bbox 1612 831 1699 885; x_wconf 82' lang='grc' dir='ltr'>καὶ</span> <span class='ocrx_word' id='word_1_84' title='bbox 1736 836 1952 904; x_wconf 81' lang='grc' dir='ltr'>Πνεῦμα</span> 
     </span>
    </p>
   </div>
   <div class='ocr_carea' id='block_1_13' title="bbox 298 917 1946 994">
    <p class='ocr_par' dir='ltr' id='par_1_13' title="bbox 298 917 1946 994">
     <span class='ocr_line' id='line_1_13' title="bbox 298 917 1946 994; baseline 0 -21"><span class='ocrx_word' id='word_1_85' title='bbox 298 923 608 987; x_wconf 74' lang='grc' dir='ltr'>ζωοποιοῦν</span> <span class='ocrx_word' id='word_1_86' title='bbox 640 918 803 985; x_wconf 79' lang='grc' dir='ltr'>ἐστιν,</span> <span class='ocrx_word' id='word_1_87' title='bbox 833 923 912 989; x_wconf 82' lang='grc' dir='ltr'>τῷ</span> <span class='ocrx_word' id='word_1_88' title='bbox 944 925 1041 987; x_wconf 77' lang='grc' dir='ltr'>τῆς</span> <span class='ocrx_word' id='word_1_89' title='bbox 1074 920 1329 987; x_wconf 77' lang='grc' dir='ltr'>θεότητος</span> <span class='ocrx_word' id='word_1_90' title='bbox 1365 919 1536 994; x_wconf 84' lang='grc' dir='ltr'>λόγῳ·</span> <span class='ocrx_word' id='word_1_91' title='bbox 1573 917 1696 976; x_wconf 67' lang='grc' dir='ltr'>οὔτε</span> <span class='ocrx_word' id='word_1_92' title='bbox 1728 918 1785 975; x_wconf 77' lang='grc' dir='ltr'>δὲ</span> <span class='ocrx_word' id='word_1_93' title='bbox 1813 924 1946 993; x_wconf 81' lang='grc' dir='ltr'>ἡμῖν</span> 
     </span>
    </p>
   </div>
   <div class='ocr_carea' id='block_1_14' title="bbox 292 1007 979 1084">
    <p class='ocr_par' dir='ltr' id='par_1_14' title="bbox 292 1007 979 1084">
     <span class='ocr_line' id='line_1_14' title="bbox 292 1007 979 1084; baseline 0.006 -23"><span class='ocrx_word' id='word_1_94' title='bbox 292 1009 436 1062; x_wconf 71' lang='grc' dir='ltr'>κατὰ</span> <span class='ocrx_word' id='word_1_95' title='bbox 463 1008 525 1062; x_wconf 88' lang='grc' dir='ltr'>τὸ</span> <span class='ocrx_word' id='word_1_96' title='bbox 556 1007 979 1084; x_wconf 59' lang='grc' dir='ltr'>συναμφότερον.</span> 
     </span>
    </p>
   </div>
   <div class='ocr_carea' id='block_1_15' title="bbox 368 1181 1943 1261">
    <p class='ocr_par' dir='ltr' id='par_1_15' title="bbox 368 1181 1943 1261">
     <span class='ocr_line' id='line_1_15' title="bbox 368 1181 1943 1261; baseline 0.002 -24"><span class='ocrx_word' id='word_1_97' title='bbox 368 1186 457 1238; x_wconf 74' lang='grc'>24.</span> <span class='ocrx_word' id='word_1_98' title='bbox 496 1181 731 1238; x_wconf 80' lang='grc' dir='ltr'>Ἀπολλ.</span> <span class='ocrx_word' id='word_1_99' title='bbox 794 1184 891 1238; x_wconf 75' lang='grc' dir='ltr'>Διά</span> <span class='ocrx_word' id='word_1_100' title='bbox 936 1184 1035 1251; x_wconf 68' lang='grc' dir='ltr'>τὴν</span> <span class='ocrx_word' id='word_1_101' title='bbox 1092 1185 1281 1238; x_wconf 71' lang='grc' dir='ltr'>ἑαυτοῦ</span> <span class='ocrx_word' id='word_1_102' title='bbox 1330 1184 1484 1261; x_wconf 72' lang='grc' dir='ltr'>φύσιν</span> <span class='ocrx_word' id='word_1_103' title='bbox 1536 1189 1599 1257; x_wconf 75' lang='grc' dir='ltr'>ζῇ</span> <span class='ocrx_word' id='word_1_104' title='bbox 1631 1187 1878 1258; x_wconf 78' lang='grc' dir='ltr'>Χριστὸς,</span> <span class='ocrx_word' id='word_1_105' title='bbox 1909 1187 1943 1254; x_wconf 77' lang='grc' dir='ltr'><strong>ἢ</strong></span> 
     </span>
    </p>
   </div>
   <div class='ocr_carea' id='block_1_16' title="bbox 297 1270 1942 1351">
    <p class='ocr_par' dir='ltr' id='par_1_16' title="bbox 297 1270 1942 1351">
     <span class='ocr_line' id='line_1_16' title="bbox 297 1270 1942 1351; baseline 0.001 -25"><span class='ocrx_word' id='word_1_106' title='bbox 297 1270 395 1326; x_wconf 76' lang='grc' dir='ltr'>διὰ</span> <span class='ocrx_word' id='word_1_107' title='bbox 451 1272 612 1347; x_wconf 78' lang='grc' dir='ltr'>χάριν</span> <span class='ocrx_word' id='word_1_108' title='bbox 673 1277 824 1329; x_wconf 87' lang='grc' dir='ltr'>Θεοῦ.</span> <span class='ocrx_word' id='word_1_109' title='bbox 876 1273 933 1326; x_wconf 84' lang='grc' dir='ltr'>Εἰ</span> <span class='ocrx_word' id='word_1_110' title='bbox 985 1276 1079 1345; x_wconf 73' lang='grc' dir='ltr'>μὲν</span> <span class='ocrx_word' id='word_1_111' title='bbox 1116 1272 1203 1327; x_wconf 79' lang='grc' dir='ltr'>διὰ</span> <span class='ocrx_word' id='word_1_112' title='bbox 1229 1275 1328 1341; x_wconf 68' lang='grc' dir='ltr'>τὴν</span> <span class='ocrx_word' id='word_1_113' title='bbox 1360 1275 1549 1328; x_wconf 75' lang='grc' dir='ltr'>ἑαυτοῦ</span> <span class='ocrx_word' id='word_1_114' title='bbox 1581 1274 1758 1351; x_wconf 75' lang='grc' dir='ltr'>φύσιν,</span> <span class='ocrx_word' id='word_1_115' title='bbox 1816 1275 1942 1337; x_wconf 89' lang='grc' dir='ltr'>Θεός</span> 
     </span>
    </p>
   </div>
   <div class='ocr_carea' id='block_1_17' title="bbox 294 1359 1941 1438">
    <p class='ocr_par' dir='ltr' id='par_1_17' title="bbox 294 1359 1941 1438">
     <span class='ocr_line' id='line_1_17' title="bbox 294 1359 1941 1438; baseline 0.001 -22"><span class='ocrx_word' id='word_1_116' title='bbox 294 1360 460 1416; x_wconf 74' lang='grc' dir='ltr'>ἔστιν·</span> <span class='ocrx_word' id='word_1_117' title='bbox 496 1362 545 1416; x_wconf 78' lang='grc' dir='ltr'>εἷ’</span> <span class='ocrx_word' id='word_1_118' title='bbox 600 1359 657 1417; x_wconf 72' lang='grc' dir='ltr'>δὲ</span> <span class='ocrx_word' id='word_1_119' title='bbox 712 1359 802 1416; x_wconf 80' lang='grc' dir='ltr'>διὰ</span> <span class='ocrx_word' id='word_1_120' title='bbox 843 1363 1003 1437; x_wconf 79' lang='grc' dir='ltr'>χάριν</span> <span class='ocrx_word' id='word_1_121' title='bbox 1056 1368 1209 1427; x_wconf 84' lang='grc' dir='ltr'>Θεοῦ,</span> <span class='ocrx_word' id='word_1_122' title='bbox 1270 1360 1392 1418; x_wconf 75' lang='grc' dir='ltr'>οὔτε</span> <span class='ocrx_word' id='word_1_123' title='bbox 1441 1364 1570 1438; x_wconf 76' lang='grc' dir='ltr'>ὑπὲρ</span> <span class='ocrx_word' id='word_1_124' title='bbox 1601 1365 1747 1436; x_wconf 77' lang='grc' dir='ltr'>ἡμᾶς</span> <span class='ocrx_word' id='word_1_125' title='bbox 1779 1364 1941 1437; x_wconf 83' lang='grc' dir='ltr'>ἐστιν,</span> 
     </span>
    </p>
   </div>
   <div class='ocr_carea' id='block_1_18' title="bbox 295 1448 1939 1527">
    <p class='ocr_par' dir='ltr' id='par_1_18' title="bbox 295 1448 1939 1527">
     <span class='ocr_line' id='line_1_18' title="bbox 295 1448 1939 1527; baseline 0.003 -24"><span class='ocrx_word' id='word_1_126' title='bbox 295 1448 421 1503; x_wconf 70' lang='grc' dir='ltr'>οὔτε</span> <span class='ocrx_word' id='word_1_127' title='bbox 481 1452 807 1520; x_wconf 72' lang='grc' dir='ltr'>ζωοποιήσει</span> <span class='ocrx_word' id='word_1_128' title='bbox 863 1452 1034 1523; x_wconf 79' lang='grc' dir='ltr'>ἡμᾶς.</span> <span class='ocrx_word' id='word_1_129' title='bbox 1091 1453 1240 1526; x_wconf 79' lang='grc' dir='ltr'>Ὀρθ.</span> <span class='ocrx_word' id='word_1_130' title='bbox 1300 1453 1526 1527; x_wconf 78' lang='grc' dir='ltr'>Χριστὸς</span> <span class='ocrx_word' id='word_1_131' title='bbox 1566 1451 1617 1506; x_wconf 79' lang='grc' dir='ltr'>ἐν</span> <span class='ocrx_word' id='word_1_132' title='bbox 1649 1453 1939 1525; x_wconf 82' lang='grc' dir='ltr'>πρόσωπόν</span> 
     </span>
    </p>
   </div>
   <div class='ocr_carea' id='block_1_19' title="bbox 291 1539 1942 1616">
    <p class='ocr_par' dir='ltr' id='par_1_19' title="bbox 291 1539 1942 1616">
     <span class='ocr_line' id='line_1_19' title="bbox 291 1539 1942 1616; baseline 0.003 -24"><span class='ocrx_word' id='word_1_133' title='bbox 291 1559 437 1593; x_wconf 88' lang='grc' dir='ltr'>εστιν</span> <span class='ocrx_word' id='word_1_134' title='bbox 497 1539 739 1602; x_wconf 79' lang='grc' dir='ltr'>συντεθὲν</span> <span class='ocrx_word' id='word_1_135' title='bbox 796 1540 855 1594; x_wconf 79' lang='grc' dir='ltr'>ὲκ</span> <span class='ocrx_word' id='word_1_136' title='bbox 912 1544 1045 1595; x_wconf 90' lang='grc' dir='ltr'>Θεοῦ</span> <span class='ocrx_word' id='word_1_137' title='bbox 1100 1540 1190 1595; x_wconf 85' lang='grc' dir='ltr'>καὶ</span> <span class='ocrx_word' id='word_1_138' title='bbox 1250 1540 1670 1616; x_wconf 79' lang='grc' dir='ltr'>ἀνθρωπότητος</span> <span class='ocrx_word' id='word_1_139' title='bbox 1719 1542 1942 1604; x_wconf 59' lang='grc' dir='ltr'>ὼςτπᾶς</span> 
     </span>
    </p>
   </div>
   <div class='ocr_carea' id='block_1_20' title="bbox 293 1628 1936 1704">
    <p class='ocr_par' dir='ltr' id='par_1_20' title="bbox 293 1628 1936 1704">
     <span class='ocr_line' id='line_1_20' title="bbox 293 1628 1936 1704; baseline 0.002 -23"><span class='ocrx_word' id='word_1_140' title='bbox 293 1628 577 1701; x_wconf 79' lang='grc' dir='ltr'>ἅνθρωπος</span> <span class='ocrx_word' id='word_1_141' title='bbox 610 1628 639 1682; x_wconf 98' lang='lat'>6</span> <span class='ocrx_word' id='word_1_142' title='bbox 667 1628 846 1689; x_wconf 77' lang='grc' dir='ltr'>κοινὸς</span> <span class='ocrx_word' id='word_1_143' title='bbox 875 1628 935 1683; x_wconf 82' lang='grc' dir='ltr'>ἐκ</span> <span class='ocrx_word' id='word_1_144' title='bbox 966 1629 1110 1697; x_wconf 83' lang='grc' dir='ltr'>ζώου</span> <span class='ocrx_word' id='word_1_145' title='bbox 1140 1629 1229 1683; x_wconf 79' lang='grc' dir='ltr'>καὶ</span> <span class='ocrx_word' id='word_1_146' title='bbox 1260 1629 1507 1704; x_wconf 84' lang='grc' dir='ltr'>λογικοῦ.</span> <span class='ocrx_word' id='word_1_147' title='bbox 1555 1631 1654 1685; x_wconf 87' lang='grc' dir='ltr'>Καὶ</span> <span class='ocrx_word' id='word_1_148' title='bbox 1704 1628 1792 1685; x_wconf 68' lang='grc' dir='ltr'>διὰ</span> <span class='ocrx_word' id='word_1_149' title='bbox 1838 1632 1936 1699; x_wconf 80' lang='grc' dir='ltr'>τήν</span> 
     </span>
    </p>
   </div>
   <div class='ocr_carea' id='block_1_21' title="bbox 286 1715 1935 1793">
    <p class='ocr_par' dir='ltr' id='par_1_21' title="bbox 286 1715 1935 1793">
     <span class='ocr_line' id='line_1_21' title="bbox 286 1715 1935 1793; baseline 0.002 -22"><span class='ocrx_word' id='word_1_150' title='bbox 286 1715 350 1771; x_wconf 67' lang='grc' dir='ltr'>ἐκ</span> <span class='ocrx_word' id='word_1_151' title='bbox 383 1718 591 1791; x_wconf 89' lang='grc' dir='ltr'>Πατρὸς</span> <span class='ocrx_word' id='word_1_152' title='bbox 623 1716 778 1793; x_wconf 70' lang='grc' dir='ltr'>φύσιν</span> <span class='ocrx_word' id='word_1_153' title='bbox 813 1720 1141 1788; x_wconf 71' lang='grc' dir='ltr'>ζωοποιήσει</span> <span class='ocrx_word' id='word_1_154' title='bbox 1175 1720 1342 1791; x_wconf 72' lang='grc' dir='ltr'>ἡμᾶς,</span> <span class='ocrx_word' id='word_1_155' title='bbox 1389 1716 1574 1788; x_wconf 69' lang='grc' dir='ltr'>ἐπειδὴ</span> <span class='ocrx_word' id='word_1_156' title='bbox 1628 1722 1738 1790; x_wconf 74' lang='grc' dir='ltr'>ζωή</span> <span class='ocrx_word' id='word_1_157' title='bbox 1795 1720 1935 1775; x_wconf 81' lang='grc' dir='ltr'>ἐστιν</span> 
     </span>
    </p>
   </div>
   <div class='ocr_carea' id='block_1_22' title="bbox 290 1804 1737 1885">
    <p class='ocr_par' dir='ltr' id='par_1_22' title="bbox 290 1804 1737 1885">
     <span class='ocr_line' id='line_1_22' title="bbox 290 1804 1737 1885; baseline 0.004 -26"><span class='ocrx_word' id='word_1_158' title='bbox 290 1804 651 1867; x_wconf 66' lang='grc' dir='ltr'>ἕνυπόστατος</span> <span class='ocrx_word' id='word_1_159' title='bbox 686 1809 1037 1884; x_wconf 78' lang='grc' dir='ltr'>μορφωθεῖσα</span> <span class='ocrx_word' id='word_1_160' title='bbox 1065 1812 1133 1880; x_wconf 78' lang='grc' dir='ltr'>τῇ</span> <span class='ocrx_word' id='word_1_161' title='bbox 1164 1812 1261 1862; x_wconf 86' lang='grc' dir='ltr'>τοῦ</span> <span class='ocrx_word' id='word_1_162' title='bbox 1296 1805 1497 1862; x_wconf 83' lang='grc' dir='ltr'>δούλου</span> <span class='ocrx_word' id='word_1_163' title='bbox 1531 1813 1737 1885; x_wconf 74' lang='grc' dir='ltr'>μορφῇ.</span> 
     </span>
    </p>
   </div>
   <div class='ocr_carea' id='block_1_23' title="bbox 360 2071 1930 2149">
    <p class='ocr_par' dir='ltr' id='par_1_23' title="bbox 360 2071 1930 2149">
     <span class='ocr_line' id='line_1_23' title="bbox 360 2071 1930 2149; baseline 0.003 -20"><span class='ocrx_word' id='word_1_164' title='bbox 360 2075 451 2129; x_wconf 85' lang='grc'>25.</span> <span class='ocrx_word' id='word_1_165' title='bbox 488 2072 717 2129; x_wconf 84' lang='grc' dir='ltr'>Ἀπολλ.</span> <span class='ocrx_word' id='word_1_166' title='bbox 748 2071 814 2126; x_wconf 79' lang='lat' dir='ltr'>Ei&#39;</span> <span class='ocrx_word' id='word_1_167' title='bbox 863 2073 958 2146; x_wconf 72' lang='grc' dir='ltr'>μὲν</span> <span class='ocrx_word' id='word_1_168' title='bbox 1008 2074 1081 2135; x_wconf 91' lang='grc' dir='ltr'>ὡς</span> <span class='ocrx_word' id='word_1_169' title='bbox 1134 2076 1441 2149; x_wconf 68' lang='grc' dir='ltr'>προαιρέσει</span> <span class='ocrx_word' id='word_1_170' title='bbox 1485 2074 1737 2144; x_wconf 79' lang='grc' dir='ltr'>κάλλιον,</span> <span class='ocrx_word' id='word_1_171' title='bbox 1767 2081 1930 2133; x_wconf 84' lang='grc' dir='ltr'>τοῦτο</span> 
     </span>
    </p>
   </div>
   <div class='ocr_carea' id='block_1_24' title="bbox 290 2157 1931 2237">
    <p class='ocr_par' dir='ltr' id='par_1_24' title="bbox 290 2157 1931 2237">
     <span class='ocr_line' id='line_1_24' title="bbox 290 2157 1931 2237; baseline 0.004 -22"><span class='ocrx_word' id='word_1_172' title='bbox 290 2157 578 2229; x_wconf 75' lang='grc' dir='ltr'>δεδύνηται</span> <span class='ocrx_word' id='word_1_173' title='bbox 611 2165 766 2229; x_wconf 79' lang='grc' dir='ltr'>πὼς;</span> <span class='ocrx_word' id='word_1_174' title='bbox 803 2163 1122 2237; x_wconf 79' lang='grc' dir='ltr'>Προαίρεσις</span> <span class='ocrx_word' id='word_1_175' title='bbox 1170 2164 1269 2237; x_wconf 80' lang='grc' dir='ltr'>γὰρ</span> <span class='ocrx_word' id='word_1_176' title='bbox 1318 2162 1607 2237; x_wconf 81' lang='grc' dir='ltr'>ἀνθρώπου</span> <span class='ocrx_word' id='word_1_177' title='bbox 1657 2162 1931 2221; x_wconf 84' lang='grc' dir='ltr'>δικαιοσύ-</span> 
     </span>
    </p>
   </div>
   <div class='ocr_carea' id='block_1_25' title="bbox 283 2249 1927 2329">
    <p class='ocr_par' dir='ltr' id='par_1_25' title="bbox 283 2249 1927 2329">
     <span class='ocr_line' id='line_1_25' title="bbox 283 2249 1927 2329; baseline 0.006 -29"><span class='ocrx_word' id='word_1_178' title='bbox 283 2270 386 2319; x_wconf 79' lang='grc' dir='ltr'>νην</span> <span class='ocrx_word' id='word_1_179' title='bbox 438 2249 700 2320; x_wconf 69' lang='grc' dir='ltr'>ἀληθινὴν</span> <span class='ocrx_word' id='word_1_180' title='bbox 748 2250 810 2304; x_wconf 76' lang='grc' dir='ltr'>ού</span> <span class='ocrx_word' id='word_1_181' title='bbox 858 2257 1135 2326; x_wconf 81' lang='grc' dir='ltr'>κατορθοῖ.</span> <span class='ocrx_word' id='word_1_182' title='bbox 1191 2252 1251 2306; x_wconf 78' lang='grc' dir='ltr'>Εἰ</span> <span class='ocrx_word' id='word_1_183' title='bbox 1306 2249 1362 2307; x_wconf 75' lang='grc' dir='ltr'>δὲ</span> <span class='ocrx_word' id='word_1_184' title='bbox 1393 2253 1468 2314; x_wconf 83' lang='grc' dir='ltr'>ὡς</span> <span class='ocrx_word' id='word_1_185' title='bbox 1509 2253 1662 2329; x_wconf 75' lang='grc' dir='ltr'>φύσει</span> <span class='ocrx_word' id='word_1_186' title='bbox 1696 2252 1927 2324; x_wconf 75' lang='grc' dir='ltr'>δίκαιος,</span> 
     </span>
    </p>
   </div>
   <div class='ocr_carea' id='block_1_26' title="bbox 279 2336 1927 2417">
    <p class='ocr_par' dir='ltr' id='par_1_26' title="bbox 279 2336 1927 2417">
     <span class='ocr_line' id='line_1_26' title="bbox 279 2336 1927 2417; baseline 0.004 -24"><span class='ocrx_word' id='word_1_187' title='bbox 279 2338 414 2399; x_wconf 86' lang='grc' dir='ltr'>Θεός</span> <span class='ocrx_word' id='word_1_188' title='bbox 482 2338 644 2393; x_wconf 76' lang='grc' dir='ltr'>ἐστιν’</span> <span class='ocrx_word' id='word_1_189' title='bbox 703 2339 749 2393; x_wconf 79' lang='grc' dir='ltr'>εἰ</span> <span class='ocrx_word' id='word_1_190' title='bbox 806 2336 863 2394; x_wconf 72' lang='grc' dir='ltr'>δὲ</span> <span class='ocrx_word' id='word_1_191' title='bbox 919 2341 992 2402; x_wconf 87' lang='grc' dir='ltr'>ὡς</span> <span class='ocrx_word' id='word_1_192' title='bbox 1052 2340 1291 2415; x_wconf 72' lang='grc' dir='ltr'>ἐνεργείᾳ</span> <span class='ocrx_word' id='word_1_193' title='bbox 1344 2338 1717 2414; x_wconf 78' lang='grc' dir='ltr'>δικαιούμενος</span> <span class='ocrx_word' id='word_1_194' title='bbox 1768 2348 1836 2417; x_wconf 79' lang='grc' dir='ltr'>τῇ</span> <span class='ocrx_word' id='word_1_195' title='bbox 1868 2344 1927 2399; x_wconf 73' lang='grc' dir='ltr'>ἐκ</span> 
     </span>
    </p>
   </div>
   <div class='ocr_carea' id='block_1_27' title="bbox 276 2424 1923 2505">
    <p class='ocr_par' dir='ltr' id='par_1_27' title="bbox 276 2424 1923 2505">
     <span class='ocr_line' id='line_1_27' title="bbox 276 2424 1923 2505; baseline 0.005 -23"><span class='ocrx_word' id='word_1_196' title='bbox 276 2432 436 2491; x_wconf 80' lang='grc' dir='ltr'>Θεοῦ,</span> <span class='ocrx_word' id='word_1_197' title='bbox 478 2427 635 2489; x_wconf 68' lang='grc' dir='ltr'>αὐτὸς</span> <span class='ocrx_word' id='word_1_198' title='bbox 667 2424 724 2483; x_wconf 76' lang='grc' dir='ltr'>δὲ</span> <span class='ocrx_word' id='word_1_199' title='bbox 755 2427 1123 2501; x_wconf 75' lang='grc' dir='ltr'>ἆνενέργητος,</span> <span class='ocrx_word' id='word_1_200' title='bbox 1155 2427 1415 2490; x_wconf 79' lang='grc' dir='ltr'>καλλίους</span> <span class='ocrx_word' id='word_1_201' title='bbox 1458 2431 1510 2484; x_wconf 77' lang='grc' dir='ltr'>οἱ</span> <span class='ocrx_word' id='word_1_202' title='bbox 1557 2430 1923 2505; x_wconf 77' lang='grc' dir='ltr'>ἐνεργοῦντες.</span> 
     </span>
    </p>
   </div>
   <div class='ocr_carea' id='block_1_28' title="bbox 278 2516 1924 2593">
    <p class='ocr_par' dir='ltr' id='par_1_28' title="bbox 278 2516 1924 2593">
     <span class='ocr_line' id='line_1_28' title="bbox 278 2516 1924 2593; baseline 0.002 -21"><span class='ocrx_word' id='word_1_203' title='bbox 278 2517 428 2591; x_wconf 85' lang='grc' dir='ltr'>ὈρΘ.</span> <span class='ocrx_word' id='word_1_204' title='bbox 491 2517 589 2571; x_wconf 83' lang='grc' dir='ltr'>Καὶ</span> <span class='ocrx_word' id='word_1_205' title='bbox 659 2522 776 2577; x_wconf 82' lang='grc' dir='ltr'>πῶς</span> <span class='ocrx_word' id='word_1_206' title='bbox 835 2517 897 2571; x_wconf 79' lang='grc' dir='ltr'>οῦ</span> <span class='ocrx_word' id='word_1_207' title='bbox 952 2519 1313 2593; x_wconf 85' lang='grc' dir='ltr'>κατώρθωσαν</span> <span class='ocrx_word' id='word_1_208' title='bbox 1355 2516 1697 2589; x_wconf 83' lang='grc' dir='ltr'>δικαιοσύνην</span> <span class='ocrx_word' id='word_1_209' title='bbox 1729 2520 1924 2587; x_wconf 75' lang='grc' dir='ltr'>ἀληθι-</span> 
     </span>
    </p>
   </div>
   <div class='ocr_carea' id='block_1_29' title="bbox 272 2606 1923 2681">
    <p class='ocr_par' dir='ltr' id='par_1_29' title="bbox 272 2606 1923 2681">
     <span class='ocr_line' id='line_1_29' title="bbox 272 2606 1923 2681; baseline 0.004 -25"><span class='ocrx_word' id='word_1_210' title='bbox 272 2606 377 2672; x_wconf 77' lang='grc' dir='ltr'>νήν</span> <span class='ocrx_word' id='word_1_211' title='bbox 577 2606 628 2660; x_wconf 74' lang='grc' dir='ltr'>οἱ</span> <span class='ocrx_word' id='word_1_212' title='bbox 686 2606 1035 2667; x_wconf 75' lang='grc' dir='ltr'>ἀκούσαντεςο</span> <span class='ocrx_word' id='word_1_213' title='bbox 1094 2633 1119 2658; x_wconf 82' lang='grc'>‹‹</span> <span class='ocrx_word' id='word_1_214' title='bbox 1175 2607 1474 2671; x_wconf 78' lang='grc' dir='ltr'>Καθίσεσθε</span> <span class='ocrx_word' id='word_1_215' title='bbox 1519 2610 1607 2663; x_wconf 84' lang='grc' dir='ltr'>καὶ</span> <span class='ocrx_word' id='word_1_216' title='bbox 1650 2610 1803 2681; x_wconf 81' lang='grc' dir='ltr'>ὑμεῖς</span> <span class='ocrx_word' id='word_1_217' title='bbox 1836 2610 1923 2665; x_wconf 71' lang='grc' dir='ltr'>ἐπὶ</span> 
     </span>
    </p>
   </div>
   <div class='ocr_carea' id='block_1_30' title="bbox 277 2690 1923 2776">
    <p class='ocr_par' dir='ltr' id='par_1_30' title="bbox 277 2690 1923 2776">
     <span class='ocr_line' id='line_1_30' title="bbox 277 2690 1923 2776; baseline 0.004 -30"><span class='ocrx_word' id='word_1_218' title='bbox 277 2690 490 2747; x_wconf 85' lang='grc' dir='ltr'>δώδεκα</span> <span class='ocrx_word' id='word_1_219' title='bbox 548 2695 794 2769; x_wconf 86' lang='grc' dir='ltr'>Θρόνους,</span> <span class='ocrx_word' id='word_1_220' title='bbox 863 2694 1127 2769; x_wconf 79' lang='grc' dir='ltr'>κρίνοντες</span> <span class='ocrx_word' id='word_1_221' title='bbox 1175 2696 1271 2757; x_wconf 71' lang='grc' dir='ltr'>τὰς</span> <span class='ocrx_word' id='word_1_222' title='bbox 1332 2694 1541 2753; x_wconf 80' lang='grc' dir='ltr'>δώδεκα</span> <span class='ocrx_word' id='word_1_223' title='bbox 1597 2697 1768 2776; x_wconf 72' lang='grc' dir='ltr'>φυλὰς</span> <span class='ocrx_word' id='word_1_224' title='bbox 1822 2703 1923 2753; x_wconf 85' lang='grc' dir='ltr'>τοῦ</span> 
     </span>
    </p>
   </div>
   <div class='ocr_carea' id='block_1_31' title="bbox 278 2779 1921 2861">
    <p class='ocr_par' dir='ltr' id='par_1_31' title="bbox 278 2779 1921 2861">
     <span class='ocr_line' id='line_1_31' title="bbox 278 2779 1921 2861; baseline 0.002 -27"><span class='ocrx_word' id='word_1_225' title='bbox 278 2779 498 2855; x_wconf 78' lang='grc' dir='ltr'>Ἰσραήλ</span> <span class='ocrx_word' id='word_1_226' title='bbox 526 2800 539 2850; x_wconf 85' lang='grc'><strong>;</strong></span> <span class='ocrx_word' id='word_1_227' title='bbox 576 2806 603 2833; x_wconf 89' lang='grc'>››</span> <span class='ocrx_word' id='word_1_228' title='bbox 632 2784 745 2851; x_wconf 84' lang='grc' dir='ltr'>καὶ,</span> <span class='ocrx_word' id='word_1_229' title='bbox 777 2808 805 2834; x_wconf 88' lang='grc'>‹‹</span> <span class='ocrx_word' id='word_1_230' title='bbox 837 2785 1015 2855; x_wconf 82' lang='grc' dir='ltr'>Ὑμεῖς</span> <span class='ocrx_word' id='word_1_231' title='bbox 1050 2784 1163 2838; x_wconf 71' lang='grc' dir='ltr'>ἆστε</span> <span class='ocrx_word' id='word_1_232' title='bbox 1191 2785 1252 2838; x_wconf 91' lang='grc' dir='ltr'>τὸ</span> <span class='ocrx_word' id='word_1_233' title='bbox 1301 2790 1414 2861; x_wconf 73' lang='grc' dir='ltr'>φὼς</span> <span class='ocrx_word' id='word_1_234' title='bbox 1454 2791 1550 2840; x_wconf 89' lang='grc' dir='ltr'>τοῦ</span> <span class='ocrx_word' id='word_1_235' title='bbox 1608 2787 1817 2860; x_wconf 83' lang='grc' dir='ltr'>κόσμου</span> <span class='ocrx_word' id='word_1_236' title='bbox 1844 2808 1857 2857; x_wconf 84' lang='grc'>;</span> <span class='ocrx_word' id='word_1_237' title='bbox 1891 2810 1921 2838; x_wconf 80' lang='grc'>››</span> 
     </span>
    </p>
   </div>
   <div class='ocr_carea' id='block_1_32' title="bbox 275 2870 1919 2947">
    <p class='ocr_par' dir='ltr' id='par_1_32' title="bbox 275 2870 1919 2947">
     <span class='ocr_line' id='line_1_32' title="bbox 275 2870 1919 2947; baseline 0.004 -22"><span class='ocrx_word' id='word_1_238' title='bbox 275 2870 378 2925; x_wconf 80' lang='grc' dir='ltr'>Καὶ</span> <span class='ocrx_word' id='word_1_239' title='bbox 442 2870 487 2924; x_wconf 87' lang='grc' dir='ltr'>εἰ</span> <span class='ocrx_word' id='word_1_240' title='bbox 543 2873 901 2947; x_wconf 81' lang='grc' dir='ltr'>κατώρθωσαν</span> <span class='ocrx_word' id='word_1_241' title='bbox 953 2872 1010 2927; x_wconf 74' lang='grc' dir='ltr'>δὲ</span> <span class='ocrx_word' id='word_1_242' title='bbox 1067 2870 1410 2943; x_wconf 82' lang='grc' dir='ltr'>δικαιοσύνην</span> <span class='ocrx_word' id='word_1_243' title='bbox 1470 2875 1733 2945; x_wconf 68' lang='grc' dir='ltr'>ἀληθινὴν</span> <span class='ocrx_word' id='word_1_244' title='bbox 1785 2880 1919 2947; x_wconf 82' lang='grc'>(99),</span> 
     </span>
    </p>
   </div>
   <div class='ocr_carea' id='block_1_33' title="bbox 282 2956 1917 3041">
    <p class='ocr_par' dir='ltr' id='par_1_33' title="bbox 282 2956 1917 3041">
     <span class='ocr_line' id='line_1_33' title="bbox 282 2956 1917 3041; baseline 0.006 -29"><span class='ocrx_word' id='word_1_245' title='bbox 282 2956 416 3013; x_wconf 81' lang='grc' dir='ltr'>ἀλλ’</span> <span class='ocrx_word' id='word_1_246' title='bbox 466 2959 562 3014; x_wconf 80' lang='grc' dir='ltr'>οῦκ</span> <span class='ocrx_word' id='word_1_247' title='bbox 618 2961 748 3015; x_wconf 83' lang='grc' dir='ltr'>εἰσὶν</span> <span class='ocrx_word' id='word_1_248' title='bbox 808 2959 1277 3032; x_wconf 75' lang='grc' dir='ltr'>αὐτοδικαιοσύνη.</span> <span class='ocrx_word' id='word_1_249' title='bbox 1337 2965 1396 3019; x_wconf 76' lang='grc' dir='ltr'>Ὀ</span> <span class='ocrx_word' id='word_1_250' title='bbox 1455 2962 1511 3017; x_wconf 75' lang='grc' dir='ltr'>δὲ</span> <span class='ocrx_word' id='word_1_251' title='bbox 1558 2966 1685 3027; x_wconf 82' lang='grc' dir='ltr'>Θεὸς</span> <span class='ocrx_word' id='word_1_252' title='bbox 1719 2968 1917 3041; x_wconf 72' lang='grc' dir='ltr'>Λόγος,</span> 
     </span>
    </p>
   </div>
   <div class='ocr_carea' id='block_1_34' title="bbox 274 3046 1915 3129">
    <p class='ocr_par' dir='ltr' id='par_1_34' title="bbox 274 3046 1915 3129">
     <span class='ocr_line' id='line_1_34' title="bbox 274 3046 1915 3129; baseline 0.006 -29"><span class='ocrx_word' id='word_1_253' title='bbox 274 3046 733 3120; x_wconf 83' lang='grc' dir='ltr'>αὐτοδικαιοσύνη</span> <span class='ocrx_word' id='word_1_254' title='bbox 767 3049 864 3122; x_wconf 78' lang='grc' dir='ltr'>ὢν,</span> <span class='ocrx_word' id='word_1_255' title='bbox 901 3053 1112 3127; x_wconf 79' lang='grc' dir='ltr'>μορφὴν</span> <span class='ocrx_word' id='word_1_256' title='bbox 1146 3049 1348 3107; x_wconf 82' lang='grc' dir='ltr'>δούλου</span> <span class='ocrx_word' id='word_1_257' title='bbox 1374 3048 1579 3122; x_wconf 72' lang='grc' dir='ltr'>λαϐὼν,</span> <span class='ocrx_word' id='word_1_258' title='bbox 1632 3079 1659 3106; x_wconf 88' lang='grc'><em>‹‹</em></span> <span class='ocrx_word' id='word_1_259' title='bbox 1711 3054 1915 3129; x_wconf 73' lang='grc' dir='ltr'>ἐγένετο</span> 
     </span>
    </p>
   </div>
   <div class='ocr_carea' id='block_1_35' title="bbox 272 3134 1911 3216">
    <p class='ocr_par' dir='ltr' id='par_1_35' title="bbox 272 3134 1911 3216">
     <span class='ocr_line' id='line_1_35' title="bbox 272 3134 1911 3216; baseline 0.003 -26"><span class='ocrx_word' id='word_1_260' title='bbox 272 3137 411 3207; x_wconf 79' lang='grc' dir='ltr'>ἡμῖν</span> <span class='ocrx_word' id='word_1_261' title='bbox 459 3134 792 3211; x_wconf 70' lang='grc' dir='ltr'>δικαιοσύνη,</span> <span class='ocrx_word' id='word_1_262' title='bbox 841 3140 930 3194; x_wconf 77' lang='grc' dir='ltr'>καὶ</span> <span class='ocrx_word' id='word_1_263' title='bbox 979 3141 1264 3216; x_wconf 82' lang='grc' dir='ltr'>ἁγιασμὸς,</span> <span class='ocrx_word' id='word_1_264' title='bbox 1315 3142 1402 3196; x_wconf 86' lang='grc' dir='ltr'>καὶ</span> <span class='ocrx_word' id='word_1_265' title='bbox 1452 3140 1849 3216; x_wconf 81' lang='grc' dir='ltr'>ἀπολύτρωσις.</span> <span class='ocrx_word' id='word_1_266' title='bbox 1884 3170 1911 3197; x_wconf 83' lang='grc'><strong>››</strong></span> 
     </span>
    </p>
   </div>
   <div class='ocr_carea' id='block_1_36' title="bbox 2059 915 3709 994">
    <p class='ocr_par' dir='ltr' id='par_1_36' title="bbox 2059 915 3709 994">
     <span class='ocr_line' id='line_1_36' title="bbox 2059 915 3709 994; baseline -0.003 -18"><span class='ocrx_word' id='word_1_267' title='bbox 2059 923 2366 993; x_wconf 83' lang='lat' dir='ltr'>viviﬁcare,</span> <span class='ocrx_word' id='word_1_268' title='bbox 2399 930 2457 979; x_wconf 90' lang='lat' dir='ltr'>et</span> <span class='ocrx_word' id='word_1_269' title='bbox 2513 922 2797 994; x_wconf 73' lang='lat' dir='ltr'>Spiritum</span> <span class='ocrx_word' id='word_1_270' title='bbox 2857 937 2985 977; x_wconf 87' lang='lat' dir='ltr'>esse</span> <span class='ocrx_word' id='word_1_271' title='bbox 3040 918 3450 986; x_wconf 84' lang='lat' dir='ltr'>viviﬁcantem,</span> <span class='ocrx_word' id='word_1_272' title='bbox 3508 915 3709 971; x_wconf 81' lang='lat' dir='ltr'>habita</span> 
     </span>
    </p>
   </div>
   <div class='ocr_carea' id='block_1_37' title="bbox 2056 1004 3702 1083">
    <p class='ocr_par' dir='ltr' id='par_1_37' title="bbox 2056 1004 3702 1083">
     <span class='ocr_line' id='line_1_37' title="bbox 2056 1004 3702 1083; baseline -0.003 -17"><span class='ocrx_word' id='word_1_273' title='bbox 2056 1012 2290 1067; x_wconf 86' lang='lat' dir='ltr'>deitatis</span> <span class='ocrx_word' id='word_1_274' title='bbox 2324 1014 2546 1068; x_wconf 88' lang='lat' dir='ltr'>ratione</span> <span class='ocrx_word' id='word_1_275' title='bbox 2580 1029 2592 1068; x_wconf 94' lang='lat'>:</span> <span class='ocrx_word' id='word_1_276' title='bbox 2628 1028 2814 1083; x_wconf 86' lang='lat' dir='ltr'>neque</span> <span class='ocrx_word' id='word_1_277' title='bbox 2845 1009 3015 1065; x_wconf 89' lang='lat' dir='ltr'>nobis</span> <span class='ocrx_word' id='word_1_278' title='bbox 3046 1006 3298 1063; x_wconf 84' lang='lat' dir='ltr'>similem</span> <span class='ocrx_word' id='word_1_279' title='bbox 3325 1021 3452 1061; x_wconf 89' lang='lat' dir='ltr'>esse</span> <span class='ocrx_word' id='word_1_280' title='bbox 3486 1004 3702 1061; x_wconf 87' lang='lat' dir='ltr'>utrius-</span> 
     </span>
    </p>
   </div>
   <div class='ocr_carea' id='block_1_38' title="bbox 2056 1099 3361 1171">
    <p class='ocr_par' dir='ltr' id='par_1_38' title="bbox 2056 1099 3361 1171">
     <span class='ocr_line' id='line_1_38' title="bbox 2056 1099 3361 1171; baseline -0.005 -16"><span class='ocrx_word' id='word_1_281' title='bbox 2056 1116 2167 1171; x_wconf 86' lang='lat' dir='ltr'>que</span> <span class='ocrx_word' id='word_1_282' title='bbox 2201 1107 2422 1157; x_wconf 71' lang='lat' dir='ltr'>natura:</span> <span class='ocrx_word' id='word_1_283' title='bbox 2453 1100 2629 1156; x_wconf 84' lang='lat' dir='ltr'>simul</span> <span class='ocrx_word' id='word_1_284' title='bbox 2665 1100 3043 1155; x_wconf 63' lang='lat' dir='ltr'>considerata:</span> <span class='ocrx_word' id='word_1_285' title='bbox 3074 1099 3361 1166; x_wconf 81' lang='lat' dir='ltr'>respectu.</span> 
     </span>
    </p>
   </div>
   <div class='ocr_carea' id='block_1_39' title="bbox 2125 1181 3701 1260">
    <p class='ocr_par' dir='ltr' id='par_1_39' title="bbox 2125 1181 3701 1260">
     <span class='ocr_line' id='line_1_39' title="bbox 2125 1181 3701 1260; baseline -0.003 -18"><span class='ocrx_word' id='word_1_286' title='bbox 2125 1190 2213 1243; x_wconf 78' lang='grc'>24.</span> <span class='ocrx_word' id='word_1_287' title='bbox 2246 1191 2421 1260; x_wconf 74' lang='lat' dir='ltr'>Apoll.</span> <span class='ocrx_word' id='word_1_288' title='bbox 2454 1195 2569 1246; x_wconf 85' lang='lat' dir='ltr'>Aut</span> <span class='ocrx_word' id='word_1_289' title='bbox 2594 1206 2661 1244; x_wconf 82' lang='lat' dir='ltr'>ex</span> <span class='ocrx_word' id='word_1_290' title='bbox 2694 1207 2803 1245; x_wconf 90' lang='lat' dir='ltr'>sua</span> <span class='ocrx_word' id='word_1_291' title='bbox 2832 1186 3021 1260; x_wconf 86' lang='lat' dir='ltr'>ipsius</span> <span class='ocrx_word' id='word_1_292' title='bbox 3078 1189 3286 1239; x_wconf 89' lang='lat' dir='ltr'>natura</span> <span class='ocrx_word' id='word_1_293' title='bbox 3337 1181 3477 1237; x_wconf 84' lang='lat' dir='ltr'>vivit</span> <span class='ocrx_word' id='word_1_294' title='bbox 3533 1182 3701 1238; x_wconf 88' lang='lat' dir='ltr'>Chri-</span> 
     </span>
    </p>
   </div>
   <div class='ocr_carea' id='block_1_40' title="bbox 2054 1271 3700 1349">
    <p class='ocr_par' dir='ltr' id='par_1_40' title="bbox 2054 1271 3700 1349">
     <span class='ocr_line' id='line_1_40' title="bbox 2054 1271 3700 1349; baseline -0.004 -16"><span class='ocrx_word' id='word_1_295' title='bbox 2054 1285 2201 1344; x_wconf 85' lang='lat' dir='ltr'>stus,</span> <span class='ocrx_word' id='word_1_296' title='bbox 2262 1286 2362 1333; x_wconf 88' lang='lat' dir='ltr'>aut</span> <span class='ocrx_word' id='word_1_297' title='bbox 2420 1297 2485 1333; x_wconf 83' lang='lat' dir='ltr'>ex</span> <span class='ocrx_word' id='word_1_298' title='bbox 2543 1279 2642 1334; x_wconf 88' lang='lat' dir='ltr'>Dei</span> <span class='ocrx_word' id='word_1_299' title='bbox 2676 1277 2880 1349; x_wconf 83' lang='lat' dir='ltr'>gratia.</span> <span class='ocrx_word' id='word_1_300' title='bbox 2918 1276 2976 1331; x_wconf 89' lang='lat' dir='ltr'>Si</span> <span class='ocrx_word' id='word_1_301' title='bbox 3011 1275 3246 1347; x_wconf 85' lang='lat' dir='ltr'>quidem</span> <span class='ocrx_word' id='word_1_302' title='bbox 3282 1289 3345 1327; x_wconf 84' lang='lat' dir='ltr'>ex</span> <span class='ocrx_word' id='word_1_303' title='bbox 3378 1288 3483 1327; x_wconf 87' lang='lat' dir='ltr'>sua</span> <span class='ocrx_word' id='word_1_304' title='bbox 3512 1271 3700 1343; x_wconf 86' lang='lat' dir='ltr'>ipsius</span> 
     </span>
    </p>
   </div>
   <div class='ocr_carea' id='block_1_41' title="bbox 2054 1360 3701 1436">
    <p class='ocr_par' dir='ltr' id='par_1_41' title="bbox 2054 1360 3701 1436">
     <span class='ocr_line' id='line_1_41' title="bbox 2054 1360 3701 1436; baseline -0.002 -16"><span class='ocrx_word' id='word_1_305' title='bbox 2054 1373 2283 1436; x_wconf 78' lang='lat' dir='ltr'>natura,</span> <span class='ocrx_word' id='word_1_306' title='bbox 2324 1370 2471 1424; x_wconf 83' lang='lat' dir='ltr'>Deus</span> <span class='ocrx_word' id='word_1_307' title='bbox 2502 1373 2590 1423; x_wconf 89' lang='lat' dir='ltr'>est</span> <span class='ocrx_word' id='word_1_308' title='bbox 2622 1384 2634 1422; x_wconf 89' lang='lat'>:</span> <span class='ocrx_word' id='word_1_309' title='bbox 2663 1369 2752 1421; x_wconf 88' lang='lat' dir='ltr'>sin</span> <span class='ocrx_word' id='word_1_310' title='bbox 2801 1383 2930 1421; x_wconf 88' lang='lat' dir='ltr'>vero</span> <span class='ocrx_word' id='word_1_311' title='bbox 2961 1380 3028 1419; x_wconf 84' lang='lat' dir='ltr'>ex</span> <span class='ocrx_word' id='word_1_312' title='bbox 3084 1363 3183 1419; x_wconf 90' lang='lat' dir='ltr'>Dei</span> <span class='ocrx_word' id='word_1_313' title='bbox 3242 1360 3451 1433; x_wconf 74' lang='lat' dir='ltr'>gratia,</span> <span class='ocrx_word' id='word_1_314' title='bbox 3512 1377 3701 1430; x_wconf 89' lang='lat' dir='ltr'>neque</span> 
     </span>
    </p>
   </div>
   <div class='ocr_carea' id='block_1_42' title="bbox 2052 1449 3701 1528">
    <p class='ocr_par' dir='ltr' id='par_1_42' title="bbox 2052 1449 3701 1528">
     <span class='ocr_line' id='line_1_42' title="bbox 2052 1449 3701 1528; baseline -0.005 -17"><span class='ocrx_word' id='word_1_315' title='bbox 2052 1473 2230 1528; x_wconf 82' lang='lat' dir='ltr'>supra</span> <span class='ocrx_word' id='word_1_316' title='bbox 2263 1474 2367 1512; x_wconf 86' lang='lat' dir='ltr'>nos</span> <span class='ocrx_word' id='word_1_317' title='bbox 2397 1458 2634 1525; x_wconf 87' lang='lat' dir='ltr'>eminet,</span> <span class='ocrx_word' id='word_1_318' title='bbox 2656 1472 2842 1527; x_wconf 82' lang='lat' dir='ltr'>neque</span> <span class='ocrx_word' id='word_1_319' title='bbox 2874 1471 2977 1509; x_wconf 90' lang='lat' dir='ltr'>nos</span> <span class='ocrx_word' id='word_1_320' title='bbox 3011 1450 3331 1507; x_wconf 81' lang='lat' dir='ltr'>viviﬁcavit.</span> <span class='ocrx_word' id='word_1_321' title='bbox 3358 1449 3701 1506; x_wconf 73' lang='lat' dir='ltr'>01th.Chri-</span> 
     </span>
    </p>
   </div>
   <div class='ocr_carea' id='block_1_43' title="bbox 2050 1538 3702 1614">
    <p class='ocr_par' dir='ltr' id='par_1_43' title="bbox 2050 1538 3702 1614">
     <span class='ocr_line' id='line_1_43' title="bbox 2050 1538 3702 1614; baseline -0.005 -14"><span class='ocrx_word' id='word_1_322' title='bbox 2050 1551 2179 1601; x_wconf 89' lang='lat' dir='ltr'>stus</span> <span class='ocrx_word' id='word_1_323' title='bbox 2211 1554 2301 1602; x_wconf 91' lang='lat' dir='ltr'>est</span> <span class='ocrx_word' id='word_1_324' title='bbox 2333 1547 2503 1601; x_wconf 88' lang='lat' dir='ltr'>unica</span> <span class='ocrx_word' id='word_1_325' title='bbox 2533 1561 2801 1614; x_wconf 86' lang='lat' dir='ltr'>persona,</span> <span class='ocrx_word' id='word_1_326' title='bbox 2836 1544 3161 1614; x_wconf 81' lang='lat' dir='ltr'>composita</span> <span class='ocrx_word' id='word_1_327' title='bbox 3190 1557 3259 1595; x_wconf 78' lang='lat' dir='ltr'>ex</span> <span class='ocrx_word' id='word_1_328' title='bbox 3305 1544 3417 1594; x_wconf 87' lang='lat' dir='ltr'>Deo</span> <span class='ocrx_word' id='word_1_329' title='bbox 3475 1543 3532 1593; x_wconf 88' lang='lat' dir='ltr'>et</span> <span class='ocrx_word' id='word_1_330' title='bbox 3586 1538 3702 1593; x_wconf 87' lang='lat' dir='ltr'>hu-</span> 
     </span>
    </p>
   </div>
   <div class='ocr_carea' id='block_1_44' title="bbox 2051 1628 3702 1703">
    <p class='ocr_par' dir='ltr' id='par_1_44' title="bbox 2051 1628 3702 1703">
     <span class='ocr_line' id='line_1_44' title="bbox 2051 1628 3702 1703; baseline -0.004 -15"><span class='ocrx_word' id='word_1_331' title='bbox 2051 1650 2225 1689; x_wconf 87' lang='lat' dir='ltr'>mana</span> <span class='ocrx_word' id='word_1_332' title='bbox 2256 1635 2648 1701; x_wconf 86' lang='lat' dir='ltr'>natura,sicut</span> <span class='ocrx_word' id='word_1_333' title='bbox 2679 1633 2868 1703; x_wconf 88' lang='lat' dir='ltr'>quivis</span> <span class='ocrx_word' id='word_1_334' title='bbox 2898 1632 3072 1686; x_wconf 92' lang='lat' dir='ltr'>homo</span> <span class='ocrx_word' id='word_1_335' title='bbox 3102 1628 3437 1685; x_wconf 84' lang='lat' dir='ltr'>communis</span> <span class='ocrx_word' id='word_1_336' title='bbox 3470 1631 3702 1683; x_wconf 85' lang='lat' dir='ltr'>constat</span> 
     </span>
    </p>
   </div>
   <div class='ocr_carea' id='block_1_45' title="bbox 2048 1721 3691 1791">
    <p class='ocr_par' dir='ltr' id='par_1_45' title="bbox 2048 1721 3691 1791">
     <span class='ocr_line' id='line_1_45' title="bbox 2048 1721 3691 1791; baseline -0.005 -13"><span class='ocrx_word' id='word_1_337' title='bbox 2048 1739 2116 1778; x_wconf 84' lang='lat' dir='ltr'>ex</span> <span class='ocrx_word' id='word_1_338' title='bbox 2146 1722 2387 1778; x_wconf 83' lang='lat' dir='ltr'>animali</span> <span class='ocrx_word' id='word_1_339' title='bbox 2416 1729 2472 1778; x_wconf 90' lang='lat' dir='ltr'>et</span> <span class='ocrx_word' id='word_1_340' title='bbox 2498 1721 2787 1778; x_wconf 78' lang='lat' dir='ltr'>rationali.</span> <span class='ocrx_word' id='word_1_341' title='bbox 2824 1722 3026 1791; x_wconf 85' lang='lat' dir='ltr'>Itaque</span> <span class='ocrx_word' id='word_1_342' title='bbox 3058 1724 3293 1791; x_wconf 88' lang='lat' dir='ltr'>propter</span> <span class='ocrx_word' id='word_1_343' title='bbox 3323 1734 3475 1785; x_wconf 89' lang='lat' dir='ltr'>eam,</span> <span class='ocrx_word' id='word_1_344' title='bbox 3516 1734 3691 1788; x_wconf 90' lang='lat' dir='ltr'>quam</span> 
     </span>
    </p>
   </div>
   <div class='ocr_carea' id='block_1_46' title="bbox 1966 1805 3690 1913">
    <p class='ocr_par' dir='ltr' id='par_1_46' title="bbox 1966 1805 3690 1913">
     <span class='ocr_line' id='line_1_46' title="bbox 1966 1805 3690 1913; baseline -0.005 -47"><span class='ocrx_word' id='word_1_345' title='bbox 1966 1849 2014 1913; x_wconf 78' lang='grc' dir='ltr'><strong>Β</strong></span> <span class='ocrx_word' id='word_1_346' title='bbox 2046 1829 2079 1866; x_wconf 91' lang='lat' dir='ltr'>a</span> <span class='ocrx_word' id='word_1_347' title='bbox 2133 1812 2297 1868; x_wconf 75' lang='lat' dir='ltr'>Patre</span> <span class='ocrx_word' id='word_1_348' title='bbox 2354 1812 2549 1880; x_wconf 84' lang='lat' dir='ltr'>habet,</span> <span class='ocrx_word' id='word_1_349' title='bbox 2585 1816 2879 1877; x_wconf 89' lang='lat' dir='ltr'>naturam,</span> <span class='ocrx_word' id='word_1_350' title='bbox 2909 1807 3223 1863; x_wconf 86' lang='lat' dir='ltr'>viviﬁcabit</span> <span class='ocrx_word' id='word_1_351' title='bbox 3254 1823 3379 1871; x_wconf 90' lang='lat' dir='ltr'>nos,</span> <span class='ocrx_word' id='word_1_352' title='bbox 3414 1805 3690 1877; x_wconf 83' lang='lat' dir='ltr'>quoniam</span> 
     </span>
    </p>
   </div>
   <div class='ocr_carea' id='block_1_47' title="bbox 2046 1894 3691 1970">
    <p class='ocr_par' dir='ltr' id='par_1_47' title="bbox 2046 1894 3691 1970">
     <span class='ocr_line' id='line_1_47' title="bbox 2046 1894 3691 1970; baseline -0.004 -14"><span class='ocrx_word' id='word_1_353' title='bbox 2046 1907 2136 1956; x_wconf 87' lang='lat' dir='ltr'>est</span> <span class='ocrx_word' id='word_1_354' title='bbox 2153 1902 2273 1956; x_wconf 89' lang='lat' dir='ltr'>vita</span> <span class='ocrx_word' id='word_1_355' title='bbox 2302 1901 2358 1954; x_wconf 91' lang='lat' dir='ltr'>in</span> <span class='ocrx_word' id='word_1_356' title='bbox 2392 1917 2520 1957; x_wconf 88' lang='lat' dir='ltr'>sese</span> <span class='ocrx_word' id='word_1_357' title='bbox 2548 1900 3036 1970; x_wconf 69' lang='lat' dir='ltr'>subsistens,qua3</span> <span class='ocrx_word' id='word_1_358' title='bbox 3061 1898 3244 1952; x_wconf 78' lang='lat' dir='ltr'>forma</span> <span class='ocrx_word' id='word_1_359' title='bbox 3265 1894 3413 1951; x_wconf 87' lang='lat' dir='ltr'>servi</span> <span class='ocrx_word' id='word_1_360' title='bbox 3436 1894 3691 1966; x_wconf 90' lang='lat' dir='ltr'>seipsam</span> 
     </span>
    </p>
   </div>
   <div class='ocr_carea' id='block_1_48' title="bbox 2043 1989 2397 2045">
    <p class='ocr_par' dir='ltr' id='par_1_48' title="bbox 2043 1989 2397 2045">
     <span class='ocr_line' id='line_1_48' title="bbox 2043 1989 2397 2045; baseline 0.003 -2"><span class='ocrx_word' id='word_1_361' title='bbox 2043 1989 2397 2045; x_wconf 77' lang='lat' dir='ltr'>informavit.</span> 
     </span>
    </p>
   </div>
   <div class='ocr_carea' id='block_1_49' title="bbox 2113 2072 3688 2150">
    <p class='ocr_par' dir='ltr' id='par_1_49' title="bbox 2113 2072 3688 2150">
     <span class='ocr_line' id='line_1_49' title="bbox 2113 2072 3688 2150; baseline -0.005 -16"><span class='ocrx_word' id='word_1_362' title='bbox 2113 2079 2264 2134; x_wconf 78' lang='lat'><strong>469</strong></span> <span class='ocrx_word' id='word_1_363' title='bbox 2415 2078 2590 2150; x_wconf 83' lang='lat' dir='ltr'>Apoll.</span> <span class='ocrx_word' id='word_1_364' title='bbox 2626 2077 2685 2133; x_wconf 89' lang='lat' dir='ltr'>Si</span> <span class='ocrx_word' id='word_1_365' title='bbox 2715 2076 2955 2149; x_wconf 82' lang='lat' dir='ltr'>quidem</span> <span class='ocrx_word' id='word_1_366' title='bbox 2986 2074 3036 2130; x_wconf 92' lang='lat' dir='ltr'>is</span> <span class='ocrx_word' id='word_1_367' title='bbox 3068 2073 3314 2142; x_wconf 79' lang='lat' dir='ltr'>excellit,</span> <span class='ocrx_word' id='word_1_368' title='bbox 3360 2072 3455 2144; x_wconf 92' lang='lat' dir='ltr'>qui</span> <span class='ocrx_word' id='word_1_369' title='bbox 3504 2072 3688 2128; x_wconf 88' lang='lat' dir='ltr'>animi</span> 
     </span>
    </p>
   </div>
   <div class='ocr_carea' id='block_1_50' title="bbox 2040 2160 3689 2239">
    <p class='ocr_par' dir='ltr' id='par_1_50' title="bbox 2040 2160 3689 2239">
     <span class='ocr_line' id='line_1_50' title="bbox 2040 2160 3689 2239; baseline -0.004 -18"><span class='ocrx_word' id='word_1_370' title='bbox 2040 2170 2336 2239; x_wconf 84' lang='lat' dir='ltr'>proposito</span> <span class='ocrx_word' id='word_1_371' title='bbox 2396 2172 2452 2223; x_wconf 90' lang='lat' dir='ltr'>et</span> <span class='ocrx_word' id='word_1_372' title='bbox 2509 2166 2734 2221; x_wconf 89' lang='lat' dir='ltr'>delectu</span> <span class='ocrx_word' id='word_1_373' title='bbox 2763 2167 2961 2236; x_wconf 89' lang='lat' dir='ltr'>justus</span> <span class='ocrx_word' id='word_1_374' title='bbox 2991 2168 3100 2230; x_wconf 87' lang='lat' dir='ltr'>est,</span> <span class='ocrx_word' id='word_1_375' title='bbox 3135 2161 3375 2233; x_wconf 88' lang='lat' dir='ltr'>quinam</span> <span class='ocrx_word' id='word_1_376' title='bbox 3407 2160 3463 2215; x_wconf 89' lang='lat' dir='ltr'>id</span> <span class='ocrx_word' id='word_1_377' title='bbox 3496 2160 3689 2233; x_wconf 88' lang='lat' dir='ltr'>potuit</span> 
     </span>
    </p>
   </div>
   <div class='ocr_carea' id='block_1_51' title="bbox 2039 2250 3684 2325">
    <p class='ocr_par' dir='ltr' id='par_1_51' title="bbox 2039 2250 3684 2325">
     <span class='ocr_line' id='line_1_51' title="bbox 2039 2250 3684 2325; baseline -0.002 -17"><span class='ocrx_word' id='word_1_378' title='bbox 2039 2254 2254 2309; x_wconf 75' lang='lat' dir='ltr'>homo?</span> <span class='ocrx_word' id='word_1_379' title='bbox 2286 2256 2550 2311; x_wconf 83' lang='lat' dir='ltr'>Hominis</span> <span class='ocrx_word' id='word_1_380' title='bbox 2572 2254 2788 2310; x_wconf 87' lang='lat' dir='ltr'>etenim</span> <span class='ocrx_word' id='word_1_381' title='bbox 2838 2252 3204 2325; x_wconf 88' lang='lat' dir='ltr'>propositum</span> <span class='ocrx_word' id='word_1_382' title='bbox 3261 2266 3452 2306; x_wconf 85' lang='lat' dir='ltr'>veram</span> <span class='ocrx_word' id='word_1_383' title='bbox 3504 2250 3684 2321; x_wconf 87' lang='lat' dir='ltr'>justi-</span> 
     </span>
    </p>
   </div>
   <div class='ocr_carea' id='block_1_52' title="bbox 2040 2342 3685 2417">
    <p class='ocr_par' dir='ltr' id='par_1_52' title="bbox 2040 2342 3685 2417">
     <span class='ocr_line' id='line_1_52' title="bbox 2040 2342 3685 2417; baseline -0.002 -16"><span class='ocrx_word' id='word_1_384' title='bbox 2040 2348 2178 2401; x_wconf 85' lang='lat' dir='ltr'>tiam</span> <span class='ocrx_word' id='word_1_385' title='bbox 2233 2348 2479 2417; x_wconf 80' lang='lat' dir='ltr'>perfecte</span> <span class='ocrx_word' id='word_1_386' title='bbox 2510 2363 2624 2401; x_wconf 86' lang='lat' dir='ltr'>non</span> <span class='ocrx_word' id='word_1_387' title='bbox 2656 2349 2912 2417; x_wconf 59' lang='lat' dir='ltr'>prastat.</span> <span class='ocrx_word' id='word_1_388' title='bbox 2945 2344 3047 2398; x_wconf 85' lang='lat' dir='ltr'>Siu</span> <span class='ocrx_word' id='word_1_389' title='bbox 3083 2360 3211 2398; x_wconf 84' lang='lat' dir='ltr'>vero</span> <span class='ocrx_word' id='word_1_390' title='bbox 3247 2346 3453 2397; x_wconf 84' lang='lat' dir='ltr'>natura</span> <span class='ocrx_word' id='word_1_391' title='bbox 3483 2342 3685 2411; x_wconf 88' lang='lat' dir='ltr'>justus</span> 
     </span>
    </p>
   </div>
   <div class='ocr_carea' id='block_1_53' title="bbox 2035 2430 3683 2504">
    <p class='ocr_par' dir='ltr' id='par_1_53' title="bbox 2035 2430 3683 2504">
     <span class='ocr_line' id='line_1_53' title="bbox 2035 2430 3683 2504; baseline -0.004 -12"><span class='ocrx_word' id='word_1_392' title='bbox 2035 2442 2145 2500; x_wconf 88' lang='lat' dir='ltr'>est,</span> <span class='ocrx_word' id='word_1_393' title='bbox 2162 2440 2309 2491; x_wconf 90' lang='lat' dir='ltr'>Deus</span> <span class='ocrx_word' id='word_1_394' title='bbox 2339 2439 2428 2491; x_wconf 90' lang='lat' dir='ltr'>est</span> <span class='ocrx_word' id='word_1_395' title='bbox 2460 2453 2471 2491; x_wconf 92' lang='lat'><strong>:</strong></span> <span class='ocrx_word' id='word_1_396' title='bbox 2506 2434 2596 2491; x_wconf 89' lang='lat' dir='ltr'>sin</span> <span class='ocrx_word' id='word_1_397' title='bbox 2630 2439 2823 2490; x_wconf 88' lang='lat' dir='ltr'>autem</span> <span class='ocrx_word' id='word_1_398' title='bbox 2844 2431 3209 2504; x_wconf 83' lang='lat' dir='ltr'>justiﬁcatus</span> <span class='ocrx_word' id='word_1_399' title='bbox 3238 2436 3326 2487; x_wconf 89' lang='lat' dir='ltr'>est</span> <span class='ocrx_word' id='word_1_400' title='bbox 3354 2430 3553 2502; x_wconf 88' lang='lat' dir='ltr'>aliqua</span> <span class='ocrx_word' id='word_1_401' title='bbox 3584 2432 3683 2487; x_wconf 89' lang='lat' dir='ltr'>Dei</span> 
     </span>
    </p>
   </div>
   <div class='ocr_carea' id='block_1_54' title="bbox 2033 2519 3678 2596">
    <p class='ocr_par' dir='ltr' id='par_1_54' title="bbox 2033 2519 3678 2596">
     <span class='ocr_line' id='line_1_54' title="bbox 2033 2519 3678 2596; baseline -0.004 -16"><span class='ocrx_word' id='word_1_402' title='bbox 2033 2525 2092 2580; x_wconf 93' lang='lat' dir='ltr'>iu</span> <span class='ocrx_word' id='word_1_403' title='bbox 2130 2526 2252 2595; x_wconf 86' lang='lat' dir='ltr'>ipso</span> <span class='ocrx_word' id='word_1_404' title='bbox 2284 2525 2512 2596; x_wconf 75' lang='lat' dir='ltr'>agentis</span> <span class='ocrx_word' id='word_1_405' title='bbox 2544 2522 3035 2595; x_wconf 79' lang='lat' dir='ltr'>etﬁcacitate,ipse</span> <span class='ocrx_word' id='word_1_406' title='bbox 3066 2521 3296 2575; x_wconf 85' lang='lat' dir='ltr'>interim</span> <span class='ocrx_word' id='word_1_407' title='bbox 3320 2519 3460 2575; x_wconf 90' lang='lat' dir='ltr'>nihil</span> <span class='ocrx_word' id='word_1_408' title='bbox 3480 2536 3678 2591; x_wconf 83' lang='lat' dir='ltr'>agens,</span> 
     </span>
    </p>
   </div>
   <div class='ocr_carea' id='block_1_55' title="bbox 2034 2609 3679 2685">
    <p class='ocr_par' dir='ltr' id='par_1_55' title="bbox 2034 2609 3679 2685">
     <span class='ocr_line' id='line_1_55' title="bbox 2034 2609 3679 2685; baseline -0.002 -17"><span class='ocrx_word' id='word_1_409' title='bbox 2034 2613 2135 2684; x_wconf 90' lang='lat' dir='ltr'>qui</span> <span class='ocrx_word' id='word_1_410' title='bbox 2169 2613 2403 2684; x_wconf 87' lang='lat' dir='ltr'>ipsimet</span> <span class='ocrx_word' id='word_1_411' title='bbox 2433 2617 2633 2685; x_wconf 71' lang='lat' dir='ltr'>agunt,</span> <span class='ocrx_word' id='word_1_412' title='bbox 2693 2618 2833 2668; x_wconf 90' lang='lat' dir='ltr'>sunt</span> <span class='ocrx_word' id='word_1_413' title='bbox 2889 2628 2954 2667; x_wconf 85' lang='lat' dir='ltr'>eo</span> <span class='ocrx_word' id='word_1_414' title='bbox 3009 2610 3462 2682; x_wconf 78' lang='lat' dir='ltr'>praestantiores.</span> <span class='ocrx_word' id='word_1_415' title='bbox 3518 2609 3679 2667; x_wconf 79' lang='lat' dir='ltr'>Orth.</span> 
     </span>
    </p>
   </div>
   <div class='ocr_carea' id='block_1_56' title="bbox 2033 2696 3680 2774">
    <p class='ocr_par' dir='ltr' id='par_1_56' title="bbox 2033 2696 3680 2774">
     <span class='ocr_line' id='line_1_56' title="bbox 2033 2696 3680 2774; baseline -0.005 -16"><span class='ocrx_word' id='word_1_416' title='bbox 2033 2702 2155 2758; x_wconf 91' lang='lat' dir='ltr'>Imo</span> <span class='ocrx_word' id='word_1_417' title='bbox 2216 2704 2317 2774; x_wconf 90' lang='lat' dir='ltr'>qui</span> <span class='ocrx_word' id='word_1_418' title='bbox 2368 2702 2664 2771; x_wconf 80' lang='lat' dir='ltr'>justitiam</span> <span class='ocrx_word' id='word_1_419' title='bbox 2697 2718 2890 2757; x_wconf 88' lang='lat' dir='ltr'>veram</span> <span class='ocrx_word' id='word_1_420' title='bbox 2922 2700 2961 2754; x_wconf 90' lang='lat' dir='ltr'>ii</span> <span class='ocrx_word' id='word_1_421' title='bbox 2995 2717 3106 2755; x_wconf 89' lang='lat' dir='ltr'>non</span> <span class='ocrx_word' id='word_1_422' title='bbox 3138 2697 3545 2769; x_wconf 87' lang='lat' dir='ltr'>impleverunt,</span> <span class='ocrx_word' id='word_1_423' title='bbox 3580 2696 3680 2767; x_wconf 92' lang='lat' dir='ltr'>qui</span> 
     </span>
    </p>
   </div>
   <div class='ocr_carea' id='block_1_57' title="bbox 2032 2785 3678 2855">
    <p class='ocr_par' dir='ltr' id='par_1_57' title="bbox 2032 2785 3678 2855">
     <span class='ocr_line' id='line_1_57' title="bbox 2032 2785 3678 2855; baseline -0.004 -9"><span class='ocrx_word' id='word_1_424' title='bbox 2032 2792 2344 2846; x_wconf 79' lang='lat' dir='ltr'>audierunt</span> <span class='ocrx_word' id='word_1_425' title='bbox 2378 2832 2389 2845; x_wconf 92' lang='lat'>.</span> <span class='ocrx_word' id='word_1_426' title='bbox 2426 2813 2452 2840; x_wconf 83' lang='lat'><strong>«</strong></span> <span class='ocrx_word' id='word_1_427' title='bbox 2487 2789 2778 2846; x_wconf 87' lang='lat' dir='ltr'>Sedebitis</span> <span class='ocrx_word' id='word_1_428' title='bbox 2809 2794 2866 2844; x_wconf 86' lang='lat' dir='ltr'>et</span> <span class='ocrx_word' id='word_1_429' title='bbox 2897 2805 2996 2843; x_wconf 88' lang='lat' dir='ltr'>vos</span> <span class='ocrx_word' id='word_1_430' title='bbox 3028 2804 3203 2855; x_wconf 84' lang='lat' dir='ltr'>super</span> <span class='ocrx_word' id='word_1_431' title='bbox 3236 2786 3406 2840; x_wconf 84' lang='lat' dir='ltr'>sedes</span> <span class='ocrx_word' id='word_1_432' title='bbox 3458 2785 3678 2840; x_wconf 88' lang='lat' dir='ltr'>duode-</span> 
     </span>
    </p>
   </div>
   <div class='ocr_carea' id='block_1_58' title="bbox 2030 2870 3679 2949">
    <p class='ocr_par' dir='ltr' id='par_1_58' title="bbox 2030 2870 3679 2949">
     <span class='ocr_line' id='line_1_58' title="bbox 2030 2870 3679 2949; baseline -0.004 -13"><span class='ocrx_word' id='word_1_433' title='bbox 2030 2880 2141 2936; x_wconf 86' lang='lat' dir='ltr'>cim</span> <span class='ocrx_word' id='word_1_434' title='bbox 2180 2881 2505 2949; x_wconf 81' lang='lat' dir='ltr'>iudicantes</span> <span class='ocrx_word' id='word_1_435' title='bbox 2536 2879 2842 2935; x_wconf 85' lang='lat' dir='ltr'>duodecim</span> <span class='ocrx_word' id='word_1_436' title='bbox 2873 2878 3063 2932; x_wconf 87' lang='lat' dir='ltr'>tribus</span> <span class='ocrx_word' id='word_1_437' title='bbox 3094 2874 3266 2931; x_wconf 85' lang='lat' dir='ltr'>Israel</span> <span class='ocrx_word' id='word_1_438' title='bbox 3301 2875 3343 2909; x_wconf 72' lang='lat'>97</span> <span class='ocrx_word' id='word_1_439' title='bbox 3369 2896 3395 2923; x_wconf 81' lang='lat'><strong>»</strong></span> <span class='ocrx_word' id='word_1_440' title='bbox 3433 2870 3543 2945; x_wconf 64' lang='lat' dir='ltr'>et,“</span> <span class='ocrx_word' id='word_1_441' title='bbox 3564 2872 3679 2928; x_wconf 85' lang='lat' dir='ltr'>Vos</span> 
     </span>
    </p>
   </div>
   <div class='ocr_carea' id='block_1_59' title="bbox 2028 2962 3678 3032">
    <p class='ocr_par' dir='ltr' id='par_1_59' title="bbox 2028 2962 3678 3032">
     <span class='ocr_line' id='line_1_59' title="bbox 2028 2962 3678 3032; baseline -0.005 -8"><span class='ocrx_word' id='word_1_442' title='bbox 2028 2970 2172 3024; x_wconf 85' lang='lat' dir='ltr'>estis</span> <span class='ocrx_word' id='word_1_443' title='bbox 2206 2968 2301 3023; x_wconf 85' lang='lat' dir='ltr'>lux</span> <span class='ocrx_word' id='word_1_444' title='bbox 2335 2967 2539 3023; x_wconf 87' lang='lat' dir='ltr'>mundi</span> <span class='ocrx_word' id='word_1_445' title='bbox 2571 2967 2653 3022; x_wconf 70' lang='lat'>9°?</span> <span class='ocrx_word' id='word_1_446' title='bbox 2685 2990 2712 3016; x_wconf 84' lang='lat'><em>»</em></span> <span class='ocrx_word' id='word_1_447' title='bbox 2739 2966 2979 3022; x_wconf 86' lang='lat' dir='ltr'>Etiamsi</span> <span class='ocrx_word' id='word_1_448' title='bbox 3007 2969 3205 3019; x_wconf 87' lang='lat' dir='ltr'>tamen</span> <span class='ocrx_word' id='word_1_449' title='bbox 3237 2962 3331 3016; x_wconf 83' lang='lat' dir='ltr'>isti</span> <span class='ocrx_word' id='word_1_450' title='bbox 3363 2976 3555 3017; x_wconf 86' lang='lat' dir='ltr'>veram</span> <span class='ocrx_word' id='word_1_451' title='bbox 3579 2962 3678 3032; x_wconf 88' lang='lat' dir='ltr'>ju-</span> 
     </span>
    </p>
   </div>
   <div class='ocr_carea' id='block_1_60' title="bbox 2028 3049 3674 3128">
    <p class='ocr_par' dir='ltr' id='par_1_60' title="bbox 2028 3049 3674 3128">
     <span class='ocr_line' id='line_1_60' title="bbox 2028 3049 3674 3128; baseline -0.005 -16"><span class='ocrx_word' id='word_1_452' title='bbox 2028 3056 2247 3113; x_wconf 88' lang='lat' dir='ltr'>stitiam</span> <span class='ocrx_word' id='word_1_453' title='bbox 2282 3056 2690 3128; x_wconf 88' lang='lat' dir='ltr'>impleverunt,</span> <span class='ocrx_word' id='word_1_454' title='bbox 2724 3072 2839 3111; x_wconf 91' lang='lat' dir='ltr'>non</span> <span class='ocrx_word' id='word_1_455' title='bbox 2866 3058 3001 3111; x_wconf 86' lang='lat' dir='ltr'>sunt</span> <span class='ocrx_word' id='word_1_456' title='bbox 3036 3058 3231 3109; x_wconf 87' lang='lat' dir='ltr'>tamen</span> <span class='ocrx_word' id='word_1_457' title='bbox 3266 3052 3392 3124; x_wconf 88' lang='lat' dir='ltr'>ipsa</span> <span class='ocrx_word' id='word_1_458' title='bbox 3421 3049 3674 3122; x_wconf 87' lang='lat' dir='ltr'>justitia.</span> 
     </span>
    </p>
   </div>
   <div class='ocr_carea' id='block_1_61' title="bbox 2028 3140 3681 3215">
    <p class='ocr_par' dir='ltr' id='par_1_61' title="bbox 2028 3140 3681 3215">
     <span class='ocr_line' id='line_1_61' title="bbox 2028 3140 3681 3215; baseline -0.004 -15"><span class='ocrx_word' id='word_1_459' title='bbox 2028 3145 2181 3201; x_wconf 88' lang='lat' dir='ltr'>Deus</span> <span class='ocrx_word' id='word_1_460' title='bbox 2212 3150 2409 3201; x_wconf 87' lang='lat' dir='ltr'>autem</span> <span class='ocrx_word' id='word_1_461' title='bbox 2443 3146 2716 3210; x_wconf 89' lang='lat' dir='ltr'>Verbum,</span> <span class='ocrx_word' id='word_1_462' title='bbox 2750 3144 2851 3215; x_wconf 92' lang='lat' dir='ltr'>qui</span> <span class='ocrx_word' id='word_1_463' title='bbox 2886 3144 3011 3214; x_wconf 89' lang='lat' dir='ltr'>ipsa</span> <span class='ocrx_word' id='word_1_464' title='bbox 3041 3140 3406 3213; x_wconf 88' lang='lat' dir='ltr'>estjustitia,</span> <span class='ocrx_word' id='word_1_465' title='bbox 3444 3143 3681 3211; x_wconf 86' lang='lat' dir='ltr'>accepta</span> 
     </span>
    </p>
   </div>
   <div class='ocr_carea' id='block_1_62' title="bbox 266 3204 1921 3304">
    <p class='ocr_par' dir='ltr' id='par_1_62' title="bbox 266 3223 1911 3304">
     <span class='ocr_line' id='line_1_62' title="bbox 266 3223 1911 3304; baseline 0.004 -23"><span class='ocrx_word' id='word_1_466' title='bbox 266 3225 333 3281; x_wconf 84' lang='grc' dir='ltr'>Ὀ</span> <span class='ocrx_word' id='word_1_467' title='bbox 392 3223 468 3279; x_wconf 77' lang='grc' dir='ltr'>ὢν</span> <span class='ocrx_word' id='word_1_468' title='bbox 518 3224 855 3300; x_wconf 72' lang='grc' dir='ltr'>δικαιοσύνη,</span> <span class='ocrx_word' id='word_1_469' title='bbox 907 3228 1114 3304; x_wconf 74' lang='grc' dir='ltr'>ἐγένετο</span> <span class='ocrx_word' id='word_1_470' title='bbox 1172 3227 1485 3300; x_wconf 83' lang='grc' dir='ltr'>δικαιοσύνη</span> <span class='ocrx_word' id='word_1_471' title='bbox 1527 3232 1662 3286; x_wconf 78' lang='grc' dir='ltr'>κατὰ</span> <span class='ocrx_word' id='word_1_472' title='bbox 1689 3234 1778 3287; x_wconf 88' lang='grc' dir='ltr'>τὸν</span> <span class='ocrx_word' id='word_1_473' title='bbox 1810 3241 1911 3303; x_wconf 81' lang='grc' dir='ltr'>τῆς</span> 
     </span>
    </p>
   </div>
   <div class='ocr_carea' id='block_1_63' title="bbox 2038 3204 3678 3304">
    <p class='ocr_par' dir='ltr' id='par_1_63' title="bbox 2038 3204 3678 3301">
     <span class='ocr_line' id='line_1_63' title="bbox 2038 3204 3678 3301; baseline -0.006 -10"><span class='ocrx_word' id='word_1_474' title='bbox 2038 3236 2174 3291; x_wconf 70' lang='lat' dir='ltr'>servi</span> <span class='ocrx_word' id='word_1_475' title='bbox 2202 3236 2390 3291; x_wconf 80' lang='lat' dir='ltr'>forma</span> <span class='ocrx_word' id='word_1_476' title='bbox 2422 3252 2435 3289; x_wconf 85' lang='lat'>:</span> <span class='ocrx_word' id='word_1_477' title='bbox 2471 3257 2497 3285; x_wconf 74' lang='grc' dir='ltr'>α</span> <span class='ocrx_word' id='word_1_478' title='bbox 2532 3204 2741 3289; x_wconf 79' lang='lat' dir='ltr'>Factus</span> <span class='ocrx_word' id='word_1_479' title='bbox 2768 3204 2861 3287; x_wconf 73' lang='lat' dir='ltr'>est</span> <span class='ocrx_word' id='word_1_480' title='bbox 2893 3204 3059 3287; x_wconf 76' lang='lat' dir='ltr'>nobis</span> <span class='ocrx_word' id='word_1_481' title='bbox 3101 3204 3358 3301; x_wconf 70' lang='lat' dir='ltr'>justitia,</span> <span class='ocrx_word' id='word_1_482' title='bbox 3388 3204 3678 3284; x_wconf 73' lang='lat' dir='ltr'>sanctiﬁ-</span> 
     </span>
    </p>
   </div>
   <div class='ocr_carea' id='block_1_64' title="bbox 268 3314 1910 3392">
    <p class='ocr_par' dir='ltr' id='par_1_64' title="bbox 268 3314 1910 3392">
     <span class='ocr_line' id='line_1_64' title="bbox 268 3314 1910 3392; baseline 0.005 -24"><span class='ocrx_word' id='word_1_483' title='bbox 268 3314 696 3387; x_wconf 79' lang='grc' dir='ltr'>ἀνθρωπότητος</span> <span class='ocrx_word' id='word_1_484' title='bbox 745 3316 930 3392; x_wconf 86' lang='grc' dir='ltr'>λόγον,</span> <span class='ocrx_word' id='word_1_485' title='bbox 957 3317 1047 3371; x_wconf 74' lang='grc' dir='ltr'>’ἱνα</span> <span class='ocrx_word' id='word_1_486' title='bbox 1077 3320 1222 3391; x_wconf 77' lang='grc' dir='ltr'>ἡμᾶς</span> <span class='ocrx_word' id='word_1_487' title='bbox 1245 3319 1372 3380; x_wconf 74' lang='grc' dir='ltr'>τοὺς</span> <span class='ocrx_word' id='word_1_488' title='bbox 1408 3320 1484 3391; x_wconf 77' lang='grc' dir='ltr'>μὴ</span> <span class='ocrx_word' id='word_1_489' title='bbox 1519 3316 1673 3383; x_wconf 80' lang='grc' dir='ltr'>ὄντας</span> <span class='ocrx_word' id='word_1_490' title='bbox 1706 3320 1910 3377; x_wconf 80' lang='grc' dir='ltr'>δικαιο-</span> 
     </span>
    </p>
   </div>
   <div class='ocr_carea' id='block_1_65' title="bbox 266 3401 1908 3482">
    <p class='ocr_par' dir='ltr' id='par_1_65' title="bbox 266 3401 1908 3482">
     <span class='ocr_line' id='line_1_65' title="bbox 266 3401 1908 3482; baseline 0.007 -28"><span class='ocrx_word' id='word_1_491' title='bbox 266 3402 457 3471; x_wconf 66' lang='grc' dir='ltr'>σύνην,</span> <span class='ocrx_word' id='word_1_492' title='bbox 511 3401 773 3479; x_wconf 77' lang='grc' dir='ltr'>δικαιώσῃ</span> <span class='ocrx_word' id='word_1_493' title='bbox 819 3410 887 3479; x_wconf 79' lang='grc' dir='ltr'>τῇ</span> <span class='ocrx_word' id='word_1_494' title='bbox 925 3408 1112 3461; x_wconf 69' lang='grc' dir='ltr'>ἑαυτοῦ</span> <span class='ocrx_word' id='word_1_495' title='bbox 1144 3409 1347 3482; x_wconf 86' lang='grc' dir='ltr'>χάριτι.</span> <span class='ocrx_word' id='word_1_496' title='bbox 1387 3408 1489 3463; x_wconf 79' lang='grc' dir='ltr'>Καὶ</span> <span class='ocrx_word' id='word_1_497' title='bbox 1523 3406 1661 3463; x_wconf 81' lang='grc' dir='ltr'>ἔστιν</span> <span class='ocrx_word' id='word_1_498' title='bbox 1695 3411 1723 3464; x_wconf 91' lang='grc' dir='ltr'>ὁ</span> <span class='ocrx_word' id='word_1_499' title='bbox 1749 3410 1908 3475; x_wconf 77' lang='grc' dir='ltr'>αὐτὸς</span> 
     </span>
    </p>
   </div>
   <div class='ocr_carea' id='block_1_66' title="bbox 265 3490 1907 3569">
    <p class='ocr_par' dir='ltr' id='par_1_66' title="bbox 265 3490 1907 3569">
     <span class='ocr_line' id='line_1_66' title="bbox 265 3490 1907 3569; baseline 0.004 -23"><span class='ocrx_word' id='word_1_500' title='bbox 265 3490 398 3551; x_wconf 83' lang='grc' dir='ltr'>Θεὸς</span> <span class='ocrx_word' id='word_1_501' title='bbox 426 3492 514 3545; x_wconf 81' lang='grc' dir='ltr'>καὶ</span> <span class='ocrx_word' id='word_1_502' title='bbox 547 3494 825 3566; x_wconf 78' lang='grc' dir='ltr'>ἅνθρωπος</span> <span class='ocrx_word' id='word_1_503' title='bbox 866 3499 963 3567; x_wconf 92' lang='grc'>(1)·</span> <span class='ocrx_word' id='word_1_504' title='bbox 998 3496 1070 3557; x_wconf 83' lang='grc' dir='ltr'>ὡς</span> <span class='ocrx_word' id='word_1_505' title='bbox 1106 3497 1197 3569; x_wconf 72' lang='grc' dir='ltr'>μὲν</span> <span class='ocrx_word' id='word_1_506' title='bbox 1244 3499 1394 3562; x_wconf 89' lang='grc' dir='ltr'>Θεὸς,</span> <span class='ocrx_word' id='word_1_507' title='bbox 1451 3495 1762 3569; x_wconf 74' lang='grc' dir='ltr'>δικαιοσύνη</span> <span class='ocrx_word' id='word_1_508' title='bbox 1811 3496 1907 3554; x_wconf 77' lang='grc' dir='ltr'>ὧν·</span> 
     </span>
    </p>
   </div>
   <div class='ocr_carea' id='block_1_67' title="bbox 265 3578 1907 3664">
    <p class='ocr_par' dir='ltr' id='par_1_67' title="bbox 265 3578 1907 3664">
     <span class='ocr_line' id='line_1_67' title="bbox 265 3578 1907 3664; baseline 0.007 -31"><span class='ocrx_word' id='word_1_509' title='bbox 265 3580 344 3640; x_wconf 87' lang='grc' dir='ltr'>ὼς</span> <span class='ocrx_word' id='word_1_510' title='bbox 376 3578 433 3634; x_wconf 72' lang='grc' dir='ltr'>δὲ</span> <span class='ocrx_word' id='word_1_511' title='bbox 484 3582 787 3656; x_wconf 75' lang='grc' dir='ltr'>ἅνθρωπος,</span> <span class='ocrx_word' id='word_1_512' title='bbox 830 3584 1115 3657; x_wconf 85' lang='grc' dir='ltr'>γινόμενος</span> <span class='ocrx_word' id='word_1_513' title='bbox 1148 3583 1478 3657; x_wconf 82' lang='grc' dir='ltr'>δικαιοσύνη,</span> <span class='ocrx_word' id='word_1_514' title='bbox 1523 3586 1610 3642; x_wconf 80' lang='grc' dir='ltr'>’ίνα</span> <span class='ocrx_word' id='word_1_515' title='bbox 1638 3587 1907 3664; x_wconf 73' lang='grc' dir='ltr'>πληρωθῇ</span> 
     </span>
    </p>
   </div>
   <div class='ocr_carea' id='block_1_68' title="bbox 262 3668 1910 3750">
    <p class='ocr_par' dir='ltr' id='par_1_68' title="bbox 262 3668 1910 3750">
     <span class='ocr_line' id='line_1_68' title="bbox 262 3668 1910 3750; baseline 0.007 -28"><span class='ocrx_word' id='word_1_516' title='bbox 262 3669 328 3723; x_wconf 87' lang='grc' dir='ltr'>τὸ</span> <span class='ocrx_word' id='word_1_517' title='bbox 363 3668 669 3741; x_wconf 63' lang='grc' dir='ltr'>εἷ’ρημένονσ</span> <span class='ocrx_word' id='word_1_518' title='bbox 704 3697 731 3723; x_wconf 92' lang='grc'>‹‹</span> <span class='ocrx_word' id='word_1_519' title='bbox 765 3674 921 3729; x_wconf 81' lang='grc' dir='ltr'>’Όθεν</span> <span class='ocrx_word' id='word_1_520' title='bbox 956 3669 1157 3750; x_wconf 71' lang='grc' dir='ltr'>ὤφειλε</span> <span class='ocrx_word' id='word_1_521' title='bbox 1186 3676 1320 3729; x_wconf 77' lang='grc' dir='ltr'>κατὰ</span> <span class='ocrx_word' id='word_1_522' title='bbox 1358 3678 1530 3731; x_wconf 79' lang='grc' dir='ltr'>πάντα</span> <span class='ocrx_word' id='word_1_523' title='bbox 1576 3684 1690 3739; x_wconf 88' lang='grc' dir='ltr'>τοῖς</span> <span class='ocrx_word' id='word_1_524' title='bbox 1751 3676 1910 3733; x_wconf 80' lang='grc' dir='ltr'>ἀδελ-</span> 
     </span>
    </p>
   </div>
   <div class='ocr_carea' id='block_1_69' title="bbox 265 3760 857 3834">
    <p class='ocr_par' dir='ltr' id='par_1_69' title="bbox 265 3760 857 3834">
     <span class='ocr_line' id='line_1_69' title="bbox 265 3760 857 3834; baseline 0.003 -24"><span class='ocrx_word' id='word_1_525' title='bbox 265 3763 396 3834; x_wconf 76' lang='grc' dir='ltr'>φοῖς</span> <span class='ocrx_word' id='word_1_526' title='bbox 431 3760 792 3831; x_wconf 60' lang='grc' dir='ltr'>ὁμνιωθῆναι.</span> <span class='ocrx_word' id='word_1_527' title='bbox 830 3786 857 3812; x_wconf 94' lang='grc'><strong>››</strong></span> 
     </span>
    </p>
   </div>
   <div class='ocr_carea' id='block_1_70' title="bbox 332 4025 1910 4111">
    <p class='ocr_par' dir='ltr' id='par_1_70' title="bbox 332 4025 1910 4111">
     <span class='ocr_line' id='line_1_70' title="bbox 332 4025 1910 4111; baseline 0.004 -30"><span class='ocrx_word' id='word_1_528' title='bbox 332 4029 422 4082; x_wconf 83' lang='grc'>26.</span> <span class='ocrx_word' id='word_1_529' title='bbox 458 4025 694 4083; x_wconf 82' lang='grc' dir='ltr'>Ἀπολλ.</span> <span class='ocrx_word' id='word_1_530' title='bbox 747 4028 808 4082; x_wconf 80' lang='lat' dir='ltr'>El</span> <span class='ocrx_word' id='word_1_531' title='bbox 858 4029 1267 4101; x_wconf 81' lang='grc' dir='ltr'>συμπέπλεκται</span> <span class='ocrx_word' id='word_1_532' title='bbox 1335 4039 1451 4106; x_wconf 78' lang='grc' dir='ltr'>Θεῷ</span> <span class='ocrx_word' id='word_1_533' title='bbox 1503 4037 1807 4111; x_wconf 78' lang='grc' dir='ltr'>ἅνθρωπος,</span> <span class='ocrx_word' id='word_1_534' title='bbox 1858 4034 1910 4088; x_wconf 84' lang='grc' dir='ltr'>ἐν</span> 
     </span>
    </p>
   </div>
   <div class='ocr_carea' id='block_1_71' title="bbox 270 4113 1913 4194">
    <p class='ocr_par' dir='ltr' id='par_1_71' title="bbox 270 4113 1913 4194">
     <span class='ocr_line' id='line_1_71' title="bbox 270 4113 1913 4194; baseline 0.007 -27"><span class='ocrx_word' id='word_1_535' title='bbox 270 4113 497 4186; x_wconf 85' lang='grc' dir='ltr'>Χριστῷ</span> <span class='ocrx_word' id='word_1_536' title='bbox 528 4114 685 4177; x_wconf 80' lang='grc' dir='ltr'>αὐτὸς</span> <span class='ocrx_word' id='word_1_537' title='bbox 718 4116 804 4171; x_wconf 87' lang='grc' dir='ltr'>καὶ</span> <span class='ocrx_word' id='word_1_538' title='bbox 838 4118 926 4194; x_wconf 80' lang='grc' dir='ltr'>ἀφ’</span> <span class='ocrx_word' id='word_1_539' title='bbox 960 4119 1149 4173; x_wconf 77' lang='grc' dir='ltr'>ἑαυτοῦ</span> <span class='ocrx_word' id='word_1_540' title='bbox 1178 4120 1506 4193; x_wconf 76' lang='grc' dir='ltr'>ἐνομοθέτει,</span> <span class='ocrx_word' id='word_1_541' title='bbox 1539 4125 1572 4191; x_wconf 76' lang='grc' dir='ltr'><strong>ἢ</strong></span> <span class='ocrx_word' id='word_1_542' title='bbox 1606 4122 1667 4178; x_wconf 82' lang='grc' dir='ltr'>οῦ</span> <span class='ocrx_word' id='word_1_543' title='bbox 1694 4144 1706 4190; x_wconf 90' lang='grc'>;</span> <span class='ocrx_word' id='word_1_544' title='bbox 1755 4121 1913 4177; x_wconf 84' lang='grc' dir='ltr'>Ἀλλ’</span> 
     </span>
    </p>
   </div>
   <div class='ocr_carea' id='block_1_72' title="bbox 255 4201 1913 4289">
    <p class='ocr_par' dir='ltr' id='par_1_72' title="bbox 255 4201 1913 4289">
     <span class='ocr_line' id='line_1_72' title="bbox 255 4201 1913 4289; baseline 0.007 -34"><span class='ocrx_word' id='word_1_545' title='bbox 255 4201 305 4256; x_wconf 69' lang='grc' dir='ltr'>εἴ</span> <span class='ocrx_word' id='word_1_546' title='bbox 341 4202 435 4272; x_wconf 78' lang='grc' dir='ltr'>μὲν</span> <span class='ocrx_word' id='word_1_547' title='bbox 484 4204 573 4280; x_wconf 76' lang='grc' dir='ltr'>ἀφ’</span> <span class='ocrx_word' id='word_1_548' title='bbox 622 4205 836 4273; x_wconf 70' lang='grc' dir='ltr'>ἑαυτοῦ,</span> <span class='ocrx_word' id='word_1_549' title='bbox 885 4207 1038 4268; x_wconf 73' lang='grc' dir='ltr'>Θεὸς·</span> <span class='ocrx_word' id='word_1_550' title='bbox 1087 4207 1131 4262; x_wconf 81' lang='grc' dir='ltr'>εἰ</span> <span class='ocrx_word' id='word_1_551' title='bbox 1186 4205 1245 4263; x_wconf 65' lang='grc' dir='ltr'>δὲ</span> <span class='ocrx_word' id='word_1_552' title='bbox 1287 4208 1385 4264; x_wconf 82' lang='grc' dir='ltr'>ούκ</span> <span class='ocrx_word' id='word_1_553' title='bbox 1440 4212 1527 4289; x_wconf 72' lang='grc' dir='ltr'>ἀφ’</span> <span class='ocrx_word' id='word_1_554' title='bbox 1556 4213 1766 4284; x_wconf 74' lang='grc' dir='ltr'>ἑαυτοῦ,</span> <span class='ocrx_word' id='word_1_555' title='bbox 1799 4215 1913 4272; x_wconf 79' lang='grc' dir='ltr'>πῶς</span> 
     </span>
    </p>
   </div>
   <div class='ocr_carea' id='block_1_73' title="bbox 262 4290 1913 4374">
    <p class='ocr_par' dir='ltr' id='par_1_73' title="bbox 262 4290 1913 4374">
     <span class='ocr_line' id='line_1_73' title="bbox 262 4290 1913 4374; baseline 0.006 -30"><span class='ocrx_word' id='word_1_556' title='bbox 262 4290 368 4345; x_wconf 74' lang='grc' dir='ltr'>οὐκ</span> <span class='ocrx_word' id='word_1_557' title='bbox 397 4290 568 4366; x_wconf 84' lang='grc' dir='ltr'>ἔλεγε,</span> <span class='ocrx_word' id='word_1_558' title='bbox 607 4318 626 4341; x_wconf 73' lang='grc' dir='ltr'>αι</span> <span class='ocrx_word' id='word_1_559' title='bbox 663 4290 797 4349; x_wconf 84' lang='grc' dir='ltr'>Τάδε</span> <span class='ocrx_word' id='word_1_560' title='bbox 828 4292 970 4370; x_wconf 77' lang='grc' dir='ltr'>λέγει</span> <span class='ocrx_word' id='word_1_561' title='bbox 1005 4296 1227 4371; x_wconf 85' lang='grc' dir='ltr'>Κύριος,</span> <span class='ocrx_word' id='word_1_562' title='bbox 1262 4321 1289 4349; x_wconf 75' lang='grc' dir='ltr'>ιι</span> <span class='ocrx_word' id='word_1_563' title='bbox 1321 4297 1447 4353; x_wconf 82' lang='grc' dir='ltr'>ἀλλ’</span> <span class='ocrx_word' id='word_1_564' title='bbox 1496 4324 1524 4351; x_wconf 88' lang='grc'><em>‹‹</em></span> <span class='ocrx_word' id='word_1_565' title='bbox 1578 4302 1712 4373; x_wconf 74' lang='grc' dir='ltr'>Ἐγὼ</span> <span class='ocrx_word' id='word_1_566' title='bbox 1773 4299 1913 4374; x_wconf 69' lang='grc' dir='ltr'>λέγω</span> 
     </span>
    </p>
   </div>
   <div class='ocr_carea' id='block_1_74' title="bbox 263 4380 1912 4463">
    <p class='ocr_par' dir='ltr' id='par_1_74' title="bbox 263 4380 1912 4463">
     <span class='ocr_line' id='line_1_74' title="bbox 263 4380 1912 4463; baseline 0.005 -30"><span class='ocrx_word' id='word_1_567' title='bbox 263 4380 396 4451; x_wconf 81' lang='grc' dir='ltr'>ὑμῖν</span> <span class='ocrx_word' id='word_1_568' title='bbox 422 4400 435 4447; x_wconf 87' lang='grc'><strong>;</strong></span> <span class='ocrx_word' id='word_1_569' title='bbox 470 4405 497 4431; x_wconf 86' lang='grc'><strong>››</strong></span> <span class='ocrx_word' id='word_1_570' title='bbox 530 4386 648 4443; x_wconf 84' lang='grc' dir='ltr'>πὼς</span> <span class='ocrx_word' id='word_1_571' title='bbox 699 4380 756 4436; x_wconf 74' lang='grc' dir='ltr'>δὲ</span> <span class='ocrx_word' id='word_1_572' title='bbox 805 4382 903 4437; x_wconf 81' lang='grc' dir='ltr'>οὐκ</span> <span class='ocrx_word' id='word_1_573' title='bbox 931 4384 998 4451; x_wconf 79' lang='grc' dir='ltr'>ἧν</span> <span class='ocrx_word' id='word_1_574' title='bbox 1027 4386 1434 4461; x_wconf 71' lang='grc' dir='ltr'>κεχωρισμένος</span> <span class='ocrx_word' id='word_1_575' title='bbox 1464 4392 1561 4441; x_wconf 90' lang='grc' dir='ltr'>τυῦ</span> <span class='ocrx_word' id='word_1_576' title='bbox 1602 4386 1854 4463; x_wconf 74' lang='grc' dir='ltr'>λὲγοντος</span> <span class='ocrx_word' id='word_1_577' title='bbox 1885 4390 1912 4442; x_wconf 94' lang='lat'>6</span> 
     </span>
    </p>
   </div>
   <div class='ocr_carea' id='block_1_75' title="bbox 268 4468 1914 4551">
    <p class='ocr_par' dir='ltr' id='par_1_75' title="bbox 268 4468 1914 4551">
     <span class='ocr_line' id='line_1_75' title="bbox 268 4468 1914 4551; baseline 0.005 -29"><span class='ocrx_word' id='word_1_578' title='bbox 268 4469 353 4540; x_wconf 81' lang='grc' dir='ltr'>μή</span> <span class='ocrx_word' id='word_1_579' title='bbox 386 4468 599 4544; x_wconf 80' lang='grc' dir='ltr'>λέγων;</span> <span class='ocrx_word' id='word_1_580' title='bbox 635 4471 776 4546; x_wconf 81' lang='grc' dir='ltr'>Ὀρθ.</span> <span class='ocrx_word' id='word_1_581' title='bbox 809 4473 877 4526; x_wconf 81' lang='lat' dir='ltr'>Ei’</span> <span class='ocrx_word' id='word_1_582' title='bbox 907 4472 1001 4544; x_wconf 74' lang='grc' dir='ltr'>μὲν</span> <span class='ocrx_word' id='word_1_583' title='bbox 1034 4472 1175 4528; x_wconf 77' lang='grc' dir='ltr'>ἄλλο</span> <span class='ocrx_word' id='word_1_584' title='bbox 1204 4475 1494 4549; x_wconf 82' lang='grc' dir='ltr'>πρόσωπόν</span> <span class='ocrx_word' id='word_1_585' title='bbox 1528 4476 1666 4530; x_wconf 81' lang='grc' dir='ltr'>ἐστιν</span> <span class='ocrx_word' id='word_1_586' title='bbox 1718 4478 1747 4531; x_wconf 81' lang='lat'>6</span> <span class='ocrx_word' id='word_1_587' title='bbox 1777 4479 1914 4551; x_wconf 81' lang='grc' dir='ltr'>Χρι-</span> 
     </span>
    </p>
   </div>
   <div class='ocr_carea' id='block_1_76' title="bbox 2018 3316 3678 3393">
    <p class='ocr_par' dir='ltr' id='par_1_76' title="bbox 2018 3316 3678 3393">
     <span class='ocr_line' id='line_1_76' title="bbox 2018 3316 3678 3393; baseline -0.005 -14"><span class='ocrx_word' id='word_1_588' title='bbox 2018 3325 2169 3380; x_wconf 88' lang='lat' dir='ltr'>catio</span> <span class='ocrx_word' id='word_1_589' title='bbox 2202 3330 2259 3379; x_wconf 91' lang='lat' dir='ltr'>et</span> <span class='ocrx_word' id='word_1_590' title='bbox 2289 3324 2613 3390; x_wconf 87' lang='lat' dir='ltr'>redemptio</span> <span class='ocrx_word' id='word_1_591' title='bbox 2646 3324 2750 3377; x_wconf 68' lang='grc' dir='ltr'>π.»</span> <span class='ocrx_word' id='word_1_592' title='bbox 2784 3322 2860 3392; x_wconf 86' lang='lat' dir='ltr'>Is,</span> <span class='ocrx_word' id='word_1_593' title='bbox 2896 3322 3158 3393; x_wconf 85' lang='lat' dir='ltr'>inquam,</span> <span class='ocrx_word' id='word_1_594' title='bbox 3182 3317 3281 3391; x_wconf 91' lang='lat' dir='ltr'>qui</span> <span class='ocrx_word' id='word_1_595' title='bbox 3305 3316 3538 3388; x_wconf 86' lang='lat' dir='ltr'>justitia</span> <span class='ocrx_word' id='word_1_596' title='bbox 3569 3321 3678 3387; x_wconf 89' lang='lat' dir='ltr'>est,</span> 
     </span>
    </p>
   </div>
   <div class='ocr_carea' id='block_1_77' title="bbox 2019 3406 3680 3479">
    <p class='ocr_par' dir='ltr' id='par_1_77' title="bbox 2019 3406 3680 3479">
     <span class='ocr_line' id='line_1_77' title="bbox 2019 3406 3680 3479; baseline -0.004 -12"><span class='ocrx_word' id='word_1_597' title='bbox 2019 3420 2215 3468; x_wconf 33' lang='lat' dir='ltr'>sactus</span> <span class='ocrx_word' id='word_1_598' title='bbox 2245 3418 2354 3477; x_wconf 88' lang='lat' dir='ltr'>est,</span> <span class='ocrx_word' id='word_1_599' title='bbox 2375 3412 2423 3467; x_wconf 88' lang='lat' dir='ltr'>si</span> <span class='ocrx_word' id='word_1_600' title='bbox 2455 3412 2777 3467; x_wconf 88' lang='lat' dir='ltr'>humanam</span> <span class='ocrx_word' id='word_1_601' title='bbox 2808 3416 3077 3465; x_wconf 85' lang='lat' dir='ltr'>naturam</span> <span class='ocrx_word' id='word_1_602' title='bbox 3111 3406 3680 3479; x_wconf 85' lang='lat' dir='ltr'>respicias,justitia,</span> 
     </span>
    </p>
   </div>
   <div class='ocr_carea' id='block_1_78' title="bbox 2035 3494 3684 3573">
    <p class='ocr_par' dir='ltr' id='par_1_78' title="bbox 2035 3494 3684 3573">
     <span class='ocr_line' id='line_1_78' title="bbox 2035 3494 3684 3573; baseline -0.005 -15"><span class='ocrx_word' id='word_1_603' title='bbox 2035 3507 2102 3558; x_wconf 86' lang='lat' dir='ltr'>ut</span> <span class='ocrx_word' id='word_1_604' title='bbox 2134 3518 2238 3557; x_wconf 89' lang='lat' dir='ltr'>nos</span> <span class='ocrx_word' id='word_1_605' title='bbox 2269 3500 2367 3573; x_wconf 90' lang='lat' dir='ltr'>qui</span> <span class='ocrx_word' id='word_1_606' title='bbox 2391 3501 2626 3571; x_wconf 85' lang='lat' dir='ltr'>justitia</span> <span class='ocrx_word' id='word_1_607' title='bbox 2655 3517 2769 3554; x_wconf 91' lang='lat' dir='ltr'>nou</span> <span class='ocrx_word' id='word_1_608' title='bbox 2802 3514 3171 3563; x_wconf 87' lang='lat' dir='ltr'>eramus,sua</span> <span class='ocrx_word' id='word_1_609' title='bbox 3198 3494 3684 3568; x_wconf 83' lang='lat' dir='ltr'>gratiajustilica-</span> 
     </span>
    </p>
   </div>
   <div class='ocr_carea' id='block_1_79' title="bbox 2020 3587 3682 3661">
    <p class='ocr_par' dir='ltr' id='par_1_79' title="bbox 2020 3587 3682 3661">
     <span class='ocr_line' id='line_1_79' title="bbox 2020 3587 3682 3661; baseline -0.006 -14"><span class='ocrx_word' id='word_1_610' title='bbox 2020 3598 2123 3647; x_wconf 87' lang='lat' dir='ltr'>ret.</span> <span class='ocrx_word' id='word_1_611' title='bbox 2161 3592 2376 3661; x_wconf 87' lang='lat' dir='ltr'>Estque</span> <span class='ocrx_word' id='word_1_612' title='bbox 2409 3592 2566 3645; x_wconf 84' lang='lat' dir='ltr'>idem</span> <span class='ocrx_word' id='word_1_613' title='bbox 2602 3590 2758 3644; x_wconf 90' lang='lat' dir='ltr'>Deus</span> <span class='ocrx_word' id='word_1_614' title='bbox 2790 3593 2846 3642; x_wconf 87' lang='lat' dir='ltr'>et</span> <span class='ocrx_word' id='word_1_615' title='bbox 2876 3587 3071 3651; x_wconf 88' lang='lat' dir='ltr'>homo,</span> <span class='ocrx_word' id='word_1_616' title='bbox 3132 3587 3213 3639; x_wconf 86' lang='lat' dir='ltr'>ita</span> <span class='ocrx_word' id='word_1_617' title='bbox 3270 3590 3333 3639; x_wconf 92' lang='lat' dir='ltr'>ut</span> <span class='ocrx_word' id='word_1_618' title='bbox 3388 3589 3682 3655; x_wconf 89' lang='lat' dir='ltr'>quatenus</span> 
     </span>
    </p>
   </div>
   <div class='ocr_carea' id='block_1_80' title="bbox 2020 3676 3682 3750">
    <p class='ocr_par' dir='ltr' id='par_1_80' title="bbox 2020 3676 3682 3750">
     <span class='ocr_line' id='line_1_80' title="bbox 2020 3676 3682 3750; baseline -0.006 -15"><span class='ocrx_word' id='word_1_619' title='bbox 2020 3681 2257 3750; x_wconf 86' lang='lat' dir='ltr'>quidem</span> <span class='ocrx_word' id='word_1_620' title='bbox 2315 3687 2403 3734; x_wconf 83' lang='lat' dir='ltr'>est</span> <span class='ocrx_word' id='word_1_621' title='bbox 2465 3680 2637 3743; x_wconf 88' lang='lat' dir='ltr'>Deus,</span> <span class='ocrx_word' id='word_1_622' title='bbox 2699 3677 2776 3732; x_wconf 88' lang='lat' dir='ltr'>sit</span> <span class='ocrx_word' id='word_1_623' title='bbox 2822 3676 3074 3747; x_wconf 81' lang='lat' dir='ltr'>justitia,</span> <span class='ocrx_word' id='word_1_624' title='bbox 3110 3678 3398 3745; x_wconf 89' lang='lat' dir='ltr'>quatenus</span> <span class='ocrx_word' id='word_1_625' title='bbox 3429 3689 3560 3727; x_wconf 91' lang='lat' dir='ltr'>vero</span> <span class='ocrx_word' id='word_1_626' title='bbox 3593 3676 3682 3726; x_wconf 86' lang='lat' dir='ltr'>est</span> 
     </span>
    </p>
   </div>
   <div class='ocr_carea' id='block_1_81' title="bbox 2018 3760 3678 3837">
    <p class='ocr_par' dir='ltr' id='par_1_81' title="bbox 2018 3760 3678 3837">
     <span class='ocr_line' id='line_1_81' title="bbox 2018 3760 3678 3837; baseline -0.007 -13"><span class='ocrx_word' id='word_1_627' title='bbox 2018 3769 2213 3837; x_wconf 90' lang='lat' dir='ltr'>homo,</span> <span class='ocrx_word' id='word_1_628' title='bbox 2242 3769 2317 3824; x_wconf 91' lang='lat' dir='ltr'>sit</span> <span class='ocrx_word' id='word_1_629' title='bbox 2349 3766 2816 3837; x_wconf 81' lang='lat' dir='ltr'>factusjustitia,</span> <span class='ocrx_word' id='word_1_630' title='bbox 2853 3770 2915 3819; x_wconf 90' lang='lat' dir='ltr'>ut</span> <span class='ocrx_word' id='word_1_631' title='bbox 2963 3763 3319 3833; x_wconf 87' lang='lat' dir='ltr'>impleretur</span> <span class='ocrx_word' id='word_1_632' title='bbox 3375 3760 3530 3831; x_wconf 90' lang='lat' dir='ltr'>quod</span> <span class='ocrx_word' id='word_1_633' title='bbox 3589 3760 3678 3812; x_wconf 92' lang='lat' dir='ltr'>di-</span> 
     </span>
    </p>
   </div>
   <div class='ocr_carea' id='block_1_82' title="bbox 2020 3846 3676 3926">
    <p class='ocr_par' dir='ltr' id='par_1_82' title="bbox 2020 3846 3676 3926">
     <span class='ocr_line' id='line_1_82' title="bbox 2020 3846 3676 3926; baseline -0.007 -14"><span class='ocrx_word' id='word_1_634' title='bbox 2020 3864 2177 3913; x_wconf 89' lang='lat' dir='ltr'>ctum</span> <span class='ocrx_word' id='word_1_635' title='bbox 2210 3863 2302 3912; x_wconf 91' lang='lat' dir='ltr'>est</span> <span class='ocrx_word' id='word_1_636' title='bbox 2332 3874 2343 3911; x_wconf 92' lang='lat'>:</span> <span class='ocrx_word' id='word_1_637' title='bbox 2380 3880 2407 3907; x_wconf 76' lang='grc' dir='ltr'>α</span> <span class='ocrx_word' id='word_1_638' title='bbox 2438 3856 2600 3912; x_wconf 88' lang='lat' dir='ltr'>Unde</span> <span class='ocrx_word' id='word_1_639' title='bbox 2635 3871 2739 3926; x_wconf 85' lang='lat' dir='ltr'>per</span> <span class='ocrx_word' id='word_1_640' title='bbox 2768 3854 2968 3909; x_wconf 87' lang='lat' dir='ltr'>omnia</span> <span class='ocrx_word' id='word_1_641' title='bbox 2996 3852 3210 3907; x_wconf 86' lang='lat' dir='ltr'>similis</span> <span class='ocrx_word' id='word_1_642' title='bbox 3244 3849 3521 3905; x_wconf 86' lang='lat' dir='ltr'>fratribus</span> <span class='ocrx_word' id='word_1_643' title='bbox 3553 3846 3676 3903; x_wconf 82' lang='lat' dir='ltr'>ﬂori</span> 
     </span>
    </p>
   </div>
   <div class='ocr_carea' id='block_1_83' title="bbox 2021 3947 2359 4002">
    <p class='ocr_par' dir='ltr' id='par_1_83' title="bbox 2021 3947 2359 4002">
     <span class='ocr_line' id='line_1_83' title="bbox 2021 3947 2359 4002; baseline -0.009 0"><span class='ocrx_word' id='word_1_644' title='bbox 2021 3947 2223 4002; x_wconf 89' lang='lat' dir='ltr'>debuit</span> <span class='ocrx_word' id='word_1_645' title='bbox 2257 3949 2296 4000; x_wconf 74' lang='grc' dir='ltr'>ί.</span> <span class='ocrx_word' id='word_1_646' title='bbox 2331 3967 2359 3996; x_wconf 75' lang='grc' dir='ltr'>ι)</span> 
     </span>
    </p>
   </div>
   <div class='ocr_carea' id='block_1_84' title="bbox 2090 4022 3675 4106">
    <p class='ocr_par' dir='ltr' id='par_1_84' title="bbox 2090 4022 3675 4106">
     <span class='ocr_line' id='line_1_84' title="bbox 2090 4022 3675 4106; baseline -0.004 -18"><span class='ocrx_word' id='word_1_647' title='bbox 2090 4036 2178 4088; x_wconf 81' lang='grc'>26.</span> <span class='ocrx_word' id='word_1_648' title='bbox 2200 4034 2451 4106; x_wconf 79' lang='lat' dir='ltr'>Apoll.Si</span> <span class='ocrx_word' id='word_1_649' title='bbox 2484 4032 2542 4087; x_wconf 89' lang='lat' dir='ltr'>in</span> <span class='ocrx_word' id='word_1_650' title='bbox 2576 4031 2807 4087; x_wconf 86' lang='lat' dir='ltr'>Christo</span> <span class='ocrx_word' id='word_1_651' title='bbox 2839 4022 3149 4102; x_wconf 84' lang='lat' dir='ltr'>copulatus</span> <span class='ocrx_word' id='word_1_652' title='bbox 3180 4033 3302 4082; x_wconf 89' lang='lat' dir='ltr'>erat</span> <span class='ocrx_word' id='word_1_653' title='bbox 3332 4026 3509 4081; x_wconf 88' lang='lat' dir='ltr'>homo</span> <span class='ocrx_word' id='word_1_654' title='bbox 3542 4043 3675 4082; x_wconf 90' lang='lat' dir='ltr'>cum</span> 
     </span>
    </p>
   </div>
   <div class='ocr_carea' id='block_1_85' title="bbox 2022 4115 3673 4194">
    <p class='ocr_par' dir='ltr' id='par_1_85' title="bbox 2022 4115 3673 4194">
     <span class='ocr_line' id='line_1_85' title="bbox 2022 4115 3673 4194; baseline -0.005 -15"><span class='ocrx_word' id='word_1_655' title='bbox 2022 4123 2159 4189; x_wconf 90' lang='lat' dir='ltr'>Deo,</span> <span class='ocrx_word' id='word_1_656' title='bbox 2191 4123 2347 4194; x_wconf 69' lang='lat' dir='ltr'>leges</span> <span class='ocrx_word' id='word_1_657' title='bbox 2378 4123 2503 4193; x_wconf 87' lang='lat' dir='ltr'>ipse</span> <span class='ocrx_word' id='word_1_658' title='bbox 2536 4120 2616 4176; x_wconf 88' lang='lat' dir='ltr'>vel</span> <span class='ocrx_word' id='word_1_659' title='bbox 2651 4138 2719 4175; x_wconf 80' lang='lat' dir='ltr'>ex</span> <span class='ocrx_word' id='word_1_660' title='bbox 2750 4136 2880 4175; x_wconf 84' lang='lat' dir='ltr'>sese</span> <span class='ocrx_word' id='word_1_661' title='bbox 2913 4119 3133 4173; x_wconf 79' lang='lat' dir='ltr'>ferebat</span> <span class='ocrx_word' id='word_1_662' title='bbox 3164 4116 3251 4171; x_wconf 79' lang='lat' dir='ltr'>vel</span> <span class='ocrx_word' id='word_1_663' title='bbox 3286 4134 3399 4171; x_wconf 86' lang='lat' dir='ltr'>non</span> <span class='ocrx_word' id='word_1_664' title='bbox 3434 4115 3673 4171; x_wconf 76' lang='lat' dir='ltr'>ferebat.</span> 
     </span>
    </p>
   </div>
   <div class='ocr_carea' id='block_1_86' title="bbox 2024 4204 3675 4279">
    <p class='ocr_par' dir='ltr' id='par_1_86' title="bbox 2024 4204 3675 4279">
     <span class='ocr_line' id='line_1_86' title="bbox 2024 4204 3675 4279; baseline -0.005 -12"><span class='ocrx_word' id='word_1_665' title='bbox 2024 4212 2185 4279; x_wconf 79' lang='lat' dir='ltr'>Quod</span> <span class='ocrx_word' id='word_1_666' title='bbox 2219 4211 2268 4267; x_wconf 90' lang='lat' dir='ltr'>si</span> <span class='ocrx_word' id='word_1_667' title='bbox 2299 4230 2365 4266; x_wconf 68' lang='lat' dir='ltr'>ex</span> <span class='ocrx_word' id='word_1_668' title='bbox 2402 4227 2528 4266; x_wconf 87' lang='lat' dir='ltr'>sese</span> <span class='ocrx_word' id='word_1_669' title='bbox 2560 4209 2801 4275; x_wconf 84' lang='lat' dir='ltr'>ferebat,</span> <span class='ocrx_word' id='word_1_670' title='bbox 2828 4208 2981 4264; x_wconf 84' lang='lat' dir='ltr'>Deus</span> <span class='ocrx_word' id='word_1_671' title='bbox 3004 4204 3263 4261; x_wconf 88' lang='lat' dir='ltr'>crat.Sin</span> <span class='ocrx_word' id='word_1_672' title='bbox 3296 4222 3427 4260; x_wconf 82' lang='lat' dir='ltr'>vero</span> <span class='ocrx_word' id='word_1_673' title='bbox 3460 4222 3574 4261; x_wconf 88' lang='lat' dir='ltr'>non</span> <span class='ocrx_word' id='word_1_674' title='bbox 3607 4222 3675 4260; x_wconf 85' lang='lat' dir='ltr'>ex</span> 
     </span>
    </p>
   </div>
   <div class='ocr_carea' id='block_1_87' title="bbox 2023 4294 3673 4371">
    <p class='ocr_par' dir='ltr' id='par_1_87' title="bbox 2023 4294 3673 4371">
     <span class='ocr_line' id='line_1_87' title="bbox 2023 4294 3673 4371; baseline -0.007 -15"><span class='ocrx_word' id='word_1_675' title='bbox 2023 4317 2173 4367; x_wconf 85' lang='lat' dir='ltr'>sese,</span> <span class='ocrx_word' id='word_1_676' title='bbox 2208 4299 2501 4371; x_wconf 87' lang='lat' dir='ltr'>quomodo</span> <span class='ocrx_word' id='word_1_677' title='bbox 2534 4315 2649 4354; x_wconf 91' lang='lat' dir='ltr'>non</span> <span class='ocrx_word' id='word_1_678' title='bbox 2683 4297 2898 4362; x_wconf 87' lang='lat' dir='ltr'>aiebat,</span> <span class='ocrx_word' id='word_1_679' title='bbox 2934 4320 2958 4345; x_wconf 77' lang='grc' dir='ltr'>ι(</span> <span class='ocrx_word' id='word_1_680' title='bbox 2991 4295 3120 4351; x_wconf 79' lang='lat' dir='ltr'>Haec</span> <span class='ocrx_word' id='word_1_681' title='bbox 3151 4294 3291 4349; x_wconf 89' lang='lat' dir='ltr'>dicit</span> <span class='ocrx_word' id='word_1_682' title='bbox 3324 4294 3623 4361; x_wconf 87' lang='lat' dir='ltr'>Dominus,</span> <span class='ocrx_word' id='word_1_683' title='bbox 3647 4315 3673 4341; x_wconf 85' lang='grc'><strong>››</strong></span> 
     </span>
    </p>
   </div>
   <div class='ocr_carea' id='block_1_88' title="bbox 2024 4382 3675 4460">
    <p class='ocr_par' dir='ltr' id='par_1_88' title="bbox 2024 4382 3675 4460">
     <span class='ocr_line' id='line_1_88' title="bbox 2024 4382 3675 4460; baseline -0.006 -15"><span class='ocrx_word' id='word_1_684' title='bbox 2024 4390 2124 4445; x_wconf 88' lang='lat' dir='ltr'>sed</span> <span class='ocrx_word' id='word_1_685' title='bbox 2143 4414 2169 4437; x_wconf 80' lang='grc' dir='ltr'>(ι</span> <span class='ocrx_word' id='word_1_686' title='bbox 2193 4390 2307 4460; x_wconf 85' lang='lat' dir='ltr'>Ego</span> <span class='ocrx_word' id='word_1_687' title='bbox 2338 4388 2468 4443; x_wconf 91' lang='lat' dir='ltr'>dico</span> <span class='ocrx_word' id='word_1_688' title='bbox 2502 4387 2724 4454; x_wconf 76' lang='lat' dir='ltr'>vobis,»</span> <span class='ocrx_word' id='word_1_689' title='bbox 2743 4390 2801 4442; x_wconf 88' lang='lat' dir='ltr'>et</span> <span class='ocrx_word' id='word_1_690' title='bbox 2832 4387 3124 4457; x_wconf 87' lang='lat' dir='ltr'>quomodo</span> <span class='ocrx_word' id='word_1_691' title='bbox 3156 4384 3252 4455; x_wconf 91' lang='lat' dir='ltr'>qui</span> <span class='ocrx_word' id='word_1_692' title='bbox 3287 4382 3405 4438; x_wconf 67' lang='lat' dir='ltr'>haec</span> <span class='ocrx_word' id='word_1_693' title='bbox 3438 4399 3553 4437; x_wconf 87' lang='lat' dir='ltr'>non</span> <span class='ocrx_word' id='word_1_694' title='bbox 3584 4382 3675 4436; x_wconf 84' lang='lat' dir='ltr'>di-</span> 
     </span>
    </p>
   </div>
   <div class='ocr_carea' id='block_1_89' title="bbox 2023 4471 3671 4545">
    <p class='ocr_par' dir='ltr' id='par_1_89' title="bbox 2023 4471 3671 4545">
     <span class='ocr_line' id='line_1_89' title="bbox 2023 4471 3671 4545; baseline -0.005 -11"><span class='ocrx_word' id='word_1_695' title='bbox 2023 4480 2210 4545; x_wconf 88' lang='lat' dir='ltr'>cebat,</span> <span class='ocrx_word' id='word_1_696' title='bbox 2246 4495 2361 4533; x_wconf 87' lang='lat' dir='ltr'>non</span> <span class='ocrx_word' id='word_1_697' title='bbox 2396 4481 2518 4533; x_wconf 81' lang='lat' dir='ltr'>erat</span> <span class='ocrx_word' id='word_1_698' title='bbox 2547 4478 2618 4531; x_wconf 89' lang='lat' dir='ltr'>ab</span> <span class='ocrx_word' id='word_1_699' title='bbox 2650 4474 2850 4545; x_wconf 82' lang='lat' dir='ltr'>eo,qui</span> <span class='ocrx_word' id='word_1_700' title='bbox 2882 4473 3114 4529; x_wconf 84' lang='lat' dir='ltr'>dicebat</span> <span class='ocrx_word' id='word_1_701' title='bbox 3142 4471 3483 4544; x_wconf 82' lang='lat' dir='ltr'>sejunctas?</span> <span class='ocrx_word' id='word_1_702' title='bbox 3506 4473 3671 4529; x_wconf 71' lang='lat' dir='ltr'>Orth.</span> 
     </span>
    </p>
   </div>
   <div class='ocr_carea' id='block_1_90' title="bbox 263 4558 1921 4639">
    <p class='ocr_par' dir='ltr' id='par_1_90' title="bbox 263 4558 1912 4638">
     <span class='ocr_line' id='line_1_90' title="bbox 263 4558 1912 4638; baseline 0.007 -28"><span class='ocrx_word' id='word_1_703' title='bbox 263 4558 419 4625; x_wconf 85' lang='grc' dir='ltr'>στὸς,</span> <span class='ocrx_word' id='word_1_704' title='bbox 453 4558 517 4613; x_wconf 80' lang='grc' dir='ltr'>ού</span> <span class='ocrx_word' id='word_1_705' title='bbox 554 4559 959 4631; x_wconf 73' lang='grc' dir='ltr'>συμπέπλεκται</span> <span class='ocrx_word' id='word_1_706' title='bbox 1006 4566 1120 4633; x_wconf 78' lang='grc' dir='ltr'>Θεῷ</span> <span class='ocrx_word' id='word_1_707' title='bbox 1173 4564 1464 4638; x_wconf 76' lang='grc' dir='ltr'>ἠρώτηκας</span> <span class='ocrx_word' id='word_1_708' title='bbox 1510 4564 1912 4629; x_wconf 78' lang='grc' dir='ltr'>ἀνακολούθως·</span> 
     </span>
    </p>
   </div>
   <div class='ocr_carea' id='block_1_91' title="bbox 2038 4558 3676 4639">
    <p class='ocr_par' dir='ltr' id='par_1_91' title="bbox 2038 4559 3676 4639">
     <span class='ocr_line' id='line_1_91' title="bbox 2038 4559 3676 4639; baseline -0.005 -15"><span class='ocrx_word' id='word_1_709' title='bbox 2038 4569 2328 4639; x_wconf 76' lang='lat' dir='ltr'>Siquidem</span> <span class='ocrx_word' id='word_1_710' title='bbox 2363 4567 2633 4622; x_wconf 88' lang='lat' dir='ltr'>Christus</span> <span class='ocrx_word' id='word_1_711' title='bbox 2657 4564 2765 4621; x_wconf 89' lang='lat' dir='ltr'>alia</span> <span class='ocrx_word' id='word_1_712' title='bbox 2797 4568 2884 4620; x_wconf 89' lang='lat' dir='ltr'>est</span> <span class='ocrx_word' id='word_1_713' title='bbox 2918 4579 3185 4635; x_wconf 90' lang='lat' dir='ltr'>persona,</span> <span class='ocrx_word' id='word_1_714' title='bbox 3219 4578 3333 4616; x_wconf 90' lang='lat' dir='ltr'>non</span> <span class='ocrx_word' id='word_1_715' title='bbox 3365 4559 3676 4633; x_wconf 88' lang='lat' dir='ltr'>copulatur</span> 
     </span>
    </p>
   </div>
   <div class='ocr_carea' id='block_1_92' title="bbox 257 4643 1908 4727">
    <p class='ocr_par' dir='ltr' id='par_1_92' title="bbox 257 4643 1908 4727">
     <span class='ocr_line' id='line_1_92' title="bbox 257 4643 1908 4727; baseline 0.007 -28"><span class='ocrx_word' id='word_1_716' title='bbox 257 4645 307 4700; x_wconf 69' lang='grc' dir='ltr'>εἴ</span> <span class='ocrx_word' id='word_1_717' title='bbox 339 4643 395 4701; x_wconf 66' lang='grc' dir='ltr'>δὲ</span> <span class='ocrx_word' id='word_1_718' title='bbox 424 4646 581 4709; x_wconf 75' lang='grc' dir='ltr'>αὐτὸς</span> <span class='ocrx_word' id='word_1_719' title='bbox 616 4650 644 4704; x_wconf 94' lang='lat'>6</span> <span class='ocrx_word' id='word_1_720' title='bbox 691 4651 918 4724; x_wconf 84' lang='grc' dir='ltr'>Χριστός</span> <span class='ocrx_word' id='word_1_721' title='bbox 966 4650 1075 4705; x_wconf 80' lang='grc' dir='ltr'>ἐστι</span> <span class='ocrx_word' id='word_1_722' title='bbox 1128 4653 1256 4713; x_wconf 84' lang='grc' dir='ltr'>Θεὸς</span> <span class='ocrx_word' id='word_1_723' title='bbox 1307 4653 1395 4706; x_wconf 82' lang='grc' dir='ltr'>καὶ</span> <span class='ocrx_word' id='word_1_724' title='bbox 1430 4655 1732 4726; x_wconf 77' lang='grc' dir='ltr'>ἅνθρωπος,</span> <span class='ocrx_word' id='word_1_725' title='bbox 1762 4656 1843 4718; x_wconf 80' lang='grc' dir='ltr'>τίς</span> <span class='ocrx_word' id='word_1_726' title='bbox 1876 4658 1908 4727; x_wconf 82' lang='grc' dir='ltr'>ἠ</span> 
     </span>
    </p>
   </div>
   <div class='ocr_carea' id='block_1_93' title="bbox 254 4737 1902 4817">
    <p class='ocr_par' dir='ltr' id='par_1_93' title="bbox 254 4737 1902 4817">
     <span class='ocr_line' id='line_1_93' title="bbox 254 4737 1902 4817; baseline 0.007 -29"><span class='ocrx_word' id='word_1_727' title='bbox 254 4737 535 4809; x_wconf 80' lang='grc' dir='ltr'>περισσεία</span> <span class='ocrx_word' id='word_1_728' title='bbox 589 4743 688 4792; x_wconf 89' lang='grc' dir='ltr'>τοῦ</span> <span class='ocrx_word' id='word_1_729' title='bbox 744 4740 955 4814; x_wconf 80' lang='grc' dir='ltr'>μόχθου</span> <span class='ocrx_word' id='word_1_730' title='bbox 1010 4747 1109 4809; x_wconf 85' lang='grc' dir='ltr'>τῆς</span> <span class='ocrx_word' id='word_1_731' title='bbox 1140 4740 1495 4817; x_wconf 77' lang='grc' dir='ltr'>ἐρωτήσεως;</span> <span class='ocrx_word' id='word_1_732' title='bbox 1530 4743 1700 4807; x_wconf 80' lang='grc' dir='ltr'>Πόθεν</span> <span class='ocrx_word' id='word_1_733' title='bbox 1757 4744 1814 4799; x_wconf 75' lang='grc' dir='ltr'>δὲ</span> <span class='ocrx_word' id='word_1_734' title='bbox 1841 4746 1902 4800; x_wconf 86' lang='grc' dir='ltr'>τὸ</span> 
     </span>
    </p>
   </div>
   <div class='ocr_carea' id='block_1_94' title="bbox 254 4822 1904 4909">
    <p class='ocr_par' dir='ltr' id='par_1_94' title="bbox 254 4822 1904 4909">
     <span class='ocr_line' id='line_1_94' title="bbox 254 4822 1904 4909; baseline 0.007 -32"><span class='ocrx_word' id='word_1_735' title='bbox 254 4825 669 4895; x_wconf 72' lang='grc' dir='ltr'>συμπέπλεκται</span> <span class='ocrx_word' id='word_1_736' title='bbox 704 4822 910 4896; x_wconf 82' lang='grc' dir='ltr'>λαϐὼν,</span> <span class='ocrx_word' id='word_1_737' title='bbox 942 4828 1256 4901; x_wconf 78' lang='grc' dir='ltr'>ἠρώτησας,</span> <span class='ocrx_word' id='word_1_738' title='bbox 1293 4827 1553 4903; x_wconf 81' lang='grc' dir='ltr'>μηδαμοῦ</span> <span class='ocrx_word' id='word_1_739' title='bbox 1608 4840 1706 4902; x_wconf 77' lang='grc' dir='ltr'>τῆς</span> <span class='ocrx_word' id='word_1_740' title='bbox 1764 4838 1904 4909; x_wconf 88' lang='grc' dir='ltr'>Γρα-</span> 
     </span>
    </p>
   </div>
   <div class='ocr_carea' id='block_1_95' title="bbox 251 4912 1904 4991">
    <p class='ocr_par' dir='ltr' id='par_1_95' title="bbox 251 4912 1904 4991">
     <span class='ocr_line' id='line_1_95' title="bbox 251 4912 1904 4991; baseline 0.007 -26"><span class='ocrx_word' id='word_1_741' title='bbox 251 4918 364 4986; x_wconf 77' lang='grc' dir='ltr'>φῆς</span> <span class='ocrx_word' id='word_1_742' title='bbox 397 4912 538 4968; x_wconf 71' lang='grc' dir='ltr'>οὕτω</span> <span class='ocrx_word' id='word_1_743' title='bbox 571 4917 643 4987; x_wconf 87' lang='grc'>(2)</span> <span class='ocrx_word' id='word_1_744' title='bbox 669 4912 967 4989; x_wconf 74' lang='grc' dir='ltr'>λεγοῦσηςς</span> <span class='ocrx_word' id='word_1_745' title='bbox 1004 4917 1109 4972; x_wconf 71' lang='lat' dir='ltr'>K“1v</span> <span class='ocrx_word' id='word_1_746' title='bbox 1141 4938 1199 4972; x_wconf 88' lang='grc' dir='ltr'>τε</span> <span class='ocrx_word' id='word_1_747' title='bbox 1230 4915 1305 4986; x_wconf 73' lang='grc' dir='ltr'>δὲ,</span> <span class='ocrx_word' id='word_1_748' title='bbox 1341 4919 1789 4991; x_wconf 78' lang='grc' dir='ltr'>Συμπέπλεκται,</span> <span class='ocrx_word' id='word_1_749' title='bbox 1824 4921 1904 4977; x_wconf 63' lang='lat'>0&amp;-</span> 
     </span>
    </p>
   </div>
   <div class='ocr_carea' id='block_1_96' title="bbox 253 4997 1898 5083">
    <p class='ocr_par' dir='ltr' id='par_1_96' title="bbox 253 4997 1898 5083">
     <span class='ocr_line' id='line_1_96' title="bbox 253 4997 1898 5083; baseline 0.007 -30"><span class='ocrx_word' id='word_1_750' title='bbox 253 4997 354 5072; x_wconf 78' lang='grc' dir='ltr'>λῃς</span> <span class='ocrx_word' id='word_1_751' title='bbox 386 4999 587 5074; x_wconf 74' lang='grc' dir='ltr'>λέγειν,</span> <span class='ocrx_word' id='word_1_752' title='bbox 618 5002 714 5057; x_wconf 72' lang='grc' dir='ltr'>κᾶν</span> <span class='ocrx_word' id='word_1_753' title='bbox 746 5024 823 5069; x_wconf 88' lang='grc' dir='ltr'>τε,</span> <span class='ocrx_word' id='word_1_754' title='bbox 858 5005 934 5065; x_wconf 86' lang='grc' dir='ltr'>ὼς</span> <span class='ocrx_word' id='word_1_755' title='bbox 964 5006 997 5073; x_wconf 78' lang='grc' dir='ltr'><strong>ἡ</strong></span> <span class='ocrx_word' id='word_1_756' title='bbox 1037 5007 1217 5083; x_wconf 80' lang='grc' dir='ltr'>Γραφή</span> <span class='ocrx_word' id='word_1_757' title='bbox 1243 5008 1408 5077; x_wconf 82' lang='grc' dir='ltr'>εἶπεν,</span> <span class='ocrx_word' id='word_1_758' title='bbox 1429 5005 1680 5077; x_wconf 73' lang='grc' dir='ltr'>Ἔλαϐεν,</span> <span class='ocrx_word' id='word_1_759' title='bbox 1704 5010 1799 5065; x_wconf 75' lang='grc' dir='ltr'>κᾶν</span> <span class='ocrx_word' id='word_1_760' title='bbox 1821 5032 1898 5081; x_wconf 91' lang='grc' dir='ltr'>τε,</span> 
     </span>
    </p>
   </div>
   <div class='ocr_carea' id='block_1_97' title="bbox 249 5090 1897 5171">
    <p class='ocr_par' dir='ltr' id='par_1_97' title="bbox 249 5090 1897 5171">
     <span class='ocr_line' id='line_1_97' title="bbox 249 5090 1897 5171; baseline 0.007 -27"><span class='ocrx_word' id='word_1_761' title='bbox 249 5090 512 5164; x_wconf 70' lang='grc' dir='ltr'>Ἐγένετο,</span> <span class='ocrx_word' id='word_1_762' title='bbox 573 5093 700 5154; x_wconf 90' lang='grc' dir='ltr'>Θεός</span> <span class='ocrx_word' id='word_1_763' title='bbox 757 5092 867 5147; x_wconf 81' lang='grc' dir='ltr'>ἐστι</span> <span class='ocrx_word' id='word_1_764' title='bbox 920 5094 1117 5169; x_wconf 82' lang='grc' dir='ltr'>Λόγος,</span> <span class='ocrx_word' id='word_1_765' title='bbox 1174 5097 1387 5171; x_wconf 71' lang='grc' dir='ltr'>μορφήν</span> <span class='ocrx_word' id='word_1_766' title='bbox 1440 5094 1641 5152; x_wconf 76' lang='grc' dir='ltr'>δούλου</span> <span class='ocrx_word' id='word_1_767' title='bbox 1692 5096 1897 5168; x_wconf 68' lang='grc' dir='ltr'>λαϐὼν,</span> 
     </span>
    </p>
   </div>
   <div class='ocr_carea' id='block_1_98' title="bbox 248 5177 1896 5261">
    <p class='ocr_par' dir='ltr' id='par_1_98' title="bbox 248 5177 1896 5261">
     <span class='ocr_line' id='line_1_98' title="bbox 248 5177 1896 5261; baseline 0.007 -29"><span class='ocrx_word' id='word_1_768' title='bbox 248 5177 483 5251; x_wconf 76' lang='grc' dir='ltr'>Χριστὸς</span> <span class='ocrx_word' id='word_1_769' title='bbox 545 5179 979 5254; x_wconf 86' lang='grc' dir='ltr'>ὀνομαζόμενος,</span> <span class='ocrx_word' id='word_1_770' title='bbox 1040 5183 1129 5237; x_wconf 83' lang='grc' dir='ltr'>καὶ</span> <span class='ocrx_word' id='word_1_771' title='bbox 1189 5181 1287 5250; x_wconf 83' lang='grc' dir='ltr'>ὥν,</span> <span class='ocrx_word' id='word_1_772' title='bbox 1345 5186 1434 5238; x_wconf 80' lang='grc' dir='ltr'>καὶ</span> <span class='ocrx_word' id='word_1_773' title='bbox 1483 5188 1896 5261; x_wconf 70' lang='grc' dir='ltr'>πιστευόμενος*</span> 
     </span>
    </p>
   </div>
   <div class='ocr_carea' id='block_1_99' title="bbox 320 5374 1429 5453">
    <p class='ocr_par' dir='ltr' id='par_1_99' title="bbox 320 5374 1429 5453">
     <span class='ocr_line' id='line_1_99' title="bbox 320 5374 1429 5453; baseline 0.009 -24"><span class='ocrx_word' id='word_1_774' title='bbox 320 5374 363 5408; x_wconf 83' lang='grc'>⁹⁷</span> <span class='ocrx_word' id='word_1_775' title='bbox 399 5375 601 5433; x_wconf 75' lang='lat' dir='ltr'>Matth.</span> <span class='ocrx_word' id='word_1_776' title='bbox 634 5395 749 5446; x_wconf 67' lang='grc' dir='ltr'>ιιι,</span> <span class='ocrx_word' id='word_1_777' title='bbox 779 5379 869 5434; x_wconf 86' lang='grc'>28.</span> <span class='ocrx_word' id='word_1_778' title='bbox 947 5381 990 5415; x_wconf 67' lang='grc' dir='ltr'>νδ</span> <span class='ocrx_word' id='word_1_779' title='bbox 1022 5380 1221 5437; x_wconf 86' lang='lat' dir='ltr'>Matth.</span> <span class='ocrx_word' id='word_1_780' title='bbox 1255 5397 1306 5453; x_wconf 92' lang='lat' dir='ltr'>v,</span> <span class='ocrx_word' id='word_1_781' title='bbox 1343 5383 1429 5439; x_wconf 77' lang='grc'>14.</span> 
     </span>
    </p>
   </div>
   <div class='ocr_carea' id='block_1_100' title="bbox 324 5582 1685 5660">
    <p class='ocr_par' dir='ltr' id='par_1_100' title="bbox 324 5582 1685 5660">
     <span class='ocr_line' id='line_1_100' title="bbox 324 5582 1685 5660; baseline 0.01 -24"><span class='ocrx_word' id='word_1_782' title='bbox 324 5582 440 5660; x_wconf 42' lang='lat'>(28.)</span> <span class='ocrx_word' id='word_1_783' title='bbox 467 5583 841 5660; x_wconf 68' lang='grc' dir='ltr'>Κατώρθωσαν</span> <span class='ocrx_word' id='word_1_784' title='bbox 874 5585 1184 5660; x_wconf 78' lang='grc' dir='ltr'>προαίρεσιν</span> <span class='ocrx_word' id='word_1_785' title='bbox 1221 5585 1507 5660; x_wconf 71' lang='grc' dir='ltr'>ἀληθινήν,</span> <span class='ocrx_word' id='word_1_786' title='bbox 1542 5610 1685 5649; x_wconf 83' lang='lat' dir='ltr'>mss.</span> 
     </span>
    </p>
   </div>
   <div class='ocr_carea' id='block_1_101' title="bbox 335 5606 1382 5731">
    <p class='ocr_par' dir='ltr' id='par_1_101' title="bbox 335 5606 1382 5731">
     <span class='ocr_line' id='line_1_101' title="bbox 335 5606 1382 5657; baseline 0.011 -26"><span class='ocrx_word' id='word_1_787' title='bbox 335 5606 435 5649; x_wconf 65' lang='grc' dir='ltr'>πο)</span> <span class='ocrx_word' id='word_1_788' title='bbox 467 5606 841 5655; x_wconf 72' lang='grc' dir='ltr'>Λατωρυωσαν</span> <span class='ocrx_word' id='word_1_789' title='bbox 874 5606 1036 5657; x_wconf 88' lang='grc' dir='ltr'>προαι</span> <span class='ocrx_word' id='word_1_790' title='bbox 1079 5607 1184 5641; x_wconf 85' lang='grc' dir='ltr'>εσιν</span> <span class='ocrx_word' id='word_1_791' title='bbox 1221 5606 1382 5656; x_wconf 54' lang='lat' dir='ltr'>arm-3m</span> 
     </span>
     <span class='ocr_line' id='line_1_102' title="bbox 335 5606 1382 5731; baseline 0.011 -24"><span class='ocrx_word' id='word_1_792' title='bbox 335 5652 448 5724; x_wconf 84' lang='lat'>(99)</span> <span class='ocrx_word' id='word_1_793' title='bbox 479 5653 544 5708; x_wconf 73' lang='grc' dir='ltr'>Δὶ</span> <span class='ocrx_word' id='word_1_794' title='bbox 574 5655 886 5731; x_wconf 74' lang='grc' dir='ltr'>προαίρεσιν</span> <span class='ocrx_word' id='word_1_795' title='bbox 917 5606 1205 5730; x_wconf 53' lang='grc' dir='ltr'>ἀληξινήει,</span> <span class='ocrx_word' id='word_1_796' title='bbox 1238 5677 1382 5718; x_wconf 75' lang='lat' dir='ltr'>mss.</span> 
     </span>
    </p>
   </div>
   <div class='ocr_carea' id='block_1_102' title="bbox 1506 5384 1954 5457">
    <p class='ocr_par' dir='ltr' id='par_1_102' title="bbox 1506 5384 1954 5457">
     <span class='ocr_line' id='line_1_103' title="bbox 1506 5384 1954 5457; baseline 0.013 -18"><span class='ocrx_word' id='word_1_797' title='bbox 1506 5384 1552 5419; x_wconf 67' lang='grc' dir='ltr'>ιο</span> <span class='ocrx_word' id='word_1_798' title='bbox 1580 5387 1603 5438; x_wconf 85' lang='lat'>1</span> <span class='ocrx_word' id='word_1_799' title='bbox 1634 5385 1761 5442; x_wconf 92' lang='lat' dir='ltr'>Cor.</span> <span class='ocrx_word' id='word_1_800' title='bbox 1794 5404 1832 5457; x_wconf 81' lang='grc' dir='ltr'>ι,</span> <span class='ocrx_word' id='word_1_801' title='bbox 1867 5387 1954 5445; x_wconf 90' lang='lat' dir='ltr'>3o.</span> 
     </span>
    </p>
   </div>
   <div class='ocr_carea' id='block_1_103' title="bbox 2023 4650 3673 4725">
    <p class='ocr_par' dir='ltr' id='par_1_103' title="bbox 2023 4650 3673 4725">
     <span class='ocr_line' id='line_1_104' title="bbox 2023 4650 3673 4725; baseline -0.004 -13"><span class='ocrx_word' id='word_1_802' title='bbox 2023 4674 2157 4712; x_wconf 90' lang='lat' dir='ltr'>cum</span> <span class='ocrx_word' id='word_1_803' title='bbox 2193 4658 2325 4725; x_wconf 90' lang='lat' dir='ltr'>Deo,</span> <span class='ocrx_word' id='word_1_804' title='bbox 2362 4656 2468 4711; x_wconf 94' lang='lat' dir='ltr'>hoc</span> <span class='ocrx_word' id='word_1_805' title='bbox 2498 4656 2691 4725; x_wconf 90' lang='lat' dir='ltr'>inepte</span> <span class='ocrx_word' id='word_1_806' title='bbox 2730 4651 3069 4724; x_wconf 59' lang='lat' dir='ltr'>quaesivisti.</span> <span class='ocrx_word' id='word_1_807' title='bbox 3131 4651 3230 4705; x_wconf 86' lang='lat' dir='ltr'>Sin</span> <span class='ocrx_word' id='word_1_808' title='bbox 3292 4654 3487 4705; x_wconf 90' lang='lat' dir='ltr'>autem</span> <span class='ocrx_word' id='word_1_809' title='bbox 3548 4650 3673 4722; x_wconf 89' lang='lat' dir='ltr'>ipse</span> 
     </span>
    </p>
   </div>
   <div class='ocr_carea' id='block_1_104' title="bbox 2017 4742 3670 4811">
    <p class='ocr_par' dir='ltr' id='par_1_104' title="bbox 2017 4742 3670 4811">
     <span class='ocr_line' id='line_1_105' title="bbox 2017 4742 3670 4811; baseline -0.005 -10"><span class='ocrx_word' id='word_1_810' title='bbox 2017 4745 2288 4801; x_wconf 85' lang='lat' dir='ltr'>Christus</span> <span class='ocrx_word' id='word_1_811' title='bbox 2345 4750 2435 4800; x_wconf 88' lang='lat' dir='ltr'>est</span> <span class='ocrx_word' id='word_1_812' title='bbox 2490 4744 2643 4799; x_wconf 90' lang='lat' dir='ltr'>Deus</span> <span class='ocrx_word' id='word_1_813' title='bbox 2674 4746 2751 4810; x_wconf 42' lang='lat' dir='ltr'>,et</span> <span class='ocrx_word' id='word_1_814' title='bbox 2781 4742 2981 4808; x_wconf 89' lang='lat' dir='ltr'>homo,</span> <span class='ocrx_word' id='word_1_815' title='bbox 3012 4757 3292 4811; x_wconf 87' lang='lat' dir='ltr'>quorsum</span> <span class='ocrx_word' id='word_1_816' title='bbox 3328 4755 3670 4811; x_wconf 77' lang='lat' dir='ltr'>supervaca-</span> 
     </span>
    </p>
   </div>
   <div class='ocr_carea' id='block_1_105' title="bbox 2016 4827 3669 4904">
    <p class='ocr_par' dir='ltr' id='par_1_105' title="bbox 2016 4827 3669 4904">
     <span class='ocr_line' id='line_1_106' title="bbox 2016 4827 3669 4904; baseline -0.005 -15"><span class='ocrx_word' id='word_1_817' title='bbox 2016 4852 2164 4890; x_wconf 89' lang='lat' dir='ltr'>neus</span> <span class='ocrx_word' id='word_1_818' title='bbox 2197 4834 2305 4889; x_wconf 89' lang='lat' dir='ltr'>iste</span> <span class='ocrx_word' id='word_1_819' title='bbox 2337 4830 2811 4904; x_wconf 86' lang='lat' dir='ltr'>interrogationis</span> <span class='ocrx_word' id='word_1_820' title='bbox 2843 4828 3049 4885; x_wconf 87' lang='lat' dir='ltr'>labor?</span> <span class='ocrx_word' id='word_1_821' title='bbox 3078 4827 3242 4884; x_wconf 88' lang='lat' dir='ltr'>Unde</span> <span class='ocrx_word' id='word_1_822' title='bbox 3304 4844 3430 4883; x_wconf 86' lang='lat' dir='ltr'>vero</span> <span class='ocrx_word' id='word_1_823' title='bbox 3489 4827 3669 4891; x_wconf 82' lang='lat' dir='ltr'>istud,</span> 
     </span>
    </p>
   </div>
   <div class='ocr_carea' id='block_1_106' title="bbox 2014 4916 3668 4994">
    <p class='ocr_par' dir='ltr' id='par_1_106' title="bbox 2014 4916 3668 4994">
     <span class='ocr_line' id='line_1_107' title="bbox 2014 4916 3668 4994; baseline -0.005 -17"><span class='ocrx_word' id='word_1_824' title='bbox 2014 4921 2326 4994; x_wconf 89' lang='lat' dir='ltr'>copulatus</span> <span class='ocrx_word' id='word_1_825' title='bbox 2384 4927 2492 4988; x_wconf 88' lang='lat' dir='ltr'>est,</span> <span class='ocrx_word' id='word_1_826' title='bbox 2549 4919 2850 4990; x_wconf 81' lang='lat' dir='ltr'>usurpasti</span> <span class='ocrx_word' id='word_1_827' title='bbox 2883 4916 3316 4989; x_wconf 85' lang='lat' dir='ltr'>interrogando,</span> <span class='ocrx_word' id='word_1_828' title='bbox 3350 4931 3483 4971; x_wconf 93' lang='lat' dir='ltr'>cum</span> <span class='ocrx_word' id='word_1_829' title='bbox 3515 4916 3668 4970; x_wconf 88' lang='lat' dir='ltr'>Scri-</span> 
     </span>
    </p>
   </div>
   <div class='ocr_carea' id='block_1_107' title="bbox 2013 5005 3668 5086">
    <p class='ocr_par' dir='ltr' id='par_1_107' title="bbox 2013 5005 3668 5086">
     <span class='ocr_line' id='line_1_108' title="bbox 2013 5005 3668 5086; baseline -0.006 -18"><span class='ocrx_word' id='word_1_830' title='bbox 2013 5019 2183 5086; x_wconf 85' lang='lat' dir='ltr'>ptura</span> <span class='ocrx_word' id='word_1_831' title='bbox 2220 5011 2461 5066; x_wconf 89' lang='lat' dir='ltr'>minime</span> <span class='ocrx_word' id='word_1_832' title='bbox 2492 5011 2575 5065; x_wconf 90' lang='lat' dir='ltr'>sic</span> <span class='ocrx_word' id='word_1_833' title='bbox 2606 5007 2923 5080; x_wconf 86' lang='lat' dir='ltr'>loquatur?</span> <span class='ocrx_word' id='word_1_834' title='bbox 2953 5006 3079 5063; x_wconf 87' lang='lat' dir='ltr'>Sive</span> <span class='ocrx_word' id='word_1_835' title='bbox 3112 5011 3304 5061; x_wconf 88' lang='lat' dir='ltr'>autem</span> <span class='ocrx_word' id='word_1_836' title='bbox 3340 5005 3519 5074; x_wconf 88' lang='lat' dir='ltr'>istud,</span> <span class='ocrx_word' id='word_1_837' title='bbox 3574 5021 3668 5059; x_wconf 89' lang='lat' dir='ltr'>co-</span> 
     </span>
    </p>
   </div>
   <div class='ocr_carea' id='block_1_108' title="bbox 2013 5093 3665 5175">
    <p class='ocr_par' dir='ltr' id='par_1_108' title="bbox 2013 5093 3665 5175">
     <span class='ocr_line' id='line_1_109' title="bbox 2013 5093 3665 5175; baseline -0.006 -19"><span class='ocrx_word' id='word_1_838' title='bbox 2013 5102 2250 5175; x_wconf 87' lang='lat' dir='ltr'>pulatus</span> <span class='ocrx_word' id='word_1_839' title='bbox 2282 5106 2390 5166; x_wconf 88' lang='lat' dir='ltr'>est,</span> <span class='ocrx_word' id='word_1_840' title='bbox 2426 5114 2710 5170; x_wconf 88' lang='lat' dir='ltr'>usurpare</span> <span class='ocrx_word' id='word_1_841' title='bbox 2742 5096 2948 5169; x_wconf 85' lang='lat' dir='ltr'>placet,</span> <span class='ocrx_word' id='word_1_842' title='bbox 2974 5096 3116 5161; x_wconf 81' lang='lat' dir='ltr'>sive,</span> <span class='ocrx_word' id='word_1_843' title='bbox 3150 5100 3213 5150; x_wconf 92' lang='lat' dir='ltr'>ut</span> <span class='ocrx_word' id='word_1_844' title='bbox 3247 5094 3545 5167; x_wconf 88' lang='lat' dir='ltr'>Scriptura</span> <span class='ocrx_word' id='word_1_845' title='bbox 3577 5093 3665 5147; x_wconf 84' lang='lat' dir='ltr'>in-</span> 
     </span>
    </p>
   </div>
   <div class='ocr_carea' id='block_1_109' title="bbox 2009 5185 3661 5263">
    <p class='ocr_par' dir='ltr' id='par_1_109' title="bbox 2009 5185 3661 5263">
     <span class='ocr_line' id='line_1_110' title="bbox 2009 5185 3661 5263; baseline -0.005 -18"><span class='ocrx_word' id='word_1_846' title='bbox 2009 5190 2159 5263; x_wconf 89' lang='lat' dir='ltr'>quit,</span> <span class='ocrx_word' id='word_1_847' title='bbox 2188 5191 2381 5245; x_wconf 90' lang='lat' dir='ltr'>dicere</span> <span class='ocrx_word' id='word_1_848' title='bbox 2411 5187 2602 5258; x_wconf 87' lang='lat' dir='ltr'>malis,</span> <span class='ocrx_word' id='word_1_849' title='bbox 2662 5185 3020 5258; x_wconf 84' lang='lat' dir='ltr'>Assumpsit,</span> <span class='ocrx_word' id='word_1_850' title='bbox 3080 5188 3199 5256; x_wconf 89' lang='lat' dir='ltr'>aut,</span> <span class='ocrx_word' id='word_1_851' title='bbox 3262 5185 3500 5240; x_wconf 84' lang='lat' dir='ltr'>Factum</span> <span class='ocrx_word' id='word_1_852' title='bbox 3555 5188 3661 5249; x_wconf 88' lang='lat' dir='ltr'>est,</span> 
     </span>
    </p>
   </div>
   <div class='ocr_carea' id='block_1_110' title="bbox 2034 5386 2489 5458">
    <p class='ocr_par' dir='ltr' id='par_1_110' title="bbox 2034 5386 2489 5458">
     <span class='ocr_line' id='line_1_111' title="bbox 2034 5386 2489 5458; baseline -0.004 -15"><span class='ocrx_word' id='word_1_853' title='bbox 2034 5390 2051 5425; x_wconf 81' lang='grc'>¹</span> <span class='ocrx_word' id='word_1_854' title='bbox 2092 5388 2266 5444; x_wconf 87' lang='lat' dir='ltr'>Hebr.</span> <span class='ocrx_word' id='word_1_855' title='bbox 2301 5403 2366 5458; x_wconf 83' lang='grc' dir='ltr'>ιι,</span> <span class='ocrx_word' id='word_1_856' title='bbox 2402 5386 2489 5441; x_wconf 80' lang='grc'>1⁸7.</span> 
     </span>
    </p>
   </div>
   <div class='ocr_carea' id='block_1_111' title="bbox 2082 5586 3443 5666">
    <p class='ocr_par' dir='ltr' id='par_1_111' title="bbox 2082 5586 3443 5666">
     <span class='ocr_line' id='line_1_112' title="bbox 2082 5586 3443 5666; baseline -0.007 -16"><span class='ocrx_word' id='word_1_857' title='bbox 2082 5596 2159 5665; x_wconf 84' lang='grc' dir='ltr'>(Ι)</span> <span class='ocrx_word' id='word_1_858' title='bbox 2191 5595 2401 5663; x_wconf 83' lang='lat' dir='ltr'>Palat.,</span> <span class='ocrx_word' id='word_1_859' title='bbox 2431 5590 2523 5649; x_wconf 78' lang='grc' dir='ltr'>καὶ</span> <span class='ocrx_word' id='word_1_860' title='bbox 2554 5591 2841 5666; x_wconf 73' lang='grc' dir='ltr'>ἅνθρωπος</span> <span class='ocrx_word' id='word_1_861' title='bbox 2865 5587 3065 5666; x_wconf 78' lang='grc' dir='ltr'>ὤφειλε</span> <span class='ocrx_word' id='word_1_862' title='bbox 3094 5587 3225 5641; x_wconf 77' lang='grc' dir='ltr'>κατᾶ</span> <span class='ocrx_word' id='word_1_863' title='bbox 3257 5586 3443 5641; x_wconf 72' lang='grc' dir='ltr'>πάντα.</span> 
     </span>
    </p>
   </div>
   <div class='ocr_carea' id='block_1_112' title="bbox 2082 5668 2676 5739">
    <p class='ocr_par' dir='ltr' id='par_1_112' title="bbox 2082 5668 2676 5739">
     <span class='ocr_line' id='line_1_113' title="bbox 2082 5668 2676 5739; baseline -0.01 -18"><span class='ocrx_word' id='word_1_864' title='bbox 2082 5668 2155 5739; x_wconf 81' lang='grc'>(2)</span> <span class='ocrx_word' id='word_1_865' title='bbox 2190 5668 2400 5736; x_wconf 82' lang='lat' dir='ltr'>Palat.,</span> <span class='ocrx_word' id='word_1_866' title='bbox 2430 5668 2590 5720; x_wconf 86' lang='grc' dir='ltr'>τοῦτο</span> <span class='ocrx_word' id='word_1_867' title='bbox 2623 5678 2676 5716; x_wconf 80' lang='grc' dir='ltr'>Α.</span> 
     </span>
    </p>
   </div>
  </div>
