4086 6214
524 335 679 393 H79

1686 339 1748 395 ς.
1798 305 2427 397 ΑΤΗΑΝΑειυδζ-
2456 338 2767 399 senum.

3737 343 3849 406 1280

524 467 679 523 Deus
703 468 957 526 Verbum
990 469 1041 526 is
1072 475 1162 525 est
1190 469 1291 540 qui
1324 469 1471 525 servi
1521 470 1770 524 formam
1828 466 2151 540 assumpsit

2285 464 2376 519 καὶ
2402 465 2699 541 χριόμενος
2729 468 2822 541 μὲν
2855 468 2928 530 ὡς
2962 466 3243 541 ἀνθρωπος
3261 472 3337 540 τῷ
3358 470 3619 540 ΙΙνε-ὀματι
3639 474 3706 541 τῷ
3724 472 3843 547 ἇγίψ.

525 556 625 627 qui
671 557 935 613 Christus
969 562 1365 630 nuncupatur,
1397 562 1505 624 est,
1537 561 1593 613 et
1622 556 1881 612 creditur
1911 575 1923 612 :
1960 560 2172 612 unctus

528 647 762 716 quidem
797 647 1009 717 Spiritu
1043 652 1265 715 sancto,
1301 652 1593 719 quatenus
1623 647 1798 702 homo
1847 652 1964 713 est;
2024 662 2168 716 qua-

2284 556 2358 616 ὡς
2385 553 2441 610 δὲ
2462 556 2879 633 Θεὸς,παρέχων
2908 558 3067 619 αὐτὸς
3087 563 3203 619 τοῖς
3230 557 3419 630 ἀξίοις.
3444 557 3592 615 Οὕτω
3611 559 3688 613 καὶ
3713 560 3845 623 ὁΘιὸς

2280 651 2583 717 νομοθετεῖ,
2630 646 2720 700 καὶ
2773 647 2847 707 ὡς
2898 648 3184 721 ἅνθρωπος
3234 647 3336 701 ὑπὸ
3364 648 3529 720 νόμον
3554 647 3746 722 γίνεται,
3782 652 3846 705 καὶ

528 742 701 789 tenus
752 740 947 791 autem
979 737 1131 793 Deus
1162 742 1268 804 est,
1303 737 1572 793 eumdem
1606 736 1677 791 iis
1711 736 1807 808 qui
1842 734 2002 807 digni
2034 744 2156 789 sunt

2281 730 2371 787 διὰ
2415 738 2577 789 τοῦτο
2626 733 2686 790 οὐ
2736 734 2904 809 λέγει,
2956 733 3100 793 Τάδε
3146 734 3292 813 λέγει
3340 736 3550 809 Κύριος,
3596 734 3753 806 ἐπειδῆ
3777 738 3846 793 οὐκ

527 824 765 893 praebet.
800 825 885 878 Ita
912 825 1087 880 etiam
1122 830 1273 881 Deus
1320 826 1476 898 leges
1526 825 1710 897 ponit,
1768 830 1825 880 et
1882 828 2170 895 quatenus

524 912 697 967 homo
730 917 818 968 est
849 914 909 968 ﬁt
943 915 1053 987 legi
1086 916 1391 969 obnoxius.
1425 916 1671 986 Ideoque
1702 932 1814 970 non
1848 914 2007 977 dicit,
2043 912 2170 966 Haec

525 1000 668 1054 dicit
699 1002 997 1072 Dominus,
1031 1003 1305 1073 quoniam
1338 1004 1461 1075 ipse
1494 1021 1605 1058 non
1636 1008 1727 1058 est
1757 1003 1929 1058 homo
1990 1000 2167 1074 parti-

523 1105 659 1160 ceps
703 1091 958 1157 deitatis,
993 1092 1091 1146 sed
1126 1097 1275 1147 Deus
1306 1094 1597 1164 particeps
1622 1092 1814 1147 carnis
1844 1096 1899 1148 et
1929 1089 2166 1162 sangui-

522 1179 636 1247 nis,
669 1179 725 1232 id
757 1184 843 1234 est
876 1180 1143 1235 humana;
1176 1186 1415 1235 naturae.
1450 1181 1596 1236 Nam
1630 1181 1921 1253 scriptura
1977 1179 2166 1237 homi-

518 1283 652 1322 nem
684 1274 848 1323 vocat
877 1286 1108 1323 carnem
1142 1274 1197 1324 et
1227 1270 1671 1341 sanguinem,ut
1693 1287 1825 1325 cum
1861 1270 2001 1325 dicit
2029 1272 2166 1325 Pau-

518 1356 611 1410 lus
647 1374 659 1410 :
701 1378 725 1407 α
755 1357 875 1412 Νοη
912 1358 1129 1413 contuli
1162 1376 1294 1413 cum
1330 1376 1503 1414 carne
1532 1364 1590 1413 et
1618 1360 1902 1431 sanguine
1934 1361 1974 1412 ³.
2009 1383 2036 1410 ››
2096 1363 2165 1419 Et

516 1446 670 1499 sicut
703 1444 872 1500 homo
903 1463 967 1500 ex
998 1446 1233 1502 animali
1266 1452 1325 1502 et
1355 1447 1619 1503 rationali
1652 1448 2164 1519 compositus,una

511 1542 594 1588 est
625 1550 874 1604 persona
906 1552 920 1591 :
950 1536 1032 1590 ita
1055 1537 1227 1591 etiam
1264 1554 1380 1591 una
1410 1554 1656 1608 persona
1682 1554 1746 1591 ex
1773 1542 1883 1593 Deo
1902 1544 1959 1594 et
1976 1542 2162 1596 forma

508 1622 659 1676 servi
692 1622 918 1677 exsistit
951 1642 963 1678 :
997 1624 1241 1695 ideoque
1274 1642 1385 1679 non
1422 1625 1582 1692 dicit,
1622 1648 1641 1674 α
1676 1626 1805 1681 Hmc
1850 1627 1994 1682 dicit
2053 1634 2159 1685 Do-

505 1709 725 1776 minus,
789 1733 815 1761 »
872 1713 973 1767 sed
1007 1736 1032 1762 ‹‹
1068 1715 1182 1785 Ego
1213 1715 1342 1769 dico
1374 1715 1536 1769 vobis
1569 1716 1588 1748 ³
1625 1733 1636 1770 :
1675 1737 1700 1762 η
1732 1720 1787 1770 et
1821 1738 1847 1764 ι(
1878 1717 1994 1789 Ego
2026 1734 2158 1775 sum

502 1798 621 1853 vita
647 1804 704 1854 et
732 1800 944 1856 veritas
974 1803 1012 1855 ‘.
1033 1806 1273 1873 uitaque
1303 1801 1481 1857 veluti
1515 1803 1562 1858 si
1598 1820 1731 1873 pars
1765 1805 2068 1861 rationalis
2099 1808 2156 1862 in

506 1888 676 1943 nobis
707 1890 881 1953 dicat,
918 1890 1031 1961 Ego
1063 1908 1194 1946 sum
1226 1891 1291 1946 ad
1331 1891 1646 1962 imaginem
1679 1892 1773 1947 Dei
1820 1893 2027 1961 factus,
2074 1896 2156 1952 ita

506 1982 900 2047 comparatus,
962 1983 1025 2032 ut
1077 1978 1313 2035 interire
1370 1997 1482 2035 non
1517 1981 1759 2051 possim,
1796 1999 2154 2057 rursumque

506 2083 641 2137 pars
673 2066 775 2122 illa
806 2067 1106 2123 rationalis
1132 2069 1307 2134 dicat,
1345 2071 1454 2141 Ego
1486 2087 1616 2125 sum
1649 2075 1803 2125 terra
1858 2075 1914 2127 et
1970 2074 2151 2143 cinis;

506 2172 622 2211 non
673 2155 933 2227 loquitur
963 2158 1133 2213 modo
1167 2158 1405 2229 animal,
1439 2162 1611 2216 modo
1644 2160 1700 2215 id
1733 2163 1887 2233 quod
1921 2164 2154 2219 ratioci-

502 2248 708 2313 natur;
744 2245 844 2301 sed
878 2246 1135 2317 idipsum
1169 2247 1471 2319 rationale,
1507 2250 1680 2305 modo
1713 2267 1844 2321 quas
1876 2250 1988 2306 sibi
2022 2268 2154 2323 pro-

500 2334 629 2407 pria
658 2338 817 2399 sunt,
850 2336 1022 2391 modo
1053 2352 1180 2408 qua:
1230 2336 1466 2393 animali
1526 2339 1898 2409 conveniunt,
1959 2339 2154 2412 loqui-

500 2425 598 2477 tur
647 2439 660 2478 :
713 2422 796 2478 ita
851 2423 1025 2480 homo
1075 2430 1131 2481 et
1163 2425 1317 2482 Deus
1345 2426 1623 2496 Verbum,
1656 2427 1830 2484 unica
1859 2445 1962 2501 per
1985 2430 2152 2485 unio-

501 2528 634 2567 nem
667 2512 952 2570 exsislens
983 2530 1253 2585 persona,
1287 2532 1418 2570 eum
1457 2516 1555 2583 ait,
1589 2539 1618 2567 «
1668 2517 1777 2581 Qui
1834 2518 1979 2573 vidit
2036 2534 2150 2587 me,

498 2599 646 2655 vidit
676 2601 902 2657 Patrem
936 2626 957 2655 ι
995 2603 1035 2671 ⁵,
1060 2603 1354 2675 signiﬁcat
1383 2622 1503 2659 suae
1534 2605 1769 2662 deitatis
1801 2608 2154 2679 contempla-

498 2689 740 2745 tionem.
776 2690 891 2748 Nec
922 2691 1076 2747 enim
1110 2692 1380 2764 quisquis
1406 2709 1640 2749 carnem
1698 2694 1859 2750 vidit.
1920 2699 2149 2751 Patrem

498 2778 683 2834 vidit:
717 2779 807 2836 sin
842 2780 1061 2849 minus,
1082 2786 1139 2837 et
1169 2782 1430 2848 Pontius,
1450 2783 1813 2851 etHerodes,
1845 2788 1902 2841 et
1931 2785 2029 2856 qui
2061 2802 2152 2842 co-

499 2867 708 2937 laphos
738 2868 788 2923 ei
820 2869 1212 2942 impegerunt,
1245 2875 1303 2927 et
1334 2871 1431 2943 qui
1465 2871 1644 2928 clavis
1675 2873 1871 2944 ipsum
1904 2875 2150 2931 conﬁxe-

499 2960 637 3011 runt
665 2957 991 3024 carniﬁces,
1026 2961 1488 3033 compcrirentur
1518 2961 1742 3017 Patrem
1785 2963 2021 3019 vidisse.
2082 2965 2150 3020 Et

499 3062 628 3099 cum
661 3044 873 3117 inquit,
894 3070 923 3095 «
944 3052 1187 3104 Dorsum
1223 3067 1418 3106 meum
1450 3051 1644 3122 ﬂagris
1675 3052 1894 3123 praebui
1924 3053 1964 3125 ⁸,
1985 3075 2013 3102 ››
2034 3070 2149 3109 non

502 3132 795 3205 signiﬁcat
824 3136 1055 3192 deitatis
1086 3139 1324 3195 dorsum
1360 3158 1371 3196 :
1409 3156 1596 3211 neque
1626 3157 1758 3195 cum
1791 3142 1890 3209 ait,
1942 3164 1969 3191 ‹‹
2026 3142 2147 3197 Ali-

2283 822 2567 899 ἅνθρωπός
2600 823 2710 878 ἐστι
2747 822 3033 899 μετασχὼν
3067 823 3341 896 θεότητος,
3389 822 3531 880 ἀλλᾶ
3574 825 3687 886 Θεὸς
3724 847 3843 900 μετα-

2280 913 2428 985 σχὼν
2464 910 2698 985 αἳματος
2726 910 2815 967 καί
2848 912 3069 988 σαρκὸς,
3099 912 3369 967 τουτέστιν
3386 912 3843 989 ἆνθρωπότητος.Ἠ

2278 1001 2463 1078 Γραφή
2512 1002 2613 1076 γὰρ
2660 1002 2751 1055 τὸν
2804 1003 3087 1078 ἄνθρωπον
3135 1001 3305 1075 σάρκα
3350 1002 3439 1057 καὶ
3470 1004 3595 1076 αἷμα
3620 1001 3767 1075 καλεῖ,
3792 1004 3844 1066 ὡς

2277 1087 2400 1143 ὅταν
2434 1088 2569 1166 λέγῃ
2604 1089 2844 1153 Παῦλος·
2880 1116 2909 1143 (ι
2941 1089 3019 1147 Οὐ
3050 1090 3454 1164 προσανεθέμην
3492 1092 3634 1166 σαρκῖ
3674 1092 3749 1146 καὶ
3786 1091 3844 1145 ai-

2279 1197 2429 1250 ματι·
2467 1202 2494 1229 ››
2525 1178 2615 1233 καὶ
2648 1177 2828 1255 ὥσπερ
2857 1176 2912 1234 ἓν
2945 1178 3054 1234 ἐστι
3087 1178 3381 1253 πρόσωπον
3427 1180 3455 1234 6
3503 1180 3767 1255 ἅνθρωπος,
3806 1179 3847 1235 ἐκ

2278 1266 2419 1334 ζώου
2449 1266 2537 1321 καὶ
2571 1266 2796 1343 λογικοῦ
2826 1269 3189 1343 συγκείμενος·
3222 1267 3369 1323 οὕτω
3399 1268 3485 1323 καὶ
3512 1266 3565 1323 ’έν
3611 1268 3844 1345 πρόσωπον

2273 1356 2500 1430 Χριστὸς
2532 1356 2590 1410 ἐκ
2619 1360 2754 1411 Θεοῦ
2783 1356 2873 1411 καὶ
2927 1358 3143 1433 μορφῆς
3190 1354 3452 1419 δουλικ-’ἧς
3494 1356 3745 1434 ὑπάρχων,
3779 1356 3845 1411 καὶ

2273 1442 2361 1498 διὰ
2414 1449 2577 1500 τοῦτο
2636 1444 2697 1500 οὗ
2756 1443 2928 1520 λέγει,
2978 1470 3005 1497 ‹‹
3056 1443 3198 1502 Τάδε
3246 1445 3392 1522 λέγει
3451 1446 3651 1522 Κύριος,
3682 1445 3843 1514 ››ἇλλ’,

2272 1556 2301 1585 α
2338 1534 2479 1608 Ἐγὼ
2510 1531 2653 1609 λέγω
2680 1535 2827 1607 ὑμῖψ
2856 1559 2883 1587 ››
2915 1534 3024 1599 καὶ,
3059 1535 3235 1610 «Ἐγώ
3257 1534 3371 1607 εἶμι
3394 1535 3428 1604 ἡ
3453 1536 3559 1604 ζωὴ
3578 1535 3657 1589 καὶ
3684 1535 3712 1602 ἡ
3740 1533 3846 1603 ἆλή·

2272 1632 2406 1685 θεια.
2471 1645 2500 1671 n
2553 1628 2640 1684 Ὡς
2698 1620 2788 1677 οῦν
2849 1625 2926 1696 (3)
2983 1622 3069 1677 ἐὰν
3123 1622 3258 1697 λέγῃ
3306 1624 3369 1678 τὸ
3419 1622 3469 1678 έν
3499 1625 3623 1696 ἡμῖν
3651 1621 3841 1697 λογικόν

2271 1710 2414 1785 Ἐγώ
2474 1711 2586 1785 εἶμι
2648 1712 2676 1766 6
2732 1713 2849 1766 κατ’
2905 1711 3085 1767 εἰκόνα
3143 1717 3277 1768 Θεοῦ
3324 1713 3579 1788 γεγονὼς,
3632 1713 3843 1789 ἄφθαρτος

2266 1799 2775 1874 κατεσκευασμένος
2835 1800 2925 1855 καὶ
2977 1801 3139 1856 πάλιν
3182 1801 3246 1856 τὸ
3296 1800 3426 1856 αὐτὸ
3483 1800 3703 1877 λογικόν.
3738 1798 3842 1874 Ἐγώ

2267 1888 2382 1960 εἶμι
2411 1896 2483 1964 γῆ
2516 1890 2608 1943 καὶ
2653 1887 2875 1951 σποδός’
2911 1890 2972 1945 οὐ
3003 1890 3135 1945 ποτὶ
3163 1891 3225 1945 τὸ
3258 1894 3395 1959 ζῶον
3429 1888 3599 1956 Ααλεῖ,
3647 1889 3721 1942 καὶ
3745 1886 3841 1940 ποτέ

2261 1978 2324 2032 τὸ
2357 1975 2599 2052 λογικόν·
2630 1977 2755 2033 ἀλλ’
2788 1977 2917 2033 αὐτὸ
2947 1978 3011 2032 τὸ
3042 1976 3290 2053 λογικὸν,
3325 1979 3456 2033 ποτὶ
3482 1979 3546 2033 τὰ
3565 1978 3728 2032 ἐαυτοῦ
3758 1972 3839 2029 ἴδια

2265 2065 2413 2139 λέγει
2470 2067 2559 2120 καὶ
2617 2066 2750 2121 ποτὶ
2799 2068 2866 2121 τὰ
2920 2071 3018 2121 τοῦ
3074 2067 3241 2136 ζώων
3277 2066 3452 2128 οὕτως
3482 2065 3531 2137 ἐξ
3559 2064 3763 2124 ἐνώσεως
3798 2059 3837 2116 ’ἐν

2263 2154 2553 2228 πρόσωπον
2588 2155 2660 2210 ὥν
2697 2157 2725 2210 6
2755 2155 3039 2229 ἅνθρωπος
3066 2156 3156 2210 καὶ
3187 2140 3321 2218 Θέὸς
3353 2155 3540 2232 Λόγος,
3587 2153 3666 2209 ὅτε
3712 2150 3839 2227 λέγει,

2265 2268 2293 2297 ι(
2325 2245 2381 2296 Ὁ
2438 2246 2691 2320 ἑωρακὼς
2738 2244 2854 2318 ἐμὲ,
2910 2246 3116 2309 ἑώρακε
3170 2245 3265 2301 τὸν
3306 2247 3536 2319 Πατέρα,
3582 2244 3716 2311 »τὴν
3738 2243 3839 2295 Osw-

2265 2332 2378 2411 ρίαν
2411 2341 2509 2404 τῆς
2541 2332 2681 2397 ἰδίας
2711 2334 2967 2404 θεότητος
2992 2332 3161 2411 λέγει.
3193 2333 3273 2392 Οὐ
3304 2335 3409 2409 γὰρ
3437 2335 3467 2390 6
3512 2332 3733 2408 ἑωρακὼς
3768 2330 3840 2397 τήν

2263 2424 2453 2500 σάρκα,
2509 2423 2714 2498 ἑώρακε
2759 2424 2850 2479 τὸν
2914 2423 3150 2499 Πατέρα·
3218 2422 3269 2478 εἷ’
3309 2420 3369 2478 δὲ
3403 2424 3500 2497 μὴ,
3537 2421 3618 2477 καὶ
3645 2421 3837 2485 Πόντιος,

2261 2512 2350 2567 καὶ
2379 2510 2653 2583 Ἡρώδης,
2688 2513 2777 2567 καὶ
2808 2514 2860 2568 οἱ
2894 2512 3233 2589 ῥαπίσαντες,
3279 2513 3371 2567 καὶ
3418 2513 3472 2566 οἱ
3512 2508 3834 2587 προσηλώσαν-

2258 2623 2346 2664 τες
2378 2598 2594 2675 δήμιοι,
2628 2602 3007 2676 εὑρεθήσονται
3038 2601 3340 2677 ἑωρακότες
3388 2602 3479 2656 τὸν
3511 2597 3718 2674 Πατέρα.
3763 2593 3836 2652 Καὶ

2260 2687 2384 2745 ὅταν
2418 2690 2566 2765 λέγῃ,
2601 2714 2629 2743 ‹‹
2662 2691 2770 2748 Τὸν
2802 2690 2973 2746 νῶτόν
3006 2711 3110 2762 μου
3139 2687 3353 2746 δέδωκα
3384 2690 3460 2753 εἰς
3492 2690 3767 2763 μάστιγας»
3790 2681 3834 2736 οὗ

2255 2788 2357 2850 τῆς
2415 2779 2669 2850 θεότητος
2729 2778 2879 2854 λέγει
2935 2784 3127 2835 νῶτον·
3190 2777 3308 2835 οὐδ’
3366 2779 3487 2834 ὅταν
3543 2776 3678 2853 λέγῃ
3742 2775 3831 2831 Πῶς

2256 2869 2357 2946 γὰρ
2403 2872 2503 2938 τῆς
2550 2868 2805 2939 θεότητος
2856 2866 3034 2943 ἤψατό
3082 2887 3202 2937 τις;
3258 2867 3407 2924 ἀλλὰ
3445 2872 3540 2924 τοῦ
3581 2860 3832 2936 σώματοςδ

2258 2958 2533 3033 ἁψάμενος
2598 2960 2735 3032 μετᾶ
2791 2958 3045 3031 πίστεως,
3093 2962 3192 3013 τοῦ
3234 2957 3633 3037 συναμφοτέρου
3677 2952 3829 3025 ἥψατο,

2256 3052 2324 3114 τῆ
2361 3048 2453 3121 μὶν
2482 3048 2628 3124 χειρὶ
2660 3050 2738 3122 (4)
2768 3052 2865 3102 τοῦ
2897 3048 3174 3120 σώματος,
3203 3050 3274 3122 τῇ
3308 3045 3366 3102 δὶ
3411 3046 3579 3102 πίστει
3618 3049 3703 3111 τῆς
3742 3038 3831 3093 θεό-

2255 3157 2442 3208 τητος,
2488 3133 2674 3206 ἐπειδή
2727 3136 2792 3191 τὸ
2840 3135 3237 3214 συναμφότερον
3293 3134 3350 3192 ἓν
3395 3135 3502 3192 ἐστι
3547 3125 3832 3209 πρόσωπονό

504 3220 636 3291 quis
693 3239 786 3277 me
843 3225 1034 3296 tetigit
1083 3228 1123 3295 τ,
1158 3249 1186 3276 ››
1214 3228 1451 3284 deitatis
1482 3209 1811 3285 contactum
1846 3231 2005 3288 dicit.
2039 3231 2145 3295 Qui

2266 3227 2505 3303 Χριστὸς,
2548 3250 2577 3277 ‹‹
2628 3227 2657 3280 6
2709 3226 2881 3280 πάντα
2928 3209 3058 3280 πᾶσι
3088 3209 3514 3300 γινόμενος,ἳνα
3539 3222 3653 3283 τοὺς

500 3310 657 3365 enim
688 3311 961 3367 deitatem
989 3316 1294 3388 contigerit
1326 3318 1666 3389 quispiam?
1710 3319 1822 3375 Sed
1878 3320 1978 3388 qui
2036 3321 2149 3377 ﬁde

499 3399 781 3470 praeditus
838 3419 1051 3475 corpus
1102 3405 1245 3461 illud
1280 3407 1571 3479 tetigerat,
1605 3411 1917 3479 utrumque
1945 3410 2148 3482 tetige-

499 3492 794 3556 rat,manu
831 3493 1071 3563 quidem
1103 3496 1458 3567 corpus,ﬁde
1488 3513 1622 3552 vero
1655 3498 2148 3570 deitatem,quan-

498 3578 813 3649 doquidem
851 3586 1169 3655 utrumque
1199 3586 1371 3641 unica
1400 3590 1489 3641 est
1530 3602 1801 3658 persona,
1856 3587 2146 3655 Christus,

503 3667 766 3724 «Omnia
816 3671 1002 3727 factus
1061 3674 1358 3743 omnibus,
1419 3679 1484 3730 ut
1530 3676 1794 3730 omnium
1850 3677 2151 3731 miserere-

497 3762 595 3811 tur
624 3757 661 3811 ⁸.
698 3781 718 3808 ιι
757 3760 957 3832 Itaque
992 3780 1105 3818 non
1138 3762 1402 3835 loquitur
1432 3764 1725 3819 interdum
1761 3764 1934 3831 Deus,
1968 3765 2148 3820 inter-

2259 3301 2477 3390 ἐλεήσῃ.
2514 3339 2541 3367 ››
2572 3317 2732 3369 Ὥστε
2788 3311 2850 3370 οὖ
2898 3315 3033 3369 ποτὶ
3083 3314 3177 3388 μὶν
3229 3314 3258 3369 6
3310 3315 3439 3376 Θεὸς
3470 3310 3633 3382 λαλεῖ,
3661 3307 3768 3363 ποτὶ
3790 3301 3832 3357 δέ

2258 3404 2561 3478 ἄνθρωπος’
2611 3401 2926 3476 ἐπειδήπερ,
2984 3404 3061 3466 ὡς
3108 3402 3455 3477 προείρηται,
3486 3399 3602 3457 οὖδὶ
3627 3394 3829 3466 ποτὶ

2254 3495 2316 3549 τὸ
2351 3499 2485 3563 ζῶον
2515 3490 2679 3548 λαλεῖ
2705 3491 3109 3570 κεχωρισμένον
3160 3497 3258 3548 τοῦ
3309 3492 3548 3568 λογικοῦ,
3584 3488 3696 3544 ποτὶ
3721 3481 3766 3539 δὶ
3785 3481 3832 3535 τὸ

2257 3583 2479 3658 λογικὸν
2512 3583 2919 3658 κεχωρισμένον
2948 3586 3046 3637 τοῦ
3079 3582 3242 3651 ζώου³
3279 3582 3428 3639 ἄλλα
3463 3581 3523 3636 τὸ
3568 3575 3756 3652 λογικὸν

2254 3657 2507 3743 τῷγζώῳ,
2541 3657 2631 3725 καὶ
2665 3668 2753 3725 διὰ
2781 3675 2880 3725 τοῦ
2909 3672 3050 3739 ζώου
3084 3668 3264 3727 λαλεῖ·
3322 3670 3382 3725 ἐκ
3427 3663 3752 3744 παραλλήλου
3787 3657 3833 3711 τὸ

2256 3760 2384 3816 αὐτὸ
2417 3759 2587 3835 λέγω,
2614 3758 2707 3815 ’ίνα
2735 3759 3076 3835 πανταχόθεν
3105 3763 3248 3834 γνῷς
3279 3759 3381 3827 τὴν
3409 3757 3612 3813 ἓνωσιν.

500 3843 639 3898 dum
672 3843 846 3902 homo
880 3865 892 3902 :
933 3866 1087 3915 nam,
1124 3854 1188 3905 ut
1218 3854 1387 3905 antea
1417 3850 1555 3920 dixi,
1590 3867 1659 3905 ne
1686 3850 1741 3905 id
1774 3850 2010 3922 quidem
2042 3851 2155 3907 dici
2189 3852 2395 3922 potest,
2431 3850 2605 3903 modo
2635 3846 2872 3919 quidem
2905 3846 3122 3903 animal
3154 3865 3185 3901 a
3218 3854 3382 3918 parte
3412 3838 3833 3931 rationalisejutl-

501 3937 687 4002 ctum,
746 3937 917 3992 modo
975 3956 1107 3995 vero
1166 3941 1319 3994 470
1378 3944 1600 4011 partem
1663 3939 2004 3995 rationalem
2065 3939 2138 3995 ab
2184 3936 2420 3994 animali
2448 3943 2779 4008 separatam
2813 3936 2973 4009 loqui
3007 3935 3154 4025 :rssd
3186 3952 3326 4007 pars
3357 3930 3639 3991 rationalis
3665 3929 3712 3983 in
3736 3929 3834 4025 ani-

503 4022 643 4077 mali
676 4029 733 4079 st
767 4042 868 4097 per
896 4027 1115 4083 animal
1148 4027 1427 4100 loquitur.
1462 4030 1619 4085 Idem
1651 4029 1824 4085 etiam
1857 4030 1984 4085 dico
2015 4030 2084 4085 de
2116 4046 2202 4099 eo,
2235 4028 2387 4099 quod
2416 4043 2549 4082 cum
2582 4026 2691 4082 hoc
2722 4024 3074 4098 comparavi,
3124 4030 3190 4080 ut
3238 4025 3617 4095 undequaque
3666 4019 3837 4071 unitio-

504 4127 636 4167 nem
671 4114 849 4171 noris.

572 4203 661 4256 27.
721 4205 896 4275 Apoll.
954 4206 1237 4263 Praeterea
1267 4225 1399 4265 vero
1431 4208 1515 4264 vel
1548 4209 1674 4282 ipse
1707 4210 1971 4282 prodigia
2027 4210 2154 4265 ede-

504 4290 621 4357 bat,
662 4297 763 4347 aut
796 4311 908 4348 non
944 4296 1171 4351 edebat.
1206 4298 1262 4352 Si
1291 4298 1518 4366 edebat,
1556 4316 1668 4355 non
1702 4304 1825 4355 erat
1851 4299 2022 4354 homo
2055 4315 2067 4355 ε
2103 4298 2151 4354 si

506 4396 621 4433 non
653 4381 885 4447 edebat,
922 4387 1213 4454 quomodo
1246 4388 1387 4442 dicit
1418 4404 1478 4443 se
1508 4387 1720 4443 edere?
1749 4393 1807 4443 et
1864 4389 2153 4459 quomodo

507 4469 662 4522 idem
722 4487 851 4526 esse
884 4478 1075 4544 potest
1108 4480 1280 4545 atque
1314 4477 1361 4532 is
1393 4478 1491 4547 qui
1524 4478 1775 4532 edebat?
1806 4478 1962 4535 Orth.
1994 4477 2157 4531 Sicut

2330 4209 2420 4262 27.
2453 4204 2687 4261 ’Δπολλ.
2725 4208 2845 4262 Ἔτι
2880 4202 2937 4259 δὲ
2965 4205 2999 4273 ἢ
3031 4202 3192 4265 αὐτὸς
3233 4206 3313 4276 (5)
3344 4201 3510 4258 ἐτέλει
3538 4199 3597 4255 τὰ
3620 4194 3838 4276 τεράστιε

2261 4295 2296 4366 ἢ
2330 4292 2411 4352 οὔ.
2463 4294 2620 4350 ³Δλλ’
2670 4296 2719 4349 εἷ’
2761 4294 2854 4366 μὲν
2893 4292 3084 4364 ἐτέλει,
3137 4274 3247 4349 οὐκ
3283 4294 3352 4362 ἦν
3400 4292 3679 4367 ἄνθρωπος’
3723 4280 3759 4335 εἶ
3798 4274 3839 4330 δῖ

2267 4385 2366 4457 μὴ,
2399 4389 2515 4447 πῶς
2539 4382 2685 4460 λέγει
2711 4390 2927 4452 τελεῖν;
2969 4384 3003 4451 ἢ
3036 4387 3154 4443 πῶς
3200 4382 3228 4436 6
3277 4382 3437 4443 αὐτὸς
3481 4384 3558 4450 τῷ
3600 4373 3837 4468 τελοῦντι]

2265 4475 2410 4550 Ὀρθ.
2443 4478 2646 4548 Ὥσπερ
2675 4473 2737 4527 τὸ
2769 4472 2986 4548 λογικὸν
3020 4470 3073 4526 ἐν
3101 4469 3182 4543 τῷ
3214 4472 3341 4543 ζώῳ
3388 4467 3531 4525 τελεῖ
3571 4466 3631 4521 τὰ
3671 4462 3837 4550 ἑαυτοῦ,

508 4574 644 4628 pars
676 4560 980 4615 rationalis
1012 4580 1120 4617 sua
1152 4564 1336 4634 ipsius
1368 4581 1540 4635 Opera
1567 4567 1649 4620 sic
1672 4565 1866 4620 cditin
1890 4566 2151 4635 animali,

2266 4547 2337 4617 οὐ⁷
2353 4547 2761 4638 κεχωρισμένον
2793 4561 2854 4616 ’ὸν
2882 4564 2979 4615 τοῦ
3012 4560 3174 4630 ζώου·
3211 4559 3355 4614 οὕτω
3384 4557 3506 4618 θεὸς
3542 4553 3714 4627 Λόγος»
3740 4547 3838 4646 3"”

507 4652 573 4701 ut
606 4663 721 4702 non
753 4648 831 4703 sit
860 4657 1127 4721 separata
1158 4652 1228 4706 ab
1290 4652 1529 4709 animali
1564 4670 1576 4708 :
1612 4653 1695 4707 ita
1746 4652 1845 4708 Dei
1896 4653 2151 4710 Verbum

506 4735 738 4792 unitum
773 4737 1139 4806 bomini,edit
1172 4741 1437 4813 prodigia
1466 4740 1707 4797 minime
1737 4746 2102 4814 segregatum
2124 4759 2156 4798 a

507 4831 719 4883 natura
749 4826 1033 4894 humana,
1065 4830 1218 4901 quod
1253 4829 1303 4885 ei
1336 4848 1438 4903 pro
1470 4847 1577 4885 sua
1610 4831 1821 4901 pietate
1874 4830 2158 4903 placuerit

504 4914 620 4968 vim
682 4931 847 4971 suam
909 4918 1165 4974 divinam
1220 4936 1320 4990 per
1366 4935 1513 4986 eam,
1548 4924 1603 4975 et
1636 4918 1692 4974 in
1722 4936 1808 4988 ea,
1840 4925 1897 4977 et
1925 4937 2059 4975 cum
2091 4937 2158 4975 ea

506 5005 756 5073 operari.
790 5006 859 5059 Et
888 5005 1067 5062 voluti
1102 5009 1147 5063 si
1209 5008 1342 5079 quis
1399 5008 1748 5079 cogitatione
1806 5009 2159 5065 concesserit

508 5090 1004 5165 solem,magnum
1039 5096 1195 5151 istud
1228 5096 1528 5169 sidus,per
1559 5096 1856 5152 lucernam
1891 5104 1947 5153 et
1976 5100 2035 5153 in
2068 5098 2156 5153 lu-

506 5196 682 5237 cerna
712 5199 879 5239 suam
913 5184 1103 5240 lucem
1137 5186 1420 5256 emittere;
1448 5203 1681 5242 rursum
1716 5187 1871 5242 enim
1905 5187 2059 5242 idem
2091 5204 2160 5243 ex

2263 4652 2369 4714 θεὶς
2427 4652 2719 4725 ἀνθρώπῳ,
2777 4650 2927 4704 τελεῖ
2966 4649 3033 4703 τὰ
3060 4648 3333 4722 τεράστια,
3391 4645 3452 4700 οὗ
3498 4634 3838 4738 κεχωρισμένοξ

2262 4748 2361 4810 τῆς
2421 4739 2862 4814 ἀνθρωπότητος,
2914 4735 2983 4793 δι’
3030 4737 3217 4809 αὐτῆς,
3248 4737 3339 4791 καὶ
3372 4735 3423 4791 ἐν
3452 4730 3600 4805 αὐτῇ,
3628 4726 3705 4783 καὶ
3752 4741 3825 4824 pf?

2265 4828 2453 4899 αὐτῆς,
2514 4826 2810 4898 εὐδοκήσας
2855 4827 2956 4895 τὴν
2992 4827 3182 4881 ἑαυτοῦ
3213 4825 3357 4881 θείαν
3389 4821 3603 4893 δύναμιν
3632 4815 3836 4910 tunc?"

2267 4918 2364 4972 Καὶ
2398 4917 2578 4993 ὥσπερ
2611 4917 2655 4971 εἶ
2689 4914 2809 4985 δοίη
2842 4936 2924 4977 τις
2954 4920 3032 4987 τῷ
3063 4912 3212 4989 λόγῳ
3243 4913 3426 4982 ἥλιον,
3454 4910 3541 4965 τὸν
3574 4905 3719 4979 μέγαν
3742 4905 3837 4995 τοῦς

2264 5029 2355 5062 τον
2385 5006 2599 5081 ἀστέρα,
2662 5003 2751 5061 διὰ
2795 5005 3024 5080 λῦγνου,
3075 5004 3163 5059 καὶ
3217 5002 3267 5058 ἐν
3301 5001 3490 5077 λύχνῳ
3518 4995 3836 5091 ἒκπέμπεινῖτο

2267 5098 2462 5151 ἑαυτοῦ
2520 5100 2654 5173 φῶς·
2720 5094 2778 5150 ἐκ
2824 5092 3189 5169 παραλλήλου
3247 5096 3348 5167 γὰρ
3404 5082 3681 5173 πάλιν,τό
3742 5082 3836 5130 αὐτὸ

2269 5183 2450 5239 ἄκουε·
2482 5171 2543 5239 οῦ
2575 5181 2671 5238 δύο
2703 5184 2855 5262 φῶτά
2884 5182 3038 5238 εἰσιν.
3069 5182 3142 5236 Οὑ
3194 5182 3296 5256 γὰρ
3329 5179 3492 5259 φαίνει
3538 5171 3720 5246 λύχνος
3742 5181 3839 5218 κατ’

582 5352 602 5383 9
634 5349 820 5425 Galat.
854 5371 895 5421 ι,
928 5354 1016 5409 16.
1095 5358 1116 5389 ³
1147 5354 1352 5410 Matth.
1388 5371 1441 5421 v,
1475 5354 1561 5420 20,
1594 5354 1683 5408 22.
1760 5354 1781 5387 δ
1807 5354 1978 5410 Joan.
2027 5370 2143 5425 xxv,

2304 5354 2325 5388 ⁵
2358 5353 2500 5410 Ibid.
2527 5352 2583 5407 9.
2658 5352 2680 5387 θ
2710 5356 2821 5408 Isa.
2874 5368 2925 5421 ι,
2954 5352 3009 5421 6,
3086 5351 3105 5384 ⁷
3139 5349 3275 5405 Luc.
3327 5362 3445 5417 νιιι,
3491 5341 3577 5398 44.
3650 5332 3835 5390 'lCor.

508 5439 585 5491 ιχ,
617 5424 705 5477 22.

580 5593 659 5664 (3)
689 5592 797 5649 Οὗν
830 5594 998 5670 abest
1026 5613 1059 5651 a
1118 5612 1261 5651 mss.
1314 5591 1490 5649 Paulo
1540 5597 1670 5663 post
1720 5610 1888 5661 mss.,
1919 5593 2153 5670 γεγονὼς

514 5659 799 5735 ἅνθρωπος
831 5662 1121 5741 ἄφθαρτος,

2337 5593 2414 5666 (4)
2446 5596 2609 5666 Μεθ’»
2636 5594 2705 5666 sit
2740 5589 2839 5666 μὴ
2861 5586 3071 5666 views-

2343 5594 2393 5666 [4
2446 5596 2609 5660 MSS”
2636 5594 2705 5664 τῇ
2740 5593 2834 5663 μὲν
2861 5593 3071 5666 χάριτι.

2343 5593 2419 5737 (ὃὲ
2452 5665 2616 5738 Mss.,
2647 5663 2765 5719 Ἔτι
2798 5659 2856 5717 Si
2882 5661 2973 5716 καί
3006 5660 3050 5715 εἳ
3078 5657 3259 5721 αὐτός.
