2043 3107
137 165 212 196 1281

621 164 672 197 DE
694 165 848 198 SANG'I‘A
868 165 1082 198 TBINITATE
1104 165 1298 197 DIALOGUS
1321 167 1359 198 V.

1763 173 1776 203 l
1783 172 1840 201 282

133 231 219 258 ἐναντι
235 229 327 265 ἡλίοδε
352 230 383 257 οὖ
404 230 456 268 γὰρ
480 229 614 258 κωλύεται
641 231 709 259 εἶναι
733 230 836 268 λύχνος
853 241 860 247 '
887 230 959 258 ἀλλά

1018 231 1074 259 alia
1088 232 1305 267 comparatione
1320 234 1424 261 audias
1441 235 1541 269 velim;
1558 244 1614 263 non
1631 239 1699 264 sunt
1714 238 1778 265 dua:
1794 239 1838 265 Lu-

137 275 209 311 μὲνει
229 274 276 311 μὶν
298 274 347 308 τήν
373 273 440 302 ἰδίαν
465 274 598 313 ἐνέργειαν
620 275 665 303 καὶ
689 275 794 310 κίνησιν
821 274 903 313 ἔχων·
929 275 961 303 οὐ

136 319 225 357 φαίνει
239 317 269 346 δὲ
281 321 330 346 τοῦ
344 318 428 354 ἡλίου
443 320 482 356 (6)
497 319 522 347 ἐν
548 320 621 355 αὗτῷ
644 319 689 347 καὶ
705 318 740 347 δι’
756 320 838 347 αὐτοῦ
852 319 960 358 φαίνον-

135 373 194 397 τος,
210 362 255 390 καὶ
271 365 502 400 κατακρατοῦντος
527 362 574 390 τοῦ
591 363 705 401 λύχνου,
727 364 771 391 καὶ
789 363 961 399 ἶδιοποιησαο

138 407 222 444 μένου
238 406 329 442 αὐτὸν,
346 407 384 438 ὡς
405 408 449 434 καί
475 407 577 445 λύχνον
602 408 772 446 χρηματίσαι
796 409 842 436 τὸν
867 407 959 443 ἥλιον·

138 451 211 478 οὕτω
224 451 289 482 Θεὸς
317 450 415 488 Λόγος,
441 451 466 478 ἰν
493 451 657 489 λογικῷκαὶ
682 451 726 479 διὰ
751 451 863 490 λογικοῦ
890 453 960 487 ζώου

135 496 187 529 τήν
206 493 274 522 ἰδίαν
300 493 413 531 ’δύναμιν
435 494 559 533 ἐνεργῶν,
575 495 619 523 καί
646 497 710 534 ὑπὲρ
734 497 783 531 τὴν
809 496 885 536 φύσιν
910 498 960 531 τὴν

137 537 211 566 ἱδίαν
241 538 370 567 ἀποτελεῖ
398 540 429 566 τὸ
458 542 524 574 ζῶον
542 538 651 576 εὐδοκία
677 543 712 578 τῇ
736 541 841 576 ἑαυτοῦ,
857 542 901 569 καὶ
929 542 960 569 τὸ

139 586 210 618 ζῶον
227 583 292 610 εἶναι
312 582 422 621 λογικὸν
446 583 495 611 οὐκ
520 583 647 612 ἐκώλυσε·
665 585 708 612 καὶ
725 586 739 612 ὁ
755 585 834 617 αὐτὸς
860 585 962 624 ἄνθρω-

135 637 190 658 πος
205 626 387 665 χρηματίζειν
414 626 445 655 οὗ
469 629 630 664 κατηξίωσε,
655 630 699 656 καὶ
721 629 808 658 τελῶν
830 630 864 658 τὰ
881 628 961 669 τερά-

136 682 199 699 σ-τια
215 671 246 699 οὐ
261 672 428 710 κεχώρισται
452 675 500 700 τοῦ
523 672 678 708 ἐνωθέντος,
698 672 784 712 ἤγουν
811 676 850 712 (7)
874 685 961 713 προσ-

135 715 299 755 ληφθέντος,
316 716 380 744 ἀλλ’
408 717 446 748 ὡς
475 715 521 744 οὖν
549 718 581 745 τὸ
603 717 704 746 ἐκείνου
720 720 832 757 γεγονὸς
860 719 962 758 ἐνεργεῖ

133 760 171 788 τὰ
188 760 280 787 πάντα⁴
297 760 341 788 καὶ
367 759 412 788 διὰ
436 763 527 797 τοῦτο¹
544 773 559 787 ‹‹
575 763 602 789 '0
619 763 704 801 Λόγος
727 764 790 801 σᾶρξ
815 763 929 801 ἐγένετο,
945 776 959 790 η

134 803 255 842 εἴρηται,
272 804 317 832 καὶ
340 804 390 832 οὐκ
414 805 440 833 ἐν
465 806 554 844 σαρκὶ,
567 806 613 834 ’ἶνα
636 809 741 844 γνῶμεν
757 808 806 842 τὴν
834 808 859 843 ἐξ
885 807 960 836 εὐδο-

133 848 198 881 κίας
212 848 318 885 Ιἱξνοοσιν,
340 850 385 877 καὶ
407 852 488 878 τοῦτο
513 849 685 889 διδαχθέντες
709 852 822 890 Χριστὸν
847 851 893 880 ἕνα
916 852 960 880 καὶ

131 892 184 921 τὸν
198 893 278 921 αὐτὸν
292 894 465 932 γνωρίζωμεν
481 895 544 922 Θεὸν
560 896 604 923 καὶ
621 895 774 933 ἄνθρωπον.

1017 284 1074 303 ces.
1092 275 1149 303 Nec
1164 277 1241 304 enim
1258 276 1377 305 lucerna
1399 278 1453 306 soli
1477 279 1610 315 opposita
1625 280 1769 316 splendet,
1787 291 1839 310 nec

1015 324 1115 348 tamen
1131 323 1227 348 cessat
1251 330 1315 349 esse
1331 322 1467 358 lucerna;
1484 325 1534 351 sed
1560 325 1588 352 in
1612 334 1666 353 sua
1690 329 1841 361 permanet

1015 364 1145 392 efﬁcacia
1160 368 1248 401 atque
1259 369 1339 394 motu
1356 375 1362 394 :
1381 370 1409 394 at
1426 370 1494 395 non!
1507 368 1640 404 splendet
1656 370 1715 397 sole
1733 370 1760 398 in
1777 371 1841 407 ipsa.

1015 410 1044 435 et
1058 416 1110 444 per
1121 408 1213 444 ipsam
1226 409 1442 445 splnndcnte,et
1453 413 1507 448 ipsi
1522 413 1647 441 lucernis
1658 415 1838 449 dominante,

1015 461 1138 489 eamque
1154 457 1186 481 ut
1201 455 1256 481 sibi
1280 457 1425 490 propriam
1451 458 1626 493 vindicante,
1643 460 1714 487 adeo
1739 463 1771 487 ut
1795 461 1838 489 sol

1015 497 1102 525 etiam
1115 499 1239 533 accipiat
1254 498 1347 534 ipsius
1358 500 1482 529 lucerna:
1495 511 1599 530 nomen
1613 512 1618 531 :
1631 505 1669 531 ita
1682 504 1756 532 Deus
1767 505 1838 533 Ver-

1014 543 1085 570 bum
1098 542 1154 570 vim
1167 551 1251 571 suam
1263 543 1291 571 in
1306 545 1451 579 rationali,
1466 549 1494 573 et
1510 556 1561 582 per
1576 548 1715 576 rationale
1730 549 1839 578 animal

1015 595 1162 620 exercens,
1180 588 1249 615 facit
1264 597 1315 624 pro
1335 598 1389 617 sua
1410 590 1649 620 bona'voluntate
1664 593 1771 621 animal
1788 603 1838 622 su-

1015 640 1067 667 pra
1082 640 1170 667 quam
1189 632 1261 660 {erat
1277 635 1395 669 propria
1419 635 1591 664 animalium
1617 639 1722 665 natura
1745 639 1837 674 perfe-

1015 678 1104 709 ctum,
1119 684 1213 711 neque
1230 679 1324 704 tamen
1346 679 1480 713 prohibet
1501 680 1660 715 quominus
1676 682 1714 709 sit
1728 683 1837 711 animal

1014 720 1127 748 ratione
1156 720 1309 756 praeditum
1327 731 1333 749 :
1350 722 1486 759 idemque
1510 733 1566 752 non
1593 725 1768 762 dedignatus
1793 730 1839 756 est

1016 764 1102 792 homo
1113 765 1218 798 vocari,
1230 774 1322 801 neque
1336 766 1405 794 dum
1421 763 1519 796 ederet
1535 770 1837 806 prodigia,sejunctus

1016 808 1072 836 fuit
1086 809 1122 835 ab
1137 817 1181 844 eo,
1194 810 1314 845 quicum
1338 814 1381 838 est
1406 813 1516 847 unitus,
1533 814 1593 842 sive
1609 823 1697 850 quem
1721 824 1839 844 assum-

1016 853 1084 888 psit,
1099 853 1150 880 sed
1164 854 1251 881 homo
1269 855 1364 883 factus
1383 857 1482 884 omnia
1497 858 1586 886 efﬁcit
1603 867 1609 887 :
1627 859 1751 895 ideoque
1765 861 1839 888 dici-

1018 900 1065 925 tur
1081 907 1088 925 :
1102 908 1115 922 ‹‹
1129 898 1256 926 Verbum
1281 908 1347 927 caro
1371 900 1479 929 factum
1497 904 1571 937 est“,
1586 915 1599 928 ››
1616 913 1672 932 non
1694 909 1792 934 antem
1809 906 1839 934 in

133 947 237 973 carne,
254 942 285 967 ut
299 948 512 976 cognoscamus
528 941 665 969 unionem
683 951 746 978 quae
757 951 792 970 ex
807 942 988 978 heneplacito
1005 943 1080 970 facta
1094 945 1149 976 est,
1160 946 1189 971 et
1201 944 1243 971 sic
1257 945 1362 978 edocti,
1376 954 1465 973 unum
1481 949 1676 985 eumdemque
1691 950 1839 979 Christum

134 987 172 1011 ut
187 984 280 1012 Deum
295 986 323 1011 et
338 984 486 1012 hominem
503 993 707 1020 agnoscamus.

175 1028 221 1056 28.
239 1026 355 1056 Ἀπολλ.
382 1030 573 1065 Προσκυνεῖται
601 1029 652 1057 ὑπὸ
676 1029 800 1068 ἀγγέλων
825 1031 838 1058 ὁ
860 1030 960 1069 ἅνθρω-

1050 1032 1095 1059 28.
1113 1032 1200 1067 Apoll.
1216 1032 1258 1060 Ab
1283 1034 1394 1069 angelis
1409 1036 1451 1062 vel
1467 1036 1615 1072 aduratur,
1632 1038 1674 1066 vel
1697 1047 1752 1066 non
1770 1040 1841 1068 ado-

135 1081 205 1105 πος,
221 1072 238 1106 ἢ
255 1070 296 1099 οὗ.
320 1071 397 1100 Ἃλλ¹
413 1071 435 1100 εἰ
454 1072 502 1109 μὶν
528 1073 558 1100 οὗ
584 1077 782 1111 προσκυνεῖται,
806 1078 863 1106 πῶς
889 1075 961 1110 ἤνω-

134 1126 196 1150 ται,
212 1116 256 1143 καὶ
279 1115 442 1144 ἀποστέλλει
458 1118 472 1144 ὁ
487 1117 548 1148 Υἱὸς
571 1118 634 1146 τοὺς
659 1118 791 1156 ἀγγέλους
817 1120 899 1147 αὐτοῦ
916 1130 922 1154 ;
940 1120 963 1147 εἴ

134 1159 169 1188 δὲ
185 1163 373 1196 προσκυνεῖται
391 1159 436 1188 διὰ
449 1162 480 1189 τὸ
496 1161 522 1189 ἐν
537 1161 610 1198 αὐτῷ
633 1163 702 1194 θείαν
730 1163 866 1199 ἐνοικῆσαι
884 1163 962 1192 δύνα-

135 1215 199 1242 μιν,
215 1207 274 1236 πῶς
290 1205 341 1232 ὑπὸ
364 1207 418 1232 τῶν
445 1205 485 1233 ἀεὶ
509 1206 580 1237 θείαν
606 1207 725 1245 ἑχόντων
750 1207 862 1245 δύναμιν
890 1209 980 1239 ἐνοι-,

131 1247 235 1276 κοῦσαν
253 1258 260 1284 ;
277 1249 326 1276 Καὶ
341 1250 423 1286 ἡμεῖς
440 1248 470 1277 δὲ
493 1253 717 1288 προσκυνήσομεν
734 1253 774 1289 (8)
789 1253 833 1280 τὸν
859 1253 962 1291 ἄνθρω-

133 1304 190 1320 πον
206 1294 223 1328 ἢ
239 1292 365 1322 οὕ.’Δλλ’
380 1294 402 1321 εἰ
420 1294 467 1331 μὲν
484 1294 516 1322 οὗ
531 1295 827 1333 προτκυνήσομεν,πῶς
843 1298 964 1332 ἡνῶσθαι

133 1340 290 1374 νομιοῦμεν
303 1338 396 1372 αὐτὸν,
411 1339 455 1366 καὶ
480 1341 538 1370 πῶς
553 1339 590 1371 εἷς
615 1340 661 1368 τὸν
686 1341 798 1373 θάιατον
815 1341 896 1369 αὐτοῦ
914 1343 964 1380 βα-

136 1382 292 1419 πτιζόμεΘα
307 1392 315 1417 ;
332 1382 357 1410 εῖ
379 1381 408 1410 δὲ
431 1385 669 1421 προσκυνήσομεν,
697 1385 786 1424 ὥσπερ
811 1387 855 1414 τὸν
888 1387 963 1423 Θεὸν,

138 1426 216 1455 οὕτω
239 1427 284 1455 καὶ
305 1427 350 1455 τὸν
376 1427 529 1466 ἄνθρωπον⁷
556 1427 723 1466 ἀσεϐήσομεν
747 1431 846 1468 κτίσμα
871 1431 964 1469 κτίστῃ

140 1472 173 1499 ἐν
190 1470 240 1509 ἷὶτῳ
255 1473 384 1504 τιθέντες.
408 1473 456 1500 Καὶ
472 1473 495 1500 εἰ
516 1474 611 1511 κριτήν
636 1474 830 1512 προσδοκῶμεν
854 1476 899 1504 τὸν
925 1477 967 1504 ἂν·

141 1523 254 1552 opm-nov
286 1517 354 1554 μετὰ
380 1519 429 1545 τοῦ
457 1520 525 1545 Θεοῦ
554 1518 704 1557 φωτίζοντα
730 1520 763 1547 τὰ
787 1522 891 1559 κρυπτὰ
917 1524 965 1548 τοῦ

138 1559 269 1593 σκότους,
284 1562 334 1596 τήν
349 1563 398 1589 τοῦ
423 1564 490 1589 Θεοῦ
517 1562 603 1600 κρίσιν
629 1563 799 1601 ἀναθήσομεν
820 1565 963 1603 ἀνθρώπῳ’

143 1604 171 1632 ei.
187 1603 215 1632 δὲ
230 1605 282 1640 μή,
295 1607 354 1636 πῶς
369 1617 384 1631 ‹‹
401 1603 498 1633 ἔδωκεν
515 1606 588 1642 αὐτῷ
603 1608 617 1634 ό
635 1608 727 1646 Πατὴρ
744 1609 862 1644 ἐξουσίαν
877 1609 965 1648 κρίσιν

141 1651 245 1676 ποιεῖν·
263 1649 304 1676 ὅτι
334 1650 394 1680 Υἱὸς
422 1650 567 1687 ἀνθρώπου
592 1650 647 1678 ἐστί
664 1662 671 1687 ;
690 1665 704 1679 η
718 1653 762 1680 καὶ
789 1656 848 1685 πῶς
863 1654 967 1689 ἢνωται

144 1693 188 1729 τῷ
212 1692 330 1731 κρίνοντι
347 1703 353 1728 ;
370 1694 442 1732 ὀρθ.
468 1695 517 1723 Διὰ
543 1695 593 1734 γὰρ
617 1699 697 1724 τοῦτο
721 1695 803 1726 ἔλαϐε
823 1700 895 1737 ποιρά
917 1701 965 1727 τοῦ

143 1739 214 1765 Θεοῦ
243 1737 364 1772 ἐξουσίαν
393 1738 479 1775 κρίσιν
508 1743 609 1774 ποιεῖν,
639 1741 735 1779 Κύριος
761 1741 797 1770 ὣν
821 1747 871 1779 τῆς
887 1742 966 1780 δόξης

142 1782 192 1809 καὶ
207 1783 296 1817 πάσης
313 1782 443 1818 ἐξουσίας,
469 1783 574 1819 ἐπειδὴ,
597 1785 662 1816 Θεὸς
687 1786 773 1824 Λόγος
800 1787 848 1823 ὣν,
864 1788 967 1826 ἐγένετο

144 1826 299 1864 ἄνθρωπος,
323 1826 392 1863 ὅλητ
418 1829 615 1866 ἅνθρωπότητα
639 1828 742 1860 λαϐών.
760 1832 790 1859 Ἠ
802 1832 852 1870 γὰρ
875 1834 966 1872 μορφή

141 1873 196 1898 τοῦ
213 1870 313 1899 δούλου
328 1871 381 1907 ὅλη
406 1872 476 1900 ἐστὶν
499 1873 687 1912 ἀνθρωπότης,
708 1875 744 1907 ὡς
768 1877 785 1911 ἢ
803 1878 895 1916 μορφή
919 1870 968 1905 τοῦ

143 1918 214 1943 Θεοῦ
229 1915 282 1951 ὅλη
299 1916 407 1952 θεότης.
426 1917 474 1944 Καὶ
490 1918 572 1954 ἡμεῖς
595 1918 641 1945 καὶ
668 1919 778 1957 ἄγγελοι
803 1925 967 1959 προσκυνοῦ-

146 1970 196 1997 μεν
209 1960 282 1997 αὐτῷ
296 1963 336 1988 τῶ
351 1964 408 1997 Θεῷ
423 1961 515 1999 Λόγω,
533 1963 642 2002 μορφὴν
660 1962 760 1992 δούλου
784 1963 905 1994 λαϐόντι·
922 1967 966 1994 καὶ

144 2004 197 2032 οὐκ
212 2004 238 2032 ἐν
271 2004 345 2043 μέρει
372 2006 417 2033 τὸν
435 2006 498 2033 Θεὸν
528 2010 744 2045 προσκυνοῦμεν,
774 2010 819 2037 καὶ
847 2009 872 2037 ἐν
891 2011 967 2049 μὲριι

143 2049 191 2077 τὸν
209 2049 358 2086 ἄνθρωπον·
376 2049 439 2078 οὐδὲ
452 2051 551 2088 κτίσμα
566 2052 610 2079 καὶ
636 2052 745 2088 κτίστην
768 2053 794 2081 ἐν
822 2053 871 2091 ἴσῳ
895 2055 965 2083 τιθέ-

148 2098 226 2130 μεθα·
243 2093 306 2122 ἀλλ’
321 2093 412 2132 ὥσπερ
426 2094 468 2129 σὺ,
485 2094 512 2122 ai’
522 2106 552 2132 γε
567 2096 714 2135 ὁμολογεῖς
729 2097 776 2125 κᾶν
792 2101 856 2136 γοῦν
882 2099 967 2136 σάρκα

145 2138 294 2174 ὁμοούσιον
321 2140 389 2175 ἡμῖν
416 2138 495 2167 αὐτὸν
527 2138 644 2168 λαϐόντα
670 2140 699 2168 ἐκ
726 2145 775 2177 τῆς
804 2144 941 2181 Παρθένου
957 2167 964 2180 ,

144 2186 306 2220 προσκυνεῖς
330 2183 409 2211 αὑτὸν
437 2183 607 2222 σαρκωθὲντα
630 2186 698 2221 μετᾶ
720 2189 770 2221 τῆς
794 2188 901 2224 σαρκὸς,
918 2188 967 2215 οὐκ

145 2226 172 2255 ἐν
190 2226 240 2264 ἴσῳ
252 2228 335 2260 τιθεῖς
349 2228 399 2262 τὴν
415 2228 499 2266 σάρκα
524 2229 568 2256 καὶ
594 2230 641 2264 τήν
658 2230 782 2266 θεότητα,
800 2230 862 2259 οὐδὲ
877 2232 966 2270 χωρί-

146 2274 199 2306 ζων
227 2272 277 2306 τὴν
308 2272 410 2308 σάρκα,
440 2272 483 2300 καί
522 2272 548 2300 ἐν
581 2273 655 2311 μέρει
685 2278 843 2312 προσκυνῶν
870 2276 964 2312 αὐτὴν,

145 2314 220 2343 ἀλλὰ
253 2316 303 2350 τήν
340 2316 454 2351 θεότητα
484 2317 550 2353 μετὰ
578 2321 627 2353 τῆς
656 2319 753 2355 σαρκὸς
780 2324 941 2358 προσκυνεῖς
957 2331 963 2337 “

144 2359 217 2386 οὕτω
239 2359 282 2387 καῖ
308 2361 389 2396 ἡμεῖς
409 2360 458 2394 τήν
487 2360 600 2396 θεότητα
624 2361 866 2399 ἐνανθρωπήσασαν
880 2374 964 2403 προσ-

1019 1078 1099 1103 ratur
1114 1076 1211 1103 homo.
1228 1078 1263 1104 At
1285 1078 1307 1104 si
1335 1087 1389 1105 non
1418 1080 1565 1115 aduratur,
1579 1084 1723 1118 quomodo
1741 1085 1840 1112 unitus

1018 1119 1116 1154 fuerit,
1128 1122 1156 1147 et
1172 1120 1261 1148 mittit
1276 1122 1394 1158 angelos
1410 1132 1478 1151 suos
1497 1125 1607 1154 Filius?
1626 1127 1676 1154 Sin
1693 1136 1757 1155 vero
1772 1127 1839 1157 ad'o-

1018 1166 1101 1191 ratur
1111 1167 1229 1200 propter
1241 1165 1367 1193 divinam
1379 1167 1518 1195 virtutem
1530 1169 1558 1196 in
1570 1169 1634 1206 ipso
1645 1170 1839 1207 habitantem,

1019 1209 1165 1243 quomodo
1177 1209 1315 1237 aduratur
1325 1210 1408 1239 abiis
1419 1213 1469 1247 qui
1480 1212 1614 1242 virtutem
1626 1215 1752 1243 divinam
1765 1226 1841 1245 sem-

1019 1260 1070 1287 per
1082 1252 1189 1280 habent
1201 1253 1228 1280 in
1241 1262 1305 1282 sese
1317 1255 1516 1284 habitantem?
1528 1258 1581 1285 Sed
1597 1262 1626 1287 et
1642 1268 1695 1288 nos
1710 1262 1843 1289 adorabi-

1019 1304 1086 1323 mus
1102 1296 1262 1332 hominem,
1275 1298 1318 1326 vel
1344 1308 1400 1327 non
1426 1301 1626 1331 adorabimus.
1639 1304 1719 1336 Quod
1740 1307 1764 1333 si
1785 1315 1842 1333 non

1019 1340 1372 1377 adorabimus,quomodo
1387 1344 1484 1379 ipsum
1502 1347 1616 1374 unitum
1632 1357 1696 1376 esse
1711 1352 1841 1377 censebi-

1020 1387 1129 1419 mus,et
1139 1387 1284 1421 quomodo
1295 1387 1323 1414 ia
1334 1388 1429 1423 ipsius
1440 1392 1563 1418 mortem
1576 1391 1780 1428 baptizantur‘.’
1792 1395 1840 1421 Sin

1019 1437 1085 1456 vero
1101 1430 1142 1457 sic
1154 1429 1302 1459 hominem
1317 1432 1473 1461 adoremus
1490 1437 1521 1462 ut
1538 1438 1637 1470 Deum,
1649 1437 1738 1473 impie
1753 1439 1841 1467 tacie-

1021 1481 1165 1506 mus,rem
1180 1477 1307 1502 creatam
1319 1481 1505 1513 exmquantes
1518 1478 1654 1508 Creatori.
1667 1481 1807 1511 Prwterea
1818 1484 1842 1511 si

1020 1517 1169 1546 hominem
1180 1522 1382 1555 exspectemus
1392 1522 1571 1559 utjudicem,
1582 1526 1632 1559 qui
1643 1527 1775 1561 adiutore
1786 1528 1843 1556 Deo

1020 1561 1167 1590 illuminet
1173 1563 1560 1604 absconditutenebrarumj
1567 1570 1787 1607 udicium,quod
1794 1573 1844 1600 Dei

1021 1608 1075 1636 est.
1086 1606 1196 1634 homini
1206 1607 1380 1637 tribuemus.
1390 1610 1438 1638 Sin
1451 1612 1549 1640 minus
1562 1621 1568 1640 :
1581 1606 1728 1650 quomodo
1738 1627 1753 1641 «
1765 1617 1846 1645 dedit

1022 1650 1047 1677 ei
1063 1650 1146 1678 Pater
1157 1654 1329 1687 potestatem
1339 1654 1444 1689 judicii
1458 1656 1581 1684 faciendi
1595 1666 1601 1686 :
1615 1659 1684 1695 quia
1695 1660 1786 1689 Filius
1798 1661 1846 1689 ho-

1024 1694 1112 1723 minis
1134 1698 1177 1723 est
1191 1696 1231 1723 ‘°?
1243 1708 1253 1721 ι
1272 1700 1300 1724 et
1316 1700 1462 1733 quomodo
1478 1704 1522 1728 est
1537 1702 1593 1737 ipsi
1612 1694 1706 1738 jrudici
1722 1705 1847 1734 unitus?

1024 1739 1102 1767 Orth.
1115 1740 1167 1773 Qui
1185 1742 1325 1769 Dominus
1341 1746 1386 1770 est
1398 1743 1496 1780 gloriae
1512 1746 1666 1783 omnisque
1681 1750 1844 1786 potestatis,

1022 1784 1130 1812 idcirco
1145 1786 1371 1821 accepitjudicii
1392 1791 1543 1817 exercendi
1564 1794 1747 1828 potestatem,
1764 1784 1844 1830 quod

1023 1837 1089 1856 cum
1115 1829 1187 1856 Deus
1210 1833 1287 1858 esket
1302 1830 1439 1866 Verbum,
1457 1833 1549 1861 factus
1574 1836 1613 1863 sit
1637 1836 1734 1871 homo,
1751 1829 1843 1867 totam

1023 1875 1158 1900 naturam
1181 1882 1336 1903 assumens
1360 1876 1531 1906 humanam.
1549 1879 1652 1908 Forma
1674 1881 1753 1909 enim
1769 1883 1844 1911 servi

1023 1920 1067 1945 est
1081 1920 1139 1946 tota
1156 1918 1285 1947 humana
1299 1923 1415 1956 natura,
1433 1925 1462 1949 ut
1480 1923 1572 1951 forma
1590 1925 1637 1952 Dei
1653 1928 1698 1952 est
1711 1929 1770 1954 tota
1785 1927 1845 1955 dei-

1022 1963 1077 1989 tas.
1094 1962 1129 1989 Et
1143 1971 1207 1996 nos,
1224 1965 1252 1990 et
1265 1964 1359 2000 angeli
1377 1965 1471 2000 ipsum
1490 1967 1582 1995 Deum
1600 1969 1727 1997 Verbum
1743 1970 1846 1999 adora-

1023 2014 1100 2039 mus,
1117 2007 1167 2042 qui
1184 2007 1308 2035 formam
1329 2009 1403 2036 servi
1429 2012 1591 2046 assumpsit
1606 2020 1612 2039 :
1631 2021 1724 2049 neque
1739 2015 1845 2050 partim

1022 2050 1124 2083 Deum,
1135 2051 1240 2086 partim
1251 2051 1400 2080 hominem
1412 2054 1582 2089 adoramus,
1591 2065 1684 2093 neque
1695 2066 1756 2086 rem
1768 2067 1846 2088 crea-

1022 2096 1081 2121 tam
1093 2095 1220 2123 Creatori
1235 2096 1450 2132 zsquiparamus
1464 2107 1470 2126 :
1484 2100 1534 2127 sed
1552 2103 1584 2128 ut
1600 2104 1630 2128 tu
1647 2102 1719 2138 ipse,
1734 2103 1759 2131 si
1775 2105 1844 2139 qui-

1022 2139 1087 2166 dem
1103 2147 1170 2166 eum
1195 2141 1343 2169 conﬁteris
1365 2150 1481 2170 carnem
1499 2144 1602 2173 saltem
1619 2147 1703 2175 nobis
1718 2149 1844 2177 consub-

1021 2183 1187 2211 stantialem
1205 2192 1239 2211 ex
1253 2184 1372 2221 Virgine
1388 2187 1547 2223 accepisse,
1563 2190 1669 2218 adoras
1683 2191 1781 2227 ipsum
1798 2193 1844 2220 in-

1021 2230 1174 2255 carnatum
1191 2236 1258 2256 cum
1275 2237 1370 2263 carne,
1384 2239 1478 2267 neque
1497 2235 1594 2262 tamen
1611 2242 1727 2264 carnem
1743 2237 1845 2265 deitati

1021 2279 1165 2307 exmquas,
1183 2281 1274 2308 neque
1295 2282 1411 2302 carnem
1441 2285 1587 2314 εδει-θεας,
1602 2282 1630 2306 et
1645 2283 1757 2316 partem
1774 2282 1844 2310 ado-

1020 2324 1080 2350 ras,
1096 2317 1147 2344 sed
1163 2317 1300 2345 deitatem
1326 2327 1393 2346 cum
1419 2328 1505 2348 carne
1528 2322 1632 2350 adoras
1650 2332 1657 2351 :
1672 2324 1712 2352 ita
1738 2329 1767 2353 et
1792 2335 1846 2355 nos

1021 2360 1171 2395 deitatem,
1188 2369 1251 2397 qua
1267 2362 1392 2405 seipsam
1419 2364 1531 2392 homini
1557 2367 1659 2402 univit,
1675 2369 1845 2406 adoramus,

147 2403 290 2441 βυνοῦμεν,
316 2403 347 2431 οὐ
372 2404 536 2442 χωρίζοντες
559 2404 642 2439 αὐτην
667 2410 716 2440 τῆς
742 2400 962 2445 ἀνθρωπότητος.

1019 2412 1071 2432 nec
1086 2412 1150 2432 eam
1166 2405 1202 2432 ab
1218 2400 1474 2435 humana'natura
1498 2400 1693 2446 sejungimus.
1711 2400 1845 2443 Christus

144 2448 196 2476 Καὶ
211 2448 322 2486 φωτίζει
344 2448 378 2476 τὰ
397 2448 502 2486 κρυπτὰ
524 2451 572 2476 τοῦ
596 2449 708 2481 σκότους
733 2453 857 2488 Χριστὸς,
874 2456 912 2485 εἷς
927 2452 964 2482 ὣν

143 2493 158 2519 ὁ
172 2491 251 2524 αὐτὸς
274 2493 338 2524 Θεὸς
361 2492 406 2520 καὶ
430 2492 583 2530 ἅνθρωπος,
599 2494 637 2525 ὡς
651 2493 705 2532 πῦρ
720 2494 747 2522 ἐν
764 2495 816 2533 ὕλῃ
835 2497 961 2536 φωτίζων

142 2536 206 2568 τοὺς
220 2537 382 2573 προσιόντας
397 2537 478 2565 αὐτοῦ
499 2539 538 2574 τῷ
561 2538 641 2577 φωτὶ,
658 2537 689 2565 οὗ
711 2540 899 2578 χωριζόμενον
913 2546 963 2577 τῆς

143 2581 288 2617 ὶνωθείσης
302 2580 383 2616 ὕλης,
405 2580 468 2609 οὐδὲ
492 2581 709 2620 ἀναλισκομένης
732 2588 782 2619 τῆς
804 2584 885 2622 ὕλης,
899 2592 963 2619 καθ-

144 2625 210 2662 άπερ
226 2624 290 2653 οὐὸὶ
304 2627 322 2661 ἡ
338 2625 411 2664 παρὰ
420 2627 505 2663 Mucii
522 2625 614 2664 βάτος.

176 2719 188 2739 ⁹
201 2718 285 2750 Joan.
303 2728 324 2755 ι,
340 2720 383 2749 14.
423 2721 446 2741 ιο
459 2720 542 2750 Joan.
558 2730 585 2757 ν,
601 2721 646 2751 27.

172 2779 220 2854 ίῦἐὶ
229 2779 277 2808 Sic
292 2788 364 2822 mss:
380 2780 455 2822 Editi
471 2788 549 2817 vero,
565 2779 703 2809 κατέναντι
719 2781 813 2817 ἡλίου·
830 2782 916 2822 φαίνει
933 2782 961 2812 δὲ

173 2824 189 2841 υ
224 2813 264 2850 λη
279 2815 382 2845 multis
397 2815 524 2845 omissis.

139 2813 189 2842 τοῦ
202 2813 264 2850 ῂλρ,
279 2815 382 2845 multis
397 2815 524 2845 omissis.

1020 2456 1106 2484 porro
1130 2449 1280 2477 illuminat
1303 2451 1476 2481 abscondita
1498 2454 1787 2494 tenebrarum,quod
1805 2460 1844 2488 sit

1018 2493 1080 2527 ipse
1093 2493 1169 2520 Deus
1179 2496 1208 2521 et
1218 2493 1316 2529 homo,
1328 2497 1577 2530 quemadmodum
1589 2499 1665 2536 ignis
1678 2501 1708 2529 in
1720 2493 1843 2534 materia

1017 2536 1111 2564 lucem
1138 2538 1270 2572 praebens
1285 2538 1321 2566 iis
1337 2540 1411 2567 471
1430 2541 1481 2576 qui
1505 2543 1541 2570 ad
1563 2543 1661 2573 lucem
1686 2548 1840 2584 accedunt,

1017 2581 1058 2609 ita
1074 2584 1106 2608 ut
1128 2589 1222 2617 neque
1237 2590 1254 2609 δ
1269 2584 1390 2612 materia
1410 2589 1589 2622 aegregetur,
1607 2590 1653 2617 cui
1670 2591 1771 2620 unitus
1786 2581 1842 2628 est,

1017 2633 1070 2653 nec
1085 2625 1209 2653 materia
1223 2626 1287 2662 ipsa
1300 2632 1501 2665 consumatur,
1513 2631 1590 2660 sicut
1605 2642 1658 2662 nec
1675 2636 1766 2664 rubus
1782 2625 1841 2671 ille,

1016 2669 1102 2706 cujus
1114 2672 1159 2698 est
1174 2671 1252 2706 apud
1269 2671 1387 2709 Moysen
1403 2675 1522 2704 mentio.

1052 2785 1090 2821 (7)
1108 2786 1190 2820 Mss,
1206 2784 1301 2821 -ὶζτουν,

1052 2786 1079 2821 (7
1108 2786 1190 2820 Mss,
1206 2786 1301 2821 ἤτουν.

1050 2786 1090 2858 (εί
1105 2822 1209 2857 Palat,
1224 2823 1270 2852 hic
1286 2826 1313 2852 et
1329 2824 1417 2860 infra.
1431 2826 1670 2864 προσκυνήσωμεν.
