4086 6214
499 367 526 422 1
538 358 655 422 283

495 603 672 658 quam
705 586 881 652 Deus,
903 583 952 640 si
980 589 1102 642 tum
1149 591 1343 642 motus
1376 585 1659 641 animales
1691 582 1990 656 respicias,
2017 587 2144 638 tum

494 675 896 742 rationabiles,
928 679 1050 730 tum
1092 675 1393 747 patibiles;
1445 682 1500 730 et
1551 675 1799 746 patiens,
1835 672 2055 743 patitur
2084 673 2150 724 ut

497 765 671 831 aiius,
697 768 755 822 et
801 764 1099 832 adoratus,
1134 765 1412 820 adoretur
1445 769 1504 819 ut
1537 763 1708 820 alius.
1746 768 1810 817 At
1845 761 1940 815 Dei
1991 776 2146 825 caro,

495 855 623 912 vita:
657 859 744 910 est
789 853 1245 908 instrumentum
1280 853 1359 908 ita
1395 851 1768 925 passionibus
1820 849 1942 904 suis
1989 864 2146 903 com-

495 944 773 1018 positum,
808 948 870 999 ut
899 942 1112 998 divinis
1161 942 1420 998 consiliis
1453 942 1722 1015 quadret,
1761 956 1949 1011 neque
1991 937 2148 1009 cogi-

489 1035 736 1091 tationes
771 1032 986 1088 fuerint
1031 1033 1225 1089 carnis
1286 1031 1554 1104 proprias,
1608 1047 1794 1102 neque
1846 1028 2146 1101 actiones;

487 1127 546 1180 et
602 1140 734 1179 caro
794 1122 922 1195 ipsa
977 1121 1354 1194 passionibus
1423 1125 1597 1193 prout
1653 1119 1813 1175 carni
1876 1117 2150 1174 convenit

488 1213 774 1284 subjecta,
828 1211 942 1268 illis
993 1211 1263 1283 superior
1317 1211 1532 1279 evadit,
1566 1210 1844 1282 quoniam
1907 1212 1997 1264 est
2048 1207 2148 1262 Dei

489 1319 642 1374 caro,
669 1301 809 1358 adeo
839 1304 902 1356 ut
932 1300 988 1355 in
1022 1301 1366 1373 corporibus
1414 1318 1528 1356 non
1581 1299 1852 1356 similiter
1885 1298 2148 1380 quidem,

487 1397 547 1450 at
577 1389 932 1448 animalibus
965 1395 1183 1458 tamen,
1213 1391 1290 1446 sit
1338 1389 1799 1462 impatibilitatis
1851 1391 2052 1442 auctor
2083 1403 2147 1441 ac

487 1479 882 1552 principium;
918 1485 972 1534 et
1000 1480 1278 1534 adoretur
1310 1484 1373 1534 ut
1408 1479 1506 1536 Dei
1537 1496 1691 1545 caro,
1725 1477 2000 1549 quoniam
2036 1475 2145 1530 hac

485 1569 708 1626 ratione
751 1569 800 1624 is
847 1568 944 1642 qui
978 1569 1262 1624 adoretur
1323 1577 1404 1624 est
1464 1568 1643 1634 Deus,
1675 1572 1731 1622 et
1788 1566 1956 1622 nobis
2005 1582 2140 1620 con-

471 1659 843 1731 junctionem
891 1675 1022 1712 cum
1056 1673 1121 1712 eo
1164 1659 1397 1728 praebet,
1431 1658 1603 1728 cujus
1652 1661 1740 1712 est
1790 1673 2000 1728 corpus
2036 1672 2049 1710 :
2084 1659 2142 1711 et

480 1749 776 1813 adoratur,
809 1764 922 1801 non
955 1752 1151 1800 tamen
1189 1750 1251 1800 ut
1292 1763 1385 1802 res
1431 1752 1646 1811 creata,
1681 1745 1957 1818 quoniam
1991 1744 2135 1798 nihil

1673 363 1736 421 S.
1786 355 2396 421 ATHANASIUS.—
2432 355 2740 426 SPURIA.

564 501 654 553 29.
692 496 861 569 Apoll.
896 498 953 553 Si
986 495 1160 552 homo
1210 465 1524 570 adjunctus
1572 501 1661 552 est
1713 501 1844 566 Deo,
1873 494 2024 550 alius
2055 497 2144 548 est
2173 497 2220 562 Α

3726 371 3746 433 1
3762 375 3846 438 284

2327 497 2417 550 29.
2451 493 2686 553 Ἀπολλ.
2739 499 3068 574 Ἀνθρωπος
3117 501 3232 572 Θεῷ
3275 505 3671 579 παραζευχθείς,
3699 505 3842 580 ἕτερος

2261 582 2402 655 παρὰ
2429 583 2520 637 τὸν
2554 584 2680 638 Θεόν
2733 585 2842 640 ἐστι
2881 593 3003 649 ταῖς
3052 594 3304 658 ζωτικαῖς
3348 593 3604 662 κινήσεσι,
3651 593 3841 670 λογιστι-

2257 675 2377 732 καῖς
2431 692 2486 726 τε
2545 673 2632 727 καὶ
2689 677 3012 744 παθητικαῖς
3049 696 3060 709 ·
3124 678 3211 732 καὶ
3269 679 3528 754 πάσχων,
3585 682 3650 742 ὡς
3697 681 3840 758 ’ἔτερος

2257 760 2476 835 πάσχει,
2518 761 2605 816 καὶ
2655 768 3164 838 προσκυνοῦμενος,
3225 767 3299 828 ὥς
3353 765 3533 842 ἕτερος
3587 779 3841 844 προσκυνεῖ

2473 849 2486 866 \
2635 852 2650 868 κ
2807 857 2834 868 ο
2979 861 3006 872 ~
3087 851 3114 874 ,Ι
3375 859 3387 874 ο

2255 867 2364 904 ται.
2419 851 2556 925 Σαρξ
2605 848 2661 905 δε
2705 860 2838 908 Θεου
2895 858 3038 924 ζωης
3085 875 3310 931 οργανον
3366 859 3712 932 αρμοζόμινον
3752 868 3842 922 τοῖς

2257 936 2445 990 πάθεσι
2503 939 2638 1014 πρὸς
2694 940 2789 1002 τὰς
2850 943 2994 1006 θείας
3059 943 3284 1018 βουλάς,
3328 947 3417 1000 καὶ
3465 950 3539 1020 (9)
3569 945 3680 1002 οὔτε
3717 949 3840 1024 λόγοι

2259 1027 2452 1101 σαρκὸς
2509 1025 2663 1100 ἴδιοι,
2727 1027 2850 1084 οὔτε
2900 1033 3140 1105 πράξεις,
3201 1035 3288 1088 καὶ
3335 1040 3452 1097 τοῖς
3495 1039 3696 1100 πάθεσιν
3743 1040 3841 1094 ὑπο·

2260 1109 2600 1190 ϐαλλομένηο
2650 1121 2785 1174 κατὰ
2841 1122 2903 1176 τὸ
2963 1124 3119 1199 σαρκῖ
3178 1127 3473 1200 προσ-ἧκον,
3531 1125 3692 1202 ῗσχόει
3740 1129 3843 1183 κατᾶ

2257 1210 2364 1260 τῶν
2393 1209 2605 1274 παθῶν,
2664 1206 2752 1264 διὰ
2779 1210 2842 1265 τὸ
2873 1216 3006 1266 Θεοῦ
3064 1217 3196 1268 εἶναι
3258 1214 3406 1288 σὰρξ,
3441 1213 3573 1270 ὥστε
3619 1216 3697 1271 καῖ
3748 1238 3843 1273 κατ-

2258 1292 2409 1369 άρξαι
2440 1303 2538 1365 τῆς
2573 1297 2827 1360 ἀπαθείας
2884 1305 3002 1362 τοῖς
3043 1301 3148 1376 οὐχ
3205 1302 3412 1376 ὁμοίως
3473 1305 3587 1376 μὲν,
3618 1305 3844 1377 ὀμοζὼοις

2257 1379 2313 1436 δὶ
2374 1385 2586 1457 σώμασι
2645 1389 2794 1460 (10)·
2846 1387 2932 1442 καὶ
2988 1396 3366 1466 προσκυνεῖται
3425 1391 3499 1454 ὡς
3553 1397 3674 1448 Θεοῦ
3727 1395 3842 1469 σάρξ,

2255 1477 2388 1526 Θεοῦ
2421 1470 2575 1536 ὄντος
2607 1474 2750 1530 οὕτω
2792 1481 2888 1530 τοῦ
2937 1481 3443 1553 προσκυνουμὲνουο
3478 1483 3563 1536 καὶ
3607 1485 3841 1560 συνάξειαν

2251 1563 2385 1634 ἡμῖν
2420 1559 2637 1618 δίδωσιν
2671 1609 2683 1632 ,
2719 1565 2781 1619 οὗ
2814 1564 2920 1620 ἐστι
2973 1572 3130 1640 σῶμα
3165 1588 3177 1600 ·
3210 1570 3299 1624 καὶ
3331 1576 3693 1646 προσκυνεῖται
3723 1559 3842 1648 ,οὐχ

2251 1651 2323 1711 ὡς
2348 1650 2568 1725 ντίσμα,
2631 1652 2712 1706 ὅτι
2776 1651 2944 1725 μηδὲν
3002 1656 3202 1729 κτίσμα
3262 1659 3429 1730 μέρος
3487 1661 3719 1714 Θεοῦ.()ἱ
3762 1661 3838 1734 ἄρα

2248 1739 2418 1816 σάρκα
2458 1736 2642 1796 λαϐεῖν
2688 1743 2778 1797 τὸν
2821 1743 2948 1799 Θεὸν
2999 1745 3373 1809 πιστεύσαντες
3410 1793 3424 1817 ,
3452 1748 3540 1802 καὶ
3584 1751 3682 1802 τῶν
3725 1748 3838 1822 εὐερ-

477 1837 633 1910 quod
665 1841 926 1892 creatum
962 1835 1041 1889 sit
1080 1841 1168 1890 est
1198 1835 1299 1891 Dei
1342 1835 1553 1907 portio,
1593 1837 1791 1906 Itaque
1824 1834 1917 1906 qui
1952 1835 2117 1889 Dcun

2243 1834 2432 1904 γεσιῶν
2482 1830 2811 1906 τυγχάνουσι
2845 1879 2857 1903 ,
2891 1833 2979 1887 καὶ
3021 1835 3120 1888 οὐκ
3176 1834 3251 1897 εἰς
3308 1834 3490 1912 ἕτερον
3529 1839 3816 1911 μεταπίπτου

477 1926 725 1982 credunt
781 1922 1179 1994 assumpsisse
1239 1940 1493 1990 carnem,
1529 1924 1657 1994 ejus
1719 1923 2132 1979 beneﬁciorum

479 2015 628 2070 ﬁunt
653 2017 974 2084 compotes,
1002 2028 1105 2066 nec
1136 2028 1202 2068 eo
1230 2011 1605 2080 delabuntur,
1631 2015 1693 2068 ut
1723 2011 1903 2067 alium
1936 2011 2130 2083 ipsum

474 2102 718 2159 dicant:
767 2100 1127 2156 contrarium
1178 2119 1313 2157 vero
1373 2101 1445 2158 iis
1503 2102 1714 2170 evenit,
1777 2101 1876 2174 qui
1925 2101 2129 2157 volunt

473 2190 774 2250 hominem
828 2189 1007 2244 fuisse
1066 2189 1181 2247 Deo
1239 2191 1644 2260 conjunctum.
1697 2190 1848 2247 Orlh.
1907 2191 2127 2246 Disces-

473 2281 603 2338 sisti
651 2297 684 2335 a
735 2278 1034 2350 Scriptura
1092 2278 1374 2334 divinitus
1429 2279 1734 2351 inspirata,
1793 2282 2036 2352 ideoque
2095 2299 2127 2336 a

473 2369 663 2442 gratia
723 2366 1014 2438 excidisti,
1078 2375 1138 2422 ul
1197 2368 1292 2439 qui
1356 2384 1490 2422 eum
1547 2370 1850 2440 Scriptura
1907 2370 2120 2425 dicat:

477 2479 502 2514 ιι
539 2457 926 2527 Assumpsit,»
949 2464 1006 2513 et
1043 2480 1069 2506 ‹‹
1101 2458 1335 2512 Factum
1370 2462 1480 2524 est,
1504 2482 1529 2506 ››
1566 2459 1746 2524 istud,
1780 2460 2123 2530 adiunctum

471 2552 583 2616 est,
614 2547 740 2620 ipse
784 2546 886 2601 tibi
922 2545 1090 2618 quasi
1141 2547 1452 2601 cisternam
1504 2547 1854 2601 confractam
1918 2548 2123 2629 fecisti,

470 2653 596 2709 qua:
647 2652 760 2691 non
822 2634 1007 2708 possit
1053 2652 1236 2706 aquas
1289 2635 1605 2690 continere.
1641 2635 1940 2698 Quomodo
1991 2653 2121 2692 vero

469 2742 585 2782 non
616 2725 703 2781 vis
732 2723 988 2780 Verbum
1021 2725 1092 2779 ab
1126 2723 1388 2778 humana
1439 2729 1647 2778 natura
1680 2724 1803 2779 suis
1853 2725 2119 2780 animali-

468 2814 600 2884 bus,
636 2811 1088 2869 rationabilibus
1120 2816 1175 2865 et
1217 2809 1560 2882 patibilibus
1589 2811 1844 2865 motibus
1877 2829 1989 2866 non
2025 2829 2117 2868 se-

463 2902 668 2959 cerni?
701 2902 851 2957 Num
885 2899 1042 2956 enim
1075 2899 1272 2953 divino
1309 2899 1562 2970 quodam
1617 2905 1775 2953 motu
1827 2917 2117 2982 crescens,

462 3008 495 3048 a
523 2997 752 3048 statura
782 2990 854 3046 ad
887 2996 1173 3045 staturam
1203 2987 1395 3043 divine
1425 2987 1715 3043 excrevit?
1745 2993 1799 3042 et
1830 2990 2117 3060 sapientia

463 3080 793 3152 proﬁciens,
828 3077 1073 3152 profecit
1125 3082 1188 3132 ut
1239 3076 1436 3132 Deus?
1483 3081 1540 3132 et
1583 3093 1713 3132 cum
1767 3077 2004 3132 tristitia
2059 3084 2114 3134 et

461 3185 678 3240 angore
736 3167 918 3223 animi
977 3165 1327 3234 afﬁceretur,
1371 3183 1502 3221 cum
1559 3167 1915 3236 turbaretur,
1967 3184 2104 3222 num

459 3256 696 3312 tristitia
725 3261 782 3311 et
823 3271 1038 3328 angore
1079 3255 1465 3317 afﬁciebatur,
1497 3260 1552 3310 et
1584 3255 1931 3310 turbabatur
1977 3261 2101 3311 tan-

459 3361 636 3418 quam
670 3344 824 3400 Deus
854 3349 911 3399 et
943 3343 1242 3399 laborabat
1273 3349 1328 3397 et
1358 3343 1727 3414 patiebatur?
1765 3345 1949 3400 Absit.
1985 3347 2106 3400 lmo

459 3433 612 3488 sicut
655 3449 869 3504 corpus
901 3437 958 3487 et
989 3431 1169 3486 Maria
1218 3431 1620 3503 desumptum,
1666 3433 1819 3488 Deus
1849 3433 2104 3488 Verbum

459 3537 630 3578 suum
664 3536 793 3576 esse
823 3537 1036 3591 corpus
1066 3517 1228 3584 dixit,
1253 3519 1408 3590 quod
1454 3524 1648 3575 tamen
1686 3537 1795 3574 non
1829 3525 1919 3576 est
1949 3523 2106 3593 ejus-

455 3610 588 3666 dem
619 3615 795 3681 atque
825 3609 1012 3664 deitas
1045 3608 1170 3680 ipsa
1193 3611 1412 3662 natura:
1440 3625 1452 3663 :
1484 3609 1562 3662 ita
1588 3610 1762 3664 etiam
1797 3627 1936 3664 suas
1967 3611 2108 3665 dicit

452 3697 855 3770 passiones,et
890 3703 1013 3752 tum
1060 3695 1356 3762 animalis,
1393 3701 1514 3750 tum
1566 3696 1753 3768 ipsius
1805 3698 2106 3754 rationalis

449 3786 751 3852 facultatis
781 3785 1232 3854 incrementum,
1258 3801 1618 3856 quaacunque
1653 3789 1871 3840 naturae
1903 3786 2106 3841 huma-

447 3893 536 3932 na:
568 3880 708 3932 sunt
740 3880 803 3931 ut
833 3875 943 3932 sibi
979 3875 1215 3948 propria
1237 3873 1562 3941 vindicans,
1589 3892 1691 3944 pro
1723 3875 1876 3929 bona
1905 3877 2103 3947 gratia;

445 3982 562 4020 suis
599 3965 912 4021 voluntate.
947 3964 1040 4020 Sic
1090 3963 1250 4020 enim
1285 3980 1453 4018 suam
1490 3963 1629 4018 dicit
1681 3980 1937 4032 carnem,
1975 3966 2104 4022 vitae

442 4055 929 4124 instrumentum,
960 4053 1260 4123 idoneum,
1293 4056 1355 4108 ut
1387 4051 1599 4108 divinis
1631 4051 1897 4108 consiliis
1928 4071 2100 4126 coap-

445 4146 618 4197 tetur.
655 4142 802 4198 Nam
837 4147 900 4197 ut
943 4146 1199 4214 spueret,
1235 4159 1378 4197 usus
1429 4147 1517 4196 est
1563 4142 1823 4213 corporis
1879 4143 2096 4199 instru-

443 4236 664 4298 mento,
709 4230 1031 4302 itidemque
1091 4247 1352 4300 corpore,
1401 4235 1463 4286 ut
1523 4230 1888 4302 sepeliretur,
1922 4237 1975 4287 et
2035 4239 2098 4289 ut

439 4319 766 4376 voluntarie
820 4325 1064 4374 mortem
1097 4317 1351 4379 subiret;
1383 4335 1449 4374 ac
1497 4324 1559 4373 ut
1607 4319 1823 4375 inferos
1873 4322 2094 4392 praeda-

439 4413 619 4476 retur,
653 4409 913 4464 animam
955 4407 1246 4474 adhibuit,
1279 4424 1454 4479 quam
1490 4423 1618 4463 sese
1660 4407 1805 4464 dixit
1835 4425 1937 4480 pro
1968 4411 2092 4467 suis

438 4496 643 4553 ovibus
687 4498 996 4568 deponere.
1031 4497 1230 4569 Neque
1277 4513 1578 4552 sermones
1635 4503 1774 4552 sunt
1831 4497 2089 4556 hominis

2243 1938 2342 1971 O’W'
2376 1919 2448 1972 ὧν
2480 1920 2544 1973 τά
2574 1919 2783 1975 ἐναντία
2830 1919 3046 1998 ἔχουσιν
3101 1925 3152 1977 οἱ
3202 1927 3484 1998 ἄνθρωπον
3527 1929 3832 2002 παρεζεῦχθαι

2242 2005 2490 2084 λέγοντες
2548 2014 2662 2082 Θεῷ
2721 2012 2880 2085 (11).
2941 2014 3106 2089 Ὀρθ.
3167 2015 3557 2091 Ἀνεχώρησας
3610 2019 3696 2084 τῆς
3743 2018 3832 2070 θεο-

2241 2097 2498 2152 πνεύστου
2531 2104 2767 2176 Γραφῆς,
2808 2100 2896 2154 καῖ
2931 2098 3018 2156 διὰ
3065 2106 3226 2158 τοῦτο
3279 2111 3381 2173 τῆς
3429 2107 3648 2180 χάριτος
3689 2103 3829 2173 ἐξέπε-

2241 2207 2347 2258 σες,
2377 2193 2476 2256 τῆς
2510 2193 2726 2264 Γραιρῆς
2759 2187 3026 2263 λεγούσης
3057 2191 3140 2264 τὸ,
3165 2216 3191 2242 ‹‹
3226 2188 3456 2266 Ἔλαϐε,
3491 2217 3518 2244 )›
3548 2195 3649 2263 καὶ,
3671 2191 3832 2266 «Ἐγέο

2237 2294 2373 2329 νετο·
2408 2299 2434 2327 ››
2469 2276 2530 2330 τὸ
2577 2282 2941 2354 παρεζεῦχθαι
2993 2285 3170 2352 σαυτῷ
3221 2277 3432 2356 ὥρυξας
3483 2281 3700 2357 καθάπερ
3727 2281 3830 2336 λάκ-

2235 2383 2329 2418 κον
2390 2366 2867 2441 συντετριμμένον,
2934 2369 3007 2440 μή
3069 2366 3361 2442 δυνάμενον
3423 2367 3565 2447 ὕδωρ
3614 2371 3827 2445 συνέχειν.

2238 2456 2356 2514 Πῶς
2392 2450 2446 2506 δὲ
2496 2453 2558 2507 οὗ
2609 2453 2786 2515 θέλεις
2832 2461 2950 2517 ταῖς
3002 2461 3254 2525 ζωτικαῖς
3286 2459 3376 2512 καὶ
3431 2459 3739 2534 λογιστικαῖς
3762 2457 3828 2512 καὶ

2232 2547 2557 2610 παθητικαῖς
2607 2545 2847 2612 κινήσεσι
2897 2543 3223 2619 χωρίζεσθαι
3275 2546 3370 2601 τὸν
3421 2547 3585 2624 Λόγον
3632 2553 3715 2615 τῆς
3755 2544 3828 2599 άν-

2234 2629 2586 2704 θρωπότητος
2617 2650 2629 2700 ;
2663 2634 2800 2708 Ἀρα
2850 2633 2949 2709 γάρ
3007 2634 3095 2687 καὶ
3157 2634 3422 2709 αὐξάνων,
3473 2641 3617 2712 θείκῇ
3659 2636 3824 2704 κινήσει

2231 2715 2335 2771 ἀπὸ
2367 2716 2586 2787 ἡλικίας
2639 2719 2712 2780 εἷς
2742 2718 2957 2788 ἡλικίαν
3019 2724 3214 2785 θεϊκῶς
3257 2713 3483 2794 ηὔξανεν
3521 2744 3533 2794 ;
3567 2725 3657 2782 Καὶ
3700 2721 3824 2799 σοφίᾳ

2228 2803 2557 2880 προκόπτων
2589 2854 2602 2880 ,
2651 2811 2844 2872 θεϊκῶς
2903 2812 3321 2886 προσέκοπτεν;
3379 2815 3475 2868 Καὶ
3531 2812 3820 2884 λυπούμενος

2226 2895 2315 2948 καὶ
2345 2895 2619 2971 ἀγωνιῶν,
2648 2898 2737 2952 καὶ
2783 2899 3205 2975 ταραττόμενος,
3256 2903 3452 2965 θεϊκῶς
3503 2901 3728 2956 ἐλυπεῖτο
3753 2897 3819 2951 καὶ

2225 2984 2455 3059 ἠγωνία,
2488 2986 2574 3040 καὶ
2609 2986 2942 3063 ἐταράττετο,
2983 2990 3070 3044 καῖ
3105 2989 3294 3045 ἐκοπία
3339 2991 3429 3046 καί
3467 2990 3680 3066 ἔπασχεν
3711 3008 3722 3056 ;
3751 2987 3821 3052 Μὴ

2223 3073 2435 3148 γένοιτο
2463 3077 2474 3130 l
2511 3075 2665 3131 Ἀλλ’
2695 3075 2874 3154 ὥσπερ
2904 3078 2966 3132 τὸ
3000 3083 3158 3152 σῶμα
3185 3081 3248 3134 τὸ
3299 3079 3362 3135 ἐκ
3412 3081 3631 3157 Μαρίας,
3669 3079 3820 3133 ἑαυτοῦ

2223 3161 2379 3236 σῶμα
2411 3163 2589 3240 ἔλεγεν
2623 3165 2650 3218 ὁ
2683 3166 2810 3227 Θεὸς
2858 3167 3052 3242 Λόγος,
3103 3167 3165 3222 οὐ
3210 3176 3310 3238 τῆς
3362 3169 3526 3239 αὐτῆς
3573 3167 3732 3228 οὐσίας
3772 3165 3818 3218 ’ὸν

2219 3255 2288 3325 τῇ
2321 3251 2556 3322 θεότητι·
2590 3253 2733 3308 οὕτω
2777 3255 2866 3309 καὶ
2913 3275 2978 3309 τα
3018 3257 3164 3328 πάθη
3211 3258 3299 3312 καὶ
3349 3260 3451 3327 τήν
3502 3257 3701 3327 αὔξησιν
3741 3255 3818 3321 τήν

2221 3341 2451 3410 ζωτικὴν
2484 3343 2572 3396 καὶ
2605 3341 2923 3418 λογιστικὴν
2973 3344 3164 3399 ἑαυτοῦ
3213 3344 3391 3421 λέγει,
3435 3342 3822 3415 ἰδιοποιούμενος

2217 3427 2387 3483 πάντα
2441 3436 2541 3498 τῆς
2586 3430 3006 3506 ἀνθρωπότητος
3060 3437 3127 3506 τῇ
3191 3431 3414 3505 εὐδοκία
3468 3437 3564 3504 τῆς
3611 3432 3820 3508 χάριτος·

2218 3517 2472 3579 ὡσαύτως
2521 3518 2608 3572 καὶ
2651 3521 2763 3593 (12)
2807 3521 2907 3588 τήν
2960 3520 3128 3595 σάρκα
3161 3526 3307 3591 ζωῆς
3363 3519 3582 3600 ὄργανον
3623 3515 3818 3596 ἁρμοζό-

2219 3627 2378 3679 μενον
2409 3607 2544 3682 πρὸς
2574 3608 2668 3663 τὰς
2716 3608 2859 3671 θείας
2913 3608 3136 3685 βουλάς.
3189 3613 3304 3665 Ἵνα
3357 3613 3463 3687 γὰρ
3508 3610 3687 3683 πτῦσῃ,
3731 3605 3819 3660 σώ-

2219 3717 2345 3768 ματι
2394 3694 2658 3771 κέχρηται
2711 3696 2946 3772 ὀργάνῳ⁸
2993 3696 3084 3752 ’ίνα
3131 3698 3298 3776 ταφῇ,
3357 3701 3560 3774 ὁμοίως
3610 3703 3680 3770 τῷ
3729 3694 3818 3748 σώ-

2219 3803 2367 3856 ματι·
2414 3782 2504 3838 ’ίνα
2555 3782 2611 3839 δὲ
2658 3785 2802 3860 πάθῃ
2853 3786 3131 3854 ἑκουσίως,
3166 3788 3254 3842 καὶ
3299 3785 3397 3844 ’ίνα
3425 3791 3512 3844 τὸν
3565 3783 3684 3858 ᾅδην
3712 3805 3817 3839 nu-

2217 3872 2401 3947 λεῦσῃ,
2430 3877 2499 3946 τῇ
2531 3877 2708 3950 ψυχῇ,
2738 3876 2799 3942 ἣν
2830 3871 2988 3950 ἕλεγε
3015 3877 3218 3939 τιθέναι
3253 3877 3388 3954 ὑπὲρ
3408 3883 3512 3932 τῶν
3543 3869 3810 3950 προϐάτων.

2214 3960 2309 4014 Καί
2371 3957 2493 4016 οὔτε
2550 3961 2838 4037 ἀνθρώπου
2894 3961 3052 4038 λόγοι
3115 3961 3268 4033 ξ’διοι,
3332 3963 3456 4021 οὔτε
3511 3967 3562 4020 αἱ
3608 3963 3809 4038 πράξεις’

2254 4049 2336 4103 Ξ.οὲ
2396 4047 2452 4103 δὲ
2509 4055 2626 4103 τοῖς
2685 4049 2903 4103 πάθεσιν
2965 4053 3102 4103 (13)-
3152 4048 3578 4103 ὑποϐαλλομένη
3625 4047 3814 4103 κατὰτὸ

2211 4049 2336 4124 σάρξ
2396 4048 2452 4103 δὲ
2509 4055 2626 4111 τοῖς
2685 4049 2903 4113 πάθεσιν
2965 4053 3102 4124 (13),
3152 4048 3578 4127 ὑποϐαλλομένη
3625 4049 3742 4106 κατὰ

2211 4138 2480 4213 ἀνθρώπῳ
2509 4145 2806 4215 προσῆκον,
2859 4138 3035 4215 ἰσχύει
3084 4141 3220 4195 κατᾶ
3263 4146 3371 4196 τῶν
3421 4144 3595 4197 παθῶν
3638 4138 3715 4194 διὰ
3737 4137 3816 4204 τὴν

2207 4226 2340 4301 πρὸς
2387 4227 2476 4281 τὸν
2523 4227 2650 4282 Θεὸν
2696 4223 2902 4283 ἕνωσιν.
2941 4252 2967 4281 ι(
3014 4229 3310 4304 Ἀμαρτίαν
3367 4231 3470 4306 γὰρ
3525 4230 3615 4284 οὐκ
3657 4225 3816 4294 ἐποίη-

2207 4336 2315 4381 σεν,
2358 4313 2481 4369 οὐδὲ
2533 4315 2721 4392 εὑρέθη
2757 4313 2918 4379 δόλος
2951 4317 3001 4370 ἐν
3053 4321 3132 4388 τῷ
3173 4318 3405 4390 στόματι
3436 4319 3613 4388 αὐτοῦ,
3646 4342 3670 4366 ιι
3699 4313 3810 4368 ὥστε

2201 4403 2454 4478 κατάρξαι
2503 4411 2602 4474 τῆς
2650 4405 2906 4467 ἀπαθείας
2954 4411 3070 4468 τοῖς
3122 4406 3362 4478 ὁμοίοις.
3415 4432 3444 4460 ι(
3493 4409 3811 4480 Ὠμοίωταιιι

2199 4493 2299 4568 γάρ
2337 4520 2354 4543 ο
2392 4493 2525 4547 κατὰ
2555 4494 2728 4547 πάντα
2755 4499 2870 4555 τοῖς
2900 4492 3158 4574 ἀδελφοῖς
3190 4497 3217 4549 ὁ
3250 4497 3381 4558 Θεὸς
3415 4496 3606 4572 Λόγος,
3643 4520 3659 4543 ι
3699 4492 3805 4546 ἑνω-

437 4586 678 4657 proprii,
709 4601 898 4657 neque
947 4585 1224 4640 actiones.
1255 4588 1396 4640 Caro
1453 4601 1606 4650 vero,
1641 4589 1811 4656 prout
1867 4586 2089 4643 homini

2233 4581 2310 4644 εὶς
2361 4581 2782 4658 ἀνθρωπότῃτι,
2827 4583 2915 4637 καὶ
2966 4590 3345 4660 προσκυνεῖται
3410 4587 3535 4646 Θεὸς
3585 4583 3806 4654 ἐνανθρω·

435 4675 732 4744 convenit,
794 4674 1270 4746 perpessionibus
1331 4674 1588 4743 subjecta
1646 4675 1914 4744 superior
1972 4675 2089 4732 illis

437 4763 629 4819 evadit
661 4770 896 4836 propter
947 4763 1103 4818 illam
1156 4779 1285 4816 cum
1339 4761 1454 4816 Deo
1509 4761 1906 4819 unitionem.u
1940 4765 2085 4820 Nam

436 4858 736 4923 peccatum
775 4871 882 4906 non
922 4852 1074 4917 fecit,
1107 4867 1292 4922 neque
1324 4852 1381 4904 in
1431 4867 1529 4904 ore
1576 4849 1762 4921 ipsius
1815 4852 2086 4910 inventus

432 4949 517 4995 est
549 4941 717 4996 dolus
742 4943 809 5010 “,
837 4964 861 4990 ››
895 4949 955 4996 ut
985 4940 1062 4995 sit
1093 4939 1183 4994 sui
1217 4939 1515 4994 similibus
1546 4945 1751 4994 auctor
1779 4957 1844 4996 ac
1876 4941 2085 5013 princi-

435 5033 596 5101 pium
628 5029 980 5098 indolentiw,
1008 5051 1034 5079 ι(
1074 5029 1171 5084 Est
1200 5051 1228 5077 ››
1261 5029 1416 5082 enim
1453 5035 1600 5083 Deus
1631 5027 1883 5084 Verbum
1927 5054 1946 5080 ι
1984 5049 2087 5103 per

432 5118 632 5175 omnia
663 5118 941 5175 fratribus
973 5117 1099 5173 suis
1124 5117 1336 5172 similis
1368 5116 1556 5173 factus
1577 5119 1678 5186 ’9,»
1702 5136 1834 5174 cum
1863 5126 2082 5176 natur

500 5291 542 5324 “
577 5287 688 5345 Isa.
723 5302 846 5356 LIII,
871 5287 934 5355 9;
968 5285 988 5341 Ι
1024 5284 1172 5340 Petr.
1206 5301 1268 5354 ιι,
1300 5285 1389 5339 22.
1474 5287 1514 5323 ι’
1543 5286 1716 5343 Hebr.
1753 5304 1814 5356 ιι,
1851 5289 1938 5344 17.

517 5468 573 5538 9)
605 5466 699 5523 Sic
729 5482 873 5523 mss.
908 5467 981 5538 In
1004 5465 1177 5538 editis
1209 5481 1366 5538 vero,
1399 5463 1488 5538 καί
1519 5465 1703 5538 deest.

527 5532 610 5606 10)
645 5539 782 5610 Mss.
816 5542 932 5610 τοῖς
962 5535 1173 5610 ὁμοίως
1201 5536 1325 5610 μὲν,
1359 5533 1463 5609 οὐχ
1512 5533 1788 5606 ὁμοζώοις
1821 5532 1878 5590 δὲ
1920 5536 2068 5609 σώμ.

499 5556 610 5611 tiu.)
646 5556 782 5594 uss.
816 5557 932 5598 τοις
962 5556 1173 5610 ομοιως
1251 5556 1325 5606 εν,
1359 5556 1463 5609 ουχ
1512 5556 1648 5606 ομοιΙ

429 5609 800 5690 ΜοδΡεΙυθη
830 5609 903 5670 ὡς
934 5609 1063 5690 Θεὸς
1076 5556 1246 5690 *σάρέ
1352 5675 1366 5690 ἱ
1567 5679 1594 5690 ,Δ
1623 5678 1648 5690 η

499 5683 610 5756 (11)
639 5673 850 5754 Palat,
907 5680 961 5735 οἱ
1008 5673 1282 5756 ἄνθρωποι
1312 5675 1376 5731 τὸ
1423 5678 1786 5753 παρεζεῦχθαι
1833 5673 2080 5756 λέγοντες

2198 4673 2392 4741 πτήσεις·
2441 4670 2528 4725 καὶ
2572 4676 2855 4749 συνάφειαν
2883 4675 3023 4745 ’ἡμῖν
3073 4673 3208 4748 πρὸς
3253 4673 3413 4728 αὐτὸν
3462 4670 3678 4740 δίδωσι,
3725 4685 3803 4740 με·

2195 4760 2414 4836 τασχὼν
2468 4757 2698 4833 α’ίματος
2742 4763 2831 4815 καί
2883 4762 3100 4838 σαρκὸς,
3151 4759 3241 4816 καὶ
3286 4755 3804 4835 προσκυνεῖταιὸαὗυ

2195 4852 2307 4918 τὸς,
2341 4849 2525 4903 ἐνώσει
2554 4853 2622 4922 τῇ
2656 4850 2789 4923 πρὸς
2821 4851 2966 4923 ἡμᾶς
3001 4851 3072 4912 ὡς
3125 4848 3428 4924 ἅνθρωπος,
3463 4851 3607 4928 φύσει
3657 4839 3803 4900 δὲκαὶ

2196 4939 2350 5009 οὐσίᾳ
2379 4937 2452 4992 ὣν
2485 4937 2636 4999 Θεός.
2669 4939 2729 4992 Τί
2762 4937 2819 4993 δὶ
2850 4939 2938 4992 καὶ
2964 4937 3138 5011 λέγειν
3172 4937 3480 5012 ἐτόλμησας
3517 4939 3667 5012 μέρος
3694 4932 3805 4988 Θεοῦ

2193 5030 2290 5096 τήν
2325 5029 2493 5100 σάρκα
2519 5027 2618 5094 τὴν
2653 5025 2714 5080 ἐκ
2743 5027 3054 5102 σπέρματος
3077 5021 3268 5096 Δαϐὶδ,
3294 5029 3393 5096 τὴν
3417 5025 3475 5080 ἐκ
3505 5022 3702 5098 Μαρίας
3723 5024 3804 5102 τῆς

2194 5117 2484 5194 Παρθένου,
2514 5116 2613 5183 τὴν
2653 5114 2714 5170 οὖ
2766 5100 3025 5193 φαντασίᾳ
3070 5115 3260 5193 σάρκα,
3289 5114 3419 5170 ἀλλ’
3469 5111 3701 5184 ἀληθείᾳ,
3728 5100 3801 5163 καὶ

2187 5465 2336 5522 Θεόν.

2287 5533 2375 5593 12)
2404 5528 2504 5585 Καί
2537 5531 2704 5588 ahest
2731 5547 2765 5586 a
2794 5548 2938 5589 mss.

2287 5537 2353 5593 12
2404 5533 2504 5585 Καί
2537 5533 2704 5588 abest
2731 5547 2765 5586 a
2794 5548 2938 5589 mss.

2287 5533 2375 5677 13)
2395 5604 2570 5679 MSS”
2603 5599 2726 5679 οὔτε
2755 5604 2790 5671 ἠ
2814 5603 3014 5679 ’πρᾶξις
3053 5609 3172 5668 τοῖς
3220 5602 3458 5668 πάθεσιν.
3490 5597 3656 5660 Paulo
3683 5593 3794 5678 ροεί

2191 5670 2367 5752 ωὲ8.,’
2395 5670 2578 5751 ἰσχύει
2609 5670 2667 5728 δὲ
2695 5670 2876 5737 κατά.’
2948 5670 2960 5674 ⁷
3589 5681 3593 5686 ’

3985 497 3997 650 'i

3985 629 3992 650 .
