2043 3107
131 183 207 215 12δῦ

619 181 670 215 DE
692 181 844 215 SANGTA
867 180 1082 215 TRINITATE
1104 181 1299 215 DIALOGUS
1321 182 1357 215 ν.

1764 187 1841 217 1286

135 251 204 288 μετά
227 251 277 285 τήν
301 250 444 278 ἀνάστασιν
469 253 592 289 φανεῖσαν
608 259 614 285 ;
632 250 806 287 Νομιζόντων
831 250 881 288 γὰρ
906 252 958 277 τῶν

1020 250 1149 278 humanae
1163 251 1337 281 uniretur.et
1346 251 1566 279 adoraturDeus
1577 250 1663 279 homo
1670 252 1839 285 fectus,sui-

137 296 264 332 μαθητῶν
282 295 422 333 φάντασμα
438 294 516 330 εἶναι,
532 295 573 322 ὅτι
589 297 642 322 τῶν
659 297 746 332 θυρῶν
760 294 958 331 κεκλεισμένων

136 339 272 374 ιῖσῆλθεν,
289 339 481 375 ὑπομνήσθητι
497 339 578 366 αὐτοῦ
593 341 646 366 τῶν
663 338 765 376 λόγων,
778 338 824 366 ’ἱνα
839 337 958 375 ἀκούσῃς

134 384 176 412 τό·
197 397 207 409 ι
226 382 415 422 mustum
444 394 488 420 με,
504 383 549 410 καὶ
567 382 651 418 ἴδετε,
678 383 719 410 ὅτι
745 385 852 420 πνεῦμα
876 382 960 419 σάρκα

134 428 179 456 καὶ
196 428 273 456 ὀστέα
289 427 338 455 οὐκ
353 426 423 465 ἔχει,
439 428 528 458 καθὼς
544 427 592 464 ἐμὲ
607 428 686 464 ὁρᾶτε
700 427 808 466 ἔχοντα.
828 440 838 453 ι
856 428 912 455 Τοῦ
932 426 961 454 δὲ

134 474 253 510 ἀμεροῦς
266 474 332 500 Θεοῦ
343 474 401 502 πῶς
417 471 474 499 οἷόν
489 471 519 499 τὲ
533 472 588 499 ἐστι
607 473 688 509 μέρος
703 471 862 507 νοῆσαι,καὶ
877 470 960 498 ταῦτα

1015 302 1072 330 que
1079 294 1231 322 nobiscum
1240 295 1477 330 conjunctionem
1485 295 1565 323 nobis
1574 296 1842 334 praebet,particeps

1015 338 1115 366 factus
1130 339 1283 374 sanguinis
1303 342 1332 366 et
1356 340 1451 367 carnis
1469 348 1475 366 :
1493 339 1630 375 idemque
1644 341 1792 374 adoretur,
1811 344 1842 368 ut

1014 383 1065 418 qui
1081 383 1168 410 homo
1184 383 1302 419 quidem
1320 384 1368 418 sit,
1397 385 1534 418 quoniam
1561 386 1645 412 nobis
1668 388 1713 412 est
1730 386 1839 414 unitas.

1016 430 1120 455 natura
1135 436 1200 455 vero
1216 431 1244 455 et
1260 429 1427 456 substantia
1446 428 1485 455 sit
1509 429 1596 457 Deus.
1613 430 1758 462 Quorsum
1774 439 1840 458 vero

1015 480 1106 500 ausus
1120 473 1207 500 etiam
1225 481 1255 500 es
1271 472 1367 500 dicsrc
1384 473 1547 507 portionem
1575 473 1625 500 Dei
1640 482 1705 501 esse
1720 482 1840 502 carnem

133 519 231 557 σάρκα,
245 520 295 552 τῆς
311 518 361 551 σῆς
377 516 432 544 ἐστι
448 516 542 555 σοφίας
558 516 750 554 ἐξηγήσασθαι.

1020 516 1095 544 illam
1123 525 1187 552 quas
1213 525 1248 544 ex
1277 517 1389 544 semine
1423 518 1539 545 tlavidis
1563 522 1617 553 est,
1641 521 1669 545 et
1693 526 1727 546 ex
1751 520 1842 548 Maris.

134 563 268 598 Virgine,
294 569 419 597 quisque
444 569 508 589 sese
533 570 590 589 non
615 562 782 597 phantasia,
809 561 859 588 sed
885 561 982 596 reipsa
1010 568 1127 588 carnem
1152 569 1229 596 esse,
1255 564 1320 597 post
1341 561 1434 596 ipsum
1462 570 1575 597 quoque
1600 562 1840 591 resurrectionem

133 606 375 635 deinonstruvit?
390 606 462 633 Cum
487 605 564 634 enim
589 606 791 633 existimarent
822 606 961 640 discipuli
987 604 1163 640 phantasma
1187 614 1262 640 esse,
1287 606 1404 641 quando
1429 607 1530 641 januis
1556 608 1664 634 clausis
1688 607 1840 643 ingressus

133 654 191 685 est,
219 653 365 678 memento
393 658 494 678 eorum
519 658 583 686 qua:
606 653 669 678 tum
694 651 757 687 ipse
781 650 863 684 dixit,
891 653 922 677 ut
947 649 1061 684 audias,
1086 660 1099 674 ι‹
1127 649 1245 685 Palpate
1271 658 1316 677 me
1341 653 1369 677 et
1404 650 1507 685 videte,
1533 652 1606 686 quia
1630 652 1751 687 spiritus
1777 660 1839 680 car-

133 704 205 723 nem
234 698 263 723 et
289 703 356 723 ossa
380 703 436 722 non
462 694 560 729 habet,
585 694 661 722 sicut
688 703 734 722 me
755 694 858 722 videtis
888 694 995 721 habere
1032 694 1064 728 ¹⁴,
1090 705 1104 719 ››
1129 694 1270 721 Craterum
1295 703 1360 721 cum
1389 697 1462 722 Ueus
1493 695 1531 722 sit
1553 696 1649 723 omnis
1672 696 1840 731 partitionis

133 748 250 776 expers,
266 740 413 775 quomodo
428 739 618 775 intelligatur,
637 741 669 767 ut
680 739 780 775 aliqua
795 739 888 774 ipsius
905 738 1008 774 portio,
1025 746 1058 766 ac
1075 738 1234 773 praesertim
1253 746 1316 773 qua:
1332 738 1371 766 sit
1397 747 1474 771 caro,
1501 742 1551 766 tua
1574 739 1666 774 possit
1695 740 1841 776 sapientia

136 785 289 821 explicari.

178 830 222 857 30.
253 827 366 857 Ἀπολλ.
401 828 433 856 Εἰ
471 828 545 866 σὰρξ,
574 828 610 859 ὡς
648 827 892 865 ἐπιστρατευομινη
925 829 965 863 τῷ

136 876 191 910 νῷ,
207 874 372 911 κεχώρισται
397 875 445 900 τοῦ
466 875 524 908 νοῦ,
539 873 606 900 κατὰ
626 873 672 899 τὸν
689 871 865 906 Ἀπόστολον,
886 873 900 899 ὁ
915 873 963 906 τὴν

140 918 230 954 σάρκα
246 915 337 945 λαϐὼν
352 917 416 948 Θεὸς
431 917 484 944 ἀπὸ
498 917 599 952 ταύτης
624 914 681 954 ἔχει
704 917 752 948 τὰς
777 916 964 954 ἐπιστρατευο-

142 962 229 999 μένας
258 961 302 989 ἐπὶ
328 964 390 989 νοῦν
414 963 544 996 κινήσεις,
560 961 633 997 αὐτῷ
649 960 677 988 δὲ
694 961 731 998 μὴ
750 960 966 997 ὑποταττομὲνας

1055 828 1131 856 472
1146 827 1190 855 30.
1207 827 1297 863 Apoll.
1321 828 1350 855 Si
1372 836 1438 856 caro
1466 831 1511 856 est
1534 829 1668 864 sejuncts
1689 838 1706 857 ιι
1732 833 1842 865 mente,

1020 874 1120 908 utpote
1141 872 1281 900 adversus
1304 875 1429 900 mentem
1465 872 1573 900 bellum
1599 882 1714 909 gerens,
1745 870 1777 902 ut
1801 876 1843 902 ait

1019 916 1186 951 Apostolus,
1203 916 1278 944 Deus
1294 921 1444 952 assumpta
1459 926 1556 951 carne,
1583 920 1680 945 motus
1695 920 1784 947 etiam
1804 921 1840 947 ab

1020 967 1054 988 es.
1083 960 1184 996 recipit
1211 961 1351 988 adversus
1375 965 1502 988 mentem
1536 961 1751 998 belligerantes,
1786 964 1841 999 ipsi

139 1007 182 1037 ὡς
211 1006 396 1044 ἀνταγωνιστῇ
421 1008 460 1041 τῷ
483 1008 530 1041 νῷ.
547 1006 579 1033 Εἰ
606 1005 635 1033 δὲ
657 1008 748 1039 τοῦτο,
771 1005 821 1032 οὐκ
848 1005 927 1035 αὑτὸς
951 1004 963 1031 ὁ

1020 1012 1086 1032 vero
1102 1005 1204 1038 menti,
1221 1007 1253 1031 ut
1267 1005 1400 1040 opposito
1423 1005 1599 1041 adversario,
1625 1006 1745 1035 minime
1769 1009 1840 1036 sub-

138 1052 269 1089 πάσχων,
282 1050 347 1078 καθὸ
369 1050 443 1081 Θεός.
467 1050 544 1086 Ὀρθ.
567 1049 624 1077 Τίνι
649 1050 699 1087 γάρ
720 1052 773 1077 τῶν
799 1048 883 1086 ἁγίων
909 1048 963 1086 οὐχ

140 1095 313 1133 ὑπετάγησαν
329 1095 356 1122 αἱ
386 1094 640 1132 ὲπιστρατευόμεναι
669 1096 708 1128 τῷ
730 1096 767 1129 νῷ
790 1094 910 1128 κινήσεις
924 1102 931 1127 ;
946 1093 963 1127 ἢ

138 1143 202 1171 πῶς
217 1140 300 1177 ἅγιοι,
318 1139 340 1167 εἰ
364 1140 402 1176 μὴ
427 1138 555 1174 ὑπέταξαν
581 1138 682 1173 αὐτάς;
699 1138 729 1165 Εἰ
756 1136 784 1165 ’δὲ
806 1140 846 1173 τῷ
861 1139 898 1173 νῷ
911 1139 965 1164 τῶν

138 1185 225 1222 ἁγίων
249 1184 417 1221 ὑπετάγησαν
445 1183 471 1210 αἱ
496 1182 766 1220 ἀντιστρατευόμεναι
796 1184 836 1218 τῷ
861 1184 899 1217 νῷ
924 1192 965 1208 κι-

137 1230 243 1265 νήσεις,
259 1231 317 1259 πῶς
341 1228 405 1266 οὐχὶ
429 1230 470 1264 τῷ
494 1228 552 1263 Θεῷ
568 1227 648 1265 Λόγῳ
663 1228 718 1263 (14)
736 1226 965 1264 ὑποταγήσονται,

139 1274 268 1305 ἐνωοέντι
297 1274 374 1310 ψυχῇ
403 1274 483 1310 νοερᾷ
510 1272 576 1308 μετᾶ
604 1271 771 1306 σαρκὸς,¹ινα
790 1271 858 1297 κατὰ
880 1271 967 1297 πάντα

139 1320 202 1349 τοῖς
227 1316 354 1356 ἀδελφοῖς
376 1317 502 1353 ὁμοιωθῇ
526 1316 614 1354 χωρὶς
637 1315 780 1353 ἁμαρτέας,
796 1315 873 1350 καί
888 1314 967 1345 αὐτὸς

142 1362 211 1392 Θεὸς
237 1361 282 1388 καὶ
313 1360 473 1399 ἅνθρωπος;
496 1360 530 1389 Τί
561 1359 590 1387 δὲ
617 1360 684 1387 εἶναι
712 1359 783 1387 θέλει
812 1360 854 1393 τὸ,
879 1359 908 1386 El
939 1357 968 1386 δὲ

1015 1049 1120 1084 jectas.
1139 1049 1219 1081 Quod
1244 1049 1270 1076 si
1292 1049 1333 1076 ita
1347 1052 1401 1084 est,
1428 1058 1485 1076 non
1514 1050 1537 1077 is
1562 1054 1606 1078 est
1630 1051 1702 1087 ipse,
1729 1053 1778 1088 qui
1805 1055 1844 1081 sit

1019 1101 1136 1129 passus,
1162 1095 1309 1128 quatenus
1333 1098 1376 1120 est
1402 1094 1488 1128 Deus,
1525 1095 1605 1123 Orth.
1631 1097 1751 1124 Cuinam
1778 1106 1843 1126 vero

1020 1141 1188 1165 sanctorum
1207 1141 1304 1165 motus
1321 1138 1363 1165 illi
1378 1139 1517 1166 adversus
1537 1143 1662 1168 mentem
1679 1146 1844 1178 pugnantes

1021 1190 1078 1209 non
1096 1182 1214 1209 fuerunt
1229 1182 1339 1209 subditi
1353 1184 1365 1209 Ρ
1379 1186 1429 1210 aut
1444 1185 1590 1218 quomodo
1605 1186 1774 1219 sancti,nisi
1787 1188 1842 1215 sibi

1025 1225 1092 1253 illos
1108 1226 1284 1261 subjecerint
1298 1226 1312 1254 ‘I
1329 1227 1409 1259 Quod
1426 1227 1451 1254 si
1466 1230 1634 1256 sanctorum
1655 1231 1745 1258 menti
1772 1233 1841 1259 sub-

1018 1270 1088 1305 jecti
1104 1271 1283 1298 t'uereanimi
1300 1274 1410 1305 motus,
1426 1273 1573 1307 quomodo
1600 1273 1690 1309 igitur
1716 1277 1840 1311 subjecti

1022 1323 1078 1342 non
1097 1315 1204 1342 fuerint
1218 1315 1275 1350 ipsi
1292 1315 1348 1342 Deo
1363 1315 1466 1350 Verbo,
1479 1318 1583 1344 animis
1600 1318 1774 1354 intelligenti
1787 1329 1845 1348 una

1023 1367 1090 1386 cum
1111 1367 1197 1387 curae
1223 1359 1314 1393 unito,
1340 1362 1371 1387 ut
1395 1364 1513 1396 excepto
1538 1365 1655 1397 peccato
1681 1364 1778 1392 simile
1794 1374 1847 1401 per

142 1407 239 1442 τοῦτο,
255 1405 305 1432 οὐκ
330 1404 408 1436 αὐτὸς
430 1405 444 1432 ὁ
465 1404 590 1442 πάσχων,
606 1405 672 1436 καθὸ
697 1404 771 1437 Θεὸς,
795 1403 878 1431 ἄλλοι
903 1404 963 1438 νοή‹

1023 1404 1122 1431 omnia
1138 1404 1276 1431 fratribas
1300 1405 1349 1437 sit,
1366 1405 1504 1441 idemque
1521 1406 1596 1434 Deus
1625 1410 1654 1435 et
1678 1408 1764 1437 homo
1781 1410 1820 1438 sit
1830 1411 1844 1437 ’ἔ

143 1460 249 1484 eouaw,
266 1450 292 1477 οἱ
308 1448 519 1488 ἐπιγραφόμενοί
535 1459 563 1476 σε
580 1447 753 1476 διδάσκαλον.

1024 1448 1097 1480 Quid
1114 1456 1199 1483 porro
1214 1448 1271 1476 sibi
1286 1449 1354 1476 velit
1372 1449 1461 1484 istud,
1478 1450 1558 1481 Quod
1581 1452 1604 1478 si
1618 1452 1658 1480 ita
1672 1456 1728 1486 est,
1744 1462 1802 1482 non
1818 1455 1845 1484 is

144 1498 193 1523 est
208 1495 258 1531 qui
276 1503 379 1531 passus
394 1498 450 1529 est,
466 1497 611 1530 quatenus
628 1497 712 1528 Deus,
728 1493 777 1522 alii
792 1492 965 1529 intelligent,
982 1492 1031 1528 qui
1048 1496 1077 1520 te
1093 1493 1265 1528 magistrum
1282 1494 1456 1521 inscribunt.

182 1580 205 1597 ¹³
222 1580 290 1607 Luc.
305 1587 382 1614 xxxv,
396 1580 440 1607 35.

179 1666 236 1702 (M)
251 1666 298 1694 Sic
312 1674 383 1694 mss.
399 1667 438 1701 τῷ
453 1667 491 1701 νῷ
505 1665 640 1700 κινήσειε,
655 1666 713 1695 πῶς
731 1674 776 1691 ουν
793 1662 859 1702 οὐχὶ
873 1674 913 1700 τῳ
928 1667 962 1691 Θε

1020 1687 1023 1690 .
1040 1663 1140 1692 multis
1155 1664 1284 1699 omissis,
1302 1662 1338 1691 δι’
1352 1664 1573 1700 ὸμοιοτέλεῢτον.

1369 1755 1848 1769 “—

331 1829 387 1871 IN
425 1827 855 1883 SUBSEQUENTIA
896 1827 979 1871 XX
1014 1826 1321 1871 OPUSCULA
1360 1828 1652 1875 MONITUM-

183 1918 205 1945 l.
226 1916 256 1945 In
271 1917 412 1952 sequentia
434 1918 569 1951 opuscula
595 1916 654 1945 haec
676 1916 879 1944 Felckmannus
897 1916 1003 1944 habet:
1017 1915 1057 1943 De
1072 1915 1119 1943 bis
1134 1915 1213 1943 aliud
1239 1924 1356 1944 monere
1377 1925 1433 1944 non
1450 1917 1593 1946 habemus
1620 1928 1707 1956 quam
1732 1924 1845 1951 exstare

144 1970 181 1990 ee
195 1961 224 1989 in
240 1961 305 1989 cod.
321 1961 381 1989 illis
395 1969 534 1988 manuscr
561 1961 652 1989 Palat.
669 1969 739 1994 uno,
755 1963 784 1988 et
799 1962 921 1996 August.
939 1960 1029 1988 altero
1056 1960 1191 1996 (quorum
1218 1960 1305 1996 paulo
1325 1963 1393 1988 ante
1416 1962 1536 1998 mentio)
1560 1963 1596 1991 ab
1613 1965 1714 1993 eodem
1732 1967 1849 1995 Δηὼ-οι

148 2006 299 2034 Dermsrio
313 2005 481 2040 Epidaurio,
497 2005 589 2033 Toleti
606 2008 634 2032 et
649 2005 778 2033 Venetiis
794 2005 921 2041 scriptis,
938 2007 966 2031 et
980 2007 1014 2032 ut
1027 2004 1186 2032 verisimile
1205 2006 1259 2040 est,
1283 2013 1316 2032 ex
1331 2006 1432 2033 eodem
1448 2006 1556 2034 codice.
1588 2007 1668 2036 Unde
1691 2010 1778 2038 etiam
1793 2014 1847 2047 est,

147 2051 225 2086 quod
241 2050 298 2077 duo
315 2050 361 2077 isti
378 2050 490 2078 codices
505 2058 570 2077 raro
585 2050 708 2083 variant,
725 2052 758 2077 ut
773 2050 800 2077 in
817 2057 972 2085 progressu
990 2048 1144 2076 videbitur.
1162 2052 1272 2076 Auctor
1286 2057 1352 2077 vero
1369 2049 1472 2078 horum
1497 2050 1572 2079 idem
1590 2053 1709 2082 omnino
1723 2055 1848 2091 videtur,

147 2096 199 2131 qui
225 2097 253 2122 et
275 2095 509 2131 praecedentium,
534 2097 563 2122 et
588 2094 643 2122 nisi
679 2102 724 2122 me
753 2094 921 2129 conjectura
956 2093 1040 2127 fallit,
1071 2093 1141 2120 vixit
1170 2095 1234 2129 post
1258 2097 1371 2122 cxortas
1417 2095 1542 2124 haereses
1578 2097 1788 2134 Eutychianam
1822 2103 1852 2129 et

147 2138 405 2175 Monotbeleticem
432 2147 439 2166 :
466 2139 537 2166 adeo
573 2139 681 2166 directe
718 2146 768 2165 eas
794 2140 978 2173 oppugnant.
1001 2138 1037 2165 At
1056 2140 1179 2173 uterque
1210 2139 1299 2166 codex
1331 2147 1396 2166 cum
1428 2139 1477 2175 qui
1511 2142 1554 2168 est
1584 2150 1611 2177 p.
1636 2143 1689 2170 223
1721 2146 1850 2182 (excepto

147 2183 226 2220 quod
251 2183 392 2211 omittunt
410 2181 521 2220 άρχιεπ.
549 2181 649 2218 Ἀλεξ.)
674 2182 719 2210 his
759 2182 909 2217 opusculis
932 2181 1052 2209 titulum
1083 2182 1215 2218 prieiigit.
1259 2183 1321 2211 Herc
1337 2183 1543 2220 Felckmannus,
1575 2186 1673 2222 quibus
1699 2187 1795 2224 liquet,
1820 2190 1850 2218 in

147 2228 351 2263 manuscriplis
372 2227 445 2255 unde
467 2227 526 2256 haec
548 2228 677 2263 opuscula
702 2227 838 2262 exscripta
861 2228 936 2258 sunt,
960 2227 1047 2262 fuisse
1072 2227 1124 2254 illa
1148 2232 1343 2263 consequenter
1365 2229 1462 2264 posita,
1490 2231 1634 2265 praemisso
1662 2233 1851 2268 capitulorum

150 2272 273 2309 syllaba,
291 2280 371 2308 quem
395 2273 451 2307 iam
475 2280 527 2299 nos
547 2272 718 2299 exhibemus.
745 2271 823 2306 Quod
846 2271 977 2306 opinatur
996 2275 1091 2298 autem
1112 2271 1312 2299 Felckmannus
1331 2272 1388 2300 huc
1410 2274 1542 2308 opuscula
1568 2275 1688 2311 ejusdem
1711 2278 1852 2313 scriptoris

147 2326 207 2347 me
223 2317 304 2352 cujus
313 2318 377 2344 sunt
390 2316 586 2352 praecedentia,
602 2317 631 2344 id
645 2324 713 2343 sane
730 2323 786 2343 non
809 2323 964 2351 repugnare
978 2315 1097 2350 vitietur,
1113 2316 1180 2343 dum
1200 2316 1234 2343 de
1252 2316 1356 2344 duobus
1379 2319 1488 2345 tantum
1512 2319 1603 2354 primo
1618 2321 1715 2355 positis
1733 2321 1851 2358 dialogis

148 2362 178 2390 id
196 2362 391 2397 intelligatur;
414 2369 478 2388 nam
507 2360 595 2388 multa
620 2361 665 2388 hic
692 2362 755 2387 sunt
780 2368 840 2395 quae
865 2360 895 2387 in
919 2359 1026 2395 dialogo
1049 2360 1216 2395 praecedenti
1239 2369 1302 2388 cum
1338 2361 1491 2390 Macedonio
1513 2363 1609 2391 iisdem
1628 2365 1716 2400 ferme
1744 2368 1852 2395 vocibus

150 2407 295 2443 leguntur.
312 2405 363 2433 Sed
379 2413 440 2441 quxe
462 2408 522 2441 post
545 2405 748 2440 subsequuntur
761 2404 797 2432 ad
824 2404 1003 2432 Eustathium
1025 2406 1194 2440 nuncupata,
1217 2405 1299 2440 longe
1321 2406 1438 2433 acrioris
1461 2407 1566 2442 ingenii
1589 2416 1657 2444 opus
1680 2418 1746 2444 esse,
1762 2413 1853 2440 εδιίυίε

149 2453 285 2479 εηιαησιιῑ
296 2450 375 2477 naris
390 2450 498 2477 homini
511 2449 684 2477 videbuntur.
704 2450 810 2476 Verum
824 2448 880 2476 haec
893 2448 987 2476 omnia
1000 2448 1036 2476 ad
1050 2449 1229 2476 Athanasium
1244 2449 1353 2485 quidem
1368 2458 1421 2478 non
1439 2459 1517 2486 posse
1541 2453 1679 2488 pertinere
1691 2456 1853 2484 certissimis

153 2496 229 2523 notis
245 2495 395 2530 iudicatur,
410 2502 445 2522 ea:
455 2494 528 2530 style
542 2501 649 2529 nempe,
665 2495 691 2520 et
706 2494 771 2528 quia
786 2493 830 2520 hic
844 2493 958 2520 haereses
968 2493 1169 2528 impugnantur
1182 2493 1230 2520 diu
1245 2496 1304 2526 post
1329 2494 1510 2522 Athanasium
1529 2500 1642 2532 exorta,
1668 2500 1745 2534 cujus
1761 2505 1851 2529 autem

150 2540 297 2576 scriptoris
314 2539 379 2573 sint,
400 2546 453 2566 non
468 2538 588 2574 perinde
601 2540 691 2565 tutum
705 2541 745 2565 est
768 2537 891 2572 deﬁnire.
909 2536 980 2571 Quid
995 2537 1045 2565 hac
1055 2537 1088 2565 de
1102 2546 1132 2565 re
1155 2537 1266 2573 quidam
1283 2539 1427 2574 scriptores
1441 2541 1605 2570 testimarint
1631 2542 1678 2571 hic
1700 2545 1853 2581 expendere

151 2591 242 2620 operm
252 2584 377 2620 pretium
390 2583 488 2618 fuerit.

188 2629 212 2657 ll
224 2628 372 2657 Gamen‘us
393 2635 480 2662 supra
504 2626 644 2661 laudatus,
668 2627 739 2654 Tom.
768 2627 788 2655 V
815 2634 930 2661 operum
964 2626 1120 2654 Theodoreti
1158 2627 1225 2663 (15),
1260 2627 1330 2655 duos
1364 2629 1475 2663 priores
1504 2630 1625 2667 dialogos
1654 2638 1765 2669 pugnat
1799 2643 1853 2663 esse

152 2673 334 2702 Theodoreti:
357 2673 385 2700 1ο
414 2672 480 2707 quia
509 2671 685 2700 Theodoretus
704 2672 745 2699 ait
759 2679 787 2699 se
813 2674 869 2699 tres
893 2671 1086 2707 conscripsisse
1108 2671 1193 2699 libros
1217 2671 1249 2699 de
1269 2673 1377 2708 Spiritu
1400 2676 1502 2708 sancto,
1527 2675 1658 2704 adversus
1676 2679 1767 2713 gratia
1794 2679 1853 2714 eius

150 2719 299 2747 destitutos
313 2717 461 2745 haereticos.
478 2716 563 2744 Porro
578 2715 727 2744 Garnerius
736 2716 832 2752 juncta
845 2715 1009 2751 przcedenti
1022 2715 1135 2750 dialogo
1150 2717 1248 2744 contra
1262 2716 1491 2746 Macedonianum
1513 2727 1574 2748 cum
1597 2721 1672 2748 hisce
1694 2722 1809 2757 duobus,
1823 2730 1852 2751 se

149 2765 203 2791 tres
219 2763 281 2790 illos
297 2761 454 2790 Theodoreti
468 2760 552 2788 libros
566 2768 634 2796 esse,
650 2761 811 2795 comperisse
824 2759 971 2788 contendit.
986 2760 1017 2786 2ο
1031 2760 1072 2788 Ex
1086 2761 1181 2788 multis
1195 2761 1352 2790 Theodoreti
1367 2762 1443 2796 locis,
1467 2771 1530 2800 qua
1554 2773 1617 2792 cum
1644 2765 1709 2795 aliis
1723 2766 1853 2795 horumce

187 2849 245 2886 (15)
261 2848 292 2876 L.
310 2856 327 2877 ν
343 2847 446 2875 Haeret.
460 2845 560 2874 Fabul.
577 2853 602 2875 ο.
619 2845 646 2873 3.
