4086 6214
500 332 651 391 1287
1667 334 1732 394 S.
1782 328 2301 395 ATHANASIUS.
2337 365 2414 375 —
2441 328 2751 399 SPURIA.
3754 337 3880 398 1288

501 465 855 534 dialogorum
882 466 1016 522 locis
1039 464 1277 520 multum
1326 465 1525 521 habent
1570 466 1870 537 a/finitatis
1930 462 2186 521 validum
2233 478 2291 519 se
2331 480 2434 537 pro
2510 463 2835 523 Theodorei»
2876 471 3264 539 argumentum
3320 468 3509 525 videre
3583 470 3875 525 arbitratur.

506 555 722 620 Verum,
752 561 813 610 ut
841 554 1185 627 exploratum
1215 561 1314 621 est,
1349 553 1729 611 Theodoretum
1761 562 1873 610 tres
1903 553 2285 625 conscripsisse
2315 550 2483 609 libros
2509 552 2767 610 adversus
2796 554 3230 626 Macedonianos,
3282 558 3365 613 ita
3417 558 3652 613 minime
3678 566 3875 623 constat,

497 642 616 700 haec
654 644 766 699 tria
809 642 1068 715 opuscula
1096 658 1184 697 eos
1226 642 1370 714 ipsos
1423 656 1537 699 esse
1596 642 1792 700 libros.
1845 647 2034 699 Primo
2085 643 2237 698 enim
2276 657 2312 698 a
2351 644 2523 698 veteri
2558 645 2781 699 nemine
2813 643 3134 701 Thcodoreto
3173 645 3554 712 ascribunlur,
3582 663 3647 702 ac
3674 649 3727 702 in
3752 649 3873 703 nullo

496 732 636 806 quod
662 733 903 788 sciamus
930 730 1111 788 codice
1132 731 1454 787 Theodoreti
1479 734 1704 789 nomine
1732 733 2063 804 comparent.
2092 732 2151 785 3°
2191 732 2253 787 In
2278 730 2434 786 nullo
2482 730 2673 786 itidem
2726 733 2905 789 codice
2950 733 3059 789 duo
3106 734 3317 805 dialogi
3357 734 3731 806 subsequentes
3774 752 3873 790 cum

495 821 834 895 prmeedenti
850 823 1197 894 junguntur,
1227 836 1327 877 nec
1368 825 1579 878 constat
1608 822 1854 893 ejusdem
1882 837 2000 876 esse
2038 821 2342 892 scriptoris,
2375 820 2499 876 licet
2526 820 2589 876 id
2634 822 2869 878 minime
2917 832 3203 894 repugnet.
3254 823 3391 879 Nam
3439 823 3583 896 quod
3610 825 3797 880 attinet
3817 824 3871 879 ad

498 913 659 968 illam
704 911 950 968 locorum
975 912 1315 984 afﬁnitatem
1345 912 1673 968 aGarnerio
1718 912 2060 966 observatam
2092 908 2238 983 (qua?
2288 916 2472 965 tamen
2515 910 2636 964 loca
2683 911 2964 966 brevitatis
3008 927 3187 967 causa
3230 910 3430 984 oﬂerre
3474 912 3866 983 supersedemus)

490 1003 643 1058 inter
670 1006 828 1058 hosce
855 1001 1108 1074 dialogos
1138 1004 1330 1055 mutuo
1357 1000 1596 1071 collatos,
1632 1001 1762 1056 item
1790 999 2005 1057 eosdem
2037 1000 2202 1066 inter,
2233 1004 2289 1053 et
2317 999 2433 1054 alia
2469 997 2794 1055 Theodoreti
2818 1015 3008 1072 opera,
3039 1015 3152 1055 non
3177 1008 3256 1056 est
3309 1000 3417 1055 illa
3447 1001 3596 1055 tanti
3620 1002 3864 1080 ammenti,

492 1094 556 1147 ut
585 1098 759 1147 tutum
790 1106 865 1146 ea:
893 1088 995 1145 illa
1015 1087 1301 1161 judicium
1329 1088 1432 1145 hac
1457 1090 1518 1144 in
1542 1099 1704 1162 parte
1729 1089 1873 1161 ferri
1908 1090 2099 1158 possit.
2148 1089 2290 1144 Nam
2339 1103 2386 1143 st
2433 1089 2555 1159 quis
2600 1086 2941 1144 diversorum
2988 1093 3217 1145 Petrum
3257 1104 3453 1160 opera,
3502 1088 3569 1144 de
3620 1105 3679 1143 re
3713 1088 3869 1145 eadem

491 1184 549 1236 et
590 1178 852 1237 adversus
897 1176 1113 1234 eosdem
1158 1178 1441 1234 hereticos
1484 1178 1813 1251 conscripta,
1850 1182 2044 1233 mutuo
2084 1178 2353 1247 con/erat,
2396 1178 2444 1231 is
2493 1175 2678 1233 multa
2724 1176 2881 1234 haud
2922 1177 3091 1234 dubie
3138 1178 3359 1248 afﬁnia,
3399 1178 3578 1233 multa
3615 1177 3869 1233 simillima

493 1276 837 1341 argumenta
876 1266 1260 1339 deprehendet.
1310 1271 1453 1323 Sunt
1493 1268 1646 1324 enim
1694 1266 1949 1339 quaedam
1991 1281 2092 1321 ceu
2138 1266 2457 1321 communia
2519 1265 2664 1331 loca,
2724 1268 2922 1339 cuique
2996 1267 3179 1337 obvia,
3232 1283 3353 1339 quae
3402 1282 3441 1323 a
3498 1269 3685 1322 multis
3735 1282 3867 1321 usur-

490 1360 714 1431 pantur,
757 1365 918 1428 atque
937 1357 1153 1428 passim
1182 1363 1362 1413 nostro
1389 1371 1502 1413 sevo
1524 1356 1790 1423 videmus,
1839 1355 1938 1426 qui
1963 1352 2180 1410 easdem
2214 1356 2564 1427 pertractant
2609 1356 2959 1427 quaestiones,
3008 1356 3201 1412 eadem
3244 1370 3518 1428 usurpare
3565 1361 3867 1425 argumenta,

495 1447 623 1502 licet
665 1446 733 1501 ab
782 1445 922 1502 aliis
965 1445 1198 1500 minime
1261 1448 1536 1500 mutuata.
1586 1443 1732 1502 Unde
1797 1443 1954 1500 haud
2012 1444 2150 1499 satis
2217 1441 2378 1498 ﬁrma
2424 1441 2541 1501 hac
2611 1445 2763 1501 ratio
2824 1452 2938 1515 est,
3001 1461 3127 1500 cum
3193 1446 3519 1518 prasertim
3562 1460 3631 1501 ne
3671 1445 3866 1498 minima

491 1535 711 1608 quidem
737 1542 990 1590 veterum
1018 1534 1302 1589 innitatur
1327 1534 1669 1589 auctoritate.
1702 1533 1796 1588 His
1826 1531 2088 1588 addimus
2134 1530 2436 1587 secundum
2484 1530 2789 1603 dialogum,
2831 1534 3144 1605 fragmenti
3190 1532 3451 1589 alicunde
3499 1530 3696 1588 divulsi
3714 1531 3865 1603 potius

488 1625 723 1696 speciem
745 1635 1037 1696 praeferre,
1069 1639 1235 1694 quam
1261 1621 1507 1679 absoluti
1539 1622 1833 1695 cujusdam
1878 1623 2075 1694 operis.
2129 1620 2313 1690 Quare
2362 1619 2529 1678 donec
2555 1623 2764 1677 certius
2810 1621 3098 1695 quidpiam
3154 1622 3469 1698 emerserit,
3499 1619 3599 1677 sub
3617 1618 3783 1693 judice
3805 1618 3860 1674 lis

491 1707 750 1786 pendeat.

565 1803 639 1860 III
670 1802 822 1873 Quod
846 1807 1061 1875 spectat
1112 1805 1301 1858 autem
1346 1802 1639 1875 epistolam
1694 1803 2108 1875 subsequentem
2152 1801 2227 1858 ad
2265 1801 2637 1871 Eustathium,
2684 1817 2788 1857 nec
2836 1817 2946 1857 non
2988 1802 3282 1873 adiunctas
3327 1801 3475 1857 alias
3517 1800 3855 1873 septemdecim

491 1895 819 1966 qumstiones
848 1890 1038 1967 affert,
1058 1891 1327 1948 Mercator
1352 1891 1503 1948 haud
1546 1891 1821 1948 modicum
1863 1893 2235 1965 fragmentum
2262 1891 2517 1947 Eutherii
2564 1892 2823 1963 Tynensis
2871 1893 3112 1959 nomine,
3160 1891 3241 1947 sic
3260 1891 3470 1947 habens
3501 1906 3516 1945 :
3549 1889 3592 1946 Ο
3645 1887 3853 1946 inconsi-

490 1982 693 2040 derata
742 1979 1072 2054 sapientiai
1104 1997 1138 2036 ο
1187 1980 1412 2038 lusoria
1455 1980 1771 2054 disciplina
1812 1980 2111 2039 aediﬁcatus
2158 1980 2338 2037 simul
2387 1985 2445 2036 et
2487 1980 2819 2050 destruens,
2868 1980 3023 2036 sicut
3069 1980 3323 2036 infantes
3377 1979 3581 2037 ludere
3621 1978 3671 2034 in
3714 1992 3852 2035 arens

486 2070 915 2142 conspicimus,
974 2073 1083 2124 etc.
1151 2069 1300 2127 Unde
1368 2071 1757 2128 incunctanter
1804 2086 1895 2127 eas
1931 2070 2265 2144 quaestiones
2318 2068 2583 2126 Eutherio
2624 2070 2855 2125 ascribit
2911 2069 3209 2126 Garnerius
3261 2070 3586 2142 Tyanorum
3628 2069 3847 2137 episcopo,

480 2160 831 2231 Nestoriique
860 2158 1114 2216 asseclw.
1161 2161 1227 2215 Et
1282 2176 1417 2216 sane
1457 2176 1568 2216 non
1615 2159 1864 2217 invalido
1892 2166 2075 2217 motus
2118 2164 2485 2229 argumento;
2512 2158 2639 2214 licet
2680 2160 2912 2230 fortasse
2959 2174 3071 2215 non
3121 2157 3461 2229 hujusmodi,
3512 2166 3574 2212 ut
3599 2156 3848 2211 omnemi)!

484 2249 778 2305 adversum
806 2248 947 2304 levet
973 2250 1363 2318 suspicionem.
1398 2253 1626 2307 Photius
1674 2265 1911 2323 namque
1950 2250 2131 2307 codice
2174 2266 2327 2319 xcvx,
2357 2252 2460 2305 hoc
2487 2264 2622 2320 opus
2662 2248 2986 2305 Theodoreto
3033 2247 3230 2303 diserte
3269 2246 3522 2304 ascribit.
3570 2239 3847 2317 ’Aayvcbcem

487 2339 589 2406 ait,
619 2333 975 2412 Θεοδωρήτου
1015 2333 1314 2391 ἐπισκόπου
1371 2337 1554 2415 Κύρου
1611 2336 1769 2413 λόγοι
1826 2339 1927 2407 κζ’,
1956 2336 2093 2413 πρὸς
2139 2332 2432 2415 διαφόρους
2478 2335 2672 2398 θέσεις.
2722 2338 2820 2389 Ὧν
2869 2335 2897 2389 6
2952 2333 3046 2407 μὲν
3091 2338 3311 2409 πρῶτος
3367 2331 3541 2407 λόγος
3584 2331 3705 2406 πρὸς
3750 2326 3846 2386 τοῦς

487 2422 743 2501 λέγοντας
764 2435 866 2482 etc.
901 2425 984 2481 lbi
1008 2428 1241 2499 septimo
1273 2428 1385 2484 loco
1408 2429 1568 2500 ponit
1597 2428 1907 2500 epistolam,
1939 2442 2064 2500 quae
2110 2426 2205 2483 hic
2245 2429 2427 2497 primo
2471 2429 2705 2498 ponitur
2739 2451 2753 2495 ;
2787 2442 2852 2482 ac
2891 2425 3103 2484 deinde
3147 2425 3351 2482 ordine
3378 2426 3659 2480 enumerat
3696 2433 3841 2476 omne:

480 2517 885 2589 prapositiones
916 2531 1037 2586 quae
1066 2514 1160 2570 hic
1186 2516 1563 2587 septemdecim
1589 2533 1822 2573 numero
1850 2518 2141 2584 habentur,
2184 2531 2413 2587 quisque
2441 2515 2697 2571 desinunt
2727 2515 2799 2570 ad
2828 2516 3153 2571 vicesimum
3178 2519 3447 2587 quartum
3472 2511 3679 2568 titulum
3704 2506 3835 2563 Theo-

481 2604 676 2661 doreti.
710 2610 895 2660 Postea
924 2604 1280 2676 subsequitur
1311 2605 1462 2677 apud
1510 2607 1785 2676 Photium,
1821 2604 1849 2658 ὁ
1897 2603 2094 2659 εἶκοστὶ

2221 2603 2469 2677 πέμπτος,
2499 2600 2967 2682 ἀνακεφαλαίωσις
3023 2606 3130 2657 τῶν
3183 2600 3320 2656 κατᾶ
3386 2598 3547 2677 μέρος
3595 2594 3834 2682 ῥηθέντωνξ

481 2693 509 2747 6
543 2691 787 2754 εἷκοσκὸς
844 2687 1000 2753 ἓκτος
1055 2690 1179 2767 περῖ
1234 2693 1335 2761 τῆς
1392 2692 1611 2764 ὕστερον
1674 2692 2004 2766 μηνυθείσης
2063 2695 2383 2759 συνθέτσεως,
2440 2688 2566 2761 ἤτοι
2624 2680 3049 2754 σ’ᾇνουσιώσεως·
3111 2690 3140 2745 6
3198 2688 3447 2753 εἰκοστὸς
3500 2682 3715 2760 ἕϐδομος
3746 2680 3838 2757 περὶ

475 2784 574 2836 τοῖ’)
633 2780 769 2836 κατὰ
817 2780 909 2835 τὸν
962 2779 1141 2835 κοινὸν
1201 2780 1486 2856 ἄνθρωπον
1548 2780 1976 2857 ὑποδείγμιτος.
2010 2778 2189 2851 Δῆλον
2223 2778 2280 2836 δὲ
2334 2780 2423 2836 καὶ
2486 2779 2546 2835 ἐκ
2609 2780 2779 2854 μόνης
2835 2779 3010 2835 αὐτῶν
3063 2786 3165 2849 τῆς
3226 2778 3558 2845 ὑποθέσεως,
3586 2779 3718 2831 ποῖοι
3755 2774 3835 2825 τῶν

481 2869 781 2946 εἰρημένων
815 2865 994 2944 λόγων
1050 2870 1112 2924 τὸ
1172 2866 1461 2942 ὀρθόὸοξον
1518 2870 1838 2947 κρατύνουσι
1898 2869 2094 2948 φρόνηε

2221 2869 2297 2924 καὶ
2355 2870 2496 2933 τίνες
2554 2867 2913 2928 ἐκκλίνουσιν.
2964 2872 3085 2927 Haec
3140 2869 3377 2926 Photius
3439 2868 3628 2942 quibus
3670 2860 3834 2934 νεροηίῑ

486 2960 812 3028 Garnerius,
839 2978 891 3031 p.
926 2958 1030 3014 687
1067 2977 1081 3016 :
1117 2957 1337 3016 Fefellit
1370 2959 1992 3018 Photiumsuuscodex
2012 2960 2200 3017 tribus
2233 2964 2511 3017 constans
2538 2961 2805 3034 partibus
2841 2977 2854 3015 :
2888 2976 3139 3032 quarum
3172 2958 3370 3033 prima
3402 2954 3835 3030 complectebatur

487 3065 589 3107 sex
620 3050 841 3123 priores
872 3047 1089 3116 libros;
1120 3050 1403 3117 secunda,
1434 3066 1615 3106 unum
1647 3057 1704 3107 et
1735 3050 1934 3124 viginti
1964 3066 2305 3117 sermones;
2340 3056 2657 3121 postrema,
2707 3048 3057 3116 Eranistem,
3091 3066 3192 3105 seu
3238 3045 3696 3121 Polymorphum.
3722 3040 3832 3095 Cum

485 3138 642 3195 enim
673 3137 864 3209 prima
894 3141 952 3191 et
978 3137 1148 3192 tertia
1178 3138 1250 3192 ad
1281 3137 1703 3195 'l‘heodoretum
1738 3138 1939 3212 procul
1991 3137 2171 3194 dubio
2220 3137 2550 3211 pertineant
2596 3138 2838 3194 Photius
2886 3138 3135 3194 mediam
3189 3153 3432 3210 quoque
3474 3134 3581 3208 ipsi
3634 3126 3831 3187 tribuit:

481 3225 677 3298 reipsa
706 3230 902 3280 tamen
963 3230 1052 3279 est
1084 3224 1339 3280 Eutherii
1363 3225 1686 3299 Tyanensis
1717 3227 1993 3300 episcopi,
2028 3226 2185 3300 quod
2217 3227 2530 3283 manifesta
2557 3227 2765 3299 probat
2792 3227 3112 3283 auctoritas
3143 3226 3316 3282 Marii
3348 3221 3684 3289 Mercatoris,
3711 3220 3765 3272 ut
3785 3212 3830 3268 in

478 3313 759 3369 Eutherio
789 3311 1347 3368 demonstrabimus.

560 3403 713 3459 478
764 3401 859 3458 ιν.
919 3403 1039 3457 Ilaec
1079 3404 1415 3467 Carnerius,
1463 3405 1685 3475 quicum
1728 3420 1826 3461 nos
1866 3407 2285 3473 existimamus,
2332 3421 2432 3462 sea:
2457 3406 2679 3475 priores
2720 3405 2847 3460 illas
2876 3420 2909 3459 a
2955 3403 3147 3461 Photio
3192 3406 3526 3459 memoratas
3579 3388 3835 3454 Theodoreti

489 3491 837 3564 quaestiones,
868 3506 977 3545 non
1008 3506 1185 3545 unum
1208 3506 1344 3562 opus
1366 3506 1490 3547 cum
1538 3493 1766 3563 epistola
1795 3494 1865 3550 ad
1906 3495 2259 3550 Eustathium
2305 3498 2357 3551 et
2405 3492 2854 3566 subsequentibus
2890 3491 3359 3564 propositionilms
3388 3490 3654 3560 conﬁcere.
3677 3480 3829 3537 Paton

480 3580 631 3635 enim
659 3583 737 3636 est
764 3595 838 3634 ea:
864 3576 1026 3633 modo
1055 3579 1231 3650 ipsius
1257 3579 1496 3650 epistolae
1526 3581 1834 3648 ordiendus,
1868 3582 1951 3637 ibi
1980 3584 2208 3638 initium
2255 3582 2390 3638 duci
2434 3584 2599 3638 totius
2642 3583 2843 3653 operis.
2893 3582 2961 3635 At
3002 3579 3148 3652 quod
3178 3581 3262 3636 ait
3291 3582 3381 3636 vir
3432 3579 3607 3634 doctus
3643 3569 3829 3653 eodm

477 3668 650 3742 fuisse
678 3667 878 3724 Photio
906 3670 1115 3724 erroris
1142 3683 1394 3736 causam,
1426 3668 1484 3723 id
1511 3685 1646 3727 sane
1664 3685 1774 3725 non
1815 3676 2096 3742 conspecto
2144 3671 2323 3729 codice
2374 3672 2656 3743 afﬁrmari
2676 3652 2681 3653 ί
2702 3670 2913 3742 nequit.
2962 3669 3077 3726 Non
3118 3675 3312 3742 peccat
3340 3668 3484 3725 enim
3528 3660 3694 3731 codex,
3718 3652 3829 3729 quod

477 3773 669 3814 rerum
695 3757 1115 3828 disparatarum
1145 3757 1329 3812 titulos
1358 3774 1717 3814 numerorum
1747 3759 1944 3815 ordine
1988 3762 2305 3833 conjungat,
2357 3777 2482 3815 cum
2512 3762 2562 3815 is
2584 3775 2699 3815 mos
2745 3762 2817 3815 sit
2845 3760 3155 3815 Gra'corum
3205 3758 3580 3820 librariorum,
3608 3757 3661 3806 ut
3681 3757 3829 3802 om

477 3847 720 3904 auctoris
747 3846 1009 3919 cuiusque
1039 3850 1307 3901 tractatus
1334 3850 1685 3918 quantumvis
1712 3849 1955 3903 diversos
1984 3851 2332 3920 consequenti
2366 3864 2729 3904 numerorum
2756 3850 2901 3903 serie
2927 3848 3137 3916 notent,
3180 3856 3243 3902 ut
3274 3863 3444 3920 supra
3468 3844 3531 3900 de
3553 3833 3825 3930 Athana-tif-

473 3937 564 3992 nis
591 3934 866 3993 codicibus
897 3935 1170 4007 loquentes
1197 3933 1720 3991 animadvertimus.
1759 3937 1859 3993 Via:
1886 3937 2080 4008 itaque
2107 3939 2393 3993 credamus
2442 3938 2727 4006 Photium,
2775 3937 2832 3991 in
2879 3935 3165 3991 codicibus
3206 3930 3616 4006 pertractandis,
3656 3926 3702 3981 si
3732 3926 3826 3992 qui!

465 4040 715 4098 unquam
745 4022 915 4093 alius,
943 4024 1413 4087 versatissimum,
1436 4023 1528 4080 hic
1558 4040 1747 4081 errore
1790 4025 2005 4097 lapsum
2035 4042 2055 4079 :
2101 4026 2201 4082 sed
2240 4027 2362 4095 ejus
2408 4042 2607 4081 revera
2655 4025 2919 4087 codicem,
2970 4024 3301 4080 Theodoreto
3345 4023 3465 4081 haec
3517 4012 3822 4084 ἰηεενίρείεκ,

467 4111 682 4176 addita,
704 4112 791 4166 uti
816 4109 958 4166 solet
977 4111 1127 4182 ﬁeri,
1160 4126 1288 4167 voce
1312 4107 1414 4165 τού
1444 4108 1609 4165 aii-:06
1634 4115 1761 4183 post
1786 4115 2030 4185 priorem
2044 4116 2346 4169 tractatum
2377 4130 2394 4166 :
2425 4115 2576 4185 quod
2604 4115 2779 4168 etiam
2801 4112 2986 4169 videre
3011 4119 3091 4167 est
3121 4113 3182 4166 in
3209 4113 3486 4167 codicibus
3529 4106 3620 4178 qui
3640 4117 3696 4157 ea
3718 4110 3821 4185 optt-

462 4200 627 4257 scula
658 4198 963 4255 Athanasio
987 4199 1293 4255 ascribunt.
1326 4203 1460 4257 Haec
1488 4215 1654 4270 porro
1681 4183 1797 4256 non
1846 4216 1909 4257 eo
1933 4200 2167 4257 dicimus
2220 4200 2361 4275 quod
2409 4183 2624 4257 certum
2670 4207 2925 4272 putemus
2966 4216 3080 4256 esse
3122 4206 3226 4257 has
3269 4200 3592 4272 quaestiones
3636 4183 3821 4247 1W

478 4289 619 4350 reti;
646 4286 882 4343 necdum
910 4288 1059 4343 enim
1091 4288 1173 4344 vel
1200 4289 1492 4360 Eutherio,
1519 4290 1605 4345 vel
1643 4289 1976 4347 Theodoreto
2000 4290 2172 4363 probe
2203 4289 2603 4363 adjudicandas
2625 4290 2991 4360 arbitramur,
3029 4288 3200 4346 donec
3245 4291 3383 4361 quid
3407 4284 3684 4344 evidenti!”
3705 4287 3819 4331 εοηι·
3990 4284 3996 4405 ι

480 4383 693 4448 pareat.
2934 4382 2945 4394 '

543 4461 807 4519 Caeterum
853 4461 994 4534 quod
1043 4463 1204 4519 aiunt
1240 4464 1502 4520 nonnulli
1554 4470 1699 4521 hunc
1734 4467 2066 4538 scriptorem
2137 4483 2248 4525 esse
2287 4469 2701 4535 Nestorianum,
2750 4467 2809 4524 id
2851 4483 2963 4524 non
3006 4466 3154 4523 mihi
3180 4466 3352 4535 plane
3398 4459 3817 4546 persptdummf

466 4552 662 4624 fateor.
690 4551 848 4608 Nihil
875 4553 1025 4608 enim
1052 4553 1207 4608 mihi
1231 4553 1546 4610 Nestoriani
1563 4555 1844 4624 dogmatis
1872 4556 1965 4612 hic
1988 4572 2104 4613 esse
2128 4557 2372 4625 videtur,
2402 4572 2595 4615 verum
2635 4557 2764 4613 licet
2791 4558 2864 4612 sit
2889 4556 3156 4628 quasdam
3181 4557 3274 4613 hic
3301 4548 3600 4627 oppugnari
3618 4550 3815 4617 Ρ⁷⁰Ρ⁰⁸¹³⁹

472 4642 647 4697 tiones
676 4657 797 4713 quae
825 4642 878 4697 si
903 4641 1070 4708 probe
1098 4642 1454 4714 accipiantur
1478 4643 1762 4700 catholica
1788 4648 1936 4709 sunt,
1968 4648 2026 4699 ut
2062 4649 2141 4700 est
2172 4646 2317 4701 illud
2350 4664 2367 4700 :
2397 4647 2641 4703 Passum
2670 4645 3036 4711 est,Verbnm
3069 4641 3584 4716 impassibililar,st
3610 4638 3804 4721 passm}

463 4734 554 4787 est
581 4710 836 4787 Verbum
867 4746 1061 4800 carne,
1095 4710 1227 4801 qua;
1248 4739 1390 4786 recte
1416 4733 1719 4801 explicanti
1746 4733 2044 4788 orthodoxa
2070 4736 2236 4806 plane
2286 4736 2636 4791 videbuntur.
2703 4710 2895 4790 Verum
2935 4736 3030 4789 hic
3063 4710 3303 4803 scriptor
3347 4734 3424 4786 ita
3452 4734 3561 4783 hac
3585 4710 3793 4791 loquendi

464 4835 671 4891 genera
697 4819 967 4894 confutat,
999 4830 1060 4876 ut
1086 4835 1198 4875 non
1228 4820 1480 4877 videatur
1500 4822 1886 4878 Nestoriunam
1909 4830 2244 4879 sententiam
2273 4824 2359 4880 his
2387 4824 2546 4880 dictis
2579 4824 2871 4879 adversam
2904 4823 3205 4879 vindicare.
