2043 3107
185 192 261 223 1293

182 255 291 284 δύναται
316 257 333 292 ἠ
356 257 448 296 Γραφή
475 257 598 291 λυθῆναι-
625 268 639 282 ››
664 257 721 293 καὶ,
738 269 750 282 ι(

181 312 239 340 ριος
268 301 397 337 ἐλάλησε,
414 302 459 329 καὶ
483 301 593 330 ἐκάλεσε
614 302 664 336 τήν
683 305 744 338 γῆν·
764 314 778 327 υ
793 302 836 329 καὶ
853 301 878 329 ἐν
893 301 1004 338 ἑτέροις·

181 359 194 372 α
213 346 375 385 Ὀφθήσεται
392 346 406 373 ὁ
421 346 487 377 Θεὸς
511 349 564 373 τῶν
587 348 653 378 θεῶν
671 347 754 383 (16··)
770 346 796 373 ἐν
820 346 902 373 Σιών·
920 357 934 371 ››
950 346 1005 380 καί,

180 402 194 416 ‹‹
212 391 240 417 ’0
264 390 328 421 Θεὸς
351 389 414 425 ἔστη
441 390 466 417 ἐν
493 392 635 428 συναγωγῇ
660 391 739 425 θεῶν,
756 390 801 417 καὶ
827 390 852 417 ἐν
879 389 954 426 μέσῳ
979 388 1007 418 δὲ

179 434 256 467 θεοὺς
285 433 425 473 διακρινεῖ·
443 446 457 461 ››
482 435 538 469 καὶ,
558 447 572 460 ‹‹
597 434 678 466 Θεοὺς
708 434 738 461 οὐ
767 434 974 471 κακολογήσεις,
990 445 1005 460 ››

177 480 338 518 γέγραπται.
365 479 436 507 Κατά
461 481 525 517 γοῦν
549 480 599 514 τήν
623 479 672 514 σὴν
696 479 801 518 σοφίαν,
819 479 842 506 εἷ’
866 481 918 506 πᾶν
944 478 1005 506 εἴτι

179 523 258 558 Θεὸς,
273 525 353 550 τοῦτο
368 523 413 550 καὶ
435 524 554 560 Πνεῦμα,
570 523 664 554 πάντες
690 523 715 550 ot
740 523 936 562 προειρημένοι
960 523 1005 550 ἆν-

180 573 285 604 θρωποι
309 567 354 594 καὶ
378 567 444 601 θεοὶ,
463 567 606 604 Πνεῦματά
621 567 698 596 εἰσιν.
715 568 746 595 Εἰ
763 566 792 595 δὲ
807 568 865 599 θεὸς
893 570 1005 603 Μωσῆς,

174 611 223 639 καὶ
238 610 350 642 ἕκαστος
363 613 417 639 τῶν
433 613 652 649 προειρημένων,
667 612 711 639 καὶ
732 612 762 639 οὐ
790 611 941 648 Πνεύματα,
957 611 1007 639 οὒκ

173 656 229 694 ἄρα
257 659 309 683 πᾶν
326 654 352 683 εἴ
362 666 389 683 τι
404 656 478 690 Θεὸς,
493 655 577 684 τοῦτο
606 656 650 684 καὶ
684 657 807 692 Πνεῦμα·
825 655 888 683 οὐδὲ
914 658 966 684 πᾶν
983 655 1010 683 εἷ’

172 711 203 728 τι
234 702 356 737 Πνεῦμα,
380 703 462 728 τοῦτο
490 700 534 728 καὶ
559 701 633 732 Θεός.
658 701 709 729 Καὶ
738 701 790 739 γὰρ
822 701 855 728 τὰ
879 699 1007 737 δαιμόνια

176 746 256 782 ὑμῶν
285 748 339 773 τῶν
368 745 512 784 αἱρετικῶν
543 745 683 782 πνεύματά
711 745 773 781 εἶσι,
803 746 848 773 καὶ
879 745 928 773 οὐκ
955 745 1006 773 εἶσὶ

172 790 243 818 θεοί.

211 836 239 863 3.
264 835 323 863 Ἔτι
348 835 494 873 πρόσωπον
523 834 675 873 εἰσαγαγὼν
701 833 873 873 Ὀρθοὸόξου,
899 837 1005 872 Δῶμεν,

172 879 271 918 φησὶν,
287 879 324 910 ὡς
344 879 375 907 οὗ
395 879 567 917 θεολογεῖται
591 880 622 907 τὸ
638 882 761 916 Πνεῦμα,
777 880 855 916 ὅμως
877 879 1005 917 κυριολο-

169 927 274 972 ῖίεῖται·
303 923 450 962 γέγραπται
480 925 542 962 γάρ’
561 937 574 951 ι(
592 925 622 953 Ὁ
653 923 681 952 δὲ
710 924 809 963 Κύριος
838 924 869 952 τὸ
892 923 1006 972 ⁸Πνεῦμσὶ
1024 939 1047 972 Β

170 968 258 996 ἐστιν.
293 981 307 994 ›ι
333 972 393 996 ’Έτι
423 969 522 1008 φησίν·
558 969 627 996 Εἰπὶ
655 969 734 1000 αὐτὸς
760 970 791 996 τὸ
815 968 981 1007 ἐπαγόμενον
999 978 1006 986 ·

170 1025 189 1038 ‹‹
205 1013 245 1041 Οὗ
275 1012 304 1040 δὲ
332 1014 364 1041 τὸ
394 1016 505 1050 Πνεῦμα
533 1013 644 1052 Κυρίου,
660 1013 715 1041 ἐκεῖ
738 1013 886 1052 ἐλευθερία.
905 1026 919 1039 ››
940 1013 1007 1051 Περὶ

166 1060 225 1085 τοῦ
255 1058 355 1096 Κυρίου
385 1058 469 1096 λέγει,
486 1058 580 1096 φησὶν,
596 1058 637 1086 ὅτι
667 1058 681 1085 ὁ
711 1058 807 1096 Κύριος
836 1058 867 1086 τὸ
899 1057 1008 1095 Πνεῦμά

175 1101 261 1130 ἐστιν.
278 1105 370 1139 Ἡμεῖς
387 1100 416 1129 δὲ
434 1102 504 1140 πρὸς
527 1102 618 1130 αὐτόν·
645 1102 770 1137 Ἀληθῶς
793 1103 835 1138 τὸ,
852 1115 865 1128 u
884 1101 1005 1130 Φάσκον-

179 1157 223 1178 τες
248 1147 313 1175 εἶναι
342 1147 421 1186 σοφοὶ
447 1146 652 1185 ἐμωράνθησαν,
670 1159 683 1173 n
700 1147 761 1185 περί
790 1148 865 1184 ὑμῶν
888 1146 1005 1185 εἷ’ρηται.

180 1194 233 1219 Τοῦ
270 1192 320 1230 γὰρ
358 1191 529 1229 ἐπαγομένου
565 1194 688 1231 φανερῶς
717 1191 883 1226 δεικνύντος,
907 1191 948 1219 ὅτι
974 1191 1006 1219 to‘

180 1237 294 1273 Πνεῦμά
308 1236 531 1273 ἰστιν,(16”⁶’)οῦ
543 1235 660 1274 εἴρηται,
669 1248 682 1262 ι(
691 1237 720 1263 ’0
731 1235 759 1264 δὲ
770 1236 866 1274 Κύριος
880 1236 912 1263 τὸ
924 1237 1006 1264 Πνεῦ-

181 1281 219 1317 μά
234 1280 316 1317 ἐστιν,
335 1293 349 1306 ι)
363 1281 504 1316 ἡπάτησας
519 1280 597 1311 αὐτὸς
613 1280 718 1314 ἑαυτὸν,
730 1279 777 1308 ’ίνα
791 1280 821 1308 ἐκ
833 1282 884 1307 τοῦ
904 1280 1006 1317 στόμα-

175 1325 224 1356 τός
241 1336 288 1352 σου
304 1323 419 1363 ἔλεγχος
436 1324 567 1363 προέλθῃ,
582 1324 627 1352 καὶ
652 1324 782 1362 ἀκούσῃς,
799 1324 840 1352 ὅτι
857 1337 870 1351 (ι
887 1325 934 1352 Ἐκ
955 1326 1005 1352 τοῦ

177 1369 313 1406 στόματός
343 1380 391 1397 σου
420 1372 505 1408 κρινῶ
533 1380 572 1403 σε,
601 1370 704 1406 πονηρὲ
732 1368 824 1397 δοῦλε.
857 1381 870 1395 »ι
894 1370 929 1396 Τὸ
952 1369 1005 1407 γὰρ

177 1414 345 1452 ἐπαγόμενόν
373 1414 453 1442 ἐστιν·
471 1426 484 1440 (ι
501 1414 540 1442 Οὔ
570 1412 598 1441 δὲ
623 1414 655 1441 τὸ
685 1415 796 1450 Πνεῦμα
825 1413 934 1451 Κυρίου,
951 1413 1006 1441 ἐκεῖ

177 1458 329 1497 ἐλευθερία.
350 1471 363 1484 ››
387 1460 422 1486 Τὸ
445 1458 474 1486 δὲ
499 1458 528 1486 ὃν
553 1459 665 1495 Πνεῦμα
692 1458 802 1496 Κυρίου,
828 1458 926 1496 Κυρίου
949 1458 1004 1486 ἐστὶ

177 1504 298 1540 Πνεῦμα,
316 1503 382 1541 ὅπερ
412 1503 516 1542 εἴρηται
547 1503 656 1539 Κύριος,
673 1504 716 1534 Ὡς
744 1503 794 1541 γὰρ
819 1503 880 1534 Υἱὸς
906 1503 1005 1541 Κύριος

177 1547 225 1584 ὣν,
242 1548 342 1586 Κύριός
366 1548 446 1576 ἐστιν·
474 1548 560 1579 οὕτως
586 1548 617 1575 τὸ
642 1549 761 1584 Πνεῦμα,
779 1547 874 1586 Κύριος
895 1547 933 1582 ὃν,
951 1547 1002 1575 Κύ-

177 1592 236 1630 ριός
251 1592 332 1621 έστιν.

213 1682 239 1709 4.
256 1681 306 1708 Καὶ
330 1680 412 1709 πάλιν
438 1681 525 1717 ἑαυτῷ
549 1680 694 1718 πρόσωπον
719 1681 915 1717 ποιησάμενος,
942 1681 1001 1708 έαυ‹

175 1726 224 1753 τὸν
251 1720 447 1761 ἠρώτα-ὀὐδὲ
473 1725 660 1763 προσκυνητόν
690 1725 781 1759 lca-civ;
804 1724 895 1753 ἔπειτα
923 1725 1001 1756 αὐτὸς

176 1770 273 1806 ἑαυτῷ·
291 1769 349 1799 Οὐκ
377 1768 457 1798 ἔστιν·
475 1769 537 1798 οὐδὲ
565 1770 616 1808 γὰρ
641 1769 801 1808 γέγραπται.
827 1771 898 1797 Εἴταπ
920 1769 1002 1798 πάλιν

176 1812 269 1842 λαϐὼν
300 1813 460 1853 Ὀρθοδόξου
488 1814 646 1852 πρόσωπον,
677 1814 760 1853 λέγει·
788 1814 820 1842 Εἴ
848 1814 1001 1847 ἀνθρώποις

175 1860 379 1898 προσεκύνησαν
417 1859 567 1897 ἄνθρωποι,
593 1858 656 1898 φέρε
684 1859 780 1895 εἷ’πεῖν,
810 1859 847 1890 ὡς
877 1859 963 1891 Ναθὰν
987 1860 1001 1887 ὁ

175 1905 321 1943 προφήτης
357 1904 396 1940 τῷ
430 1901 532 1931 Δαϐἱδ·
563 1905 711 1941 γέγραπται
740 1904 811 1941 γάρ’
841 1916 855 1930 ‹‹
886 1903 1002 1939 Εἴσῆλθε

174 1949 243 1976 κατὰ
271 1948 414 1985 πρόσωπον
443 1950 491 1975 τοῦ
521 1947 655 1986 βασιλέως
683 1948 773 1980 Ναθὰν
802 1948 816 1975 ὁ
844 1950 1001 1987 προφήτης,

174 1993 220 2020 καὶ
235 1993 431 2028 προσεκύνησεν
447 1992 526 2020 αὐτὸν
544 1992 586 2020 ἐπὶ
601 1993 651 2027 τὴν
667 1996 729 2031 γῆν·
747 2005 761 2018 υ
779 1991 823 2020 διὰ
845 1993 871 2020 τί
902 1994 939 2028 μὴ
955 1994 1000 2021 καὶ

174 2040 215 2074 τῷ
232 2037 369 2074 Ιινεύματι
386 2038 609 2075 προσκυνήσομεν
631 2037 684 2073 πρὸ
700 2037 807 2064 πάντων
829 2037 999 2074 ἄνθρώπων;

174 2082 225 2109 Καὶ
256 2081 335 2113 αὐτὸς
365 2082 452 2118 ἑαυτῷ
479 2082 561 2109 πάλιν
591 2080 695 2118 ἐπάγει⁸
724 2093 734 2107 ι
762 2081 852 2118 Κυρίῳ
874 2083 913 2117 τῷ
942 2084 1001 2118 Θεῷ

174 2137 224 2154 σου
261 2127 475 2163 προσκυνήσεις·
505 2137 518 2153 ιι
551 2126 589 2163 μή
627 2125 672 2153 καὶ
706 2127 746 2161 τῷ
780 2124 936 2161 Πνεΰματι;
965 2126 1001 2153 Τὸ

175 2172 285 2207 Πνεῦμα
322 2170 420 2208 Κύριοι,
445 2170 495 2198 οὐκ
529 2169 619 2197 ἔστιν·
647 2168 711 2197 ἀλλ’
740 2167 801 2196 οὔτε
827 2169 911 2201 Θεός·
942 2172 1000 2202 πῶς

174 2214 221 2242 οὖν
238 2214 311 2243 ἔσται
325 2215 521 2252 προσκυνητὸν,
540 2215 577 2251 μή
595 2213 623 2241 ὃν
650 2213 676 2241 ἐν
700 2215 739 2249 τῷ
765 2217 817 2248 τῆς
845 2215 999 2252 προσκυνή-

174 2270 241 2290 σεως
270 2259 347 2295 ερῳς
376 2271 390 2285 ‹‹
419 2258 514 2290 Οὐδεὶς
556 2259 606 2297 γὰρ
644 2257 753 2286 δύναται
788 2258 872 2286 εἰπεῖν
903 2258 1000 2295 Κύριον

719 192 874 222 CONTRA
900 191 1101 222 MACEDON.
1127 192 1320 223 DIALOGUS
1342 193 1366 222 Ι.

1062 303 1100 335 et,
1118 313 1131 327 ι(
1151 302 1226 330 Deus
1251 302 1331 330 stetit
1357 302 1387 329 in
1411 310 1559 338 synagoga
1584 303 1717 336 deorum,
1736 303 1766 331 in
1793 304 1889 332 medio

1062 349 1158 373 autem
1185 347 1256 374 deos
1280 346 1473 382 dijudicat”;
1489 357 1502 371 »
1518 349 1555 380 et,
1573 358 1586 372 ‹‹
1605 347 1664 375 Diis
1690 356 1746 376 non
1772 348 1889 376 maledi-

1061 398 1109 418 ces
1119 391 1152 418 ²¹.
1165 402 1178 416 ››
1196 391 1270 420 475
1287 390 1314 418 Si
1332 399 1399 426 ergo
1411 391 1497 426 juxta
1507 391 1682 427 sapientiam
1701 392 1781 420 illam
1795 394 1888 427 tuam,

1061 435 1205 471 quidquid
1235 438 1280 464 est
1303 438 1389 471 Deus,
1406 436 1478 463 illud
1505 439 1549 464 est
1572 436 1708 472 Spiritus,
1725 445 1796 465 sane
1820 446 1889 473 pras-

1062 479 1131 507 dicti
1160 479 1202 507 illi
1232 480 1366 508 homines
1391 488 1424 508 ac
1450 480 1500 515 dii,
1519 480 1645 517 Spiritus
1670 483 1749 509 sunt.
1766 481 1846 513 Quod
1863 485 1890 512 si

1062 524 1134 552 deus
1159 526 1204 552 est
1227 525 1353 562 Moyses,
1370 533 1482 553 necnon
1505 525 1615 561 singuli
1638 534 1672 553 ex
1697 534 1787 561 supra
1801 526 1891 554 dictis

1062 568 1233 596 hominibus
1248 569 1299 605 (dii
1322 569 1401 603 sunt)
1418 572 1447 596 et
1471 577 1527 596 non
1552 569 1691 605 Spiritus,
1709 570 1810 606 utique
1832 579 1889 597 non

1061 612 1204 649 quidquid
1220 616 1266 641 est
1283 615 1369 646 Deus,
1387 613 1460 640 illud
1477 615 1521 641 est
1535 614 1675 649 Spiritus.
1691 622 1786 649 neque
1801 615 1889 649 quid-

1062 657 1132 692 quid
1158 661 1203 685 est
1225 657 1364 693 Spiritus,
1381 657 1453 685 illud
1476 660 1520 685 est
1544 657 1631 686 Deus.
1648 658 1721 686 Nam
1747 659 1891 686 daamonia

1060 703 1192 729 vestrum
1222 702 1425 730 haereticorum
1455 702 1576 738 spiritus
1604 704 1684 737 sunt,
1709 710 1762 731 nec
1790 705 1887 732 tamen

1062 748 1133 774 sunt
1149 746 1199 774 dii.

1096 835 1123 862 3.
1140 835 1264 863 Inducta
1285 835 1390 863 iterum
1416 835 1466 863 ille
1481 835 1640 864 Orthodoxi
1665 844 1798 871 persona,
1815 837 1887 865 Con-

1061 880 1211 914 cedamus,
1223 879 1274 915 ait,
1287 880 1428 916 Spiritum
1445 882 1582 908 sanctum
1598 888 1656 908 non
1673 882 1768 908 vocari
1787 882 1888 916 Deum,

1063 927 1092 951 at
1106 923 1248 952 Dominus
1269 924 1373 952 saltem
1395 927 1532 953 vocatur:
1549 924 1691 960 scriptum
1717 927 1761 951 est
1786 925 1862 952 enim
1882 933 1888 952 :

1066 978 1077 992 α
1094 968 1237 996 Dominus
1264 971 1361 996 autem
1386 968 1513 1004 Spiritus
1542 970 1622 996 est.»
1639 969 1714 996 Tum
1738 969 1889 1004 subsequi-

1062 1013 1110 1040 tur
1127 1021 1134 1040 :
1154 1013 1202 1041 Dic
1217 1013 1295 1049 quod
1314 1013 1460 1048 adjectum
1476 1015 1520 1041 est
1539 1021 1566 1041 ει
1577 1013 1630 1040 Ubi
1647 1015 1744 1041 autem
1759 1013 1889 1049 Spiritus

1063 1057 1188 1093 Domini,
1206 1057 1246 1085 ibi
1273 1057 1394 1085 libertas
1406 1058 1440 1085 ²².
1454 1069 1467 1082 ››
1485 1060 1523 1086 De
1540 1057 1660 1085 Domino
1685 1057 1824 1094 loquitur,
1843 1059 1888 1085 in-

1062 1102 1136 1138 quit,
1152 1101 1221 1137 quis.
1238 1102 1378 1129 Dominus
1394 1104 1438 1130 est
1452 1102 1589 1138 Spiritus.
1606 1101 1665 1130 Nos
1680 1104 1780 1130 contra
1796 1103 1888 1130 :Vere

1062 1146 1097 1174 de
1123 1146 1204 1174 vobis
1228 1146 1339 1174 dictum
1364 1149 1409 1174 est
1425 1155 1457 1174 :«
1475 1146 1606 1174 Dicentes
1627 1155 1657 1174 se
1682 1155 1746 1175 esse
1770 1149 1886 1183 sapien-

1061 1194 1115 1226 tes,
1132 1191 1216 1219 stulti
1231 1191 1300 1219 facti
1324 1194 1395 1219 sunt
1407 1192 1441 1218 ²³.
1456 1202 1469 1216 ››
1485 1192 1556 1219 Cum
1573 1192 1650 1219 enim
1675 1192 1886 1228 subsequentia

1061 1238 1160 1272 aperte
1175 1235 1305 1264 indicent
1319 1243 1382 1264 esse
1401 1235 1544 1272 Spiritum
1569 1244 1635 1264 eum
1652 1237 1687 1264 de
1702 1245 1759 1273 quo
1775 1237 1885 1265 dictum

1060 1284 1141 1313 est,u
1157 1280 1298 1308 Dominus
1328 1283 1426 1308 autem
1456 1280 1583 1316 Spiritus
1611 1283 1666 1314 est,
1682 1292 1695 1306 η
1716 1283 1746 1309 tu
1772 1284 1799 1309 te
1826 1282 1887 1317 ipse

1060 1325 1210 1361 decepisti,
1227 1329 1258 1352 ut
1281 1333 1314 1352 ex
1329 1332 1378 1352 ore
1394 1327 1444 1353 tuo
1460 1327 1488 1352 te
1503 1324 1566 1361 ipse
1589 1333 1774 1361 coargueres,
1791 1329 1819 1353 et
1835 1335 1887 1354 au-

1060 1369 1137 1398 dires
1155 1378 1178 1397 ξι
1196 1369 1236 1396 De
1250 1377 1300 1397 ore
1316 1372 1372 1397 tuo
1397 1371 1425 1397 te
1447 1369 1560 1405 judico,
1577 1378 1658 1397 serve
1684 1378 1809 1406 nequam
1824 1372 1855 1398 3‘.
1871 1381 1884 1395 »

1060 1414 1132 1441 Nam
1147 1413 1219 1441 illud
1237 1414 1429 1449 subsequitur
1444 1422 1451 1441 :
1466 1424 1481 1439 «
1496 1413 1549 1442 Ubi
1573 1416 1670 1442 autem
1686 1414 1812 1449 Spiritus
1829 1415 1886 1443 D0-

1061 1458 1143 1492 miui,
1160 1458 1200 1486 ibi
1215 1457 1345 1486 libertas.
1358 1468 1373 1484 ››
1389 1458 1442 1490 Qui
1459 1466 1524 1486 vero
1547 1458 1674 1494 Spiritus
1701 1459 1813 1487 Domini
1830 1462 1884 1492 est,

1059 1503 1107 1531 ille
1121 1505 1166 1530 est
1180 1502 1296 1530 Domini
1321 1502 1459 1539 Spiritus,
1472 1502 1523 1539 qui
1539 1503 1636 1530 dictus
1662 1504 1706 1530 est
1731 1505 1883 1531 Dominus.

1058 1547 1312 1580 Quemadmodum
1328 1547 1406 1575 enim
1422 1546 1512 1575 Filius
1528 1555 1595 1575 cum
1612 1547 1651 1575 sit
1667 1547 1819 1580 Dominus,
1832 1548 1884 1575 Do-

1059 1592 1159 1620 minus
1173 1593 1235 1620 est:
1251 1592 1291 1619 ita
1306 1594 1334 1619 et
1343 1591 1471 1628 Spiritus
1486 1599 1553 1620 cum
1569 1593 1608 1620 sit
1623 1592 1775 1626 Dominus,
1789 1593 1885 1620 Domi-

1018 1622 1040 1655 C
1060 1645 1116 1664 nus
1133 1638 1187 1664 est.

1094 1682 1120 1708 4.
1136 1680 1233 1709 Atille
1249 1681 1355 1709 iterum
1372 1683 1526 1717 assumpta
1546 1681 1600 1709 sibi
1623 1690 1759 1718 persona,
1774 1690 1805 1710 se
1822 1683 1884 1718 ipse

1057 1725 1273 1761 interrogabat:
1289 1727 1393 1753 Annon
1409 1725 1598 1753 adorandus?
1613 1726 1676 1762 ipse
1691 1726 1746 1754 sibi
1763 1734 1883 1762 respon-

1057 1770 1101 1797 dit
1117 1778 1122 1798 :
1140 1770 1349 1805 Nequaquam;
1367 1770 1395 1797 id
1412 1770 1490 1798 enim
1507 1770 1650 1806 scriptum
1666 1779 1722 1798 non
1739 1774 1792 1799 est.
1810 1772 1883 1798 Rur-

1057 1823 1124 1843 sum
1155 1817 1297 1851 usurpata
1325 1814 1482 1842 Orthodoxi
1511 1823 1636 1850 persona
1659 1824 1665 1843 :
1690 1815 1719 1843 Si
1749 1815 1884 1843 homines

1057 1860 1137 1896 ipsos
1165 1860 1325 1887 adorarunt
1349 1859 1494 1892 homines,
1511 1861 1581 1895 puta
1604 1859 1716 1886 Nsthan
1743 1860 1884 1896 propheta

1056 1904 1213 1938 Davidem;
1230 1904 1373 1940 scriptum
1397 1904 1475 1931 enim
1491 1907 1556 1931 est:
1571 1915 1584 1929 α
1602 1904 1735 1931 Introivit
1757 1904 1787 1931 in
1812 1913 1883 1931 con-

1056 1951 1190 1985 spectum
1214 1949 1290 1984 regis
1307 1948 1421 1976 Nathan
1446 1948 1598 1984 propheta,
1616 1950 1644 1976 et
1658 1948 1788 1976 adoravit
1815 1957 1881 1976 eum

1056 2001 1167 2029 pronus
1183 1993 1212 2020 in
1228 1988 1336 2020 terram
1347 1993 1386 2026 '5;
1400 2003 1414 2017 ι»
1429 2000 1520 2027 quare
1535 2000 1592 2020 non
1607 2001 1664 2028 pra:-
1681 1992 1819 2020 omnibus
1835 1994 1886 2022 ho.

1057 2038 1186 2065 minibus
1193 2037 1335 2072 Spiritum
1345 2039 1478 2064 sanctum
1489 2037 1696 2064 udorabimus?
1706 2037 1769 2072 [pse
1777 2037 1882 2065 iterum

1055 2081 1110 2108 sibi
1127 2081 1242 2117 reponit
1255 2089 1279 2107 :«
1296 2080 1454 2108 Dominum
1471 2080 1563 2108 Deum
1579 2083 1663 2108 tuum
1680 2081 1816 2110 adorabis
1828 2083 1859 2115 ’6,
1870 2094 1882 2106 υ

1055 2128 1156 2153 etnon
1180 2125 1334 2161 Spiritum,
1357 2125 1485 2161 Spiritus
1510 2134 1567 2153 non
1592 2128 1637 2153 est
1663 2125 1814 2160 Dominus,
1832 2127 1881 2154 sed

1056 2178 1150 2205 neque
1175 2172 1269 2197 Deus:
1283 2170 1430 2205 quomodo
1455 2169 1545 2205 igitur
1566 2170 1735 2198 adorandus
1751 2171 1817 2203 erit,
1832 2172 1882 2206 qui

1056 2223 1113 2243 non
1130 2216 1206 2242 intra
1221 2214 1438 2242 adorandorum
1463 2214 1571 2242 limites
1594 2215 1884 2250 comprehendatur?

1056 2260 1140 2291 Nam,
1153 2271 1166 2284 ‹‹
1186 2259 1276 2287 Nemo
1292 2262 1386 2294 potest
1400 2259 1495 2286 dicere
1521 2258 1677 2286 Dominum
1694 2259 1807 2292 Jesum,
1825 2260 1882 2287 nisi

174 2304 292 2340 Ἰησοῦν,
309 2303 331 2331 εἰ
354 2304 393 2340 μὴ
418 2303 445 2332 ἐν
469 2302 607 2339 ΙΙνεῦματι
637 2302 715 2341 ἁγίῳ.
732 2314 746 2329 »
763 2306 808 2330 Δεῖ
821 2303 871 2341 γὰρ
888 2302 1000 2338 ἀληθῶς

1060 2305 1084 2331 in
1106 2303 1216 2340 Spiritu
1242 2306 1343 2331 sancto
1354 2303 1413 2330 ⁸⁷.»
1429 2305 1549 2338 Oportet
1570 2303 1648 2331 enim
1673 2311 1741 2331 eum
1769 2304 1819 2339 qui
1846 2305 1881 2331 ad

172 2349 219 2376 τὸν
234 2348 437 2386 προσαγόμενον
454 2350 521 2384 Θεῷ,
540 2346 574 2375 δι’
589 2347 681 2385 ἑτέρου
705 2350 745 2384 τῷ
770 2347 839 2386 ἁγίῳ
864 2348 1000 2385 Πνεύματι

173 2392 366 2430 προσάγεσθαι.
383 2393 414 2420 Εἰ
438 2393 619 2430 προσκυνήσω
647 2392 742 2420 λοιπὸν
766 2394 805 2428 τῷ
829 2392 897 2430 ἁγίῳ
920 2393 1001 2420 ΙΙνεῦ-

175 2448 250 2474 ματι,
274 2436 319 2465 διὰ
346 2437 420 2469 τίνος
447 2437 465 2472 ἢ
495 2436 522 2464 ἐν
551 2437 604 2464 τίνι
628 2438 807 2475 προσκυνήσω
837 2437 1003 2475 προσαχθεὶς

172 2482 315 2519 αὖτῷςΤί
344 2481 389 2509 οὖν
421 2482 498 2518 ὑμεῖς
527 2482 595 2519 πρὸς
624 2480 726 2516 ταῦτας
752 2481 893 2509 Δικάσεταί
920 2492 949 2510 σε
977 2481 1002 2509 ἐν

172 2527 265 2563 ἡμέρᾳ
293 2527 407 2564 κρίσεως
436 2527 523 2558 Ναθᾶν
541 2526 555 2553 ὁ
570 2527 726 2565 προφήτης,
743 2526 779 2557 ὡς
810 2525 841 2553 οῦ
870 2527 942 2565 παρὰ
955 2526 1001 2554 τὸν

172 2571 256 2608 νόμον
282 2571 440 2607 πεποιηκὼς
464 2571 509 2599 καὶ
535 2567 725 2609 προσκυνήσας
748 2570 788 2608 τῷ
804 2569 897 2600 Δαϐίδ.
914 2575 1002 2610 Πρασ-

171 2617 270 2654 ήγαγες
284 2616 334 2655 γὰρ
348 2616 380 2644 τὸ
405 2615 499 2654 ῥητὸν,
516 2615 554 2646 ὡς
581 2615 698 2656 ὀφείλων
721 2614 897 2643 καταδικάσαι
921 2616 1000 2644 αὐτὸν

208 2726 231 2744 ¹¹
246 2724 321 2753 Psal.
339 2732 455 2759 Lxxxm,
469 2724 497 2752 8.
549 2724 572 2742 ’°
586 2723 663 2753 Psal.
682 2732 775 2758 Lxxxi,
794 2725 818 2752 1.

871 2725 893 2743 ’ί
910 2724 999 2752 Exod.
1014 2731 1085 2757 χιιι,
1101 2723 1146 2750 28.

1057 2351 1145 2376 Deum
1175 2348 1296 2382 accedit,
1315 2356 1364 2383 per
1393 2347 1483 2375 alium
1513 2347 1649 2375 accedere
1679 2348 1714 2375 ad
1740 2348 1881 2384 Spiritum

1058 2396 1204 2420 sanctum.
1226 2392 1255 2419 Si
1281 2392 1372 2427 igitur
1394 2391 1534 2426 Spiritum
1557 2394 1692 2419 sanctum
1715 2393 1882 2424 adoravcro,

1058 2445 1109 2473 per
1123 2446 1210 2473 quem
1225 2439 1253 2464 et
1268 2445 1284 2464 a
1299 2445 1356 2472 quo
1372 2437 1518 2464 adductus
1534 2437 1668 2464 accedam
1686 2437 1884 2465 adoraturus?

1058 2482 1131 2515 Quid
1148 2490 1198 2509 vos
1212 2481 1247 2508 ad
1273 2480 1354 2509 haec?
1379 2481 1408 2508 ln
1432 2481 1483 2516 jus
1498 2483 1526 2509 te
1540 2481 1654 2508 vocabit
1679 2481 1791 2510 Nathau
1817 2490 1883 2517 pro-

1058 2528 1146 2563 pheta
1162 2526 1189 2553 in
1206 2525 1379 2561 diejudicii,
1397 2529 1428 2553 ut
1442 2526 1491 2561 qui
1509 2528 1610 2554 contra
1624 2525 1718 2562 legem
1736 2535 1792 2554 non
1810 2528 1882 2554 ferc-

1058 2573 1106 2605 rit,
1118 2579 1185 2599 cum
1197 2571 1334 2599 Davidem
1347 2571 1490 2598 adoraret.
1504 2571 1617 2598 Dictum
1632 2572 1709 2598 enim
1722 2571 1793 2598 illud
1806 2575 1882 2598 attu-

1057 2616 1128 2650 listi,
1142 2618 1174 2644 ut
1192 2616 1289 2652 ipsum
1302 2615 1418 2643 videare
1434 2615 1678 2652 transgressionis
1689 2623 1772 2643 reum
1787 2623 1881 2651 agere.

1773 2722 1797 2739 "
1812 2721 1880 2749 Luc.

1194 2723 1217 2740 ³³
1232 2722 1255 2750 lI
1269 2722 1334 2751 Cor.
1350 2730 1392 2756 ιιι,
1411 2723 1454 2750 17.
1501 2723 1524 2739 ³³
1539 2722 1623 2751 Rom.
1639 2729 1659 2756 1,
1675 2722 1722 2749 22.

170 2769 231 2795 xix,
246 2761 292 2789 21.
330 2761 353 2778 ³⁸
367 2760 405 2789 ιιι
421 2760 491 2797 Reg.
507 2768 528 2794 ι,
542 2760 588 2789 24.
627 2760 650 2778 ²¹
667 2759 770 2788 Matth.
790 2768 828 2794 IV,
845 2760 889 2788 10.
926 2760 949 2778 ³⁷
965 2761 975 2788 Ι
990 2761 1003 2788 ε

1069 2767 1120 2795 xu,
1134 2759 1162 2787 3.

208 2863 292 2903 (16")
308 2862 356 2892 Sic
370 2862 464 2891 Palat.
482 2862 514 2891 In
530 2862 612 2900 prius
627 2862 713 2891 editis
728 2862 864 2900 quasdam
879 2863 996 2892 desunt.

1089 2863 1185 2899 (16m)
1200 2862 1351 2891 Excidisse
1364 2861 1480 2890 videtur
1494 2860 1567 2905 περί.
1582 2861 1659 2891 Εῦιτ·

1813 195 1890 225 1294
1920 210 1924 216 ι

776 257 840 287 Θεὸς
863 257 929 284 θεῶν
955 255 1003 283 Κύ-

1065 259 1147 293 ptum
1165 259 1210 285 est
1225 266 1250 286 :«
1267 256 1418 286 Videbitur
1433 257 1510 284 Deus
1536 257 1656 285 deorum
1682 258 1711 285 in
1736 259 1805 287 Sion
1817 261 1855 293 ¹⁹;
1874 265 1888 285 ί)
