2043 3107
196 181 273 212 1295

195 303 209 317 ‹‹
228 291 382 319 Dominum
407 293 498 318 Deum
524 291 607 317 tuum
624 289 770 321 adorabis,
787 289 815 315 et
830 286 872 314 illi
889 285 941 313 soli
959 293 1020 312 ser-

193 336 254 364 vies
264 336 286 353 ’⁸
301 344 307 364 :
326 347 339 360 n
356 338 384 363 te
408 337 565 362 accusante
583 342 650 362 reus
665 337 711 361 est
725 332 837 360 violatis
861 331 944 367 legis.
961 330 1020 357 Nos

194 389 280 418 porro
297 380 468 417 prophetam
485 379 607 406 minimc
622 379 804 410 incusamus,
821 376 912 403 absitl
931 374 1019 410 quin-

194 426 253 453 imo
274 434 307 453 ea
335 425 522 461 potissimum
547 423 582 450 de
608 431 697 451 causa
715 421 858 458 Spiritum
883 422 1019 447 sanctum

193 471 318 498 dicimus
334 468 526 497 adorandum.
539 467 638 503 Neque
654 468 732 494 enim
749 466 886 493 Davidem
903 464 1020 491 adoras-

193 517 238 543 set
262 514 412 550 propheta,
429 513 454 541 si
474 512 586 540 nudum
616 512 766 539 hominem
791 509 967 546 agnovisset.
985 509 1020 535 At

193 560 314 588 edoctus
333 558 417 586 illum
433 565 497 585 esse
512 557 661 584 Christum
686 555 813 587 Domini,
830 554 893 582 oleo
917 555 1018 581 sancto

192 605 348 632 inunctum
374 602 516 630 adorabat
542 601 636 635 illum,
658 601 693 629 ob
718 600 846 637 Spiritus
869 598 963 626 sancti
988 597 1018 624 in

192 649 255 677 oleo
271 647 442 677 efﬁcaciam.

227 740 254 766 5.
272 738 346 771 Quid
373 744 458 773 porro
482 744 577 764 causa:
602 737 646 763 est
669 735 756 770 quod,
771 744 784 759 «
801 733 877 760 sicut
905 731 1017 768 aspidis

192 784 288 812 surdae
305 785 333 810 et
347 781 512 810 obturantis
535 787 620 807 aures
636 787 715 813 suas,
732 787 794 814 quae
810 785 867 805 non
883 776 1018 805 exaudiet

190 835 290 856 vocem
319 826 535 854 incantantium
558 825 590 859 ³³,
612 835 625 849 ι)
651 832 716 851 cum
753 822 881 850 audieris
910 821 982 848 illud
1008 829 1015 848 :

191 872 375 900 «Dominum
387 871 479 898 Deum
495 872 579 897 tuum
595 868 731 896 adorabis
744 877 750 901 ;
764 879 777 892 ››
789 867 865 903 quod
883 866 1017 901 sequitur

191 926 250 945 non
274 916 382 945 audisti
400 923 433 964 ειι
451 917 484 942 Et
512 914 568 964 illi.
584 913 637 941 soli
665 910 1015 964 servie’s‘ilndhnimirum
1033 932 1055 964 Β

192 962 253 998 agis
267 964 300 989 ut
314 969 351 988 ne
365 959 468 988 audias
485 967 510 986 :«
522 958 581 986 Soli
598 957 716 985 servies.
728 967 741 981 ››
758 956 832 983 Cui?
849 955 963 982 Patrine
979 963 1015 982 an

194 1006 285 1034 Filio?
313 1006 411 1041 Ecqua
446 1004 558 1031 ratione
593 1002 645 1030 soli
672 1001 773 1029 dices?
788 1000 817 1028 Si
833 1000 1015 1027 Christianus

192 1058 235 1085 es,
252 1051 312 1078 aies
333 1050 369 1078 ob
395 1050 504 1077 natura:
527 1047 721 1075 identitatem.
738 1046 819 1078 Quod
844 1045 868 1072 si
894 1045 1014 1072 demon-

191 1098 302 1124 stretur
320 1094 460 1130 Spiritum
485 1095 620 1120 sanctum
644 1091 775 1126 ejusdem
802 1098 866 1117 esse
894 1091 1014 1121 natura,

190 1140 264 1168 illud
281 1148 316 1167 ιι(
333 1139 490 1167 Dominum
520 1137 612 1164 Deum
641 1138 725 1163 tuum
753 1135 899 1167 adorabis,
917 1137 945 1161 et
970 1132 1014 1160 illi

191 1184 245 1213 soli
266 1184 385 1218 servies,
397 1195 409 1209 ι
428 1183 463 1210 de
480 1182 571 1216 Patre,
588 1181 659 1208 Filio
675 1183 703 1208 et
718 1180 827 1216 Spiritu
853 1181 954 1206 sancto
969 1178 1012 1205 di-

189 1230 276 1264 citur,
292 1229 328 1257 ob
353 1230 463 1255 naturae
488 1226 683 1254 identitatern.
700 1225 749 1252 Sin
766 1224 875 1256 minus,
892 1223 1012 1258 cogeris,

189 1282 256 1302 cum
272 1274 308 1301 de
322 1272 410 1301 unica
425 1279 549 1308 persona
572 1270 645 1297 illud
661 1269 787 1305 accipias
805 1278 837 1296 zu
854 1268 1012 1296 Dominum

188 1321 279 1347 Deum
294 1320 378 1345 tuum
394 1316 540 1348 adorabis,
557 1317 585 1342 et
600 1314 642 1341 illi
658 1313 711 1341 soli
734 1314 858 1346 servies;
870 1323 883 1339 ιι
901 1315 952 1340 aut
966 1312 1011 1339 Fi-

186 1363 261 1391 lium
290 1361 445 1398 repudiare
473 1363 523 1388 aut
547 1359 661 1387 Patrem
689 1366 865 1394 expungere.
886 1357 913 1384 Si
943 1365 1012 1392 ergo

187 1408 451 1436 commonstratum
467 1404 564 1439 fuerit,
576 1403 728 1439 Spiritum,
746 1402 794 1438 qui
811 1411 845 1429 ex
862 1404 946 1429 Patre
962 1409 1013 1438 per

188 1453 294 1481 Filium
307 1451 468 1484 efunditur,
480 1449 613 1485 ejusdem
636 1455 700 1475 esse
721 1449 832 1475 naturis
848 1455 881 1474 ac
893 1446 1011 1474 deitatis

188 1499 275 1533 atque
290 1496 381 1524 Filius
397 1498 425 1523 et
448 1494 542 1528 Pater,
558 1500 629 1520 sane
652 1491 820 1520 adorandus
835 1499 899 1519 esse
914 1498 947 1518 ac
962 1499 1010 1518 co-

187 1541 293 1569 lendus
316 1539 495 1568 ostendetur.
512 1537 589 1565 410
611 1537 749 1571 Ejusdem
775 1544 861 1572 porro
885 1535 1011 1570 Spiritus

187 1585 291 1621 gratia.
308 1592 372 1612 eam
388 1584 482 1619 ipsam
498 1584 634 1610 naturam
659 1589 694 1609 ex
717 1580 823 1608 divinis
839 1579 1013 1608 conabimur

778 177 809 206 S.
834 173 1095 206 ATHANASIUS.
1108 190 1147 197 —
1163 176 1317 206 SPURIA.

1999 31 2005 37 .

1823 182 1837 210 1
1843 180 1901 212 296

193 247 268 275 Nam
283 246 308 274 si
323 245 372 274 ille
386 245 523 273 Davidem
538 244 713 278 adoraverit,
728 251 795 271 cum
806 242 947 278 scriptum
962 240 1012 269 sit:

1077 242 1318 277 παρανομήσαντα.
1345 243 1374 271 Εἰ
1399 243 1450 282 γὰρ
1474 242 1577 275 ἐκεῖνος
1601 245 1640 280 τῷ
1664 242 1746 273 Δαϐἷδ
1769 247 1901 283 προσεκύ”

1074 295 1139 319 νησε
1167 285 1326 323 (γέγραπται
1356 286 1393 315 δέ·
1411 300 1424 314 ι(
1440 289 1532 326 Κυρίῳ
1553 291 1593 325 τῷ
1618 291 1678 326 Θεῷ
1701 300 1749 317 σου
1779 301 1897 327 προσκυ-

1074 330 1174 364 νήσεις,
1191 331 1235 357 καὶ
1259 331 1333 368 αὐτῷ
1359 332 1433 369 μόνῳ
1458 332 1613 371 λατρεύσεις
1635 335 1674 370 ››),
1689 335 1761 372 παρὰ
1784 336 1828 362 τὸν
1853 336 1898 363 νό-

1076 384 1125 409 μον
1151 375 1284 410 πεποίηκε
1307 377 1375 404 κατὰ
1397 378 1448 412 τήν
1469 378 1517 412 σὴν
1546 379 1723 416 κατηγορίαν.
1749 380 1844 416 Ἡμεῖς
1870 379 1898 408 δὲ

1074 418 1105 445 οὐ
1126 423 1330 458 κατηγοροῦμεν
1352 424 1401 449 τοῦ
1423 423 1583 462 προφήτου·
1610 424 1648 460 μὴ
1676 423 1799 462 γένοιτοῐ
1824 424 1898 453 ἀλλὰ

1074 462 1118 490 διὰ
1141 466 1221 492 τοῦτο
1248 465 1365 501 μάλιστα
1389 466 1504 505 λὲγομεν
1541 469 1726 505 προσκυνητὸν
1757 469 1788 496 τὸ
1821 471 1898 507 ἅγιον

1074 510 1193 545 Πνεῦμα.
1210 510 1267 538 Οὐκ
1282 510 1311 537 ἂν
1337 511 1388 549 γὰρ
1413 514 1453 548 τῷ
1477 510 1560 539 Δαϐὶδ
1585 513 1782 551 προσεκύνηοεν
1800 515 1815 541 ὁ
1828 525 1898 552 προ-

1073 553 1174 591 φήτης.
1191 554 1214 581 εἲ
1238 553 1319 591 ψιλὸν
1347 556 1488 594 ἄνθρωπον
1515 557 1670 595 ἐγίνωσκεν·
1687 557 1760 586 ἀλλὰ
1782 561 1897 596 Χριστὸν

1072 597 1171 642 Κυρίου
1200 597 1338 638 διδαχθεὶς
1365 600 1444 629 αὐτὸν
1475 602 1550 636 εἶναι,
1575 602 1601 629 ἐν
1625 601 1709 639 ἐλαίῳ
1732 602 1804 640 ἁγίῳ
1831 614 1897 642 χρι-

1073 641 1177 675 σθέντα,
1194 644 1350 680 προσεκύνει
1376 645 1455 673 αὐτὸν
1482 645 1526 674 διὰ
1549 647 1599 682 τήν
1623 646 1649 675 ἐν
1673 650 1714 684 τῷ
1736 636 1898 685 ἔλαίῳαὲοὖ

1072 687 1228 723 Πνεύματος
1245 688 1388 727 ἐνέργειαν.

1105 732 1133 759 5.
1152 733 1212 764 Πῶς
1229 731 1268 767 δὲ,
1285 746 1298 760 ι(
1315 734 1378 761 ὡσεὶ
1395 733 1506 766 ἀσπίδος
1529 739 1625 776 κωφῆς
1647 736 1693 764 καὶ
1720 737 1842 775 βυούσης
1865 738 1897 765 τὰ

1071 774 1128 802 ὦτα
1142 776 1235 813 αὐτῆς,
1252 777 1313 812 ἥτις
1328 779 1378 806 οὐκ
1390 774 1683 820 εἰσακούσεταιφωνῆς
1699 780 1860 817 ἐπᾴδοντος,
1883 794 1893 808 ι

1070 820 1112 853 τὸ,
1131 831 1141 844 ε
1157 822 1248 859 Κυρίῳ
1275 825 1315 858 τῷ
1343 826 1401 859 Θεῷ
1427 834 1474 851 σου
1501 826 1705 862 προσκυνήσεις,
1727 837 1740 852 ι
1763 826 1894 861 ἀκούσας,

1069 867 1117 891 τοῦ
1133 865 1193 900 ἑξῆς
1209 866 1258 893 οὐκ
1282 866 1444 902 ἐπήκουσας,
1460 871 1518 905 τοῦ,
1537 881 1550 894 ‹‹
1566 869 1617 898 Καὶ
1643 870 1715 906 αὐτῷ
1746 870 1820 907 μόνῳ
1842 871 1895 898 λα-

1069 909 1206 946 τρεύσεις;
1228 923 1241 937 γι
1267 914 1353 939 Τοῦτο
1383 911 1411 940 δὲ
1437 916 1535 949 ποιεῖς,
1560 913 1605 941 ἵνα
1635 915 1672 951 μή
1702 915 1823 953 ἀκούσῃς
1852 916 1894 952 τὸ,

1070 965 1084 979 ι(
1102 954 1185 991 Μόνῳ
1201 954 1366 994 λατρεύσεις.
1384 970 1398 983 ››
1414 958 1489 992 Τίνι;
1506 961 1545 994 τῷ
1560 959 1657 997 Πατρὶ,
1672 960 1690 994 ἢ
1707 963 1746 996 τῷ
1760 961 1832 996 Υἱᾷη
1846 961 1895 988 Καὶ

1069 1001 1137 1030 πῶς·
1166 1000 1241 1037 μόνῳ
1266 1000 1336 1038 ἐρεῖς
1357 1012 1363 1036 ;
1390 1003 1450 1031 Ἐὰν
1475 1003 1508 1040 ᾖς
1532 1005 1703 1041 Χριστιανὸς,
1728 1004 1769 1032 ὅτι
1795 1003 1841 1033 διὰ
1864 1006 1895 1033 τὸ

1068 1044 1164 1071 ταυτὸν
1176 1048 1226 1079 τῆς
1244 1045 1357 1083 φύσεως.
1374 1047 1434 1074 Ἐὰν
1461 1046 1560 1085 δειχθῇ
1586 1048 1633 1076 οὖν
1657 1049 1701 1076 καὶ
1726 1049 1759 1077 τὸ
1784 1050 1895 1087 Πνεῦμα

1067 1090 1117 1122 τῆς
1142 1087 1225 1123 αὐτῆς
1248 1089 1363 1128 φύσεως,
1379 1090 1421 1123 τὸ,
1439 1104 1452 1117 ι(
1476 1092 1569 1129 Κυρίῳ
1591 1095 1631 1129 τῷ
1656 1095 1714 1129 Θεῷ
1739 1104 1788 1121 σου
1813 1104 1895 1132 προσ-

1067 1134 1203 1170 κυνήσεις,
1219 1135 1264 1162 καὶ
1289 1135 1362 1171 αύτῷ
1390 1136 1465 1173 μόνῳ
1488 1137 1653 1174 λατρεύσεις,
1676 1150 1689 1163 η
1715 1138 1822 1176 Πατέρα
1848 1139 1893 1167 καὶ

1067 1178 1140 1214 nov,
1165 1178 1209 1206 καὶ
1239 1180 1314 1217 ἅγιον
1343 1181 1452 1217 Πνεῦμα
1481 1181 1566 1219 λέγει,
1593 1181 1638 1210 διὰ
1667 1183 1697 1210 τὸ
1720 1183 1818 1211 ταυτὸν
1842 1187 1893 1219 τῆς

1067 1221 1180 1266 φύσεως.
1198 1223 1228 1250 Εἰ
1254 1222 1282 1251 δὲ
1309 1224 1358 1259 μή,
1375 1225 1565 1264 ἀναγκασθήσῃ
1589 1226 1632 1254 ἐπὶ
1658 1227 1716 1258 ἑνὸς
1741 1229 1892 1266 προσώπου

1067 1265 1275 1304 δεχόμενος,τῷ
1292 1270 1371 1305 (17)‹‹
1385 1270 1475 1308 Κυρίῳ
1490 1273 1530 1307 τῷ
1545 1274 1604 1307 Θεῴ
1620 1282 1667 1299 σου
1683 1265 1893 1309 προσέυνήσεις,

1065 1312 1110 1338 καὶ
1134 1311 1207 1348 αύτῷ
1233 1312 1310 1349 μόνῳ
1330 1312 1495 1352 λατρεύσεις,
1512 1328 1525 1340 )›
1551 1316 1569 1350 ἢ
1594 1316 1640 1343 τὸν
1664 1317 1726 1344 Υἳὸν
1752 1318 1892 1355 παρακού-

1066 1357 1170 1389 σασθαι,
1186 1357 1204 1391 ἢ
1229 1357 1274 1384 τὸν
1300 1359 1405 1396 Πατέρα
1427 1359 1663 1398 παραγράψασθαι.
1681 1361 1741 1389 Ἐὰν
1762 1362 1809 1389 οὖν
1836 1360 1891 1389 δει-

1065 1403 1121 1438 χθῇ
1150 1404 1199 1435 τῆς
1226 1401 1309 1436 αὐτῆς
1334 1402 1399 1429 εἶναι
1430 1404 1534 1442 φύσεως
1557 1404 1602 1431 καὶ
1619 1405 1748 1440 θεότητος
1766 1408 1807 1442 τῷ
1833 1407 1890 1443 Υἱῷ

1065 1445 1108 1472 καὶ
1134 1448 1173 1481 τῷ
1198 1446 1293 1483 Πατρὶ,
1308 1447 1353 1474 καὶ
1377 1448 1409 1474 τὸ
1434 1450 1543 1485 Πνεῦμα
1566 1449 1596 1476 τὸ
1621 1448 1647 1484 ἐξ
1670 1449 1817 1477 αὐτοῦτοῦ
1834 1453 1889 1478 Πα-

1064 1491 1128 1528 τρὸς
1154 1489 1198 1517 διὰ
1225 1493 1273 1518 τοῦ
1301 1491 1365 1518 Υῖοῦ
1398 1491 1523 1530 ἐκχυθὲν,
1553 1493 1598 1520 καὶ
1626 1495 1814 1532 προσκυνητὸν
1844 1496 1890 1522 καὶ

1066 1534 1210 1571 λατρευτὸν
1239 1534 1478 1573 ἀποδειχθήσεται.
1508 1537 1695 1576 Πειρασόμεθα
1722 1537 1751 1566 δὲ
1775 1539 1821 1566 σὺν
1851 1539 1893 1567 οὗ·

1068 1579 1158 1616 μενείᾳ
1198 1579 1280 1607 αὐτοῦ
1319 1583 1368 1607 τοῦ
1407 1582 1562 1617 Ηνεύματος
1591 1580 1674 1618 δεῖξαι
1712 1584 1813 1618 ταυτήν
1840 1584 1891 1618 τήν

187 1618 314 1657 oraculis
340 1618 497 1656 declarare.
521 1626 555 1653 Et
577 1634 645 1653 vero
672 1625 743 1652 illud
763 1633 769 1652 2
786 1635 799 1651 α
813 1624 903 1652 Nemo
932 1624 1010 1651 enim

1068 1623 1143 1663 φύσιν
1162 1622 1190 1651 Ei
1203 1626 1256 1651 τῶν
1273 1624 1351 1656 θείων
1376 1624 1488 1662 λογίων.
1507 1626 1554 1654 Καὶ
1570 1627 1612 1661 τὸ,
1630 1640 1643 1653 ι(
1660 1626 1754 1659 Οὐδεὶς
1769 1629 1821 1666 γὰρ
1844 1627 1892 1655 δύ-

188 1674 285 1709 potest
299 1672 395 1700 dicere
411 1671 565 1699 Dominum
580 1670 693 1701 Jesum,
706 1669 760 1696 nisi
778 1669 806 1696 in
817 1668 927 1704 Spiritu
944 1676 1011 1696 san-

182 1720 273 1751 cto,»
301 1716 373 1744 nihil
403 1716 507 1752 probat
535 1717 636 1742 contra
663 1714 861 1741 adorationem
886 1713 1012 1749 Spiritus

188 1761 291 1791 sancti.
303 1762 385 1789 Sicut
399 1760 476 1788 enim
490 1767 555 1787 cum
570 1759 667 1794 ipsum
680 1758 771 1786 Deum
787 1758 895 1785 Patrem
908 1758 936 1784 in
947 1757 1011 1793 Spi-

187 1808 245 1835 ritu
267 1809 295 1834 et
318 1805 442 1833 veritate
468 1804 635 1836 adoramus,
650 1798 709 1829 non
731 1801 914 1830 excludimus
938 1802 1012 1829 veri-

187 1852 257 1879 tatis
285 1849 496 1882 adorationem,
523 1848 573 1876 sed
603 1847 714 1875 scimus
739 1847 888 1874 veritatem
915 1846 1012 1881 ipsum

187 1904 252 1924 esse
276 1894 394 1927 Filium,
411 1897 496 1929 atque
511 1893 540 1919 in
555 1892 665 1928 Spiritu
681 1895 709 1919 el
723 1891 843 1918 veritate
858 1890 1013 1918 adorantes

187 1941 291 1975 Deum,
303 1940 461 1967 adoramus
477 1937 572 1973 ipsam
587 1937 753 1970 veritatem;
770 1935 812 1963 ita
826 1937 854 1962 et
872 1934 1010 1970 Spiritum

189 1987 356 2018 adoramus,
375 1982 625 2019 quemadmodum
647 1982 675 2008 et
699 1980 861 2008 veritatem.
880 1980 959 2013 Quod
976 1979 1012 2015 si,

189 2030 328 2066 quoniam
344 2029 372 2055 in
384 2027 495 2063 Spiritu
512 2027 681 2059 adoramus,
690 2025 754 2052 ideo
766 2033 823 2052 non
835 2024 940 2052 adoras
951 2024 1013 2060 Spi-

188 2074 295 2102 ritum:
306 2075 335 2100 et
345 2072 521 2107 si,quoniam
534 2070 563 2097 in
573 2070 693 2097 veritate
703 2069 871 2103 adoramus,
879 2077 935 2096 non
947 2069 1014 2096 ado-

187 2127 236 2147 ras
251 2119 413 2149 veritatem,
425 2115 635 2151 arbitrarisque
660 2114 753 2142 minui
778 2114 904 2150 Spiritus
919 2114 1012 2141 sancti

187 2162 453 2200 diguitatem,quod
467 2161 496 2188 in
509 2160 574 2196 ipso
585 2160 689 2187 Filium
703 2160 857 2187 Dominum
869 2168 932 2186 esse
943 2167 1011 2187 con-

187 2209 334 2241 ﬂteamur,
352 2206 467 2233 minues
482 2207 558 2232 certe
572 2206 600 2231 et
616 2204 709 2232 Patris
721 2203 906 2239 dignitatem,
918 2204 1011 2239 siqui-

187 2254 253 2281 dem
270 2264 284 2277 α
301 2259 386 2279 nemo
401 2249 479 2278 venit
495 2249 530 2276 ad
548 2248 663 2281 Filium,
681 2249 739 2276 nisi
755 2256 841 2284 quem
858 2250 945 2275 Pater
958 2257 1012 2275 cce-

186 2297 270 2325 lastis
284 2295 405 2324 traxerit
426 2294 462 2322 ad
486 2293 583 2330 ipsum
596 2293 627 2320 3°.
640 2304 654 2317 u
672 2292 730 2320 Hoc
745 2292 822 2319 enim
838 2292 866 2319 in
883 2292 1010 2328 Evange-
1028 2303 1050 2335 D

186 2342 226 2370 lio
242 2342 386 2377 scriptum
406 2341 450 2367 est
466 2347 473 2366 :
491 2337 706 2374 Apostolusque
728 2336 836 2364 clamat
853 2344 859 2364 ε
874 2348 884 2361 ι
903 2337 1011 2365 Fidelis

187 2387 275 2420 Deus,
292 2393 343 2421 per
357 2392 445 2420 quem
459 2383 552 2411 vocati
566 2383 637 2410 estis
647 2383 683 2409 ad
695 2382 931 2409 communionem
946 2381 1010 2409 Filii

188 2431 253 2466 ejus
265 2432 299 2458 ³¹.
320 2442 330 2454 ι
348 2430 383 2457 Et
408 2428 491 2456 Pater
518 2427 581 2464 ipse
609 2427 638 2454 in
668 2425 818 2462 prophetis
847 2426 882 2453 ad
911 2425 1010 2461 ipsum

188 2475 259 2503 dicit
281 2474 384 2503 Filium
403 2482 437 2501 zu
454 2473 526 2500 Ecce
551 2470 687 2508 proselyti
713 2471 746 2498 ad
770 2473 798 2498 te
821 2469 937 2498 venient
960 2478 1011 2507 per

189 2529 235 2548 me
245 2520 278 2547 θ’.
290 2530 305 2545 ιο
321 2519 401 2551 Quod
418 2518 443 2546 ei
459 2526 510 2554 per
530 2517 645 2544 Patrem
671 2516 706 2544 ad
733 2516 838 2543 Filium
861 2523 1009 2550 vocamur,

188 2574 245 2593 non
260 2564 367 2593 idcirco
384 2563 528 2599 dignitate
549 2561 645 2589 minor
668 2563 712 2588 est
736 2560 863 2595 Spiritus
877 2562 1008 2588 sanctus.

185 2607 499 2642 Introducimur,-ais,
529 2606 640 2641 Spiritu
666 2614 672 2632 :
697 2604 760 2639 lege
789 2604 952 2639 Scripturas
982 2607 1010 2632 et

185 2655 265 2683 disce
280 2653 369 2690 quod,
382 2650 632 2688 quemadmodum
644 2657 694 2684 per
710 2648 823 2675 Patrem
840 2649 875 2676 ad
894 2648 1008 2685 Filium,

185 2700 225 2727 ita
239 2707 291 2735 per
305 2698 411 2725 Filium
428 2696 462 2723 ad
482 2695 606 2722 Patrem.
623 2693 698 2720 Sunt
719 2693 796 2720 enim
814 2692 883 2727 hac,
899 2693 940 2721 uti
956 2702 1008 2721 su-

184 2752 238 2780 pra
253 2743 364 2771 dictum
389 2742 443 2773 est,
458 2739 615 2775 reciproca.
633 2736 885 2770 Quemadmodum
910 2737 1008 2774 itaque

1065 1678 1142 1695 ναται
1157 1668 1240 1696 εἰπεῖν
1258 1668 1354 1706 Κύριον
1370 1670 1475 1704 Ἰησοῦν
1493 1670 1516 1697 εἰ
1538 1671 1576 1706 μή
1593 1670 1618 1698 ἐν
1637 1671 1773 1709 Ηνεύματι
1786 1671 1890 1709 hic?”

1067 1712 1098 1739 ού
1119 1712 1186 1739 κατὰ
1208 1716 1259 1747 τῆς
1284 1712 1332 1740 τοῦ
1357 1713 1512 1750 ΙΙνεύματός
1538 1714 1592 1742 ἐστι
1613 1706 1895 1754 προσλυνήσεωξ.

1065 1757 1116 1795 γὰρ
1145 1757 1224 1784 αὐτὸν
1252 1757 1297 1785 τὸν
1326 1758 1389 1785 Θεὸν
1417 1758 1521 1796 Πατέρα
1545 1758 1570 1786 ἐν
1597 1759 1732 1796 Πνεύματι
1757 1759 1803 1787 καὶ
1819 1759 1894 1795 ἀλη-

1066 1801 1123 1837 θείᾳ
1160 1804 1381 1839 προσκυνοῦντες,
1411 1802 1461 1830 οὐκ
1499 1804 1701 1840 ἀποστεροῦμεν
1735 1807 1787 1839 τῆς
1824 1805 1895 1840 ἀλη-

1066 1845 1137 1876 θείας
1161 1846 1211 1880 τὴν
1237 1846 1431 1883 προσκύνησιν,
1448 1846 1512 1875 ἀλλ’
1536 1847 1623 1884 ἴσμεν,
1644 1848 1686 1876 ὅτι
1713 1848 1794 1880 αὐτός
1821 1849 1894 1876 ἔστιν

1067 1891 1081 1918 ὁ
1111 1891 1172 1922 Υἱὸς
1201 1892 1218 1926 ἡ
1248 1891 1374 1926 ἀλήθεια,
1404 1892 1449 1919 καὶ
1476 1892 1502 1919 ὲν
1533 1893 1670 1929 Πνεύματι
1699 1893 1744 1921 καὶ
1775 1892 1894 1930 ἀληθείᾳ

1067 1938 1277 1973 προσκηοῦντες
1293 1937 1337 1963 τὸν
1354 1937 1427 1972 Θεὸν,
1444 1939 1648 1974 προσκυνοῦμεν
1673 1938 1723 1972 τήν
1749 1937 1893 1973 ἀλήθειαν·

1068 1979 1139 2007 οὕτω
1155 1979 1188 2015 δὴ
1204 1981 1248 2008 καὶ
1269 1981 1299 2008 τὸ
1324 1984 1433 2017 Πνεῦμα
1457 1984 1673 2019 προσκυνοῦμεν,
1692 1983 1729 2013 ὡς
1750 1983 1801 2017 τήν
1825 1982 1897 2018 ἀλή-

1068 2025 1150 2053 θειαν.
1167 2024 1199 2053 Εἰ
1229 2023 1268 2060 δὲ,
1285 2024 1377 2060 ἐπειδὴ
1408 2026 1433 2053 ἐν
1464 2026 1600 2063 Πνεύματι
1626 2029 1845 2065 προσκυνοῦμεν,
1863 2027 1895 2055 οὗ

1066 2072 1225 2106 προσκυνεῖς
1248 2070 1280 2097 τὸ
1305 2072 1422 2107 Πνεῦμοι,
1438 2070 1482 2097 καὶ
1512 2069 1606 2105 ἐπειδὴ
1623 2071 1649 2098 ἐν
1665 2070 1783 2107 ἀληθείᾳ
1807 2082 1894 2109 προσ-

1066 2115 1210 2150 κυνοῦμεν,
1227 2113 1257 2141 οὐ
1286 2118 1445 2152 προσκυνεῖς
1473 2116 1522 2150 τὴν
1552 2115 1693 2152 ἀλήθειαν,
1709 2116 1755 2143 καὶ
1770 2116 1896 2153 νομίζεις

1067 2156 1095 2184 δὲ
1123 2157 1297 2190 ἐλαττοῦσθαι
1325 2160 1375 2193 τήν
1394 2161 1442 2186 τοῦ
1458 2159 1614 2196 Πνεύματος
1640 2160 1726 2196 ἀξίαν,
1744 2159 1840 2195 ἐπειδὴ
1869 2160 1894 2188 ἰν

1066 2202 1139 2238 αὖτῷ
1153 2203 1198 2230 τὸν
1225 2203 1285 2230 Υἳὸν
1310 2204 1408 2241 Κύριον
1434 2203 1636 2242 ὁμολογοῦμεν·
1653 2204 1816 2236 ἐλαττώσεις
1842 2205 1895 2244 ἄρα

1065 2247 1109 2274 καὶ
1137 2248 1187 2281 τήν
1211 2250 1259 2275 τοῦ
1285 2248 1390 2285 Πατρὸς
1414 2248 1497 2284 ἀξίαν,
1515 2247 1609 2283 ἐπειδή
1626 2262 1640 2275 ι(
1661 2248 1750 2280 οὐδεὶς
1781 2248 1893 2288 ἔρχεται

1065 2292 1133 2329 πρὸς
1156 2292 1202 2319 τὸν
1233 2292 1306 2328 Υἱὸν,
1321 2292 1364 2319 ἐὰν
1383 2293 1421 2329 μή
1447 2293 1460 2320 ὁ
1485 2294 1579 2331 Πατὴρ
1596 2294 1610 2320 ὁ
1635 2293 1761 2331 οὐράνιος
1791 2294 1895 2331 ἑλκύσῃ

1067 2335 1143 2363 αὐτὸν
1161 2336 1228 2374 πρὸς
1245 2336 1334 2364 αὐτόν.
1352 2349 1366 2362 ››
1382 2339 1468 2365 Τοῦτο
1483 2338 1534 2376 γὰρ
1551 2337 1577 2365 ἂν
1601 2341 1642 2374 τῷ
1664 2338 1828 2376 Εὖαγγελίῳ
1853 2340 1897 2377 γέ-

1065 2390 1193 2418 γραπται·
1223 2381 1267 2408 καὶ
1291 2382 1305 2408 ὸ
1334 2381 1501 2412 Ἀπόστολος
1533 2383 1593 2420 βοᾷ’
1618 2383 1748 2414 «Πιστὸς
1774 2384 1789 2411 ὁ
1817 2384 1893 2416 Θεὸς,

1066 2424 1101 2453 δι’
1116 2426 1149 2452 οὗ
1172 2425 1306 2461 ἐκλήθητε
1330 2425 1367 2457 είς
1391 2426 1534 2454 κοινωνίαν
1549 2430 1598 2455 τοῦ
1614 2428 1677 2455 Υἱοῦ
1692 2428 1787 2457 αὐτοῦ.
1806 2440 1821 2454 n
1842 2429 1892 2456 Καὶ

1065 2469 1146 2500 αὐτὸς
1171 2470 1184 2496 ὁ
1208 2471 1301 2508 Πατὴρ
1326 2469 1352 2497 ἐν
1375 2473 1433 2501 τοῖς
1458 2472 1623 2509 προφήταις,
1640 2472 1707 2508 πρὸς
1736 2471 1818 2500 αὐτὸν
1848 2472 1895 2499 τὸν

1065 2514 1126 2541 Υἱὸν
1155 2513 1246 2552 λέγει·
1274 2526 1288 2540 ι(
1318 2513 1388 2542 Ἰδοὺ
1427 2515 1597 2553 προσήλυτοι
1632 2514 1819 2544 διιλεύσονται
1851 2527 1893 2544 σοι

1065 2557 1100 2585 δι’
1115 2558 1192 2595 ἐμοῦ.
1215 2571 1228 2585 ›)
1245 2558 1275 2587 Εἰ
1292 2557 1320 2586 δὲ
1334 2559 1379 2586 καὶ
1404 2558 1448 2586 διὰ
1463 2561 1511 2587 τοῦ
1537 2561 1641 2599 Πατρὸς
1665 2561 1733 2598 πρὸς
1757 2560 1805 2588 τὸν
1831 2562 1893 2588 Υῖὸν

1064 2602 1232 2640 καλούμεθα,
1257 2603 1305 2631 οὐχ
1326 2603 1500 2636 ἐλαττοῦσθαι
1518 2605 1587 2642 (17')
1605 2605 1656 2643 ἄρα
1680 2605 1780 2632 τούτου
1804 2604 1893 2633 ἕνεκεν

1063 2649 1111 2682 τῆς
1128 2648 1201 2683 ἀξίας
1217 2648 1248 2675 τὸ
1264 2649 1590 2687 Πνεῦμαῐίροσαγόμεθα
1603 2652 1643 2686 τῷ
1657 2649 1805 2687 Πνςύματι.
1816 2651 1895 2679 Ἀνά-

1062 2693 1144 2730 γνωθι
1173 2692 1220 2723 τὰς
1251 2694 1356 2732 Γραφάς
1385 2693 1429 2721 καὶ
1463 2695 1540 2730 μάθε,
1565 2694 1618 2728 δτι,
1648 2693 1739 2732 ὥσπερ
1769 2694 1817 2723 διὰ
1844 2697 1893 2722 τοῦ

1064 2736 1168 2775 Πατρὸς
1193 2737 1260 2774 πρὸς
1289 2737 1334 2765 τὸν
1362 2737 1435 2772 Υὶὸν,
1460 2738 1503 2766 καὶ
1528 2737 1572 2766 διὰ
1594 2738 1644 2766 τοῦ
1664 2738 1723 2766 ι’ῐοῦ
1743 2739 1814 2777 πρός
1842 2740 1889 2767 τὸν

221 2797 244 2814 ³⁸
262 2797 344 2824 Deut.
358 2802 397 2828 v1,
415 2794 459 2821 13.
497 2792 520 2810 ²⁹
535 2791 615 2819 Hsal.
633 2799 698 2823 Lvu,
714 2790 741 2826 5,
756 2790 783 2817 6.
822 2790 844 2808 ³ο
857 2790 940 2818 Joau.
959 2798 999 2824 vx,

1098 2791 1121 2809 ⁸ί
1136 2791 1146 2818 Ι
1161 2793 1225 2819 Cor.
1242 2800 1261 2826 ι,
1278 2792 1305 2819 9.
1343 2792 1365 2809 ³²
1379 2792 1436 2820 Isa.
1454 2801 1510 2827 Liv,
1527 2793 1570 2822 15,

223 2849 276 2886 (i7)
293 2848 376 2876 Forte
389 2846 446 2883 leg.
458 2843 609 2883 δεχόμενος
622 2842 654 2871 τὸ
670 2841 772 2882 Κυρίῳ,
784 2844 840 2872 etc.
853 2845 902 2872 En.
914 2845 1001 2872 Pars.

1095 2844 1162 2881 (17⁸)
1178 2844 1250 2881 Lege
1265 2842 1433 2874 ἐλαττοῦται.
1452 2846 1537 2875 IDEM.
