2043 3107
166 168 245 198 1297

165 234 284 270 Πατέρα.
311 233 493 273 Ἀντιστρὲφει
526 235 588 272 γὰρ,

162 281 208 309 Ὦς
235 278 279 305 οὖν
310 277 354 305 διὰ
370 281 418 306 τοῦ
447 279 553 316 Ila-:96:
583 279 649 315 πρὸς
672 278 718 306 τὸν
739 279 812 313 Υἱὸν,
829 278 915 310 οὕτως
945 276 989 305 διὰ

162 325 214 351 τοῦ
244 323 347 360 Ιῐατρὸς
375 323 420 350 καὶ
448 325 496 350 τοῦ
526 324 589 350 Υἱοῦ
628 323 697 361 πρὸς
733 324 765 351 τὸ
805 325 921 359 Πνεῦμα.
951 322 987 351 Οὐ

162 368 216 406 γὰρ
258 367 390 406 πρότερον
430 367 617 403 ἐνοικήσαντος
661 371 719 399 τοῖς
747 368 912 399 ἀποστόλοις
941 370 989 394 τοῦ

163 412 282 451 Ιῐατρὸς,
299 411 423 450 ἐγνώσθη
441 413 454 439 ὁ
470 412 542 442 Υἱός
559 412 631 440 ἀλλά
646 412 776 450 πρότερον
798 412 884 439 αὐτῶν
909 412 989 450 γνόν-

161 467 218 484 των
241 457 285 484 τὸν
310 457 380 493 Υἱὸν,
410 456 454 484 καὶ
486 456 718 493 μαθητευοὲντων.
749 457 793 484 καὶ
821 456 989 484 ἀποσταλέν-

161 512 218 529 των
243 500 291 529 δύο
320 500 379 536 δύο,
404 502 441 532 ὡς
465 501 625 539 γέγραπται,
650 502 694 529 καὶ
719 502 874 541 γραφὲν-των
900 501 987 529 αὐτῶν

159 548 214 574 νῶν
245 545 386 582 ὀνομάτων
412 545 438 573 ἐν
463 549 521 576 τοῖς
547 546 683 584 οὐρανοῖς,
710 546 755 574 καὶ
771 545 987 581 καταξιωθέντων

157 594 212 626 τῆς
242 590 314 622 θείας
344 590 482 622 θεοπτείας
512 590 538 618 ἐν
565 592 599 628 τῇ
633 591 747 627 ἀπτασίᾳ
783 594 835 625 τῆς
875 590 988 617 ἀναπά-

157 646 244 670 σεως,
271 635 333 663 τότε
364 633 471 662 δέδοται
492 635 584 666 αὐτοῖς
608 635 639 662 τὸ
669 636 780 672 Πνεῦμα
795 635 825 662 τὸ
840 636 916 672 ἅγιον
933 635 987 662 ἀπὸ

154 682 210 707 τοῦ
225 682 302 715 Θεοῦ,
327 678 495 717 ὁδηγοῦντος
520 679 616 710 αὐτοὺς
640 679 708 717 πρὸς
733 680 782 714 τὴν
798 681 846 707 τοῦ
862 679 985 715 Πνεύμα-

154 735 209 756 τος
223 725 316 763 χάριν.
347 724 398 753 Καὶ
429 723 519 762 ὥσπερ
545 723 669 762 λέγοντες
699 723 794 762 Κύριον
813 725 928 759 Ἰησοῦν.
958 723 987 751 ἐκ

154 772 213 804 τῆς
242 768 353 807 ὁδηγίας
382 768 464 796 αὐτοῦ
492 771 541 796 τοῦ
570 767 727 805 Πνειὸματος
764 771 844 796 τοῦτο
880 769 986 805 γνόντες

699 168 856 199 CONTRA
879 166 1076 197 MACEDON.
1101 167 1297 198 DlALOGUS
1319 167 1344 197 1.

631 234 721 265 καθὼς
756 232 984 272 προαποδέδοται.

1044 242 1096 270 per
1110 234 1225 262 Patrem
1241 235 1277 262 ad
1293 234 1409 268 Filium,
1423 234 1465 263 ita
1481 243 1531 270 per
1539 235 1652 262 Patrem
1668 238 1697 262 et
1710 236 1815 264 Filium
1833 236 1870 264 ad

1793 169 1873 199 1298

1044 279 1196 315 Spiritum.
1213 279 1312 315 Neque
1327 279 1405 307 enim
1423 279 1504 315 prius
1520 279 1550 307 in
1570 280 1711 315 apostolis
1727 280 1869 308 habitavit

1045 325 1126 352 Pater
1148 332 1233 359 quam
1261 323 1299 351 sit
1321 324 1439 360 agnitus
1463 324 1554 352 Filius
1568 333 1577 360 ;_
1591 325 1642 352 sed
1668 333 1734 352 cum
1764 325 1868 353 Filium

1044 369 1127 404 prius
1142 368 1357 404 cognovissent,
1371 377 1437 396 cum
1453 369 1546 396 edocti
1564 377 1596 396 ac
1612 369 1672 396 bini
1697 369 1778 397 missi
1797 369 1868 397 fuis-

1045 413 1166 447 sent,uti
1183 413 1325 449 scriptum
1336 415 1390 447 est;
1407 421 1473 440 cum
1489 421 1590 441 eorum
1607 413 1728 441 nomina
1742 413 1772 441 in
1788 414 1868 442 caalis

1044 458 1151 493 scripta
1168 458 1311 491 fuissent;
1327 466 1393 485 cum
1411 458 1440 485 in
1457 458 1568 486 visione
1583 459 1805 486 resurrectionis
1822 459 1867 486 di-

1043 502 1108 530 vino
1124 504 1281 538 conspectu
1298 502 1376 537 digni
1390 502 1481 530 habiti
1493 503 1694 538 fuissent,tum
1711 503 1796 530 datus
1808 502 1866 531 illis

1043 547 1099 574 fuit
1112 547 1239 582 Spiritus
1256 549 1375 574 sanctus
1391 555 1408 574 a
1428 547 1497 581 Deo,
1521 547 1722 575 introducente
1746 547 1812 575 illos
1828 548 1865 575 ad

1041 591 1167 627 Spiritus
1181 591 1315 626 gratiam.
1333 593 1366 618 Et
1381 591 1629 627 quemadmodum
1643 591 1800 619 Dominum
1816 592 1865 619 Je-

1042 643 1108 662 sum
1124 635 1264 668 dicentes,
1281 635 1407 670 Spiritus
1423 635 1517 662 sancti
1533 635 1633 667 ductu,
1649 634 1677 661 id
1693 634 1777 670 gnari
1792 635 1864 662 dici-

1042 680 1164 714 nius,ita
1177 688 1193 706 a
1208 679 1279 707 Filio
1295 680 1330 706 ad
1346 679 1472 714 Spiritus
1489 678 1621 707 notitiam
1637 678 1752 706 deducti
1769 678 1864 714 bapti-

1041 724 1096 752 zati
1104 732 1208 751 sumus
1216 724 1245 750 in
1254 723 1367 751 Patrem
1379 726 1407 751 et
1413 722 1518 751 Filium
1527 725 1556 750 et
1565 723 1708 758 Spiritum
1716 725 1863 751 sanctum:

1040 767 1184 796 revelante
1199 768 1311 795 scilicet
1329 767 1397 795 Filio
1413 767 1608 795 initiationem
1624 767 1660 794 ad
1675 767 1828 802 Spiritum.

154 813 320 851 εἰρήκαμεν
337 811 423 844 οὕτως
441 812 624 850 ὁδηγούμενοι
640 813 712 851 παρὰ
727 815 775 840 τοῦ
803 813 869 840 rios
894 812 932 844 εἷς
957 813 1006 846 τήν
1031 814 1080 839 τοῦ
1106 810 1265 847 Πνεύματος
1280 811 1390 848 γνῶσιν,
1407 807 1607 847 ἐϐαπτίσθημεν
1624 810 1662 841 ιίς
1685 810 1800 847 Πατέρα,
1819 811 1863 838 καὶ

153 858 222 886 Υἱὸν
237 858 281 885 καὶ
298 857 374 896 ἅγιον
392 860 510 894 Πνεῦμα·
528 856 658 892 δηλονότι
675 857 902 894 ἀποκαλύψαντος
917 859 966 884 τοῦ
982 857 1045 883 Ι·ἱοῦ
1060 857 1109 890 τὴν
1126 855 1164 887 εἷς
1179 856 1211 883 τὸ
1226 857 1336 891 Πνεῦμα
1351 854 1552 892 μυσταγωγίαν.

195 903 223 930 6.
238 903 301 934 Πῶς
318 900 346 929 δὲ
361 901 392 930 οὐ
408 902 495 934 θέλεις
521 904 727 941 προσκυνεῖσθαι
755 902 786 929 τὸ
818 903 927 938 [Ινεῦμα
954 902 984 929 τὸ

1073 902 1100 929 6.
1116 902 1173 929 Cur
1188 904 1286 929 autem
1304 900 1379 928 nolis
1404 901 1520 928 adorari
1545 900 1688 936 Spiritum
1713 901 1861 933 sanctum,

152 947 250 984 ἅγιον,
274 946 312 978 είς
338 946 353 974 ὅ
381 945 563 982 ἐϐαπτίσοηςε
588 946 618 973 Τί
639 946 690 984 γὰρ
714 947 765 983 ἄρα
794 946 886 983 μεῖζόν
915 946 982 980 ἐστι,

151 992 346 1029 προσκόνησις
360 992 377 1026 ἢ
397 992 554 1030 βάπτισμα;
576 992 638 1023 ΙΙῶς
664 990 692 1019 δὶ
717 991 770 1029 οὐχ
793 990 984 1028 ὁμολογούμε-

153 1036 206 1063 νόν
224 1036 305 1071 ἐστιν,
335 1036 376 1064 ὅτι
400 1040 450 1071 τῆς
476 1037 685 1074 προσκυνήσεως
709 1036 740 1063 τὸ
765 1035 903 1074 βάπτισμα
928 1038 984 1072 μεῖ-

157 1083 216 1116 ζον,
234 1080 303 1109 ὅπου
318 1092 349 1119 γε
373 1081 417 1109 καὶ
441 1080 643 1119 κατηχούμενοι
668 1083 848 1119 προσκυνοῦσι
878 1080 983 1119 Πατέρα

152 1125 289 1161 καῖΥἱὸν,
315 1125 364 1153 οὐκ
389 1124 482 1163 ἔχουσι
513 1125 541 1153 δὶ
570 1125 741 1161 τελειότητα,
768 1125 811 1153 ἐὰν
831 1126 867 1161 μή
887 1126 983 1163 βαπτι-

153 1171 259 1198 σθῶσιν
284 1170 324 1201 είς
353 1170 384 1198 τὸ
408 1168 496 1207 ὄνομα
519 1173 567 1198 τοῦ
584 1170 702 1207 ΙΙατρὸς,
718 1170 826 1198 καὶτοῦ
842 1170 916 1204 mou,
938 1169 983 1197 καὶ

152 1217 208 1242 τοῦ
225 1214 302 1253 ἁγίου
327 1214 486 1251 Ιίνεόματος
501 1225 507 1250 ;
525 1215 555 1242 Εἰ
572 1214 600 1242 δὲ
616 1216 654 1251 μή
672 1214 723 1242 εἶσι
738 1214 838 1242 τέλειοι
857 1217 983 1250 Χριστια-

152 1260 201 1287 νοὶ
218 1260 243 1286 οἱ
259 1259 463 1297 κατηχούμεοοι
487 1259 549 1296 πρὶν
575 1259 593 1294 ἢ
623 1260 801 1297 βαπτισθῶσι,
832 1259 985 1296 βαστισθὲν-

150 1314 202 1335 τες
234 1303 263 1331 δὲ
289 1304 468 1332 τελειοῦνταιε
498 1305 529 1331 τὸ
560 1304 700 1341 βάπτισμα
730 1304 780 1341 ἄρα
809 1303 900 1340 μεῖζόν
929 1303 983 1331 ἐστι

152 1352 208 1384 τῆς
235 1350 453 1386 προσκυνήσεως,
484 1348 499 1376 ὅ
523 1349 572 1383 τήν
603 1348 764 1384 τελειότητα
778 1349 904 1386 παρέχει,
935 1348 983 1375 Καὶ

154 1393 239 1421 τοῦτό
255 1393 325 1421 ἐστιν
346 1405 361 1419 ι(
376 1394 393 1428 ἡ
408 1392 507 1431 λογικὴ
523 1393 567 1420 καὶ
585 1395 656 1427 ζῶσα
673 1392 783 1431 λατρεία
802 1394 893 1429 ἡμῶν,
911 1405 924 1418 η
950 1394 982 1428 ἣν

158 1439 175 1466 ὁ
194 1437 363 1469 Ἀπόστολος
380 1437 464 1475 λέγει·
495 1450 505 1463 ε
524 1438 717 1476 Παραστήσατε
732 1438 764 1465 τὰ
779 1438 893 1474 σώματα
909 1438 985 1474 ὑμῶν

157 1483 253 1510 θυσίαν
277 1485 363 1517 ζῶσαν
391 1482 480 1520 ἁγίαν,
507 1482 647 1521 εὐάρεστον
674 1482 713 1518 τῷ
740 1485 807 1518 Θεῷ,
837 1483 886 1517 τὴν
906 1481 983 1519 λογμ

157 1528 211 1562 κήν
242 1526 365 1565 λατρείαν
396 1527 493 1564 ope)»,
515 1539 526 1552 1
568 1528 776 1564 Παρεστήσαμεν
805 1526 834 1554 ὂὶ
857 1527 891 1554 τὰ
919 1526 985 1554 αὐτὰ

160 1571 278 1609 λογικὴν
309 1571 445 1622 λατρείαν,
476 1572 651 1610 συνταφέντες
680 1572 720 1608 τῷ
753 1572 861 1607 Χριστῷ
890 1570 915 1598 ἐν
943 1570 1020 1622 τῷϐ

161 1616 338 1654 βαπτίσματι.
367 1616 403 1643 Τὸ
422 1614 484 1654 ἄρα,
510 1628 523 1641 α
555 1615 645 1653 Κυρίῳ
669 1618 709 1652 τῷ
724 1615 782 1652 Θεῷ
802 1626 850 1643 σου
865 1626 983 1653 προσκυ-

157 1661 262 1695 νήσεις,
277 1660 322 1687 καὶ
338 1659 411 1696 αὖτῷ
429 1660 504 1697 μόνῳ
520 1659 687 1698 λατρεύσεις,
705 1672 719 1686 ι)
734 1661 783 1694 τήν
812 1662 861 1688 τοῦ
892 1659 985 1698 βαπτί-

158 1714 261 1740 σματος
286 1704 384 1742 εἰσάγει
421 1703 607 1734 διδασκαλίαν.
644 1705 715 1742 Πρὸς
753 1704 860 1735 τούτοις
899 1705 984 1740 ἑαυτῷ

157 1748 305 1787 ἐπήγαγεν,
342 1749 380 1780 ὡς
419 1750 500 1785 ἡμῶν
532 1749 691 1787 εἶρηκότων”
724 1749 754 1777 Εἰ
786 1750 856 1786 μήτε
885 1748 983 1786 Κύριός

157 1793 225 1829 ἐστι,
253 1794 322 1830 μήτε
346 1793 422 1829 Θεὸς,
452 1794 521 1830 μήτε
555 1794 753 1831 προσκυνητὸς,
788 1797 846 1825 πῶς
878 1803 985 1831 συναρι-

158 1839 266 1875 Θμεῖται
292 1839 327 1875 τῇ
353 1836 458 1875 Τριαδι,
490 1838 538 1865 Καὶ
552 1838 614 1866 τότε
641 1839 672 1866 τὸ
690 1839 785 1866 ἑαυτοῦ
813 1838 915 1874 τίθησι.
940 1840 984 1874 Τῷ

159 1883 275 1919 ὀνόματι
316 1884 529 1920 συναριθμεῖται,
568 1883 645 1921 φησὶ,
674 1885 713 1919 τῷ
736 1885 784 1910 τοῦ
813 1882 983 1919 Ιίνεύματος,

160 1928 200 1963 μὴ
229 1929 268 1963 τῷ
289 1929 337 1954 τοῦ
368 1927 485 1964 ΙΙατρὸς,
515 1927 532 1961 ἢ
563 1929 640 1963 Θεοῦ,
669 1927 765 1961 ἢΥἱοῦ
781 1930 984 1964 συναριθμεῖται

159 1971 283 2008 όνόματι.
309 1971 402 2002 Οὕτως
425 1970 514 2007 κάλει²
543 1972 612 2008 μήτε
640 1970 735 1998 πλεῖον
751 1972 783 1999 οὗ
799 1969 867 2009 ἔχει’
893 1971 983 2009 ἀρκεῖ-

157 2026 201 2043 ται
231 2016 283 2053 γᾶρ
311 2018 351 2051 τῷ
384 2015 478 2052 οἰκείῳ
512 2015 655 2052 ἀξιώματι.
687 2016 742 2044 K'zv
765 2026 794 2043 τε
827 2016 878 2052 γὰρ
904 2014 984 2052 θέλῃς

158 2060 254 2088 πλεῖον
285 2059 316 2087 οὗ
338 2057 396 2097 ἔχει
425 2063 591 2096 προσθεῖναι,
621 2060 671 2087 οὐκ
695 2060 805 2099 ἐφίεται·
833 2061 863 2087 οὑ
887 2060 937 2098 γὰρ
959 2060 984 2095 ἐξ

158 2105 196 2132 ὧν
226 2104 257 2132 σὺ
291 2103 410 2139 δοξάζεις
436 2102 674 2142 προσ-λαμϐάνεται
712 2107 752 2140 τῷ
777 2104 832 2141 ὅρῳ
858 2107 907 2132 τοῦ
931 2105 984 2142 πρὸ

159 2150 249 2184 πάσης
286 2149 400 2180 κτίσεως
440 2150 616 2185 τιμήσαντος.
645 2151 738 2185 Ἡμεῖς
756 2147 784 2176 δὲ
805 2149 872 2185 πρὸς
894 2148 982 2176 αὐτόν·

159 2193 364 2233 Συναρίθμησον
394 2194 439 2221 καὶ
469 2194 565 2225 πέντας
599 2193 729 2231 ἀγγέλους
757 2192 797 2229 τῷ
826 2193 911 2230 Πατρὶ
939 2193 984 2220 καί

156 2241 197 2274 τῷ
211 2239 278 2274 Υἱῷ,
296 2238 411 2269 ἀκούσας
427 2239 491 2275 παρ’
506 2238 589 2266 αὐτοῦ
603 2240 652 2265 τοῦ
677 2240 753 2266 Θεοῦ.
782 2250 796 2264 (ι
812 2238 885 2275 Ἐγὼ
910 2240 981 2266 εἶπα.

159 2283 220 2311 Θεοί
260 2282 328 2319 ἐστε,
362 2283 407 2310 καὶ
449 2274 503 2310 olei
535 2283 659 2319 Ὑψίστου
697 2282 802 2314 πάντες.
827 2274 853 2310 ιν
876 2282 924 2310 Καὶ
953 2274 1023 2309 τὸῙ)

159 2328 274 2364 Πνεῦμα
295 2328 327 2355 τὸ
357 2328 431 2366 ἅγιον
460 2327 504 2355 καὶ
535 2327 632 2365 ἀγαθὸν
658 2327 689 2354 οὐ
709 2327 844 2362 καταξιοῐς
862 2330 912 2361 τῆς
937 2326 984 2354 τοῦ

160 2372 295 2409 ὀνόματος
324 2373 558 2409 συναριθμήσεως·
587 2371 650 2402 τοὺς
680 2370 709 2399 δὲ
732 2372 890 2409 ἀνθρώπους
911 2371 985 2409 ἀναγ-

159 2417 292 2453 κασθήσῃ,
321 2416 347 2453 ἐξ
372 2417 408 2443 ὧν
433 2415 564 2451 δέδωκας,
605 2417 801 2454 συναριθμῆσαι
837 2417 877 2452 τῷ
915 2418 984 2452 Θεῷ,

157 2462 255 2497 Ἡμεῖς
278 2460 306 2488 δὲ
331 2461 361 2489 οὐ
385 2463 424 2497 τῷ
451 2461 564 2497 ὀνόματι
584 2461 800 2505 συναριθμοῦμεν
831 2460 917 2497 (οὐδὲν
934 2461 985 2499 γὰρ

157 2508 239 2534 τοῦτο
258 2506 347 2544 μέγα),
363 2505 425 2533 ἀλλ’
440 2505 508 2538 αὐτῆ
524 2507 558 2542 τῇ
575 2504 662 2544 φύσει,
682 2505 718 2536 ὡς
747 2506 857 2543 ὕστερον
880 2504 976 2533 ἀποδεί

159 2550 250 2586 ξομεν,
282 2551 413 2588 πρότερον
441 2550 594 2589 ἐλέγξαντες
618 2550 666 2583 τήν
692 2549 717 2576 ἐν
732 2552 772 2585 τῷ
783 2549 924 2588 σχεδαρίῳ
939 2561 986 2577 σου

160 2594 275 2631 ματαίαν
306 2593 484 2632 ἀδολεσχίαν.
516 2593 642 2629 ’Δληθῶς
672 2592 712 2628 δὲ,
737 2594 825 2625 καθὼς
854 2595 898 2621 καὶ
915 2593 986 2622 ἄκων

159 2638 357 2676 ὡμολόγησας,
386 2639 435 2666 κᾶν
465 2637 545 2675 θέλῃς
576 2637 649 2673 αὐτῷ
673 2649 698 2665 τι
720 2641 888 2676 προσθεῖναι,
914 2638 987 2675 λέγω

160 2682 194 2718 δή
213 2685 254 2719 τῷ
275 2683 346 2720 ἁγίῳ
368 2683 519 2719 Ιίνιόματι,
545 2682 594 2711 οὐκ
614 2681 727 2721 ἐφίεται·
741 2681 789 2710 κᾶν
807 2683 924 2720 θελήσῃς
941 2684 989 2722 ὑφ-

161 2726 244 2764 ελεῖν,
288 2728 397 2756 σεαυτὸν
434 2726 545 2758 ἀδικεῖς
587 2728 707 2765 ἀρκεῖται
742 2728 792 2766 γὰρ
823 2730 862 2764 τῷ
895 2728 988 2765 οἰκείῳ

199 2835 223 2853 ⁸⁸
237 2835 321 2866 Rem.
334 2843 384 2874 xu,
400 2836 428 2868 l.
465 2836 488 2855 υ
502 2836 578 2867 Paul.
594 2843 687 2873 mn,
702 2836 730 2866 6.

1038 946 1068 974 in
1085 954 1172 981 quem
1190 946 1355 982 baptizatus
1380 945 1434 976 es?
1463 945 1566 973 Utrum
1583 944 1662 972 enim
1688 944 1782 980 majus
1807 946 1861 977 est,

1038 991 1168 1018 adoratio
1185 999 1220 1018 an
1236 990 1418 1026 baptismus?
1431 990 1534 1017 Annon
1551 990 1580 1017 in
1595 989 1728 1016 confesso
1743 992 1798 1022 est,
1817 990 1862 1015 ad-

1038 1035 1200 1063 orationem
1217 1043 1281 1062 esse
1297 1034 1443 1070 baptismo
1460 1035 1600 1070 majorem
1611 1033 1625 1061 ?
1640 1033 1791 1069 Siquidem
1818 1042 1862 1060 ca.-

1039 1078 1205 1107 teohumeni
1222 1079 1345 1106 adorant
1359 1080 1474 1105 Patrem
1497 1080 1525 1106 et
1545 1077 1662 1112 Filium,
1688 1086 1740 1105 nec
1765 1081 1862 1105 tamen

1039 1123 1158 1160 perfecti
1174 1125 1253 1156 sunt,
1271 1122 1328 1150 nisi
1344 1122 1482 1158 baptizati
1499 1122 1608 1150 fuerint
1623 1123 1652 1149 in
1669 1122 1798 1150 momine
1814 1124 1864 1150 Pa-

1039 1169 1104 1201 tris,
1119 1170 1147 1196 et
1163 1167 1238 1201 Filii,
1255 1169 1283 1195 et
1298 1167 1425 1203 Spiritus
1448 1166 1552 1195 sancti.
1569 1167 1649 1200 Quod
1675 1166 1699 1194 si
1724 1167 1863 1194 catechu-

1040 1213 1116 1240 meni
1131 1221 1188 1240 non
1200 1214 1270 1239 sunt
1286 1212 1404 1247 perfecti
1431 1211 1590 1239 Christiani
1616 1210 1789 1247 priusquam
1815 1211 1865 1238 ba-

1040 1260 1198 1293 ptizentur,
1215 1256 1354 1293 baptizati
1369 1258 1467 1284 autem
1484 1256 1676 1291 perﬁciuntur
1694 1264 1701 1283 :
1718 1255 1867 1291 baptisma

1040 1303 1142 1338 utique
1159 1301 1346 1338 praestantius
1361 1303 1406 1329 est
1421 1300 1600 1335 adoratione,
1616 1301 1694 1336 quod
1711 1300 1863 1336 perfectio-

1039 1355 1106 1375 nem
1122 1347 1281 1374 tribuat.Et
1295 1346 1350 1374 hoc
1365 1348 1410 1374 est
1429 1355 1439 1369 ι
1449 1344 1621 1373 rationabile
1631 1348 1660 1372 et
1672 1344 1771 1372 vivens
1782 1346 1863 1372 0bse«

1039 1391 1140 1427 quium
1157 1393 1300 1425 nostrum,
1319 1400 1332 1415 «ι
1348 1390 1383 1417 de
1400 1397 1458 1425 quo
1473 1387 1650 1424 Apostolus:
1668 1399 1682 1412 α
1697 1388 1863 1415 Exhibeatis

1040 1444 1161 1472 corpora
1176 1438 1272 1463 vestra
1284 1434 1409 1462 hostiam
1426 1434 1790 1466 viventem,sanctam,Deo
1801 1432 1861 1468 pla-

1040 1483 1164 1512 centem.
1182 1479 1355 1507 rationabile
1371 1478 1545 1514 obsequium
1554 1479 1684 1505 vestrum
1700 1477 1732 1504 ³³.
1749 1487 1763 1502 ››
1776 1476 1861 1504 Exhi—

1040 1526 1159 1553 buimus
1166 1533 1250 1561 porro
1258 1522 1610 1558 ralionabileobsequium
1617 1521 1781 1557 consepulti
1788 1522 1864 1549 Chri-

1040 1574 1085 1600 sto
1102 1572 1130 1599 in
1144 1569 1375 1607 baptismo.lllud
1390 1577 1492 1606 ergo,«
1503 1568 1661 1596 Dominum
1676 1567 1768 1595 Deum
1779 1569 1862 1594 tuum

1040 1616 1187 1650 adorabis,
1203 1618 1231 1643 et
1245 1614 1288 1643 illi
1301 1614 1355 1642 soli
1377 1613 1494 1646 servies,
1513 1625 1523 1638 ι
1543 1612 1683 1648 baptismi
1699 1612 1862 1639 doctrinam

1039 1659 1162 1686 inducit.
1179 1659 1222 1686 Ad
1238 1658 1298 1686 haec
1319 1660 1418 1685 nostro
1440 1656 1559 1684 nomine
1579 1656 1635 1683 sibi
1659 1655 1715 1691 ipsi
1732 1655 1838 1691 objecit
1855 1664 1861 1682 :

1038 1704 1068 1732 Si
1086 1712 1179 1739 neque
1194 1703 1336 1731 Dominus
1347 1705 1401 1734 est,
1417 1709 1511 1737 neque
1526 1701 1614 1734 Deus,
1630 1707 1725 1736 neque
1741 1700 1863 1727 adoran-

1039 1750 1105 1784 dus,
1119 1757 1179 1784 qua
1206 1748 1317 1775 ratione
1352 1745 1488 1774 Trinitati
1512 1744 1764 1773 eonnumeratur?
1789 1744 1863 1771 Tum

1038 1794 1095 1821 sibi
1112 1792 1244 1829 reponit:
1260 1793 1495 1820 Connumeratur
1511 1790 1627 1818 nomine
1642 1788 1776 1823 Spiritus,
1806 1797 1862 1815 non

1038 1837 1143 1871 Patris,
1160 1846 1218 1865 non
1235 1836 1294 1869 Dei,
1308 1844 1365 1864 non
1388 1835 1462 1863 Filii.
1488 1835 1531 1862 Ita
1552 1837 1580 1862 et
1603 1837 1635 1861 tu
1658 1832 1783 1869 appella,
1810 1841 1862 1859 nec

1039 1883 1106 1919 plus
1134 1890 1222 1917 quam
1247 1881 1333 1908 habet
1354 1880 1478 1907 tribuas.
1507 1881 1565 1906 Sua
1591 1878 1639 1906 ille
1675 1878 1731 1905 sibi
1761 1877 1856 1913 digni-

1040 1930 1099 1955 tate
1118 1929 1273 1954 contentus
1290 1929 1343 1953 est.
1356 1925 1391 1952 Et
1401 1923 1536 1960 quamvis
1558 1923 1625 1959 plus
1641 1922 1766 1958 adjicere
1788 1921 1860 1948 velis

1039 1980 1127 2007 quam
1143 1971 1207 2007 ipse
1220 1970 1336 2005 habeat,
1353 1977 1411 1996 non
1428 1968 1456 1996 id
1473 1967 1521 1996 ille
1536 1966 1675 1995 admittit.
1705 1966 1768 1993 Non
1782 1965 1860 1993 enim

1039 2016 1134 2049 exiis,
1151 2015 1259 2051 quibus
1275 2017 1305 2041 tu
1336 2013 1493 2050 gloriﬁcas,
1523 2011 1634 2048 aliquid
1659 2011 1715 2039 sibi
1737 2010 1863 2038 assumit

1039 2063 1143 2096 praeter
1167 2059 1247 2087 illius
1271 2058 1487 2094 praescriptum;
1512 2056 1563 2092 qui
1591 2064 1621 2084 se
1647 2063 1702 2092 praa
1727 2054 1864 2083 omnibus

1038 2105 1179 2133 creaturis
1194 2103 1357 2132 honoravit.
1373 2103 1424 2130 Cui
1450 2111 1503 2131 nos
1520 2110 1526 2131 :
1552 2104 1736 2130 Connumera
1761 2108 1864 2128 omnes

1039 2151 1107 2177 item
1125 2149 1245 2186 angelos
1267 2148 1343 2176 Patri
1369 2150 1458 2183 atque
1482 2147 1564 2179 Filio,
1590 2153 1658 2174 eum
1684 2145 1812 2173 audieris
1828 2145 1863 2172 ab

1039 2194 1102 2230 ipso
1117 2194 1199 2222 Deo:
1227 2206 1236 2218 ι
1263 2194 1321 2229 Ego
1345 2192 1404 2220 dixi
1430 2201 1436 2219 :
1462 2191 1505 2218 Dii
1528 2190 1610 2226 estis,
1630 2192 1659 2217 et
1674 2189 1725 2217 ﬁlii
1754 2189 1864 2216 Excelsi

1039 2248 1141 2267 omnes
1156 2240 1188 2264 ει.
1204 2248 1216 2264 ι
1236 2240 1278 2266 An
1295 2237 1431 2274 spiritum
1454 2238 1589 2264 sanctum
1618 2235 1729 2263 bonum
1754 2233 1783 2261 in
1814 2242 1865 2260 no-

1040 2283 1130 2312 minis
1147 2283 1385 2311 communionem
1403 2288 1507 2309 vocare
1532 2288 1590 2308 non
1606 2278 1749 2315 dignaris,
1765 2278 1815 2313 qui
1831 2286 1864 2305 ex

1039 2328 1187 2356 concessis
1202 2327 1337 2355 homines
1353 2325 1465 2362 cogeris
1481 2328 1537 2353 er
1557 2331 1768 2352 connumerare
1781 2324 1791 2349 Ρ
1806 2323 1863 2349 Nos

1040 2375 1138 2401 autem
1152 2381 1209 2400 non
1224 2371 1337 2400 nomini
1348 2377 1596 2398 connumeramus
1612 2376 1619 2396 :
1636 2366 1709 2395 nihil
1719 2367 1748 2395 id
1765 2367 1864 2402 magni

1040 2420 1126 2450 esset,
1143 2417 1192 2445 sed
1218 2416 1274 2452 ipsi
1300 2418 1421 2449 natura,
1445 2416 1478 2442 ut
1500 2413 1639 2449 deinceps
1663 2411 1864 2443 ostendemus,

1041 2464 1195 2498 postquam
1214 2460 1312 2488 futiles
1327 2458 1473 2487 schedulee
1487 2460 1544 2485 tua:
1564 2465 1658 2493 nugas
1673 2456 1867 2484 confutaveri-

1042 2505 1196 2534 mus.Vere
1212 2508 1244 2532 ut
1259 2504 1302 2532 vel
1319 2504 1429 2542 invitus
1437 2502 1589 2531 confessus
1599 2501 1668 2536 es,ei
1676 2500 1747 2529 velis
1759 2499 1866 2535 aliquid

1042 2551 1109 2586 ipsi,
1126 2550 1237 2578 scilicet
1252 2548 1374 2584 Spiritui
1395 2551 1505 2587 spnclo,
1530 2546 1668 2582 adjicere,
1693 2544 1722 2572 id
1745 2544 1793 2572 ille
1810 2553 1867 2571 non

1043 2594 1191 2627 admittit;
1206 2593 1230 2621 si
1246 2593 1404 2625 demere,te
1419 2592 1491 2619 417
1512 2591 1575 2627 ipse
1590 2590 1745 2618 ladis.Sua
1759 2589 1867 2624 quippe

1044 2639 1185 2675 dignitate
1200 2639 1353 2665 contentus
1369 2636 1452 2667 est;si
1466 2639 1564 2663 tamen
1582 2633 1733 2670 dignitatis
1749 2641 1866 2663 nomen.

1043 2691 1109 2711 eum
1126 2684 1162 2711 de
1187 2682 1298 2718 Spiritu
1322 2680 1483 2717 loquimur,
1510 2686 1655 2715 usurpare
1680 2678 1757 2705 licet.
1784 2676 1864 2709 Quod

1044 2729 1142 2765 ipsum
1157 2728 1193 2756 de
1208 2727 1292 2755 Patre
1307 2728 1335 2754 et
1358 2725 1430 2754 Filio
1455 2723 1513 2752 dici
1538 2724 1646 2760 potest.
1672 2721 1771 2757 Neque
1786 2720 1864 2748 enim
