2043 3107
156 187 168 216 1
175 187 233 217 299

737 184 767 215 S.
791 182 1053 213 ATHANASIUS.
1070 198 1108 203 —
1128 181 1284 212 SPURIA.

1789 182 1870 213 1300
2040 159 2041 162 “

156 252 233 281 Patri
250 255 300 280 aut
315 251 386 280 Fiiio
407 251 518 287 aliquid
540 251 647 279 addere
669 253 762 287 potes,
792 252 843 278 aut
868 248 979 285 aliquid

1042 246 1181 283 ἰξιώματι.
1198 245 1272 285 ὕπερ
1288 244 1358 274 ἔστιν
1380 246 1424 275 ἐπὶ
1449 246 1605 284 Πνεύματος
1632 246 1738 284 ἀξίωμα
1762 246 1867 284 λέγειν.

157 297 230 333 ipsis
247 298 374 332 demere,
390 296 446 324 etsi
461 297 579 324 demere
602 295 674 324 velis
691 304 698 323 :
714 298 742 323 te
758 295 836 323 enim
858 293 922 330 ipse
937 293 984 321 la:-

159 342 214 369 dis.
231 341 336 369 Omnia
358 339 505 376 siquidem
535 339 662 376 perfecta
677 339 707 366 in
722 338 805 366 Patre
819 340 848 366 et
872 336 943 365 Filio
958 337 986 364 et

159 385 269 421 Spiritu
284 386 395 417 sancto,
412 383 546 420 nihilque
561 384 777 419 imperfectum,
794 384 826 410 ut
849 381 919 418 quid
934 389 984 408 ex-

159 429 305 457 trinsecus
321 431 510 462 assumatur;
522 436 556 456 ex
576 427 745 464 praescripto
762 427 839 455 enim
854 426 918 462 ejus
934 425 985 462 qui

160 477 227 502 ante
242 482 344 502 omnes
360 475 510 501 creaturas
527 475 574 500 est
589 472 759 505 honoratur,
777 474 808 499 ut
833 471 896 507 ipse
910 470 984 498 scri-

158 519 255 554 psisti,
271 527 304 547 eo
320 518 417 546 animo
435 520 465 545 ut
492 517 685 554 signiﬁcares,
711 525 768 544 non
797 524 862 544 esse
886 515 984 551 ipsum

157 563 221 598 ejus
237 562 379 598 Spiritum
394 562 425 589 in
441 562 481 589 rei
499 561 628 594 veritate,
645 561 696 588 sed
712 560 826 597 gratia;
842 559 984 595 quemad-

158 607 279 634 modum
294 609 323 634 et
339 606 388 634 alii
403 614 505 634 omnes
518 605 761 634 administratorii
785 604 916 640 quidem,
933 603 983 632 sed

158 660 215 679 non
232 653 347 686 natura,
362 651 427 686 ejus
441 650 564 686 spiritus
576 651 656 677 sunt.

193 741 221 767 7.
238 739 306 767 Post
320 740 381 767 haec
394 747 513 767 rursum
536 747 589 766 nos
604 746 639 766 ex
664 746 695 767 se
720 739 883 774 quaerentes
898 737 946 764 ind
953 746 984 764 u-

159 784 199 813 cit
215 793 222 812 :
239 784 301 812 Non
317 787 362 812 est
376 791 445 820 ergo
457 783 607 819 equaliter
617 782 808 811 honorandus
818 790 885 810 cum
902 782 986 810 Patre

159 831 188 857 et
202 827 273 856 Filio
289 828 416 864 Spiritus
431 829 552 855 sanctus
562 827 576 854 ‘I
586 826 842 863 ,Rursumquesibi
860 825 984 862 reponit:

159 873 351 908 Nequaquam
375 875 428 900 est.
451 872 551 908 Neque
572 871 651 899 enim
679 871 821 907 scriptum
851 871 904 899 hoc
930 872 984 898 est.

160 918 234 945 Nam
248 917 284 945 de
298 919 383 945 Patre
398 916 523 965 quidem.
535 918 564 944 et
584 915 655 967 F“ilio
680 916 824 951 scriptum
840 917 883 943 est
900 924 907 942 :
922 927 936 940 «
949 915 985 943 Ut
1003 935 1025 967 Β

159 961 352 990 honoriﬁcent
368 961 484 994 Filium,
500 960 576 988 sicut
592 960 787 988 honoriﬁcant
801 960 917 988 Patrem
934 960 985 987 ³⁵.»

159 1007 258 1042 Neque
274 1006 390 1040 dicitur,
408 1008 437 1033 et
463 1005 616 1042 Spiritum.
638 1005 712 1032 Tum
737 1013 791 1032 nos
815 1005 851 1032 ad
875 1004 959 1032 illum
977 1013 984 1032 :

160 1051 253 1078 Beata:
269 1058 354 1078 aures
369 1058 433 1086 quae
449 1057 500 1077 vos
516 1057 573 1077 non
589 1049 718 1084 audiere,
744 1051 772 1077 et
794 1048 898 1076 animas
921 1056 984 1085 qua}

159 1104 176 1123 a
190 1095 296 1124 vestris
312 1093 500 1123 sermonibus
515 1093 672 1122 vulneratae
698 1102 756 1121 non
782 1094 872 1122 fuere.
888 1093 986 1129 Ecqua

158 1148 226 1168 vero
242 1139 363 1173 ratione,
379 1139 404 1167 si
420 1147 477 1166 non
493 1138 630 1166 eumdem
647 1140 733 1174 putas
749 1137 920 1165 habendum
937 1136 986 1165 ho-

161 1192 261 1212 norem
278 1183 403 1220 Spiritui
419 1185 623 1219 sancto,quem
639 1182 718 1211 Patri
734 1185 822 1219 atque
839 1181 986 1218 Filio,pari

161 1237 228 1256 cum
245 1228 385 1265 (Spiritus
401 1228 505 1263 sancti)
520 1227 641 1261 honore,
658 1226 687 1254 in
712 1226 796 1254 illum
821 1227 986 1262 baptizatus

162 1273 214 1301 es?
227 1274 330 1301 Annon
345 1272 398 1300 tibi
413 1274 499 1300 Pater
514 1274 602 1308 atque
618 1270 709 1299 Filius
717 1270 906 1307 baptismatis
917 1279 984 1298 con-

161 1317 288 1345 fessione
302 1317 437 1345 videntur
453 1315 614 1344 honorari?
628 1316 658 1343 Si
673 1315 766 1343 honor
780 1324 813 1343 ca
829 1315 857 1343 in
874 1323 904 1343 re
920 1315 985 1342 nul-

160 1362 217 1396 lus,
233 1370 376 1398 quorsum
392 1360 591 1397 baptizamus?
605 1359 831 1396 Quaresiugulis
843 1359 922 1388 boris
934 1368 984 1396 ps-

161 1407 337 1439 riclitamur,
356 1408 388 1433 ut
401 1405 582 1442 baptismum
598 1413 749 1433 servemus
761 1404 985 1432 immaculatum

161 1451 314 1479 admrsum
331 1449 438 1478 diaboli
454 1449 576 1478 insidias
588 1448 777 1477 dimicantes?
790 1449 847 1477 Cur
863 1457 920 1477 non
932 1448 986 1476 tibi

163 1495 279 1523 videtur
292 1502 467 1531 quacunque
491 1494 588 1522 hostia
612 1492 797 1530 praastantior
819 1493 870 1521 illa
885 1501 985 1529 corpo-

162 1548 227 1567 rum
245 1541 415 1567 nostrorum
426 1538 578 1572 exhibitio,
603 1538 717 1567 dicente
742 1537 878 1574 Apostolo
895 1546 902 1565 :
922 1548 933 1562 ι
950 1537 986 1566 Ut

162 1583 325 1613 exhibeatis
338 1592 460 1619 corpora
475 1585 570 1611 vestra
591 1583 717 1611 hostiam
743 1582 897 1617 viventem,
921 1590 986 1610 san-

163 1632 252 1662 ctam,
268 1629 326 1657 Deo
341 1628 502 1664 placentem
515 1628 558 1655 s“i’
573 1639 588 1653 »
605 1627 707 1656 Omnis
731 1635 816 1664 porro
832 1627 928 1655 hostia
956 1626 986 1654 in

164 1673 214 1701 Dei
231 1673 370 1701 honorem
385 1673 517 1701 oﬂ‘ertur.
535 1672 613 1700 Hanc
634 1680 700 1700 vero
726 1671 803 1700 Patri
818 1675 847 1699 ct
873 1671 944 1700 Filio
960 1673 989 1699 et

163 1715 285 1753 Spiritui
300 1719 402 1745 sancto
420 1716 449 1744 in
471 1716 619 1752 baptismo
643 1717 732 1745 etiam
755 1716 918 1745 obtulimus
938 1716 988 1744 ho-

164 1762 263 1796 stiam,
280 1770 337 1790 non
354 1761 470 1789 diverso
485 1760 559 1795 loco,
576 1769 634 1789 non
649 1760 706 1789 alio
722 1761 808 1789 modo
833 1761 987 1789 honoravi—

166 1815 232 1835 mus
247 1806 362 1834 Patrem
379 1808 408 1834 et
422 1805 528 1833 Filium
544 1807 573 1834 et
588 1805 730 1842 Spiritum
746 1808 893 1834 sanctum.

199 1852 225 1878 8.
243 1850 366 1878 Perinde
380 1858 447 1878 vero
463 1858 496 1877 ac
512 1850 537 1878 si
553 1849 658 1878 fuisset
681 1858 698 1877 a
722 1848 806 1878 nobis
827 1849 988 1886 interroga-

164 1898 222 1929 tus,
239 1904 271 1924 se
288 1895 349 1931 ipse
364 1895 460 1923 denuo
476 1894 634 1929 interrogat
649 1902 656 1922 :
673 1894 747 1926 Quid
767 1902 835 1930 ergo
849 1894 863 1922 ?
877 1897 988 1922 creatu—

164 1948 265 1968 ramne
281 1939 355 1967 dicis
370 1939 512 1975 Spiritum
528 1938 679 1967 sanctum?
695 1938 754 1966 Erit
768 1938 858 1975 igitur
872 1938 920 1966 ille
932 1948 990 1967 una

161 1993 194 2012 ex
219 1983 385 2012 creaturis!
413 1984 486 2011 Tum
510 1983 566 2011 sibi
592 1983 655 2020 ipse
678 1983 836 2019 respondet
852 1991 858 2010 :
874 1983 903 2011 Si
917 1982 988 2011 scri-

162 2032 246 2065 ptum
269 2031 324 2063 est,
352 2028 479 2062 dico;si
510 2036 567 2056 non
593 2030 638 2056 est
664 2028 818 2064 scriptum,
839 2036 896 2055 non
912 2028 988 2056 dico.

164 2073 271 2101 Iterum
288 2075 384 2100 autem
401 2072 428 2100 id
445 2072 501 2100 sibi
526 2071 638 2107 objicit,
662 2072 747 2108 quasi
777 2080 794 2100 a
819 2072 903 2100 nobis
918 2071 988 2100 alla-

163 2120 228 2145 tum
246 2117 414 2152 :Scriptum
431 2118 486 2149 est,
500 2116 605 2152 inquit,
622 2128 635 2141 «
664 2116 694 2144 In
723 2116 786 2152 ipso
801 2119 897 2145 creata
921 2119 991 2145 sunt

161 2161 272 2190 omnia.
290 2171 304 2186 ι)
319 2161 393 2189 Tum
421 2160 475 2188 sibi
493 2161 556 2197 ipse
578 2160 734 2197 respondet
750 2169 757 2188 :
775 2163 811 2188 At
835 2169 892 2189 non
908 2170 990 2189 com-

162 2206 334 2234 munionem
351 2205 522 2233 habetcum
544 2205 682 2233 omnibus
706 2204 834 2241 Spiritus
857 2209 989 2241 sanctus,

161 2259 228 2278 cum
245 2250 284 2278 sit
302 2250 417 2277 unicus.
436 2249 534 2285 Neque
550 2249 629 2277 enim
643 2249 797 2277 nominum
822 2250 991 2278 communio

1038 293 1124 319 Τοῦτο
1140 289 1169 318 δὶ
1183 291 1228 318 καὶ
1241 290 1285 319 ἐπὶ
1299 294 1347 319 τοῦ
1365 292 1470 329 Πατρὸς
1484 292 1529 319 καὶ
1550 291 1593 318 ἐπὶ
1617 293 1665 319 τοῦ
1697 292 1769 319 Γῖοὖι
1799 291 1870 321 Οῧτε

1038 336 1089 374 γὰρ
1115 335 1269 374 προσθεῖναί
1296 346 1324 363 τι
1348 335 1413 373 δύνῃ
1439 338 1478 371 τῷ
1498 335 1642 373 Πατρὶκαὶ
1657 337 1697 372 τῷ
1714 336 1778 372 Υἱῷ,
1807 334 1870 363 οὔτε

1040 379 1149 420 ὑφελεῖν
1175 391 1211 415 τι,
1236 379 1284 408 κᾶν
1307 379 1389 419 Θὲλῃς
1411 380 1529 420 ὑφελεῖν·
1546 380 1655 408 σεαυτὸν
1671 380 1723 418 γὰρ
1752 379 1868 411 ἀδικεῖς·

1040 424 1097 452 ἐπεὶ
1112 425 1199 452 πάντα
1220 424 1312 453 τέλεια
1340 424 1384 453 ἐπὶ
1410 425 1527 463 Πατρὸς,
1556 425 1601 452 καὶ
1631 425 1707 457 fici),
1730 424 1776 452 καὶ
1791 425 1870 463 ἁγίου

1040 469 1208 506 Πνεῦματος,
1237 469 1282 497 καὶ
1311 468 1388 497 οὐδὲν
1417 468 1522 505 ἀτελὲς,
1552 469 1592 497 ἵνα
1614 469 1660 497 καὶ
1675 467 1869 506 προσλαὸηται

1040 513 1146 550 ἔξωθεν,
1163 516 1238 552 ’Όρῳ
1250 514 1301 553 γὰρ
1316 516 1364 542 τοῦ
1383 515 1437 552 πρὸ
1461 515 1550 549 πάσης
1572 514 1686 545 κτίσεως
1711 514 1868 550 τετίμηται,

1040 559 1077 590 ὡς
1092 559 1172 590 αὐτὸς
1185 559 1330 598 γέγραφας,
1357 558 1401 586 διὰ
1422 559 1520 587 τούτου
1537 562 1707 594 παραστῆσαι
1722 557 1809 586 θὶλων
1829 559 1869 595 μὴ

1041 604 1107 631 εῖναι
1124 603 1189 631 αὐτὸ
1202 603 1284 631 αὐτοῦ
1302 606 1410 640 Πνεῦμα
1425 605 1459 641 τῇ
1474 599 1599 639 ἀληθείᾳ,
1614 602 1687 632 ἀλλὰ
1700 605 1734 641 τῇ
1760 603 1867 641 χάριτι,

1039 647 1158 686 καθάπερ
1174 647 1219 675 καὶ
1233 648 1266 675 τὰ
1281 646 1353 676 ἄλλα
1368 649 1454 676 πάντα
1469 647 1656 686 λειτουργικὰ,
1670 647 1715 675 καὶ
1741 647 1772 675 οὐ
1788 648 1870 687 φύσει

1040 692 1105 721 εἰσὶν
1121 692 1204 721 αὐτοῦ
1218 693 1368 730 πνεύματα.

1074 739 1102 766 7.
1120 737 1191 775 Πρὸς
1219 737 1326 768 τούτοις
1355 737 1437 765 πάλιν
1464 738 1551 774 ἑαυτῷ
1566 737 1713 776 ἐπήγαγεν,
1731 738 1770 769 ὡς
1800 748 1868 774 mp,

1040 783 1120 819 ἡμῶν
1137 782 1209 818 αὐτῷ
1237 782 1391 819 εἰρημένον
1423 782 1481 811 Οὐκ
1504 781 1574 810 ἔστιν
1601 783 1646 810 οὖν
1664 782 1801 819 ὁμότιμον
1826 784 1868 818 τῷ

1041 826 1125 864 Πατρὶ
1150 826 1195 854 καὶ
1223 828 1263 862 τῷ
1287 827 1343 863 Υίῷ
1369 826 1400 854 τὸ
1426 829 1536 863 Πνεῦμα
1549 826 1581 854 τὸ
1596 826 1692 864 ἀγιον;
1711 826 1760 854 Καὶ
1786 826 1871 854 πάλιν

1041 871 1128 907 ἑαυτῷ
1155 870 1343 910 ἀποφαίνεταν
1374 871 1432 900 Οὐκ
1460 869 1540 898 ἔστιν·
1563 870 1656 906 ἐπειδή
1687 870 1749 899 οὖδὶ
1768 871 1868 909 γέγρα-

1040 926 1115 944 πται.
1133 915 1198 953 Περὶ
1216 916 1263 952 μὲν
1279 915 1329 954 γὰρ
1346 918 1393 943 τοῦ
1410 915 1514 953 Πατρὸς
1535 915 1579 943 καὶ
1603 917 1652 943 τοῦ
1681 916 1746 943 fio?)
1770 915 1870 953 γεγρα-

1040 970 1116 988 πται*
1145 973 1159 986 ιι
1188 962 1246 988 Ἵνα
1274 962 1375 997 τιμῶσι
1404 960 1450 987 τὸν
1481 960 1554 994 rte»,
1583 960 1674 992 καθὼς
1687 962 1790 996 τιμῶσι
1819 960 1868 987 τὸν

1041 1005 1155 1042 Πατέρα.
1172 1016 1187 1031 ››
1203 1005 1247 1039 Μὴ
1264 1004 1331 1041 εἶπε,
1347 1004 1391 1032 καὶ
1406 1004 1438 1032 τὸ
1455 1006 1574 1041 Πνεῦμα.
1592 1004 1663 1042 Πρὸς
1679 1007 1762 1032 ταῦτα
1786 1005 1871 1041 ἡμεῖς

1040 1050 1109 1088 πρὸς
1125 1048 1215 1077 αὐτόν’
1233 1049 1360 1087 Μακάρια
1370 1048 1403 1076 τὰ
1427 1049 1484 1077 ὦτα
1495 1049 1528 1076 τό.
1544 1050 1583 1086 μή
1605 1049 1756 1077 ἀκούσαντα
1782 1049 1871 1085 ὑμῶν,

1039 1095 1084 1122 καὶ
1100 1093 1184 1132 ψυχαῗ
1200 1094 1227 1121 αἱ
1243 1093 1424 1133 φυλαχθεῖσαι
1441 1093 1558 1132 ἄτρωτοι
1575 1094 1628 1121 ἀπὸ
1650 1096 1704 1121 τῶν
1731 1094 1870 1132 ὑμετέρων

1041 1137 1144 1177 λόγων.
1173 1137 1223 1167 Καὶ
1247 1140 1316 1172 πῶς,
1343 1138 1374 1166 οὐ
1399 1136 1579 1177 λογιζόμενος
1604 1138 1739 1175 ὁμότιμον
1756 1138 1873 1166 εἶναιτὸ

1041 1186 1150 1220 Πνεῦμα
1176 1185 1215 1219 τῷ
1241 1182 1336 1221 Πατρὶ,
1365 1182 1411 1210 καὶ
1437 1185 1478 1219 τῷ
1507 1183 1563 1219 Υἱῷ
1589 1183 1725 1220 ὸμοτίμος
1751 1183 1790 1214 εἰς
1805 1182 1872 1210 αὐτὸ

1043 1228 1176 1265 βατιτίζῃ;
1201 1228 1235 1255 Ἥ
1265 1227 1296 1255 οὗ
1322 1226 1396 1255 δοκεῖ
1419 1238 1462 1255 σοι
1486 1228 1615 1264 τιμᾶσθαι
1636 1227 1682 1255 τὸν
1699 1228 1805 1265 Πατὲρα
1825 1227 1872 1255 καὶ

1040 1273 1085 1300 τὸν
1110 1272 1171 1299 Υῖὸν
1199 1271 1234 1309 τῇ
1258 1271 1306 1299 τοῦ
1332 1272 1518 1309 βαπτίσματος
1544 1271 1701 1309 ὁμολογίας
1725 1272 1774 1299 Καὶ
1790 1271 1812 1299 εἰ
1832 1272 1871 1307 μή

1039 1317 1121 1344 τοῦτό
1149 1316 1217 1344 ἐστιν
1247 1318 1265 1352 ἡ
1294 1317 1374 1353 τιμή,
1403 1316 1429 1344 τί
1458 1316 1504 1344 καὶ
1537 1316 1742 1355 βαπτιζόμεθα;
1769 1315 1804 1344 Τί
1826 1316 1872 1343 καὶ

1040 1359 1229 1397 κινδυνεύομεν
1255 1363 1340 1387 πίσαν
1365 1359 1437 1396 ὥραν
1453 1359 1497 1387 ἐπὶ
1513 1362 1552 1396 τῷ
1566 1359 1681 1399 φυλάξαι
1707 1360 1738 1387 τὸ
1771 1359 1871 1398 βαπτι-

1041 1415 1096 1441 σμα
1125 1403 1254 1439 ἄσπιλον,
1279 1403 1475 1442 ἀγωνιζόμενοι
1499 1405 1568 1443 πρὸς
1591 1404 1639 1435 τὰς
1663 1403 1795 1441 μεθόδους
1822 1406 1873 1431 τοῦ

1041 1446 1189 1483 διαϐόλου;
1216 1450 1276 1480 Πῶς
1291 1447 1320 1476 δὲ
1336 1448 1366 1476 οὖ
1383 1447 1461 1476 δοκεῖ
1476 1459 1518 1476 σοι
1535 1449 1623 1484 πάσης
1639 1449 1734 1481 θυσίας
1748 1448 1872 1487 ἆνωτὲρα

1041 1492 1106 1520 εἶναι
1122 1494 1140 1528 ἡ
1163 1495 1218 1521 τῶν
1247 1492 1381 1530 σωμάτων
1406 1494 1487 1529 ἡμῶν
1513 1491 1691 1530 παράστασις,
1716 1494 1766 1519 τοῦ
1782 1492 1870 1520 Ἀπο-

1041 1537 1141 1565 στόλου
1169 1536 1307 1576 λέγοντος⁸
1336 1550 1349 1563 ιι
1374 1538 1468 1569 Ὀπως
1491 1538 1684 1574 παραστήσητε
1708 1538 1742 1564 τα
1757 1537 1872 1573 σώματα

1042 1582 1116 1619 ὑμῶν
1146 1581 1237 1615 ουσίαν
1265 1584 1361 1618 ζῶσαν,
1391 1581 1481 1620 ἁγίαν,
1514 1581 1653 1619 εὐάρεστον
1684 1580 1724 1617 τῷ
1747 1583 1827 1617 Θεῷ;
1857 1592 1872 1606 n

1003 1622 1024 1655 Ο
1043 1630 1118 1655 Πᾶσα
1146 1625 1175 1654 δὶ
1202 1628 1281 1663 θυσίᾳ
1310 1626 1348 1658 εἰς
1373 1626 1459 1663 τιμὴν
1489 1628 1557 1654 Θεοῦ
1579 1626 1690 1664 γίνεται.
1707 1626 1812 1661 Ταύτην
1842 1624 1872 1652 δὲ

1043 1671 1139 1709 Πατρὶ,
1156 1671 1200 1699 καὶ
1231 1672 1294 1707 rio,
1323 1671 1367 1698 καὶ
1391 1670 1459 1709 ἁγίῳ
1489 1670 1628 1708 Ιινεῦματι
1656 1670 1870 1708 προσηγάγομεν

1041 1716 1090 1743 κάν
1116 1715 1155 1752 τῷ
1182 1715 1358 1754 βαπτίσματι,
1388 1715 1438 1743 οὐκ
1461 1715 1487 1743 ὲν
1518 1714 1640 1754 διαφόρῳ
1659 1714 1747 1751 τόπῳ,
1764 1713 1828 1742 οὗδὶ
1844 1714 1871 1742 ἐν

1044 1760 1123 1797 ἄλλῳ
1137 1761 1232 1798 τρόπῳ
1246 1761 1410 1798 τιμήσαντες
1441 1760 1560 1796 Πατέρα,
1574 1759 1618 1787 καὶ
1635 1759 1709 1796 Υἱὸν,
1724 1759 1769 1786 καὶ
1794 1760 1871 1797 ἅγιον

1045 1806 1166 1842 Πνεῦμα.

1079 1852 1104 1878 8.
1123 1849 1171 1876 Καὶ
1187 1847 1225 1877 ἔτι
1243 1849 1336 1877 ἑαυτὸν
1351 1848 1448 1886 ἕρωτᾷ,
1465 1849 1502 1880 ὡς
1528 1849 1592 1887 παρ’
1616 1849 1696 1885 ἡμῶν
1724 1848 1872 1886 ἐπερωτώ-

1046 1903 1135 1931 μενος·
1164 1893 1194 1920 Τί
1220 1892 1285 1928 οὗν;
1311 1893 1401 1931 λέγεις
1424 1893 1457 1922 τὸ
1482 1893 1591 1929 Πνεῦμα
1613 1893 1734 1929 χτίσμας
1764 1892 1871 1921 Οὐκοῦν

1044 1937 1116 1966 ἔσται
1131 1940 1184 1966 τῶν
1214 1938 1369 1974 κτισμάτων
1394 1937 1431 1965 ἕν.
1457 1938 1521 1965 Εἶτα
1545 1937 1624 1968 αὐτὸς
1648 1938 1744 1973 ἑαυτῷ.
1761 1936 1795 1964 Ei
1822 1937 1870 1974 γέ-

1043 1992 1171 2020 γραπται,
1202 1981 1285 2020 λέγω·
1316 1981 1339 2010 εί
1364 1981 1393 2010 δὲ
1423 1982 1454 2009 οὗ
1478 1982 1638 2021 γέγραπται,
1659 1981 1690 2009 οὐ
1706 1981 1791 2019 λέγω.
1820 1981 1871 2009 Καὶ

1043 2027 1125 2055 πάλιν
1141 2027 1228 2063 ἑαυτῷ
1254 2026 1445 2065 ἀνθυποφέρει,
1471 2026 1509 2057 ὡς
1524 2026 1588 2064 παρ’
1615 2027 1697 2062 ἡμῶν
1727 2026 1870 2064 ἑπενεχθὶν

1044 2071 1127 2108 αὐτῷ,
1143 2071 1189 2099 καί
1204 2080 1280 2111 φησι·
1298 2070 1461 2109 Γέγραπται,
1483 2070 1525 2098 δτι
1543 2083 1557 2097 ιι
1585 2071 1629 2099 Ἐν
1661 2070 1735 2106 αὖτῷ
1761 2070 1871 2105 ίατίσθη

1042 2115 1076 2144 τὰ
1091 2116 1185 2145 πάντα.
1210 2128 1223 2142 ››
1253 2116 1302 2143 Καὶ
1327 2116 1407 2147 αὐτὸς
1422 2116 1519 2152 ἑαυτῷ·
1537 2114 1614 2144 Ἀλλ’
1630 2114 1661 2142 οὐ
1676 2117 1871 2142 κοινοποιιῖται

1043 2163 1101 2191 τοῖς
1117 2163 1181 2188 πᾶσι
1199 2158 1344 2197 μοναδικὸν
1360 2158 1388 2186 ὅν
1403 2160 1434 2187 τὸ
1464 2159 1539 2198 ἅγιον
1570 2160 1690 2196 Πνεῦμα.
1717 2158 1757 2188 Οὔ
1784 2159 1837 2196 γὰρ
1851 2160 1870 2194 ἡ

1044 2205 1172 2240 κοινότης
1199 2207 1253 2232 τῶν
1284 2203 1382 2240 λέξεων
1412 2206 1608 2232 κοινοποιεῖται
1625 2204 1671 2235 τὰς
1694 2203 1795 2243 φύσεις·
1813 2203 1872 2231 ἐπεὶ

1047 2248 1097 2286 ἄρα
1112 2249 1244 2286 ὁμοτιμία
1273 2249 1299 2276 ἓν
1325 2251 1384 2280 τοῖς
1413 2248 1568 2285 χτίσμασιν.
1602 2249 1697 2285 Ἡμεῖς
1729 2246 1758 2275 δὲ
1786 2248 1870 2276 πάλιν

158 2294 406 2324 communionem
422 2294 505 2322 ail‘ert
521 2296 693 2322 naturarum
711 2303 717 2322 :
735 2293 866 2331 alioquin
889 2303 985 2323 omnes

1045 2294 1112 2332 πρὸς
1125 2295 1218 2321 ταῦτα·
1248 2293 1278 2320 Et
1307 2290 1391 2331 φόϐον
1420 2294 1485 2321 Θεοῦ
1515 2295 1594 2336 εἶχενΔ
1618 2293 1635 2327 ὴ
1651 2290 1749 2330 καρδία
1761 2302 1821 2327 σου,
1839 2292 1870 2320 οὖ

159 2342 298 2368 creatura:
315 2339 448 2374 ejusdem
471 2341 570 2367 essent
588 2338 753 2375 dignitatis.
782 2339 823 2367 Ad
851 2338 912 2367 haec
934 2348 987 2368 nos

160 2385 268 2412 iterum
285 2392 292 2411 :
309 2382 339 2411 Si
355 2383 487 2411 timortm
504 2383 553 2411 Dei
568 2392 617 2411 cor
634 2386 718 2411 tuum
734 2383 864 2418 haberet,
881 2392 988 2420 nequa-

160 2437 249 2465 quam
266 2427 435 2463 scripsissot
451 2427 605 2459 malitiam,
629 2427 679 2455 sed
705 2426 818 2455 sincere
833 2427 903 2462 quid
920 2436 986 2456 sen-

160 2473 218 2501 tias
242 2473 363 2500 diceres.
391 2472 453 2500 Non
478 2472 569 2499 audes
597 2480 681 2508 porro
705 2471 811 2505 dicere,
836 2481 892 2500 non
909 2473 985 2507 quod

160 2517 263 2551 Deum,
281 2517 331 2545 sed
349 2517 425 2553 quod
447 2517 564 2545 turbam
588 2519 713 2552 metuas,
737 2517 985 2553 quemadmodum

159 2561 313 2596 Pharismi,
331 2561 380 2597 qui
397 2561 544 2597 baptisma
554 2561 677 2589 Joannis
695 2561 842 2589 undenam
858 2561 986 2589 essctdi-

163 2615 227 2635 cere
243 2615 301 2634 non
317 2606 473 2634 audebunt.
486 2606 527 2633 Tu
545 2613 611 2632 vero
628 2608 761 2633 metuens
777 2614 832 2633 non
846 2605 924 2637 siles,
935 2606 984 2633 sed

158 2651 273 2679 clamas
289 2659 295 2678 :
312 2651 346 2678 ad
362 2659 412 2678 eos
428 2658 513 2686 porro
533 2649 643 2677 clamas
665 2650 716 2685 qui
741 2649 830 2685 probe
867 2652 986 2683 norunt,

162 2696 233 2732 quid
264 2695 302 2723 sit
331 2707 341 2719 ι
371 2702 514 2722 venenum
546 2693 682 2729 aspidum
725 2694 779 2721 sub
817 2693 903 2722 labiis
940 2702 986 2722 eo-

157 2748 223 2768 rum
238 2740 288 2766 ³⁷.»
310 2738 448 2767 Pharisaei
465 2741 562 2766 autem
576 2737 619 2766 sic
635 2737 712 2774 apud
728 2745 759 2766 se
776 2738 987 2767 ratiocinaban-

195 2847 216 2865 ³⁸
228 2847 315 2876 Joan.
330 2854 358 2874 ν.
372 2845 417 2875 23.
456 2846 478 2864 ³⁸
493 2845 577 2874 Rom.
593 2853 643 2882 xu,
662 2845 686 2874 1.
725 2845 746 2862 ³⁷
763 2844 840 2875 Psal.
857 2852 919 2882 xui,
937 2846 964 2874 3.

1044 2339 1159 2377 γέγραφε
1176 2337 1318 2376 πονηρίαν,
1334 2336 1399 2365 ἀλλ’
1413 2336 1439 2372 ἐξ
1456 2336 1559 2369 εὐθείας
1581 2334 1681 2375 ἔλεγες,
1699 2336 1714 2364 ὅ
1735 2336 1869 2376 ἐφρόνιις.

1042 2380 1120 2420 Φοϐᾖ
1146 2381 1175 2410 δὲ
1201 2382 1296 2418 ιῗπεῖν,
1322 2381 1353 2410 οὗ
1379 2382 1424 2410 τὸν
1441 2381 1506 2410 Θεὸν
1523 2380 1705 2421 φοϐούμενος,
1735 2380 1810 2409 ἀλλὰ
1823 2382 1868 2409 τὸν

1042 2426 1139 2466 ὄχλον,
1155 2427 1192 2458 ὡς
1209 2427 1234 2454 οἱ
1251 2429 1395 2465 Φαρισαῖοι
1410 2426 1442 2454 τὸ
1466 2426 1606 2464 βάπτισμα
1630 2425 1755 2454 Ἰωάννου
1780 2423 1869 2464 φοϐη-

1042 2473 1129 2503 θέντες
1154 2471 1250 2506 εἰπεῖν,
1274 2470 1356 2503 πόθεν
1381 2471 1490 2513 ἤν.](αὶ
1505 2468 1677 2511 φοϐούμενος
1693 2470 1724 2498 οὖ
1752 2473 1869 2506 σιωπᾷς,

1041 2515 1114 2544 ἀλλὰ
1131 2517 1207 2554 βοᾷς·
1227 2516 1291 2554 βοᾷς
1307 2514 1335 2543 δὲ
1349 2518 1407 2546 τοῖς
1422 2514 1517 2550 εῗδόσι,
1533 2514 1560 2543 τί
1576 2515 1658 2552 ἐστιν,
1681 2527 1695 2542 ιι
1719 2515 1761 2546 te;
1786 2515 1868 2543 ἆσ-κί-

1042 2559 1095 2588 δων
1113 2560 1164 2588 ὐπὸ
1192 2560 1224 2588 τὰ
1249 2559 1333 2599 χείλη
1350 2559 1448 2588 αὐτῶν.
1466 2571 1480 2585 n
1497 2559 1546 2587 Καὶ
1560 2559 1611 2598 γὰρ
1627 2558 1814 2598 διελογίσαντο
1843 2560 1870 2587 οἱ

1042 2608 1197 2643 Φαρισαῖοι·
1217 2617 1231 2631 ιι
1249 2605 1309 2633 Ἐὰν
1327 2603 1459 2642 ε’διιωμεν,
1475 2604 1519 2640 Ἐξ
1535 2603 1660 2641 οὐρανοῦ,
1678 2604 1744 2642 ἰρει·
1771 2606 1820 2632 Διὰ
1844 2604 1871 2631 τί

1042 2648 1087 2677 οὖν
1105 2649 1154 2677 οὐκ
1169 2648 1341 2677 ἐπιστεύσατε
1355 2649 1430 2685 αὖτῷ
1443 2658 1450 2683 ς
1466 2649 1512 2676 καὶ
1535 2648 1578 2675 ἐὰν
1605 2648 1736 2685 εἶπωμεν,
1767 2649 1811 2685 Ἐξ
1826 2649 1871 2677 ἆν-

1041 2694 1169 2733 Θρώπων,
1186 2692 1343 2732 φοϐούμεθα
1357 2694 1403 2722 τὸν
1419 2692 1515 2731 ὄχλον.
1533 2705 1548 2719 ››
1562 2695 1647 2721 Τοῦτο
1662 2693 1706 2721 καὶ
1721 2693 1802 2725 αὐτὸς
1813 2692 1871 2721 δια-

1043 2738 1154 2776 λογίζῃ.
1185 2738 1245 2767 Ἐὰν
1275 2736 1406 2775 εἴπωμεν,
1436 2738 1493 2767 Οὐκ
1520 2737 1575 2766 ἔστι
1613 2737 1725 2775 κτίσμα,
1765 2737 1867 2775 ἐροῦσι·
