2043 3107
168 180 242 210 1301

697 182 853 213 CONTRA
876 180 1073 211 MACEDON.
1098 181 1293 215 DIALOGUS
1316 185 1342 217 l.

1792 188 1804 217 Ι
1810 189 1869 219 302

166 247 215 274 Διὰ
238 245 265 274 τί
290 246 336 273 οὗν
362 245 392 274 οὗ
416 250 577 284 προσκυνεῖς
603 247 693 284 exitii);
708 247 768 275 Ἐὰν
786 246 868 281 εἴπω,
883 245 989 282 Κτίσμα

1047 249 1094 275 tur
1111 256 1117 276 :
1134 260 1148 273 «
1165 249 1196 277 Si
1222 249 1394 285 dixerimus,
1410 250 1430 278 E
1446 250 1527 284 ccelo,
1549 251 1626 279 dicet
1651 253 1735 280 nobis
1752 262 1758 281 :
1776 254 1869 287 Quare

166 288 305 329 φοϐοῦμαι
319 290 364 319 καὶ
378 292 424 319 τὸν
441 289 539 330 ὄχλον.
556 293 585 321 '0
610 293 662 330 γὰρ
687 291 753 323 λαὸς
779 292 847 322 ἅπας
878 288 989 318 λιθοϐο-

165 334 257 371 λήσει,
273 336 358 372 ἡμᾶς,
373 335 575 373 ἀποταξάμενος
587 339 621 374 τῇ
637 337 734 370 κτίσει,
759 337 803 364 καὶ
828 335 989 372 συνταξάμε-

164 390 210 411 νος
245 380 343 418 Πατρί,
370 381 415 408 καὶ
443 381 508 418 Υἱῷ,
536 382 581 409 καὶ
607 381 677 420 ἁγίῳ
712 381 858 418 Πνεύματι.
886 380 916 407 Τί
943 378 988 407 οὖν

164 427 270 459 ποιεῖς;
287 425 391 462 κτίσμα
409 425 495 464 λέγων
510 426 636 465 κρύπτεις
652 427 698 454 τὸν
727 425 817 461 δόλον,
851 425 897 452 καὶ
925 424 989 452 αὐτὸ

163 470 369 505 κατασκευάζεις
400 469 525 508 εἴρηκώς·
557 470 636 499 Ἀλλ’
656 470 687 498 οὐ
714 473 907 499 κοινοποιεῖται
930 472 989 500 τοῖς

163 517 239 549 πᾶσι,
259 513 403 552 μοναδικὸν
420 514 461 550 ὅν,
476 515 508 543 τὸ
524 516 602 553 ἅγιον
617 517 739 552 Πνεῦμα.
755 515 791 542 Οὐ
809 515 860 553 γὰρ
884 515 900 541 ἦ
931 524 989 541 κοι-

163 559 247 594 νότης
274 562 328 587 τῶν
358 559 456 595 λέξεων
486 563 682 588 κοινοποιεῖται
709 559 758 589 τὰς
787 559 887 598 φύσεις.
915 558 989 586 Ἐπεὶ

165 603 217 642 ἄρα
231 603 304 631 ἔσται
319 603 452 640 ὁμοτιμία
472 603 498 632 ἐν
512 607 571 636 τοῖς
587 604 739 641 κτίσμασιν·
757 603 772 631 δ
796 604 862 631 ἐστι’
885 602 989 639 Κτίσμα

167 649 214 685 μὲν
244 648 327 682 ἐστιν,
357 648 407 676 οὐκ
427 648 483 676 ἔστι
499 648 528 676 δὲ
542 649 676 686 ὁμότιμον
692 652 749 680 τοῖς
766 648 919 684 κτίσμασιν,
945 648 989 678 Ὦς

166 693 189 721 εἰ
218 691 296 731 ἔλεγὲ
318 702 369 725 τις·
398 694 429 722 Ὁ
453 693 533 728 ἥλιος
558 692 704 730 μοναδικόν
720 693 790 721 ἐστιν
806 693 914 730 ἄστρον,
944 692 988 719 καὶ

166 738 216 766 οὐκ
243 736 313 765 ἔστιν
341 737 475 774 ὁμότιμον
499 740 558 769 τοῖς
583 737 704 776 ἀστράσι.
732 739 788 767 Πᾶν
805 737 901 775 ἄστρον
918 736 988 764 ἐστὶν

165 782 349 821 ἠμεροφανὲς,
364 781 412 810 κᾶν
427 783 465 819 μή
482 786 671 818 κοινοποιῆται
685 785 744 813 τοῖς
759 781 855 813 ἄλλοις
870 781 988 818 ἄστροις.

165 828 216 855 Καὶ
230 826 256 855 τί
272 827 343 855 ἐστιν
357 824 531 864 ἀσεϐέστερον
545 830 595 854 τοῦ
611 827 695 855 εὶπεῖν
717 826 818 863 κτίσμα
843 827 875 854 τὸ
904 828 1001 854 Ιῐνεῦ-”

167 883 205 910 μα
231 872 263 900 τὸ
292 872 378 910 ἅγιον,
408 871 533 909 λεγοντος
562 874 610 899 τοῦ
640 872 714 907 Υῒοῦ,
744 871 785 899 ὅτι
818 884 828 896 α
858 871 914 899 οὐκ
931 870 990 898 ἐστέ

167 916 245 954 ὑμεῖς
260 916 286 943 ot
315 915 472 952 λαλοῦντες,
498 915 571 943 ἀλλὰ
598 916 629 943 τὸ
649 914 761 952 Πνεῦμα
774 917 823 943 τοῦ
840 915 944 953 Πατρὸς
958 915 989 942 τὸ

163 960 270 989 λαλοῦν
300 960 326 988 ἐν
355 961 430 997 ὑμῖν.
459 972 473 986 ››
503 960 590 988 Αὐτοῦ
613 960 788 998 λέγονταςτὸ
805 961 914 996 Πνεῦμα
941 962 989 987 τοῦ

169 1006 279 1044 Ῑῐατρὸς
292 1008 370 1039 εἶναι,
385 1005 417 1033 σὺ
444 1007 502 1036 πῶς
523 1005 622 1042 κτίσμα
647 1005 711 1033 αὑτὸ
736 1004 842 1043 λιγειςς
874 1006 936 1036 Πῶς
962 1003 991 1031 δὲ

163 1049 215 1078 οὐκ
229 1050 336 1081 ἀκούεις
350 1052 399 1077 τοῦ
421 1050 526 1088 Πατρὸς
547 1048 688 1087 λέγοντος·
715 1062 728 1075 ι‹
757 1050 800 1077 Ἔν
827 1052 887 1080 ταῖς
912 1048 991 1087 ἐσχά-

163 1105 224 1126 ταις
238 1095 355 1132 ὴμὲραις
370 1094 459 1132 ἐκχεῶ
474 1094 527 1122 ἀπὸ
543 1094 592 1122 τοῦ
608 1093 765 1131 Πνιύματός
793 1104 844 1130 μου
870 1093 914 1121 ἐπὶ
937 1096 989 1120 πᾶ-

166 1150 214 1167 σιν
229 1140 323 1177 σάρκαο
342 1151 356 1164 ›ι
372 1139 417 1166 καὶ
433 1138 482 1167 ἔτι·
499 1151 513 1165 (ι
539 1137 608 1166 Ἰδοὺ
625 1140 638 1166 6
656 1140 725 1170 Παῖς
747 1149 799 1175 μου
814 1139 829 1166 6
852 1137 990 1174 ἐκλεκτὸς,

167 1184 206 1215 εἷς
223 1183 252 1212 ὅν
267 1182 410 1219 εὐδόκησεν
425 1185 442 1219 ὴ
459 1185 535 1221 ψυχη
554 1193 616 1220 μου’
638 1184 712 1218 θήσω
739 1183 771 1211 τὸ
797 1182 907 1219 Πνεῦμα
936 1193 991 1218 μου

169 1229 212 1257 ἕπτ’
239 1228 339 1263 αὖτόνς
382 1241 392 1254 ιι
425 1228 473 1256 Καὶ
503 1228 571 1266 πρὸς
597 1227 705 1258 τούτοις
731 1228 745 1255 6
776 1227 877 1265 Πὲτρος
905 1225 989 1264 λέγει·

165 1275 258 1310 Ὑμεῖς
287 1272 428 1300 ἐπίστασθε
455 1272 487 1300 τὸ
508 1272 653 1311 γενόμενον
679 1271 755 1310 ῥῆμα
774 1272 834 1304 καθ’
846 1271 914 1306 ὅλης
942 1274 992 1306 τῆς

169 1316 310 1349 ἰουδαίας-
348 1317 496 1355 ἆρξάμενον
531 1318 581 1355 γὰρ
610 1316 662 1344 ἀπὸ
690 1315 837 1347 Γαλιλαίας
868 1316 934 1352 μετᾶ
961 1316 992 1343 τὸ

171 1363 322 1400 βάπτισμα,
339 1361 354 1389 ὅ
370 1361 495 1399 ἐκήρυξεν
514 1361 654 1396 Ἰωάννης,
674 1361 780 1396 Ἰησοῦν
794 1360 839 1387 τὸν
868 1360 921 1387 ἀπὸ
936 1363 990 1387 Να-

170 1407 258 1445 ζαρὲτ,
275 1406 312 1437 ὡς
327 1405 434 1444 ἔχρισεν
461 1405 540 1433 αὐτὸν
572 1406 585 1432 6
607 1406 671 1436 Θεὸς
697 1404 835 1441 Πνεύματι
859 1403 928 1443 ἁγίῳ
946 1404 991 1432 καὶ

168 1450 292 1488 δυνάμει.
320 1462 334 1476 ι)
350 1452 420 1488 Ἃρα
432 1452 472 1487 τῷ
487 1450 582 1478 ἑαυτοῦ
598 1450 724 1486 κτίσματι
739 1449 845 1487 χρίεται
872 1450 885 1476 6
911 1449 991 1484 Υἱός;

167 1495 216 1524 Καὶ
245 1498 304 1527 πῶς
333 1495 383 1523 οὑκ
403 1494 519 1530 ἀνόητον
547 1495 630 1522 εἰπεῖν
658 1496 756 1529 τοῦτο;
775 1493 822 1521 Καὶ
838 1493 917 1524 αὐτὸς
933 1492 961 1521 δὲ
978 1494 991 1521 6

167 1541 228 1572 Υἱὸς
243 1539 323 1578 λὲγει·
341 1552 355 1566 (‹
377 1541 487 1576 Πνεῦμα
502 1539 603 1577 Κυρίου
619 1538 662 1566 ἐπ’
675 1539 734 1575 ἐμὲ,
751 1538 782 1566 οὗ
797 1536 885 1566 ’ἕνεκεν
915 1536 991 1576 ἔχρι-

169 1585 199 1613 σὲ
224 1595 267 1622 με.
289 1584 517 1622 Εὐαγγελίσασθαι
533 1586 657 1621 πτωχοῖς
672 1582 823 1611 ἀπέσταλκὲ
839 1593 882 1619 με.
902 1594 915 1607 ιι
940 1581 991 1610 Καὶ

1045 300 1114 328 ergo
1130 302 1186 321 non
1211 295 1379 323 credidistis
1394 295 1434 322 illi
1449 295 1462 322 ?
1476 295 1504 322 Si
1520 297 1618 323 autem
1643 296 1814 331 dixerimus,
1830 298 1869 326 Ex

1046 337 1214 366 hominibus
1229 340 1385 367 :timemus
1399 340 1571 367 turbamah
1587 340 1628 368 Ita
1638 349 1704 369 vero
1717 344 1779 370 tute
1790 343 1868 378 apud

1044 384 1072 409 te
1088 383 1273 411 ratiocinaris
1290 392 1296 411 :
1313 384 1343 412 Si
1359 384 1596 419 dixerimus,Non
1611 387 1656 412 est
1670 387 1868 420 creatura,di—

1044 429 1111 454 cent
1126 435 1133 454 :
1150 429 1244 460 Quare
1267 437 1337 465 ergo
1353 437 1411 456 non
1428 429 1533 457 adoras
1556 429 1640 457 illum
1652 430 1666 457 *ἲ
1680 430 1731 458 Sin
1757 431 1867 464 dixero,

1044 470 1183 499 Creatura
1198 475 1253 507 est,
1269 474 1356 501 timeo
1367 476 1396 501 et
1410 481 1463 509 ego
1478 474 1606 501 turbam.
1623 475 1724 503 Omnis
1740 484 1868 511 namque

1045 516 1171 552 populus
1195 517 1339 553 lapidabit
1363 526 1426 552 nos,
1444 518 1494 554 qui
1515 521 1656 546 creaturas
1679 520 1865 556 renuntiavit,

1045 561 1231 597 adhaeretque
1242 562 1406 597 Patri,Filio
1417 565 1446 590 et
1454 562 1575 598 Spiritui
1587 566 1697 591 sancto.
1710 564 1783 596 Quid
1797 573 1865 600 ergo

1044 605 1139 634 facis?
1159 606 1328 634 Creaturam
1350 615 1417 635 cum
1442 607 1526 642 dicis,
1553 607 1652 635 dolum
1677 608 1815 642 occultus,
1832 609 1865 637 il-

1042 649 1153 686 ludque
1168 659 1292 687 apparas
1307 660 1374 679 cum
1391 652 1464 679 dicis
1482 660 1488 679 :
1504 653 1540 679 At
1555 660 1613 679 non
1628 653 1865 681 communionem

1044 694 1132 723 habet
1147 703 1213 723 cum
1231 696 1369 724 omnibus
1385 695 1510 732 Spiritus
1527 699 1656 732 sanctus,
1669 705 1734 724 cum
1751 697 1790 725 sit
1801 698 1867 725 uni-

1044 747 1106 766 cus.
1123 739 1221 775 Neque
1234 740 1312 767 enim
1329 741 1483 768 nominum
1498 741 1668 769 communio
1684 742 1866 769 communio-

1045 792 1110 811 nem
1127 784 1210 812 aﬂ'ert
1233 787 1418 813 naturarum.
1434 785 1512 813 Alias
1536 785 1644 821 quippe
1659 794 1761 814 omnes
1787 794 1866 814 crea-

1044 830 1115 855 tura;
1129 828 1279 864 dignitatis
1308 830 1440 864 ejusdem
1457 832 1556 858 essent
1572 838 1578 857 :
1594 830 1648 858 hoc
1663 832 1717 866 est,
1733 833 1867 859 creatura

1045 872 1164 908 quidem
1180 876 1234 907 est,
1252 882 1307 901 non
1325 877 1423 902 autem
1439 875 1560 910 aequalis
1575 876 1713 903 creatura)
1729 878 1799 904 sunt
1814 876 1864 903 bo-

1045 917 1134 945 noris.
1159 920 1199 945 Ac
1225 918 1249 946 si
1274 918 1384 946 diceret
1406 918 1514 955 aliquis
1535 927 1542 947 :
1567 919 1616 947 Sol
1645 919 1793 955 singulare
1822 923 1866 947 est

1043 963 1230 996 astrum,nec
1244 971 1343 999 parem
1360 971 1426 991 cum
1442 972 1474 991 eo
1490 963 1662 1000 dignitatem
1678 964 1787 992 habent
1803 965 1864 992 aliae

1044 1006 1145 1034 stellas.
1161 1006 1255 1034 Omne
1270 1007 1353 1034 sidus
1368 1007 1398 1034 in
1414 1007 1461 1035 die
1475 1007 1562 1042 lucet,
1579 1008 1694 1036 etiamsi
1711 1017 1866 1037 commune

1045 1051 1117 1079 nihil
1134 1051 1241 1079 habeat
1254 1060 1321 1079 cum
1337 1052 1448 1080 caeteris
1473 1052 1571 1080 astris.
1589 1055 1686 1089 Ecqua
1701 1054 1795 1089 major
1810 1055 1866 1081 im-

1046 1095 1139 1131 pietas
1154 1104 1242 1132 quam
1259 1098 1423 1124 creaturam
1440 1096 1536 1124 dicere
1552 1097 1628 1125 478
1644 1097 1786 1133 Spiritum
1802 1107 1870 1126 san-

1046 1142 1136 1172 ctum,
1153 1148 1220 1168 cum
1236 1140 1315 1168 dicat
1331 1140 1420 1169 Filius
1438 1149 1444 1168 :
1461 1152 1474 1165 α
1491 1141 1554 1169 Non
1568 1141 1647 1169 enim
1664 1151 1716 1170 vos
1730 1142 1801 1170 estis
1818 1144 1869 1178 qui

1045 1184 1212 1220 loquimini,
1227 1185 1277 1213 sed
1293 1185 1420 1221 Spiritus
1445 1185 1538 1213 Patris
1553 1186 1652 1220 vestri,
1670 1186 1721 1223 qui
1739 1186 1871 1222 loquitur

1046 1229 1075 1256 in
1091 1229 1173 1257 vobis
1188 1229 1239 1255 ³ο.»
1251 1230 1322 1257 Cum
1334 1230 1411 1258 dicat
1421 1229 1494 1266 ipse,
1510 1230 1650 1266 Spiritum
1664 1231 1758 1259 Patris
1773 1232 1870 1267 ipsum

1046 1282 1121 1308 esse,
1138 1282 1190 1301 cur
1205 1275 1236 1301 tu
1252 1276 1416 1301 creaturam
1433 1274 1536 1301 dicas?
1547 1274 1605 1302 Cur
1615 1275 1729 1302 Patrem
1746 1283 1803 1302 non
1820 1284 1871 1303 au-

1046 1318 1093 1345 dis
1109 1318 1253 1345 dicentem
1270 1326 1276 1345 :
1294 1329 1307 1342 α
1326 1318 1356 1345 In
1373 1317 1540 1346 novissimis
1555 1318 1659 1346 diebus
1675 1318 1823 1347 etIundam
1837 1321 1872 1347 de

1046 1362 1157 1399 Spiritu
1182 1371 1245 1390 meo
1261 1371 1349 1398 super
1364 1370 1482 1391 omnem
1504 1371 1622 1391 carnem
1638 1363 1669 1397 ‘°,
1687 1374 1701 1388 ››
1717 1363 1846 1399 itemque
1864 1373 1869 1391 :

1048 1418 1062 1432 ‹‹
1078 1408 1148 1435 Ecce
1163 1409 1238 1435 Puer
1252 1415 1336 1435 meus
1350 1407 1503 1439 electus,in
1520 1414 1607 1442 quem
1623 1408 1799 1444 complacuit
1814 1409 1869 1436 sibi

1047 1454 1146 1479 anima
1157 1459 1221 1479 mea
1235 1460 1242 1479 :
1254 1459 1360 1488 ponam
1372 1451 1513 1487 Spiritum
1525 1460 1623 1480 meum
1635 1460 1725 1489 super
1736 1460 1802 1480 eum
1815 1454 1870 1479 ιιι»

1046 1496 1088 1524 Ad
1105 1496 1165 1523 haec
1182 1496 1283 1524 Petrus
1307 1496 1349 1524 ait
1365 1506 1371 1526 :
1388 1507 1402 1521 ‹‹
1420 1498 1477 1524 Vos
1502 1496 1584 1525 scitis
1600 1498 1676 1532 quod
1701 1497 1809 1525 factum
1827 1500 1871 1525 est

1047 1542 1166 1569 verbum
1182 1549 1234 1577 per
1249 1541 1414 1569 universam
1429 1541 1562 1570 Judaaam
1576 1550 1582 1569 :
1603 1542 1746 1578 incipiens
1759 1543 1837 1570 enim
1854 1551 1871 1570 a

1047 1585 1164 1614 Galilaza
1180 1588 1246 1621 post
1262 1586 1441 1621 baptismum
1457 1586 1535 1622 quod
1552 1586 1721 1622 pradicavit
1731 1589 1870 1622 Joannes,

169 1631 183 1657 6
210 1630 311 1667 Πὲτρος
341 1628 370 1657 δὲ
393 1628 419 1657 ἐν
443 1631 502 1659 ταῖς
528 1628 642 1667 Πράξεσι
665 1630 718 1655 τῶν
734 1627 894 1655 ἀποστόλων
920 1626 989 1664 λέγει

1046 1629 1147 1657 Jesum
1164 1639 1181 1657 a
1197 1629 1328 1665 Nazaret,
1345 1630 1493 1665 quomodo
1517 1630 1601 1658 unxit
1615 1639 1681 1658 eum
1704 1631 1781 1659 Deus
1808 1631 1871 1667 Spi-

167 1684 266 1705 ουτως·
293 1688 306 1699 «ι

167 1718 331 1757 ἐπαγγελίαν
360 1720 408 1746 τοῦ
437 1717 514 1756 ἁγίου
544 1717 701 1754 Πνεῦμα-τος
727 1714 820 1745 λαϐὼν
847 1716 919 1754 παρᾶ
942 1718 990 1744 τοῦ

166 1763 274 1802 Πατρὸς
289 1762 381 1801 ἐδιχεε
394 1765 486 1798 τοῦτο,
503 1762 518 1790 6'
534 1763 611 1798 ὑμεῖς
627 1762 752 1800 βλέπετε·
765 1761 809 1789 καὶ
838 1761 957 1789 ἀκούετε.
976 1774 986 1788 ιι

166 1810 238 1846 ’Δρα
266 1807 282 1835 ὅ
310 1807 390 1838 αὐτὸς
414 1806 511 1841 ἔκτισε,
541 1804 674 1844 λαμϐάνει
703 1806 776 1844 παρὰ
798 1808 847 1833 τοῦ
863 1806 988 1844 Πατρός;

166 1853 211 1881 καὶ
227 1852 277 1880 οὐκ
290 1852 368 1891 ἔσχεν
383 1851 501 1888 ἆξουσίαν
516 1853 565 1879 τοῦ
594 1851 689 1878 ἑαυτοῦ
716 1850 881 1887 κτίσματος
911 1849 991 1878 Ἀλλ’

336 1675 378 1711 Τῇ
406 1672 478 1709 δεξιᾷ
504 1673 550 1700 οὗν
567 1675 616 1700 τοῦ
640 1675 707 1700 Θεοῦ
733 1672 857 1709 ὑψωθεὶς,
885 1672 934 1706 τὴν
963 1671 993 1699 δὲ

164 1898 246 1934 ἐρεῖςθ
276 1900 374 1932 Μεῖζον
403 1897 449 1924 οὗν
463 1896 518 1924 ἐστι
533 1896 564 1923 τὸ
582 1897 692 1932 Πνεῦμα
706 1896 737 1923 τὸ
753 1896 829 1933 ἅγιον
843 1897 891 1923 τοῦ
908 1896 988 1929 Υἱοῦς
1008 1921 1013 1925 ,

165 1941 383 1981 ’Λποκρινόμεθά
406 1952 448 1969 σοι
477 1940 578 1968 τοίνυν·
597 1941 640 1975 Μή
654 1940 781 1978 γένοιτοί
798 1938 893 1971 Οὐδεὶς
909 1940 989 1976 ἡμῶν

162 1988 245 2014 τοῦτο
261 1986 344 2025 λέγει.
360 1985 438 2014 Ἀλλ’
453 1983 506 2013 ἔδει
524 1984 615 2019 αὐτὸν,
632 1983 714 2012 δούλο
738 1985 845 2021 μορφὴν
862 1981 990 2019 λαϐόντα,

162 2031 300 2070 χρίεσθαι,
328 2030 380 2058 οὐκ
407 2028 445 2057 ἔτι
476 2029 561 2066 ἐλαίῳ
588 2031 627 2065 τῷ
651 2029 718 2057 κατὰ
730 2029 762 2056 τὸ
777 2028 891 2056 παλαιὸν
907 2038 988 2055 κατα-

162 2074 355 2112 σκευαζομένῳ
379 2074 567 2112 προστάγματι
595 2075 673 2106 Θεοῦ,
703 2072 766 2100 ἀλλ’
795 2072 880 2109 ἐλαίῳ
904 2072 988 2110 ἀγαλ-

163 2120 281 2151 λιάσεως
308 2120 380 2157 παρὰ
407 2118 471 2150 τοὺς
508 2118 653 2156 μετόχους.
681 2130 694 2143 ‹‹
726 2117 784 2153 Διὰ,
809 2117 870 2155 γὰρ,
897 2119 989 2152 τοῦτο,

163 2166 244 2205 φησὶν
261 2165 275 2192 6
292 2161 388 2198 Λαϐἴδ,
404 2162 497 2202 ἔχρισέ
512 2173 540 2190 σε
566 2163 580 2189 6
597 2162 671 2197 Θεὸς,
688 2162 702 2189 6
726 2161 790 2192 Θεός
815 2172 872 2195 σου,
898 2160 989 2189 ἔλαιον

163 2209 353 2249 ἀγαλλιάσεως
363 2209 436 2245 παρὰ
450 2207 513 2239 τοὺς
526 2205 661 2244 μετόχους
672 2217 730 2235 σου.
744 2219 755 2232 υ
765 2223 799 2227 -
810 2218 823 2232 ιι
839 2206 887 2233 Διὰ
897 2208 989 2239 τοῦτο,

163 2248 244 2283 ποῖον
259 2264 266 2289 ;
279 2254 332 2288 ὅτι,
347 2253 413 2284 Θεὸς
429 2252 465 2280 ὥν
481 2252 526 2280 καὶ
542 2252 613 2287 Υἱὸς,
636 2251 744 2290 μορφὴν
766 2249 866 2278 δούλου
882 2248 988 2279 ἔλαϐεν.

1047 1674 1103 1702 ritu
1133 1677 1233 1703 sancto
1258 1677 1286 1702 et
1301 1676 1408 1702 virtute
1423 1675 1456 1702 ⁸².
1472 1684 1485 1700 η
1504 1675 1600 1703 Suane
1623 1675 1714 1711 igitur
1739 1679 1872 1703 creatura

1048 1719 1168 1755 ungitur
1193 1718 1284 1747 Filius
1296 1719 1310 1747 ‘?
1325 1720 1428 1747 Annon
1453 1719 1551 1747 insani
1567 1721 1612 1747 est
1634 1719 1706 1747 illud
1734 1720 1871 1747 etl‘utire?

1045 1763 1109 1800 Ipse
1124 1766 1221 1791 autem
1239 1763 1330 1791 Filius
1345 1763 1386 1791 ait
1399 1773 1424 1793 ;‹‹
1441 1764 1569 1800 Spiritus
1583 1763 1698 1792 Domini
1714 1773 1802 1800 super
1814 1773 1869 1797 me,

1044 1816 1078 1835 eo
1089 1808 1166 1844 quod
1181 1809 1295 1836 unxerit
1306 1816 1363 1836 me.
1379 1808 1583 1845 Evangelizare
1598 1809 1775 1845 pauperibus
1791 1809 1871 1836 misit

1046 1861 1091 1881 me
1106 1853 1136 1880 ⁸⁸.
1155 1862 1166 1876 ι
1182 1855 1286 1881 Petrus
1309 1861 1376 1881 vero
1392 1853 1452 1881 hac
1468 1853 1509 1881 ait
1533 1853 1564 1880 in
1580 1853 1700 1880 Actibus
1721 1853 1868 1889 apostolo-

1045 1905 1110 1924 rum
1126 1905 1132 1924 :
1152 1909 1162 1921 ι
1180 1897 1301 1925 Dextera
1324 1896 1414 1933 igitur
1429 1897 1479 1925 Dei
1502 1897 1646 1925 exaltatus
1665 1905 1672 1924 :
1689 1899 1717 1924 et
1742 1898 1869 1932 promis-

1044 1942 1126 1970 sione
1141 1941 1267 1978 Spiritus
1282 1941 1374 1969 sancti
1391 1944 1510 1977 accepta
1525 1950 1542 1969 a
1556 1941 1650 1977 Patre,
1666 1941 1770 1969 eﬂ‘udit
1792 1942 1869 1969 hunc

1044 1995 1131 2022 quem
1148 1995 1198 2013 vos
1215 1986 1320 2013 videtis
1336 1988 1364 2013 et
1379 1986 1489 2013 auditis
1498 1986 1530 2003 “'
1548 1997 1562 2010 »
1576 1986 1689 2022 Ergone
1704 1993 1791 2021 quem
1808 1987 1869 2021 ipse

1045 2030 1184 2062 condidit,
1206 2029 1267 2065 ipse
1285 2038 1302 2056 a
1318 2029 1400 2057 Patre
1424 2028 1561 2065 accepit?
1576 2036 1670 2065 neque
1694 2031 1869 2064 potestatem

1044 2074 1148 2102 habuit
1162 2074 1190 2101 in
1217 2076 1381 2101 creaturam
1399 2082 1483 2101 suam
1497 2075 1508 2101 ἲ
1522 2074 1558 2101 At
1576 2073 1655 2101 dices
1672 2082 1678 2101 :
1696 2073 1787 2109 Major
1802 2082 1870 2109 ergo

1045 2119 1173 2155 Spiritus
1189 2118 1261 2146 Filio
1276 2120 1287 2146 Ρ
1300 2118 1523 2154 Respondemus
1534 2118 1600 2145 tibi:
1618 2118 1718 2146 Absitl
1731 2118 1869 2145 Nostrum

1044 2171 1130 2190 nemo
1154 2163 1182 2190 id
1212 2162 1292 2190 dicit.
1310 2163 1364 2190 Sed
1394 2162 1523 2198 oportuit
1553 2170 1633 2195 eum,
1649 2170 1716 2190 cum
1745 2162 1870 2191 formam

1044 2207 1120 2235 servi
1136 2207 1307 2244 accepisset,
1326 2207 1396 2244 ungi
1415 2215 1472 2235 non
1490 2206 1538 2235 illo
1555 2207 1674 2243 quidem
1698 2207 1869 2243 oleo,jussu

1044 2252 1093 2279 Dei
1111 2252 1180 2280 olim
1197 2255 1369 2288 pneparaio,
1387 2252 1437 2279 sed
1455 2251 1517 2280 oleo
1539 2251 1645 2279 laetitiis
1660 2260 1718 2288 prae
1733 2253 1872 2280 consorti-

165 2300 234 2333 bus.
253 2309 266 2325 ι
282 2301 440 2334 Propterea
454 2298 545 2330 enim,
562 2296 632 2324 dicit
656 2296 757 2330 David,
776 2296 859 2323 unxit
874 2298 902 2323 te
931 2296 1015 2331 Deus,
1031 2296 1109 2324 Deus
1125 2299 1203 2330 tuus,
1229 2296 1290 2324 oleo
1312 2296 1416 2324 laetitiae
1443 2304 1500 2332 prae
1525 2296 1710 2324 consortibus
1733 2296 1792 2325 tuis
1807 2298 1838 2323 η.
1855 2309 1868 2321 υ

164 2361 199 2365 -
215 2356 229 2369 ιι
247 2345 412 2380 Propterea,
429 2352 443 2367 »
460 2341 530 2378 quid
547 2342 614 2369 est?
629 2341 699 2377 quia
714 2340 854 2368 nimirum
872 2348 937 2367 cum
956 2340 1030 2369 Deus
1045 2343 1122 2369 esset
1137 2344 1164 2370 et
1181 2341 1282 2376 Filius,
1298 2341 1422 2369 formam
1438 2340 1513 2368 servi
1528 2340 1651 2376 accepit.

198 2399 228 2426 9.
247 2395 357 2431 Ἐπειδὴ
374 2394 403 2423 δὶ
418 2393 695 2433 προεπηγγειλᾶμεθα
710 2392 844 2421 δεικνύναι
859 2394 890 2421 τὸ
902 2394 987 2422 Πνεῦ-

1076 2396 1103 2422 9.
1120 2396 1363 2431 Quandoquidem
1379 2397 1477 2423 autem
1487 2394 1629 2431 Spiritum
1642 2396 1777 2422 sanctum
1793 2395 1869 2430 ejus-

163 2453 201 2479 μα
229 2441 261 2469 τὸ
290 2441 367 2478 ἅγιον
391 2441 442 2473 τῆς
467 2438 549 2473 αὐτῆς
570 2437 675 2477 φύσεως
702 2438 730 2465 ὅν
757 2438 842 2476 Πατρὶ
861 2438 906 2465 καὶ
922 2438 986 2474 Υἱῷ,

159 2485 320 2517 ἀκολούθως
343 2483 472 2522 διάλογον
498 2483 528 2511 ἐκ
550 2482 597 2510 ’δύο
613 2482 766 2520 προσώπων
784 2482 987 2519 ἐνστησάμενοι,

159 2533 243 2559 τοῦτο
265 2529 349 2565 δεῖξαι
378 2527 585 2564 σπουδάσωμεν,
616 2526 661 2554 σὺν
691 2526 815 2563 εὐμενείᾳ
844 2526 989 2554 αὐτοῦτοῦ

161 2575 331 2612 Ιίνεῦματος.
349 2572 530 2611 Συντυχόντες
545 2572 596 2599 τινὶ
611 2574 664 2599 τῶν
679 2571 712 2598 τὰ
726 2571 793 2599 αὐτὰ
807 2574 846 2606 τῷ
857 2570 988 2609 γράψαντι

158 2620 192 2648 τὸ
230 2618 373 2657 σχεδάριον
411 2617 595 2657 φρονούντων,
635 2615 738 2655 ἔφημεν
779 2615 875 2647 οὕτως.
901 2616 989 2647 Μόνος

161 2663 236 2702 ἔχειν
262 2664 312 2698 τὴν
343 2662 485 2690 ἀθανασίαν
516 2660 621 2699 εἷ’ρηται
646 2662 660 2689 6
685 2661 750 2692 Θεὸς
765 2661 891 2697 παράτῷ
907 2661 988 2689 Ἀπο‹

163 2708 265 2745 στόλῳ·
295 2721 305 2734 ι
332 2709 363 2738 ‘O
389 2707 469 2744 μόνος
493 2707 556 2745 γὰρ,
581 2707 671 2745 φησὶν,
689 2706 747 2745 ἔχει
763 2706 915 2741 ἀθανασίαν,
932 2708 989 2745 φῶς

1042 2440 1108 2468 dem
1124 2443 1210 2476 atque
1235 2443 1320 2468 Pater
1335 2443 1363 2468 et
1387 2439 1479 2468 Filius
1495 2447 1559 2467 esse
1574 2441 1686 2466 natura:
1710 2448 1800 2475 supra
1815 2449 1868 2467 nos

1042 2485 1296 2513 demonstraturos
1309 2484 1605 2520 promisimus,restat
1619 2485 1651 2511 ut
1666 2483 1791 2511 duarum
1804 2493 1867 2520 per-

1043 2537 1182 2557 sonarum
1210 2528 1346 2557 instituto
1375 2528 1502 2564 dialogo,
1524 2527 1597 2555 illud
1624 2528 1734 2564 ipsum,
1757 2529 1870 2557 favente

1044 2574 1129 2601 nobis
1144 2574 1275 2609 ejusdem
1293 2573 1419 2609 Spiritus
1431 2573 1536 2609 gratia,
1552 2573 1705 2601 ostendere
1720 2575 1870 2610 aggredia-

1044 2626 1120 2645 mur.
1137 2618 1165 2645 Si
1183 2618 1249 2654 quis
1273 2618 1362 2654 igitur
1378 2618 1461 2645 nobis
1484 2625 1518 2645 ex
1533 2625 1635 2645 eorum
1650 2625 1773 2646 numero
1798 2619 1869 2645 forte

1044 2663 1212 2696 occurrerit,
1229 2662 1279 2698 qui
1292 2670 1358 2690 cum
1376 2662 1518 2698 scriptore
1533 2661 1623 2697 hujus
1639 2661 1784 2689 schedulss
1801 2670 1867 2688 sen-

1043 2707 1132 2740 tiunt,
1147 2706 1188 2734 ita
1203 2706 1287 2734 illum
1304 2706 1489 2742 alloquemur
1503 2714 1511 2734 :
1527 2706 1611 2734 Solus
1626 2705 1703 2734 Deus
1718 2705 1870 2733 immorta-

203 2818 226 2837 ³⁸
240 2818 343 2847 Matth.
367 2825 425 2853 ui,
449 2817 494 2845 26.
511 2851 518 2853 Ξ
533 2815 558 2834 ²⁰
581 2815 681 2853 Matth.
705 2824 733 2853 x,
749 2817 794 2845 20.
833 2817 855 2835 ιο
877 2816 941 2845 Joel
956 2824 987 2851 ιι,

1044 2836 1049 2844 .
1088 2816 1109 2834 ⁸¹
1129 2816 1182 2844 lea.
1200 2823 1267 2850 XLII,
1287 2816 1311 2843 1.
1351 2815 1374 2833 ι’
1387 2816 1450 2843 Act.
1472 2821 1500 2847 x,
1516 2813 1562 2849 37,
1576 2813 1621 2841 38.
1659 2812 1683 2830 ⁸⁸
1696 2812 1753 2842 lea.
1768 2820 1822 2848 LXI,
1842 2813 1865 2841 Ι.

165 2854 190 2874 ⁸⁸
204 2838 439 2892 [tetigi-1235"“
450 2838 531 2882 Fin-al.
542 2838 661 2888 x1576:
