2043 3107
175 153 188 182 1
196 152 255 183 303

711 176 717 181 .
753 154 785 183 S.
812 152 1074 183 ATHANASIUS.
1090 168 1129 174 —
1144 151 1298 183 SPURIA.

1585 4 1606 12 ε·
1676 4 1862 40 ’πῖ-Ἣ

1804 153 1883 184 1304

175 219 285 247 litatem
301 219 408 247 habere
419 218 454 246 ab
468 218 604 254 Apostolo
615 218 723 247 dicitur
735 228 741 247 :
755 231 769 244 «
780 219 866 247 Solus
878 219 967 251 enim,
987 230 1000 243 »ι

1060 217 1141 245 οἲκῶν
1173 215 1331 255 ἀπρόσιτον.
1360 231 1370 246 ι
1400 217 1503 248 Manes.
1533 218 1593 247 Ναί.
1623 219 1696 256 ’ορθ.
1712 219 1829 257 Ἔχουσι
1853 218 1884 247 δὶ

174 264 282 300 inquit,
311 274 325 289 «
341 263 430 291 habet
451 263 715 298 immortalitatem,
741 263 836 291 lucem
861 263 999 291 habitans

174 308 407 336 iuseoessibilem
433 308 465 335 ⁸⁸.
490 319 504 333 »
528 308 626 337 Macati.
653 309 758 336 Etiam.
785 308 860 337 Orth.
888 308 1001 336 Habent

174 344 306 381 eamdem
323 355 351 380 et
366 352 472 389 angeli,
484 354 513 380 et
529 353 722 390 principatus,
740 356 768 381 et
784 354 954 389 potestates,
971 355 1000 381 et

174 397 283 431 throni,
313 399 342 425 et
370 397 608 426 dominationes?
636 397 734 426 Μαεεά.
767 398 891 425 Habent.
917 397 998 426 Orth.

175 443 325 475 Quomodo
341 442 431 479 igitur
444 442 525 470 solus
539 445 613 471 Deus
629 442 880 470 immortalitatem
892 441 1000 469 habet?

173 486 272 515 Maced.
299 487 373 520 Quia
395 487 472 516 Deus
497 488 559 524 ipse
583 490 628 515 est
652 487 877 520 immortalitas;
903 486 1000 522 angeli

173 540 251 564 vero,
267 531 432 568 archangeli
449 534 477 560 et
492 532 622 560 cmlestia
637 532 746 565 omnia,
768 530 1001 559 immortalitatis

174 575 406 613 participatione,
434 576 612 605 immortalia
631 578 711 604 sunt.
733 576 812 605 Orth.
829 575 921 604 Filius
948 575 999 603 Dei

174 621 300 648 habetne
314 620 592 649 immortalitatem?
606 620 797 649 Maced.Plane
813 620 998 649 babet.0rth.

173 665 313 701 Nunquid
329 667 361 692 ut
385 665 479 699 Pater,
495 674 529 693 an
556 667 589 693 ut
612 665 740 694 scelestis
753 667 764 692 Ρ
777 665 877 693 Maced.
895 665 929 693 Ut
944 666 999 692 Pal-

174 711 226 738 ter.
245 710 324 738 Orth.
342 710 492 742 Quomodo
508 710 600 747 igitur
622 710 703 738 solus
728 710 811 738 Pater
826 709 914 737 habet
941 709 999 736 im-

175 753 406 782 mortalitatem?
425 755 528 783 Illaced.
554 754 624 786 Quia
649 754 814 782 substantia
837 753 902 781 Filii
925 752 999 782 nihil

174 806 295 835 prorsus
323 797 414 826 variat
443 807 460 827 a
488 799 655 827 substantia
685 798 786 827 Patris.
810 798 892 827 Orth.
910 797 999 826 Filius

175 851 253 879 ergo,
271 842 391 879 perinde
406 845 439 870 ut
455 845 549 878 Pater,
565 843 646 871 solus
670 843 747 871 Deus
763 842 870 870 dicitur
884 844 1002 878 propter

176 888 349 916 invariatam
372 888 582 917 substantiam.
601 888 698 916 Maced.
717 888 823 916 Eodem
851 887 937 915 modo
954 886 1000 915 Fi-

177 932 250 960 lium
266 934 295 960 et
310 932 422 960 Patrem
439 931 690 960 immortalitatem
708 932 814 960 habere
830 932 904 959 dico.
923 931 998 959 Orlh.

179 977 309 1005 Habetne
322 985 389 1005 vero
405 978 434 1005 et
448 976 574 1012 Spiritus
589 979 710 1004 sanctus
725 976 978 1004 immortalitatem
989 975 1004 1003 ‘I

179 1021 276 1050 Maced.
294 1021 395 1049 Habet.
412 1021 494 1050 Orth.
511 1021 623 1049 Siccine
648 1021 745 1055 habet,
763 1023 795 1048 ut
811 1021 893 1048 Pater
911 1023 940 1048 et
955 1019 1003 1048 Fi~

177 1066 246 1100 lius,
262 1075 298 1094 an
315 1068 347 1094 ut
361 1065 455 1102 angeli
471 1067 500 1093 et
515 1066 697 1102 principatus
712 1068 740 1093 et
756 1068 925 1102 potestates,
935 1073 1000 1100 par-

175 1110 346 1147 ticipatione
368 1112 397 1138 et
421 1110 651 1147 gratiaPMaced.
678 1110 716 1138 Ut
740 1110 824 1138 Pater
848 1111 876 1137 et
901 1109 1002 1137 Filius.

175 1156 254 1186 Orth.
271 1155 411 1192 Ejusdem
426 1162 495 1191 ergo
519 1163 551 1183 ao
568 1157 652 1183 Pater
666 1157 693 1183 et
722 1154 811 1183 Filius
835 1156 944 1182 natum
960 1154 1005 1182 est

1053 262 1099 289 καὶ
1124 262 1150 289 οἱ
1174 263 1297 301 ἄγγελοι,
1321 264 1366 291 καὶ
1389 264 1484 302 ἀρχαὶ,
1509 263 1554 291 καὶ
1577 263 1704 300 ἆξουσίαι,
1717 264 1809 302 θρόνοι
1836 264 1883 291 καὶ

1053 306 1234 345 κυριότητεςς
1251 307 1353 336 Μακεδ.
1372 308 1435 336 Ναί.
1450 309 1514 346 Ορθ.
1531 310 1592 340 Πῶς
1610 307 1655 336 οὗν
1673 308 1756 345 μόνος
1778 309 1793 336 6
1819 309 1885 340 Θεὸς

1056 348 1113 389 ἔχει
1127 352 1177 386 τήν
1195 352 1356 388 ὶθανασίανς
1375 351 1479 382 Μακεδ.
1496 354 1555 380 ’Ότι
1576 353 1591 380 6
1614 353 1678 384 Θεὸς
1707 353 1788 384 αὐτός
1814 352 1886 381 ἰστιν

1055 397 1072 431 ἡ
1102 396 1239 424 ἀθανασία·
1267 397 1293 424 οἱ
1319 396 1347 425 δὲ
1374 397 1486 436 ἄγγελοι
1511 400 1618 436 μετοχῇ
1644 397 1709 425 εἰσιν
1741 398 1885 429 ἀθανασίας

1056 440 1192 476 ἀθάνατοι,
1215 441 1260 469 καὶ
1285 442 1311 469 οἱ
1339 441 1520 480 ἁρχάγγελοι,
1542 442 1588 470 καὶ
1613 442 1697 470 πάντα
1716 442 1750 470 τὰ
1765 442 1886 480 ἐπουρά-

1054 495 1108 513 νια.
1126 486 1200 523 Ὀρθ.
1217 485 1269 514 Καὶ
1285 487 1299 514 ὁ
1315 486 1377 518 Υἱὸς
1392 488 1441 514 τοῦ
1456 489 1524 514 Θεοῦ
1540 486 1598 525 ἔχει
1615 487 1770 521 ἀθανασίαν,
1798 487 1815 521 ἢ
1832 485 1886 521 οῦ;

1056 528 1159 559 Manes.
1191 530 1240 557 Καὶ
1262 530 1341 559 πάνυ.
1365 531 1428 567 ορθ.
1455 531 1548 562 οὕτως
1573 531 1611 562 ὡς
1635 532 1649 558 6
1676 531 1780 569 Πατὴρ,
1805 532 1822 566 ἢ
1847 531 1887 562 ὡς

1055 575 1089 602 τὰ
1103 574 1266 613 ἐπουράνιας
1290 574 1394 604 Μακεδ.
1420 576 1464 606 Ὠς
1490 576 1504 603 ὁ
1529 576 1633 613 Πατήρ.
1659 576 1731 614 Ὀρθ.
1758 578 1821 607 Πῶς
1838 575 1887 603 οὖν

1057 618 1140 656 μόνος
1153 619 1167 646 6
1183 620 1276 658 Ηατήρ
1293 619 1351 658 ἔχει
1366 620 1416 655 τὴν
1433 620 1577 652 doctu-risv
1591 629 1599 655 ;
1616 619 1718 649 Μακεό.
1736 622 1797 648 ’Ότι
1813 620 1885 648 ἀπα-

1055 663 1211 701 ράλλακτός
1226 664 1281 692 ἐστι
1297 665 1356 692 κατ’
1371 664 1461 692 οὐσίαν
1477 666 1491 692 ὁ
1520 665 1583 696 Υἱὸς
1611 665 1651 700 τῷ
1682 665 1776 703 Πατρί.
1810 665 1886 703 Ὀρθ.

1055 707 1145 740 Μόνος
1161 709 1207 736 οὗν
1224 709 1288 740 Θεὸς
1305 709 1319 736 6
1334 709 1408 744 Υἱὸς,
1425 709 1462 741 ὡς
1477 710 1521 737 καὶ
1538 710 1553 737 6
1577 710 1681 747 Πατὴρ,
1707 709 1814 747 λέγεται
1841 708 1888 737 διὰ

1054 752 1086 779 τὸ
1113 752 1323 791 ἀπαράλλακτον
1351 757 1402 788 τῆς
1427 754 1540 789 οὖσίας;
1569 753 1673 783 Maus.
1696 754 1792 785 03m):
1808 752 1887 792 ἔχειν

1054 796 1103 831 τὴν
1125 797 1265 825 ἀθανασίαν
1281 798 1327 826 τὸν
1343 798 1405 826 ria»
1423 798 1528 835 ὁμοίως
1543 801 1583 834 τῷ
1606 798 1691 836 Πατρὶ
1707 798 1792 836 λεγω.
1809 799 1887 835 Ὀρθ.

1054 842 1133 879 ’Ἐχει
1155 852 1184 869 τε
1209 842 1253 870 καὶ
1277 843 1309 870 τὸ
1334 845 1445 880 Πνεῦμα
1456 843 1487 871 τὸ
1504 843 1578 881 ἅγιον
1594 843 1639 870 καὶ
1654 844 1703 878 τήν
1720 842 1867 875 ἀθανασίαν
1882 853 1889 878 ;

1057 885 1160 915 Μακεδ.
1187 887 1276 925 Ἔχει.
1302 887 1374 925 Ὀρθ,
1396 887 1488 918 Οὕτως
1512 886 1570 926 ἔχει
1594 887 1633 919 ὡς
1657 888 1671 915 ὸ
1697 889 1791 925 Πατὴρ
1811 889 1858 915 καὶ
1875 888 1889 915 ὁ

1055 931 1129 966 Υἱὸς,
1144 931 1162 966 ἢ
1179 931 1216 963 ὡς
1233 930 1358 970 ἄγγελοι,
1373 931 1419 959 καὶ
1434 932 1530 970 ἀρχαὶ,
1550 932 1596 960 καὶ
1621 932 1748 968 ἐξουσίαι,
1779 934 1889 970 μετοχῇ

1056 974 1103 1003 καί
1128 975 1242 1013 χάριτι;
1266 976 1368 1005 Μαχεδ.
1391 979 1434 1008 Ὠς
1456 977 1470 1004 ὁ
1494 977 1599 1015 Πατὴρ,
1620 977 1665 1004 καὶ
1690 977 1704 1005 ὁ
1719 976 1793 1008 Υἱός.
1810 977 1887 1014 Ὀρθ.

1058 1021 1116 1054 Τῆς
1144 1020 1228 1055 αὐτῆς
1253 1019 1304 1057 ἄρα
1329 1021 1435 1061 φύσεώς
1459 1020 1514 1049 ἐστι
1531 1021 1616 1058 lla-cpi
1631 1021 1676 1049 καὶ
1692 1021 1748 1058 ι·ιῷ
1762 1021 1796 1049 τὸ
1811 1022 1889 1060 ἅγιον

1059 1065 1189 1101 Πνεῦμα;
1212 1064 1315 1094 Manus.
1341 1066 1385 1101 Μὴ
1410 1065 1516 1104 γένοιτο
1530 1067 1537 1095 l
1559 1067 1632 1104 Ὀρθ.
1650 1065 1707 1095 Οὐκ
1722 1064 1760 1094 ἔτι
1777 1066 1824 1093 οὖν
1840 1066 1891 1102 μό-

1056 1118 1103 1140 νος
1118 1109 1132 1136 6
1156 1109 1220 1140 Θιὸς
1245 1110 1302 1147 ἔχει
1326 1111 1377 1145 τὴν
1394 1110 1548 1140 ἀθανασίαν,
1565 1110 1669 1149 Εὖρέθη
1684 1111 1735 1148 γὰρ
1751 1111 1797 1138 καί
1813 1110 1887 1146 ἄλλη

1059 1153 1138 1192 φύσιτ
1153 1153 1239 1185 οὕτως
1254 1154 1338 1190 αὐτὴν
1353 1155 1466 1193 ἔχουσα,
1481 1155 1518 1187 ὡς
1531 1155 1612 1185 αὐτὸς
1628 1156 1643 1182 6
1658 1155 1735 1186 Θεός.

180 1199 308 1236 Spiritus
323 1201 444 1228 sanctus
456 1201 467 1227 Ρ
480 1199 580 1228 Maced.
596 1198 698 1227 Absit!
714 1200 793 1229 Orlh.
809 1200 871 1227 Non
889 1199 979 1236 igitur
994 1197 1076 1227 solul
1092 1201 1165 1228 Deus
1181 1199 1270 1228 habet
1289 1200 1551 1229 immortalitatem.
1568 1201 1620 1228 Est
1642 1208 1770 1237 namque
1784 1202 1814 1229 et
1828 1199 1889 1228 alia

178 1246 297 1273 inventa
311 1247 426 1280 natura,
443 1245 506 1282 pari
522 1245 614 1278 illam,
629 1254 687 1282 quo
703 1245 780 1273 Deus
795 1245 868 1281 ipse,
887 1245 972 1273 modo
987 1243 1109 1272 habens.

216 1291 259 1318 10.
277 1290 380 1319 Macati.
397 1290 526 1318 Rursum
542 1290 633 1327 igitur
647 1290 704 1318 tria
727 1298 820 1318 unum
837 1290 911 1317 dico.
929 1289 996 1317 0th

182 1335 404 1372 Hypostasibus,
430 1343 486 1363 non
514 1343 618 1371 unum,
642 1336 690 1363 sed
721 1335 777 1363 tria
806 1337 886 1363 sunt.
906 1333 1005 1362 Μαρια.

185 1380 335 1412 Quomodo
358 1379 449 1416 igitur
471 1388 560 1407 unum
575 1380 639 1407 dico
654 1382 790 1407 naturam
802 1379 816 1407 ?
834 1379 912 1409 Orlh.
934 1378 1008 1412 Quia

185 1425 312 1458 Pater,et
319 1423 410 1451 Filius
417 1424 576 1460 etSpiritus
583 1425 704 1451 sanctus
715 1424 816 1452 eodem
829 1423 913 1460 plane
922 1423 1007 1451 modo

184 1468 433 1496 immortalilatem
459 1468 553 1496 Patris
578 1468 697 1497 habent.
713 1469 806 1504 Atque
829 1470 862 1496 ut
887 1467 1006 1503 Paulus,

183 1513 286 1541 Petrus
309 1521 342 1540 ac
366 1512 538 1540 Timotheus
564 1512 652 1541 unius
679 1515 789 1541 naturae
813 1515 884 1541 sunt
899 1514 927 1540 et
948 1514 1008 1540 tres

184 1557 356 1594 hypostases
373 1558 433 1586 :ita
449 1559 562 1586 Patrem
580 1560 608 1586 et
623 1558 727 1586 Filium
744 1560 773 1587 et
787 1557 927 1594 Spiritum
940 1566 1006 1586 san—

1097 1290 1140 1317 10.
1158 1287 1258 1319 Μαιεδ.
1281 1289 1368 1318 Πάλιν
1391 1290 1438 1317 οὗν
1461 1289 1495 1317 τὰ
1508 1289 1572 1327 τρία
1586 1288 1612 1317 ἓν
1631 1289 1715 1327 λέγω.
1733 1290 1807 1328 Ὀρθ.
1822 1292 1888 1321 Ταῖς

1062 1333 1237 1361 ὑποστάσεσιν
1263 1334 1317 1373 οὐχ
1339 1333 1379 1368 ἓν,
1409 1334 1482 1362 ἀλλὰ
1509 1334 1581 1372 τρία.
1612 1333 1715 1362 Μακεό.
1748 1335 1811 1365 Πῶς
1838 1334 1886 1361 οὗν

1061 1376 1134 1415 λέγω
1160 1377 1222 1415 μίαν
1247 1378 1345 1418 (pinv;
1368 1379 1443 1417 Ὀρθ.
1468 1380 1530 1408 Ὅτι
1553 1378 1658 1415 ὁμοίως
1685 1379 1699 1406 6
1717 1379 1825 1416 Πατὴρ,
1842 1379 1887 1406 καί

1061 1422 1076 1449 6
1091 1421 1164 1459 Υἱὸς,
1180 1423 1223 1450 καὶ
1235 1422 1267 1451 τὸ
1284 1425 1406 1460 Πνεῦμα,
1422 1424 1472 1458 τήν
1481 1425 1530 1451 τοῦ
1540 1423 1647 1460 Ila-spe:
1659 1423 1804 1455 ἀθανασίαν
1816 1421 1888 1461 ἕχει.

1061 1467 1110 1494 Καὶ
1127 1466 1217 1506 ὥσπερ
1233 1469 1355 1504 ῙῐαῦΛος,
1371 1468 1416 1496 καὶ
1429 1468 1543 1506 Πέτρος,
1559 1468 1604 1495 καὶ
1619 1467 1764 1504 Τιμόθεος,
1781 1467 1889 1507 τρύσεως

1063 1514 1126 1548 μιᾶς
1150 1512 1211 1549 εἶσι,
1234 1512 1280 1540 καὶ
1303 1515 1375 1551 τρεῖς
1401 1512 1570 1544 ὑποστάσεις·
1597 1512 1684 1543 οὕτως
1708 1513 1828 1551 Πατέρα,
1845 1513 1890 1540 καὶ

1061 1556 1134 1590 Υἷὸν,
1162 1557 1207 1584 καί
1232 1558 1306 1595 ἅγιον
1337 1558 1457 1594 Πνεῦμα,
1478 1560 1551 1594 τρεῖς
1568 1557 1729 1588 ὑποστάσεις
1745 1556 1830 1595 λέγω,
1845 1557 1891 1585 καὶ

183 1604 263 1630 ctum
279 1604 338 1630 tres
353 1601 526 1639 hypostases
549 1603 656 1636 dico,et
672 1611 760 1630 unam
786 1604 932 1630 naturam.
949 1602 1003 1630 Illa-

1064 1601 1126 1638 μίαν
1142 1601 1230 1640 φύσιν.
1246 1600 1348 1630 Μακεδ.
1366 1601 1452 1630 Ἀλλὰ
1466 1602 1519 1629 τῶν
1532 1601 1682 1640 ἀνθρώπιον
1692 1602 1890 1640 προϋπάρχου-

181 1647 237 1674 cad.
254 1647 307 1674 Sed
324 1649 391 1675 ante
413 1647 549 1675 homines
575 1648 720 1676 exsistunt
740 1647 789 1675 alii
818 1648 893 1676 479
910 1648 1008 1676 homi-

183 1700 235 1720 nes
249 1701 256 1719 :
273 1692 329 1721 alia
344 1692 435 1729 igitur
460 1694 565 1721 natura
580 1695 647 1722 ante
670 1695 785 1722 Patrem
811 1693 899 1722 etiam
916 1696 944 1722 et
959 1693 1007 1721 Fi-

182 1737 256 1766 lium
272 1739 301 1766 et
322 1738 462 1774 Spiritum
489 1741 625 1767 sanctum
651 1738 775 1768 exsistit.
802 1739 877 1767 Orth.
903 1738 1004 1766 Absitl

183 1782 282 1810 Maced.
311 1782 369 1810 Cur
396 1782 486 1819 igitur
513 1782 587 1811 dicis
610 1790 616 1811 :
646 1783 754 1811 Eodem
787 1792 845 1819 quo
873 1783 1008 1811 homines

183 1827 270 1855 modo
280 1826 295 1855 ?
309 1826 462 1855 0rth.Ante
477 1827 612 1855 homines
627 1827 757 1863 quidem,
775 1827 896 1855 Paulum
913 1829 941 1855 et
955 1828 1006 1855 Pe-

182 1872 262 1898 trum
279 1872 308 1899 et
331 1871 530 1905 Timotheum,
553 1872 699 1899 exsistunt
714 1871 861 1904 homines,
885 1874 914 1900 et
940 1873 1008 1900 ante

184 1915 238 1943 hos
254 1924 371 1943 rursum
387 1915 436 1944 alii
452 1925 458 1943 :
475 1918 543 1944 ante
558 1916 701 1944 Adamum
718 1919 815 1945 autem
832 1925 917 1945 nemo
933 1917 1008 1945 alius

183 1960 308 1993 exsistit,
325 1960 375 1989 sed
400 1960 477 1988 Deus
492 1960 564 1996 ipse.
582 1962 656 1988 Ante
680 1960 795 1989 Patrem
811 1969 888 1995 vero,
903 1961 1008 1989 Filium

183 2007 212 2032 et
224 2004 363 2040 Spiritum
392 2007 526 2033 sanctum
552 2004 624 2034 nihil
651 2005 765 2033 exsistit
781 2014 787 2033 :
805 2005 855 2033 sed
870 2014 904 2033 ex
926 2006 1009 2034 Patre

184 2048 274 2076 Filius
289 2051 376 2077 natus
391 2051 445 2084 est,
462 2051 491 2077 et
513 2049 640 2085 Spiritus
657 2050 796 2085 procedit,
814 2050 919 2078 Maced.
942 2050 1007 2087 Spi-

183 2094 259 2121 ritus
273 2093 363 2131 igitur
379 2103 436 2122 non
452 2096 496 2122 est
520 2094 605 2122 Filii?
620 2094 695 2122 Orth.
721 2094 827 2122 Omnia
851 2103 914 2131 qua?
938 2098 1008 2123 sunt

184 2137 290 2171 Patris,
315 2140 385 2166 sunt
395 2138 482 2167 etiam
508 2138 571 2166 Filii
590 2147 596 2166 :
614 2147 681 2166 nam
707 2141 833 2167 testatur
854 2140 1009 2175 Apostolus

159 2212 167 2217 ,
183 2190 310 2219 quoque,
326 2182 468 2219 Spiritum
493 2190 558 2211 esse
573 2185 602 2211 et
618 2182 713 2212 Patris
727 2186 756 2212 et
770 2183 846 2211 Filii.
868 2184 915 2212 Sic
930 2185 1008 2213 enim

182 2226 315 2262 loquitur
330 2234 337 2254 :
355 2238 368 2251 «
385 2226 444 2255 Nos
466 2230 564 2254 autem
578 2227 607 2254 in
629 2235 715 2255 carne
731 2236 788 2255 non
814 2228 895 2263 estis,
912 2229 962 2256 sed
980 2229 1008 2257 in

183 2270 288 2306 spiritu
307 2279 314 2298 :
331 2270 356 2298 si
382 2272 479 2298 tamen
506 2270 633 2307 Spiritus
660 2271 710 2300 Dei
726 2271 840 2300 habitat
861 2272 890 2300 in
915 2273 1006 2302 vobis.

183 2314 263 2346 Quod
281 2314 306 2343 si
330 2315 396 2350 quis
412 2315 553 2351 Spiritum
578 2315 687 2344 Christi
712 2324 769 2344 non
794 2316 892 2352 habet,
909 2316 934 2345 is
951 2326 1007 2345 non

182 2361 227 2387 est
241 2360 316 2395 ejus.
333 2359 361 2388 Si
385 2361 481 2388 autem
506 2360 640 2389 Christus
665 2360 695 2388 in
717 2361 799 2389 vobis
823 2364 878 2398 est,
901 2370 1008 2398 corpus

183 2405 302 2441 quidem
325 2407 473 2433 mortuum
500 2409 542 2433 est
567 2407 685 2441 propter
707 2408 869 2441 peccatum,
885 2407 1007 2443 spiritus

181 2459 248 2479 vero
263 2451 334 2479 vivit
357 2454 473 2487 propter
493 2451 747 2487 justificationem.
765 2453 846 2485 Quod
872 2453 895 2480 si
912 2453 1006 2489 Spiri-

179 2498 228 2524 tus
242 2497 306 2532 ejus
321 2496 369 2532 qui
386 2496 538 2525 suscitavit
562 2496 665 2525 Jesum
682 2497 830 2525 Christum
848 2506 865 2526 a
881 2498 1005 2527 mortuis

177 2540 291 2570 habitat
315 2541 343 2568 in
369 2541 462 2575 vobis,
485 2541 644 2570 viviﬁcabit
668 2543 697 2569 et
722 2541 859 2570 mortalia
882 2550 1004 2579 corpora

178 2588 286 2618 vestra,
313 2595 364 2622 per
388 2586 600 2614 inhabitantem
630 2586 771 2622 Spiritum
802 2587 865 2622 ejus
895 2587 922 2614 in
954 2596 1002 2615 vo-

174 2630 221 2659 bis
236 2631 268 2657 ⁸⁷.
285 2641 299 2656 »
316 2631 350 2657 Et
367 2631 457 2659 Filius
472 2631 535 2666 ipse
552 2630 684 2658 nominat
704 2639 770 2658 eum
788 2631 928 2667 Spiritum
947 2631 1001 2659 Pa-

173 2676 228 2703 tris
244 2676 300 2703 sui.
318 2676 421 2704 Macati.
439 2676 590 2709 Quomodo
604 2675 617 2703 ?
631 2676 709 2704 Orth.
727 2687 741 2700 «
760 2676 822 2704 Non
846 2677 925 2704 enim
947 2685 999 2705 vos

175 2719 257 2754 estis,
270 2719 319 2756 qui
338 2719 504 2756 loquimini,
516 2719 566 2747 sed
584 2719 711 2755 Spiritus
727 2719 821 2748 Patris
836 2719 886 2756 qui
901 2719 999 2756 loqui-

210 2827 234 2845 ιο
249 2826 259 2854 I
274 2825 348 2854 Tim.
366 2832 406 2861 v1,
423 2825 465 2853 16.
504 2826 526 2842 ⁸⁷
540 2827 623 2854 Rom.
639 2834 700 2863 Vlll,
714 2826 788 2855 9-11.

1063 1657 1103 1674 σιν
1116 1644 1198 1674 ἄλλοι
1206 1645 1354 1685 ἄνθρωπον
1367 1647 1417 1685 ἄρα
1428 1646 1472 1674 καὶ
1481 1646 1600 1684 Πατρδς,
1611 1646 1658 1674 καὶ
1669 1646 1744 1681 Υίοῦ,
1755 1646 1801 1674 καὶ
1811 1646 1890 1684 ἁγίου

1064 1690 1222 1727 ΙΙνεύματος
1237 1691 1409 1729 προϋπάρχει
1425 1690 1497 1726 ἄλλη
1516 1691 1604 1730 φύσις.
1620 1693 1694 1729 Ὀρθ.
1707 1692 1753 1725 Μὴ
1764 1692 1890 1729 γένοιτοὶ

1063 1734 1156 1764 Mixsz
1184 1736 1248 1766 Πῶς
1275 1736 1322 1763 οὖν
1348 1735 1445 1775 λέγεις.
1473 1735 1579 1772 Οὕτως,
1605 1736 1642 1767 ὡς
1657 1735 1890 1774 ὶπὶὰνθρώπωη

1063 1780 1136 1818 Ὀρθ.
1152 1782 1209 1807 Τῶν
1228 1781 1275 1818 μὲν
1291 1779 1452 1819 ἅνθρώπων.
1470 1779 1595 1817 Παύλου,
1626 1780 1670 1808 καὶ
1702 1781 1818 1819 Πέτρου,
1845 1781 1891 1809 καὶ

1062 1825 1209 1861 Τιμοθέου,
1237 1826 1462 1863 προϋπάρχουσιν
1490 1824 1640 1861 ἄνθρωποι,
1669 1824 1714 1852 καὶ
1750 1827 1805 1853 τῶν
1836 1826 1890 1864 πρὸ

1063 1869 1151 1898 αὐτῶν
1177 1870 1268 1898 ἄλλοι*
1297 1873 1346 1898 τοῦ
1376 1870 1405 1898 δὲ
1430 1869 1520 1907 Ἀδὰμ
1543 1870 1575 1898 οὐ
1599 1871 1772 1908 προϋπάρχει
1789 1870 1889 1906 ἄλλος,

1064 1913 1126 1943 ἁλλ’
1156 1914 1236 1946 αὐτὸς
1264 1915 1278 1942 6
1304 1913 1380 1946 Θεός.
1400 1915 1505 1952 Ιῐατρὸς
1521 1913 1550 1942 δὶ
1575 1914 1619 1942 καὶ
1645 1914 1719 1947 ι’ἱοῦ,
1744 1915 1790 1942 καὶ
1813 1915 1890 1953 ἁγίου

1063 1958 1223 1996 Πνεύματος
1250 1958 1327 1987 οὐδὲν
1352 1959 1539 1997 προϋπάρχει·
1564 1958 1628 1987 ἁλλ’
1644 1958 1674 1987 ἐκ
1688 1961 1738 1987 τοῦ
1754 1960 1863 1995 ΙΙατρὸς
1876 1960 1891 1987 6

1064 2003 1124 2035 Υἱὸς
1138 2003 1307 2042 γεγέννηται,
1323 2003 1411 2031 καὶτὸ
1439 2004 1549 2040 Πνεῦμα
1573 2003 1758 2041 ἐκπορεύεται.
1787 2003 1891 2032 Maso.

1064 2047 1120 2076 Οὐκ
1143 2046 1213 2076 ἔστιν
1243 2048 1289 2076 οὖν
1317 2050 1366 2076 τοῦ
1397 2048 1460 2075 Υίοῦ
1489 2048 1521 2075 τὸ
1551 2049 1681 2084 ΙΙνεῦμας
1707 2048 1783 2084 Ὀρθ.
1802 2048 1895 2077 Πάντα

1067 2093 1114 2129 μὶν
1140 2093 1174 2120 τὰ
1200 2095 1248 2121 τοῦ
1275 2093 1392 2130 Ιῐατρὸς,
1423 2092 1474 2120 εἰσι
1497 2092 1541 2120 καὶ
1565 2095 1614 2120 τοῦ
1630 2093 1703 2120 Υἰοῦ.
1719 2093 1770 2120 Καὶ
1797 2093 1851 2131 γὰρ
1879 2093 1893 2120 6

1065 2135 1232 2169 Ἀπόστολος
1262 2136 1337 2175 λέγει
1366 2137 1411 2165 καὶ
1440 2139 1490 2164 τοῦ
1518 2137 1636 2175 Πατρὸς,
1665 2137 1710 2164 καὶ
1743 2136 1793 2164 τοῦ
1828 2137 1894 2165 Υἰοῦ

1064 2182 1130 2210 εἶναι
1155 2183 1186 2210 τὸ
1214 2184 1337 2219 Πνεῦμα,
1362 2181 1449 2213 οὕτως
1475 2181 1574 2219 λέγων·
1590 2193 1604 2207 ‹‹
1620 2182 1709 2218 Ὑμεῖς
1726 2180 1756 2209 δὲ
1770 2181 1821 2209 οὐκ
1835 2181 1894 2210 ἐστὶ

1064 2227 1090 2254 ἔν
1105 2227 1193 2264 σαρκὶ,
1211 2225 1274 2254 ἀλλ’
1289 2226 1314 2254 ἐν
1331 2226 1477 2262 πνεύματι,
1493 2225 1568 2265 ι”περ
1583 2227 1708 2262 Ῑῐνεεῦμα
1723 2229 1791 2254 θεοῦ
1820 2226 1894 2254 οἰκεῖ

1064 2270 1089 2298 ἐν
1100 2271 1175 2308 ὖμῖν.
1205 2271 1236 2299 Εἴ
1262 2269 1290 2299 δέ
1312 2281 1353 2302 τις
1379 2272 1492 2308 Πνεῦμα
1512 2272 1630 2308 Χριστοῦ
1645 2270 1695 2298 οὐκ
1710 2269 1780 2309 ἔχει,
1810 2271 1890 2302 οὗτος

1063 2315 1113 2344 οὐχ
1127 2315 1197 2344 ἔστιν
1213 2316 1304 2344 αὐτοῦ.
1322 2315 1352 2343 Εἰ
1370 2314 1398 2343 δὶ
1413 2315 1528 2353 Χριστὸς
1542 2315 1569 2343 ἐν
1585 2315 1659 2352 ὑμῖν,
1681 2316 1713 2342 τὸ
1738 2315 1786 2352 μὶν
1810 2317 1890 2352 σῶμα

1062 2360 1155 2398 νεκρὸν
1182 2359 1216 2388 δι’
1242 2359 1388 2398 ἁμαρτίαν,
1411 2359 1443 2388 τό
1469 2359 1498 2388 δὲ
1520 2362 1627 2397 πνεῦμα
1647 2360 1704 2395 ζωὴ
1727 2359 1772 2387 διὰ
1788 2359 1891 2388 δικαιο-

1062 2406 1154 2439 σ-ἆνην.
1185 2405 1216 2434 Ei
1245 2403 1274 2432 δὲ
1303 2405 1335 2433 τὸ
1374 2404 1486 2441 Πνεῦμα
1513 2403 1562 2432 τοῦ
1591 2404 1743 2443 ἐγείροντος
1771 2405 1887 2442 Χριστὸν

1061 2451 1166 2485 Ἰησοῦν
1196 2449 1226 2477 ὲκ
1251 2451 1306 2477 τῶν
1333 2451 1435 2488 νεκρῶν
1463 2449 1534 2477 οἰκεῖ
1561 2449 1587 2476 ἓν
1612 2449 1688 2485 ὑμῖν,
1719 2451 1890 2485 ζωοποιήσει

1059 2494 1104 2522 καὶ
1118 2494 1152 2522 τὰ
1167 2494 1251 2530 θνητὰ
1265 2494 1379 2530 σώματα
1397 2494 1472 2531 ὑμῶν
1489 2492 1535 2521 διὰ
1549 2492 1597 2522 τοῦ
1611 2493 1783 2525 ένοιχοῦντος
1809 2494 1891 2522 αὐτοῦ

1059 2539 1218 2576 ΙΙνιύματος
1240 2538 1266 2566 ἐν
1292 2538 1366 2575 ὑμῖν.
1395 2549 1409 2564 ››
1432 2537 1481 2566 Καὶ
1507 2537 1587 2570 αὐτὸς
1603 2537 1632 2566 δδ
1648 2538 1662 2565 6
1677 2538 1741 2569 Υίὸς
1756 2539 1826 2574 εἷπε,
1843 2541 1890 2566 τοῦ

1058 2584 1164 2622 ῙΙατρὸς
1180 2583 1262 2611 αὐτοῦ
1277 2582 1390 2611 εἶναιτὸ
1417 2584 1536 2619 [Ινεῦμαο
1566 2581 1668 2611 Mnes.
1695 2584 1781 2618 ΙΙῶς;
1811 2583 1889 2620 Ὀρθ.

1057 2642 1071 2655 (ι
1081 2629 1120 2658 Οὐ
1135 2629 1184 2667 γάρ
1200 2628 1258 2656 ὲοτε
1274 2628 1353 2664 ὑμεῖς
1368 2628 1395 2654 οἱ
1406 2626 1565 2663 λαλοῦντες,
1575 2626 1650 2655 ἀλλὰ
1662 2628 1695 2655 τὸ
1710 2629 1826 2663 Πνεῦμα
1839 2638 1887 2654 τοι»

1056 2673 1161 2711 Ιίατρὸς
1189 2674 1221 2700 τὸ
1243 2671 1345 2700 λαλοῦν
1370 2671 1397 2699 ἰν
1421 2672 1498 2708 ὑμῖν.
1512 2682 1527 2698 ο
1546 2672 1595 2699 Καὶ
1610 2671 1692 2703 αὐτὸς
1706 2670 1735 2699 δὶ
1750 2672 1765 2699 6
1787 2673 1883 2709 Πατήρ

1054 2718 1150 2746 ἑαυτοῦ
1166 2716 1241 2756 λέγει
1255 2717 1287 2744 τὸ
1302 2717 1414 2753 Πνεῦμα
1438 2714 1483 2744 διὰ
1500 2718 1550 2744 τοῦ
1574 2717 1719 2755 προφήτου
1744 2715 1884 2755 λέγοντος·
