2043 3107
183 159 258 189 1301

184 225 293 254 ibidem
308 233 372 254 esse
388 227 494 254 dicitur
523 235 530 255 :

186 270 335 307 bypostasi
352 271 470 307 quidem
487 280 540 299 sua
565 272 600 300 de
619 272 681 300 loco
704 272 734 300 in
759 271 855 300 locum
878 270 1007 302 transit;

186 315 355 351 operatione
370 318 468 343 autem
487 316 646 344 voluntatis
672 317 781 353 ubique
795 319 940 344 terrarum
953 317 1008 350 est,

183 359 333 387 voluntate
362 361 425 396 ejus
445 364 583 396 operante
608 361 637 389 in
659 374 671 386 (ι
690 361 758 389 {iliis
774 360 943 388 difﬁdentiae
959 367 1011 396 per

185 404 332 440 principes
347 407 377 432 et
391 407 558 441 potestates,
575 408 603 434 et
618 406 721 433 mundi
738 408 863 433 rectores
876 404 1010 432 tenebra-

185 457 252 476 rum
270 449 301 477 ⁵³.
320 460 333 475 n
352 450 435 477 Pater
450 453 560 483 autem,
575 453 604 478 et
628 450 718 478 Filius
735 455 762 478 et
788 450 915 486 Spiritus
942 457 1009 477 san-

185 495 251 521 ctus
267 494 444 528 substantia,
456 495 596 531 potentia,
609 498 636 523 et
651 495 744 531 gloria
754 495 862 531 ubique
878 495 906 522 in
919 494 1013 522 omni-

184 538 241 566 bus
257 540 285 566 et
300 547 351 574 per
365 539 463 567 omnia
482 542 559 567 sunt.
578 540 658 571 Quod
670 540 694 568 si
711 540 751 567 ita
766 542 809 567 est
826 548 832 567 :
850 548 905 567 una
924 539 1013 575 igitur

189 585 235 610 est
251 582 355 617 Patris,
372 583 433 610 Filii
451 586 478 611 et
494 584 621 620 Spiritus
646 584 738 612 sancti
766 583 943 612 substantia.
953 583 1010 610 Ma-

185 627 242 656 cad.
261 627 345 655 Pater
360 628 478 663 quidem
495 633 522 656 el
537 628 627 656 Filius
643 629 809 657 substantia
823 631 851 656 et
866 627 1013 656 voluntate

185 674 215 700 et
230 672 365 707 potentia
380 674 408 699 et
431 672 523 708 gloria
548 673 656 709 ubique
677 676 705 701 et
726 673 755 701 in
771 673 909 702 omnibus
927 681 933 700 :
949 672 1014 708 Spi-

187 715 263 743 ritus
279 719 377 743 autem
394 716 433 744 ibi
462 719 517 752 est,
541 725 599 753 quo
624 717 761 746 mittitur.
785 717 867 747 Orth.
891 717 1013 749 Quando

185 760 278 796 igitur
292 760 321 788 in
336 760 518 789 ccenaculum
535 762 623 795 venit,
641 763 668 790 in
686 771 744 799 quo
767 764 850 790 erant
864 761 1013 798 discipuli,

189 805 323 841 seditque
341 814 430 841 supra
445 806 578 842 singulos
601 815 713 841 eorum,
730 816 788 835 non
816 809 878 834 erat
905 808 969 834 tum
986 806 1014 833 in

185 849 256 877 coelo
272 852 410 885 quoque?
430 851 534 878 Macati.
552 851 667 879 Gabriel
689 851 807 887 quando
830 851 866 879 ad
893 850 1014 878 Mariam

185 894 297 922 missus
321 897 375 928 est,
397 903 452 923 non
478 898 541 923 erat
556 898 618 923 tum
636 896 664 923 in
681 898 752 924 cazlo
768 903 886 932 quoque
903 895 917 923 ?
933 896 1013 924 Orth.

187 939 249 967 Non
266 939 442 975 substantia,
467 940 516 968 sed
544 940 728 976 cogitatione.
751 941 853 968 Maced.
877 940 957 968 Idem
982 940 1018 967 de

190 983 301 1019 Spiritu
316 984 392 1012 dico.
409 984 487 1014 Orth.
499 985 532 1012 Et
547 985 694 1020 quomodo
710 985 795 1012 audis
815 993 882 1012 eum
899 984 950 1021 qui
973 983 1016 1011 di-

189 1028 251 1056 cit:
271 1039 284 1055 α
298 1028 425 1064 Spiritus
444 1030 558 1057 Domini
584 1030 705 1065 replevit
728 1030 828 1057 orbem
851 1032 1017 1062 terrarum;

187 1074 216 1101 et
230 1072 285 1100 hoc
312 1074 389 1109 quod
406 1074 535 1102 continet
561 1075 661 1102 omnia
686 1074 842 1102 scientiam
867 1073 955 1101 habet
969 1081 1018 1100 vo-

188 1116 232 1146 cis
248 1117 270 1135 “
282 1119 294 1145 Ρ
306 1127 320 1144 ιι
336 1118 409 1151 Quid
427 1121 472 1146 est
486 1120 584 1146 autem
601 1118 693 1153 aliud,
710 1119 786 1155 quod
803 1119 853 1146 Dei
875 1117 1017 1154 cognitio-

191 1170 259 1190 nem
276 1162 392 1198 habeat,
409 1171 497 1198 quam
509 1163 647 1199 Spiritus,
665 1164 699 1191 de
719 1172 777 1200 quo
789 1163 907 1198 dicitur,
924 1174 938 1188 «
954 1161 1017 1198 8ρί-

191 1206 267 1234 ritus
282 1206 409 1234 scientiis
424 1210 452 1235 et
466 1208 583 1243 pietatis
597 1208 619 1225 εδ
629 1208 642 1235 ‘I
659 1220 669 1235 1
684 1208 790 1236 Maced.
807 1207 1017 1236 Sanctiﬁcatio-

197 1251 243 1279 nis
258 1251 385 1287 Spiritus
400 1251 449 1279 ille
464 1255 518 1280 est.
533 1252 612 1282 Orth.
629 1255 733 1281 Annon
747 1252 910 1282 sanctiﬁcat
924 1254 952 1279 et
967 1251 1019 1279 Pa-

193 1297 258 1323 ter?
273 1297 330 1324 Aut
344 1304 402 1324 non
418 1297 560 1333 scriptum
576 1299 623 1325 est
639 1298 667 1325 in
684 1297 849 1334 Evangeliis
864 1305 871 1324 :
889 1308 903 1322 «
925 1299 1019 1331 Pater,

194 1340 346 1368 sanctiﬁca
362 1340 428 1369 illos
445 1341 472 1369 in
488 1342 611 1370 veritate
626 1344 676 1370 tua
692 1342 737 1370 ⁵⁸⁸1
752 1354 762 1367 ι
782 1342 815 1369 Et
830 1349 880 1377 per
894 1341 1020 1377 prophe-

192 1388 252 1413 tam
270 1385 311 1413 ait
334 1393 341 1413 :
368 1396 382 1410 «
410 1386 468 1422 Ego
496 1386 636 1414 Dominus
658 1386 843 1414 sanctificans
867 1385 933 1414 illos
949 1386 984 1414 ³⁷.
1004 1395 1017 1411 ι

193 1430 298 1458 Maced.
316 1429 485 1458 Sanctificat
504 1430 590 1467 plane
613 1434 642 1459 et
665 1433 750 1459 Pater
778 1433 806 1458 et
822 1430 921 1458 Filius.
938 1430 1021 1459 ΟνιΙι.

194 1474 223 1502 Si
240 1475 402 1502 sanctiﬁcat
416 1476 510 1509 Pater,
525 1475 689 1503 sanctiﬁcat
704 1477 733 1503 et
748 1475 849 1507 Filius,
870 1477 899 1502 et
913 1474 1022 1502 sancti-

761 160 793 191 S.
818 158 1080 191 ATHANASIUS.
1093 175 1131 181 —
1149 158 1304 190 SPURIA.

1811 159 1892 190 i308

559 228 622 255 Pari
641 228 727 255 modo
742 227 876 255 diabolus
891 233 1007 262 quoque

1073 224 1174 262 ἔρχεται
1205 224 1257 251 ἀπὸ
1279 224 1365 252 τόπου
1389 224 1428 256 εἰς
1451 224 1547 260 τόπον,
1578 226 1612 261 τῇ
1638 223 1666 252 δὲ
1695 224 1813 262 ἐνεργείᾳ
1840 228 1890 253 τοῦ

1064 268 1221 306 θελήματος
1237 271 1378 307 πανταχοῦ
1393 272 1453 308 γῆς,
1475 269 1667 307 ἐνεργουμένου
1694 272 1742 297 τοῦ
1766 270 1891 307 θελήμα-

1062 324 1110 345 τος
1125 313 1207 341 αὐτοῦ
1222 313 1247 341 ἐν
1265 326 1278 340 ‹‹
1292 316 1350 345 τοῖς
1367 315 1437 344 υἱοῖς
1452 317 1501 348 τῆς
1518 314 1665 349 ἀπειθείας,
1692 313 1736 341 διὰ
1762 316 1815 342 τῶν
1843 315 1892 353 ἆρ-

1065 361 1123 397 χῶν
1148 358 1192 385 καὶ
1215 360 1268 386 τῶν
1290 358 1429 394 ἐξουσιῶν,
1445 358 1490 386 καὶ
1516 361 1570 386 τῶν
1590 359 1820 397 κοσμοκρατόρων
1844 362 1893 387 τοῦ

1065 403 1188 434 σκότους.
1217 415 1227 428 ι
1259 404 1352 440 Πατὴρ
1380 401 1419 436 δὲ,
1444 403 1490 431 καὶ
1513 403 1587 438 Υἱὸς,
1606 402 1650 430 καὶ
1676 404 1753 441 ἅγιον
1770 406 1894 440 Πνεῦμα,

1065 448 1154 483 οὖσίᾳ,
1174 447 1219 475 καὶ
1245 446 1368 484 δυνάμει,
1393 447 1437 476 χαί
1461 446 1524 485 δόξῃ
1543 450 1699 486 πανταχοῦ,
1714 448 1759 476 καὶ
1772 448 1798 476 ἐν
1814 452 1894 485 πᾶσι,

1065 492 1110 519 καὶ
1127 491 1170 519 διὰ
1196 492 1301 520 πάντων
1331 491 1408 521 εἰσίν.
1436 492 1468 520 Εἰ
1493 491 1522 520 δὶ
1543 495 1636 527 τοῦτο,
1663 493 1713 530 μία
1736 491 1787 531 ἄρα
1815 493 1896 521 οὐσία

1068 537 1184 575 ΙΙατρὸς,
1220 537 1265 564 καὶ
1301 537 1375 572 Υἱοῦ,
1409 536 1454 564 καὶ
1484 537 1560 575 ἁγίου
1590 537 1760 574 ΙΙνεύματος.
1786 536 1894 566 Μαχεδ.

1066 582 1161 619 ΙΙατήρ
1179 582 1226 618 μὶν
1241 582 1286 609 καὶ
1301 581 1362 613 Υἱὸς
1378 581 1456 617 οὐσίᾳ
1469 581 1515 609 καὶ
1532 581 1620 619 βουλῇ
1640 581 1685 609 χαὶ
1710 580 1822 619 δυνάμει
1847 582 1895 610 καὶ

1068 625 1131 663 δόξῃ
1146 628 1288 664 πανταγοῦ
1302 626 1348 654 καὶ
1364 626 1389 654 ἐν
1403 629 1478 654 πᾶσι·
1495 626 1526 653 τὸ
1542 625 1571 653 δὲ
1596 628 1706 662 Πνεῦμα
1729 626 1785 654 ὶχεῖ
1809 626 1894 663 ἐστιν,

1067 669 1129 698 ἔνθα
1156 670 1364 699 ἀποστέλλεται.
1389 672 1456 709 Ορο.
1481 672 1547 699 ’Ότι
1571 670 1617 698 οὖν
1645 671 1778 707 κατῆλθεν
1804 671 1830 699 ὲν
1855 674 1897 708 τῷ

1069 715 1185 753 ὑπερῴῳ
1209 712 1269 743 ἔνθα
1292 716 1358 750 ἦσαν
1384 716 1410 742 οἱ
1437 715 1566 752 μαθηταὶ,
1590 715 1635 742 καὶ
1658 714 1775 743 ἐκάθισεν
1792 715 1832 754 ἐφ’
1847 715 1897 743 ἕνα

1067 758 1178 787 ἕκαστον
1205 759 1304 794 αὐτῶν,
1332 760 1382 787 οὐκ
1409 760 1442 794 ἦν
1471 759 1516 786 καὶ
1540 759 1565 787 ὲν
1590 762 1629 796 τῷ
1646 759 1769 797 οὐρανῷ;
1788 759 1894 789 Μακεδ.

1068 805 1099 833 Ὁ
1114 805 1163 843 γὰρ
1195 801 1329 842 Γαϐριὴλ,
1359 803 1404 831 ὅτε
1432 802 1570 839 ἀπεστάλη
1596 804 1664 842 πρὸς
1692 804 1742 838 τήν
1773 805 1896 842 Μαρίαν,

1070 849 1119 876 οὐκ
1134 849 1168 884 ἦν
1181 849 1226 875 καὶ
1241 848 1266 875 ἐν
1280 850 1320 884 τῷ
1335 848 1441 886 οὖρανῷ
1454 858 1460 883 ;
1486 848 1559 886 Ὀρθ,
1587 848 1683 884 Οὖσία,
1709 847 1751 876 οὔ⁶
1776 847 1898 884 διανοίᾳ,

1068 893 1122 921 ναί.
1152 892 1253 921 Μακεδ.
1285 892 1364 921 Οὕτω
1379 892 1453 931 λέγω
1471 893 1516 920 καὶ
1539 892 1570 920 τὸ
1596 894 1718 930 Πνεῦμα.
1745 893 1819 930 Ὀρθ.
1846 893 1898 920 Καὶ

1072 940 1131 969 πῶς
1153 938 1260 969 ἀκούεις
1284 940 1332 965 τοῦ
1357 936 1493 975 λέγοντος,
1519 937 1560 965 ὅτι
1577 938 1716 974 «Πνεῦμα
1732 938 1831 975 Κυρίου
1847 948 1899 965 πε-

1072 982 1205 1019 πλήρωκε
1219 982 1269 1016 τὴν
1286 981 1459 1019 οἰκουμένην
1474 981 1519 1010 χαὶ
1534 982 1566 1010 τὸ
1582 982 1694 1020 συνέχον
1716 982 1804 1010 πάντα
1827 985 1899 1020 γνῶ-

1073 1038 1113 1055 σιν
1128 1025 1185 1065 ἔχει
1202 1028 1293 1065 φωνῆς
1306 1036 1312 1060 ;
1326 1038 1339 1052 ι)
1357 1026 1387 1053 Τί
1403 1025 1431 1054 δὲ
1446 1026 1502 1054 ἐστι
1516 1027 1547 1054 τὸ
1561 1027 1611 1061 τήν
1633 1029 1682 1054 τοῦ
1705 1028 1772 1054 Θεοῦ
1796 1029 1898 1064 γνῶσιν

1073 1070 1149 1110 ἕχον,
1165 1070 1228 1100 ἀλλ’
1243 1072 1262 1106 ἢ
1285 1071 1317 1099 τὸ
1342 1073 1464 1108 Πνεῦμα,
1489 1071 1550 1109 περὶ
1575 1070 1606 1098 οὗ
1622 1070 1738 1109 εἷ’ρηται’
1757 1083 1772 1098 «
1788 1073 1901 1108 Πνεῦμα

1072 1116 1200 1153 γνώσεως
1221 1115 1266 1143 καὶ
1291 1112 1448 1149 εὖσεϐείαςς
1476 1127 1489 1140 ‹‹
1517 1114 1621 1144 Manes.
1651 1115 1821 1153 Ἀγιασ-ιικόν
1842 1116 1899 1144 ἐστι

1072 1154 1103 1188 τά
1119 1162 1239 1197 Πνεῦμα.
1257 1161 1331 1197 Ὀρθ.
1358 1161 1388 1188 ¹Ο
1402 1160 1452 1198 γὰρ
1470 1160 1563 1196 Πατὴρ
1579 1160 1633 1198 οὐχ
1648 1161 1772 1198 ἁγιάζεις
1801 1161 1837 1189 Ἥ
1867 1160 1897 1189 οὗ

1072 1205 1219 1243 γέγραπται
1250 1204 1275 1232 ὲν
1303 1207 1362 1235 τοῖς
1393 1204 1583 1242 Ειύαγγελίοις⁸
1612 1217 1626 1231 (ι
1654 1205 1754 1243 Πάτερ,
1785 1205 1897 1243 ἁγίασον

1074 1249 1170 1281 αὐτοὺς
1196 1249 1223 1277 ἒν
1246 1251 1281 1286 τῇ
1306 1249 1421 1285 ἀληθείᾳ
1445 1258 1510 1283 acu;
1529 1261 1539 1274 ι
1554 1250 1603 1277 Καὶ
1620 1248 1664 1277 διὰ
1678 1252 1726 1277 τοῦ
1751 1251 1897 1289 προφήτου

1074 1293 1157 1332 λέγει·
1189 1305 1203 1320 (ι
1232 1294 1302 1332 Ἐγὼ
1332 1293 1429 1331 Κύριος
1465 1293 1582 1331 ἁγιάζων
1613 1293 1720 1324 αὐτούς.
1747 1306 1761 1319 ιι
1793 1293 1900 1323 Maus.

1075 1338 1136 1373 Ναὶ,
1152 1338 1255 1376 ἁγιάζει
1267 1338 1312 1365 καὶ
1328 1338 1342 1365 ὁ
1359 1337 1464 1376 Πατὴρ,
1479 1338 1523 1365 καὶ
1540 1337 1554 1364 ὁ
1571 1337 1643 1368 Υἱός.
1661 1338 1737 1376 Ὀρθ.
1766 1337 1800 1365 Ei
1822 1338 1901 1376 ἁγιά-

1077 1386 1115 1418 ζει
1131 1384 1145 1410 ὁ
1162 1383 1256 1420 Ιιατήρ
1271 1382 1315 1410 καὶ
1331 1382 1433 1421 ἁγιάζει
1448 1382 1494 1409 καὶ
1509 1382 1524 1409 ὁ
1538 1382 1611 1418 Υἱὸς,
1626 1382 1671 1409 καὶ
1690 1382 1792 1420 ἁγιάζει
1810 1383 1856 1410 χαὶ
1871 1383 1903 1410 τὸ

1077 1429 1189 1464 Πνεῦμα
1200 1431 1249 1462 τῆς
1265 1426 1349 1462 αὐτῆς
1366 1427 1417 1465 ἄρα
1431 1426 1537 1466 φύσεώς
1553 1425 1609 1454 ἐστι
1625 1426 1711 1465 Πατρῖ
1727 1426 1771 1454 καὶ
1789 1427 1855 1463 fit]?
1866 1428 1902 1455 ὧν

1077 1472 1129 1510 γὰρ
1144 1474 1162 1507 ἡ
1177 1472 1245 1507 αὐτὴ
1262 1471 1390 1510 ἐνέργεια,
1406 1471 1450 1499 καὶ
1465 1473 1482 1506 ἡ
1494 1470 1562 1506 αὐτὴ
1579 1471 1668 1511 φύσις.

193 1518 261 1546 ﬁeat
276 1527 393 1555 quoque
417 1519 562 1555 Spiritus;
582 1520 716 1555 ejusdem
732 1519 824 1556 igitur
839 1519 886 1547 hic
910 1521 955 1547 est
969 1527 1002 1546 ac
1017 1519 1100 1547 Pater
1113 1520 1142 1546 et
1157 1517 1248 1546 Filius
1263 1520 1374 1545 natura;
1388 1525 1395 1544 :
1414 1525 1482 1544 nam
1497 1525 1625 1552 quorum
1639 1517 1742 1545 eadem
1759 1518 1905 1553 operatio,

193 1562 294 1590 eadem
311 1565 339 1590 et
354 1565 469 1591 natura.

229 1616 274 1643 12.
290 1615 388 1643 Maced.
407 1616 465 1645 Nos
480 1616 532 1644 vis:
547 1617 652 1645 ducem
668 1617 810 1653 Spiritum
825 1618 959 1645 sanctum
975 1615 1017 1643 di-

1112 1615 1154 1643 12.
1176 1613 1278 1643 Μακεδ.
1294 1615 1388 1650 Ἡμεῖς
1404 1612 1568 1651 ὁδηγητικὸν
1594 1614 1711 1652 λὲγομεν
1735 1614 1766 1642 τὸ
1791 1615 1905 1651 Πνεῦμα

198 1660 305 1687 cimus.
322 1660 374 1693 Qui
392 1663 488 1688 autem
511 1661 562 1689 vis
582 1661 641 1689 dux
656 1664 711 1694 est,
727 1662 753 1690 is
772 1662 808 1689 ad
825 1661 915 1689 alium
931 1660 1021 1689 ducit.

194 1704 274 1734 Orth.
304 1704 406 1733 Nonne
430 1705 481 1733 vita
505 1706 565 1733 dux
588 1709 634 1734 est
657 1708 685 1734 et
715 1706 813 1734 Deus?
841 1706 941 1734 Maced.
967 1704 1022 1733 Ubi

194 1749 337 1785 scriptum
354 1751 400 1777 est
413 1750 513 1779 POrth.
526 1750 596 1783 Quis
612 1752 657 1778 est
665 1750 715 1786 qui
731 1751 813 1778 sedet
823 1759 911 1787 super
922 1750 1023 1778 cheru-

196 1794 256 1821 bim
267 1794 281 1821 ?
296 1793 399 1822 Μαρια.
416 1794 504 1823 Deus.
522 1794 600 1823 Orth.
616 1795 692 1823 Audi
713 1794 804 1831 igitur
830 1794 964 1822 Davidem
979 1795 1022 1822 di-

194 1840 308 1866 centem
325 1847 332 1867 :
350 1850 364 1863 κ
381 1839 433 1872 Qui
451 1840 547 1875 pascis
561 1839 659 1874 Israel,
675 1839 793 1867 intende
810 1847 816 1866 :
834 1840 884 1875 qui
900 1839 1021 1867 deducis

194 1883 274 1910 velut
289 1891 370 1911 ovem
388 1884 507 1919 Josepb.
531 1885 584 1917 Qui
596 1884 680 1913 sedes
691 1893 779 1921 super
793 1884 1020 1919 cberubim,ma-

196 1928 336 1956 nifestare
357 1928 389 1955 ³⁸.
413 1939 427 1953 n
450 1929 543 1957 Audis
567 1929 644 1965 quod
673 1931 701 1957 et
724 1934 823 1965 pascat
846 1931 874 1956 et
897 1929 1022 1956 deducat

196 1975 273 2001 Deus
286 1975 298 2001 ἓν
311 1973 414 2001 Maced.
430 1973 538 2009 Pascit,
555 1973 656 2006 fateor,
678 1976 707 2001 et
734 1973 851 2002 deducit
866 1973 954 2007 Deum
970 1973 1020 2001 sed

197 2018 232 2045 ad
259 2017 389 2053 seipsum
413 2018 542 2046 deducit.
568 2018 694 2054 Spiritus
719 2020 816 2046 autem
839 2026 895 2045 non
921 2018 956 2046 ad
977 2026 1019 2046 se-

198 2061 361 2097 ipsum,sed
373 2062 408 2089 ad
421 2070 538 2090 omnem
549 2063 699 2090 veritatem
708 2062 1022 2091 deducit.0rth.Nonne

196 2109 223 2133 el
238 2105 315 2133 Deus
330 2106 365 2133 ad
386 2114 502 2134 omnem
525 2106 676 2134 veritatem
703 2107 846 2134 deducit?
870 2107 971 2135 Maced.
988 2108 1024 2134 At

196 2150 259 2186 ipse
275 2158 373 2178 revera
387 2153 432 2178 est
446 2151 543 2179 omnis
562 2151 679 2179 veritas.
704 2151 781 2181 Orlh.
800 2151 938 2187 Ejusdem
954 2159 1023 2187 ergo

196 2194 248 2222 vim
274 2195 333 2222 dux
358 2197 412 2228 est,
438 2195 523 2231 cujus
548 2196 607 2223 dux
621 2198 666 2224 est
686 2198 714 2223 et
738 2195 875 2232 Spiritus.
892 2196 1022 2228 Quorum

195 2247 263 2267 vero
277 2240 379 2267 eadem
395 2241 439 2267 est
453 2240 593 2276 operatio,
608 2241 709 2268 eadem
725 2248 841 2277 quoque
853 2242 957 2268 natura
967 2242 1021 2268 est.

195 2284 258 2312 Non
276 2286 357 2320 potes
372 2284 451 2312 enim
465 2285 571 2319 dicere,
588 2285 730 2321 Spiritum
755 2285 840 2313 aliter
859 2285 1022 2319 deducere;

198 2329 289 2357 Deum
306 2331 403 2357 autem
425 2329 459 2357 ad
477 2338 594 2358 omnem
610 2329 760 2358 veritatem
784 2329 938 2364 deducere,
954 2338 1021 2358 cum

196 2373 339 2402 Dominus
351 2374 435 2402 Jesus
451 2374 566 2409 dixerit,
581 2374 723 2411 Spiritum
740 2375 775 2402 ad
789 2382 905 2402 omnem
918 2375 1022 2402 verita-

196 2421 255 2446 tem
273 2427 326 2446 nos
340 2419 493 2447 deducere.
511 2419 615 2448 Maced.
631 2421 668 2447 At
682 2419 752 2454 dixi,
768 2419 859 2447 Deum
880 2427 944 2447 esse
959 2427 1021 2447 om-

196 2470 264 2491 nem
282 2463 445 2499 veritatem,
463 2464 620 2500 ipsumque
644 2465 679 2492 ad
703 2464 834 2500 seipsum
854 2464 997 2492 deducere
1014 2472 1020 2492 :

196 2507 337 2543 Spiritum
354 2516 419 2536 vero
436 2517 493 2536 non
508 2509 544 2537 ad
556 2509 696 2545 seipsum,
710 2509 759 2538 sed
773 2509 807 2537 ad
820 2517 936 2537 omnem
947 2509 1021 2536 veri-

196 2554 297 2588 tatem,
312 2553 367 2581 boc
382 2556 427 2581 est
441 2554 477 2581 ad
494 2553 597 2582 Deum.
612 2554 689 2584 Orth.
706 2554 734 2582 Si
750 2556 825 2582 Deus
840 2554 875 2582 ad
891 2554 1022 2590 seipsum

196 2597 325 2631 deducit,
342 2606 484 2633 quorsum
501 2599 628 2634 Spiritus
652 2599 746 2626 sancti
762 2598 934 2627 deductione
949 2606 1023 2635 opus

196 2643 263 2670 est?
277 2642 375 2670 Macati.
393 2643 522 2671 Primum
539 2642 658 2670 deducit
673 2643 809 2678 Spiritus,
826 2643 931 2671 deinde
946 2643 1022 2671 Deus

197 2687 274 2716 Orth.
286 2687 315 2715 Si
332 2687 381 2723 qui
397 2687 449 2715 viae
465 2688 523 2716 dux
538 2689 593 2722 est,
605 2687 641 2715 ad
657 2687 747 2715 alium
763 2687 921 2723 quemdam
937 2688 1023 2717 dedu-

229 2794 252 2831 δξ
281 2794 384 2831 Ephes.
412 2802 442 2830 ν,
472 2795 512 2829 6;
538 2803 576 2831 vr,
603 2795 644 2822 12.

702 2795 725 2813 ⁵⁸
750 2794 818 2832 Sep.
840 2804 860 2833 ι,
887 2797 914 2831 7,

193 2830 215 2850 ⁵·
245 2830 320 2860 PsaI.
338 2838 431 2860 uxxx.
448 2831 472 2867 1,
488 2832 516 2860 2.

969 2796 992 2815 ⁵⁸
1018 2796 1074 2826 In.
1098 2805 1140 2831 xr,
1168 2797 1194 2824 2.

1076 1659 1108 1686 τὸ
1122 1659 1210 1696 ἅγιον.
1227 1659 1257 1687 Ὁ
1273 1657 1302 1686 δὶ
1317 1658 1424 1697 ὁδηγῶν
1439 1659 1507 1697 πρὸς
1524 1657 1609 1686 ἄλλον
1626 1657 1732 1697 ὁδηγεῖ.
1748 1659 1824 1695 Ὀρθ.
1842 1659 1906 1697 Οὐχ

1078 1702 1174 1741 ὁδηγεῖ
1189 1703 1235 1731 οὖν
1252 1704 1266 1731 ὁ
1288 1704 1354 1735 Θεός
1385 1703 1487 1733 Μαχεδ.
1521 1706 1577 1734 [Ιοῦ
1591 1704 1761 1742 γὲγραπται;
1794 1714 1801 1739 ;
1827 1704 1903 1742 Ὀρθ-

1076 1748 1107 1776 ¹Ο
1131 1749 1285 1784 καθήμενος
1316 1747 1361 1776 ἐπὶ
1388 1751 1442 1776 τῶν
1471 1746 1610 1787 χεροοεὶμ
1623 1748 1664 1779 τίς
1691 1748 1770 1783 ἔστη
1799 1747 1903 1777 Μακεδ.

1076 1793 1106 1821 Ὁ
1143 1792 1217 1823 Θεός.
1253 1793 1328 1830 Ὀρθ.
1362 1795 1459 1822 ’Ἄκουε
1496 1794 1542 1822 οὖν
1571 1792 1620 1821 τοῦ
1651 1790 1734 1820 Δαὸὶό
1763 1792 1903 1830 λεγοντος·

1077 1849 1090 1863 ‹‹
1107 1837 1137 1865 Ὀ
1152 1836 1307 1873 ποιμαίνων
1322 1838 1368 1865 τὸν
1386 1838 1508 1876 Ἰσραὴλ,
1524 1838 1656 1875 πρόσχες’
1672 1838 1687 1865 ὁ
1703 1836 1810 1876 ὁδηγῶν
1837 1838 1905 1865 ὡσεὶ

1076 1878 1212 1919 πρόϐατον
1225 1882 1270 1909 τὸν
1296 1883 1408 1922 Ἰωσήφ,
1425 1883 1439 1910 ὁ
1453 1884 1608 1920 καθήμενος
1625 1881 1668 1909 ἐπὶ
1684 1884 1738 1910 τῶν
1752 1880 1903 1920 χερουϐὶμ,

1076 1926 1221 1965 ἐμφάνηθι.
1251 1938 1266 1952 ››
1295 1927 1429 1962 Ἀκούεις,
1452 1926 1493 1955 ὅτι
1518 1927 1563 1954 καὶ
1588 1926 1725 1964 ποιμαίνει
1745 1926 1791 1954 καὶ
1807 1925 1907 1964 ὁδηγεῖ

1076 1971 1090 1998 ὁ
1106 1969 1193 2004 Θεόςς
1219 1970 1321 2000 Μαχεδ.
1349 1972 1410 2007 Ναὶ,
1434 1972 1574 2009 ποιμαίνει
1599 1972 1643 1999 καὶ
1668 1970 1766 2008 ὁδηγεῖ
1788 1972 1802 1998 ὁ
1827 1971 1904 2001 Θεός·

1076 2016 1149 2045 ἀλλὰ
1162 2015 1230 2052 πρὸς
1246 2016 1337 2044 ἑαυτὸν
1355 2015 1459 2055 ὁδηγεῖ.
1473 2017 1508 2044 Τὸ
1525 2015 1554 2044 δὶ
1568 2018 1678 2053 Πνεῦμα
1701 2015 1732 2043 οὒ
1747 2016 1816 2052 πρὸς
1840 2017 1905 2044 ἑαυ-

1076 2063 1132 2100 τὸν,
1158 2061 1231 2091 ἀλλὰ.
1253 2061 1321 2099 πρὸς
1346 2064 1431 2089 πᾶσαν
1460 2061 1509 2095 τήν
1539 2060 1667 2096 ἀλήθειαν
1688 2060 1796 2098 ὁδηγεῖ.
1826 2061 1904 2099 Ὀρο.

1076 2108 1106 2136 '0
1121 2109 1172 2145 γὰρ
1188 2106 1252 2137 Θεὸς
1270 2106 1300 2133 οὐ
1316 2106 1384 2144 πρὸς
1400 2109 1485 2133 πᾶσαν
1502 2105 1631 2141 ἀλήθειαν
1658 2103 1771 2142 ὁδηγεῖ,
1798 2103 1905 2133 Μακεδ.

1078 2151 1156 2181 Ἀλλ’
1172 2151 1251 2182 αὐτός
1267 2150 1336 2178 ἐστιν
1354 2149 1465 2184 ἀληθῶς
1480 2151 1498 2185 ἡ
1514 2153 1586 2177 πᾶσα
1601 2148 1726 2184 ἀλήθεια.
1741 2150 1818 2187 Ὀρθ.
1848 2150 1903 2184 Τήν

1078 2196 1160 2231 αὐτὴν
1183 2197 1234 2234 ἄρα
1259 2194 1357 2233 ὁδηγεῖ
1380 2193 1536 2232 ὁδηγίαν,ἢν
1553 2193 1650 2232 ὁδηγεῖ
1663 2194 1694 2221 τὸ
1710 2194 1831 2230 Πνεῦμα.
1859 2195 1907 2221 Ὧν

1078 2240 1107 2269 δὲ
1134 2242 1152 2276 ἡ
1182 2240 1249 2274 αὐτή
1279 2240 1407 2278 ἐνέργεια,
1436 2238 1481 2266 καὶ
1509 2240 1527 2274 ἡ
1554 2238 1622 2274 αὖτή
1648 2238 1736 2278 φύσις.
1753 2237 1825 2267 Οὐδὶ
1853 2239 1906 2277 γὰρ

1078 2285 1142 2323 δύνῃ
1158 2285 1254 2321 εἰπεῖν,
1282 2284 1323 2312 ὅτι
1351 2284 1383 2312 τὸ
1409 2284 1456 2320 μὶν
1475 2284 1585 2320 Πνεῦμα
1600 2282 1695 2314 ἄλλως
1711 2282 1816 2321 ὁδηγεῖ,
1848 2283 1863 2310 ό
1877 2282 1906 2311 δὲ

1077 2330 1142 2361 Θεὸς
1170 2329 1239 2368 πρὸς
1268 2331 1353 2356 πᾶσαν
1382 2328 1431 2363 τὴν
1456 2327 1596 2363 ἀλήθειαψ
1625 2329 1673 2355 τοῦ
1694 2326 1796 2365 Κυρίου
1813 2328 1907 2363 Ἰησοῦ

1077 2374 1230 2413 εἰρηκότος,
1260 2374 1302 2401 ὃτι
1323 2373 1387 2401 αὐτὸ
1412 2373 1442 2400 τὸ
1474 2374 1584 2409 Πνεῦμα
1607 2371 1703 2410 ὁδηγεῖ
1726 2373 1801 2409 ἡμᾶς
1836 2373 1907 2409 πρὸς

1078 2422 1163 2447 πᾶσαν
1180 2419 1229 2453 τὴν
1246 2418 1387 2453 ἀλήθειαν,
1405 2415 1508 2446 Μαχεδ.
1525 2416 1604 2445 Ἀλλ’
1618 2416 1706 2451 εἶπον,
1733 2416 1775 2444 ὅτι
1808 2416 1823 2444 ὁ
1839 2417 1905 2447 Θεός

1077 2463 1147 2491 ἐστιν
1163 2465 1181 2498 ἡ
1197 2466 1268 2490 πᾶσα
1283 2462 1407 2498 ἀλήθεια,
1433 2461 1478 2489 καὶ
1496 2461 1576 2492 αὐτὸς
1591 2461 1660 2497 πρὸς
1678 2461 1771 2489 ἑαυτὸν
1796 2459 1904 2499 ὁδηγεῖ,

1077 2508 1108 2536 τὸ
1125 2507 1154 2536 δὲ.
1169 2510 1279 2544 Πνεῦμα
1295 2506 1325 2534 οὗ
1341 2506 1408 2544 πρὸς
1423 2506 1512 2540 ἑαυτὸ,
1533 2505 1606 2533 ἀλλὰ
1630 2505 1697 2543 πρὸς
1721 2508 1809 2533 πᾶσαν
1835 2505 1904 2541 ἀλή-

1078 2558 1161 2588 θειαν,
1179 2552 1193 2579 ὅ
1223 2552 1279 2580 ἐστι
1303 2551 1372 2590 πρὸς
1393 2551 1439 2579 τὸν
1465 2549 1540 2578 θεόν.
1568 2550 1643 2587 Ὀρθ.
1673 2549 1722 2578 Καὶ
1752 2549 1773 2578 εἴ
1799 2550 1813 2577 ὁ
1839 2550 1904 2581 Θεὸς

1077 2597 1145 2636 πρὸς
1162 2597 1253 2625 ἑαυτὸν
1270 2595 1377 2634 ὁδηγεῖ,
1390 2595 1432 2627 τίς
1447 2596 1464 2629 ἡ
1490 2595 1572 2632 χρεία
1595 2597 1645 2629 τῆς
1667 2596 1716 2622 τοῦ
1742 2594 1905 2631 ΙΙνδύματος

1077 2641 1191 2680 ὁδηγίας
1205 2652 1211 2676 ;
1227 2640 1331 2670 Μακεδ.
1349 2642 1461 2677 Πρῶτον
1481 2638 1579 2677 ὁδηγεῖ
1597 2640 1628 2666 τὸ
1646 2640 1767 2676 Πνεῦμα,
1782 2639 1829 2667 καὶ
1843 2640 1905 2668 τότε

1079 2687 1093 2715 ὀ
1107 2686 1182 2718 Θεός.
1207 2687 1280 2724 Ὀρθ.
1306 2685 1338 2715 Ei
1365 2685 1379 2713 ὁ
1401 2683 1509 2723 ὁδηγῶν
1526 2684 1594 2721 πρὸς
1605 2683 1691 2712 ἄλλον
1707 2683 1768 2711 τινὰ
1796 2682 1907 2722 ὁδηγεῖ,

1250 2795 1273 2814 ⁸⁸
1295 2795 1381 2825 Joan.
1406 2801 1475 2829 mi,
1502 2794 1545 2822 17.
1601 2792 1624 2814 ⁵⁷
1651 2792 1754 2822 Eucti.
1784 2800 1833 2830 xx,
1859 2792 1903 2821 t2.
