  <div class='ocr_page' id='page_1' title='image "/cluster/home/n/w/nwhite01/storage/ocr_20150623/28/hvd.32044052794351/660.png"; bbox 0 0 2043 3107; ppageno 0'>
   <div class='ocr_carea' id='block_1_1' title="bbox 153 172 228 204">
    <p class='ocr_par' dir='ltr' id='par_1_1' title="bbox 153 172 228 204">
     <span class='ocr_line' id='line_1_1' title="bbox 153 172 228 204; baseline 0.027 -2"><span class='ocrx_word' id='word_1_1' title='bbox 153 172 228 204; x_wconf 72' lang='grc'><strong>1309</strong></span> 
     </span>
    </p>
   </div>
   <div class='ocr_carea' id='block_1_2' title="bbox 677 174 1316 205">
    <p class='ocr_par' dir='ltr' id='par_1_2' title="bbox 677 174 1316 205">
     <span class='ocr_line' id='line_1_2' title="bbox 677 174 1316 205; baseline -0.002 -1"><span class='ocrx_word' id='word_1_2' title='bbox 677 175 830 205; x_wconf 81' lang='lat' dir='ltr'><strong>CONTRA</strong></span> <span class='ocrx_word' id='word_1_3' title='bbox 856 174 1052 205; x_wconf 81' lang='lat' dir='ltr'><strong>MACEDON.</strong></span> <span class='ocrx_word' id='word_1_4' title='bbox 1077 174 1271 205; x_wconf 84' lang='lat' dir='ltr'><strong>DIALOGUS</strong></span> <span class='ocrx_word' id='word_1_5' title='bbox 1292 174 1316 204; x_wconf 89' lang='grc' dir='ltr'><strong>ῐ.</strong></span> 
     </span>
    </p>
   </div>
   <div class='ocr_carea' id='block_1_3' title="bbox 1773 171 1852 202">
    <p class='ocr_par' dir='ltr' id='par_1_3' title="bbox 1773 171 1852 202">
     <span class='ocr_line' id='line_1_3' title="bbox 1773 171 1852 202; baseline -0.013 0"><span class='ocrx_word' id='word_1_6' title='bbox 1773 171 1852 202; x_wconf 74' lang='grc'><strong>1310</strong></span> 
     </span>
    </p>
   </div>
   <div class='ocr_carea' id='block_1_4' title="bbox 149 235 967 276">
    <p class='ocr_par' dir='ltr' id='par_1_4' title="bbox 149 235 967 276">
     <span class='ocr_line' id='line_1_4' title="bbox 149 235 967 276; baseline 0 -10"><span class='ocrx_word' id='word_1_7' title='bbox 149 236 246 276; x_wconf 81' lang='grc' dir='ltr'>ὁδηγεῖ</span> <span class='ocrx_word' id='word_1_8' title='bbox 261 235 291 265; x_wconf 77' lang='grc' dir='ltr'><strong>δὶ</strong></span> <span class='ocrx_word' id='word_1_9' title='bbox 305 238 337 265; x_wconf 77' lang='grc' dir='ltr'><strong>τὸ</strong></span> <span class='ocrx_word' id='word_1_10' title='bbox 353 236 462 274; x_wconf 74' lang='grc' dir='ltr'>Πνεῦμα</span> <span class='ocrx_word' id='word_1_11' title='bbox 478 239 544 276; x_wconf 87' lang='grc' dir='ltr'>πρὸς</span> <span class='ocrx_word' id='word_1_12' title='bbox 560 239 606 266; x_wconf 83' lang='grc' dir='ltr'><strong>τὸν</strong></span> <span class='ocrx_word' id='word_1_13' title='bbox 623 238 696 267; x_wconf 81' lang='grc' dir='ltr'>Θεὸν·</span> <span class='ocrx_word' id='word_1_14' title='bbox 722 239 767 267; x_wconf 80' lang='grc' dir='ltr'><strong>καὶ</strong></span> <span class='ocrx_word' id='word_1_15' title='bbox 784 238 798 266; x_wconf 82' lang='grc' dir='ltr'><strong>ὁ</strong></span> <span class='ocrx_word' id='word_1_16' title='bbox 813 239 889 273; x_wconf 78' lang='grc' dir='ltr'>Θεὸς,</span> <span class='ocrx_word' id='word_1_17' title='bbox 906 237 967 274; x_wconf 90' lang='grc' dir='ltr'>ὁδη-</span> 
     </span>
    </p>
   </div>
   <div class='ocr_carea' id='block_1_5' title="bbox 1022 235 1850 276">
    <p class='ocr_par' dir='ltr' id='par_1_5' title="bbox 1028 238 1850 276">
     <span class='ocr_line' id='line_1_5' title="bbox 1028 238 1850 276; baseline -0.002 -9"><span class='ocrx_word' id='word_1_18' title='bbox 1028 239 1077 272; x_wconf 86' lang='lat' dir='ltr'><strong>cit,</strong></span> <span class='ocrx_word' id='word_1_19' title='bbox 1093 240 1211 267; x_wconf 77' lang='lat' dir='ltr'><strong>deducit</strong></span> <span class='ocrx_word' id='word_1_20' title='bbox 1226 242 1322 267; x_wconf 88' lang='lat' dir='ltr'><strong>autem</strong></span> <span class='ocrx_word' id='word_1_21' title='bbox 1332 239 1458 276; x_wconf 83' lang='lat' dir='ltr'><strong>Spiritus</strong></span> <span class='ocrx_word' id='word_1_22' title='bbox 1473 239 1508 267; x_wconf 84' lang='lat' dir='ltr'><strong>ad</strong></span> <span class='ocrx_word' id='word_1_23' title='bbox 1526 241 1627 269; x_wconf 79' lang='lat' dir='ltr'><strong>Deum;</strong></span> <span class='ocrx_word' id='word_1_24' title='bbox 1644 238 1721 265; x_wconf 85' lang='lat' dir='ltr'><strong>Deus</strong></span> <span class='ocrx_word' id='word_1_25' title='bbox 1734 245 1850 273; x_wconf 90' lang='lat' dir='ltr'><strong>quoque</strong></span> 
     </span>
    </p>
   </div>
   <div class='ocr_carea' id='block_1_6' title="bbox 148 281 973 321">
    <p class='ocr_par' dir='ltr' id='par_1_6' title="bbox 148 281 973 321">
     <span class='ocr_line' id='line_1_6' title="bbox 148 281 973 321; baseline 0.001 -12"><span class='ocrx_word' id='word_1_26' title='bbox 148 285 216 320; x_wconf 72' lang='grc' dir='ltr'>γῶν,</span> <span class='ocrx_word' id='word_1_27' title='bbox 239 282 308 319; x_wconf 85' lang='grc' dir='ltr'>πρὸς</span> <span class='ocrx_word' id='word_1_28' title='bbox 338 281 424 310; x_wconf 82' lang='grc' dir='ltr'>ἄλλον</span> <span class='ocrx_word' id='word_1_29' title='bbox 453 283 514 310; x_wconf 69' lang='grc' dir='ltr'>τινὰ</span> <span class='ocrx_word' id='word_1_30' title='bbox 543 281 647 321; x_wconf 89' lang='grc' dir='ltr'>ὁδηγεῖ.</span> <span class='ocrx_word' id='word_1_31' title='bbox 678 282 780 312; x_wconf 77' lang='grc' dir='ltr'>Μακεδ.</span> <span class='ocrx_word' id='word_1_32' title='bbox 810 284 905 318; x_wconf 79' lang='grc' dir='ltr'>Εἶπον,</span> <span class='ocrx_word' id='word_1_33' title='bbox 931 282 973 311; x_wconf 84' lang='grc' dir='ltr'><strong>ὅτι</strong></span> 
     </span>
    </p>
   </div>
   <div class='ocr_carea' id='block_1_7' title="bbox 149 326 971 367">
    <p class='ocr_par' dir='ltr' id='par_1_7' title="bbox 149 326 971 367">
     <span class='ocr_line' id='line_1_7' title="bbox 149 326 971 367; baseline 0 -13"><span class='ocrx_word' id='word_1_34' title='bbox 149 327 216 365; x_wconf 83' lang='grc' dir='ltr'>πρὸς</span> <span class='ocrx_word' id='word_1_35' title='bbox 233 326 339 354; x_wconf 72' lang='grc' dir='ltr'>ἑαυτόν,</span> <span class='ocrx_word' id='word_1_36' title='bbox 357 327 432 364; x_wconf 85' lang='grc' dir='ltr'><strong>Ὀρθ.</strong></span> <span class='ocrx_word' id='word_1_37' title='bbox 461 327 518 356; x_wconf 80' lang='grc' dir='ltr'>Οὐκ</span> <span class='ocrx_word' id='word_1_38' title='bbox 533 328 584 366; x_wconf 70' lang='grc' dir='ltr'><strong>ἄρα</strong></span> <span class='ocrx_word' id='word_1_39' title='bbox 605 328 619 355; x_wconf 88' lang='grc' dir='ltr'><strong>ὁ</strong></span> <span class='ocrx_word' id='word_1_40' title='bbox 643 327 762 367; x_wconf 82' lang='grc' dir='ltr'>ὁδηγῶν,</span> <span class='ocrx_word' id='word_1_41' title='bbox 792 328 860 366; x_wconf 82' lang='grc' dir='ltr'>πρὸς</span> <span class='ocrx_word' id='word_1_42' title='bbox 887 327 971 356; x_wconf 79' lang='grc' dir='ltr'>ἄλλον</span> 
     </span>
    </p>
   </div>
   <div class='ocr_carea' id='block_1_8' title="bbox 147 370 973 409">
    <p class='ocr_par' dir='ltr' id='par_1_8' title="bbox 147 370 973 409">
     <span class='ocr_line' id='line_1_8' title="bbox 147 370 973 409; baseline 0.001 -11"><span class='ocrx_word' id='word_1_43' title='bbox 147 371 209 399; x_wconf 75' lang='grc' dir='ltr'>τινὰ</span> <span class='ocrx_word' id='word_1_44' title='bbox 234 370 341 408; x_wconf 80' lang='grc' dir='ltr'>ὁδηγεῖ,</span> <span class='ocrx_word' id='word_1_45' title='bbox 367 370 440 399; x_wconf 81' lang='grc' dir='ltr'>ἀλλὰ</span> <span class='ocrx_word' id='word_1_46' title='bbox 460 371 527 409; x_wconf 82' lang='grc' dir='ltr'>πρὸς</span> <span class='ocrx_word' id='word_1_47' title='bbox 551 372 655 401; x_wconf 64' lang='grc' dir='ltr'>ἑαυτόν.</span> <span class='ocrx_word' id='word_1_48' title='bbox 682 372 713 401; x_wconf 76' lang='grc' dir='ltr'><strong>Εἰ</strong></span> <span class='ocrx_word' id='word_1_49' title='bbox 729 371 758 400; x_wconf 73' lang='grc' dir='ltr'>δὲ</span> <span class='ocrx_word' id='word_1_50' title='bbox 771 375 862 406; x_wconf 72' lang='grc' dir='ltr'>τοῦτο,</span> <span class='ocrx_word' id='word_1_51' title='bbox 883 372 973 400; x_wconf 84' lang='grc' dir='ltr'>καὶτὸ</span> 
     </span>
    </p>
   </div>
   <div class='ocr_carea' id='block_1_9' title="bbox 147 415 971 455">
    <p class='ocr_par' dir='ltr' id='par_1_9' title="bbox 147 415 971 455">
     <span class='ocr_line' id='line_1_9' title="bbox 147 415 971 455; baseline 0.001 -12"><span class='ocrx_word' id='word_1_52' title='bbox 147 417 258 452; x_wconf 75' lang='grc' dir='ltr'>Ιινεῦμα</span> <span class='ocrx_word' id='word_1_53' title='bbox 274 415 402 454; x_wconf 81' lang='grc' dir='ltr'>ὁδηγοῦν,</span> <span class='ocrx_word' id='word_1_54' title='bbox 417 416 462 443; x_wconf 84' lang='grc' dir='ltr'><strong>καὶ</strong></span> <span class='ocrx_word' id='word_1_55' title='bbox 486 417 553 454; x_wconf 72' lang='grc' dir='ltr'>πρὸς</span> <span class='ocrx_word' id='word_1_56' title='bbox 568 417 646 444; x_wconf 70' lang='grc' dir='ltr'>ἑαυτὸ</span> <span class='ocrx_word' id='word_1_57' title='bbox 662 416 769 454; x_wconf 79' lang='grc' dir='ltr'>ὁδηγεῖ,</span> <span class='ocrx_word' id='word_1_58' title='bbox 783 417 826 444; x_wconf 79' lang='grc' dir='ltr'><strong>καὶ</strong></span> <span class='ocrx_word' id='word_1_59' title='bbox 843 416 911 455; x_wconf 76' lang='grc' dir='ltr'>πρὰς</span> <span class='ocrx_word' id='word_1_60' title='bbox 926 417 971 444; x_wconf 83' lang='grc' dir='ltr'><strong>τὸν</strong></span> 
     </span>
    </p>
   </div>
   <div class='ocr_carea' id='block_1_10' title="bbox 150 460 971 500">
    <p class='ocr_par' dir='ltr' id='par_1_10' title="bbox 150 460 971 500">
     <span class='ocr_line' id='line_1_10' title="bbox 150 460 971 500; baseline -0.002 -10"><span class='ocrx_word' id='word_1_61' title='bbox 150 460 268 499; x_wconf 67' lang='grc' dir='ltr'>Πατέρα,</span> <span class='ocrx_word' id='word_1_62' title='bbox 298 460 342 488; x_wconf 77' lang='grc' dir='ltr'><strong>καὶ</strong></span> <span class='ocrx_word' id='word_1_63' title='bbox 371 461 438 498; x_wconf 78' lang='grc' dir='ltr'>πρὸς</span> <span class='ocrx_word' id='word_1_64' title='bbox 466 461 512 488; x_wconf 90' lang='grc' dir='ltr'><strong>τὸν</strong></span> <span class='ocrx_word' id='word_1_65' title='bbox 537 461 608 490; x_wconf 69' lang='grc' dir='ltr'>Υἳόν.</span> <span class='ocrx_word' id='word_1_66' title='bbox 628 462 659 490; x_wconf 83' lang='grc' dir='ltr'><strong><em>Ἣ</em></strong></span> <span class='ocrx_word' id='word_1_67' title='bbox 684 462 734 500; x_wconf 71' lang='grc' dir='ltr'>γὰρ</span> <span class='ocrx_word' id='word_1_68' title='bbox 759 464 830 489; x_wconf 78' lang='grc' dir='ltr'>πᾶσα</span> <span class='ocrx_word' id='word_1_69' title='bbox 845 460 971 497; x_wconf 77' lang='grc' dir='ltr'>ἀλήθεια,</span> 
     </span>
    </p>
   </div>
   <div class='ocr_carea' id='block_1_11' title="bbox 148 504 971 544">
    <p class='ocr_par' dir='ltr' id='par_1_11' title="bbox 148 504 971 544">
     <span class='ocr_line' id='line_1_11' title="bbox 148 504 971 544; baseline 0.001 -12"><span class='ocrx_word' id='word_1_70' title='bbox 148 505 217 543; x_wconf 85' lang='grc' dir='ltr'>πρὸς</span> <span class='ocrx_word' id='word_1_71' title='bbox 239 506 269 540; x_wconf 80' lang='grc' dir='ltr'>ἣν</span> <span class='ocrx_word' id='word_1_72' title='bbox 304 504 486 543; x_wconf 81' lang='grc' dir='ltr'>ὀδηγούμεθα,</span> <span class='ocrx_word' id='word_1_73' title='bbox 516 507 533 541; x_wconf 78' lang='grc' dir='ltr'><strong>ἡ</strong></span> <span class='ocrx_word' id='word_1_74' title='bbox 564 506 601 537; x_wconf 85' lang='grc' dir='ltr'>εἷς</span> <span class='ocrx_word' id='word_1_75' title='bbox 632 506 739 544; x_wconf 64' lang='grc' dir='ltr'>Πατέρα</span> <span class='ocrx_word' id='word_1_76' title='bbox 766 506 810 533; x_wconf 66' lang='grc' dir='ltr'><strong>καί</strong></span> <span class='ocrx_word' id='word_1_77' title='bbox 842 506 900 533; x_wconf 67' lang='grc' dir='ltr'><strong>Πὸν</strong></span> <span class='ocrx_word' id='word_1_78' title='bbox 926 506 971 533; x_wconf 81' lang='grc' dir='ltr'><strong>καὶ</strong></span> 
     </span>
    </p>
   </div>
   <div class='ocr_carea' id='block_1_12' title="bbox 148 549 971 588">
    <p class='ocr_par' dir='ltr' id='par_1_12' title="bbox 148 549 971 588">
     <span class='ocr_line' id='line_1_12' title="bbox 148 549 971 588; baseline 0 -11"><span class='ocrx_word' id='word_1_79' title='bbox 148 551 226 587; x_wconf 75' lang='grc' dir='ltr'>ἅγιον</span> <span class='ocrx_word' id='word_1_80' title='bbox 257 549 367 586; x_wconf 75' lang='grc' dir='ltr'>Πνεῦμα</span> <span class='ocrx_word' id='word_1_81' title='bbox 390 550 477 578; x_wconf 81' lang='grc' dir='ltr'>ὁέστιν</span> <span class='ocrx_word' id='word_1_82' title='bbox 495 549 603 587; x_wconf 83' lang='grc' dir='ltr'>ὸδηγία·</span> <span class='ocrx_word' id='word_1_83' title='bbox 633 550 681 577; x_wconf 63' lang='grc' dir='ltr'><strong>κᾶν</strong></span> <span class='ocrx_word' id='word_1_84' title='bbox 706 549 795 588; x_wconf 80' lang='grc' dir='ltr'>ὁδηγῇ</span> <span class='ocrx_word' id='word_1_85' title='bbox 822 550 836 578; x_wconf 88' lang='grc' dir='ltr'><strong>ὁ</strong></span> <span class='ocrx_word' id='word_1_86' title='bbox 867 550 971 585; x_wconf 79' lang='grc' dir='ltr'>Πατὴρ,</span> 
     </span>
    </p>
   </div>
   <div class='ocr_carea' id='block_1_13' title="bbox 147 592 970 632">
    <p class='ocr_par' dir='ltr' id='par_1_13' title="bbox 147 592 970 632">
     <span class='ocr_line' id='line_1_13' title="bbox 147 592 970 632; baseline 0 -10"><span class='ocrx_word' id='word_1_87' title='bbox 147 595 217 631; x_wconf 83' lang='grc' dir='ltr'>πρὸς</span> <span class='ocrx_word' id='word_1_88' title='bbox 246 594 338 622; x_wconf 73' lang='grc' dir='ltr'>ἑαυτὸν</span> <span class='ocrx_word' id='word_1_89' title='bbox 369 592 474 632; x_wconf 83' lang='grc' dir='ltr'>ὁδηγεῖ·</span> <span class='ocrx_word' id='word_1_90' title='bbox 505 594 554 622; x_wconf 67' lang='grc' dir='ltr'><strong>κέὶν</strong></span> <span class='ocrx_word' id='word_1_91' title='bbox 582 594 672 632; x_wconf 84' lang='grc' dir='ltr'>ὁδηγῇ</span> <span class='ocrx_word' id='word_1_92' title='bbox 700 598 732 622; x_wconf 82' lang='grc' dir='ltr'><strong>τὸ</strong></span> <span class='ocrx_word' id='word_1_93' title='bbox 759 594 875 631; x_wconf 66' lang='grc' dir='ltr'>Πνεῦμα,</span> <span class='ocrx_word' id='word_1_94' title='bbox 903 595 970 632; x_wconf 85' lang='grc' dir='ltr'>πρὸς</span> 
     </span>
    </p>
   </div>
   <div class='ocr_carea' id='block_1_14' title="bbox 148 637 973 677">
    <p class='ocr_par' dir='ltr' id='par_1_14' title="bbox 148 637 973 677">
     <span class='ocr_line' id='line_1_14' title="bbox 148 637 973 677; baseline 0 -11"><span class='ocrx_word' id='word_1_95' title='bbox 148 639 228 667; x_wconf 68' lang='grc' dir='ltr'>ἑαυτὸ</span> <span class='ocrx_word' id='word_1_96' title='bbox 252 637 358 677; x_wconf 87' lang='grc' dir='ltr'>ὁδηγεῖ.</span> <span class='ocrx_word' id='word_1_97' title='bbox 388 638 491 667; x_wconf 87' lang='grc' dir='ltr'>Μακεδ.</span> <span class='ocrx_word' id='word_1_98' title='bbox 509 639 587 667; x_wconf 85' lang='grc' dir='ltr'>Ἀλλ’</span> <span class='ocrx_word' id='word_1_99' title='bbox 603 640 684 676; x_wconf 79' lang='grc' dir='ltr'>ε’ίπνν,</span> <span class='ocrx_word' id='word_1_100' title='bbox 698 639 739 667; x_wconf 79' lang='grc' dir='ltr'><strong>ὅτι</strong></span> <span class='ocrx_word' id='word_1_101' title='bbox 755 642 861 677; x_wconf 82' lang='grc' dir='ltr'>πρῶτον</span> <span class='ocrx_word' id='word_1_102' title='bbox 878 638 973 677; x_wconf 78' lang='grc' dir='ltr'>ὁδηγεῖ</span> 
     </span>
    </p>
   </div>
   <div class='ocr_carea' id='block_1_15' title="bbox 145 683 972 722">
    <p class='ocr_par' dir='ltr' id='par_1_15' title="bbox 145 683 972 722">
     <span class='ocr_line' id='line_1_15' title="bbox 145 683 972 722; baseline 0.001 -12"><span class='ocrx_word' id='word_1_103' title='bbox 145 683 179 710; x_wconf 86' lang='grc' dir='ltr'><strong>τὸ</strong></span> <span class='ocrx_word' id='word_1_104' title='bbox 195 685 316 720; x_wconf 74' lang='grc' dir='ltr'>Πνεῦμα,</span> <span class='ocrx_word' id='word_1_105' title='bbox 331 683 374 710; x_wconf 79' lang='grc' dir='ltr'><strong>καὶ</strong></span> <span class='ocrx_word' id='word_1_106' title='bbox 389 683 451 711; x_wconf 83' lang='grc' dir='ltr'>τότε</span> <span class='ocrx_word' id='word_1_107' title='bbox 481 683 495 711; x_wconf 92' lang='grc' dir='ltr'><strong>ὁ</strong></span> <span class='ocrx_word' id='word_1_108' title='bbox 518 684 594 715; x_wconf 87' lang='grc' dir='ltr'>Θεός.</span> <span class='ocrx_word' id='word_1_109' title='bbox 616 685 687 722; x_wconf 71' lang='grc' dir='ltr'><strong>Ὀρθο</strong></span> <span class='ocrx_word' id='word_1_110' title='bbox 705 684 784 712; x_wconf 86' lang='grc' dir='ltr'>Ἀλλ’</span> <span class='ocrx_word' id='word_1_111' title='bbox 799 684 821 712; x_wconf 83' lang='grc' dir='ltr'><strong>εί</strong></span> <span class='ocrx_word' id='word_1_112' title='bbox 846 685 895 719; x_wconf 79' lang='grc' dir='ltr'>τὴν</span> <span class='ocrx_word' id='word_1_113' title='bbox 927 683 972 711; x_wconf 74' lang='grc' dir='ltr'><strong>αὐ-</strong></span> 
     </span>
    </p>
   </div>
   <div class='ocr_carea' id='block_1_16' title="bbox 144 726 968 767">
    <p class='ocr_par' dir='ltr' id='par_1_16' title="bbox 144 726 968 767">
     <span class='ocr_line' id='line_1_16' title="bbox 144 726 968 767; baseline 0.001 -12"><span class='ocrx_word' id='word_1_114' title='bbox 144 728 197 762; x_wconf 75' lang='grc' dir='ltr'>τὴν</span> <span class='ocrx_word' id='word_1_115' title='bbox 220 726 331 766; x_wconf 87' lang='grc' dir='ltr'>ὁδηγίαν</span> <span class='ocrx_word' id='word_1_116' title='bbox 361 727 455 766; x_wconf 83' lang='grc' dir='ltr'>ὁδηγεῖ</span> <span class='ocrx_word' id='word_1_117' title='bbox 479 730 518 764; x_wconf 86' lang='grc' dir='ltr'>τῷ</span> <span class='ocrx_word' id='word_1_118' title='bbox 539 730 596 764; x_wconf 86' lang='grc' dir='ltr'><strong>Θεῷ</strong></span> <span class='ocrx_word' id='word_1_119' title='bbox 612 729 644 756; x_wconf 87' lang='grc' dir='ltr'><strong>τὸ</strong></span> <span class='ocrx_word' id='word_1_120' title='bbox 660 730 771 765; x_wconf 73' lang='grc' dir='ltr'>Πνεῦμα</span> <span class='ocrx_word' id='word_1_121' title='bbox 784 729 816 756; x_wconf 89' lang='grc' dir='ltr'><strong>τὸ</strong></span> <span class='ocrx_word' id='word_1_122' title='bbox 832 729 916 767; x_wconf 71' lang='grc' dir='ltr'>ἅγιον,</span> <span class='ocrx_word' id='word_1_123' title='bbox 932 729 968 756; x_wconf 87' lang='grc' dir='ltr'><strong>ὧν</strong></span> 
     </span>
    </p>
   </div>
   <div class='ocr_carea' id='block_1_17' title="bbox 145 772 969 811">
    <p class='ocr_par' dir='ltr' id='par_1_17' title="bbox 145 772 969 811">
     <span class='ocr_line' id='line_1_17' title="bbox 145 772 969 811; baseline 0 -11"><span class='ocrx_word' id='word_1_124' title='bbox 145 773 164 807; x_wconf 80' lang='grc' dir='ltr'><strong>ἡ</strong></span> <span class='ocrx_word' id='word_1_125' title='bbox 184 772 250 807; x_wconf 79' lang='grc' dir='ltr'><strong>αὖτῆ</strong></span> <span class='ocrx_word' id='word_1_126' title='bbox 268 772 396 811; x_wconf 70' lang='grc' dir='ltr'>ἐνέργεια,</span> <span class='ocrx_word' id='word_1_127' title='bbox 412 774 430 808; x_wconf 83' lang='grc' dir='ltr'>ἡ</span> <span class='ocrx_word' id='word_1_128' title='bbox 446 772 513 807; x_wconf 75' lang='grc' dir='ltr'>αὐτὴ</span> <span class='ocrx_word' id='word_1_129' title='bbox 527 773 616 811; x_wconf 68' lang='grc' dir='ltr'>φύσις.</span> <span class='ocrx_word' id='word_1_130' title='bbox 649 772 750 802; x_wconf 81' lang='grc' dir='ltr'>Μακεδ.</span> <span class='ocrx_word' id='word_1_131' title='bbox 774 773 863 802; x_wconf 84' lang='grc' dir='ltr'><strong>Ἀλλᾶ</strong></span> <span class='ocrx_word' id='word_1_132' title='bbox 888 775 969 801; x_wconf 80' lang='grc' dir='ltr'>τοῦτο</span> 
     </span>
    </p>
   </div>
   <div class='ocr_carea' id='block_1_18' title="bbox 146 817 969 856">
    <p class='ocr_par' dir='ltr' id='par_1_18' title="bbox 146 817 969 856">
     <span class='ocr_line' id='line_1_18' title="bbox 146 817 969 856; baseline 0.001 -12"><span class='ocrx_word' id='word_1_133' title='bbox 146 819 282 852; x_wconf 75' lang='grc' dir='ltr'>ζητεῖται,</span> <span class='ocrx_word' id='word_1_134' title='bbox 313 817 335 844; x_wconf 76' lang='grc' dir='ltr'><strong>εἰ</strong></span> <span class='ocrx_word' id='word_1_135' title='bbox 364 819 472 854; x_wconf 82' lang='grc' dir='ltr'>πρῶτον</span> <span class='ocrx_word' id='word_1_136' title='bbox 501 817 532 845; x_wconf 89' lang='grc' dir='ltr'><strong>τὸ</strong></span> <span class='ocrx_word' id='word_1_137' title='bbox 561 818 671 854; x_wconf 74' lang='grc' dir='ltr'>Πνεῦμα</span> <span class='ocrx_word' id='word_1_138' title='bbox 687 817 791 856; x_wconf 77' lang='grc' dir='ltr'><strong>ὁδηγεῖ⁷</strong></span> <span class='ocrx_word' id='word_1_139' title='bbox 806 818 850 845; x_wconf 83' lang='grc' dir='ltr'><strong>καὶ</strong></span> <span class='ocrx_word' id='word_1_140' title='bbox 879 818 969 845; x_wconf 81' lang='grc' dir='ltr'>τότεὸ</span> 
     </span>
    </p>
   </div>
   <div class='ocr_carea' id='block_1_19' title="bbox 144 861 969 901">
    <p class='ocr_par' dir='ltr' id='par_1_19' title="bbox 144 861 969 901">
     <span class='ocr_line' id='line_1_19' title="bbox 144 861 969 901; baseline 0.001 -12"><span class='ocrx_word' id='word_1_141' title='bbox 144 862 221 892; x_wconf 84' lang='grc' dir='ltr'>Θεός.</span> <span class='ocrx_word' id='word_1_142' title='bbox 238 862 311 900; x_wconf 78' lang='grc' dir='ltr'><strong>Ὀρθ.</strong></span> <span class='ocrx_word' id='word_1_143' title='bbox 329 863 427 898; x_wconf 85' lang='grc' dir='ltr'>Εἶπον,</span> <span class='ocrx_word' id='word_1_144' title='bbox 443 861 484 889; x_wconf 74' lang='grc' dir='ltr'><strong>ὅτι</strong></span> <span class='ocrx_word' id='word_1_145' title='bbox 514 861 591 890; x_wconf 72' lang='grc' dir='ltr'>οὐδὲν</span> <span class='ocrx_word' id='word_1_146' title='bbox 621 865 704 895; x_wconf 76' lang='grc' dir='ltr'>ποιεῖ,</span> <span class='ocrx_word' id='word_1_147' title='bbox 729 864 776 890; x_wconf 63' lang='grc' dir='ltr'><strong>κᾶν</strong></span> <span class='ocrx_word' id='word_1_148' title='bbox 802 865 910 901; x_wconf 83' lang='grc' dir='ltr'>πρῶτον</span> <span class='ocrx_word' id='word_1_149' title='bbox 937 863 969 890; x_wconf 82' lang='grc' dir='ltr'><strong>τὸ</strong></span> 
     </span>
    </p>
   </div>
   <div class='ocr_carea' id='block_1_20' title="bbox 146 906 969 945">
    <p class='ocr_par' dir='ltr' id='par_1_20' title="bbox 146 906 969 945">
     <span class='ocr_line' id='line_1_20' title="bbox 146 906 969 945; baseline 0 -11"><span class='ocrx_word' id='word_1_150' title='bbox 146 908 261 943; x_wconf 79' lang='grc' dir='ltr'>Πνεῦμα</span> <span class='ocrx_word' id='word_1_151' title='bbox 283 908 362 944; x_wconf 83' lang='grc' dir='ltr'>ποιῇ,</span> <span class='ocrx_word' id='word_1_152' title='bbox 391 906 439 934; x_wconf 73' lang='grc' dir='ltr'><strong>κᾶν</strong></span> <span class='ocrx_word' id='word_1_153' title='bbox 465 909 574 944; x_wconf 80' lang='grc' dir='ltr'>πρῶτον</span> <span class='ocrx_word' id='word_1_154' title='bbox 604 907 618 934; x_wconf 85' lang='grc' dir='ltr'><strong>ὁ</strong></span> <span class='ocrx_word' id='word_1_155' title='bbox 647 907 711 938; x_wconf 82' lang='grc' dir='ltr'>Θεὸς</span> <span class='ocrx_word' id='word_1_156' title='bbox 741 907 807 945; x_wconf 73' lang='grc' dir='ltr'>ὅπερ</span> <span class='ocrx_word' id='word_1_157' title='bbox 837 907 885 934; x_wconf 79' lang='grc' dir='ltr'><strong>οὐκ</strong></span> <span class='ocrx_word' id='word_1_158' title='bbox 913 907 969 936; x_wconf 72' lang='grc' dir='ltr'>ἔστι</span> 
     </span>
    </p>
   </div>
   <div class='ocr_carea' id='block_1_21' title="bbox 143 950 970 990">
    <p class='ocr_par' dir='ltr' id='par_1_21' title="bbox 143 950 970 990">
     <span class='ocr_line' id='line_1_21' title="bbox 143 950 970 990; baseline -0.001 -11"><span class='ocrx_word' id='word_1_159' title='bbox 143 951 248 979; x_wconf 84' lang='grc' dir='ltr'>κοινόν·</span> <span class='ocrx_word' id='word_1_160' title='bbox 277 950 384 988; x_wconf 78' lang='grc' dir='ltr'>μᾶλλον</span> <span class='ocrx_word' id='word_1_161' title='bbox 414 952 465 990; x_wconf 67' lang='grc' dir='ltr'><strong>γὰρ</strong></span> <span class='ocrx_word' id='word_1_162' title='bbox 497 951 670 989; x_wconf 74' lang='grc' dir='ltr'><strong>εὑρεθήσεται</strong></span> <span class='ocrx_word' id='word_1_163' title='bbox 700 951 726 979; x_wconf 78' lang='grc' dir='ltr'>ἐν</span> <span class='ocrx_word' id='word_1_164' title='bbox 762 954 820 982; x_wconf 86' lang='grc' dir='ltr'>τοῖς</span> <span class='ocrx_word' id='word_1_165' title='bbox 847 951 970 980; x_wconf 73' lang='grc' dir='ltr'>πλείοσιν</span> 
     </span>
    </p>
   </div>
   <div class='ocr_carea' id='block_1_22' title="bbox 145 994 968 1033">
    <p class='ocr_par' dir='ltr' id='par_1_22' title="bbox 145 994 968 1033">
     <span class='ocr_line' id='line_1_22' title="bbox 145 994 968 1033; baseline 0.001 -11"><span class='ocrx_word' id='word_1_166' title='bbox 145 995 161 1022; x_wconf 86' lang='grc' dir='ltr'><strong>ὁ</strong></span> <span class='ocrx_word' id='word_1_167' title='bbox 178 995 241 1026; x_wconf 85' lang='grc' dir='ltr'>Θεὸς</span> <span class='ocrx_word' id='word_1_168' title='bbox 257 996 366 1032; x_wconf 74' lang='grc' dir='ltr'>πρῶτος</span> <span class='ocrx_word' id='word_1_169' title='bbox 381 994 491 1033; x_wconf 85' lang='grc' dir='ltr'>ὁδηγῶν</span> <span class='ocrx_word' id='word_1_170' title='bbox 508 998 556 1023; x_wconf 83' lang='lat'><strong>1:06</strong></span> <span class='ocrx_word' id='word_1_171' title='bbox 574 995 734 1033; x_wconf 75' lang='grc' dir='ltr'>ΙΙνεῦματος</span> <span class='ocrx_word' id='word_1_172' title='bbox 757 996 826 1023; x_wconf 82' lang='grc' dir='ltr'>κατὰ</span> <span class='ocrx_word' id='word_1_173' title='bbox 847 997 893 1023; x_wconf 87' lang='grc' dir='ltr'><strong>τὸν</strong></span> <span class='ocrx_word' id='word_1_174' title='bbox 924 996 968 1023; x_wconf 86' lang='grc' dir='ltr'>σὸν</span> 
     </span>
    </p>
   </div>
   <div class='ocr_carea' id='block_1_23' title="bbox 145 1039 970 1078">
    <p class='ocr_par' dir='ltr' id='par_1_23' title="bbox 145 1039 970 1078">
     <span class='ocr_line' id='line_1_23' title="bbox 145 1039 970 1078; baseline -0.001 -10"><span class='ocrx_word' id='word_1_175' title='bbox 145 1039 241 1078; x_wconf 86' lang='grc' dir='ltr'>λόγον.</span> <span class='ocrx_word' id='word_1_176' title='bbox 265 1040 359 1076; x_wconf 81' lang='grc' dir='ltr'>Ἡμεῖς</span> <span class='ocrx_word' id='word_1_177' title='bbox 381 1040 432 1078; x_wconf 78' lang='grc' dir='ltr'><strong>γὰρ</strong></span> <span class='ocrx_word' id='word_1_178' title='bbox 456 1040 572 1078; x_wconf 75' lang='grc' dir='ltr'>λέγομεν</span> <span class='ocrx_word' id='word_1_179' title='bbox 596 1041 645 1075; x_wconf 82' lang='grc' dir='ltr'><strong>τήν</strong></span> <span class='ocrx_word' id='word_1_180' title='bbox 666 1040 748 1075; x_wconf 68' lang='grc' dir='ltr'>αὐτὴν</span> <span class='ocrx_word' id='word_1_181' title='bbox 766 1040 810 1068; x_wconf 79' lang='grc' dir='ltr'><strong>καὶ</strong></span> <span class='ocrx_word' id='word_1_182' title='bbox 825 1041 892 1068; x_wconf 76' lang='grc' dir='ltr'>κατᾶ</span> <span class='ocrx_word' id='word_1_183' title='bbox 906 1051 970 1067; x_wconf 90' lang='grc' dir='ltr'>ταυ-</span> 
     </span>
    </p>
   </div>
   <div class='ocr_carea' id='block_1_24' title="bbox 143 1083 970 1123">
    <p class='ocr_par' dir='ltr' id='par_1_24' title="bbox 143 1083 970 1123">
     <span class='ocr_line' id='line_1_24' title="bbox 143 1083 970 1123; baseline -0.001 -11"><span class='ocrx_word' id='word_1_184' title='bbox 143 1085 193 1112; x_wconf 77' lang='grc' dir='ltr'><strong>τὸν</strong></span> <span class='ocrx_word' id='word_1_185' title='bbox 210 1085 277 1112; x_wconf 83' lang='grc' dir='ltr'>εῖναι</span> <span class='ocrx_word' id='word_1_186' title='bbox 295 1083 409 1122; x_wconf 86' lang='grc' dir='ltr'>ὁδηγίαν</span> <span class='ocrx_word' id='word_1_187' title='bbox 426 1085 532 1123; x_wconf 83' lang='grc' dir='ltr'>Πατρὸς</span> <span class='ocrx_word' id='word_1_188' title='bbox 547 1085 591 1112; x_wconf 85' lang='grc' dir='ltr'><strong>καὶ</strong></span> <span class='ocrx_word' id='word_1_189' title='bbox 609 1086 680 1121; x_wconf 74' lang='grc' dir='ltr'><strong>Υἱοῦ,</strong></span> <span class='ocrx_word' id='word_1_190' title='bbox 706 1085 751 1112; x_wconf 84' lang='grc' dir='ltr'><strong>καὶ</strong></span> <span class='ocrx_word' id='word_1_191' title='bbox 777 1085 856 1122; x_wconf 78' lang='grc' dir='ltr'>ἁγίου</span> <span class='ocrx_word' id='word_1_192' title='bbox 887 1084 970 1114; x_wconf 71' lang='grc' dir='ltr'>Πνεύ-</span> 
     </span>
    </p>
   </div>
   <div class='ocr_carea' id='block_1_25' title="bbox 145 1128 968 1168">
    <p class='ocr_par' dir='ltr' id='par_1_25' title="bbox 145 1128 968 1168">
     <span class='ocr_line' id='line_1_25' title="bbox 145 1128 968 1168; baseline 0 -12"><span class='ocrx_word' id='word_1_193' title='bbox 145 1139 242 1166; x_wconf 83' lang='grc' dir='ltr'>ματος.</span> <span class='ocrx_word' id='word_1_194' title='bbox 283 1129 357 1156; x_wconf 80' lang='grc' dir='ltr'>Ἐπεὶ</span> <span class='ocrx_word' id='word_1_195' title='bbox 389 1128 418 1156; x_wconf 71' lang='grc' dir='ltr'>δὲ</span> <span class='ocrx_word' id='word_1_196' title='bbox 446 1129 478 1156; x_wconf 80' lang='grc' dir='ltr'>σὺ</span> <span class='ocrx_word' id='word_1_197' title='bbox 509 1132 626 1168; x_wconf 85' lang='grc' dir='ltr'>μεριζεις</span> <span class='ocrx_word' id='word_1_198' title='bbox 653 1130 699 1157; x_wconf 87' lang='grc' dir='ltr'><strong>τὸν</strong></span> <span class='ocrx_word' id='word_1_199' title='bbox 728 1130 821 1166; x_wconf 85' lang='grc' dir='ltr'>καιρὸν</span> <span class='ocrx_word' id='word_1_200' title='bbox 848 1128 893 1157; x_wconf 75' lang='grc' dir='ltr'><strong>καί</strong></span> <span class='ocrx_word' id='word_1_201' title='bbox 919 1130 968 1164; x_wconf 85' lang='grc' dir='ltr'><strong>τήν</strong></span> 
     </span>
    </p>
   </div>
   <div class='ocr_carea' id='block_1_26' title="bbox 144 1172 967 1212">
    <p class='ocr_par' dir='ltr' id='par_1_26' title="bbox 144 1172 967 1212">
     <span class='ocr_line' id='line_1_26' title="bbox 144 1172 967 1212; baseline 0 -11"><span class='ocrx_word' id='word_1_202' title='bbox 144 1172 271 1210; x_wconf 79' lang='grc' dir='ltr'>ὁδηγίαν,</span> <span class='ocrx_word' id='word_1_203' title='bbox 302 1173 360 1201; x_wconf 56' lang='lat' dir='ltr'><strong>sint</strong></span> <span class='ocrx_word' id='word_1_204' title='bbox 387 1173 460 1212; x_wconf 85' lang='grc' dir='ltr'>παρὰ</span> <span class='ocrx_word' id='word_1_205' title='bbox 481 1174 554 1205; x_wconf 89' lang='grc' dir='ltr'>τίνος</span> <span class='ocrx_word' id='word_1_206' title='bbox 579 1173 709 1212; x_wconf 77' lang='grc' dir='ltr'>ὠδηγήθη</span> <span class='ocrx_word' id='word_1_207' title='bbox 736 1174 843 1212; x_wconf 87' lang='grc' dir='ltr'>πρώτον</span> <span class='ocrx_word' id='word_1_208' title='bbox 868 1173 967 1210; x_wconf 82' lang='grc' dir='ltr'>Ἀδὰμ,</span> 
     </span>
    </p>
   </div>
   <div class='ocr_carea' id='block_1_27' title="bbox 146 1216 969 1257">
    <p class='ocr_par' dir='ltr' id='par_1_27' title="bbox 146 1216 969 1257">
     <span class='ocr_line' id='line_1_27' title="bbox 146 1216 969 1257; baseline 0 -11"><span class='ocrx_word' id='word_1_209' title='bbox 146 1217 235 1254; x_wconf 62' lang='grc' dir='ltr'>μένων</span> <span class='ocrx_word' id='word_1_210' title='bbox 261 1217 287 1245; x_wconf 65' lang='grc' dir='ltr'>ἐν</span> <span class='ocrx_word' id='word_1_211' title='bbox 306 1221 347 1254; x_wconf 82' lang='grc' dir='ltr'><strong>τῷ</strong></span> <span class='ocrx_word' id='word_1_212' title='bbox 371 1217 527 1256; x_wconf 76' lang='grc' dir='ltr'>παραδείσῳ</span> <span class='ocrx_word' id='word_1_213' title='bbox 551 1219 604 1257; x_wconf 82' lang='grc' dir='ltr'><strong>πρὸ</strong></span> <span class='ocrx_word' id='word_1_214' title='bbox 624 1222 674 1253; x_wconf 88' lang='grc' dir='ltr'><strong>τῆς</strong></span> <span class='ocrx_word' id='word_1_215' title='bbox 685 1216 862 1256; x_wconf 72' lang='grc' dir='ltr'>παραϐάσεως</span> <span class='ocrx_word' id='word_1_216' title='bbox 888 1218 969 1256; x_wconf 67' lang='grc' dir='ltr'>ἐργά-</span> 
     </span>
    </p>
   </div>
   <div class='ocr_carea' id='block_1_28' title="bbox 143 1262 968 1302">
    <p class='ocr_par' dir='ltr' id='par_1_28' title="bbox 143 1262 968 1302">
     <span class='ocr_line' id='line_1_28' title="bbox 143 1262 968 1302; baseline 0 -12"><span class='ocrx_word' id='word_1_217' title='bbox 143 1264 234 1298; x_wconf 81' lang='grc' dir='ltr'>ζεσθαι</span> <span class='ocrx_word' id='word_1_218' title='bbox 262 1262 341 1290; x_wconf 78' lang='grc' dir='ltr'>αὐτὸν</span> <span class='ocrx_word' id='word_1_219' title='bbox 366 1263 410 1290; x_wconf 78' lang='grc' dir='ltr'><strong>καῖ</strong></span> <span class='ocrx_word' id='word_1_220' title='bbox 448 1262 600 1302; x_wconf 72' lang='grc' dir='ltr'>φυλάττειν·</span> <span class='ocrx_word' id='word_1_221' title='bbox 631 1264 704 1301; x_wconf 71' lang='grc' dir='ltr'>παρὰ</span> <span class='ocrx_word' id='word_1_222' title='bbox 730 1265 779 1290; x_wconf 74' lang='grc' dir='ltr'>τοῦ</span> <span class='ocrx_word' id='word_1_223' title='bbox 805 1263 921 1299; x_wconf 84' lang='grc' dir='ltr'>Πατρὸς,</span> <span class='ocrx_word' id='word_1_224' title='bbox 950 1263 968 1297; x_wconf 73' lang='grc' dir='ltr'><strong>ἢ</strong></span> 
     </span>
    </p>
   </div>
   <div class='ocr_carea' id='block_1_29' title="bbox 141 1306 967 1345">
    <p class='ocr_par' dir='ltr' id='par_1_29' title="bbox 141 1306 967 1345">
     <span class='ocr_line' id='line_1_29' title="bbox 141 1306 967 1345; baseline 0 -11"><span class='ocrx_word' id='word_1_225' title='bbox 141 1307 217 1345; x_wconf 70' lang='grc' dir='ltr'>παρὰ</span> <span class='ocrx_word' id='word_1_226' title='bbox 230 1309 278 1334; x_wconf 83' lang='grc' dir='ltr'><strong>τοῦ</strong></span> <span class='ocrx_word' id='word_1_227' title='bbox 294 1307 369 1341; x_wconf 70' lang='grc' dir='ltr'><strong>Υἱοῦ,</strong></span> <span class='ocrx_word' id='word_1_228' title='bbox 389 1307 406 1342; x_wconf 72' lang='grc' dir='ltr'>ἢ</span> <span class='ocrx_word' id='word_1_229' title='bbox 422 1307 495 1345; x_wconf 77' lang='grc' dir='ltr'>παρὰ</span> <span class='ocrx_word' id='word_1_230' title='bbox 509 1309 557 1334; x_wconf 79' lang='grc' dir='ltr'><strong>τοῦ</strong></span> <span class='ocrx_word' id='word_1_231' title='bbox 574 1306 654 1344; x_wconf 80' lang='grc' dir='ltr'>ἁγίου</span> <span class='ocrx_word' id='word_1_232' title='bbox 669 1306 826 1343; x_wconf 78' lang='grc' dir='ltr'>Πνεύματος</span> <span class='ocrx_word' id='word_1_233' title='bbox 841 1317 848 1342; x_wconf 85' lang='lat'><strong>;</strong></span> <span class='ocrx_word' id='word_1_234' title='bbox 865 1306 967 1336; x_wconf 78' lang='grc' dir='ltr'>Μακεδ.</span> 
     </span>
    </p>
   </div>
   <div class='ocr_carea' id='block_1_30' title="bbox 143 1351 970 1390">
    <p class='ocr_par' dir='ltr' id='par_1_30' title="bbox 143 1351 970 1390">
     <span class='ocr_line' id='line_1_30' title="bbox 143 1351 970 1390; baseline -0.001 -10"><span class='ocrx_word' id='word_1_235' title='bbox 143 1352 282 1390; x_wconf 84' lang='grc' dir='ltr'>Παρᾶτοῦ</span> <span class='ocrx_word' id='word_1_236' title='bbox 294 1351 461 1388; x_wconf 71' lang='grc' dir='ltr'>Ιῐνεῦματος,</span> <span class='ocrx_word' id='word_1_237' title='bbox 486 1353 559 1389; x_wconf 77' lang='grc' dir='ltr'><strong>Ὀρθ.</strong></span> <span class='ocrx_word' id='word_1_238' title='bbox 590 1351 712 1389; x_wconf 68' lang='grc' dir='ltr'>Καίτοιγς</span> <span class='ocrx_word' id='word_1_239' title='bbox 737 1351 852 1390; x_wconf 72' lang='grc' dir='ltr'>εἷ’ρητῃι·</span> <span class='ocrx_word' id='word_1_240' title='bbox 881 1363 895 1378; x_wconf 82' lang='lat' dir='ltr'><strong>u</strong></span> <span class='ocrx_word' id='word_1_241' title='bbox 920 1351 970 1379; x_wconf 74' lang='grc' dir='ltr'>Καί</span> 
     </span>
    </p>
   </div>
   <div class='ocr_carea' id='block_1_31' title="bbox 143 1393 968 1433">
    <p class='ocr_par' dir='ltr' id='par_1_31' title="bbox 143 1393 968 1433">
     <span class='ocr_line' id='line_1_31' title="bbox 143 1393 968 1433; baseline 0.001 -11"><span class='ocrx_word' id='word_1_242' title='bbox 143 1393 219 1423; x_wconf 76' lang='grc' dir='ltr'>ἔθετο</span> <span class='ocrx_word' id='word_1_243' title='bbox 243 1395 321 1423; x_wconf 79' lang='grc' dir='ltr'>αὐτὸν</span> <span class='ocrx_word' id='word_1_244' title='bbox 351 1395 365 1422; x_wconf 76' lang='grc' dir='ltr'><strong><em>ὀ</em></strong></span> <span class='ocrx_word' id='word_1_245' title='bbox 394 1395 458 1426; x_wconf 84' lang='grc' dir='ltr'>Θεὸς</span> <span class='ocrx_word' id='word_1_246' title='bbox 474 1395 500 1423; x_wconf 80' lang='grc' dir='ltr'>ἐν</span> <span class='ocrx_word' id='word_1_247' title='bbox 516 1398 555 1431; x_wconf 84' lang='grc' dir='ltr'>τῷ</span> <span class='ocrx_word' id='word_1_248' title='bbox 568 1394 722 1432; x_wconf 77' lang='grc' dir='ltr'>παραδείσῳ</span> <span class='ocrx_word' id='word_1_249' title='bbox 739 1396 895 1433; x_wconf 76' lang='grc' dir='ltr'>ἐργάζεσθαι</span> <span class='ocrx_word' id='word_1_250' title='bbox 924 1396 968 1423; x_wconf 85' lang='grc' dir='ltr'><strong>καὶ</strong></span> 
     </span>
    </p>
   </div>
   <div class='ocr_carea' id='block_1_32' title="bbox 144 1439 969 1479">
    <p class='ocr_par' dir='ltr' id='par_1_32' title="bbox 144 1439 969 1479">
     <span class='ocr_line' id='line_1_32' title="bbox 144 1439 969 1479; baseline 0.001 -12"><span class='ocrx_word' id='word_1_251' title='bbox 144 1439 300 1479; x_wconf 78' lang='grc' dir='ltr'>φυλάττειν.</span> <span class='ocrx_word' id='word_1_252' title='bbox 328 1452 342 1465; x_wconf 86' lang='grc'><strong>››</strong></span> <span class='ocrx_word' id='word_1_253' title='bbox 370 1440 474 1468; x_wconf 73' lang='grc' dir='ltr'>Οὐκοῦν</span> <span class='ocrx_word' id='word_1_254' title='bbox 497 1440 542 1467; x_wconf 77' lang='grc' dir='ltr'><strong>καὶ</strong></span> <span class='ocrx_word' id='word_1_255' title='bbox 566 1439 637 1468; x_wconf 79' lang='grc' dir='ltr'>ἄκων</span> <span class='ocrx_word' id='word_1_256' title='bbox 657 1440 805 1478; x_wconf 85' lang='grc' dir='ltr'>ὁμολογεῖς</span> <span class='ocrx_word' id='word_1_257' title='bbox 821 1441 886 1468; x_wconf 83' lang='grc' dir='ltr'>Θεὸν</span> <span class='ocrx_word' id='word_1_258' title='bbox 903 1441 969 1468; x_wconf 74' lang='grc' dir='ltr'>εἶναι</span> 
     </span>
    </p>
   </div>
   <div class='ocr_carea' id='block_1_33' title="bbox 142 1483 965 1524">
    <p class='ocr_par' dir='ltr' id='par_1_33' title="bbox 142 1483 965 1524">
     <span class='ocr_line' id='line_1_33' title="bbox 142 1483 965 1524; baseline 0.001 -13"><span class='ocrx_word' id='word_1_259' title='bbox 142 1484 176 1511; x_wconf 86' lang='grc' dir='ltr'><strong>τὸ</strong></span> <span class='ocrx_word' id='word_1_260' title='bbox 191 1487 310 1521; x_wconf 72' lang='grc' dir='ltr'>Πνεῦμον</span> <span class='ocrx_word' id='word_1_261' title='bbox 328 1483 421 1519; x_wconf 76' lang='grc' dir='ltr'>ἐπειδὴ</span> <span class='ocrx_word' id='word_1_262' title='bbox 433 1485 497 1512; x_wconf 72' lang='grc' dir='ltr'>αὐτὸ</span> <span class='ocrx_word' id='word_1_263' title='bbox 508 1487 614 1523; x_wconf 72' lang='grc' dir='ltr'>πρῶτον</span> <span class='ocrx_word' id='word_1_264' title='bbox 628 1484 738 1524; x_wconf 81' lang='grc' dir='ltr'>ὁδηγεῖν</span> <span class='ocrx_word' id='word_1_265' title='bbox 751 1484 852 1523; x_wconf 68' lang='grc' dir='ltr'>λὲγεις.</span> <span class='ocrx_word' id='word_1_266' title='bbox 865 1484 965 1514; x_wconf 73' lang='grc' dir='ltr'>Μακεδ,</span> 
     </span>
    </p>
   </div>
   <div class='ocr_carea' id='block_1_34' title="bbox 142 1528 966 1568">
    <p class='ocr_par' dir='ltr' id='par_1_34' title="bbox 142 1528 966 1568">
     <span class='ocr_line' id='line_1_34' title="bbox 142 1528 966 1568; baseline 0 -10"><span class='ocrx_word' id='word_1_267' title='bbox 142 1529 177 1558; x_wconf 79' lang='grc' dir='ltr'>Ὀ</span> <span class='ocrx_word' id='word_1_268' title='bbox 192 1529 257 1560; x_wconf 83' lang='grc' dir='ltr'>Θεὸς</span> <span class='ocrx_word' id='word_1_269' title='bbox 273 1528 304 1557; x_wconf 76' lang='grc' dir='ltr'>ἐκ</span> <span class='ocrx_word' id='word_1_270' title='bbox 317 1531 356 1565; x_wconf 85' lang='grc' dir='ltr'>τῷ</span> <span class='ocrx_word' id='word_1_271' title='bbox 372 1529 506 1566; x_wconf 81' lang='grc' dir='ltr'>Πνεύματι</span> <span class='ocrx_word' id='word_1_272' title='bbox 529 1529 633 1568; x_wconf 83' lang='grc' dir='ltr'>ὁδηγεῖ.</span> <span class='ocrx_word' id='word_1_273' title='bbox 663 1531 739 1568; x_wconf 78' lang='grc' dir='ltr'><strong>Ὀρο.</strong></span> <span class='ocrx_word' id='word_1_274' title='bbox 760 1530 808 1558; x_wconf 80' lang='grc' dir='ltr'>Καὶ</span> <span class='ocrx_word' id='word_1_275' title='bbox 832 1530 891 1562; x_wconf 83' lang='grc' dir='ltr'>πῶς</span> <span class='ocrx_word' id='word_1_276' title='bbox 921 1531 966 1568; x_wconf 78' lang='grc' dir='ltr'><strong>γέ-</strong></span> 
     </span>
    </p>
   </div>
   <div class='ocr_carea' id='block_1_35' title="bbox 140 1572 966 1613">
    <p class='ocr_par' dir='ltr' id='par_1_35' title="bbox 140 1572 966 1613">
     <span class='ocr_line' id='line_1_35' title="bbox 140 1572 966 1613; baseline 0.002 -13"><span class='ocrx_word' id='word_1_277' title='bbox 140 1583 272 1612; x_wconf 77' lang='grc' dir='ltr'>γραπται·</span> <span class='ocrx_word' id='word_1_278' title='bbox 299 1585 310 1599; x_wconf 76' lang='grc' dir='ltr'>ι</span> <span class='ocrx_word' id='word_1_279' title='bbox 337 1574 368 1602; x_wconf 91' lang='grc' dir='ltr'>Ὁ</span> <span class='ocrx_word' id='word_1_280' title='bbox 397 1572 535 1612; x_wconf 80' lang='grc' dir='ltr'>ὁδηγήσας</span> <span class='ocrx_word' id='word_1_281' title='bbox 565 1575 602 1605; x_wconf 85' lang='grc' dir='ltr'>ὡς</span> <span class='ocrx_word' id='word_1_282' title='bbox 631 1572 755 1613; x_wconf 76' lang='grc' dir='ltr'>πρόϐατα</span> <span class='ocrx_word' id='word_1_283' title='bbox 775 1575 821 1602; x_wconf 87' lang='grc' dir='ltr'><strong>τὸν</strong></span> <span class='ocrx_word' id='word_1_284' title='bbox 837 1574 903 1603; x_wconf 83' lang='grc' dir='ltr'>λαόν</span> <span class='ocrx_word' id='word_1_285' title='bbox 919 1585 966 1602; x_wconf 87' lang='grc' dir='ltr'><strong>σου</strong></span> 
     </span>
    </p>
   </div>
   <div class='ocr_carea' id='block_1_36' title="bbox 139 1617 840 1657">
    <p class='ocr_par' dir='ltr' id='par_1_36' title="bbox 139 1617 840 1657">
     <span class='ocr_line' id='line_1_36' title="bbox 139 1617 840 1657; baseline 0 -12"><span class='ocrx_word' id='word_1_286' title='bbox 139 1618 170 1646; x_wconf 74' lang='grc' dir='ltr'>ἒν</span> <span class='ocrx_word' id='word_1_287' title='bbox 185 1617 258 1656; x_wconf 81' lang='grc' dir='ltr'>χειρὶ</span> <span class='ocrx_word' id='word_1_288' title='bbox 284 1617 405 1649; x_wconf 72' lang='grc' dir='ltr'>Μωσέως</span> <span class='ocrx_word' id='word_1_289' title='bbox 420 1618 465 1646; x_wconf 70' lang='grc' dir='ltr'><strong>καὶ</strong></span> <span class='ocrx_word' id='word_1_290' title='bbox 479 1618 504 1646; x_wconf 76' lang='grc' dir='ltr'>ὲν</span> <span class='ocrx_word' id='word_1_291' title='bbox 527 1619 653 1657; x_wconf 79' lang='grc' dir='ltr'>βραχίονι</span> <span class='ocrx_word' id='word_1_292' title='bbox 677 1620 799 1657; x_wconf 73' lang='grc' dir='ltr'>Ἀαρώνς</span> <span class='ocrx_word' id='word_1_293' title='bbox 827 1631 840 1646; x_wconf 85' lang='grc'><strong>››</strong></span> 
     </span>
    </p>
   </div>
   <div class='ocr_carea' id='block_1_37' title="bbox 143 1662 968 1702">
    <p class='ocr_par' dir='ltr' id='par_1_37' title="bbox 143 1662 968 1702">
     <span class='ocr_line' id='line_1_37' title="bbox 143 1662 968 1702; baseline 0.001 -12"><span class='ocrx_word' id='word_1_294' title='bbox 143 1663 208 1701; x_wconf 77' lang='grc' dir='ltr'>χεὶρ</span> <span class='ocrx_word' id='word_1_295' title='bbox 224 1662 346 1694; x_wconf 72' lang='grc' dir='ltr'>Μωσέως</span> <span class='ocrx_word' id='word_1_296' title='bbox 361 1663 392 1690; x_wconf 75' lang='grc' dir='ltr'><strong>τὸ</strong></span> <span class='ocrx_word' id='word_1_297' title='bbox 409 1664 520 1700; x_wconf 81' lang='grc' dir='ltr'>Πνεῦμα</span> <span class='ocrx_word' id='word_1_298' title='bbox 533 1664 564 1691; x_wconf 85' lang='grc' dir='ltr'><strong>τὸ</strong></span> <span class='ocrx_word' id='word_1_299' title='bbox 575 1664 650 1702; x_wconf 75' lang='grc' dir='ltr'>ἅγιόν</span> <span class='ocrx_word' id='word_1_300' title='bbox 666 1663 721 1691; x_wconf 76' lang='grc' dir='ltr'>ἐστι</span> <span class='ocrx_word' id='word_1_301' title='bbox 734 1673 740 1698; x_wconf 91' lang='grc'><strong>;</strong></span> <span class='ocrx_word' id='word_1_302' title='bbox 753 1662 853 1692; x_wconf 84' lang='grc' dir='ltr'>Μακεδ.</span> <span class='ocrx_word' id='word_1_303' title='bbox 868 1664 900 1692; x_wconf 78' lang='lat' dir='ltr'><strong>Et</strong></span> <span class='ocrx_word' id='word_1_304' title='bbox 919 1664 968 1700; x_wconf 91' lang='grc' dir='ltr'><strong>μία</strong></span> 
     </span>
    </p>
   </div>
   <div class='ocr_carea' id='block_1_38' title="bbox 140 1706 965 1747">
    <p class='ocr_par' dir='ltr' id='par_1_38' title="bbox 140 1706 965 1747">
     <span class='ocr_line' id='line_1_38' title="bbox 140 1706 965 1747; baseline 0.002 -13"><span class='ocrx_word' id='word_1_305' title='bbox 140 1707 222 1747; x_wconf 75' lang='grc' dir='ltr'>φύσις</span> <span class='ocrx_word' id='word_1_306' title='bbox 238 1706 293 1734; x_wconf 75' lang='grc' dir='ltr'>ἐστὶ</span> <span class='ocrx_word' id='word_1_307' title='bbox 315 1708 430 1744; x_wconf 83' lang='grc' dir='ltr'>Πατρὸς,</span> <span class='ocrx_word' id='word_1_308' title='bbox 456 1707 501 1735; x_wconf 82' lang='grc' dir='ltr'><strong>καὶ</strong></span> <span class='ocrx_word' id='word_1_309' title='bbox 526 1708 600 1743; x_wconf 70' lang='grc' dir='ltr'><strong>Υἱοῦ,</strong></span> <span class='ocrx_word' id='word_1_310' title='bbox 622 1708 667 1736; x_wconf 84' lang='grc' dir='ltr'><strong>καὶ</strong></span> <span class='ocrx_word' id='word_1_311' title='bbox 696 1708 774 1746; x_wconf 82' lang='grc' dir='ltr'>ἁγίου</span> <span class='ocrx_word' id='word_1_312' title='bbox 799 1708 965 1745; x_wconf 71' lang='grc' dir='ltr'>Πνεύματος,</span> 
     </span>
    </p>
   </div>
   <div class='ocr_carea' id='block_1_39' title="bbox 141 1751 965 1790">
    <p class='ocr_par' dir='ltr' id='par_1_39' title="bbox 141 1751 965 1790">
     <span class='ocr_line' id='line_1_39' title="bbox 141 1751 965 1790; baseline 0.005 -12"><span class='ocrx_word' id='word_1_313' title='bbox 141 1751 251 1779; x_wconf 64' lang='grc' dir='ltr'>δύναται</span> <span class='ocrx_word' id='word_1_314' title='bbox 278 1751 323 1779; x_wconf 89' lang='grc' dir='ltr'><strong>καὶ</strong></span> <span class='ocrx_word' id='word_1_315' title='bbox 352 1755 481 1789; x_wconf 83' lang='grc' dir='ltr'>γεννῆσαι</span> <span class='ocrx_word' id='word_1_316' title='bbox 505 1752 549 1780; x_wconf 73' lang='grc' dir='ltr'><strong>καί</strong></span> <span class='ocrx_word' id='word_1_317' title='bbox 577 1753 666 1780; x_wconf 78' lang='grc' dir='ltr'>κτίσαι</span> <span class='ocrx_word' id='word_1_318' title='bbox 695 1753 725 1780; x_wconf 85' lang='grc' dir='ltr'><strong>τὸ</strong></span> <span class='ocrx_word' id='word_1_319' title='bbox 746 1754 866 1789; x_wconf 81' lang='grc' dir='ltr'>Πνεῦμα.</span> <span class='ocrx_word' id='word_1_320' title='bbox 892 1753 965 1790; x_wconf 81' lang='grc' dir='ltr'><strong>Ὀρθ.</strong></span> 
     </span>
    </p>
   </div>
   <div class='ocr_carea' id='block_1_40' title="bbox 141 1795 967 1835">
    <p class='ocr_par' dir='ltr' id='par_1_40' title="bbox 141 1795 967 1835">
     <span class='ocr_line' id='line_1_40' title="bbox 141 1795 967 1835; baseline 0.001 -12"><span class='ocrx_word' id='word_1_321' title='bbox 141 1796 214 1826; x_wconf 82' lang='grc' dir='ltr'>Μίαν</span> <span class='ocrx_word' id='word_1_322' title='bbox 228 1795 317 1834; x_wconf 79' lang='grc' dir='ltr'>λέγεις</span> <span class='ocrx_word' id='word_1_323' title='bbox 333 1796 411 1835; x_wconf 79' lang='grc' dir='ltr'>φύσιν</span> <span class='ocrx_word' id='word_1_324' title='bbox 429 1797 535 1835; x_wconf 83' lang='grc' dir='ltr'>ΙΙατρὸς</span> <span class='ocrx_word' id='word_1_325' title='bbox 549 1797 593 1825; x_wconf 79' lang='grc' dir='ltr'><strong>καὶ</strong></span> <span class='ocrx_word' id='word_1_326' title='bbox 609 1798 673 1825; x_wconf 74' lang='grc' dir='ltr'><strong>ι·ιοῦ</strong></span> <span class='ocrx_word' id='word_1_327' title='bbox 686 1797 730 1825; x_wconf 83' lang='grc' dir='ltr'><strong>καὶ</strong></span> <span class='ocrx_word' id='word_1_328' title='bbox 750 1797 826 1835; x_wconf 79' lang='grc' dir='ltr'>ἁγίου</span> <span class='ocrx_word' id='word_1_329' title='bbox 842 1797 967 1834; x_wconf 76' lang='grc' dir='ltr'>Πνεύμα-</span> 
     </span>
    </p>
   </div>
   <div class='ocr_carea' id='block_1_41' title="bbox 140 1839 964 1880">
    <p class='ocr_par' dir='ltr' id='par_1_41' title="bbox 140 1839 964 1880">
     <span class='ocr_line' id='line_1_41' title="bbox 140 1839 964 1880; baseline 0.001 -12"><span class='ocrx_word' id='word_1_330' title='bbox 140 1851 189 1871; x_wconf 82' lang='grc' dir='ltr'><strong>τος</strong></span> <span class='ocrx_word' id='word_1_331' title='bbox 204 1842 283 1876; x_wconf 83' lang='grc' dir='ltr'>εῖναι,</span> <span class='ocrx_word' id='word_1_332' title='bbox 300 1841 317 1875; x_wconf 75' lang='grc' dir='ltr'><strong>ἢ</strong></span> <span class='ocrx_word' id='word_1_333' title='bbox 334 1839 398 1869; x_wconf 74' lang='grc' dir='ltr'>οὐδὶ</span> <span class='ocrx_word' id='word_1_334' title='bbox 412 1843 492 1869; x_wconf 76' lang='grc' dir='ltr'>τοῦτο</span> <span class='ocrx_word' id='word_1_335' title='bbox 509 1840 596 1880; x_wconf 76' lang='grc' dir='ltr'>λίγεις</span> <span class='ocrx_word' id='word_1_336' title='bbox 610 1851 616 1875; x_wconf 86' lang='grc'>;</span> <span class='ocrx_word' id='word_1_337' title='bbox 631 1840 732 1870; x_wconf 86' lang='grc' dir='ltr'>Μακεδ.</span> <span class='ocrx_word' id='word_1_338' title='bbox 750 1841 817 1869; x_wconf 79' lang='grc' dir='ltr'>Μίαν</span> <span class='ocrx_word' id='word_1_339' title='bbox 834 1842 865 1869; x_wconf 80' lang='grc' dir='ltr'>οὐ</span> <span class='ocrx_word' id='word_1_340' title='bbox 881 1839 964 1879; x_wconf 71' lang='grc' dir='ltr'>λέγω·</span> 
     </span>
    </p>
   </div>
   <div class='ocr_carea' id='block_1_42' title="bbox 141 1884 966 1925">
    <p class='ocr_par' dir='ltr' id='par_1_42' title="bbox 141 1884 966 1925">
     <span class='ocr_line' id='line_1_42' title="bbox 141 1884 966 1925; baseline 0.001 -12"><span class='ocrx_word' id='word_1_341' title='bbox 141 1885 240 1921; x_wconf 80' lang='grc' dir='ltr'>ὁμοίαν</span> <span class='ocrx_word' id='word_1_342' title='bbox 268 1884 297 1913; x_wconf 71' lang='grc' dir='ltr'>δὲ</span> <span class='ocrx_word' id='word_1_343' title='bbox 325 1885 408 1923; x_wconf 70' lang='grc' dir='ltr'>Λέγω.</span> <span class='ocrx_word' id='word_1_344' title='bbox 438 1886 512 1924; x_wconf 82' lang='grc' dir='ltr'><strong>Ὀρθ.</strong></span> <span class='ocrx_word' id='word_1_345' title='bbox 532 1886 644 1923; x_wconf 82' lang='grc' dir='ltr'>Ὀμοίαν</span> <span class='ocrx_word' id='word_1_346' title='bbox 674 1886 776 1924; x_wconf 75' lang='grc' dir='ltr'>λέγεις,</span> <span class='ocrx_word' id='word_1_347' title='bbox 800 1886 839 1915; x_wconf 79' lang='grc' dir='ltr'><strong>ὡς</strong></span> <span class='ocrx_word' id='word_1_348' title='bbox 862 1888 966 1925; x_wconf 81' lang='grc' dir='ltr'>χρυσοῦ</span> 
     </span>
    </p>
   </div>
   <div class='ocr_carea' id='block_1_43' title="bbox 139 1928 964 1969">
    <p class='ocr_par' dir='ltr' id='par_1_43' title="bbox 139 1928 964 1969">
     <span class='ocr_line' id='line_1_43' title="bbox 139 1928 964 1969; baseline 0.004 -13"><span class='ocrx_word' id='word_1_349' title='bbox 139 1930 186 1957; x_wconf 81' lang='grc' dir='ltr'>καὶ</span> <span class='ocrx_word' id='word_1_350' title='bbox 203 1928 330 1968; x_wconf 77' lang='grc' dir='ltr'>χαλκοῦ;</span> <span class='ocrx_word' id='word_1_351' title='bbox 348 1929 450 1959; x_wconf 79' lang='grc' dir='ltr'>Μακεδ.</span> <span class='ocrx_word' id='word_1_352' title='bbox 477 1931 524 1964; x_wconf 85' lang='grc' dir='ltr'><strong>Μὴ</strong></span> <span class='ocrx_word' id='word_1_353' title='bbox 540 1930 663 1969; x_wconf 71' lang='grc' dir='ltr'>γένοιτοί</span> <span class='ocrx_word' id='word_1_354' title='bbox 681 1931 754 1967; x_wconf 69' lang='lat'><strong>’090.</strong></span> <span class='ocrx_word' id='word_1_355' title='bbox 772 1930 852 1958; x_wconf 89' lang='grc' dir='ltr'>Ἀλλ’</span> <span class='ocrx_word' id='word_1_356' title='bbox 866 1931 903 1962; x_wconf 83' lang='grc' dir='ltr'>ὡς</span> <span class='ocrx_word' id='word_1_357' title='bbox 918 1930 944 1959; x_wconf 88' lang='grc' dir='ltr'><strong>τί</strong></span> <span class='ocrx_word' id='word_1_358' title='bbox 958 1940 964 1966; x_wconf 90' lang='lat'><strong>;</strong></span> 
     </span>
    </p>
   </div>
   <div class='ocr_carea' id='block_1_44' title="bbox 141 1973 966 2013">
    <p class='ocr_par' dir='ltr' id='par_1_44' title="bbox 141 1973 966 2013">
     <span class='ocr_line' id='line_1_44' title="bbox 141 1973 966 2013; baseline 0.001 -11"><span class='ocrx_word' id='word_1_359' title='bbox 141 1973 245 2003; x_wconf 67' lang='grc' dir='ltr'>Μακεδ.</span> <span class='ocrx_word' id='word_1_360' title='bbox 262 1975 306 2006; x_wconf 75' lang='grc' dir='ltr'>Ὠς</span> <span class='ocrx_word' id='word_1_361' title='bbox 320 1977 424 2013; x_wconf 81' lang='grc' dir='ltr'>χρυσοῦ</span> <span class='ocrx_word' id='word_1_362' title='bbox 439 1975 484 2002; x_wconf 72' lang='grc' dir='ltr'><strong>καὶ</strong></span> <span class='ocrx_word' id='word_1_363' title='bbox 511 1977 626 2013; x_wconf 76' lang='grc' dir='ltr'>χρυσοῦ.</span> <span class='ocrx_word' id='word_1_364' title='bbox 653 1976 716 2012; x_wconf 75' lang='grc' dir='ltr'><strong>Ὀρθ</strong></span> <span class='ocrx_word' id='word_1_365' title='bbox 742 1977 826 2003; x_wconf 77' lang='grc' dir='ltr'>Τοῦτο</span> <span class='ocrx_word' id='word_1_366' title='bbox 839 1975 885 2002; x_wconf 83' lang='grc' dir='ltr'><strong>οὗν</strong></span> <span class='ocrx_word' id='word_1_367' title='bbox 910 1975 966 2003; x_wconf 61' lang='grc' dir='ltr'>ἔστι</span> 
     </span>
    </p>
   </div>
   <div class='ocr_carea' id='block_1_45' title="bbox 142 2017 967 2057">
    <p class='ocr_par' dir='ltr' id='par_1_45' title="bbox 142 2017 967 2057">
     <span class='ocr_line' id='line_1_45' title="bbox 142 2017 967 2057; baseline 0.001 -12"><span class='ocrx_word' id='word_1_368' title='bbox 142 2018 193 2055; x_wconf 86' lang='grc' dir='ltr'><strong>μία</strong></span> <span class='ocrx_word' id='word_1_369' title='bbox 208 2017 298 2057; x_wconf 78' lang='grc' dir='ltr'>φύσις.</span> <span class='ocrx_word' id='word_1_370' title='bbox 309 2018 403 2050; x_wconf 84' lang='grc' dir='ltr'>’Όλως</span> <span class='ocrx_word' id='word_1_371' title='bbox 415 2017 443 2046; x_wconf 79' lang='grc' dir='ltr'>δὲ</span> <span class='ocrx_word' id='word_1_372' title='bbox 458 2018 545 2049; x_wconf 72' lang='grc' dir='ltr'>οὕτως</span> <span class='ocrx_word' id='word_1_373' title='bbox 561 2018 657 2055; x_wconf 78' lang='grc' dir='ltr'>ὅμοιον</span> <span class='ocrx_word' id='word_1_374' title='bbox 677 2018 762 2056; x_wconf 66' lang='grc' dir='ltr'>λέγεις</span> <span class='ocrx_word' id='word_1_375' title='bbox 777 2019 823 2046; x_wconf 83' lang='grc' dir='ltr'><strong>τὸν</strong></span> <span class='ocrx_word' id='word_1_376' title='bbox 840 2019 901 2046; x_wconf 77' lang='grc' dir='ltr'>Υἱὸν</span> <span class='ocrx_word' id='word_1_377' title='bbox 927 2022 967 2055; x_wconf 83' lang='grc' dir='ltr'>τῷ</span> 
     </span>
    </p>
   </div>
   <div class='ocr_carea' id='block_1_46' title="bbox 141 2061 965 2101">
    <p class='ocr_par' dir='ltr' id='par_1_46' title="bbox 141 2061 965 2101">
     <span class='ocr_line' id='line_1_46' title="bbox 141 2061 965 2101; baseline 0 -11"><span class='ocrx_word' id='word_1_378' title='bbox 141 2062 240 2100; x_wconf 63' lang='grc' dir='ltr'>Ππρὶ,</span> <span class='ocrx_word' id='word_1_379' title='bbox 268 2062 305 2093; x_wconf 86' lang='grc' dir='ltr'><strong>ὡς</strong></span> <span class='ocrx_word' id='word_1_380' title='bbox 330 2063 430 2100; x_wconf 79' lang='grc' dir='ltr'>χρυσὸν</span> <span class='ocrx_word' id='word_1_381' title='bbox 456 2065 571 2101; x_wconf 78' lang='grc' dir='ltr'>χρυσῷ;</span> <span class='ocrx_word' id='word_1_382' title='bbox 596 2061 696 2090; x_wconf 81' lang='grc' dir='ltr'>Μακεδ.</span> <span class='ocrx_word' id='word_1_383' title='bbox 719 2062 779 2090; x_wconf 80' lang='grc' dir='ltr'>Ναί.</span> <span class='ocrx_word' id='word_1_384' title='bbox 804 2063 877 2100; x_wconf 87' lang='grc' dir='ltr'>Ὀρθ.</span> <span class='ocrx_word' id='word_1_385' title='bbox 904 2064 965 2091; x_wconf 74' lang='grc' dir='ltr'><strong>Ἐὰν</strong></span> 
     </span>
    </p>
   </div>
   <div class='ocr_carea' id='block_1_47' title="bbox 141 2106 965 2146">
    <p class='ocr_par' dir='ltr' id='par_1_47' title="bbox 141 2106 965 2146">
     <span class='ocr_line' id='line_1_47' title="bbox 141 2106 965 2146; baseline 0.001 -12"><span class='ocrx_word' id='word_1_386' title='bbox 141 2106 189 2135; x_wconf 78' lang='grc' dir='ltr'>οὖν</span> <span class='ocrx_word' id='word_1_387' title='bbox 216 2106 318 2144; x_wconf 73' lang='grc' dir='ltr'>θελήσῃ</span> <span class='ocrx_word' id='word_1_388' title='bbox 345 2107 358 2134; x_wconf 90' lang='grc' dir='ltr'><strong>ὁ</strong></span> <span class='ocrx_word' id='word_1_389' title='bbox 382 2107 456 2142; x_wconf 76' lang='grc' dir='ltr'>Υἱὸς,</span> <span class='ocrx_word' id='word_1_390' title='bbox 481 2111 530 2142; x_wconf 78' lang='grc' dir='ltr'>τῆς</span> <span class='ocrx_word' id='word_1_391' title='bbox 546 2107 629 2143; x_wconf 76' lang='grc' dir='ltr'>αὐτῆς</span> <span class='ocrx_word' id='word_1_392' title='bbox 644 2107 681 2135; x_wconf 83' lang='grc' dir='ltr'>ὥν</span> <span class='ocrx_word' id='word_1_393' title='bbox 698 2107 802 2146; x_wconf 68' lang='grc' dir='ltr'>φύσεως</span> <span class='ocrx_word' id='word_1_394' title='bbox 816 2109 855 2143; x_wconf 82' lang='grc' dir='ltr'>τῷ</span> <span class='ocrx_word' id='word_1_395' title='bbox 869 2108 965 2144; x_wconf 84' lang='grc' dir='ltr'>Πατρὶ,</span> 
     </span>
    </p>
   </div>
   <div class='ocr_carea' id='block_1_48' title="bbox 140 2150 966 2189">
    <p class='ocr_par' dir='ltr' id='par_1_48' title="bbox 140 2150 966 2189">
     <span class='ocr_line' id='line_1_48' title="bbox 140 2150 966 2189; baseline 0.001 -11"><span class='ocrx_word' id='word_1_396' title='bbox 140 2150 250 2179; x_wconf 73' lang='grc' dir='ltr'>δύναται</span> <span class='ocrx_word' id='word_1_397' title='bbox 266 2155 392 2189; x_wconf 74' lang='grc' dir='ltr'>γεννῆσαι</span> <span class='ocrx_word' id='word_1_398' title='bbox 422 2151 503 2186; x_wconf 84' lang='grc' dir='ltr'>Υίόν;</span> <span class='ocrx_word' id='word_1_399' title='bbox 533 2151 637 2181; x_wconf 78' lang='grc' dir='ltr'>Μακεδ,</span> <span class='ocrx_word' id='word_1_400' title='bbox 664 2151 725 2185; x_wconf 80' lang='grc' dir='ltr'>Ναὶ,</span> <span class='ocrx_word' id='word_1_401' title='bbox 755 2150 875 2179; x_wconf 71' lang='grc' dir='ltr'>δύναται·</span> <span class='ocrx_word' id='word_1_402' title='bbox 902 2151 966 2179; x_wconf 76' lang='grc' dir='ltr'>ἀλλ’</span> 
     </span>
    </p>
   </div>
   <div class='ocr_carea' id='block_1_49' title="bbox 135 2194 962 2234">
    <p class='ocr_par' dir='ltr' id='par_1_49' title="bbox 135 2194 962 2234">
     <span class='ocr_line' id='line_1_49' title="bbox 135 2194 962 2234; baseline 0.001 -11"><span class='ocrx_word' id='word_1_403' title='bbox 135 2195 184 2223; x_wconf 71' lang='grc' dir='ltr'>ἵνα</span> <span class='ocrx_word' id='word_1_404' title='bbox 199 2196 236 2232; x_wconf 85' lang='grc' dir='ltr'>μὴ</span> <span class='ocrx_word' id='word_1_405' title='bbox 253 2195 391 2234; x_wconf 83' lang='grc' dir='ltr'>θεογονίαν</span> <span class='ocrx_word' id='word_1_406' title='bbox 408 2194 594 2234; x_wconf 79' lang='grc' dir='ltr'>διδαχθῶμεν,</span> <span class='ocrx_word' id='word_1_407' title='bbox 623 2198 703 2224; x_wconf 75' lang='grc' dir='ltr'>τοῦτο</span> <span class='ocrx_word' id='word_1_408' title='bbox 727 2194 758 2223; x_wconf 74' lang='grc' dir='ltr'>οὔ</span> <span class='ocrx_word' id='word_1_409' title='bbox 779 2199 863 2224; x_wconf 86' lang='grc' dir='ltr'>ποιεῖ.</span> <span class='ocrx_word' id='word_1_410' title='bbox 891 2197 962 2233; x_wconf 85' lang='grc' dir='ltr'><strong>Ὀρθ.</strong></span> 
     </span>
    </p>
   </div>
   <div class='ocr_carea' id='block_1_50' title="bbox 138 2239 965 2280">
    <p class='ocr_par' dir='ltr' id='par_1_50' title="bbox 138 2239 965 2280">
     <span class='ocr_line' id='line_1_50' title="bbox 138 2239 965 2280; baseline -0.002 -10"><span class='ocrx_word' id='word_1_411' title='bbox 138 2239 226 2270; x_wconf 78' lang='grc' dir='ltr'>Οὖδὶν</span> <span class='ocrx_word' id='word_1_412' title='bbox 242 2239 293 2277; x_wconf 78' lang='grc' dir='ltr'><strong>ἄρα</strong></span> <span class='ocrx_word' id='word_1_413' title='bbox 306 2239 408 2268; x_wconf 81' lang='grc' dir='ltr'>κωλύει</span> <span class='ocrx_word' id='word_1_414' title='bbox 423 2244 473 2275; x_wconf 87' lang='grc' dir='ltr'><strong>τῆς</strong></span> <span class='ocrx_word' id='word_1_415' title='bbox 488 2240 572 2276; x_wconf 81' lang='grc' dir='ltr'>αὐτῆς</span> <span class='ocrx_word' id='word_1_416' title='bbox 587 2241 652 2269; x_wconf 80' lang='grc' dir='ltr'>εἶναι</span> <span class='ocrx_word' id='word_1_417' title='bbox 669 2240 773 2280; x_wconf 66' lang='grc' dir='ltr'>φύσεως</span> <span class='ocrx_word' id='word_1_418' title='bbox 795 2241 827 2268; x_wconf 87' lang='grc' dir='ltr'><strong>τὸ</strong></span> <span class='ocrx_word' id='word_1_419' title='bbox 856 2242 965 2277; x_wconf 78' lang='grc' dir='ltr'>Πνεῦμα</span> 
     </span>
    </p>
   </div>
   <div class='ocr_carea' id='block_1_51' title="bbox 872 1611 1003 1654">
    <p class='ocr_par' dir='ltr' id='par_1_51' title="bbox 872 1611 1003 1654">
     <span class='ocr_line' id='line_1_51' title="bbox 872 1611 1003 1654; baseline -0.023 -6"><span class='ocrx_word' id='word_1_420' title='bbox 872 1611 1003 1654; x_wconf 73' lang='grc' dir='ltr'><strong>Μὴὴϐ</strong></span> 
     </span>
    </p>
   </div>
   <div class='ocr_carea' id='block_1_52' title="bbox 1029 281 1848 319">
    <p class='ocr_par' dir='ltr' id='par_1_52' title="bbox 1029 281 1848 319">
     <span class='ocr_line' id='line_1_52' title="bbox 1029 281 1848 319; baseline -0.004 -8"><span class='ocrx_word' id='word_1_421' title='bbox 1029 284 1187 318; x_wconf 81' lang='lat' dir='ltr'><strong>deducens,</strong></span> <span class='ocrx_word' id='word_1_422' title='bbox 1214 284 1249 311; x_wconf 87' lang='lat' dir='ltr'><strong>ad</strong></span> <span class='ocrx_word' id='word_1_423' title='bbox 1278 284 1368 311; x_wconf 84' lang='lat' dir='ltr'><strong>alium</strong></span> <span class='ocrx_word' id='word_1_424' title='bbox 1394 284 1551 319; x_wconf 79' lang='lat' dir='ltr'><strong>quemdam</strong></span> <span class='ocrx_word' id='word_1_425' title='bbox 1585 281 1713 309; x_wconf 82' lang='lat' dir='ltr'><strong>deducit.</strong></span> <span class='ocrx_word' id='word_1_426' title='bbox 1744 281 1848 309; x_wconf 76' lang='lat' dir='ltr'><strong>Maced.</strong></span> 
     </span>
    </p>
   </div>
   <div class='ocr_carea' id='block_1_53' title="bbox 1028 325 1851 365">
    <p class='ocr_par' dir='ltr' id='par_1_53' title="bbox 1028 325 1851 365">
     <span class='ocr_line' id='line_1_53' title="bbox 1028 325 1851 365; baseline -0.005 -9"><span class='ocrx_word' id='word_1_427' title='bbox 1028 328 1103 364; x_wconf 81' lang='lat' dir='ltr'><strong>Dixi,</strong></span> <span class='ocrx_word' id='word_1_428' title='bbox 1119 329 1196 365; x_wconf 85' lang='lat' dir='ltr'><strong>quod</strong></span> <span class='ocrx_word' id='word_1_429' title='bbox 1214 329 1249 356; x_wconf 85' lang='lat' dir='ltr'><strong>ad</strong></span> <span class='ocrx_word' id='word_1_430' title='bbox 1266 328 1407 364; x_wconf 88' lang='lat' dir='ltr'><strong>seipsum.</strong></span> <span class='ocrx_word' id='word_1_431' title='bbox 1427 328 1499 356; x_wconf 74' lang='lat' dir='ltr'><strong>Orlh.</strong></span> <span class='ocrx_word' id='word_1_432' title='bbox 1517 327 1578 355; x_wconf 91' lang='lat' dir='ltr'><strong>Non</strong></span> <span class='ocrx_word' id='word_1_433' title='bbox 1592 326 1683 363; x_wconf 80' lang='lat' dir='ltr'><strong>igitur</strong></span> <span class='ocrx_word' id='word_1_434' title='bbox 1698 326 1746 361; x_wconf 86' lang='lat' dir='ltr'><strong>qui</strong></span> <span class='ocrx_word' id='word_1_435' title='bbox 1762 325 1851 352; x_wconf 89' lang='lat' dir='ltr'><strong>dedu-</strong></span> 
     </span>
    </p>
   </div>
   <div class='ocr_carea' id='block_1_54' title="bbox 1028 370 1848 409">
    <p class='ocr_par' dir='ltr' id='par_1_54' title="bbox 1028 370 1848 409">
     <span class='ocr_line' id='line_1_54' title="bbox 1028 370 1848 409; baseline -0.004 -9"><span class='ocrx_word' id='word_1_436' title='bbox 1028 372 1076 406; x_wconf 91' lang='lat' dir='ltr'><strong>cit,</strong></span> <span class='ocrx_word' id='word_1_437' title='bbox 1093 373 1128 401; x_wconf 77' lang='lat' dir='ltr'><strong>ad</strong></span> <span class='ocrx_word' id='word_1_438' title='bbox 1145 373 1233 400; x_wconf 89' lang='lat' dir='ltr'><strong>alium</strong></span> <span class='ocrx_word' id='word_1_439' title='bbox 1250 373 1409 409; x_wconf 82' lang='lat' dir='ltr'><strong>quemdam</strong></span> <span class='ocrx_word' id='word_1_440' title='bbox 1434 372 1562 406; x_wconf 81' lang='lat' dir='ltr'><strong>deducit,</strong></span> <span class='ocrx_word' id='word_1_441' title='bbox 1587 372 1636 400; x_wconf 88' lang='lat' dir='ltr'><strong>sed</strong></span> <span class='ocrx_word' id='word_1_442' title='bbox 1653 371 1688 398; x_wconf 88' lang='lat' dir='ltr'><strong>ad</strong></span> <span class='ocrx_word' id='word_1_443' title='bbox 1705 370 1848 406; x_wconf 89' lang='lat' dir='ltr'><strong>seipsum.</strong></span> 
     </span>
    </p>
   </div>
   <div class='ocr_carea' id='block_1_55' title="bbox 1027 414 1848 453">
    <p class='ocr_par' dir='ltr' id='par_1_55' title="bbox 1027 414 1848 453">
     <span class='ocr_line' id='line_1_55' title="bbox 1027 414 1848 453; baseline -0.004 -8"><span class='ocrx_word' id='word_1_444' title='bbox 1027 417 1109 450; x_wconf 87' lang='lat' dir='ltr'><strong>Quod</strong></span> <span class='ocrx_word' id='word_1_445' title='bbox 1125 418 1149 445; x_wconf 89' lang='lat' dir='ltr'><strong>si</strong></span> <span class='ocrx_word' id='word_1_446' title='bbox 1167 418 1207 445; x_wconf 81' lang='lat' dir='ltr'><strong>ita</strong></span> <span class='ocrx_word' id='word_1_447' title='bbox 1229 420 1283 449; x_wconf 85' lang='lat' dir='ltr'><strong>est,</strong></span> <span class='ocrx_word' id='word_1_448' title='bbox 1308 417 1436 453; x_wconf 75' lang='lat' dir='ltr'><strong>Spiritus</strong></span> <span class='ocrx_word' id='word_1_449' title='bbox 1459 425 1576 453; x_wconf 88' lang='lat' dir='ltr'><strong>quoque</strong></span> <span class='ocrx_word' id='word_1_450' title='bbox 1600 416 1746 443; x_wconf 78' lang='lat' dir='ltr'><strong>deducens</strong></span> <span class='ocrx_word' id='word_1_451' title='bbox 1769 417 1798 442; x_wconf 92' lang='lat' dir='ltr'><strong>et</strong></span> <span class='ocrx_word' id='word_1_452' title='bbox 1813 414 1848 442; x_wconf 82' lang='lat' dir='ltr'><strong>ad</strong></span> 
     </span>
    </p>
   </div>
   <div class='ocr_carea' id='block_1_56' title="bbox 1027 459 1848 498">
    <p class='ocr_par' dir='ltr' id='par_1_56' title="bbox 1027 459 1848 498">
     <span class='ocr_line' id='line_1_56' title="bbox 1027 459 1848 498; baseline -0.004 -9"><span class='ocrx_word' id='word_1_453' title='bbox 1027 462 1157 498; x_wconf 87' lang='lat' dir='ltr'><strong>seipsum</strong></span> <span class='ocrx_word' id='word_1_454' title='bbox 1174 461 1334 494; x_wconf 81' lang='lat' dir='ltr'><strong>deducit,et</strong></span> <span class='ocrx_word' id='word_1_455' title='bbox 1349 462 1384 489; x_wconf 88' lang='lat' dir='ltr'><strong>ad</strong></span> <span class='ocrx_word' id='word_1_456' title='bbox 1401 462 1515 489; x_wconf 80' lang='lat' dir='ltr'><strong>Patrem</strong></span> <span class='ocrx_word' id='word_1_457' title='bbox 1531 463 1560 488; x_wconf 89' lang='lat' dir='ltr'><strong>et</strong></span> <span class='ocrx_word' id='word_1_458' title='bbox 1575 460 1609 488; x_wconf 80' lang='lat' dir='ltr'><strong>ad</strong></span> <span class='ocrx_word' id='word_1_459' title='bbox 1626 459 1848 487; x_wconf 82' lang='lat' dir='ltr'><strong>Filium.0mnis</strong></span> 
     </span>
    </p>
   </div>
   <div class='ocr_carea' id='block_1_57' title="bbox 1026 503 1847 541">
    <p class='ocr_par' dir='ltr' id='par_1_57' title="bbox 1026 503 1847 541">
     <span class='ocr_line' id='line_1_57' title="bbox 1026 503 1847 541; baseline -0.005 -7"><span class='ocrx_word' id='word_1_460' title='bbox 1026 506 1105 534; x_wconf 89' lang='lat' dir='ltr'><strong>enim</strong></span> <span class='ocrx_word' id='word_1_461' title='bbox 1121 506 1172 534; x_wconf 84' lang='lat' dir='ltr'><strong>illa</strong></span> <span class='ocrx_word' id='word_1_462' title='bbox 1185 507 1294 534; x_wconf 85' lang='lat' dir='ltr'><strong>veritas</strong></span> <span class='ocrx_word' id='word_1_463' title='bbox 1310 507 1345 534; x_wconf 81' lang='lat' dir='ltr'><strong>ad</strong></span> <span class='ocrx_word' id='word_1_464' title='bbox 1362 514 1446 541; x_wconf 83' lang='lat' dir='ltr'><strong>quam</strong></span> <span class='ocrx_word' id='word_1_465' title='bbox 1469 505 1654 537; x_wconf 80' lang='lat' dir='ltr'><strong>deducimur,</strong></span> <span class='ocrx_word' id='word_1_466' title='bbox 1670 504 1743 532; x_wconf 86' lang='lat' dir='ltr'><strong>nihil</strong></span> <span class='ocrx_word' id='word_1_467' title='bbox 1768 503 1847 531; x_wconf 87' lang='lat' dir='ltr'><strong>aliud</strong></span> 
     </span>
    </p>
   </div>
   <div class='ocr_carea' id='block_1_58' title="bbox 1026 549 1848 587">
    <p class='ocr_par' dir='ltr' id='par_1_58' title="bbox 1026 549 1848 587">
     <span class='ocr_line' id='line_1_58' title="bbox 1026 549 1848 587; baseline -0.005 -8"><span class='ocrx_word' id='word_1_468' title='bbox 1026 553 1081 585; x_wconf 75' lang='lat' dir='ltr'><strong>est,</strong></span> <span class='ocrx_word' id='word_1_469' title='bbox 1099 559 1188 587; x_wconf 84' lang='lat' dir='ltr'><strong>quam</strong></span> <span class='ocrx_word' id='word_1_470' title='bbox 1204 551 1234 578; x_wconf 93' lang='lat' dir='ltr'><strong>in</strong></span> <span class='ocrx_word' id='word_1_471' title='bbox 1249 553 1378 584; x_wconf 86' lang='lat' dir='ltr'><strong>Patrem,</strong></span> <span class='ocrx_word' id='word_1_472' title='bbox 1393 550 1498 578; x_wconf 84' lang='lat' dir='ltr'><strong>Filium</strong></span> <span class='ocrx_word' id='word_1_473' title='bbox 1514 552 1543 577; x_wconf 85' lang='lat' dir='ltr'><strong>et</strong></span> <span class='ocrx_word' id='word_1_474' title='bbox 1556 549 1696 585; x_wconf 82' lang='lat' dir='ltr'><strong>Spiritum</strong></span> <span class='ocrx_word' id='word_1_475' title='bbox 1712 550 1848 576; x_wconf 89' lang='lat' dir='ltr'><strong>sanctum</strong></span> 
     </span>
    </p>
   </div>
   <div class='ocr_carea' id='block_1_59' title="bbox 1025 594 1849 631">
    <p class='ocr_par' dir='ltr' id='par_1_59' title="bbox 1025 594 1849 631">
     <span class='ocr_line' id='line_1_59' title="bbox 1025 594 1849 631; baseline -0.004 -8"><span class='ocrx_word' id='word_1_476' title='bbox 1025 595 1161 623; x_wconf 84' lang='lat' dir='ltr'><strong>deductio</strong></span> <span class='ocrx_word' id='word_1_477' title='bbox 1178 604 1184 622; x_wconf 92' lang='lat'><strong>:</strong></span> <span class='ocrx_word' id='word_1_478' title='bbox 1201 597 1229 623; x_wconf 87' lang='lat' dir='ltr'><strong>et</strong></span> <span class='ocrx_word' id='word_1_479' title='bbox 1242 596 1360 631; x_wconf 82' lang='lat' dir='ltr'><strong>quando</strong></span> <span class='ocrx_word' id='word_1_480' title='bbox 1375 595 1494 622; x_wconf 77' lang='lat' dir='ltr'><strong>deducit</strong></span> <span class='ocrx_word' id='word_1_481' title='bbox 1509 594 1639 628; x_wconf 82' lang='lat' dir='ltr'><strong>Pater,ad</strong></span> <span class='ocrx_word' id='word_1_482' title='bbox 1657 594 1786 629; x_wconf 89' lang='lat' dir='ltr'><strong>seipsum</strong></span> <span class='ocrx_word' id='word_1_483' title='bbox 1798 594 1849 620; x_wconf 89' lang='lat' dir='ltr'><strong>de-</strong></span> 
     </span>
    </p>
   </div>
   <div class='ocr_carea' id='block_1_60' title="bbox 1026 637 1849 676">
    <p class='ocr_par' dir='ltr' id='par_1_60' title="bbox 1026 637 1849 676">
     <span class='ocr_line' id='line_1_60' title="bbox 1026 637 1849 676; baseline -0.005 -8"><span class='ocrx_word' id='word_1_484' title='bbox 1026 640 1125 668; x_wconf 81' lang='lat' dir='ltr'><strong>ducit:</strong></span> <span class='ocrx_word' id='word_1_485' title='bbox 1142 643 1171 668; x_wconf 87' lang='lat' dir='ltr'><strong>et</strong></span> <span class='ocrx_word' id='word_1_486' title='bbox 1186 641 1303 676; x_wconf 84' lang='lat' dir='ltr'><strong>quando</strong></span> <span class='ocrx_word' id='word_1_487' title='bbox 1319 639 1438 667; x_wconf 84' lang='lat' dir='ltr'><strong>deducit</strong></span> <span class='ocrx_word' id='word_1_488' title='bbox 1452 639 1588 675; x_wconf 78' lang='lat' dir='ltr'><strong>Spiritus,</strong></span> <span class='ocrx_word' id='word_1_489' title='bbox 1602 638 1637 666; x_wconf 81' lang='lat' dir='ltr'><strong>ad</strong></span> <span class='ocrx_word' id='word_1_490' title='bbox 1653 637 1784 673; x_wconf 87' lang='lat' dir='ltr'><strong>seipsum</strong></span> <span class='ocrx_word' id='word_1_491' title='bbox 1801 637 1849 664; x_wconf 90' lang='lat' dir='ltr'><strong>de-</strong></span> 
     </span>
    </p>
   </div>
   <div class='ocr_carea' id='block_1_61' title="bbox 1025 681 1849 720">
    <p class='ocr_par' dir='ltr' id='par_1_61' title="bbox 1025 681 1849 720">
     <span class='ocr_line' id='line_1_61' title="bbox 1025 681 1849 720; baseline -0.006 -8"><span class='ocrx_word' id='word_1_492' title='bbox 1025 684 1117 712; x_wconf 86' lang='lat' dir='ltr'><strong>ducit.</strong></span> <span class='ocrx_word' id='word_1_493' title='bbox 1133 684 1232 712; x_wconf 80' lang='lat' dir='ltr'><strong>Maced.</strong></span> <span class='ocrx_word' id='word_1_494' title='bbox 1249 686 1285 712; x_wconf 86' lang='lat' dir='ltr'><strong>At</strong></span> <span class='ocrx_word' id='word_1_495' title='bbox 1300 684 1371 717; x_wconf 80' lang='lat' dir='ltr'><strong>dixi,</strong></span> <span class='ocrx_word' id='word_1_496' title='bbox 1388 683 1517 720; x_wconf 91' lang='lat' dir='ltr'><strong>primum</strong></span> <span class='ocrx_word' id='word_1_497' title='bbox 1533 683 1676 711; x_wconf 78' lang='lat' dir='ltr'><strong>deducere</strong></span> <span class='ocrx_word' id='word_1_498' title='bbox 1696 681 1849 717; x_wconf 76' lang='lat' dir='ltr'><strong>Spiritum,</strong></span> 
     </span>
    </p>
   </div>
   <div class='ocr_carea' id='block_1_62' title="bbox 1025 726 1849 761">
    <p class='ocr_par' dir='ltr' id='par_1_62' title="bbox 1025 726 1849 761">
     <span class='ocr_line' id='line_1_62' title="bbox 1025 726 1849 761; baseline -0.005 -4"><span class='ocrx_word' id='word_1_499' title='bbox 1025 732 1054 758; x_wconf 89' lang='lat' dir='ltr'><strong>et</strong></span> <span class='ocrx_word' id='word_1_500' title='bbox 1067 732 1130 757; x_wconf 88' lang='lat' dir='ltr'><strong>tum</strong></span> <span class='ocrx_word' id='word_1_501' title='bbox 1146 729 1265 757; x_wconf 90' lang='lat' dir='ltr'><strong>demum</strong></span> <span class='ocrx_word' id='word_1_502' title='bbox 1287 731 1388 757; x_wconf 89' lang='lat' dir='ltr'><strong>Deum.</strong></span> <span class='ocrx_word' id='word_1_503' title='bbox 1407 729 1483 757; x_wconf 82' lang='lat' dir='ltr'><strong>Orth.</strong></span> <span class='ocrx_word' id='word_1_504' title='bbox 1508 728 1538 756; x_wconf 92' lang='lat' dir='ltr'><strong>Si</strong></span> <span class='ocrx_word' id='word_1_505' title='bbox 1562 735 1628 755; x_wconf 89' lang='lat' dir='ltr'><strong>vero</strong></span> <span class='ocrx_word' id='word_1_506' title='bbox 1649 727 1780 761; x_wconf 80' lang='lat' dir='ltr'><strong>ejusdem</strong></span> <span class='ocrx_word' id='word_1_507' title='bbox 1796 726 1849 753; x_wconf 64' lang='lat' dir='ltr'><strong>vim</strong></span> 
     </span>
    </p>
   </div>
   <div class='ocr_carea' id='block_1_63' title="bbox 1025 771 1850 809">
    <p class='ocr_par' dir='ltr' id='par_1_63' title="bbox 1025 771 1850 809">
     <span class='ocr_line' id='line_1_63' title="bbox 1025 771 1850 809; baseline -0.006 -7"><span class='ocrx_word' id='word_1_508' title='bbox 1025 774 1084 802; x_wconf 79' lang='lat' dir='ltr'><strong>dux</strong></span> <span class='ocrx_word' id='word_1_509' title='bbox 1098 776 1143 802; x_wconf 87' lang='lat' dir='ltr'><strong>est</strong></span> <span class='ocrx_word' id='word_1_510' title='bbox 1156 774 1292 809; x_wconf 81' lang='lat' dir='ltr'><strong>Spiritus,</strong></span> <span class='ocrx_word' id='word_1_511' title='bbox 1309 774 1393 809; x_wconf 84' lang='lat' dir='ltr'><strong>cujus</strong></span> <span class='ocrx_word' id='word_1_512' title='bbox 1409 775 1436 801; x_wconf 86' lang='lat' dir='ltr'><strong>et</strong></span> <span class='ocrx_word' id='word_1_513' title='bbox 1453 775 1538 804; x_wconf 86' lang='lat' dir='ltr'><strong>Deus.</strong></span> <span class='ocrx_word' id='word_1_514' title='bbox 1555 779 1679 807; x_wconf 91' lang='lat' dir='ltr'><strong>quorum</strong></span> <span class='ocrx_word' id='word_1_515' title='bbox 1691 771 1793 799; x_wconf 85' lang='lat' dir='ltr'><strong>eadem</strong></span> <span class='ocrx_word' id='word_1_516' title='bbox 1804 773 1850 797; x_wconf 88' lang='lat' dir='ltr'><strong>est</strong></span> 
     </span>
    </p>
   </div>
   <div class='ocr_carea' id='block_1_64' title="bbox 1024 815 1846 855">
    <p class='ocr_par' dir='ltr' id='par_1_64' title="bbox 1024 815 1846 855">
     <span class='ocr_line' id='line_1_64' title="bbox 1024 815 1846 855; baseline -0.006 -9"><span class='ocrx_word' id='word_1_517' title='bbox 1024 818 1164 855; x_wconf 81' lang='lat' dir='ltr'><strong>operatio,</strong></span> <span class='ocrx_word' id='word_1_518' title='bbox 1178 826 1279 846; x_wconf 86' lang='lat' dir='ltr'><strong>eorum</strong></span> <span class='ocrx_word' id='word_1_519' title='bbox 1295 819 1395 846; x_wconf 82' lang='lat' dir='ltr'><strong>eadem</strong></span> <span class='ocrx_word' id='word_1_520' title='bbox 1414 820 1457 845; x_wconf 88' lang='lat' dir='ltr'><strong>est</strong></span> <span class='ocrx_word' id='word_1_521' title='bbox 1470 819 1499 845; x_wconf 87' lang='lat' dir='ltr'><strong>et</strong></span> <span class='ocrx_word' id='word_1_522' title='bbox 1524 819 1639 846; x_wconf 81' lang='lat' dir='ltr'><strong>natura.</strong></span> <span class='ocrx_word' id='word_1_523' title='bbox 1668 815 1767 844; x_wconf 75' lang='lat' dir='ltr'><strong>Maced.</strong></span> <span class='ocrx_word' id='word_1_524' title='bbox 1792 815 1846 842; x_wconf 85' lang='lat' dir='ltr'><strong>Sed</strong></span> 
     </span>
    </p>
   </div>
   <div class='ocr_carea' id='block_1_65' title="bbox 1024 859 1848 899">
    <p class='ocr_par' dir='ltr' id='par_1_65' title="bbox 1024 859 1848 899">
     <span class='ocr_line' id='line_1_65' title="bbox 1024 859 1848 899; baseline -0.006 -8"><span class='ocrx_word' id='word_1_525' title='bbox 1024 863 1078 891; x_wconf 86' lang='lat' dir='ltr'><strong>hoc</strong></span> <span class='ocrx_word' id='word_1_526' title='bbox 1094 863 1236 899; x_wconf 72' lang='lat' dir='ltr'><strong>queritur</strong></span> <span class='ocrx_word' id='word_1_527' title='bbox 1250 871 1257 890; x_wconf 88' lang='lat'>:</span> <span class='ocrx_word' id='word_1_528' title='bbox 1274 865 1371 890; x_wconf 89' lang='lat' dir='ltr'><strong>utrum</strong></span> <span class='ocrx_word' id='word_1_529' title='bbox 1389 862 1472 898; x_wconf 88' lang='lat' dir='ltr'><strong>prius</strong></span> <span class='ocrx_word' id='word_1_530' title='bbox 1487 861 1623 897; x_wconf 83' lang='lat' dir='ltr'><strong>Spiritus,</strong></span> <span class='ocrx_word' id='word_1_531' title='bbox 1636 869 1671 888; x_wconf 85' lang='lat' dir='ltr'><strong>an</strong></span> <span class='ocrx_word' id='word_1_532' title='bbox 1686 868 1754 887; x_wconf 80' lang='lat' dir='ltr'><strong>vero</strong></span> <span class='ocrx_word' id='word_1_533' title='bbox 1771 859 1848 887; x_wconf 83' lang='lat' dir='ltr'><strong>Deus</strong></span> 
     </span>
    </p>
   </div>
   <div class='ocr_carea' id='block_1_66' title="bbox 1024 905 1847 943">
    <p class='ocr_par' dir='ltr' id='par_1_66' title="bbox 1024 905 1847 943">
     <span class='ocr_line' id='line_1_66' title="bbox 1024 905 1847 943; baseline -0.006 -7"><span class='ocrx_word' id='word_1_534' title='bbox 1024 907 1329 941; x_wconf 76' lang='lat' dir='ltr'><strong>deducat..0rlh.Dixi,</strong></span> <span class='ocrx_word' id='word_1_535' title='bbox 1345 908 1420 943; x_wconf 89' lang='lat' dir='ltr'><strong>quod</strong></span> <span class='ocrx_word' id='word_1_536' title='bbox 1438 907 1509 935; x_wconf 87' lang='lat' dir='ltr'><strong>nihil</strong></span> <span class='ocrx_word' id='word_1_537' title='bbox 1527 906 1562 934; x_wconf 87' lang='lat' dir='ltr'><strong>ad</strong></span> <span class='ocrx_word' id='word_1_538' title='bbox 1575 905 1710 939; x_wconf 83' lang='lat' dir='ltr'><strong>rem,sive</strong></span> <span class='ocrx_word' id='word_1_539' title='bbox 1720 905 1847 941; x_wconf 85' lang='lat' dir='ltr'><strong>Spiritus</strong></span> 
     </span>
    </p>
   </div>
   <div class='ocr_carea' id='block_1_67' title="bbox 1026 950 1848 989">
    <p class='ocr_par' dir='ltr' id='par_1_67' title="bbox 1026 950 1848 989">
     <span class='ocr_line' id='line_1_67' title="bbox 1026 950 1848 989; baseline -0.005 -9"><span class='ocrx_word' id='word_1_540' title='bbox 1026 953 1154 989; x_wconf 89' lang='lat' dir='ltr'><strong>primum</strong></span> <span class='ocrx_word' id='word_1_541' title='bbox 1171 952 1342 986; x_wconf 80' lang='lat' dir='ltr'><strong>fecerit,sive</strong></span> <span class='ocrx_word' id='word_1_542' title='bbox 1355 951 1434 980; x_wconf 86' lang='lat' dir='ltr'><strong>Deus</strong></span> <span class='ocrx_word' id='word_1_543' title='bbox 1449 950 1674 987; x_wconf 86' lang='lat' dir='ltr'><strong>primum,quod</strong></span> <span class='ocrx_word' id='word_1_544' title='bbox 1691 957 1848 977; x_wconf 88' lang='lat' dir='ltr'><strong>commune</strong></span> 
     </span>
    </p>
   </div>
   <div class='ocr_carea' id='block_1_68' title="bbox 1025 993 1847 1033">
    <p class='ocr_par' dir='ltr' id='par_1_68' title="bbox 1025 993 1847 1033">
     <span class='ocr_line' id='line_1_68' title="bbox 1025 993 1847 1033; baseline -0.006 -8"><span class='ocrx_word' id='word_1_545' title='bbox 1025 1006 1082 1025; x_wconf 89' lang='lat' dir='ltr'><strong>non</strong></span> <span class='ocrx_word' id='word_1_546' title='bbox 1100 996 1233 1030; x_wconf 79' lang='lat' dir='ltr'><strong>est.0uin</strong></span> <span class='ocrx_word' id='word_1_547' title='bbox 1241 997 1435 1033; x_wconf 64' lang='lat' dir='ltr'><strong>potiusjuxta</strong></span> <span class='ocrx_word' id='word_1_548' title='bbox 1449 998 1532 1023; x_wconf 88' lang='lat' dir='ltr'><strong>tuum</strong></span> <span class='ocrx_word' id='word_1_549' title='bbox 1550 993 1750 1023; x_wconf 87' lang='lat' dir='ltr'><strong>sermonemin</strong></span> <span class='ocrx_word' id='word_1_550' title='bbox 1760 993 1847 1029; x_wconf 90' lang='lat' dir='ltr'><strong>pluri-</strong></span> 
     </span>
    </p>
   </div>
   <div class='ocr_carea' id='block_1_69' title="bbox 1024 1039 1846 1077">
    <p class='ocr_par' dir='ltr' id='par_1_69' title="bbox 1024 1039 1846 1077">
     <span class='ocr_line' id='line_1_69' title="bbox 1024 1039 1846 1077; baseline -0.007 -7"><span class='ocrx_word' id='word_1_551' title='bbox 1024 1042 1080 1070; x_wconf 86' lang='lat' dir='ltr'><strong>bus</strong></span> <span class='ocrx_word' id='word_1_552' title='bbox 1094 1042 1168 1070; x_wconf 75' lang='grc'><strong>481</strong></span> <span class='ocrx_word' id='word_1_553' title='bbox 1178 1041 1255 1070; x_wconf 88' lang='lat' dir='ltr'><strong>Deus</strong></span> <span class='ocrx_word' id='word_1_554' title='bbox 1269 1041 1378 1077; x_wconf 86' lang='lat' dir='ltr'><strong>Spiritu</strong></span> <span class='ocrx_word' id='word_1_555' title='bbox 1394 1040 1473 1076; x_wconf 86' lang='lat' dir='ltr'><strong>prior</strong></span> <span class='ocrx_word' id='word_1_556' title='bbox 1487 1040 1630 1067; x_wconf 85' lang='lat' dir='ltr'><strong>deducere</strong></span> <span class='ocrx_word' id='word_1_557' title='bbox 1641 1039 1846 1075; x_wconf 84' lang='lat' dir='ltr'><strong>comperietur.</strong></span> 
     </span>
    </p>
   </div>
   <div class='ocr_carea' id='block_1_70' title="bbox 1024 1082 1846 1120">
    <p class='ocr_par' dir='ltr' id='par_1_70' title="bbox 1024 1082 1846 1120">
     <span class='ocr_line' id='line_1_70' title="bbox 1024 1082 1846 1120; baseline -0.006 -6"><span class='ocrx_word' id='word_1_558' title='bbox 1024 1086 1084 1115; x_wconf 86' lang='lat' dir='ltr'><strong>Nos</strong></span> <span class='ocrx_word' id='word_1_559' title='bbox 1098 1086 1176 1113; x_wconf 90' lang='lat' dir='ltr'><strong>enim</strong></span> <span class='ocrx_word' id='word_1_560' title='bbox 1183 1086 1414 1120; x_wconf 87' lang='lat' dir='ltr'><strong>dicimus,unam</strong></span> <span class='ocrx_word' id='word_1_561' title='bbox 1422 1088 1451 1112; x_wconf 93' lang='lat' dir='ltr'><strong>et</strong></span> <span class='ocrx_word' id='word_1_562' title='bbox 1458 1085 1590 1113; x_wconf 83' lang='lat' dir='ltr'><strong>eamdem</strong></span> <span class='ocrx_word' id='word_1_563' title='bbox 1602 1091 1666 1111; x_wconf 85' lang='lat' dir='ltr'><strong>esse</strong></span> <span class='ocrx_word' id='word_1_564' title='bbox 1678 1082 1846 1116; x_wconf 81' lang='lat' dir='ltr'><strong>Patris,Filii</strong></span> 
     </span>
    </p>
   </div>
   <div class='ocr_carea' id='block_1_71' title="bbox 1025 1127 1844 1167">
    <p class='ocr_par' dir='ltr' id='par_1_71' title="bbox 1025 1127 1844 1167">
     <span class='ocr_line' id='line_1_71' title="bbox 1025 1127 1844 1167; baseline -0.005 -9"><span class='ocrx_word' id='word_1_565' title='bbox 1025 1133 1053 1159; x_wconf 91' lang='lat' dir='ltr'><strong>et</strong></span> <span class='ocrx_word' id='word_1_566' title='bbox 1068 1130 1195 1167; x_wconf 85' lang='lat' dir='ltr'><strong>Spiritus</strong></span> <span class='ocrx_word' id='word_1_567' title='bbox 1211 1129 1304 1158; x_wconf 82' lang='lat' dir='ltr'><strong>sancti</strong></span> <span class='ocrx_word' id='word_1_568' title='bbox 1320 1130 1535 1157; x_wconf 87' lang='lat' dir='ltr'><strong>deductionem.</strong></span> <span class='ocrx_word' id='word_1_569' title='bbox 1551 1129 1595 1156; x_wconf 90' lang='lat' dir='ltr'><strong>Tu</strong></span> <span class='ocrx_word' id='word_1_570' title='bbox 1610 1136 1677 1156; x_wconf 85' lang='lat' dir='ltr'><strong>vero</strong></span> <span class='ocrx_word' id='word_1_571' title='bbox 1701 1127 1844 1162; x_wconf 82' lang='lat' dir='ltr'><strong>siquidem</strong></span> 
     </span>
    </p>
   </div>
   <div class='ocr_carea' id='block_1_72' title="bbox 1024 1171 1846 1211">
    <p class='ocr_par' dir='ltr' id='par_1_72' title="bbox 1024 1171 1846 1211">
     <span class='ocr_line' id='line_1_72' title="bbox 1024 1171 1846 1211; baseline -0.006 -8"><span class='ocrx_word' id='word_1_572' title='bbox 1024 1177 1054 1203; x_wconf 86' lang='lat' dir='ltr'><strong>et</strong></span> <span class='ocrx_word' id='word_1_573' title='bbox 1068 1177 1185 1211; x_wconf 84' lang='lat' dir='ltr'><strong>tempus</strong></span> <span class='ocrx_word' id='word_1_574' title='bbox 1210 1176 1239 1202; x_wconf 85' lang='lat' dir='ltr'><strong>et</strong></span> <span class='ocrx_word' id='word_1_575' title='bbox 1261 1173 1467 1202; x_wconf 87' lang='lat' dir='ltr'><strong>deductionem</strong></span> <span class='ocrx_word' id='word_1_576' title='bbox 1493 1172 1610 1208; x_wconf 84' lang='lat' dir='ltr'><strong>dividis,</strong></span> <span class='ocrx_word' id='word_1_577' title='bbox 1634 1171 1681 1200; x_wconf 89' lang='lat' dir='ltr'><strong>dic</strong></span> <span class='ocrx_word' id='word_1_578' title='bbox 1705 1179 1815 1208; x_wconf 69' lang='lat' dir='ltr'><strong>quasso,</strong></span> <span class='ocrx_word' id='word_1_579' title='bbox 1830 1180 1846 1198; x_wconf 83' lang='lat' dir='ltr'>a</span> 
     </span>
    </p>
   </div>
   <div class='ocr_carea' id='block_1_73' title="bbox 1024 1217 1844 1256">
    <p class='ocr_par' dir='ltr' id='par_1_73' title="bbox 1024 1217 1844 1256">
     <span class='ocr_line' id='line_1_73' title="bbox 1024 1217 1844 1256; baseline -0.005 -9"><span class='ocrx_word' id='word_1_580' title='bbox 1024 1228 1083 1256; x_wconf 88' lang='lat' dir='ltr'><strong>quo</strong></span> <span class='ocrx_word' id='word_1_581' title='bbox 1101 1218 1191 1255; x_wconf 90' lang='lat' dir='ltr'><strong>primo</strong></span> <span class='ocrx_word' id='word_1_582' title='bbox 1211 1219 1298 1246; x_wconf 81' lang='lat' dir='ltr'><strong>Adam</strong></span> <span class='ocrx_word' id='word_1_583' title='bbox 1322 1218 1465 1246; x_wconf 86' lang='lat' dir='ltr'><strong>deductus</strong></span> <span class='ocrx_word' id='word_1_584' title='bbox 1493 1217 1592 1249; x_wconf 80' lang='lat' dir='ltr'><strong>fuerit,</strong></span> <span class='ocrx_word' id='word_1_585' title='bbox 1617 1217 1688 1245; x_wconf 89' lang='lat' dir='ltr'><strong>dum</strong></span> <span class='ocrx_word' id='word_1_586' title='bbox 1712 1217 1743 1244; x_wconf 90' lang='lat' dir='ltr'><strong>in</strong></span> <span class='ocrx_word' id='word_1_587' title='bbox 1761 1225 1844 1251; x_wconf 84' lang='lat' dir='ltr'><strong>paru-</strong></span> 
     </span>
    </p>
   </div>
   <div class='ocr_carea' id='block_1_74' title="bbox 1024 1262 1843 1299">
    <p class='ocr_par' dir='ltr' id='par_1_74' title="bbox 1024 1262 1843 1299">
     <span class='ocr_line' id='line_1_74' title="bbox 1024 1262 1843 1299; baseline -0.006 -7"><span class='ocrx_word' id='word_1_588' title='bbox 1024 1263 1088 1292; x_wconf 90' lang='lat' dir='ltr'><strong>diso</strong></span> <span class='ocrx_word' id='word_1_589' title='bbox 1111 1266 1178 1291; x_wconf 80' lang='lat' dir='ltr'><strong>ante</strong></span> <span class='ocrx_word' id='word_1_590' title='bbox 1202 1262 1466 1299; x_wconf 73' lang='lat' dir='ltr'><strong>transgressionem</strong></span> <span class='ocrx_word' id='word_1_591' title='bbox 1500 1263 1611 1291; x_wconf 81' lang='lat' dir='ltr'><strong>mansit</strong></span> <span class='ocrx_word' id='word_1_592' title='bbox 1631 1262 1666 1290; x_wconf 83' lang='lat' dir='ltr'><strong>ad</strong></span> <span class='ocrx_word' id='word_1_593' title='bbox 1689 1262 1843 1290; x_wconf 89' lang='lat' dir='ltr'><strong>colendum</strong></span> 
     </span>
    </p>
   </div>
   <div class='ocr_carea' id='block_1_75' title="bbox 1022 1306 1844 1340">
    <p class='ocr_par' dir='ltr' id='par_1_75' title="bbox 1022 1306 1844 1340">
     <span class='ocr_line' id='line_1_75' title="bbox 1022 1306 1844 1340; baseline -0.004 -4"><span class='ocrx_word' id='word_1_594' title='bbox 1022 1317 1090 1337; x_wconf 88' lang='lat' dir='ltr'><strong>eum</strong></span> <span class='ocrx_word' id='word_1_595' title='bbox 1105 1311 1135 1336; x_wconf 90' lang='lat' dir='ltr'><strong>et</strong></span> <span class='ocrx_word' id='word_1_596' title='bbox 1149 1308 1397 1336; x_wconf 82' lang='lat' dir='ltr'><strong>custodiendum?</strong></span> <span class='ocrx_word' id='word_1_597' title='bbox 1413 1316 1430 1335; x_wconf 81' lang='grc' dir='ltr'>ο.</span> <span class='ocrx_word' id='word_1_598' title='bbox 1445 1309 1577 1340; x_wconf 84' lang='lat' dir='ltr'><strong>Patrone,</strong></span> <span class='ocrx_word' id='word_1_599' title='bbox 1592 1316 1628 1334; x_wconf 85' lang='lat' dir='ltr'><strong>an</strong></span> <span class='ocrx_word' id='word_1_600' title='bbox 1644 1315 1660 1334; x_wconf 83' lang='lat' dir='ltr'><strong>a</strong></span> <span class='ocrx_word' id='word_1_601' title='bbox 1676 1306 1758 1340; x_wconf 84' lang='lat' dir='ltr'><strong>Filio,</strong></span> <span class='ocrx_word' id='word_1_602' title='bbox 1775 1315 1810 1334; x_wconf 81' lang='lat' dir='ltr'><strong>an</strong></span> <span class='ocrx_word' id='word_1_603' title='bbox 1828 1315 1844 1333; x_wconf 75' lang='grc' dir='ltr'>ιι</span> 
     </span>
    </p>
   </div>
   <div class='ocr_carea' id='block_1_76' title="bbox 1023 1350 1844 1389">
    <p class='ocr_par' dir='ltr' id='par_1_76' title="bbox 1023 1350 1844 1389">
     <span class='ocr_line' id='line_1_76' title="bbox 1023 1350 1844 1389; baseline -0.004 -9"><span class='ocrx_word' id='word_1_604' title='bbox 1023 1353 1132 1389; x_wconf 88' lang='lat' dir='ltr'><strong>Spiritu</strong></span> <span class='ocrx_word' id='word_1_605' title='bbox 1148 1352 1274 1380; x_wconf 81' lang='lat' dir='ltr'><strong>sancto?</strong></span> <span class='ocrx_word' id='word_1_606' title='bbox 1289 1352 1388 1380; x_wconf 78' lang='lat' dir='ltr'><strong>Maced.</strong></span> <span class='ocrx_word' id='word_1_607' title='bbox 1404 1353 1427 1380; x_wconf 84' lang='lat' dir='ltr'><strong>A</strong></span> <span class='ocrx_word' id='word_1_608' title='bbox 1448 1351 1568 1388; x_wconf 88' lang='lat' dir='ltr'><strong>Spiritu.</strong></span> <span class='ocrx_word' id='word_1_609' title='bbox 1586 1351 1664 1379; x_wconf 76' lang='lat' dir='ltr'><strong>Orth.</strong></span> <span class='ocrx_word' id='word_1_610' title='bbox 1688 1350 1774 1386; x_wconf 83' lang='lat' dir='ltr'><strong>Atqui</strong></span> <span class='ocrx_word' id='word_1_611' title='bbox 1799 1351 1844 1377; x_wconf 92' lang='lat' dir='ltr'><strong>di-</strong></span> 
     </span>
    </p>
   </div>
   <div class='ocr_carea' id='block_1_77' title="bbox 1023 1395 1843 1432">
    <p class='ocr_par' dir='ltr' id='par_1_77' title="bbox 1023 1395 1843 1432">
     <span class='ocr_line' id='line_1_77' title="bbox 1023 1395 1843 1432; baseline -0.005 -7"><span class='ocrx_word' id='word_1_612' title='bbox 1023 1397 1100 1425; x_wconf 91' lang='lat' dir='ltr'><strong>citur</strong></span> <span class='ocrx_word' id='word_1_613' title='bbox 1115 1405 1121 1425; x_wconf 90' lang='lat'>:</span> <span class='ocrx_word' id='word_1_614' title='bbox 1141 1408 1155 1424; x_wconf 81' lang='grc' dir='ltr'>ι</span> <span class='ocrx_word' id='word_1_615' title='bbox 1170 1397 1202 1425; x_wconf 85' lang='lat' dir='ltr'><strong>Et</strong></span> <span class='ocrx_word' id='word_1_616' title='bbox 1217 1396 1369 1425; x_wconf 80' lang='lat' dir='ltr'><strong>collocavit</strong></span> <span class='ocrx_word' id='word_1_617' title='bbox 1382 1397 1479 1432; x_wconf 88' lang='lat' dir='ltr'><strong>ipsum</strong></span> <span class='ocrx_word' id='word_1_618' title='bbox 1497 1396 1574 1424; x_wconf 89' lang='lat' dir='ltr'><strong>Deus</strong></span> <span class='ocrx_word' id='word_1_619' title='bbox 1595 1395 1625 1423; x_wconf 91' lang='lat' dir='ltr'><strong>in</strong></span> <span class='ocrx_word' id='word_1_620' title='bbox 1651 1395 1784 1432; x_wconf 79' lang='lat' dir='ltr'><strong>paradiso</strong></span> <span class='ocrx_word' id='word_1_621' title='bbox 1809 1395 1843 1420; x_wconf 75' lang='lat' dir='ltr'><strong>ad</strong></span> 
     </span>
    </p>
   </div>
   <div class='ocr_carea' id='block_1_78' title="bbox 1022 1439 1844 1473">
    <p class='ocr_par' dir='ltr' id='par_1_78' title="bbox 1022 1439 1844 1473">
     <span class='ocr_line' id='line_1_78' title="bbox 1022 1439 1844 1473; baseline -0.005 -4"><span class='ocrx_word' id='word_1_622' title='bbox 1022 1441 1178 1469; x_wconf 81' lang='lat' dir='ltr'><strong>colendum</strong></span> <span class='ocrx_word' id='word_1_623' title='bbox 1193 1449 1259 1469; x_wconf 91' lang='lat' dir='ltr'><strong>eum</strong></span> <span class='ocrx_word' id='word_1_624' title='bbox 1271 1443 1301 1469; x_wconf 88' lang='lat' dir='ltr'><strong>et</strong></span> <span class='ocrx_word' id='word_1_625' title='bbox 1316 1441 1542 1469; x_wconf 88' lang='lat' dir='ltr'><strong>custodiendum</strong></span> <span class='ocrx_word' id='word_1_626' title='bbox 1558 1441 1590 1473; x_wconf 75' lang='grc' dir='ltr'><strong>⁵ο,</strong></span> <span class='ocrx_word' id='word_1_627' title='bbox 1607 1451 1621 1465; x_wconf 81' lang='grc'><strong>››</strong></span> <span class='ocrx_word' id='word_1_628' title='bbox 1637 1447 1735 1468; x_wconf 82' lang='lat' dir='ltr'><strong>annon</strong></span> <span class='ocrx_word' id='word_1_629' title='bbox 1751 1439 1794 1466; x_wconf 87' lang='lat' dir='ltr'><strong>vel</strong></span> <span class='ocrx_word' id='word_1_630' title='bbox 1807 1439 1844 1465; x_wconf 89' lang='lat' dir='ltr'><strong>in-</strong></span> 
     </span>
    </p>
   </div>
   <div class='ocr_carea' id='block_1_79' title="bbox 1021 1483 1844 1522">
    <p class='ocr_par' dir='ltr' id='par_1_79' title="bbox 1021 1483 1844 1522">
     <span class='ocr_line' id='line_1_79' title="bbox 1021 1483 1844 1522; baseline -0.005 -8"><span class='ocrx_word' id='word_1_631' title='bbox 1021 1486 1099 1514; x_wconf 83' lang='lat' dir='ltr'><strong>vitus</strong></span> <span class='ocrx_word' id='word_1_632' title='bbox 1115 1487 1270 1522; x_wconf 80' lang='lat' dir='ltr'><strong>proﬁteris,</strong></span> <span class='ocrx_word' id='word_1_633' title='bbox 1284 1485 1425 1521; x_wconf 87' lang='lat' dir='ltr'><strong>Spiritum</strong></span> <span class='ocrx_word' id='word_1_634' title='bbox 1445 1492 1509 1513; x_wconf 88' lang='lat' dir='ltr'><strong>esse</strong></span> <span class='ocrx_word' id='word_1_635' title='bbox 1525 1485 1616 1513; x_wconf 89' lang='lat' dir='ltr'><strong>Deum</strong></span> <span class='ocrx_word' id='word_1_636' title='bbox 1637 1493 1644 1512; x_wconf 91' lang='lat'><strong>:</strong></span> <span class='ocrx_word' id='word_1_637' title='bbox 1661 1483 1844 1520; x_wconf 87' lang='lat' dir='ltr'><strong>quandoqui-</strong></span> 
     </span>
    </p>
   </div>
   <div class='ocr_carea' id='block_1_80' title="bbox 1021 1528 1843 1567">
    <p class='ocr_par' dir='ltr' id='par_1_80' title="bbox 1021 1528 1843 1567">
     <span class='ocr_line' id='line_1_80' title="bbox 1021 1528 1843 1567; baseline -0.005 -8"><span class='ocrx_word' id='word_1_638' title='bbox 1021 1531 1087 1559; x_wconf 86' lang='lat' dir='ltr'><strong>dem</strong></span> <span class='ocrx_word' id='word_1_639' title='bbox 1113 1531 1242 1567; x_wconf 89' lang='lat' dir='ltr'><strong>primum</strong></span> <span class='ocrx_word' id='word_1_640' title='bbox 1270 1530 1368 1567; x_wconf 85' lang='lat' dir='ltr'><strong>ipsum</strong></span> <span class='ocrx_word' id='word_1_641' title='bbox 1401 1530 1544 1558; x_wconf 86' lang='lat' dir='ltr'><strong>deducere</strong></span> <span class='ocrx_word' id='word_1_642' title='bbox 1567 1528 1718 1558; x_wconf 77' lang='lat' dir='ltr'><strong>afﬁrmas?</strong></span> <span class='ocrx_word' id='word_1_643' title='bbox 1744 1528 1843 1556; x_wconf 75' lang='lat' dir='ltr'><strong>Maced.</strong></span> 
     </span>
    </p>
   </div>
   <div class='ocr_carea' id='block_1_81' title="bbox 1024 1573 1845 1611">
    <p class='ocr_par' dir='ltr' id='par_1_81' title="bbox 1024 1573 1845 1611">
     <span class='ocr_line' id='line_1_81' title="bbox 1024 1573 1845 1611; baseline -0.004 -8"><span class='ocrx_word' id='word_1_644' title='bbox 1024 1576 1099 1604; x_wconf 88' lang='lat' dir='ltr'><strong>Deus</strong></span> <span class='ocrx_word' id='word_1_645' title='bbox 1124 1575 1153 1603; x_wconf 94' lang='lat' dir='ltr'><strong>in</strong></span> <span class='ocrx_word' id='word_1_646' title='bbox 1179 1575 1289 1611; x_wconf 88' lang='lat' dir='ltr'><strong>Spiritu</strong></span> <span class='ocrx_word' id='word_1_647' title='bbox 1314 1574 1441 1603; x_wconf 89' lang='lat' dir='ltr'><strong>deducit.</strong></span> <span class='ocrx_word' id='word_1_648' title='bbox 1468 1575 1544 1603; x_wconf 79' lang='lat' dir='ltr'><strong>Orth.</strong></span> <span class='ocrx_word' id='word_1_649' title='bbox 1581 1574 1730 1608; x_wconf 86' lang='lat' dir='ltr'><strong>Quomodo</strong></span> <span class='ocrx_word' id='word_1_650' title='bbox 1754 1573 1845 1609; x_wconf 87' lang='lat' dir='ltr'><strong>igitur</strong></span> 
     </span>
    </p>
   </div>
   <div class='ocr_carea' id='block_1_82' title="bbox 1021 1619 1842 1657">
    <p class='ocr_par' dir='ltr' id='par_1_82' title="bbox 1021 1619 1842 1657">
     <span class='ocr_line' id='line_1_82' title="bbox 1021 1619 1842 1657; baseline -0.004 -9"><span class='ocrx_word' id='word_1_651' title='bbox 1021 1620 1164 1657; x_wconf 82' lang='lat' dir='ltr'><strong>scriptum</strong></span> <span class='ocrx_word' id='word_1_652' title='bbox 1179 1623 1240 1649; x_wconf 84' lang='lat' dir='ltr'><strong>est:</strong></span> <span class='ocrx_word' id='word_1_653' title='bbox 1253 1620 1423 1649; x_wconf 79' lang='lat' dir='ltr'><strong>«Deduxisti</strong></span> <span class='ocrx_word' id='word_1_654' title='bbox 1439 1620 1516 1648; x_wconf 86' lang='lat' dir='ltr'><strong>sicut</strong></span> <span class='ocrx_word' id='word_1_655' title='bbox 1526 1628 1592 1648; x_wconf 89' lang='lat' dir='ltr'><strong>oves</strong></span> <span class='ocrx_word' id='word_1_656' title='bbox 1607 1619 1748 1655; x_wconf 90' lang='lat' dir='ltr'><strong>populum</strong></span> <span class='ocrx_word' id='word_1_657' title='bbox 1761 1621 1842 1646; x_wconf 90' lang='lat' dir='ltr'><strong>tuum</strong></span> 
     </span>
    </p>
   </div>
   <div class='ocr_carea' id='block_1_83' title="bbox 1023 1664 1843 1694">
    <p class='ocr_par' dir='ltr' id='par_1_83' title="bbox 1023 1664 1843 1694">
     <span class='ocr_line' id='line_1_83' title="bbox 1023 1664 1843 1694; baseline -0.004 -1"><span class='ocrx_word' id='word_1_658' title='bbox 1023 1665 1053 1693; x_wconf 88' lang='lat' dir='ltr'><strong>in</strong></span> <span class='ocrx_word' id='word_1_659' title='bbox 1069 1673 1158 1693; x_wconf 89' lang='lat' dir='ltr'><strong>manu</strong></span> <span class='ocrx_word' id='word_1_660' title='bbox 1175 1665 1265 1694; x_wconf 87' lang='lat' dir='ltr'><strong>Mosis</strong></span> <span class='ocrx_word' id='word_1_661' title='bbox 1289 1668 1317 1694; x_wconf 91' lang='lat' dir='ltr'><strong>et</strong></span> <span class='ocrx_word' id='word_1_662' title='bbox 1332 1666 1361 1693; x_wconf 90' lang='lat' dir='ltr'><strong>in</strong></span> <span class='ocrx_word' id='word_1_663' title='bbox 1387 1665 1505 1693; x_wconf 85' lang='lat' dir='ltr'><strong>brachio</strong></span> <span class='ocrx_word' id='word_1_664' title='bbox 1529 1665 1654 1692; x_wconf 83' lang='lat' dir='ltr'><strong>Aaronis</strong></span> <span class='ocrx_word' id='word_1_665' title='bbox 1668 1664 1691 1682; x_wconf 72' lang='grc' dir='ltr'><strong>⁸ο</strong></span> <span class='ocrx_word' id='word_1_666' title='bbox 1706 1666 1718 1692; x_wconf 78' lang='lat' dir='ltr'><strong>P</strong></span> <span class='ocrx_word' id='word_1_667' title='bbox 1734 1674 1748 1688; x_wconf 89' lang='lat'>»</span> <span class='ocrx_word' id='word_1_668' title='bbox 1768 1664 1843 1691; x_wconf 92' lang='lat' dir='ltr'><strong>Num</strong></span> 
     </span>
    </p>
   </div>
   <div class='ocr_carea' id='block_1_84' title="bbox 1023 1708 1845 1746">
    <p class='ocr_par' dir='ltr' id='par_1_84' title="bbox 1023 1708 1845 1746">
     <span class='ocr_line' id='line_1_84' title="bbox 1023 1708 1845 1746; baseline -0.002 -9"><span class='ocrx_word' id='word_1_669' title='bbox 1023 1710 1110 1738; x_wconf 74' lang='lat' dir='ltr'><strong>Hosis</strong></span> <span class='ocrx_word' id='word_1_670' title='bbox 1124 1718 1231 1738; x_wconf 83' lang='lat' dir='ltr'><strong>manus</strong></span> <span class='ocrx_word' id='word_1_671' title='bbox 1246 1712 1291 1738; x_wconf 72' lang='lat' dir='ltr'><strong>est</strong></span> <span class='ocrx_word' id='word_1_672' title='bbox 1315 1711 1439 1746; x_wconf 73' lang='lat' dir='ltr'><strong>Spiritus</strong></span> <span class='ocrx_word' id='word_1_673' title='bbox 1463 1710 1607 1738; x_wconf 82' lang='lat' dir='ltr'><strong>sanctus?</strong></span> <span class='ocrx_word' id='word_1_674' title='bbox 1622 1709 1723 1737; x_wconf 74' lang='lat' dir='ltr'><strong>Maced.</strong></span> <span class='ocrx_word' id='word_1_675' title='bbox 1740 1708 1768 1736; x_wconf 89' lang='lat' dir='ltr'><strong>Si</strong></span> <span class='ocrx_word' id='word_1_676' title='bbox 1788 1717 1845 1735; x_wconf 88' lang='lat' dir='ltr'><strong>una</strong></span> 
     </span>
    </p>
   </div>
   <div class='ocr_carea' id='block_1_85' title="bbox 1022 1753 1844 1791">
    <p class='ocr_par' dir='ltr' id='par_1_85' title="bbox 1022 1753 1844 1791">
     <span class='ocr_line' id='line_1_85' title="bbox 1022 1753 1844 1791; baseline -0.004 -9"><span class='ocrx_word' id='word_1_677' title='bbox 1022 1754 1117 1782; x_wconf 88' lang='lat' dir='ltr'><strong>Patris</strong></span> <span class='ocrx_word' id='word_1_678' title='bbox 1131 1757 1160 1783; x_wconf 88' lang='lat' dir='ltr'><strong>et</strong></span> <span class='ocrx_word' id='word_1_679' title='bbox 1173 1754 1236 1783; x_wconf 89' lang='lat' dir='ltr'><strong>Filii</strong></span> <span class='ocrx_word' id='word_1_680' title='bbox 1252 1757 1281 1783; x_wconf 92' lang='lat' dir='ltr'><strong>et</strong></span> <span class='ocrx_word' id='word_1_681' title='bbox 1295 1755 1412 1791; x_wconf 88' lang='lat' dir='ltr'><strong>Spritus</strong></span> <span class='ocrx_word' id='word_1_682' title='bbox 1427 1754 1520 1783; x_wconf 85' lang='lat' dir='ltr'><strong>sancti</strong></span> <span class='ocrx_word' id='word_1_683' title='bbox 1531 1757 1636 1782; x_wconf 80' lang='lat' dir='ltr'><strong>natura</strong></span> <span class='ocrx_word' id='word_1_684' title='bbox 1650 1756 1705 1787; x_wconf 86' lang='lat' dir='ltr'><strong>est,</strong></span> <span class='ocrx_word' id='word_1_685' title='bbox 1717 1753 1844 1789; x_wconf 81' lang='lat' dir='ltr'><strong>Spiritus</strong></span> 
     </span>
    </p>
   </div>
   <div class='ocr_carea' id='block_1_86' title="bbox 1021 1798 1843 1836">
    <p class='ocr_par' dir='ltr' id='par_1_86' title="bbox 1021 1798 1843 1836">
     <span class='ocr_line' id='line_1_86' title="bbox 1021 1798 1843 1836; baseline -0.004 -9"><span class='ocrx_word' id='word_1_686' title='bbox 1021 1802 1051 1827; x_wconf 88' lang='lat' dir='ltr'><strong>et</strong></span> <span class='ocrx_word' id='word_1_687' title='bbox 1066 1799 1185 1836; x_wconf 80' lang='lat' dir='ltr'><strong>gignere</strong></span> <span class='ocrx_word' id='word_1_688' title='bbox 1200 1800 1305 1835; x_wconf 85' lang='lat' dir='ltr'><strong>poterit</strong></span> <span class='ocrx_word' id='word_1_689' title='bbox 1319 1801 1348 1828; x_wconf 89' lang='lat' dir='ltr'><strong>et</strong></span> <span class='ocrx_word' id='word_1_690' title='bbox 1361 1807 1469 1828; x_wconf 86' lang='lat' dir='ltr'><strong>creare.</strong></span> <span class='ocrx_word' id='word_1_691' title='bbox 1486 1799 1561 1827; x_wconf 81' lang='lat' dir='ltr'><strong>Orlh.</strong></span> <span class='ocrx_word' id='word_1_692' title='bbox 1572 1800 1629 1826; x_wconf 86' lang='lat' dir='ltr'><strong>Aut</strong></span> <span class='ocrx_word' id='word_1_693' title='bbox 1649 1806 1739 1826; x_wconf 80' lang='lat' dir='ltr'><strong>unam</strong></span> <span class='ocrx_word' id='word_1_694' title='bbox 1753 1798 1843 1825; x_wconf 43' lang='lat' dir='ltr'><strong>conti</strong></span> 
     </span>
    </p>
   </div>
   <div class='ocr_carea' id='block_1_87' title="bbox 1020 1843 1842 1879">
    <p class='ocr_par' dir='ltr' id='par_1_87' title="bbox 1020 1843 1842 1879">
     <span class='ocr_line' id='line_1_87' title="bbox 1020 1843 1842 1879; baseline -0.004 -8"><span class='ocrx_word' id='word_1_695' title='bbox 1020 1844 1093 1871; x_wconf 85' lang='lat' dir='ltr'><strong>teris</strong></span> <span class='ocrx_word' id='word_1_696' title='bbox 1110 1843 1203 1872; x_wconf 76' lang='lat' dir='ltr'><strong>Patris</strong></span> <span class='ocrx_word' id='word_1_697' title='bbox 1212 1846 1241 1872; x_wconf 85' lang='lat' dir='ltr'><strong>et</strong></span> <span class='ocrx_word' id='word_1_698' title='bbox 1254 1844 1316 1871; x_wconf 81' lang='lat' dir='ltr'><strong>Filii</strong></span> <span class='ocrx_word' id='word_1_699' title='bbox 1332 1847 1360 1872; x_wconf 90' lang='lat' dir='ltr'><strong>et</strong></span> <span class='ocrx_word' id='word_1_700' title='bbox 1374 1844 1501 1879; x_wconf 88' lang='lat' dir='ltr'><strong>Spiritus</strong></span> <span class='ocrx_word' id='word_1_701' title='bbox 1512 1843 1606 1871; x_wconf 86' lang='lat' dir='ltr'><strong>sancti</strong></span> <span class='ocrx_word' id='word_1_702' title='bbox 1616 1844 1752 1870; x_wconf 78' lang='lat' dir='ltr'><strong>naturam</strong></span> <span class='ocrx_word' id='word_1_703' title='bbox 1768 1849 1842 1873; x_wconf 87' lang='lat' dir='ltr'><strong>esse,</strong></span> 
     </span>
    </p>
   </div>
   <div class='ocr_carea' id='block_1_88' title="bbox 1021 1886 1842 1917">
    <p class='ocr_par' dir='ltr' id='par_1_88' title="bbox 1021 1886 1842 1917">
     <span class='ocr_line' id='line_1_88' title="bbox 1021 1886 1842 1917; baseline -0.004 -1"><span class='ocrx_word' id='word_1_704' title='bbox 1021 1891 1073 1916; x_wconf 80' lang='lat' dir='ltr'><strong>aut</strong></span> <span class='ocrx_word' id='word_1_705' title='bbox 1087 1896 1144 1916; x_wconf 94' lang='lat' dir='ltr'><strong>non</strong></span> <span class='ocrx_word' id='word_1_706' title='bbox 1155 1888 1170 1916; x_wconf 77' lang='lat' dir='ltr'><strong>‘I</strong></span> <span class='ocrx_word' id='word_1_707' title='bbox 1185 1888 1284 1917; x_wconf 68' lang='lat' dir='ltr'><strong>Haced.</strong></span> <span class='ocrx_word' id='word_1_708' title='bbox 1300 1888 1391 1916; x_wconf 85' lang='lat' dir='ltr'><strong>Unam</strong></span> <span class='ocrx_word' id='word_1_709' title='bbox 1404 1897 1462 1916; x_wconf 86' lang='lat' dir='ltr'><strong>non</strong></span> <span class='ocrx_word' id='word_1_710' title='bbox 1473 1888 1614 1916; x_wconf 78' lang='lat' dir='ltr'><strong>conﬁteor</strong></span> <span class='ocrx_word' id='word_1_711' title='bbox 1630 1895 1637 1915; x_wconf 87' lang='lat'><strong>:</strong></span> <span class='ocrx_word' id='word_1_712' title='bbox 1652 1886 1779 1915; x_wconf 82' lang='lat' dir='ltr'><strong>similem</strong></span> <span class='ocrx_word' id='word_1_713' title='bbox 1791 1894 1842 1913; x_wconf 90' lang='lat' dir='ltr'><strong>au-</strong></span> 
     </span>
    </p>
   </div>
   <div class='ocr_carea' id='block_1_89' title="bbox 1020 1930 1841 1961">
    <p class='ocr_par' dir='ltr' id='par_1_89' title="bbox 1020 1930 1841 1961">
     <span class='ocr_line' id='line_1_89' title="bbox 1020 1930 1841 1961; baseline -0.005 -1"><span class='ocrx_word' id='word_1_714' title='bbox 1020 1934 1079 1961; x_wconf 88' lang='lat' dir='ltr'><strong>tem</strong></span> <span class='ocrx_word' id='word_1_715' title='bbox 1096 1932 1171 1961; x_wconf 89' lang='lat' dir='ltr'><strong>dico.</strong></span> <span class='ocrx_word' id='word_1_716' title='bbox 1190 1932 1268 1960; x_wconf 80' lang='lat' dir='ltr'><strong>Orth.</strong></span> <span class='ocrx_word' id='word_1_717' title='bbox 1280 1932 1451 1960; x_wconf 87' lang='lat' dir='ltr'><strong>Similemne</strong></span> <span class='ocrx_word' id='word_1_718' title='bbox 1475 1935 1507 1960; x_wconf 92' lang='lat' dir='ltr'><strong>ut</strong></span> <span class='ocrx_word' id='word_1_719' title='bbox 1531 1939 1632 1960; x_wconf 87' lang='lat' dir='ltr'><strong>aurum</strong></span> <span class='ocrx_word' id='word_1_720' title='bbox 1656 1931 1703 1958; x_wconf 66' lang='grc' dir='ltr'>αενὶ</span> <span class='ocrx_word' id='word_1_721' title='bbox 1717 1932 1729 1958; x_wconf 79' lang='lat' dir='ltr'><strong>i‘</strong></span> <span class='ocrx_word' id='word_1_722' title='bbox 1743 1930 1841 1958; x_wconf 67' lang='lat' dir='ltr'><strong>Mared.</strong></span> 
     </span>
    </p>
   </div>
   <div class='ocr_carea' id='block_1_90' title="bbox 1020 1976 1842 2013">
    <p class='ocr_par' dir='ltr' id='par_1_90' title="bbox 1020 1976 1842 2013">
     <span class='ocr_line' id='line_1_90' title="bbox 1020 1976 1842 2013; baseline -0.004 -9"><span class='ocrx_word' id='word_1_723' title='bbox 1020 1977 1126 2005; x_wconf 83' lang='lat' dir='ltr'><strong>Absit!</strong></span> <span class='ocrx_word' id='word_1_724' title='bbox 1144 1977 1220 2006; x_wconf 79' lang='lat' dir='ltr'><strong>Orth.</strong></span> <span class='ocrx_word' id='word_1_725' title='bbox 1237 1977 1272 2005; x_wconf 87' lang='lat' dir='ltr'><strong>Ut</strong></span> <span class='ocrx_word' id='word_1_726' title='bbox 1288 1976 1358 2012; x_wconf 88' lang='lat' dir='ltr'><strong>quid</strong></span> <span class='ocrx_word' id='word_1_727' title='bbox 1373 1985 1442 2013; x_wconf 82' lang='lat' dir='ltr'><strong>ergo</strong></span> <span class='ocrx_word' id='word_1_728' title='bbox 1456 1979 1468 2005; x_wconf 84' lang='lat'><strong><em>?</em></strong></span> <span class='ocrx_word' id='word_1_729' title='bbox 1481 1976 1579 2004; x_wconf 78' lang='lat' dir='ltr'><strong>Maced.</strong></span> <span class='ocrx_word' id='word_1_730' title='bbox 1609 1976 1646 2004; x_wconf 90' lang='lat' dir='ltr'><strong>Ut</strong></span> <span class='ocrx_word' id='word_1_731' title='bbox 1668 1983 1773 2004; x_wconf 85' lang='lat' dir='ltr'><strong>aurum</strong></span> <span class='ocrx_word' id='word_1_732' title='bbox 1790 1983 1842 2001; x_wconf 83' lang='lat' dir='ltr'><strong>uu-</strong></span> 
     </span>
    </p>
   </div>
   <div class='ocr_carea' id='block_1_91' title="bbox 1021 2019 1841 2057">
    <p class='ocr_par' dir='ltr' id='par_1_91' title="bbox 1021 2019 1841 2057">
     <span class='ocr_line' id='line_1_91' title="bbox 1021 2019 1841 2057; baseline -0.004 -8"><span class='ocrx_word' id='word_1_733' title='bbox 1021 2029 1063 2049; x_wconf 86' lang='lat' dir='ltr'><strong>ro.</strong></span> <span class='ocrx_word' id='word_1_734' title='bbox 1094 2021 1170 2050; x_wconf 82' lang='lat' dir='ltr'><strong>Orth.</strong></span> <span class='ocrx_word' id='word_1_735' title='bbox 1189 2021 1251 2049; x_wconf 89' lang='lat' dir='ltr'><strong>Una</strong></span> <span class='ocrx_word' id='word_1_736' title='bbox 1265 2024 1310 2049; x_wconf 90' lang='lat' dir='ltr'><strong>est</strong></span> <span class='ocrx_word' id='word_1_737' title='bbox 1332 2021 1423 2057; x_wconf 78' lang='lat' dir='ltr'><strong>igitur</strong></span> <span class='ocrx_word' id='word_1_738' title='bbox 1446 2021 1551 2049; x_wconf 88' lang='lat' dir='ltr'><strong>horum</strong></span> <span class='ocrx_word' id='word_1_739' title='bbox 1575 2023 1689 2048; x_wconf 85' lang='lat' dir='ltr'><strong>natura.</strong></span> <span class='ocrx_word' id='word_1_740' title='bbox 1716 2019 1759 2047; x_wconf 93' lang='lat' dir='ltr'><strong>Tu</strong></span> <span class='ocrx_word' id='word_1_741' title='bbox 1774 2027 1841 2046; x_wconf 85' lang='lat' dir='ltr'><strong>vero</strong></span> 
     </span>
    </p>
   </div>
   <div class='ocr_carea' id='block_1_92' title="bbox 1021 2064 1841 2097">
    <p class='ocr_par' dir='ltr' id='par_1_92' title="bbox 1021 2064 1841 2097">
     <span class='ocr_line' id='line_1_92' title="bbox 1021 2064 1841 2097; baseline -0.004 -4"><span class='ocrx_word' id='word_1_742' title='bbox 1021 2065 1128 2094; x_wconf 86' lang='lat' dir='ltr'><strong>eiceine</strong></span> <span class='ocrx_word' id='word_1_743' title='bbox 1143 2065 1172 2093; x_wconf 91' lang='lat' dir='ltr'><strong>in</strong></span> <span class='ocrx_word' id='word_1_744' title='bbox 1189 2065 1359 2093; x_wconf 86' lang='lat' dir='ltr'><strong>universum</strong></span> <span class='ocrx_word' id='word_1_745' title='bbox 1379 2066 1506 2093; x_wconf 84' lang='lat' dir='ltr'><strong>similem</strong></span> <span class='ocrx_word' id='word_1_746' title='bbox 1529 2065 1605 2093; x_wconf 83' lang='lat' dir='ltr'><strong>Patri</strong></span> <span class='ocrx_word' id='word_1_747' title='bbox 1635 2064 1740 2092; x_wconf 87' lang='lat' dir='ltr'><strong>Filium</strong></span> <span class='ocrx_word' id='word_1_748' title='bbox 1758 2064 1841 2097; x_wconf 85' lang='lat' dir='ltr'><strong>dicis,</strong></span> 
     </span>
    </p>
   </div>
   <div class='ocr_carea' id='block_1_93' title="bbox 1021 2109 1839 2144">
    <p class='ocr_par' dir='ltr' id='par_1_93' title="bbox 1021 2109 1839 2144">
     <span class='ocr_line' id='line_1_93' title="bbox 1021 2109 1839 2144; baseline -0.002 -7"><span class='ocrx_word' id='word_1_749' title='bbox 1021 2112 1055 2138; x_wconf 87' lang='lat' dir='ltr'><strong>ut</strong></span> <span class='ocrx_word' id='word_1_750' title='bbox 1069 2118 1174 2138; x_wconf 83' lang='lat' dir='ltr'><strong>aurum</strong></span> <span class='ocrx_word' id='word_1_751' title='bbox 1191 2110 1283 2138; x_wconf 83' lang='lat' dir='ltr'><strong>auro?</strong></span> <span class='ocrx_word' id='word_1_752' title='bbox 1297 2110 1397 2138; x_wconf 70' lang='lat' dir='ltr'><strong>Macati.</strong></span> <span class='ocrx_word' id='word_1_753' title='bbox 1420 2109 1525 2138; x_wconf 85' lang='lat' dir='ltr'><strong>Etiam.</strong></span> <span class='ocrx_word' id='word_1_754' title='bbox 1550 2109 1625 2137; x_wconf 84' lang='grc' dir='ltr'><strong>ΟνιΙι,</strong></span> <span class='ocrx_word' id='word_1_755' title='bbox 1656 2109 1764 2137; x_wconf 85' lang='lat' dir='ltr'><strong>Poterit</strong></span> <span class='ocrx_word' id='word_1_756' title='bbox 1784 2109 1839 2144; x_wconf 79' lang='lat' dir='ltr'><strong>igi—</strong></span> 
     </span>
    </p>
   </div>
   <div class='ocr_carea' id='block_1_94' title="bbox 1020 2152 1841 2190">
    <p class='ocr_par' dir='ltr' id='par_1_94' title="bbox 1020 2152 1841 2190">
     <span class='ocr_line' id='line_1_94' title="bbox 1020 2152 1841 2190; baseline -0.004 -8"><span class='ocrx_word' id='word_1_757' title='bbox 1020 2156 1070 2182; x_wconf 86' lang='lat' dir='ltr'><strong>tur</strong></span> <span class='ocrx_word' id='word_1_758' title='bbox 1085 2154 1185 2188; x_wconf 84' lang='lat' dir='ltr'><strong>Filius,</strong></span> <span class='ocrx_word' id='word_1_759' title='bbox 1202 2163 1268 2182; x_wconf 91' lang='lat' dir='ltr'><strong>cum</strong></span> <span class='ocrx_word' id='word_1_760' title='bbox 1286 2155 1417 2190; x_wconf 81' lang='lat' dir='ltr'><strong>ejusdem</strong></span> <span class='ocrx_word' id='word_1_761' title='bbox 1434 2163 1468 2182; x_wconf 78' lang='lat' dir='ltr'><strong>uc</strong></span> <span class='ocrx_word' id='word_1_762' title='bbox 1484 2154 1568 2183; x_wconf 84' lang='lat' dir='ltr'><strong>Pater</strong></span> <span class='ocrx_word' id='word_1_763' title='bbox 1591 2156 1701 2182; x_wconf 66' lang='lat' dir='ltr'><strong>natura:</strong></span> <span class='ocrx_word' id='word_1_764' title='bbox 1726 2152 1774 2185; x_wconf 83' lang='lat' dir='ltr'><strong>sit,</strong></span> <span class='ocrx_word' id='word_1_765' title='bbox 1798 2153 1841 2189; x_wconf 88' lang='lat' dir='ltr'><strong>gi-</strong></span> 
     </span>
    </p>
   </div>
   <div class='ocr_carea' id='block_1_95' title="bbox 1019 2198 1838 2235">
    <p class='ocr_par' dir='ltr' id='par_1_95' title="bbox 1019 2198 1838 2235">
     <span class='ocr_line' id='line_1_95' title="bbox 1019 2198 1838 2235; baseline -0.001 -9"><span class='ocrx_word' id='word_1_766' title='bbox 1019 2207 1108 2235; x_wconf 77' lang='lat' dir='ltr'><strong>gnere</strong></span> <span class='ocrx_word' id='word_1_767' title='bbox 1124 2199 1241 2233; x_wconf 84' lang='lat' dir='ltr'><strong>Filium,</strong></span> <span class='ocrx_word' id='word_1_768' title='bbox 1258 2199 1283 2226; x_wconf 85' lang='lat' dir='ltr'><strong>si</strong></span> <span class='ocrx_word' id='word_1_769' title='bbox 1299 2199 1374 2227; x_wconf 84' lang='lat' dir='ltr'><strong>volet</strong></span> <span class='ocrx_word' id='word_1_770' title='bbox 1385 2199 1398 2226; x_wconf 88' lang='lat'><strong>?</strong></span> <span class='ocrx_word' id='word_1_771' title='bbox 1414 2198 1517 2227; x_wconf 78' lang='lat' dir='ltr'><strong>Maced.</strong></span> <span class='ocrx_word' id='word_1_772' title='bbox 1535 2199 1627 2227; x_wconf 83' lang='lat' dir='ltr'><strong>Etiam</strong></span> <span class='ocrx_word' id='word_1_773' title='bbox 1652 2200 1748 2234; x_wconf 82' lang='lat' dir='ltr'><strong>potest</strong></span> <span class='ocrx_word' id='word_1_774' title='bbox 1764 2207 1770 2225; x_wconf 88' lang='lat'>:</span> <span class='ocrx_word' id='word_1_775' title='bbox 1789 2198 1838 2225; x_wconf 83' lang='lat' dir='ltr'><strong>sed</strong></span> 
     </span>
    </p>
   </div>
   <div class='ocr_carea' id='block_1_96' title="bbox 1022 2243 1839 2281">
    <p class='ocr_par' dir='ltr' id='par_1_96' title="bbox 1022 2243 1839 2281">
     <span class='ocr_line' id='line_1_96' title="bbox 1022 2243 1839 2281; baseline -0.004 -9"><span class='ocrx_word' id='word_1_776' title='bbox 1022 2252 1077 2272; x_wconf 82' lang='lat' dir='ltr'><strong>neu</strong></span> <span class='ocrx_word' id='word_1_777' title='bbox 1095 2243 1163 2272; x_wconf 79' lang='lat' dir='ltr'><strong>facit</strong></span> <span class='ocrx_word' id='word_1_778' title='bbox 1178 2244 1242 2277; x_wconf 84' lang='lat' dir='ltr'><strong>hoc,</strong></span> <span class='ocrx_word' id='word_1_779' title='bbox 1259 2252 1295 2272; x_wconf 92' lang='lat' dir='ltr'><strong>ne</strong></span> <span class='ocrx_word' id='word_1_780' title='bbox 1310 2244 1431 2272; x_wconf 91' lang='lat' dir='ltr'><strong>deorum</strong></span> <span class='ocrx_word' id='word_1_781' title='bbox 1443 2243 1660 2281; x_wconf 77' lang='lat' dir='ltr'><strong>generationem</strong></span> <span class='ocrx_word' id='word_1_782' title='bbox 1673 2243 1839 2270; x_wconf 78' lang='lat' dir='ltr'><strong>doceamur.</strong></span> 
     </span>
    </p>
   </div>
   <div class='ocr_carea' id='block_1_97' title="bbox 137 2284 967 2329">
    <p class='ocr_par' dir='ltr' id='par_1_97' title="bbox 137 2284 962 2323">
     <span class='ocr_line' id='line_1_97' title="bbox 137 2284 962 2323; baseline 0 -11"><span class='ocrx_word' id='word_1_783' title='bbox 137 2284 170 2312; x_wconf 77' lang='grc' dir='ltr'><strong>τὸ</strong></span> <span class='ocrx_word' id='word_1_784' title='bbox 200 2285 274 2322; x_wconf 76' lang='grc' dir='ltr'>ἅγιον</span> <span class='ocrx_word' id='word_1_785' title='bbox 302 2284 343 2320; x_wconf 82' lang='grc' dir='ltr'>τῷ</span> <span class='ocrx_word' id='word_1_786' title='bbox 371 2284 455 2323; x_wconf 81' lang='grc' dir='ltr'>Πατρὶ</span> <span class='ocrx_word' id='word_1_787' title='bbox 480 2285 525 2312; x_wconf 80' lang='grc' dir='ltr'><strong>καὶ</strong></span> <span class='ocrx_word' id='word_1_788' title='bbox 545 2287 585 2321; x_wconf 86' lang='grc' dir='ltr'>τῷ</span> <span class='ocrx_word' id='word_1_789' title='bbox 608 2285 672 2321; x_wconf 82' lang='grc' dir='ltr'><strong>Υίῷ,</strong></span> <span class='ocrx_word' id='word_1_790' title='bbox 698 2285 742 2312; x_wconf 83' lang='grc' dir='ltr'><strong>καὶ</strong></span> <span class='ocrx_word' id='word_1_791' title='bbox 770 2286 840 2322; x_wconf 80' lang='grc' dir='ltr'>μήτε</span> <span class='ocrx_word' id='word_1_792' title='bbox 862 2287 962 2323; x_wconf 78' lang='grc' dir='ltr'>γεννᾷν,</span> 
     </span>
    </p>
   </div>
   <div class='ocr_carea' id='block_1_98' title="bbox 1022 2284 1840 2329">
    <p class='ocr_par' dir='ltr' id='par_1_98' title="bbox 1022 2287 1840 2325">
     <span class='ocr_line' id='line_1_98' title="bbox 1022 2287 1840 2325; baseline -0.002 -9"><span class='ocrx_word' id='word_1_793' title='bbox 1022 2288 1095 2317; x_wconf 76' lang='lat' dir='ltr'><strong>Drlh.</strong></span> <span class='ocrx_word' id='word_1_794' title='bbox 1113 2288 1190 2316; x_wconf 88' lang='lat' dir='ltr'><strong>Nihil</strong></span> <span class='ocrx_word' id='word_1_795' title='bbox 1206 2288 1295 2325; x_wconf 81' lang='lat' dir='ltr'><strong>igitur</strong></span> <span class='ocrx_word' id='word_1_796' title='bbox 1310 2288 1453 2324; x_wconf 85' lang='lat' dir='ltr'><strong>prohibet.</strong></span> <span class='ocrx_word' id='word_1_797' title='bbox 1478 2288 1638 2324; x_wconf 89' lang='lat' dir='ltr'><strong>quominus</strong></span> <span class='ocrx_word' id='word_1_798' title='bbox 1659 2287 1791 2323; x_wconf 86' lang='lat' dir='ltr'><strong>ejusdem</strong></span> <span class='ocrx_word' id='word_1_799' title='bbox 1809 2296 1840 2314; x_wconf 76' lang='lat' dir='ltr'><strong>uc</strong></span> 
     </span>
    </p>
   </div>
   <div class='ocr_carea' id='block_1_99' title="bbox 141 2328 964 2369">
    <p class='ocr_par' dir='ltr' id='par_1_99' title="bbox 141 2328 964 2369">
     <span class='ocr_line' id='line_1_99' title="bbox 141 2328 964 2369; baseline 0.001 -12"><span class='ocrx_word' id='word_1_800' title='bbox 141 2331 213 2365; x_wconf 79' lang='grc' dir='ltr'>μήτε</span> <span class='ocrx_word' id='word_1_801' title='bbox 226 2329 338 2365; x_wconf 77' lang='grc' dir='ltr'>κτίζειν,</span> <span class='ocrx_word' id='word_1_802' title='bbox 351 2328 397 2357; x_wconf 71' lang='grc' dir='ltr'>’ἶνα</span> <span class='ocrx_word' id='word_1_803' title='bbox 414 2330 452 2366; x_wconf 83' lang='grc' dir='ltr'>μή</span> <span class='ocrx_word' id='word_1_804' title='bbox 467 2330 616 2367; x_wconf 77' lang='grc' dir='ltr'>θεογονίαν,</span> <span class='ocrx_word' id='word_1_805' title='bbox 632 2330 669 2360; x_wconf 86' lang='grc' dir='ltr'>ὡς</span> <span class='ocrx_word' id='word_1_806' title='bbox 685 2328 762 2369; x_wconf 75' lang='grc' dir='ltr'>ἔφης,</span> <span class='ocrx_word' id='word_1_807' title='bbox 785 2331 854 2366; x_wconf 81' lang='grc' dir='ltr'>μήτε</span> <span class='ocrx_word' id='word_1_808' title='bbox 877 2329 964 2358; x_wconf 84' lang='grc' dir='ltr'>πολυ-</span> 
     </span>
    </p>
   </div>
   <div class='ocr_carea' id='block_1_100' title="bbox 140 2373 963 2414">
    <p class='ocr_par' dir='ltr' id='par_1_100' title="bbox 140 2373 963 2414">
     <span class='ocr_line' id='line_1_100' title="bbox 140 2373 963 2414; baseline 0.001 -12"><span class='ocrx_word' id='word_1_809' title='bbox 140 2373 214 2407; x_wconf 75' lang='grc' dir='ltr'>θεΐαν</span> <span class='ocrx_word' id='word_1_810' title='bbox 230 2373 404 2413; x_wconf 81' lang='grc' dir='ltr'>διδαχθῶμεν</span> <span class='ocrx_word' id='word_1_811' title='bbox 427 2375 460 2402; x_wconf 82' lang='lat' dir='ltr'><strong>&quot;A</strong></span> <span class='ocrx_word' id='word_1_812' title='bbox 478 2374 602 2413; x_wconf 69' lang='grc' dir='ltr'>μέντοιγε</span> <span class='ocrx_word' id='word_1_813' title='bbox 622 2373 693 2407; x_wconf 67' lang='grc' dir='ltr'>θέλει</span> <span class='ocrx_word' id='word_1_814' title='bbox 709 2374 723 2402; x_wconf 88' lang='grc' dir='ltr'><strong>ὁ</strong></span> <span class='ocrx_word' id='word_1_815' title='bbox 750 2375 855 2414; x_wconf 85' lang='grc' dir='ltr'>Πατήρ,</span> <span class='ocrx_word' id='word_1_816' title='bbox 879 2375 963 2411; x_wconf 83' lang='grc' dir='ltr'>κτίζει</span> 
     </span>
    </p>
   </div>
   <div class='ocr_carea' id='block_1_101' title="bbox 138 2418 963 2457">
    <p class='ocr_par' dir='ltr' id='par_1_101' title="bbox 138 2418 963 2457">
     <span class='ocr_line' id='line_1_101' title="bbox 138 2418 963 2457; baseline 0 -10"><span class='ocrx_word' id='word_1_817' title='bbox 138 2419 154 2447; x_wconf 94' lang='grc' dir='ltr'><strong>ὁ</strong></span> <span class='ocrx_word' id='word_1_818' title='bbox 170 2419 244 2454; x_wconf 70' lang='grc' dir='ltr'>Υἱὸς,</span> <span class='ocrx_word' id='word_1_819' title='bbox 270 2420 372 2457; x_wconf 76' lang='grc' dir='ltr'>ἁγιάζει</span> <span class='ocrx_word' id='word_1_820' title='bbox 393 2419 425 2447; x_wconf 86' lang='grc' dir='ltr'><strong>τὸ</strong></span> <span class='ocrx_word' id='word_1_821' title='bbox 450 2421 571 2456; x_wconf 80' lang='grc' dir='ltr'>Πνεῦμα.</span> <span class='ocrx_word' id='word_1_822' title='bbox 597 2419 647 2447; x_wconf 80' lang='grc' dir='ltr'><strong>Καὶ</strong></span> <span class='ocrx_word' id='word_1_823' title='bbox 666 2419 746 2447; x_wconf 79' lang='grc' dir='ltr'>τοῦτό</span> <span class='ocrx_word' id='word_1_824' title='bbox 762 2418 817 2447; x_wconf 73' lang='grc' dir='ltr'>ἐστι</span> <span class='ocrx_word' id='word_1_825' title='bbox 831 2420 873 2454; x_wconf 81' lang='grc' dir='ltr'>τὸ,</span> <span class='ocrx_word' id='word_1_826' title='bbox 889 2432 903 2446; x_wconf 81' lang='lat' dir='ltr'><strong>u</strong></span> <span class='ocrx_word' id='word_1_827' title='bbox 919 2423 963 2457; x_wconf 84' lang='grc' dir='ltr'><strong>Τῷ</strong></span> 
     </span>
    </p>
   </div>
   <div class='ocr_carea' id='block_1_102' title="bbox 139 2463 963 2502">
    <p class='ocr_par' dir='ltr' id='par_1_102' title="bbox 139 2463 963 2502">
     <span class='ocr_line' id='line_1_102' title="bbox 139 2463 963 2502; baseline 0.001 -10"><span class='ocrx_word' id='word_1_828' title='bbox 139 2463 222 2501; x_wconf 83' lang='grc' dir='ltr'>Λόγῳ</span> <span class='ocrx_word' id='word_1_829' title='bbox 237 2463 336 2501; x_wconf 78' lang='grc' dir='ltr'>Κυρίου</span> <span class='ocrx_word' id='word_1_830' title='bbox 352 2463 378 2491; x_wconf 84' lang='grc' dir='ltr'>οἰ</span> <span class='ocrx_word' id='word_1_831' title='bbox 393 2463 503 2500; x_wconf 86' lang='grc' dir='ltr'>οὖρανοὶ</span> <span class='ocrx_word' id='word_1_832' title='bbox 519 2464 730 2502; x_wconf 77' lang='grc' dir='ltr'>ἐστερεώθησαν,</span> <span class='ocrx_word' id='word_1_833' title='bbox 746 2464 791 2491; x_wconf 83' lang='grc' dir='ltr'><strong>καὶ</strong></span> <span class='ocrx_word' id='word_1_834' title='bbox 813 2466 853 2501; x_wconf 83' lang='grc' dir='ltr'>τῷ</span> <span class='ocrx_word' id='word_1_835' title='bbox 879 2464 963 2493; x_wconf 78' lang='grc' dir='ltr'><strong>ΙΙνεῦ-</strong></span> 
     </span>
    </p>
   </div>
   <div class='ocr_carea' id='block_1_103' title="bbox 140 2507 962 2545">
    <p class='ocr_par' dir='ltr' id='par_1_103' title="bbox 140 2507 962 2545">
     <span class='ocr_line' id='line_1_103' title="bbox 140 2507 962 2545; baseline -0.001 -9"><span class='ocrx_word' id='word_1_836' title='bbox 140 2518 205 2545; x_wconf 78' lang='grc' dir='ltr'>ματι</span> <span class='ocrx_word' id='word_1_837' title='bbox 233 2511 282 2536; x_wconf 79' lang='grc' dir='ltr'>τοῦ</span> <span class='ocrx_word' id='word_1_838' title='bbox 311 2508 448 2545; x_wconf 82' lang='grc' dir='ltr'>στόματος</span> <span class='ocrx_word' id='word_1_839' title='bbox 477 2508 559 2536; x_wconf 79' lang='grc' dir='ltr'>αὐτοῦ</span> <span class='ocrx_word' id='word_1_840' title='bbox 574 2511 645 2536; x_wconf 77' lang='grc' dir='ltr'>πᾶσα</span> <span class='ocrx_word' id='word_1_841' title='bbox 659 2510 677 2544; x_wconf 82' lang='grc' dir='ltr'><strong>ἡ</strong></span> <span class='ocrx_word' id='word_1_842' title='bbox 703 2507 817 2545; x_wconf 68' lang='grc' dir='ltr'>δύναμις</span> <span class='ocrx_word' id='word_1_843' title='bbox 833 2509 930 2537; x_wconf 84' lang='grc' dir='ltr'>αὐτῶν.</span> <span class='ocrx_word' id='word_1_844' title='bbox 948 2522 962 2535; x_wconf 85' lang='grc'><strong>››</strong></span> 
     </span>
    </p>
   </div>
   <div class='ocr_carea' id='block_1_104' title="bbox 137 2552 963 2591">
    <p class='ocr_par' dir='ltr' id='par_1_104' title="bbox 137 2552 963 2591">
     <span class='ocr_line' id='line_1_104' title="bbox 137 2552 963 2591; baseline -0.001 -9"><span class='ocrx_word' id='word_1_845' title='bbox 137 2552 209 2582; x_wconf 75' lang='grc' dir='ltr'>Οὔτε</span> <span class='ocrx_word' id='word_1_846' title='bbox 225 2553 239 2580; x_wconf 92' lang='grc' dir='ltr'><strong>ὁ</strong></span> <span class='ocrx_word' id='word_1_847' title='bbox 255 2553 360 2591; x_wconf 75' lang='grc' dir='ltr'>Πατὴρ,</span> <span class='ocrx_word' id='word_1_848' title='bbox 379 2553 504 2591; x_wconf 75' lang='grc' dir='ltr'>βοηθείας</span> <span class='ocrx_word' id='word_1_849' title='bbox 519 2552 659 2590; x_wconf 79' lang='grc' dir='ltr'>δεόμενος,</span> <span class='ocrx_word' id='word_1_850' title='bbox 680 2553 764 2588; x_wconf 81' lang='grc' dir='ltr'>κτίζει</span> <span class='ocrx_word' id='word_1_851' title='bbox 777 2553 822 2581; x_wconf 77' lang='grc' dir='ltr'><strong>διὰ</strong></span> <span class='ocrx_word' id='word_1_852' title='bbox 834 2556 884 2581; x_wconf 78' lang='grc' dir='ltr'>τοῦ</span> <span class='ocrx_word' id='word_1_853' title='bbox 899 2554 963 2581; x_wconf 84' lang='grc' dir='ltr'><strong>Υίοῦ</strong></span> 
     </span>
    </p>
   </div>
   <div class='ocr_carea' id='block_1_105' title="bbox 136 2596 962 2636">
    <p class='ocr_par' dir='ltr' id='par_1_105' title="bbox 136 2596 962 2636">
     <span class='ocr_line' id='line_1_105' title="bbox 136 2596 962 2636; baseline 0.001 -11"><span class='ocrx_word' id='word_1_854' title='bbox 136 2596 200 2626; x_wconf 76' lang='grc' dir='ltr'>οὕτε</span> <span class='ocrx_word' id='word_1_855' title='bbox 216 2597 231 2625; x_wconf 88' lang='grc' dir='ltr'><strong>ὁ</strong></span> <span class='ocrx_word' id='word_1_856' title='bbox 244 2597 316 2632; x_wconf 75' lang='grc' dir='ltr'>Υἱὸς,</span> <span class='ocrx_word' id='word_1_857' title='bbox 335 2597 461 2635; x_wconf 86' lang='grc' dir='ltr'>βοηθείας</span> <span class='ocrx_word' id='word_1_858' title='bbox 473 2598 597 2636; x_wconf 77' lang='grc' dir='ltr'>χρῄζων,</span> <span class='ocrx_word' id='word_1_859' title='bbox 621 2597 704 2632; x_wconf 80' lang='grc' dir='ltr'>κτίζει</span> <span class='ocrx_word' id='word_1_860' title='bbox 730 2596 774 2625; x_wconf 86' lang='grc' dir='ltr'><strong>διὰ</strong></span> <span class='ocrx_word' id='word_1_861' title='bbox 796 2600 845 2625; x_wconf 75' lang='grc' dir='ltr'><strong>τοῦ</strong></span> <span class='ocrx_word' id='word_1_862' title='bbox 872 2598 962 2627; x_wconf 67' lang='lat' dir='ltr'><strong>Ilvati-</strong></span> 
     </span>
    </p>
   </div>
   <div class='ocr_carea' id='block_1_106' title="bbox 139 2640 961 2681">
    <p class='ocr_par' dir='ltr' id='par_1_106' title="bbox 139 2640 961 2681">
     <span class='ocr_line' id='line_1_106' title="bbox 139 2640 961 2681; baseline -0.001 -11"><span class='ocrx_word' id='word_1_863' title='bbox 139 2651 235 2679; x_wconf 72' lang='grc' dir='ltr'>ματος·</span> <span class='ocrx_word' id='word_1_864' title='bbox 253 2641 317 2670; x_wconf 81' lang='grc' dir='ltr'>ἀλλ’</span> <span class='ocrx_word' id='word_1_865' title='bbox 340 2641 387 2670; x_wconf 71' lang='grc' dir='ltr'>ἰνα</span> <span class='ocrx_word' id='word_1_866' title='bbox 415 2641 444 2670; x_wconf 75' lang='grc' dir='ltr'>ἐκ</span> <span class='ocrx_word' id='word_1_867' title='bbox 468 2643 522 2670; x_wconf 82' lang='grc' dir='ltr'>τῶν</span> <span class='ocrx_word' id='word_1_868' title='bbox 547 2642 714 2681; x_wconf 74' lang='grc' dir='ltr'>γιγνομὲνων</span> <span class='ocrx_word' id='word_1_869' title='bbox 739 2640 837 2680; x_wconf 70' lang='grc' dir='ltr'>δειχθῇ</span> <span class='ocrx_word' id='word_1_870' title='bbox 854 2643 961 2678; x_wconf 81' lang='grc' dir='ltr'>Ιιατρὸς</span> 
     </span>
    </p>
   </div>
   <div class='ocr_carea' id='block_1_107' title="bbox 134 2685 962 2725">
    <p class='ocr_par' dir='ltr' id='par_1_107' title="bbox 134 2685 962 2725">
     <span class='ocr_line' id='line_1_107' title="bbox 134 2685 962 2725; baseline 0 -10"><span class='ocrx_word' id='word_1_871' title='bbox 134 2687 182 2715; x_wconf 84' lang='grc' dir='ltr'><strong>καὶ</strong></span> <span class='ocrx_word' id='word_1_872' title='bbox 206 2687 271 2714; x_wconf 67' lang='grc' dir='ltr'><strong>Υίοῦ</strong></span> <span class='ocrx_word' id='word_1_873' title='bbox 294 2687 339 2715; x_wconf 81' lang='grc' dir='ltr'><strong>καὶ</strong></span> <span class='ocrx_word' id='word_1_874' title='bbox 362 2686 438 2725; x_wconf 81' lang='grc' dir='ltr'>ἁγίου</span> <span class='ocrx_word' id='word_1_875' title='bbox 462 2685 617 2724; x_wconf 83' lang='grc' dir='ltr'>Πνεύματος</span> <span class='ocrx_word' id='word_1_876' title='bbox 642 2688 659 2721; x_wconf 83' lang='grc' dir='ltr'><strong>ἡ</strong></span> <span class='ocrx_word' id='word_1_877' title='bbox 676 2686 818 2722; x_wconf 85' lang='grc' dir='ltr'>ταυτότης.</span> <span class='ocrx_word' id='word_1_878' title='bbox 843 2687 905 2716; x_wconf 83' lang='grc' dir='ltr'>’Ότι</span> <span class='ocrx_word' id='word_1_879' title='bbox 933 2686 962 2715; x_wconf 79' lang='grc' dir='ltr'>δὲ</span> 
     </span>
    </p>
   </div>
   <div class='ocr_carea' id='block_1_108' title="bbox 135 2729 959 2770">
    <p class='ocr_par' dir='ltr' id='par_1_108' title="bbox 135 2729 959 2770">
     <span class='ocr_line' id='line_1_108' title="bbox 135 2729 959 2770; baseline -0.001 -10"><span class='ocrx_word' id='word_1_880' title='bbox 135 2730 247 2760; x_wconf 70' lang='grc' dir='ltr'>δύναται</span> <span class='ocrx_word' id='word_1_881' title='bbox 275 2730 362 2759; x_wconf 76' lang='grc' dir='ltr'>κτίσαι</span> <span class='ocrx_word' id='word_1_882' title='bbox 386 2731 417 2758; x_wconf 83' lang='grc' dir='ltr'><strong>τὸ</strong></span> <span class='ocrx_word' id='word_1_883' title='bbox 445 2732 556 2768; x_wconf 76' lang='grc' dir='ltr'>Πνεῦμα</span> <span class='ocrx_word' id='word_1_884' title='bbox 579 2731 610 2759; x_wconf 85' lang='grc' dir='ltr'><strong>τὸ</strong></span> <span class='ocrx_word' id='word_1_885' title='bbox 638 2731 725 2768; x_wconf 75' lang='grc' dir='ltr'>ἅγιὸν,</span> <span class='ocrx_word' id='word_1_886' title='bbox 739 2729 850 2770; x_wconf 70' lang='grc' dir='ltr'>ἆὸείχθη</span> <span class='ocrx_word' id='word_1_887' title='bbox 866 2730 897 2759; x_wconf 59' lang='lat' dir='ltr'><strong>ix</strong></span> <span class='ocrx_word' id='word_1_888' title='bbox 909 2733 959 2759; x_wconf 78' lang='grc' dir='ltr'><strong>τοῦ</strong></span> 
     </span>
    </p>
   </div>
   <div class='ocr_carea' id='block_1_109' title="bbox 1019 2332 1841 2369">
    <p class='ocr_par' dir='ltr' id='par_1_109' title="bbox 1019 2332 1841 2369">
     <span class='ocr_line' id='line_1_109' title="bbox 1019 2332 1841 2369; baseline -0.002 -8"><span class='ocrx_word' id='word_1_889' title='bbox 1019 2333 1104 2361; x_wconf 82' lang='lat' dir='ltr'><strong>Pater</strong></span> <span class='ocrx_word' id='word_1_890' title='bbox 1118 2336 1147 2361; x_wconf 90' lang='lat' dir='ltr'><strong>et</strong></span> <span class='ocrx_word' id='word_1_891' title='bbox 1163 2333 1253 2361; x_wconf 76' lang='lat' dir='ltr'><strong>Filius</strong></span> <span class='ocrx_word' id='word_1_892' title='bbox 1274 2335 1386 2361; x_wconf 63' lang='lat' dir='ltr'><strong>natura</strong></span> <span class='ocrx_word' id='word_1_893' title='bbox 1411 2333 1450 2360; x_wconf 92' lang='lat' dir='ltr'><strong>sit</strong></span> <span class='ocrx_word' id='word_1_894' title='bbox 1474 2333 1601 2369; x_wconf 83' lang='lat' dir='ltr'><strong>Spiritus</strong></span> <span class='ocrx_word' id='word_1_895' title='bbox 1627 2334 1758 2364; x_wconf 88' lang='lat' dir='ltr'><strong>sanctus,</strong></span> <span class='ocrx_word' id='word_1_896' title='bbox 1777 2332 1841 2359; x_wconf 84' lang='lat' dir='ltr'><strong>licet</strong></span> 
     </span>
    </p>
   </div>
   <div class='ocr_carea' id='block_1_110' title="bbox 1019 2377 1838 2414">
    <p class='ocr_par' dir='ltr' id='par_1_110' title="bbox 1019 2377 1838 2414">
     <span class='ocr_line' id='line_1_110' title="bbox 1019 2377 1838 2414; baseline -0.004 -9"><span class='ocrx_word' id='word_1_897' title='bbox 1019 2385 1071 2405; x_wconf 86' lang='lat' dir='ltr'><strong>nec</strong></span> <span class='ocrx_word' id='word_1_898' title='bbox 1086 2377 1254 2413; x_wconf 70' lang='lat' dir='ltr'><strong>gignetmec</strong></span> <span class='ocrx_word' id='word_1_899' title='bbox 1270 2380 1346 2406; x_wconf 83' lang='lat' dir='ltr'><strong>creet</strong></span> <span class='ocrx_word' id='word_1_900' title='bbox 1362 2386 1368 2405; x_wconf 92' lang='lat'>:</span> <span class='ocrx_word' id='word_1_901' title='bbox 1387 2385 1422 2405; x_wconf 86' lang='lat' dir='ltr'><strong>ne</strong></span> <span class='ocrx_word' id='word_1_902' title='bbox 1438 2377 1481 2405; x_wconf 89' lang='lat' dir='ltr'><strong>vel</strong></span> <span class='ocrx_word' id='word_1_903' title='bbox 1499 2377 1728 2414; x_wconf 77' lang='lat' dir='ltr'><strong>generationem,</strong></span> <span class='ocrx_word' id='word_1_904' title='bbox 1740 2379 1772 2404; x_wconf 86' lang='lat' dir='ltr'><strong>ut</strong></span> <span class='ocrx_word' id='word_1_905' title='bbox 1786 2377 1838 2409; x_wconf 81' lang='lat' dir='ltr'><strong>uis,</strong></span> 
     </span>
    </p>
   </div>
   <div class='ocr_carea' id='block_1_111' title="bbox 1018 2421 1841 2456">
    <p class='ocr_par' dir='ltr' id='par_1_111' title="bbox 1018 2421 1841 2456">
     <span class='ocr_line' id='line_1_111' title="bbox 1018 2421 1841 2456; baseline -0.001 -7"><span class='ocrx_word' id='word_1_906' title='bbox 1018 2421 1062 2450; x_wconf 83' lang='lat' dir='ltr'><strong>vel</strong></span> <span class='ocrx_word' id='word_1_907' title='bbox 1080 2422 1300 2450; x_wconf 86' lang='lat' dir='ltr'><strong>multitudinem</strong></span> <span class='ocrx_word' id='word_1_908' title='bbox 1317 2422 1438 2450; x_wconf 91' lang='lat' dir='ltr'><strong>deorum</strong></span> <span class='ocrx_word' id='word_1_909' title='bbox 1449 2421 1765 2450; x_wconf 85' lang='lat' dir='ltr'><strong>doceamur.Nimirum</strong></span> <span class='ocrx_word' id='word_1_910' title='bbox 1778 2430 1841 2456; x_wconf 71' lang='lat' dir='ltr'><strong>qua:</strong></span> 
     </span>
    </p>
   </div>
   <div class='ocr_carea' id='block_1_112' title="bbox 1018 2465 1841 2502">
    <p class='ocr_par' dir='ltr' id='par_1_112' title="bbox 1018 2465 1841 2502">
     <span class='ocr_line' id='line_1_112' title="bbox 1018 2465 1841 2502; baseline -0.001 -9"><span class='ocrx_word' id='word_1_911' title='bbox 1018 2466 1077 2494; x_wconf 85' lang='lat' dir='ltr'><strong>vult</strong></span> <span class='ocrx_word' id='word_1_912' title='bbox 1092 2466 1187 2500; x_wconf 77' lang='lat' dir='ltr'><strong>Peter,</strong></span> <span class='ocrx_word' id='word_1_913' title='bbox 1202 2469 1281 2495; x_wconf 89' lang='lat' dir='ltr'><strong>creat</strong></span> <span class='ocrx_word' id='word_1_914' title='bbox 1297 2466 1399 2501; x_wconf 84' lang='lat' dir='ltr'><strong>Filius,</strong></span> <span class='ocrx_word' id='word_1_915' title='bbox 1416 2465 1577 2494; x_wconf 77' lang='lat' dir='ltr'><strong>sanctiﬁcat</strong></span> <span class='ocrx_word' id='word_1_916' title='bbox 1591 2466 1728 2502; x_wconf 87' lang='lat' dir='ltr'><strong>Spiritus.</strong></span> <span class='ocrx_word' id='word_1_917' title='bbox 1747 2468 1841 2501; x_wconf 83' lang='lat' dir='ltr'><strong>Atque</strong></span> 
     </span>
    </p>
   </div>
   <div class='ocr_carea' id='block_1_113' title="bbox 1017 2510 1842 2541">
    <p class='ocr_par' dir='ltr' id='par_1_113' title="bbox 1017 2510 1842 2541">
     <span class='ocr_line' id='line_1_113' title="bbox 1017 2510 1842 2541; baseline -0.004 -3"><span class='ocrx_word' id='word_1_918' title='bbox 1017 2511 1071 2539; x_wconf 87' lang='lat' dir='ltr'><strong>hoc</strong></span> <span class='ocrx_word' id='word_1_919' title='bbox 1097 2513 1142 2538; x_wconf 88' lang='lat' dir='ltr'><strong>est</strong></span> <span class='ocrx_word' id='word_1_920' title='bbox 1166 2520 1172 2539; x_wconf 86' lang='lat'><strong>:</strong></span> <span class='ocrx_word' id='word_1_921' title='bbox 1198 2522 1212 2536; x_wconf 80' lang='grc' dir='ltr'><strong>α</strong></span> <span class='ocrx_word' id='word_1_922' title='bbox 1236 2511 1330 2538; x_wconf 87' lang='lat' dir='ltr'><strong>Verbo</strong></span> <span class='ocrx_word' id='word_1_923' title='bbox 1358 2511 1474 2539; x_wconf 87' lang='lat' dir='ltr'><strong>Domini</strong></span> <span class='ocrx_word' id='word_1_924' title='bbox 1498 2510 1561 2539; x_wconf 79' lang='grc' dir='ltr'>οωιὶ</span> <span class='ocrx_word' id='word_1_925' title='bbox 1585 2510 1691 2539; x_wconf 80' lang='lat' dir='ltr'><strong>ﬁrmati</strong></span> <span class='ocrx_word' id='word_1_926' title='bbox 1717 2513 1797 2541; x_wconf 82' lang='lat' dir='ltr'><strong>sunt,</strong></span> <span class='ocrx_word' id='word_1_927' title='bbox 1814 2514 1842 2537; x_wconf 83' lang='lat' dir='ltr'><strong>et</strong></span> 
     </span>
    </p>
   </div>
   <div class='ocr_carea' id='block_1_114' title="bbox 1017 2555 1842 2591">
    <p class='ocr_par' dir='ltr' id='par_1_114' title="bbox 1017 2555 1842 2591">
     <span class='ocr_line' id='line_1_114' title="bbox 1017 2555 1842 2591; baseline -0.001 -9"><span class='ocrx_word' id='word_1_928' title='bbox 1017 2555 1127 2591; x_wconf 85' lang='lat' dir='ltr'><strong>Spiritu</strong></span> <span class='ocrx_word' id='word_1_929' title='bbox 1145 2555 1204 2583; x_wconf 84' lang='lat' dir='ltr'><strong>oris</strong></span> <span class='ocrx_word' id='word_1_930' title='bbox 1219 2555 1282 2591; x_wconf 88' lang='lat' dir='ltr'><strong>ejus</strong></span> <span class='ocrx_word' id='word_1_931' title='bbox 1294 2555 1389 2583; x_wconf 80' lang='lat' dir='ltr'><strong>omnis</strong></span> <span class='ocrx_word' id='word_1_932' title='bbox 1410 2556 1504 2583; x_wconf 85' lang='lat' dir='ltr'><strong>virtus</strong></span> <span class='ocrx_word' id='word_1_933' title='bbox 1529 2562 1630 2582; x_wconf 89' lang='lat' dir='ltr'><strong>eorum</strong></span> <span class='ocrx_word' id='word_1_934' title='bbox 1653 2555 1686 2582; x_wconf 67' lang='grc' dir='ltr'>εί.</span> <span class='ocrx_word' id='word_1_935' title='bbox 1712 2565 1726 2580; x_wconf 70' lang='grc' dir='ltr'><strong>η</strong></span> <span class='ocrx_word' id='word_1_936' title='bbox 1743 2556 1842 2590; x_wconf 77' lang='lat' dir='ltr'><strong>Neque</strong></span> 
     </span>
    </p>
   </div>
   <div class='ocr_carea' id='block_1_115' title="bbox 1017 2599 1840 2636">
    <p class='ocr_par' dir='ltr' id='par_1_115' title="bbox 1017 2599 1840 2636">
     <span class='ocr_line' id='line_1_115' title="bbox 1017 2599 1840 2636; baseline 0 -9"><span class='ocrx_word' id='word_1_937' title='bbox 1017 2599 1111 2633; x_wconf 87' lang='lat' dir='ltr'><strong>Pater,</strong></span> <span class='ocrx_word' id='word_1_938' title='bbox 1128 2600 1204 2636; x_wconf 88' lang='lat' dir='ltr'><strong>quod</strong></span> <span class='ocrx_word' id='word_1_939' title='bbox 1222 2599 1321 2627; x_wconf 80' lang='lat' dir='ltr'><strong>auxilii</strong></span> <span class='ocrx_word' id='word_1_940' title='bbox 1339 2599 1535 2636; x_wconf 86' lang='lat' dir='ltr'><strong>indigeat,per</strong></span> <span class='ocrx_word' id='word_1_941' title='bbox 1549 2599 1654 2627; x_wconf 83' lang='lat' dir='ltr'><strong>Filium</strong></span> <span class='ocrx_word' id='word_1_942' title='bbox 1670 2602 1749 2627; x_wconf 84' lang='lat' dir='ltr'><strong>creat</strong></span> <span class='ocrx_word' id='word_1_943' title='bbox 1765 2607 1772 2627; x_wconf 86' lang='lat'><strong>:</strong></span> <span class='ocrx_word' id='word_1_944' title='bbox 1789 2608 1840 2627; x_wconf 86' lang='lat' dir='ltr'><strong>ne-</strong></span> 
     </span>
    </p>
   </div>
   <div class='ocr_carea' id='block_1_116' title="bbox 1017 2644 1840 2681">
    <p class='ocr_par' dir='ltr' id='par_1_116' title="bbox 1017 2644 1840 2681">
     <span class='ocr_line' id='line_1_116' title="bbox 1017 2644 1840 2681; baseline -0.002 -10"><span class='ocrx_word' id='word_1_945' title='bbox 1017 2652 1074 2680; x_wconf 88' lang='lat' dir='ltr'><strong>que</strong></span> <span class='ocrx_word' id='word_1_946' title='bbox 1092 2644 1192 2677; x_wconf 80' lang='lat' dir='ltr'><strong>Filius,</strong></span> <span class='ocrx_word' id='word_1_947' title='bbox 1208 2644 1286 2679; x_wconf 90' lang='lat' dir='ltr'><strong>quod</strong></span> <span class='ocrx_word' id='word_1_948' title='bbox 1303 2644 1401 2672; x_wconf 85' lang='lat' dir='ltr'><strong>auxilii</strong></span> <span class='ocrx_word' id='word_1_949' title='bbox 1418 2646 1512 2680; x_wconf 71' lang='lat' dir='ltr'><strong>egeat,</strong></span> <span class='ocrx_word' id='word_1_950' title='bbox 1530 2651 1581 2681; x_wconf 92' lang='lat' dir='ltr'><strong>per</strong></span> <span class='ocrx_word' id='word_1_951' title='bbox 1595 2644 1735 2679; x_wconf 86' lang='lat' dir='ltr'><strong>Spiritum</strong></span> <span class='ocrx_word' id='word_1_952' title='bbox 1752 2645 1840 2671; x_wconf 75' lang='lat' dir='ltr'><strong>creat:</strong></span> 
     </span>
    </p>
   </div>
   <div class='ocr_carea' id='block_1_117' title="bbox 1016 2687 1841 2724">
    <p class='ocr_par' dir='ltr' id='par_1_117' title="bbox 1016 2687 1841 2724">
     <span class='ocr_line' id='line_1_117' title="bbox 1016 2687 1841 2724; baseline -0.002 -8"><span class='ocrx_word' id='word_1_953' title='bbox 1016 2690 1067 2717; x_wconf 87' lang='lat' dir='ltr'><strong>sed</strong></span> <span class='ocrx_word' id='word_1_954' title='bbox 1085 2691 1116 2716; x_wconf 88' lang='lat' dir='ltr'><strong>ut</strong></span> <span class='ocrx_word' id='word_1_955' title='bbox 1131 2697 1165 2716; x_wconf 85' lang='lat' dir='ltr'><strong>ex</strong></span> <span class='ocrx_word' id='word_1_956' title='bbox 1180 2689 1267 2717; x_wconf 88' lang='lat' dir='ltr'><strong>rebus</strong></span> <span class='ocrx_word' id='word_1_957' title='bbox 1283 2688 1408 2717; x_wconf 89' lang='lat' dir='ltr'><strong>conditis</strong></span> <span class='ocrx_word' id='word_1_958' title='bbox 1425 2689 1532 2722; x_wconf 83' lang='lat' dir='ltr'><strong>Patris,</strong></span> <span class='ocrx_word' id='word_1_959' title='bbox 1543 2691 1572 2716; x_wconf 88' lang='lat' dir='ltr'><strong>et</strong></span> <span class='ocrx_word' id='word_1_960' title='bbox 1589 2688 1660 2722; x_wconf 84' lang='lat' dir='ltr'><strong>Filii,</strong></span> <span class='ocrx_word' id='word_1_961' title='bbox 1676 2692 1704 2716; x_wconf 82' lang='lat' dir='ltr'><strong>et</strong></span> <span class='ocrx_word' id='word_1_962' title='bbox 1716 2687 1841 2724; x_wconf 86' lang='lat' dir='ltr'><strong>Spiritus</strong></span> 
     </span>
    </p>
   </div>
   <div class='ocr_carea' id='block_1_118' title="bbox 1015 2731 1841 2768">
    <p class='ocr_par' dir='ltr' id='par_1_118' title="bbox 1015 2731 1841 2768">
     <span class='ocr_line' id='line_1_118' title="bbox 1015 2731 1841 2768; baseline -0.004 -7"><span class='ocrx_word' id='word_1_963' title='bbox 1015 2734 1107 2761; x_wconf 76' lang='lat' dir='ltr'><strong>sancti</strong></span> <span class='ocrx_word' id='word_1_964' title='bbox 1124 2733 1262 2762; x_wconf 74' lang='lat' dir='ltr'><strong>identitae</strong></span> <span class='ocrx_word' id='word_1_965' title='bbox 1277 2733 1505 2762; x_wconf 88' lang='lat' dir='ltr'><strong>demonstretur.</strong></span> <span class='ocrx_word' id='word_1_966' title='bbox 1527 2732 1669 2761; x_wconf 62' lang='lat' dir='ltr'><strong>Craterum</strong></span> <span class='ocrx_word' id='word_1_967' title='bbox 1686 2732 1761 2768; x_wconf 88' lang='lat' dir='ltr'><strong>quod</strong></span> <span class='ocrx_word' id='word_1_968' title='bbox 1775 2731 1841 2766; x_wconf 76' lang='lat' dir='ltr'><strong>Spi—</strong></span> 
     </span>
    </p>
   </div>
   <div class='ocr_carea' id='block_1_119' title="bbox 171 2838 1042 2875">
    <p class='ocr_par' dir='ltr' id='par_1_119' title="bbox 171 2838 1042 2875">
     <span class='ocr_line' id='line_1_119' title="bbox 171 2838 1042 2875; baseline -0.001 -7"><span class='ocrx_word' id='word_1_969' title='bbox 171 2840 194 2857; x_wconf 83' lang='lat'>&quot;</span> <span class='ocrx_word' id='word_1_970' title='bbox 208 2840 312 2868; x_wconf 78' lang='lat' dir='ltr'><strong>Genes.</strong></span> <span class='ocrx_word' id='word_1_971' title='bbox 327 2846 360 2873; x_wconf 78' lang='grc' dir='ltr'>ιι,</span> <span class='ocrx_word' id='word_1_972' title='bbox 376 2838 419 2867; x_wconf 86' lang='grc'><strong>15.</strong></span> <span class='ocrx_word' id='word_1_973' title='bbox 456 2839 479 2857; x_wconf 78' lang='grc' dir='ltr'><strong>⁸ο</strong></span> <span class='ocrx_word' id='word_1_974' title='bbox 493 2838 571 2868; x_wconf 78' lang='lat' dir='ltr'><strong>Psal.</strong></span> <span class='ocrx_word' id='word_1_975' title='bbox 584 2847 678 2874; x_wconf 74' lang='lat' dir='ltr'><strong>mw,</strong></span> <span class='ocrx_word' id='word_1_976' title='bbox 692 2839 738 2874; x_wconf 82' lang='lat' dir='ltr'><strong>2t,</strong></span> <span class='ocrx_word' id='word_1_977' title='bbox 775 2839 797 2858; x_wconf 82' lang='grc'><strong>⁶¹</strong></span> <span class='ocrx_word' id='word_1_978' title='bbox 814 2838 893 2868; x_wconf 85' lang='lat' dir='ltr'><strong>Psal.</strong></span> <span class='ocrx_word' id='word_1_979' title='bbox 909 2846 998 2875; x_wconf 82' lang='lat' dir='ltr'><strong>uxu,</strong></span> <span class='ocrx_word' id='word_1_980' title='bbox 1013 2840 1042 2868; x_wconf 81' lang='lat'><strong>6.</strong></span> 
     </span>
    </p>
   </div>
  </div>
