2043 3107
186 178 261 210 1311

188 290 327 326 ostendit,
341 290 444 327 angelo
460 291 574 319 dicente
591 301 597 320 :
617 302 628 317 ε
645 292 724 325 Quod
743 293 821 320 enim
847 292 876 319 in
901 300 934 320 ea
958 299 1009 319 na-

187 337 251 363 tum
269 337 323 368 est,
338 343 373 363 ex
390 335 500 372 Spiritu
530 339 631 365 sancto
656 340 698 365 est
720 338 754 365 ⁸³.
771 349 785 362 ‹‹
800 336 901 365 Macati.
917 336 1009 364 Etiam

188 381 274 407 Pater
287 380 410 415 Spiritus
426 383 547 409 sanctus
558 384 602 409 est
618 390 624 410 :
643 382 712 409 item
724 382 812 410 Filius
829 390 836 409 :
850 384 878 409 et
893 381 1010 417 quando

190 424 240 456 ait,
258 425 296 452 Ex
311 425 420 461 Spiritu
451 428 552 453 sancto
577 429 632 459 est,
659 426 762 454 Filium
787 426 935 462 intelligit,
953 433 1008 453 non

189 477 268 502 eum,
285 469 320 497 de
340 478 397 506 quo
414 478 467 497 nos
483 470 641 506 loquimur,
653 471 804 507 Spiritum.

226 514 269 541 13.
287 514 361 542 Orlh.
378 514 452 551 Lege
468 514 563 542 locum
580 515 738 552 Evangelii,
755 518 786 543 ut
805 515 908 543 audias
922 522 1010 550 ango-

189 557 250 587 lum
266 558 359 586 Mariae
375 559 519 587 dicentem
535 568 541 586 :
560 570 574 585 «
590 560 717 596 Spiritus
738 562 857 588 sanctus
874 567 1010 595 superve-

190 603 250 630 niet
265 602 294 630 in
309 605 336 630 te
349 603 371 620 ⁸³
388 611 393 630 :
414 615 423 627 ι
442 603 539 639 qualis
555 603 602 631 ille
615 606 626 632 ?
637 604 711 638 isne,
727 605 763 632 de
778 613 835 641 quo
851 604 1011 640 loquimur,

191 655 226 674 an
243 646 359 674 Filius?
373 655 409 674 an
427 647 504 675 alius
518 649 584 684 quis
600 649 729 685 Spiritus
745 649 967 677 sanctus?Nam
984 651 1013 676 et

191 690 287 727 angeli
304 691 427 726 spiritus
442 693 536 720 sancti
557 696 636 720 sunt.
662 693 760 721 Maced.
787 694 928 729 Spiritum
944 702 1011 721 san-

191 737 269 763 ctum
285 736 356 763 dicit
370 735 453 764 illum
470 737 578 773 ipsum,
590 738 618 764 in
636 746 722 773 quem
740 737 1011 774 baptizamur.0rth.

192 780 232 807 Ex
249 780 301 808 hoc
312 780 518 817 igiturSpiritu
528 783 823 818 corpusDomiaicum
836 785 936 810 natum
949 791 1013 810 esse

192 824 233 852 ait
247 825 373 853 Gabriel.
390 825 489 862 Neque
504 827 582 854 enim
600 827 675 855 alius
691 828 720 854 in
745 835 807 855 eam
833 827 1011 864 supervenit,

192 869 266 896 alius
281 869 404 905 gratiam
421 873 557 907 operatus
577 875 621 899 est
637 880 643 899 :
661 872 711 899 sed
723 872 801 906 quod
816 871 845 899 in
861 880 895 900 ea
912 874 1012 899 natum

766 181 797 211 S.
822 180 1080 212 ATHANASIUS.
1096 197 1134 203 -—
1149 181 1304 213 SPURIA.

1694 0 1725 14 μ

1740 76 1812 95 mg-»
1859 82 1885 101 m-

1810 181 1892 212 I312

187 244 263 273 ritus
287 248 407 281 sanctus
432 254 530 274 creare
560 247 662 283 possit,
694 247 877 276 Dominicum
902 255 1009 283 corpus

1077 248 1200 284 ἱυριακοῦ
1213 248 1351 284 σώματος,
1366 248 1415 274 τοῦ
1429 246 1548 284 ἀγγέλου
1565 246 1718 284 εἰρηκότος
1736 258 1750 273 ‹‹
1774 247 1813 275 Τὸ
1837 248 1890 284 γὰρ

1064 289 1090 318 ἐν
1105 291 1173 327 αὖτῇ
1189 292 1315 328 γεννηθὲν
1334 291 1363 319 ἐκ
1379 291 1535 328 Πνεῦματές
1552 291 1621 318 ἐστιν
1644 290 1732 329 ἁγίου.
1756 303 1770 316 ››
1787 288 1891 318 Maneo.

1064 336 1113 363 Καὶ
1130 336 1144 362 ὁ
1160 336 1253 372 Πατὴρ
1270 338 1380 372 Πνεῦμα
1396 335 1472 373 ἅγιόν
1489 334 1557 371 ἐστι,
1569 335 1613 362 καὶ
1630 336 1644 362 ὁ
1662 335 1733 366 Υἱός·
1764 335 1809 362 καὶ
1825 334 1890 362 ὅταν

1065 379 1151 417 λέγει,
1180 380 1228 409 Ἐκ
1255 380 1413 417 Πνεύματός
1442 379 1513 407 ἐστιν
1544 379 1632 418 ἁγίου1
1658 382 1707 408 τοῦ
1723 380 1788 408 Υἱοῦ
1804 379 1892 417 λέγει,

1065 425 1129 463 ούχὶ
1146 423 1174 452 δὲ
1189 427 1237 452 τοῦ
1253 424 1423 462 Πνεῦματος,
1439 424 1502 462 περὶ
1517 423 1551 452 οὗ
1566 425 1580 453 ὁ
1596 424 1689 462 λόγος.

1103 515 1144 542 13.
1175 514 1246 550 ⁷096.
1279 514 1426 552 Ἀνάγνωθι
1454 513 1500 541 τὸν
1527 513 1610 541 τόπον
1636 515 1684 541 τοῦ
1709 513 1893 551 Εὐαγγεὶλου,

1062 558 1099 585 ’ἶν’
1116 558 1230 595 ἀκούσῃς
1245 560 1293 586 τοῦ
1307 558 1422 597 ἀγγέλου
1437 557 1564 596 λέγοντος
1579 560 1613 594 τῇ
1630 558 1732 595 Μαρίᾳ·
1750 570 1764 583 ι(
1781 559 1895 594 Πνεῦμα

1066 603 1143 640 ἅγιον
1160 602 1330 630 ἐπελεύσεται
1347 602 1390 630 ἐπὶ
1405 603 1443 630 σέ·
1462 614 1476 626 η
1492 605 1570 630 ποῖον
1584 612 1590 637 ;
1614 603 1676 640 περὶ
1701 601 1732 630 οῦ
1755 603 1770 630 ὁ
1796 601 1893 640 λόγος,

1065 647 1083 682 ἢ
1099 646 1160 685 περὶ
1177 647 1251 683 Υἳοῦ,
1267 647 1284 682 ἧ
1298 657 1342 674 και
1358 646 1419 684 περὶ
1436 646 1522 675 ἄλλου
1538 647 1610 678 τινὸς
1627 646 1783 683 Πνεύματος
1795 647 1893 684 ἁγίους

1066 691 1115 719 Καὶ
1131 693 1181 730 γὰρ
1193 692 1219 719 οἱ
1243 692 1315 729 ἅγιοι
1339 690 1452 729 ἄγγελοι
1479 691 1619 728 πνεύματά
1640 691 1706 718 εἰσιν
1731 692 1806 729 ἅγια,
1837 694 1896 719 Μα-

1066 735 1123 765 κεδ.
1149 738 1255 773 Πνεῦμα
1281 737 1355 774 ἅγιον
1381 735 1453 774 λέγει
1478 735 1543 763 αὐτὸ
1566 736 1597 763 τὸ
1620 738 1739 772 Πνεῦμα,
1762 736 1800 766 είς
1814 735 1831 763 8
1848 736 1897 773 βα-

1067 781 1227 818 πτιζόμεοα.
1253 782 1326 818 ὈρΘ.
1354 781 1402 809 Ἐκ
1424 780 1522 808 τούτου
1548 781 1600 818 ἄρα
1622 783 1670 808 τοῦ
1687 780 1846 817 Πνεῦματος
1861 781 1893 807 τὸ

1067 826 1200 864 Κυριακὸν
1218 828 1297 863 σῶμα
1313 825 1386 864 λὲγει
1402 826 1416 852 ὁ
1439 823 1562 863 Γαϐριὴλ
1584 826 1771 863 γεγεννῆσθαι.
1789 824 1826 852 Οὖ
1843 826 1897 862 γὰρ

1068 870 1138 899 ἄλλο
1167 870 1234 907 αὖτῇ
1260 870 1373 906 ἐπῆλθε,
1399 870 1445 898 καὶ
1469 869 1539 898 ἄλλο
1561 870 1610 904 τὴν
1632 870 1712 907 χάριν
1739 869 1895 908 εἰργάσατο·

192 915 247 946 est,
271 921 306 941 ex
327 914 433 950 Spiritu
452 918 553 943 sancto
568 918 660 949 est,ex
677 924 710 944 eo
721 916 862 948 videlicet,
888 916 948 952 qui-
964 924 1013 944 su-

1077 915 1139 944 ιλλά
1153 916 1194 952 ίτὸ
1218 914 1243 942 ἐν
1269 915 1337 952 αὐτῇ
1362 915 1486 953 γεννηθὲν
1505 915 1535 942 ἑκ
1561 914 1717 950 Πνεύματος
1734 914 1811 951 ἁγίου
1828 913 1896 947 ἐπὶ,

1077 960 1168 968 ..ι
1246 959 1373 968 -θκ.ι
1478 957 1878 968 ...ημυι-ςι

194 966 245 994 per
260 958 338 986 illam
355 959 443 988 venit.
458 960 556 988 Maced.
573 960 724 992 Quomodo
743 960 834 996 igitur
849 961 891 988 ait
908 969 915 989 ε
933 972 946 985 κ
963 961 1013 988 Sa-

193 1002 302 1038 pientia
317 1003 469 1032 adiﬁcavit
483 1004 539 1032 sibi
555 1006 674 1033 domum
686 1006 709 1023 ⁶⁴
721 1005 735 1033 ?
751 1016 763 1030 ››
781 1005 921 1034 0r!h.Hoc
935 1005 1013 1033 enim

194 1049 249 1081 est,
266 1048 343 1083 quod
362 1057 415 1076 nos
436 1049 582 1077 dicimus:
601 1051 699 1078 omnia
722 1050 816 1078 Patris
839 1058 928 1087 opera
951 1049 1014 1078 Filii

194 1100 278 1125 esse;
293 1094 322 1120 et
335 1092 396 1120 F'ilii
414 1101 476 1129 quia
493 1096 572 1130 sunt,
587 1094 714 1130 Spiritus
729 1095 796 1123 dici.
818 1095 928 1131 Itaque,
945 1102 1014 1129 quo-

196 1136 274 1165 niam
300 1145 359 1165 una
380 1140 425 1166 est
450 1139 544 1167 Patris
571 1148 604 1167 ac
626 1139 691 1167 Filii
716 1140 845 1176 potentia
861 1140 890 1167 in
908 1139 1015 1176 Spiritu

196 1184 298 1210 sancto
313 1190 447 1218 operans.
464 1183 572 1211 Paulus
588 1184 658 1212 dicit
675 1193 681 1212 :
699 1196 712 1209 ‹‹
731 1185 764 1212 Et
788 1184 933 1220 quosdam
955 1184 1018 1220 qui-

196 1227 262 1255 dem
277 1227 375 1263 posuit
398 1230 474 1256 Deus
489 1229 518 1256 in
542 1228 679 1262 Ecclesia,
707 1230 835 1265 primum
860 1228 1017 1265 apostolos,

196 1271 325 1300 secundo
341 1272 508 1308 prophetas,
526 1273 610 1301 tertio
626 1274 759 1301 doctores
779 1274 811 1301 “.
829 1284 843 1298 »
869 1274 901 1301 Et
916 1281 1019 1301 rursus

197 1315 275 1344 idem
293 1324 300 1344 ε
317 1327 330 1341 ‹ι
347 1320 369 1343 Α
386 1316 482 1345 Mileto
496 1318 615 1346 mittens
630 1318 776 1354 Ephesum
791 1317 902 1346 vocavit
927 1318 1019 1353 majo-

198 1368 244 1388 rss
260 1362 328 1388 natu
345 1361 490 1395 Ecclesiae,
505 1373 519 1387 »
533 1370 642 1398 eosque
651 1363 691 1390 sic
705 1362 850 1390 allocutus
863 1364 907 1390 est
924 1371 930 1390 :
948 1374 962 1387 «
974 1363 1020 1389 At-

196 1405 308 1433 tendits
322 1405 413 1439 vobis,
429 1408 457 1433 et
472 1405 607 1434 universo
617 1406 739 1443 gregi,in
760 1415 816 1442 quo
831 1414 882 1434 vos
897 1406 1021 1442 Spiritus

200 1451 321 1477 sanctus
337 1450 436 1486 posuit
450 1450 612 1487 episcopos,
629 1458 746 1487 pascere
766 1450 924 1478 Ecclesiam
939 1450 1020 1478 Chri-

200 1494 237 1521 sti
252 1494 284 1520 σε.
300 1505 313 1518 n
329 1494 428 1527 Vides,
445 1503 518 1531 quos
535 1498 609 1523 Deus
625 1495 913 1531 prmposuit,eosdem
929 1494 1020 1530 Spiri-

198 1540 262 1566 tum
275 1541 408 1566 sanctum
420 1547 535 1575 quoque
545 1539 749 1576 prwposuisse,
760 1542 789 1567 et
804 1548 878 1575 quos
897 1539 1023 1576 Spiritus

198 1584 485 1618 preposuit,eosdsm
499 1586 587 1612 Deum
599 1584 865 1620 praeposuissemec
873 1583 945 1612 alios
956 1583 1019 1619 Spi-

200 1627 300 1659 ritum,
324 1626 397 1655 alios
425 1628 527 1662 Deum,
546 1629 597 1656 sed
621 1628 688 1656 illos
712 1628 803 1664 ipsos,
820 1636 893 1665 quos
910 1636 1020 1664 praepo-

201 1671 261 1699 suit
276 1671 526 1708 Deus,praposuit
539 1673 709 1708 etSpiritus.
719 1673 826 1705 Quodsi
836 1673 963 1710 Spiritus
975 1680 1024 1700 eos

201 1717 452 1754 prteposuit,quos
468 1718 626 1754 praeposuit
642 1718 796 1751 Deus,hinc
805 1719 1024 1754 sequituream-

200 1762 266 1790 dem
285 1761 332 1789 Dei
347 1764 375 1789 et
389 1762 512 1798 Spiritus
527 1770 591 1790 esse
605 1762 946 1799 operationem.0uorum
957 1771 1025 1790 vero

201 1807 303 1834 eadem
310 1809 355 1834 est
369 1807 611 1843 operatio,eorum
619 1807 720 1835 eadem
729 1815 844 1843 quoque
855 1809 899 1835 est
910 1809 1023 1834 natura.

203 1851 280 1880 482
296 1851 395 1879 Μαι·εά.
416 1851 503 1887 Atqui
524 1852 601 1880 Deus
625 1854 670 1880 est
684 1852 734 1888 qui
758 1852 858 1880 omnia
878 1852 908 1879 in
931 1852 1025 1879 omni-

202 1896 257 1925 bus
282 1898 428 1932 operatur.
452 1896 598 1933 Scriptum
623 1899 668 1925 est
698 1896 776 1924 enim
799 1905 805 1924 :
830 1908 844 1921 ι(
869 1896 1026 1924 Divisionss

204 1941 366 1978 gratiarum
383 1943 463 1975 sunt,
473 1941 550 1968 idem
562 1943 659 1969 autem
676 1941 799 1977 spiritus
811 1950 817 1969 :
828 1943 856 1969 ot
871 1941 1027 1969 divisiones

204 1985 454 2013 ministrationum
480 1988 559 2019 sunt,
585 1986 662 2014 idem
688 1989 785 2014 autem
811 1986 979 2014 Dominus:
999 1987 1027 2013 et

205 2031 364 2059 divisiones
379 2031 581 2067 operationum
596 2033 675 2064 sunt,
697 2031 774 2058 idem
791 2039 857 2058 vero
872 2030 960 2064 Deus,
977 2030 1026 2066 qui

206 2078 344 2111 operatur
360 2076 459 2103 omnia
475 2075 503 2102 in
520 2075 658 2103 omnibus
674 2076 704 2103 δ”.
722 2086 736 2100 ››
751 2076 826 2104 Orlh.
844 2075 942 2103 Recita
964 2084 1027 2111 quas

206 2122 383 2155 sequuntur,
399 2122 432 2147 ut
450 2120 553 2147 audias
571 2128 577 2147 :
596 2131 609 2144 «
635 2119 796 2155 Unicuique
819 2122 917 2147 autem
943 2120 1030 2147 datur

206 2164 405 2192 maiiii‘estatio
426 2164 553 2199 Spiritus
570 2164 605 2191 ad
631 2164 801 2192 utilitatem.
828 2164 884 2192 Alii
909 2164 1028 2200 quidem

206 2209 293 2237 datur
313 2216 364 2244 per
385 2208 526 2244 Spiritum
554 2216 650 2236 sermo
683 2208 832 2243 sapientia)
859 2218 866 2237 :
890 2208 937 2236 alii
962 2217 1029 2236 vero

207 2261 303 2282 sermo
319 2253 446 2281 scientiis
462 2254 623 2282 secundum
649 2253 785 2281 eumdem
809 2253 950 2290 Spiritum
964 2263 970 2288 ;
988 2255 1030 2281 al-

1069 959 1198 996 δηλονότι
1213 962 1260 987 τοῦ
1276 959 1440 991 ἐπελθόντος
1456 959 1534 996 αὐτῇ.
1562 957 1665 987 Montes.
1692 959 1741 986 Καὶ
1765 961 1825 990 πῶς
1850 957 1897 986 λέ-

1069 1014 1120 1043 γει·
1151 1016 1163 1031 α
1190 1005 1222 1032 Ἡ
1247 1004 1333 1043 Σοφία
1355 1003 1532 1040 ᾠκοδόμησεν
1553 1003 1634 1040 ἑαυτῇ
1660 1005 1755 1037 οἷκον;
1784 1013 1797 1030 ι
1817 1003 1896 1041 Ὀρθ.

1070 1052 1154 1077 Τοῦτο
1179 1048 1231 1087 γάρ
1257 1048 1336 1084 ἐστιν,
1362 1048 1377 1075 6'
1401 1047 1518 1086 λὲγομεν
1530 1049 1623 1084 ἡμεῖς,
1639 1047 1681 1075 ὅτι
1696 1047 1788 1076 Πάντα
1801 1047 1836 1074 τὰ
1848 1049 1898 1074 τοῦ

1072 1094 1178 1132 Πατρὸς
1195 1093 1273 1132 ἔργα,
1286 1093 1336 1121 εἰσί
1351 1095 1399 1120 τοῦ
1415 1092 1488 1129 Υῗοῦ,
1504 1092 1548 1120 καὶ
1562 1093 1596 1120 τὰ
1609 1095 1658 1120 τοῦ
1678 1092 1741 1120 ΥῙοῦ
1768 1091 1900 1129 λέγονται

1073 1139 1139 1167 εἶναι
1163 1140 1211 1166 τοῦ
1241 1137 1408 1174 Πνεύματος·
1440 1135 1532 1171 ἐπειδή
1565 1137 1613 1174 μία
1635 1136 1691 1164 ἐστὶ
1706 1135 1821 1172 δύναμις
1851 1138 1901 1163 τοῦ

1073 1183 1180 1221 Πατρὸς
1196 1182 1240 1210 καὶ
1254 1184 1303 1210 τοῦ
1317 1182 1381 1209 Υὶοῦ
1397 1181 1422 1209 ἐν
1439 1182 1579 1218 Πνεῦμα-τι
1608 1181 1677 1219 ἁγίῳ
1704 1180 1900 1219 ἐνεργουμένη.

1073 1227 1187 1265 Ἀμέλει
1203 1226 1312 1258 Παῦλος
1339 1226 1421 1264 λέγει·
1447 1239 1461 1252 (ι
1486 1225 1608 1257 ’Ἀλλους
1636 1226 1682 1262 μὲν
1706 1223 1781 1253 ἔθετο
1796 1225 1810 1252 ὁ
1836 1225 1904 1254 Θεὸς

1075 1272 1101 1301 ἒν
1115 1275 1149 1309 τῇ
1166 1271 1326 1308 Ἐκκλησία,
1342 1273 1449 1309 πρῶτον
1470 1270 1652 1306 ἀποστόλους,
1680 1269 1803 1308 δεύτερον
1830 1279 1903 1307 προ-

1075 1319 1171 1357 φήτας,
1195 1316 1285 1355 τρίτον
1317 1315 1506 1346 διδασκάλους’
1537 1327 1551 1341 ι)
1581 1315 1625 1343 καὶ
1655 1314 1737 1342 πάλιν
1767 1315 1783 1342 ό
1807 1314 1901 1344 αὐτός’

1076 1374 1090 1387 (ί
1106 1362 1219 1399 Πέμψας
1249 1361 1301 1389 ἀπὸ
1325 1364 1375 1395 τῆς
1400 1359 1529 1395 Μιλήτου
1552 1360 1590 1391 εἷς
1613 1360 1662 1394 τὴν
1678 1361 1806 1398 Ἔφεσον,
1840 1368 1904 1395 μετ-

1075 1405 1213 1435 εστείλατο
1237 1406 1301 1437 τοὺς
1330 1402 1528 1443 πρεσϐυτέρους
1558 1408 1608 1439 τῆς
1635 1403 1810 1439 Ἐκκλησίας,
1828 1415 1843 1428 η
1859 1402 1904 1429 καὶ

1076 1451 1148 1489 λέγει
1164 1450 1266 1481 αὐτοῖς·
1284 1462 1297 1476 α
1316 1449 1468 1487 Προσέχετε
1484 1449 1602 1485 ἑαυτοῖς,
1618 1449 1663 1476 καὶ
1686 1448 1765 1476 παντὶ
1782 1450 1822 1483 τῷ
1839 1458 1904 1474 ποια

1078 1495 1158 1533 μνίῳ,
1183 1495 1209 1522 ἐν
1233 1495 1255 1531 ᾦ
1278 1494 1348 1531 ὑμᾶς
1369 1493 1442 1521 ἔθετο
1464 1493 1496 1520 τὸ
1520 1495 1627 1529 Πνεῦμα
1649 1493 1681 1520 τὸ
1704 1493 1779 1530 ἅγιον
1797 1492 1906 1519 ἐπισκό-

1076 1550 1153 1577 πουςέ
1185 1539 1337 1576 ποιμαίνείν
1370 1538 1420 1572 τήν
1460 1536 1622 1573 Ἐκκλησίαν
1652 1539 1701 1564 τοῦ
1729 1539 1862 1574 Χριστοῦ.
1890 1548 1904 1561 ›ι

1075 1586 1167 1622 Ὁρᾷς,
1193 1584 1246 1620 ὅτι,
1273 1583 1319 1614 οὕς
1343 1581 1417 1611 ἔθετο
1440 1583 1454 1610 ὁ
1479 1582 1553 1618 Θεὸς,
1574 1579 1648 1614 ἔθετο
1679 1582 1711 1608 τὸ
1736 1583 1847 1617 Πνεῦμα
1875 1580 1908 1607 τὸ

1078 1629 1167 1666 ἅγιον,
1192 1628 1236 1656 καὶ
1261 1627 1307 1658 οὕς
1335 1626 1409 1655 ἔθετο
1437 1626 1469 1654 τὸ
1494 1625 1614 1662 Πνεῦμα,
1631 1624 1705 1658 ἔθετο
1723 1625 1736 1653 ὀ
1752 1625 1830 1656 Θεός·
1862 1625 1908 1652 καὶ

1079 1674 1129 1701 οὒκ
1144 1673 1245 1703 ἄλλους
1259 1673 1290 1700 τὸ
1306 1674 1424 1708 Πνεῦμα,
1441 1671 1485 1699 καὶ
1502 1670 1604 1702 ἄλλους
1626 1670 1640 1698 ὁ
1664 1670 1742 1704 Θεὸς,
1764 1669 1829 1698 ἀλλ’
1860 1669 1908 1696 αῦ-

1078 1718 1141 1749 τοῦς
1171 1717 1217 1748 οῧς
1241 1716 1315 1749 ἔθετο
1344 1717 1357 1743 ὁ
1380 1716 1456 1752 Θεὸς,
1478 1714 1551 1747 ἔθετο
1573 1715 1606 1742 τὸ
1622 1714 1752 1751 [Iw-ipa;
1768 1714 1800 1742 Εἰ
1817 1713 1847 1741 δὲ
1863 1712 1910 1744 οῦς

1079 1762 1152 1790 ἔθετο
1169 1762 1183 1789 ὁ
1199 1762 1273 1795 Θεὸς,
1290 1765 1368 1793 ἆθετο
1381 1761 1412 1788 τὸ
1428 1762 1548 1796 Πνεῦμι),
1565 1761 1582 1794 ἡ
1612 1759 1681 1794 αὐτή
1712 1760 1763 1797 ἄρα
1790 1758 1910 1796 ἆνέργεια

1078 1809 1126 1835 τοῦ
1142 1809 1208 1835 Θεοῦ
1224 1806 1268 1834 καὶ
1292 1808 1341 1833 τοῦ
1364 1805 1532 1842 Πνεῦματος.
1548 1805 1596 1831 Ὦν
1611 1802 1640 1831 δὲ
1654 1805 1672 1838 ἡ
1688 1803 1756 1838 αὐτὴ
1775 1802 1909 1840 ἐνέργεια,

1078 1853 1096 1887 ἡ
1112 1851 1179 1886 αὖτὴ
1208 1850 1252 1878 καὶ
1282 1850 1370 1890 φύσις.
1401 1848 1502 1877 Μακεδ.
1534 1848 1657 1886 Καίτοιγε
1682 1847 1696 1875 ὀ
1719 1847 1786 1878 Θεός
1805 1847 1876 1874 ἐστιν
1893 1846 1908 1873 ὃ

1080 1896 1196 1934 ἐνεργῶν
1220 1895 1254 1923 τὰ
1281 1896 1366 1922 πάντα
1391 1893 1417 1922 ἰν
1443 1896 1519 1922 πᾶσι,
1544 1893 1698 1930 Γέγραπται
1720 1892 1782 1930 γάρ·
1801 1904 1814 1917 α
1832 1896 1910 1919 Διαι-

1082 1941 1166 1980 ρὲσιις
1182 1939 1360 1978 χαρισμάτων
1375 1938 1437 1973 εἰσὶ,
1453 1938 1485 1965 τὸ
1501 1936 1530 1965 δὲ
1545 1937 1610 1965 αὐτὸ
1628 1938 1746 1973 Πνεῦμα·
1765 1935 1811 1963 καὶ
1838 1934 1908 1963 διαμ

1081 1979 1166 2023 ρεσεις
1192 1983 1335 2012 διακονιῶν
1357 1983 1434 2017 εἰσιν,
1460 1983 1473 2009 ὀ
1498 1981 1527 2010 δὶ
1550 1982 1629 2013 αὐτὸς
1651 1981 1759 2019 Κύριος·
1776 1980 1822 2008 καὶ
1838 1979 1910 2007 διαι-

1082 2030 1167 2068 ρέσεις
1191 2028 1382 2067 ἐνεργημάτων
1407 2027 1497 2061 εἶσὶν,,
1511 2026 1525 2054 ὀ
1547 2026 1576 2054 δὶ
1598 2026 1678 2057 αὐτὸς
1703 2026 1769 2056 Θεός
1794 2024 1878 2059 ἐστιν,
1895 2023 1910 2051 ὁ

1082 2074 1198 2113 ἐνεργῶν
1224 2074 1257 2101 τὰ
1278 2074 1364 2100 πάντα
1388 2072 1414 2100 ἐν
1437 2075 1528 2099 πᾶσιν.
1555 2084 1570 2097 ››
1593 2072 1666 2109 Ὀρθ.
1694 2070 1761 2098 Eia}
1774 2070 1810 2097 τὰ
1835 2069 1911 2105 ἑξῆς,

1080 2118 1126 2147 ’ίνα
1158 2118 1281 2155 ἀκούσῃς·
1313 2130 1326 2143 ι(
1353 2118 1474 2153 Ἑκαστῳ
1490 2115 1519 2144 δὲ
1539 2114 1643 2144 δίδοται
1660 2116 1677 2150 ἡ
1694 2115 1848 2153 φανέρωσις
1864 2116 1913 2141 τοῦ

1085 2163 1242 2200 Πνεῦματος
1258 2162 1326 2200 πρὸς
1341 2162 1372 2189 τὸ
1387 2162 1536 2201 συμφέρον,
1552 2161 1585 2200 ᾪ
1603 2160 1649 2197 μὲν
1665 2160 1715 2198 γὰρ
1732 2157 1837 2186 δίδοται
1869 2158 1914 2185 διὰ

1082 2211 1132 2236 τοῦ
1162 2207 1317 2244 Πνεῦματος
1349 2207 1432 2244 λόγος
1462 2205 1555 2245 σοφίας
1598 2203 1677 2241 ἄλλῳ
1694 2203 1722 2231 δὶ
1738 2203 1825 2241 λόγος
1840 2203 1913 2240 γνώ-

1085 2264 1152 2284 σεως
1166 2253 1234 2280 κατᾶ
1261 2253 1292 2280 τὸ
1314 2251 1379 2279 αὐτὸ
1403 2253 1522 2285 Πνεῦμα·
1548 2249 1632 2287 ἐτὲρῳ
1655 2247 1683 2276 δὲ
1698 2248 1788 2279 πίστις
1817 2247 1844 2275 ἐν
1873 2249 1914 2282 τῷ

209 2298 264 2326 teri
278 2298 390 2326 fidesin
407 2298 508 2326 eodem
525 2298 633 2334 Spiritu
652 2307 658 2332 ;
675 2297 723 2326 alii
746 2298 842 2334 gratia
864 2298 1021 2326 sanitatum

1084 2297 1157 2334 αὐτῷ
1173 2297 1320 2334 Πνεῦματν
1337 2294 1416 2331 ἄλλῳ
1433 2293 1461 2322 δὲ
1480 2294 1638 2332 χαρίσματα
1665 2293 1800 2336 ἲαμάτωνγ
1817 2291 1844 2319 ἐν
1874 2294 1915 2327 τῷ

207 2344 237 2372 in
254 2344 355 2372 eodem
371 2343 481 2380 Spiritu
499 2352 505 2378 ;
522 2343 572 2371 alii
587 2343 716 2380 operatio
733 2343 885 2376 virtutum,
898 2343 947 2371 alii
963 2352 1030 2380 pro—

208 2389 319 2425 phetia,
335 2388 384 2416 alii
400 2388 538 2417 discretio
550 2388 721 2424 spirituum,
735 2387 784 2416 alii
797 2396 903 2424 genera
918 2388 1031 2424 lingua-

208 2436 287 2462 runt.
305 2434 369 2461 llmc
383 2436 480 2461 autem
498 2433 597 2461 omnia
612 2435 749 2469 operatur
760 2441 836 2461 unus
851 2436 939 2469 atque
954 2433 1031 2461 idem

209 2477 481 2514 Spiritus,dividens
497 2477 622 2514 singulis
639 2480 725 2513 prout
740 2477 801 2505 vult
815 2478 847 2505 ⁸⁸.
866 2488 880 2502 ι)
896 2477 966 2506 Vult
981 2486 1031 2505 au-

208 2525 268 2551 tem
299 2523 412 2556 eadem,
442 2531 507 2558 quae
535 2523 636 2550 volunt
664 2522 747 2551 Pater
770 2524 798 2550 et
826 2522 927 2557 Filius,
945 2525 1033 2558 atque

210 2567 275 2595 ideo
292 2567 471 2596 voluntatem
483 2576 583 2596 eorum
597 2576 686 2595 unam
700 2567 969 2600 dicimus.Quorum
981 2576 1032 2595 au-

211 2615 269 2641 tem
290 2612 424 2641 voluntas
438 2613 537 2641 eadem
550 2615 605 2647 est,
621 2612 782 2648 eademque
789 2612 1035 2648 operatio,natura

210 2657 281 2686 item
298 2660 342 2685 est
356 2657 469 2685 eadem.

249 2703 292 2730 44.
311 2702 411 2730 Maced.
440 2701 578 2737 Nunquid
604 2700 695 2737 igitur
718 2700 845 2737 Spiritus
867 2703 911 2729 est
935 2700 1012 2729 Deus
1022 2696 1056 2728 ‘IJ'

1085 2342 1158 2379 αὐτῷ
1174 2341 1318 2378 Πνεῦματι·
1336 2339 1415 2376 ἄλλῳ
1431 2338 1459 2367 δὲ
1475 2338 1656 2376 ἐνεργήματα·
1682 2337 1766 2374 ἑτέρῳ
1791 2335 1821 2364 δὶ
1845 2346 1914 2375 προ-

1086 2387 1192 2427 φητεία·
1219 2385 1298 2422 ἄλλῳ
1328 2383 1356 2412 δὲ
1394 2383 1542 2421 διακρίσεις
1571 2380 1865 2427 τινειιμεὶτουν·νὲξιέρῳΔ

1085 2423 1149 2470 γένη
1179 2430 1322 2468 γλωσσῶν.
1347 2427 1435 2457 Πάντα
1460 2427 1489 2455 δὲ
1510 2428 1594 2454 ταῦτα
1619 2425 1721 2464 ἐνεργεῖ
1734 2425 1766 2452 τὸ
1823 2423 1916 2451 καὶτὸ

1088 2468 1152 2504 αὐτὸ
1170 2477 1287 2511 Πνεῦμα⁷
1303 2472 1424 2512 διαιροῦν
1442 2471 1497 2507 ἰδίᾳ
1512 2471 1616 2507 ἑκάστῳ
1631 2470 1719 2502 καθὼς
1742 2468 1882 2507 βούλεται·
1902 2479 1913 2493 ι

1089 2519 1220 2549 Βούλεται
1250 2518 1279 2547 δὲ
1303 2518 1319 2546 ἃ
1344 2517 1471 2557 βούλεται
1490 2517 1504 2544 ὁ
1521 2516 1613 2551 Πατὴρ
1630 2515 1675 2542 καὶ
1691 2515 1705 2541 ὀ
1721 2514 1795 2545 1%;-
1809 2513 1856 2541 καὶ
1874 2512 1918 2540 διὰ

1088 2568 1168 2592 τοῦτο
1195 2564 1309 2603 λὲγομεν
1327 2562 1430 2602 βουλήν
1449 2561 1522 2599 μίαν.
1540 2562 1586 2588 Ὧν
1604 2558 1632 2587 δὲ
1646 2559 1677 2587 τὸ
1692 2558 1758 2587 αὐτὸ
1785 2557 1918 2597 βούλημα

1089 2610 1133 2638 καὶ
1149 2611 1166 2644 ἠ
1184 2608 1250 2643 αὐτὴ
1268 2608 1396 2646 ἐνέργεια,
1412 2608 1429 2642 ἡ
1446 2606 1514 2640 αῦτὴ
1530 2604 1574 2632 καὶ
1590 2605 1608 2639 ἡ
1624 2603 1713 2643 φύσις.

1127 2700 1171 2727 14.
1189 2696 1291 2727 Μικεδ.
1308 2696 1412 2726 οὐκοῦν
1426 2695 1472 2723 καὶ
1487 2693 1552 2726 Θεός
1569 2694 1624 2722 ἔστι
1640 2693 1671 2721 τὸ
1686 2693 1820 2729 Πνεῦμας
1844 2692 1918 2729 Ὀρθ.

253 2820 276 2838 ¹²
288 2819 391 2848 Matth.
409 2827 430 2854 ι,
444 2820 489 2847 20.
527 2819 550 2838 ⁵³
564 2818 635 2847 Luc.
651 2826 671 2853 ι,
687 2817 731 2845 35.
770 2816 793 2835 ⁸⁵
808 2816 890 2845 Prov.
903 2824 942 2853 ix,
959 2816 985 2845 1.

1085 2815 1150 2845 Cor.
1166 2823 1217 2851 xu,
1233 2816 1279 2845 28.
1317 2814 1340 2833 “
1353 2814 1416 2843 Act.
1431 2821 1478 2849 xx,
1489 2811 1534 2848 17,
1547 2812 1592 2840 28.
1629 2810 1652 2829 "'
1677 2809 1689 2839 Ι
1709 2809 1775 2839 Cor.
1790 2816 1844 2843 xu,
1860 2807 1918 2837 ισθ-

215 2855 238 2874 ⁶⁶
254 2855 324 2884 ibid.
341 2855 420 2884 7-11.
