2043 3107
145 184 223 216 1313

680 180 836 213 CONTRA
859 180 1056 214 MACEDON.
1081 181 1274 214 DIALOGUS
1298 182 1322 214 Ι.

1772 185 1849 216 1314

142 252 231 279 Τοῦτο
246 250 291 277 καὶ
307 248 386 280 αὐτὸς
402 248 428 284 ἐξ
443 247 526 283 αὐτῆς
536 251 587 282 τῆς
599 246 760 280 ἀκολουθίας
773 247 966 286 ὡμολόγησας.
985 277 988 282 Α

1045 249 1103 277 ‘rth.
1120 250 1179 276 Hoc
1194 251 1256 276 tute
1271 257 1305 277 ex
1321 249 1384 285 ipsa
1399 249 1542 277 dictorum
1558 251 1767 286 consequentia
1783 260 1850 286 pro—

143 296 248 322 Ἐκεῖνο
265 293 293 322 δὲ
321 293 449 331 γίνωσκε,
480 292 521 320 ὅτι
547 293 579 320 τὸ
597 292 661 320 Θεὸν
679 292 745 319 εἶναι
761 291 884 330 δεύτερόν
913 292 968 319 ἐστι

143 344 195 374 τῆς
225 338 342 376 φύσεως.
374 338 423 365 Καὶ
450 338 502 375 γὰρ
518 338 611 374 ἡμεῖς,
632 337 676 364 ἐὰν
694 337 812 373 μιμηταὶ
828 338 970 374 γενώμεθα

144 386 194 411 τοῦ
223 385 301 412 Θεοῦ.
329 383 397 410 κατὰ
425 382 471 409 τὸν
496 380 603 410 Παῦλον
627 381 683 413 θιοὶ
700 381 747 417 μὶν
765 381 904 418 γινόμεθα·
921 385 970 416 τῆς

148 427 177 455 ὃὶ
191 427 274 462 αὐτῆς
290 426 394 466 φύσεως
409 426 529 464 γενέσθαι
549 425 580 453 οὐ
610 424 755 461 δυνάμεθα.
785 424 889 454 Μακεδ,
919 426 971 453 Καὶ

149 472 215 500 αὐτὸ
238 470 283 499 οὖν
312 471 342 498 τὸ
369 472 478 507 Πνεῦμα
498 469 565 497 κατὰ
591 469 704 506 μίμησιν
725 469 769 497 καὶ
786 469 866 507 χάριν
882 469 971 507 λὲγεις

152 517 220 544 εἶναι
236 516 300 543 Θεόν
314 529 321 549 ;
338 516 414 553 Ὀρθ.
436 515 478 549 Μὴ
495 514 601 552 γένοιτό
617 524 663 550 μοι
679 514 822 549 ἐπίκτητον
837 524 863 541 τι
887 514 971 541 εἰπεῖν

148 561 194 589 ἐπὶ
209 563 258 588 τοῦ
275 559 449 595 Πνεύματοςῑ
467 557 527 586 οὔτε
536 559 587 597 γὰρ
602 559 633 586 τὸ
658 559 744 597 ἅγιον,
769 557 830 586 οὕτε
853 560 884 586 τὸ
910 559 972 586 ἀθά-

149 616 242 641 νατον,
271 603 333 633 οὔτε
359 604 390 631 τὸ
419 604 528 642 ἀγαθὸν,
554 602 616 631 οὔτε
645 602 714 631 ἄλλο
742 602 835 630 τιτῶν
851 603 912 641 περὶ
927 603 972 630 τὸν

149 651 215 678 Θεὸν
243 648 438 687 θεωρουμένων
470 647 541 686 λέγω
570 648 636 675 εἴναι
661 647 805 683 ἐπικτητον
834 650 874 684 τῷ
903 647 974 685 ἁγίῳ

150 695 299 731 Πνεύματιί
330 693 403 721 ἀλλὰ
433 692 509 732 φύσει
537 693 624 730 ἅγιον,
656 692 732 728 φύσει
762 692 872 730 ἀγαθὸν,
897 692 974 731 φύσει

149 741 296 780 ἄφθαρτον,
322 738 398 777 φύσει
423 738 564 766 ἀθάνατον.
596 738 632 768 ὡς
656 739 766 774 Πνεῦμα
790 739 856 765 Θεοῦ
880 737 924 764 καὶ
949 737 975 772 ἐξ

150 785 236 812 αὐτοῦ
263 784 396 821 πηγάζον,
425 782 487 817 ἦτοι
515 781 739 819 ἐκπορευόμενον.
770 780 876 810 Μακεδ.
918 782 975 809 Ἀεὶ

151 829 202 856 06v
218 827 391 866 ἐκπορεύεται
406 828 470 866 παρ’
485 826 585 861 αὖτοῦ;
602 827 676 864 Ὀρθ.
702 827 760 855 Ἵνα
787 827 825 863 μή
850 826 976 863 νομίσῃς,

151 873 195 901 ὅτι
210 872 310 911 ἤρξατο
324 874 373 899 τοῦ
390 871 582 910 ἐκπορεύεσθαι
597 871 641 899 καὶ
663 871 806 907 πέπαυται,
832 869 876 898 διὰ
897 873 978 899 τοῦτο

152 916 271 955 εἴρηται.
287 918 322 946 ’Ὀ
337 917 410 955 παρὰ
429 919 477 943 τοῦ
502 916 606 952 Πατρὸς
630 915 812 954 ἐκπορεύεταν
839 916 884 943 ’ἱνα
909 917 978 953 μήτε

152 963 258 1000 ἀρχὴν,
292 963 361 999 μήτε
387 961 467 992 τέλος
496 961 662 998 ἆπιζητήσῃς
699 964 749 995 τῆς
779 960 974 999 ἐκπορεύσεως.

150 1009 238 1034 Τοῦτο
267 1006 311 1034 καῖ
335 1006 397 1044 περὶ
412 1009 462 1040 τῆς
478 1007 631 1044 γεννήσεως
647 1008 694 1032 τοῦ
710 1005 773 1033 Υἷοῦ
803 1005 975 1042 σημαινόμε-

151 1063 200 1079 νον
225 1052 358 1088 εὑρήσεις.
384 1050 423 1079 Οὐ
444 1051 495 1089 γὰρ
522 1050 589 1084 εἷπε,
617 1050 671 1088 ΙΙρὸ
694 1048 722 1077 δὲ
737 1049 841 1077 πάντων
856 1049 978 1088 ἐγέννησέ

155 1107 201 1133 με,
218 1095 291 1124 ἀλλὰ
306 1098 387 1130 Γεννᾷ
404 1105 445 1132 με·
464 1094 507 1122 ἵνα
534 1096 603 1131 μήτε
622 1094 712 1133 ἀρχὴν
737 1098 787 1129 τῆς
815 1096 977 1133 γεννήσεως,

157 1142 229 1178 μήτε
242 1139 321 1167 τέλος
337 1139 514 1176 ἐπιζητήσῃς.
536 1137 641 1168 Μακεδ.
663 1138 714 1166 Δύο
736 1139 782 1166 οὗν
806 1139 872 1166 εἰσιν
903 1139 978 1174 Υἰοί;

156 1186 233 1223 Ὀρθ.
252 1185 298 1218 Μὴ
314 1183 436 1221 γένοιτοί
456 1182 560 1212 Μακεό.
579 1183 609 1212 Εἰ
630 1182 741 1218 ἀληθῶς
756 1183 800 1210 καὶ
829 1183 842 1211 ὸ
868 1183 929 1214 Υἱὸς
951 1183 981 1211 ἐκ

152 1232 204 1258 τοῦ
221 1229 326 1265 Ιὶατρὸς
349 1229 394 1256 καὶ
421 1228 452 1255 τὸ
479 1229 599 1265 Πνεῦμα,
620 1226 668 1255 δύο
685 1227 750 1255 εἰσιν
765 1226 888 1266 ἀδελφοί.
907 1228 981 1265 Ὁρθ.

157 1273 238 1303 Ἀλλ’
257 1273 271 1301 ὀ
289 1274 335 1310 μὶν
352 1273 415 1304 Υἱὸς
429 1272 597 1310 γενὲννηται,
613 1272 642 1299 τὸ
659 1271 687 1299 δὲ
712 1274 819 1308 ΙΙνεῦμα
843 1271 984 1310 ἐκπορεύε-

155 1329 212 1346 ται.
245 1317 348 1346 Μακεδ.
379 1317 427 1345 Καὶ
449 1316 490 1347 τίς
514 1318 531 1352 ἡ
560 1316 676 1355 διαφορὰ
691 1320 741 1351 τῆς
758 1318 910 1354 γεννήσεως
938 1316 983 1344 καὶ

155 1366 209 1398 τῆς
225 1361 429 1401 ἐκπορεύσεως;
446 1362 521 1399 Ὀρθ.
538 1362 592 1395 Τἡν
616 1360 744 1399 διαφορὰν
774 1362 812 1398 μὴ
841 1361 985 1399 περιεργά-

159 1411 222 1443 ζου·
241 1407 272 1435 οὐ
287 1408 339 1445 γὰρ
364 1406 538 1441 καταληπτὴ,
554 1405 618 1433 ἀλλ’
635 1405 650 1433 ἃ
665 1405 816 1444 προσετάγη
834 1417 886 1442 σοι,
902 1408 986 1433 ταῦτα

165 1452 286 1487 διανοοῦ,
303 1453 348 1480 καὶ
363 1453 513 1490 περαιτέρω
527 1451 630 1479 τούτων
649 1452 686 1488 μὴ
704 1451 817 1487 ἐξέταζε.
830 1453 984 1490 Προσετάγη

166 1497 196 1525 δὲ
224 1509 266 1525 σοι
294 1498 326 1525 τὸ
354 1496 499 1531 πιστεύειν,
527 1496 568 1523 ὅτι
599 1496 612 1523 ὀ
642 1496 704 1527 Υἱὸς
724 1500 857 1534 γεννᾶται,
886 1497 931 1524 καὶ
956 1497 987 1524 τὸ

168 1544 278 1579 ΙΙνεῦμα
307 1541 489 1578 ἐκπορεύεται·
524 1540 557 1568 τὰ
586 1539 614 1568 δὲ
643 1539 714 1568 ἅλλα
736 1541 832 1575 πάντα,
863 1541 988 1578 οὐρανὸς,

165 1591 216 1622 γῆ,
245 1585 375 1620 θάλασσα,
405 1586 449 1613 κιὶ
475 1586 508 1613 τὰ
530 1585 556 1612 ἰν
585 1584 677 1616 αὐτοῖς
702 1584 798 1623 λογικά
821 1585 866 1612 καὶ
891 1585 986 1624 ιὶἰλογα1
1008 1616 1027 1624 __

163 1631 299 1667 κτίσματά
323 1631 384 1663 εἰσι,
399 1630 457 1657 κατ’
473 1629 586 1664 ἐντολὴν
602 1629 684 1657 αὐτοῦ
699 1632 746 1657 τοῦ
758 1632 825 1657 Θεοῦ
840 1631 988 1662 κτισθὲντω
1005 1619 1025 1652 C

167 1689 183 1703 (ι
200 1676 296 1707 Ἀὐτὸς
311 1676 362 1713 γὰρ
378 1675 446 1711 εἶπε,
461 1675 506 1702 καὶ
522 1675 704 1712 ἐγεννήθησαν
732 1674 810 1706 αὐτὸς
826 1675 988 1712 ἐνετείλαντο⁷

166 1721 213 1749 καὶ
245 1720 415 1756 ἐκτίσθησαν,
449 1732 458 1745 ι
487 1718 591 1748 Μακεδ.
621 1717 690 1748 Οὐδὲ
717 1719 769 1757 ἐγὼ
785 1719 868 1757 λέγω,
890 1719 931 1747 ὅτι
959 1720 990 1747 τὸ

170 1767 279 1802 Πνεῦμα
308 1764 407 1800 κτίσμα
435 1763 515 1791 ἐστίν·
547 1762 610 1791 ἀλλ’
635 1763 680 1790 οὖν
702 1763 733 1791 οὐ
749 1764 814 1791 Θεὸν
828 1764 893 1792 αὐτὸ
909 1763 990 1802 λέγω.

169 1811 248 1848 Ὀρθ.
278 1811 324 1838 ’Ἐν
349 1809 393 1836 ἔσο
416 1819 569 1847 γινωσκων,
592 1808 633 1835 δτι
650 1807 694 1835 διὰ
708 1811 788 1836 τοῦτο
805 1809 836 1836 σὺ
851 1809 931 1840 αὐτὸς
946 1809 995 1836 οὐκ

171 1856 195 1882 εἴ
218 1855 284 1885 Θεὸς
307 1855 342 1890 τῇ
367 1853 454 1892 φύσει,
480 1851 572 1887 ἐπειδή
589 1852 689 1889 κτίσμα
704 1855 782 1888 Θεοῦ,
805 1853 843 1884 ὡς
859 1853 883 1880 εἴ
908 1854 946 1890 μὴ
961 1855 994 1888 ἧς

171 1899 284 1935 κτίσμα,
301 1899 364 1929 Θεὸς
380 1897 410 1925 ἂν
422 1898 456 1932 ἧς
471 1900 505 1934 τῇ
521 1897 607 1936 φύσει.

214 2035 256 2061 15.
288 2030 387 2060 Mazicas.
416 2030 495 2059 Ἀλλ’
519 2029 640 2067 οὐδαμοῦ
674 2031 834 2069 γέγραπται.
864 2031 906 2059 ὅτι
935 2031 999 2063 Θεός

177 2078 233 2106 ἐστι
256 2078 289 2105 τό
318 2079 436 2113 Πνεῦμα.
465 2077 540 2113 Ὀρθ.
569 2078 674 2112 Δῶμεν,
704 2075 746 2103 ὅτι
761 2075 792 2103 οὐ
806 2076 953 2114 γέγραπται
968 2076 1000 2104 τὸ

178 2135 192 2148 (ι
209 2122 286 2153 Θεός.
303 2133 316 2147 ››
335 2122 371 2148 Σὺ
385 2120 414 2148 δὲ
440 2121 489 2155 τήν
506 2120 584 2159 φῦσιν
599 2119 743 2158 ὁμολόγει,
764 2120 809 2147 καὶ
833 2120 880 2151 τὰς
910 2121 1000 2152 θεϊκὰς

179 2166 328 2205 ἔγεργείας,
345 2166 388 2193 καὶ
405 2166 482 2204 ἀρκεῖ
498 2175 544 2202 μοι
557 2165 625 2202 πρὸς
639 2165 688 2198 τήν
705 2163 855 2202 ὁμολογίαν
884 2168 933 2199 τῆς
946 2165 1002 2196 θεό-

178 2222 273 2247 τητος.
304 2209 403 2238 Μακεδ.
431 2210 479 2237 Διά
505 2209 532 2237 τί
557 2209 571 2237 ὅ
596 2209 627 2236 06
650 2209 808 2247 γέγραπται,
838 2208 869 2236 σὺ
892 2209 1001 2247 λὲγεις

181 2257 255 2294 Ὀρθ.
273 2255 420 2293 Γέγραπται
438 2255 496 2291 μὲν,
514 2254 545 2281 σὺ
561 2253 590 2281 δὲ
604 2254 653 2288 τὴν
683 2253 760 2292 φύσιν
787 2253 929 2291 ὁμολόγιι’
959 2254 1003 2281 καὶ

1025 294 1121 321 fessus
1136 302 1178 321 es.
1195 293 1302 321 Verum
1318 293 1390 321 illud
1405 296 1432 321 te
1447 302 1533 322 nosse
1548 294 1644 329 velim,
1660 294 1751 322 Deum
1775 304 1850 330 esse.

1025 338 1171 374 posterius
1186 346 1251 365 esse
1267 338 1458 366 natura.Nam
1471 341 1499 366 et
1514 339 1606 372 nos,si
1621 339 1784 368 imitatores
1800 341 1852 369 Dei

1025 382 1297 417 simus,secundum
1311 382 1431 410 Paulum
1447 383 1486 410 dii
1498 383 1644 411 efﬁcimur
1661 392 1667 411 :
1686 392 1738 411 nec
1752 387 1852 413 tamen

1026 429 1136 454 naturas
1152 427 1283 462 ejusdem
1298 427 1359 454 fieri
1376 435 1543 463 possumus.
1554 427 1651 455 Maced.
1661 428 1773 464 Ergone
1786 430 1853 464 Spi-

1027 471 1116 498 ritum
1133 471 1230 507 ipsum
1248 471 1408 499 imitatione
1424 475 1452 499 et
1467 472 1561 507 gratia
1576 472 1667 500 Deum
1683 482 1747 502 esse
1762 474 1854 502 dicis?

1028 516 1103 543 Orth.
1118 516 1214 548 Absit,
1237 519 1267 543 ut
1295 516 1404 552 aliquid
1435 517 1625 544 ndventitium
1653 518 1771 554 Spiritui
1801 520 1852 547 tri-

1029 560 1131 588 buam]
1149 562 1221 588 Nam
1238 568 1332 596 neque
1347 561 1542 595 sanctitatem,
1556 570 1607 589 nec
1624 564 1854 598 incorruptibili-

1028 607 1130 639 tatem,
1165 613 1217 632 nec
1246 605 1508 639 immortalitatem,
1541 614 1594 634 nec
1615 606 1784 641 bonitatem,
1800 617 1853 637 nec

1029 651 1108 679 aliud
1123 659 1224 679 eorum
1241 659 1304 687 quae
1320 652 1348 678 in
1367 652 1422 679 Deo
1441 652 1618 680 considerari
1633 653 1738 687 solent,
1767 655 1853 689 quid-

1031 703 1119 731 quam
1150 695 1271 732 Spiritui
1298 698 1399 723 sancto
1415 696 1605 724 adventitium
1617 705 1681 725 esse
1696 698 1761 726 dico
1777 707 1784 726 :
1802 700 1851 726 sed

1030 743 1134 768 natura
1149 743 1296 774 sanctum,
1308 744 1413 768 natura
1427 741 1547 774 bonum,
1560 744 1664 770 natura
1679 742 1855 778 incorrupti-

1030 785 1130 818 bilem,
1147 787 1250 812 natura
1270 784 1476 818 immortalem,
1508 788 1607 821 utpote
1635 787 1774 822 Spiritum
1804 788 1853 815 Dei

1031 833 1061 857 et
1088 838 1122 857 ex
1149 838 1181 857 eo
1211 832 1432 865 promanantem
1447 829 1507 857 sive
1523 830 1855 865 procedentemMaced.

1032 874 1152 910 Semper
1167 874 1257 909 igitur
1272 881 1306 901 ex
1321 873 1370 901 illo
1387 874 1537 909 procedit?
1552 874 1627 902 ΟνιΙι.
1645 875 1681 902 Ut
1696 884 1732 903 ne
1742 877 1857 904 exsisti-

1033 927 1113 946 mare
1129 918 1344 954 processionem
1361 918 1404 946 vel
1430 918 1552 954 caepisse
1582 919 1623 947 vel
1649 920 1781 955 desiisse,
1813 922 1856 948 id-

1032 964 1108 991 circo
1138 963 1209 991 dicit
1225 971 1231 990 :
1249 964 1301 995 Qui
1318 972 1334 990 a
1351 963 1433 990 Patre
1451 964 1597 999 procedit;
1614 966 1646 991 ut
1661 973 1712 992 nec
1727 965 1859 1005 initium,

1030 1016 1083 1036 nec
1097 1008 1185 1035 finem
1202 1007 1398 1043 processionis
1413 1008 1564 1043 requiras:
1579 1008 1632 1036 hoc
1648 1009 1726 1037 idem
1743 1010 1777 1037 de
1797 1010 1859 1037 Filii

1031 1052 1218 1088 generatione
1233 1051 1432 1087 signiﬁcatum
1449 1052 1584 1087 reperies.
1602 1055 1702 1089 Neque
1717 1054 1794 1082 enim
1807 1056 1858 1088 ait,

1034 1097 1140 1125 Genuit
1156 1104 1202 1124 me
1217 1099 1284 1123 ante
1309 1096 1416 1131 omnia,
1447 1097 1497 1124 sed
1527 1096 1626 1132 Gignit
1653 1106 1716 1132 me;
1748 1101 1779 1126 ut
1809 1107 1860 1126 nec

1035 1140 1162 1173 initium,
1192 1148 1243 1168 nec
1273 1141 1359 1167 tinem
1391 1140 1585 1175 generationis
1600 1142 1742 1177 requiras.
1755 1144 1859 1171 Maccd.

1038 1188 1096 1212 Duo
1110 1184 1199 1220 igitur
1215 1184 1276 1212 Filii
1293 1184 1384 1212 sunt?
1399 1184 1476 1212 Orlh.
1491 1185 1589 1213 Absitl
1606 1187 1711 1214 Maced.
1742 1187 1771 1215 Si
1801 1191 1861 1215 tam

1037 1229 1127 1257 Filius
1155 1237 1245 1265 quam
1275 1228 1402 1265 Spiritus
1431 1232 1549 1257 sanctus
1578 1238 1644 1258 vere
1659 1238 1692 1258 ex
1708 1231 1791 1260 Patre
1806 1236 1860 1265 est,

1038 1276 1108 1302 sunt
1123 1274 1180 1301 duo
1206 1274 1318 1301 fratres.
1351 1274 1426 1301 Orlh.
1457 1275 1512 1301 Sed
1542 1274 1633 1302 Filius
1661 1276 1780 1311 genitus
1808 1279 1862 1308 est,

1038 1319 1168 1355 Spiritus
1191 1326 1256 1346 vero
1273 1318 1411 1353 procedit.
1429 1318 1533 1346 Maced.
1551 1319 1584 1346 Et
1597 1319 1667 1355 quid
1684 1320 1864 1349 discriminis

1039 1366 1083 1391 est
1108 1363 1184 1390 inter
1212 1362 1428 1398 generationem
1459 1371 1492 1390 ac
1519 1364 1759 1398 processionem?
1787 1365 1863 1393 Orth.

1040 1407 1203 1435 Discrimen
1224 1415 1260 1434 ne
1273 1406 1387 1434 curiose
1401 1407 1542 1443 inquirito
1559 1416 1565 1435 :
1581 1416 1675 1444 neque
1689 1409 1766 1437 enim
1784 1418 1864 1437 com-

1043 1452 1182 1488 prehendi
1195 1453 1310 1487 potest;
1328 1452 1379 1479 sed
1395 1460 1459 1487 qua;
1475 1452 1527 1479 tibi
1542 1456 1687 1489 pra-cepta
1710 1457 1789 1488 sunt,
1816 1455 1866 1482 illa

1043 1496 1149 1531 cogita,
1173 1498 1203 1523 et
1227 1495 1302 1523 ultra
1325 1495 1384 1523 haec
1409 1496 1448 1522 nil
1464 1496 1619 1532 exquirite.
1638 1500 1686 1525 Est
1700 1501 1797 1527 autem
1813 1500 1866 1526 tibi

1044 1544 1232 1576 praeceptum,
1245 1543 1277 1567 ut
1291 1541 1394 1568 credas
1409 1540 1514 1568 Filium
1531 1541 1624 1577 gigni,
1639 1542 1779 1578 Spiritum
1805 1552 1869 1579 pro-

1044 1585 1155 1613 cedere.
1187 1584 1309 1620 Reliqua
1337 1593 1402 1612 vero
1417 1585 1527 1619 omnia,
1543 1585 1659 1619 caelum,
1674 1589 1761 1622 terra,
1776 1595 1867 1623 mare,

1045 1632 1073 1658 et
1084 1638 1148 1665 quas
1162 1629 1192 1656 in
1208 1628 1268 1656 illis
1283 1629 1342 1657 sive
1354 1629 1508 1657 rationalia
1535 1630 1596 1658 sive
1623 1639 1690 1659 vero
1718 1632 1870 1660 irrationa~

1044 1674 1093 1709 lia,
1110 1676 1248 1702 creaturae
1264 1674 1510 1708 sunt,secundum
1527 1675 1574 1702 Dei
1589 1675 1684 1711 ipsius
1700 1678 1870 1705 mandatum

1046 1721 1148 1747 creati:
1165 1726 1171 1745 :
1189 1730 1203 1743 «
1220 1718 1292 1746 Nam
1309 1718 1372 1754 ipse
1385 1718 1467 1754 dixit,
1483 1722 1512 1746 et
1526 1719 1602 1747 facta
1614 1723 1701 1749 sunt:
1713 1721 1776 1757 ipse
1792 1730 1872 1749 man-

1047 1763 1137 1796 davit,
1154 1765 1181 1790 et
1196 1765 1292 1790 creata
1306 1766 1376 1790 sunt
1402 1763 1434 1790 6°.
1466 1774 1480 1788 ››
1508 1764 1612 1792 Maced.
1640 1765 1697 1792 Nec
1726 1774 1778 1801 ego
1808 1766 1872 1793 dico

1048 1808 1190 1844 Spiritum
1219 1810 1382 1835 creaturam
1396 1816 1461 1835 esse
1476 1816 1482 1834 :
1500 1808 1550 1836 sed
1565 1811 1663 1836 tamen
1679 1809 1771 1837 Deum
1788 1810 1872 1838 illum

1051 1861 1108 1880 non
1124 1853 1199 1880 dico.
1217 1851 1295 1879 Orth.
1315 1852 1408 1880 Unum
1424 1860 1528 1880 noscas
1551 1853 1649 1885 velim,
1677 1854 1801 1889 teipsum
1830 1855 1874 1882 id-

1051 1897 1128 1925 circo
1157 1899 1247 1924 Deum
1277 1905 1333 1924 non
1362 1904 1427 1924 esse
1453 1899 1568 1931 natura,
1583 1898 1659 1932 quod
1675 1898 1716 1926 sis
1731 1901 1873 1932 creatura,

1052 1943 1193 1977 adeoque,
1210 1942 1266 1970 nisi
1279 1942 1370 1969 fueris
1395 1945 1537 1975 creatura,
1567 1945 1657 1970 Deum
1686 1945 1713 1971 te
1742 1943 1873 1971 futurum

1051 1989 1167 2016 natura.

1090 2033 1133 2060 15.
1149 2031 1250 2059 Maced.
1267 2031 1322 2058 Sed
1339 2039 1487 2067 nusquam
1503 2031 1647 2067 scriptum
1663 2034 1718 2065 est,
1734 2032 1875 2068 Spiritum

1054 2085 1119 2105 esse
1134 2074 1430 2103 Deum.0rth.Demus
1445 2075 1618 2103 vocabulum
1634 2087 1648 2101 «
1665 2076 1739 2104 Dein
1756 2076 1786 2104 in
1801 2077 1879 2104 Scri-

1056 2124 1143 2157 ptura
1158 2119 1278 2156 Spiritui
1294 2128 1351 2147 non
1367 2119 1466 2147 tribui.
1482 2123 1520 2148 At
1536 2124 1567 2148 tu
1593 2123 1727 2149 naturam
1751 2121 1880 2157 itemque

1057 2165 1240 2201 operationes
1267 2164 1381 2191 divinas
1405 2164 1441 2191 de
1466 2172 1499 2193 eo
1528 2165 1665 2193 contitere
1681 2174 1687 2192 :
1705 2166 1783 2202 quod
1807 2166 1880 2193 mihi

1058 2209 1177 2245 quidem
1206 2208 1278 2236 satis
1293 2212 1336 2236 est
1351 2208 1385 2236 ad
1402 2209 1520 2237 deitatis
1535 2209 1760 2237 confessionem.
1774 2210 1880 2238 Macizd.

1060 2254 1122 2286 Qua
1137 2253 1172 2281 de
1188 2261 1277 2281 causa
1292 2253 1320 2280 id
1342 2253 1425 2287 dicis,
1456 2254 1533 2289 quod
1562 2253 1704 2289 scriptum
1734 2262 1791 2282 non
1819 2255 1887 2281 est?

183 2301 206 2328 εἶ
234 2301 273 2337 μή
301 2300 460 2338 γέγραπται,
486 2299 554 2333 αὗτὴ
580 2300 597 2333 ἡ
623 2298 700 2337 φύσις
724 2298 755 2325 τὸ
770 2296 857 2335 ὄνομα
872 2298 988 2335 ἑπόμενα

1061 2298 1136 2327 Orth.
1165 2298 1312 2333 Scriptum
1342 2306 1412 2325 sane
1433 2302 1486 2325 est.
1504 2299 1546 2326 Tu
1561 2306 1627 2326 vero
1644 2301 1778 2326 naturam
1795 2300 1887 2326 conti—

184 2344 255 2383 ἔχει·
281 2344 318 2375 ὡς
340 2344 391 2382 γὰρ
414 2343 457 2370 ἐὰν
488 2342 653 2380 ὁμολογηθῇ
680 2344 788 2379 Πνεῦμα
819 2342 1009 2380 ἐνοπόστατον,

187 2390 353 2427 ἁγιαστικον,
370 2388 505 2422 ἄκτιστον,
520 2387 584 2415 Oeric
600 2387 666 2421 ἐστι,
691 2387 738 2414 κᾶν
764 2387 801 2423 μή
827 2386 920 2424 θέλῃς.
951 2389 1010 2416 Μα-

187 2433 246 2462 κεό.
276 2436 331 2461 Ποῦ
361 2433 520 2471 γέγραπται,
551 2432 591 2459 ὅτι
621 2432 685 2462 Θεὸς
714 2429 884 2468 τὸλΠνεῦμά
920 2432 1010 2467 serui;

190 2479 266 2515 Ὀρθ,
290 2481 369 2510 Ἐνθα
392 2478 538 2515 γέγραπται
569 2477 601 2504 τὸ
625 2476 720 2513 ὅμοιον
742 2476 800 2503 κατ’
825 2476 928 2505 οὐσίαν.
953 2480 1011 2505 Μα-

189 2521 247 2551 κεδ.
279 2522 357 2550 Ἀλλ’
385 2522 411 2548 οἱ
435 2521 549 2559 Πατὲρες
575 2521 655 2557 ἡμῶν
676 2520 708 2547 τὸ
730 2519 876 2556 ὁμοο·3σιον
892 2521 949 2547 κατ’
967 2520 1012 2547 οὖ-

191 2568 250 2594 σίαν
277 2568 351 2594 εἷπον
380 2566 441 2605 περὶ
470 2568 518 2594 τοῦ
542 2566 616 2594 1‘106.
649 2565 724 2603 Ὀρθ.
746 2565 812 2593 Ἀπὸ
834 2568 885 2600 τῆς
909 2564 1013 2596 ἐννοίας

189 2616 241 2647 τῆς
267 2613 374 2650 Γραφῆς
403 2611 568 2647 κινούμενοι,
592 2610 675 2644 ἢάπὸ
691 2608 760 2640 ἰδίας
778 2609 913 2641 αὐθεντίας
938 2609 1014 2647 sipri-

191 2667 254 2686 κασι
270 2657 301 2684 τὸ
326 2657 364 2693 μὴ
392 2656 600 2694 γεγραμμένον;
627 2653 727 2682 Μακεδ.
753 2654 820 2682 Ἀπὸ
843 2658 893 2689 τῆς
911 2654 1014 2686 ἐννοίας

190 2704 241 2737 τῆς
258 2704 366 2741 Γραφῆς
381 2700 548 2736 κινούμενοι,
564 2700 639 2737 Ὀρθ.
656 2699 705 2726 Καὶ
723 2699 740 2734 ἡ
756 2697 849 2726 ἕνννοα
872 2702 922 2734 τῆς
947 2702 1014 2736 Γρα-

195 2757 250 2786 φῃς
274 2744 393 2774 διδάσκει
421 2746 452 2773 τὸ
479 2745 601 2772 ἆκτιστον
629 2745 741 2780 Πνεῦμα
764 2743 793 2771 in
813 2746 880 2771 Θεοῦ
901 2743 941 2781 ὅν,
970 2743 1015 2771 καὶ

233 2855 257 2873 θ’
272 2853 351 2883 Psal.
368 2861 486 2890 cxnvm,
500 2853 528 2881 5.

1065 2343 1262 2371 tere.Etiamsi
1275 2351 1342 2370 vero
1358 2342 1501 2378 scriptum
1518 2351 1575 2370 non
1590 2344 1678 2377 esset,
1693 2345 1798 2372 natura
1826 2344 1890 2379 ipsa

1066 2388 1120 2416 hoc
1142 2387 1198 2415 sibi
1223 2395 1329 2415 nomen
1345 2386 1482 2415 vindicat.
1499 2388 1526 2414 Si
1543 2387 1620 2415 enim
1637 2387 1666 2415 in
1681 2388 1814 2416 confesso
1831 2389 1891 2416 fuc-

1066 2433 1114 2464 rit,
1131 2432 1271 2468 Spiritum
1288 2432 1315 2459 in
1332 2440 1363 2460 se
1378 2432 1548 2465 subsistere,
1566 2431 1759 2468 sanctiﬁcare,
1781 2433 1892 2461 increa-

1067 2479 1130 2504 tum
1158 2484 1222 2504 esse
1239 2485 1245 2504 :
1265 2479 1338 2503 Dens
1366 2476 1430 2509 erit,
1448 2476 1519 2504 velis
1534 2476 1619 2503 nolis.
1637 2476 1736 2505 Maced.
1753 2477 1805 2506 Ubi
1820 2478 1895 2505 scri-

1069 2524 1149 2557 ptum
1167 2521 1367 2556 est,Spiritum
1383 2528 1448 2549 esse
1465 2521 1576 2548 Deum?
1591 2521 1665 2549 Orlh.
1683 2521 1736 2550 Ubi
1753 2522 1895 2557 scriptum

1068 2568 1121 2599 est,
1137 2565 1263 2593 similem
1280 2573 1345 2593 esse
1360 2565 1524 2593 secundum
1553 2566 1763 2593 substantiam.
1793 2566 1896 2594 Μαι-δά.

1069 2611 1156 2645 Atqui
1170 2610 1268 2638 Patres
1285 2610 1375 2637 nostri
1385 2610 1722 2638 consubstantialitatem
1733 2610 1846 2638 deFilio
1856 2610 1899 2636 di-

1069 2656 1185 2681 xerunt.
1203 2653 1280 2681 Orth.
1297 2654 1318 2680 A
1335 2654 1518 2681 sententiane
1533 2654 1700 2689 Scripturae,
1716 2662 1753 2681 an
1784 2654 1900 2689 proprio

1070 2701 1150 2726 motu
1167 2697 1239 2725 illud
1256 2698 1451 2734 dixere,quod
1467 2706 1524 2725 non
1540 2700 1617 2732 esset
1630 2698 1741 2733 scriptu
1749 2697 1900 2725 ωτΜαεειι-

1070 2743 1160 2771 Movit
1174 2742 1239 2770 illos
1253 2742 1407 2778 Scriptura
1422 2742 1579 2770 sententia.
1597 2741 1672 2770 Orth.
1686 2743 1723 2769 At
1742 2740 1901 2777 Scriptura;
