2043 3107
206 202 281 233 1315

790 194 823 225 S.
846 192 1109 224 ATHANASIUS.
1120 208 1160 213 —
1174 189 1329 221 SPURIA.

1834 189 1913 219 1316

204 268 281 297 488
306 266 453 296 sententia
478 264 562 293 docet
588 262 732 298 Spiritum
747 260 909 288 inereatum
923 268 957 287 ex
973 261 1024 286 Dec

1088 256 1232 292 ζωοποιὸν,
1261 255 1305 282 καὶ
1322 256 1460 293 ἁγιαστικὸ
1477 258 1548 288 θεῖον
1566 254 1633 283 εἶναι
1657 257 1777 292 Πνεῦμα.
1806 253 1911 282 Mamaea.

203 313 403 343 exsistentem,
418 309 622 341 viviﬁcantem,
639 306 881 337 sanctiﬁcantem,
898 304 1028 332 divinum

203 366 268 386 esse
282 357 433 393 Spiritum.
450 353 551 382 Maced.
569 353 602 380 Et
618 360 670 379 nos
687 351 819 378 divinum
842 349 925 376 illum
955 348 1026 376 dici-

205 411 283 436 mus,
298 402 390 429 Deum
406 408 471 428 vero
489 404 685 433 nequaquam.
699 395 774 422 ΟνιΙι.
787 394 861 426 Quid
878 393 957 421 aliud
973 395 1028 425 est,

205 447 333 483 Spiritus
353 444 470 473 divinus
495 443 654 472 increatus,
683 448 772 475 quam
803 438 900 466 Deus?
927 437 1027 483 lluccd.

204 482 292 519 Aliud
321 492 366 518 est
394 488 520 521 divinus,
544 486 622 513 aliud
640 485 725 512 Deus.
739 484 814 511 θνιιι.
832 482 861 510 Si
877 482 1029 518 Scriptura

204 536 302 564 dicat:
320 546 333 560 (ι
348 533 475 570 Spiritus
489 531 615 563 divinus,
630 529 681 565 qui
698 528 764 556 fecit
780 536 825 555 me
846 528 878 560 7°,
911 538 925 552 »
956 535 1029 554 non-

203 588 239 607 ne
268 578 410 614 Spiritum
435 577 570 604 sanctum
587 572 678 601 dicit?
694 572 792 599 Maced.
811 571 1002 606 Nequaquam
1020 578 1027 597 :

202 624 281 652 Deus
296 622 374 650 enim
391 623 446 653 est,
463 619 513 655 qui
529 618 678 646 hominem
709 616 786 644 fecit.
819 615 894 643 Orth.
925 615 1028 642 Annon

201 666 348 704 Spiritus?
375 664 474 693 Maced.
505 663 581 691 Deus
605 670 674 698 ergo
691 660 809 689 divinus
822 660 949 695 Spiritus
965 659 1030 704 est?

204 703 282 740 Oﬂh.
306 711 412 739 Etiam:
438 707 545 741 Quodsi
580 707 657 735 Deus
690 705 818 742 Spiritus
850 705 966 732 divinus
998 703 1028 731 iu

202 756 353 793 Scriptura
368 759 565 789 nuncupatur,
574 754 603 779 et
618 759 712 786 neque
728 750 864 786 angelus.
876 757 971 785 neque
986 757 1030 776 ar.

202 800 371 837 changelus,
387 806 482 834 neque
500 799 627 833 potestas
644 795 713 830 ulla,
731 794 863 822 divinum
893 793 921 820 in
952 793 1028 821 Scri-

202 849 290 883 ptura
304 841 562 881 appellatur,solus
577 843 673 868 autem
693 841 767 867 Deus
781 841 810 866 et
825 838 952 874 Spiritus
966 838 1030 883 ejus

202 881 335 919 divinum
352 889 499 921 dicuntur,
513 892 696 920 consequens
721 886 765 911 est
794 883 925 910 divinum
956 881 1029 910 nihil

203 935 282 964 aliud
297 942 361 962 esse
376 940 463 968 quam
480 928 691 977 Deum.Paulus
707 935 823 979 quoque
839 927 868 954 in
881 927 957 979 A‘ct'is
968 926 1029 954 haec
1045 947 1068 979 Β

202 981 245 1008 ait
261 988 267 1007 :
285 991 298 1004 υ
316 978 414 1006 Genus
427 983 494 1011 ergo
510 982 575 1002 curn
593 973 687 1001 simus
707 971 768 1006 Dei,
798 979 857 998 non
887 970 1029 998 debemus

201 1024 348 1052 mstimare
378 1029 448 1049 auro
477 1021 528 1047 aut
550 1020 682 1054 argento,
700 1018 752 1044 aut
768 1015 857 1051 lapidi
873 1014 1028 1051 sculptura!

202 1068 274 1096 artis
298 1069 326 1095 et
350 1063 536 1102 cogitationis
561 1061 690 1090 hominis
722 1060 854 1088 divinum
888 1067 953 1087 esse
985 1059 1025 1087 si-

202 1112 271 1141 mile
295 1112 329 1139 τί.
347 1122 361 1136 ››
376 1108 477 1137 Viden’
494 1110 526 1136 ut
542 1108 617 1135 Deus
632 1105 775 1139 divinum,
791 1106 819 1132 et
834 1104 966 1132 divinum
982 1104 1026 1132 di-

202 1160 286 1185 catur
299 1154 399 1184 Deus?
413 1153 468 1181 .lob
484 1159 601 1188 quoque
616 1150 759 1186 Spiritum
783 1148 856 1176 dixit
882 1149 1025 1183 divinum,

202 1210 268 1230 cum
294 1201 355 1228 ait:
373 1210 387 1224 ‹‹
411 1197 488 1225 Vivit
513 1196 663 1228 Dominus,
693 1194 743 1230 qui
759 1193 800 1221 ita
816 1193 1025 1228 mejudicawt,

201 1248 230 1275 et
244 1244 441 1280 omnipotens,
469 1241 520 1277 qui
548 1238 743 1267 amaritudine
772 1237 867 1265 affecit
895 1237 1025 1265 animam

204 1288 447 1322 meum.Quandiu
464 1288 597 1321 superest
612 1284 641 1311 in
658 1292 705 1310 me
720 1282 840 1314 halitus,
856 1285 883 1310 et
898 1282 1026 1318 Spiritus

1084 301 1133 328 Καὶ
1149 302 1231 337 ἡμεῖς
1260 302 1330 332 θεῖον
1356 300 1422 328 αὐτὸ
1444 300 1572 338 λὲγομεν,
1596 298 1659 326 ἀλλ’
1684 299 1715 326 οὗ
1739 298 1816 328 Θεόν.
1834 299 1909 336 Ὀρθ.

1082 346 1117 372 T6
1133 344 1161 372 δὲ
1193 346 1263 372 θεῖον
1295 347 1414 381 Πνεῦμα,
1441 345 1566 372 antu-.1».
1591 341 1632 378 ὅν,
1657 344 1683 371 τί
1711 342 1782 371 ἄλλο
1807 343 1909 378 ἰστὶνῆ

1084 390 1166 424 Θεόςς
1182 387 1287 418 Manes.
1311 388 1402 417 Ἀλλο
1426 389 1481 417 ἐστὶ
1498 390 1580 424 θεῖον,
1592 388 1637 416 καὶ
1654 387 1726 416 ἄλλο
1741 392 1817 420 Θεος.
1835 389 1910 425 Ὀρθ.

1084 435 1144 462 Ἐὰν
1161 433 1233 472 λὲγει
1249 435 1266 468 ἡ
1285 434 1388 472 Γραφή,
1407 447 1420 459 u
1438 436 1547 470 Πνεῦμα
1562 434 1635 461 θεῖον
1655 433 1686 460 τὸ
1701 432 1818 468 ποιῆσάν
1837 443 1880 468 με,
1899 445 1910 457 ι

1084 479 1115 506 οὐ
1130 479 1161 506 τὸ
1177 478 1287 515 Πνεῦμα
1301 478 1332 505 τὸ
1349 479 1424 516 ἅγιον
1441 477 1514 517 λέγει
1528 488 1534 512 ;
1553 476 1653 506 Μαχεδ.
1671 476 1720 506 Οὔ·
1737 478 1751 504 6
1767 477 1819 515 γὰρ
1845 476 1911 504 Θεός

1084 523 1153 551 ἆστιν
1182 523 1196 551 6
1221 524 1338 558 ποιήσας
1363 524 1409 550 τὸν
1441 522 1592 561 ἄνθρωπον.
1622 523 1697 560 ὀρθ.
1727 522 1799 559 Οὐχί
1823 520 1853 550 δὶ
1880 523 1912 549 τὸ

1084 570 1208 604 Πνεῦμας
1237 566 1341 596 Μακεδ·
1372 567 1401 597 Ὀ
1430 569 1495 599 Θεὸς
1525 568 1571 596 οὖν
1598 568 1670 595 Θεῖον
1699 566 1755 594 ἐστι
1778 569 1909 602 Ilva-5pm;

1084 612 1159 649 Ὀρθ.
1184 611 1245 639 Ναί.
1271 612 1302 639 Εἰ
1326 610 1355 639 δὲ
1371 612 1385 639 6
1401 612 1466 643 Θεὸς
1482 614 1593 649 Πνεῦμα
1608 614 1679 644 θεῖον
1697 608 1802 649 εἷῖοηται
1834 610 1861 638 ἐν

1084 657 1188 694 Γραφῇ,
1205 653 1267 683 οὔτε
1282 654 1310 682 δὶ
1325 655 1454 693 ἄγγελος,
1469 655 1531 684 οὔτε
1546 654 1731 694 ἀρχάγγελος,
1748 655 1812 682 οὕτε
1834 653 1910 690 ἄλλη

1082 699 1123 731 τίς
1138 698 1254 736 δῦυαμις
1280 698 1386 738 εἴρηται
1412 703 1483 732 θεῖον
1508 701 1533 728 ἐν
1564 701 1599 737 τῇ
1625 701 1728 738 Γραφῇ·
1753 699 1838 736 μόνος
1852 698 1882 727 δὲ
1898 699 1913 726 6

1084 744 1148 775 Θεὸς
1164 744 1209 772 καὶ
1232 745 1263 772 τὸ
1288 747 1399 782 Πνεῦμα
1423 745 1505 772 αὐτοῦ
1528 746 1599 772 θεῖον
1615 743 1730 783 εἶ’ρηταν
1748 743 1798 772 οὐκ
1813 743 1865 782 ἄρα
1879 744 1912 771 τὸ

1083 790 1153 816 Θεῖον
1169 787 1241 817 ἄλλο
1256 789 1282 817 τί
1312 789 1367 817 ἔστι
1392 789 1464 826 παρᾶ
1489 790 1520 817 τὸ
1544 788 1618 820 (νεός.
1635 789 1684 816 Καὶ
1699 787 1808 819 Παῦλος
1838 787 1868 816 δὲ
1882 788 1911 816 ἐν

1082 836 1143 865 ταῖς
1172 834 1301 873 Πράξεσιν
1327 834 1413 866 οὕτως
1435 834 1520 872 λέγει·
1549 846 1559 859 ι
1582 834 1661 865 Γένος
1676 833 1722 861 οὖν
1739 833 1912 872 ὖπάρχοντες

1083 882 1131 907 τοῦ
1147 882 1225 914 Θεοῦ,
1242 879 1291 907 οὐκ
1308 878 1455 918 ὀφείλομεν
1485 879 1604 917 νομίζειν
1625 879 1720 917 χρυσῷ
1745 879 1762 913 ἢ
1786 878 1912 917 ἀργύρῳ,

1083 924 1100 959 ἢ
1117 923 1188 961 λίθῳ
1212 923 1391 962 χαράγματος
1415 924 1517 962 τέχνης
1543 924 1588 951 καὶ
1604 923 1778 960 ἐνθυμήσεως
1802 924 1912 960 ἀνθρώ-

1082 979 1135 997 που
1150 969 1181 996 τὸ
1198 971 1269 1001 θιῖον
1285 968 1351 996 εἶναι
1367 968 1475 1005 ὅμοιον,
1493 981 1508 995 ››
1523 969 1613 1006 Ὁρᾷς,
1631 967 1672 995 ὅτι
1699 968 1713 995 ὀ
1739 968 1805 998 Θεὸς
1826 970 1913 1001 θεῖον,

1083 1014 1128 1041 καὶ
1142 1014 1188 1041 τὸν
1204 1014 1275 1041 Θεῖον
1291 1011 1355 1045 eiii:
1369 1023 1375 1048 ;
1392 1013 1444 1042 Καὶ
1456 1013 1469 1040 ὀ
1482 1010 1545 1042 Ἰὼϐ
1557 1011 1585 1040 δὲ
1596 1014 1667 1040 θεῖον
1678 1012 1737 1040 εἶπε
1745 1013 1778 1040 τὸ
1789 1014 1910 1049 Πνεῦμα,

1082 1058 1169 1089 οὕτως
1195 1057 1294 1095 λέγων*
1326 1069 1336 1082 ι
1366 1059 1403 1095 Ζῇ
1421 1058 1530 1095 Κῦριος,
1546 1057 1575 1089 ὅς
1592 1057 1664 1085 οὕτω
1679 1068 1712 1094 με
1729 1057 1849 1093 κέκρικε,
1865 1056 1911 1084 καὶ

1082 1104 1315 1142 ὀπαντοκράτωρ,
1346 1103 1359 1131 ὀ
1383 1102 1513 1141 πικράνας
1537 1114 1590 1140 μου
1617 1103 1667 1138 τήν
1689 1104 1793 1141 ψυχήν.
1809 1102 1842 1131 Εἰ
1869 1103 1909 1139 μή

1081 1146 1118 1176 ἔτι
1133 1152 1183 1184 τῆς
1199 1152 1285 1183 πνοῆς
1302 1158 1347 1185 μοι
1359 1148 1482 1184 ἐνούσης,
1498 1149 1606 1185 ΙῙνιῦμα
1615 1146 1643 1175 δὲ
1653 1147 1724 1175 θεῖόν
1738 1158 1785 1184 μοι
1797 1147 1823 1175 ἐν
1841 1147 1910 1186 ῥισὶ,

1083 1193 1120 1229 μή
1135 1192 1253 1227 λαλῆσαι
1276 1192 1308 1220 1:6
1325 1192 1413 1228 στόμα
1429 1203 1481 1229 μου
1500 1191 1589 1219 ἄδικα·
1610 1205 1620 1217 ο
1638 1209 1672 1213 -
1691 1204 1701 1217 α
1719 1194 1756 1228 Ζῇ
1774 1192 1877 1229 Κύριος
1895 1203 1910 1216 η

1081 1236 1181 1274 λέγων,
1197 1237 1242 1265 τὸν
1258 1236 1329 1264 Υἶόν·
1345 1237 1389 1264 χαί
1406 1249 1419 1263 α
1437 1237 1451 1264 ὁ
1465 1238 1671 1275 παντοκράτωρ,
1689 1248 1703 1262 ι)
1717 1236 1763 1264 τὸν
1790 1237 1910 1273 Πατέρα.

1081 1294 1094 1308 (ι
1110 1284 1220 1318 Πνεῦμα
1233 1281 1265 1309 τὸ
1282 1284 1363 1316 θεῖον,
1383 1294 1396 1307 n
1410 1281 1442 1309 τὸ
1458 1283 1567 1317 Πνεῦμη
1580 1282 1612 1308 τὸ
1627 1281 1713 1319 ἀγιον.

203 1334 320 1363 divinus
344 1333 372 1360 in
402 1331 522 1359 naribus
539 1328 622 1363 meis,
638 1336 674 1356 ne
690 1329 829 1364 loquatur
842 1335 875 1354 os
892 1335 989 1354 meum
1005 1327 1189 1362 iniquitatem
1204 1328 1236 1355 ⁷³.
1251 1338 1264 1352 ››
1280 1327 1352 1355 Cum
1370 1328 1410 1354 ait
1428 1336 1434 1355 :
1452 1338 1465 1352 «
1482 1326 1558 1354 Vivit
1575 1328 1726 1361 Dominus,
1745 1337 1758 1351 »
1774 1326 1881 1354 Filium
1900 1335 1908 1354 :

203 1387 282 1411 cum,
298 1389 312 1403 ‹‹
329 1376 532 1412 Omnipotens,
548 1385 561 1399 ιι
580 1374 692 1401 Patrem
710 1381 717 1400 ε
733 1380 801 1399 cum
818 1383 830 1396 ι(
847 1371 974 1407 Spiritus
990 1371 1117 1408 divinus,
1135 1384 1149 1397 »
1164 1372 1305 1408 Spiritum
1322 1374 1456 1399 sanctum
1474 1375 1565 1400 notat.

239 1425 282 1452 16.
312 1421 414 1452 Macati.
449 1419 518 1447 Tria
551 1418 641 1455 igitur
673 1416 797 1452 aequalia
829 1415 926 1444 dicis?
948 1416 1025 1444 Orth.

202 1469 265 1496 Non
281 1465 468 1503 paternitate,
485 1472 542 1491 non
559 1462 710 1495 filiatione,
726 1461 776 1488 sed
794 1463 909 1489 natura.
921 1460 1024 1489 Maced.

203 1512 353 1545 Quomodo
368 1511 422 1538 hoc
437 1507 499 1536 ﬁeri
516 1506 632 1543 potest?
647 1505 721 1533 Orlh.
738 1505 775 1533 Ut
789 1507 941 1533 ostensum
971 1506 1025 1533 est.

203 1556 304 1585 Μαρια.
330 1553 480 1588 Quomodo
496 1554 648 1580 ostensum
665 1550 730 1578 est?
747 1550 822 1578 Orlh.
841 1550 922 1582 Quod
935 1549 1026 1585 Spiri-

203 1605 252 1630 tus
268 1599 387 1637 perinde
401 1606 433 1626 ac
449 1597 533 1625 Pater
546 1598 575 1624 et
590 1595 681 1623 Filius
696 1594 864 1623 substantia
891 1597 919 1622 et
948 1596 1023 1630 pote-

198 1648 275 1674 state
301 1646 329 1672 st
355 1642 505 1671 voluntate
519 1643 549 1668 et
563 1639 656 1676 gloria
671 1638 780 1675 ubique
795 1638 844 1673 sit,
860 1638 979 1674 perinde
995 1641 1027 1666 ut

1116 1416 1160 1445 16.
1177 1414 1279 1444 Μακεδ.
1292 1415 1358 1450 Τρία
1373 1415 1419 1443 οὖν
1433 1414 1481 1442 ’ἶσα
1505 1414 1614 1454 λέγειςς
1641 1416 1714 1453 Ὀρθ.
1739 1414 1778 1452 Τῇ
1806 1414 1910 1453 πατρό-

1079 1471 1153 1496 τητι,
1177 1459 1218 1488 οὗ·
1235 1462 1269 1497 τῇ
1286 1461 1403 1496 υἱότητι,
1419 1458 1461 1488 οὕ·
1475 1462 1509 1497 τῇ
1526 1460 1614 1499 φύσει,
1631 1460 1683 1487 ναί.
1712 1458 1816 1489 Manes.
1844 1461 1908 1491 Πῶς

1081 1505 1136 1532 οἶόν
1150 1514 1196 1539 τε;
1224 1505 1299 1542 Ὀρθ.
1326 1505 1369 1536 Ὠς
1395 1503 1592 1533 ἀποδέδεικται.
1620 1503 1723 1533 Muses.
1751 1506 1812 1536 [Ιῶς
1837 1505 1908 1533 ἀπο·

1081 1548 1233 1577 δὲδειχταιι
1261 1550 1335 1587 Ὀρθ.
1363 1550 1424 1578 Ὅτι
1452 1549 1484 1576 1:6
1506 1549 1615 1585 Πνεῦμα
1638 1548 1741 1585 ὁμοίως
1756 1549 1845 1586 Ila-rp?
1860 1549 1907 1576 καὶ

1080 1594 1135 1630 Υἶῷ
1152 1594 1230 1630 οὖσιᾳ
1244 1594 1289 1621 καί
1305 1592 1417 1630 δυνάμει
1433 1593 1478 1620 καὶ
1496 1593 1585 1631 βουλῇ
1605 1593 1649 1621 καὶ
1674 1592 1738 1631 δόξῃ
1761 1595 1907 1632 πανταχοῦ

1080 1639 1161 1674 ἐστιν,
1187 1639 1290 1676 ὁμοίως
1317 1637 1413 1675 ὁδηγεῖ
1438 1639 1506 1677 πρὸς
1530 1642 1617 1666 πᾶσαν
1642 1638 1773 1674 ἀλήθειαν
1800 1639 1906 1675 ὁμοίως

199 1689 250 1718 ille
264 1687 384 1717 deducit
398 1687 434 1714 ad
450 1693 567 1714 omnem
583 1683 747 1717 veritatem.
772 1683 892 1719 perinde
913 1685 946 1710 ut
975 1682 1024 1710 ille

1081 1685 1193 1722 ἁγιάζει,
1224 1684 1328 1720 ὁμοίως
1353 1684 1385 1711 τὰ
1410 1684 1497 1711 πάντα
1525 1683 1551 1711 ἐν
1575 1687 1654 1712 πᾶσιν
1679 1683 1793 1721 ἐνεργεῖ.
1812 1687 1860 1711 Ὧν
1877 1683 1906 1711 δὲ

198 1733 374 1766 sanctiﬁcat,
404 1731 525 1768 perinde
539 1732 571 1757 ut
586 1728 635 1756 ille
650 1728 748 1756 omnia
763 1728 791 1755 in
808 1727 945 1755 omnibus
960 1727 1024 1755 em-

198 1779 248 1806 cit.
265 1779 395 1811 Quorum
426 1778 523 1803 autem
552 1773 681 1809 operatio
710 1774 755 1800 est
779 1772 891 1804 eadem,
922 1780 1024 1800 eorum

197 1825 302 1851 natura
323 1828 439 1858 quoque
455 1821 500 1847 est
514 1818 629 1846 eadem.
650 1816 749 1845 Maced.
767 1816 918 1849 Quomodo
934 1816 1024 1852 igitur

195 1868 306 1896 dictum
323 1868 379 1893 est.
396 1877 409 1889 «ι
426 1864 489 1892 Non
505 1863 640 1898 loquetur
655 1870 671 1889 a
686 1861 794 1897 seipso,
811 1861 862 1889 sed
885 1869 1023 1896 quacun-

196 1920 252 1949 que
279 1909 414 1943 audierit,
439 1908 575 1944 loquetur
595 1907 639 1934 "'3?
668 1918 682 1931 »
717 1905 792 1933 Orth.
827 1905 900 1937 Quia
932 1904 1024 1933 Filius

195 1964 311 1993 quoque
326 1955 367 1983 ait
382 1962 388 1982 :
407 1964 418 1978 ε
436 1955 530 1984 Pater,
546 1951 593 1986 qui
611 1950 691 1978 misit
711 1959 767 1983 me,
788 1949 925 1986 praecepit
940 1949 1023 1984 mihi,

195 2001 265 2038 quid
299 2000 406 2032 dicam,
440 2000 469 2025 et
501 1996 571 2033 quid
605 1995 710 2031 loquar
735 1995 767 2021 ⁷⁸.
796 1995 883 2021 ›ιΙΙοο
898 2003 964 2022 vero
980 1994 1023 2022 vel

195 2045 321 2073 maxime
354 2042 499 2076 ostendit,
527 2040 659 2076 ejusdem
690 2039 819 2072 Patrem,
850 2038 967 2074 Filium,
995 2041 1024 2066 et

194 2089 335 2126 Spiritum
350 2089 483 2116 sanctum
499 2093 563 2113 esse
578 2086 699 2112 naturis.
717 2083 819 2112 Maced.
849 2083 998 2115 Quomodo
1010 2083 1024 2111 Ὺ

195 2134 271 2161 ονι1ι.
306 2132 379 2165 Quia
412 2130 549 2166 quaslibet
581 2131 685 2157 natura
718 2136 783 2164 quas
818 2128 890 2156 facla
914 2130 969 2162 est,
997 2127 1022 2156 si

195 2176 348 2206 rationalis
374 2175 473 2206 fuerit,
500 2182 517 2202 a
540 2173 637 2208 seipsa
666 2172 797 2208 loquitur
825 2181 831 2199 :
854 2175 886 2200 ut
904 2173 1022 2209 quando

193 2221 342 2250 Abraham
359 2219 400 2248 ait
417 2228 423 2248 ι
440 2231 453 2244 u
470 2218 512 2246 Ne
538 2217 683 2251 irascaris,
709 2216 842 2248 Domine.
872 2216 896 2244 si
927 2217 1023 2244 adhuc

193 2266 284 2296 semel
315 2265 419 2301 laquar
451 2263 483 2290 ⁷⁵.
520 2273 533 2287 υ
568 2262 603 2290 Et
638 2262 732 2290 Moses
758 2261 979 2297 :lmpeditioris
995 2264 1023 2290 et

195 2310 332 2340 tardioris
347 2309 454 2345 lingua:
470 2315 572 2335 sumJ
592 2307 662 2334 Item
680 2315 687 2334 :
706 2318 716 2330 ι
734 2306 871 2339 Obsecro,
891 2306 1021 2334 Domine.

194 2355 269 2392 elige
285 2354 376 2383 alium
391 2354 422 2380 ⁷⁸.
440 2364 453 2377 η
471 2353 506 2380 Et
522 2354 553 2379 ut
567 2351 709 2379 Jeremias
726 2358 733 2377 :
751 2361 764 2374 α
793 2350 914 2378 Juvenis
943 2358 1020 2384 sum,

194 2403 224 2429 et
244 2408 301 2428 non
319 2405 437 2435 possum
455 2396 628 2433 prophetare
644 2404 650 2422 ι
672 2407 682 2419 ι
701 2394 747 2422 cui
765 2394 908 2422 Dominus
924 2403 931 2422 :
949 2406 963 2420 «
980 2395 1021 2423 Ne

195 2445 286 2480 dicas,
303 2455 318 2469 ››
334 2443 384 2478 ait,
401 2454 415 2467 α
431 2441 552 2471 Juvenis
567 2448 634 2468 sum
650 2440 682 2467 ⁷⁷.
699 2450 712 2465 ››
729 2439 762 2467 Et
773 2439 907 2473 Jonas,re
922 2447 1021 2468 secum

194 2490 364 2521 deliberata,
375 2487 545 2516 conscendit
560 2493 674 2520 navem,
687 2487 718 2511 ut
732 2485 843 2520 fugeret
858 2484 886 2511 in
902 2484 1022 2512 Tharsis

195 2544 212 2563 a
241 2534 399 2570 conspectu
417 2530 542 2560 Domini.
558 2530 620 2558 Non
635 2529 677 2557 sic
693 2532 792 2557 autem
805 2528 931 2565 Spiritus
948 2538 954 2557 :
970 2537 1022 2556 ne-

194 2587 250 2615 que
266 2578 344 2606 enim
357 2585 391 2605 ea
407 2579 512 2604 natura
527 2577 581 2608 ost,
599 2577 630 2602 ut
647 2573 791 2601 diversam
808 2582 824 2601 a
841 2575 896 2600 Deo
919 2573 1022 2601 volun-

195 2627 284 2653 tatem
313 2622 430 2656 habeat,
459 2628 559 2649 verum
589 2619 689 2647 omnia
711 2626 892 2653 quaecunque
908 2617 1023 2646 locutus

194 2668 294 2701 fuerit,
313 2668 361 2696 Dei
378 2668 448 2695 sunt
462 2663 589 2693 oracula.
608 2665 703 2698 Atque
718 2661 773 2689 hac
801 2662 836 2690 de
863 2670 953 2690 causa
981 2662 1024 2690 di-

194 2716 275 2742 ctum
288 2714 333 2741 est
348 2720 354 2739 :
371 2722 385 2737 α
403 2713 464 2739 Non
479 2709 616 2744 loquetur
630 2715 647 2735 θ.
669 2706 838 2742 semetipso.
868 2718 882 2733 ››
909 2707 1023 2736 Etenim

229 2822 252 2839 το
261 2819 316 2849 Job
330 2826 429 2851 xxnn,
445 2817 472 2845 4.
524 2816 544 2834 ⁷¹
562 2816 624 2844 Act.
639 2822 709 2849 xvn,
725 2814 770 2843 29.

193 2865 273 2892 xvm,
292 2856 336 2884 32.
373 2855 396 2873 ἰο
413 2853 500 2882 Exod.
517 2860 555 2888 iv,
572 2851 665 2879 10-13.
704 2851 725 2869 ⁷⁷
740 2851 848 2879 Jerem.
866 2860 885 2889 ι,
900 2852 928 2887 6,
945 2853 972 2881 7.

822 2815 846 2832 τ’
860 2815 915 2844 Job
930 2823 1018 2852 xxvn,
1032 2816 1093 2844 2-4.

1078 1730 1096 1766 ἡ
1126 1728 1193 1763 αὖτή
1222 1728 1352 1766 ἐνέργεια,
1383 1729 1400 1763 ἡ
1427 1727 1494 1762 αὐτή
1520 1728 1608 1767 φύσις.
1638 1727 1742 1757 Μακεδ.
1771 1729 1836 1760 Πῶς
1858 1729 1905 1756 οὗν

1079 1772 1194 1810 εἶ’ρηταν
1212 1785 1226 1799 ‹‹
1243 1773 1282 1802 Οὐ
1298 1772 1415 1809 λαλήσει
1430 1773 1475 1811 ἀφ’
1496 1773 1601 1807 ἑαυτοῦ,
1617 1773 1647 1800 ἀ)
1655 1772 1681 1801 λ’
1710 1772 1758 1800 ὅσα
1782 1773 1906 1809 ἀκούσει,

1079 1818 1215 1853 λαλήσει;
1244 1830 1257 1844 ››
1282 1819 1353 1856 Ὀρθ.
1378 1819 1440 1845 ’Ότι
1464 1818 1509 1845 καὶ
1534 1817 1594 1849 Υίὸς
1616 1817 1702 1855 λέγει·
1720 1829 1733 1845 ι
1747 1819 1778 1847 Ὁ
1795 1819 1906 1855 πέμψας

1081 1874 1114 1900 με
1129 1864 1143 1890 ὁ
1159 1863 1252 1901 Πατὴρ
1268 1862 1381 1898 ἐντολήν
1398 1873 1444 1899 μοι
1459 1861 1571 1891 δέδωκε.
1590 1862 1616 1890 τί
1631 1861 1699 1890 simu
1713 1863 1758 1890 καὶ
1773 1862 1801 1890 τί
1817 1863 1907 1898 λαλή-

1080 1918 1129 1936 σω,
1147 1919 1160 1933 n
1190 1909 1278 1936 Τοῦτο
1304 1906 1332 1934 δὲ
1363 1906 1480 1944 μάλιστα
1503 1908 1553 1942 τήν
1576 1907 1660 1941 αὐτὴν
1684 1906 1802 1935 δείκνυσι
1825 1907 1907 1946 φύσιν

1080 1952 1184 1990 ΙῙατρὸς
1221 1952 1265 1979 καὶ
1300 1952 1374 1985 Υἶοῦ,
1411 1951 1455 1979 καὶ
1494 1951 1572 1990 ἁγίου
1603 1951 1770 1988 Ιῐνεύματος.
1799 1951 1905 1981 Μακεδ.

1079 1996 1141 2027 Πῶς
1155 2006 1161 2030 ;
1178 1996 1252 2033 Ὀρθ.
1269 1997 1331 2024 ’Ότι
1346 1998 1418 2023 πᾶσα
1432 1997 1450 2030 ἠ
1466 1997 1566 2033 γενητή
1582 1996 1671 2035 φύσις,
1686 1997 1704 2031 ἡ
1734 1995 1801 2023 οὖσα
1826 1996 1904 2034 λογι-

1078 2041 1124 2075 κὴ,
1141 2040 1185 2068 καὶ
1206 2041 1250 2080 ἀφ’
1274 2041 1371 2076 εαυτῆς
1394 2040 1483 2068 λαλεῖ·
1507 2041 1545 2072 ὡς
1567 2040 1629 2068 Stav
1652 2040 1719 2078 λέγῃ
1735 2041 1749 2068 ὀ
1765 2038 1903 2078 Ἀϐραάμ·

1079 2098 1092 2111 (ι
1110 2086 1157 2121 Μή
1182 2096 1219 2119 τι,
1246 2086 1336 2124 Κύριε,
1360 2085 1403 2113 ἐὰν
1426 2084 1541 2121 λαλήσω
1563 2085 1601 2113 ἔτι
1618 2086 1695 2121 ἅπαξ·
1715 2098 1726 2112 ι
1743 2086 1788 2113 καὶ
1806 2086 1819 2113 ὀ
1837 2087 1904 2114 Μω-

1078 2133 1137 2164 σῆς’
1155 2142 1168 2155 ‹‹
1185 2129 1363 2168 ’ἰσχνόφωνος
1388 2129 1432 2157 καὶ
1459 2128 1669 2168 βραδῦγλωσσὸς
1685 2130 1752 2167 εἰμι·
1770 2141 1783 2156 ι
1801 2130 1847 2157 καὶ
1860 2131 1904 2164 τὸ,

1081 2184 1092 2199 ι
1109 2173 1209 2210 Δέομαί
1238 2184 1276 2208 σε,
1306 2173 1397 2212 Κύριε,
1427 2174 1601 2212 προχείρισαι
1626 2173 1722 2202 ἄλλον
1750 2186 1764 2200 υ
1790 2175 1835 2202 καὶ
1866 2175 1906 2206 ὡς

1077 2217 1218 2255 Ἱερεμίας·
1250 2230 1263 2243 ‹‹
1289 2218 1426 2256 Νεώτερόν
1453 2218 1520 2254 εἶμι,
1543 2218 1588 2245 καὶ
1609 2218 1639 2246 οὗ
1656 2217 1772 2254 δύναμαι
1792 2229 1906 2258 προφη-

1076 2262 1173 2290 τεύειν·
1191 2274 1205 2288 »
1222 2262 1291 2290 ὣστε
1315 2261 1404 2300 λέγειν
1421 2262 1494 2299 αὐτῷ
1507 2263 1553 2290 τόν
1570 2262 1644 2290 Θεόν·
1662 2275 1676 2289 ‹‹
1695 2263 1742 2297 Μή
1768 2262 1844 2301 λέγε,
1862 2263 1906 2291 ὅτι

1077 2306 1218 2345 Νεώτερός
1246 2307 1302 2343 εἰμι
1328 2307 1391 2345 ἐγώ.
1423 2319 1437 2333 ››
1467 2306 1517 2335 Καὶ
1546 2307 1559 2334 ὁ
1589 2308 1693 2343 Ἰωνᾶς,
1733 2307 1778 2346 ἀφ’
1807 2307 1907 2335 ἑαυτοῦ

1079 2351 1307 2390 βουλευσάμενος,
1346 2349 1426 2387 ἀνέϐη
1465 2351 1504 2383 εἷς
1532 2351 1640 2386 πλοῖον,
1670 2354 1718 2379 τοῦ
1744 2355 1841 2391 φυγεῖν
1867 2352 1907 2384 εἷς

1077 2397 1191 2434 Ταρσεῖς
1219 2396 1272 2423 ἀπὸ
1300 2396 1449 2434 προσώπου
1474 2395 1582 2433 Κυρίου.
1608 2396 1644 2423 Τὸ
1664 2394 1693 2423 ’ὀὶ
1708 2396 1820 2433 Πνεῦμα
1851 2396 1907 2434 οὐχ

1077 2440 1173 2471 οὕτως·
1191 2438 1253 2467 οὐδὲ
1269 2439 1320 2478 γὰρ
1336 2439 1394 2478 ἔχει
1409 2440 1486 2479 φύσιν
1503 2440 1550 2467 τοῦ
1568 2439 1658 2477 ἕτερον
1685 2438 1757 2478 ἔχειν
1781 2440 1848 2476 θέλῃ
1856 2452 1905 2477 μα,

1077 2485 1143 2523 ὅπερ
1169 2484 1218 2512 οὐκ
1239 2483 1294 2512 ἔστι
1318 2487 1367 2512 τοῦ
1390 2487 1467 2513 Θεοῦ·
1492 2484 1565 2513 ἀλλὰ
1579 2485 1676 2521 πάντα,
1692 2485 1740 2512 ὅσα
1757 2484 1787 2512 ἂν
1817 2484 1904 2522 λαλῇ.

1076 2531 1125 2557 τοῦ
1148 2531 1215 2557 Θεοῦ
1238 2529 1288 2556 εἱσι
1312 2528 1403 2567 λόγια.
1430 2529 1479 2556 Καὶ
1502 2528 1547 2557 διὰ
1569 2531 1651 2557 τοῦτο
1676 2528 1795 2567 εἴρηται·
1828 2541 1839 2555 ι
1865 2530 1906 2559 Οὐ

1078 2573 1193 2608 λαλήσει
1222 2573 1267 2611 ἀφ’
1290 2572 1395 2601 ἑαυτοῦ.
1420 2584 1434 2598 ››
1460 2573 1508 2600 Καὶ
1523 2573 1574 2611 γὰρ
1589 2573 1634 2600 καὶ
1650 2573 1712 2610 περὶ
1727 2575 1777 2601 τοῦ
1793 2573 1859 2601 Υὶοῦ
1874 2574 1904 2602 τὸ

1077 2617 1143 2645 αὐτὸ
1168 2616 1283 2655 εἶ’ρηται·
1311 2615 1404 2651 ἐπειδή
1430 2618 1467 2653 μή
1492 2616 1562 2644 ἐστιν
1589 2616 1615 2644 ἐν
1633 2616 1707 2653 αὖτῷ
1728 2616 1801 2645 ἄλλο
1816 2628 1844 2645 τι
1860 2618 1903 2645 Θά-

1078 2661 1167 2699 λημα,
1193 2660 1208 2688 ὅ
1233 2660 1283 2689 οὒκ
1305 2659 1361 2689 ἔστι
1383 2663 1432 2689 τοῦ
1452 2661 1568 2698 Πατρός.
1586 2660 1689 2690 Marnas.
1706 2662 1764 2690 Οὐκ
1780 2660 1839 2700 ἔχει
1856 2662 1903 2690 οὗν

1079 2704 1146 2734 ἴδιον
1177 2705 1287 2743 θελημα
1313 2705 1345 2733 τὸ
1374 2706 1499 2742 Πνεῦμα;
1525 2705 1828 2744 Ὀρθ.Ἀπεξενωμίνον
1855 2709 1905 2735 τοῦ

1145 2815 1168 2834 ⁷³
1181 2815 1267 2844 Joan.
1282 2823 1342 2852 xvx,
1358 2815 1403 2844 l3.
1454 2815 1477 2833 ⁷⁸
1491 2816 1573 2844 Joan.
1589 2822 1640 2850 xu,
1657 2814 1702 2843 49.
1753 2815 1776 2833 τι
1797 2816 1902 2847 Cenes.
