2043 3107
155 183 233 213 1317

681 180 839 211 CONTRA
861 177 1061 209 MACEDON.
1087 180 1280 211 DIALOGUS
1305 181 1327 210 l.

1776 185 1855 215 1318

154 250 222 277 θεοῦ
239 249 277 285 μὴ
292 246 400 285 γένοιτο
415 247 516 275 εἰπεῖνὲ
534 244 637 275 Μακιδ.
654 245 742 274 Ἀλλά
765 247 824 276 πῶς
847 244 896 272 οὐκ
919 243 976 282 ἔχει

1039 245 1070 273 de
1088 245 1158 273 Filio
1173 254 1289 282 quoque
1302 247 1378 274 idem
1406 248 1515 275 dictum
1531 251 1575 276 est
1591 256 1598 263 -
1615 250 1855 286 quandoquidem

154 294 265 330 θέλημα
280 291 348 320 ἴδιον
362 302 369 327 ;
386 293 458 329 Ὀρθ.
474 291 509 319 Τὸ
524 293 573 319 τοῦ
599 293 666 319 Θεοῦ
691 290 799 327 θελημα
822 291 870 317 τοῦ
895 289 977 316 Ilvati-

156 338 241 374 ματός
254 337 308 364 ἐστι
323 336 441 373 θέλημα,
458 336 494 363 οὗ
509 337 560 374 γὰρ
581 336 674 373 ἀγνοεῖ
687 336 719 362 τὸ
733 337 782 362 τοῦ
806 336 872 362 Θεοῦ
897 333 978 369 θέλη-

156 392 203 419 μα·
220 381 282 409 ἀλλ’
299 381 314 409 ’ὸ
330 380 403 414 θὲλει
419 381 433 408 ὁ
450 381 554 415 Πατὴρ,
568 383 650 408 τοῦτο
665 379 737 412 θέλει
753 380 798 407 καὶ
812 379 845 406 τὸ
860 380 977 414 Πνεῦμα“

153 426 241 455 πάντα
267 426 319 464 γὰρ
348 424 406 453 οἶδε
430 426 463 453 τὰ
492 427 540 453 τοῦ
562 427 639 460 Θεοῦ,
656 424 694 455 ὡς
708 424 739 451 τὸ
754 425 860 460 πνεῦμα
873 425 922 450 τοῦ
937 422 981 449 ἆν-

153 472 266 507 θρώποῦ
290 470 324 498 τὰ
349 473 397 498 τοῦ
425 470 579 507 ἀνθρώπου.
611 468 711 497 Μακεδ.
744 468 872 505 Καίτοιγε
897 467 941 494 καὶ
966 467 980 494 ὃ

155 516 217 546 Υἱὸς
234 514 319 552 λέγει·
337 527 351 540 α
368 514 425 543 Οὐκ
452 513 538 549 ἦλθον
568 514 681 548 ποιῆσαι
709 513 741 541 τὸ
770 512 847 549 ἐμὸν,
863 511 936 539 ἀλλὰ
950 511 981 538 τὸ

153 559 263 596 θέλημα
277 561 326 587 τοῦ
340 558 497 596 πὲμψαντός
515 569 557 595 με.
577 570 590 584 ››
604 559 678 596 Ὀρθ.
696 557 730 587 Τί
748 556 776 585 δὲ
790 558 823 591 ἦν
843 557 885 584 τὸ.
899 555 981 591 θέλη-

156 614 195 641 μα
222 606 271 631 τοῦ
299 604 457 640 πέμψαντος
486 602 577 637 αὐτὸν,
593 603 607 631 ’ὀ
631 602 700 637 ἦλθε
729 605 861 636 ποιῆσαις
879 598 981 628 Μακεδ.

154 650 189 677 Ἠ
217 649 340 686 σωτηρία
367 651 416 676 τοῦ
440 646 556 685 κόσμου.
573 649 648 685 Ὀρθ.
664 649 749 675 Τοῦτο
765 647 810 674 καὶ
834 648 921 674 ποιῶν
951 644 982 672 οὐ

154 696 231 721 ποιεῖ
245 694 275 721 τὸ
290 694 386 721 ἑαυτοῦ
401 692 522 729 θέλημα,
537 692 610 720 ἀλλὰ
622 692 653 720 τὸ
671 692 780 728 θέλημα
794 693 842 718 τοῦ
859 690 982 727 πέμψαν-

152 749 202 769 τος
243 737 334 766 αὐτόν.
362 736 465 766 Μπεό.
497 736 584 768 Αὐτὸς
621 736 706 774 λέγει,
737 737 778 764 ὁτι
808 735 863 763 οὐκ
897 734 982 769 ἦλθον

155 786 271 818 ποιῆσαι
299 783 330 810 τὸ
360 781 471 819 θὲλημα
491 782 523 810 τὸ
551 781 628 818 ἐμὸν,
644 781 717 809 ἀλλὰ
742 781 773 808 τὸ
803 780 911 816 θέλημα
935 781 984 806 τοῦ

153 827 314 864 πὲμψαντός
345 837 389 864 με.
418 827 493 864 Ὀρθ.
524 825 640 864 Ἀνάγκη
673 825 719 853 οὗν
757 828 829 852 πᾶσα
866 824 985 852 ἐναντίον

155 873 224 900 εἶναι
260 871 369 908 θέλημα
406 871 432 899 ἐν
462 871 547 907 αὐτῷ,
576 870 591 898 ὃ
619 870 766 904 ἐκώλυσεν,
787 868 831 897 ἵνα
867 869 899 896 τὸ
935 870 984 896 τοῦ

155 917 316 954 πέμψαντος
348 917 460 953 ποιήσῃ.
491 914 594 945 Μακεδ.
627 916 670 950 Μὴ
699 915 822 966 Terque!
849 913 880 941 οὗ
910 912 1025 966 λέγωΒ

156 961 277 989 ἐναντίον
295 964 362 988 εῖναι
379 960 445 995 θὲλη
452 971 488 997 μα
501 962 550 988 τοῦ
565 960 629 987 Υῖοῦ
644 961 684 996 τῷ
698 958 832 995 θελήματι
858 960 907 985 τοῦ
927 961 983 985 Πα-

155 1006 232 1043 τρός.
262 1007 336 1043 ’ορ0.
366 1005 468 1033 οὐκοῦν
498 1005 530 1032 τὸ
558 1004 625 1031 αὐτὸ
657 1003 766 1039 θέλημα
804 1003 908 1040 Πατρὸς
938 1002 983 1030 καὶ

158 1051 236 1079 Υὶοῦ,
253 1050 303 1078 Καὶ
330 1050 380 1089 γὰρ
397 1050 411 1077 ὁ
427 1050 489 1081 Υἱὸς
518 1048 589 1076 Θὲλει
618 1051 703 1076 σῶσαι
729 1047 773 1075 διὰ
797 1049 912 1085 σταυροῦ
939 1046 984 1074 καὶ

157 1094 273 1122 θανάτου
296 1094 327 1121 τὸ
353 1094 430 1132 γένος
455 1095 547 1130 ἡμῶν,
564 1093 608 1120 καὶ
638 1093 652 1120 ὸ
676 1092 770 1130 Πατήρ
794 1094 876 1119 τοῦτο
899 1090 982 1123 θέλει.

158 1140 221 1167 Ἐὰν
246 1138 274 1166 δὲ
298 1138 374 1176 λέγῃ,
393 1151 403 1164 ι
435 1137 492 1167 Οὐκ
517 1136 604 1172 ἦλθον
625 1140 737 1171 ποιῆσαι
766 1137 797 1163 τὸ
817 1135 925 1172 θέλημα
953 1136 984 1163 τὸ

158 1183 238 1221 ἐμὸν,
254 1183 327 1211 ἀλλᾶ
344 1183 375 1211 τὸ
403 1182 511 1219 θέλημα
539 1184 588 1209 τοῦ
617 1180 774 1218 πέμψαντός
802 1191 845 1217 με,
862 1192 875 1205 n
894 1180 930 1211 ὡς
946 1180 984 1211 εἰς

160 1229 268 1266 Πατέρα
295 1228 329 1255 τὰ
354 1227 406 1255 ὅλα
434 1227 537 1265 ἀνάγει’
562 1226 610 1254 κᾶν
641 1225 716 1263 λέγῃ,
736 1237 749 1253 ε
767 1226 795 1252 Ὀ
816 1225 925 1262 πέμψας
952 1235 985 1261 με

158 1274 174 1300 ὁ
191 1273 285 1311 Πατὴρ
301 1271 416 1306 ἐντολὴν
439 1282 486 1308 μοι
510 1270 622 1306 δέδωκε,
637 1270 663 1297 τί
688 1269 767 1304 εἷ’πω,
782 1270 827 1297 καὶ
850 1269 875 1296 τί
900 1268 986 1304 λαλή-

159 1328 200 1345 σω
214 1327 220 1352 ;
238 1329 252 1343 ››
268 1319 355 1354 τιμῶν
371 1317 417 1343 τὸν
436 1315 541 1354 Πατέρα
555 1316 593 1347 ὡς
610 1314 716 1353 Πατέρα
731 1313 814 1352 λέγει.
831 1314 863 1341 Εἰ
888 1312 917 1341 δὲ
933 1314 984 1350 μή,

158 1364 219 1392 πῶς
233 1363 247 1389 ὁ
263 1361 334 1397 Υἱὸς,
350 1360 376 1389 ἐν
392 1362 415 1397 ᾧ
435 1360 592 1388 ἀπόκεινται
616 1360 713 1390 πάντες
737 1360 763 1386 οῖ
788 1358 919 1396 θησαυροί
934 1361 985 1393 τῆς

161 1405 269 1445 σοφίας,
286 1406 337 1434 οὐκ
351 1404 408 1433 οἶδε
431 1405 456 1432 τί
478 1403 595 1440 λαλήσει
608 1414 615 1440 ;
630 1402 729 1432 Μακεδ.
746 1405 830 1431 Τοῦτο
855 1401 984 1440 δέχομαι,

160 1450 203 1478 ὅτι
217 1451 231 1478 ὁ
247 1450 308 1481 me
337 1450 374 1481 ὡς
402 1450 463 1481 Υἱὸς
491 1449 519 1476 ἓν
545 1448 654 1486 θέλημα
676 1447 733 1486 ἔχει
752 1450 801 1475 τοῦ
817 1447 934 1486 Πατρός.
950 1447 985 1474 Τὸ

163 1494 193 1522 δὶ
222 1496 342 1531 Πνεῦμα,
358 1494 402 1522 ἐὰν
428 1494 466 1530 μὴ
488 1493 589 1530 ἀκούσῃ
611 1493 655 1521 καὶ
681 1490 759 1530 δάϐῃ,
781 1494 811 1522 οὐ
834 1491 914 1520 λαλεῖ
942 1492 986 1529 ἀφ’

162 1540 269 1567 ἑαυτοῦ.
286 1540 358 1575 Ὀρθ.
376 1540 478 1577 Ὥσπερ
507 1538 553 1565 οὗν
581 1538 595 1565 ὁ
624 1537 685 1569 Υἱὸς
711 1536 797 1564 πάντα
816 1536 888 1575 ἔχων
904 1536 930 1564 ἐν
950 1535 985 1573 τῇ

162 1583 252 1623 φύσει,
268 1584 306 1615 ὡς
321 1584 381 1614 Υἱὸς
396 1582 480 1621 λέγει,
499 1595 512 1609 u
528 1581 611 1611 Οὗδὶν
627 1584 698 1609 ποιῶ
711 1581 756 1609 ἀπ’
772 1581 899 1618 ἐμαυτοῦ,
913 1593 927 1606 ››
940 1579 986 1608 ἵνα

163 1618 218 1655 τῶν
247 1627 355 1665 ἀγαθῶν
382 1618 441 1662 τὴν·
459 1627 548 1665 ἀρχὴν
579 1626 623 1654 ἐπὶ
647 1626 692 1654 τὸν
724 1627 831 1664 Πατέρα
853 1625 984 1663 ἀναγὰγη·
1001 1618 1023 1652 C

165 1672 253 1703 οὕτως
283 1672 327 1700 καὶ
356 1672 418 1709 περὶ
446 1674 495 1699 τοῦ
520 1671 625 1710 Πατρὸς
648 1669 728 1698 ἄκουε
747 1670 829 1698 αὐτοῦ
845 1669 983 1708 λέγοντος·

163 1718 250 1745 πάντα
273 1717 324 1754 γὰρ
347 1715 458 1755 ἔχοντος
483 1716 508 1743 ἐν
531 1716 565 1753 τῇ
586 1715 668 1743 αὐτοῦ
683 1715 760 1754 φύσει
775 1715 812 1746 ὡς
827 1715 984 1751 ΙΙνεύματος

164 1764 243 1795 Θεοῦ,
272 1761 315 1788 ἐπὶ
333 1762 379 1789 τὸν
409 1760 494 1788 αἷίτιον
516 1760 603 1799 ἀνάγει
633 1759 733 1797 λὲγων·
759 1772 772 1786 (ι
803 1759 842 1788 Οὐ
871 1759 986 1795 λαλήσει

164 1807 210 1845 ἀφ’
230 1807 336 1839 ἑαυτοῦ,
357 1805 420 1833 ἀλλ’
446 1805 496 1833 ὅσα
524 1805 636 1842 ἀκούσῃ,
657 1804 784 1840 λαλήσει,
812 1805 856 1832 καὶ
884 1804 918 1832 τὰ
946 1804 987 1842 ἐρ-

163 1850 271 1889 χόμενα
295 1850 440 1888 ἀναγγελεῖ
462 1849 537 1886 ὑμῖν·
556 1862 570 1875 ››
584 1849 629 1877 καὶ
651 1849 693 1885 τὸ,
710 1861 724 1876 ‹‹
740 1851 859 1880 Ἐκιῖνος
888 1849 917 1877 ἐκ
936 1851 985 1876 τοῦ

162 1895 232 1932 ἐμοῦ
259 1895 387 1931 λήψεται,
406 1908 419 1920 ››
450 1893 579 1929 δηλονότι
608 1894 638 1922 ἐκ
659 1896 710 1921 τοῦ
740 1892 857 1931 Πατρός.
874 1893 984 1931 Ἐπάγιι

159 1940 222 1977 γάρ·
241 1952 255 1964 «ι
272 1939 361 1968 Πάντα
377 1940 426 1967 ὅσα
447 1937 505 1977 ἔχει
522 1939 537 1966 ὁ
553 1939 658 1975 Πατὴρ,
676 1938 729 1975 ἐμά
757 1938 822 1966 ἐστι·
840 1937 884 1966 διὰ
905 1941 986 1966 τοῦτο

161 1987 251 2018 εἶπον,
267 1984 308 2011 ὅτι
325 1983 355 2011 ἐκ
368 1986 417 2012 τοῦ
433 1983 501 2021 ἐμοῦ
518 1981 651 2020 λαμϐάνει
670 1983 716 2011 καὶ
728 1982 871 2021 ἀναγγελεῖ
887 1983 959 2019 ὑμῖν.
971 1995 985 2008 n

160 2026 315 2066 Λαμϐάνιιν
333 2027 362 2056 δὲ
377 2028 441 2056 αὐτὸ
458 2031 542 2062 εἶπεν,
559 2027 613 2066 οὐχ
627 2028 664 2059 ὡς
681 2027 871 2066 ἁγνοοῦν,ἀλλ’
888 2028 925 2059 ὡς
942 2028 985 2055 ἐπὶ

158 2074 205 2101 τὸν
221 2072 309 2101 αἴτιον
325 2073 433 2111 ἀνάγων
449 2074 498 2107 τήν
513 2075 561 2100 τοῦ
579 2073 734 2110 Πνεύματος
751 2072 883 2111 ἕνὲργειάν
897 2083 927 2100 τε
940 2072 986 2100 καὶ

160 2119 254 2156 χάριν.
271 2117 372 2146 Μακεδ.
389 2118 451 2146 Ἐὰν
468 2117 566 2151 οὕτως,
581 2117 674 2148 καλῶς
689 2116 733 2145 καί
752 2119 833 2144 τοῦτο
856 2116 984 2154 δέχομαι·

161 2161 281 2190 διακονεῖ
302 2163 354 2200 γὰρ
379 2163 447 2199 ἡμῖν
471 2163 521 2197 τήν
546 2164 595 2189 τοῦ
621 2164 688 2189 Θεοῦ
713 2162 793 2200 χάριν
817 2162 848 2189 τὸ
864 2163 985 2198 Πνεῦμα.

1034 299 1091 318 non
1107 290 1164 318 alia
1187 291 1229 318 illi
1254 291 1331 319 inest
1353 292 1499 327 voluntas,
1515 301 1579 328 quas
1604 294 1698 322 Patris
1723 303 1781 323 non
1804 296 1855 323 sit.

1034 335 1142 363 Μαρια.
1159 337 1221 363 Non
1246 335 1334 363 habet
1351 336 1441 372 igitur
1466 337 1593 373 Spiritus
1618 341 1738 366 sanctus
1752 339 1858 367 volun-

1034 382 1124 407 tatem
1142 380 1314 416 propriam?
1330 381 1405 408 Orth.
1422 381 1517 414 Absit,
1536 384 1567 409 ut
1591 383 1666 417 quod
1684 392 1700 410 a
1715 383 1773 411 Deo
1786 384 1860 412 alie-

1035 432 1105 452 num
1129 427 1183 458 est,
1200 425 1307 457 dicam,
1323 425 1421 453 Μιιεειι.
1438 426 1492 453 Sed
1516 428 1663 462 quomodo
1690 436 1744 456 non
1771 428 1860 457 habet

1034 468 1214 496 voluntatem
1231 470 1378 505 propriam
1389 470 1403 498 ‘I
1419 470 1643 499 0r!h.Voluntas
1662 473 1709 500 Dei
1725 473 1860 502 voluntas

1036 513 1163 549 Spiritus
1179 516 1231 541 est.
1249 513 1347 549 Neque
1362 515 1440 542 enim
1459 515 1574 551 ignorat
1588 516 1765 545 voluntatem
1783 518 1834 546 Dei
1852 527 1858 545 :

1037 557 1086 585 sed
1103 558 1179 593 quod
1197 557 1258 585 vult
1274 558 1367 591 Pater.
1385 559 1461 586 idem
1478 559 1540 587 vult
1555 562 1583 587 et
1598 561 1746 596 Spiritus;
1762 563 1861 590 omnia

1036 602 1115 630 enim
1139 602 1218 630 novit
1241 611 1305 638 qua
1321 606 1390 631 sunt
1416 604 1475 638 Dei,
1492 607 1524 632 ut
1544 605 1665 641 spiritus
1685 605 1813 635 hominis
1828 616 1862 635 ea

1037 655 1101 682 quea
1127 649 1197 674 sunt
1222 647 1358 675 hominis.
1381 649 1487 676 Maccd.
1512 650 1598 685 Atqui
1623 652 1652 677 et
1680 649 1771 678 Filius
1795 652 1860 678 ait:

1038 703 1051 715 ι(
1068 691 1130 719 Non
1146 691 1209 719 veni
1238 695 1269 719 ut
1283 692 1388 720 faciam
1416 693 1596 721 voluntatem
1622 702 1729 729 meam,
1746 696 1795 722 sed
1812 704 1861 723 vo-

1038 736 1180 764 luntatem
1205 736 1269 771 ejus
1295 737 1345 772 qui
1372 737 1453 765 misit
1478 746 1524 765 me
1538 738 1570 765 ⁷⁸.
1589 749 1602 763 n
1625 739 1705 767 Orlh.
1722 740 1861 772 Quisnam

1038 789 1105 808 vero
1129 780 1184 808 fuit
1210 781 1345 809 voluntas
1373 783 1437 817 ejus
1465 782 1514 817 qui
1545 783 1626 811 misit
1654 784 1762 819 ipsum,
1779 785 1863 820 cujus

1039 824 1177 853 faciendae
1188 826 1283 861 gratia
1290 826 1581 855 venit?Maccd.Salus
1591 828 1703 855 mundi.
1715 828 1790 856 Orth.
1804 829 1863 857 Hoc

1039 877 1106 897 cum
1118 869 1258 903 facit,non
1271 870 1339 898 facit
1350 879 1433 898 suam
1447 871 1540 907 ipsius
1554 871 1797 908 voluntatem,sed
1813 883 1861 901 vo-

1040 913 1182 942 luntatem
1190 915 1254 950 ejus
1265 915 1314 951 qui
1323 915 1418 951 ipsum
1432 915 1520 943 misit.
1530 916 1679 945 Mared.Ait
1689 917 1796 954 ipse,se
1806 927 1862 946 non

1040 958 1155 986 venisse
1179 961 1211 987 ut
1227 959 1335 987 faceret
1359 959 1538 988 voluntatem
1565 969 1660 995 suam,
1683 962 1733 989 sed
1760 963 1861 990 volun-

1039 1005 1128 1031 tatem
1143 1003 1206 1038 ejus
1222 1003 1271 1039 qui
1287 1012 1317 1032 se
1333 1004 1508 1034 misit.0rth.
1523 1005 1574 1032 Est
1589 1005 1681 1042 igitur
1698 1008 1863 1035 necessario

1039 1048 1187 1076 contraria
1201 1048 1230 1076 in
1247 1057 1280 1076 eo
1294 1048 1429 1077 voluntas
1446 1050 1707 1086 slatuenda,quam
1724 1052 1862 1085 coercuit,

1040 1095 1072 1120 ut
1087 1092 1194 1121 faceret
1217 1093 1396 1121 voluntatem
1423 1095 1497 1129 ejus,
1525 1103 1541 1121 a
1565 1103 1622 1129 quo
1644 1095 1754 1123 missus
1776 1100 1863 1125 esset.

1040 1137 1138 1165 Maced.
1155 1137 1238 1165 Absit
1255 1141 1286 1165 ut
1312 1138 1491 1166 voluntatem
1510 1138 1572 1166 Filii
1597 1139 1739 1167 voluntati
1767 1141 1862 1169 Patris

1039 1181 1133 1209 dicam
1150 1190 1214 1209 esse
1239 1183 1427 1210 contrariam.
1455 1183 1531 1211 Orth.
1548 1183 1622 1220 Ergo
1644 1185 1746 1212 eadem
1770 1185 1863 1213 Patris

1039 1228 1067 1253 et
1082 1226 1146 1253 Filii
1162 1228 1206 1254 est
1219 1225 1365 1254 voluntas.
1382 1227 1460 1255 484
1476 1227 1587 1255 Etenim
1606 1228 1696 1256 Filius
1720 1237 1771 1265 per
1797 1238 1863 1257 cru-

1040 1278 1103 1298 cem
1118 1273 1147 1298 et
1162 1274 1286 1298 mortem
1301 1279 1417 1299 servare
1431 1271 1493 1299 vult
1516 1280 1609 1308 genus
1625 1276 1770 1308 nostrum,
1787 1274 1862 1302 vult-

1040 1323 1096 1350 que
1125 1314 1178 1343 hoc
1206 1315 1301 1343 Pater.
1317 1317 1388 1343 Cum
1416 1319 1513 1344 autem
1538 1317 1591 1351 ait,
1608 1328 1623 1342 «
1645 1317 1706 1345 Non
1737 1319 1799 1345 veni
1833 1322 1863 1346 ut

1040 1359 1144 1387 faciam
1160 1359 1341 1388 voluntatem
1358 1368 1464 1394 meum,
1476 1361 1526 1388 sed
1542 1361 1723 1389 voluntatem
1740 1363 1802 1397 ejus
1813 1364 1863 1399 qui

1041 1404 1122 1432 misit
1146 1413 1202 1438 me,
1218 1415 1232 1429 n
1250 1404 1278 1432 in
1304 1407 1419 1433 Patrem
1446 1404 1558 1433 videtur
1583 1406 1714 1435 conferre
1738 1408 1861 1436 omnia:

1039 1457 1106 1476 cum
1122 1449 1173 1483 ait,
1190 1461 1204 1474 ‹‹
1224 1449 1305 1477 Pater
1318 1449 1367 1485 qui
1384 1449 1465 1477 misit
1481 1458 1536 1484 me,
1554 1452 1689 1487 praecepit
1703 1452 1775 1479 mihi
1791 1453 1862 1488 quid

1040 1494 1134 1521 dicam
1150 1496 1180 1521 et
1195 1494 1263 1529 quid
1288 1493 1402 1530 loquar,
1420 1505 1433 1518 υ
1449 1494 1503 1522 hoc
1519 1494 1583 1531 ipso
1607 1495 1685 1523 dicto
1700 1497 1813 1525 Patrem
1832 1500 1863 1525 ut

1040 1537 1154 1566 Patrem
1180 1538 1314 1566 honorat.
1341 1538 1423 1570 Quod
1446 1539 1471 1567 si
1493 1547 1524 1567 se
1549 1547 1594 1568 res
1618 1539 1659 1567 ita
1680 1549 1738 1568 non
1765 1541 1862 1576 habet,

1041 1583 1187 1618 quomodo
1203 1582 1336 1617 Filius,in
1350 1592 1407 1620 quo
1422 1592 1546 1612 omnnes
1562 1585 1715 1621 sapientia
1730 1585 1863 1613 thesauri

1043 1627 1182 1655 reconditi
1199 1631 1280 1660 sunt,
1297 1635 1354 1655 non
1371 1628 1450 1656 novit
1470 1628 1540 1664 quid
1555 1628 1747 1665 loqueretur?
1762 1630 1862 1659 Maced.

1041 1671 1169 1700 Admitte
1194 1672 1278 1705 illud,
1295 1672 1410 1706 Filium,
1428 1675 1572 1709 quatenus
1590 1673 1677 1702 Filius
1701 1677 1756 1708 est,
1772 1684 1861 1703 unam

1042 1716 1136 1745 Patris
1149 1717 1329 1745 voluntatem
1346 1717 1461 1745 habere.
1471 1718 1506 1745 At
1521 1718 1647 1754 Spiritus
1664 1719 1720 1746 nisi
1736 1720 1863 1748 audierit

1041 1763 1070 1789 et
1092 1761 1245 1797 acceperit,
1262 1770 1278 1789 a
1293 1761 1390 1798 seipso
1414 1770 1471 1790 non
1497 1762 1635 1798 loquitur.
1663 1763 1737 1791 ονιΙι.
1754 1764 1861 1796 Quem-

1041 1806 1200 1834 admodum
1229 1805 1318 1842 igitur
1346 1806 1436 1834 Filius
1471 1807 1570 1835 omnia
1597 1807 1708 1835 habens
1746 1812 1862 1843 natura,

1041 1853 1074 1878 ut
1102 1850 1190 1878 Filius
1219 1852 1269 1885 ait,
1289 1862 1302 1877 α
1326 1850 1403 1878 Nihil
1435 1851 1507 1879 facio
1537 1860 1554 1879 a
1584 1860 1630 1880 me
1657 1854 1721 1888 ipso
1750 1853 1813 1887 7',»
1831 1856 1863 1880 ut

1042 1895 1184 1923 bonorum
1214 1894 1391 1931 principium
1422 1895 1497 1922 Patri
1526 1895 1673 1929 ascribat,
1701 1895 1742 1924 ita
1769 1898 1798 1923 et
1827 1897 1863 1923 de

1042 1939 1151 1976 Spiritu
1167 1939 1265 1975 ipsum
1288 1939 1356 1967 audi
1373 1939 1551 1975 loquentem.
1573 1941 1644 1967 Cum
1670 1940 1749 1967 enim
1763 1942 1864 1968 omnia

1040 1984 1089 2012 ille
1103 1984 1132 2011 in
1150 1992 1204 2012 sua
1227 1986 1333 2011 natura
1357 1983 1472 2018 habeat,
1489 1986 1521 2010 ut
1545 1983 1671 2020 Spiritus
1698 1984 1757 2018 Dei,
1773 1993 1807 2012 ea
1827 1986 1862 2012 ad

1041 2029 1150 2056 fontem
1175 2028 1274 2064 ipsum
1291 2028 1379 2056 refert
1403 2028 1540 2063 inquiens
1558 2036 1564 2055 :
1583 2039 1596 2053 ιι
1612 2028 1675 2056 Non
1698 2028 1834 2064 loquetur
1849 2039 1865 2057 a

1042 2073 1223 2109 semetipso:
1250 2072 1300 2100 sed
1325 2080 1504 2108 quaecunque
1528 2073 1639 2108 audiet,
1663 2072 1810 2109 loquetur,
1838 2077 1866 2101 et

1042 2117 1141 2145 futura
1156 2117 1344 2144 annuntiabit
1359 2116 1441 2145 vobis
1455 2117 1487 2144 ³ο.
1506 2129 1519 2141 ›ι
1536 2117 1606 2144 Item
1622 2126 1628 2145 :
1647 2128 1661 2143 (ί
1676 2117 1727 2145 Ille
1742 2119 1777 2145 de
1802 2127 1865 2146 meo

1042 2161 1176 2197 accipiet,
1191 2171 1205 2187 ι
1224 2169 1339 2197 nempe,
1355 2162 1390 2189 de
1408 2161 1500 2189 Patre.
1511 2161 1576 2189 Hec
1591 2162 1669 2189 enim
1685 2162 1839 2198 subjungit
1858 2171 1865 2190 ε

164 2220 178 2233 ‹‹
195 2208 303 2236 Omnia
316 2216 380 2245 quin
397 2208 491 2236 Patris
506 2210 587 2242 sunt,
603 2216 667 2235 mea
691 2209 760 2235 sunt
776 2215 782 2235 :
800 2209 952 2243 propterea
976 2207 1045 2242 dixi,
1063 2206 1139 2242 quod
1156 2206 1192 2234 de
1216 2214 1281 2234 meo
1305 2205 1428 2242 accipiet
1443 2209 1471 2234 et
1494 2206 1682 2234 annuntiabit
1705 2207 1786 2235 vobis
1802 2208 1834 2233 εί.
1855 2219 1864 2231 ι

160 2253 301 2288 Accipere
316 2255 414 2281 autem
433 2252 514 2281 illum
531 2252 614 2286 dixit,
629 2261 685 2280 non
701 2260 734 2280 ex
759 2251 935 2288 ignorantia,
950 2252 1001 2279 sed
1027 2253 1103 2287 quod
1119 2251 1244 2287 Spiritus
1259 2251 1457 2287 operationem
1483 2254 1512 2279 et
1526 2251 1649 2288 gratiam
1666 2252 1702 2279 ad
1718 2254 1868 2280 auctorem

161 2297 278 2325 referat.
296 2298 393 2326 Μαι-ιιι.
410 2297 438 2325 Si
457 2306 503 2325 res
519 2297 560 2325 ita
575 2305 606 2325 se
620 2297 718 2330 habet,
735 2299 763 2324 et
777 2296 831 2325 hoc
846 2296 968 2332 accipio.
985 2296 1132 2324 Ministrat
1146 2296 1222 2323 enim
1241 2295 1326 2323 nobis
1340 2295 1466 2331 Spiritus
1482 2295 1607 2332 gratiam
1624 2296 1682 2324 Dei.

198 2352 241 2379 17.
269 2351 342 2388 Ὀρο.
372 2350 458 2378 Πάλιν
489 2349 625 2378 διακονίαν
655 2348 754 2387 λὲγεις⁷
779 2350 816 2380 ὡς
840 2349 984 2387 παραιτού-

1078 2349 1121 2377 17.
1139 2349 1215 2377 ΟνιΙι.
1233 2349 1362 2376 Rursum
1388 2348 1523 2376 nomines
1546 2349 1757 2383 ministerium,
1783 2349 1867 2384 quasi

161 2404 243 2431 μενος
273 2394 357 2422 εἰπεῖν
387 2395 511 2432 σονεργὸν
535 2396 584 2421 τοῦ
605 2396 672 2421 Θεοῦ
686 2395 717 2421 τὸ
735 2396 865 2430 Πνεῦμα;
881 2392 983 2422 Μακεδ.

160 2438 196 2466 οὐ
228 2440 266 2475 μὴ
292 2439 388 2476 πείσῃς
419 2438 452 2475 με
472 2449 539 2466 ποτε
562 2438 647 2466 εἰπεῖν
671 2439 795 2476 συνεργὸν
811 2440 859 2465 τοῦ
874 2440 941 2465 Θεοῦ
955 2438 986 2465 τὸ

160 2483 282 2519 Πνεῦμα.
310 2484 381 2521 Ὀρθ.
408 2483 515 2514 Παῦλος
538 2483 552 2510 ὁ
577 2482 731 2514 ἀπόστολος
757 2482 899 2520 συνεργοὺς
922 2481 986 2513 τοὺς

161 2527 333 2559 ἀποστόλους
349 2527 422 2565 λέγει
438 2530 486 2555 τοῦ
506 2529 585 2563 Θεοῦ,
601 2527 646 2554 καὶ
663 2527 694 2554 σὺ
715 2527 746 2554 τὸ
773 2527 882 2563 Πνεῦμα
905 2526 987 2553 αὐτοῦ

162 2572 290 2609 συνεργὸν
321 2569 393 2611 φοϐῇ
423 2572 508 2600 εἰπεῖν
523 2582 530 2606 ;
545 2571 637 2607 Ἄξιον
663 2570 709 2598 ἵνα
738 2570 866 2608 ἀκούσῃς’
887 2583 901 2597 «
917 2573 989 2598 Ἐκιῖ

162 2614 336 2655 ἐφοϐήθησαν
362 2614 458 2656 φόϐον,
475 2617 506 2644 οὗ
532 2616 581 2644 οὐκ
602 2616 635 2651 ἧν
663 2613 756 2655 φόϐος.
776 2628 789 2641 υ
815 2614 915 2643 Μακεὸ.
932 2615 987 2644 Κᾶν

163 2660 233 2688 εἴπω
248 2661 375 2698 συνεργὸν
391 2661 422 2688 τὸ
439 2662 549 2697 Πνεῦμα
563 2663 603 2697 τῷ
625 2663 694 2696 Θεῷ,
711 2660 775 2688 ἀλλ’
790 2659 820 2687 οὐ
835 2659 989 2695 συνόοξάζω

162 2704 229 2733 αὐτὸ
242 2707 283 2742 τῷ
298 2707 365 2742 Θεῷ.
392 2706 464 2744 ’Opo.
481 2706 543 2734 Ἐὰν
566 2705 611 2733 οῦν
637 2704 703 2743 λέγῃ
727 2704 837 2736 Παῦλος
852 2704 914 2742 περὶ
934 2706 988 2732 τῶν

1042 2402 1158 2427 renuas,
1174 2393 1316 2430 Spiritum
1342 2393 1390 2421 Dei
1416 2394 1617 2428 cooperarium
1645 2394 1751 2422 dicere.
1767 2394 1866 2421 Mﬂ/‘etl.

1041 2440 1198 2473 Nunquam
1216 2437 1287 2465 mihi
1303 2438 1484 2473 persuaseris
1500 2441 1531 2465 ut
1543 2438 1682 2474 Spiritum
1702 2439 1748 2466 Dei
1765 2446 1868 2473 coope-

1042 2483 1152 2510 rarium
1177 2482 1284 2510 dicam.
1313 2481 1390 2509 ΟνιΙι.
1408 2482 1566 2517 Apostolus
1590 2482 1697 2510 Paulus
1720 2483 1869 2519 apostolos

1043 2527 1092 2554 Dei
1108 2526 1291 2562 cooperarios
1316 2528 1398 2554 vocat
1413 2534 1420 2554 ε
1434 2529 1462 2555 et
1477 2529 1507 2554 tu
1529 2527 1672 2562 Spiritum
1691 2527 1784 2563 ipsius
1800 2536 1866 2555 coo-

1043 2571 1190 2607 perarium
1207 2571 1303 2598 dicere
1319 2570 1426 2598 vereris
1438 2570 1530 2599 i’Jure
1540 2570 1570 2598 in
1580 2573 1607 2598 te
1618 2571 1691 2600 illud
1703 2573 1842 2607 competit
1860 2580 1866 2599 :

1046 2626 1060 2640 ι(
1075 2615 1136 2643 Illic
1147 2615 1369 2651 trepidaverunt
1381 2615 1552 2649 timore,ubi
1567 2624 1624 2644 non
1638 2617 1838 2644 erattimor“.
1854 2627 1867 2641 υ

1044 2659 1142 2687 Maced.
1158 2659 1215 2687 Etsi
1232 2659 1332 2687 dixero
1348 2659 1491 2695 Spiritum
1510 2661 1565 2688 Deo
1580 2660 1791 2696 cooperarium,
1809 2668 1867 2687 non

1043 2706 1143 2732 tamen
1158 2704 1260 2732 eodem
1285 2703 1369 2732 illum
1385 2712 1443 2740 quo
1468 2704 1561 2732 Deum
1577 2705 1664 2733 modo
1687 2703 1866 2740 gloriﬁcabo.

199 2850 222 2868 ⁷³
235 2849 320 2878 Joan.
336 2858 376 2886 vi,
389 2850 434 2878 38.
473 2850 496 2869 ⁷⁸
508 2850 593 2881 Joan.
607 2858 670 2887 vui,
685 2851 730 2880 28.
767 2850 791 2869 ⁸ο
805 2849 892 2879 Joan.
906 2857 964 2885 xvr,
977 2849 984 2877 l

1058 2849 1080 2868 ¹¹
1097 2848 1168 2877 ibid.
1184 2849 1227 2877 15.
1265 2848 1288 2867 ³³
1301 2848 1379 2877 Ρειι.
1395 2856 1456 2883 xui,
1473 2848 1499 2875 5.
