2043 3107
182 185 259 215 1319

763 175 795 205 S.
819 172 1077 205 ATHANASIUS.
1091 190 1128 195 —
1143 174 1298 205 SPURIA.

1809 177 1891 207 Ι3ΞΟ

183 249 264 278 ΟνιΙι.
281 248 354 276 Cum
379 246 469 282 igitur
485 244 592 273 Paulus
616 243 651 271 de
675 241 811 270 ﬁdelibus
827 240 889 269 ait:
910 250 921 265 ε
942 240 1004 268 Non

1067 240 1271 275 πιστευσάντων,
1288 239 1329 267 ὅτι
1347 251 1361 266 ‹‹
1378 239 1436 269 Οὐκ
1458 239 1497 268 ἔτι
1524 243 1548 268 εἶ
1570 238 1683 277 δοῦλος,
1699 239 1763 269 ἀλλ’
1779 241 1847 272 υἱός·
1864 241 1892 269 εἴ

183 293 310 330 amplius
326 300 356 320 es
381 298 495 324 servus,
510 289 559 317 sed
585 287 687 321 Filius,
711 286 788 322 quod
817 285 841 313 si
866 284 965 318 Filius,
981 286 1009 312 et

185 329 278 366 haras
302 336 420 373 quidem
447 334 507 368 Dei,
531 331 641 361 Christi
665 333 764 359 autem
789 330 916 358 cobaares
931 329 953 346 ⁸³
969 338 976 356 :
994 339 1008 353 ››

185 372 350 419 teipsumns
373 380 496 415 dignum
525 376 686 407 existimas.
702 375 751 411 qui
779 374 807 402 in
832 372 1010 401 bzereditatis

184 418 354 455 societatem
371 422 554 455 adsciscaris,
566 421 707 458 Spiritum
725 427 782 447 non
797 418 866 446 item
877 418 892 446 Τ
907 418 941 446 Et
955 426 1008 445 au-

184 471 230 498 dis
244 473 276 497 tu
292 469 411 505 quidem
429 476 454 495 ;‹‹
470 466 500 494 Si
516 468 614 493 tamen
631 463 839 499 compatimur,
856 464 888 490 ut
902 464 931 490 et
941 470 1008 489 con-

184 514 382 552 gloriﬁcemur
396 512 419 529 ⁸⁵
436 520 442 538 :
460 522 473 536 ››
489 511 616 546 Spiritus
643 518 699 536 non
726 508 796 535 item
810 509 821 535 ?
836 518 850 531 ‹‹
868 506 898 534 Si
922 505 1010 534 simul

185 550 293 588 mortui
310 565 425 590 sumus,
442 555 530 584 simul
546 554 634 582 etiam
651 554 840 589 regnabimus
855 552 877 569 ⁸⁵
893 560 899 578 ;
920 562 930 575 ι
948 550 1011 586 Spi-

184 604 260 633 ritus
275 611 332 631 non
349 603 419 630 item
434 602 445 628 P
459 599 559 628 Maced.
577 599 709 626 Etiamne
724 597 865 633 Spiritum
891 603 1011 632 quoque

184 656 282 685 regem
313 644 490 682 nuncupas?
516 643 592 672 Orlh.
618 655 631 667 ‹‹
649 642 676 670 Si
707 650 786 669 more
817 640 948 677 regnavit
974 639 1010 667 ab

182 694 296 721 Adamo
312 699 406 727 usque
415 690 451 718 ad
464 688 684 725 Moysen.etiam
700 687 728 714 in
741 694 790 714 eos
803 686 852 721 qui
871 693 928 712 non
945 692 1011 721 pec-

183 739 318 766 caverant
331 736 381 769 ",n
400 735 448 771 qui
467 742 524 762 non
540 732 666 769 Spiritus
680 731 746 759 vitae
763 731 792 758 in
810 730 894 758 nobis
910 737 1013 765 regna-

184 782 253 811 ret?
267 780 367 809 Maced.
385 780 443 807 Nos
460 779 574 806 Patrem
590 777 710 813 quidem
736 779 765 803 et
780 775 885 803 Filium
901 782 1010 810 regem,

183 827 325 863 Spiritum
342 827 478 852 sanctum
501 831 568 851 vero
586 821 753 849 ministrum
778 819 914 848 dicimus.
930 819 1011 851 Orth,

182 873 275 900 Tuam
293 870 386 907 ipsius
402 869 536 897 haeresim
554 867 683 895 nondum
700 865 772 893 satis
788 864 1011 900 intelligis.Ete-

182 917 243 945 nim
256 915 392 944 minister
402 913 469 941 licet
480 921 529 940 rex
541 920 597 939 non
610 911 659 944 sit,
670 910 800 946 ejusdem
812 912 910 937 tamen
924 910 1010 944 cujus
1024 930 1048 964 Β

344 960 350 964 .
383 961 388 964 .
437 958 454 964 ..
524 957 558 964 ,,
597 956 602 961 .
638 955 685 964 ..,
876 954 1003 964 ΑΜ),-

183 970 233 990 rex
247 963 292 989 est
307 958 480 988 substantiae
497 965 504 984 :
524 956 621 984 fateris
636 955 859 991 igituripsemet
874 954 1007 989 ejusdem

181 1014 250 1035 cum
275 1008 331 1032 Deo
355 1003 529 1032 substantias
553 1008 617 1028 esse
640 999 793 1036 Spiritum.
823 998 921 1026 Maced.
953 998 1006 1026 Mi-

183 1051 273 1079 nime.
283 1049 426 1078 0r!h.Sed
443 1047 520 1083 quod
538 1046 670 1082 ejusdem
687 1044 860 1072 substantiae
879 1052 935 1071 non
951 1045 1008 1076 est,

182 1098 316 1123 creatura
331 1096 386 1126 est,
405 1091 555 1120 mutabilis
571 1092 600 1118 et
613 1088 772 1117 variabilis.
789 1088 941 1116 Professus
956 1096 1008 1115 au~

181 1142 241 1168 tem
257 1147 288 1167 es
304 1138 391 1175 paulo
407 1139 485 1170 ante,
499 1133 712 1163 immutabilem
730 1133 870 1169 Spiritum
887 1135 915 1160 et
929 1132 1008 1159 inva-

182 1183 327 1217 riabilem,
344 1185 372 1210 et
383 1182 546 1209 increaturn
561 1187 635 1208 esse.
652 1178 777 1214 Spiritus
791 1186 859 1213 ergo
875 1177 1007 1213 ejusdem

181 1237 215 1257 ac
231 1229 307 1256 Deus
323 1230 352 1255 et
369 1226 457 1254 Filius
472 1227 536 1260 ejus
551 1227 596 1252 est
610 1223 793 1251 substantias.
811 1222 909 1250 Maced.
928 1222 1008 1250 Unus

181 1274 272 1310 igitur
286 1275 331 1301 est
345 1272 470 1308 ipseque
485 1270 580 1304 Pater,
596 1272 625 1296 et
640 1267 741 1301 Filius,
757 1270 785 1295 et
800 1268 927 1304 Spiritus
943 1276 1008 1295 san-

182 1322 247 1347 ctus
258 1319 271 1345 ‘I
282 1317 358 1345 Orlh.
377 1315 461 1344 Absit
474 1317 506 1342 ut
517 1314 571 1342 hoc
584 1312 821 1346 dicam.Etenim,
834 1312 858 1340 si
870 1320 946 1340 unus
963 1320 1008 1339 es-

1063 283 1092 311 δὶ
1107 284 1174 319 υἱὸς,
1191 285 1235 312 καὶ
1250 283 1426 323 κληρονόμος
1442 285 1490 322 μὶν
1513 287 1591 320 Θεοῦ,
1608 284 1835 323 συγκληρονόμος
1860 284 1893 314 δὶ

1063 329 1190 366 Χριστοῦ·
1209 341 1223 354 n
1247 328 1299 367 ἄρα
1327 329 1423 357 σαυτὸν
1448 330 1495 367 μὲν
1526 329 1598 365 ἄξιον
1625 333 1677 365 τῆς
1701 330 1891 369 συγκληρονο-

1065 374 1128 409 μίας
1154 374 1222 411 ἡγῇ,
1237 374 1269 401 τὸ
1293 372 1322 401 δὲ
1345 375 1457 411 Πνεῦμα
1479 372 1530 409 οὕ;
1554 375 1603 402 Καὶ
1627 375 1659 402 σὺ
1691 375 1739 411 μὲν
1769 375 1892 406 ἀκούεις’

1064 430 1078 443 «ί
1095 417 1178 455 Εἴπερ
1201 419 1411 457 συμπάσχομιν,
1430 418 1473 446 ἱνα
1493 419 1538 446 καὶ
1570 417 1803 457 συνδοξασθῶμεν·
1820 432 1836 445 »ι
1858 421 1894 448 τὸ

1065 460 1093 489 ὃὶ
1122 465 1232 500 Πνεῦμα
1257 461 1308 498 οῦ;
1336 475 1349 488 ‹‹
1375 463 1406 492 Εἰ
1434 464 1664 500 συναπεθάνομεν,
1686 463 1731 492 καὶ
1759 461 1895 501 συμϐασι-

1066 506 1210 544 λεύσομενί
1227 520 1241 535 n
1257 508 1288 535 τὸ
1305 506 1333 536 δὲ
1349 510 1459 545 Πνεῦμα
1476 506 1507 535 οῦ
1521 519 1527 543 ;
1546 507 1649 538 Μακεδ.
1667 509 1718 538 Καὶ
1732 509 1765 536 τὸ
1782 511 1895 546 Πνεῦμα

1067 551 1180 590 βασιλέα
1208 551 1315 590 λὲγεις;
1332 553 1407 591 Ὀρθ.
1433 565 1447 579 ‹‹
1473 553 1505 580 Ei
1534 554 1548 581 6
1576 553 1689 585 Θάνατος
1716 551 1894 581 ὲόασίλευσεν

1066 596 1118 624 ἀπὸ
1139 595 1228 634 ’Δδάμ
1255 598 1300 624 καὶ
1330 599 1414 636 μέχρι
1442 597 1575 631 Μωσέως,
1602 598 1648 625 καὶ
1683 597 1727 625 ἐπὶ
1755 599 1820 629 τοὺς
1852 599 1894 635 μή

1066 642 1284 680 ἁμαρτήσαντας,
1301 655 1316 668 ››
1331 645 1389 674 πῶς
1405 642 1469 682 οὐχὶ
1483 644 1515 671 τὸ
1531 644 1641 680 Πνεῦμα
1654 647 1705 678 τῆς
1720 646 1792 679 ζωῆς
1815 644 1894 681 βασι-

1066 687 1138 715 λεύει
1167 689 1253 724 ἠμῖν;
1279 688 1379 717 Μακεδ,
1404 689 1499 726 Ἡμεῖς
1530 687 1659 727 λέγομεν,
1680 688 1722 717 δτι
1752 690 1767 717 6
1797 690 1895 727 Πατὴρ

1066 731 1122 759 ἐστι
1142 732 1281 770 βασιλεὺς,
1296 733 1340 760 καὶ
1366 733 1380 760 6
1405 733 1477 765 Υἱόςο
1499 733 1530 761 τὸ
1553 732 1582 761 δὲ
1606 734 1716 770 Πνεῦμα
1741 734 1894 772 ὑπηρέτης.

1067 777 1141 815 Ὀρθ.
1158 775 1226 805 οὐδὲ
1241 776 1316 809 οἶδας
1336 780 1434 806 σαυτοῦ
1461 778 1511 814 τήν
1539 777 1652 817 αἵρεσιν.
1668 781 1688 806 0
1714 778 1765 817 γὰρ
1791 779 1896 817 ὑππρὲο

1065 831 1126 856 της,
1142 821 1190 849 κᾶν
1217 822 1255 859 μὴ
1271 822 1289 860 ᾖ
1305 822 1444 860 βασιλεὺς,
1460 826 1510 857 τῆς
1534 822 1618 858 αὐτῆς
1643 823 1697 850 ἐστι
1717 826 1757 859 τῷ
1784 822 1897 861 βασιλεῖ

1066 865 1168 897 οὐσίας.
1186 867 1280 904 Λὲγεις
1310 865 1355 895 οὖν
1378 867 1422 895 καὶ
1442 867 1523 899 αὐτὸς
1543 871 1593 903 τῆς
1615 867 1698 903 αὐτῆς
1713 867 1805 899 οὐσίας
1824 871 1895 896 εἶναι

1064 913 1104 947 τῷ
1128 913 1186 947 Θεῴ
1209 911 1239 938 τὸ
1263 914 1383 949 Πνεῦμα.
1400 911 1502 941 Μακεδ.
1528 911 1578 942 Οὔ,
1595 913 1668 951 Ὀρθ.
1684 913 1720 940 Τὸ
1744 911 1774 940 δὲ
1796 913 1836 950 μή
1862 912 1895 940 ὃν

1061 959 1111 990 τῆς
1138 955 1221 991 αὐτῆς
1255 955 1348 988 οὐσίας
1375 957 1477 993 κτίσμα
1516 957 1572 985 ἐστὶ
1605 957 1651 985 καὶ
1688 958 1815 994 τρεπτὸν,
1845 957 1893 985 καὶ

1061 999 1226 1028 ἀλλοιωτόν·
1243 1000 1315 1029 ἀλλὰ
1330 1001 1566 1039 προωμολόγηται
1587 1000 1717 1040 ἄτρεπτον
1746 1002 1793 1029 καὶ
1809 1000 1894 1029 ἄναλ-

1062 1043 1179 1072 λοίωτον
1210 1045 1254 1073 καὶ
1283 1044 1408 1073 ἅκτιστον
1439 1049 1518 1073 εἶναι’
1535 1047 1584 1081 τῆς
1610 1045 1694 1081 αὐτῆς
1717 1046 1770 1085 ἄρα
1798 1046 1896 1078 οὐσίας

1062 1092 1100 1125 τῷ
1129 1092 1186 1126 Θεῷ
1214 1090 1259 1117 καὶ
1285 1092 1325 1126 τῷ
1350 1091 1404 1127 ι’ἱῷ
1433 1090 1515 1118 αὐτοῦ
1543 1091 1610 1120 ἐστι.
1641 1090 1742 1120 Mimas.
1768 1094 1815 1122 Εἷς
1846 1091 1894 1119 οὖν

1062 1133 1117 1162 ἐστι
1146 1134 1190 1162 καὶ
1206 1134 1314 1166 ὸαῦτὸς
1340 1136 1444 1173 Πατὴρ,
1460 1136 1505 1163 καὶ
1535 1137 1605 1171 Υἱὸς,
1622 1135 1666 1163 καὶ
1696 1137 1774 1173 ἅγιον
1805 1137 1893 1165 Πνεῦ-

1064 1188 1119 1215 μα;
1137 1179 1208 1217 Ὀρθ.
1226 1180 1270 1213 Μή
1287 1178 1393 1217 γένοιτο
1414 1180 1497 1207 εἰπεῖν
1512 1181 1610 1208 τοῦτοέ
1628 1180 1650 1208 εἰ
1666 1181 1718 1218 γὰρ
1732 1181 1766 1214 ἦν
1790 1183 1830 1211 εἷς
1847 1180 1893 1208 καὶ

1063 1224 1077 1250 6
1099 1223 1179 1254 αὐτὸς
1203 1224 1308 1261 Πατὴρ,
1323 1224 1368 1251 καὶ
1392 1224 1465 1260 Υἱὸς,
1481 1225 1527 1252 καὶ
1552 1225 1629 1262 ἅγιον
1649 1224 1770 1261 Πνεῦμα,
1787 1225 1838 1252 οὐκ
1862 1225 1894 1252 ἃν

1064 1266 1157 1305 εἴρητο
1181 1268 1243 1306 παρ’
1259 1269 1338 1304 ἡμῶν
1363 1272 1414 1303 τῆς
1438 1268 1523 1304 αὐτῆς
1543 1272 1610 1296 εἶναι
1627 1269 1728 1301 οὐσίας.
1746 1268 1817 1298 Οὐδὲ
1840 1270 1894 1307 γὰρ

1063 1311 1143 1343 αὐτὸς
1160 1312 1246 1348 ἑαυτῷ
1261 1315 1310 1347 τῆς
1325 1312 1408 1348 αὐτῆς
1425 1312 1516 1344 οὐσίας
1532 1314 1600 1341 εἶναι
1616 1313 1734 1352 λέγεται.

185 1366 230 1392 set
244 1366 273 1391 et
287 1363 364 1390 idem
381 1361 474 1394 Pater,
490 1359 580 1387 Filius
596 1361 625 1386 et
637 1357 763 1393 Spiritus
778 1359 908 1390 sanctus,
926 1364 984 1384 non
999 1356 1166 1385 dicerentur
1179 1358 1311 1393 ejusdem
1328 1366 1393 1386 esse
1417 1359 1701 1395 substantie.Neque
1717 1358 1795 1387 enim
1811 1359 1893 1394 ejus-

185 1409 252 1436 dem
267 1416 301 1435 ac
315 1407 439 1443 ipsemet
456 1403 628 1433 substantiae
644 1410 708 1430 esse
723 1401 840 1430 dicitur.

222 1453 268 1480 18,
299 1451 399 1479 Maced.
429 1449 482 1477 Ubi
523 1448 665 1484 scriptum
693 1449 738 1474 est
774 1446 917 1482 Spiritum
946 1454 1011 1474 esse

187 1496 393 1526 DeumPOrlh.
416 1494 536 1527 Quando
563 1493 704 1529 propheta
727 1491 767 1520 ait
793 1500 799 1519 ι
825 1503 839 1517 «
868 1491 901 1519 Et
923 1494 1011 1519 erunt

185 1550 287 1570 omnes
317 1549 335 1569 a
363 1540 421 1567 Deo
462 1538 539 1566 docti
566 1537 599 1570 ³⁷,
630 1549 640 1563 ι
672 1537 708 1564 de
745 1544 803 1572 quo
841 1535 972 1572 loquitur
996 1535 1011 1563 ’ἲ

184 1587 293 1616 Maced.
328 1589 366 1613 De
401 1584 490 1612 Filio.
524 1584 607 1613 Ονυι.
643 1583 732 1618 Atqui
772 1582 861 1610 Filius
894 1581 965 1609 dicit
998 1589 1004 1609 :

187 1643 198 1658 α
229 1631 324 1659 Nolite
353 1630 480 1665 cogitare
522 1627 668 1664 quomodo
710 1629 762 1654 aut
794 1626 864 1662 quid
907 1626 1006 1661 loqua-

185 1675 259 1704 mini
282 1684 289 1703 :
315 1674 377 1710 ipse
405 1673 483 1701 enim
507 1672 636 1708 Spiritus
659 1671 774 1699 docebit
797 1679 848 1699 vos
873 1670 943 1706 quid
970 1670 1009 1697 fa-

185 1722 232 1748 cto
246 1727 321 1755 opus
344 1718 381 1746 sit
396 1717 428 1745 ⁸³.
448 1728 462 1741 n
478 1717 557 1750 Quod
575 1716 599 1743 si
625 1715 674 1751 qui
690 1723 707 1742 a
721 1715 830 1751 Spiritu
856 1715 1008 1747 docentur,

185 1774 203 1793 ιι
220 1766 274 1793 Deo
290 1763 367 1792 docti
392 1763 540 1796 dicuntur,
557 1761 627 1797 quid
655 1760 733 1788 aliud
761 1760 848 1788 fuerit
871 1760 1008 1796 Spiritus,

186 1809 261 1838 485
279 1817 314 1837 ex
338 1810 367 1835 te
383 1808 446 1844 ipso
471 1814 576 1842 quaere.
593 1805 692 1833 Maced.
718 1805 772 1837 Qui
789 1812 805 1832 ιι
824 1805 935 1841 Spiritu
959 1805 1010 1832 do-

186 1856 300 1889 centur,
316 1852 392 1880 docti
410 1861 427 1880 a
444 1854 498 1879 Deo
523 1851 662 1878 dicuntur
685 1850 761 1882 ideo,
778 1849 846 1885 quia
871 1850 945 1876 Deus
962 1856 1012 1884 per

187 1898 330 1934 Spiritum
346 1897 426 1933 ipsos
442 1894 684 1923 docet.0rth.Non
700 1893 788 1921 dixit:
805 1893 895 1921 Erunt
909 1900 1012 1921 omnes

187 1952 204 1972 α
220 1943 276 1971 Deo
292 1942 357 1978 ipso
377 1941 468 1973 docti,
491 1940 540 1968 sed
567 1939 631 1967 sine
657 1937 790 1966 articulo.
815 1937 914 1965 Μαι-σά.
939 1937 1012 1973 Ergo

187 1992 248 2016 tres
266 1987 308 2016 Dii
324 1988 394 2015 sunt
409 1987 420 2013 Ρ
433 1985 513 2015 ΟνιΙι.
537 1984 634 2012 Absitl
653 1983 734 2011 Unus
748 1983 792 2011 est
817 1984 892 2010 Deus
917 1984 1012 2013 Pater.

189 2040 267 2060 unus
296 2031 371 2058 Deus
397 2029 498 2064 Filius,
520 2036 597 2056 unus
627 2030 700 2055 Deus
727 2026 854 2063 Spiritus
882 2029 1011 2054 sanctus.

189 2076 288 2104 Maced.
306 2077 376 2103 Tres
392 2075 482 2111 igitur
498 2073 538 2100 Dii
551 2072 814 2102 ?0rlh.Conﬁtcris
825 2072 887 2108 ipse
898 2071 1013 2099 Patrem

189 2121 282 2149 Deum
298 2128 374 2154 esse,
392 2121 419 2146 et
436 2118 540 2146 Filium
557 2118 657 2152 Deum,
673 2119 725 2145 aut
747 2124 783 2144 ne
796 2116 851 2144 hoc
875 2116 1016 2152 quidem?

190 2166 292 2194 Μαι-ιιι.
320 2164 466 2192 Conﬁteor
481 2163 573 2191 Deum
601 2162 728 2196 Patrem,
756 2163 856 2194 Deum,
880 2161 949 2189 item
971 2160 1015 2188 Fi-

189 2210 274 2238 lium.
297 2209 375 2239 Orth.
393 2209 471 2236 Duos
485 2207 576 2244 igitur
590 2207 665 2235 Deos
681 2206 777 2234 dicis?
795 2206 897 2234 Maced.
915 2203 1016 2233 Absitl

191 2256 273 2285 Ortli.
290 2253 542 2287 Quemadmodum
560 2252 649 2288 igitur
663 2260 729 2280 cum
747 2253 861 2279 Patrem
878 2251 1019 2284 Deum,et

1101 1447 1145 1475 18.
1162 1444 1261 1475 Μακεδ.
1280 1447 1336 1474 Ποῦ
1350 1446 1499 1485 γέγραπται
1525 1447 1589 1478 Θεὸς
1611 1447 1643 1475 τὸ
1668 1448 1798 1483 ῘῙνεῦμα;
1815 1448 1892 1484 ὀρθ.

1063 1491 1142 1517 Ὅταν
1166 1489 1237 1528 λέγει
1254 1491 1268 1518 6
1284 1492 1439 1530 προφήτης,
1456 1504 1469 1518 ‹‹
1488 1491 1537 1519 Καὶ
1561 1490 1666 1519 ἔσονται
1690 1491 1788 1523 πάντες
1812 1490 1888 1519 διδαο

1063 1534 1123 1562 κτοὶ
1139 1536 1217 1569 Θεοῦ,
1230 1547 1244 1560 ››
1260 1535 1322 1573 περὶ
1336 1535 1411 1567 τίνος
1426 1535 1518 1573 λέγει,
1535 1535 1636 1564 Μακεδ.
1652 1535 1719 1573 Περί
1742 1538 1791 1563 τοῦ
1811 1537 1889 1564 Υὶοῦ.

1064 1579 1138 1617 Ὀρθ.
1156 1579 1280 1618 Καίτοιγι
1303 1580 1318 1607 6
1341 1580 1403 1611 Υἱὸς
1426 1579 1509 1618 λέγει·
1527 1581 1571 1615 Μὴ
1588 1582 1777 1619 μεριμνήσητε
1794 1583 1855 1611 πῶς
1870 1580 1889 1614 ἢ

1063 1623 1088 1650 τί
1113 1622 1257 1659 λαλήσετε’
1279 1623 1343 1652 αὐτὸ
1369 1624 1419 1663 γὰρ
1444 1625 1476 1652 τὸ
1502 1626 1612 1662 Πνεῦμα
1638 1624 1737 1661 διδάξει
1761 1626 1844 1662 ὑμᾶς,
1863 1625 1890 1652 τι

1064 1667 1105 1696 δεῖ
1119 1671 1218 1697 ποιεῖν,
1238 1681 1252 1695 ››
1266 1669 1298 1696 Εἰ
1315 1667 1344 1696 δὶ
1358 1669 1383 1697 οἱ
1401 1670 1451 1697 ὑπὸ
1474 1669 1523 1698 τοῦ
1547 1670 1702 1707 Πνεύματος
1727 1668 1892 1706 διδασκόμε-

1062 1725 1104 1742 νοι
1121 1713 1244 1742 διδακτοὶ
1260 1717 1327 1743 Θεοῦ
1342 1715 1481 1748 ἀκούουσι,
1492 1715 1518 1743 τί
1535 1714 1605 1743 ἄλλο
1621 1716 1650 1743 ἂν
1666 1715 1708 1751 εἵη
1723 1717 1755 1743 τὸ
1767 1717 1893 1753 Πνεῦμα,

1065 1760 1160 1787 σαυτὸν
1186 1758 1282 1797 ἐρώτα.
1312 1758 1413 1788 Μακεδ,
1444 1759 1570 1788 Δτόακτοὶ
1599 1763 1667 1788 Θεοῦ
1691 1760 1836 1788 ἀκούουσιν
1867 1760 1894 1787 οὶ

1066 1804 1117 1832 ὑπὸ
1139 1805 1188 1831 τοῦ
1215 1804 1371 1840 [Ινεύματος
1396 1803 1599 1842 διδασκόμενοι,
1616 1803 1710 1840 ἐπειδὴ
1727 1805 1742 1832 6
1757 1806 1824 1836 Θεὸς
1849 1803 1894 1832 διὰ

1064 1851 1113 1876 τοῦ
1141 1848 1297 1885 [1νε-5ματος
1328 1847 1423 1880 αὐτοὺς
1454 1847 1586 1878 διδὶσκει.
1615 1852 1689 1887 ‘Ope.
1719 1849 1774 1877 οὐκ
1800 1852 1890 1877 εἶπεν·

1065 1893 1188 1920 Ἔσονται
1204 1892 1301 1924 πάντες
1315 1891 1437 1921 διδακτοὶ
1455 1896 1504 1921 τοῦ
1519 1895 1597 1922 Θεοῦ.
1613 1892 1678 1921 ἀλλ’
1693 1893 1754 1922 ἄνευ
1773 1896 1823 1921 τοῦ
1845 1892 1894 1931 ἄρ-

1066 1939 1142 1975 θρου.
1163 1936 1262 1965 Μακεδ·
1279 1939 1361 1975 Τρεῖς
1377 1938 1422 1965 οὖν
1439 1938 1490 1966 εἱσι
1506 1938 1586 1973 Θεοίς
1602 1939 1679 1976 Ὀρθ.
1694 1939 1739 1972 Μὴ
1763 1938 1894 1976 γένοιτοῑ

1068 1984 1115 2013 Εἷς
1131 1982 1195 2013 Θεὸς
1212 1983 1226 2009 6
1242 1983 1346 2019 Πατὴρ,
1362 1983 1406 2010 καί
1422 1985 1460 2014 εἷς
1476 1983 1540 2014 Θεὸς
1557 1983 1571 2010 6
1587 1983 1658 2019 Υἱὸς,
1670 1983 1716 2010 καὶ
1732 1985 1770 2014 εἷς
1787 1983 1852 2014 Θεὸς
1863 1983 1895 2009 τὸ

1068 2027 1143 2064 ἅγιον
1162 2026 1476 2065 11νεῦμα.Μακεδ.Τρεῖς
1492 2026 1537 2055 οῦν
1552 2027 1613 2056 Θεοί
1625 2028 1715 2065 ;“Ορθ.
1731 2026 1896 2065 Ὁμολογεῖς

1067 2071 1113 2099 καὶ
1129 2071 1207 2102 αὐτὸς
1223 2072 1287 2099 Θεὸν
1304 2075 1371 2099 εἶναι
1387 2072 1431 2099 τὸν
1449 2072 1566 2110 Πατέρα,
1582 2072 1627 2100 καί
1643 2073 1707 2100 Θεὸν
1727 2072 1773 2100 τὸν
1789 2072 1864 2105 risv,
1877 2072 1896 2106 ἢ

1070 2115 1132 2144 οὐδὲ
1145 2117 1241 2150 τοῦτο;
1253 2115 1507 2154 Μακεδ.’ομολογῶ
1521 2117 1585 2144 Θεὸν
1600 2117 1646 2145 τὸν
1663 2116 1781 2154 Πατέρα,
1790 2116 1836 2144 καὶ
1850 2117 1896 2143 τὸν

1070 2160 1143 2188 Υἱόν.
1159 2161 1232 2198 Ὀρθ.
1248 2160 1300 2187 Δύο
1325 2159 1371 2187 οῦν
1394 2160 1476 2192 Θεοῦς
1502 2160 1608 2199 λέγεις,
1625 2159 1727 2189 Μακεδ.
1745 2161 1789 2195 Μὴ
1805 2161 1898 2198 γένοι-

1070 2206 1121 2233 10!
1138 2207 1210 2243 Ὀρθ,
1235 2206 1337 2243 Ὥσπερ
1366 2204 1412 2233 οὗν
1440 2206 1503 2233 Θεὸν
1533 2204 1620 2244 λὲγων
1649 2206 1696 2233 τὸν
1723 2205 1830 2243 Πατέρα
1852 2205 1898 2232 καὶ

1072 2249 1136 2277 Θεὸν
1151 2249 1197 2276 τὸν
1206 2249 1281 2283 Υἱὸν,
1297 2248 1328 2276 οὐ
1349 2247 1397 2277 δύο
1413 2249 1494 2280 Θεοὺς
1519 2249 1620 2288 λὲγεις·
1637 2250 1724 2281 οὕτως
1747 2249 1897 2287 ὁμολογῶν

194 2299 300 2328 Filium
317 2299 407 2326 Deum
431 2297 591 2331 conﬁteris,
609 2305 666 2324 non
691 2296 766 2323 duos
789 2295 863 2323 Deos
887 2295 1012 2323 asseris:

1072 2293 1117 2321 καὶ
1131 2294 1181 2327 τήν
1196 2295 1245 2320 τοῦ
1260 2292 1417 2330 Πνεύματος
1432 2293 1558 2330 Θεότητα,
1575 2294 1613 2331 μὴ
1635 2296 1707 2331 τρεῖς
1724 2293 1789 2331 λέγε
1803 2294 1898 2325 Θεούς·

194 2344 245 2379 ita,
262 2344 389 2380 Spiritus
413 2342 550 2370 deitatem
575 2342 728 2374 conﬁtens,
743 2349 779 2368 ne
802 2343 861 2368 tres
886 2340 961 2368 Deos
975 2340 1019 2367 di-

195 2389 263 2418 cito.
282 2400 291 2414 ι
307 2388 393 2422 Audi,
410 2387 593 2421 enim,Israel
611 2395 617 2414 :
635 2385 777 2414 Dominus
792 2385 869 2413 Deus
884 2385 1020 2418 tuus,Do-

196 2433 295 2462 minus
311 2441 389 2461 unus
411 2434 456 2460 est
471 2432 503 2460 δν.
521 2442 536 2456 ι)
550 2430 651 2459 Maced.
669 2430 750 2458 Unus
766 2429 854 2466 igitur
876 2429 953 2457 Deus
967 2429 1020 2456 Pa-

195 2481 251 2514 ter,
268 2477 359 2506 Filius
383 2479 412 2505 et
425 2476 552 2512 Spiritus
577 2477 707 2503 sanctus.
725 2474 802 2502 ΟνιΙι.
829 2473 911 2501 Unus
935 2475 1020 2506 Deus,

197 2531 256 2550 non
272 2521 391 2558 quidem
410 2523 441 2548 ut
456 2519 688 2553 trinominis,sed
705 2522 737 2547 ut
752 2519 783 2552 ii,
799 2518 849 2555 qui
865 2519 894 2546 in
909 2518 1021 2545 Christo

197 2566 316 2604 perfecti
347 2567 427 2599 sunt,
453 2573 530 2592 unus
559 2572 705 2592 consensu
734 2565 762 2591 et
792 2565 905 2590 natura.
922 2561 1022 2589 Maced.

198 2611 295 2640 Unum
312 2618 489 2639 consensum
505 2611 534 2637 et
547 2617 599 2644 ego
614 2608 770 2636 dico.0rth.
782 2607 830 2634 Dic
845 2610 873 2634 ct
889 2609 1022 2635 naturam

199 2664 327 2693 quoque,
342 2658 373 2684 ut
387 2656 428 2683 sis
451 2655 564 2682 beatus.
581 2652 679 2680 Maced.
695 2652 757 2680 Non
783 2660 904 2688 possum
929 2651 1025 2679 dicere

200 2709 290 2730 unam
307 2703 453 2728 naturam.
467 2698 547 2727 Orth.
560 2697 612 2726 Dio
627 2696 717 2733 igitur
732 2704 782 2725 eos
797 2695 952 2724 dissimilis
960 2703 1025 2724 esse

1075 2350 1088 2364 (ι
1104 2341 1214 2373 "Amos,
1237 2337 1300 2376 γὰρ,
1326 2337 1448 2376 Ἰσραήλ·
1467 2339 1565 2376 Κύριος
1590 2339 1605 2366 6
1629 2338 1693 2369 Θεός
1718 2349 1778 2374 σου,
1800 2338 1900 2374 Κύριος

1074 2385 1113 2414 εἷς
1141 2381 1205 2411 ἐστι.
1225 2395 1235 2408 ιι
1254 2381 1357 2411 Μακεδ.
1374 2385 1420 2413 Εἷς
1450 2381 1496 2410 οῦν
1531 2382 1585 2410 ἐστι
1615 2383 1691 2419 Θεὸς,
1721 2383 1830 2420 Πατὴρ,
1854 2382 1901 2410 καὶ

1074 2427 1148 2462 Υἱὸς,
1164 2426 1208 2454 καὶ
1225 2427 1302 2463 ἅγιον
1320 2427 1440 2463 Πνεῦμα.
1457 2428 1533 2465 Ὀρθ.
1550 2430 1597 2458 Εἲς
1612 2428 1688 2463 Θεὸς,
1706 2427 1760 2465 οὐχ
1780 2428 1818 2458 ὡς
1843 2438 1903 2466 τρι.

1076 2472 1195 2508 ώνυμος,
1210 2470 1273 2499 ἀλλ’
1290 2471 1326 2501 ὡς
1339 2471 1364 2498 0i.
1381 2470 1406 2498 ἐν
1433 2473 1540 2509 Χριστῷ
1561 2471 1784 2508 κατηρτισμένοι,
1800 2474 1840 2502 εἷς
1864 2474 1904 2507 τῷ

1076 2515 1153 2553 λόγῳ
1175 2519 1225 2550 τῆς
1245 2515 1400 2554 συμφωνίας
1420 2516 1465 2543 καὶ
1488 2517 1538 2550 τῆς
1563 2516 1680 2556 φύσεως.
1696 2515 1801 2545 Μακεδ.
1819 2516 1904 2554 Κάγὼ

1077 2559 1149 2598 λέγω
1180 2559 1241 2596 μίαν
1273 2559 1441 2599 συμφωνίαν.
1474 2560 1550 2597 Ὀρθ.
1577 2560 1652 2588 Ἐἰπὲ
1679 2560 1724 2587 καὶ
1753 2560 1845 2598 φύσιν,
1858 2559 1905 2588 ἵνα

1079 2603 1211 2641 μακάριος
1233 2604 1306 2642 γένῃ.
1331 2603 1431 2632 Μακιδ.
1449 2603 1485 2632 Οὐ
1509 2603 1625 2642 δύναμαι
1649 2605 1734 2632 εἷπεῑν
1764 2605 1827 2641 μίαν
1854 2604 1904 2644 φύ-

1078 2659 1128 2677 σιν.
1143 2649 1219 2687 Ὀρθ.
1236 2647 1340 2677 Οὐκοῦν
1357 2648 1415 2676 εἴπὶ
1438 2648 1597 2685 ἀνομοίους.
1613 2648 1715 2677 Μακεδ.
1731 2648 1803 2678 Οὐδὲ
1822 2651 1905 2677 τοῦτο

1079 2692 1162 2733 λέγω.
1179 2694 1253 2730 Ὀρθ.
1269 2691 1339 2722 Οὔτε
1354 2693 1399 2721 οῦν
1421 2694 1528 2732 ψυχρὸς
1553 2696 1587 2731 εἶ,
1601 2693 1670 2721 κατὰ
1687 2694 1718 2722 τὸ
1746 2694 1905 2733 γεγραμμέ-

236 2809 259 2827 ⁸⁸
273 2809 356 2836 Rom.
380 2814 440 2839 vm,
458 2807 509 2840 11;
534 2805 627 2834 Galat.
654 2812 692 2838 ιν,
716 2804 744 2831 7.
781 2803 806 2822 ⁸⁵
829 2803 911 2840 Rom.
928 2810 991 2840 vui,

1096 2802 1120 2821 ⁸⁸
1144 2802 1167 2830 ll
1190 2802 1266 2830 Tim.
1292 2810 1323 2837 ιι,
1349 2802 1393 2830 42.
1431 2802 1454 2820 ³⁸
1478 2802 1562 2831 Rom.
1584 2810 1611 2830 ν.
1642 2802 1685 2830 ιι.
1722 2802 1744 2820 ⁸⁷
1771 2802 1828 2832 In.
1852 2810 1908 2838 LW,

201 2845 254 2880 43;
269 2844 354 2873 Joan.
370 2851 408 2878 vx,
426 2843 470 2870 45.
504 2839 531 2859 ⁷⁸⁸
546 2840 650 2870 Matth.
665 2849 693 2877 κ,
710 2840 753 2868 19.
791 2840 814 2857 ¹⁹
828 2839 910 2868 Deut.
924 2846 964 2876 vx,
980 2839 1008 2867 4.
