4086 6214
278 309 422 367 1321

1326 305 1637 366 CONTRA
1684 304 2055 362 MACEDON
2133 306 2522 368 DlALOGUS
2568 309 2612 366 Ι.

3518 313 3674 370 1322

269 458 388 505 νον,
448 431 572 490 οὔτε
632 427 848 511 θερμός·
902 433 949 489 εἷ’
995 437 1096 510 γὰρ
1135 435 1202 503 ἧς
1252 435 1485 511 ψυχρὸς,
1529 433 1821 506 ἀνομοίους
1858 433 1915 487 ἂν

2060 441 2271 490 laturas.
2311 439 2512 493 Moneri.
2539 439 2732 508 Neque
2783 438 2887 492 hoc-
2931 439 3081 491 ilico.
3108 438 3398 493 Orth.Nec
3427 439 3675 511 frigidus

274 527 420 586 εἶπες
468 524 562 586 τὰς
613 524 814 602 φύσεις·
865 523 908 578 εἰ
941 526 1008 592 ἧς
1040 524 1263 598 θερμὸς,
1298 522 1772 598 ἀπαραλλάκτους.
1811 529 1918 576 Μαι

272 611 387 669 κεδ.
423 611 869 689 Ἀπαράλλακτον
927 610 1070 688 λέγω
1119 611 1273 689 φύσιν
1324 612 1416 666 τὸν
1456 611 1595 667 Γὶόν.
1631 613 1776 686 Ὀρθ.
1811 611 1918 663 (ιτ-3-

277 724 362 764 σις
389 699 448 756 δὲ
479 701 691 779 φύσεως
722 699 1138 774 ἀπαράλλακτος
1172 698 1326 769 οὖσα,
1359 702 1393 768 ἡ
1430 699 1563 769 αὐτή
1600 701 1708 754 ἑστι
1742 698 1920 775 φύσις.

275 791 516 864 Ὁμοίως
575 789 679 865 γὰρ
724 787 864 842 ἐστιν
911 788 1193 855 ἀθάνατος,
1242 787 1450 859 ὁμοίιος
1503 790 1672 862 ἅγιος,
1717 786 1924 859 ὁμοίως

276 879 571 958 ἄφθαρτος,
620 877 829 950 ὁμοίως
880 876 1161 952 ἄτρεπτος.
1215 877 1398 947 Πατὴρ
1450 873 1507 930 δὲ
1553 877 1640 930 καὶ
1681 875 1802 937 Υἱὸς
1836 875 1924 929 καὶ

278 970 432 1046 ἅγιον
482 972 696 1040 Πνεῦμα
745 965 954 1038 ὁμοίως
1000 965 1100 1019 εἰσί
1149 966 1216 1020 τὰ
1263 966 1653 1040 προειρημένα.
1689 964 1796 1020 Μία
1826 965 1928 1036 ἄρα

279 1058 437 1136 φύσις
489 1055 600 1112 ἐστὶ
646 1055 725 1126 τῷ
773 1053 928 1129 λόγῳ
971 1061 1069 1122 τῆς
1117 1053 1468 1123 ταυτότητος.
1521 1051 1720 1108 Μακεδ.
1755 1051 1928 1108 Ἀλλά

279 1147 671 1208 ὑποτάσσεσθαι
706 1142 848 1219 λέγω
876 1147 954 1215 τῷ
984 1143 1154 1217 Πατρὶ
1185 1143 1276 1197 τὸν
1312 1142 1452 1213 Υἱὸν,
1483 1142 1571 1197 καὶ
1603 1147 1719 1204 πῶς
1769 1139 1922 1196 δύνα-

283 1257 382 1309 μαι
413 1234 580 1290 εἰπεῖν
617 1233 741 1306 μίαν
775 1232 927 1308 φύσιν
955 1249 968 1299 ;
1003 1233 1152 1304 Ὀρθ.
1187 1231 1300 1299 Τῆν
1334 1232 1438 1306 γὰρ
1480 1231 1779 1306 ὑποταγὴν,
1828 1237 1927 1299 τῆς

278 1324 492 1402 φύσεως
551 1323 825 1397 ὑποταγής
883 1321 1014 1374 εἶναι
1075 1319 1277 1394 λὲγεις,
1325 1320 1358 1388 ἢ
1412 1325 1512 1388 τῆς
1575 1319 1928 1392 οἷκονομίαςς

278 1410 485 1472 Musa.
533 1417 640 1480 Τῆς
698 1410 929 1488 φύσεως.
979 1410 1124 1484 Ὀρθ.
1177 1409 1386 1465 Οὐκοῦν
1439 1407 1696 1480 ἀνόμοιον
1749 1407 1930 1482 λὲγεις

276 1504 380 1571 τὴν
444 1501 636 1575 φύσιν;
687 1496 886 1554 Μακεδ.
940 1500 1026 1566 Μή
1079 1497 1328 1574 γίνοιτοί
1393 1499 1519 1570 Ορθ.
1577 1498 1742 1553 ’Όταν
1801 1496 1932 1572 λὲγῃ

283 1592 316 1645 ὁ
363 1591 678 1667 Προφήτης
710 1613 736 1638 ι(
800 1588 975 1642 Πάντα
1025 1587 1284 1656 ὑπέταξας
1329 1585 1580 1641 ὑποκάτω
1609 1591 1714 1640 τῶν
1747 1582 1929 1640 ποδῶν

281 1679 472 1747 αὑτοῦ,
505 1671 751 1753 πρόϐατα
781 1676 869 1730 καὶ
904 1675 1031 1750 βόας
1064 1674 1294 1742 ἁπάσας,
1326 1673 1402 1729 ἔτι
1431 1671 1488 1728 δὲ
1519 1675 1607 1728 καὶ
1644 1675 1710 1728 τὰ
1758 1675 1930 1743 κτήνη

282 1773 383 1823 τοῦ
413 1763 624 1833 πεδίου,
683 1790 712 1817 ‹‹
761 1765 859 1833 τήν
906 1763 1064 1842 φύσεν
1109 1769 1216 1818 τῶν
1266 1762 1480 1840 ἀλόγων
1526 1762 1595 1837 τῇ
1644 1763 1794 1840 φύσει
1823 1767 1932 1816 τῶν
1967 1804 2014 1869 Β

299 1858 316 1869 ιι
354 1859 376 1869 Α
442 1858 452 1869 ι
651 1854 664 1869 ο
799 1852 809 1869 1
953 1864 968 1869 -
1093 1851 1111 1869 Ἰ
1139 1852 1149 1869 1
1345 1859 1388 1869 ι.
1497 1849 1522 1869 δ
1605 1859 1644 1869 ιτ
1693 1849 1705 1869 1
1780 1852 1839 1869 ,Α
1885 1862 1904 1869 ρ

286 1858 584 1932 ἀνθρώπων
646 1852 1033 1917 ὑποτάσσεσθαι
1093 1851 1282 1928 λέγει;
1344 1849 1543 1907 Μακεδ.
1605 1849 1724 1907 Ναί.
1780 1852 1929 1924 Ὀρθ.

285 1944 584 2018 Ἀνόμοιος
617 1939 675 1998 δὲ
702 1943 736 2012 ἠ
770 1941 927 2020 φύσις
957 1945 1063 1996 τῶν
1096 1942 1306 2010 κτηνῶν
1334 1942 1404 2012 τῇ
1433 1939 1585 2018 φύσει
1612 1944 1681 2013 τῇ
1733 1939 1937 2011 ἀνθρω-

282 2034 457 2108 πίνης
527 2027 734 2088 Μακεδ.
809 2029 932 2086 Ναί.
996 2035 1124 2104 Ορθ.
1205 2030 1327 2086 Ἐὰν
1393 2029 1549 2105 λέγῃ.
1609 2053 1628 2079 ο
1690 2027 1938 2097 Ὑπὲταξε

284 2121 456 2184 λαοὺς
501 2124 636 2193 ἡμῖν
685 2119 774 2173 καὶ
821 2117 944 2188 ἔθνη
980 2117 1082 2172 ὑπὸ
1110 2116 1236 2179 τοὺς
1268 2115 1436 2179 πόδας
1467 2119 1648 2190 ἡμῶν,
1683 2139 1711 2166 ››
1743 2115 1806 2170 οὑ
1836 2115 1934 2183 τὴν

284 2209 444 2288 φύσιν
476 2213 544 2282 τῇ
577 2206 730 2286 φύσει
760 2205 928 2283 λέγει,
961 2204 1108 2262 ἀλλὰ
1133 2207 1233 2274 τῆι
1263 2213 1363 2275 τῆς
1390 2205 1651 2278 ἁμαρτίας
1685 2202 1935 2259 δουλείαν

280 2303 356 2373 τῇ
388 2296 668 2372 ἐλευθερίᾳ
694 2303 796 2365 τῆς
853 2294 1128 2364 πίστεως;
1191 2291 1396 2350 Μακεδ.
1449 2293 1568 2350 Ναί.
1620 2295 1768 2367 Ὀρθ.
1800 2292 1929 2348 "A1-

285 2389 404 2450 λως
452 2386 542 2442 οὖν
599 2388 734 2458 ἡμῖν
783 2385 850 2440 τά
900 2387 1071 2455 κτήνη
1127 2382 1503 2453 ὑποτάσσεται,
1535 2383 1624 2437 καὶ
1659 2380 1845 2444 ἄλλως
1874 2381 1942 2436 τὰ

287 2473 462 2546 ἔθνη,
524 2470 732 2532 Μακεδ.
783 2473 902 2530 Ναί.
957 2473 1106 2545 Ὀρθ.
1158 2471 1279 2527 Ἐὰν
1339 2470 1474 2546 λὲγῃ
1503 2472 1537 2540 ἡ
1573 2471 1782 2548 Γραφή,
1819 2494 1846 2522 ι(
1877 2471 1940 2530 0i.

286 2562 485 2618 δοῦλοι
547 2561 974 2634 ὑποτασσόμενοι
1035 2565 1150 2622 τοῖς
1196 2561 1332 2615 κατᾶ
1382 2562 1550 2633 σάργα
1594 2559 1827 2636 κυρίοις,
1878 2557 1940 2613 οὐ

294 2651 467 2726 μόνον
525 2655 643 2713 τοῖς
701 2650 922 2725 ἀγαθοῖς
971 2649 1062 2703 καὶ
1111 2649 1419 2717 ἐπιεικέσιν,
1479 2647 1624 2703 ἀλλά
1683 2647 1771 2702 καὶ
1825 2653 1940 2708 τοῖς

287 2740 561 2807 σκολιοῖς,
596 2763 622 2789 ››
655 2738 842 2800 ἄλλως
872 2739 938 2792 τὰ
992 2739 1188 2807 κτήνη,
1219 2738 1308 2792 καὶ
1342 2733 1526 2798 ἄλλως
1554 2737 1621 2791 τὰ
1651 2733 1800 2808 ἔθνη,
1852 2735 1940 2790 καὶ

291 2827 485 2891 ἄλλως
526 2829 577 2883 οἱ
631 2825 843 2882 δοῦλοι·
889 2827 956 2880 τὰ
998 2826 1102 2901 γὰρ
1133 2827 1305 2896 κτήνη
1336 2829 1405 2900 τῇ
1438 2825 1590 2896 φύσει
1623 2826 1687 2879 τὰ
1717 2821 1841 2895 ἔθνη
1874 2828 1941 2898 τῇ

290 2919 492 2984 πίστει,
522 2918 574 2972 οἱ
606 2913 794 2970 δοῦλοι
823 2919 902 2986 τῷ
929 2914 1107 2987 νόμῳ.
1141 2916 1417 2990 Ἐγχωρεῖ
1446 2915 1548 2989 γὰρ
1564 2913 1692 2976 τοὺς
1711 2913 1944 2975 δούλους

293 3006 605 3079 κρείττονας
665 3005 798 3060 εἶναι
857 3007 924 3076 τῇ
983 3003 1148 3078 ἀρετῆ
1216 3007 1322 3057 τῶν
1384 3000 1680 3058 δεσποτῶν.
1736 2999 1941 3059 Μακεὸ.

289 3094 783 3170 Ὀμολογουμένως
833 3091 1017 3152 ἄλλως
1064 3091 1154 3145 καὶ
1213 3089 1400 3153 ἄλλως
1463 3092 1729 3166 ὑποταγή.
1792 3093 1940 3166 Ὀρθ.

289 3183 470 3241 Ἀλλὰ
534 3182 622 3237 καὶ
692 3182 854 3255 ἡμεῖς
900 3179 1172 3251 ἀλλήλοις
1220 3179 1650 3252 ὑποτασσόμενοι
1712 3177 1800 3234 διὰ
1841 3181 1940 3248 τὴν

296 3273 536 3349 ἀγαπην,
568 3271 677 3347 οὐχ
704 3271 777 3333 ὡς
805 3271 871 3325 τὰ
899 3271 1070 3340 κτήνη
1119 3273 1380 3348 φυσικῶς,
1429 3266 1539 3332 οὗθ’
1588 3269 1662 3331 ὡς
1709 3270 1775 3324 τὰ
1820 3266 1944 3339 ἔθνη

299 3367 371 3436 τῇ
421 3361 620 3432 πίστει,
673 3359 787 3413 οὔθ’
827 3359 902 3420 ὡς
934 3356 1124 3412 δοῦλοι
1154 3363 1233 3430 τῷ
1265 3358 1437 3431 νόμῳ.
1474 3356 1680 3414 Μακεδ.
1709 3353 1848 3414 Οὔτε
1878 3356 1951 3419 ὠς

301 3452 505 3520 κτήνη,
537 3448 660 3503 οὕτε
689 3447 762 3509 ὠς
793 3445 942 3517 ἔθνη,
977 3445 1099 3502 οὔτε
1129 3447 1204 3508 ὠς
1237 3448 1286 3500 οἱ
1321 3444 1534 3515 δοῦλοι,
1567 3444 1712 3502 ἀλλᾶ
1744 3443 1832 3500 διὰ
1854 3447 1953 3514 τήν

303 3543 403 3594 τοῦ
464 3536 668 3613 Κυρίου
710 3535 940 3613 ἀγάπην.
982 3537 1132 3610 Ὀρθ.
1185 3541 1238 3588 Ὁ
1287 3535 1466 3591 τοίνυν
1497 3535 1622 3596 Υἳὸς
1657 3534 1953 3589 ὑποτασσό-

315 3650 477 3702 μενος
505 3633 584 3700 τῷ
617 3627 810 3702 Ila-cpi,
844 3626 918 3688 ὠς
957 3627 1024 3680 τὰ
1047 3628 1215 3696 κτήνη
1250 3623 1336 3679 διὰ
1363 3627 1464 3693 τήν
1497 3624 1650 3702 φύσιν
1701 3631 1815 3687 τοῖς
1867 3625 1954 3678 ἆν-

311 3718 554 3791 θρώποις
590 3716 963 3784 ὑποτάσσεται,
997 3715 1032 3782 ἢ
1067 3713 1140 3776 ὠς
1175 3711 1363 3768 δοῦλοι
1397 3711 1484 3768 διὰ
1511 3713 1602 3768 τὸν
1620 3713 1849 3786 νόμον,ἢ
1883 3713 1958 3776 ὠς

311 3803 643 3880 ἁμαρτωλὸς
676 3801 764 3858 διὰ
791 3805 888 3871 τὴν
917 3803 1123 3870 πίστιν,
1153 3802 1186 3870 ἤ
1221 3802 1293 3862 ὠς
1317 3803 1438 3864 Υἱὸς
1471 3799 1561 3856 διὰ
1595 3803 1695 3872 τὴν
1725 3802 1960 3878 ἀγάπην.

308 3895 435 3955 Υἱὸς
467 3891 528 3949 δὲ
555 3895 728 3966 Πατρὶ
785 3893 882 3960 τήν
933 3892 1100 3960 αὐτην
1153 3888 1267 3966 ἔχει
1301 3892 1453 3969 φύσιν
1499 3891 1959 3964 ὑποτασσόμενος,

309 3982 437 4058 οὐχὶ
471 3981 625 4060 φύσει
669 3987 768 4046 τῆς
819 3979 1100 4051 θεότητος,
1139 3979 1286 4036 ἀλλὰ
1326 3984 1393 4054 τῇ
1428 3979 1711 4053 οἰκονομία
1739 3982 1837 4048 τῆς
1871 3981 1960 4033 ἆν-

309 4069 695 4145 θρωπότητος.
751 4075 804 4123 Ὀ
851 4069 955 4144 γὰρ
999 4068 1433 4141 ὑποτασσόμενος
1479 4065 1594 4143 ἔχει
1642 4090 1692 4122 τι
1727 4067 1962 4140 θέλημα,

310 4159 340 4214 ὅ
369 4158 618 4228 κολάζει,
656 4157 746 4212 ἳνα
790 4159 853 4212 τὸ
900 4161 998 4212 τοῦ
1028 4157 1465 4230 προστάσσοντος
1497 4159 1718 4230 ποιήσῃ
1755 4156 1966 4227 Ila-:96;

314 4246 371 4304 ὃὶ
400 4247 492 4303 καὶ
523 4247 652 4301 Υ·ἱοῦ
685 4243 741 4300 ’ἐν
780 4245 890 4300 ἐστι
921 4244 1052 4314 θὲλη
1065 4266 1138 4318 μα
1169 4249 1247 4316 τῷ
1268 4244 1422 4319 λόγῳ
1453 4251 1554 4313 τῆς
1586 4243 1858 4315 θεότητος.

2033 525 2228 596 igitur,
2285 543 2390 580 nec
2439 527 2664 580 calidus
2708 543 2791 592 es,
2825 532 2888 580 ut
2935 527 3236 597 Scriptura
3290 527 3592 598 loquitur:
3627 529 3677 583 si

2033 614 2187 668 enim
2225 614 2471 686 frigidus
2519 631 2698 678 esses,
2737 620 2975 668 naturas
3007 615 3329 670 dissimiles
3361 616 3563 686 utique
3593 617 3680 669 di-

2033 705 2346 771 ceres;sin
2400 722 2532 760 vero
2592 705 2838 774 calidus,
2872 723 2968 760 eas
3030 722 3131 777 per
3177 707 3375 760 omnia
3432 707 3677 761 similes.

2034 793 2231 848 Maced.
2269 794 2394 848 Filii
2429 794 2555 849 dico
2588 793 2922 849 nullatenus
2953 795 3316 850 differenth
3349 813 3477 851 esse
3509 801 3678 850 natu-

2036 898 2181 936 ram.
2217 883 2366 937 Orth.
2401 887 2621 936 Natura
2652 899 2783 937 vero
2816 900 2846 936 a
2878 888 3086 937 natura
3118 882 3262 936 nihil
3293 901 3532 955 prorsus
3563 885 3677 938 dif-

2037 970 2227 1024 ferens
2257 971 2452 1026 eadem
2479 977 2566 1025 est
2594 971 2842 1026 natura?
2864 971 3257 1026 Consimiliter
3275 973 3428 1027 enim
3457 977 3545 1029 est
3572 973 3678 1028 im-

2039 1059 2324 1118 mortalis.
2357 1059 2741 1115 consimiliter
2769 1066 2854 1114 est
2885 1065 3146 1126 sanctus,
3181 1061 3564 1117 consimiliter
3593 1067 3680 1116 est

2039 1148 2524 1220 incorruptibilis,
2547 1148 2933 1204 consimiliter
2956 1154 3044 1202 est
3073 1149 3480 1204 immutabilis.
3514 1150 3683 1206 Pater

2039 1243 2256 1302 autem,
2288 1235 2468 1292 Filius
2495 1243 2550 1292 et
2579 1238 2830 1308 Spiritus
2862 1243 3099 1291 sanctus
3132 1242 3272 1291 sunt
3301 1237 3684 1291 consimiliter

2040 1341 2107 1379 ea
2136 1342 2260 1392 qua-
2301 1325 2455 1380 dicta
2489 1331 2645 1379 sunt.
2680 1325 2804 1380 Una
2836 1325 3035 1395 igitur,
3069 1325 3291 1380 ratione
3335 1325 3678 1395 identitatis,

2039 1418 2129 1468 est
2160 1418 2389 1468 natura.
2425 1414 2635 1469 Maced.
2659 1416 2731 1468 At
2761 1413 2971 1468 Filium
3007 1414 3158 1468 Patri
3194 1415 3522 1483 subjectum
3555 1430 3682 1470 esse

2041 1502 2205 1556 dico:
2241 1502 2533 1573 quomodo
2583 1501 2762 1572 igitur
2791 1518 2967 1555 unam
3003 1508 3269 1556 naturam
3322 1519 3560 1572 possum
3593 1503 3687 1556 di-

2042 1591 2208 1645 cere?
2231 1591 2383 1645 0rth.
2411 1589 2844 1659 Subjcctionem
2900 1597 3118 1644 naturae
3165 1589 3329 1660 dicis,
3356 1608 3424 1644 an
3459 1608 3688 1646 ceoono-

2044 1678 2172 1732 mia;
2219 1683 2275 1733 et
2319 1677 2766 1748 dispositionis?
2817 1678 3023 1734 Maced.
3055 1678 3305 1734 Naturae.
3341 1678 3489 1734 Orth.
3542 1685 3688 1750 Ergo

2043 1766 2393 1822 dissimilem
2453 1766 2600 1822 dicis
2657 1766 2969 1821 naturam?
3017 1767 3221 1824 Maced.
3278 1768 3476 1822 Absit!
3534 1768 3687 1823 Orth.

2043 1855 2284 1920 Quando
2317 1855 2606 1927 Propheta
2635 1855 2716 1911 ait
2739 1872 2789 1909 τι(
2817 1855 3026 1910 Omnia
3057 1856 3358 1924 subiecisti
3392 1857 3504 1910 sub
3537 1857 3695 1928 pedi-

2044 1947 2157 2000 bus
2187 1946 2334 2013 ejus,
2369 1961 2502 2000 oves
2551 1949 2608 1998 et
2653 1944 2829 1999 boves
2877 1945 3202 2008 universas,
3233 1945 3476 2016 insuper
3505 1953 3561 2000 et
3592 1963 3691 2017 pe-

2047 2051 2179 2090 cora
2211 2035 2402 2104 campi
2423 2034 2468 2068 ³ο
2499 2050 2512 2088 :
2543 2055 2569 2081 υ
2598 2049 2791 2088 nonne
2821 2038 3091 2087 naturam
3133 2034 3439 2088 brutorum
3474 2044 3692 2090 natura:

2046 2123 2354 2178 hominum
2382 2138 2511 2177 esse
2532 2121 2856 2192 subjectam
2889 2121 3006 2175 ait?
3031 2121 3230 2177 Maced.
3256 2123 3373 2177 lmo
3405 2123 3556 2178 Orth.
3582 2124 3689 2178 Sed

2048 2217 2258 2266 natura
2305 2226 2576 2279 pecorum
2629 2214 2848 2265 naturae
2906 2209 3176 2264 humana:
3207 2215 3298 2266 est
3344 2211 3696 2268 dissimilis?

2047 2301 2244 2355 Maced.
2297 2299 2500 2354 Etiam.
2547 2298 2696 2353 (Μὴ.
2732 2298 2972 2364 Quando
3025 2298 3125 2367 ait,
3145 2321 3171 2347 ‹‹
3205 2300 3464 2370 Subjecit
3513 2318 3694 2372 popu-

2048 2391 2136 2447 los
2169 2389 2336 2446 nobis
2389 2395 2446 2444 et
2491 2394 2694 2460 gentes
2743 2390 2852 2444 sub
2903 2388 3148 2457 pedibus
3199 2391 3412 2446 nostris
3433 2393 3550 2461 “,n
3580 2409 3695 2448 non

2051 2485 2322 2536 naturam
2373 2481 2614 2546 naturae,
2647 2478 2746 2533 sed
2781 2476 3112 2532 servitutem
3172 2479 3409 2550 peccati,
3442 2480 3694 2536 libertati

2051 2567 2183 2622 fidei
2219 2569 2546 2636 subjectum
2587 2567 2799 2621 docet?
2844 2566 3048 2621 Maced.
3085 2566 3292 2621 Etiam.
3327 2568 3476 2623 Orth.
3515 2569 3698 2624 Aliter

2049 2657 2230 2728 igitur
2259 2671 2486 2727 pecora,
2523 2653 2690 2709 aliter
2738 2661 2939 2726 gentes
2988 2654 3156 2709 nobis
3188 2656 3466 2724 subjectae
3513 2661 3699 2712 sunt?

2052 2744 2246 2800 Maced.
2281 2743 2491 2798 Etiam.
2526 2742 2677 2797 Orth.
2708 2741 2948 2805 Quando
2999 2742 3298 2813 Scriptura
3345 2744 3426 2798 ait
3458 2761 3510 2798 :«
3541 2745 3698 2799 Servi

2053 2832 2296 2904 subjecti
2323 2831 2441 2886 sint
2461 2831 2718 2886 dominis
2740 2832 3061 2886 secundum
3085 2848 3341 2898 carnem,
3363 2849 3476 2887 non
3506 2833 3696 2888 solum

2055 2921 2224 2976 bonis
2255 2924 2308 2975 et
2344 2919 2644 2983 modestis,
2667 2919 2766 2973 sed
2801 2917 2975 2972 etiam
3005 2918 3304 2974 discolis”
3331 2937 3380 2974 ;››
3405 2922 3573 2976 aliter
3600 2939 3697 2993 pe-

2056 3027 2209 3072 cora,
2240 3008 2407 3062 aliter
2445 3013 2664 3078 gentes,
2700 3006 2866 3061 aliter
2909 3023 3105 3062 servos
3135 3008 3427 3078 subjectos
3459 3009 3651 3064 innuit
3682 3027 3696 3065 :

2057 3114 2264 3169 pecora
2295 3096 2532 3168 quidem
2568 3099 2799 3156 natura.
2825 3101 3024 3166 gentes
3059 3096 3188 3163 ﬁde,
3219 3098 3364 3150 servi
3396 3097 3539 3169 lege.
3565 3099 3700 3153 Pos-

2058 3191 2198 3242 sunt
2225 3185 2378 3240 enim
2418 3184 2565 3238 servi
2616 3184 2871 3238 dominis
2918 3184 3065 3254 ipsis
3093 3185 3306 3240 virtute
3336 3186 3701 3242 antecellere.

2060 3274 2271 3330 Maccd.
2308 3276 2404 3327 Est
2436 3272 2492 3326 in
2525 3271 2792 3328 confesso
2840 3271 2986 3326 alios
3016 3277 3193 3343 atque
3236 3273 3383 3329 alios
3408 3291 3536 3330 esse
3565 3276 3705 3330 sub-

2052 3363 2330 3433 jectionis
2376 3362 2598 3416 modos.
2635 3361 2787 3414 Orth.
2823 3361 2972 3424 Quin
3001 3365 3058 3415 et
3089 3378 3194 3416 nos
3226 3361 3378 3416 alius
3423 3363 3522 3418 alii
3571 3364 3712 3418 sub-

2053 3452 2196 3524 jecti
2231 3466 2440 3506 sumus
2471 3467 2572 3521 per
2600 3449 2968 3518 charitatem,
2999 3467 3110 3504 non
3146 3454 3212 3504 ut
3238 3467 3444 3520 pecora
3477 3458 3712 3508 natura—

2063 3541 2217 3604 liter,
2252 3554 2438 3610 neque
2484 3545 2548 3593 ut
2592 3543 2795 3609 gentes
2845 3538 2976 3595 ﬁde.
3013 3555 3200 3609 neque
3245 3544 3311 3593 ut
3358 3540 3504 3595 servi
3568 3542 3710 3612 lege.

2067 3629 2284 3685 Maccd.
2318 3627 2516 3698 Neque
2543 3631 2606 3680 ut
2627 3643 2856 3698 pecora,
2883 3643 3067 3696 neque
3099 3633 3162 3680 ut
3191 3633 3417 3698 gentes,
3437 3645 3624 3699 neque
3651 3633 3715 3682 ut

2067 3717 2238 3774 servi.
2273 3716 2370 3771 sed
2418 3731 2518 3786 per
2565 3714 2788 3768 Domini
2823 3714 3216 3768 dilectionem.
3243 3715 3395 3770 Orth.
3420 3720 3561 3770 Cum
3593 3715 3706 3788 igi-

2071 3811 2166 3860 tur
2201 3803 2378 3858 Filius
2409 3802 2562 3856 Patri
2589 3802 2890 3870 subjectus
2921 3801 3014 3866 sit,
3042 3801 3351 3869 subjicitur
3381 3802 3462 3856 illi
3494 3802 3579 3858 vel
3613 3821 3714 3874 per

2076 3899 2368 3958 naturam,
2405 3896 2468 3945 ut
2503 3906 2708 3959 pecora
2751 3889 3092 3942 hominibus
3125 3907 3137 3942 :
3172 3889 3258 3943 vel
3294 3907 3395 3961 per
3423 3891 3631 3963 legem,
3657 3896 3722 3947 ut

2075 3981 2221 4038 servi
2261 3997 2273 4035 :
2306 3978 2393 4033 vel
2429 3995 2530 4050 per
2557 3977 2754 4041 ﬁdem,
2780 3982 2844 4030 ut
2876 3981 3141 4045 peccator
3171 3993 3185 4030 :
3219 3978 3302 4032 vel
3338 3995 3440 4049 per
3469 3980 3722 4035 dilectio-

2076 4086 2232 4134 nem,
2267 4073 2332 4122 ut
2364 4066 2565 4122 Filius.
2606 4065 2781 4120 Filius
2819 4070 3010 4119 autem
3052 4066 3317 4120 eamdem
3350 4083 3524 4138 quam
3558 4068 3727 4124 Pater

2078 4158 2255 4212 habet
2287 4160 2574 4221 naturam,
2610 4153 2911 4222 subjectus
2944 4169 3056 4206 non
3098 4159 3307 4208 natura
3337 4155 3592 4221 deitatis,
3626 4157 3723 4210 sed

2082 4243 2404 4300 mconomia
2460 4241 2868 4296 humanitatis.
2903 4242 3006 4306 Qui
3058 4243 3211 4296 enim
3261 4244 3591 4313 subjicitur,
3633 4263 3730 4302 vo-

315 4339 613 4394 luntatem
647 4336 907 4408 aliquam
940 4337 1134 4407 habet,
1168 4352 1346 4407 quam
1381 4335 1719 4406 comprimit
1750 4341 1812 4389 ut
1841 4333 2200 4390 voluntatem
2251 4331 2637 4406 precipientis
2672 4337 3044 4402 exsequatur.
3081 4335 3143 4385 At
3173 4331 3360 4386 Patris
3391 4339 3447 4389 et
3482 4334 3604 4388 Filii
3636 4353 3732 4390 vo-

315 4427 518 4483 luntas
549 4431 638 4482 est
666 4443 824 4495 una,,
839 4426 1062 4480 ratione
1094 4426 1347 4480 deitatis.

391 4518 476 4570 19.
511 4510 718 4570 Μακεδ.
754 4515 881 4574 Πῶς
915 4512 1004 4566 οὖν
1038 4511 1354 4588 γέγραπται·
1415 4535 1441 4562 ‹‹
1495 4513 1760 4581 Ὑπήκοος
1811 4509 1966 4586 γενό-
2000 4519 2044 4582 D

323 4624 485 4678 μενος
550 4601 715 4678 μέχρι
763 4603 1012 4656 θανάτου·
1063 4625 1091 4653 ››
1141 4600 1252 4670 καὶ,
1309 4626 1328 4650 ι
1378 4601 1541 4658 ’Ὁταν
1577 4597 1634 4654 δὲ
1663 4599 1810 4672 αὐτῷ
1843 4600 1973 4654 ὑπο-

316 4696 459 4768 ταγῇ
520 4692 712 4761 πάντα,
763 4690 885 4745 τότε
931 4689 1022 4744 καὶ
1055 4689 1213 4751 αὐτὸς
1243 4691 1270 4745 ὁ
1302 4689 1426 4751 Υἱὸς
1461 4689 1855 4766 ὑποταγήσεται
1895 4693 1975 4760 τῷ

325 4779 645 4850 ὑποτάξαντι
699 4779 844 4851 αὐτῷ
890 4779 956 4833 τά
1002 4780 1192 4847 πάντα,
1218 4776 1310 4832 ’ίνα
1340 4777 1376 4852 ᾖ
1408 4779 1435 4832 ὁ
1466 4779 1592 4838 Θεὸς
1622 4778 1688 4832 τὰ
1718 4779 1892 4832 πάντα
1922 4777 1974 4831 ἐν

321 4875 482 4924 πᾶσιν
514 4887 526 4926 :
565 4893 591 4920 »
640 4869 788 4942 Ὀρθ.
845 4869 1076 4944 Μορφήν
1105 4866 1204 4943 γὰρ
1234 4863 1437 4921 δούλου
1469 4861 1652 4921 λαϐὼν
1685 4865 1736 4920 ἐν
1791 4869 1976 4944 μορφῇ

322 4963 458 5014 Θεοῦ
517 4956 802 5032 ὑπάρχων,
860 4955 1146 5032 ἀναγκαῖον
1208 4954 1298 5010 καὶ
1350 4955 1448 5023 τὴν
1530 4956 1804 5030 ὑποταγὴν
1879 4962 1978 5025 τῆς

325 5044 592 5115 δουλικῆς
629 5053 842 5123 μορφῆς
874 5044 1208 5122 ἀνειληφὼς,
1244 5046 1374 5120 ὑπὲρ
1404 5047 1562 5117 ἡμῶν
1627 5045 1980 5100 ὑποτάσσεται

321 5135 403 5208 τῷ
462 5136 654 5190 ἑαυτοῦ
711 5133 898 5210 "arpi,
946 5133 1008 5189 οὗ
1057 5133 1209 5193 φύσει
1272 5133 1547 5200 θεότητος,
1604 5133 1729 5188 ἀλλ’
1797 5135 1982 5188 ὲνώσει

331 5225 546 5302 μορφῆς
607 5221 895 5291 δουλικῆς,
953 5225 1018 5290 ἧς
1067 5217 1248 5278 ἔλαϐε.
1301 5221 1366 5279 Τί
1412 5219 1468 5275 δὲ
1507 5221 1597 5275 καὶ
1632 5219 1984 5284 ἐλαττοῦσθαι

325 5317 424 5382 τήν
473 5317 570 5366 τοῗ»
619 5314 745 5366 1⁸⁷ιοῦ
795 5311 951 5388 φύσιν
981 5310 1228 5383 νομίζεις
1262 5308 1351 5364 διαὶ⁴
1379 5311 1440 5364 τὸ
1473 5311 1860 5373 ὑποτάσσεσθαι
1893 5309 1986 5362 αὑ-

325 5401 418 5456 τὸν
449 5405 532 5474 τῷ
567 5401 774 5477 llatpi;
810 5400 931 5457 Ἐὰν
967 5399 1059 5454 οὗν
1109 5398 1365 5473 ἀκούσῃς,
1425 5397 1507 5452 ὅτι
1558 5398 1647 5453 καὶ
1682 5399 1986 5474 ἀνθρώποις

407 5629 452 5664 ³ο
479 5627 634 5684 Psal.
669 5642 793 5697 vui,
824 5627 878 5680 8.
955 5626 995 5661 ⁹¹
1034 5625 1180 5680 Psal.
1217 5641 1366 5691 XLVI,
1397 5625 1451 5694 4,

663 5755 929 5813 Ριτιιοι.
978 5753 1091 5814 Gs.
1139 5752 1416 5813 XXVIII.

1527 5623 1573 5658 ⁹²
1607 5622 1627 5677 Ι
1663 5622 1810 5677 Petr.
1844 5637 1905 5687 ιι,
1941 5620 2026 5674 18.

2151 4511 2236 4566 19.
2273 4510 2465 4566 Maced.
2497 4510 2798 4576 Quomodo
2850 4508 3029 4579 igitur
3078 4509 3360 4581 scriptum
3397 4517 3486 4567 est
3519 4529 3584 4566 :«
3623 4514 3732 4568 Fa-

2087 4607 2214 4656 ctus
2245 4600 2524 4655 obediens
2557 4614 2740 4666 usque
2771 4597 2839 4650 ad
2876 4603 3119 4652 mortem
3144 4599 3208 4664 93,
3238 4621 3263 4646 η
3296 4605 3353 4654 ει
3386 4618 3435 4656 εκ
3466 4605 3606 4656 cum
3641 4619 3736 4657 au-

2087 4696 2204 4744 tem
2237 4688 2287 4743 ei
2320 4688 2590 4757 subjecta
2641 4686 2857 4740 fuerint
2897 4686 3113 4751 omnia,
3148 4693 3288 4743 tunc
3334 4690 3460 4760 ipse
3507 4707 3750 4763 quoque-

2089 4778 2269 4834 Filius
2301 4778 2604 4846 subjectus
2635 4775 2747 4830 erit
2776 4775 2824 4828 ei
2859 4775 2955 4846 qui
2991 4776 3242 4844 subjecit
3292 4779 3402 4832 sibi
3454 4780 3654 4835 omnia
3681 4780 3736 4835 in

2091 4865 2468 4922 omnibus“?
2495 4890 2512 4912 ν
2548 4863 2698 4919 Orth.
2735 4862 3049 4929 Nimirum,
3087 4865 3272 4920 forma
3301 4867 3450 4921 servi
3483 4875 3742 4940 accepta,

2065 4973 2226 5024 Icum
2274 4955 2331 5010 in
2387 4955 2574 5009 forma
2603 4951 2701 5007 Dei
2735 4956 2910 5018 esset,
2946 4955 3274 5009 necessario
3319 4956 3743 5027 subjectionem

2093 5060 2322 5116 quoque
2366 5041 2595 5097 servilis
2644 5041 2843 5096 formas
2899 5057 3230 5112 assumens,
3279 5044 3589 5113 subjicitur
3646 5061 3747 5117 pro

2096 5135 2265 5188 nobis
2315 5148 2421 5186 suo
2471 5131 2654 5197 ipsius
2706 5129 2881 5197 Patri,
2925 5145 3037 5183 non
3091 5137 3304 5186 natura
3351 5133 3610 5196 deitatis,
3644 5133 3745 5187 sed

2097 5223 2293 5276 formae
2353 5218 2602 5282 servilis,
2649 5235 2822 5290 quam
2889 5218 3042 5273 486
3091 5219 3368 5290 sumpsit,
3414 5221 3649 5275 unione.
3681 5220 3751 5274 Et

2097 5309 2237 5382 quid
2272 5311 2382 5370 est,
2409 5324 2515 5361 cur
2547 5305 2675 5361 Filii
2709 5312 2976 5360 naturam
3013 5307 3281 5362 imminui
3314 5325 3553 5364 censeas
3585 5325 3652 5362 ex
3682 5323 3748 5362 eo

2099 5397 2252 5469 quod
2287 5396 2637 5468 subjiciatur
2669 5395 2863 5448 Patri?
2890 5394 3167 5465 Nunquid
3201 5396 3247 5450 si
3277 5395 3458 5450 Deum
3495 5395 3745 5448 Verbum

2103 5620 2146 5654 ’³
2181 5616 2432 5690 Philipp.
2467 5632 2530 5686 ιι,
2561 5617 2614 5671 8.
2693 5616 2736 5650 οδ
2768 5617 2788 5670 Ι
2820 5616 2945 5673 Cor.
2981 5633 3072 5682 xv,
3105 5618 3195 5671 28.

3359 5749 3435 5805 42
