4086 6214
345 348 504 407 i323

1531 341 1596 398 S.
1643 335 2165 396 ATHANASIUS.
2199 368 2261 378 —-
2296 337 2552 398 DUBIA.

3601 343 3758 402 1324

341 479 549 536 audias
578 475 919 532 hominibus
942 487 1176 544 quoque
1207 470 1540 540 subjectum
1568 467 1770 532 fuisse,
1803 465 1992 521 homi-

2110 465 2347 540 ὑπετάγη
2378 469 2406 522 6
2437 468 2564 530 Θεὸς
2601 468 2797 544 Λόγος,
2831 471 2931 544 ἄρα
2961 469 3049 523 καί
3087 473 3194 523 τῶν
3247 471 3548 542 ἀνθρώπων
3601 470 3760 526 ἐλάτ-

340 585 482 623 num
516 572 725 622 natura
771 563 1107 618 inferiorem
1141 559 1305 614 illum
1336 563 1562 613 statues
1580 556 1608 609 ‘?
1651 555 1852 610 Maced.
1885 554 1994 610 Ubi

339 657 626 728 scriptum
670 659 779 718 est,
811 653 969 723 quod
1020 648 1362 704 hominibus
1412 662 1646 718 quoque
1693 644 1995 714 subjectus

339 745 554 800 fuerit?
585 744 737 798 Orth.
773 746 957 795 Homo
999 743 1122 792 erat
1163 735 1362 804 Maria,
1395 740 1518 789 erat
1547 739 1603 789 et
1630 732 1872 804 Joseph,
1906 736 1993 785 at-

341 850 453 905 que
483 833 576 897 iis,
607 837 672 886 ut
717 833 775 885 in
828 825 1158 899 Evangeliis
1211 823 1494 894 scriptum
1545 827 1656 891 est,
1691 821 1994 891 subjectus

339 921 470 976 fuit.
503 924 644 974 Cum
693 919 849 973 enim
901 914 1265 970 invenissent
1313 912 1478 966 illum
1533 911 1590 965 in
1640 907 1882 980 templo,
1915 908 1999 962 ait

342 1008 718 1081 evangelista,
742 1007 1013 1061 dixerunt
1038 1020 1084 1056 ει
1118 1001 1240 1070 Fili,
1274 1001 1417 1072 quid
1451 999 1635 1053 fecisti
1669 998 1836 1052 nobis
1868 995 1996 1050 sic?

343 1099 487 1152 Ecce
517 1102 677 1168 pater
705 1099 844 1148 tuus
875 1097 932 1147 et
961 1108 1067 1164 ego
1101 1089 1364 1145 dolentes
1387 1090 1797 1158 quaerebamus
1827 1089 1903 1140 te.
1930 1085 2000 1138 Et

344 1187 426 1241 ait
456 1187 526 1240 ad
559 1183 690 1238 illos
716 1201 728 1238 :
754 1181 900 1245 Quid
929 1186 1017 1235 est
1039 1179 1191 1250 quod
1226 1193 1318 1231 me
1338 1174 1735 1248 quaerebatis?
1762 1173 1993 1228 Nescie-

341 1273 495 1330 hatis
527 1271 664 1343 quia
693 1271 750 1325 in
783 1269 956 1324 domo
989 1266 1177 1322 Patris
1211 1265 1322 1320 mei
1353 1268 1582 1336 oportet
1617 1279 1709 1317 me
1738 1260 1910 1317 esse?
1940 1264 1998 1315 et

341 1363 500 1417 venit
529 1357 832 1423 Nazareth,
857 1361 913 1411 et
935 1361 1058 1410 erat
1086 1354 1361 1410 subditus
1391 1352 1507 1406 illis
1528 1353 1572 1387 ⁸⁸
1589 1351 1616 1405 ‘I
1635 1372 1664 1400 »
1689 1349 1787 1406 Ille
1817 1349 1997 1421 igitur

340 1449 686 1522 Unigenitus
712 1446 835 1511 Dei,
859 1445 956 1499 ille
982 1444 1246 1499 Salvator
1271 1441 1475 1496 mundi
1503 1439 1745 1495 inferior
1775 1437 1998 1494 scilicet

339 1543 464 1594 erat
490 1536 744 1608 Josepho
776 1541 833 1590 et
865 1532 1102 1588 Mariis?
1135 1532 1332 1586 Maced.
1367 1531 1775 1601 Nequaquam,
1811 1524 1990 1581 absit!

339 1629 488 1683 Orlh.
521 1623 824 1681 Consimili
859 1623 1032 1677 modo
1063 1621 1168 1676 etsi
1216 1619 1369 1674 Patri
1419 1620 1724 1688 subjectus
1753 1631 1881 1671 esse
1912 1614 1995 1669 le-

335 1722 526 1787 gatur,
564 1731 678 1769 non
709 1717 906 1767 tamen
938 1710 1289 1781 deprimitur
1315 1708 1643 1762 secundum
1675 1709 1950 1759 naturam
1977 1718 1990 1756 :

337 1805 436 1861 sed
478 1809 541 1858 ut
590 1803 793 1866 Filius,
829 1802 922 1855 cui
975 1798 1125 1854 servi
1175 1799 1423 1851 formam
1470 1810 1702 1850 sumere
1751 1793 1992 1864 placuit,

338 1893 762 1962 subjectionem
798 1905 1024 1960 quoque
1052 1886 1278 1941 servilis
1311 1887 1508 1939 forma.-
1539 1884 1826 1954 sumpsit;
1859 1897 1992 1936 nam

338 1983 398 2037 in
433 1983 538 2036 hac
569 1996 701 2035 cum
735 1983 908 2047 esset,
937 1977 1134 2030 Mariae
1181 1975 1288 2028 fuit
1334 1974 1658 2043 subjectus.
1691 1971 1889 2026 Maced.
1919 1974 1993 2023 At

340 2073 466 2142 ipse
499 2071 723 2124 Patrem
759 2067 980 2122 vocavit
1025 2065 1205 2119 Deum
1255 2079 1450 2119 suum.
1486 2062 1786 2125 Quomodo
1817 2059 1995 2131 igitur

344 2166 534 2233 potest
561 2175 679 2214 una
708 2173 836 2212 esse
866 2157 1177 2226 utriusque
1209 2157 1461 2209 natura?
1491 2153 1646 2208 0rlh.
1681 2153 1860 2207 Filius
1891 2152 1991 2206 Dei

343 2267 488 2326 num
519 2249 673 2303 Deus
707 2251 915 2300 natura
944 2249 1000 2299 et
1029 2243 1205 2298 homo
1239 2259 1339 2314 per
1367 2243 1832 2313 assumptionem
1866 2258 1992 2295 car-

344 2339 438 2393 nis
492 2341 600 2401 est,
639 2333 863 2390 necne?
920 2333 1118 2387 Maced.
1169 2338 1284 2386 Est.
1338 2331 1487 2386 Orlh.
1539 2331 1724 2403 Igitur
1773 2330 1996 2384 ratione

343 2425 577 2482 deitatis
600 2423 752 2478 Deus
783 2422 970 2493 ipsius
995 2421 1162 2475 Pater
1183 2426 1290 2489 est,
1320 2420 1543 2474 ratione
1567 2435 1698 2474 vero
1731 2418 1997 2472 humani-

339 2515 500 2580 tatis,
541 2515 708 2567 Deus.
751 2510 953 2566 Maced.
1007 2510 1124 2581 Ego
1178 2509 1488 2579 utriusque
1539 2512 1759 2562 naturae
1815 2509 1990 2562 Deum

339 2603 536 2674 ipsum
570 2602 720 2655 dico.
757 2600 909 2656 Orth.
945 2599 1234 2654 Memento
1266 2596 1428 2651 illius
1457 2596 1594 2650 dicti
1632 2611 1689 2650 τι
1729 2595 1888 2650 Vado
1919 2597 1991 2650 ad

339 2691 567 2746 Patrem
601 2705 797 2744 meum
830 2695 887 2742 et
930 2688 1154 2742 Patrem
1189 2691 1468 2752 vestrum,
1494 2685 1674 2741 Deum
1712 2701 1906 2740 meum
1938 2690 1996 2740 et

341 2780 522 2834 Deum
544 2782 804 2834 vestrum
821 2777 923 2831 ⁸³.»
952 2775 1156 2830 Nonne
1183 2776 1305 2830 haec
1325 2774 1406 2830 ita
1427 2791 1488 2830 se
1510 2773 1772 2829 habent?
1793 2774 1990 2830 Maced.

341 2869 426 2923 Ita
456 2884 617 2923 sane.
653 2867 802 2923 Orth.
836 2865 932 2920 Sic
972 2864 1153 2936 igitur
1187 2864 1351 2918 Pater
1398 2863 1526 2932 ejus
1575 2867 1662 2917 est
1713 2863 1990 2933 quemad-

344 2958 585 3012 modum
637 2961 694 3010 et
737 2953 976 3008 noster?
1025 2951 1232 3008 Maced.
1269 2952 1415 3006 Non.
1451 2951 1602 3008 Orth.
1638 2951 1748 3006 Sed
1805 2951 1994 3021 ipsius

344 3045 582 3116 quidem
633 3049 844 3098 natura
875 3058 889 3095 :
925 3047 1124 3096 noster
1155 3057 1286 3096 vero
1330 3041 1537 3111 gratia.
1573 3039 1788 3095 Christi
1836 3039 1992 3094 enim

346 3133 662 3204 participes
708 3129 862 3196 facti,
893 3129 1106 3182 inventi
1157 3145 1366 3184 sumus
1419 3145 1616 3200 prope,
1651 3129 1747 3199 qui
1790 3127 1993 3199 procul

2101 574 2232 608 τονα
2280 557 2464 626 θήσεις
2509 561 2576 630 τῇ
2636 557 2825 634 φὺσεη
2874 555 3074 614 Μακεδ.
3129 560 3249 614 11οῦ
3298 559 3618 634 γέγραπται,
3679 561 3762 615 ὅτι

2103 643 2191 696 καὶ
2223 643 2529 719 ἀνθρώποις
2567 646 2808 722 ὑπετάγη
2838 666 2851 714 ;
2880 648 3029 723 Ὀρθ.
3061 649 3388 720 ’Ἄνθρωπος
3440 649 3506 716 ἦν
3649 651 3762 705 Μα-

2107 731 2193 804 ρία
2221 732 2308 785 καὶ
2342 734 2370 787 6
2403 734 2626 811 Ἰωσήφ,
2659 735 2747 788 καὶ
2780 735 3018 809 ὑπετάγη
3054 735 3260 806 αὐτοῖς⁹
3303 736 3378 797 ὠς
3427 736 3480 790 ἐν
3527 736 3759 812 Εὐάγγε-

2106 816 2250 882 λίοις
2297 819 2616 896 γέγραπται.
2669 823 2932 898 Εὑρόντες
2987 824 3088 900 γὰρ
3137 823 3320 894 αὐτὸν,
3355 825 3539 901 φησὶν,
3575 825 3624 878 έν
3681 830 3761 897 τῷ

2103 909 2256 981 ἱερῷ,
2299 906 2492 983 ἔλεγον
2540 910 2706 982 αὐτῷ·
2757 935 2786 962 ‹‹
2833 913 3055 984 Τέκνον,
3103 912 3156 967 τί
3205 912 3464 983 ἐποίησας
3496 918 3631 986 ἡμῖν
3667 914 3760 968 οῦ-

2102 1017 2250 1067 τως;
2285 996 2423 1053 Ἰδοὺ
2455 998 2565 1074 ἐγὼ
2593 999 2683 1054 καὶ
2716 1001 2744 1054 6
2775 1003 2953 1075 πατήρ
2986 1021 3081 1054 σου
3112 999 3408 1072 ἐζητοῦμέν
3453 1023 3533 1060 σε.
3592 1004 3656 1059 Ὁ
3702 1001 3760 1058 δε

2107 1086 2241 1142 εἶπε.
2285 1087 2344 1140 Τί
2391 1087 2473 1140 ὅτι
2524 1087 2761 1157 ἐζητεῖτέ
2811 1109 2914 1160 με;
2949 1088 3062 1145 Οὐκ
3092 1087 3292 1163 ᾔδειτε,
3327 1091 3409 1144 ὅτι
3433 1088 3484 1145 έν
3509 1096 3588 1162 τῷ
3619 1091 3760 1164 οἷίιιῳ

2104 1179 2200 1228 τοῦ
2231 1175 2444 1251 Πατρός
2477 1196 2585 1248 μου
2633 1174 2716 1230 δεῖ
2748 1197 2814 1248 με
2845 1180 3020 1248 εἷναις
3067 1177 3157 1231 καὶ
3201 1177 3472 1247 κατῆλθεν
3519 1179 3594 1241 εἰς
3645 1187 3760 1234 Na-

2108 1265 2285 1337 ζαρέτ,
2325 1265 2414 1318 καὶ
2462 1267 2528 1333 ἦν
2575 1265 3009 1337 ὑποτασσόμενος
3052 1265 3256 1328 αὐτοῖς.
3299 1293 3319 1316 ι
3359 1269 3512 1344 ⁸’Λρα
3540 1269 3762 1322 καὶτοῦ

2106 1353 2306 1424 Ἰωσήφ
2351 1353 2440 1406 καὶ
2498 1359 2596 1422 τῆς
2642 1353 2850 1428 Μαρίας
2893 1351 3276 1430 ὑποδεέστερος
3331 1357 3398 1424 ἦν
3449 1355 3476 1409 6
3507 1357 3760 1430 Μονογε-

2104 1441 2202 1508 νής
2257 1445 2354 1494 τοῦ
2402 1444 2556 1511 Θεοῦ,
2618 1441 2645 1495 ὀ
2691 1442 2888 1517 Σωτὴρ
2930 1447 3027 1496 τοῦ
3070 1443 3317 1517 xeo-p.00;
3371 1441 3578 1500 Μακεδ.
3611 1443 3762 1520 Οὑχὲ

2111 1529 2186 1600 μή
2233 1526 2487 1602 γένοιτοέ
2535 1530 2684 1604 Ὀρθ.
2738 1529 2912 1599 Οὕτω,
2971 1529 3069 1585 κᾶν
3105 1531 3494 1594 ὑποτάσσεσθαι
3527 1531 3758 1608 λέγηται

2103 1620 2182 1686 τῷ
2230 1617 2423 1692 Πατρὶ,
2476 1617 2574 1671 οὑκ
2624 1616 2940 1672 ἐλαττοῦται
2990 1619 3088 1687 τήν
3140 1617 3315 1698 φύσινο
3370 1616 3494 1673 ἀλλ’
3524 1619 3600 1679 ὡς
3633 1619 3761 1681 Υἱὸς

2109 1707 2324 1782 μορφὴν
2376 1702 2576 1760 δούλου
2621 1703 2920 1776 εὐδοκήσας
2972 1702 3180 1775 λαϐεῖν,
3226 1708 3314 1761 καὶ
3346 1709 3444 1776 τήν
3481 1709 3758 1784 ὑποταγὴν

2106 1789 2268 1848 ἔλαϐε
2295 1801 2393 1864 τῆς
2427 1792 2687 1864 δουλικῆς
2717 1803 2956 1873 μορφῆς.
2992 1797 3078 1851 Ἐν
3104 1797 3203 1872 γὰρ
3229 1798 3398 1870 ταύτῃ
3433 1795 3528 1866 ὢν,
3561 1797 3652 1851 καὶ

2105 1882 2286 1957 Μαρίᾳ
2335 1884 2595 1957 ὑπετάγη.
2649 1881 2855 1940 Μακεδ.
2907 1883 3080 1947 Αὐτὸς
3136 1887 3250 1940 εἶπε
3279 1887 3408 1940 Θεὸν
3439 1885 3630 1940 ἑαυτοῦ
3662 1887 3756 1942 τὸν

2101 1973 2332 2047 Πατέρα.
2363 1972 2459 2026 Καὶ
2491 1977 2608 2034 πῶς
2642 1970 2859 2028 δύναται
2892 1977 2926 2043 ἡ
2982 1973 3116 2042 αὑτή
3164 1973 3320 2052 φύσις
3372 1975 3503 2029 εἶναι
3533 1993 3547 2042 ;
3597 1977 3750 2050 Ὀρθ.

2100 2065 2160 2118 '0
2194 2062 2315 2122 Υἱὸς
2357 2065 2455 2115 τοῦ
2503 2066 2637 2116 Θεοῦ
2679 2062 2770 2116 καὶ
2811 2062 2940 2124 Θεός
2971 2060 3081 2117 ἐστι
3113 2067 3181 2136 τῇ
3216 2063 3391 2142 φύσει,
3423 2061 3512 2117 καὶ
3547 2066 3762 2139 ἅνθρω-

2102 2171 2203 2211 πος
2263 2153 2331 2223 τῇ
2383 2149 2692 2224 προσλήψει
2750 2157 2850 2221 τῆς
2901 2152 3116 2224 σαρκὸς,
3169 2153 3204 2220 ἢ
3256 2148 3358 2220 οὕς
3391 2150 3595 2208 Μακεδ.
3631 2154 3756 2210 Ναί.

2103 2241 2234 2312 Ορθ.
2296 2237 2504 2295 Οὐκοῦν
2563 2243 2632 2312 τῇ
2685 2241 2779 2312 μὲν
2835 2240 3048 2309 θεότητι
3095 2241 3286 2315 Πατήρ
3335 2240 3498 2296 αὑτοῦ
3553 2241 3698 2296 ἐστιν
3731 2245 3760 2295 ὁ

2103 2327 2254 2398 Θεὸς,
2271 2330 2339 2401 τῇ
2365 2325 2421 2382 δὲ
2445 2328 2850 2403 ἀνθρωπότητι,
2875 2326 3243 2391 Θεὸς.Μακεδ.
3267 2331 3406 2405 Ἐγὼ
3435 2335 3532 2384 τοῦ
3557 2351 3762 2403 συναμ-

2105 2417 2333 2493 φοτέρου
2357 2415 2514 2470 αὑτὸν
2529 2417 2656 2471 Θεὸν
2686 2416 2853 2492 λέγω.
2876 2419 3023 2491 Ὀρθ.
3044 2419 3446 2490 Ἀναμνήσθητι
3465 2422 3563 2472 τοῦ
3586 2418 3762 2494 ῥητοῦ

2102 2509 2199 2559 τοῦ
2231 2503 2491 2580 λέγοντος
2540 2505 2734 2567 οὕτως·
2791 2531 2812 2557 α
2863 2506 3172 2582 ΙΙορεὺομαι
3221 2507 3358 2584 πρὸς
3393 2508 3486 2561 τὸν
3541 2508 3761 2584 Πατέρα

2107 2615 2211 2667 μου
2285 2594 2375 2648 καὶ
2455 2596 2668 2668 Πατέρα
2734 2595 2909 2670 ὑμῶν,
2979 2595 3068 2649 καὶ
3126 2595 3253 2650 Θεόν
3318 2617 3422 2667 μου
3474 2595 3584 2650 καὶ·
3623 2599 3757 2652 Θεὸν

2105 2684 2278 2758 ὑμῶν.
2343 2708 2370 2735 ››
2422 2689 2489 2738 ’Ἠ
2538 2683 2646 2759 οὐχ
2694 2683 2906 2752 οὕτως
2959 2681 3167 2742 Μακεὸ.
3210 2685 3420 2746 Οὕτως.
3453 2684 3605 2755 Ὀρθ.
3640 2685 3757 2743 Οὕ-

2100 2793 2208 2833 τως
2269 2771 2359 2827 οῦν
2408 2770 2546 2827 ἐστιν
2592 2772 2756 2827 αὑτοῦ
2803 2774 2995 2849 Πατὴρ
3035 2772 3109 2836 ὠς
3159 2775 3248 2828 καὶ
3295 2776 3498 2847 ἡμῶν;
3543 2773 3755 2831 Maus.

2102 2858 2234 2919 Οὔκ.
2272 2863 2417 2937 Ὀρθ.
2452 2861 2606 2918 Ἀλλ’
2637 2861 2799 2916 αὐτοῦ
2835 2863 2930 2934 μὶν
2963 2861 3138 2939 φύσει,
3198 2863 3359 2934 ἡμῶν
3417 2859 3474 2916 8‘s
3523 2862 3754 2938 χάριτις

2105 2952 2350 3025 Μέτοχοι
2384 2949 2486 3024 γὰρ
2519 2950 2802 3024 γενόμενοι
2828 2953 2924 3005 τοῦ
2973 2954 3207 3026 Χριστοῦ
3253 2950 3547 3023 εὑρέθημεν
3597 2951 3756 3030 ἐγγὺς

2105 3040 2155 3093 οἱ
2192 3040 2398 3113 μακρὰν
2420 3042 2488 3112 τῇ
2521 3038 2696 3115 φύσει,
2730 3037 2867 3094 ὣστε
2897 3039 3258 3114 χρηματίζειν
3289 3041 3448 3110 ἡμῶν
3498 3040 3591 3094 τὸν
3625 3042 3758 3095 Θεὸν

2108 3125 2338 3199 Πατέρα.
2396 3124 2602 3184 Μακεδ.
2691 3127 2902 3189 Οὕτως.
2958 3128 3109 3203 Ὀρθ.
3157 3129 3361 3203 Ὥσπερ
3407 3128 3501 3182 οὖν
3565 3131 3758 3202 ἡμεῖς,

347 3222 661 3276 aberamus
691 3223 922 3280 natura,
956 3218 1098 3271 adeo
1129 3221 1194 3270 ut
1223 3217 1377 3271 Deus
1411 3217 1580 3272 Pater
1609 3222 1809 3272 noster
1836 3216 1992 3271 dica-

2112 3217 2337 3293 μὲτοχοι
2367 3221 2463 3270 τοῦ
2494 3220 2729 3292 Χριστοῦ
2757 3188 3064 3294 γενόμενοι,
3101 3212 3304 3291 ἔχομεν
3328 3188 3420 3270 ¹τὸν
3460 3188 3620 3271 Θεὸν..
3645 3188 3760 3274 ῙΙαἐ

347 3316 466 3365 tur.
501 3307 696 3364 Maced.
722 3305 816 3362 Sic
846 3311 952 3360 est.
980 3307 1126 3360 Orth.
1152 3304 1657 3367 Quemadmodum
1691 3305 1869 3377 igitur
1891 3321 1997 3361 nos

350 3397 563 3453 Christi
598 3393 908 3468 participes
961 3393 1118 3460 facti,
1157 3397 1380 3448 Patrem
1432 3393 1717 3448 habemus
1768 3399 1942 3449 Deum
1979 3411 1993 3448 :

346 3489 429 3543 ita
459 3485 638 3542 Filius
670 3500 905 3556 quoque
936 3482 1179 3537 Verbum
1227 3487 1282 3536 et
1330 3487 1498 3545 Deus,
1522 3499 1653 3537 cum
1689 3483 1995 3553 sanguinis

343 3581 401 3632 et
429 3575 624 3631 carnis
658 3579 866 3628 nostrae
900 3572 1086 3626 factus
1113 3571 1190 3624 sit
1223 3569 1532 3642 particeps,
1563 3571 1787 3626 Patrem
1822 3571 1997 3626 habet

341 3665 552 3729 Deum,
575 3663 656 3717 ita
685 3668 749 3716 ut
781 3660 994 3715 dixerit
1019 3676 1067 3713 :«
1093 3659 1172 3714 De
1203 3665 1403 3714 ventre
1432 3661 1638 3714 matris
1672 3675 1809 3714 meae
1843 3665 1993 3716 Deus

341 3770 510 3809 meus
553 3769 616 3808 es
664 3756 727 3806 tu
750 3751 850 3803 υτ.»
886 3749 966 3804 De
998 3753 1196 3802 ventre
1250 3754 1443 3802 autem
1498 3749 1703 3804 matris
1739 3750 1992 3804 Verbum

338 3843 556 3898 factum
591 3845 699 3908 est,
724 3839 960 3910 quando
987 3838 1164 3910 Virgo
1209 3837 1476 3908 concepit
1505 3841 1558 3891 et
1590 3839 1812 3908 peperit
1855 3838 1992 3893 Em-

341 3929 671 3986 manuelem
699 3943 712 3983 :
737 3933 913 3999 atque
945 3925 1054 3981 hoc
1087 3926 1258 3980 modo
1285 3925 1601 3996 subjicitur
1631 3927 1814 3980 forma
1844 3927 1993 3981 servi

340 4023 594 4090 accepta.
631 4017 824 4072 ﬁla-cod.
862 4017 988 4085 Ipse
1020 4015 1101 4068 ait
1135 4031 1202 4068 :«
1237 4014 1406 4069 Pater
1447 4031 1610 4068 meus
1667 4015 1852 4082 major
1901 4032 1993 4070 me

337 4114 430 4164 est
450 4109 512 4162 ⁸⁸.
543 4131 564 4158 ι
605 4106 755 4160 Orth.
788 4101 1151 4158 Vocabulum
1183 4125 1202 4150 ι
1244 4103 1431 4172 major
1460 4125 1486 4151 ››
1521 4103 1887 4158 multimodis
1932 4104 1990 4158 in

341 4195 642 4266 Scriptura
673 4192 867 4246 divina
898 4191 1204 4261 accipitur.
1237 4191 1431 4245 Maced.
1467 4191 1730 4246 Etiamne
1763 4193 1832 4246 ad
1866 4209 1990 4247 car-

340 4299 475 4338 nem
508 4283 656 4336 hanc
685 4296 881 4334 vocem
917 4303 937 4326 «ι
975 4279 1163 4348 major
1193 4301 1220 4328 ››
1249 4279 1469 4334 refers?
1501 4279 1652 4334 Orth.
1679 4280 1990 4336 Videamus

337 4388 470 4427 cum
520 4370 728 4424 timore
761 4369 1030 4438 Dei,quae
1061 4367 1272 4422 divinae
1318 4368 1627 4440 Scripturze
1686 4385 1846 4424 mens
1890 4370 1988 4439 sit,

336 4465 478 4530 quot
509 4457 702 4512 modis
735 4471 931 4510 vocem
955 4478 982 4504 ‹‹
1011 4457 1246 4526 major»
1277 4462 1538 4526 usurpet.
1561 4457 1759 4512 Maccd.
1784 4457 1988 4513 Videa-

2106 3305 2254 3378 τέρα,
2289 3304 2432 3359 οὕτω
2459 3306 2547 3359 καὶ
2580 3306 2609 3359 6
2639 3305 2763 3366 Υἱὸς
2797 3305 2972 3380 Λόγος
3005 3304 3076 3359 ὥν
3119 3306 3209 3359 καὶ
3261 3305 3414 3373 Θεὸς,
3469 3307 3761 3381 μετασχὼν

2106 3391 2334 3468 αἵματος
2395 3394 2484 3448 καὶ
2543 3395 2754 3468 σαρκὸς,
2817 3390 2943 3469 ἔσχε
2998 3395 3092 3448 τὸν
3149 3393 3359 3469 Πατέρα
3411 3394 3561 3448 Θεόψ
3616 3393 3756 3448 ὣστε

2107 3481 2284 3558 λέγειν
2317 3481 2496 3536 αὐτόν’
2554 3506 2582 3534 ‹‹
2615 3484 2708 3536 Ἐκ
2754 3482 2966 3544 κοιλίας
3030 3482 3238 3557 μητρός
3273 3503 3376 3556 μου
3410 3482 3539 3543 Θεός
3574 3503 3680 3554 μου
3711 3483 3760 3536 εἴ

2106 3571 2189 3627 σύ.
2244 3595 2271 3622 ››
2323 3572 2416 3625 Ἐκ
2455 3568 2672 3632 κοιλίας
2721 3569 2778 3625 δὲ
2825 3571 3032 3647 μητρὸς
3066 3571 3094 3624 ὁ
3125 3571 3302 3647 Λόγος
3334 3570 3563 3645 ἐγένετο,
3597 3570 3689 3626 ὅτε
3717 3573 3750 3640 ἡ

2106 3659 2372 3733 Παρθένος
2429 3658 2480 3713 έν
2529 3661 2722 3735 γαστρῖ
2753 3655 2915 3715 ἔλαϐε
2945 3660 3035 3714 καὶ
3068 3655 3214 3714 ἔτεκε
3241 3660 3334 3714 τὸν
3365 3658 3750 3734 Ἐμμανουήλ,

2102 3749 2191 3802 καὶ
2225 3747 2396 3810 οὕτως
2448 3749 2800 3802 ὑποτάσσεται
2857 3749 3074 3826 μορφήν
3123 3745 3324 3802 δούλου
3374 3743 3584 3802 λαϐὼν.
3635 3749 3754 3804 Μα-

2102 3835 2215 3893 κεδ.
2253 3837 2422 3898 Αὐτὸς
2454 3835 2621 3911 λέγει’
2664 3860 2685 3889 ι
2718 3839 2776 3894 Ὀ
2809 3840 2994 3909 Πατήρ
3031 3859 3134 3909 μου
3169 3837 3368 3909 μείζων
3405 3857 3510 3908 μου
3533 3836 3700 3892 ἐστίν.
3728 3863 3755 3889 »ι

2105 3927 2252 3998 ’()ρο.
2288 3927 2380 3980 Καὶ
2410 3927 2473 3980 τὸ
2503 3951 2529 3976 ‹‹
2565 3927 2764 3997 μείζων
2799 3949 2825 3976 ››
2847 3930 2952 3981 τῶν
2977 3924 3284 4000 πολλαχῶς
3309 3925 3417 3980 ἐστι
3444 3924 3758 3999 λεγομένων

2103 4014 2152 4068 έν
2185 4017 2253 4088 τῇ
2286 4014 2399 4086 θείᾳ
2432 4019 2636 4091 Γραφῇ.
2673 4012 2876 4071 Μακεδ.
2913 4014 3010 4069 Καὶ
3057 4015 3120 4069 τὸ
3163 4038 3192 4066 ‹‹
3241 4013 3438 4086 μείζων
3471 4037 3500 4066 n
3537 4011 3628 4067 διὰ
3657 4014 3758 4082 τὴν

2103 4103 2271 4180 σάρκα
2331 4102 2546 4179 λέγεις;
2595 4105 2742 4178 Ὀρθ.
2793 4101 3024 4176 Ἴδωμεν
3079 4104 3214 4176 μετᾶ
3261 4098 3432 4180 φόϐου
3483 4107 3618 4158 Θεοῦ
3666 4103 3758 4157 τὸν

2100 4197 2225 4246 νοῦν
2255 4200 2355 4262 τῆς
2389 4198 2624 4269 Γραφῆς,
2657 4197 2919 4269 ποσαχῶς
2940 4189 3085 4268 λέγει
3106 4193 3168 4247 τὸ
3195 4218 3220 4244 ‹‹
3253 4193 3473 4265 μείζων.
3503 4217 3532 4242 ››
3556 4190 3762 4249 Μακεδ.

2101 4279 2355 4354 ⁹¹18ωμεν.
2417 4282 2568 4357 Ὀρθ.
2624 4283 2783 4356 Λέγει
2831 4284 2858 4336 ὁ
2918 4283 3040 4343 Υἱὸς
3087 4281 3138 4336 ἐν
3192 4280 3576 4356 Εὑαγγελίοις·
3634 4304 3666 4332 ‹‹
3703 4282 3763 4338 Ὀ

2105 4369 2406 4441 11ατ·ὶ,ρ,ὅς
2435 4368 2637 4424 δέδωκέ
2673 4392 2787 4443 μοι,
2824 4371 3021 4442 μείζων
3073 4369 3290 4425 πάντων
3339 4369 3472 4438 ἐστὶ,
3523 4371 3612 4423 καὶ
3662 4371 3754 4424 οὗ·

2102 4456 2210 4520 δεῖς
2242 4456 2456 4512 δύναται
2509 4459 2740 4535 ἁρπάσαι
2791 4459 2850 4513 ἐκ
2893 4467 2993 4529 τῆς
3026 4461 3213 4536 χειρὸς
3241 4463 3336 4514 τοῦ
3369 4458 3588 4535 Πατρός
3625 4480 3752 4531 μου.

338 4565 489 4602 mus.
525 4546 680 4601 Orth.
735 4546 794 4599 In
845 4543 1149 4616 Evangelia
1204 4545 1383 4600 Filius
1433 4545 1514 4600 ait
1547 4562 1560 4600 :
1593 4569 1612 4593 α
1648 4545 1837 4613 Pater,
1889 4548 1986 4618 qui

2103 4549 2240 4623 Ἐγὼ
2299 4547 2386 4602 καὶ
2437 4548 2466 4601 ὁ
2517 4549 2706 4624 Πατὴρ
2759 4545 2814 4602 ἓν
2865 4547 3047 4622 ἐσμεν.
3113 4573 3132 4598 ι
3172 4549 3269 4602 Καὶ
3301 4549 3556 4621 περὶτοῦ
3588 4549 3756 4604 Ἡσαῦ

334 4638 496 4693 dedit
525 4635 695 4700 mihi,
720 4635 910 4704 major
939 4633 1214 4688 omnibus
1244 4639 1352 4697 est,
1380 4639 1437 4689 et
1466 4651 1638 4689 nemo
1669 4641 1861 4706 potest
1889 4654 1984 4692 ra-

335 4741 466 4796 pere
496 4726 569 4780 de
602 4740 779 4778 manu
831 4721 1018 4776 Patris
1051 4722 1186 4778 mei.
1224 4726 1338 4794 Ego
1366 4728 1423 4778 et
1451 4723 1623 4778 Pater
1670 4741 1854 4779 unum
1888 4741 1986 4779 su-

334 4831 468 4870 mus
493 4815 592 4869 νο.»
621 4813 688 4870 Et
717 4812 789 4866 de
822 4813 972 4866 Esau
1002 4810 1225 4865 dictum
1258 4816 1386 4866 est:
1413 4833 1440 4860 «
1474 4811 1620 4875 Quia
1653 4815 1839 4884 major
1867 4829 1989 4868 ser-

330 4903 448 4958 viet
479 4901 691 4958 minori
719 4904 758 4956 ¹.
788 4923 815 4949 ››
845 4901 916 4954 Et
949 4916 995 4954 τι
1035 4899 1220 4969 Major
1251 4904 1373 4953 erat
1402 4899 1538 4954 Saul
1574 4902 1851 4956 omnibus
1885 4903 1986 4958 ho-

334 4992 596 5047 minibus
619 4993 661 5048 ³.
693 5014 714 5042 ι
752 4995 858 5044 Et:
887 5010 915 5039 κ
945 4988 1126 5057 Major
1173 4989 1449 5044 omnibus
1481 4994 1570 5044 est
1613 4989 1866 5046 charitas
1887 4993 1928 5046 ε.
1959 5015 1986 5041 ››
2017 5038 2024 5044 .

333 5081 400 5135 Ει
431 5097 486 5134 τα
509 5080 766 5136 Granum
800 5077 990 5146 sinapi
1022 5092 1155 5130 cum
1187 5077 1431 5131 creverit
1462 5080 1655 5150 majus
1684 5085 1773 5134 est
1802 5081 1987 5136 omni-

333 5170 443 5224 bus
475 5169 730 5224 oleribus
750 5169 826 5220 ἢ»
870 5163 1096 5233 Scripta
1146 5169 1287 5218 sunt
1333 5165 1473 5234 haec,
1525 5172 1750 5223 necne?
1779 5172 1982 5226 Maced.

330 5257 560 5329 Scripta
589 5261 748 5311 sunt.
784 5254 932 5309 Orth.
965 5252 1191 5306 Siccine
1241 5269 1378 5324 ergo
1434 5256 1586 5310 Esau
1617 5256 1832 5314 Jacobo
1863 5277 1984 5315 ma-

319 5348 510 5418 jorem
562 5343 729 5410 dicis,
772 5340 1270 5412 quemadmodum
1321 5341 1557 5400 Saulem
1611 5346 1744 5402 aliis
1798 5347 1986 5405 homi-

396 5585 440 5618 ⁹⁵
467 5584 690 5657 μυρζιι.
729 5579 912 5657 48-51.
989 5579 1032 5657 οξ
1060 5579 1225 5657 ξοςω.
1259 5595 1350 5644 xx,
1386 5579 1503 5657 Γῇ.⁸
1549 5577 1779 5657 °7_P_sal.
1821 5597 1936 5650 χχι,
1983 5591 1992 5634 1

2149 5583 2193 5618 9'
2221 5582 2388 5640 Joan.
2420 5599 2537 5654 xxv,
2567 5584 2659 5637 28.
2738 5583 2782 5619 θ’
2808 5583 2977 5640 Joan.
3009 5600 3066 5654 x,
3099 5583 3190 5656 29,
3221 5583 3312 5639 30.

323 5657 413 5710 23.
491 5656 513 5688 ²
543 5655 562 5709 Ι
593 5654 728 5724 Reg.
759 5669 814 5717 x,
843 5653 934 5706 23.
1011 5653 1032 5686 ³
1067 5651 1088 5706 Ι
1117 5655 1244 5707 Cor.
1277 5664 1404 5716 xm,
1437 5649 1523 5703 13.
1603 5649 1624 5686 ⁴
1657 5649 1798 5706 Luc.
1830 5649 1956 5722 xui,
1989 5653 2079 5708 19.

2099 4636 2329 4711 εἷ’ρηται.
2365 4661 2392 4689 ‹‹
2425 4637 2546 4694 ’Ὁτι
2580 4638 2607 4691 6
2643 4637 2840 4709 μείζων
2876 4635 3156 4692 δουλεύσει
3186 4641 3264 4710 τῷ
3287 4635 3555 4692 ἐλάττονισ
3595 4661 3622 4686 ιι
3643 4637 3760 4710 καὶ,

2102 4747 2130 4775 ‹‹
2163 4725 2375 4793 Μείζων
2421 4728 2485 4793 ἧν
2534 4725 2562 4778 6
2605 4725 2786 4779 Σαοὺλ
2824 4729 2933 4780 τῶν
2966 4727 3180 4780 πάντων
3217 4726 3540 4799 ἀνθρώπων·
3582 4748 3608 4775 υ
3637 4725 3750 4796 καί,

2102 4834 2129 4867 ι
2157 4814 2220 4868 Ἡ
2279 4814 2457 4889 ἀγάπη
2510 4813 2706 4886 μείζων
2748 4814 2962 4870 πάντων
3007 4813 3140 4870 έστί·
3193 4839 3222 4868 ››
3254 4813 3366 4886 καὶ,
3401 4839 3427 4866 ιι
3461 4815 3523 4871 Ὀ
3553 4813 3754 4874 κόκκος

2095 4906 2192 4957 τοῦ
2225 4903 2514 4974 σινάπεως,
2546 4901 2671 4956 ὅταν
2705 4899 2932 4976 αὕξηθῇ,
2970 4903 3172 4976 μείζων
3216 4901 3431 4957 πάντων
3492 4903 3603 4956 τῶν
3656 4900 3758 4957 λα-

2098 4993 2282 5066 χάνων
2338 4989 2566 5065 γίνεται,
2632 5015 2656 5041 ‹‹
2714 4989 3013 5066 Γέγραπται
3063 4996 3252 5061 ταῦτα,
3302 4991 3337 5060 ἢ
3382 4988 3485 5059 οῧ;
3545 4989 3756 5047 Μακεδ.

2098 5079 2418 5156 Γέγραπται.
2476 5080 2622 5155 Ὀρθ.
2675 5079 2864 5140 Οὕτως
2929 5081 3021 5134 οὗν
3074 5078 3258 5157 λέγεις
3309 5081 3402 5136 τὸν
3454 5081 3623 5134 Ἠσαῦ
3665 5083 3763 5134 τοῦ

2096 5163 2290 5225 Ἰακὼϐ
2325 5167 2566 5241 μείζονα,
2600 5167 2675 5231 ὠς
2704 5169 2799 5223 τὸν
2829 5169 3009 5223 Σαοὺλ
3038 5171 3146 5224 τῶν
3197 5167 3382 5225 ἄλλων
3438 5168 3762 5241 ἀνθρώπων,

2095 5259 2169 5320 ὠς
2198 5259 2294 5327 τήν
2331 5259 2545 5333 ἀγαπην
2569 5264 2668 5327 τῆς
2705 5255 2924 5320 ἐλπίδος
2950 5259 3039 5314 καὶ
3072 5259 3342 5326 πίστεως;
3393 5255 3600 5315 Mazax-:6.
3654 5255 3758 5315 Οῧ.

2095 5348 2244 5422 Ὀρθ.
2297 5348 2373 5404 Εὖ
2426 5346 2624 5424 λέγεις.
2675 5349 2736 5405 Ὀ
2765 5349 2870 5424 γὰρ
2902 5347 3085 5404 Σαοὺλ
3122 5349 3332 5425 μεγέθει
3363 5352 3461 5402 τοῦ
3494 5347 3756 5420 σώματος

3393 5585 3411 5618 ί
3441 5585 3586 5637 Gen.
3619 5597 3752 5648 xxv,
