4086 6214
372 374 524 441 1325

1418 376 1735 441 CONTRA
1778 379 2183 440 MACEDON.
2232 378 2621 439 DIALOGUS
2670 378 2715 439 l.

3613 384 3770 445 1326

373 512 567 585 μείζων
629 512 828 587 ἐλέχθη
887 514 995 566 τῶν
1055 508 1240 567 ἄλλῶν
1293 512 1610 588 ἀνθρώπων
1668 514 1702 580 ἡ
1739 509 1795 564 δὲ
1828 509 2007 585 ἀγάπη

2133 509 2323 575 nibus,
2355 512 2851 581 quemadmodum
2885 512 3251 571 dilectionem
3287 533 3389 587 spe
3419 523 3475 571 et
3505 519 3648 573 ﬁde?
3666 523 3774 575 Ma-

367 608 466 670 τῆς
498 598 721 661 ἐλπίδος
749 601 837 654 καὶ
894 606 994 669 τῆς
1043 599 1278 661 πίστεως
1323 601 1520 675 μείζων
1550 601 1777 675 ἐλέχθη,
1812 600 1887 660 ὡς
1915 606 2015 667 τῆς

365 694 470 744 τῶν
530 688 716 745 ἄλλων
770 690 973 764 ἀρετῶν
1031 686 1327 751 ἐπιδόσεως
1384 689 1530 743 αἰτία
1599 688 1749 743 οὖσα·
1800 689 2017 762 ἀγαπή-

368 799 551 838 σαντες
601 778 701 853 γὰρ
756 777 1100 851 πιστεύομεν,
1160 777 1537 839 πιστεύσαντες
1589 776 1647 832 δέ
1695 775 2013 848 ἐλπίζομεν.

369 863 569 921 Μακεδ.
607 865 705 921 Καὶ
733 869 894 919 τοῦτο
926 862 1181 940 δέχομαι.
1229 867 1379 940 Ὀρθ.
1439 866 1628 926 Οὕτως
1690 862 1781 919 οὑν
1842 863 2016 939 λέγεις

367 953 458 1009 τόν
510 954 724 1028 Ιιατέρα
775 954 989 1025 μείζονα
1038 953 1274 1021 πάντων,
1327 954 1403 1024 ὡς
1431 955 1532 1021 τήν
1560 952 1772 1029 ἀγάπην
1799 960 1898 1022 τῆς
1929 951 2017 1007 ἐλ-

368 1041 525 1105 πίδος
584 1048 651 1116 τῇ
711 1042 986 1113 ποιότητι,
1035 1044 1068 1111 ἢ
1117 1042 1189 1103 ὡς
1233 1042 1323 1096 τὸν
1379 1044 1665 1097 Ἡσαῦτοῦ
1699 1037 1890 1098 Ἰακὼϐ
1934 1045 2014 1113 τῷ

370 1132 579 1208 χρόνῳ,
626 1133 660 1199 ἢ
708 1131 780 1192 ὡς
828 1132 920 1185 τὸν
972 1130 1153 1186 Σαοὺλ
1194 1135 1303 1185 τῶν
1351 1128 1537 1184 ἄλλων
1592 1130 1889 1207 ἀνθρώπων
1938 1134 2016 1201 τῷ

374 1220 616 1296 μεγέθεις
692 1218 892 1276 Μακεδ.
970 1218 1067 1275 θῦ.
1145 1222 1208 1276 Ὁ
1282 1220 1383 1295 γὰρ
1444 1221 1633 1294 Ιῐατήρ
1707 1218 2014 1293 ἀσυγκρίτῳ

371 1309 618 1385 ὑπεροχῇ
698 1309 893 1381 μείζων
968 1306 1180 1363 πάντων
1249 1308 1413 1363 ἐστίν.
1474 1309 1621 1381 Ὀρθ.
1681 1307 1910 1375 Οὐκοῦν,
1970 1304 2015 1360 εἰ

370 1399 676 1475 ἀσυγκρίτῳ
727 1398 973 1473 ὑπεροχῇ
1026 1396 1222 1470 μείζων
1273 1396 1487 1451 πάντων
1534 1396 1673 1451 ἐστὶν
1726 1398 1753 1450 6
1804 1398 2013 1472 Ιῐατήρ,

370 1484 494 1541 οὔτε
522 1488 594 1549 ὡς
625 1488 791 1541 Ἑσαῦ
819 1491 916 1540 τοῦ
947 1481 1143 1541 Ἰακὼϐ
1173 1491 1253 1558 τῷ
1286 1485 1493 1561 χρόνῳ,
1527 1486 1649 1540 οὕτε
1677 1486 1751 1547 ὡς
1781 1487 1808 1539 ὁ
1833 1485 2013 1540 Σαοὺλ

366 1581 476 1631 τῶν
507 1574 692 1630 ἄλλων
745 1576 1043 1651 ἀνθρώπων
1093 1579 1172 1646 τῷ
1227 1575 1457 1650 μεγέθει,
1508 1570 1631 1628 οὕτε
1660 1574 1736 1635 ὡς
1765 1577 1799 1643 ἡ
1835 1576 2012 1649 ἀγάπη

367 1668 467 1734 τῆς
501 1664 732 1726 πίστεως
762 1665 852 1717 καὶ
895 1660 1118 1725 ἐλπίδος
1170 1662 1241 1737 τῇ
1291 1661 1566 1733 ποιότητι.
1625 1660 1825 1719 Μακεδ.
1884 1667 2017 1724 Πῶς

372 1752 467 1821 δέ;
497 1754 641 1829 Ὀρθ.
674 1738 817 1810 "On.
843 1754 870 1806 6
918 1752 1225 1827 ἀσυγκρίτῳ
1270 1752 1520 1827 ὑπεροχῇ
1571 1751 1768 1824 μείζων
1801 1751 2013 1806 πάντων

372 1842 469 1912 ὢν,
529 1842 741 1915 ὁμοίως
783 1842 873 1896 καὶ
922 1842 1181 1902 ὡσαύτως
1214 1840 1410 1913 μείζων
1443 1840 1657 1894 πάντων
1694 1840 1801 1894 ἐστὶ
1831 1841 1921 1895 καὶ
1954 1839 2014 1893 οὑ
2047 1876 2093 1941 Β

367 1936 466 1987 τοῦ
501 1932 594 2006 μὲν
626 1928 839 2002 πλεῖον,
871 1935 968 1985 τοῦ
1000 1928 1056 1984 δὲ
1086 1928 1331 1985 ἔλαττον.
1364 1926 1567 1985 Μακεδ.
1610 1925 1867 1998 ’Δληθως
1926 1928 2015 1984 λέ-

367 2041 500 2097 γεις.
563 2022 708 2096 Ὀρθ.
767 2017 1036 2081 Ὡσαύτως
1085 2016 1175 2072 οὑν
1232 2019 1411 2093 λέγεις
1476 2017 1695 2091 μείζονα
1741 2022 1839 2072 τοῦ
1888 2019 2015 2072 Υίοῦ

367 2110 459 2163 τὸν
522 2110 736 2185 Πατέρα
792 2109 881 2163 καὶ
932 2111 1038 2162 τῶν
1102 2104 1300 2179 ἵππων,
1359 2108 1447 2161 καὶ
1504 2110 1610 2160 τῶν
1669 2111 1865 2177 κυνῶν,
1926 2106 2014 2160 καὶ

369 2198 583 2256 πάντων
636 2198 852 2275 ἀλόγων
905 2199 1083 2269 ζώων,
1132 2199 1222 2252 καὶ
1268 2204 1369 2269 τῆς
1440 2197 1769 2269 ἀναισθήτων)
1829 2196 2013 2268 ὕλης;

371 2286 575 2346 Μακεδ.
635 2286 800 2363 Οὐχὶ,
856 2287 930 2359 μή
979 2286 1228 2361 γένοιτοί
1290 2286 1438 2360 Ὀρθ.
1485 2285 1600 2342 Οὐκ
1656 2282 1757 2360 ἄρα
1803 2286 2014 2340 πάντων

374 2375 682 2453 ἀσυγκρίτῳ
729 2375 973 2450 ὑπεροχῇ
1038 2374 1233 2447 μείζων
1285 2372 1415 2430 ἐστί.
1468 2376 1575 2426 Τοῦ
1623 2373 1726 2448 γὰρ
1775 2374 1902 2427 ἶ*ἱοῦ
1943 2374 2015 2435 ὡς

374 2468 561 2538 Πατὴρ
610 2465 757 2519 Υἳοῦ.
810 2461 1012 2519 Μακεδ.
1059 2461 1374 2538 Συγκρίτως
1408 2459 1527 2537 ἄρα.
1563 2463 1707 2537 Ὀρθ.
1742 2461 1910 2518 Εἶπον
1944 2462 2019 2524 ὠς

374 2555 562 2628 Πατήρ
630 2555 777 2609 T106.
835 2554 1140 2627 ’Υπερέχων
1186 2549 1289 2624 γὰρ
1336 2554 1443 2604 τῶν
1494 2548 1678 2604 ἄλλων
1710 2550 2020 2625 ἀσυγκρίτῳ

375 2642 643 2718 ὑπεροχῇ,
693 2641 754 2695 οὑ
800 2645 896 2695 τοῦ
926 2641 1055 2693 Υἱοῦ
1090 2639 1284 2713 μείζων
1317 2637 1456 2692 ἐστὶν
1489 2638 1797 2713 ἀσύγκρίτῳ
1857 2640 2017 2714 ὑπερ-

374 2736 507 2806 οχῇ,
569 2728 693 2785 ἀλλ’
750 2728 824 2791 ὠς
881 2728 1069 2803 Πατὴρ
1124 2728 1273 2814 Υἱοᾷ
1329 2727 1392 2781 Εἰ
1452 2725 1509 2781 δὲ
1567 2728 1665 2781 οὑκ
1715 2728 2019 2804 ἀσυγκρίτῳ

376 2822 624 2895 ὑπεροχῇ
660 2816 855 2891 μείζῶν
892 2817 1053 2871 αὑτοῦ
1084 2817 1247 2881 ἐστιν,
1281 2819 1342 2870 ού
1376 2815 1525 2893 φύσει
1562 2817 1781 2888 μείζων·
1825 2818 1885 2871 οὐ
1916 2824 2016 2893 γάρ

376 2910 720 2984 ἀσύγκριτος.
752 2908 816 2964 Εἰ
846 2904 904 2961 δὲ
933 2906 994 2960 οὐ
1019 2906 1084 2959 τᾶ
1114 2904 1266 2982 φύσει
1303 2902 1654 2978 μείζων,οὑδὲ
1680 2910 1759 2977 τῷ
1785 2905 2013 2981 μεγέθει·

376 3000 647 3072 ἀμεγέθης
699 2995 822 3071 γάρ.
876 2992 1001 3049 οὐδὲ
1030 2998 1107 3065 τῷ
1135 2992 1340 3068 χρόνῳ·
1376 2991 1607 3067 ἄχρονος
1637 2993 1759 3068 γάρ·
1795 2992 1919 3048 οὐδὲ
1946 2993 2016 3068 τῇ

372 3088 651 3156 ποιότητι·
712 3084 902 3145 ἄποιος
955 3084 1078 3159 γάρ.
1129 3082 1244 3139 Οὐκ
1286 3082 1387 3158 ἄρα
1436 3081 1593 3154 ἄλλῳ
1650 3083 1752 3136 τινί
1801 3084 2017 3154 μείζονα

2127 600 2237 654 θεά.
2273 601 2416 654 Non.
2454 601 2603 655 Orth.
2641 602 2809 655 Recte
2840 603 3007 657 dicis.
3033 604 3171 658 Saul
3204 606 3359 659 enim
3394 612 3619 662 statura
3649 626 3773 663 eor-

2128 689 2285 759 poris
2344 688 2475 743 aliis
2535 689 2875 745 hominibus
2908 693 3097 761 major
3126 693 3319 749 dictus
3352 696 3459 748 fuit
3492 713 3504 750 :
3541 697 3776 753 dilectio

2124 794 2258 831 vero
2291 778 2401 832 ﬁde
2431 784 2488 832 et
2518 796 2620 850 spe
2666 781 2854 849 major
2911 781 3064 835 dicta
3121 787 3229 845 est,
3290 789 3353 837 ut
3407 800 3533 855 quae
3591 786 3780 842 incre-

2128 866 2309 920 menti
2340 867 2588 921 aliarum
2618 868 2900 923 virtutum
2935 886 3110 925 causa
3143 872 3255 926 sit:
3289 889 3420 927 cum
3456 874 3611 927 enim
3644 875 3781 929 dili-

2124 954 2341 1026 gimus,
2378 956 2711 1023 credimus;
2746 975 2877 1012 cum
2912 960 3227 1027 credimus,
3278 978 3605 1031 speramus.
3666 966 3779 1020 Ma.

2124 1043 2236 1097 ced.
2300 1045 2367 1098 Et
2422 1046 2527 1099 hoc
2578 1047 2848 1101 admitto.
2885 1048 3038 1102 Orth.
3073 1049 3296 1103 Siccine
3330 1051 3512 1121 igitur
3542 1056 3772 1108 Patrem

2127 1133 2405 1201 majorem
2426 1135 2700 1189 omnibus
2718 1136 3389 1207 dicis,quemadmodum
3406 1139 3773 1197 dilectionem

2126 1236 2249 1290 spe,
2282 1222 2564 1292 qualitate
2598 1241 2611 1277 :
2645 1228 2746 1277 aut
2776 1226 3276 1295 quemadmodum
3327 1229 3475 1282 Esau
3534 1230 3773 1299 Jacobo,

2124 1314 2532 1381 temporezaut
2564 1314 3061 1382 quemadmodum
3094 1315 3326 1370 Saulem
3360 1316 3489 1371 aliis
3520 1318 3775 1373 homini-

2126 1398 2256 1462 bus,
2290 1404 2558 1455 statura?
2587 1402 2787 1456 Maced.
2826 1407 2970 1456 Non.
3006 1404 3229 1457 Etenim
3268 1406 3436 1459 Pater
3474 1406 3775 1478 incompa-

2126 1487 2296 1543 rabili
2317 1490 2660 1545 excellentia
2690 1491 2964 1545 omnibus
2996 1494 3184 1562 major
3212 1498 3317 1548 est.
3338 1495 3493 1550 Orth.
3514 1496 3569 1548 Si
3600 1495 3778 1565 igitur

2125 1576 2569 1647 incomparabili
2604 1578 3163 1649 excellentia‘major
3193 1582 3467 1637 omnibus
3484 1590 3571 1637 est
3587 1584 3775 1638 Pater:

2127 1678 2316 1735 neque
2346 1669 2628 1736 tempore,
2666 1671 2729 1720 ut
2758 1668 2909 1722 Esau
2940 1668 3177 1737 Jacobo,
3212 1686 3401 1740 neque
3433 1676 3680 1737 statura,
3718 1678 3781 1726 ut

2125 1753 2261 1807 Saul
2297 1754 2427 1809 aliis
2460 1755 2820 1821 hominibus,
2856 1773 3042 1827 neque
3072 1757 3374 1829 qualitate,
3424 1766 3487 1813 ut
3546 1761 3777 1815 dilectio

2127 1841 2240 1897 ﬁde
2296 1848 2353 1896 et
2410 1859 2512 1914 spe
2570 1865 2596 1892 ‹‹
2659 1846 2845 1914 major
2883 1846 3156 1900 omnibus
3186 1851 3294 1901 est.
3334 1870 3353 1897 ι
3394 1848 3541 1902 487
3578 1850 3776 1903 Maced.

2126 1932 2427 1996 Quomodo
2457 1933 2625 2000 ergo?
2642 1932 2957 1987 0rth.Nam
2989 1935 3086 2005 qui
3120 1934 3567 2005 incomparabili
3601 1937 3781 1991 excel-

2127 2020 2306 2074 lentia
2334 2019 2608 2076 omnibus
2642 2023 2831 2092 major
2860 2028 2967 2086 est,
3000 2022 3181 2077 simili
3230 2024 3551 2095 eodemque
3611 2024 3779 2095 plane

2129 2110 2301 2163 modo
2360 2110 2635 2164 omnibus
2691 2118 2782 2165 est
2829 2112 3036 2181 major,
3071 2128 3174 2165 nec
3206 2112 3396 2184 magis
3427 2112 3546 2182 illo,
3582 2114 3779 2167 minus

2128 2198 2257 2253 alio.
2295 2199 2499 2252 Muced.
2536 2199 2681 2253 Vere
2712 2200 2879 2253 dicis.
2917 2200 3066 2255 Orth.
3098 2201 3388 2256 Eodemne
3420 2202 3599 2272 igitur
3648 2219 3777 2256 mo-

2129 2288 2201 2341 do
2228 2288 2373 2343 dicis
2404 2288 2633 2342 Patrem
2669 2290 2950 2358 majorem
3002 2305 3131 2343 esse
3191 2289 3354 2357 Filio,
3414 2307 3526 2361 quo
3586 2292 3775 2361 equis,

2127 2392 2239 2445 quo
2296 2375 2562 2440 canibus,
2622 2393 2736 2448 quo
2805 2378 3080 2432 omnibus
3149 2379 3335 2432 brutis
3399 2379 3777 2448 animalibus,

2130 2480 2243 2533 quo
2312 2466 2563 2535 denique
2629 2465 2958 2519 insensibili
3033 2468 3315 2521 materia?
3379 2468 3605 2524 Maced.
3675 2468 3781 2522 Ne-

2129 2569 2448 2623 quaquam,
2482 2553 2808 2608 absithoc!
2873 2554 3023 2610 Orth.
3086 2560 3207 2610 Non
3270 2558 3448 2627 igitur
3503 2558 3780 2611 omnibus

2130 2641 2571 2712 incomparabili
2630 2642 2967 2698 excellentia
3029 2645 3218 2713 major
3275 2649 3383 2699 est.
3448 2645 3590 2699 Filio
3624 2646 3779 2699 enim

2130 2732 2319 2800 major
2373 2738 2464 2785 est
2519 2737 2582 2785 ut
2629 2732 2794 2786 Pater
2826 2732 2972 2786 Filii.
3009 2733 3204 2787 Maced.
3239 2734 3639 2803 Comparative
3671 2733 3779 2803 igi-

2129 2825 2242 2874 tur.
2283 2820 2435 2875 Orth.
2466 2820 2614 2887 Dixi,
2648 2826 2713 2873 ut
2744 2820 2911 2874 Pater
2940 2819 3087 2874 Filii.
3122 2820 3264 2874 Cum
3296 2821 3451 2875 enim
3485 2820 3629 2875 alios
3688 2821 3774 2873 in-

2127 2908 2499 2979 comparabili
2561 2908 2899 2963 excellentia
2955 2915 3209 2980 superet,
3256 2927 3370 2963 non
3404 2916 3599 2963 tamen
3634 2909 3777 2963 Filio

2130 2999 2317 3066 major
2346 3001 2433 3052 est
2464 2995 2800 3051 excellentia
2830 2997 3296 3068 incomparabili,
3329 2997 3429 3052 sed
3490 3002 3554 3052 ut
3608 2998 3778 3052 Pater

2128 3087 2459 3148 Filii.Quod
2493 3086 2539 3138 si
2573 3084 2911 3139 excellentia
2966 3086 3409 3157 incomparabili
3469 3087 3656 3156 major
3709 3102 3774 3141 eo

373 3175 566 3231 ἐαυτοῦ
622 3172 713 3228 τὸν
758 3172 968 3247 Πατέρα
1024 3169 1193 3245 λέγει.
1250 3168 1374 3225 ἀλλ’
1417 3171 1452 3239 ἦ
1500 3169 1573 3231 ὡς
1618 3172 1741 3232 Υἱὸς
1799 3173 2013 3248 μορφὴν

2133 3193 2241 3230 non
2272 3180 2501 3240 est,non
2533 3180 2621 3229 est
2653 3175 2840 3243 major
2870 3180 3077 3229 natura
3112 3192 3124 3228 :
3162 3192 3275 3230 non
3306 3176 3461 3229 enim
3496 3191 3597 3247 per
3626 3191 3776 3230 com-

374 3262 576 3319 δούλου
608 3257 791 3317 λαϐὼν
841 3260 929 3315 καὶ
977 3263 1153 3333 τιμῶν
1200 3260 1290 3314 τὸν
1323 3261 1513 3313 ἑαυτοῦ
1547 3258 1776 3332 Πατέρα.
1811 3259 2011 3318 Μακεδ.

2133 3264 2505 3336 perationem.
2532 3263 2589 3317 Si
2623 3280 2755 3317 vero
2788 3280 2901 3317 non
2954 3264 3143 3333 major
3186 3269 3416 3330 natura,
3472 3280 3608 3335 ergo
3667 3280 3774 3319 nec

374 3359 544 3408 Τοῦτο
594 3352 850 3426 δέχομαι.
900 3349 1047 3425 ὈρΘ.
1079 3350 1142 3405 Ἡ
1174 3349 1309 3416 αὐτή
1343 3349 1447 3423 ἄρα
1475 3348 1632 3425 φύσις
1664 3347 1775 3402 ἐστὶ
1810 3349 2021 3425 Πατρὸς

377 3442 462 3496 καὶ
498 3442 645 3495 Υἱοῦ’
682 3437 867 3507 ἐπειδὴ
904 3441 978 3511 μὴ
1016 3436 1324 3513 ἀσυγκρίτῳ
1356 3437 1603 3512 ὑπεροχῇ
1632 3438 1801 3506 μείζω
1834 3439 2024 3493 ἑαυτοῦ

374 3533 466 3585 τὸν
497 3527 710 3605 ῙΙατέρα
742 3526 904 3603 λέγει.
940 3524 1079 3595 Οὑδὲ
1108 3527 1208 3602 γὰρ
1241 3526 1301 3580 ἂν
1335 3524 1417 3597 εἴη
1459 3526 1583 3587 Υἱὸς
1620 3528 1695 3598 μὴ
1728 3529 1828 3595 τήν
1856 3528 2022 3596 αὐτὴν

380 3618 534 3697 φύσιν
570 3616 735 3693 ἔχων.
770 3615 831 3671 El
865 3614 921 3671 δὲ
949 3620 1135 3683 τοῦτο,
1170 3615 1271 3669 οὑκ
1300 3611 1400 3689 ἄρα
1428 3617 1495 3689 τῇ
1530 3613 1682 3691 φύσει
1734 3617 2024 3671 ὑποτάσσε-

378 3728 488 3779 ται,
522 3704 647 3760 ἀλλ’
679 3706 753 3767 ὠς
790 3705 911 3767 Υἱὸς
948 3706 1164 3781 μορφὴν
1194 3700 1392 3758 δούλου
1433 3698 1640 3757 λαϐών.

2134 3352 2561 3422 magnitudine,
2622 3368 2827 3423 expers
2874 3352 3030 3406 enim
3063 3358 3149 3407 est
3182 3354 3638 3421 magnitudinis;
3674 3369 3778 3407 nec-

2134 3446 2415 3512 tempore,
2446 3445 2706 3511 tempore
2732 3441 2887 3495 enim
2921 3440 3083 3495 nullo
3113 3442 3650 3513 comprehenditur;
3683 3443 3781 3496 de-

2136 3530 2313 3602 nique
2343 3545 2444 3583 nec
2475 3528 2776 3599 qualitate,
2839 3544 3042 3599 expers
3102 3529 3255 3584 enim
3314 3536 3404 3585 est
3460 3530 3781 3602 qualitatis.

2135 3618 2323 3682 Quare
2356 3617 2517 3672 nulla
2546 3617 2736 3673 aliain
2761 3634 2819 3672 re
2847 3620 3125 3688 majorem
3160 3619 3351 3689 seipse
3372 3619 3596 3674 Patrem
3620 3619 3783 3685 dicit,

2136 3723 2312 3778 quam
2347 3706 2499 3778 quod
2534 3706 2715 3760 Filius
2748 3706 2872 3777 ipse
2904 3707 3000 3771 sit,
3026 3708 3121 3777 qui
3157 3707 3402 3761 formam
3437 3707 3587 3761 servi
3618 3723 3785 3760 sum-

368 3798 508 3871 psit,
541 3802 597 3852 et
630 3812 803 3852 suum
835 3795 1024 3868 ipsius
1057 3792 1287 3850 Patrem
1320 3793 1587 3849 honorat.
1621 3794 1822 3850 Maced.
1855 3795 1972 3851 Hoc
2004 3797 2265 3851 admitto.
2306 3796 2459 3852 0rlh.
2495 3796 2704 3849 Eadem
2739 3795 2921 3865 igitur
2947 3799 3037 3849 est
3061 3796 3249 3849 Patris
3280 3800 3337 3850 et
3368 3796 3493 3849 Filii
3545 3800 3784 3849 natura:

366 3885 849 3958 quandoquidem
883 3901 998 3939 non
1028 3881 1469 3953 incomparabili
1503 3881 1848 3938 excellentia
1877 3886 2108 3939 Patrem
2142 3886 2420 3955 majorem
2453 3884 2647 3953 seipso
2688 3884 2847 3937 dicit.
2909 3887 3108 3953 Neque
3163 3883 3317 3937 enim
3374 3882 3555 3937 Filius
3611 3887 3785 3948 esset,

367 3973 483 4028 nisi
546 3980 813 4027 naturam
872 3971 1112 4026 haberet
1153 3971 1440 4026 eamdem.
1475 3968 1636 4036 Quod
1672 3970 1719 4024 si
1756 3972 1836 4026 ita
1866 3977 1973 4040 est,
2009 3989 2125 4027 non
2156 3972 2337 4044 igitur
2367 3977 2577 4025 natura
2606 3970 2942 4039 subjicitur,
2977 3972 3076 4024 sed
3116 3974 3178 4024 ut
3211 3970 3389 4025 Filius
3420 3971 3610 4024 forma
3639 3970 3789 4024 servi

371 4063 699 4131 assumpta.

440 4148 530 4202 20.
566 4143 764 4201 Μακεδ.
820 4145 952 4218 Περὶ
996 4145 1090 4218 μὲν
1133 4149 1230 4199 τοῦ
1280 4144 1407 4201 Υἳοῦ
1437 4143 1623 4206 καλῶς
1660 4143 1862 4219 λέγεις’
1898 4146 2021 4221 περὶ

370 4232 430 4289 δὲ
458 4239 555 4289 τοῦ
613 4233 925 4307 ΙΙνεύματος
975 4234 1037 4288 οὐ
1083 4232 1289 4294 καλῶς.
1342 4233 1444 4286 Κᾶν
1494 4233 1597 4307 γὰρ
1653 4233 2023 4304 μὶῇκτιστὸν

370 4324 433 4379 τὸ
470 4327 717 4396 Πνεῦμα,
773 4321 917 4377 ἀλλὰ
973 4321 1198 4398 γενητόν
1259 4321 1393 4376 ἐστι.
1444 4322 1625 4378 Πάντα
1654 4322 1759 4396 γὰρ
1790 4320 1878 4376 διὰ
1924 4326 2022 4377 τοῦ

374 4413 503 4466 Υἱοῦ
535 4410 799 4487 ἐγένοντο.
836 4410 898 4465 Εἰ
931 4409 988 4465 δὲ
1016 4411 1205 4483 πάντα,
1248 4408 1506 4479 δηλονότι
1535 4409 1624 4465 καί
1670 4411 1732 4465 τὸ
1785 4413 2019 4482 Πνεῦμα.

372 4502 520 4576 Ὀρθ.
580 4498 641 4555 E1
690 4500 910 4576 γενητόν
972 4499 1104 4569 ἐστι,
1161 4499 1249 4554 καί
1297 4499 1511 4554 κτιστόν
1542 4498 1701 4557 ἐστιν.
1738 4499 1932 4575 Εἷ¹γᾶρ
1961 4498 2022 4554 τὸ

371 4588 598 4665 γενητὸν
657 4588 755 4642 οὑκ
805 4586 917 4642 ἔστι
975 4589 1212 4661 κτιστὸν,
1269 4588 1441 4642 πάντα
1490 4584 1547 4641 δέ
1599 4586 1668 4641 δι’
1710 4588 1873 4642 αὐτοῦ
1906 4587 2022 4662 ἐγέ-

373 4695 515 4732 νετο·
552 4675 676 4731 οὐδὲ
718 4678 785 4731 τὰ
832 4677 1005 4731 πάντα
1033 4679 1239 4733 κτιστά.
1273 4678 1335 4731 Εἰ
1365 4674 1422 4730 δὲ
1448 4680 1624 4733 τοῦιν,
1662 4680 1780 4738 πῶς
1811 4680 2023 4747 νοήσω-

382 4787 476 4839 μεν
506 4765 569 4821 τὸ
594 4766 740 4840 παρὰ
792 4770 871 4839 τῷ
920 4765 1126 4839 Παύλῳ
1173 4766 1483 4841 εἷρημένον’
1542 4789 1569 4817 ‹‹
1622 4768 1705 4822 Τὰ
1752 4766 1923 4821 πάντα
1972 4766 2022 4820 ἐν

374 4855 522 4927 αὐτῷ
572 4852 850 4922 Emis—cat;
900 4879 927 4906 »
975 4852 1176 4910 Μακεδ.
1237 4853 1392 4911 Ἀλλ’
1440 4855 1501 4909 οὑ
1560 4855 1733 4909 πάντα
1784 4854 2029 4927 ὁμότιμά

375 4943 528 5000 εἰσιν.
589 4944 744 5018 Ὀρθ.
806 4942 911 4997 Κᾶν
979 4944 1054 5017 μὴ
1110 4944 1238 4997 ὦσιν
1298 4942 1564 5016 ὁμότιμα,
1615 4942 1742 4997 ἀλλ’
1780 4943 1933 5016 ὅμως
1962 4943 2030 4997 τὰ

376 5034 552 5087 πάντα
624 5030 893 5105 κτίσματά
969 5030 1091 5089 εἱσι.
1158 5030 1366 5103 Κτίσμα
1423 5028 1480 5085 δὲ
1535 5032 1830 5104 κτίσματος
1880 5032 2030 5086 οὐδὲν

380 5118 642 5198 διαφέρει,
697 5121 733 5195 ᾗ
790 5120 995 5195 κτίσμα
1048 5120 1179 5178 ἐστί.
1240 5117 1439 5175 Μακεδ.
1493 5118 1661 5176 Οὐδὲν
1717 5119 1955 5198 διαφέρει
2005 5122 2032 5175 6

380 5205 629 5285 Γαϐριὴλ
659 5215 756 5264 τοῦ
792 5208 982 5280 ἵππου,
1015 5210 1048 5278 ἣ
1076 5209 1165 5263 καὶ
1200 5208 1382 5284 ἐτέρου
1412 5209 1558 5269 τινὸς
1604 5212 1713 5262 τῶν
1775 5208 1988 5285 ἀλόγων
2018 5228 2030 5278 ;

378 5297 533 5369 Ὀρθ.
566 5304 633 5367 ᾜ
665 5298 867 5372 κτίσμα
898 5298 1060 5371 ἐστὶν,
1094 5296 1244 5353 οὐδὲν
1289 5295 1547 5375 διαφέρει·
1668 5295 1725 5351 δὲ
1774 5297 2035 5372 ἄγγελος,

382 5393 593 5461 πνεῦμα
624 5386 1021 5464 λειτουργικὸν,
1074 5387 1148 5449 εἷς
1199 5385 1467 5441 διακονίαν
1532 5385 2035 5460 ἁποστελλόμενον,

388 5475 450 5530 οὑ
479 5480 587 5531 τῶν
621 5475 835 5553 ἀλόγων
871 5474 1055 5551 μόνον,
1089 5474 1232 5531 ἀλλὰ
1258 5473 1347 5530 καὶ
1378 5476 1537 5548 ἡμῶν
1577 5479 1686 5529 τῶν
1735 5475 2036 5551 ἀνθρώπων

462 5690 486 5725 ⁵
516 5689 735 5748 Coloss.
771 5709 812 5763 ι,
847 5690 934 5747 16.

2203 4148 2293 4201 20.
2328 4147 2524 4202 Maced.
2560 4146 2840 4202 Praeclare
2870 4153 2931 4201 tu
2977 4147 3212 4218 quidem
3271 4147 3341 4202 de
3398 4146 3542 4202 Filio
3600 4145 3789 4200 disse-

2134 4236 2215 4290 ris
2250 4255 2263 4291 :
2298 4236 2397 4291 sed
2431 4236 2502 4289 de
2530 4236 2749 4307 Spiritu
2782 4252 2895 4291 non
2930 4236 3089 4289 item.
3142 4235 3261 4290 Etsi
3312 4235 3469 4289 enim
3534 4233 3792 4305 Spiritus

2134 4330 2365 4381 creatus
2407 4341 2521 4379 non
2556 4325 2748 4393 fuerit,
2784 4326 2972 4378 factus
3002 4330 3194 4378 tamen
3230 4324 3359 4377 fuit.
3393 4323 3604 4377 Omnia
3634 4323 3791 4377 enim

2137 4432 2238 4486 per
2266 4413 2477 4467 Filium
2510 4412 2663 4467 facta
2693 4418 2849 4468 sunt.
2885 4413 2945 4467 Si
2980 4418 3173 4466 autem
3209 4414 3428 4474 omnia,
3482 4412 3685 4482 utique
3737 4415 3795 4465 et

2134 4502 2407 4574 Spiritus.
2472 4501 2625 4557 Orth.
2686 4501 2745 4555 Si
2799 4502 2987 4556 factus
3018 4506 3128 4567 est,
3163 4505 3392 4555 creatus
3423 4516 3655 4571 quoque
3686 4504 3793 4553 est.

2134 4592 2192 4647 Si
2223 4591 2377 4645 enim
2411 4592 2565 4662 quod
2600 4590 2839 4655 factum,
2876 4594 3131 4644 creatum
3168 4606 3279 4644 non
3313 4595 3421 4657 est,
3477 4595 3536 4643 et
3593 4588 3793 4642 omnia

2138 4695 2238 4751 per
2269 4680 2462 4744 ipsum
2498 4680 2645 4733 facta
2676 4684 2835 4745 sunt,
2861 4694 3001 4732 sane
3032 4682 3225 4731 creata
3258 4678 3456 4731 omnia
3486 4694 3600 4731 non
3635 4682 3794 4731 sunt.

2136 4769 2297 4834 Quod
2324 4769 2371 4823 si
2397 4768 2476 4821 ita
2508 4773 2616 4835 est,
2640 4769 2932 4837 quomodo
2960 4766 3360 4837 intelligemus
3392 4767 3618 4819 dictum
3650 4764 3798 4819 illud

2138 4856 2301 4911 Pauli
2339 4873 2349 4910 :
2385 4878 2411 4906 ‹‹
2446 4855 2657 4910 Omnia
2688 4857 2745 4908 in
2776 4855 2905 4925 ipso
2932 4861 3126 4909 creata
3155 4860 3294 4908 sunt
3322 4853 3387 4907 6?
3410 4876 3438 4903 »
3474 4854 3797 4910 Maced.Sed

2141 4963 2254 5001 non
2288 4945 2487 5000 omnia
2512 4944 2635 5015 pari
2671 4944 2728 4997 in
2764 4943 2979 4999 honore
3014 4944 3325 4997 habentur.
3355 4944 3506 4998 Orth.
3533 4943 3651 4997 Etsi
3683 4959 3797 4996 non

2142 5034 2267 5105 pari
2298 5033 2629 5087 habeantur
2660 5031 2901 5097 honore,
2933 5031 3132 5086 omnia
3163 5036 3356 5086 tamen
3384 5037 3581 5087 creata
3635 5038 3797 5086 sunt.

2143 5122 2420 5177 Creatura
2479 5126 2673 5176 autem
2722 5138 2756 5175 a
2785 5127 3056 5175 creatura
3088 5121 3233 5175 nihil
3266 5119 3484 5189 ditlert,
3509 5126 3802 5191 quatenus

2145 5218 2411 5265 creatura
2442 5216 2549 5266 est.
2581 5210 2782 5265 Maced.
2816 5209 2972 5263 Nihil
3005 5209 3187 5281 igitur
3218 5210 3413 5263 ditl‘ert
3441 5207 3669 5262 Gabriel
3729 5207 3801 5261 ab

2147 5316 2316 5370 equo,
2371 5304 2472 5354 aut
2530 5300 2600 5353 ab
2634 5298 2748 5354 alio
2780 5300 3034 5370 quodam
3070 5299 3240 5352 bruto
3273 5296 3617 5351 animante?
3647 5294 3800 5348 Orth.

2148 5390 2448 5454 Quatenus
2477 5394 2744 5443 creatura
2774 5394 2881 5454 est,
2916 5388 3061 5442 nihil
3095 5388 3316 5453 ditl‘ert;
3352 5390 3642 5456 quatenus
3671 5398 3802 5436 vero

2149 5475 2670 5549 angelus,spiritus
2701 5475 3240 5533 administrat'orius
3284 5475 3356 5529 ad
3409 5470 3803 5527 ministerium
