4086 6214
310 353 464 410 1327

1499 356 1561 406 S.
1611 349 2129 408 A'l‘HANASlUS.
2159 381 2236 391 -—
2268 351 2530 411 DUBIA.

3566 354 3720 411 1328

312 485 554 546 missus,
589 500 700 538 non
732 483 921 538 solum
957 500 988 536 ει
1019 484 1230 546 brutis,
1264 483 1364 538 sed
1428 500 1458 535 a
1511 482 1678 536 nobis
1731 497 1962 550 quoque

2074 481 2162 531 καὶ
2210 485 2319 533 τῶν
2380 480 2648 556 ἀγγέλων,
2701 480 3043 558 ἀρχάγγελος
3093 480 3190 538 ὥν.
3243 482 3338 536 Καὶ
3377 483 3479 556 γὰρ
3513 482 3723 558 ὀφθαλ-

312 573 672 638 bominibus,
735 577 792 626 et
843 573 913 626 ab
973 572 1218 642 angelis,
1273 588 1406 626 cum
1445 570 1520 625 sit
1551 569 1962 640 archangelus.

315 663 541 716 Etenim
593 662 821 728 oculus,
882 668 1173 732 quatenus
1231 660 1460 724 oculus,
1495 659 1651 714 aliis
1707 657 1965 728 corporis

315 751 597 812 membris
629 751 968 806 honoratior
997 756 1117 815 est;
1167 765 1379 820 corpus
1437 755 1627 802 tamen
1687 764 1796 801 non
1857 751 1965 800 est.

314 839 557 909 (Carpus
606 839 760 893 enim
811 839 952 892 nihil
987 839 1178 892 diti'ert
1211 855 1242 891 a
1277 853 1536 908 corpore,
1571 853 1686 907 qua
1717 841 1806 889 est
1837 850 1966 888 cor-

320 928 796 999 pus.)Maced.Nos
826 927 1388 996 dicimus,Spiritum
1414 943 1448 980 a
1483 928 1592 980 Deo
1624 942 1725 996 per
1755 923 1966 978 Filium

315 1033 444 1071 esse
476 1033 650 1070 suum
684 1015 918 1070 habere.
956 1013 1118 1071 Orzh.
1156 1018 1361 1068 Annon
1395 1019 1618 1081 caetera,
1653 1030 1780 1084 quae
1839 1025 1968 1065 esse

316 1122 488 1160 suum
523 1123 554 1159 a
590 1110 698 1158 Deo
734 1121 832 1173 per
859 1104 1070 1158 Filium
1105 1119 1217 1156 non
1251 1103 1768 1171 habent,creatura:
1799 1097 1967 1154 sunt?

315 1193 1132 1248 Maced.Sunt.0rth.Creatura
1162 1192 1339 1263 igitur
1368 1197 1456 1246 est
1481 1189 1962 1262 Spiritus.Maced.

314 1282 436 1336 Non
467 1298 603 1336 voco
635 1287 983 1350 rreaturam,
1018 1280 1496 1351 quandoquidem
1531 1280 1814 1349 scriptum
1849 1296 1964 1334 non

315 1376 422 1424 est.
459 1371 612 1424 Orth.
648 1370 761 1422 Nec
797 1372 1007 1424 factum
1044 1369 1238 1435 dicito,
1273 1367 1749 1438 quandoquidem
1811 1367 1965 1422 idem

315 1475 555 1528 prorsus
623 1459 935 1530 significat.
1009 1461 1219 1513 Maced.
1290 1457 1398 1511 Sed
1469 1457 1752 1528 scriptum
1819 1461 1963 1510 est:

315 1570 341 1594 ‹‹
399 1547 607 1601 Omnia
669 1565 767 1617 per
824 1549 1016 1618 ipsum
1079 1549 1229 1601 facta
1287 1553 1469 1600 sunt:
1511 1571 1529 1593 -
1567 1546 1968 1618 scriptumque

317 1659 342 1683 ‹‹
378 1638 595 1690 Umnes
627 1637 775 1690 servi
809 1637 892 1690 tui
924 1637 966 1688 ⁸.
1009 1659 1034 1683 ι»
1069 1636 1220 1691 Orth.
1265 1637 1500 1689 Servum
1564 1635 1743 1705 igitur
1797 1650 1968 1688 vocas

318 1724 648 1793 Spiritum?
699 1724 890 1778 illiced.
945 1724 1140 1778 Absit!
1178 1724 1334 1778 ΟνιΙι.
1369 1724 1491 1776 Νοη
1525 1739 1661 1792 ergo
1692 1722 1969 1776 omnibus

321 1813 443 1864 istis-
478 1820 913 1866 annumeratur.
947 1813 1140 1866 Maced.
1176 1812 1309 1864 Tria
1345 1813 1521 1877 igitur
1551 1828 1663 1865 non
1699 1813 1848 1864 facta
1880 1811 1966 1862 di-

317 1900 432 1953 cis!
469 1902 616 1955 Orth.
652 1903 753 1954 Md
792 1920 914 1970 qua;
953 1920 1052 1955 nnc
1087 1919 1262 1954 causa
1327 1917 1428 1953 nec
1491 1908 1650 1969 patre
1709 1904 1962 1952 careant.

323 1991 432 2040 Etsi
496 1992 648 2043 enim
713 1993 964 2059 Spiritus
1027 1992 1210 2042 fartus
1273 2007 1384 2042 non
1421 1995 1526 2044 est.
1561 2006 1736 2042 causa
1771 1999 1964 2041 tamen

318 2079 559 2142 originis
594 2097 700 2131 non
735 2087 905 2131 t‘:-'tt‘t;3l..
943 2080 1188 2131 Causam
1225 2080 1376 2130 enim
1417 2077 1589 2129 habet
1622 2077 1825 2140 Deum,
1867 2092 1965 2128 cu-

310 2170 408 2233 jtis
469 2167 718 2235 Spiritus
751 2181 854 2220 est.
887 2169 946 2220 lit
982 2169 1110 2220 licet.
1147 2167 1324 2220 Filius
1360 2171 1544 2219 tactus
1577 2182 1688 2219 non
1722 2166 1816 2221 sit.
1855 2181 1964 2218 non

318 2263 508 2308 tuuwn
573 2263 659 2308 est
701 2257 825 2308 sine
861 2261 1069 2311 Patre:
1109 2256 1278 2308 habet
1310 2256 1464 2308 enim
1504 2254 1726 2307 Patrem
1763 2253 1966 2322 Deum,

319 2361 383 2395 ex
410 2354 531 2411 ‘quo
567 2353 622 2397 et
652 2347 884 2414 genitus
917 2352 1023 2397 est.
1052 2343 1221 2396 Pater
1252 2361 1380 2395 vero
1412 2350 1467 2396 et
1500 2359 1608 2395 non
1645 2331 1828 2395 tactus
1861 2349 1967 2407 est,

317 2439 373 2484 et
403 2448 504 2484 nec
535 2449 794 2496 causam,
831 2450 934 2487 nec
964 2433 1190 2486 Patrem
1232 2433 1429 2485 habet.
1464 2431 1674 2485 Maced.
1710 2430 1832 2484 Non
1868 2427 1971 2499 igi-

318 2523 629 2574 turl'actus
661 2528 748 2574 est
779 2521 1033 2591 Spiritus
1087 2538 1187 2590 per
1247 2519 1503 2573 Filium?
1558 2519 1708 2574 Orth.
1771 2518 1965 2572 Absit!

318 2607 618 2670 Quomodo
673 2610 826 2662 enim
887 2609 1056 2663 Pater
1104 2607 1270 2662 illum
1301 2622 1478 2678 super
1512 2607 1720 2660 Filium
1758 2622 1968 2677 ponere

321 2694 480 2762 dicit,
515 2696 562 2750 si
612 2714 710 2767 per
770 2697 963 2767 ipsum
1019 2684 1229 2751 Filium
1290 2697 1543 2767 Spiritus
1595 2696 1782 2749 factus
1837 2693 1968 2749 est?

321 2784 519 2838 .‘llaced.
557 2785 658 2839 Ubi
690 2785 975 2856 scriptum
1007 2792 1113 2850 est,
1150 2785 1375 2839 Patrem
1409 2801 1585 2854 super
1615 2783 1824 2838 Filium
1867 2799 1967 2854 po-

323 2889 457 2927 nere
510 2873 832 2944 Spiritum?
889 2874 1039 2929 Orth.
1106 2898 1124 2921 ιι
1164 2874 1303 2927 Ecce
1335 2889 1478 2942 puer
1501 2889 1666 2926 meus
1698 2872 1965 2938 dilectus,

321 2961 376 3014 in
413 2979 584 3032 quem
617 2949 972 3033 complacuit
1001 2962 1110 3017 sibi
1143 2963 1340 3016 anima
1376 2977 1742 3032 mea:ponam
1793 2977 1970 3032 super

319 3066 453 3104 eum
513 3051 794 3122 Spiritum
858 3067 1050 3104 meum
1104 3051 1144 3104 τ.
1182 3073 1208 3099 ››
1240 3050 1448 3104 Muced.
1483 3050 1607 3104 Non
1642 3049 1797 3104 hunc
1830 3051 1970 3104 dicit

320 3137 621 3206 Spiritum.
656 3141 801 3194 Orth.
837 3144 1006 3193 Estne
1035 3155 1165 3193 vero
1219 3138 1370 3192 alius
1429 3139 1615 3193 Patris
1673 3138 1968 3210 Spiritus?

2079 568 2178 639 μὸς
2208 573 2312 622 τῶν
2350 567 2534 624 ἄλλων
2571 568 2752 642 μελῶν
2783 575 2882 624 τοῦ
2913 571 3164 643 σώματος
3196 571 3522 645 τιμιώτερός
3555 571 3718 639 ἐστιν,

2161 655 2441 732 ὀφθαλμός
2519 657 2680 713 ἐστιν·
2752 656 2878 713 ἀλλ’
2927 659 3055 733 οὐχὶ
3113 659 3272 731 σῶμα
3329 659 3459 713 ἐστι.
3521 658 3722 715 MOU-£3.

2075 746 2267 816 Ἡμεῖς
2295 744 2552 820 λέγοαεν,
2585 747 2668 802 ὅτι
2700 747 2758 801 ἐκ
2784 751 2881 802 τοῦ
2908 751 3041 808 Θεοῦ
3074 744 3163 801 διὰ
3203 752 3299 801 τοῦ
3334 748 3458 801 Υἱοῦ
3505 746 3618 823 ἔχει
3663 749 3727 802 τὸ

2077 834 2224 889 εἶναι.
2279 835 2426 910 Ὀρθ.
2465 836 2538 890 Τὰ
2583 838 2682 912 γὰρ
2734 833 2897 905 ἄλλα,
2949 835 3048 890 οὐκ
3097 835 3154 890 έκ
3195 841 3292 890 τοῦ
3342 841 3474 890 Θεοῦ
3506 835 3594 890 διὰ
3628 841 3727 890 τοῦ

2076 923 2203 976 Υἱοῦ
2263 922 2460 998 ἔχοντα
2504 927 2565 979 τὸ
2633 924 2786 993 εἶναι,
2832 923 3100 997 κτίσματά
3143 925 3289 996 sint;
3349 923 3548 981 Μακεδ.
3602 925 3727 982 Ναί.

2077 1012 2224 1088 Ὀρθ.
2290 1013 2496 1086 Κτίσμα
2553 1011 2654 1090 ἄρα
2699 1009 2789 1068 καὶ
2836 1013 2900 1068 τὸ
2949 1018 3188 1086 Πνεῦμα.
3234 1011 3434 1069 Μακεδ.
3470 1013 3547 1070 Οὐ
3579 1011 3729 1088 λέγω

2076 1100 2295 1173 κτίσμα,
2377 1099 2564 1169 ἐπειδή
2644 1101 2704 1156 οὐ
2775 1103 3095 1177 γέγραπται.
3150 1103 3296 1173 Ὀρθ.
3360 1103 3446 1169 Μή
3503 1103 3727 1177 γενητὸν

2077 1189 2219 1264 λέγε,
2255 1187 2441 1259 ἐπειδὴ
2477 1191 2536 1245 ἐκ
2565 1189 2934 1263 παραλλήλου
2963 1190 3094 1244 αὐτὸ
3145 1191 3546 1262 σημαινόμενόν
3579 1190 3720 1248 ἐστι.

2076 1275 2276 1335 Μακεδ.
2337 1277 2533 1346 Ἀλλὰ,
2584 1304 2610 1329 ‹‹
2669 1280 2846 1334 Πάντα
2898 1276 2967 1332 δι’
3015 1279 3179 1332 αὐτοῦ
3211 1278 3439 1353 ἐγένετο,
3471 1304 3497 1330 n
3531 1280 3727 1354 γέγρα-

2074 1386 2220 1420 πται·
2284 1368 2394 1437 καὶ,
2450 1392 2476 1418 ‹‹
2527 1368 2600 1421 Τὰ
2649 1367 2932 1439 σύμπαντα
2982 1364 3153 1421 δοῦλα
3203 1368 3289 1436 σά,
3345 1392 3370 1417 ››
3402 1369 3728 1443 γέγραπται.

2073 1459 2222 1530 Ὀρθ.
2258 1455 2462 1510 Δοῦλον
2493 1455 2582 1510 οῦν
2618 1455 2796 1530 λέγεις
2827 1457 2888 1510 τὸ
2921 1461 3181 1529 Ιινεῦμα;
3234 1455 3439 1512 Manta.
3498 1458 3586 1524 Μὴ
3639 1458 3732 1530 γέ-

2075 1545 2260 1598 νοιτοῙ
2315 1545 2461 1618 Ὀρθ.
2523 1543 2638 1601 Οὐκ
2681 1543 2782 1620 ἄρα
2833 1546 2968 1616 μετὰ
3005 1549 3111 1598 τῶν
3146 1545 3358 1599 πάντων
3387 1552 3734 1620 συναριθμεῖ-

2074 1653 2184 1689 ται.
2218 1630 2418 1690 Μακεδ.
2451 1633 2582 1708 Τρία
2612 1631 2702 1686 οῦν
2738 1633 2968 1707 ἀγένητα
2997 1631 3176 1708 λέγεις
3204 1653 3217 1701 ;
3253 1634 3398 1706 Ὀρθ.
3448 1633 3599 1690 Ἀλλ’
3631 1633 3735 1688 οὐκ

2079 1720 2306 1788 ἀναίτια,
2342 1719 2464 1775 οὔτε
2497 1723 2571 1793 μὴ
2603 1723 2743 1794 (17⁶)
2788 1721 3048 1796 ἀπάτορα.
3098 1722 3194 1775 Καὶ
3247 1722 3350 1797 γὰρ
3384 1721 3433 1776 εἷ’
3465 1722 3730 1796 ἀγένητον

2075 1810 2137 1862 τὸ
2197 1811 2435 1881 Πνεῦμα,
2489 1809 2609 1865 ἁλλ¹
2656 1811 2756 1864 οὐκ
2807 1809 3065 1864 ἀναίτιόνο
3119 1809 3236 1885 ἔχει
3289 1812 3390 1884 γὰρ
3436 1808 3604 1864 α’ίτιον
3637 1813 3729 1865 τὸν

2078 1898 2229 1962 Θεὸν,
2282 1896 2343 1951 οὗ
2397 1898 2616 1970 Πνεῦμα
2666 1897 2797 1954 ἐστι.
2859 1897 2961 1952 Κᾶν
3014 1897 3273 1974 ἀγένητος
3322 1900 3350 1952 6
3401 1899 3542 1963 Υἱὸς,
3602 1897 3733 1954 ἀλλ’

2077 1986 2180 2039 οὐκ
2209 1987 2452 2060 ἀπάτωρ.
2513 1986 2628 2062 ἔχει
2672 1989 2774 2061 γὰρ
2831 1988 3040 2061 Πατέρα
3097 1987 3187 2041 τὸν
3239 1987 3390 2055 Θεὸν,
3444 1987 3493 2057 ἐξ
3547 1987 3608 2040 οὗ
3640 1989 3732 2042 καὶ

2077 2074 2414 2147 γεγέννηται.
2476 2077 2535 2131 Ὀ
2584 2073 2640 2129 δὲ
2696 2077 2878 2149 Πατὴρ
2929 2076 3017 2130 καὶ
3063 2075 3326 2150 ἀγένητος
3371 2077 3458 2130 καὶ
3490 2076 3734 2138 ἀναίτιος

2077 2163 2164 2216 καὶ
2198 2162 2439 2232 ἀπάτωρ.
2493 2161 2694 2220 Musa.
2742 2163 2855 2220 Οὐκ
2901 2163 3112 2237 ἐγένετο
3147 2164 3237 2218 οὗν
3271 2164 3333 2218 τὸ
3367 2169 3589 2236 Πνεῦμα
3645 2163 3736 2220 διὰ

2075 2257 2171 2304 τοῦ
2203 2253 2368 2320 Υἱοῦ;
2405 2253 2552 2327 Ὀρθ.
2709 2251 2956 2325 γένοιτοῐ
2994 2255 3120 2314 ΙΙῶς
3170 2253 3270 2327 γὰρ
3320 2253 3347 2306 6
3394 2254 3585 2327 Πατὴρ
3648 2253 3735 2308 λέ-

2077 2361 2159 2413 γει
2190 2342 2391 2394 τιθέναι
2441 2341 2570 2394 αὐτὸ
2629 2341 2713 2394 ἐπὶ
2763 2343 2852 2396 τὸν
2905 2340 3050 2408 Υἱὸν,
3103 2339 3252 2415 ε”περ
3308 2338 3378 2395 δι’
3422 2341 3586 2395 αὐτοῦ
3619 2342 3733 2418 ἐγέ-

2075 2450 2235 2498 νετο,
2289 2427 2489 2486 Μακεὸ.
2555 2431 2668 2486 Ποῦ
2720 2430 3038 2505 γέγραπται,
3099 2429 3180 2484 ὅτι
3228 2431 3255 2484 ὁ
3295 2431 3478 2500 Πατὴρ
3516 2430 3604 2484 ἐπὶ
3636 2432 3732 2486 τὸν

2077 2517 2200 2571 Υἱὸν
2231 2516 2412 2587 τίθησι
2461 2519 2522 2572 τὸ
2559 2523 2812 2590 ΙΙνεῦμα;
2844 2522 2994 2594 Ὀρθ.
3048 2543 3075 2573 α
3106 2516 3246 2574 Ἰδοὺ
3278 2520 3305 2572 6
3367 2521 3501 2579 Παῖς
3546 2541 3652 2590 μου
3705 2521 3733 2573 6

2077 2606 2368 2682 ἀγαπητὸς,
2435 2606 2510 2667 εἷς
2563 2606 2620 2660 ὃν
2682 2604 2968 2676 εὐδόκησεν
3017 2609 3052 2676 ἡ
3103 2609 3254 2680 ψυχή
3311 2627 3436 2678 μουο
3491 2611 3644 2676 θήσω
3670 2611 3732 2663 τὸ

2079 2695 2301 2766 Πνεῦμά
2351 2716 2455 2767 μου
2507 2695 2588 2748 ἐπ’
2632 2694 2811 2749 αὐτόν.
2874 2722 2891 2744 η
2932 2693 3134 2750 Μακεδ.
3167 2695 3244 2751 Οὐ
3272 2700 3433 2749 τοῦτο
3467 2694 3617 2769 λέγει
3670 2699 3732 2750 τὸ

2079 2787 2317 2854 Πνεῦμα.
2367 2785 2512 2858 Ὀρθ.
2566 2791 2714 2838 Ἔστι
2765 2784 2867 2858 γὰρ
2918 2783 3060 2838 ἄλλο
3093 2785 3309 2856 ΙΙνεῦμα
3337 2788 3434 2838 τοῦ
3467 2785 3731 2857 ΙΙατρόςς

2077 2868 2275 2926 Μακεδ.
2339 2872 2435 2924 Καὶ
2492 2871 2647 2933 αὐτὸς
2705 2873 2732 2925 ὁ
2796 2873 2984 2947 Πατὴρ
3035 2871 3257 2945 Πνεῦμά
3303 2871 3434 2927 ἐστι·
3479 2874 3568 2927 καὶ
3602 2873 3726 2928 ὅταν

2078 2956 2243 3034 λέγει,
2279 2983 2307 3012 ‹‹
2339 2963 2499 3029 Θήσω
2529 2962 2590 3014 τὸ
2649 2961 2872 3033 Πνεῦμα
2926 2982 3028 3032 μου
3074 2960 3155 3014 ἐπ’
3207 2960 3388 3030 αὐτὸν,
3439 2987 3466 3011 υ
3499 2959 3729 3034 δύναμιν

2077 3047 2240 3102 αὐτοῦ
2272 3047 2435 3124 λέγει.
2474 3049 2612 3123 Ὀρθ.
2645 3051 2809 3106 “Οταν
2845 3047 2933 3102 οῦν
2969 3048 3137 3124 λέγει,
3174 3073 3201 3101 υ
3235 3050 3347 3126 Ἐφ’
3389 3049 3446 3103 ὅν
3497 3050 3555 3104 ἂν
3611 3049 3730 3124 ἰδῃς

2050 3135 2137 3191 ’τὸ
2199 3141 2419 3209 Πνεῦμα
2467 3132 2789 3192 καταϐαῖνον
2840 3139 2927 3191 καὶ
2987 3136 3144 3209 μένον
3199 3137 3280 3192 ἐπ’
3331 3138 3512 3206 αὐτὸν,
3551 3163 3579 3188 υ
3628 3141 3731 3207 τήν

319 3227 517 3281 Maced.
555 3226 722 3280 Pater
754 3227 874 3298 ipse
906 3227 1153 3298 Spiritus
1184 3233 1293 3294 est,
1327 3233 1383 3281 et
1415 3228 1647 3297 quando
1681 3226 1779 3292 ait,
1814 3232 1962 3282 «Po-

2080 3219 2304 3298 δύναμιν
2365 3225 2528 3279 αὐτοῦ
2587 3225 2775 3299 λέγεις
2834 3222 3038 3282 Μακεδ.
3097 3223 3231 3291 Οὔκ,
3295 3223 3420 3280 ἀλλ’
3469 3226 3598 3280 αὐτὸ
3666 3229 3730 3282 τὸ

321 3331 456 3368 nam
490 3314 775 3385 Spiritum
813 3332 1004 3370 meum
1038 3332 1215 3387 super
1245 3332 1403 3383 eum,
1431 3337 1458 3363 ››
1491 3316 1764 3370 virtutem
1797 3333 1964 3371 suam

322 3402 614 3474 intelligit.
652 3404 802 3459 Orth.
837 3404 977 3458 Cum
1012 3420 1148 3474 ergo
1179 3403 1338 3467 dicit,
1373 3427 1399 3452 ‹‹
1434 3403 1621 3474 Super
1651 3420 1822 3475 quem
1869 3405 1966 3460 de-

322 3492 694 3546 scendentem
756 3498 812 3546 et
874 3498 1202 3547 manentem
1256 3491 1407 3546 488
1441 3492 1654 3545 videris
1684 3492 1965 3563 Spiritum

325 3597 500 3652 super
529 3597 662 3636 eum
693 3581 735 3648 ⁸,
771 3603 796 3628 n
828 3581 1099 3636 virtutem
1134 3582 1320 3651 ipsius
1351 3580 1532 3634 dicit?
1563 3580 1758 3636 Maced.
1819 3581 1966 3646 Non,

327 3672 424 3724 sed
460 3671 739 3741 Spiritum
771 3670 967 3742 ipsum
1001 3669 1356 3740 paracletum
1388 3669 1548 3724 dicit.
1584 3668 1825 3724 Orth.De
1855 3668 1968 3726 alio

324 3759 500 3828 igitur
531 3761 820 3830 prophetae
853 3758 1082 3814 locutus
1109 3764 1218 3828 est,
1251 3774 1422 3829 quem
1457 3773 1634 3828 super
1678 3774 1810 3812 eum
1873 3775 1968 3830 po—

321 3850 543 3906 siturus
573 3850 823 3917 esset,de
853 3847 966 3903 alio
996 3847 1210 3902 Joanni
1251 3847 1456 3903 Maced.
1477 3848 1656 3911 Quem
1689 3847 1758 3901 ad
1791 3847 1966 3903 Joan-

322 3957 449 3994 nem
483 3938 630 3992 dixit
660 3955 724 3994 se
753 3937 1080 4009 positurum
1115 3953 1292 4008 super
1333 3951 1488 4000 eum,
1551 3937 1600 3990 is
1657 3940 1745 3990 est
1795 3936 1966 3990 Para-

317 4027 502 4083 cletus
537 4045 549 4082 :
585 4029 633 4082 is
693 4043 826 4080 vero
869 4027 940 4080 de
970 4042 1084 4096 quo
1117 4025 1182 4078 ad
1218 4025 1561 4096 prophetam
1595 4023 1823 4078 locutus
1854 4030 1964 4091 est,

317 4133 484 4172 suam
517 4117 707 4186 ipsius
738 4114 1010 4170 virtutem
1045 4113 1206 4167 dicit.
1241 4113 1392 4167 Orth.
1429 4112 1661 4167 Duosne
1717 4111 1966 4182 Spiritus

316 4205 493 4260 habet
548 4204 742 4258 Deus?
778 4203 984 4259 Maced.
1021 4207 1170 4256 Deus
1199 4201 1324 4273 ipse
1349 4201 1602 4272 Spiritus
1630 4204 1738 4256 est.
1771 4201 1882 4255 Sed
1910 4206 1968 4256 et

315 4294 500 4348 virtus
532 4292 658 4363 ejus
686 4291 940 4363 Spiritus
970 4291 1201 4344 dicitur.
1237 4289 1388 4344 Orth.
1445 4289 1643 4344 Virtus
1702 4287 1819 4342 haec
1877 4295 1968 4346 est

314 4382 566 4452 Spiritus
621 4379 972 4435 subsistens.
1033 4378 1233 4433 Maced.
1267 4378 1389 4432 Non
1423 4376 1688 4449 intelligo
1719 4378 1856 4448 quid
1889 4379 1969 4434 sit

316 4467 1002 4526 subsistenszvirtutem
1067 4484 1232 4522 suam
1288 4483 1350 4521 sc
1409 4467 1737 4538 positurum
1799 4467 1964 4521 dixit.

2077 3317 2295 3386 Πνεῦμα
2341 3314 2432 3367 τὸν
2484 3313 2843 3388 ΙΙαράκλητον
2875 3313 3045 3388 λέγει.
3079 3315 3226 3390 Ὀρθ.
3277 3313 3456 3368 Ἀλλο
3488 3315 3580 3368 οὖν
3611 3315 3729 3370 εἶπε

2075 3407 2152 3473 τῷ
2184 3404 2438 3480 προφήτῃ
2466 3403 2664 3456 τιθέναι
2696 3401 2777 3456 ἐπ’
2808 3401 2989 3474 αὐτὸν,
3034 3402 3122 3456 καὶ
3179 3399 3318 3457 ἄλλο
3361 3407 3440 3474 τῷ
3485 3404 3724 3479 Ἰωάννῃ.

2079 3487 2275 3546 Μακεδ.
2329 3491 2398 3546 ’Ὀ
2449 3490 2565 3546 εἶπε
2609 3495 2689 3563 τῷ
2737 3492 2958 3564 Ἰωάννῃ
3002 3489 3204 3545 τιθέναι
3251 3491 3333 3546 έπ³
3361 3491 3544 3560 αὐτὸν,
3581 3491 3723 3547 ἔστιν

2077 3581 2104 3634 ὁ
2141 3577 2515 3654 ΙΙαράκλητος·
2579 3578 2610 3632 ὅ
2640 3576 2696 3632 ’δὲ
2745 3579 2861 3634 εἶπε
2904 3577 2993 3634 διὰ
3039 3583 3134 3633 τοῦ
3166 3583 3470 3656 προφήτου,
3499 3583 3601 3648 τήν
3628 3579 3723 3635 δό-

2075 3689 2234 3740 ναμιν
2283 3671 2380 3736 τήν
2429 3667 2618 3722 ἑαυτοῦ
2668 3666 2831 3743 λέγει.
2875 3669 3026 3740 Ὀρθ.
3076 3667 3180 3723 Δύο
3223 3668 3514 3740 ΙΙνεῦματα
3543 3689 3663 3746 εχει
3693 3671 3722 3724 6

2077 3757 2243 3825 Θιός;
2295 3753 2495 3812 Μακεδ.
2545 3756 2722 3818 Αὐτὸς
2771 3757 2798 3810 ὁ
2830 3757 2958 3818 Θεὸς
3003 3758 3224 3829 Πνεῦμα
3253 3757 3382 3810 ἐστι’
3419 3757 3632 3833 λέγεται
3664 3756 3722 3814 δὲ

2075 3845 2162 3900 καὶ
2195 3847 2228 3914 ἡ
2267 3843 2494 3917 δύναμις
2526 3845 2694 3898 αὑτοῦ
2727 3849 2970 3917 Πνεῦμα.
3006 3847 3158 3919 Ὀρθ.
3208 3847 3270 3900 Ἡ
3319 3843 3549 3918 δύναμις
3590 3847 3727 3918 αὕτη

2077 3935 2298 4005 Ιῐνεῦμα
2346 3932 2724 3989 ένυπόστατον.
2776 3930 2981 3990 Μακεδ.
3041 3933 3432 3988 Ἐνυπόστατον
3479 3935 3531 3987 τί
3562 3934 3730 4008 ἐστιν,

2075 4021 2136 4076 οὐ
2180 4025 2308 4076 νοῶ’
2357 4021 2456 4089 τὴν
2509 4019 2734 4094 δύναμιν
2788 4021 2950 4076 αὐτοῦ
3001 4023 3116 4075 εἷπε
3162 4023 3381 4079 τιθέναι.
3438 4024 3581 4097 Ὀρθ.
3613 4025 3731 4092 Τήν

2076 4108 2302 4182 δύναμιν
2362 4109 2548 4179 αὐτοῦ,
2608 4111 2670 4178 ἣν
2726 4109 2842 4164 εἶπε
2888 4111 3116 4179 τιθέναι,
3169 4109 3525 4173 ένυπόστατός
3559 4111 3724 4169 ἐστιν.

2076 4197 2276 4256 Μακεδ.
2336 4198 2479 4255 Αῦτό
2531 4197 2671 4253 ἐστιν
2720 4199 2748 4252 6
2796 4199 2947 4260 Θεός.
2983 4199 3132 4273 Ὀρθ.
3186 4199 3438 4274 Καίτοιγε
3486 4199 3724 4276 εἷρηκὼς

2073 4287 2153 4360 τῷ
2208 4287 2448 4361 Ίωάννῃ’
2509 4312 2536 4339 ‹‹
2588 4287 2702 4359 Ἐφ’
2752 4287 2809 4341 ὅν
2861 4285 2981 4361 ἴδῃς
3035 4287 3097 4342 τὸ
3149 4290 3372 4360 Πνεῦμα
3398 4284 3727 4344 καταϐαῖνον

2076 4376 2202 4431 ὡσεὶ
2261 4375 2598 4451 περιστερὰν,
2659 4375 2748 4430 καὶ
2813 4379 2968 4448 μένον
3028 4375 3108 4430 ἐπ’
3159 4375 3337 4430 αὐτόν·
3401 4402 3430 4427 »ι
3489 4379 3578 4432 καὶ
3625 4383 3726 4432 τοῦ

2077 4466 2324 4520 Ἰωάννου
2375 4463 2724 4536 θεασαμένου,
2789 4463 3024 4540 ἐπήγαγε
3079 4466 3178 4533 τὴν
3239 4464 3385 4539 παρὰ
3441 4470 3518 4536 τῷ
3587 4486 3728 4541 προ-

317 4559 479 4616 ()rlh.
538 4558 734 4612 Virtus
765 4558 914 4628 ejus,
950 4573 1125 4628 quam
1161 4573 1221 4611 se
1252 4557 1582 4628 positurum
1615 4555 1778 4622 dixit,
1809 4555 1869 4609 in
1903 4571 1965 4611 se

2075 4555 2218 4630 φήτῃ
2275 4553 2684 4625 σημαινομένην
2747 4554 2950 4630 φωνήν·
3011 4577 3038 4602 ‹‹
3087 4551 3260 4615 Οῦτός
3317 4552 3458 4606 ἐστιν
3519 4554 3547 4607 6
3608 4555 3727 4616 Υἱός

314 4647 600 4704 subsistit.
635 4646 833 4702 Maced.
874 4648 1021 4701 Deus
1055 4647 1178 4716 ipse
1210 4651 1318 4699 est.
1357 4645 1506 4700 Orth.
1579 4643 1771 4714 Atqui,
1831 4661 1963 4699 cum

310 4739 523 4794 Joanni
583 4736 828 4792 dixisset
877 4753 888 4790 :
943 4759 971 4784 «
1008 4735 1196 4806 Super
1225 4750 1398 4805 quem
1431 4732 1644 4787 videris
1675 4733 1962 4804 Spiritum

313 4827 782 4890 descendentem,
813 4823 970 4879 velut
1002 4823 1356 4889 columbam,
1389 4825 1446 4876 et
1476 4826 1807 4876 manentem
1861 4839 1960 4876 su-

314 4933 411 4988 per
466 4933 600 4971 eum
648 4916 688 4981 θ,
725 4938 752 4964 ››
786 4929 1040 4984 eumque
1071 4912 1326 4968 Joannes
1358 4927 1490 4965 cum
1525 4910 1784 4974 vidisset,
1817 4911 1962 4964 sub-

300 5005 496 5076 junxit
529 5023 560 5057 a
593 5003 874 5076 propheta
905 5002 1294 5074 signiﬁcatam
1344 5016 1540 5055 vocem
1578 5017 1590 5054 :
1631 5023 1649 5047 ι
1716 4998 1816 5053 Hic
1873 5004 1962 5054 est

309 5094 487 5148 Filius
547 5109 713 5148 meus
761 5091 1035 5160 dilectus,
1097 5090 1152 5144 in
1216 5106 1387 5160 quem
1445 5086 1556 5141 sibi
1607 5086 1962 5158 complacuit

305 5183 500 5238 anima
559 5198 708 5236 mea.
773 5203 798 5228 η
859 5179 1051 5247 Vides,
1105 5184 1165 5232 ut
1196 5178 1410 5233 eaedem
1449 5174 1760 5246 utrobique
1791 5192 1960 5230 voces

308 5277 598 5344 ponantur
630 5287 643 5325 :
681 5287 749 5323 ne
782 5267 1318 5338 cogitemus,alium
1351 5264 1636 5336 Spiritum
1674 5281 1774 5335 per
1821 5281 1954 5336 pro-

306 5361 561 5433 phetam,
623 5356 803 5412 alium
862 5354 1068 5410 Joanni
1130 5355 1311 5408 fuisse
1362 5353 1605 5406 dictum.
1644 5353 1858 5407 Deinde
1888 5370 1956 5408 ex

305 5454 456 5503 Luca
487 5448 648 5502 disce
679 5446 830 5516 quod
865 5444 1148 5514 scriptum
1183 5447 1292 5497 est.
1355 5441 1739 5512 Posteaquam
1795 5442 1949 5497 enim

371 5566 394 5599 ⁸
421 5565 590 5619 Joan.
623 5579 662 5628 ι,
697 5563 749 5616 3.
826 5568 845 5601 ἰ
877 5560 984 5614 lsa.
1016 5574 1150 5623 xm,
1187 5558 1236 5612 1.
1315 5566 1336 5600 8
1361 5559 1531 5613 Joan.
1565 5571 1607 5627 ι,
1633 5556 1721 5610 33.
1798 5557 1820 5591 θ
1850 5555 2000 5612 Ibid.

373 5664 511 5733 (17')
541 5663 686 5732 Lege
719 5659 850 5731 μήν,
885 5662 948 5713 ut
977 5656 1085 5714 rol.
1122 5655 1278 5712 1332.
1314 5656 1470 5709 Enna

2078 4663 2182 4712 μου
2213 4643 2241 4696 ὁ
2290 4641 2584 4717 ἀγαπητὸς,
2634 4641 2709 4703 εἱς
2768 4642 2826 4696 ὃν
2883 4639 3169 4710 εὐδόκησεν
3227 4644 3262 4710 ἡ
3316 4644 3470 4717 ψυχή
3534 4663 3662 4715 μου.
3701 4667 3728 4694 ι)

2069 4731 2248 4801 Ὁρᾷς,
2281 4730 2362 4784 δτι
2394 4731 2448 4784 αἱ
2479 4729 2632 4783 αὐταὶ
2677 4729 2844 4807 φωναὶ
2896 4736 3120 4785 κεῖνται’
3150 4728 3242 4784 ’ἱνα
3303 4731 3380 4802 μὴ
3442 4728 3585 4786 ἄλλο
3641 4729 3732 4786 διὰ

2071 4823 2166 4872 τοῦ
2196 4820 2479 4892 προφήτου
2520 4819 2763 4891 Πνεῦμα,
2797 4819 2885 4871 καὶ
2932 4816 3072 4872 ἄλλο
3123 4822 3200 4890 τῷ
3232 4818 3454 4892 Ἰωάννῃ
3500 4819 3730 4895 εἰρημέ-

2070 4928 2160 4961 νον
2213 4910 2534 4979 νοήσωμενς
2568 4905 2792 4961 Ἐπειτᾶ
2845 4905 2980 4978 μάθε
3028 4905 3118 4961 καί
3148 4907 3293 4983 παρᾶ
3325 4912 3403 4978 τῷ
3435 4913 3644 4978 Λουκᾷ,
3675 4909 3730 4963 τί

2071 4996 2392 5072 γέγραπται.
2423 4999 2568 5062 "Oti,
2603 4995 2956 5056 κατελθόντος
2996 5000 3093 5050 τοῦ
3125 4996 3446 5068 ΙΙνεύματος
3479 4997 3571 5051 καὶ
3607 4996 3730 5070 μεί-

2068 5107 2258 5147 ναντος
2312 5084 2394 5140 ἐπ’
2442 5084 2625 5155 αὐτὸν,
2674 5085 2761 5138 καὶ
2809 5091 2906 5153 τῆς
2962 5091 3147 5162 φωνῆς
3198 5080 3520 5160 λεγομένης,
3556 5084 3726 5161 λέγει*

2076 5196 2096 5222 α
2147 5177 2357 5244 Ἰησοῦς
2411 5170 2490 5236 δέ,
2535 5172 2843 5246 ιινεόματος
2891 5171 3049 5247 ἁγίου
3097 5171 3339 5247 πλήρης,
3394 5173 3724 5249 ὑπέστρεψεν

2070 5263 2174 5317 ἀπὸ
2204 5267 2301 5316 τοῦ
2335 5259 2629 5335 Ἰορδάνου,
2661 5261 2750 5315 καὶ
2781 5259 2948 5335 ἤγετο
2979 5259 3030 5315 έν
3061 5262 3142 5331 τῷ
3193 5260 3470 5334 ΙΙνεύματι
3504 5261 3580 5322 εἰς
3621 5264 3723 5331 τὴν

2067 5351 2271 5426 ἔρημτν
2322 5357 2676 5427 πειρασθῆναι
2733 5351 2834 5405 ὑπὸ
2880 5354 2976 5404 τοῦ
3010 5344 3294 5406 διαϐόλου.
3331 5375 3358 5400 ››
3389 5350 3593 5406 Μακεδ.
3654 5354 3727 5407 Τὸ

2067 5443 2289 5513 Πνεῦμα
2347 5437 2438 5494 οῦν
2483 5439 2552 5494 τὸ
2601 5439 2750 5515 ἅγιον
2796 5437 3090 5514 πλήρωσις
3140 5437 3250 5494 ἐστι
3299 5443 3396 5493 τοῦ
3447 5441 3724 5515 Χριστοῦ;
