4086 6214
365 371 517 430 1329

1401 371 1710 431 CONTRA
1759 370 2154 429 MACEDON.
2204 371 2596 432 DIALOGUS
2641 372 2718 431 II.

3613 371 3774 431 1330

363 500 510 572 Ὀρθ.
542 499 599 550 Ὀ
630 495 1022 571 εύαγγελιστής
1063 497 1230 574 λέγει,
1263 497 1347 552 ὅτι
1406 500 1609 564 Ἰησοῦς
1656 499 1722 567 ἦν
1783 497 1999 572 πλήρης

2119 501 2374 569 Spiritus
2405 501 2704 556 descendit
2733 506 2789 555 et
2821 500 3041 555 mansit
3064 517 3242 571 super
3271 516 3428 568 eum,
3463 505 3518 555 et
3540 518 3647 556 vox
3678 519 3772 556 su-

363 587 673 658 Πνεύματος
757 587 931 660 ἁγίου.
1008 584 1210 644 Mimas.
1291 592 1486 655 Μεῖζον
1563 587 1652 641 οὖν
1733 585 1880 661 λέγει
1943 588 2005 640 τὸ

363 680 580 746 Πνεῦμα
637 679 735 728 τοῦ
792 675 947 732 Υἱοῦ.
1014 676 1165 751 Ὀρθ.
1229 677 1320 745 Mr‘;
1356 678 1616 750 γένοιτοέ
1679 672 1880 732 Μακεδ.
1943 674 2005 728 Εἰ

357 763 674 837 ἐπλήρωσεν
731 763 860 818 αὐτὸ
917 765 1006 818 τὸν
1065 764 1209 830 Υἱὸν,
1272 763 1320 818 εἴ
1355 763 1405 818 ἐν
1438 765 1516 836 τῷ
1551 765 1819 836 Πνεύματι
1879 763 2003 839 ἁγε-

356 874 468 918 ται,
523 857 707 924 μεῖζον
764 852 925 907 αὐτοῦ
965 852 1123 908 ἐστιν.
1183 855 1331 924 Ὀρθ.
1396 853 1490 908 Καὶ
1519 852 1683 908 πάλιν
1721 853 1890 927 λέγω,
1927 855 2001 926 μὴ

357 940 571 1015 γένοι’-ο
600 945 761 995 τοῦτο
808 940 972 995 εἷπεῖν
1000 943 1012 996 l
1051 940 1177 998 ἀλλ’
1230 941 1410 1017 ὥσπερ
1439 941 1526 996 ἐὰν
1558 940 1809 1015 ἀκούσῃς,
1859 942 1941 996 ὅτι
1975 943 2003 996 ὁ

357 1031 479 1092 Γίὸς
539 1029 597 1084 ἐκ
657 1026 842 1099 δεξιῶν
903 1031 1130 1098 κάθηται
1187 1035 1284 1085 τοῦ
1349 1032 1583 1106 Πατρὸς,
1659 1029 1782 1085 οὔτε
1834 1030 2000 1085 τόπον

353 1124 497 1180 νοεῖς
554 1117 640 1172 ἐπὶ
692 1119 842 1186 Θεὸν,
895 1117 1018 1172 οὕτε
1075 1118 1296 1190 μείζονα
1341 1122 1432 1174 τὸν
1468 1121 1588 1174 Υἱὸν
1619 1122 1754 1194 ἡγῇ,
1789 1117 1915 1173 ἀλλ’
1947 1119 2006 1174 ἐκ

351 1213 453 1275 τῆς
514 1201 968 1278 ὑπερϐαλλούσης
1025 1214 1192 1278 τιμῆς
1245 1209 1310 1262 τὸ
1384 1207 1576 1262 ταυτὸν
1634 1214 1736 1276 τῆς
1795 1207 2003 1284 φύσεως

353 1300 518 1355 νοεῖς·
581 1294 774 1366 οὕτως,
833 1293 919 1348 ἐὰν
980 1294 1235 1369 ἀκούσῃς,
1293 1294 1377 1350 ὅτι
1436 1297 1464 1350 ὁ
1522 1294 1733 1366 Ἰησοῦς
1783 1295 2003 1366 πλήρης

357 1383 668 1455 Πνεύματος
719 1382 896 1457 ἁγίου,
952 1383 1028 1454 μὴ
1079 1381 1377 1457 ἐλλείψεως
1423 1383 1711 1458 πλήρωσιν
1749 1383 2002 1458 νομίσῃς,

359 1474 499 1544 μήτε
559 1476 742 1542 μεῖζον
791 1471 856 1524 τὸ
909 1476 1130 1543 Πνεῦμα
1354 1471 1478 1527 ἁλλ’
1509 1472 1568 1526 ἐκ
1595 1479 1692 1542 τῆς
1726 1467 2000 1545 ὑπερϐαλ-

356 1558 562 1630 λούσης
590 1567 758 1631 τιμῆς
787 1559 876 1614 καὶ
910 1558 1151 1621 ἑνώσεως
1181 1561 1272 1614 τὸν
1305 1560 1463 1615 αὐτὸν
1519 1568 1616 1629 τῆς
1653 1560 1861 1638 φύσεως
1890 1561 2000 1616 νόει

353 1648 405 1703 ἐν
461 1648 607 1722 τρισὶ
661 1647 870 1710 τελείας
931 1647 1302 1721 ὑποστάσεσιν,
1355 1651 1477 1706 "Ott
1520 1647 1578 1703 δὲ
1611 1649 1692 1704 ἐπ’
1723 1649 1881 1703 αὐτὸν
1907 1650 1997 1704 τὸν

350 1737 476 1791 Υἱόν
537 1735 645 1790 ἐστι
697 1737 760 1791 τὸ
809 1741 1046 1808 Πνεῦμα,
1097 1734 1257 1790 ἄκουε
1285 1736 1373 1790 καὶ
1405 1736 1568 1792 αὐτοῦ
1601 1738 1854 1813 λεγοντος
1885 1745 2000 1799 τοῖς

353 1823 653 1886 Ἰουδαίοιςο
739 1848 767 1876 ‹‹
850 1829 1064 1896 Πνεῦμα
1137 1823 1339 1899 Κυρίου
1394 1825 1476 1880 ἐπ’
1529 1824 1645 1898 ἐμὲ,
1709 1824 1770 1880 οὗ
1826 1824 2076 1930 ἕνεκενΒ

353 1913 376 1930 ,ι
519 1915 529 1930 .
895 1913 908 1930 ς
1025 1917 1048 1928 -
1084 1912 1151 1930 η.
1425 1916 1492 1930 ..η
1582 1910 1607 1930 ν
1880 1915 1892 1930 ,
1942 1916 1954 1930 .

350 1913 537 1990 ἔχρισὲ
593 1933 676 1985 με·
734 1937 762 1964 ››
821 1913 911 1968 καὶ
956 1917 1052 1967 τοῦ
1084 1912 1309 1989 Πέτρου·
1364 1938 1390 1965 ‹‹
1425 1916 1548 1972 ’Ὁτι
1581 1910 1793 1989 ἔχρισεν
1835 1915 1994 1970 αὐτὸν

349 2004 378 2058 ὁ
409 2003 535 2064 Θεὸς
595 2001 864 2074 Πνεύματι
917 2001 1054 2077 ἁγίῳ
1101 2003 1189 2056 καὶ
1245 1999 1489 2075 δυνάμει.
1527 2028 1554 2053 n
1615 2001 1817 2058 Μακεδ.
1855 2005 1996 2078 Ἐγὼ

349 2093 563 2164 ἀμαθής
596 2090 735 2162 εἰμι,
769 2089 881 2164 ἄγω
911 2091 1004 2144 τὸν
1050 2087 1373 2145 διδάσκαλόν
1429 2112 1552 2162 μου,
1601 2091 1690 2146 καὶ
1751 2089 1995 2166 διαλέγε-

345 2179 435 2234 ταί
468 2201 572 2236 σοι.
609 2181 754 2242 Ὀοθ.
791 2178 1004 2232 Γενοιτό
1047 2199 1132 2233 σοι
1160 2180 1250 2233 τὸν
1285 2175 1476 2248 εὐσεϐῆ
1509 2178 1774 2254 λογισμὸν
1809 2175 1994 2235 λαϐεῖν

349 2266 714 2323 διδάσκαλονί
769 2266 860 2320 ’ἱνα
913 2269 988 2339 μή
1035 2267 1334 2342 ἀνθρώποις
1384 2269 1449 2338 ᾗς
1483 2267 1821 2338 ἀκολουθῶν,
1855 2267 1998 2324 ἀλλά

346 2362 428 2428 τῷ
484 2362 599 2427 Θεῷ
656 2361 733 2427 τῷ
783 2355 1048 2430 εἰρηκότιο
1109 2377 1130 2406 ι
1191 2357 1574 2431 Πορουθὲντες,
1631 2357 1998 2428 μαθητεύσατε

349 2446 523 2501 πάντα
566 2446 634 2500 τὰ
676 2442 825 2514 ἔθνη,
883 2445 1230 2520 βαπτίζοντες
1274 2445 1468 2505 αὐτοὺς
1501 2444 1577 2506 εἷς
1605 2445 1669 2499 τὸ
1700 2440 1873 2518 ὄνομα
1903 2451 1998 2500 τοῦ

356 2534 587 2609 Πατρὸς,
647 2534 735 2588 καὶ
790 2537 886 2587 τοῦ
946 2533 1092 2602 Υἱοῦ,
1141 2531 1228 2587 καὶ
1276 2537 1373 2587 τοῦ
1415 2533 1568 2608 ἀγίνυ
1601 2530 1935 2609 Πνεύματος.
1972 2559 1998 2586 ››

354 2625 557 2695 Ἀμήν.

2120 607 2223 660 pra
2252 591 2408 644 dicta
2438 591 2640 644 audita
2670 597 2780 656 est,
2810 590 3119 660 subjungit
3170 606 3183 643 :
3219 613 3245 638 α
3280 590 3456 643 Jesus
3488 606 3617 644 vero
3649 590 3766 661 ple-

2119 695 2229 734 nus
2261 679 2480 749 Spiritu
2512 684 2738 745 sancto,
2764 694 3066 750 regressus
3099 683 3188 733 est
3219 696 3249 732 a
3271 679 3549 742 Jordane,
3572 685 3629 732 et
3659 680 3765 732 du-

2117 775 2246 822 ctus
2275 773 2364 823 est
2396 769 2452 822 in
2484 769 2779 823 desertum
2812 786 2845 821 a
2875 768 3119 839 Spiritu,
3157 775 3220 822 ut
3251 785 3283 822 a
3315 765 3550 822 diabolo
3582 773 3766 822 tenta-

2117 862 2276 910 retur
2305 858 2366 911 ¹⁰.
2404 881 2430 906 ››
2465 857 2669 913 Maced.
2707 856 2959 928 Spiritus
2993 863 3229 911 sanctus
3261 856 3441 928 igitur
3469 856 3766 910 Christum

2114 942 2319 1016 implet
2373 961 2439 998 ac
2481 942 2768 1016 perﬁcit?
2821 943 2974 999 Orlh.
3021 943 3358 1012 Evanglista
3406 942 3504 1009 ait,
3559 942 3764 997 Jesum

2115 1033 2334 1103 Spiritu
2372 1037 2574 1088 sancto
2607 1034 2841 1104 plenum
2879 1032 3077 1087 fuisse.
3107 1033 3318 1086 Μαί-θα.
3351 1034 3629 1100 Majorem
3664 1031 3766 1099 igi-

2115 1128 2211 1177 tur
2260 1121 2396 1176 l"ilio
2442 1121 2726 1192 Spiritum
2779 1121 2939 1176 dicit.
2998 1121 3150 1176 ΟνΙΙι.
3205 1117 3408 1174 Absit!
3463 1120 3670 1174 Maced.
3705 1121 3763 1178 Si

2113 1211 2212 1266 ille
2279 1209 2488 1265 Filium
2541 1209 2823 1282 implevit,
2886 1210 2930 1262 si
2985 1226 3015 1264 a
3061 1209 3280 1280 Spiritu
3330 1207 3509 1263 Filius
3555 1211 3768 1280 agitur,

2116 1300 2302 1370 major
2331 1299 2456 1368 ipso
2488 1305 2576 1353 est
2605 1299 2879 1368 Spiritus.
2905 1299 3057 1354 Orth.
3088 1297 3302 1352 Iterum
3333 1296 3446 1360 aio,
3477 1297 3665 1351 absit!
3705 1303 3769 1352 ut

2113 1387 2221 1443 hoc
2254 1385 2475 1442 dicaml
2507 1388 2615 1442 Sed
2651 1387 3170 1458 quemadmodum,
3192 1403 3323 1440 cum
3351 1386 3523 1440 audis
3559 1386 3764 1440 Filium

2111 1478 2310 1532 sedere
2327 1479 2399 1532 ad
2421 1477 2721 1530 dexteram
2749 1475 3143 1544 Patris,neque
3169 1474 3362 1530 locum
3391 1477 3544 1545 apud
3580 1474 3763 1528 Deum

2111 1567 2308 1620 animo
2341 1565 2620 1635 concipis,
2656 1581 2759 1618 nec
2789 1564 3068 1632 majorem
3105 1562 3313 1616 Filium
3346 1561 3537 1630 ducis,
3562 1564 3663 1616 sed
3697 1579 3767 1616 ex

2109 1653 2403 1708 eminente
2433 1652 2650 1706 honore
2680 1657 2903 1707 naturae
2936 1651 3302 1706 identitatem
3336 1650 3615 1721 intelligis
3643 1667 3655 1705 :
3680 1651 3764 1706 sic

2110 1741 2355 1796 audiens
2384 1739 2858 1811 Jesum-plenum
2891 1739 3110 1810 Spiritu
3159 1745 3384 1806 sancto,
3439 1756 3552 1792 non
3605 1740 3759 1794 defe-

2110 1835 2239 1884 ctus
2272 1829 2763 1900 complementum
2798 1833 2987 1900 putes,
3023 1845 3127 1883 nec
3171 1829 3451 1899 majorem
3481 1827 3756 1899 Spiritum

2105 1918 2422 1981 existimes,
2457 1918 2558 1972 sed
2589 1934 2658 1972 ex
2687 1917 2981 1972 eminente
3011 1917 3229 1972 honore
3259 1923 3315 1971 et
3345 1917 3758 1982 unione,iden-

2103 2008 2333 2062 titatem
2368 2011 2589 2060 nature
2621 2006 2816 2073 animo
2862 2005 3086 2077 collige,
3139 2007 3193 2061 in
3244 2005 3434 2060 tribus
3485 2004 3750 2075 perfectis

2107 2095 2544 2167 hypostasibus.
2577 2095 2736 2160 Quod
2767 2111 2900 2149 vero
2930 2111 3106 2164 super
3137 2095 3330 2164 ipsum
3363 2093 3570 2148 Filium
3617 2093 3744 2164 Spi«

2107 2184 2253 2238 ritus
2289 2183 2384 2250 sit,
2405 2183 2539 2238 audi
2571 2190 2630 2238 et
2657 2183 2852 2254 ipsum
2892 2183 3115 2238 Judasis
3143 2173 3474 2252 loquentem
3512 2199 3524 2236 :
3559 2205 3585 2230 ‹‹
3621 2181 3747 2253 Spi-

2109 2273 2256 2326 ritus
2288 2271 2518 2326 Domini
2550 2288 2727 2343 super
2759 2288 2871 2341 me,
2903 2287 2970 2326 eo
3001 2271 3154 2342 quod
3200 2270 3428 2324 unxerit
3461 2287 3550 2325 me
3599 2274 3641 2306 ¹¹
3671 2287 3684 2335 ;
3725 2295 3743 2317 ι

2107 2365 2165 2416 et
2197 2362 2430 2416 Petrum
2467 2376 2478 2415 :
2515 2383 2542 2410 «
2578 2361 2724 2423 Quia
2755 2359 2918 2414 unxit
2949 2359 3143 2430 ipsum
3177 2359 3327 2414 Deus
3355 2359 3568 2430 Spiritu
3615 2376 3750 2413 san-

2109 2456 2203 2505 cto
2236 2455 2294 2504 et
2322 2451 2532 2504 virtute
2565 2451 2656 2503 ¹¹·.
2693 2471 2720 2497 ››
2753 2448 2950 2502 Maccd.
2987 2448 3100 2517 Ego
3130 2447 3455 2503 litterarum
3487 2464 3617 2501 sum
3647 2447 3753 2501 im-

2110 2539 2356 2610 peritus,
2419 2538 2766 2608 magistrum
2815 2553 3009 2590 meum
3054 2536 3366 2603 adducam,
3414 2536 3510 2606 qui
3561 2541 3752 2590 tecum

2111 2627 2394 2697 disputat.
2429 2625 2578 2680 Orth.
2632 2624 2863 2680 Utinam
2921 2624 3269 2695 magistrum
3333 2624 3437 2677 tibi
3487 2640 3754 2679 accersas

351 2713 508 2784 piam
543 2712 1002 2768 meditationem.
1039 2729 1052 2767 :
1087 2729 1159 2768 ne
1190 2711 1458 2769 homines
1491 2714 1778 2786 sequaris,
1807 2717 1906 2768 sed
1943 2721 2148 2784 Deum,
2179 2715 2279 2786 qui
2311 2714 2454 2769 dixit
2487 2731 2499 2768 :
2537 2737 2563 2762 «
2600 2714 2812 2768 Euntes
2842 2713 3040 2772 docete
3069 2728 3274 2766 omnes
3303 2717 3526 2781 gentes,
3559 2713 3751 2782 bapti-

348 2807 550 2857 zantes
581 2818 701 2867 eos,
735 2800 793 2855 in
824 2800 1059 2854 nomine
1090 2801 1300 2869 Patris,
1333 2808 1390 2856 et
1423 2801 1548 2857 Filii
1577 2807 1635 2857 et
1666 2803 1920 2875 Spiritus
1950 2803 2138 2860 sancti
2167 2805 2229 2858 ιθ.
2268 2828 2288 2853 ι
2327 2810 2532 2858 Amen.

762 2917 890 2970 ΤΟΥ
929 2915 1149 2971 ΑΥΤΟΥ
1189 2919 1586 2972 ΑΘΑΝΑΣΙΟΥ

2544 2917 2867 2973 EJUSDEM
2927 2914 3308 2970 ATHANASII

344 3020 568 3108 'E'tépa1
617 3017 851 3108 ξιάλεξις
889 3021 1105 3108 ,πρὸςν
1159 3018 1600 3108 ρᾱακεδονιανὸνζ
1672 3023 1792 3097 περὶ
1876 3029 1994 3108 τού,

2113 3028 2420 3108 Disputatio
2474 3025 2591 3108 alii:
2640 3024 2907 3108 adpensa;
2965 3022 3436 3108 Macedonianunr,
3487 3020 3551 3075 de
3601 3036 3750 3108 qug-

419 3089 477 3145 εἴ
548 3089 795 3234 ῗὶρέῖεσε
847 3089 1006 3164 σῶμα
1081 3089 1329 3167 ἔμψυχον
1407 3095 1436 3146 ὁ
1507 3089 1605 3147 τοῦ
1679 3089 1812 3148 Θεοῦ
1893 3089 1995 3149 Λόί

421 3182 519 3234 γος
671 3205 683 3218 .

421 3182 519 3236 γος
548 3182 683 3234 (ιδ).

894 3269 1458 3326 ΜΑΚΕΔΟΝΙΔΝΟΣ.

424 3372 504 3430 Ού
540 3372 702 3444 μόνον
744 3371 1046 3449 σφάλλεσθε
1080 3372 1348 3448 λέγοντες,
1411 3373 1493 3428 ὅτι
1526 3376 1820 3447 ὁμοούσιύς
1861 3378 2000 3432 ἐστιν

352 3461 380 3514 ὁ
413 3462 536 3522 Υἱὸς
581 3483 662 3533 τῳ
709 3461 900 3536 “arpi,
950 3460 1077 3515 ἁλλ’
1118 3461 1199 3516 ὅτι
1225 3463 1314 3516 καὶ
1347 3464 1531 3538 ψυχήν
1563 3463 1678 3539 εἶχε
1703 3466 1998 3539 σαρκωθείς

352 3551 382 3604 ὁ
441 3549 657 3623 Κύριος.
720 3551 1148 3607 ΟΡΘΟΔΟΞΟΣ.
1206 3551 1278 3604 Ού
1334 3551 1495 3622 μόνον
1525 3549 1844 3626 εύσεϐοὖμεν
1905 3555 1997 3611 λέ-

352 3658 563 3710 γοντες,
621 3635 702 3691 ὅτι
763 3637 1062 3707 ὁμοούσιός
1119 3636 1257 3692 ἐστιν
1311 3639 1338 3692 ὁ
1387 3639 1507 3700 Υἱὸς
1536 3643 1615 3710 τῷ
1647 3641 1839 3712 "arpi,
1874 3641 2000 3698 ἀλλ’

351 3725 436 3780 ὅτι
467 3726 556 3780 καὶ
611 3727 794 3800 ψυχὴν
846 3725 962 3800 εἶχε
1005 3726 1319 3802 σαρκωθείς.
1353 3724 1520 3784 Οὐδὲν
1555 3725 1610 3782 δὲ
1662 3728 1796 3803 μέγα
1825 3737 1998 3794 ποιεῖς

352 3813 684 3886 ἀρνούμενος
741 3814 802 3868 τὸ
833 3813 1146 3886 ὁμοούσιον,
1182 3814 1226 3868 εἷ
1257 3817 1440 3890 ψυχὴν
1473 3816 1630 3871 αὐτὸν
1663 3816 1806 3894 ἔχειν
1843 3821 1996 3895 ἀρνῇ,

349 3907 520 3957 Τοῦτο
572 3902 675 3978 γάρ
713 3901 852 3956 ἐστιν
906 3899 1042 3956 ἴδιον
1089 3906 1196 3956 τῶν
1248 3905 1310 3957 τὸ
1344 3903 1644 3980 ἐτερούσιον
1705 3907 1884 3963 καὶτὸ
1917 3910 2001 3962 ἁν-

350 3992 545 4063 όμοιον
597 3991 886 4066 λεγόντων.
937 3993 1049 4046 Ἵνα
1096 3991 1199 4067 γὰρ
1250 3994 1497 4061 παθητὴν
1545 3995 1643 4062 τήν
1690 3996 1869 4050 οὐσίαν
1902 4003 1998 4051 τοῦ

349 4084 691 4154 Μονογενοῦς
748 4079 990 4149 εἴπωσιν,
1031 4075 1242 4154 ἄψυχον
1303 4078 1546 4155 λέγουσι,
1597 4083 1684 4137 καί
1718 4083 1775 4138 ἐκ
1802 4085 1998 4140 τούτου

348 4169 800 4236 κατασκευάζουσι
849 4168 909 4222 τὸ
959 4167 1238 4241 ἀνόμοιον.
1273 4167 1478 4225 Μακεδ.
1513 4169 1669 4224 Ἀλλ’
1700 4174 1864 4243 ἡμεῖς
1910 4175 2000 4228 ἁν-

350 4257 542 4329 ὀμοιον
573 4256 666 4328 μὲν
694 4255 755 4310 ού
781 4254 1032 4332 λέγομεν,
1067 4254 1278 4331 ἄψυχον
1305 4256 1360 4311 δὲ
1387 4256 1636 4334 λὲγομεν.
1675 4261 1813 4335 Ὀρθ.
1839 4263 2002 4334 Ὁμο-

352 4345 558 4420 λογεῖς,
619 4344 700 4399 ὅτι
764 4347 909 4420 παρᾶ
962 4349 1040 4416 τῷ
1088 4345 1298 4416 θανάτῳ
1344 4344 1544 4421 ἤρξατο
1598 4346 1883 4413 λυπεῖσθαι
1912 4352 1999 4406 καὶ

352 4431 672 4504 ἀδημονεῖν,
733 4433 806 4494 ὡς
867 4431 918 4487 ἐν
965 4437 1044 4504 τῷ
1092 4433 1228 4486 κατᾶ
1255 4440 1527 4496 Ματθαῖον
1564 4435 1883 4512 Εύαγγελίῳ
1912 4441 2000 4514 γέ-

350 4543 610 4597 γραπται,
669 4522 759 4575 καὶ
816 4522 868 4576 ἐν
921 4527 1001 4593 τῷ
1056 4522 1190 4576 κατᾶ
1248 4524 1486 4594 Μάρκον,
1518 4526 1748 4598 ’Ἠρξατο
1782 4525 2000 4600 θαμϐεῖ-

351 4612 472 4665 σθαι
557 4611 648 4664 καὶ
723 4607 1056 4682 ἁδημονεῖνς
1135 4607 1334 4667 Μακεδ.
1415 4610 1539 4668 Ναί.
1617 4615 1763 4689 Ὀρθ.
1834 4615 1996 4687 Ἀδηο

357 4703 514 4770 μονεῖ
573 4695 631 4752 δὲ
686 4696 775 4752 va?
829 4692 1175 4770 ἐκθαμϐεῖται
1223 4698 1414 4769 Θεότης
1471 4701 1562 4754 τὸν
1591 4701 1836 4772 θάνατον,
1871 4707 1903 4774 ἢ
1935 4707 1996 4761 τὸ

352 4787 568 4862 ἄψυχον
618 4792 810 4858 σῶμα;
864 4784 1067 4843 Μακεδ.
1117 4786 1382 4857 Δηλονότι
1432 4791 1466 4857 ἡ
1509 4789 1699 4860 θεότης
1729 4813 1996 4867 σεσαρκω-

358 4875 515 4948 μὲνη.
577 4875 727 4946 Ὀρθ·
783 4875 1072 4947 Ἀνύμοιος
1133 4877 1234 4948 ἄρα
1291 4879 1325 4946 ἡ
1385 4882 1480 4932 τοῦ
1531 4877 1875 4952 1⁴ἱοῦθεότης
1929 4889 1996 4958 τῇ

348 4968 448 5018 τοῦ
513 4964 724 5036 Πατρὸς
795 4963 1052 5033 θεότητι;
1115 4961 1314 5019 Manes.
1372 4966 1459 5033 Μή
1519 4968 1772 5040 γὲνοιτοέ
1852 4971 1995 5045 Ὀρθ,

351 5051 418 5106 Εἰ
501 5048 769 5122 ἁδημονεῖ
836 5050 924 5105 καί
1003 5047 1351 5124 ἐκθαμϐεῖται
1424 5055 1514 5107 τὸν
1572 5054 1815 5124 θάνατον,
1881 5065 1998 5122 πῶς

353 5135 573 5192 δύναται
635 5139 830 5210 ὅμοιος
908 5140 1038 5193 εἶναι
1094 5139 1181 5193 καὶ
1251 5140 1667 5215 ἀπαράλλακτος
1723 5149 1802 5216 τῷ
1864 5149 2001 5218 μήτε

356 5224 744 5298 ἀδημονοῦντι,
780 5229 918 5299 μήτε
947 5227 1296 5300 λυπουμένῳ,
1334 5233 1473 5302 μήτε
1530 5227 1999 5307 ἐκθαμϐουμένῳ;

357 5310 562 5370 Mani-:3.
599 5312 820 5384 Ἐπειδῆ
867 5320 1025 5388 σῶμα
1084 5317 1416 5392 ἀνθρώπινον
1478 5317 1652 5393 ἔσχεν,
1714 5318 1998 5395 ἁδημονεῖ.

2178 3093 2372 3162 ctione,
2427 3114 2502 3149 an
2549 3097 2648 3149 Dei
2699 3095 2925 3149 Verbum
2970 3109 3164 3163 corpus
3209 3093 3520 3147 animatum
3576 3100 3752 3161 gesta-

2178 3171 2250 3222 rit
2278 3174 2303 3220 γ

2649 3270 3214 3327 MACEDONIANUS

2179 3382 2300 3436 Non
2334 3380 2542 3435 erratis
2572 3384 2801 3433 tantum
2835 3378 2987 3450 quod
3037 3375 3603 3432 consubstantialem
3651 3375 3754 3428 Pa-

2107 3474 2181 3527 tri
2215 3471 2422 3526 Filium
2458 3487 2586 3525 esse
2616 3470 2862 3524 dicatis:
2917 3469 3012 3522 sed
3048 3468 3220 3522 etiam
3256 3467 3406 3537 quod
3443 3465 3751 3520 Dominum

2109 3562 2476 3616 incarnatum
2525 3560 2780 3613 animam
2834 3573 3062 3628 quoque
3112 3555 3390 3610 habuisse
3427 3554 3750 3609 afﬁrmetis.

2109 3647 2612 3704 ORTHODOXUS.
2635 3652 2753 3701 Non
2789 3647 2958 3700 modo
2992 3644 3257 3715 religiose
3288 3641 3597 3707 sentimus,
3623 3657 3750 3692 cum

2109 3739 2259 3794 Patri
2294 3735 2852 3792 consubstantialem
2901 3750 3031 3788 esse
3062 3732 3267 3786 Filium
3307 3749 3318 3784 :
3371 3731 3470 3782 sed
3516 3733 3573 3782 et
3622 3745 3752 3780 curn

2109 3843 2242 3881 eum
2279 3827 2641 3879 incarnatum
2677 3824 2934 3876 animam
2973 3821 3211 3874 habuise
3245 3817 3610 3871 conﬁtemur.
3649 3815 3755 3868 Ne.-

2109 3932 2217 3986 que
2247 3932 2381 3968 vero
2415 3913 2606 3981 magni
2643 3912 2783 3982 quid
2835 3910 3038 3964 feceris
3085 3903 3752 3961 consubstantialitatem

2111 4020 2350 4073 negans,
2373 4003 2419 4055 si
2445 4001 2700 4054 animam
2725 4015 2857 4052 eum
2883 3998 3094 4051 habere
3117 3995 3435 4065 negaveris.
3467 3998 3580 4046 Hoc
3597 3992 3755 4045 enim

2109 4108 2307 4146 eorum
2343 4098 2429 4144 est
2466 4088 2785 4158 proprium,
2818 4087 2915 4156 qui
2968 4083 3310 4138 substantiae
3360 4081 3753 4136 diversitatem

2109 4183 2166 4233 et
2195 4174 2736 4232 dissimilitudinem
2770 4171 3143 4228 asserunt.Ut
3171 4171 3322 4225 enim
3359 4163 3753 4224 substantiam

2111 4265 2402 4336 Unigeniti
2436 4265 2579 4317 dicat
2608 4279 2735 4317 esse
2767 4259 3482 4332 patibilemjnanimatam
3515 4274 3640 4312 eam
3675 4257 3759 4310 di-

2112 4363 2274 4418 cunt,
2299 4360 2475 4424 atque
2507 4353 2639 4405 inde
2671 4350 3214 4404 dissimilitudinem
3239 4346 3584 4402 substantiae
3605 4361 3758 4399 com-

2115 4443 2527 4498 miniscuntur.
2544 4439 2740 4495 Maced.
2765 4439 2878 4493 Nos
2899 4454 3030 4492 vero
3054 4435 3593 4490 dissimilitudinem
3617 4434 3756 4488 sub-

2107 4532 2336 4588 stantia:
2360 4547 2471 4584 non
2497 4529 2875 4588 dicimus.sed
2898 4527 3096 4581 anima
3110 4541 3303 4579 carere
3321 4521 3753 4578 dicimus.0rlh-

2113 4619 2712 4676 Faterisnerristum
2738 4617 2798 4670 in
2833 4616 3040 4670 mortis
3065 4631 3249 4684 agone
3271 4611 3517 4683 cmpisse
3547 4612 3759 4666 contri-

2108 4709 2246 4764 stari
2272 4707 2423 4762 489
2445 4713 2501 4761 et
2526 4711 2766 4759 incestus
2788 4720 2936 4768 esse,
2962 4709 3025 4756 ut
3044 4702 3099 4756 in
3127 4700 3434 4770 Evangelio
3453 4699 3759 4753 Matthaaus

2109 4799 2301 4858 habet,
2354 4796 2535 4866 (.‘mpit
2585 4791 2938 4848 contristarii
2991 4797 3048 4845 et
3100 4794 3344 4844 [mestus
3387 4804 3538 4849 esse,
3587 4793 3642 4840 et
3697 4791 3760 4839 ut

2110 4886 2360 4946 Marcus,
2393 4883 2566 4954 erepit
2619 4897 2823 4952 pavere
2873 4886 2928 4932 et
2972 4877 3232 4932 taedere?
3286 4876 3498 4932 Maced.
3550 4875 3756 4929 Etiam.

2111 4974 2260 5029 Orth.
2296 4973 2500 5027 Utrum
2537 4975 2741 5024 maesta
2774 4973 2861 5022 est
2891 4972 2948 5020 et
2979 4972 3221 5020 mortem
3261 4970 3426 5035 pavet
3464 4962 3760 5027 divinitas,

2109 5080 2180 5116 an
2215 5077 2428 5131 corpus
2458 5061 2780 5113 animatum
2803 5056 2830 5110 ‘I
2850 5055 3051 5111 Maced.
3079 5054 3362 5108 Divinitas
3393 5057 3546 5107 certe
3580 5052 3762 5105 incar-

2112 5157 2268 5204 nata.
2303 5148 2457 5204 Orth.
2492 5147 2616 5201 Filii
2652 5146 2830 5215 igitur
2859 5144 3132 5199 divinitas
3166 5141 3475 5197 dissimilis
3525 5147 3613 5195 est
3642 5140 3760 5192 dei-

2111 5238 2215 5293 tati
2250 5235 2484 5292 Patris?
2518 5235 2728 5292 Maced.
2777 5235 2974 5288 Absit!
3030 5234 3182 5288 Orth.
3230 5232 3291 5286 Si
3336 5234 3542 5284 minata
3590 5234 3680 5280 est
3709 5231 3767 5280 et

2113 5333 2279 5397 pavet
2320 5331 2588 5390 mortem;
2620 5323 2911 5395 quomodo
2943 5320 3155 5375 similis
3200 5336 3299 5390 per
3342 5317 3543 5371 omnia
3571 5314 3680 5367 erit
3709 5312 3758 5364 ei

433 5484 479 5520 ³⁸
512 5484 648 5541 Luc.
681 5501 756 5552 ιν,
793 5487 843 5554 1,
875 5488 928 5540 2.
1009 5489 1051 5523 ¹¹
1088 5487 1225 5542 Luc.
1259 5504 1333 5556 iv,
1368 5489 1454 5543 18.
1535 5491 1607 5525 “‘
1637 5495 1766 5546 Aet.
1796 5509 1850 5562 x,
1880 5493 1968 5550 38.

2121 5495 2326 5550 Matth.
2362 5510 2558 5560 xxvm,
2591 5495 2676 5547 19.

430 5643 545 5716 (18)
577 5645 639 5699 In
675 5646 846 5702 titulo
875 5646 1099 5720 Dialogi
1129 5647 1310 5704 Palat.
1343 5647 1539 5717 habet,
1574 5647 1863 5726 κεφάλαιον
1893 5649 2163 5728 δεύτερον.
