4086 6214
288 357 434 417 1331

1475 357 1538 415 8.
1587 356 2109 419 ATHANASIUS.
2130 390 2210 405 -ι
2238 358 2499 421 DUBIA.

3539 358 3696 417 1832

288 490 386 561 qui
419 504 523 543 nec
553 488 808 559 angitur,
862 504 965 543 nec
1018 490 1416 555 contristatur,
1459 504 1565 543 nec
1606 489 1878 543 turbatur
1903 487 1931 542 Ἰ

2050 489 2197 555 Ὀρθ.
2260 494 2431 562 Σῶμα
2487 487 2544 544 δὲ
2601 488 2813 564 ἄψυχον
2874 488 2973 543 οὐκ
3028 484 3316 560 ἁδημονεῖ,
3370 487 3468 542 οὐκ
3497 486 3694 560 ἐκθαμ-

287 579 496 635 Maced.
519 580 741 649 Corpus
771 577 996 643 habuit,
1022 583 1077 631 et
1106 578 1322 633 idcirco
1349 579 1750 633 contristatur.
1776 578 1929 632 Orth.

287 672 362 721 At
383 683 594 737 corpus
615 666 741 721 sine
759 666 957 721 anima
979 683 1090 721 non
1116 668 1494 739 angitur,non
1515 668 1933 733 turbatur,non

287 757 595 812 tristatur‘?
612 757 929 811 MacedSed
948 757 1071 812 loco
1092 758 1297 811 animae
1315 758 1681 811 divinitatem
1705 756 1931 813 habuit.

288 846 531 901 0rth.An
554 862 766 916 corpus
787 845 1079 900 divinitati
1104 862 1372 916 pavorem
1393 846 1773 911 incussit,aut
1792 844 1934 898 divi-

288 936 440 989 nitas
461 934 733 1005 corpori?
755 935 951 988 Maced.
978 938 1218 1005 Propter
1240 950 1451 1005 corpus
1472 935 1745 989 divinitas
1767 950 1936 1004 expa-

286 1021 1035 1078 vescebat.0rth.Nimirum
1053 1029 1115 1075 ut
1138 1023 1502 1093 principatus
1518 1023 1702 1077 animi
1724 1021 1931 1092 nostri,

286 1113 367 1166 ita
397 1116 453 1167 et
482 1111 757 1166 divinitas
787 1129 819 1165 a
858 1127 1096 1181 corpore
1128 1112 1495 1166 turbabatur.
1538 1111 1734 1166 Maced.
1771 1110 1937 1165 Absit

288 1207 350 1255 ut
378 1202 484 1255 hoc
507 1201 727 1254 dicam!
759 1201 1215 1255 0rth.Concedas
1236 1200 1415 1271 igitur
1431 1206 1656 1271 oportet
1677 1199 1934 1255 animam

288 1289 469 1343 fuisse
487 1306 613 1359 quae
636 1290 871 1343 turbata
893 1294 998 1343 est.
1022 1290 1430 1346 Maced.Absit!
1459 1292 1609 1346 Orth.
1632 1291 1932 1357 Quomodo

287 1394 422 1447 ergo
454 1377 727 1449 angelum
762 1379 962 1433 audies
986 1379 1242 1451 Josepho
1272 1380 1557 1435 dicentem
1604 1397 1615 1434 :
1663 1400 1692 1429 ‹‹
1725 1380 1933 1449 Accipe

288 1482 533 1537 puerum
568 1470 624 1520 et
654 1473 902 1521 matrem
934 1469 1081 1537 ejus,
1115 1473 1172 1521 et
1201 1468 1333 1539 fuge
1361 1468 1421 1521 in
1453 1469 1761 1540 [Egyptum
1802 1486 1815 1523 :
1851 1470 1934 1522 fu-

288 1560 487 1608 turum
507 1560 595 1609 est
618 1556 771 1610 enim
796 1560 859 1610 ut
879 1556 1366 1628 Herodesquaerat
1379 1558 1634 1612 animam
1653 1559 1814 1629 pueri
1830 1559 1932 1627 ης»

288 1649 345 1697 et
376 1645 588 1698 iterum
627 1662 639 1710 ;
692 1667 718 1693 «
773 1649 952 1715 Surge
997 1654 1051 1699 et
1098 1646 1292 1717 accipe
1332 1647 1574 1701 Mariam
1621 1648 1930 1718 conjugem

290 1736 473 1795 tuam,
495 1736 552 1786 et
571 1734 714 1786 vade
738 1733 794 1786 in
818 1738 1033 1788 terram
1060 1734 1235 1789 Israel
1264 1751 1277 1789 :
1302 1736 1557 1790 defuncti
1591 1742 1730 1791 sunt
1751 1737 1929 1805 enim,

2044 572 2238 647 ϐεἷται,
2302 579 2362 633 οὐ
2422 576 2691 633 λυπεῖται.
2727 576 2927 633 Μακεό.
2963 576 3117 634 Ἀλλ’
3147 579 3265 652 εἶχε
3296 577 3524 647 θεότητα
3574 578 3692 631 ἀντὶ

2040 674 2143 735 τῆς
2217 672 2424 741 ψυχῆς.
2502 669 2651 742 Ὀρθ.
2717 669 2787 721 Τὸ
2845 666 3005 739 σῶμα
3069 666 3239 720 ἐποίει
3304 668 3403 734 τὴν
3464 666 3695 736 θεότητα

2044 752 2448 829 ἐκθαμϐεῖσθαι,
2498 759 2533 826 ἢ
2586 760 2620 826 ἡ
2678 757 2870 825 θεότης
2922 758 2985 810 τὸ
3026 761 3220 828 cibum;
3258 753 3467 812 Μακεδ.
3503 757 3600 809 Διὰ
3628 756 3691 809 τὸ

2043 849 2202 915 σῶμα
2241 847 2275 909 ἡ
2326 846 2517 915 θεότης
2565 841 2935 919 ἐξεθαμϐεῖτο.
2985 843 3197 918 Ὀρθόδ.
3246 845 3540 907 Ἐθολοὸτο
3600 844 3691 899 οὖν

2042 934 2076 1001 ἡ
2134 932 2324 1002 θεότης
2383 934 2486 989 ὑπὸ
2544 936 2823 1007 σώματος,
2881 933 2956 995 ὡς
3003 934 3067 988 τὸ
3124 936 3455 1008 ἡγεμονικὸν
3506 937 3691 1005 ἡμῶν.

2043 1019 2244 1076 Mam-:6.
2330 1024 2418 1090 Μὴ
2492 1027 2706 1097 γένοιτο
2779 1023 2988 1077 εἷπεῖνΙ
3066 1027 3195 1097 Ορθ.
3274 1022 3511 1096 ’Δνάγκη
3596 1022 3693 1075 οὖν

2043 1106 2226 1163 δοῦναι
2279 1112 2463 1185 ψυχὴν
2492 1112 2591 1180 τήν
2627 1110 2991 1183 θολουμὲνην.
3051 1109 3250 1167 Μακεδ.
3314 1113 3400 1178 Μή
3430 1112 3690 1186 γένοιτοξ

2045 1199 2189 1274 ’(Ιρθ.
2252 1204 2373 1261 Πῶς
2433 1198 2523 1254 οὖν
2576 1200 2779 1273 ἀκούσῃ
2829 1198 2926 1254 τοῦ
2978 1199 3213 1274 ἀγγέλου
3284 1199 3540 1274 λὲγοντος
3612 1200 3694 1270 τῴ

2043 1288 2263 1365 Ἰωσήφ.
2326 1311 2355 1339 (ι
2418 1284 2708 1364 [Ιαράλαϐε
2753 1289 2853 1356 τὴν
2911 1289 3118 1363 μητέρα
3183 1289 3273 1343 καὶ
3337 1291 3397 1343 τὸ
3448 1286 3694 1357 παιδίον,

2041 1376 2129 1430 καὶ
2207 1381 2365 1453 φεῦγε
2439 1377 2515 1439 εἰς
2577 1374 2865 1452 Αἴγυπτονο
2938 1375 3129 1448 μέλλει
3188 1376 3291 1451 γὰρ
3352 1378 3379 1431 6
3438 1374 3695 1449 Ἡρώδης

2046 1469 2222 1533 ζητεῖν
2254 1466 2352 1533 τὴν
2386 1466 2571 1540 ψυχὴν
2603 1470 2700 1519 τοῦ
2729 1462 2972 1520 παιδίουν
3010 1489 3037 1515 n
3068 1466 3157 1519 καὶ
3189 1464 3374 1520 πάλιν·
3425 1490 3451 1517 ι(
3506 1467 3696 1538 Ἐγερο

2044 1554 2153 1614 Θεὶς
2213 1550 2495 1626 παράλαϐε
2540 1556 2770 1627 Μαριὰμ
2815 1556 2915 1622 τὴν
2968 1552 3196 1627 γυναῖκά
3244 1575 3358 1621 σου,
3411 1553 3502 1607 καὶ
3532 1551 3694 1628 δεῦρο

2044 1641 2118 1701 εἷς
2175 1645 2275 1716 γῆν
2336 1642 2580 1717 Ἰσραήλ·
2640 1644 2928 1712 τεθνήκασι
2985 1644 3089 1717 γὰρ
3147 1643 3199 1696 οἱ
3260 1647 3543 1712 ζητοῦντες
3594 1644 3695 1710 τὴν

2042 1732 2226 1805 ψυχὴν
2278 1735 2375 1789 τοῦ
2433 1729 2673 1786 παιδίου·
2739 1756 2765 1783 υ
2816 1732 2905 1785 καὶ
2964 1731 3122 1793 αὐτὸς
3182 1732 3211 1785 ὁ
3270 1733 3464 1805 Κύριος
3524 1731 3692 1807 λέγει’

291 1822 387 1891 qui
425 1822 762 1891 quaerebant
791 1823 1048 1876 animam
1074 1823 1239 1893 pueri
1266 1824 1341 1890 ”;
1373 1847 1392 1870 ι
1428 1830 1485 1878 et
1511 1826 1931 1895 Dominusipse

2045 1841 2072 1869 ι(
2104 1820 2250 1893 Ἐγώ
2309 1820 2421 1892 εἰμι
2463 1822 2491 1875 6
2552 1821 2764 1893 ποιμὴν
2818 1821 2848 1874 ὁ
2892 1819 3083 1881 καλός·
3133 1822 3161 1874 6
3206 1822 3415 1891 ποιμὴν
3463 1820 3492 1872 ὁ
3522 1817 3695 1880 καλὸς

2090 1907 2102 1923 .
2185 1911 2195 1923 .
2303 1910 2316 1923 .
2451 1908 2464 1923 .
2542 1914 2566 1923 -
2655 1910 2694 1923 ,λ
2879 1910 2892 1923 .
2945 1909 2959 1923 ι
3090 1914 3115 1923 -
3310 1904 3370 1923 ο,
3678 1908 3693 1923 ι

291 1910 371 1963 ait
404 1928 416 1963 :
454 1932 482 1959 «
513 1912 631 1980 Ego
662 1927 790 1965 sum
826 1916 1023 1980 pastor
1053 1912 1240 1966 bonus
1275 1928 1288 1967 :
1322 1913 1511 1967 bonus
1556 1919 1758 1984 pastor
1805 1915 1936 1969 anl-

294 2014 452 2052 mam
484 2016 651 2053 suam
685 2001 847 2070 ponit
869 2017 970 2070 pro
996 2001 1203 2055 ovibus
1228 2002 1300 2069 “3;
1332 2023 1359 2050 »
1382 2007 1438 2056 et
1461 2002 1671 2057 iterum
1699 2021 1711 2057 :
1739 2027 1765 2052 ‹‹
1789 2004 1934 2058 Cum

291 2087 601 2159 volo,pono
624 2094 838 2152 eam,et
856 2105 989 2143 cum
1014 2089 1401 2159 volo,resum0
1423 2107 1549 2145 eam
1577 2093 1638 2145 ίδ.
1673 2112 1700 2140 ››
1736 2092 1932 2147 Maced.

294 2178 536 2241 Quando
581 2193 716 2231 vero
739 2184 795 2231 et
815 2178 1044 2232 Patrem
1070 2178 1343 2233 audimus
1366 2178 1717 2249 loquentem.
1743 2205 1769 2230 ‹‹
1795 2181 1933 2235 Sab-

291 2268 426 2321 bata
440 2267 1078 2322 etneomeniasvestras
1108 2268 1230 2322 odit
1259 2268 1457 2323 anima
1475 2285 1604 2323 mea
1625 2270 1933 2338 ",nideone

288 2360 344 2409 et
375 2354 570 2425 ipsum
604 2355 830 2408 Patrem
863 2355 1118 2410 animam
1167 2356 1379 2412 habere
1420 2358 1731 2413 dicemus?
1779 2359 1928 2414 Orth.

285 2444 411 2497 Non
433 2442 817 2498 considerasti
841 2460 1175 2515 eum,quem
1202 2446 1492 2501 adduxisti
1516 2448 1933 2519 locum.Neque

285 2532 441 2586 enim
473 2534 878 2587 demonstrare
910 2533 1125 2604 poteris
1156 2535 1385 2590 Patrem
1417 2553 1568 2604 esse,
1602 2538 1698 2609 qui
1729 2538 1930 2594 istbaac

285 2621 578 2691 loquatur.
633 2622 839 2677 Maced.
892 2623 1071 2693 Cujus
1121 2639 1257 2694 ergo
1304 2631 1393 2679 est
1440 2642 1547 2680 vox
1578 2626 1733 2681 ista?
1774 2629 1927 2683 Orth.

288 2705 415 2762 Filii
450 2708 569 2773 Dei,
604 2709 700 2778 qui
748 2708 933 2762 dixit:
972 2732 998 2757 ν
1050 2712 1330 2782 Cognovit
1378 2713 1481 2767 bos
1536 2730 1929 2784 possessorem

288 2812 487 2862 suum,
513 2801 570 2851 et
590 2798 791 2852 asinus
825 2815 1077 2869 praesepe
1107 2800 1327 2855 domini
1361 2802 1451 2856 sui
1480 2820 1492 2856 :
1527 2803 1700 2859 Israel
1735 2811 1927 2861 autem

289 2901 382 2939 me
404 2901 518 2939 non
538 2887 890 2957 cognovit,et
920 2889 1173 2958 populus
1195 2906 1361 2947 meus
1384 2907 1495 2947 non
1521 2893 1808 2949 intellexit
1829 2896 1925 2949 ‘3.»

289 2975 497 3030 Maced.
529 2974 763 3030 Hiccine
792 2982 881 3031 est
912 2978 1010 3048 qui
1045 2978 1188 3033 dicit
1220 2995 1232 3033 :
1275 2999 1293 3026 α
1332 2981 1675 3038 Neomenias
1708 2989 1931 3041 vestras

289 3071 347 3115 et.
377 3062 632 3118 Sabbata
661 3064 785 3118 odit
814 3064 1009 3119 anima
1041 3083 1168 3121 mea
1189 3067 1216 3121 ?
1252 3092 1276 3116 ››
1309 3068 1460 3124 Orth.
1489 3071 1639 3125 Sane
1669 3073 1929 3143 quidem.

291 3151 442 3205 Tum
473 3151 629 3204 enim
681 3152 802 3206 odit
840 3170 927 3219 ea,
960 3161 1194 3224 quando
1237 3158 1571 3213 incarnatus
1600 3166 1707 3229 est,
1740 3167 1797 3215 et
1826 3164 1932 3215 fm-

2045 1907 2143 1975 τήν
2172 1910 2356 1983 ψυχὴν
2407 1908 2571 1963 αὐτοῦ
2614 1910 2824 1978 τίθησιν
2873 1909 3005 1984 ὑπὲρ
3051 1914 3159 1962 τῶν
3196 1904 3504 1984 προϐάτων’
3543 1932 3564 1960 ι
3600 1908 3695 1962 καὶ

2045 1995 2232 2050 πάλιψ
2297 2022 2325 2049 ‹‹
2373 1999 2493 2052 Ὃτε
2550 1996 2715 2065 θέλω,
2763 1998 2956 2069 τίθημι
3007 1996 3196 2065 αὐτὴν,
3250 1996 3337 2051 καὶ
3383 1995 3469 2051 ὅτε
3519 1994 3689 2067 θέλω,

2047 2080 2312 2159 λαμϐάνω
2337 2085 2542 2157 new;
2579 2112 2601 2140 ι
2639 2085 2839 2142 Μακεδ.
2877 2083 3095 2153 Ἐπειδή
3141 2086 3230 2141 καὶ
3278 2087 3305 2140 6
3353 2086 3541 2158 Ιιατήρ
3597 2084 3692 2139 λὲ-

2044 2193 2146 2249 γει,
2180 2198 2206 2226 α
2252 2174 2354 2235 Τὰς
2412 2174 2706 2247 νεομηνίας
2766 2176 2917 2247 ὑμῶν
2963 2174 3052 2228 καὶ
3090 2174 3157 2227 τά
3189 2168 3439 2227 Σάϐϐατα
3473 2176 3625 2245 μισεῖ
3653 2174 3689 2240 ἠ

2045 2265 2195 2338 ψυχή
2261 2284 2385 2336 μου,
2440 2287 2467 2315 ››
2514 2266 2616 2339 ἄρα
2663 2262 2751 2318 διὰ
2795 2268 2958 2319 τοῦτο
3005 2262 3092 2317 καὶ
3132 2264 3223 2317 τὸν
3260 2261 3469 2335 Πατέρα
3500 2264 3688 2336 ψυχὴν

2045 2350 2189 2427 ἔχειν
2244 2350 2512 2424 λέξομεν;
2574 2354 2722 2429 Ὀρθ.
2778 2354 2998 2427 Πρῶτον
3058 2350 3089 2406 6'
3144 2354 3461 2427 παρήγαγες
3523 2350 3691 2425 ῥητὸν

2045 2441 2143 2495 οὐκ
2198 2440 2439 2512 ἐνόησας.
2500 2441 2577 2498 Οὐ
2635 2442 2735 2517 γὰρ
2788 2439 2934 2516 ἔχεις
2975 2438 3161 2511 δεῖξαι,
3195 2440 3277 2494 ὅτι
3325 2442 3512 2513 Πατήρ
3547 2439 3691 2493 ἐστιν

2044 2532 2071 2584 ὁ
2104 2530 2301 2603 λέγων,
2362 2528 2560 2587 Μακεδ.
2613 2528 2793 2586 Ἀλλὰ
2840 2530 2986 2592 τίνος
3036 2529 3177 2585 ἐστὶν
3211 2533 3244 2599 ἡ
3279 2532 3472 2607 (panni;
3534 2530 3689 2602 Ὀρῡ.

2040 2625 2143 2674 Τοῦ
2188 2621 2315 2673 Υἱοῦ
2366 2624 2462 2674 τοῦ
2516 2623 2650 2674 Θεοῦ
2694 2623 2790 2673 τοῦ
2821 2618 3124 2695 εἰρηκότος·
3161 2643 3189 2671 (ς
3223 2620 3401 2692 Ἔγνω
3437 2618 3565 2693 βοῦς
3594 2618 3688 2672 τὸν

2040 2710 2373 2782 κτησάμενον
2437 2709 2619 2780 αὐτὸν,
2672 2709 2760 2761 καὶ
2816 2703 2937 2769 ὄνος
2980 2709 3079 2776 τήν
3124 2709 3326 2785 φάτνην
3372 2711 3467 2760 τοῦ
3496 2706 3691 2780 κυρίου

2040 2800 2224 2854 αὐτοῦο
2280 2797 2497 2874 Ἰσραὴλ
2549 2795 2608 2851 δέ
2658 2819 2723 2870 με
2771 2796 2871 2851 οὐκ
2920 2792 3078 2873 ἔγνω,
3123 2798 3211 2851 καὶ
3263 2799 3291 2850 ὁ
3322 2796 3453 2858 λαός
3490 2816 3594 2868 μου
3627 2796 3690 2850 οὐ

2041 2895 2257 2957 συνῆκε,
2322 2913 2349 2938 ››
2407 2884 2608 2944 Μακεδ.
2660 2885 2825 2948 Οὗτος
2874 2886 2965 2941 οὖν
3020 2885 3159 2940 ἐστιν
3214 2886 3242 2940 ὁ
3293 2884 3491 2959 λέγων’
3528 2886 3688 2945 «Τὰς

2039 2977 2333 3050 νεομηνίας
2408 2978 2559 3050 ὑμῶν
2636 2976 2725 3031 καὶ
2799 2975 2864 3031 τὰ
2922 2970 3176 3031 Σάϐϐατα
3238 2980 3383 3047 μισεῖ
3428 2977 3461 3043 ἡ
3531 2976 3685 3050 ψυχή

2045 3086 2190 3139 μου;
2223 3090 2252 3119 ››
2307 3068 2453 3140 ὈρΟ.
2516 3064 2614 3119 Καὶ
2674 3064 2830 3120 πάνυ.
2888 3063 3024 3122 Τότε
3079 3066 3180 3140 γὰρ
3232 3063 3365 3118 αὐτὰ
3403 3062 3687 3135 ἐμίσησεν,

2042 3155 2131 3209 ὅτε
2162 3154 2566 3230 ἐνηνθρώπησε,
2598 3154 2686 3207 καὶ
2723 3154 2823 3221 τὴν
2871 3154 3069 3220 Καινὴν
3121 3155 3393 3223 Διαθήκην
3455 3149 3685 3214 διέθετο.

288 3239 399 3293 dus
430 3256 644 3294 novum
676 3241 948 3296 instituit.
985 3243 1184 3301 Maced.
1214 3248 1386 3316 Atqui
1420 3248 1676 3304 animam
1694 3224 1931 3316 habuit,

2046 3224 2250 3301 MaxeB.
2299 3224 2391 3297 Καὶ
2446 3246 2563 3316 εἴγε
2609 3244 2816 3316 ψυχὴν,
2849 3240 2938 3303 ὅτε
2968 3236 3125 3318 ὤφθη
3156 3246 3235 3311 τῷ
3264 3239 3499 3311 Ἡσαῖςμ
3535 3242 3685 3314 Ὀρθ.

288 3344 420 3382 cum
453 3327 614 3382 Isaia
644 3330 805 3385 visus
834 3331 952 3387 est!
984 3333 1131 3388 Orth.
1157 3336 1661 3399 Quemadmodum
1695 3356 1797 3395 nec
1818 3358 1933 3395 ma-

290 3433 423 3478 nus.
459 3432 563 3472 nec
596 3419 770 3488 pedes
801 3436 1130 3491 corporeos,
1164 3440 1351 3495 neque
1381 3426 1556 3480 etiam
1588 3428 1932 3484 vestimenta

286 3521 559 3575 corporea
591 3506 814 3575 habuit,
835 3514 968 3563 ante
1000 3510 1485 3578 incarnationem,
1508 3518 1741 3584 quando
1765 3517 1929 3585 dixit,

295 3618 314 3642 σ
352 3593 644 3650 Fuderunt
675 3613 885 3653 manus
916 3615 1075 3653 meas
1108 3607 1164 3654 et
1192 3602 1368 3672 pedes
1423 3619 1582 3658 meos
1615 3622 1627 3659 :
1661 3611 1718 3660 et
1756 3623 1933 3676 super

289 3688 508 3738 vestem
543 3700 731 3739 meam
766 3685 1055 3742 miserunt
1084 3694 1297 3744 sortem
1325 3691 1543 3757 '9,»sed
1577 3709 1702 3763 quae
1737 3694 1933 3748 futura

290 3777 458 3827 erant
490 3775 921 3844 pronuntiavit:
956 3776 1040 3830 sic
1061 3782 1117 3831 et
1147 3778 1216 3832 de
1239 3778 1436 3833 anima
1466 3779 1711 3852 loquens
1743 3782 1928 3838 dixit:

293 3882 319 3909 ‹‹
355 3860 487 3916 Odit
519 3862 717 3918 anima
747 3880 895 3919 mea.
923 3886 950 3913 ››
983 3866 1178 3921 Maccd.
1205 3867 1291 3921 Sit
1321 3885 1461 3923 sane
1486 3869 1612 3924 Filii
1643 3888 1749 3925 vox
1775 3871 1892 3926 haec
1918 3890 1930 3928 :

290 3951 561 4020 nunquid
594 3957 651 4006 et
679 3957 805 4007 tum
839 3954 1019 4009 Filius
1051 3953 1329 4026 loquitur,
1363 3974 1494 4012 cum
1528 3958 1702 4014 dicit:
1734 3982 1756 4009 ι
1792 3961 1933 4017 Ecce

291 4055 437 4109 puer
467 4056 631 4094 meus
673 4040 940 4109 dilectus,
991 4043 1049 4097 in
1104 4060 1279 4115 quem
1333 4046 1688 4117 complacuit
1738 4050 1934 4105 anima

291 4143 441 4194 mea,
467 4144 678 4197 ponam
700 4130 981 4199 Spiritum
1018 4149 1210 4186 meum
1244 4151 1421 4205 super
1447 4152 1581 4189 eum
1605 4137 1650 4169 9°
1670 4137 1696 4190 ?
1720 4160 1745 4184 ››
1780 4137 1930 4197 Orth.

288 4219 519 4269 Patrem
552 4216 664 4281 hic,
699 4234 812 4271 non
843 4218 1078 4287 Filium,
1110 4220 1269 4291 loqui
1300 4222 1356 4276 in
1391 4225 1656 4281 confesso
1687 4231 1775 4280 est
1808 4233 1933 4282 :at-

288 4309 485 4358 tamen
518 4322 632 4359 non
666 4308 819 4376 quod
852 4308 1112 4363 animam
1146 4310 1359 4365 habeat
1400 4313 1483 4366 sic
1532 4314 1793 4384 loquitur
1825 4315 1930 4369 Pa-

288 4398 394 4459 ter,
437 4395 535 4448 sed
584 4395 871 4465 cujusque
914 4398 1099 4452 sancti
1149 4399 1407 4454 animam
1456 4418 1625 4456 suam
1671 4404 1929 4459 animam

289 4480 449 4535 dicit.
484 4482 853 4552 Quaecunque
889 4484 1067 4555 igitur
1107 4488 1304 4541 anima
1359 4489 1467 4542 sibi
1514 4492 1933 4561 complacuerit

2040 3337 2239 3408 Ὥσπερ
2272 3334 2370 3388 οὐκ
2410 3334 2525 3408 εἶχε
2554 3337 2745 3408 χεῖρας
2788 3330 2875 3386 καὶ
2927 3328 3096 3392 πόδας
3147 3329 3517 3403 σωματικοὺς,
3563 3327 3689 3385 οὔτε

2045 3423 2374 3496 pth-ipsinam
2406 3421 2688 3493 σωματικᾶ
2727 3421 2863 3495 πρὸς
2892 3427 2993 3489 τῆς
3054 3418 3536 3494 ἐνανθρωπήσεως,
3598 3417 3690 3473 ὅτε

2041 3510 2241 3586 ἔλεγεν,
2302 3536 2329 3561 ‹‹
2390 3509 2614 3585 Ὠρυξαν
2674 3507 2863 3585 χεῖράς
2925 3529 3030 3581 μου
3085 3508 3174 3563 καὶ
3209 3504 3379 3566 πόδας
3415 3527 3541 3579 μου,
3595 3506 3689 3559 καὶ

2042 3600 2126 3653 ἰπὶ
2157 3601 2247 3653 τὸν
2307 3598 2603 3672 ἱματισμόν
2655 3618 2757 3669 μου
2808 3592 3003 3652 ἔϐαλον
3051 3596 3317 3670 κλήρους,
3366 3616 3392 3648 υ
3442 3594 3589 3649 ἀλλὰ
3621 3596 3691 3649 τά

2046 3688 2315 3762 μέλλοντα
2360 3688 2591 3763 γίνεσθαι
2637 3682 2841 3760 ἔλεγενο
2891 3685 3033 3740 οὕτω
3080 3684 3168 3741 καὶ
3224 3686 3345 3757 περὶ
3376 3687 3561 3758 ψυχῆς
3597 3682 3691 3738 λέ-

2041 3798 2151 3853 γων
2213 3780 2347 3831 εἰπε·
2403 3801 2430 3827 ‹‹
2485 3778 2649 3832 Μισεῖ
2789 3777 2940 3851 ψυχή
2995 3795 3122 3847 μου.
3174 3799 3202 3824 ››
3236 3770 3439 3829 Manes.
3472 3777 3687 3845 Δῶμεν,

2041 3864 2123 3920 ὅτι
2181 3868 2215 3934 ἡ
2267 3866 2418 3941 φωνή
2475 3868 2571 3918 τοῦ
2630 3864 2756 3917 Υἱοῦ
2813 3862 2943 3917 ἐστι’
3008 3863 3083 3935 μὴ
3152 3862 3239 3917 καὶ
3317 3862 3406 3916 ὅτε
3476 3858 3685 3933 ἔλεγεν.

2042 3980 2068 4007 ι(
2104 3952 2244 4011 Ἰδοὺ
2300 3955 2327 4009 6
2386 3958 2520 4014 Παῖς
2585 3974 2688 4024 μου
2738 3953 2763 4006 ὁ
2814 3950 3091 4027 ἀγαπητός
3146 3972 3270 4021 μου,
3319 3950 3393 4010 εἷς
3425 3948 3481 4003 ὅν
3518 3946 3686 4017 ηὐδό-

2040 4063 2201 4111 κησεν
2354 4043 2504 4116 ψυχή
2561 4058 2684 4112 μου’
2738 4045 2887 4110 θήσω
2928 4040 2990 4093 τὸ
3046 4040 3261 4111 ΙΙνεῦμά
3308 4059 3413 4109 μου
3462 4037 3544 4092 ἐπ’
3592 4038 3684 4092 αὖ-

2039 4132 2153 4199 τὸν,
2213 4156 2233 4181 ι
2296 4131 2324 4184 ὁ
2380 4130 2501 4190 Υἱὸς
2559 4128 2696 4184 ἐστιν
2759 4130 2786 4183 ὁ
2845 4126 3050 4203 λέγων;
3107 4128 3249 4202 Ὀρθ.
3311 4126 3427 4183 Οὐκ
3482 4124 3624 4181 ἔστιν
3659 4128 3686 4180 6

2042 4218 2165 4279 Υἱός
2198 4220 2225 4273 6
2256 4217 2453 4293 λέγων,
2489 4216 2611 4272 ἀλλ’
2641 4215 3084 4291 ὁμολογουμένος
3123 4216 3151 4269 ὁ
3201 4216 3408 4289 Πατήρ.
3461 4214 3538 4270 Οὐ
3577 4216 3685 4285 μὴν

2042 4309 2113 4370 ὡς
2172 4308 2329 4369 αὐτὸς
2385 4307 2568 4381 ψυχὴν
2625 4301 2766 4380 ἔχων
2826 4309 2990 4358 ταῦτα
3040 4302 3219 4359 λαλεῖ·
3290 4301 3436 4357 ἀλλὰ
3511 4309 3686 4357 πᾶσαν

2040 4399 2224 4471 ψυχὴν
2283 4395 2458 4469 ἁγίαν,
2528 4395 2715 4449 ἑαυτοῦ
2772 4394 2956 4467 ψυχήν
3000 4391 3165 4466 λέγει·
3216 4394 3371 4452 "lin;
3404 4390 3493 4445 οὖν
3529 4392 3685 4466 ψυχὴ

2042 4485 2115 4547 εἷς
2171 4485 2261 4539 τὸν
2322 4484 2443 4537 Υἱὸν
2504 4479 2795 4552 ηὐδόκηοε,
2856 4477 2990 4550 αὕτη
3056 4501 3182 4553 μου,
3244 4480 3426 4556 φησιν,
3476 4476 3683 4548 ἔστινὴ

290 4569 348 4622 in
386 4568 546 4635 Filio,
586 4569 719 4641 ista,
763 4572 973 4642 inquit,
1025 4578 1114 4628 est
1155 4575 1351 4630 anima
1396 4593 1544 4632 mea.
1596 4578 1819 4633 Etenim
1873 4586 1931 4635 ut

2042 4576 2216 4649 ψυχή,
2268 4574 2353 4633 Ὡς
2407 4572 2508 4646 γὰρ
2541 4573 2568 4626 6
2601 4568 2806 4631 δίκαιος
2837 4567 3144 4644 ἄνθρωπος,
3172 4574 3270 4623 τοῦ
3303 4573 3437 4623 Θεοῦ
3472 4568 3683 4644 λέγεται

291 4657 465 4712 homo
489 4659 711 4729 justus,
759 4659 857 4714 Dei
906 4660 1080 4716 homo
1121 4663 1337 4718 dicitur
1367 4681 1380 4718 :
1414 4666 1494 4720 ita
1526 4667 1722 4720 anima
1744 4670 1928 4738 justa,

292 4748 387 4802 Dei
422 4747 620 4802 anima
649 4756 1025 4821 nuncupatur
1072 4756 1127 4805 et
1169 4758 1276 4807 est.
1329 4754 1522 4809 Macci].
1574 4755 1720 4819 Quid
1759 4756 1934 4827 igitur

289 4842 377 4892 est
415 4836 840 4908 beneplacitum
862 4839 889 4892 ?
933 4839 1081 4895 Orth.
1140 4841 1386 4896 Verbum
1418 4844 1765 4913 complacuit,
1799 4863 1931 4915 pro-

287 4927 463 4995 pheta
516 4925 696 4980 Isaias
745 4927 1167 4998 interpretatur
1208 4933 1469 5001 suscepit,
1521 4932 1615 4985 ubi
1671 4933 1873 4988 scribit
1915 4950 1927 4988 :

286 5015 512 5069 «Jacob
551 5032 752 5071 servus
795 5033 980 5083 meus,
1016 5018 1336 5089 suscipiam
1397 5037 1531 5075 eum
1565 5039 1577 5075 :
1613 5021 1787 5077 Israel
1824 5023 1932 5077 ele-

282 5110 413 5159 ctus
448 5120 632 5170 meus,
670 5122 845 5176 quem
879 5105 1124 5177 benigne
1156 5109 1414 5178 suscepit
1444 5108 1642 5164 anima
1674 5112 1929 5165 mea.Po-

278 5194 370 5248 sui
402 5194 687 5263 Spiritum
716 5210 907 5248 meum
944 5212 1121 5265 super
1150 5199 1731 5269 cumeuzecunque
1754 5200 1933 5271 igitur

277 5284 475 5337 anima
508 5284 683 5351 hunc,
738 5299 912 5354 quem
946 5284 1214 5349 ostendo,
1246 5300 1471 5339 servum
1504 5302 1696 5341 meum
1732 5304 1929 5342 susce-

274 5373 377 5441 pit,
413 5390 480 5426 ea
512 5378 599 5426 est
634 5388 759 5425 mea
791 5372 1009 5425 anima.
1050 5371 1260 5426 Maced.
1296 5373 1410 5427 Nos
1458 5374 1774 5446 improprie
1822 5376 1927 5429 Pa-

346 5614 386 5647 ¹³
420 5612 624 5667 Matth.
658 5628 719 5676 ιι,
756 5612 842 5667 13.

274 5685 459 5738 17-19.

946 5615 987 5647 1⁵
1022 5612 1161 5668 ibid.
1194 5615 1282 5669 20.

1389 5616 1432 5649 ¹⁶
1461 5617 1623 5672 Joan.
1658 5633 1711 5684 x,
1750 5618 1834 5670 11.

541 5684 584 5717 ²⁰
616 5682 726 5737 lsa.
766 5699 899 5751 XLII,
938 5687 984 5738 1.

1942 5617 1983 5651 ¹⁶
2014 5615 2155 5673 ibid.
2194 5615 2279 5674 18.

2042 4664 2346 4737 ἄνθρωπος·
2382 4661 2524 4716 οὕτω
2554 4659 2641 4714 καὶ
2674 4661 2708 4721 ἡ
2743 4656 2950 4713 δικαίαν
2983 4659 3137 4733 ψυχὴ
3169 4663 3264 4712 τοῦ
3302 4663 3436 4712 Θεοῦ
3468 4657 3686 4732 λέγεται

2038 4753 2126 4806 καὶ
2187 4747 2296 4806 ἔστι
2344 4752 2518 4824 ψυχή.
2572 4745 2775 4805 Maus.
2824 4748 2883 4800 Τί
2927 4748 3019 4801 οὗν
3070 4746 3210 4801 ἐστιν
3243 4745 3499 4816 ςύδοκία;
3533 4749 3684 4819 Ὀρθ.

2040 4843 2101 4897 Ὁ
2159 4842 2447 4917 προφήτης
2506 4834 2744 4898 ’Ἡσαΐας
2815 4836 2877 4891 τὸ
2953 4834 3248 4907 ηὐδόκησε,
3305 4834 3686 4909 προσεδέξατο,

2043 4930 2176 5000 εἷπε,
2235 4928 2434 5002 λέγων’
2505 4949 2529 4979 α
2578 4920 2771 4982 Ἰακὼϐ
2802 4926 2829 4979 ὁ
2860 4930 2983 4985 παῖς
3021 4946 3147 4996 μου,
3180 4923 3557 4997 ἀντιλήψομαι
3590 4924 3689 4978 αὐ-

2038 5022 2156 5074 τοῦ.
2214 5015 2434 5090 Ἰσραὴλ
2485 5015 2511 5068 6
2563 5012 2814 5074 ἐκλεκτός
2868 5033 2995 5085 μου,
3044 5010 3402 5087 προσεδέξατο
3456 5014 3616 5067 αὑτὸν
3648 5016 3684 5083 ἡ

2040 5108 2191 5181 ψυχή
2232 5125 2354 5176 μου·
2395 5101 2569 5157 ἔδωκα
2596 5102 2659 5156 τὸ
2695 5100 2915 5172 Πνεῦμα
2949 5123 3053 5173 μου
3084 5100 3166 5155 ἐπ’
3212 5101 3393 5159 αὐτόν,
3450 5127 3477 5151 η
3530 5104 3689 5165 "HT":

2042 5194 2132 5250 οὖν
2164 5196 2315 5268 ψυχὴ
2344 5197 2556 5261 τοῦτον,
2591 5191 2647 5245 ὅν
2683 5188 2927 5263 δείκνυμι
2966 5190 3091 5262 ὑμῖν
3125 5188 3291 5245 παῖδά
3343 5212 3469 5263 μου,
3520 5212 3687 5266 προσ.

2042 5282 2273 5355 εδέξατο,
2308 5282 2440 5351 αὕτη
2482 5302 2583 5353 μου
2624 5278 2733 5334 ἐστὶ
2791 5282 2965 5354 ψυχή.
3026 5275 3228 5334 Musa.
3284 5283 3472 5351 Ἡμεῖς
3530 5301 3691 5335 κατα-

2040 5373 2355 5449 χρηστικῶς
2392 5369 2482 5424 τόν
2535 5370 2750 5445 Πατέρα
2808 5367 3042 5443 λὲγομεν
3103 5367 3370 5443 εἰρηκέναι
3423 5371 3523 5437 τὴν
3572 5391 3688 5445 cptu-

2387 5614 2428 5649 ¹⁷
2464 5613 2574 5670 Isa.
2608 5629 2648 5683 ι,
2686 5612 2769 5669 t3.
2875 5611 2915 5649 ³⁸
2962 5610 3102 5667 ibid.
3144 5610 3199 5666 3.
3304 5611 3349 5647 ¹⁹
3381 5609 3534 5667 Psal.
3566 5628 3686 5675 xxx,
