4086 6214
337 345 492 404 1333

1389 348 1702 410 CONTRA
1745 347 2149 409 MACEDON.
2201 352 2586 416 DIALOGUS
2633 355 2710 415 ΙΙ.

3597 360 3626 417 1
3637 361 3752 418 334

329 474 452 542 νήν.
503 469 639 559 Οὔτε
685 473 787 547 γὰρ
833 475 1018 550 ψυχὴν
1072 471 1218 550 ἔχων
1271 477 1300 531 ὁ
1349 477 1540 552 Ιῐατήρ
1590 474 1760 552 λέγει’
1815 501 1843 529 α
1896 476 1983 539 Εἷς

2105 483 2257 535 trem
2289 481 2404 538 ista
2437 484 2700 540 locutum
2723 486 2907 542 fuisse
2925 485 3405 558 dicimus.Neque
3420 488 3574 543 enim
3599 490 3753 559 quod

330 560 388 618 ὅν
445 558 745 631 ηὖδόκησεν
795 564 830 630 ἡ
878 563 1030 637 ψυχή
1085 583 1211 635 μου·
1263 587 1290 616 n
1325 563 1468 633 οὔτε,
1503 565 1578 626 ὡς
1612 566 1674 619 σὺ
1705 565 1986 637 νενόηκας,

333 651 457 726 περὶ
506 656 605 719 τῆς
648 654 757 704 τῶν
804 651 1098 725 ἀνθρώπων
1145 655 1331 728 ψυχῆς
1383 653 1552 728 λέγει.
1587 656 1732 727 Ὀρθ.
1768 660 1978 727 Δῶμεν,

333 735 417 793 ὅτι
474 743 925 813 καταχρηστικῶς
984 738 1198 814 εἷ’ρηται
1251 743 1376 815 περὶ
1438 747 1536 797 106
1591 743 1823 818 Πατρός·
1888 745 1989 819 ἄρα

331 827 421 883 καὶ
479 827 604 899 περὶ
659 831 756 884 106
799 828 924 882 Υἱοῦ
973 835 1427 904 καταχρηστικῶς
1476 827 1728 903 εἷ’ρηται;
1782 828 1985 887 Μακεδ.

336 918 457 972 Ναί.
518 917 669 990 Ὀρθ.
739 917 860 973 Ἐὰν
909 917 1001 971 οὖν
1039 918 1130 972 καὶ
1179 916 1465 994 ἄνθρωπος
1518 918 1744 995 λέγηται
1802 921 1830 974 ὁ
1881 923 1988 976 lla-

325 1006 457 1077 τήρ,
512 1009 966 1080 καταχρηστικῶς
1016 1003 1248 1079 εἴρηται·
1303 1007 1392 1062 καὶ
1437 1007 1486 1062 εἷ’
1550 1007 1674 1083 περὶ
1725 1011 1820 1062 106
1872 1013 1985 1062 lla-

325 1095 478 1166 τρὸς,
540 1095 642 1166 ἄρα
687 1093 911 1148 καὶτὸν
978 1095 1100 1148 Υἱὸν
1169 1100 1625 1170 καταχρηστικῶς
1704 1097 1984 1171 ἄνθρωπον

333 1181 606 1253 λέξομενς
666 1179 868 1239 Μακεδ.
925 1186 1039 1240 ΙΙοῢ
1103 1185 1397 1260 γέγραπται
1453 1189 1905 1260 καταχρηστικῶς
1959 1185 1986 1238 ὁ

331 1271 520 1339 Nati,“
597 1272 914 1343 ἅνθρωπος;
992 1275 1143 1348 Ὀρθ.
1219 1273 1397 1336 Αὐτὸς
1477 1275 1504 1327 ὁ
1585 1275 1706 1335 Υἱὸς
1759 1273 1809 1328 ἐν
1867 1279 1987 1335 τοῖς

333 1359 697 1434 Εὐαγγελίοις
759 1359 904 1436 λέγει
959 1359 1119 1417 αὺτὸν
1177 1363 1484 1437 ἄνθρωπον.
1544 1361 1750 1420 Manes.
1829 1362 1986 1420 Ἀνά-

331 1449 500 1524 γνωθί
556 1469 649 1521 μοι
694 1453 800 1503 1106
849 1449 1006 1506 αὐτὸν
1063 1449 1212 1526 λέγει
1263 1451 1565 1522 ἄνθρωπον.
1619 1453 1767 1524 Ὀρθ.
1821 1452 1984 1508 Ὅταν

335 1535 490 1612 λέγῃ,
551 1561 580 1588 ι(
633 1537 952 1612 Ἄνθρωπός
1009 1559 1091 1600 τις
1141 1539 1367 1609 ἐποίησε
1412 1541 1621 1616 γάμους
1651 1545 1730 1612 τῷ
1761 1541 1862 1611 υἱῷ
1891 1539 1988 1595 αὐ-

330 1630 452 1693 τοῦ,
503 1651 530 1677 ›)
581 1631 740 1681 ποῖον
775 1627 922 1704 λέγει
954 1627 1275 1702 ἄνθρωπονξ
1318 1627 1416 1682 Καὶ
1448 1623 1572 1683 ὅταν
1607 1627 1760 1702 λέγῃ·
1801 1655 1821 1678 ι
1857 1635 1987 1684 ’Ἂν-

331 1714 550 1790 θρωπός
604 1736 687 1778 τις
732 1714 1010 1790 ἰφύτευσεν
1067 1715 1386 1789 ἀμπελῶνα,
1439 1717 1528 1772 καὶ
1565 1715 1775 1787 ἐξέδοτο
1825 1717 1983 1773 αὐτὸν

333 1809 628 1879 γεωργοῖς,
708 1809 866 1860 ποῖον
951 1809 1093 1868 νοεῖς
1195 1806 1512 1881 ἅνθρωπονς

335 1887 629 1967 παραϐολῇ
681 1894 772 1948 τὸν
836 1893 1069 1968 Πατέρα.
1130 1895 1275 1969 ὈρΘ.
1335 1900 1476 1968 Ἄρα
1535 1895 1647 1962 οὖν,
1697 1892 1884 1964 ἐπειδὴ
1935 1894 1986 1948 έν

333 1975 679 2056 παραϐολαῖς
732 1983 822 2036 τὸν
880 1983 1097 2058 Πατέρα
1169 1981 1315 2057 λέγει
1393 1980 1705 2057 ἄνθρωπον,
1777 1983 1865 2037 καὶ
1940 1983 1992 2038 ἐν

345 2069 482 2142 αὐτῇ
538 2074 607 2143 τῇ
664 2066 956 2147 παραϐολῇ
1007 2072 1097 2126 καὶ
1157 2073 1342 2127 ἑαυτὸν
1397 2073 1626 2146 Χριστὸν
1705 2074 1987 2148 ἄνθρωπον

345 2158 480 2232 μετὰ
531 2160 656 2220 τοὺς
717 2156 947 2220 δούλους
997 2159 1423 2232 ἀπεσταλμένον,
1484 2159 1728 2233 εἷ’ποιμεν
1789 2160 1848 2214 ἂν
1899 2162 1987 2216 καὶ

339 2247 501 2303 αὐτὸν
587 2247 679 2303 τὸν
760 2249 876 2302 ria»
964 2254 1415 2324 καταχρηστικῶς
1491 2249 1987 2322 ένηνθρωπηκέναι,

341 2331 551 2392 Μακεδ.
631 2337 724 2404 Μή
800 2337 1058 2411 γένοιτοί
1124 2337 1273 2410 Ὀρθ.
1334 2337 1454 2395 Ἐὰν
1533 2335 1598 2392 δᾶ
1669 2336 1986 2410 ἀκούσωμεν

338 2423 632 2498 πρόσωπον
669 2425 903 2500 ΙΙατρὸς,
936 2425 967 2482 ὅ
999 2424 1290 2500 βλέπουσιν
1326 2423 1546 2501 ἄγγελοι
1588 2430 1694 2480 τῶν
1727 2423 1983 2496 παιδίων,

338 2513 417 2574 ὡς
474 2513 524 2566 ἐν
583 2511 933 2588 Εὐαγγελίοις
994 2514 1310 2590 γέγραπται·
1388 2515 1702 2587 ἀκούσωμεν
1762 2512 1820 2570 δὲ
1894 2515 1982 2570 καὶ

337 2600 632 2678 πρόσωπον
683 2603 832 2674 Υἳοῦ,
891 2602 921 2658 ὅ
967 2602 1206 2676 ἔλαμψεν
1267 2603 1318 2656 έν
1365 2609 1445 2675 τῷ
1493 2599 1629 2676 ὄρει,
1685 2604 1774 2659 καὶ
1822 2601 1984 2679 esse-

336 2711 493 2745 πισεν
551 2691 579 2748 ὁ
640 2691 934 2766 ὑπηρέτης·
996 2690 1166 2753 οὕτως
1213 2691 1511 2765 ἀκούσομεν
1559 2697 1667 2747 τῶν
1717 2713 1984 2766 σημαινο-

342 2778 564 2852 μένων;
621 2780 656 2848 ἢ
694 2781 758 2834 τὸ
811 2780 904 2852 μὲν
955 2780 1210 2853 σώματος
1267 2780 1577 2856 πρόσωπον,
1626 2783 1688 2836 τὸ
1737 2779 1795 2837 δὲ
1823 2802 1983 2838 κατα-

338 2872 656 2943 χρηστικῶς
690 2868 1030 2941 ὀνομάσομεν
1064 2869 1378 2940 πρόσωπον,
1411 2869 1441 2925 ὅ
1479 2871 1616 2927 ἐστιν
1653 2870 1982 2940 ὑπόστασις;

337 2953 544 3014 Μακεδ.
591 2955 1082 3032 Ὀμολογουμένως
1133 2956 1319 3019 ἄλλως
1379 2958 1465 3014 ἐπὶ
1507 2957 1603 3014 106
1636 2959 1868 3035 Πατρὸς,
1897 2960 1985 3013 καί

339 3043 530 3107 ἄλλως
588 3045 673 3100 ἐπὶ
726 3050 822 3101 106
883 3046 1024 3103 Υἱοῦ.
1088 3047 1231 3120 Ὀρο.
1285 3046 1400 3102 Οὐκ
1455 3044 1578 3122 ἄρα,
1629 3048 1718 3102 καὶ
1766 3047 1812 3103 εἰ
1861 3046 1983 3122 περὶ

335 3130 436 3188 106
487 3135 698 3210 ΙΙατρὸς
743 3135 1194 3209 καταγρηστικῶς
1261 3133 1470 3210 ε⁹ίρηται
1533 3137 1708 3210 ψυχὴ,
1765 3136 1983 3196 πάντως

336 3219 427 3276 καὶ
486 3221 608 3296 περί
660 3226 756 3276 106
815 3223 962 3278 Υἱοῦ·
1015 3223 1335 3297 Μανιχαίων
1394 3224 1497 3296 γὰρ
1545 3224 1678 3292 αὕτη
1802 3224 1982 3295 μανία,
2015 3197 2059 3263 C

333 3311 400 3364 τὸ
457 3308 634 3385 λέγειν
700 3311 777 3382 μὴ
829 3309 1303 3385 ἐνηνθρωπηκέναι
1360 3312 1450 3366 τὸν
1501 3312 1623 3365 Υἱὸν
1680 3315 1776 3365 106
1826 3315 1981 3368 Θεοῦ.

337 3395 546 3455 Μακεδ.
605 3398 1109 3474 Ἐνηνθρωπηκέναι
1171 3398 1423 3474 λέγομεν·
1479 3397 1605 3454 ἀλλ’
1635 3399 1764 3474 οὐχὶ
1796 3401 1981 3474 ψυχὴν

335 3485 640 3562 εἰληφέναι.
711 3488 857 3561 Ὀρθ.
918 3489 1010 3556 Μὴ
1074 3485 1202 3560 λέγε
1260 3486 1733 3562 ἐνηνθρωπηκέναι
1795 3488 1983 3560 μόνον,

335 3573 483 3630 ἀλλὰ
529 3575 616 3630 καὶ
665 3579 1056 3640 σεσαθκῶσθαι.
1107 3576 1170 3631 Εἰ
1220 3576 1324 3651 γὰρ
1371 3576 1470 3631 οὐκ
1512 3571 1700 3631 ἔλαϐεν
1730 3565 1979 3652 ἔμψυχον

333 3669 516 3734 σῶμα,
584 3661 711 3718 οὐδὲ
781 3662 1185 3739 ένηνθρώπησε.
1268 3663 1469 3720 Μακεό.
1534 3666 1631 3720 Διὰ
1685 3666 1772 3734 τίς
1835 3667 1981 3741 Ὀρθ.

331 3754 460 3809 ’Ότι
508 3757 667 3824 σῶμα
719 3751 953 3828 ἄψυχον,
1005 3754 1067 3807 τὸ
1117 3755 1191 3824 μὴ
1225 3759 1562 3822 κοινωνῆσαν
1598 3757 1752 3829 ψυχῇ
1786 3753 1982 3830 λογικῇ

332 3840 436 3896 οὐκ
489 3838 628 3896 ἔστιν
685 3841 1022 3912 ἀνθρώπινον
1069 3846 1249 3913 σῶμα.
1312 3843 1439 3904 Ιῐῶς
1497 3839 1555 3896 δὲ
1599 3843 1672 3904 ὠς
1706 3841 1984 3904 «ἀσπίδος

327 3936 525 4004 κωφῆς
591 3929 680 3984 καὶ
744 3928 981 4002 βυούσης
1035 3930 1102 3984 τὰ
1163 3931 1274 3984 ὧτα
1320 3928 1511 3999 αὐτῆς,
1553 3929 1675 3998 ἥτις
1727 3930 1827 3985 οὐκ
1876 3931 1984 3986 εἰσ-

331 4018 621 4074 ακούσεται
678 4025 860 4095 φωνῆς
923 4015 1236 4088 έπᾴδοντος,
1296 4043 1324 4072 ››
1383 4019 1555 4082 οὕτως
1613 4019 1832 4076 ἀκούετε
1886 4025 1983 4075 106

335 4107 543 4181 Πέτρου
571 4107 827 4180 λέγοντος
861 4105 912 4160 ἐν
939 4112 1057 4168 ταῖς
1095 4107 1324 4181 ΙΙράξεσι
1353 4111 1460 4160 τῶν
1507 4106 1848 4172 ἀποστόλων,
1900 4109 1984 4163 ὅτι

330 4219 359 4246 ιι
393 4191 533 4251 Οὔτε
558 4197 593 4263 ἡ
624 4196 778 4269 ψυχὴ
811 4193 974 4248 αὐτοῦ
1005 4193 1338 4272 κατελείφθη
1373 4194 1450 4256 εἷς
1485 4190 1768 4263 ᾅδου,οὕτε
1797 4198 1831 4266 ἡ
1856 4197 1983 4271 σὰρξ

326 4282 494 4338 αὐτοῦ
554 4281 667 4337 οἶδε
740 4280 1072 4360 διαφθοράν;
1152 4285 1250 4336 Καὶ
1308 4283 1336 4337 ὁ
1416 4285 1702 4360 προφήτης
1764 4283 1980 4346 Ἡσαΐας

333 4372 455 4448 βοᾷ.
517 4397 538 4422 ι
601 4371 720 4427 Ἐὰν
769 4369 907 4426 δῶτε
949 4371 1072 4446 περὶ
1131 4370 1396 4444 ἁμαρτίας
1443 4371 1541 4438 τήν
1591 4373 1773 4446 ψυχὴν
1804 4372 1980 4453 ὑμῶν,

329 4455 522 4534 ὄψεσθε
552 4461 766 4534 σπέρμα
801 4455 1119 4535 μακρόϐιον.
1158 4483 1184 4509 n
1235 4458 1329 4512 Καὶ
1384 4459 1732 4532 βουλεύσεται
1785 4460 1978 4534 Κύριος

1615 1803 1842 1901 Mat-x53:
1862 1895 1872 1901 Α
1897 1807 1983 1901 Ἐξν
2019 1839 2066 1901 Β

2102 570 2360 625 animam
2397 572 2629 639 habeat,
2675 574 2815 630 dicit
2850 594 2862 630 :
2899 597 2927 625 «
2988 578 3047 631 in
3081 593 3196 648 quo
3241 576 3354 631 sibi
3405 577 3759 648 complacuit

2106 657 2305 714 anima
2336 677 2510 718 mea':
2549 685 2575 711 »
2607 680 2795 735 neque
2819 666 2889 719 de
2919 666 3118 719 anima
3140 665 3449 720 hominum
3473 665 3756 738 laquitur,

2099 751 2164 800 ut
2195 752 2253 802 tu
2288 750 2529 819 quidem
2563 752 2883 808 existimas.
2917 755 3077 810 Orth.
3115 754 3440 825 Improprie
3491 754 3753 809 animam

2099 836 2254 889 Patri
2288 838 2466 892 tribui
2500 841 2911 905 concedamus,
2947 842 3213 912 nunquid
3246 847 3304 897 et
3344 843 3415 897 de
3469 841 3612 898 Filio
3644 843 3753 897 im-

2097 924 2375 995 proprie?
2404 925 2611 984 Μαι-θα.
2644 929 2853 984 Etiam.
2889 929 3043 986 Orth.
3076 932 3225 996 Quid
3257 930 3309 985 si
3339 936 3536 986 autem
3581 935 3754 987 Pater

2097 1012 2272 1068 homo
2297 1014 2548 1085 dicatur,
2581 1022 2637 1072 et
2669 1018 2718 1072 si
2749 1018 3070 1090 improprie
3093 1023 3262 1074 Pater
3283 1019 3500 1074 dicitur
3529 1037 3671 1075 num
3697 1029 3749 1076 et

2102 1101 2278 1157 Filius
2309 1102 2625 1177 improprie
2657 1105 2832 1162 homo
2863 1107 3090 1162 dicetur
3111 1107 3139 1161 ‘2
3180 1107 3378 1163 Maced.
3431 1108 3537 1163 Ubi
3582 1109 3755 1178 scri-,

2098 1197 2262 1262 ptum
2295 1197 2384 1247 est
2417 1195 2641 1250 Patrem
2675 1195 2995 1267 improprie
3024 1213 3153 1252 esse
3209 1197 3500 1252 hominem
3529 1197 3557 1252 Ἰ
3596 1198 3729 1253 Orth

2097 1280 2253 1335 940
2286 1281 2466 1336 Filius
2498 1284 2618 1354 ipse
2649 1284 2707 1338 in
2742 1283 3070 1356 Evangeliis
3103 1285 3401 1339 hominem
3433 1285 3628 1356 ipsum
3659 1301 3754 1342 vo-

2097 1373 2211 1422 cat.
2246 1370 2457 1425 Maced.
2491 1371 2706 1426 Locum
2741 1372 2888 1444 lege,
2923 1389 3037 1444 quo
3071 1371 3267 1443 ipsum
3300 1372 3599 1428 hominem
3651 1389 3747 1429 vo-
3838 1431 3848 1440 ,

2097 1461 2208 1512 cat.
2243 1460 2410 1531 Orlh.
2443 1461 2683 1523 Quando
2715 1461 2876 1526 dicit,
2914 1483 2941 1510 ‹‹
2976 1462 3160 1516 Homo
3199 1460 3441 1532 quidam
3476 1462 3608 1516 fecit
3639 1478 3750 1517 nu-

2098 1546 2249 1616 ptias
2283 1547 2402 1602 ﬁlio
2424 1565 2531 1603 suo
2563 1550 2664 1619 9',»
2700 1549 2935 1620 qualem
2963 1549 3256 1604 hominem
3282 1549 3449 1604 dicit?
3479 1550 3545 1604 Et
3564 1567 3749 1619 quan-

2097 1634 2170 1689 do
2201 1635 2364 1702 dicit,
2398 1659 2425 1686 (ι
2459 1637 2643 1693 Homo
2684 1639 2924 1708 quidam
2957 1636 3247 1709 plantavit
3293 1638 3546 1707 vineam,
3577 1645 3634 1694 et
3663 1639 3746 1695 lo-

2097 1722 2244 1776 cavit
2274 1740 2402 1778 eam
2430 1725 2696 1795 agricolis
2727 1725 3068 1798 ",nqualem
3101 1725 3386 1798 intelligis
3417 1726 3749 1783 hominem?

2097 1812 2294 1866 Μαι-σά.
2332 1812 2390 1867 In
2425 1814 2698 1884 parabola
2748 1815 3000 1871 Patrem.
3052 1816 3204 1870 Orth.
3266 1816 3490 1888 Ergone
3539 1815 3742 1887 igitur,

2103 1917 2236 1955 cum
2265 1901 2326 1956 in
2358 1903 2650 1974 parabolis
2681 1904 2908 1960 Patrem
2941 1905 3099 1960 dicat
3130 1904 3445 1973 hominem,
3478 1909 3534 1960 et
3563 1906 3621 1959 in
3653 1921 3752 1960 ea-

2100 1990 2232 2044 dem
2265 1990 2364 2046 illa
2396 1994 2666 2063 parabole
2689 1994 2949 2065 seipsum
2977 1993 3132 2048 dicat
3154 1993 3449 2048 hominem
3483 1998 3615 2063 post
3630 2009 3752 2049 ser-

2099 2095 2199 2134 vos
2232 2080 2503 2148 missum,
2539 2081 2749 2136 Filium
2784 2083 2978 2153 ipsum
3001 2081 3320 2154 improprie
3346 2081 3642 2136 hominem
3672 2081 3752 2137 fa-

2098 2172 2253 2222 ctum
2312 2169 2494 2224 fuisse
2541 2171 2919 2225 dixerimus?
2965 2170 3171 2225 Maced.
3225 2170 3416 2224 Absit.
3465 2171 3622 2226 Orth.
3691 2171 3751 2225 Si

2095 2271 2232 2327 ergo
2264 2257 2628 2313 audierimus
2649 2259 2855 2313 faciem
2879 2257 3270 2328 Patrie,quam
3304 2274 3621 2330 puerorum
3645 2275 3750 2313 an-

2094 2343 2206 2416 geli
2234 2345 2430 2400 vident
2463 2363 2475 2401 :
2511 2347 2560 2400 si
2591 2347 2730 2401 item
2763 2346 3127 2402 audierimus
3173 2347 3378 2402 faciem
3427 2345 3576 2414 Filii,
3617 2363 3747 2418 quae

2096 2433 2153 2487 in
2187 2438 2382 2488 monte
2413 2433 2796 2506 resplenduit,
2831 2439 2888 2490 et
2917 2451 3096 2506 quam
3131 2434 3402 2490 minister
3439 2433 3742 2490 Pontiﬁcis

2094 2523 2411 2592 percussit:
2443 2522 2600 2578 itane
2622 2524 2857 2594 propria
2879 2523 3190 2593 utrobique
3207 2523 3635 2594 significatione
3655 2524 3743 2580 la-

2092 2611 2239 2665 ciem
2272 2611 2758 2682 accipiemus,aut
2787 2613 2936 2666 hanc
2965 2611 3199 2680 quidem
3228 2612 3488 2682 corporis
3509 2612 3737 2679 faciem,

2093 2699 2254 2754 illam
2277 2699 2591 2771 improprie
2612 2700 3042 2772 appellabimus
3066 2700 3430 2771 faciem,qu;n
3450 2704 3540 2754 est
3559 2699 3740 2771 hypo-

2094 2788 2272 2845 stasis
2298 2788 2320 2842 Ρ
2348 2791 2558 2845 Maced.
2592 2789 2866 2845 Omnium
2899 2805 3190 2844 consensu
3223 2788 3392 2842 aliter
3420 2787 3596 2851 Patri,
3630 2786 3734 2842 ali-

2097 2884 2183 2933 ter
2211 2877 2356 2932 Filio
2402 2878 2700 2934 tribuitur.
2756 2878 2916 2933 Orlh.
2965 2877 3088 2932 Non
3137 2893 3274 2948 ergo
3323 2876 3374 2930 si
3421 2874 3740 2947 improprie

2095 2966 2296 3021 anima
2327 2967 2501 3031 Patri,
2537 2967 2813 3022 continuo
2843 2972 2900 3021 et
2928 2965 3069 3021 Filio
3094 2965 3409 3036 improprie
3439 2963 3742 3020 tribuitur.

2095 3055 2193 3110 Est
2219 3055 2338 3110 haec
2363 3054 2812 3110 Manichaeorum
2842 3053 3096 3118 insania,
3144 3053 3348 3108 docere
3396 3053 3608 3108 Filium
3639 3052 3744 3110 Dei

2096 3161 2209 3199 non
2245 3144 2426 3198 fuisse
2456 3143 2754 3199 hominem
2785 3145 3023 3198 factum.
3048 3141 3257 3198 Maced.
3281 3141 3589 3197 Hominem
3612 3157 3748 3198 eum

2096 3232 2310 3288 factum
2345 3233 2730 3298 confitemur;
2763 3233 2864 3288 sed
2897 3231 3155 3288 animam
3199 3229 3596 3301 assumpsisse
3630 3245 3746 3288 non

2093 3321 2254 3375 item.
2289 3320 2443 3375 Orth.
2478 3320 2600 3374 Non
2632 3319 2931 3375 hominem
2985 3318 3172 3374 solum
3226 3319 3354 3385 dic,
3405 3318 3506 3373 sed
3538 3321 3596 3373 et
3623 3333 3750 3374 car-

2094 3425 2228 3464 nem
2263 3408 2500 3464 l'actum.
2533 3407 2732 3479 Neque
2763 3409 2918 3462 enim
2953 3409 3126 3462 homo
3160 3407 3350 3462 factus
3389 3411 3500 3474 est,
3533 3405 3580 3461 si
3613 3423 3744 3460 cor-

2093 3514 2204 3568 pus
2235 3497 2559 3552 animatum
2595 3514 2706 3552 non
2759 3497 3100 3567 assumpsit.
3155 3500 3372 3552 Maced.
3425 3495 3573 3558 Quid
3624 3492 3750 3548 ita?

2095 3584 2247 3639 Orth.
2280 3584 2424 3648 Quia
2455 3601 2667 3656 corpus
2703 3585 2991 3648 exanime,
3026 3584 3182 3655 quod
3215 3584 3288 3638 ab
3326 3583 3534 3637 animae
3566 3581 3744 3636 ratio-

2095 3675 2246 3729 nalis
2276 3674 2690 3728 communione
2719 3675 3054 3744 sejunctum
3087 3677 3196 3735 est,
3249 3687 3362 3726 non
3394 3676 3484 3725 est
3531 3685 3742 3738 corpus

2095 3763 2564 3818 humanum.Cur
2579 3767 2773 3817 autem
2803 3763 2988 3816 instar
3008 3759 3268 3830 «aspidis
3286 3758 3475 3814 surdae
3495 3762 3550 3810 et
3569 3758 3739 3812 obtu-

2093 3851 2279 3906 rantis
2310 3867 2484 3906 aures
2512 3866 2808 3920 suas,qu¢e
2844 3865 2956 3903 non
2987 3847 3262 3903 exaudiet
3307 3862 3504 3900 vocem
3536 3845 3738 3900 incan-

2091 3941 2275 3995 tantia
2305 3940 2370 4006 ³³,
2404 3961 2431 3989 ››
2465 3939 2546 3993 ita
2575 3954 2676 3992 vos
2707 3944 2763 3992 et
2802 3942 3035 3992 Petrum
3071 3935 3379 3999 auditis,in
3409 3933 3568 3988 Actis
3599 3949 3737 4003 apo-

2092 4028 2372 4084 stolorum
2404 4027 2686 4080 dicentem
2715 4042 2727 4078 :
2763 4047 2790 4074 «
2816 4025 2938 4079 Non
2963 4023 3298 4079 derelictam
3325 4038 3454 4078 esse
3483 4020 3741 4092 apudin-

2094 4117 2244 4171 l‘eros
2275 4116 2533 4169 animam
2566 4113 2914 4183 ejus,neque
2932 4128 3166 4167 carnem
3185 4112 3312 4181 ejus
3336 4109 3594 4165 sensisse
3615 4125 3740 4163 cor-

2095 4202 2423 4274 ruptionem
2455 4201 2576 4254 “?-
2613 4206 2667 4255 et
2698 4201 2908 4256 Isaiam
2944 4199 3296 4254 clamantem
3331 4217 3345 4254 :
3384 4221 3405 4246 α
3437 4198 3498 4254 Si
3524 4197 3740 4253 dabitis

2093 4308 2194 4362 pro
2229 4294 2462 4362 peccato
2492 4289 2748 4344 animam
2781 4293 3058 4354 vestram,
3092 4286 3363 4342 videbitis
3393 4302 3590 4341 semen
3615 4285 3737 4340 lon-

2091 4395 2336 4450 gaevum.
2373 4378 2439 4432 Et
2470 4376 2590 4431 vult
2622 4377 2903 4432 Dominus
2935 4377 2992 4430 in
3025 4393 3202 4430 manu
3223 4376 3347 4445 eius
3379 4373 3604 4429 auferre
3631 4374 3736 4428 do-

2090 4467 2271 4522 lorem
2306 4467 2514 4520 animai
2545 4466 2694 4535 ejus,
2727 4465 3034 4520 ostendere
3065 4463 3116 4518 ei
3149 4462 3362 4530 lucem,
3403 4468 3460 4517 et
3490 4463 3739 4517 formare

334 4546 388 4604 ἐν
438 4549 584 4624 χειρὶ
631 4549 794 4602 αὐτοῦ
840 4546 1056 4626 ἀφελεῖν
1103 4551 1198 4603 106
1250 4547 1419 4602 πόνου
1448 4555 1547 4617 τῆς
1580 4552 1763 4624 ψυχῆς
1794 4548 1978 4619 αὐτοῦ,

2090 4555 2560 4626 intelligentiam,
2614 4555 2981 4608 innocentem
3035 4553 3263 4608 efficere
3303 4554 3558 4622 justum,
3595 4555 3739 4605 bene

331 4634 498 4707 δεῖξαι
545 4638 692 4708 αὖτῷ
740 4641 878 4714 φῶς,
942 4637 1032 4691 καὶ
1077 4635 1279 4690 πλάσαι
1327 4640 1394 4710 τῇ
1435 4635 1661 4704 συνέσει,
1695 4635 1976 4692 δικαιῶσαι

330 4722 537 4780 δίκαιον
595 4726 650 4780 εὗ
701 4722 1026 4780 δουλεύοντα
1075 4723 1330 4786 πολλοῖς
1402 4724 1490 4779 καὶ
1560 4726 1657 4784 τὰς
1713 4725 1978 4801 ἁμαρτίας

328 4814 505 4869 αὐτῶν
548 4813 710 4870 αὐτὸς
760 4813 980 4868 ἁνοίσει’
1043 4813 1140 4867 Διὰ
1186 4818 1346 4868 10610
1375 4813 1534 4874 αὐτὸς
1567 4812 1977 4888 κληρονομήσει

328 4901 601 4972 πολλοὺς,
660 4903 748 4956 καὶ
800 4905 905 4956 τῶν
956 4901 1195 4978 ἰσχυρῶν
1252 4907 1427 4975 μεριεῖ
1475 4899 1667 4957 σκῦλα.
1703 4903 1843 4958 Ἀνο’
1902 4905 1977 4957 ὧν

329 4988 601 5064 παρεδόθη
665 4991 738 5052 εἰς
795 4989 1014 5044 Θάνατον
1063 4993 1097 5060 ἡ
1156 4992 1308 5064 ψυχνὲ⁸
1358 4989 1540 5058 αὐτοῦ,
1592 4990 1680 5044 καὶ
1745 4989 1794 5045 ἐν
1861 4998 1980 5054 τοῖς

331 5080 560 5152 ἀνόμοις
615 5078 894 5155 ἐλογίσθη,
944 5078 1035 5135 καί
1084 5077 1241 5140 αὐτὸς
1288 5078 1552 5153 ἁμαρτίας
1597 5077 1822 5134 πολλῶν
1885 5082 1981 5134 ἀν-

328 5171 544 5244 ήνεγκε,
604 5168 693 5224 καὶ
743 5165 831 5222 διὰ
884 5175 982 5236 τῆς
1042 5167 1268 5239 ἀνομίας
1347 5165 1518 5221 αὐτῶν
1596 5164 1888 5240 παρεδόθη.
1952 5193 1980 5219 ››

329 5255 536 5314 Μακεδ.
591 5256 690 5312 Καὶ
737 5259 902 5330 ἡμεῖς
955 5253 1133 5330 ἴσμεν,
1179 5256 1260 5310 ὃτι
1311 5253 1604 5329 πολλαχοῦ
1664 5253 1874 5331 ἔρηται
1931 5258 1983 5312 ἐν

329 5349 400 5420 τῇ
464 5350 674 5423 Γραφῇ,
730 5344 815 5400 ὅτι
863 5346 1046 5421 ψυχὴν
1101 5343 1263 5419 εἶχεν·
1331 5342 1474 5398 ἀλλά
1527 5351 1980 5422 καταχρηστικῶς

401 5583 448 5617 ﬂ
483 5575 690 5638 Matth.
749 5596 889 5648 xxu,
937 5579 992 5635 2.

333 5670 456 5723 Lm,
494 5652 686 5707 10.12.

1068 5579 1115 5614 ³²
1146 5579 1349 5637 Matth.
1405 5594 1522 5646 xxx,
1553 5579 1644 5634 33.

1722 5579 1771 5616 ³³
1804 5581 1956 5638 Psal.
2015 5599 2157 5649 xvu,
2209 5585 2262 5652 5,
2319 5586 2372 5639 6.
2449 5584 2496 5618 “
2540 5584 2756 5649 Act.ii,
2812 5581 2871 5636 3t
2908 5599 2921 5649 ;
2957 5577 3110 5636 Psal.
3170 5595 3261 5647 xv,
3321 5577 3407 5631 lO.

2089 4646 2436 4701 servientem
2471 4642 2694 4708 multis;
2727 4647 2784 4696 et
2808 4646 3043 4713 peccata
3073 4657 3272 4696 eorum
3302 4641 3428 4712 ipse
3459 4638 3732 4710 portabit.

2087 4737 2451 4805 Quapropter
2478 4732 2603 4802 ipse
2634 4731 2956 4802 possidebit
2997 4729 3235 4793 multos,
3289 4735 3344 4784 et
3374 4729 3609 4784 fortium
3645 4728 3734 4782 di-

2086 4823 2245 4878 videt
2275 4820 2595 4892 spolia.Pro
2625 4837 2691 4874 eo
2717 4824 2908 4874 autem
2941 4818 3094 4890 quod
3127 4817 3342 4873 tradita.
3369 4824 3458 4873 est
3488 4816 3546 4872 in
3579 4833 3733 4871 mor-

2089 4917 2204 4965 tem
2237 4908 2434 4964 anima
2463 4910 2613 4978 ejus,
2642 4914 2699 4962 et
2729 4908 2879 4961 inter
2919 4906 3155 4976 iniquos
3203 4909 3508 4975 reputatus
3537 4909 3646 4971 est,
3677 4907 3736 4958 et

2088 4999 2214 5070 ipse
2254 5001 2482 5067 peccata
2516 4996 2830 5050 multorum
2868 4994 3019 5059 tulit,
3055 5000 3111 5048 et
3135 4997 3364 5063 preptcr
3397 4993 3735 5064 iniquitates

2089 5103 2290 5140 eorum
2325 5085 2575 5138 traditus
2623 5090 2714 5138 est
2765 5085 2822 5138 ιδ.
2877 5107 2905 5133 ››
2957 5082 3158 5136 Maced.
3215 5080 3444 5135 Scimus
3496 5097 3648 5152 saepe
3679 5081 3735 5134 in

2090 5175 2390 5244 Scriptura
2421 5174 2555 5238 dici,
2588 5173 2780 5244 ipsum
2815 5172 3032 5227 habere
3062 5169 3343 5234 animam,
3375 5170 3475 5224 sed
3521 5170 3738 5240 impro-

2094 5264 2236 5334 prie,
2296 5280 2410 5317 non
2472 5279 2620 5327 vere,
2681 5262 2905 5316 dictum
2966 5266 3072 5315 est.
3135 5261 3286 5316 Orth.
3348 5259 3741 5326 Quaecumque

2091 5351 2272 5421 igitur
2303 5351 2558 5406 humana
2587 5351 2656 5405 de
2687 5350 2815 5420 ipso
2848 5354 2988 5404 sunt
3018 5347 3191 5411 dicta,
3250 5346 3444 5415 qualia
3475 5349 3614 5398 sunt
3642 5359 3742 5397 au-

3510 5575 3554 5609 ²⁸
3613 5577 3727 5629 Isa.
