4086 6214
362 349 515 408 1335

1547 344 1612 403 S.
1657 344 2179 405 A'l‘HANASlUS.
2220 379 2288 388 -—
2326 351 2587 410 DUBIA.

3617 351 3788 411 i336

363 477 543 542 ditus,
578 476 759 541 visus,
794 472 1063 540 olfactus,
1098 489 1223 539 vox,
1253 476 1485 544 gustus,
1511 472 2009 542 concupiscentia,

2139 473 2356 547 ιῗ’ρηται,
2431 478 2520 531 καὶ
2597 476 2696 531 οὐκ
2770 475 3012 547 ἀληθείᾳ.
3077 477 3228 552 Ὀρθ.
3290 475 3467 531 Πάντα
3523 475 3615 531 οὖν
3680 477 3786 531 ὅσα

365 565 549 630 dolor,
583 572 805 634 stupor,
837 563 1118 623 anxietas.
1152 560 1574 624 obambulatio,
1620 563 2006 633 ligurate,non

368 654 618 725 proprie,
648 653 802 707 dicta
844 650 1098 705 fuerint?
1128 650 1327 703 Maced.
1379 654 1500 704 lmo
1550 666 1618 703 ea
1661 667 1788 720 qua
1841 651 2011 704 modo

369 748 655 798 recensnta
686 746 846 803 sunt,
879 740 1075 794 omnia
1109 739 1338 809 proprie
1370 738 1480 809 ipsi
1509 744 1846 808 competunt
1874 755 1885 793 :
1912 739 2011 793 sed

371 832 568 886 anima
600 829 935 900 improprie.
972 828 1420 883 0rth.Niinirum
1453 828 1553 898 qui
1589 826 1669 881 illi
1705 827 2017 894 laboranti,

371 935 552 989 exque
598 919 854 985 ossibus,
926 918 1138 981 nervis,
1208 917 1388 984 venis,
1472 916 1701 970 arteriis
1771 915 2019 986 aliisque

374 1007 657 1063 membris
705 1012 761 1060 et
818 1006 1081 1076 partibus
1143 1008 1441 1074 compacto
1491 1004 1716 1074 corpori
1765 1020 1823 1056 se
1856 1002 2021 1056 unire

375 1097 651 1167 dignatus
673 1100 782 1159 est,
817 1096 865 1149 is
896 1094 1153 1147 animam
1191 1109 1301 1146 non
1335 1091 1587 1146 habuit?
1617 1090 1814 1146 Maced.
1843 1091 2023 1154 Quor-

376 1202 508 1241 sum
525 1184 651 1238 Vita
681 1200 825 1253 opus
850 1182 1265 1235 habuitanima
1284 1179 1310 1233 ?
1342 1180 1567 1234 Orth.Et
1590 1180 1728 1251 quid
1754 1178 2022 1234 carneilli

377 1290 524 1343 opus
559 1272 686 1339 luit,
721 1270 816 1341 qui
855 1270 1118 1339 patribus
1151 1272 1366 1323 nostris
1397 1269 1568 1322 etiam
1603 1271 1823 1339 absque
1854 1284 2027 1323 carne

377 1363 538 1417 visus
569 1369 651 1417 est
675 1362 702 1415 ‘I
730 1361 929 1415 Maced.
965 1362 1148 1417 Carne
1180 1377 1327 1430 opus
1359 1360 1590 1426 habuit,
1649 1365 1710 1413 ut
1764 1359 2026 1430 crucifigi

381 1456 596 1522 posset.
631 1451 781 1506 Orth.
828 1451 921 1505 Sic
976 1450 1172 1509 anima
1224 1466 1371 1520 opus
1423 1448 1651 1515 habuit,
1707 1459 1769 1502 ut
1813 1446 2027 1513 dolere,

380 1539 736 1604 contristari,
770 1548 827 1593 ut
878 1555 1275 1610 expavescere,
1331 1542 1395 1591 ut
1447 1538 1601 1607 apud
1656 1536 1870 1592 inferos
1902 1550 2029 1590 esse

386 1634 601 1699 posset.
638 1628 752 1682 Hoc
784 1634 873 1681 est
902 1627 1081 1691 enim,
1113 1632 1348 1695 formam
1394 1628 1541 1680 servi
1584 1627 1882 1696 accipiens,
1916 1642 2028 1680 non

384 1716 443 1770 in
478 1733 715 1786 corpore
746 1718 1027 1770 duntaxat
1061 1730 1357 1785 apparere,
1392 1715 1492 1768 sed
1526 1714 1823 1768 servitutis
1855 1713 2027 1768 etiam

392 1804 693 1876 passiones
725 1820 1043 1859 assumere.
1079 1803 1278 1858 Maced.
1314 1803 1583 1857 Formam
1612 1802 1757 1857 servi
1807 1818 2033 1857 assum-

392 1893 529 1964 psit,
562 1893 795 1963 quando
827 1909 1061 1946 carnem
1100 1890 1441 1961 assumpsit.
1476 1890 1626 1945 Orth.
1680 1891 1886 1945 Forma
1935 1888 2035 1944 Dei

390 1987 553 2037 estne
588 1982 839 2052 perfecta
870 1980 963 2034 Dei
999 1982 1183 2033 forma
1204 1980 1231 2032 ‘?
1263 1980 1463 2036 Maced.
1497 1978 2033 2050 Etiam.0rth.Ergo

392 2076 448 2124 et
479 2070 665 2124 forma
694 2069 1125 2140 servi,perfecta
1142 2068 1286 2121 servi
1310 2069 1492 2123 forma
1511 2067 1772 2122 est.Hinc
1801 2068 1955 2121 enim
1976 2070 2035 2121 et

388 2165 479 2214 stu
492 2176 594 2230 por
605 2163 659 2213 et
673 2157 903 2213 doloret
916 2158 1275 2229 angor,quod
1300 2158 1483 2211 forma
1510 2156 1657 2211 servi
1672 2157 1923 2227 perfecta
1934 2155 2028 2210 sit.

386 2262 577 2327 Atque
596 2255 951 2310 hacestovis
971 2252 1070 2308 illa
1084 2271 1259 2325 quam
1281 2254 1381 2325 qui
1400 2259 1675 2324 quaeritet
1694 2254 2032 2323 invenit,su-

382 2361 486 2416 per
500 2344 779 2399 humeros
802 2343 1052 2405 fert,non
1073 2348 1136 2397 ut
1147 2359 1265 2397 rem
1288 2343 1653 2407 inanem,sed
1670 2342 1888 2397 animal
1906 2342 2030 2397 ani-

380 2430 1084 2502 matum,permittensilli
1108 2437 1167 2485 ut
1193 2432 1497 2502 passiones
1520 2431 1871 2498 habeat,non
1904 2433 2030 2488 illas

379 2520 615 2591 quidem
632 2520 983 2591 peccati,sed
1004 2525 1251 2574 natura:
1273 2538 1342 2575 ne
1357 2520 1666 2591 phantasia
1683 2537 1812 2576 esse
1829 2522 2029 2576 existi-

382 2614 594 2673 metur,
622 2615 679 2663 et
711 2608 962 2663 insaniat
991 2608 1341 2663 Manichaus
1379 2609 1586 2663 Muced.
1629 2608 2031 2665 Concedamus

384 2698 531 2752 491
569 2697 640 2752 de
672 2698 869 2751 anima
904 2696 1145 2768 pulchre
1176 2702 1230 2751 te
1262 2697 1571 2755 disserere:
1605 2698 1705 2751 sed
1725 2698 1862 2768 quid
1893 2716 2028 2753 cau-

386 2802 461 2840 sa
491 2791 581 2840 est
610 2802 713 2840 cur
743 2785 1302 2840 consubstantialem
1335 2784 1539 2840 Filium
1576 2785 1727 2840 Patri
1780 2787 1985 2842 dicatis
2005 2787 2032 2842 ?

389 2883 541 2938 Orth.
573 2882 719 2946 Quia
747 2899 921 2953 quam
954 2883 1170 2937 dixeris
1199 2899 1327 2938 esse
1359 2884 1643 2937 rationem
1694 2884 2031 2939 substantia

392 2971 601 3039 Patris,
633 2988 762 3025 eam
797 2973 983 3041 ipsam
1018 2982 1072 3025 et
1101 2971 1441 3026 substantia
1478 2971 1602 3025 Filii
1647 2988 1773 3025 esse
1822 2974 2031 3026 statui-

389 3077 543 3115 mus.
579 3059 773 3114 Maced.
810 3060 917 3113 Sed
954 3059 1093 3112 illud
1126 3077 1239 3115 non
1273 3064 1361 3114 est
1393 3060 2032 3122 consubstantialmsed

390 3148 724 3202 substantia
765 3148 976 3201 simile.
1025 3148 1173 3201 ΟνιΙι.
1221 3148 1420 3202 Simile
1469 3149 1800 3203 substantia
1828 3156 1937 3213 est,
1972 3154 2035 3203 ut

388 3235 471 3289 ita
517 3235 732 3299 dicam,
785 3235 1032 3303 agrestis
1080 3236 1410 3305 sapientia:
1446 3242 1507 3288 ut
1554 3236 1603 3290 si
1652 3237 1784 3306 quis
1807 3237 2034 3305 dixerit,
2070 3201 2112 3267 Ο

388 3323 545 3394 quod
574 3323 727 3376 idem
761 3323 838 3375 sit
872 3323 1044 3377 unius
1075 3323 1253 3377 moris
1284 3329 1341 3377 et
1371 3325 1585 3378 similis
1620 3326 1821 3390 moris,
1860 3325 2036 3379 idem-

388 3428 501 3482 que
534 3411 707 3465 unius
739 3411 968 3480 generis
999 3417 1053 3464 et
1108 3410 1319 3465 similis
1349 3413 1604 3482 generis,
1636 3412 1809 3466 unius
1839 3412 2036 3481 gloria

390 3504 444 3554 et
468 3498 682 3553 similis
712 3498 928 3569 gloria,
965 3499 1142 3552 unius
1201 3500 1502 3553 sententia
1551 3505 1608 3553 et
1656 3500 1862 3554 similis
1903 3517 2035 3554 sen-

392 3587 606 3643 tentia.
640 3586 836 3641 Maced.
870 3586 1384 3657 Nequaquam,sed
1415 3588 1722 3641 substantia
1752 3589 1933 3641 simile
1966 3590 2036 3643 de

393 3676 772 3747 iucorporeis,
806 3674 1273 3730 consubstantzale
1302 3676 1373 3728 de
1413 3675 1753 3745 corporibus
1802 3676 2031 3730 dicitur.

394 3764 547 3819 Orth.
588 3764 708 3819 Dixi
724 3769 1010 3835 agrestem
1034 3780 1161 3818 esse
1182 3763 1562 3834 sapientiam:
1595 3764 1787 3833 potius
1821 3766 2036 3835 quippe

393 3853 584 3907 dicere
616 3869 714 3907 vos
745 3852 1003 3922 oportuit
1030 3852 1337 3905 substantia
1380 3852 1563 3905 simile
1593 3853 1661 3906 de
1692 3852 2034 3922 corporibus

394 3941 451 3995 in
500 3958 625 4013 qua
677 3942 835 3995 cadit
886 3940 1231 4005 similitudo,
1281 3940 1739 3995 consubstantiale
1787 3958 1917 3995 vero
1965 3940 2036 3995 de

391 4029 747 4100 incorporeis
780 4028 914 4092 dici,
949 4045 1004 4082 in
1039 4045 1164 4098 qua
1198 4027 1353 4082 cadit
1384 4029 1659 4082 identitas
1695 4046 1707 4084 :
1741 4045 1875 4083 nam
1907 4046 2034 4084 con-

387 4118 750 4172 substantiale
777 4123 866 4172 est.
893 4116 1132 4183 eiusdem
1158 4118 1538 4172 substantiale.
1559 4117 1761 4173 Maced.
1795 4120 1867 4171 At
1898 4134 2034 4172 con-

389 4205 801 4261 substantialia
871 4207 1273 4275 prajacentem
1327 4206 1541 4260 habent
1618 4206 2030 4261 substantiam.

390 4302 549 4359 Orth.
583 4302 967 4372 Nequaquam
1002 4319 1128 4356 vere
1159 4302 1307 4357 dicis
1342 4320 1354 4358 :
1392 4320 1526 4357 nam
1560 4304 2035 4358 consubstantia-

388 4391 460 4445 lis
489 4396 578 4444 est
611 4391 722 4444 Eva
749 4390 992 4453 Adamo,
1028 4407 1215 4460 neque
1247 4396 1441 4445 tamen
1477 4391 1694 4445 habent
1725 4394 2032 4462 prajacen-

386 4485 503 4533 tem
519 4478 821 4532 hominum
837 4478 1574 4534 substantiamnliuccdﬁed
1590 4484 1803 4534 terram
1822 4481 2036 4534 habent

2119 561 2331 637 ὄρηται
2388 568 2511 638 περὶ
2572 566 2738 619 αὐτοῦ
2792 564 3129 641 ἀνθρώπινα,
3180 566 3291 619 οἷον
3342 566 3504 633 ἀκοὴ,
3569 566 3785 639 ὅρασις,

2122 646 2404 728 ὄσφρησις,
2425 656 2601 730 φωνὴ,
2633 658 2838 728 γεῦσις,
2870 652 3147 725 ἐπιθυμία,
3180 652 3352 722 λύπη,
3384 650 3613 726 θάμϐος,
3649 652 3786 723 ἀδη-

2129 742 2309 813 μονία,
2367 743 2683 819 περίπατος,
2748 747 3203 817 καταχρηστικῶς
3265 740 3496 817 εἴρηται,
3557 744 3649 796 καὶ
3683 743 3789 797 οὐκ

2127 828 2397 902 ἀληθείας
2452 830 2651 887 Μακεδ.
2701 831 2875 885 Πάντα
2923 834 3091 885 ταῦτα
3132 832 3200 884 τά
3229 832 3603 906 προειρημένα
3634 830 3789 901 ἀλη-

2128 920 2232 980 θῶς
2278 917 2505 994 εἶ’ρηται,
2759 917 2815 973 δὲ
2863 924 3339 994 καταχρηστικῶς.
3403 922 3546 993 Ὀρθ.
3601 921 3700 974 Καὶ
3760 922 3791 974 ὁ

2129 1008 2461 1078 καταξιώσας
2510 1013 2773 1063 κοπιῶντι
2821 1013 2901 1079 τῷ
2950 1008 3187 1080 σώματι,
3232 1008 3320 1062 καὶ
3352 1008 3401 1078 ἐξ
3434 1008 3658 1079 ὀστέων,
3693 1010 3792 1062 καὶ

2132 1096 2359 1168 νεύρων,
2390 1098 2478 1151 καὶ
2510 1092 2749 1175 φλεϐῶν,
2771 1096 2860 1150 καὶ
2885 1096 3223 1173 φάρτηριῶν,
3256 1098 3345 1151 καὶ
3376 1095 3562 1151 ἄλλων
3596 1095 3792 1170 μελῶν

2132 1191 2229 1240 τοῦ
2262 1187 2512 1257 σώματος
2541 1187 2629 1240 καὶ
2665 1190 2839 1261 μερῶν
2873 1184 3204 1260 συμπαγέντι
3239 1184 3638 1257 ἐνωθῆναι,οὖκ
3668 1188 3797 1261 εἶχε

2135 1278 2319 1350 ψυχήν
2348 1294 2361 1342 ;
2395 1273 2594 1329 Μακεδ·
2629 1274 2697 1330 Τί
2730 1274 2919 1349 χρείαν
2954 1276 3073 1348 εἶχε
3103 1278 3289 1349 ψυχῆς
3340 1277 3373 1343 ἡ
3415 1277 3535 1345 Ζωή
3567 1295 3579 1343 ;
3634 1277 3792 1347 Ὀρθ.

2135 1373 2195 1426 Τί
2227 1370 2283 1426 δὲ
2313 1373 2495 1447 χριίαν
2539 1372 2654 1447 εἶχε
2706 1374 2805 1440 τῆς
2853 1371 3071 1447 σαρκὸς,
3121 1372 3148 1425 ὁ
3199 1371 3321 1425 ἄνευ
3376 1373 3571 1445 σαρκὸς
3604 1372 3797 1450 ὀφθεὶς

2137 1462 2273 1535 πρὸς
2329 1460 2457 1523 τοὺς
2514 1459 2744 1535 πατέρας
2801 1462 2998 1531 ἠμῶνς
3050 1458 3251 1515 Μακεδ.
3304 1460 3396 1522 Εἷς
3439 1462 3502 1515 τὸ
3534 1482 3793 1536 σταυρω-

2141 1557 2297 1619 θῆναι
2351 1549 2537 1624 χρείαν
2585 1549 2701 1623 εἶχε
2758 1548 2973 1623 σαρκός.
3035 1550 3182 1624 Ὀρθ.
3234 1549 3331 1603 Καὶ
3379 1548 3454 1610 εἰς
3502 1551 3565 1604 τὸ
3597 1548 3795 1619 λυπηο

2139 1641 2314 1707 θῆναι,
2375 1639 2463 1692 καὶ
2521 1634 2888 1709 ἀδημονῆσαι,
2943 1636 3032 1690 καὶ
3089 1632 3523 1710 ἐκθαμϐηθῆναι,
3580 1639 3673 1692 καὶ
3734 1637 3791 1693 ἐν

2141 1724 2273 1797 ᾇδου
2329 1727 2589 1801 γενέσθαι,
2652 1725 2841 1800 χρείαν
2893 1724 3009 1800 εἶχε
3056 1728 3263 1801 ψυχῆς.
3314 1729 3489 1783 Τοῦτο
3541 1729 3644 1801 γάρ
3677 1726 3794 1781 ἐστι

2068 1841 2111 1904 Β
2139 1817 2202 1869 τὸ
2263 1815 2477 1891 μορφὴν
2540 1811 2740 1868 δούλου
2801 1807 3007 1880 λαϐὼν,
3053 1813 3115 1867 οὐ
3158 1814 3221 1867 τὸ
3272 1813 3323 1867 ἐν
3371 1815 3582 1885 σώματι
3614 1819 3795 1891 φανῆ-

2141 1926 2228 1959 ναι
2264 1905 2449 1976 μόνον,
2483 1902 2626 1958 ἀλλὰ
2655 1902 2744 1957 καὶ
2772 1903 2835 1955 τὸ
2862 1902 2930 1956 τὰ
2958 1904 3100 1972 πάθη
3131 1910 3233 1972 τῆς
3276 1901 3525 1966 δουλείας
3576 1900 3794 1961 λαϐεῖν.

2146 1992 2344 2048 Μακεδ.
2379 1994 2606 2069 Μορφήν
2651 1989 2853 2045 δούλου
2900 1986 3083 2057 ἔλαϐε,
3139 1991 3308 2066 σάρκα
3366 1987 3573 2048 λαϐὼν.
3637 1996 3795 2067 Ὀρθ.

2140 2088 2197 2136 Ἦ
2234 2082 2421 2157 μορφή
2450 2085 2548 2134 τοῦ
2597 2084 2729 2134 Θεοῦ
2776 2077 2958 2133 τελεία
3009 2078 3119 2132 ἐστὶ
3154 2080 3339 2154 μορφὴ
3372 2085 3547 2148 Θεοῦ;
3582 2081 3795 2139 Μαχεδ.

2143 2170 2265 2225 Ναί.
2328 2171 2469 2242 Ὀρθ.
2530 2168 2627 2222 Καὶ
2679 2169 2713 2236 ἡ
2777 2168 2959 2243 μορφὴ
3021 2163 3123 2241 ἄρα
3176 2171 3273 2220 τοῦ
3334 2165 3536 2222 δούλου
3606 2171 3797 2225 τελεία

2145 2260 2328 2335 μορφή
2384 2262 2481 2311 τοῦ
2539 2254 2740 2310 δούλου
2799 2255 2929 2311 ἐστί.
2983 2256 3081 2308 Διὰ
3119 2260 3277 2310 τοῦτο
3306 2257 3520 2332 γὰρκαὶ
3554 2254 3794 2330 θάμϐος,

2138 2347 2227 2400 καὶ
2287 2344 2458 2415 λύπη,
2516 2344 2605 2398 καὶ
2660 2341 2952 2416 ἀδημονία,
3014 2340 3103 2397 ’διᾶ
3144 2344 3206 2398 τὸ
3246 2344 3457 2399 τελειαν
3504 2348 3635 2400 εἶναι
3686 2350 3790 2415 τῆν

2137 2440 2234 2489 τοῦ
2294 2432 2495 2488 δούλου
2556 2434 2795 2509 μορφήν.
2856 2432 2952 2485 Καὶ
3009 2432 3170 2486 τοῦτό
3217 2432 3326 2488 ἐστι
3375 2434 3437 2488 τὸ
3486 2431 3789 2510 πρόϐατον,

2140 2532 2170 2586 ὅ
2230 2533 2465 2601 ζητήσας
2520 2530 2609 2584 καὶ
2669 2529 2860 2600 εὑρὼν,
2922 2528 3008 2582 ἐπὶ
3066 2534 3170 2583 τῶν
3234 2527 3400 2602 ὤμων
3462 2531 3634 2608 φέρει,
3693 2535 3797 2587 οὐκ

2139 2619 2300 2675 ἀσκὸν
2352 2618 2585 2693 ἄψυχον,
2638 2616 2766 2672 ἀλλ’
2812 2614 3061 2693 ἔμψυχον
3110 2623 3271 2689 ζῶον,
3304 2625 3609 2694 συγχωρῶν
3646 2621 3799 2694 αὐτῷ

2141 2708 2285 2784 ἔχειν
2326 2709 2393 2762 τὰ
2450 2709 2617 2776 πάθη,
2669 2707 2729 2761 οὐ
2778 2707 2845 2761 τὰ
2888 2714 2990 2775 τῆς
3036 2707 3326 2781 ἁμαρτίας,
3380 2706 3525 2763 ἀλλᾶ
3569 2712 3635 2763 τὰ
3695 2718 3800 2778 τῆς

2627 2796 2703 2867 μὴ
2790 2794 3051 2873 φαντασία
3126 2796 3381 2870 νομισθῇ,
3459 2798 3547 2851 καὶ
3630 2806 3801 2852 Μανι-

2141 2892 2300 2961 χαῖος
2358 2890 2518 2957 μανῇ.
2569 2880 2776 2940 Μακεὸ.
2828 2888 3033 2955 Δῶμεν.
3084 2883 3167 2938 ὅτι
3219 2885 3341 2958 περὶ
3394 2888 3578 2959 ψυχῆς
3611 2886 3802 2947 καλῶς

2143 2973 2340 3048 λὲγεις·
2402 2972 2491 3028 διὰ
2545 2973 2595 3026 τί
2650 2973 2739 3026 καὶ
2800 2971 3092 3043 ὁμοούσιον
3154 2972 3335 3047 λὲγετε
3390 2976 3480 3027 τὸν
3539 2976 3661 3027 my
3720 2981 3803 3046 τῷ

2144 3063 2347 3137 Πατρί;
2410 3064 2557 3135 Ὀρθ.
2616 3062 2741 3117 ’Ὁτι
2800 3060 2855 3114 δν
2918 3060 3004 3115 ἐὰν
3056 3059 3207 3134 εἴπῃς
3256 3060 3419 3135 λόγον
3468 3070 3569 3130 τῆς
3619 3064 3807 3124 οὐσίας

2148 3156 2244 3205 τοῦ
2296 3152 2524 3223 Πατρὸς,
2584 3154 2773 3203 τοῦτον
2825 3147 2983 3203 αὐτὸν
3042 3150 3132 3202 τὸν
3176 3147 3341 3223 λόγον
3376 3150 3504 3204 εἶναι
3538 3153 3805 3222 τιθέμεθα

2148 3244 2237 3294 καὶ
2304 3246 2403 3307 τῆς
2476 3243 2573 3293 τοῦ
2649 3239 2776 3290 rio?)
2849 3237 3051 3298 οὐσίας.
3133 3235 3335 3293 Manna.
3395 3237 3572 3293 Ἀλλὰ
3628 3245 3802 3294 τοῦτο

2147 3328 2248 3382 οὐκ
2297 3327 2436 3381 ἔστιν
2494 3326 2809 3398 ὁμοούσιον,
2870 3324 3017 3380 ἀλλᾶ
3073 3326 3443 3397 ὁμοιοούσιον.
3504 3330 3655 3403 Ὀρθ,
3720 3330 3803 3385 Τὸ

2146 3416 2517 3488 ὁμοιοούσιον,
2570 3415 2636 3467 ἶν’
2690 3413 2885 3482 οὕτως,
2933 3413 3091 3484 εἷ’πω,
3143 3412 3398 3489 ἄγροικος
3433 3414 3594 3491 σοφία
3626 3415 3793 3469 ἐστίν-

2146 3506 2218 3565 ὡς
2252 3504 2337 3557 ἐὰν
2390 3502 2519 3578 λέγῃ
2566 3524 2650 3563 τις
2695 3504 2785 3555 τὸν
2833 3501 3143 3577 ὁμότροπον
3191 3502 3576 3577 ὁμοιότροπον.
3629 3506 3664 3572 ἤ
3698 3506 3790 3557 τὸν

2146 3594 2383 3667 ὁμογενῆ
2420 3594 2738 3665 ὁμοιογενῆ,
2770 3591 2804 3658 ἢ
2835 3590 2924 3644 τὸν
2957 3587 3221 3660 ὁμόδοξον
3255 3589 3599 3663 ὁμοιόδοεον,
3634 3594 3669 3659 ἦ
3704 3594 3796 3646 τὸν

2146 3682 2426 3757 ὁμόφρονα
2456 3679 2813 3756 ὁμοιόφρονα.
2846 3676 3046 3733 Μακεδ.
3084 3678 3199 3735 Οὔκ
3229 3678 3374 3734 ἀλλᾶ
3419 3681 3478 3733 τὸ
3528 3681 3797 3751 6140:005-

2146 3791 2258 3823 σιον
2320 3769 2407 3823 ἐπὶ
2458 3774 2563 3822 τῶν
2616 3766 2941 3838 ἀσωμάτων*
2985 3768 3048 3820 τὸ
3092 3765 3150 3820 δὲ
3198 3768 3493 3840 ὁμοούσιον
3545 3768 3632 3822 ἐπὶ
3685 3775 3792 3823 τῶν

2146 3860 2435 3928 σωμάτων.
2471 3858 2612 3930 Ὀρθ.
2648 3854 2927 3922 Εἶπον,ὅτι
2958 3856 3213 3929 ἄγροικος
3246 3855 3406 3933 σοφία
3437 3856 3798 3929 ἐπί’μᾶλλον

2143 3946 2244 4020 γὰρ
2275 3946 2337 3999 τὸ
2389 3945 2495 4016 ὁμο
2509 3944 2743 3998 ιοούσιον
2798 3941 2904 3998 ἔδει
2937 3942 3188 4017 λέγεσθαι
3220 3945 3346 3998 παιδ’
3378 3946 3529 4016 ὑμῶν
3565 3946 3653 3999 ἐπὶ
3694 3952 3803 4000 τῶν

2144 4034 2429 4105 σωμάτων,
2482 4032 2566 4108 ἐφ’
2613 4033 2686 4085 ὧν
2737 4032 2827 4085 καὶ
2875 4032 3163 4103 ὁμοιότης,
3196 4032 3257 4085 τὸ
3289 4030 3346 4086 δὲ
3376 4034 3674 4104 ὁμοούσιον
3712 4034 3802 4088 ἐπὶ

2142 4126 2246 4176 τῶν
2283 4120 2606 4192 ἀσωμάτων,
2641 4119 2720 4195 ἐφ’
2751 4120 2821 4173 ὧν
2854 4122 2888 4187 ἡ
2921 4119 3208 4188 ταυτότης·
3240 4119 3302 4174 τὸ
3345 4121 3446 4195 γὰρ
3497 4122 3799 4193 ὁμοοῦσιὸν

2328 4210 2391 4262 τὸ
2459 4208 2831 4261 ταυτοούσιον.
2916 4203 3116 4261 Μακεδ.
3172 4206 3348 4262 Ἀλλὰ
3404 4211 3472 4261 τὰ
3529 4210 3804 4280 ὁμοονόσια

2141 2798 2367 2875 φύσεως’
2442 2796 2531 2851 τίνα

2146 4231 2257 4263 εστι

2144 4303 2333 4380 ἔχουσι
2398 4302 2868 4380 προϋποκειμένην
2934 4302 3136 4359 οὐσίαν.
3201 4304 3344 4375 Ὀρθ.
3405 4304 3513 4357 Οὐκ
3570 4305 3797 4375 ἀληθῶς

2145 4393 2340 4468 λὲγεις·
2373 4393 2461 4446 καὶ
2495 4392 2595 4466 γὰρ
2629 4391 2922 4463 ὁμοούσιός
2953 4388 3089 4453 tam
3125 4391 3159 4459 ἡ
3194 4388 3304 4444 Εὕα
3340 4396 3418 4461 τῷ
3447 4389 3647 4462 Ἀδὰμ,
3704 4394 3791 4447 καὶ

2144 4482 2241 4536 οὐκ
2273 4479 2458 4555 ἔχουσι
2492 4480 2962 4552 προϋποκειμένην
2994 4477 3175 4531 οὐσίαν
3213 4478 3535 4553 ἀνθρώπιον.
3590 4479 3794 4537 Mancia.

388 4568 814 4637 prajacentem.
852 4566 1005 4620 Orlh.
1042 4567 1155 4620 Nec
1205 4572 1401 4621 tamen
1438 4569 1563 4622 Ideo
1613 4574 1750 4621 sunt
1778 4571 2029 4623 consub-

2144 4569 2314 4626 Ἀλλὰ
2343 4571 2439 4637 τὴν
2469 4576 2571 4643 γῆν
2606 4566 2792 4643 ἔχουσι
2826 4567 3323 4641 προϋποκειμένην.
3358 4568 3507 4642 Ὀρθ.
3540 4568 3699 4624 Ἀλλ’
3731 4570 3794 4623 οὐ

386 4653 859 4724 stantiales,quia
888 4670 957 4707 ex
987 4659 1136 4708 terra
1170 4656 1431 4713 sunt.sed
1469 4656 1607 4726 quia
1637 4658 1902 4710 eamdem
1930 4658 2031 4711 ad-
2060 4680 2063 4683 λ

389 4744 629 4797 mittunt
658 4742 997 4797 substantia
1031 4744 1333 4797 rationem.
1365 4744 1782 4798 Maced.Verum
1817 4760 1922 4814 ego
1946 4746 2031 4798 id-

385 4831 539 4886 circo
562 4830 1093 4885 consubstantiales
1143 4847 1271 4886 esse
1320 4831 1473 4894 dico,
1526 4833 1666 4903 quia
1716 4849 1783 4886 ex
1826 4835 2029 4888 eadem

386 4921 556 4991 plane
588 4924 727 4973 sunt
758 4920 1109 4988 substantia,
1128 4937 1197 4974 ex
1230 4925 1381 4975 terra
1409 4921 1744 4991 nempe.Dic
1777 4922 1956 4991 igitur
1978 4928 2033 4975 et

380 5026 575 5074 canes,
609 5018 665 5062 et
695 5014 987 5076 serpentes
1020 5014 1073 5063 et
1107 5015 1316 5063 cuncta
1348 5015 1552 5065 catera
1570 5011 1894 5064 animantia
1927 5010 2031 5065 ho-

381 5097 641 5152 minibus
672 5112 801 5151 esse
831 5096 1379 5160 consubstantialia,
1417 5114 1601 5167 neque
1637 5097 1823 5152 solum
1862 5099 2032 5152 bruta

378 5185 833 5251 animantia,sed
868 5187 1048 5239 etiam
1069 5184 1366 5255 plantaset
1397 5185 1595 5253 siquid
1612 5185 1768 5239 aliud
1789 5202 1855 5239 ex
1876 5192 2030 5240 terra

378 5280 570 5330 ortum
604 5274 799 5329 habet.
836 5273 957 5329 Uno
1000 5274 1216 5344 quippe
1262 5273 1496 5326 nomine
1554 5273 1750 5327 omnia
1799 5278 2030 5327 terrena

382 5367 683 5430 vocantur,
716 5363 809 5418 sed
863 5379 975 5415 non
1028 5362 1292 5414 eamdem
1345 5360 1665 5414 admittunt
1686 5361 2028 5416 substantia

383 5451 690 5507 rationem.
724 5451 923 5504 Maced.
942 5450 1057 5519 Ego
1091 5466 1202 5502 non
1237 5464 1364 5503 sum
1400 5453 1650 5503 sectator
1684 5449 2025 5505 Aristotelis.

390 5550 542 5605 Orth.
574 5550 771 5620 Neque
802 5565 927 5620 ego.
960 5547 1156 5601 Maced.
1192 5548 1301 5602 Sed
1332 5547 1670 5603 Aristoteles
1701 5547 2030 5619 inquit,ho-

303 5650 309 5657 '
390 5654 823 5711 monymorum,
858 5653 958 5691 seu
994 5652 1243 5706 quorum
1275 5651 1585 5692 commune
1612 5638 2034 5705 nomen,diver-

2144 4656 2232 4712 διὰ
2284 4658 2444 4711 τοῦτό
2495 4658 2626 4711 εἰσιν
2682 4656 2993 4727 ὁμοοῦσιοι,
3048 4654 3231 4725 ἐπειδὴ
3286 4655 3346 4710 ἐκ
3373 4664 3473 4724 τῆς
3498 4665 3603 4731 γῆς
3635 4658 3794 4721 εἰσιν,

2142 4744 2378 4800 ἀλλ’ὅτι
2436 4747 2525 4799 τὸν
2578 4744 2735 4798 αὐτὸν
2788 4741 3133 4818 ἐπιδέχονται
3195 4742 3355 4819 λόγον
3413 4751 3514 4812 τῆς
3576 4746 3785 4807 οὗσίας.

2142 4838 2342 4897 Μακεδ.
2375 4842 2515 4915 Ἐγὼ
2574 4838 2630 4894 δὲ
2683 4838 2770 4893 διὰ
2818 4844 2979 4894 τοῦτο
3012 4839 3159 4912 λέγω
3199 4840 3545 4912 ὁμοουσίους,
3608 4839 3797 4907 ἐπειδὴ

2141 4929 2201 4983 ἐκ
2227 4936 2327 4997 τῆς
2359 4929 2523 4996 αὐτῆς
2558 4928 2686 4982 εθσιν
2723 4928 2927 4994 οὐσίας,
2960 4926 3019 4981 ἐκ
3046 4930 3142 4996 τῆς
3177 4935 3302 5002 γῆς.
3339 4931 3483 5001 Ὀρθ.
3538 4929 3672 4983 Eius
3704 4929 3793 4984 οὖν

2139 5018 2228 5071 καὶ
2276 5017 2403 5079 τοὺς
2451 5017 2637 5082 κύνας,
2679 5017 2767 5070 καὶ
2813 5016 2939 5077 τοὺς
2988 5016 3159 5093 ὄφεις,
3202 5017 3289 5070 καὶ
3340 5016 3513 5070 πάντα
3552 5018 3620 5071 τὰ
3652 5017 3797 5072 ἄλλα

2142 5110 2272 5173 ζῶα,
2306 5106 2571 5177 ὁμοοῦσια
2600 5112 2718 5165 τοῖς
2748 5104 3077 5178 ἀνθρὼποις’
3112 5103 3201 5157 καὶ
3233 5103 3295 5157 οὐ
3331 5104 3494 5176 μόνον
3542 5106 3610 5159 τὰ
3660 5104 3791 5160 ἅλο-

2137 5214 2204 5268 γα
2237 5198 2367 5263 ζῶα,
2410 5192 2555 5249 ἀλλὰ
2601 5192 2688 5247 καὶ
2738 5193 2803 5247 τὰ
2852 5192 3009 5270 φυτὰ,
3060 5192 3149 5245 καὶ
3183 5188 3307 5245 εἶ’τι
3339 5188 3521 5267 ἕτερον
3566 5193 3706 5247 ἐστιν
3736 5194 3793 5248 ἐκ

2138 5289 2237 5351 τῆς
2296 5289 2421 5357 γῆς,
2472 5282 2817 5353 Ὁμωνύμως
2862 5282 2965 5355 γὰρ
3013 5279 3185 5335 πάντα
3254 5283 3416 5355 γήϊνα
3473 5281 3784 5337 καλοῦνται·

2139 5367 2265 5423 ἀλλ’
2324 5371 2384 5423 οὐ
2428 5371 2519 5424 τὸν
2585 5370 2738 5424 αὐτὸν
2810 5367 3154 5443 ἐπιδίχονται
3194 5367 3371 5444 ,λόγον
3422 5377 3523 5439 τῆς
3576 5371 3781 5431 οὐσίας.

2141 5457 2342 5516 Μακεδ.
2402 5461 2539 5535 Ἐγὼ
2588 5458 2686 5513 οὐκ
2732 5458 3016 5513 ἀκολουθῶ
3060 5456 3443 5531 Ἀριστοτελει.
3471 5460 3614 5533 Ὀρθ.
3648 5459 3785 5514 Οὐδὲ

2136 5550 2237 5627 γὰρ
2286 5548 2415 5623 ἐγώ,
2469 5545 2674 5605 Μακεδ.
2722 5544 2894 5603 Ἀλλὰ
2942 5545 3325 5621 Ἀριστοτέλης
3369 5549 3485 5601 εἷπε
3531 5552 3640 5601 τῶν
3673 5550 3784 5619 ὁμ-

2140 5636 2373 5709 ωνύμων
2418 5637 2508 5692 τὸν
2558 5635 2725 5711 λόγον
2771 5642 2873 5703 τῆς
2914 5634 3095 5697 οὐσίας
3127 5630 3304 5709 ἕτερον
3338 5636 3489 5690 εἶναι.
3525 5638 3670 5713 Ὀρθ.
3704 5638 3780 5691 Σὺ
