  <div class='ocr_page' id='page_1' title='image "/cluster/home/n/w/nwhite01/storage/ocr_20150623/28/hvd.32044052794351/674.png"; bbox 0 0 4086 6214; ppageno 0'>
   <div class='ocr_carea' id='block_1_1' title="bbox 349 329 503 388">
    <p class='ocr_par' dir='ltr' id='par_1_1' title="bbox 349 329 503 388">
     <span class='ocr_line' id='line_1_1' title="bbox 349 329 503 388; baseline -0.026 -1"><span class='ocrx_word' id='word_1_1' title='bbox 349 329 503 388; x_wconf 76' lang='grc'>1337</span> 
     </span>
    </p>
   </div>
   <div class='ocr_carea' id='block_1_2' title="bbox 1089 325 1978 401">
    <p class='ocr_par' dir='ltr' id='par_1_2' title="bbox 1089 331 1978 401">
     <span class='ocr_line' id='line_1_2' title="bbox 1089 331 1978 401; baseline -0.003 -11"><span class='ocrx_word' id='word_1_2' title='bbox 1089 332 1238 390; x_wconf 87' lang='lat' dir='ltr'>CON</span> <span class='ocrx_word' id='word_1_3' title='bbox 1249 332 1745 393; x_wconf 80' lang='lat' dir='ltr'>FUTA&#39;I‘IONES</span> <span class='ocrx_word' id='word_1_4' title='bbox 1790 331 1978 401; x_wconf 67' lang='lat' dir='ltr'>QUAE</span> 
     </span>
    </p>
   </div>
   <div class='ocr_carea' id='block_1_3' title="bbox 2091 325 3010 401">
    <p class='ocr_par' dir='ltr' id='par_1_3' title="bbox 2091 325 3010 386">
     <span class='ocr_line' id='line_1_3' title="bbox 2091 325 3010 386; baseline -0.003 -1"><span class='ocrx_word' id='word_1_5' title='bbox 2091 328 2116 386; x_wconf 69' lang='lat' dir='ltr'>il</span> <span class='ocrx_word' id='word_1_6' title='bbox 2132 328 2286 385; x_wconf 78' lang='grc' dir='ltr'>ΒΑΜ</span> <span class='ocrx_word' id='word_1_7' title='bbox 2338 325 2979 386; x_wconf 71' lang='lat' dir='ltr'>PROPOSlTIONUM</span> <span class='ocrx_word' id='word_1_8' title='bbox 2998 369 3010 382; x_wconf 94' lang='lat'>.</span> 
     </span>
    </p>
   </div>
   <div class='ocr_carea' id='block_1_4' title="bbox 3596 327 3755 387">
    <p class='ocr_par' dir='ltr' id='par_1_4' title="bbox 3596 327 3755 387">
     <span class='ocr_line' id='line_1_4' title="bbox 3596 327 3755 387; baseline -0.013 -2"><span class='ocrx_word' id='word_1_9' title='bbox 3596 327 3755 387; x_wconf 75' lang='lat' dir='ltr'>i338</span> 
     </span>
    </p>
   </div>
   <div class='ocr_carea' id='block_1_5' title="bbox 347 454 1978 535">
    <p class='ocr_par' dir='ltr' id='par_1_5' title="bbox 347 454 1978 535">
     <span class='ocr_line' id='line_1_5' title="bbox 347 454 1978 535; baseline 0 -24"><span class='ocrx_word' id='word_1_10' title='bbox 347 454 405 512; x_wconf 87' lang='grc' dir='ltr'>δὲ</span> <span class='ocrx_word' id='word_1_11' title='bbox 430 457 523 511; x_wconf 85' lang='grc' dir='ltr'>τὸν</span> <span class='ocrx_word' id='word_1_12' title='bbox 556 456 715 511; x_wconf 88' lang='grc' dir='ltr'>αὐτὸν</span> <span class='ocrx_word' id='word_1_13' title='bbox 750 458 884 511; x_wconf 80' lang='grc' dir='ltr'>εἶναι</span> <span class='ocrx_word' id='word_1_14' title='bbox 916 457 1077 534; x_wconf 91' lang='grc' dir='ltr'>λόγον</span> <span class='ocrx_word' id='word_1_15' title='bbox 1112 458 1288 535; x_wconf 87' lang='grc' dir='ltr'>λέγεις</span> <span class='ocrx_word' id='word_1_16' title='bbox 1336 467 1434 529; x_wconf 81' lang='grc' dir='ltr'>τῆς</span> <span class='ocrx_word' id='word_1_17' title='bbox 1487 460 1667 521; x_wconf 98' lang='grc' dir='ltr'>οὐσίας</span> <span class='ocrx_word' id='word_1_18' title='bbox 1698 459 1978 534; x_wconf 64' lang='grc' dir='ltr'>ἀνθρώπωη</span> 
     </span>
    </p>
   </div>
   <div class='ocr_carea' id='block_1_6' title="bbox 2091 454 3755 535">
    <p class='ocr_par' dir='ltr' id='par_1_6' title="bbox 2108 456 3755 519">
     <span class='ocr_line' id='line_1_6' title="bbox 2108 456 3755 519; baseline -0.001 -6"><span class='ocrx_word' id='word_1_19' title='bbox 2108 474 2233 513; x_wconf 85' lang='lat' dir='ltr'>eam</span> <span class='ocrx_word' id='word_1_20' title='bbox 2267 473 2396 511; x_wconf 85' lang='lat' dir='ltr'>esse</span> <span class='ocrx_word' id='word_1_21' title='bbox 2444 456 2786 511; x_wconf 70' lang='lat' dir='ltr'>substantia:</span> <span class='ocrx_word' id='word_1_22' title='bbox 2837 456 3143 519; x_wconf 89' lang='lat' dir='ltr'>rationem,</span> <span class='ocrx_word' id='word_1_23' title='bbox 3195 457 3345 511; x_wconf 82' lang='lat' dir='ltr'>Orlh.</span> <span class='ocrx_word' id='word_1_24' title='bbox 3398 459 3467 510; x_wconf 86' lang='lat' dir='ltr'>At</span> <span class='ocrx_word' id='word_1_25' title='bbox 3512 462 3573 511; x_wconf 91' lang='lat' dir='ltr'>tu</span> <span class='ocrx_word' id='word_1_26' title='bbox 3608 458 3755 512; x_wconf 91' lang='lat' dir='ltr'>dicis</span> 
     </span>
    </p>
   </div>
   <div class='ocr_carea' id='block_1_7' title="bbox 346 541 1991 622">
    <p class='ocr_par' dir='ltr' id='par_1_7' title="bbox 346 541 1991 622">
     <span class='ocr_line' id='line_1_7' title="bbox 346 541 1991 622; baseline -0.001 -21"><span class='ocrx_word' id='word_1_27' title='bbox 346 548 436 601; x_wconf 76' lang='grc' dir='ltr'>καὶ</span> <span class='ocrx_word' id='word_1_28' title='bbox 490 541 644 613; x_wconf 77' lang='grc' dir='ltr'>ὄνων,</span> <span class='ocrx_word' id='word_1_29' title='bbox 705 546 793 600; x_wconf 80' lang='grc' dir='ltr'>καὶ</span> <span class='ocrx_word' id='word_1_30' title='bbox 857 544 1018 622; x_wconf 79' lang='grc' dir='ltr'>βοῶν,</span> <span class='ocrx_word' id='word_1_31' title='bbox 1078 548 1166 601; x_wconf 81' lang='grc' dir='ltr'>καὶ</span> <span class='ocrx_word' id='word_1_32' title='bbox 1229 547 1438 619; x_wconf 66' lang='grc' dir='ltr'>ἵππων,</span> <span class='ocrx_word' id='word_1_33' title='bbox 1494 549 1583 603; x_wconf 79' lang='grc' dir='ltr'>καὶ</span> <span class='ocrx_word' id='word_1_34' title='bbox 1640 554 1746 602; x_wconf 92' lang='grc' dir='ltr'>τῶν</span> <span class='ocrx_word' id='word_1_35' title='bbox 1808 545 1991 602; x_wconf 72' lang='grc' dir='ltr'>ἄλλων</span> 
     </span>
    </p>
   </div>
   <div class='ocr_carea' id='block_1_8' title="bbox 351 631 1996 712">
    <p class='ocr_par' dir='ltr' id='par_1_8' title="bbox 351 631 1996 712">
     <span class='ocr_line' id='line_1_8' title="bbox 351 631 1996 712; baseline 0.001 -26"><span class='ocrx_word' id='word_1_36' title='bbox 351 635 545 702; x_wconf 87' lang='grc' dir='ltr'>ζώων;</span> <span class='ocrx_word' id='word_1_37' title='bbox 582 631 779 689; x_wconf 81' lang='grc' dir='ltr'>Μακεδ.</span> <span class='ocrx_word' id='word_1_38' title='bbox 817 635 933 689; x_wconf 81' lang='grc' dir='ltr'>Ναί.</span> <span class='ocrx_word' id='word_1_39' title='bbox 970 636 1113 707; x_wconf 82' lang='grc' dir='ltr'>Ὀρθ.</span> <span class='ocrx_word' id='word_1_40' title='bbox 1145 637 1243 690; x_wconf 88' lang='grc' dir='ltr'>Τὸν</span> <span class='ocrx_word' id='word_1_41' title='bbox 1277 636 1433 691; x_wconf 87' lang='grc' dir='ltr'>αὐτὸν</span> <span class='ocrx_word' id='word_1_42' title='bbox 1488 636 1587 712; x_wconf 78' lang='grc' dir='ltr'>ἄρα</span> <span class='ocrx_word' id='word_1_43' title='bbox 1637 634 1801 710; x_wconf 88' lang='grc' dir='ltr'>λόγον</span> <span class='ocrx_word' id='word_1_44' title='bbox 1852 634 1996 710; x_wconf 81' lang='grc' dir='ltr'>ἔχεις</span> 
     </span>
    </p>
   </div>
   <div class='ocr_carea' id='block_1_9' title="bbox 345 720 1993 798">
    <p class='ocr_par' dir='ltr' id='par_1_9' title="bbox 345 720 1993 798">
     <span class='ocr_line' id='line_1_9' title="bbox 345 720 1993 798; baseline 0 -23"><span class='ocrx_word' id='word_1_45' title='bbox 345 729 443 789; x_wconf 77' lang='grc' dir='ltr'>τῆς</span> <span class='ocrx_word' id='word_1_46' title='bbox 478 720 659 782; x_wconf 90' lang='grc' dir='ltr'>οὐσίας</span> <span class='ocrx_word' id='word_1_47' title='bbox 686 728 805 783; x_wconf 86' lang='grc' dir='ltr'>τοῖς</span> <span class='ocrx_word' id='word_1_48' title='bbox 832 721 1087 797; x_wconf 73' lang='grc' dir='ltr'>ἀλόγοις;</span> <span class='ocrx_word' id='word_1_49' title='bbox 1119 722 1321 781; x_wconf 84' lang='grc' dir='ltr'>Μακεδ.</span> <span class='ocrx_word' id='word_1_50' title='bbox 1360 725 1476 781; x_wconf 83' lang='grc' dir='ltr'>Ναί.</span> <span class='ocrx_word' id='word_1_51' title='bbox 1513 726 1605 778; x_wconf 84' lang='grc' dir='ltr'>Ἐκ</span> <span class='ocrx_word' id='word_1_52' title='bbox 1634 732 1730 793; x_wconf 82' lang='grc' dir='ltr'>τῆς</span> <span class='ocrx_word' id='word_1_53' title='bbox 1762 732 1864 798; x_wconf 77' lang='grc' dir='ltr'>γῆς</span> <span class='ocrx_word' id='word_1_54' title='bbox 1894 724 1993 797; x_wconf 74' lang='grc' dir='ltr'>γὰρ</span> 
     </span>
    </p>
   </div>
   <div class='ocr_carea' id='block_1_10' title="bbox 347 809 1993 888">
    <p class='ocr_par' dir='ltr' id='par_1_10' title="bbox 347 809 1993 888">
     <span class='ocr_line' id='line_1_10' title="bbox 347 809 1993 888; baseline 0 -24"><span class='ocrx_word' id='word_1_55' title='bbox 347 809 639 884; x_wconf 80' lang='grc' dir='ltr'>ἐγενόμεθα</span> <span class='ocrx_word' id='word_1_56' title='bbox 692 810 904 872; x_wconf 88' lang='grc' dir='ltr'>πάντες.</span> <span class='ocrx_word' id='word_1_57' title='bbox 941 813 1083 884; x_wconf 82' lang='grc' dir='ltr'>Ὀρθ.</span> <span class='ocrx_word' id='word_1_58' title='bbox 1145 813 1283 888; x_wconf 86' lang='grc' dir='ltr'>Ἐγὼ</span> <span class='ocrx_word' id='word_1_59' title='bbox 1346 814 1437 885; x_wconf 74' lang='grc' dir='ltr'>μὲν</span> <span class='ocrx_word' id='word_1_60' title='bbox 1486 813 1586 867; x_wconf 89' lang='grc' dir='ltr'>οὐκ</span> <span class='ocrx_word' id='word_1_61' title='bbox 1629 810 1993 888; x_wconf 82' lang='grc' dir='ltr'>Ἀριστοτέλει</span> 
     </span>
    </p>
   </div>
   <div class='ocr_carea' id='block_1_11' title="bbox 343 896 1991 973">
    <p class='ocr_par' dir='ltr' id='par_1_11' title="bbox 343 896 1991 973">
     <span class='ocr_line' id='line_1_11' title="bbox 343 896 1991 973; baseline 0.001 -23"><span class='ocrx_word' id='word_1_62' title='bbox 343 896 687 968; x_wconf 86' lang='grc' dir='ltr'>ἀκολουθῶν,</span> <span class='ocrx_word' id='word_1_63' title='bbox 722 896 848 953; x_wconf 89' lang='grc' dir='ltr'>ἀλλ’</span> <span class='ocrx_word' id='word_1_64' title='bbox 899 900 1034 972; x_wconf 82' lang='grc' dir='ltr'>αὐτῇ</span> <span class='ocrx_word' id='word_1_65' title='bbox 1094 904 1160 973; x_wconf 76' lang='grc' dir='ltr'>τῇ</span> <span class='ocrx_word' id='word_1_66' title='bbox 1222 900 1473 970; x_wconf 88' lang='grc' dir='ltr'>ἀληθεία,</span> <span class='ocrx_word' id='word_1_67' title='bbox 1521 906 1629 955; x_wconf 90' lang='grc' dir='ltr'>τῶν</span> <span class='ocrx_word' id='word_1_68' title='bbox 1681 899 1991 973; x_wconf 77' lang='grc' dir='ltr'>ὁμωνύμων</span> 
     </span>
    </p>
   </div>
   <div class='ocr_carea' id='block_1_12' title="bbox 340 984 1996 1065">
    <p class='ocr_par' dir='ltr' id='par_1_12' title="bbox 340 984 1996 1065">
     <span class='ocr_line' id='line_1_12' title="bbox 340 984 1996 1065; baseline 0.002 -26"><span class='ocrx_word' id='word_1_69' title='bbox 340 987 434 1039; x_wconf 88' lang='grc' dir='ltr'>τὸν</span> <span class='ocrx_word' id='word_1_70' title='bbox 464 984 630 1060; x_wconf 83' lang='grc' dir='ltr'>λόγον</span> <span class='ocrx_word' id='word_1_71' title='bbox 675 994 774 1055; x_wconf 78' lang='grc' dir='ltr'>τῆς</span> <span class='ocrx_word' id='word_1_72' title='bbox 806 987 987 1050; x_wconf 90' lang='grc' dir='ltr'>οὐσίας</span> <span class='ocrx_word' id='word_1_73' title='bbox 1019 988 1080 1043; x_wconf 90' lang='grc' dir='ltr'>οὐ</span> <span class='ocrx_word' id='word_1_74' title='bbox 1112 990 1202 1043; x_wconf 89' lang='grc' dir='ltr'>τὸν</span> <span class='ocrx_word' id='word_1_75' title='bbox 1246 989 1403 1044; x_wconf 88' lang='grc' dir='ltr'>αὐτὸν</span> <span class='ocrx_word' id='word_1_76' title='bbox 1455 989 1623 1065; x_wconf 83' lang='grc' dir='ltr'>λέγω,</span> <span class='ocrx_word' id='word_1_77' title='bbox 1658 987 1782 1044; x_wconf 74' lang='grc' dir='ltr'>οὐδὲ</span> <span class='ocrx_word' id='word_1_78' title='bbox 1827 989 1996 1043; x_wconf 86' lang='grc' dir='ltr'>ταυτά</span> 
     </span>
    </p>
   </div>
   <div class='ocr_carea' id='block_1_13' title="bbox 338 1074 1995 1155">
    <p class='ocr_par' dir='ltr' id='par_1_13' title="bbox 338 1074 1995 1155">
     <span class='ocr_line' id='line_1_13' title="bbox 338 1074 1995 1155; baseline 0.002 -27"><span class='ocrx_word' id='word_1_79' title='bbox 338 1080 455 1135; x_wconf 88' lang='grc' dir='ltr'>τοῖς</span> <span class='ocrx_word' id='word_1_80' title='bbox 513 1074 734 1151; x_wconf 80' lang='grc' dir='ltr'>ἀλόγοις</span> <span class='ocrx_word' id='word_1_81' title='bbox 789 1077 855 1129; x_wconf 75' lang='grc' dir='ltr'>τὰ</span> <span class='ocrx_word' id='word_1_82' title='bbox 916 1076 1132 1151; x_wconf 84' lang='grc' dir='ltr'>λογικά,</span> <span class='ocrx_word' id='word_1_83' title='bbox 1171 1084 1277 1139; x_wconf 83' lang='grc' dir='ltr'>Πᾶς</span> <span class='ocrx_word' id='word_1_84' title='bbox 1336 1076 1393 1132; x_wconf 70' lang='grc' dir='ltr'>δὲ</span> <span class='ocrx_word' id='word_1_85' title='bbox 1452 1079 1722 1155; x_wconf 72' lang='grc' dir='ltr'>αἱρετικὸς</span> <span class='ocrx_word' id='word_1_86' title='bbox 1754 1104 1781 1129; x_wconf 89' lang='grc'><strong>‹‹</strong></span> <span class='ocrx_word' id='word_1_87' title='bbox 1828 1099 1995 1152; x_wconf 89' lang='grc' dir='ltr'>παρα-</span> 
     </span>
    </p>
   </div>
   <div class='ocr_carea' id='block_1_14' title="bbox 345 1158 1989 1239">
    <p class='ocr_par' dir='ltr' id='par_1_14' title="bbox 345 1158 1989 1239">
     <span class='ocr_line' id='line_1_14' title="bbox 345 1158 1989 1239; baseline 0.002 -23"><span class='ocrx_word' id='word_1_88' title='bbox 345 1158 655 1234; x_wconf 74' lang='grc' dir='ltr'>συνεϐλήθη</span> <span class='ocrx_word' id='word_1_89' title='bbox 688 1171 804 1226; x_wconf 84' lang='grc' dir='ltr'>τοῖς</span> <span class='ocrx_word' id='word_1_90' title='bbox 862 1168 1077 1236; x_wconf 89' lang='grc' dir='ltr'>κτήνεσι</span> <span class='ocrx_word' id='word_1_91' title='bbox 1121 1172 1235 1229; x_wconf 86' lang='grc' dir='ltr'>τοῖς</span> <span class='ocrx_word' id='word_1_92' title='bbox 1275 1166 1549 1238; x_wconf 88' lang='grc' dir='ltr'>ἀνοήτοις,</span> <span class='ocrx_word' id='word_1_93' title='bbox 1578 1170 1666 1223; x_wconf 83' lang='grc' dir='ltr'>καὶ</span> <span class='ocrx_word' id='word_1_94' title='bbox 1724 1167 1989 1239; x_wconf 79' lang='grc' dir='ltr'>ὡμοιώθη</span> 
     </span>
    </p>
   </div>
   <div class='ocr_carea' id='block_1_15' title="bbox 341 1250 1992 1332">
    <p class='ocr_par' dir='ltr' id='par_1_15' title="bbox 341 1250 1992 1332">
     <span class='ocr_line' id='line_1_15' title="bbox 341 1250 1992 1332; baseline 0.002 -27"><span class='ocrx_word' id='word_1_95' title='bbox 341 1252 544 1313; x_wconf 84' lang='grc' dir='ltr'>αὐτοῖς.</span> <span class='ocrx_word' id='word_1_96' title='bbox 584 1278 610 1302; x_wconf 85' lang='grc'><strong>››</strong></span> <span class='ocrx_word' id='word_1_97' title='bbox 641 1251 842 1311; x_wconf 85' lang='grc' dir='ltr'>Μακεδ,</span> <span class='ocrx_word' id='word_1_98' title='bbox 880 1255 968 1323; x_wconf 75' lang='grc' dir='ltr'>Μὴ</span> <span class='ocrx_word' id='word_1_99' title='bbox 1001 1250 1187 1331; x_wconf 77' lang='grc' dir='ltr'>ὕϐριζε</span> <span class='ocrx_word' id='word_1_100' title='bbox 1218 1253 1629 1331; x_wconf 84' lang='grc' dir='ltr'>διαλεγόμενος.</span> <span class='ocrx_word' id='word_1_101' title='bbox 1664 1258 1811 1332; x_wconf 87' lang='grc' dir='ltr'>Ὀρθ.</span> <span class='ocrx_word' id='word_1_102' title='bbox 1848 1256 1992 1330; x_wconf 82' lang='grc' dir='ltr'>Ἐγὼ</span> 
     </span>
    </p>
   </div>
   <div class='ocr_carea' id='block_1_16' title="bbox 344 1335 1727 1421">
    <p class='ocr_par' dir='ltr' id='par_1_16' title="bbox 344 1335 1727 1421">
     <span class='ocr_line' id='line_1_16' title="bbox 344 1335 1727 1421; baseline 0.004 -26"><span class='ocrx_word' id='word_1_103' title='bbox 344 1340 454 1416; x_wconf 87' lang='grc' dir='ltr'>οὐχ</span> <span class='ocrx_word' id='word_1_104' title='bbox 486 1335 709 1417; x_wconf 77' lang='grc' dir='ltr'>ὐϐριζω’</span> <span class='ocrx_word' id='word_1_105' title='bbox 744 1341 872 1397; x_wconf 80' lang='grc' dir='ltr'>ἀλλ’</span> <span class='ocrx_word' id='word_1_106' title='bbox 900 1345 934 1412; x_wconf 76' lang='grc' dir='ltr'>ἡ</span> <span class='ocrx_word' id='word_1_107' title='bbox 967 1347 1032 1412; x_wconf 67' lang='grc' dir='ltr'>σή</span> <span class='ocrx_word' id='word_1_108' title='bbox 1069 1346 1217 1421; x_wconf 76' lang='grc' dir='ltr'>φωνὴ</span> <span class='ocrx_word' id='word_1_109' title='bbox 1250 1349 1411 1400; x_wconf 86' lang='grc' dir='ltr'>τοῦτο</span> <span class='ocrx_word' id='word_1_110' title='bbox 1442 1350 1727 1421; x_wconf 87' lang='grc' dir='ltr'>συνήγαγε.</span> 
     </span>
    </p>
   </div>
   <div class='ocr_carea' id='block_1_17' title="bbox 2105 545 3752 609">
    <p class='ocr_par' dir='ltr' id='par_1_17' title="bbox 2105 545 3752 609">
     <span class='ocr_line' id='line_1_17' title="bbox 2105 545 3752 609; baseline -0.001 -8"><span class='ocrx_word' id='word_1_111' title='bbox 2105 547 2369 601; x_wconf 81' lang='lat' dir='ltr'>eamdem</span> <span class='ocrx_word' id='word_1_112' title='bbox 2401 562 2529 599; x_wconf 81' lang='lat' dir='ltr'>esse</span> <span class='ocrx_word' id='word_1_113' title='bbox 2561 545 2845 598; x_wconf 74' lang='lat' dir='ltr'>rationem</span> <span class='ocrx_word' id='word_1_114' title='bbox 2900 545 3240 598; x_wconf 66' lang='lat' dir='ltr'>substantiae</span> <span class='ocrx_word' id='word_1_115' title='bbox 3273 545 3605 609; x_wconf 85' lang='lat' dir='ltr'>hominum,</span> <span class='ocrx_word' id='word_1_116' title='bbox 3637 548 3752 599; x_wconf 89' lang='lat' dir='ltr'>asi-</span> 
     </span>
    </p>
   </div>
   <div class='ocr_carea' id='block_1_18' title="bbox 2106 632 3753 703">
    <p class='ocr_par' dir='ltr' id='par_1_18' title="bbox 2106 632 3753 703">
     <span class='ocr_line' id='line_1_18' title="bbox 2106 632 3753 703; baseline -0.001 -13"><span class='ocrx_word' id='word_1_117' title='bbox 2106 651 2337 700; x_wconf 80' lang='lat' dir='ltr'>norum,</span> <span class='ocrx_word' id='word_1_118' title='bbox 2373 634 2567 693; x_wconf 84' lang='lat' dir='ltr'>boum.</span> <span class='ocrx_word' id='word_1_119' title='bbox 2618 650 2899 703; x_wconf 88' lang='lat' dir='ltr'>equorum</span> <span class='ocrx_word' id='word_1_120' title='bbox 2935 639 2992 688; x_wconf 90' lang='lat' dir='ltr'>et</span> <span class='ocrx_word' id='word_1_121' title='bbox 3021 632 3263 687; x_wconf 87' lang='lat' dir='ltr'>aliorum</span> <span class='ocrx_word' id='word_1_122' title='bbox 3312 633 3698 687; x_wconf 89' lang='lat' dir='ltr'>animantium</span> <span class='ocrx_word' id='word_1_123' title='bbox 3725 634 3753 688; x_wconf 73' lang='lat' dir='ltr'>‘I</span> 
     </span>
    </p>
   </div>
   <div class='ocr_carea' id='block_1_19' title="bbox 2104 722 3746 792">
    <p class='ocr_par' dir='ltr' id='par_1_19' title="bbox 2104 722 3746 792">
     <span class='ocr_line' id='line_1_19' title="bbox 2104 722 3746 792; baseline -0.001 -15"><span class='ocrx_word' id='word_1_124' title='bbox 2104 724 2300 778; x_wconf 79' lang='lat' dir='ltr'>Maced.</span> <span class='ocrx_word' id='word_1_125' title='bbox 2334 723 2542 777; x_wconf 83' lang='lat' dir='ltr'>Etiam.</span> <span class='ocrx_word' id='word_1_126' title='bbox 2578 722 2728 777; x_wconf 81' lang='lat' dir='ltr'>Orth.</span> <span class='ocrx_word' id='word_1_127' title='bbox 2751 724 3024 777; x_wconf 78' lang='lat' dir='ltr'>Eamdem</span> <span class='ocrx_word' id='word_1_128' title='bbox 3048 737 3183 792; x_wconf 87' lang='lat' dir='ltr'>ergo</span> <span class='ocrx_word' id='word_1_129' title='bbox 3208 722 3551 775; x_wconf 69' lang='lat' dir='ltr'>substantias</span> <span class='ocrx_word' id='word_1_130' title='bbox 3574 722 3746 777; x_wconf 86' lang='lat' dir='ltr'>ratio-</span> 
     </span>
    </p>
   </div>
   <div class='ocr_carea' id='block_1_20' title="bbox 2108 809 3748 880">
    <p class='ocr_par' dir='ltr' id='par_1_20' title="bbox 2108 809 3748 880">
     <span class='ocr_line' id='line_1_20' title="bbox 2108 809 3748 880; baseline -0.001 -14"><span class='ocrx_word' id='word_1_131' title='bbox 2108 829 2234 866; x_wconf 91' lang='lat' dir='ltr'>nem</span> <span class='ocrx_word' id='word_1_132' title='bbox 2270 812 2448 865; x_wconf 84' lang='lat' dir='ltr'>habes</span> <span class='ocrx_word' id='word_1_133' title='bbox 2497 826 2670 880; x_wconf 90' lang='lat' dir='ltr'>quam</span> <span class='ocrx_word' id='word_1_134' title='bbox 2707 812 2877 865; x_wconf 90' lang='lat' dir='ltr'>bruta</span> <span class='ocrx_word' id='word_1_135' title='bbox 2908 810 3246 864; x_wconf 83' lang='lat' dir='ltr'>animantia.</span> <span class='ocrx_word' id='word_1_136' title='bbox 3300 810 3502 865; x_wconf 79' lang='lat' dir='ltr'>Maced.</span> <span class='ocrx_word' id='word_1_137' title='bbox 3542 809 3748 875; x_wconf 85' lang='lat' dir='ltr'>Etiam,</span> 
     </span>
    </p>
   </div>
   <div class='ocr_carea' id='block_1_21' title="bbox 2106 899 3748 971">
    <p class='ocr_par' dir='ltr' id='par_1_21' title="bbox 2106 899 3748 971">
     <span class='ocr_line' id='line_1_21' title="bbox 2106 899 3748 971; baseline -0.001 -16"><span class='ocrx_word' id='word_1_138' title='bbox 2106 899 2260 955; x_wconf 80' lang='lat' dir='ltr'>Orth.</span> <span class='ocrx_word' id='word_1_139' title='bbox 2301 905 2410 971; x_wconf 78' lang='lat' dir='ltr'>Ego</span> <span class='ocrx_word' id='word_1_140' title='bbox 2454 900 2690 970; x_wconf 72' lang='lat' dir='ltr'>quidem</span> <span class='ocrx_word' id='word_1_141' title='bbox 2726 916 2835 953; x_wconf 89' lang='lat' dir='ltr'>non</span> <span class='ocrx_word' id='word_1_142' title='bbox 2891 899 3277 969; x_wconf 80' lang='lat' dir='ltr'>Aristotelem,</span> <span class='ocrx_word' id='word_1_143' title='bbox 3312 900 3411 954; x_wconf 89' lang='lat' dir='ltr'>sed</span> <span class='ocrx_word' id='word_1_144' title='bbox 3445 899 3748 954; x_wconf 82' lang='lat' dir='ltr'>veritatem</span> 
     </span>
    </p>
   </div>
   <div class='ocr_carea' id='block_1_22' title="bbox 2103 988 3748 1058">
    <p class='ocr_par' dir='ltr' id='par_1_22' title="bbox 2103 988 3748 1058">
     <span class='ocr_line' id='line_1_22' title="bbox 2103 988 3748 1058; baseline -0.001 -14"><span class='ocrx_word' id='word_1_145' title='bbox 2103 994 2616 1052; x_wconf 88' lang='lat' dir='ltr'>consectatus,non</span> <span class='ocrx_word' id='word_1_146' title='bbox 2642 988 2769 1042; x_wconf 90' lang='lat' dir='ltr'>dico</span> <span class='ocrx_word' id='word_1_147' title='bbox 2794 1003 2995 1042; x_wconf 83' lang='lat' dir='ltr'>eorum</span> <span class='ocrx_word' id='word_1_148' title='bbox 3026 1004 3276 1058; x_wconf 87' lang='lat' dir='ltr'>quorum</span> <span class='ocrx_word' id='word_1_149' title='bbox 3300 1004 3611 1042; x_wconf 85' lang='lat' dir='ltr'>commune</span> <span class='ocrx_word' id='word_1_150' title='bbox 3644 1004 3748 1042; x_wconf 88' lang='lat' dir='ltr'>no-</span> 
     </span>
    </p>
   </div>
   <div class='ocr_carea' id='block_1_23' title="bbox 2106 1077 3745 1147">
    <p class='ocr_par' dir='ltr' id='par_1_23' title="bbox 2106 1077 3745 1147">
     <span class='ocr_line' id='line_1_23' title="bbox 2106 1077 3745 1147; baseline -0.001 -15"><span class='ocrx_word' id='word_1_151' title='bbox 2106 1095 2258 1143; x_wconf 89' lang='lat' dir='ltr'>men,</span> <span class='ocrx_word' id='word_1_152' title='bbox 2294 1077 2555 1132; x_wconf 86' lang='lat' dir='ltr'>eamdem</span> <span class='ocrx_word' id='word_1_153' title='bbox 2590 1094 2718 1131; x_wconf 90' lang='lat' dir='ltr'>esse</span> <span class='ocrx_word' id='word_1_154' title='bbox 2749 1077 3089 1131; x_wconf 60' lang='lat' dir='ltr'>substantiae</span> <span class='ocrx_word' id='word_1_155' title='bbox 3122 1077 3620 1147; x_wconf 88' lang='lat' dir='ltr'>rationem,neque</span> <span class='ocrx_word' id='word_1_156' title='bbox 3652 1092 3745 1131; x_wconf 87' lang='lat' dir='ltr'>ea-</span> 
     </span>
    </p>
   </div>
   <div class='ocr_carea' id='block_1_24' title="bbox 2102 1166 3745 1236">
    <p class='ocr_par' dir='ltr' id='par_1_24' title="bbox 2102 1166 3745 1236">
     <span class='ocr_line' id='line_1_24' title="bbox 2102 1166 3745 1236; baseline 0 -15"><span class='ocrx_word' id='word_1_157' title='bbox 2102 1169 2232 1221; x_wconf 85' lang='lat' dir='ltr'>dem</span> <span class='ocrx_word' id='word_1_158' title='bbox 2283 1183 2411 1221; x_wconf 89' lang='lat' dir='ltr'>esse</span> <span class='ocrx_word' id='word_1_159' title='bbox 2458 1166 2879 1221; x_wconf 85' lang='lat' dir='ltr'>irrationabilia</span> <span class='ocrx_word' id='word_1_160' title='bbox 2937 1182 3061 1236; x_wconf 69' lang='lat' dir='ltr'>qua:</span> <span class='ocrx_word' id='word_1_161' title='bbox 3104 1166 3486 1220; x_wconf 75' lang='lat' dir='ltr'>rationabilis.</span> <span class='ocrx_word' id='word_1_162' title='bbox 3542 1166 3745 1222; x_wconf 87' lang='lat' dir='ltr'>Omnis</span> 
     </span>
    </p>
   </div>
   <div class='ocr_carea' id='block_1_25' title="bbox 2103 1256 3749 1325">
    <p class='ocr_par' dir='ltr' id='par_1_25' title="bbox 2103 1256 3749 1325">
     <span class='ocr_line' id='line_1_25' title="bbox 2103 1256 3749 1325; baseline -0.002 -14"><span class='ocrx_word' id='word_1_163' title='bbox 2103 1262 2298 1311; x_wconf 82' lang='lat' dir='ltr'>autem</span> <span class='ocrx_word' id='word_1_164' title='bbox 2352 1256 2657 1310; x_wconf 75' lang='lat' dir='ltr'>haereticus</span> <span class='ocrx_word' id='word_1_165' title='bbox 2692 1279 2718 1303; x_wconf 92' lang='grc'>‹‹</span> <span class='ocrx_word' id='word_1_166' title='bbox 2753 1259 3128 1325; x_wconf 89' lang='lat' dir='ltr'>comparatus</span> <span class='ocrx_word' id='word_1_167' title='bbox 3158 1259 3245 1309; x_wconf 91' lang='lat' dir='ltr'>est</span> <span class='ocrx_word' id='word_1_168' title='bbox 3298 1256 3577 1322; x_wconf 82' lang='lat' dir='ltr'>iumentis</span> <span class='ocrx_word' id='word_1_169' title='bbox 3609 1256 3749 1308; x_wconf 87' lang='lat' dir='ltr'>insi-</span> 
     </span>
    </p>
   </div>
   <div class='ocr_carea' id='block_1_26' title="bbox 2104 1342 3744 1416">
    <p class='ocr_par' dir='ltr' id='par_1_26' title="bbox 2104 1342 3744 1416">
     <span class='ocr_line' id='line_1_26' title="bbox 2104 1342 3744 1416; baseline -0.001 -18"><span class='ocrx_word' id='word_1_170' title='bbox 2104 1346 2421 1416; x_wconf 88' lang='lat' dir='ltr'>pientibus,</span> <span class='ocrx_word' id='word_1_171' title='bbox 2456 1350 2511 1398; x_wconf 91' lang='lat' dir='ltr'>et</span> <span class='ocrx_word' id='word_1_172' title='bbox 2540 1343 2751 1398; x_wconf 86' lang='lat' dir='ltr'>similis</span> <span class='ocrx_word' id='word_1_173' title='bbox 2783 1343 2971 1397; x_wconf 85' lang='lat' dir='ltr'>factus</span> <span class='ocrx_word' id='word_1_174' title='bbox 3002 1348 3093 1397; x_wconf 92' lang='lat' dir='ltr'>est</span> <span class='ocrx_word' id='word_1_175' title='bbox 3121 1342 3238 1396; x_wconf 88' lang='lat' dir='ltr'>illis</span> <span class='ocrx_word' id='word_1_176' title='bbox 3269 1343 3370 1395; x_wconf 71' lang='grc'>³⁸.»</span> <span class='ocrx_word' id='word_1_177' title='bbox 3406 1342 3744 1397; x_wconf 79' lang='lat' dir='ltr'>Maced.Abs-</span> 
     </span>
    </p>
   </div>
   <div class='ocr_carea' id='block_1_27' title="bbox 343 1432 3744 1508">
    <p class='ocr_par' dir='ltr' id='par_1_27' title="bbox 343 1432 3744 1508">
     <span class='ocr_line' id='line_1_27' title="bbox 343 1432 3744 1508; baseline 0 -22"><span class='ocrx_word' id='word_1_178' title='bbox 343 1432 466 1486; x_wconf 87' lang='lat' dir='ltr'>tine</span> <span class='ocrx_word' id='word_1_179' title='bbox 500 1449 530 1487; x_wconf 88' lang='lat' dir='ltr'>a</span> <span class='ocrx_word' id='word_1_180' title='bbox 561 1433 932 1489; x_wconf 86' lang='lat' dir='ltr'>contumeliis</span> <span class='ocrx_word' id='word_1_181' title='bbox 967 1435 1119 1490; x_wconf 89' lang='lat' dir='ltr'>inter</span> <span class='ocrx_word' id='word_1_182' title='bbox 1162 1436 1605 1508; x_wconf 88' lang='lat' dir='ltr'>disputandum.</span> <span class='ocrx_word' id='word_1_183' title='bbox 1642 1436 1792 1493; x_wconf 80' lang='lat' dir='ltr'>Orth.</span> <span class='ocrx_word' id='word_1_184' title='bbox 1848 1437 1960 1508; x_wconf 87' lang='lat' dir='ltr'>Ego</span> <span class='ocrx_word' id='word_1_185' title='bbox 1993 1434 2415 1491; x_wconf 87' lang='lat' dir='ltr'>contumeliose</span> <span class='ocrx_word' id='word_1_186' title='bbox 2466 1451 2577 1489; x_wconf 91' lang='lat' dir='ltr'>non</span> <span class='ocrx_word' id='word_1_187' title='bbox 2616 1450 2744 1505; x_wconf 88' lang='lat' dir='ltr'>ago,</span> <span class='ocrx_word' id='word_1_188' title='bbox 2778 1434 2877 1487; x_wconf 92' lang='lat' dir='ltr'>sed</span> <span class='ocrx_word' id='word_1_189' title='bbox 2929 1433 3071 1487; x_wconf 88' lang='lat' dir='ltr'>illud</span> <span class='ocrx_word' id='word_1_190' title='bbox 3106 1450 3173 1487; x_wconf 81' lang='lat' dir='ltr'>ex</span> <span class='ocrx_word' id='word_1_191' title='bbox 3220 1433 3390 1487; x_wconf 89' lang='lat' dir='ltr'>dictis</span> <span class='ocrx_word' id='word_1_192' title='bbox 3440 1432 3556 1487; x_wconf 88' lang='lat' dir='ltr'>luis</span> <span class='ocrx_word' id='word_1_193' title='bbox 3606 1449 3744 1488; x_wconf 88' lang='lat' dir='ltr'>con—</span> 
     </span>
    </p>
   </div>
   <div class='ocr_carea' id='block_1_28' title="bbox 332 1520 637 1591">
    <p class='ocr_par' dir='ltr' id='par_1_28' title="bbox 332 1520 637 1591">
     <span class='ocr_line' id='line_1_28' title="bbox 332 1520 637 1591; baseline 0 -17"><span class='ocrx_word' id='word_1_194' title='bbox 332 1520 637 1591; x_wconf 86' lang='lat' dir='ltr'>&#39;sequitur.</span> 
     </span>
    </p>
   </div>
   <div class='ocr_carea' id='block_1_29' title="bbox 416 1633 1915 1713">
    <p class='ocr_par' dir='ltr' id='par_1_29' title="bbox 416 1633 1915 1713">
     <span class='ocr_line' id='line_1_29' title="bbox 416 1633 1915 1713; baseline 0.003 -25"><span class='ocrx_word' id='word_1_195' title='bbox 416 1635 528 1688; x_wconf 91' lang='grc' dir='ltr'>Τοῦ</span> <span class='ocrx_word' id='word_1_196' title='bbox 559 1633 739 1713; x_wconf 36' lang='grc' dir='ltr'>ἀὐτοῦ</span> <span class='ocrx_word' id='word_1_197' title='bbox 788 1633 1074 1713; x_wconf 55' lang='grc' dir='ltr'>ἐπιστολὴ,</span> <span class='ocrx_word' id='word_1_198' title='bbox 1107 1638 1404 1713; x_wconf 75' lang='grc' dir='ltr'>προοιμίου</span> <span class='ocrx_word' id='word_1_199' title='bbox 1436 1636 1662 1711; x_wconf 86' lang='grc' dir='ltr'>δύναμιν</span> <span class='ocrx_word' id='word_1_200' title='bbox 1693 1634 1915 1713; x_wconf 81' lang='grc' dir='ltr'>ἔχουσα,</span> 
     </span>
    </p>
   </div>
   <div class='ocr_carea' id='block_1_30' title="bbox 487 1704 1844 1785">
    <p class='ocr_par' dir='ltr' id='par_1_30' title="bbox 487 1704 1844 1785">
     <span class='ocr_line' id='line_1_30' title="bbox 487 1704 1844 1785; baseline 0.004 -27"><span class='ocrx_word' id='word_1_201' title='bbox 487 1705 575 1758; x_wconf 82' lang='grc' dir='ltr'>καὶ</span> <span class='ocrx_word' id='word_1_202' title='bbox 605 1704 915 1781; x_wconf 86' lang='grc' dir='ltr'>τραγῳδίαν</span> <span class='ocrx_word' id='word_1_203' title='bbox 946 1704 1184 1777; x_wconf 12' lang='grc' dir='ltr'>τῆςῖτῶν</span> <span class='ocrx_word' id='word_1_204' title='bbox 1214 1704 1552 1780; x_wconf 80' lang='grc' dir='ltr'>Ἐκκλησιῶν</span> <span class='ocrx_word' id='word_1_205' title='bbox 1573 1704 1844 1785; x_wconf 48' lang='grc' dir='ltr'>’ταραὶῆς</span> 
     </span>
    </p>
   </div>
   <div class='ocr_carea' id='block_1_31' title="bbox 2101 1636 3747 1710">
    <p class='ocr_par' dir='ltr' id='par_1_31' title="bbox 2101 1636 3747 1710">
     <span class='ocr_line' id='line_1_31' title="bbox 2101 1636 3747 1710; baseline -0.002 -16"><span class='ocrx_word' id='word_1_206' title='bbox 2101 1638 2365 1708; x_wconf 75' lang='lat' dir='ltr'>Ejusdem</span> <span class='ocrx_word' id='word_1_207' title='bbox 2411 1640 2671 1710; x_wconf 73' lang='lat' dir='ltr'>epistola,</span> <span class='ocrx_word' id='word_1_208' title='bbox 2702 1639 3050 1709; x_wconf 66' lang='lat' dir='ltr'>prae/amnis</span> <span class='ocrx_word' id='word_1_209' title='bbox 3102 1636 3219 1692; x_wconf 82' lang='lat' dir='ltr'>loco</span> <span class='ocrx_word' id='word_1_210' title='bbox 3264 1638 3487 1707; x_wconf 82' lang='lat' dir='ltr'>scripta,</span> <span class='ocrx_word' id='word_1_211' title='bbox 3532 1638 3590 1691; x_wconf 84' lang='lat' dir='ltr'>in</span> <span class='ocrx_word' id='word_1_212' title='bbox 3637 1653 3747 1707; x_wconf 83' lang='lat' dir='ltr'>qua</span> 
     </span>
    </p>
   </div>
   <div class='ocr_carea' id='block_1_32' title="bbox 2379 1709 3457 1778">
    <p class='ocr_par' dir='ltr' id='par_1_32' title="bbox 2379 1709 3457 1778">
     <span class='ocr_line' id='line_1_32' title="bbox 2379 1709 3457 1778; baseline -0.004 -14"><span class='ocrx_word' id='word_1_213' title='bbox 2379 1709 2624 1764; x_wconf 71' lang='lat' dir='ltr'>mutuum</span> <span class='ocrx_word' id='word_1_214' title='bbox 2653 1711 3142 1764; x_wconf 71' lang='lat' dir='ltr'>ecclesiasticarum</span> <span class='ocrx_word' id='word_1_215' title='bbox 3170 1709 3457 1778; x_wconf 69' lang='lat' dir='ltr'>tragaedia.</span> 
     </span>
    </p>
   </div>
   <div class='ocr_carea' id='block_1_33' title="bbox 414 1801 1978 1893">
    <p class='ocr_par' dir='ltr' id='par_1_33' title="bbox 414 1810 1978 1893">
     <span class='ocr_line' id='line_1_33' title="bbox 414 1810 1978 1893; baseline 0.004 -30"><span class='ocrx_word' id='word_1_216' title='bbox 414 1810 723 1883; x_wconf 85' lang='grc' dir='ltr'>Ἐθαύμασά</span> <span class='ocrx_word' id='word_1_217' title='bbox 754 1833 848 1866; x_wconf 89' lang='grc' dir='ltr'>σου</span> <span class='ocrx_word' id='word_1_218' title='bbox 898 1814 986 1867; x_wconf 86' lang='grc' dir='ltr'>τὸν</span> <span class='ocrx_word' id='word_1_219' title='bbox 1039 1812 1344 1891; x_wconf 73' lang='grc' dir='ltr'>φιλόλογον</span> <span class='ocrx_word' id='word_1_220' title='bbox 1404 1817 1491 1870; x_wconf 87' lang='grc' dir='ltr'>καὶ</span> <span class='ocrx_word' id='word_1_221' title='bbox 1544 1814 1823 1893; x_wconf 75' lang='grc' dir='ltr'>φιλαλήθη</span> <span class='ocrx_word' id='word_1_222' title='bbox 1876 1836 1978 1869; x_wconf 73' lang='grc' dir='ltr'>σκοι</span> 
     </span>
    </p>
   </div>
   <div class='ocr_carea' id='block_1_34' title="bbox 2091 1801 3746 1893">
    <p class='ocr_par' dir='ltr' id='par_1_34' title="bbox 2171 1812 3746 1883">
     <span class='ocr_line' id='line_1_34' title="bbox 2171 1812 3746 1883; baseline -0.003 -13"><span class='ocrx_word' id='word_1_223' title='bbox 2171 1816 2520 1871; x_wconf 76' lang='lat' dir='ltr'>Litterarum</span> <span class='ocrx_word' id='word_1_224' title='bbox 2558 1815 2821 1870; x_wconf 89' lang='lat' dir='ltr'>studium</span> <span class='ocrx_word' id='word_1_225' title='bbox 2860 1814 3430 1883; x_wconf 88' lang='lat' dir='ltr'>tuum,veritatisque</span> <span class='ocrx_word' id='word_1_226' title='bbox 3461 1812 3746 1883; x_wconf 85' lang='lat' dir='ltr'>indagan-</span> 
     </span>
    </p>
   </div>
   <div class='ocr_carea' id='block_1_35' title="bbox 338 1899 1995 1980">
    <p class='ocr_par' dir='ltr' id='par_1_35' title="bbox 338 1899 1995 1980">
     <span class='ocr_line' id='line_1_35' title="bbox 338 1899 1995 1980; baseline 0.004 -29"><span class='ocrx_word' id='word_1_227' title='bbox 338 1899 466 1965; x_wconf 87' lang='grc' dir='ltr'>πὸν,</span> <span class='ocrx_word' id='word_1_228' title='bbox 497 1899 541 1952; x_wconf 84' lang='grc' dir='ltr'>ὦ</span> <span class='ocrx_word' id='word_1_229' title='bbox 573 1900 860 1955; x_wconf 74' lang='grc' dir='ltr'>πιστότατε</span> <span class='ocrx_word' id='word_1_230' title='bbox 908 1899 1071 1957; x_wconf 91' lang='grc' dir='ltr'>δοῦλε</span> <span class='ocrx_word' id='word_1_231' title='bbox 1120 1903 1478 1978; x_wconf 31' lang='grc' dir='ltr'>Χριστοῦν(τί</span> <span class='ocrx_word' id='word_1_232' title='bbox 1525 1905 1625 1980; x_wconf 80' lang='grc' dir='ltr'>γὰρ</span> <span class='ocrx_word' id='word_1_233' title='bbox 1675 1904 1733 1959; x_wconf 80' lang='grc' dir='ltr'>ἃν</span> <span class='ocrx_word' id='word_1_234' title='bbox 1781 1904 1995 1980; x_wconf 78' lang='grc' dir='ltr'>εὕροιμι</span> 
     </span>
    </p>
   </div>
   <div class='ocr_carea' id='block_1_36' title="bbox 338 1988 1993 2064">
    <p class='ocr_par' dir='ltr' id='par_1_36' title="bbox 338 1988 1993 2064">
     <span class='ocr_line' id='line_1_36' title="bbox 338 1988 1993 2064; baseline 0.003 -24"><span class='ocrx_word' id='word_1_235' title='bbox 338 1995 439 2055; x_wconf 79' lang='grc' dir='ltr'>τῆς</span> <span class='ocrx_word' id='word_1_236' title='bbox 500 1988 648 2057; x_wconf 78' lang='grc' dir='ltr'>ἀξίας</span> <span class='ocrx_word' id='word_1_237' title='bbox 705 1989 904 2060; x_wconf 87' lang='grc' dir='ltr'>ταύτης</span> <span class='ocrx_word' id='word_1_238' title='bbox 972 1989 1172 2064; x_wconf 71' lang='grc' dir='ltr'>’ίσον;)</span> <span class='ocrx_word' id='word_1_239' title='bbox 1232 1992 1488 2047; x_wconf 84' lang='grc' dir='ltr'>Εὐστάθιε</span> <span class='ocrx_word' id='word_1_240' title='bbox 1521 2012 1534 2025; x_wconf 75' lang='grc'><strong><em>⁸</em></strong></span> <span class='ocrx_word' id='word_1_241' title='bbox 1594 1994 1681 2047; x_wconf 79' lang='grc' dir='ltr'>καὶ</span> <span class='ocrx_word' id='word_1_242' title='bbox 1739 1998 1993 2047; x_wconf 87' lang='grc' dir='ltr'>τοσοῦτον</span> 
     </span>
    </p>
   </div>
   <div class='ocr_carea' id='block_1_37' title="bbox 342 2075 1993 2152">
    <p class='ocr_par' dir='ltr' id='par_1_37' title="bbox 342 2075 1993 2152">
     <span class='ocr_line' id='line_1_37' title="bbox 342 2075 1993 2152; baseline 0.003 -23"><span class='ocrx_word' id='word_1_243' title='bbox 342 2075 647 2148; x_wconf 76' lang='grc' dir='ltr'>ἐθαύμασα,</span> <span class='ocrx_word' id='word_1_244' title='bbox 700 2084 956 2133; x_wconf 89' lang='grc' dir='ltr'>τοσοῦτον</span> <span class='ocrx_word' id='word_1_245' title='bbox 997 2082 1263 2152; x_wconf 77' lang='grc' dir='ltr'>ἡττήθην,</span> <span class='ocrx_word' id='word_1_246' title='bbox 1296 2082 1369 2143; x_wconf 84' lang='grc' dir='ltr'>ὡς</span> <span class='ocrx_word' id='word_1_247' title='bbox 1416 2081 1604 2136; x_wconf 85' lang='grc' dir='ltr'>αὐτίκα</span> <span class='ocrx_word' id='word_1_248' title='bbox 1653 2081 1993 2150; x_wconf 71' lang='grc' dir='ltr'>διαναστῆναι</span> 
     </span>
    </p>
   </div>
   <div class='ocr_carea' id='block_1_38' title="bbox 342 2165 1994 2248">
    <p class='ocr_par' dir='ltr' id='par_1_38' title="bbox 342 2165 1994 2248">
     <span class='ocr_line' id='line_1_38' title="bbox 342 2165 1994 2248; baseline 0.004 -31"><span class='ocrx_word' id='word_1_249' title='bbox 342 2165 478 2238; x_wconf 88' lang='grc' dir='ltr'>πρὸς</span> <span class='ocrx_word' id='word_1_250' title='bbox 506 2167 606 2233; x_wconf 78' lang='grc' dir='ltr'>τὴν</span> <span class='ocrx_word' id='word_1_251' title='bbox 645 2167 719 2220; x_wconf 81' lang='grc' dir='ltr'>ὧν</span> <span class='ocrx_word' id='word_1_252' title='bbox 772 2166 1052 2229; x_wconf 81' lang='grc' dir='ltr'>ἐκέλευσας</span> <span class='ocrx_word' id='word_1_253' title='bbox 1105 2166 1404 2240; x_wconf 79' lang='grc' dir='ltr'>διακονίαν,</span> <span class='ocrx_word' id='word_1_254' title='bbox 1438 2169 1747 2248; x_wconf 68' lang='grc' dir='ltr'>εἰσφέροντα</span> <span class='ocrx_word' id='word_1_255' title='bbox 1793 2171 1994 2246; x_wconf 84' lang='grc' dir='ltr'>προθύ-</span> 
     </span>
    </p>
   </div>
   <div class='ocr_carea' id='block_1_39' title="bbox 347 2254 1996 2329">
    <p class='ocr_par' dir='ltr' id='par_1_39' title="bbox 347 2254 1996 2329">
     <span class='ocr_line' id='line_1_39' title="bbox 347 2254 1996 2329; baseline 0.002 -22"><span class='ocrx_word' id='word_1_256' title='bbox 347 2275 465 2326; x_wconf 87' lang='grc' dir='ltr'>μως</span> <span class='ocrx_word' id='word_1_257' title='bbox 512 2255 573 2308; x_wconf 88' lang='grc' dir='ltr'>τὸ</span> <span class='ocrx_word' id='word_1_258' title='bbox 634 2254 947 2329; x_wconf 85' lang='grc' dir='ltr'>βούλεσθαι,</span> <span class='ocrx_word' id='word_1_259' title='bbox 979 2258 1022 2311; x_wconf 87' lang='grc' dir='ltr'>εἰ</span> <span class='ocrx_word' id='word_1_260' title='bbox 1082 2258 1169 2312; x_wconf 85' lang='grc' dir='ltr'>καὶ</span> <span class='ocrx_word' id='word_1_261' title='bbox 1229 2258 1401 2313; x_wconf 81' lang='grc' dir='ltr'>λείπει</span> <span class='ocrx_word' id='word_1_262' title='bbox 1441 2260 1503 2313; x_wconf 87' lang='grc' dir='ltr'>τὸ</span> <span class='ocrx_word' id='word_1_263' title='bbox 1553 2257 1823 2313; x_wconf 88' lang='grc' dir='ltr'>δύνασθαι.</span> <span class='ocrx_word' id='word_1_264' title='bbox 1876 2263 1996 2320; x_wconf 88' lang='grc' dir='ltr'>Πῶς</span> 
     </span>
    </p>
   </div>
   <div class='ocr_carea' id='block_1_40' title="bbox 343 2340 1991 2421">
    <p class='ocr_par' dir='ltr' id='par_1_40' title="bbox 343 2340 1991 2421">
     <span class='ocr_line' id='line_1_40' title="bbox 343 2340 1991 2421; baseline 0.003 -27"><span class='ocrx_word' id='word_1_265' title='bbox 343 2343 447 2417; x_wconf 75' lang='grc' dir='ltr'>γάρ</span> <span class='ocrx_word' id='word_1_266' title='bbox 480 2344 538 2396; x_wconf 67' lang='grc' dir='ltr'>ἂν</span> <span class='ocrx_word' id='word_1_267' title='bbox 577 2340 860 2413; x_wconf 81' lang='grc' dir='ltr'>δυνηθείην</span> <span class='ocrx_word' id='word_1_268' title='bbox 954 2350 1033 2416; x_wconf 79' lang='grc' dir='ltr'>τῷ</span> <span class='ocrx_word' id='word_1_269' title='bbox 1064 2347 1250 2421; x_wconf 81' lang='grc' dir='ltr'>θερμῷ</span> <span class='ocrx_word' id='word_1_270' title='bbox 1299 2367 1392 2400; x_wconf 72' lang='grc' dir='ltr'>σου</span> <span class='ocrx_word' id='word_1_271' title='bbox 1445 2344 1600 2417; x_wconf 82' lang='grc' dir='ltr'>ζήλῳ</span> <span class='ocrx_word' id='word_1_272' title='bbox 1650 2346 1991 2415; x_wconf 85' lang='grc' dir='ltr'>συνεξισῶσαι</span> 
     </span>
    </p>
   </div>
   <div class='ocr_carea' id='block_1_41' title="bbox 284 2430 1992 2510">
    <p class='ocr_par' dir='ltr' id='par_1_41' title="bbox 284 2430 1992 2510">
     <span class='ocr_line' id='line_1_41' title="bbox 284 2430 1992 2510; baseline -0.001 -21"><span class='ocrx_word' id='word_1_273' title='bbox 284 2482 293 2489; x_wconf 83' lang='lat'>.</span> <span class='ocrx_word' id='word_1_274' title='bbox 346 2430 538 2505; x_wconf 78' lang='grc' dir='ltr'>λόγον,</span> <span class='ocrx_word' id='word_1_275' title='bbox 588 2433 622 2500; x_wconf 72' lang='grc' dir='ltr'>ἢ</span> <span class='ocrx_word' id='word_1_276' title='bbox 672 2434 734 2486; x_wconf 87' lang='grc' dir='ltr'>τὸ</span> <span class='ocrx_word' id='word_1_277' title='bbox 790 2434 1236 2507; x_wconf 78' lang='grc' dir='ltr'>χρεωστούμενον</span> <span class='ocrx_word' id='word_1_278' title='bbox 1289 2439 1356 2508; x_wconf 79' lang='grc' dir='ltr'>τῇ</span> <span class='ocrx_word' id='word_1_279' title='bbox 1415 2434 1645 2505; x_wconf 82' lang='grc' dir='ltr'>ἀληθείᾳ</span> <span class='ocrx_word' id='word_1_280' title='bbox 1701 2434 1992 2510; x_wconf 88' lang='grc' dir='ltr'>πληρῶσαι</span> 
     </span>
    </p>
   </div>
   <div class='ocr_carea' id='block_1_42' title="bbox 349 2520 1991 2598">
    <p class='ocr_par' dir='ltr' id='par_1_42' title="bbox 349 2520 1991 2598">
     <span class='ocr_line' id='line_1_42' title="bbox 349 2520 1991 2598; baseline 0.004 -25"><span class='ocrx_word' id='word_1_281' title='bbox 349 2520 568 2593; x_wconf 85' lang='grc' dir='ltr'>μέτρον,</span> <span class='ocrx_word' id='word_1_282' title='bbox 592 2522 626 2589; x_wconf 86' lang='grc' dir='ltr'><strong>ἢ</strong></span> <span class='ocrx_word' id='word_1_283' title='bbox 654 2526 751 2574; x_wconf 89' lang='grc' dir='ltr'>τοῦ</span> <span class='ocrx_word' id='word_1_284' title='bbox 781 2526 872 2575; x_wconf 89' lang='grc' dir='ltr'>νῦν</span> <span class='ocrx_word' id='word_1_285' title='bbox 905 2521 1207 2597; x_wconf 88' lang='grc' dir='ltr'>ὀχλοῦντος</span> <span class='ocrx_word' id='word_1_286' title='bbox 1255 2521 1481 2595; x_wconf 81' lang='grc' dir='ltr'>ψεύδους</span> <span class='ocrx_word' id='word_1_287' title='bbox 1512 2530 1850 2598; x_wconf 80' lang='grc' dir='ltr'>παραστῆσαι</span> <span class='ocrx_word' id='word_1_288' title='bbox 1880 2527 1991 2597; x_wconf 87' lang='grc'>(19)</span> 
     </span>
    </p>
   </div>
   <div class='ocr_carea' id='block_1_43' title="bbox 342 2604 1990 2688">
    <p class='ocr_par' dir='ltr' id='par_1_43' title="bbox 342 2604 1990 2688">
     <span class='ocr_line' id='line_1_43' title="bbox 342 2604 1990 2688; baseline 0.004 -27"><span class='ocrx_word' id='word_1_289' title='bbox 342 2608 435 2662; x_wconf 77' lang='grc' dir='ltr'>τὸν</span> <span class='ocrx_word' id='word_1_290' title='bbox 461 2604 623 2683; x_wconf 78' lang='grc' dir='ltr'>ὄγκον</span> <span class='ocrx_word' id='word_1_291' title='bbox 653 2629 667 2679; x_wconf 89' lang='grc'><strong>;</strong></span> <span class='ocrx_word' id='word_1_292' title='bbox 702 2609 962 2683; x_wconf 86' lang='grc' dir='ltr'>Λέγονται</span> <span class='ocrx_word' id='word_1_293' title='bbox 993 2611 1168 2682; x_wconf 83' lang='grc' dir='ltr'>πάσης</span> <span class='ocrx_word' id='word_1_294' title='bbox 1197 2612 1422 2688; x_wconf 86' lang='grc' dir='ltr'>ἀλογίας</span> <span class='ocrx_word' id='word_1_295' title='bbox 1468 2612 1558 2666; x_wconf 85' lang='grc' dir='ltr'>καὶ</span> <span class='ocrx_word' id='word_1_296' title='bbox 1590 2612 1846 2673; x_wconf 85' lang='grc' dir='ltr'>ἀπονοίας</span> <span class='ocrx_word' id='word_1_297' title='bbox 1895 2613 1990 2686; x_wconf 87' lang='grc' dir='ltr'>γέ-</span> 
     </span>
    </p>
   </div>
   <div class='ocr_carea' id='block_1_44' title="bbox 343 2698 1989 2775">
    <p class='ocr_par' dir='ltr' id='par_1_44' title="bbox 343 2698 1989 2775">
     <span class='ocr_line' id='line_1_44' title="bbox 343 2698 1989 2775; baseline 0.003 -25"><span class='ocrx_word' id='word_1_298' title='bbox 343 2717 513 2768; x_wconf 88' lang='grc' dir='ltr'>μοντα</span> <span class='ocrx_word' id='word_1_299' title='bbox 573 2698 815 2771; x_wconf 73' lang='grc' dir='ltr'>ῥήματα·</span> <span class='ocrx_word' id='word_1_300' title='bbox 848 2700 936 2753; x_wconf 78' lang='grc' dir='ltr'>καὶ</span> <span class='ocrx_word' id='word_1_301' title='bbox 998 2699 1247 2775; x_wconf 84' lang='grc' dir='ltr'>λέγονται</span> <span class='ocrx_word' id='word_1_302' title='bbox 1311 2703 1442 2773; x_wconf 85' lang='grc' dir='ltr'>μετά</span> <span class='ocrx_word' id='word_1_303' title='bbox 1498 2702 1676 2770; x_wconf 80' lang='grc' dir='ltr'>πάσης</span> <span class='ocrx_word' id='word_1_304' title='bbox 1722 2699 1989 2763; x_wconf 84' lang='grc' dir='ltr'>ἀναιδείας</span> 
     </span>
    </p>
   </div>
   <div class='ocr_carea' id='block_1_45' title="bbox 331 2785 1982 2865">
    <p class='ocr_par' dir='ltr' id='par_1_45' title="bbox 331 2785 1982 2865">
     <span class='ocr_line' id='line_1_45' title="bbox 331 2785 1982 2865; baseline 0.004 -27"><span class='ocrx_word' id='word_1_305' title='bbox 331 2785 423 2839; x_wconf 82' lang='grc' dir='ltr'>καὶ</span> <span class='ocrx_word' id='word_1_306' title='bbox 483 2786 782 2856; x_wconf 85' lang='grc' dir='ltr'>αὐθεντίας,</span> <span class='ocrx_word' id='word_1_307' title='bbox 816 2788 888 2848; x_wconf 83' lang='grc' dir='ltr'>ὡς</span> <span class='ocrx_word' id='word_1_308' title='bbox 920 2787 980 2841; x_wconf 79' lang='grc' dir='ltr'>ἐκ</span> <span class='ocrx_word' id='word_1_309' title='bbox 1005 2788 1200 2843; x_wconf 84' lang='grc' dir='ltr'>τούτου</span> <span class='ocrx_word' id='word_1_310' title='bbox 1251 2789 1376 2865; x_wconf 72' lang='grc' dir='ltr'>ῥᾷον</span> <span class='ocrx_word' id='word_1_311' title='bbox 1430 2790 1735 2863; x_wconf 79' lang='grc' dir='ltr'>τολμᾶσθαι</span> <span class='ocrx_word' id='word_1_312' title='bbox 1792 2790 1859 2844; x_wconf 85' lang='grc' dir='ltr'>τά</span> <span class='ocrx_word' id='word_1_313' title='bbox 1908 2792 1982 2863; x_wconf 75' lang='grc' dir='ltr'>μὴ</span> 
     </span>
    </p>
   </div>
   <div class='ocr_carea' id='block_1_46' title="bbox 334 2874 1983 2952">
    <p class='ocr_par' dir='ltr' id='par_1_46' title="bbox 334 2874 1983 2952">
     <span class='ocr_line' id='line_1_46' title="bbox 334 2874 1983 2952; baseline 0.004 -25"><span class='ocrx_word' id='word_1_314' title='bbox 334 2874 599 2949; x_wconf 80' lang='grc' dir='ltr'>πρότερον</span> <span class='ocrx_word' id='word_1_315' title='bbox 626 2874 995 2949; x_wconf 72' lang='grc' dir='ltr'>τολμηθέντα,</span> <span class='ocrx_word' id='word_1_316' title='bbox 1019 2878 1107 2931; x_wconf 83' lang='grc' dir='ltr'>καὶ</span> <span class='ocrx_word' id='word_1_317' title='bbox 1136 2879 1233 2945; x_wconf 76' lang='grc' dir='ltr'>τὴν</span> <span class='ocrx_word' id='word_1_318' title='bbox 1281 2879 1553 2949; x_wconf 75' lang='grc' dir='ltr'>αἱρετικήν</span> <span class='ocrx_word' id='word_1_319' title='bbox 1602 2879 1788 2933; x_wconf 85' lang='grc' dir='ltr'>κακίαν</span> <span class='ocrx_word' id='word_1_320' title='bbox 1840 2902 1983 2952; x_wconf 83' lang='grc' dir='ltr'>μηκ-</span> 
     </span>
    </p>
   </div>
   <div class='ocr_carea' id='block_1_47' title="bbox 327 2961 1980 3039">
    <p class='ocr_par' dir='ltr' id='par_1_47' title="bbox 327 2961 1980 3039">
     <span class='ocr_line' id='line_1_47' title="bbox 327 2961 1980 3039; baseline 0.002 -22"><span class='ocrx_word' id='word_1_321' title='bbox 327 2962 413 3017; x_wconf 91' lang='grc' dir='ltr'>ὁτι</span> <span class='ocrx_word' id='word_1_322' title='bbox 448 2961 621 3034; x_wconf 82' lang='grc' dir='ltr'>λάθρα</span> <span class='ocrx_word' id='word_1_323' title='bbox 651 2964 738 3019; x_wconf 76' lang='grc' dir='ltr'>καὶ</span> <span class='ocrx_word' id='word_1_324' title='bbox 767 2965 902 3019; x_wconf 86' lang='grc' dir='ltr'>κατά</span> <span class='ocrx_word' id='word_1_325' title='bbox 953 2966 1143 3039; x_wconf 90' lang='grc' dir='ltr'>μικρὸν</span> <span class='ocrx_word' id='word_1_326' title='bbox 1199 2962 1566 3021; x_wconf 75' lang='grc' dir='ltr'>ἐπιϐουλεύειν</span> <span class='ocrx_word' id='word_1_327' title='bbox 1618 2973 1732 3027; x_wconf 87' lang='grc' dir='ltr'>τοῖς</span> <span class='ocrx_word' id='word_1_328' title='bbox 1775 2967 1980 3022; x_wconf 86' lang='grc' dir='ltr'>ἀπλου-</span> 
     </span>
    </p>
   </div>
   <div class='ocr_carea' id='block_1_48' title="bbox 317 3051 1978 3130">
    <p class='ocr_par' dir='ltr' id='par_1_48' title="bbox 317 3051 1978 3130">
     <span class='ocr_line' id='line_1_48' title="bbox 317 3051 1978 3130; baseline 0.004 -26"><span class='ocrx_word' id='word_1_329' title='bbox 317 3053 549 3127; x_wconf 79' lang='grc' dir='ltr'>στέροις,</span> <span class='ocrx_word' id='word_1_330' title='bbox 606 3051 736 3106; x_wconf 82' lang='grc' dir='ltr'>ἀλλ’</span> <span class='ocrx_word' id='word_1_331' title='bbox 792 3053 866 3114; x_wconf 85' lang='grc' dir='ltr'>ὡς</span> <span class='ocrx_word' id='word_1_332' title='bbox 932 3053 1202 3108; x_wconf 87' lang='grc' dir='ltr'>ἀπάντων</span> <span class='ocrx_word' id='word_1_333' title='bbox 1274 3053 1496 3130; x_wconf 82' lang='grc' dir='ltr'>ἔχευσαν</span> <span class='ocrx_word' id='word_1_334' title='bbox 1566 3054 1801 3125; x_wconf 81' lang='grc' dir='ltr'>ἐξουσίαν</span> <span class='ocrx_word' id='word_1_335' title='bbox 1861 3077 1978 3110; x_wconf 91' lang='grc' dir='ltr'>νεα-</span> 
     </span>
    </p>
   </div>
   <div class='ocr_carea' id='block_1_49' title="bbox 326 3140 1973 3215">
    <p class='ocr_par' dir='ltr' id='par_1_49' title="bbox 326 3140 1973 3215">
     <span class='ocr_line' id='line_1_49' title="bbox 326 3140 1973 3215; baseline 0.002 -22"><span class='ocrx_word' id='word_1_336' title='bbox 326 3140 613 3208; x_wconf 80' lang='grc' dir='ltr'>νιεύεσθαι,</span> <span class='ocrx_word' id='word_1_337' title='bbox 664 3141 753 3195; x_wconf 75' lang='grc' dir='ltr'>καὶ</span> <span class='ocrx_word' id='word_1_338' title='bbox 813 3142 947 3195; x_wconf 86' lang='grc' dir='ltr'>κατά</span> <span class='ocrx_word' id='word_1_339' title='bbox 1004 3144 1212 3195; x_wconf 82' lang='grc' dir='ltr'>πάντων</span> <span class='ocrx_word' id='word_1_340' title='bbox 1269 3142 1590 3209; x_wconf 71' lang='grc' dir='ltr'>ἐπιτάσσειν,</span> <span class='ocrx_word' id='word_1_341' title='bbox 1641 3146 1973 3215; x_wconf 88' lang='grc' dir='ltr'>νομοθετεῖν,</span> 
     </span>
    </p>
   </div>
   <div class='ocr_carea' id='block_1_50' title="bbox 320 3226 1974 3305">
    <p class='ocr_par' dir='ltr' id='par_1_50' title="bbox 320 3226 1974 3305">
     <span class='ocr_line' id='line_1_50' title="bbox 320 3226 1974 3305; baseline 0.002 -23"><span class='ocrx_word' id='word_1_342' title='bbox 320 3226 503 3283; x_wconf 69' lang='grc' dir='ltr'>’ἕλκειν</span> <span class='ocrx_word' id='word_1_343' title='bbox 563 3229 696 3304; x_wconf 86' lang='grc' dir='ltr'>πρὸς</span> <span class='ocrx_word' id='word_1_344' title='bbox 744 3231 805 3283; x_wconf 90' lang='grc' dir='ltr'>τὸ</span> <span class='ocrx_word' id='word_1_345' title='bbox 858 3227 1074 3299; x_wconf 81' lang='grc' dir='ltr'>δοκοῦν,</span> <span class='ocrx_word' id='word_1_346' title='bbox 1107 3232 1346 3284; x_wconf 86' lang='grc' dir='ltr'>ἀπαιτεῖν</span> <span class='ocrx_word' id='word_1_347' title='bbox 1402 3232 1640 3300; x_wconf 75' lang='grc' dir='ltr'>ὑπακοήν</span> <span class='ocrx_word' id='word_1_348' title='bbox 1683 3232 1974 3305; x_wconf 77' lang='grc' dir='ltr'>ἀνυπέρθε-</span> 
     </span>
    </p>
   </div>
   <div class='ocr_carea' id='block_1_51' title="bbox 330 3317 1972 3395">
    <p class='ocr_par' dir='ltr' id='par_1_51' title="bbox 330 3317 1972 3395">
     <span class='ocr_line' id='line_1_51' title="bbox 330 3317 1972 3395; baseline 0.001 -24"><span class='ocrx_word' id='word_1_349' title='bbox 330 3338 450 3387; x_wconf 91' lang='grc' dir='ltr'>τον,</span> <span class='ocrx_word' id='word_1_350' title='bbox 481 3318 924 3391; x_wconf 84' lang='grc' dir='ltr'>καταγινώσκειν,</span> <span class='ocrx_word' id='word_1_351' title='bbox 960 3317 1109 3379; x_wconf 87' lang='grc' dir='ltr'>δίκας</span> <span class='ocrx_word' id='word_1_352' title='bbox 1142 3319 1544 3393; x_wconf 79' lang='grc' dir='ltr'>εἰσπράττεσθαι</span> <span class='ocrx_word' id='word_1_353' title='bbox 1574 3323 1669 3387; x_wconf 72' lang='grc' dir='ltr'>τῆς</span> <span class='ocrx_word' id='word_1_354' title='bbox 1708 3321 1830 3395; x_wconf 81' lang='grc' dir='ltr'>περὶ</span> <span class='ocrx_word' id='word_1_355' title='bbox 1874 3322 1972 3389; x_wconf 78' lang='grc' dir='ltr'>τήν</span> 
     </span>
    </p>
   </div>
   <div class='ocr_carea' id='block_1_52' title="bbox 322 3400 1973 3483">
    <p class='ocr_par' dir='ltr' id='par_1_52' title="bbox 322 3400 1973 3483">
     <span class='ocr_line' id='line_1_52' title="bbox 322 3400 1973 3483; baseline 0.003 -25"><span class='ocrx_word' id='word_1_356' title='bbox 322 3400 594 3459; x_wconf 72' lang='grc' dir='ltr'>εὐσέϐειαν</span> <span class='ocrx_word' id='word_1_357' title='bbox 627 3402 921 3480; x_wconf 72' lang='grc' dir='ltr'>ἀκριϐείας·</span> <span class='ocrx_word' id='word_1_358' title='bbox 964 3407 1052 3461; x_wconf 85' lang='grc' dir='ltr'>καὶ</span> <span class='ocrx_word' id='word_1_359' title='bbox 1082 3408 1172 3461; x_wconf 84' lang='grc' dir='ltr'>τὸν</span> <span class='ocrx_word' id='word_1_360' title='bbox 1215 3408 1307 3479; x_wconf 75' lang='grc' dir='ltr'>μὲν</span> <span class='ocrx_word' id='word_1_361' title='bbox 1359 3403 1539 3483; x_wconf 71' lang='grc' dir='ltr'>ὕϐρεσι</span> <span class='ocrx_word' id='word_1_362' title='bbox 1599 3404 1973 3482; x_wconf 77' lang='grc' dir='ltr'>περιϐάλλειν,</span> 
     </span>
    </p>
   </div>
   <div class='ocr_carea' id='block_1_53' title="bbox 324 3492 1972 3572">
    <p class='ocr_par' dir='ltr' id='par_1_53' title="bbox 324 3492 1972 3572">
     <span class='ocr_line' id='line_1_53' title="bbox 324 3492 1972 3572; baseline 0.002 -24"><span class='ocrx_word' id='word_1_363' title='bbox 324 3495 417 3548; x_wconf 89' lang='grc' dir='ltr'>τὸν</span> <span class='ocrx_word' id='word_1_364' title='bbox 444 3492 502 3549; x_wconf 76' lang='grc' dir='ltr'>δὶ</span> <span class='ocrx_word' id='word_1_365' title='bbox 531 3494 789 3570; x_wconf 79' lang='grc' dir='ltr'>πατρίδος</span> <span class='ocrx_word' id='word_1_366' title='bbox 821 3494 1079 3549; x_wconf 73' lang='grc' dir='ltr'>ἐλαύνειν·</span> <span class='ocrx_word' id='word_1_367' title='bbox 1111 3496 1289 3568; x_wconf 84' lang='grc' dir='ltr'>τούτῳ</span> <span class='ocrx_word' id='word_1_368' title='bbox 1327 3497 1563 3572; x_wconf 76' lang='grc' dir='ltr'>βρόχους</span> <span class='ocrx_word' id='word_1_369' title='bbox 1610 3498 1972 3571; x_wconf 67' lang='grc' dir='ltr'>ἐγκλημάτων</span> 
     </span>
    </p>
   </div>
   <div class='ocr_carea' id='block_1_54' title="bbox 322 3580 1971 3658">
    <p class='ocr_par' dir='ltr' id='par_1_54' title="bbox 322 3580 1971 3658">
     <span class='ocr_line' id='line_1_54' title="bbox 322 3580 1971 3658; baseline 0.015 -23"><span class='ocrx_word' id='word_1_370' title='bbox 322 3580 570 3653; x_wconf 88' lang='grc' dir='ltr'>πλέκειν,</span> <span class='ocrx_word' id='word_1_371' title='bbox 646 3581 843 3636; x_wconf 77' lang='grc' dir='ltr'>ἐκεῖνον</span> <span class='ocrx_word' id='word_1_372' title='bbox 913 3588 1151 3658; x_wconf 83' lang='grc' dir='ltr'>γυμνοῦν</span> <span class='ocrx_word' id='word_1_373' title='bbox 1238 3591 1336 3652; x_wconf 73' lang='grc' dir='ltr'>τῆς</span> <span class='ocrx_word' id='word_1_374' title='bbox 1416 3584 1723 3658; x_wconf 67' lang='grc' dir='ltr'>προσούσης</span> <span class='ocrx_word' id='word_1_375' title='bbox 1807 3585 1971 3655; x_wconf 60' lang='grc' dir='ltr'>ἀξίας’</span> 
     </span>
    </p>
   </div>
   <div class='ocr_carea' id='block_1_55' title="bbox 324 3666 1971 3749">
    <p class='ocr_par' dir='ltr' id='par_1_55' title="bbox 324 3666 1971 3749">
     <span class='ocr_line' id='line_1_55' title="bbox 324 3666 1971 3749; baseline 0.002 -25"><span class='ocrx_word' id='word_1_376' title='bbox 324 3669 498 3725; x_wconf 69' lang='grc' dir='ltr'>ἄλλον</span> <span class='ocrx_word' id='word_1_377' title='bbox 558 3666 917 3725; x_wconf 73' lang='grc' dir='ltr'>καταϐάλλειν</span> <span class='ocrx_word' id='word_1_378' title='bbox 984 3676 1063 3743; x_wconf 79' lang='grc' dir='ltr'>τῷ</span> <span class='ocrx_word' id='word_1_379' title='bbox 1122 3673 1325 3747; x_wconf 85' lang='grc' dir='ltr'>θράσει,</span> <span class='ocrx_word' id='word_1_380' title='bbox 1380 3669 1560 3747; x_wconf 75' lang='grc' dir='ltr'>ἕτερον</span> <span class='ocrx_word' id='word_1_381' title='bbox 1622 3676 1971 3749; x_wconf 73' lang='grc' dir='ltr'>συναρπάζειν</span> 
     </span>
    </p>
   </div>
   <div class='ocr_carea' id='block_1_56' title="bbox 321 3757 1973 3837">
    <p class='ocr_par' dir='ltr' id='par_1_56' title="bbox 321 3757 1973 3837">
     <span class='ocr_line' id='line_1_56' title="bbox 321 3757 1973 3837; baseline 0.002 -24"><span class='ocrx_word' id='word_1_382' title='bbox 321 3757 401 3830; x_wconf 80' lang='grc' dir='ltr'>τῷ</span> <span class='ocrx_word' id='word_1_383' title='bbox 454 3760 676 3832; x_wconf 80' lang='grc' dir='ltr'>κόμπῳ.</span> <span class='ocrx_word' id='word_1_384' title='bbox 713 3766 914 3814; x_wconf 86' lang='grc' dir='ltr'>Σιωπῶ</span> <span class='ocrx_word' id='word_1_385' title='bbox 974 3761 1041 3815; x_wconf 84' lang='grc' dir='ltr'>τά</span> <span class='ocrx_word' id='word_1_386' title='bbox 1098 3760 1287 3833; x_wconf 78' lang='grc' dir='ltr'>δεσμά,</span> <span class='ocrx_word' id='word_1_387' title='bbox 1337 3763 1403 3815; x_wconf 84' lang='grc' dir='ltr'>τά</span> <span class='ocrx_word' id='word_1_388' title='bbox 1459 3759 1828 3837; x_wconf 83' lang='grc' dir='ltr'>δεσμωτήρια,</span> <span class='ocrx_word' id='word_1_389' title='bbox 1878 3764 1973 3825; x_wconf 80' lang='grc' dir='ltr'>τάς</span> 
     </span>
    </p>
   </div>
   <div class='ocr_carea' id='block_1_57' title="bbox 322 3847 1970 3929">
    <p class='ocr_par' dir='ltr' id='par_1_57' title="bbox 322 3847 1970 3929">
     <span class='ocr_line' id='line_1_57' title="bbox 322 3847 1970 3929; baseline 0.004 -30"><span class='ocrx_word' id='word_1_390' title='bbox 322 3847 548 3918; x_wconf 77' lang='grc' dir='ltr'>ζημίας,</span> <span class='ocrx_word' id='word_1_391' title='bbox 579 3848 673 3908; x_wconf 79' lang='grc' dir='ltr'>τάς</span> <span class='ocrx_word' id='word_1_392' title='bbox 732 3847 970 3919; x_wconf 80' lang='grc' dir='ltr'>ἀτιμίας,</span> <span class='ocrx_word' id='word_1_393' title='bbox 1023 3850 1117 3909; x_wconf 82' lang='grc' dir='ltr'>τάς</span> <span class='ocrx_word' id='word_1_394' title='bbox 1177 3849 1458 3924; x_wconf 82' lang='grc' dir='ltr'>μάστιγας,</span> <span class='ocrx_word' id='word_1_395' title='bbox 1507 3850 1575 3904; x_wconf 84' lang='grc' dir='ltr'>τὰ</span> <span class='ocrx_word' id='word_1_396' title='bbox 1632 3852 1737 3905; x_wconf 85' lang='grc' dir='ltr'>τῶν</span> <span class='ocrx_word' id='word_1_397' title='bbox 1798 3852 1970 3929; x_wconf 58' lang='grc' dir='ltr'>φόνων</span> 
     </span>
    </p>
   </div>
   <div class='ocr_carea' id='block_1_58' title="bbox 320 3934 1972 4014">
    <p class='ocr_par' dir='ltr' id='par_1_58' title="bbox 320 3934 1972 4014">
     <span class='ocr_line' id='line_1_58' title="bbox 320 3934 1972 4014; baseline 0.003 -25"><span class='ocrx_word' id='word_1_398' title='bbox 320 3934 528 3990; x_wconf 71' lang='grc' dir='ltr'>ἐλεεινὰ</span> <span class='ocrx_word' id='word_1_399' title='bbox 568 3938 830 4007; x_wconf 76' lang='grc' dir='ltr'>θεάματα,</span> <span class='ocrx_word' id='word_1_400' title='bbox 860 3937 948 3990; x_wconf 79' lang='grc' dir='ltr'>καὶ</span> <span class='ocrx_word' id='word_1_401' title='bbox 983 3938 1117 4009; x_wconf 85' lang='grc' dir='ltr'>μετά</span> <span class='ocrx_word' id='word_1_402' title='bbox 1146 3939 1244 4005; x_wconf 65' lang='grc' dir='ltr'>τὴν</span> <span class='ocrx_word' id='word_1_403' title='bbox 1276 3944 1461 4014; x_wconf 84' lang='grc' dir='ltr'>πεῖραν</span> <span class='ocrx_word' id='word_1_404' title='bbox 1494 3939 1659 4008; x_wconf 68' lang='grc' dir='ltr'>αὐτὴν</span> <span class='ocrx_word' id='word_1_405' title='bbox 1695 3938 1762 3994; x_wconf 86' lang='grc' dir='ltr'>δι’</span> <span class='ocrx_word' id='word_1_406' title='bbox 1810 3941 1972 4013; x_wconf 72' lang='grc' dir='ltr'>ὐπερ-</span> 
     </span>
    </p>
   </div>
   <div class='ocr_carea' id='block_1_59' title="bbox 312 4019 1972 4103">
    <p class='ocr_par' dir='ltr' id='par_1_59' title="bbox 312 4019 1972 4103">
     <span class='ocr_line' id='line_1_59' title="bbox 312 4019 1972 4103; baseline 0.002 -26"><span class='ocrx_word' id='word_1_407' title='bbox 312 4019 490 4091; x_wconf 66' lang='grc' dir='ltr'>ϐολήν</span> <span class='ocrx_word' id='word_1_408' title='bbox 534 4024 930 4097; x_wconf 81' lang='grc' dir='ltr'>ἀπιστούμενα.</span> <span class='ocrx_word' id='word_1_409' title='bbox 968 4026 1063 4079; x_wconf 80' lang='grc' dir='ltr'>Καὶ</span> <span class='ocrx_word' id='word_1_410' title='bbox 1102 4031 1269 4081; x_wconf 90' lang='grc' dir='ltr'>ταῦτα</span> <span class='ocrx_word' id='word_1_411' title='bbox 1311 4024 1710 4103; x_wconf 85' lang='grc' dir='ltr'>δραματουργεῖ</span> <span class='ocrx_word' id='word_1_412' title='bbox 1885 4027 1972 4081; x_wconf 83' lang='grc' dir='ltr'>διά</span> 
     </span>
    </p>
   </div>
   <div class='ocr_carea' id='block_1_60' title="bbox 310 4111 1969 4192">
    <p class='ocr_par' dir='ltr' id='par_1_60' title="bbox 310 4111 1969 4192">
     <span class='ocr_line' id='line_1_60' title="bbox 310 4111 1969 4192; baseline 0.009 -28"><span class='ocrx_word' id='word_1_413' title='bbox 310 4111 544 4166; x_wconf 81' lang='grc' dir='ltr'>πολλῶν</span> <span class='ocrx_word' id='word_1_414' title='bbox 576 4114 781 4187; x_wconf 75' lang='grc' dir='ltr'>ἱερέων.</span> <span class='ocrx_word' id='word_1_415' title='bbox 817 4122 877 4167; x_wconf 72' lang='grc' dir='ltr'><em>Ὠ</em></span> <span class='ocrx_word' id='word_1_416' title='bbox 905 4121 1004 4182; x_wconf 81' lang='grc' dir='ltr'>τῆς</span> <span class='ocrx_word' id='word_1_417' title='bbox 1032 4114 1252 4189; x_wconf 83' lang='grc' dir='ltr'>ἀνιέρου</span> <span class='ocrx_word' id='word_1_418' title='bbox 1314 4114 1551 4187; x_wconf 71' lang='grc' dir='ltr'>τόλμηςί</span> <span class='ocrx_word' id='word_1_419' title='bbox 1586 4124 1645 4169; x_wconf 67' lang='grc' dir='ltr'><em>Ὠ</em></span> <span class='ocrx_word' id='word_1_420' title='bbox 1691 4124 1788 4184; x_wconf 76' lang='grc' dir='ltr'>τῆς</span> <span class='ocrx_word' id='word_1_421' title='bbox 1839 4117 1969 4192; x_wconf 66' lang='grc' dir='ltr'>ἀφο-</span> 
     </span>
    </p>
   </div>
   <div class='ocr_carea' id='block_1_61' title="bbox 317 4198 1966 4278">
    <p class='ocr_par' dir='ltr' id='par_1_61' title="bbox 317 4198 1966 4278">
     <span class='ocr_line' id='line_1_61' title="bbox 317 4198 1966 4278; baseline 0.002 -24"><span class='ocrx_word' id='word_1_422' title='bbox 317 4203 490 4275; x_wconf 85' lang='grc' dir='ltr'>ρήτου</span> <span class='ocrx_word' id='word_1_423' title='bbox 523 4198 710 4271; x_wconf 81' lang='grc' dir='ltr'>δίκηςί</span> <span class='ocrx_word' id='word_1_424' title='bbox 746 4205 839 4255; x_wconf 77' lang='grc' dir='ltr'>Ὧν</span> <span class='ocrx_word' id='word_1_425' title='bbox 882 4203 1173 4275; x_wconf 87' lang='grc' dir='ltr'>προοίμιον</span> <span class='ocrx_word' id='word_1_426' title='bbox 1222 4204 1531 4278; x_wconf 69' lang='grc' dir='ltr'>ἱερουργίας</span> <span class='ocrx_word' id='word_1_427' title='bbox 1578 4225 1634 4258; x_wconf 91' lang='grc' dir='ltr'>τε</span> <span class='ocrx_word' id='word_1_428' title='bbox 1680 4204 1767 4257; x_wconf 87' lang='grc' dir='ltr'>καὶ</span> <span class='ocrx_word' id='word_1_429' title='bbox 1819 4202 1966 4257; x_wconf 78' lang='grc' dir='ltr'>διδα-</span> 
     </span>
    </p>
   </div>
   <div class='ocr_carea' id='block_1_62' title="bbox 316 4288 1965 4365">
    <p class='ocr_par' dir='ltr' id='par_1_62' title="bbox 316 4288 1965 4365">
     <span class='ocr_line' id='line_1_62' title="bbox 316 4288 1965 4365; baseline 0.001 -23"><span class='ocrx_word' id='word_1_430' title='bbox 316 4288 543 4349; x_wconf 79' lang='grc' dir='ltr'>σκαλίας</span> <span class='ocrx_word' id='word_1_431' title='bbox 597 4290 660 4343; x_wconf 88' lang='grc' dir='ltr'>τὸ</span> <span class='ocrx_word' id='word_1_432' title='bbox 715 4290 1047 4365; x_wconf 79' lang='grc' dir='ltr'>γλυκύτατον</span> <span class='ocrx_word' id='word_1_433' title='bbox 1109 4290 1280 4345; x_wconf 82' lang='grc' dir='ltr'>έκεῖνο</span> <span class='ocrx_word' id='word_1_434' title='bbox 1318 4311 1328 4321; x_wconf 89' lang='grc'><strong>·</strong></span> <span class='ocrx_word' id='word_1_435' title='bbox 1384 4291 1589 4362; x_wconf 77' lang='grc' dir='ltr'>Εἰρήνη</span> <span class='ocrx_word' id='word_1_436' title='bbox 1650 4298 1830 4344; x_wconf 72' lang='grc' dir='ltr'>πᾶσιν⁹</span> <span class='ocrx_word' id='word_1_437' title='bbox 1893 4293 1965 4344; x_wconf 83' lang='grc' dir='ltr'>ὧν</span> 
     </span>
    </p>
   </div>
   <div class='ocr_carea' id='block_1_63' title="bbox 316 4377 1968 4454">
    <p class='ocr_par' dir='ltr' id='par_1_63' title="bbox 316 4377 1968 4454">
     <span class='ocr_line' id='line_1_63' title="bbox 316 4377 1968 4454; baseline 0.003 -26"><span class='ocrx_word' id='word_1_438' title='bbox 316 4377 476 4454; x_wconf 81' lang='grc' dir='ltr'>ἔργον</span> <span class='ocrx_word' id='word_1_439' title='bbox 507 4380 812 4454; x_wconf 70' lang='grc' dir='ltr'>περιφέρειν</span> <span class='ocrx_word' id='word_1_440' title='bbox 843 4380 903 4432; x_wconf 84' lang='grc' dir='ltr'>τὸ</span> <span class='ocrx_word' id='word_1_441' title='bbox 933 4381 1213 4454; x_wconf 83' lang='grc' dir='ltr'>κήρυγμα,</span> <span class='ocrx_word' id='word_1_442' title='bbox 1246 4380 1306 4433; x_wconf 84' lang='grc' dir='ltr'>τὸ</span> <span class='ocrx_word' id='word_1_443' title='bbox 1338 4378 1524 4433; x_wconf 79' lang='grc' dir='ltr'>πολλᾶ</span> <span class='ocrx_word' id='word_1_444' title='bbox 1571 4379 1968 4454; x_wconf 68' lang='grc' dir='ltr'>παραγγέλλειν</span> 
     </span>
    </p>
   </div>
   <div class='ocr_carea' id='block_1_64' title="bbox 315 4466 1967 4544">
    <p class='ocr_par' dir='ltr' id='par_1_64' title="bbox 315 4466 1967 4544">
     <span class='ocr_line' id='line_1_64' title="bbox 315 4466 1967 4544; baseline 0.001 -24"><span class='ocrx_word' id='word_1_445' title='bbox 315 4466 441 4540; x_wconf 79' lang='grc' dir='ltr'>περὶ</span> <span class='ocrx_word' id='word_1_446' title='bbox 491 4466 822 4541; x_wconf 79' lang='grc' dir='ltr'>πραότητος,</span> <span class='ocrx_word' id='word_1_447' title='bbox 852 4467 999 4529; x_wconf 77' lang='grc' dir='ltr'>ὅπως</span> <span class='ocrx_word' id='word_1_448' title='bbox 1053 4467 1364 4544; x_wconf 69' lang='grc' dir='ltr'>φυλάσσωσι</span> <span class='ocrx_word' id='word_1_449' title='bbox 1415 4469 1499 4537; x_wconf 88' lang='grc' dir='ltr'>τὸ,</span> <span class='ocrx_word' id='word_1_450' title='bbox 1534 4492 1559 4518; x_wconf 88' lang='grc'>‹‹</span> <span class='ocrx_word' id='word_1_451' title='bbox 1593 4472 1668 4540; x_wconf 78' lang='grc' dir='ltr'>Τῇ</span> <span class='ocrx_word' id='word_1_452' title='bbox 1701 4469 1967 4541; x_wconf 71' lang='grc' dir='ltr'>πραότητι</span> 
     </span>
    </p>
   </div>
   <div class='ocr_carea' id='block_1_65' title="bbox 315 4552 1960 4631">
    <p class='ocr_par' dir='ltr' id='par_1_65' title="bbox 315 4552 1960 4631">
     <span class='ocr_line' id='line_1_65' title="bbox 315 4552 1960 4631; baseline 0.002 -23"><span class='ocrx_word' id='word_1_453' title='bbox 315 4552 588 4609; x_wconf 79' lang='grc' dir='ltr'>παιδεύειν</span> <span class='ocrx_word' id='word_1_454' title='bbox 670 4556 796 4616; x_wconf 73' lang='grc' dir='ltr'>τοὺς</span> <span class='ocrx_word' id='word_1_455' title='bbox 879 4553 1424 4628; x_wconf 69' lang='grc' dir='ltr'>ἀντιδιατιθεμένους,</span> <span class='ocrx_word' id='word_1_456' title='bbox 1486 4580 1512 4606; x_wconf 87' lang='grc'><strong>››</strong></span> <span class='ocrx_word' id='word_1_457' title='bbox 1568 4558 1749 4618; x_wconf 88' lang='grc' dir='ltr'>καλῶς</span> <span class='ocrx_word' id='word_1_458' title='bbox 1833 4578 1960 4631; x_wconf 87' lang='grc' dir='ltr'>πρε-</span> 
     </span>
    </p>
   </div>
   <div class='ocr_carea' id='block_1_66' title="bbox 314 4639 1959 4722">
    <p class='ocr_par' dir='ltr' id='par_1_66' title="bbox 314 4639 1959 4722">
     <span class='ocr_line' id='line_1_66' title="bbox 314 4639 1959 4722; baseline 0.001 -25"><span class='ocrx_word' id='word_1_459' title='bbox 314 4639 566 4697; x_wconf 72' lang='grc' dir='ltr'>σϐεύουσι</span> <span class='ocrx_word' id='word_1_460' title='bbox 598 4643 679 4697; x_wconf 88' lang='grc' dir='ltr'>τό·</span> <span class='ocrx_word' id='word_1_461' title='bbox 710 4670 735 4693; x_wconf 90' lang='grc'><strong>‹‹</strong></span> <span class='ocrx_word' id='word_1_462' title='bbox 769 4645 959 4715; x_wconf 82' lang='grc' dir='ltr'>Ἡμεῖς</span> <span class='ocrx_word' id='word_1_463' title='bbox 994 4646 1043 4697; x_wconf 71' lang='grc' dir='ltr'>οἱ</span> <span class='ocrx_word' id='word_1_464' title='bbox 1094 4642 1308 4698; x_wconf 75' lang='grc' dir='ltr'>δυνατοὶ</span> <span class='ocrx_word' id='word_1_465' title='bbox 1374 4644 1664 4722; x_wconf 75' lang='grc' dir='ltr'>ὀφείλομεν</span> <span class='ocrx_word' id='word_1_466' title='bbox 1709 4646 1776 4699; x_wconf 74' lang='grc' dir='ltr'>τά</span> <span class='ocrx_word' id='word_1_467' title='bbox 1807 4646 1959 4708; x_wconf 89' lang='grc' dir='ltr'>ἀσθε-</span> 
     </span>
    </p>
   </div>
   <div class='ocr_carea' id='block_1_67' title="bbox 308 4729 1963 4809">
    <p class='ocr_par' dir='ltr' id='par_1_67' title="bbox 308 4729 1963 4809">
     <span class='ocr_line' id='line_1_67' title="bbox 308 4729 1963 4809; baseline 0.003 -25"><span class='ocrx_word' id='word_1_468' title='bbox 308 4733 529 4803; x_wconf 84' lang='grc' dir='ltr'>νήματα</span> <span class='ocrx_word' id='word_1_469' title='bbox 576 4736 681 4784; x_wconf 85' lang='grc' dir='ltr'>τῶν</span> <span class='ocrx_word' id='word_1_470' title='bbox 742 4729 1013 4785; x_wconf 81' lang='grc' dir='ltr'>ἀδυνάτων</span> <span class='ocrx_word' id='word_1_471' title='bbox 1071 4733 1368 4807; x_wconf 82' lang='grc' dir='ltr'>βαστάζειν·</span> <span class='ocrx_word' id='word_1_472' title='bbox 1401 4760 1420 4783; x_wconf 77' lang='grc' dir='ltr'><strong>υ</strong></span> <span class='ocrx_word' id='word_1_473' title='bbox 1456 4734 1593 4787; x_wconf 88' lang='grc' dir='ltr'>πάνυ</span> <span class='ocrx_word' id='word_1_474' title='bbox 1645 4735 1746 4809; x_wconf 83' lang='grc' dir='ltr'>γάρ</span> <span class='ocrx_word' id='word_1_475' title='bbox 1801 4736 1963 4795; x_wconf 83' lang='grc' dir='ltr'>ὁσιως</span> 
     </span>
    </p>
   </div>
   <div class='ocr_carea' id='block_1_68' title="bbox 310 4819 1960 4897">
    <p class='ocr_par' dir='ltr' id='par_1_68' title="bbox 310 4819 1960 4897">
     <span class='ocr_line' id='line_1_68' title="bbox 310 4819 1960 4897; baseline 0.001 -23"><span class='ocrx_word' id='word_1_476' title='bbox 310 4824 541 4893; x_wconf 70' lang='grc' dir='ltr'>τηροῦσι</span> <span class='ocrx_word' id='word_1_477' title='bbox 598 4820 723 4881; x_wconf 67' lang='grc' dir='ltr'>τοὺς</span> <span class='ocrx_word' id='word_1_478' title='bbox 776 4820 972 4897; x_wconf 58' lang='grc' dir='ltr'>σοφοὺς</span> <span class='ocrx_word' id='word_1_479' title='bbox 1030 4819 1246 4873; x_wconf 84' lang='grc' dir='ltr'>Παύλου</span> <span class='ocrx_word' id='word_1_480' title='bbox 1297 4819 1517 4895; x_wconf 78' lang='grc' dir='ltr'>λόγους·</span> <span class='ocrx_word' id='word_1_481' title='bbox 1556 4822 1700 4883; x_wconf 84' lang='grc' dir='ltr'>«Τίς</span> <span class='ocrx_word' id='word_1_482' title='bbox 1730 4823 1960 4889; x_wconf 82' lang='grc' dir='ltr'>ἀσθενεῖ,</span> 
     </span>
    </p>
   </div>
   <div class='ocr_carea' id='block_1_69' title="bbox 312 4907 1962 4985">
    <p class='ocr_par' dir='ltr' id='par_1_69' title="bbox 312 4907 1962 4985">
     <span class='ocr_line' id='line_1_69' title="bbox 312 4907 1962 4985; baseline 0.002 -24"><span class='ocrx_word' id='word_1_483' title='bbox 312 4909 401 4961; x_wconf 81' lang='grc' dir='ltr'>καὶ</span> <span class='ocrx_word' id='word_1_484' title='bbox 462 4907 561 4962; x_wconf 86' lang='grc' dir='ltr'>οὐκ</span> <span class='ocrx_word' id='word_1_485' title='bbox 618 4908 862 4974; x_wconf 89' lang='grc' dir='ltr'>ἀσθενῶ;</span> <span class='ocrx_word' id='word_1_486' title='bbox 921 4909 1008 4970; x_wconf 87' lang='grc' dir='ltr'>Τίς</span> <span class='ocrx_word' id='word_1_487' title='bbox 1058 4907 1490 4979; x_wconf 81' lang='grc' dir='ltr'>σκανδαλίζεται,</span> <span class='ocrx_word' id='word_1_488' title='bbox 1547 4912 1635 4964; x_wconf 77' lang='grc' dir='ltr'>καὶ</span> <span class='ocrx_word' id='word_1_489' title='bbox 1696 4911 1794 4965; x_wconf 81' lang='grc' dir='ltr'>οὐκ</span> <span class='ocrx_word' id='word_1_490' title='bbox 1852 4910 1962 4985; x_wconf 83' lang='grc' dir='ltr'>ἐγὼ</span> 
     </span>
    </p>
   </div>
   <div class='ocr_carea' id='block_1_70' title="bbox 314 4997 1961 5073">
    <p class='ocr_par' dir='ltr' id='par_1_70' title="bbox 314 4997 1961 5073">
     <span class='ocr_line' id='line_1_70' title="bbox 314 4997 1961 5073; baseline 0.002 -23"><span class='ocrx_word' id='word_1_491' title='bbox 314 5001 633 5070; x_wconf 76' lang='grc' dir='ltr'>πυροῦμαι;</span> <span class='ocrx_word' id='word_1_492' title='bbox 673 5022 699 5047; x_wconf 77' lang='lat' dir='ltr'>n</span> <span class='ocrx_word' id='word_1_493' title='bbox 749 4997 857 5051; x_wconf 83' lang='grc' dir='ltr'>καί’</span> <span class='ocrx_word' id='word_1_494' title='bbox 897 5023 922 5048; x_wconf 88' lang='grc'><em>‹‹</em></span> <span class='ocrx_word' id='word_1_495' title='bbox 958 5002 1092 5051; x_wconf 79' lang='grc' dir='ltr'>υᾶσι</span> <span class='ocrx_word' id='word_1_496' title='bbox 1151 4999 1321 5051; x_wconf 81' lang='grc' dir='ltr'>πάντα</span> <span class='ocrx_word' id='word_1_497' title='bbox 1378 4999 1589 5073; x_wconf 88' lang='grc' dir='ltr'>γέγονα,</span> <span class='ocrx_word' id='word_1_498' title='bbox 1617 4997 1706 5053; x_wconf 69' lang='grc' dir='ltr'>⁸ίνα</span> <span class='ocrx_word' id='word_1_499' title='bbox 1766 5000 1961 5062; x_wconf 85' lang='grc' dir='ltr'>πάντας</span> 
     </span>
    </p>
   </div>
   <div class='ocr_carea' id='block_1_71' title="bbox 308 5083 1963 5163">
    <p class='ocr_par' dir='ltr' id='par_1_71' title="bbox 308 5083 1963 5162">
     <span class='ocr_line' id='line_1_71' title="bbox 308 5083 1963 5162; baseline 0.002 -24"><span class='ocrx_word' id='word_1_500' title='bbox 308 5083 576 5159; x_wconf 79' lang='grc' dir='ltr'>κερδανῶ.</span> <span class='ocrx_word' id='word_1_501' title='bbox 614 5090 786 5138; x_wconf 83' lang='grc' dir='ltr'>»Ποῦ</span> <span class='ocrx_word' id='word_1_502' title='bbox 844 5090 931 5138; x_wconf 93' lang='grc' dir='ltr'>νῦν</span> <span class='ocrx_word' id='word_1_503' title='bbox 985 5085 1068 5139; x_wconf 75' lang='grc' dir='ltr'>τὸ’</span> <span class='ocrx_word' id='word_1_504' title='bbox 1116 5112 1143 5135; x_wconf 89' lang='grc'>‹‹</span> <span class='ocrx_word' id='word_1_505' title='bbox 1202 5088 1292 5154; x_wconf 72' lang='grc' dir='ltr'>Μὴ</span> <span class='ocrx_word' id='word_1_506' title='bbox 1356 5093 1562 5158; x_wconf 77' lang='grc' dir='ltr'>μισεῖτε</span> <span class='ocrx_word' id='word_1_507' title='bbox 1615 5088 1687 5149; x_wconf 84' lang='grc' dir='ltr'>ὡς</span> <span class='ocrx_word' id='word_1_508' title='bbox 1744 5088 1963 5162; x_wconf 68' lang='grc' dir='ltr'>ἐγθρὸν,</span> 
     </span>
    </p>
   </div>
   <div class='ocr_carea' id='block_1_72' title="bbox 313 5171 1964 5251">
    <p class='ocr_par' dir='ltr' id='par_1_72' title="bbox 313 5171 1964 5251">
     <span class='ocr_line' id='line_1_72' title="bbox 313 5171 1964 5251; baseline 0.001 -23"><span class='ocrx_word' id='word_1_509' title='bbox 313 5172 462 5228; x_wconf 84' lang='grc' dir='ltr'>ἀλλά</span> <span class='ocrx_word' id='word_1_510' title='bbox 508 5176 807 5228; x_wconf 87' lang='grc' dir='ltr'>νουθετεῖτε</span> <span class='ocrx_word' id='word_1_511' title='bbox 856 5174 930 5235; x_wconf 83' lang='grc' dir='ltr'>ὡς</span> <span class='ocrx_word' id='word_1_512' title='bbox 981 5171 1252 5251; x_wconf 80' lang='grc' dir='ltr'>ἀδελφὸν;</span> <span class='ocrx_word' id='word_1_513' title='bbox 1290 5199 1316 5225; x_wconf 75' lang='grc' dir='ltr'>ι)</span> <span class='ocrx_word' id='word_1_514' title='bbox 1352 5173 1460 5229; x_wconf 87' lang='grc' dir='ltr'>Ποῦ</span> <span class='ocrx_word' id='word_1_515' title='bbox 1509 5180 1620 5229; x_wconf 87' lang='grc' dir='ltr'>νῦν·</span> <span class='ocrx_word' id='word_1_516' title='bbox 1657 5200 1683 5226; x_wconf 88' lang='grc'>››</span> <span class='ocrx_word' id='word_1_517' title='bbox 1735 5181 1846 5231; x_wconf 76' lang='grc' dir='ltr'>Ἵνα</span> <span class='ocrx_word' id='word_1_518' title='bbox 1902 5178 1964 5230; x_wconf 84' lang='grc' dir='ltr'>τὸ</span> 
     </span>
    </p>
   </div>
   <div class='ocr_carea' id='block_1_73' title="bbox 388 5380 1595 5449">
    <p class='ocr_par' dir='ltr' id='par_1_73' title="bbox 388 5380 1595 5449">
     <span class='ocr_line' id='line_1_73' title="bbox 388 5380 1595 5449; baseline 0.002 -14"><span class='ocrx_word' id='word_1_519' title='bbox 388 5382 434 5415; x_wconf 71' lang='grc'>³⁸</span> <span class='ocrx_word' id='word_1_520' title='bbox 491 5380 642 5437; x_wconf 85' lang='lat' dir='ltr'>Psal.</span> <span class='ocrx_word' id='word_1_521' title='bbox 702 5397 892 5449; x_wconf 73' lang='lat' dir='ltr'>nvm,</span> <span class='ocrx_word' id='word_1_522' title='bbox 942 5382 1029 5436; x_wconf 88' lang='grc'>13.</span> <span class='ocrx_word' id='word_1_523' title='bbox 1143 5383 1185 5415; x_wconf 82' lang='grc'>²⁷</span> <span class='ocrx_word' id='word_1_524' title='bbox 1237 5383 1349 5437; x_wconf 85' lang='lat' dir='ltr'>Tit.</span> <span class='ocrx_word' id='word_1_525' title='bbox 1402 5399 1462 5449; x_wconf 85' lang='grc' dir='ltr'>ιι,</span> <span class='ocrx_word' id='word_1_526' title='bbox 1512 5384 1595 5438; x_wconf 89' lang='grc'>15.</span> 
     </span>
    </p>
   </div>
   <div class='ocr_carea' id='block_1_74' title="bbox 318 5454 516 5516">
    <p class='ocr_par' dir='ltr' id='par_1_74' title="bbox 318 5454 516 5516">
     <span class='ocr_line' id='line_1_74' title="bbox 318 5454 516 5516; baseline 0 -11"><span class='ocrx_word' id='word_1_527' title='bbox 318 5469 396 5516; x_wconf 81' lang='lat' dir='ltr'>ix,</span> <span class='ocrx_word' id='word_1_528' title='bbox 428 5454 516 5506; x_wconf 85' lang='lat'>22.</span> 
     </span>
    </p>
   </div>
   <div class='ocr_carea' id='block_1_75' title="bbox 388 5627 1673 5703">
    <p class='ocr_par' dir='ltr' id='par_1_75' title="bbox 388 5627 1673 5703">
     <span class='ocr_line' id='line_1_75' title="bbox 388 5627 1673 5703; baseline 0.002 -20"><span class='ocrx_word' id='word_1_529' title='bbox 388 5630 496 5699; x_wconf 75' lang='grc'>(10)</span> <span class='ocrx_word' id='word_1_530' title='bbox 528 5629 621 5683; x_wconf 87' lang='lat' dir='ltr'>Sic</span> <span class='ocrx_word' id='word_1_531' title='bbox 652 5627 912 5682; x_wconf 88' lang='lat' dir='ltr'>Vatican.</span> <span class='ocrx_word' id='word_1_532' title='bbox 951 5628 1099 5683; x_wconf 87' lang='lat' dir='ltr'>Editi</span> <span class='ocrx_word' id='word_1_533' title='bbox 1131 5646 1283 5700; x_wconf 87' lang='lat' dir='ltr'>vero,</span> <span class='ocrx_word' id='word_1_534' title='bbox 1315 5637 1673 5703; x_wconf 82' lang='grc' dir='ltr'>παραστῆναι.</span> 
     </span>
    </p>
   </div>
   <div class='ocr_carea' id='block_1_76' title="bbox 1708 5381 2644 5453">
    <p class='ocr_par' dir='ltr' id='par_1_76' title="bbox 1708 5381 2644 5453">
     <span class='ocr_line' id='line_1_76' title="bbox 1708 5381 2644 5453; baseline -0.003 -14"><span class='ocrx_word' id='word_1_535' title='bbox 1708 5384 1750 5417; x_wconf 71' lang='grc'>’⁸</span> <span class='ocrx_word' id='word_1_536' title='bbox 1800 5384 1920 5439; x_wconf 86' lang='lat' dir='ltr'>Gal.</span> <span class='ocrx_word' id='word_1_537' title='bbox 1973 5401 2048 5450; x_wconf 79' lang='lat' dir='ltr'>v1,</span> <span class='ocrx_word' id='word_1_538' title='bbox 2101 5384 2172 5449; x_wconf 77' lang='lat'>1;</span> <span class='ocrx_word' id='word_1_539' title='bbox 2224 5381 2431 5453; x_wconf 89' lang='lat' dir='ltr'>Ephes.</span> <span class='ocrx_word' id='word_1_540' title='bbox 2485 5383 2644 5447; x_wconf 67' lang='lat'>&quot;1,2.</span> 
     </span>
    </p>
   </div>
   <div class='ocr_carea' id='block_1_77' title="bbox 2108 1900 3747 1976">
    <p class='ocr_par' dir='ltr' id='par_1_77' title="bbox 2108 1900 3747 1976">
     <span class='ocr_line' id='line_1_77' title="bbox 2108 1900 3747 1976; baseline -0.003 -16"><span class='ocrx_word' id='word_1_541' title='bbox 2108 1906 2191 1960; x_wconf 71' lang='lat' dir='ltr'>die</span> <span class='ocrx_word' id='word_1_542' title='bbox 2224 1921 2487 1976; x_wconf 87' lang='lat' dir='ltr'>scopum,</span> <span class='ocrx_word' id='word_1_543' title='bbox 2517 1904 2843 1959; x_wconf 86' lang='lat' dir='ltr'>admiratus</span> <span class='ocrx_word' id='word_1_544' title='bbox 2892 1920 3045 1967; x_wconf 89' lang='lat' dir='ltr'>sum,</span> <span class='ocrx_word' id='word_1_545' title='bbox 3079 1919 3111 1956; x_wconf 91' lang='grc' dir='ltr'>ο</span> <span class='ocrx_word' id='word_1_546' title='bbox 3142 1902 3484 1957; x_wconf 81' lang='lat' dir='ltr'>fidelissime</span> <span class='ocrx_word' id='word_1_547' title='bbox 3532 1900 3747 1957; x_wconf 80' lang='lat' dir='ltr'>Christi</span> 
     </span>
    </p>
   </div>
   <div class='ocr_carea' id='block_1_78' title="bbox 2106 1988 3744 2064">
    <p class='ocr_par' dir='ltr' id='par_1_78' title="bbox 2106 1988 3744 2064">
     <span class='ocr_line' id='line_1_78' title="bbox 2106 1988 3744 2064; baseline -0.004 -15"><span class='ocrx_word' id='word_1_548' title='bbox 2106 2010 2268 2049; x_wconf 90' lang='lat' dir='ltr'>serve</span> <span class='ocrx_word' id='word_1_549' title='bbox 2299 1995 2433 2064; x_wconf 87' lang='lat' dir='ltr'>(quo</span> <span class='ocrx_word' id='word_1_550' title='bbox 2480 1998 2533 2047; x_wconf 92' lang='lat' dir='ltr'>te</span> <span class='ocrx_word' id='word_1_551' title='bbox 2564 1993 2718 2047; x_wconf 89' lang='lat' dir='ltr'>enim</span> <span class='ocrx_word' id='word_1_552' title='bbox 2752 1992 3003 2063; x_wconf 86' lang='lat' dir='ltr'>digniori</span> <span class='ocrx_word' id='word_1_553' title='bbox 3053 1990 3395 2062; x_wconf 87' lang='lat' dir='ltr'>compellem</span> <span class='ocrx_word' id='word_1_554' title='bbox 3450 1990 3678 2045; x_wconf 90' lang='lat' dir='ltr'>nomine</span> <span class='ocrx_word' id='word_1_555' title='bbox 3697 1988 3744 2057; x_wconf 70' lang='lat'>‘2)</span> 
     </span>
    </p>
   </div>
   <div class='ocr_carea' id='block_1_79' title="bbox 2105 2079 3745 2151">
    <p class='ocr_par' dir='ltr' id='par_1_79' title="bbox 2105 2079 3745 2151">
     <span class='ocr_line' id='line_1_79' title="bbox 2105 2079 3745 2151; baseline -0.002 -14"><span class='ocrx_word' id='word_1_556' title='bbox 2105 2082 2375 2137; x_wconf 86' lang='lat' dir='ltr'>Eustathi</span> <span class='ocrx_word' id='word_1_557' title='bbox 2408 2098 2419 2133; x_wconf 93' lang='lat'>:</span> <span class='ocrx_word' id='word_1_558' title='bbox 2455 2087 2514 2136; x_wconf 90' lang='lat' dir='ltr'>et</span> <span class='ocrx_word' id='word_1_559' title='bbox 2548 2087 2848 2151; x_wconf 84' lang='lat' dir='ltr'>tantopere</span> <span class='ocrx_word' id='word_1_560' title='bbox 2899 2080 3166 2143; x_wconf 85' lang='lat' dir='ltr'>miratus,</span> <span class='ocrx_word' id='word_1_561' title='bbox 3216 2084 3512 2150; x_wconf 82' lang='lat' dir='ltr'>tantopere</span> <span class='ocrx_word' id='word_1_562' title='bbox 3558 2079 3745 2133; x_wconf 91' lang='lat' dir='ltr'>victus</span> 
     </span>
    </p>
   </div>
   <div class='ocr_carea' id='block_1_80' title="bbox 2105 2167 3743 2239">
    <p class='ocr_par' dir='ltr' id='par_1_80' title="bbox 2105 2167 3743 2239">
     <span class='ocr_line' id='line_1_80' title="bbox 2105 2167 3743 2239; baseline -0.002 -14"><span class='ocrx_word' id='word_1_563' title='bbox 2105 2187 2258 2235; x_wconf 88' lang='lat' dir='ltr'>sum,</span> <span class='ocrx_word' id='word_1_564' title='bbox 2294 2176 2356 2224; x_wconf 90' lang='lat' dir='ltr'>ut</span> <span class='ocrx_word' id='word_1_565' title='bbox 2403 2170 2707 2225; x_wconf 86' lang='lat' dir='ltr'>confestim</span> <span class='ocrx_word' id='word_1_566' title='bbox 2735 2169 2972 2239; x_wconf 83' lang='lat' dir='ltr'>jussum</span> <span class='ocrx_word' id='word_1_567' title='bbox 3011 2168 3151 2221; x_wconf 90' lang='lat' dir='ltr'>mihi</span> <span class='ocrx_word' id='word_1_568' title='bbox 3184 2172 3301 2221; x_wconf 91' lang='lat' dir='ltr'>ate</span> <span class='ocrx_word' id='word_1_569' title='bbox 3353 2167 3743 2223; x_wconf 85' lang='lat' dir='ltr'>ministerium</span> 
     </span>
    </p>
   </div>
   <div class='ocr_carea' id='block_1_81' title="bbox 2104 2255 3746 2330">
    <p class='ocr_par' dir='ltr' id='par_1_81' title="bbox 2104 2255 3746 2330">
     <span class='ocr_line' id='line_1_81' title="bbox 2104 2255 3746 2330; baseline -0.003 -16"><span class='ocrx_word' id='word_1_570' title='bbox 2104 2275 2416 2330; x_wconf 83' lang='lat' dir='ltr'>aggressus</span> <span class='ocrx_word' id='word_1_571' title='bbox 2442 2258 2912 2328; x_wconf 88' lang='lat' dir='ltr'>sim,promptam</span> <span class='ocrx_word' id='word_1_572' title='bbox 2948 2273 3174 2311; x_wconf 88' lang='lat' dir='ltr'>mecum</span> <span class='ocrx_word' id='word_1_573' title='bbox 3210 2256 3456 2310; x_wconf 78' lang='lat' dir='ltr'>al‘ferens</span> <span class='ocrx_word' id='word_1_574' title='bbox 3486 2255 3746 2310; x_wconf 87' lang='lat' dir='ltr'>volunta—</span> 
     </span>
    </p>
   </div>
   <div class='ocr_carea' id='block_1_82' title="bbox 2103 2343 3743 2414">
    <p class='ocr_par' dir='ltr' id='par_1_82' title="bbox 2103 2343 3743 2414">
     <span class='ocr_line' id='line_1_82' title="bbox 2103 2343 3743 2414; baseline -0.002 -13"><span class='ocrx_word' id='word_1_575' title='bbox 2103 2352 2241 2412; x_wconf 85' lang='lat' dir='ltr'>tem,</span> <span class='ocrx_word' id='word_1_576' title='bbox 2274 2346 2381 2401; x_wconf 88' lang='lat' dir='ltr'>etsi</span> <span class='ocrx_word' id='word_1_577' title='bbox 2412 2347 2563 2400; x_wconf 89' lang='lat' dir='ltr'>vires</span> <span class='ocrx_word' id='word_1_578' title='bbox 2594 2362 2684 2399; x_wconf 90' lang='lat' dir='ltr'>me</span> <span class='ocrx_word' id='word_1_579' title='bbox 2715 2344 3007 2399; x_wconf 84' lang='lat' dir='ltr'>deficiant.</span> <span class='ocrx_word' id='word_1_580' title='bbox 3042 2345 3147 2409; x_wconf 89' lang='lat' dir='ltr'>Qui</span> <span class='ocrx_word' id='word_1_581' title='bbox 3180 2344 3334 2397; x_wconf 88' lang='lat' dir='ltr'>enim</span> <span class='ocrx_word' id='word_1_582' title='bbox 3368 2359 3598 2414; x_wconf 90' lang='lat' dir='ltr'>possem</span> <span class='ocrx_word' id='word_1_583' title='bbox 3632 2343 3743 2399; x_wconf 90' lang='lat' dir='ltr'>fer-</span> 
     </span>
    </p>
   </div>
   <div class='ocr_carea' id='block_1_83' title="bbox 2101 2432 3741 2504">
    <p class='ocr_par' dir='ltr' id='par_1_83' title="bbox 2101 2432 3741 2504">
     <span class='ocr_line' id='line_1_83' title="bbox 2101 2432 3741 2504; baseline -0.001 -16"><span class='ocrx_word' id='word_1_584' title='bbox 2101 2437 2234 2490; x_wconf 82' lang='lat' dir='ltr'>vido</span> <span class='ocrx_word' id='word_1_585' title='bbox 2288 2435 2482 2490; x_wconf 91' lang='lat' dir='ltr'>studio</span> <span class='ocrx_word' id='word_1_586' title='bbox 2533 2441 2631 2489; x_wconf 92' lang='lat' dir='ltr'>tuo</span> <span class='ocrx_word' id='word_1_587' title='bbox 2680 2450 2910 2504; x_wconf 72' lang='lat' dir='ltr'>mquare</span> <span class='ocrx_word' id='word_1_588' title='bbox 2957 2449 3311 2499; x_wconf 82' lang='lat' dir='ltr'>sermonem,</span> <span class='ocrx_word' id='word_1_589' title='bbox 3345 2436 3444 2486; x_wconf 89' lang='lat' dir='ltr'>aut</span> <span class='ocrx_word' id='word_1_590' title='bbox 3487 2432 3741 2486; x_wconf 87' lang='lat' dir='ltr'>debitam</span> 
     </span>
    </p>
   </div>
   <div class='ocr_carea' id='block_1_84' title="bbox 2102 2521 3739 2593">
    <p class='ocr_par' dir='ltr' id='par_1_84' title="bbox 2102 2521 3739 2593">
     <span class='ocr_line' id='line_1_84' title="bbox 2102 2521 3739 2593; baseline -0.002 -16"><span class='ocrx_word' id='word_1_591' title='bbox 2102 2524 2325 2580; x_wconf 84' lang='lat' dir='ltr'>veritati</span> <span class='ocrx_word' id='word_1_592' title='bbox 2364 2521 2603 2593; x_wconf 90' lang='lat' dir='ltr'>implere</span> <span class='ocrx_word' id='word_1_593' title='bbox 2637 2528 3118 2588; x_wconf 87' lang='lat' dir='ltr'>mensuram,aut</span> <span class='ocrx_word' id='word_1_594' title='bbox 3153 2521 3433 2575; x_wconf 85' lang='lat' dir='ltr'>mendacii</span> <span class='ocrx_word' id='word_1_595' title='bbox 3462 2521 3585 2589; x_wconf 87' lang='lat' dir='ltr'>jam</span> <span class='ocrx_word' id='word_1_596' title='bbox 3619 2525 3739 2574; x_wconf 84' lang='lat' dir='ltr'>tur-</span> 
     </span>
    </p>
   </div>
   <div class='ocr_carea' id='block_1_85' title="bbox 2102 2609 3741 2685">
    <p class='ocr_par' dir='ltr' id='par_1_85' title="bbox 2102 2609 3741 2685">
     <span class='ocr_line' id='line_1_85' title="bbox 2102 2609 3741 2685; baseline -0.002 -17"><span class='ocrx_word' id='word_1_597' title='bbox 2102 2614 2204 2668; x_wconf 93' lang='lat' dir='ltr'>bas</span> <span class='ocrx_word' id='word_1_598' title='bbox 2236 2613 2464 2685; x_wconf 81' lang='lat' dir='ltr'>agentis</span> <span class='ocrx_word' id='word_1_599' title='bbox 2489 2613 2958 2683; x_wconf 81' lang='lat' dir='ltr'>exsuperantiam</span> <span class='ocrx_word' id='word_1_600' title='bbox 2992 2612 3286 2665; x_wconf 84' lang='lat' dir='ltr'>declarare</span> <span class='ocrx_word' id='word_1_601' title='bbox 3306 2609 3334 2663; x_wconf 79' lang='lat' dir='ltr'>‘I</span> <span class='ocrx_word' id='word_1_602' title='bbox 3354 2609 3538 2663; x_wconf 89' lang='lat' dir='ltr'>Verba</span> <span class='ocrx_word' id='word_1_603' title='bbox 3555 2609 3741 2680; x_wconf 84' lang='lat' dir='ltr'>profe-</span> 
     </span>
    </p>
   </div>
   <div class='ocr_carea' id='block_1_86' title="bbox 2100 2698 3742 2770">
    <p class='ocr_par' dir='ltr' id='par_1_86' title="bbox 2100 2698 3742 2770">
     <span class='ocr_line' id='line_1_86' title="bbox 2100 2698 3742 2770; baseline -0.002 -15"><span class='ocrx_word' id='word_1_604' title='bbox 2100 2711 2307 2756; x_wconf 82' lang='lat' dir='ltr'>runtur</span> <span class='ocrx_word' id='word_1_605' title='bbox 2336 2702 2604 2757; x_wconf 75' lang='lat' dir='ltr'>amentia:</span> <span class='ocrx_word' id='word_1_606' title='bbox 2636 2706 2810 2770; x_wconf 89' lang='lat' dir='ltr'>atque</span> <span class='ocrx_word' id='word_1_607' title='bbox 2842 2699 3187 2769; x_wconf 65' lang='lat' dir='ltr'>insipientia:</span> <span class='ocrx_word' id='word_1_608' title='bbox 3220 2699 3388 2769; x_wconf 84' lang='lat' dir='ltr'>plena</span> <span class='ocrx_word' id='word_1_609' title='bbox 3416 2715 3428 2751; x_wconf 75' lang='grc' dir='ltr'>ε</span> <span class='ocrx_word' id='word_1_610' title='bbox 3464 2698 3742 2752; x_wconf 88' lang='lat' dir='ltr'>dicuntur</span> 
     </span>
    </p>
   </div>
   <div class='ocr_carea' id='block_1_87' title="bbox 2096 2786 3739 2860">
    <p class='ocr_par' dir='ltr' id='par_1_87' title="bbox 2096 2786 3739 2860">
     <span class='ocr_line' id='line_1_87' title="bbox 2096 2786 3739 2860; baseline -0.002 -16"><span class='ocrx_word' id='word_1_611' title='bbox 2096 2797 2288 2845; x_wconf 89' lang='lat' dir='ltr'>autem</span> <span class='ocrx_word' id='word_1_612' title='bbox 2324 2808 2558 2845; x_wconf 90' lang='lat' dir='ltr'>summa</span> <span class='ocrx_word' id='word_1_613' title='bbox 2604 2806 2737 2844; x_wconf 92' lang='lat' dir='ltr'>cum</span> <span class='ocrx_word' id='word_1_614' title='bbox 2770 2788 3140 2860; x_wconf 84' lang='lat' dir='ltr'>impudentia</span> <span class='ocrx_word' id='word_1_615' title='bbox 3170 2794 3226 2841; x_wconf 91' lang='lat' dir='ltr'>et</span> <span class='ocrx_word' id='word_1_616' title='bbox 3261 2786 3593 2855; x_wconf 81' lang='lat' dir='ltr'>arrogantia</span> <span class='ocrx_word' id='word_1_617' title='bbox 3625 2803 3638 2840; x_wconf 87' lang='lat'><strong>:</strong></span> <span class='ocrx_word' id='word_1_618' title='bbox 3676 2792 3739 2840; x_wconf 92' lang='lat' dir='ltr'>ut</span> 
     </span>
    </p>
   </div>
   <div class='ocr_carea' id='block_1_88' title="bbox 2093 2875 3731 2951">
    <p class='ocr_par' dir='ltr' id='par_1_88' title="bbox 2093 2875 3731 2951">
     <span class='ocr_line' id='line_1_88' title="bbox 2093 2875 3731 2951; baseline -0.004 -16"><span class='ocrx_word' id='word_1_619' title='bbox 2093 2880 2299 2935; x_wconf 83' lang='lat' dir='ltr'>exhinc</span> <span class='ocrx_word' id='word_1_620' title='bbox 2331 2881 2528 2935; x_wconf 90' lang='lat' dir='ltr'>ausint</span> <span class='ocrx_word' id='word_1_621' title='bbox 2559 2897 2687 2951; x_wconf 74' lang='lat' dir='ltr'>quae</span> <span class='ocrx_word' id='word_1_622' title='bbox 2742 2897 2854 2934; x_wconf 92' lang='lat' dir='ltr'>non</span> <span class='ocrx_word' id='word_1_623' title='bbox 2889 2881 3026 2932; x_wconf 91' lang='lat' dir='ltr'>sunt</span> <span class='ocrx_word' id='word_1_624' title='bbox 3056 2877 3337 2932; x_wconf 87' lang='lat' dir='ltr'>hactenus</span> <span class='ocrx_word' id='word_1_625' title='bbox 3369 2875 3519 2943; x_wconf 87' lang='lat' dir='ltr'>ausi,</span> <span class='ocrx_word' id='word_1_626' title='bbox 3553 2875 3731 2929; x_wconf 66' lang='lat' dir='ltr'>haere-</span> 
     </span>
    </p>
   </div>
   <div class='ocr_carea' id='block_1_89' title="bbox 2094 2964 3727 3040">
    <p class='ocr_par' dir='ltr' id='par_1_89' title="bbox 2094 2964 3727 3040">
     <span class='ocr_line' id='line_1_89' title="bbox 2094 2964 3727 3040; baseline -0.004 -17"><span class='ocrx_word' id='word_1_627' title='bbox 2094 2970 2323 3040; x_wconf 86' lang='lat' dir='ltr'>ticaque</span> <span class='ocrx_word' id='word_1_628' title='bbox 2373 2969 2715 3040; x_wconf 86' lang='lat' dir='ltr'>improbitas</span> <span class='ocrx_word' id='word_1_629' title='bbox 2746 2985 2861 3022; x_wconf 91' lang='lat' dir='ltr'>non</span> <span class='ocrx_word' id='word_1_630' title='bbox 2892 2966 3039 3022; x_wconf 91' lang='lat' dir='ltr'>clam</span> <span class='ocrx_word' id='word_1_631' title='bbox 3084 2965 3329 3019; x_wconf 88' lang='lat' dir='ltr'>ulterius</span> <span class='ocrx_word' id='word_1_632' title='bbox 3360 2969 3416 3018; x_wconf 87' lang='lat' dir='ltr'>et</span> <span class='ocrx_word' id='word_1_633' title='bbox 3446 2964 3727 3035; x_wconf 89' lang='lat' dir='ltr'>paulatim</span> 
     </span>
    </p>
   </div>
   <div class='ocr_carea' id='block_1_90' title="bbox 2089 3051 3729 3127">
    <p class='ocr_par' dir='ltr' id='par_1_90' title="bbox 2089 3051 3729 3127">
     <span class='ocr_line' id='line_1_90' title="bbox 2089 3051 3729 3127; baseline -0.004 -16"><span class='ocrx_word' id='word_1_634' title='bbox 2089 3057 2550 3127; x_wconf 87' lang='lat' dir='ltr'>simplicioribus</span> <span class='ocrx_word' id='word_1_635' title='bbox 2580 3055 3015 3120; x_wconf 88' lang='lat' dir='ltr'>insidietur,sed</span> <span class='ocrx_word' id='word_1_636' title='bbox 3049 3053 3217 3125; x_wconf 89' lang='lat' dir='ltr'>quasi</span> <span class='ocrx_word' id='word_1_637' title='bbox 3236 3058 3403 3107; x_wconf 85' lang='lat' dir='ltr'>nacta</span> <span class='ocrx_word' id='word_1_638' title='bbox 3432 3051 3492 3105; x_wconf 89' lang='lat' dir='ltr'>in</span> <span class='ocrx_word' id='word_1_639' title='bbox 3524 3067 3729 3106; x_wconf 88' lang='lat' dir='ltr'>omnes</span> 
     </span>
    </p>
   </div>
   <div class='ocr_carea' id='block_1_91' title="bbox 2091 3139 3729 3217">
    <p class='ocr_par' dir='ltr' id='par_1_91' title="bbox 2091 3139 3729 3217">
     <span class='ocr_line' id='line_1_91' title="bbox 2091 3139 3729 3217; baseline -0.002 -18"><span class='ocrx_word' id='word_1_640' title='bbox 2091 3152 2452 3217; x_wconf 73' lang='lat' dir='ltr'>potestatem,</span> <span class='ocrx_word' id='word_1_641' title='bbox 2488 3146 2752 3199; x_wconf 82' lang='lat' dir='ltr'>ferociter</span> <span class='ocrx_word' id='word_1_642' title='bbox 2782 3150 2934 3216; x_wconf 86' lang='lat' dir='ltr'>agat,</span> <span class='ocrx_word' id='word_1_643' title='bbox 2967 3144 3242 3198; x_wconf 88' lang='lat' dir='ltr'>omnibus</span> <span class='ocrx_word' id='word_1_644' title='bbox 3274 3143 3539 3212; x_wconf 87' lang='lat' dir='ltr'>imperet,</span> <span class='ocrx_word' id='word_1_645' title='bbox 3572 3139 3729 3212; x_wconf 87' lang='lat' dir='ltr'>leges</span> 
     </span>
    </p>
   </div>
   <div class='ocr_carea' id='block_1_92' title="bbox 2088 3229 3726 3305">
    <p class='ocr_par' dir='ltr' id='par_1_92' title="bbox 2088 3229 3726 3305">
     <span class='ocr_line' id='line_1_92' title="bbox 2088 3229 3726 3305; baseline -0.004 -17"><span class='ocrx_word' id='word_1_646' title='bbox 2088 3236 2445 3305; x_wconf 76' lang='lat' dir='ltr'>przeseribat,</span> <span class='ocrx_word' id='word_1_647' title='bbox 2476 3236 2542 3289; x_wconf 91' lang='lat' dir='ltr'>ad</span> <span class='ocrx_word' id='word_1_648' title='bbox 2573 3233 2782 3305; x_wconf 91' lang='lat' dir='ltr'>placita</span> <span class='ocrx_word' id='word_1_649' title='bbox 2802 3251 2909 3287; x_wconf 90' lang='lat' dir='ltr'>sua</span> <span class='ocrx_word' id='word_1_650' title='bbox 2933 3231 3248 3303; x_wconf 85' lang='lat' dir='ltr'>pertrabat,</span> <span class='ocrx_word' id='word_1_651' title='bbox 3282 3229 3726 3300; x_wconf 88' lang='lat' dir='ltr'>obsequentiam</span> 
     </span>
    </p>
   </div>
   <div class='ocr_carea' id='block_1_93' title="bbox 2086 3318 3727 3394">
    <p class='ocr_par' dir='ltr' id='par_1_93' title="bbox 2086 3318 3727 3394">
     <span class='ocr_line' id='line_1_93' title="bbox 2086 3318 3727 3394; baseline -0.004 -16"><span class='ocrx_word' id='word_1_652' title='bbox 2086 3324 2358 3394; x_wconf 84' lang='lat' dir='ltr'>postulet,</span> <span class='ocrx_word' id='word_1_653' title='bbox 2392 3324 2612 3394; x_wconf 82' lang='lat' dir='ltr'>absque</span> <span class='ocrx_word' id='word_1_654' title='bbox 2667 3339 2828 3376; x_wconf 90' lang='lat' dir='ltr'>mora</span> <span class='ocrx_word' id='word_1_655' title='bbox 2878 3322 3135 3385; x_wconf 89' lang='lat' dir='ltr'>damnet,</span> <span class='ocrx_word' id='word_1_656' title='bbox 3168 3337 3363 3390; x_wconf 68' lang='lat' dir='ltr'>pmnas</span> <span class='ocrx_word' id='word_1_657' title='bbox 3414 3322 3609 3372; x_wconf 88' lang='lat' dir='ltr'>sumat</span> <span class='ocrx_word' id='word_1_658' title='bbox 3657 3318 3727 3371; x_wconf 87' lang='lat' dir='ltr'>de</span> 
     </span>
    </p>
   </div>
   <div class='ocr_carea' id='block_1_94' title="bbox 2085 3409 3724 3481">
    <p class='ocr_par' dir='ltr' id='par_1_94' title="bbox 2085 3409 3724 3481">
     <span class='ocr_line' id='line_1_94' title="bbox 2085 3409 3724 3481; baseline -0.003 -15"><span class='ocrx_word' id='word_1_659' title='bbox 2085 3413 2459 3466; x_wconf 87' lang='lat' dir='ltr'>studentibus</span> <span class='ocrx_word' id='word_1_660' title='bbox 2493 3413 2597 3480; x_wconf 65' lang='lat' dir='ltr'>piae</span> <span class='ocrx_word' id='word_1_661' title='bbox 2631 3412 2893 3481; x_wconf 79' lang='lat' dir='ltr'>religioni</span> <span class='ocrx_word' id='word_1_662' title='bbox 2931 3428 2941 3463; x_wconf 91' lang='lat'>:</span> <span class='ocrx_word' id='word_1_663' title='bbox 2978 3415 3035 3464; x_wconf 89' lang='lat' dir='ltr'>et</span> <span class='ocrx_word' id='word_1_664' title='bbox 3066 3411 3221 3465; x_wconf 90' lang='lat' dir='ltr'>hunc</span> <span class='ocrx_word' id='word_1_665' title='bbox 3252 3409 3487 3480; x_wconf 92' lang='lat' dir='ltr'>quidem</span> <span class='ocrx_word' id='word_1_666' title='bbox 3519 3412 3724 3462; x_wconf 88' lang='lat' dir='ltr'>contu-</span> 
     </span>
    </p>
   </div>
   <div class='ocr_carea' id='block_1_95' title="bbox 2087 3497 3723 3569">
    <p class='ocr_par' dir='ltr' id='par_1_95' title="bbox 2087 3497 3723 3569">
     <span class='ocr_line' id='line_1_95' title="bbox 2087 3497 3723 3569; baseline -0.002 -15"><span class='ocrx_word' id='word_1_667' title='bbox 2087 3500 2276 3554; x_wconf 89' lang='lat' dir='ltr'>meliis</span> <span class='ocrx_word' id='word_1_668' title='bbox 2325 3507 2543 3561; x_wconf 87' lang='lat' dir='ltr'>oneret,</span> <span class='ocrx_word' id='word_1_669' title='bbox 2580 3500 2742 3553; x_wconf 90' lang='lat' dir='ltr'>illum</span> <span class='ocrx_word' id='word_1_670' title='bbox 2794 3501 2981 3569; x_wconf 88' lang='lat' dir='ltr'>patria</span> <span class='ocrx_word' id='word_1_671' title='bbox 3032 3498 3225 3568; x_wconf 88' lang='lat' dir='ltr'>pellat,</span> <span class='ocrx_word' id='word_1_672' title='bbox 3256 3497 3351 3551; x_wconf 84' lang='lat' dir='ltr'>alii</span> <span class='ocrx_word' id='word_1_673' title='bbox 3398 3497 3723 3551; x_wconf 83' lang='lat' dir='ltr'>accusatio-</span> 
     </span>
    </p>
   </div>
   <div class='ocr_carea' id='block_1_96' title="bbox 2086 3583 3723 3657">
    <p class='ocr_par' dir='ltr' id='par_1_96' title="bbox 2086 3583 3723 3657">
     <span class='ocr_line' id='line_1_96' title="bbox 2086 3583 3723 3657; baseline -0.001 -17"><span class='ocrx_word' id='word_1_674' title='bbox 2086 3604 2226 3640; x_wconf 88' lang='lat' dir='ltr'>num</span> <span class='ocrx_word' id='word_1_675' title='bbox 2254 3587 2493 3657; x_wconf 87' lang='lat' dir='ltr'>laqueos</span> <span class='ocrx_word' id='word_1_676' title='bbox 2518 3586 3017 3649; x_wconf 89' lang='lat' dir='ltr'>connectat,illum</span> <span class='ocrx_word' id='word_1_677' title='bbox 3041 3584 3323 3654; x_wconf 84' lang='lat' dir='ltr'>dignitate</span> <span class='ocrx_word' id='word_1_678' title='bbox 3354 3583 3564 3653; x_wconf 90' lang='lat' dir='ltr'>spoliet</span> <span class='ocrx_word' id='word_1_679' title='bbox 3594 3601 3723 3652; x_wconf 90' lang='lat' dir='ltr'>sua,</span> 
     </span>
    </p>
   </div>
   <div class='ocr_carea' id='block_1_97' title="bbox 2084 3672 3723 3743">
    <p class='ocr_par' dir='ltr' id='par_1_97' title="bbox 2084 3672 3723 3743">
     <span class='ocr_line' id='line_1_97' title="bbox 2084 3672 3723 3743; baseline -0.001 -16"><span class='ocrx_word' id='word_1_680' title='bbox 2084 3675 2264 3729; x_wconf 91' lang='lat' dir='ltr'>alium</span> <span class='ocrx_word' id='word_1_681' title='bbox 2325 3677 2570 3730; x_wconf 84' lang='lat' dir='ltr'>audacia</span> <span class='ocrx_word' id='word_1_682' title='bbox 2619 3692 2723 3729; x_wconf 82' lang='lat' dir='ltr'>sua</span> <span class='ocrx_word' id='word_1_683' title='bbox 2783 3674 3037 3743; x_wconf 83' lang='lat' dir='ltr'>dejiciat.</span> <span class='ocrx_word' id='word_1_684' title='bbox 3067 3674 3246 3726; x_wconf 88' lang='lat' dir='ltr'>alium</span> <span class='ocrx_word' id='word_1_685' title='bbox 3302 3672 3453 3725; x_wconf 88' lang='lat' dir='ltr'>fastu</span> <span class='ocrx_word' id='word_1_686' title='bbox 3502 3688 3608 3726; x_wconf 90' lang='lat' dir='ltr'>suo</span> <span class='ocrx_word' id='word_1_687' title='bbox 3651 3672 3723 3725; x_wconf 87' lang='lat' dir='ltr'>ad</span> 
     </span>
    </p>
   </div>
   <div class='ocr_carea' id='block_1_98' title="bbox 2084 3758 3724 3835">
    <p class='ocr_par' dir='ltr' id='par_1_98' title="bbox 2084 3758 3724 3835">
     <span class='ocr_line' id='line_1_98' title="bbox 2084 3758 3724 3835; baseline -0.004 -17"><span class='ocrx_word' id='word_1_688' title='bbox 2084 3781 2220 3818; x_wconf 84' lang='lat' dir='ltr'>suas</span> <span class='ocrx_word' id='word_1_689' title='bbox 2253 3772 2442 3835; x_wconf 84' lang='lat' dir='ltr'>partes</span> <span class='ocrx_word' id='word_1_690' title='bbox 2464 3763 2732 3834; x_wconf 87' lang='lat' dir='ltr'>abripiat.</span> <span class='ocrx_word' id='word_1_691' title='bbox 2755 3765 2939 3817; x_wconf 89' lang='lat' dir='ltr'>Taceo</span> <span class='ocrx_word' id='word_1_692' title='bbox 2971 3760 3221 3823; x_wconf 88' lang='lat' dir='ltr'>vincula,</span> <span class='ocrx_word' id='word_1_693' title='bbox 3257 3777 3539 3823; x_wconf 88' lang='lat' dir='ltr'>carceres,</span> <span class='ocrx_word' id='word_1_694' title='bbox 3575 3758 3724 3812; x_wconf 86' lang='lat' dir='ltr'>mul-</span> 
     </span>
    </p>
   </div>
   <div class='ocr_carea' id='block_1_99' title="bbox 2083 3846 3721 3922">
    <p class='ocr_par' dir='ltr' id='par_1_99' title="bbox 2083 3846 3721 3922">
     <span class='ocr_line' id='line_1_99' title="bbox 2083 3846 3721 3922; baseline -0.004 -17"><span class='ocrx_word' id='word_1_695' title='bbox 2083 3860 2223 3917; x_wconf 75' lang='lat' dir='ltr'>ctas,</span> <span class='ocrx_word' id='word_1_696' title='bbox 2257 3852 2588 3922; x_wconf 83' lang='lat' dir='ltr'>opprobria,</span> <span class='ocrx_word' id='word_1_697' title='bbox 2625 3849 2873 3921; x_wconf 85' lang='lat' dir='ltr'>ﬂagella,</span> <span class='ocrx_word' id='word_1_698' title='bbox 2907 3850 3057 3903; x_wconf 73' lang='lat'>492</span> <span class='ocrx_word' id='word_1_699' title='bbox 3115 3847 3446 3901; x_wconf 88' lang='lat' dir='ltr'>miseranda</span> <span class='ocrx_word' id='word_1_700' title='bbox 3477 3846 3721 3900; x_wconf 67' lang='lat' dir='ltr'>caedium</span> 
     </span>
    </p>
   </div>
   <div class='ocr_carea' id='block_1_100' title="bbox 2083 3936 3723 4011">
    <p class='ocr_par' dir='ltr' id='par_1_100' title="bbox 2083 3936 3723 4011">
     <span class='ocr_line' id='line_1_100' title="bbox 2083 3936 3723 4011; baseline -0.002 -18"><span class='ocrx_word' id='word_1_701' title='bbox 2083 3940 2590 4011; x_wconf 60' lang='lat' dir='ltr'>spectacula,quae</span> <span class='ocrx_word' id='word_1_702' title='bbox 2630 3938 2715 3989; x_wconf 85' lang='lat' dir='ltr'>vel</span> <span class='ocrx_word' id='word_1_703' title='bbox 2769 3945 2898 4007; x_wconf 77' lang='lat' dir='ltr'>post</span> <span class='ocrx_word' id='word_1_704' title='bbox 2954 3938 3139 4008; x_wconf 86' lang='lat' dir='ltr'>ipsam</span> <span class='ocrx_word' id='word_1_705' title='bbox 3188 3936 3601 4007; x_wconf 78' lang='lat' dir='ltr'>experientiam</span> <span class='ocrx_word' id='word_1_706' title='bbox 3652 3936 3723 3989; x_wconf 90' lang='lat' dir='ltr'>ob</span> 
     </span>
    </p>
   </div>
   <div class='ocr_carea' id='block_1_101' title="bbox 2082 4024 3725 4095">
    <p class='ocr_par' dir='ltr' id='par_1_101' title="bbox 2082 4024 3725 4095">
     <span class='ocr_line' id='line_1_101' title="bbox 2082 4024 3725 4095; baseline -0.002 -14"><span class='ocrx_word' id='word_1_707' title='bbox 2082 4030 2442 4082; x_wconf 77' lang='lat' dir='ltr'>atrocitatem</span> <span class='ocrx_word' id='word_1_708' title='bbox 2478 4027 2719 4081; x_wconf 86' lang='lat' dir='ltr'>nimiam</span> <span class='ocrx_word' id='word_1_709' title='bbox 2747 4028 2831 4079; x_wconf 69' lang='lat' dir='ltr'>vix</span> <span class='ocrx_word' id='word_1_710' title='bbox 2883 4028 3219 4079; x_wconf 87' lang='lat' dir='ltr'>creduntur.</span> <span class='ocrx_word' id='word_1_711' title='bbox 3255 4024 3379 4077; x_wconf 71' lang='lat' dir='ltr'>Hazc</span> <span class='ocrx_word' id='word_1_712' title='bbox 3404 4041 3573 4095; x_wconf 91' lang='lat' dir='ltr'>porro</span> <span class='ocrx_word' id='word_1_713' title='bbox 3606 4028 3725 4077; x_wconf 89' lang='lat' dir='ltr'>tra-</span> 
     </span>
    </p>
   </div>
   <div class='ocr_carea' id='block_1_102' title="bbox 2080 4112 3723 4187">
    <p class='ocr_par' dir='ltr' id='par_1_102' title="bbox 2080 4112 3723 4187">
     <span class='ocr_line' id='line_1_102' title="bbox 2080 4112 3723 4187; baseline -0.002 -17"><span class='ocrx_word' id='word_1_714' title='bbox 2080 4117 2265 4187; x_wconf 69' lang='lat' dir='ltr'>gazdia</span> <span class='ocrx_word' id='word_1_715' title='bbox 2304 4116 2515 4171; x_wconf 83' lang='lat' dir='ltr'>inultos</span> <span class='ocrx_word' id='word_1_716' title='bbox 2567 4116 2896 4169; x_wconf 85' lang='lat' dir='ltr'>sacerdotes</span> <span class='ocrx_word' id='word_1_717' title='bbox 2946 4122 3211 4168; x_wconf 88' lang='lat' dir='ltr'>auctores</span> <span class='ocrx_word' id='word_1_718' title='bbox 3258 4113 3449 4166; x_wconf 84' lang='lat' dir='ltr'>habet.</span> <span class='ocrx_word' id='word_1_719' title='bbox 3485 4112 3528 4167; x_wconf 93' lang='grc' dir='ltr'><strong>Ο</strong></span> <span class='ocrx_word' id='word_1_720' title='bbox 3560 4129 3723 4167; x_wconf 78' lang='lat' dir='ltr'>exse-</span> 
     </span>
    </p>
   </div>
   <div class='ocr_carea' id='block_1_103' title="bbox 2080 4201 3724 4273">
    <p class='ocr_par' dir='ltr' id='par_1_103' title="bbox 2080 4201 3724 4273">
     <span class='ocr_line' id='line_1_103' title="bbox 2080 4201 3724 4273; baseline -0.001 -15"><span class='ocrx_word' id='word_1_721' title='bbox 2080 4210 2357 4259; x_wconf 83' lang='lat' dir='ltr'>crandum</span> <span class='ocrx_word' id='word_1_722' title='bbox 2410 4204 2750 4259; x_wconf 86' lang='lat' dir='ltr'>audaciam!</span> <span class='ocrx_word' id='word_1_723' title='bbox 2797 4206 2840 4257; x_wconf 81' lang='lat' dir='ltr'>t)</span> <span class='ocrx_word' id='word_1_724' title='bbox 2893 4202 3260 4256; x_wconf 88' lang='lat' dir='ltr'>intoleranda</span> <span class='ocrx_word' id='word_1_725' title='bbox 3298 4201 3471 4271; x_wconf 85' lang='lat' dir='ltr'>jura!</span> <span class='ocrx_word' id='word_1_726' title='bbox 3508 4203 3724 4273; x_wconf 88' lang='lat' dir='ltr'>quibus</span> 
     </span>
    </p>
   </div>
   <div class='ocr_carea' id='block_1_104' title="bbox 2079 4290 3720 4362">
    <p class='ocr_par' dir='ltr' id='par_1_104' title="bbox 2079 4290 3720 4362">
     <span class='ocr_line' id='line_1_104' title="bbox 2079 4290 3720 4362; baseline -0.001 -16"><span class='ocrx_word' id='word_1_727' title='bbox 2079 4294 2380 4346; x_wconf 80' lang='lat' dir='ltr'>exordium</span> <span class='ocrx_word' id='word_1_728' title='bbox 2407 4293 2711 4347; x_wconf 84' lang='lat' dir='ltr'>sacerdotii</span> <span class='ocrx_word' id='word_1_729' title='bbox 2737 4310 2801 4346; x_wconf 89' lang='lat' dir='ltr'>ac</span> <span class='ocrx_word' id='word_1_730' title='bbox 2828 4310 2879 4344; x_wconf 89' lang='lat' dir='ltr'>m</span> <span class='ocrx_word' id='word_1_731' title='bbox 2903 4290 3141 4362; x_wconf 72' lang='lat' dir='ltr'>:gisterii</span> <span class='ocrx_word' id='word_1_732' title='bbox 3171 4291 3275 4343; x_wconf 91' lang='lat' dir='ltr'>fuit</span> <span class='ocrx_word' id='word_1_733' title='bbox 3309 4290 3720 4344; x_wconf 88' lang='lat' dir='ltr'>dulcissimum</span> 
     </span>
    </p>
   </div>
   <div class='ocr_carea' id='block_1_105' title="bbox 2079 4381 3719 4449">
    <p class='ocr_par' dir='ltr' id='par_1_105' title="bbox 2079 4381 3719 4449">
     <span class='ocr_line' id='line_1_105' title="bbox 2079 4381 3719 4449; baseline -0.001 -16"><span class='ocrx_word' id='word_1_734' title='bbox 2079 4381 2219 4433; x_wconf 50' lang='lat' dir='ltr'>illud</span> <span class='ocrx_word' id='word_1_735' title='bbox 2255 4382 2470 4435; x_wconf 69' lang='lat' dir='ltr'>dictum</span> <span class='ocrx_word' id='word_1_736' title='bbox 2502 4398 2511 4434; x_wconf 93' lang='lat'>:</span> <span class='ocrx_word' id='word_1_737' title='bbox 2543 4381 2653 4434; x_wconf 82' lang='lat' dir='ltr'>Pax</span> <span class='ocrx_word' id='word_1_738' title='bbox 2674 4381 2950 4433; x_wconf 82' lang='lat' dir='ltr'>munibus</span> <span class='ocrx_word' id='word_1_739' title='bbox 2977 4397 2988 4433; x_wconf 88' lang='lat'><strong>:</strong></span> <span class='ocrx_word' id='word_1_740' title='bbox 3014 4395 3265 4449; x_wconf 88' lang='lat' dir='ltr'>quorum</span> <span class='ocrx_word' id='word_1_741' title='bbox 3289 4396 3436 4448; x_wconf 86' lang='lat' dir='ltr'>opus</span> <span class='ocrx_word' id='word_1_742' title='bbox 3458 4385 3547 4432; x_wconf 91' lang='lat' dir='ltr'>est</span> <span class='ocrx_word' id='word_1_743' title='bbox 3579 4396 3719 4448; x_wconf 73' lang='lat' dir='ltr'>prie-</span> 
     </span>
    </p>
   </div>
   <div class='ocr_carea' id='block_1_106' title="bbox 2079 4466 3723 4538">
    <p class='ocr_par' dir='ltr' id='par_1_106' title="bbox 2079 4466 3723 4538">
     <span class='ocr_line' id='line_1_106' title="bbox 2079 4466 3723 4538; baseline -0.001 -17"><span class='ocrx_word' id='word_1_744' title='bbox 2079 4468 2428 4523; x_wconf 86' lang='lat' dir='ltr'>dicationem</span> <span class='ocrx_word' id='word_1_745' title='bbox 2463 4468 2921 4538; x_wconf 88' lang='lat' dir='ltr'>circumquaque</span> <span class='ocrx_word' id='word_1_746' title='bbox 2954 4466 3331 4531; x_wconf 83' lang='lat' dir='ltr'>l&#39;erre,multis</span> <span class='ocrx_word' id='word_1_747' title='bbox 3354 4467 3544 4521; x_wconf 85' lang='lat' dir='ltr'>verbis</span> <span class='ocrx_word' id='word_1_748' title='bbox 3564 4484 3723 4520; x_wconf 87' lang='lat' dir='ltr'>man-</span> 
     </span>
    </p>
   </div>
   <div class='ocr_carea' id='block_1_107' title="bbox 2002 4528 3717 4624">
    <p class='ocr_par' dir='ltr' id='par_1_107' title="bbox 2002 4528 3717 4624">
     <span class='ocr_line' id='line_1_107' title="bbox 2002 4528 3717 4624; baseline -0.002 -14"><span class='ocrx_word' id='word_1_749' title='bbox 2002 4528 2448 4611; x_wconf 84' lang='lat' dir='ltr'>Dsuetudinem</span> <span class='ocrx_word' id='word_1_750' title='bbox 2524 4557 2955 4617; x_wconf 84' lang='lat' dir='ltr'>commendare,</span> <span class='ocrx_word' id='word_1_751' title='bbox 3018 4562 3080 4607; x_wconf 93' lang='lat' dir='ltr'>ut</span> <span class='ocrx_word' id='word_1_752' title='bbox 3156 4555 3558 4624; x_wconf 85' lang='lat' dir='ltr'>obtemperent</span> <span class='ocrx_word' id='word_1_753' title='bbox 3616 4554 3717 4624; x_wconf 88' lang='lat' dir='ltr'>illi,</span> 
     </span>
    </p>
   </div>
   <div class='ocr_carea' id='block_1_108' title="bbox 2074 4644 3722 4714">
    <p class='ocr_par' dir='ltr' id='par_1_108' title="bbox 2074 4644 3722 4714">
     <span class='ocr_line' id='line_1_108' title="bbox 2074 4644 3722 4714; baseline -0.001 -15"><span class='ocrx_word' id='word_1_754' title='bbox 2074 4670 2097 4693; x_wconf 86' lang='grc'><em>‹‹</em></span> <span class='ocrx_word' id='word_1_755' title='bbox 2122 4646 2263 4699; x_wconf 87' lang='lat' dir='ltr'>Cum</span> <span class='ocrx_word' id='word_1_756' title='bbox 2300 4645 2753 4698; x_wconf 86' lang='lat' dir='ltr'>mansuetudine</span> <span class='ocrx_word' id='word_1_757' title='bbox 2782 4645 3009 4697; x_wconf 87' lang='lat' dir='ltr'>erudire</span> <span class='ocrx_word' id='word_1_758' title='bbox 3032 4644 3395 4697; x_wconf 78' lang='lat' dir='ltr'>adversarios</span> <span class='ocrx_word' id='word_1_759' title='bbox 3421 4646 3514 4708; x_wconf 61' lang='lat'>’7,»</span> <span class='ocrx_word' id='word_1_760' title='bbox 3547 4645 3722 4714; x_wconf 87' lang='lat' dir='ltr'>probe</span> 
     </span>
    </p>
   </div>
   <div class='ocr_carea' id='block_1_109' title="bbox 2075 4733 3720 4802">
    <p class='ocr_par' dir='ltr' id='par_1_109' title="bbox 2075 4733 3720 4802">
     <span class='ocr_line' id='line_1_109' title="bbox 2075 4733 3720 4802; baseline -0.001 -15"><span class='ocrx_word' id='word_1_761' title='bbox 2075 4735 2425 4787; x_wconf 87' lang='lat' dir='ltr'>annuntiant</span> <span class='ocrx_word' id='word_1_762' title='bbox 2459 4733 2595 4787; x_wconf 87' lang='lat' dir='ltr'>illud</span> <span class='ocrx_word' id='word_1_763' title='bbox 2635 4750 2681 4786; x_wconf 86' lang='grc'>;‹‹</span> <span class='ocrx_word' id='word_1_764' title='bbox 2718 4733 2831 4786; x_wconf 86' lang='lat' dir='ltr'>Nos</span> <span class='ocrx_word' id='word_1_765' title='bbox 2862 4734 2959 4802; x_wconf 91' lang='lat' dir='ltr'>qui</span> <span class='ocrx_word' id='word_1_766' title='bbox 2997 4733 3171 4786; x_wconf 84' lang='lat' dir='ltr'>fortes</span> <span class='ocrx_word' id='word_1_767' title='bbox 3204 4733 3720 4792; x_wconf 86' lang='lat' dir='ltr'>sumus,debemus</span> 
     </span>
    </p>
   </div>
   <div class='ocr_carea' id='block_1_110' title="bbox 2072 4808 3719 4891">
    <p class='ocr_par' dir='ltr' id='par_1_110' title="bbox 2072 4808 3719 4891">
     <span class='ocr_line' id='line_1_110' title="bbox 2072 4808 3719 4891; baseline -0.001 -15"><span class='ocrx_word' id='word_1_768' title='bbox 2072 4824 2442 4876; x_wconf 76' lang='lat' dir='ltr'>inﬁrmitates</span> <span class='ocrx_word' id='word_1_769' title='bbox 2504 4808 2868 4875; x_wconf 83' lang='lat' dir='ltr'>intirmorum</span> <span class='ocrx_word' id='word_1_770' title='bbox 2925 4828 3152 4891; x_wconf 86' lang='lat' dir='ltr'>portare</span> <span class='ocrx_word' id='word_1_771' title='bbox 3205 4822 3266 4873; x_wconf 73' lang='grc'>³⁸.</span> <span class='ocrx_word' id='word_1_772' title='bbox 3302 4843 3328 4868; x_wconf 76' lang='grc' dir='ltr'>ι)</span> <span class='ocrx_word' id='word_1_773' title='bbox 3393 4822 3719 4874; x_wconf 84' lang='lat' dir='ltr'>Admodum</span> 
     </span>
    </p>
   </div>
   <div class='ocr_carea' id='block_1_111' title="bbox 2072 4909 3716 4979">
    <p class='ocr_par' dir='ltr' id='par_1_111' title="bbox 2072 4909 3716 4979">
     <span class='ocr_line' id='line_1_111' title="bbox 2072 4909 3716 4979; baseline -0.002 -14"><span class='ocrx_word' id='word_1_774' title='bbox 2072 4914 2225 4965; x_wconf 91' lang='lat' dir='ltr'>enim</span> <span class='ocrx_word' id='word_1_775' title='bbox 2252 4918 2448 4964; x_wconf 81' lang='lat' dir='ltr'>sancte</span> <span class='ocrx_word' id='word_1_776' title='bbox 2472 4915 2783 4964; x_wconf 88' lang='lat' dir='ltr'>observant</span> <span class='ocrx_word' id='word_1_777' title='bbox 2806 4911 2925 4963; x_wconf 68' lang='lat' dir='ltr'>haec</span> <span class='ocrx_word' id='word_1_778' title='bbox 2949 4910 3245 4979; x_wconf 89' lang='lat' dir='ltr'>sapienter</span> <span class='ocrx_word' id='word_1_779' title='bbox 3272 4926 3304 4962; x_wconf 92' lang='lat' dir='ltr'>a</span> <span class='ocrx_word' id='word_1_780' title='bbox 3329 4909 3503 4963; x_wconf 82' lang='lat' dir='ltr'>Paulo</span> <span class='ocrx_word' id='word_1_781' title='bbox 3527 4911 3716 4963; x_wconf 89' lang='lat' dir='ltr'>dicta:</span> 
     </span>
    </p>
   </div>
   <div class='ocr_carea' id='block_1_112' title="bbox 2075 4998 3717 5068">
    <p class='ocr_par' dir='ltr' id='par_1_112' title="bbox 2075 4998 3717 5068">
     <span class='ocr_line' id='line_1_112' title="bbox 2075 4998 3717 5068; baseline 0.002 -19"><span class='ocrx_word' id='word_1_782' title='bbox 2075 5023 2101 5050; x_wconf 88' lang='grc'>‹‹</span> <span class='ocrx_word' id='word_1_783' title='bbox 2135 5000 2275 5064; x_wconf 86' lang='lat' dir='ltr'>Quis</span> <span class='ocrx_word' id='word_1_784' title='bbox 2308 5000 2731 5059; x_wconf 84' lang='lat' dir='ltr'>intirmatur,et</span> <span class='ocrx_word' id='word_1_785' title='bbox 2762 5014 2867 5068; x_wconf 89' lang='lat' dir='ltr'>ego</span> <span class='ocrx_word' id='word_1_786' title='bbox 2901 5014 3015 5051; x_wconf 86' lang='lat' dir='ltr'>non</span> <span class='ocrx_word' id='word_1_787' title='bbox 3047 4998 3518 5059; x_wconf 75' lang='lat' dir='ltr'>infirmor‘?Quis</span> <span class='ocrx_word' id='word_1_788' title='bbox 3550 5014 3717 5052; x_wconf 89' lang='lat' dir='ltr'>scan-</span> 
     </span>
    </p>
   </div>
   <div class='ocr_carea' id='block_1_113' title="bbox 2074 5086 3721 5157">
    <p class='ocr_par' dir='ltr' id='par_1_113' title="bbox 2074 5086 3721 5157">
     <span class='ocr_line' id='line_1_113' title="bbox 2074 5086 3721 5157; baseline -0.001 -15"><span class='ocrx_word' id='word_1_789' title='bbox 2074 5089 2384 5155; x_wconf 89' lang='lat' dir='ltr'>dalizatur,</span> <span class='ocrx_word' id='word_1_790' title='bbox 2439 5095 2495 5142; x_wconf 90' lang='lat' dir='ltr'>et</span> <span class='ocrx_word' id='word_1_791' title='bbox 2544 5104 2647 5157; x_wconf 87' lang='lat' dir='ltr'>ego</span> <span class='ocrx_word' id='word_1_792' title='bbox 2700 5104 2810 5140; x_wconf 76' lang='lat' dir='ltr'>non</span> <span class='ocrx_word' id='word_1_793' title='bbox 2869 5103 3004 5140; x_wconf 93' lang='lat' dir='ltr'>uror</span> <span class='ocrx_word' id='word_1_794' title='bbox 3053 5086 3145 5138; x_wconf 66' lang='lat'>’9?</span> <span class='ocrx_word' id='word_1_795' title='bbox 3181 5094 3336 5139; x_wconf 81' lang='lat' dir='ltr'>net:</span> <span class='ocrx_word' id='word_1_796' title='bbox 3381 5107 3399 5131; x_wconf 80' lang='grc' dir='ltr'>α</span> <span class='ocrx_word' id='word_1_797' title='bbox 3435 5086 3721 5140; x_wconf 85' lang='lat' dir='ltr'>Omnibus</span> 
     </span>
    </p>
   </div>
   <div class='ocr_carea' id='block_1_114' title="bbox 2074 5174 3717 5240">
    <p class='ocr_par' dir='ltr' id='par_1_114' title="bbox 2074 5174 3717 5240">
     <span class='ocr_line' id='line_1_114' title="bbox 2074 5174 3717 5240; baseline -0.002 -10"><span class='ocrx_word' id='word_1_798' title='bbox 2074 5179 2273 5231; x_wconf 91' lang='lat' dir='ltr'>omnia</span> <span class='ocrx_word' id='word_1_799' title='bbox 2306 5180 2490 5230; x_wconf 78' lang='lat' dir='ltr'>factus</span> <span class='ocrx_word' id='word_1_800' title='bbox 2539 5192 2691 5240; x_wconf 91' lang='lat' dir='ltr'>sum,</span> <span class='ocrx_word' id='word_1_801' title='bbox 2727 5181 2790 5228; x_wconf 90' lang='lat' dir='ltr'>ut</span> <span class='ocrx_word' id='word_1_802' title='bbox 2823 5190 3027 5229; x_wconf 87' lang='lat' dir='ltr'>omnes</span> <span class='ocrx_word' id='word_1_803' title='bbox 3059 5174 3419 5229; x_wconf 81' lang='lat' dir='ltr'>lucril&#39;aciam</span> <span class='ocrx_word' id='word_1_804' title='bbox 3453 5176 3513 5229; x_wconf 84' lang='grc' dir='ltr'>³ο.</span> <span class='ocrx_word' id='word_1_805' title='bbox 3554 5197 3579 5221; x_wconf 80' lang='grc'><strong>››</strong></span> <span class='ocrx_word' id='word_1_806' title='bbox 3615 5174 3717 5227; x_wconf 87' lang='lat' dir='ltr'>Ubi</span> 
     </span>
    </p>
   </div>
   <div class='ocr_carea' id='block_1_115' title="bbox 2759 5378 3714 5447">
    <p class='ocr_par' dir='ltr' id='par_1_115' title="bbox 2759 5378 3714 5447">
     <span class='ocr_line' id='line_1_115' title="bbox 2759 5378 3714 5447; baseline -0.003 -13"><span class='ocrx_word' id='word_1_807' title='bbox 2759 5381 2804 5414; x_wconf 79' lang='grc'>²⁹</span> <span class='ocrx_word' id='word_1_808' title='bbox 2838 5380 2882 5434; x_wconf 86' lang='grc' dir='ltr'>Π</span> <span class='ocrx_word' id='word_1_809' title='bbox 2926 5379 3055 5434; x_wconf 88' lang='lat' dir='ltr'>Cor.</span> <span class='ocrx_word' id='word_1_810' title='bbox 3104 5397 3182 5447; x_wconf 79' lang='lat' dir='ltr'>xx,</span> <span class='ocrx_word' id='word_1_811' title='bbox 3228 5379 3315 5433; x_wconf 77' lang='lat'>29.</span> <span class='ocrx_word' id='word_1_812' title='bbox 3429 5379 3473 5411; x_wconf 84' lang='grc' dir='ltr'>³ο</span> <span class='ocrx_word' id='word_1_813' title='bbox 3525 5380 3538 5431; x_wconf 96' lang='lat' dir='ltr'>l</span> <span class='ocrx_word' id='word_1_814' title='bbox 3588 5378 3714 5431; x_wconf 88' lang='lat' dir='ltr'>Cor.</span> 
     </span>
    </p>
   </div>
   <div class='ocr_carea' id='block_1_116' title="bbox 2130 5625 3151 5704">
    <p class='ocr_par' dir='ltr' id='par_1_116' title="bbox 2130 5625 3151 5704">
     <span class='ocr_line' id='line_1_116' title="bbox 2130 5625 3151 5704; baseline -0.006 -16"><span class='ocrx_word' id='word_1_815' title='bbox 2130 5634 2246 5704; x_wconf 77' lang='lat'>(20)</span> <span class='ocrx_word' id='word_1_816' title='bbox 2279 5632 2544 5688; x_wconf 82' lang='lat' dir='ltr'>Vatican.</span> <span class='ocrx_word' id='word_1_817' title='bbox 2608 5625 3151 5703; x_wconf 84' lang='grc' dir='ltr'>δραματουργεῖσθαι.</span> 
     </span>
    </p>
   </div>
  </div>
