4086 6214
442 355 466 413 1
480 355 596 416 339

1627 355 1686 418 S.
1735 349 2260 416 ATHANASIUS.
2292 387 2370 401 -—
2403 353 2668 420 DUBIA.

3677 360 3810 421 1340

439 503 596 541 nunc
625 485 769 540 illud
806 503 818 541 :
853 509 881 536 ‹‹
914 487 996 542 Ne
1027 487 1158 543 odio
1207 486 1470 544 habeatis
1502 494 1568 544 ut
1615 488 1945 554 inimicum,
1979 488 2076 543 sed

2200 483 2383 562 χωλὸν
2419 488 2494 558 μή
2527 487 2758 564 ἐντραπῇ
2803 491 2936 562 (21),
2970 488 3095 562 ἰαθῇ
3146 485 3204 542 δὶ
3249 484 3458 560 μᾶλλον
3487 503 3499 556 ;
3535 511 3562 538 ››
3594 492 3699 542 Ποῦ
3738 488 3806 546 τό.

439 576 746 630 admonete
779 579 841 628 ut
865 575 1098 631 fratrem
1123 577 1166 610 ³¹
1190 573 1217 633 ’ἲ
1242 600 1266 624 υ
1293 576 1396 632 Ubi
1418 575 1561 632 illud
1585 595 1597 630 :
1625 601 1650 626 ‹‹
1679 573 1750 632 Ut
1773 595 1884 632 non
1918 577 2081 631 clau-

439 663 640 718 dicans
671 664 804 736 quis
833 671 1003 732 erret,
1036 666 1221 738 magis
1273 672 1466 722 autem
1519 673 1758 721 sanetur
1787 667 1834 700 ³2
1857 665 1884 720 ?
1917 690 1937 716 ι
1975 663 2082 720 Ubi

438 751 580 806 illud
618 771 630 807 :
672 777 691 799 ιι
729 760 942 826 Argue,
985 757 1245 822 obsecra,
1298 755 1556 826 increpa,
1589 772 1722 810 cum
1772 755 1931 810 omni
1983 771 2083 825 pa-

439 841 638 896 tientia
668 847 724 896 et
762 843 1028 900 doctrina
1048 841 1092 877 ³³
1113 843 1139 897 ?
1160 867 1186 892 ››
1215 844 1434 899 lndicta
1455 861 1632 899 causa
1654 843 2083 908 condemnatio,

437 931 660 1001 absque
690 931 1048 986 convictione
1079 937 1383 987 sententia.
1420 932 1677 988 Audacia
1708 949 1808 1005 pro
1853 931 2082 986 fortitu-

439 1019 574 1074 dine
599 1025 920 1092 reputatur,
954 1019 1268 1076 crudelitas
1299 1020 1457 1077 zelus
1501 1028 1753 1088 vocatur,
1794 1021 1963 1076 dolus
1983 1039 2082 1094 pro

438 1109 726 1180 sapientia
755 1110 1018 1165 habetur.
1044 1100 1316 1173 Quaenam
1341 1111 1621 1184 tragmdia
1644 1111 1952 1182 quibusvis
1973 1107 2087 1166 cla-

439 1198 702 1252 moribus
737 1215 842 1252 usa
873 1199 1031 1254 hisce
1069 1200 1248 1270 gestis
1284 1218 1385 1272 par
1437 1201 1652 1256 fuerit?
1685 1199 1898 1270 Exigua
1924 1197 2083 1254 Jere-

440 1287 569 1341 mite
618 1286 959 1342 lamentatio
991 1293 1078 1343 est
1109 1291 1175 1343 ad
1211 1293 1293 1343 tot
1344 1293 1762 1360 tantorumque
1794 1287 2083 1344 malorum

438 1375 783 1446 gravitatem
834 1381 889 1430 et
921 1377 1410 1449 magnitudinem.
1442 1381 1513 1432 At
1563 1394 1634 1432 ne
1681 1378 1984 1432 videamur
2013 1375 2084 1431 ob

440 1463 1006 1520 demonstrationum
1059 1467 1359 1537 penuriam
1395 1465 1724 1536 planctibus
1763 1464 2084 1534 immorari,

438 1567 544 1622 age
574 1553 645 1605 ad
677 1553 912 1624 singula
942 1572 1068 1624 qua
1101 1555 1549 1624 objiciunt,cum
1582 1555 1822 1610 veritate
1855 1553 2086 1624 simpli-

439 1640 584 1695 citer
632 1657 1034 1697 occurramus.
1067 1644 1321 1698 Tametsi
1367 1643 1536 1698 factis
1583 1643 1668 1697 illi
1716 1643 1861 1712 suis,
1897 1643 2087 1713 prius-

439 1745 610 1798 quam
645 1729 834 1785 verbis
884 1732 1128 1785 convicti
1165 1733 1506 1802 sunt,juxta
1531 1729 1674 1786 illud
1706 1730 1910 1785 divinae
1942 1731 2087 1802 legis

2201 597 2227 628 ε
2274 573 2556 648 Ἔλεγξον,
2616 577 2961 650 ἐπιτίμησον,
3009 576 3383 653 παρακάλεσον
3447 575 3498 630 ἐν
3557 574 3688 650 πάσῃ
3731 597 3808 649 μα-

2193 662 2465 739 κροθυμίᾳ
2520 663 2608 718 καί
2670 661 2912 742 διδαχῇ;
2957 690 2984 716 ››
3037 666 3214 741 Χωρῖς
3271 666 3499 740 κρίσεως
3557 663 3805 735 καταδίκη·

2193 751 2371 828 χωρίς
2403 752 2649 830 ἐλέγχων
2702 750 2987 833 ἀπόφασις.
3014 755 3075 809 Ἦ
3125 755 3390 831 θρασύτης
3441 749 3650 828 ἀνδρεία
3687 755 3807 808 νενό-

2198 861 2402 916 μισται·
2433 841 2467 910 ἡ
2521 841 2744 915 ὠμότης
2790 843 2957 913 ξῆλος
3010 842 3342 916 ὠνόμασται·
3387 843 3415 896 ὁ
3466 835 3624 903 δόλος
3677 841 3812 922 σοφία

2194 927 2528 1006 λελόγισται.
2562 931 2700 987 Ηοία
2734 931 3126 1010 μεγαλόφωνος
3157 927 3438 1010 τραγῳδία
3465 930 3664 985 τούτων
3686 929 3808 1001 ἆξίαξ;

2193 1020 2397 1096 Μικρὸν
2425 1019 2690 1096 Ἰερεμίου
2722 1027 2918 1094 θρῆνος
2966 1021 3102 1096 πρὸς
3149 1019 3424 1075 τοσούτων
3476 1025 3648 1072 κακῶν
3695 1017 3812 1086 πλῆ-

2197 1118 2288 1170 θος
2345 1109 2435 1162 καί
2495 1107 2747 1183 μέγεθος.
2788 1108 2943 1168 Ἀλλ’
2967 1107 3057 1163 ’ίνα
3110 1109 3184 1181 μή
3238 1105 3482 1180 δόξωμεν
3516 1105 3584 1161 δι’
3611 1107 3806 1182 ἀπορίαν

2193 1200 2300 1252 τῶν
2361 1195 2682 1268 ἀποδείξεων
2743 1192 3094 1274 ἐνδιατρίϐειν
3169 1203 3286 1260 ταῖς
3367 1195 3654 1272 οἰμωγαῖς,
3706 1194 3810 1275 φέρε

2194 1286 2330 1361 πρὸς
2357 1281 2603 1358 ἕκαστον,
2637 1287 2710 1340 ὧν
2743 1281 3172 1362 προϐάλλονται,
3201 1286 3334 1358 μετὰ
3366 1283 3620 1355 ἀληθείας
3651 1281 3812 1344 ἁπλῶς

2197 1375 2613 1450 ἀπαντήσωμεν,
2663 1376 2902 1454 καίτοιγε
2973 1377 3064 1430 καί
3134 1376 3241 1450 πρὸ
3313 1378 3421 1430 τῶν
3497 1371 3666 1448 λόγων
3715 1377 3811 1434 τοῖς

2197 1458 2378 1538 ἔργοις
2409 1459 2770 1540 ἐληλεγμένοι
2800 1465 3150 1540 τυγχάνουσι,
3185 1464 3319 1518 κατᾶ
3349 1463 3450 1531 τὴν
3495 1462 3630 1526 θείαν
3670 1481 3811 1533 νομο-

2195 1551 2369 1607 θεσίαν
2414 1553 2510 1621 τήν
2570 1552 2846 1629 λέγουσαν·
2882 1577 2910 1606 ‹‹
2943 1555 3037 1609 Ἐκ
3075 1557 3180 1608 τῶν
3237 1557 3462 1626 καρπῶν
3512 1549 3674 1606 αὐτῶν
3722 1549 3812 1604 ἐπι-

2196 1643 2467 1716 γνώσεσθε
2515 1641 2732 1705 αὐτούς.
2769 1643 2978 1718 Καρποὶ
3032 1639 3090 1696 δὲ
3141 1647 3251 1696 τῶν
3303 1638 3426 1714 ἄρτι
3477 1638 3811 1711 πονουμένων,

2197 1731 2271 1791 ὡς
2309 1729 2470 1798 ἔοικε,
2501 1731 2565 1785 τὸ
2618 1731 2947 1806 σκορπίζειν,
2983 1730 3044 1784 οὐ
3093 1730 3153 1785 τὸ
3203 1731 3475 1804 συνάγειν·
3509 1729 3567 1782 τὸ
3610 1725 3811 1793 διώκειν,

438 1817 662 1871 dictum
697 1833 749 1871 τι(
783 1821 857 1871 Ex
893 1819 1183 1874 fructibus
1216 1836 1415 1874 eorum
1449 1819 1814 1891 cognosceti
1843 1815 1942 1875 ed's
1973 1819 2036 1872 3‘.
2060 1841 2081 1867 ι

2200 1817 2260 1872 οὐ
2307 1819 2370 1872 τὸ
2417 1817 2718 1894 ἐπανάγειν·
2767 1819 2830 1873 τὸ
2875 1813 3261 1888 καταϐάλλειν,
3295 1820 3363 1871 οὐ
3411 1819 3476 1872 τὸ
3515 1817 3736 1892 ἐγείρειν·
3766 1815 3814 1868 τὰ

441 1903 691 1959 Fructus
751 1923 919 1976 porro
971 1909 1371 1978 operariorum
1417 1909 1756 1978 hujusmodi
1805 1909 2088 1964 hactenus

439 1992 570 2058 fuit,
603 1992 914 2065 dissipare,
949 2011 1064 2051 non
1097 1996 1404 2066 colligere;
1444 1999 1734 2068 persequi,
1768 2014 1882 2053 non
1915 1998 2086 2052 redu-

444 2097 610 2149 cere;
646 2083 915 2151 dejicere,
951 2102 1065 2139 non
1099 2086 1347 2140 excitare
1375 2106 1388 2153 ;
1419 2084 1742 2155 vulnerare,
1778 2101 1891 2140 non
1925 2101 2092 2141 sana-

446 2183 544 2236 re;
590 2171 784 2226 odisse
837 2189 950 2228 non
1000 2181 1284 2241 errantes,
1338 2191 1450 2229 non
1499 2191 1758 2244 quaerere
1805 2180 2088 2230 errantes.

446 2258 606 2322 Quod
637 2259 818 2331 igitur
846 2262 1070 2333 absque
1091 2263 1394 2318 mendacio
1420 2264 1703 2334 scriptum
1729 2264 1853 2332 fuit,
1877 2263 1935 2318 id
1967 2279 2091 2320 ma-

447 2345 653 2402 nifeste
702 2349 1009 2420 impletum
1043 2355 1133 2406 est
1164 2368 1178 2405 :
1217 2371 1244 2404 α
1273 2352 1490 2406 Omnes
1521 2356 1622 2423 qui
1669 2353 1760 2423 pie
1789 2351 1982 2408 volent
2009 2354 2092 2407 vi-

445 2449 576 2490 vere
605 2435 663 2490 in
695 2438 772 2493 Ch
785 2439 923 2494 risto
946 2440 1085 2494 Jesu
1113 2441 1576 2511 persecutionem
1603 2441 1928 2509 patientur;
1955 2441 2093 2497 mali

447 2529 641 2578 autem
693 2525 961 2583 homines
989 2537 1046 2583 et
1094 2531 1432 2585 seductores
1481 2529 1788 2600 proficient
1817 2531 1874 2584 in
1902 2532 2092 2601 pejus,

2196 1907 2596 1981 τραυματίζειν,
2659 1907 2721 1962 οὐ
2775 1907 2836 1962 τὸ
2896 1907 3244 1982 θεραπεύειν·
3303 1908 3368 1960 τὸ
3423 1911 3593 1979 μισεῖν
3636 1904 3696 1958 τὰ
3749 1904 3808 1974 μή

2197 1994 2546 2068 πλανώμενα,
2580 1995 2641 2050 οὐ
2688 1995 2752 2050 τὸ
2803 2001 2980 2066 ζητεῖν
3028 1995 3095 2050 τὰ
3138 1993 3496 2067 πλανώμενα.
3528 1996 3596 2048 Τὸ
3626 1994 3708 2065 μὶν
3737 1990 3808 2046 οὖν

2198 2081 2445 2158 άψευδῶς
2503 2085 2886 2161 γεγραμμένον
2953 2081 3256 2159 προδήλως
3329 2082 3699 2157 πεπλήρωται,
3745 2080 3810 2134 ὅτι

2203 2175 2458 2234 «Πάντες
2502 2175 2555 2226 oi
2606 2172 2853 2237 θέλοντες
2907 2177 3001 2247 ζῇν
3053 2167 3286 2234 εὐσεϐῶς
3338 2172 3392 2226 ἐν
3427 2173 3638 2245 Χριστῷ
3665 2172 3809 2238 Ἰησοῦ

2201 2259 2625 2338 διωχθήσονται·
2660 2263 2894 2338 πονηροὶ
2925 2258 2983 2317 δὲ
3012 2261 3289 2337 ἄνθρωποι
3337 2261 3430 2315 καὶ
3478 2260 3660 2334 γόητες
3701 2276 3810 2331 προ-

2200 2349 2458 2424 κόψουσιν
2515 2349 2601 2406 ἐπὶ
2663 2355 2874 2426 χαῖρον,
2905 2348 3217 2412 πλανῶντες
3276 2351 3368 2405 καὶ
3419 2348 3805 2420 πλανώμενοι.»

2199 2440 2275 2493 Τά
2305 2437 2362 2495 δὶ
2395 2438 2532 2515 μέρη
2581 2445 2680 2508 τῆς
2737 2441 3052 2514 παρ”ίμῶν
3107 2437 3426 2514 ἀντιλογίας
3483 2436 3810 2499 ὑποτέτακται,

2201 2529 2292 2583 καὶ
2323 2529 2496 2590 οὕτως
2527 2529 2663 2584 κατὰ
2691 2527 2836 2598 τάξιν
2870 2525 3191 2604 διῃρημένα.

447 2618 709 2690 errantes
740 2619 797 2668 et
829 2615 884 2670 in
915 2632 1172 2672 errorem
1227 2619 1528 2673 mittentes
1557 2618 1619 2672 ³⁵.
1656 2640 1684 2668 »
1719 2617 2003 2674 Ceterum
2053 2619 2468 2675 confutaticnls
2500 2621 2712 2674 nostris
2765 2624 2958 2690 partes
2988 2619 3411 2690 subjiciuntur,
3443 2623 3612 2690 atque
3648 2613 3813 2669 ordine

443 2685 914 2772 distinguuntur.

1266 2825 1286 2880 Ι

549 2911 812 2967 Adversus
839 2928 926 2967 eos
958 2915 1056 2984 qui
1085 2931 1158 2968 ex
1178 2915 1298 2968 sola
1326 2914 1687 2970 multitudine
1717 2916 2006 2970 veritatem

1111 2985 1434 3057 dijudicant.

517 3089 844 3144 Certamina
875 3089 1072 3161 igitur,
1107 3091 1223 3146 Deo
1255 3092 1512 3163 auspice,
1536 3093 1816 3148 adversus
1849 3091 2090 3147 menda-

452 3176 609 3230 cium
645 3177 868 3250 inituri,
901 3178 1106 3234 ducem
1166 3185 1222 3234 et
1280 3182 1628 3251 magistrum
1691 3181 2092 3236 invocabimus

3001 2827 3043 2881 Ῑ.

2311 2913 2452 2991 Πρὸς
2501 2912 2630 2975 τοὺς
2681 2911 2882 2984 πλήθει
2937 2913 3088 2991 μόνῳ
3133 2912 3421 2988 κρίνοντας
3468 2912 3564 2979 τήν
3603 2905 3725 2978 ἀλή-

2938 2987 3104 3040 θειαν.

2275 3087 2584 3152 Μέλλοντες
2617 3087 2674 3146 δὲ
2704 3088 2796 3145 σὺν
2825 3095 2941 3162 Θεῷ
2969 3095 3076 3145 τῶν
3108 3089 3243 3144 κατᾶ
3281 3093 3381 3142 τοῦ
3429 3084 3647 3162 ψεύδους
3689 3082 3807 3157 ἀγώ-

2201 3201 2306 3233 νων
2338 3178 2614 3246 ἇίπτεσθαι,
2646 3175 2960 3250 καλέσωμεν
2996 3176 3070 3238 εἷς
3123 3174 3395 3249 ὁδήγησιν
3446 3175 3535 3228 τὸν
3572 3173 3683 3231 Θεὸν
3726 3173 3808 3236 τῆς

446 3263 627 3319 Deum
676 3267 957 3322 veritatis.
993 3268 1122 3338 Ipse
1152 3269 1304 3322 enim
1348 3276 1455 3334 est,
1492 3270 1588 3340 qui
1618 3287 1650 3324 a
1681 3269 1952 3324 vanitatis
1986 3287 2088 3325 nos

2201 3265 2480 3336 ἀληθείας.
2512 3265 2686 3328 Αὐτὸς
2727 3267 2829 3343 γὰρ
2873 3268 3021 3340 ἡμᾶς
3072 3265 3131 3320 ἐκ
3175 3268 3272 3320 τοῦ
3320 3262 3554 3337 ψεύδους
3596 3267 3686 3328 τῆς
3728 3275 3809 3328 μα·

445 3351 766 3407 mendaciis
799 3351 1081 3421 liberavit,
1107 3373 1262 3410 nunc
1293 3357 1530 3428 quidem
1563 3357 1827 3412 clamans
1863 3375 1876 3412 :
1910 3382 1937 3406 ‹‹
1973 3359 2090 3430 Ego

448 3457 576 3494 sum
610 3443 822 3496 veritas
844 3443 888 3477 ³⁸
914 3461 963 3508 ;››
991 3461 1145 3498 nunc
1177 3461 1308 3500 vero
1339 3445 1650 3500 cohortans
1676 3464 1688 3500 :
1725 3470 1753 3495 «
1783 3445 2088 3511 Conﬁdite,

449 3545 553 3600 ego
583 3529 692 3584 vici
739 3533 1020 3586 mundum
1053 3533 1116 3588 ³⁷.
1157 3555 1182 3581 ››
1213 3533 1512 3598 Quomodo
1546 3534 1724 3608 igitur
1770 3552 1879 3588 non
1915 3534 2089 3588 mise-

447 3619 614 3676 randi
645 3618 750 3685 illi,
786 3619 886 3692 qui
918 3621 1030 3675 vim
1066 3621 1586 3694 auctoritatemque
1637 3624 1932 3686 doctrinze,
1967 3622 2092 3677 sola

447 3705 826 3763 multitudine
855 3709 1206 3764 metiuntur:
1245 3727 1349 3764 nec
1379 3711 1752 3765 considerant
1779 3709 2089 3766 Dominum

445 3799 713 3851 nostrum
747 3795 1041 3852 Christum
1074 3798 1381 3854 duodecim
1416 3798 2088 3870 discipulos,simplices,

444 3883 795 3956 illitteratos,
853 3902 1158 3958 pauperes,
1219 3885 1478 3958 ignaros,
1541 3887 1754 3941 fiducia
1813 3888 2090 3942 adversus

449 3975 737 4029 mundum
790 3981 975 4029 totum
1025 3975 1210 4048 gratis
1261 3975 1630 4030 munivisse?
1677 3977 1767 4029 Sic
1819 3973 1950 4030 illos
2005 3977 2089 4030 in-

449 4067 684 4118 struens
741 4080 854 4118 non
916 4069 980 4117 ut
1039 4064 1369 4131 duodecim,
1432 4064 1721 4136 myriades
1775 4081 2090 4136 sequeren-

451 4157 565 4216 tur,
600 4152 697 4206 sed
752 4150 1062 4219 myriades,
1097 4152 1404 4206 duodecim
1455 4152 1588 4206 illos
1619 4152 1780 4224 sequi
1833 4151 2092 4207 vellent?

453 4243 537 4294 lta
567 4255 799 4310 semper
828 4240 1012 4294 vincit
1041 4241 1658 4312 veritas,quantumvis
1691 4241 1842 4311 apud
1878 4258 2092 4311 paucos

450 4327 902 4399 inveniatur;qui
921 4333 1112 4382 autem
1133 4329 1470 4400 quaestionis
1483 4331 1790 4401 proposita:
1809 4331 2090 4384 rationem

451 4417 590 4470 dare
621 4433 732 4471 non
767 4417 962 4484 audet,
998 4433 1102 4471 nec
1137 4418 1739 4472 demonstrationibus
1773 4419 2092 4474 instructus

453 4510 560 4574 est,
593 4511 768 4575 atque
795 4505 1010 4560 idcirco
1061 4505 1130 4560 ad
1166 4505 1564 4561 multitudinis
1611 4507 1870 4577 confugit
1903 4507 2094 4577 praesi-

451 4593 658 4647 dium:
693 4594 743 4648 is
796 4593 906 4648 hoc
952 4592 1079 4664 ipso
1132 4609 1194 4648 se
1248 4593 1462 4648 victum
1517 4594 1836 4666 proﬁtetur,
1877 4607 1936 4646 ut
1992 4593 2092 4665 qui

452 4681 679 4736 nullum
704 4683 886 4736 alium
911 4683 1278 4737 conﬁdentia:
1311 4682 1523 4736 habeat
1547 4682 1912 4747 locum.Quid
1943 4682 2088 4735 mul-

450 4771 761 4825 titudinem
815 4771 983 4826 nobis
1016 4770 1256 4842 ingeris,
1288 4770 1454 4842 quasi
1505 4769 1747 4824 alteram
1794 4772 1973 4824 turris
2004 4788 2096 4825 ex-

449 4860 830 4915 structionem
882 4860 996 4915 Deo
1033 4859 1330 4924 minitans,
1365 4860 1432 4913 ad
1486 4859 1704 4913 insanae
1737 4857 1894 4912 illius
1944 4859 2094 4914 mul-

447 4948 716 5002 titudinis
766 4947 1450 5019 exemplum?Ostendat
1504 4947 1642 5002 mihi
1690 4947 1789 5002 illa
1835 4949 2095 5002 veritatis

450 5035 920 5108 decus,proxima
943 5035 1058 5090 haec
1081 5037 1171 5089 via
1193 5037 1302 5090 erit
1324 5036 1392 5090 ad
1420 5036 1912 5106 persuadendum.
1949 5035 2093 5092 Mul-

449 5125 640 5181 titudo
665 5131 856 5178 autem
876 5141 984 5178 sua
999 5125 1342 5178 auctoritate
1357 5124 2096 5181 sinedemonstrationibus

450 5214 858 5285 comprobans,
884 5218 971 5267 est
988 5212 1086 5266 illa
1108 5213 1344 5284 quidem
1368 5212 1575 5266 idonea
1594 5214 1662 5266 ad
1690 5213 2088 5268 incutiendum

523 5421 565 5458 ³¹
602 5421 648 5476 ll
679 5421 885 5475 Thess.
919 5436 1002 5487 ιιι,
1041 5419 1122 5474 15.

449 5493 494 5529 ³⁸
523 5495 687 5548 Joan.
720 5509 835 5558 xxv,
865 5494 922 5560 6,
987 5491 1041 5590 ξ’
1070 5493 1238 5544 Joan.
1269 5505 1385 5559 XVI,
1417 5488 1506 5542 33.

1203 5418 1248 5451 ³³
1293 5416 1466 5471 Hebr.
1499 5433 1600 5486 xu,
1649 5417 1733 5472 13.
1812 5417 1856 5452 ³³
1889 5415 1934 5472 ΙΙ
1981 5418 2135 5472 Tim.
2186 5435 2262 5485 ιν,
2309 5417 2363 5473 2.

2199 3355 2483 3425 ταιότητος
2533 3351 2898 3428 ἐλυτρὼσατο·
2949 3357 3038 3406 νῦν
3094 3353 3187 3426 μὶν
3260 3351 3432 3428 βοῶν·
3481 3377 3508 3402 ‹‹
3552 3346 3677 3424 Ἐγώ
3718 3345 3809 3414 εἶμι

2198 3445 2232 3514 ἡ
2287 3443 2538 3514 ἀλήθεια·
2594 3469 2621 3495 ››
2673 3447 2764 3496 νῦν
2822 3439 2878 3496 δὲ
2936 3445 3286 3520 παρεγγοῶν·
3339 3467 3372 3492 ‹‹
3426 3443 3682 3517 Θαρσεῖτε,
3722 3431 3808 3506 ἐγὼ

2197 3532 2450 3602 νενίκηκα
2476 3530 2566 3586 τὸν
2598 3529 2830 3604 κόσμον.
2858 3555 2885 3582 ››
2924 3534 3044 3591 Πῶς
3077 3527 3167 3584 οὖν
3202 3529 3301 3584 οὐκ
3331 3528 3555 3585 ἐλεεινοί
3579 3526 3626 3580 ol
3645 3522 3807 3590 πλήθει

2204 3621 2351 3696 μόνῳ
2381 3624 2477 3674 τοῦ
2519 3619 2684 3696 λόγου
2715 3621 2812 3687 τήν
2866 3618 3022 3696 ἰσχὺν
3063 3617 3454 3690 ἀπονέμοντες,
3485 3617 3569 3671 καὶ
3614 3613 3669 3668 οὐ
3709 3631 3807 3663 συν-

2205 3709 2387 3780 ιέντες,
2423 3707 2609 3784 ὅτιπερ
2643 3709 2670 3762 ὁ
2711 3706 2983 3777 Δεσπότης
3035 3708 3262 3782 Χριστὸς
3314 3704 3527 3760 δώδεκα
3582 3701 3806 3777 μαθηταῖς

2201 3796 2421 3866 ἁπλοῖς,
2471 3795 2870 3872 ἀγραμμάτοις,
2921 3796 3164 3865 πένησιν,
3214 3791 3537 3864 εὖαλώτοις,
3588 3791 3643 3845 τὸ
3700 3786 3809 3842 κατᾶ

2199 3885 2395 3946 παντὸς
2443 3889 2538 3939 τοῦ
2580 3883 2789 3956 κΰσμου
2837 3881 3031 3958 θάρσος
3077 3879 3408 3958 δεδώρηται,
3452 3875 3809 3956 παρασκευάσας

2200 3973 2394 4035 αὐτοὺς
2441 3971 2503 4028 οὒ
2551 3978 2670 4034 ταῖς
2722 3969 2930 4026 δώδεκα
2984 3973 3234 4047 μυριάσιν
3283 3971 3663 4037 ἀκολουθῆσαι,
3693 3961 3809 4018 ἂλλὶ

2198 4063 2292 4123 τὰς
2345 4059 2605 4137 μυριάδας
2638 4060 2916 4124 συνθέσθαι
2947 4066 3067 4122 τοῖς
3110 4057 3355 4127 δώδεκα;
3391 4059 3571 4118 υῧτως
3618 4052 3687 4108 ἀεὶ
3727 4056 3807 4117 τῆς

2200 4149 2455 4220 ἀληθείας
2514 4152 2576 4204 τὸ
2630 4150 2850 4224 κράτος,
2897 4148 2992 4203 κᾶν
3059 4149 3185 4218 παρ’
3235 4147 3450 4220 ὀλίγοις
3506 4147 3631 4205 τέως
3691 4139 3807 4212 5592'-

2202 4261 2414 4306 σκηται.
2465 4244 2519 4291 Ὀ
2573 4236 2630 4292 δὲ
2690 4239 2766 4311 μὴ
2823 4237 3046 4310 τολμῶν
3107 4234 3292 4291 δοῦναι
3351 4235 3516 4310 λόγον
3572 4236 3659 4300 τῆς
3698 4246 3806 4303 προ·

2199 4327 2456 4397 κειμένης
2546 4327 2860 4396 ζητήσεως,
2938 4326 3066 4397 μήτ’
3145 4324 3392 4400 εὐπορῶν
3487 4319 3807 4387 ἀποδείξεων,

2200 4415 2290 4469 καὶ
2349 4411 2437 4468 διὰ
2507 4419 2669 4468 τοῦτο
2748 4413 3097 4490 καταφεύγων
3152 4413 3227 4474 εἷς
3286 4413 3520 4481 πλῆθος,
3579 4405 3808 4480 ὁμολογεῖ

2199 4505 2298 4572 τὴν
2354 4505 2541 4570 ἧτταν,
2591 4501 2664 4562 ὡς
2723 4498 2877 4556 οὐδὲν
2937 4497 3080 4578 ἔχων
3143 4499 3446 4578 παῤῥησίας
3505 4490 3807 4575 έφόδιον.Τὸ

2203 4589 2418 4660 πλῆθος
2449 4592 2584 4662 ἡμῖν
2617 4589 2888 4661 ἐπισείεις,
2922 4589 3101 4664 ὥσπερ
3147 4588 3386 4644 ἀπειλῶν
3436 4593 3512 4655 τῷ
3558 4589 3662 4654 Θεῷ
3695 4599 3805 4650 πυρ-

2205 4679 2454 4750 γοποιίαν
2515 4676 2786 4754 δευτέραν,
2831 4678 2967 4732 κατὰ
3019 4678 3248 4750 μίμησιν
3307 4675 3652 4752 πολυχειρίας
3703 4687 3806 4747 φρε-

2203 4763 2530 4829 νοϐλαϐοὖς.
2583 4766 2812 4836 Δειξάτω
2865 4787 2956 4838 μοι
3004 4765 3209 4827 κάλλος
3265 4765 3538 4835 ἀληθείας,
3583 4760 3662 4815 καὶ
3710 4755 3807 4809 σ-Βν-

2201 4853 2372 4930 τόμος
2430 4852 2583 4916 εὐθὺς
2615 4857 2648 4922 ἡ
2681 4855 2872 4910 πειθώ.
2908 4854 3125 4922 Πλῆθος
3184 4852 3241 4908 δέ
3266 4847 3270 4852 ’
3297 4853 3471 4932 χωρὶς
3524 4846 3805 4914 ἀποδείξεων

2203 4944 2514 5012 αὐθεντοῧν,
2547 4938 2780 5021 φοϐῆσαι
2845 4944 2940 5014 μὲν
2998 4944 3201 5010 ἱκανὸν,
3232 4949 3410 4996 πεῖσαι
3467 4939 3522 4995 δὲ
3568 4935 3805 5008 οὐδαμῶς.

2204 5027 2272 5090 ’Ἡ
2306 5032 2464 5086 πόσαι
2501 5029 2754 5108 μυριάδες
2787 5031 3031 5086 πείσουσί
3082 5053 3147 5104 με
3174 5033 3272 5099 τήν
3309 5031 3513 5107 ἡμέραν
3554 5027 3700 5082 νύκτα
3731 5040 3804 5074 νο-

2209 5121 2398 5198 μίσαι;
2430 5123 2464 5190 ἢ
2497 5122 2558 5176 τὸ
2588 5119 2832 5197 ’χαλκοῦν
2863 5120 3108 5192 νόμισμα
3139 5120 3212 5182 ὡς
3242 5124 3474 5196 χρυσοῦν
3508 5115 3703 5177 εἰδέναι,
3732 5107 3803 5162 καὶ

2207 5211 2348 5266 οὕτω
2398 5209 2687 5286 δέχεσθαι;
2720 5209 2755 5278 ἢ
2804 5209 3118 5284 προσίεσθαι
3177 5206 3506 5283 δηλητήριον
3564 5198 3802 5277 πρόδηλαν

2439 5419 2486 5453 ³⁸
2531 5419 2734 5476 Matth.
2789 5435 2888 5489 vn,
2931 5419 3021 5472 20.
3099 5418 3144 5452 ³⁵
3192 5421 3238 5470 ιι
3288 5416 3436 5472 Tim.
3485 5430 3565 5478 ιιι,
3613 5411 3688 5480 12,
3733 5404 3800 5459 13.

523 5666 634 5735 (21)
667 5665 764 5720 Sic
794 5680 936 5719 mss.
969 5659 1118 5718 Editi
1149 5677 1303 5727 vero,
1331 5658 1394 5712 τὸ
1423 5656 1612 5735 χωλὸν
1655 5658 1701 5712 et
1730 5661 1935 5733 τραπῇ,
1968 5658 2088 5734 ἰαθῇ

2200 5677 2207 5728 ι
2241 5655 2299 5713 δὲ
2328 5656 2579 5732 μαλλῶν.
