4086 6214
274 399 433 460 1341

1028 401 1680 465 CONFUTATIONES
1727 393 2234 474 QUARUMDAM
2279 399 2946 466 PROPOSITIONUM.

3539 405 3697 466 1342

271 531 394 589 ἀντὶ
419 535 774 606 καιαλλήλου
803 543 1051 616 τροφῆς
1084 535 1218 593 Εἶτα
1247 533 1451 614 γηίνων
1488 535 1580 609 μὶν
1611 532 1766 596 ἓνεκα
1796 557 1922 613 πρα-

2044 544 2301 605 metum;
2334 539 2432 594 sed
2462 539 2530 594 ad
2568 541 3064 610 persuadendum,
3099 541 3262 595 nullo
3293 541 3485 597 modo.
3545 542 3697 606 Quot

270 625 498 698 γμοὶτων
528 627 626 680 οὐκ
660 625 1024 700 αἶ’σθησόμεθα
1053 625 1270 694 πλῆθος
1317 622 1708 702 ψευδωνύμωψ
1761 625 1922 704 οὐρα-

265 711 404 765 νίων
438 708 493 766 δὲ
521 712 682 790 χάριν
715 710 998 792 δογμάτων
1043 713 1299 786 νεῦμασιν
1345 710 1752 780 ἀναποδείκτοις
1803 714 1926 768 ἀκο-

269 797 551 878 λουθήσω,
583 807 690 857 τῶν
725 802 894 858 πάλαι
923 801 1011 856 καὶ
1044 801 1321 880 πρόπαλαι
1358 804 1489 874 μετᾶ
1516 800 1735 872 πολλῆς
1785 823 1924 876 συμ-

265 887 499 965 φωνίας,
529 889 619 946 καὶ
677 897 778 960 τῆς
826 895 931 946 τῶν
980 895 1204 968 Γραφῶν
1260 889 1555 966 μαρτυρίας
1600 887 1927 964 παραδοθέν-

260 997 377 1034 των
415 977 815 1054 ἆναχωρήσας;
849 977 959 1033 Οὐκ
987 979 1294 1052 ἠκούσαμεν
1344 982 1440 1034 τοῦ
1489 976 1689 1054 Κυρίου
1741 977 1924 1054 λὲγον-

263 1085 389 1128 τος·
441 1091 467 1117 κ
522 1065 735 1122 Πολλοὶ
779 1065 1002 1138 κλητοὶ,
1067 1065 1248 1142 ὀλίγοι
1308 1065 1365 1120 δὲ
1404 1063 1686 1134 ἐκλεκτοί;
1749 1091 1777 1118 ››
1833 1067 1922 1124 καὶ

259 1153 467 1208 πάλιν·
525 1182 553 1208 ιι
607 1157 777 1224 Στενή
828 1156 916 1211 καὶ
970 1154 1309 1232 τεθλιμμένη
1357 1152 1551 1224 ἡὸδὸς
1581 1157 1616 1224 ἡ
1649 1153 1925 1230 ἀπάγουσα

263 1241 351 1304 εἲς
379 1244 477 1310 τὴν
509 1245 671 1313 ζωὴν,
704 1266 792 1298 και
825 1243 1003 1326 ὀλίγοι
1036 1243 1167 1298 είσῖν
1202 1245 1252 1298 oi.
1287 1244 1620 1319 εὑρίσκοντες
1651 1235 1816 1314 αότήν
1845 1265 1860 1313 ;
1895 1270 1922 1295 ››

260 1332 372 1393 Τίς
404 1331 496 1385 οὗν
529 1327 584 1386 εὖ
632 1336 843 1414 φρονῶν
887 1332 985 1386 οὐκ
1014 1328 1229 1407 εὔχεται
1260 1337 1368 1386 τῶν
1405 1329 1608 1408 ὀλίγων
1645 1333 1780 1386 εἶναι
1812 1336 1919 1386 τῶν

264 1417 366 1473 3ιᾶ
394 1425 493 1488 τῆς
525 1428 711 1490 στενῆς
743 1420 1017 1476 εἰσιόντων
1049 1421 1124 1482 εἷς
1182 1421 1476 1496 σωτηρίαν,
1527 1420 1562 1489 ἢ
1619 1424 1728 1475 τῶν
1782 1419 1921 1476 πολ-

258 1507 406 1576 λῶν,
437 1506 544 1562 τῶν
574 1505 662 1566 διὰ
688 1515 788 1578 τῆς
819 1507 1078 1572 πλατείας
1110 1509 1184 1572 είς
1231 1508 1502 1564 ἀπώλειαν
1551 1509 1878 1582 ὠθουμένων
1904 1529 1920 1579 ;

256 1595 371 1657 Τίς
404 1593 460 1650 δὲ
509 1595 607 1650 οὐκ
665 1595 724 1651 ἂν
773 1597 1127 1670 ἐπιθυμήσω,
1180 1597 1223 1651 εί
1267 1599 1406 1652 κατά
1441 1597 1532 1652 τὸν
1563 1598 1749 1676 καιρὸν
1783 1597 1919 1652 ἐκεῖ-

257 1703 358 1736 νον
391 1677 580 1760 ἔτυχεν
614 1681 685 1737 ὥν
716 1690 816 1752 τῆς
847 1683 1130 1754 ἀθλήσεως
1162 1689 1262 1738 to?»
1296 1685 1565 1760 μακαρίου
1625 1686 1919 1762 Στεφάνου,

259 1776 373 1839 τῆς
421 1769 625 1828 ἐκείνου
677 1769 896 1848 μερίδος
942 1772 1205 1846 γενέσθαι,
1254 1777 1351 1826 τοῦ
1395 1772 1564 1845 μόνου
1593 1777 1707 1834 τοῖς
1740 1771 1922 1834 λίθοις

269 1858 648 1936 βαλλομένου,
699 1866 792 1916 τοῦ
842 1866 998 1914 πᾶσιν
1057 1863 1133 1922 είς
1180 1860 1395 1937 γέλωτα
1452 1859 1837 1936 προκειμένου,
1884 1862 1919 1930 ἢ
1955 1904 2003 1968 Β

313 1952 339 1962 -ι
418 1943 443 1964 Ἰ
494 1947 513 1968 Χ
675 1953 702 1964 υ
812 1950 826 1968 9
923 1950 932 1966 1
1111 1951 1125 1968 ἢ
1177 1949 1224 1968 9,
1267 1950 1278 1968 Ι
1507 1949 1523 1968 ι
1651 1956 1674 1967 υ
1863 1957 1890 1968 ο

260 1952 381 2002 τῶν
415 1943 602 2024 ὄχλων
635 1953 743 2003 τῶν
778 1950 1048 2022 οἶομένων
1072 1951 1135 2004 τὸ
1166 1949 1472 2020 ἀξιόπιστον
1507 1949 1567 2004 ἐκ
1607 1956 1707 2018 τῆς
1753 1957 1924 2019 κακῆς

273 2033 595 2103 αὑθεγτίας;
655 2035 746 2096 Εἷς
797 2033 1100 2107 εὐδοκιμῶν
1132 2037 1530 2110 προτιμότερος
1563 2035 1695 2115 ὑπὲρ
1732 2039 1926 2114 μυριά-

274 2119 376 2184 δας
421 2119 671 2196 αὐθαδείᾳ
721 2123 1134 2197 σεμνυνομένας,
1185 2125 1259 2188 ὡς
1306 2125 1398 2179 καὶ
1429 2124 1517 2179 ἐπὶ
1552 2133 1653 2195 τῆς
1685 2125 1926 2189 Παλαιᾶς

274 2211 555 2280 Διαθήκης
609 2209 946 2285 εὑρίσκομεν
999 2211 1052 2266 ἐν
1101 2209 1416 2290 ᾖχιλιάδες
1453 2213 1546 2284 μὲν
1581 2211 1802 2268 ἔπιπτον
1828 2218 1926 2268 τοῦ

271 2296 418 2352 λαοῦ
475 2295 725 2372 θεηλάτῳ
772 2298 987 2374 πληγῇ,
1054 2299 1216 2373 μόνος
1268 2297 1326 2354 δὲ
1374 2302 1402 2354 ὁ
1433 2302 1621 2362 Φινεὲς
1654 2297 1803 2371 ἔστη,
1835 2301 1925 2356 καὶ

277 2385 584 2456 ἒξι).ἀσατο,
658 2387 748 2442 καὶ
825 2387 1079 2442 ἐκόπασεν
1243 2392 1482 2462 θραῦσις.
1545 2389 1606 2443 Εἰ
1667 2386 1724 2443 δὲ
1781 2390 1924 2446 εἶπεν

276 2474 504 2537 ἐκεῖνοςδ
556 2473 678 2538 ΙῘῶς
725 2477 996 2550 τολμήσει
1039 2479 1166 2550 [τις]
1205 2479 1340 2554 πρὸς
1369 2477 1434 2532 τὰ
1466 2480 1770 2554 συμφώνως
1825 2477 1926 2532 ὑπὸ

271 2561 550 2618 τωο-ὅτων
604 2563 903 2644 γενόμενα;
955 2570 1074 2627 πῶς
1120 2564 1354 2620 ἐναντίαν
1425 2563 1697 2640 ἐπιθῶμαι
1747 2569 1927 2646 ψῆφον

273 2657 386 2706 τῶν
436 2649 578 2708 οὕτω
624 2655 918 2728 κρινάντων
972 2658 1110 2728 ζῇν;
1164 2653 1277 2708 οὔτ’
1307 2653 1366 2708 ἄν
1401 2654 1560 2716 αὐτὸς
1591 2653 1922 2730 ἠρίστευσεν,

278 2738 394 2794 οὔτ’
443 2739 502 2794 ἂν
545 2741 608 2796 τὸ
647 2743 808 2796 κακὸν
860 2739 1099 2814 ἔστησεν·
1155 2743 1266 2797 οὔτ’
1315 2743 1372 2798 ἂν
1421 2743 1471 2798 οἷ
1513 2743 1700 2800 λοιποὶ
1733 2741 1925 2798 διεσώ-

280 2829 474 2900 θησαν,
526 2827 636 2884 οὕτ’
677 2829 735 2884 ἂν
787 2831 917 2893 Θεὸς
962 2831 1060 2899 τήν
1095 2830 1370 2903 εὐμένειαν
1393 2831 1714 2907 ἐχαρίσατο.
1750 2831 1925 2891 Καλὸν

281 2914 398 2985 οὖν,
454 2917 618 2973 καλὸν
672 2919 761 2973 καὶ
809 2920 872 2974 τὸ
918 2916 1012 2973 ἕνα
1061 2915 1265 2973 δίκαιον
1298 2918 1775 2995 παῤῥησιάζεσθαι,
1836 2919 1924 2976 καί

277 3007 342 3060 τὸ
381 3005 606 3062 πολλῶν
641 3003 952 3085 συμφωνίαν
984 3004 1166 3062 ἄδικον
1221 3005 1458 3064 λόεσθαι.
1493 3007 1666 3068 Ἀλλὰ
1715 3008 1778 3062 σὺ
1829 3009 1921 3082 μὲν

279 3096 645 3172 προτίμησον,
696 3098 741 3152 εί
784 3095 951 3166 δοκεῖ,
1006 3101 1102 3151 τοῦ
1157 3099 1471 3170 σωζομένου
1520 3101 1639 3152 Νῶε
1684 3099 1746 3152 τὸ
1792 3098 1927 3152 ὑπο-

281 3179 512 3264 ϐρύχιον
564 3183 798 3254 πλῆθος·
850 3183 973 3258 ἐμοὶ
1020 3183 1078 3238 δὲ
1126 3186 1486 3262 συγχώρησον
1535 3189 1602 3260 τῇ
1651 3187 1776 3247 τοὺς
1811 3186 1926 3241 ὀλί-

2033 627 2185 681 enim
2223 625 2516 698 myriades
2550 625 2692 683 mihi
2728 628 3170 700 persuasuerint
3196 629 3432 684 utdiem
3467 636 3694 688 noctem

2031 731 2161 770 esse
2191 718 2546 772 statuam?ut
2577 733 2789 772 aereum
2826 718 3124 774 numisma
3157 737 3261 790 pro
3295 736 3470 774 aureo
3512 736 3697 792 agno-

2032 809 2191 860 scam
2223 811 2280 859 et
2312 804 2592 877 accipiam
2616 807 2643 860 Ἰ
2672 811 2734 860 ut
2765 813 3032 878 apertum
3066 808 3226 863 virus
3278 825 3380 880 pro
3439 823 3694 878 congruo

2031 893 2392 949 nutrimento
2406 909 2472 948 su
2483 893 2890 952 manﬂDeinde
2905 912 3096 950 rerum
3119 897 3482 952 terrestrium
3499 897 3689 970 gratia

2031 993 2148 1035 non
2180 995 2459 1036 curamus
2491 981 2926 1038 multitudinem
2964 984 3106 1040 falso
3136 985 3590 1053 nominatorum,
3632 989 3690 1039 et

2031 1065 2184 1125 493
2216 1069 2273 1124 in
2323 1069 2655 1127 cmlestibus
2712 1069 3089 1142 dogmatibus
3124 1073 3282 1128 nulla
3314 1074 3683 1128 demonstra-

2031 1157 2188 1214 tione
2219 1159 2436 1214 fultum
2469 1173 2682 1230 SBQUR!‘
2713 1167 2945 1229 nutum,
2980 1162 3052 1216 ab
3087 1162 3159 1216 iis
3189 1161 3410 1217 scilicet
3466 1161 3685 1216 disces-

2031 1263 2226 1312 surus,
2261 1265 2392 1320 quae
2422 1261 2632 1318 magno
2664 1265 2974 1318 consensu,
3003 1250 3321 1321 multisque
3354 1250 3682 1322 Scriptura-

2031 1351 2163 1390 rum
2197 1337 2550 1392 testimoniis
2571 1337 2696 1408 jam
2733 1337 2865 1392 inde
2896 1339 2967 1392 ab
2998 1338 3431 1410 antiquissimis
3463 1343 3686 1411 tempo-

2033 1426 2195 1479 ribus
2221 1427 2360 1480 sunt
2389 1425 2648 1480 tradita?
2708 1430 2912 1480 Annon
2975 1425 3312 1481 audivimus
3371 1426 3687 1482 Dominum

2031 1513 2324 1568 dicentem
2359 1529 2372 1568 :
2403 1535 2430 1562 ‹‹
2458 1511 2626 1568 Multi
2664 1519 2801 1568 sunt
2829 1513 3214 1586 vocati,pauci
3245 1532 3378 1570 vero
3409 1515 3690 1569 electi33‘?»

2030 1606 2088 1658 et
2119 1603 2331 1657 iterum
2368 1618 2379 1657 :
2415 1625 2442 1652 «
2478 1603 2736 1676 Angusta
2765 1608 2873 1672 est,
2908 1608 2963 1660 et
2994 1605 3197 1659 stricta
3227 1604 3338 1669 via,
3375 1620 3499 1674 quae
3533 1605 3694 1658 ducit

2031 1691 2103 1747 ad
2134 1691 2401 1757 vitam,et
2433 1693 2599 1762 pauci
2637 1695 2776 1746 sunt
2806 1693 2906 1762 qui
2939 1691 3243 1746 inveniunt
3268 1709 3394 1748 eam
3427 1692 3531 1746 39'?»
3551 1693 3692 1757 Quis

2029 1779 2212 1852 igitur
2243 1796 2386 1835 sana
2418 1783 2611 1834 mente
2642 1779 2921 1854 praaditus
2955 1797 3067 1835 non
3104 1777 3347 1835 malitin
3369 1797 3688 1854 paucorum

2031 1881 2161 1924 esse
2191 1883 2456 1937 numero,
2493 1885 2594 1940 per
2626 1875 2936 1940 angustam
2971 1870 3038 1923 ad
3073 1869 3320 1924 salutem
3360 1868 3690 1941 ingredien-

2032 1957 2389 2030 tium,quam
2411 1958 2731 2011 multorum
2757 1971 2856 2028 per
2890 1958 3064 2012 latam
3093 1957 3162 2012 ad
3186 1957 3492 2012 interitum
3523 1974 3692 2012 ruen-

2036 2044 2217 2099 tium?
2244 2044 2384 2108 Quis
2416 2061 2571 2110 vero,
2605 2045 2654 2098 si
2683 2049 2822 2100 tetas
2853 2063 2960 2101 sua
2995 2046 3052 2100 in
3086 2053 3320 2116 tempus
3354 2043 3691 2101 certaminis

2035 2133 2222 2188 sancti
2253 2129 2534 2204 Stephani
2567 2133 3011 2200 incidisset,non
3033 2135 3104 2189 ab
3137 2133 3297 2190 illius
3329 2135 3522 2206 potius
3537 2137 3692 2188 stare

2035 2221 2302 2293 partibus
2331 2223 2688 2293 exoptasset,
2721 2221 2820 2294 qui
2853 2221 3014 2280 solus
3072 2219 3369 2294 lapidibus
3427 2222 3691 2286 obrutus,

2035 2309 2194 2365 solus
2225 2307 2502 2366 omnibus
2533 2309 2892 2365 deridendus
2923 2311 3032 2367 fuit
3063 2311 3423 2383 propositus,
3455 2327 3629 2383 quam
3659 2327 3693 2365 a

2036 2403 2199 2468 parte
2228 2397 2381 2472 vulgi
2405 2414 2472 2452 ex
2495 2411 2670 2471 prava
2698 2399 2882 2454 turba:
2914 2400 3258 2454 auctoritate
3288 2415 3482 2454 veram
3515 2399 3690 2453 fidem

2035 2485 2426 2542 aestimantis?
2457 2487 2641 2558 Major
2669 2486 2855 2544 honos
2905 2485 3212 2543 habendus
3272 2491 3382 2553 est,
3442 2485 3526 2542 vel
3586 2487 3690 2542 uni

2036 2575 2290 2648 probatae
2350 2575 2481 2631 fidei
2513 2575 2656 2640 viro,
2688 2593 2867 2647 quam
2896 2577 3090 2632 decem
3123 2576 3370 2633 aliorum
3406 2575 3690 2646 millibus,

2034 2665 2134 2741 qui
2167 2681 2230 2718 se
2259 2663 2611 2719 insolentius
2635 2664 3119 2736 jactitant.Cujus
3152 2665 3228 2720 rei
3262 2663 3593 2736 exemplum
3627 2666 3685 2720 in

2033 2752 2222 2808 Veteri
2256 2769 2488 2826 quoque
2516 2753 2892 2810 Testamento
2936 2753 3192 2808 invenire
3250 2760 3360 2816 est,
3422 2751 3519 2806 ubi
3577 2751 3687 2808 ali-

2033 2845 2174 2912 quot
2196 2841 2498 2896 hominum
2525 2841 2786 2900 millibus
2803 2841 2965 2896 clade
2994 2842 3274 2896 divinitus
3301 2841 3569 2896 immissa
3599 2859 3692 2896 oc-

2034 2929 2471 2994 cumbentibUS.
2505 2925 2667 2985 solus
2699 2929 2943 2986 Pbinees
2977 2930 3136 2985 stetit
3165 2936 3220 2985 et
3255 2931 3431 2985 Deum
3489 2929 3687 3000 placa—

2033 3018 2132 3083 vit,
2194 3013 2566 3090 cohibitaque
2620 3023 2709 3073 est
2737 3017 2953 3073 clades.
2988 3019 3149 3083 Quod
3185 3017 3232 3074 si
3265 3018 3508 3072 dixisset
3539 3015 3633 3072 ille
3665 3035 3679 3072 :

2035 3101 2180 3172 Quid
2215 3105 2346 3180 quis
2372 3105 2652 3162 adversus
2682 3109 2901 3162 tantam
2936 3105 3162 3175 sibique
3194 3106 3304 3178 ipsi
3327 3106 3688 3161 consentien-

2036 3202 2150 3250 tem
2193 3194 2346 3250 ausit
2377 3194 2863 3250 multitudinem?
2895 3196 2992 3268 qui
3028 3191 3250 3250 calculo
3285 3212 3409 3250 meo
3469 3193 3686 3266 impro-

278 3300 408 3355 γους
467 3275 669 3354 ἐχούσῃ
729 3273 950 3350 κιϐωτῷ
1007 3275 1397 3352 προσδραμεῖν.
1459 3278 1556 3334 Καὶ
1618 3278 1680 3332 σὺ
1721 3279 1838 3354 μὲν,
1876 3280 1920 3334 εἰ

2034 3282 2182 3337 babo
2213 3295 2386 3353 quam
2423 3279 2505 3338 illi
2539 3275 2802 3356 delegere
2828 3267 3154 3338 vitam?non
3181 3302 3321 3339 sane
3345 3287 3444 3338 aut
3469 3281 3694 3367 fortiter

283 3368 494 3446 βούλει,
551 3367 704 3437 τάξον
767 3367 982 3421 σεαυτὸν
1047 3368 1180 3440 μετά
1235 3365 1461 3422 πολλῶν
1523 3367 1572 3421 ἐν
1633 3365 1922 3444 Σοδόμοιςο

279 3459 384 3534 ἐγὼ
442 3454 500 3512 δὲ
555 3453 854 3512 συνοδεύσω
908 3460 987 3528 τῷ
1043 3456 1190 3526 Λὼτ,
1247 3453 1342 3510 κᾶν
1397 3456 1561 3531 μόνος
1599 3462 1705 3512 τῶν
1735 3453 1922 3535 ὄχλων

277 3543 656 3624 συμφερόντως
705 3544 1032 3621 χωρίσηται·
1096 3541 1249 3612 Πλῆν
1309 3543 1432 3617 ἐμοὶ
1483 3545 1571 3599 καὶ
1604 3545 1814 3616 πλῆθος
1848 3546 1926 3602 αἷ-

279 3635 522 3711 δέσιμον,
557 3634 618 3690 οὐ
647 3635 709 3690 τὸ
740 3639 936 3713 φεῦγον
970 3633 1224 3708 ἐξέτασιν,
1254 3633 1400 3690 ἀλλὰ
1425 3636 1487 3690 τὸ
1518 3636 1756 3713 παρέχον
1789 3637 1923 3694 ἀπό-

277 3723 463 3796 δειξιν*
495 3725 558 3781 οὐ
587 3725 649 3779 τὸ
680 3728 889 3797 πικρῶς
929 3721 1288 3796 ἀμυνόμενον,
1341 3723 1486 3778 ἀλλᾶ
1529 3727 1592 3780 τὸ
1646 3730 1923 3801 πατρικῶς

278 3812 688 3891 διορθούμενον·
725 3811 786 3866 οὐ
816 3812 878 3866 τὸ
909 3816 1104 3887 χαῖρον
1137 3811 1479 3886 καινοτομίᾳ,
1526 3810 1670 3868 ἀλλᾶ
1719 3812 1921 3894 φυλάτ-

273 3925 368 3958 τον
415 3902 667 3975 πατρῴαν
717 3898 1112 3974 κληρονομίαν.
1166 3904 1330 3954 Ποῖον
1375 3896 1432 3954 δέ
1467 3920 1559 3972 μοι
1590 3901 1677 3954 καὶ
1708 3900 1922 3971 πλῆθος

278 3991 491 4068 λέγεις;
526 3991 605 4046 Τὸ
639 3989 903 4064 μισθωθὲν
935 3986 1193 4058 κολακείᾳ
1223 3987 1311 4042 καὶ
1344 3982 1569 4066 δώροις,
1608 3989 1670 4043 τὸ
1716 3988 1920 4044 κλαπὲν

278 4077 510 4154 ἀμαθείᾳ
538 4099 596 4133 τε
633 4078 722 4132 καὶ
753 4077 968 4154 ἀγνοίᾳ,
999 4077 1061 4132 τὸ
1093 4078 1376 4138 πεπτωκὸς
1411 4075 1589 4147 δειλίᾳ
1616 4099 1675 4132 τε
1702 4077 1790 4132 καὶ
1823 4077 1923 4156 φό-

277 4165 384 4242 ϐῳ,
440 4170 501 4223 τὸ
548 4175 892 4243 προτιμῆσαν
938 4165 1266 4244 πρόσκαιρον
1310 4167 1572 4242 ἁμαρτίας
1621 4167 1919 4222 ἀπόλαυσιν

272 4260 373 4327 τῆς
405 4256 629 4311 αἰωνίου
664 4261 828 4325 ζωῆς,
863 4257 998 4330 ἅπερ
1029 4253 1231 4310 πολλοὶ
1262 4259 1501 4334 φανερῶς
1525 4253 1917 4332 ὡμολόγησανε

272 4346 486 4418 Πλήθει
516 4346 578 4399 τὸ
627 4341 822 4418 ψεῦδος
878 4342 1192 4420 κρατόνεις;
1243 4339 1440 4412 ἔδειξας
1485 4347 1582 4397 τοῦ
1615 4339 1792 4398 δεινοῦ
1819 4345 1918 4413 τήν

273 4433 536 4490 ἐπίτασιν·
570 4433 682 4506 ὅσῳ
712 4433 816 4510 γὰρ
851 4430 1075 4493 πλείους
1107 4429 1158 4486 ἐν
1197 4436 1276 4504 τῷ
1303 4437 1472 4504 κακῷ,
1505 4431 1748 4505 τοσούτῳ
1802 4433 1917 4505 μεί-

277 4531 383 4594 ζων
416 4528 450 4596 ἡ
487 4523 757 4598 συμφορά.

2035 3387 2099 3427 se
2149 3373 2428 3444 gessisset
2485 3377 2584 3427 aut
2617 3372 2991 3443 repressisset
3028 3371 3246 3428 malum
3287 3390 3299 3426 :
3337 3389 3450 3427 non
3485 3371 3694 3444 reliqu1

2036 3461 2180 3517 salvi
2213 3459 2480 3526 fuissent,
2518 3479 2628 3516 non
2661 3479 2768 3516 sua
2800 3478 2900 3517 eos
2934 3461 3333 3517 benevolentia
3367 3465 3514 3516 Deus
3550 3461 3696 3516 fuis-

2036 3553 2124 3605 set
2153 3549 2659 3622 dignatusﬂpera:
2691 3549 2871 3620 igitur
2894 3549 3146 3620 pretium
3181 3553 3364 3616 est,ut
3393 3549 3512 3604 sive
3542 3566 3696 3604 unus

2036 3639 2122 3698 vir
2179 3639 2396 3710 probus
2454 3639 2634 3694 libere
2691 3644 2826 3710 agat
2885 3643 2942 3693 et
3001 3638 3296 3709 loquatur,
3330 3637 3449 3693 sive
3480 3653 3695 3708 pravus

2037 3727 2356 3782 multorum
2391 3744 2716 3783 consensus
2747 3725 3025 3783 solvatur.
3065 3731 3129 3782 ,ιι
3162 3732 3246 3796 tu,
3279 3726 3327 3780 si
3363 3723 3546 3787 lubet.
3574 3724 3694 3780 Noe

2034 3823 2262 3872 servato
2295 3816 2620 3870 demersam
2650 3814 3085 3869 multitudinem
3116 3811 3693 3885 anteponezmihique

2034 3905 2285 3961 concede
2316 3910 2377 3959 ut
2405 3903 2474 3959 ad
2506 3921 2697 3958 arcam
2734 3919 3050 3975 paucorum
3106 3902 3535 3974 receptaculum
3590 3919 3692 3958 ac-

2033 4010 2286 4048 curram.
2321 3993 2430 4057 Tu,
2465 3991 2510 4046 si
2542 3988 2891 4062 placet,cum
2925 3992 3098 4045 turba
3129 3990 3399 4046 Sodomis
3443 3991 3693 4056 sociare,

2031 4099 2136 4154 ego
2199 4081 2374 4135 Lotho
2431 4097 2631 4135 comes
2687 4097 2786 4136 ero
2818 4081 2942 4147 viae,
2975 4079 3202 4135 etiamsi
3235 4077 3396 4134 solus
3426 4079 3551 4151 ipse
3581 4096 3684 4150 pro

2034 4171 2221 4226 salute
2253 4187 2361 4224 sua
2392 4185 2520 4224 sese
2553 4186 2586 4222 a
2615 4167 2786 4222 turba
2818 4169 3157 4241 segregarit.
3202 4171 3480 4222 Caeterum
3541 4168 3686 4222 mihi

2033 4257 2418 4313 nihilominus
2477 4259 2806 4313 veneranda
2866 4256 3200 4325 multitudo,
3259 4273 3374 4311 non
3424 4253 3525 4310 illa
3556 4274 3684 4329 qua:

2031 4347 2503 4418 disquisitionem
2542 4345 2816 4417 fugit,sed
2853 4363 2980 4416 qua:
3015 4344 3418 4417 probationem
3469 4345 3635 4400 atiert
3668 4363 3682 4400 :

2031 4454 2144 4490 non
2179 4452 2308 4506 quae
2337 4435 2540 4491 acerbe
2575 4439 2813 4507 pugnat,
2835 4435 2931 4490 sed
2968 4452 3095 4506 qum
3131 4440 3367 4506 paterne
3399 4434 3638 4506 corrigit
3670 4451 3682 4487 :

2031 4541 2144 4578 non
2180 4541 2304 4594 qua:
2339 4525 2554 4595 gaudet
2586 4523 2966 4587 novitate,sed
3001 4541 3129 4594 qua:
3163 4527 3460 4592 paternam
3495 4527 3691 4577 servat

274 4616 700 4674 haereditatem.
734 4615 820 4670 Tu
853 4631 988 4670 vero
1019 4613 1254 4685 qualem
1288 4613 1430 4668 mihi
1466 4613 1898 4670 multitudinem
1934 4615 2234 4670 nominas!
2273 4615 2410 4668 Eam
2446 4614 2747 4682 nimirum,
2784 4631 2910 4684 quae
2943 4611 3280 4667 adulatione
3311 4617 3367 4667 et
3425 4612 3686 4666 muneri-

272 4709 389 4762 bus
435 4707 725 4761 conducta
756 4709 840 4758 est
878 4720 889 4756 :
924 4720 1076 4769 eam,
1108 4719 1234 4774 qua:
1264 4701 1558 4774 imperitia
1587 4709 1644 4757 et
1677 4703 1909 4758 inscitia
1935 4704 2171 4774 abrepta
2200 4707 2311 4771 est,
2345 4719 2495 4772 eam,
2529 4720 2657 4774 qtltB
2688 4701 2856 4772 lapsa
2885 4701 3196 4756 timiditate
3229 4705 3285 4755 et
3319 4705 3498 4764 metu,
3531 4715 3684 4768 eam,

275 4812 403 4868 quae
437 4799 904 4850 momentaneam
940 4791 1160 4864 peccati
1193 4790 1545 4864 voluptatem
1578 4791 1702 4846 vitae
1735 4792 1964 4864 praefert
1992 4797 2219 4847 aeternae
2255 4810 2266 4846 :
2303 4793 2356 4846 id
2393 4793 2546 4864 quod
2585 4791 2750 4846 mulli
2786 4790 2975 4864 palam
3013 4794 3150 4844 sunt
3183 4789 3451 4844 coniessi.
3487 4787 3688 4844 Multi—

271 4884 481 4939 tudine
515 4881 884 4937 mendacium
922 4879 1207 4936 roboras?
1240 4879 1376 4934 mali
1407 4879 1833 4935 vehementiam
1869 4880 2084 4935 innuis.
2121 4881 2237 4935 Hoc
2268 4880 2423 4936 enim
2458 4881 2646 4950 major
2675 4884 2762 4934 est
2795 4878 3120 4944 calamitas,
3154 4895 3268 4949 quo
3303 4878 3498 4949 plures
3531 4877 3686 4932 malo

275 4978 416 5028 sunt
448 4969 752 5044 implicati.

1071 5083 1140 5142 il.

276 5191 421 5267 Πρὸς
477 5191 600 5267 τοῖος
640 5260 656 5267 _
682 5189 998 5267 κελεύοντας
1069 5190 1144 5260 μή
1170 5260 1179 5267 ι
1205 5184 1313 5242 δεῖν
1372 5188 1478 5267 ἀπὸ
1540 5195 1795 5267 Γραιρῶν-
1825 5195 1918 5259 ζη-

323 5260 454 5353 ἱτεῑν
527 5263 562 5332 ἦ
640 5260 870 5328 λαλεῖν,
945 5260 1318 5336 ἀρκουμένους
1393 5264 1461 5332 τῇ
1538 5260 1674 5333 παρ’”
1738 5261 1922 5323 αὐτοῖς

346 5355 544 5392 πιστει.

345 5441 417 5495 Τὸ
449 5442 542 5512 μὲν
577 5437 668 5494 οὖν
732 5435 898 5511 μηδὲν
951 5438 1084 5492 εἶναι
1137 5439 1235 5506 τὴν
1286 5433 1502 5511 ἄκριτον
1542 5441 1649 5492 τῶν
1693 5437 1918 5492 πολλῶν

276 5529 610 5607 συμρωνίαν,
661 5527 816 5604 οἶμαι
871 5524 1012 5600 μηδὲ
1057 5526 1185 5589 τοὺς
1226 5525 1477 5592 ἐναντίως
1529 5528 1664 5604 ἡμῖν
1694 5523 1920 5608 ἔχοντας

296 5767 303 5774 ,
347 5703 391 5737 ³⁸
422 5700 625 5760 Matth.
658 5717 797 5770 χχιι,
833 5701 919 5755 14.
995 5700 1042 5736 ³⁹
1071 5699 1283 5756 Matth.
1313 5715 1414 5769 vn,
1446 5698 1532 5754 14.

1953 5087 2000 5151 D

2815 5085 2900 5140 ΙΙ.

2031 5191 2299 5247 Adversus
2327 5207 2414 5245 eos
2442 5193 2538 5262 qui
2567 5207 2669 5244 nec
2693 5190 3065 5260 qumremlum
3093 5206 3194 5244 nec
3219 5261 3224 5262 γ
3247 5191 3575 5260 loquendum
3622 5209 3692 5247 ex

2172 5261 2460 5333 Scriptura
2479 5264 2840 5334 praxipiunt,
2873 5277 2980 5316 sua
3015 5263 3124 5330 ipsi
3147 5261 3256 5331 ﬁde
3282 5265 3544 5318 contenti.

2103 5440 2336 5496 Nullius
2357 5457 2494 5512 ergo
2516 5441 2684 5511 pretii
2711 5438 3352 5495 esseinconsideratum
3371 5437 3687 5491 multorum

2031 5545 2499 5600 consensum,ne
2530 5527 2893 5583 adversarios
2925 5526 3162 5599 quidem
3196 5525 3559 5581 inﬁciaturos
3590 5541 3688 5578 ar-
