4086 6214
496 334 652 393 1343

1688 338 1752 397 S.
1800 332 2316 396 A'I‘HANASIUS.
2350 366 2425 378 —
2460 334 2723 395 DUBIA.

3744 334 3866 395 1344

497 465 701 523 bitror.
736 467 897 520 Nunc
931 471 998 520 ad
1036 468 1255 538 reliqua
1290 471 1457 525 nobis
1488 470 1978 542 progredicndum
2037 472 2143 532 est,

2264 462 2453 517 λοιπὸν
2483 464 2739 539 ἀντερεῖν·
2770 466 2903 538 ἡμῖν
2939 462 2995 519 δὲ
3027 464 3164 518 ἰτέον
3196 464 3330 539 πρὸς
3372 466 3439 517 τὰ
3490 463 3633 532 ἑξῆς,
3681 465 3760 517 καὶ
3806 465 3865 533 ἐξ·

498 555 969 625 confutandaque
1019 572 1218 610 eorum
1254 559 1496 612 audacia
1519 559 1615 630 qui
1646 574 1816 612 omne
1845 570 2145 611 sacrarum

501 643 825 697 litterarum
862 644 1125 698 studium
1176 663 1668 716 supervacaneum
1726 663 1853 701 esse
1908 652 2147 699 conten-

499 733 664 800 dunt,
725 737 851 785 tum
909 734 1062 802 quod
1128 735 1359 804 propria
1417 740 1627 806 cuique
1688 736 1829 789 ﬁdes
1870 734 2145 801 sufficiat,

500 824 625 873 tum
659 821 807 887 quod
842 820 1148 892 inquisitio
1180 824 1549 879 obscuriores
1608 825 1777 879 nobis
1837 840 1928 878 res
1988 824 2147 893 ipsas

497 908 724 962 reddat.
781 910 1121 979 Agnoscunt
1177 912 1399 968 scilicet
1460 914 1553 967 isti
1590 914 1697 984 ipsi
1733 914 1823 967 sui
1856 910 2147 983 dogmatis

494 997 919 1051 infirmitatem.
955 999 1067 1053 Nos
1097 1016 1230 1054 vero
1261 1007 1315 1054 et
1347 1002 1603 1072 mysterii
1637 1001 1861 1056 veritati
1907 1006 1961 1055 et
2018 1002 2146 1069 ejus

496 1085 597 1156 qui
628 1086 933 1141 verissima
959 1088 1157 1151 dixitw
1192 1088 1394 1143 Omnis
1428 1091 1523 1161 qui
1560 1091 1767 1160 quaerit
1797 1090 2017 1143 invenit
2046 1090 2142 1156 ‘0,»

498 1174 713 1227 auxilio
746 1175 1123 1239 confidentes,
1158 1184 1214 1229 et
1246 1178 1564 1248 qumrimus
1592 1184 1653 1231 ut
1685 1162 1929 1248 oportet.
1968 1182 2025 1231 et
2053 1176 2146 1230 in-

498 1263 766 1316 venimus
798 1280 925 1332 qua:
957 1269 1205 1333 oportet,
1239 1272 1295 1319 et
1325 1267 1803 1321 demonstremus
1834 1283 1959 1337 qua:
2011 1265 2149 1319 dici-

499 1356 717 1415 mus,et
744 1351 811 1404 ad
846 1367 1043 1405 verum
1079 1369 1318 1423 scepum
1350 1356 1639 1410 sermonis
1672 1356 2060 1409 attendimus:
2085 1360 2148 1408 ut

496 1445 553 1492 et
584 1439 922 1493 domesticis
951 1442 1432 1510 persuadeamus,
1466 1449 1522 1496 et
1553 1444 1919 1498 adversarios
1976 1442 2145 1497 refel-

494 1525 771 1595 lamus,et
801 1530 1191 1599 nosmetipsos
1224 1547 1326 1601 per
1354 1531 1795 1601 inquisitionem
1828 1530 2148 1587 lucrifacia-

498 1632 652 1683 mus,
678 1620 743 1669 ut
773 1616 1027 1687 denique
1062 1635 1173 1672 non
1206 1618 1549 1675 inconstans
1583 1622 1797 1691 dogma
1855 1636 2146 1691 propona-

499 1721 651 1758 mus.
714 1704 1047 1774 Scripturas
1107 1707 1396 1777 negligam
1422 1708 1450 1762 ‘?
1500 1710 1652 1763 unde
1684 1726 1819 1779 ergo
1854 1707 2147 1780 cognitio?

494 1793 893 1894 Fognitionem
928 1793 1300 1864 relinquam?
1332 1798 1484 1851 unde
1518 1797 1702 1852 fides?
1732 1797 1946 1852 clamat
1998 1801 2143 1894 Paau-
2179 1831 2222 1894 Β

493 1879 643 1936 lus:«
663 1883 961 1945 Quomodo
993 1884 1227 1938 credent
1260 1887 1411 1939 494
1441 1885 1485 1939 si
1523 1902 1634 1939 non
1668 1887 1983 1940 audierunt
2011 1885 2087 1939 ‘1?
2109 1907 2136 1935 »

493 1973 549 2023 et
578 1970 787 2023 iterum
826 1988 837 2023 :
877 1994 902 2020 ‹‹
938 1972 1102 2025 Fides
1134 1990 1200 2026 ex
1232 1974 1433 2027 auditu
1489 1992 1501 2026 :
1559 1975 1792 2028 auditus
1850 1991 1981 2029 vero
2043 1990 2143 2044 per

490 2057 733 2112 verbum
772 2059 866 2114 Dei
903 2060 964 2113 ⁸2.
1006 2082 1031 2107 ››
1071 2061 1250 2131 Igitur
1280 2063 1379 2132 qui
1413 2063 1652 2117 verbum
1687 2063 1937 2131 cohibet,
1971 2063 2139 2116 audi-

494 2150 622 2200 tum
654 2147 927 2213 obstruit,
954 2152 1008 2202 et
1042 2149 1213 2203 ﬁdem
1238 2150 1802 2221 expellit.Romanas
1830 2150 1985 2222 leges
2016 2150 2141 2206 sine

494 2234 751 2305 periculo
783 2252 951 2289 nemo
988 2236 1354 2306 ignoraverit.
1391 2239 1545 2301 Quas
1573 2256 1709 2310 ergo
1743 2245 1949 2310 parant
1996 2239 2137 2294 insi-

495 2320 622 2377 dias
681 2323 779 2392 qui
842 2340 1055 2395 magna
1112 2324 1364 2380 ccelestis
1423 2327 1574 2398 regis
1606 2326 1837 2382 oracula
1871 2328 2133 2382 meditari

493 2415 667 2481 atque
698 2412 955 2466 ediscere
988 2413 1340 2483 prohibent?
1370 2415 1671 2485 Scriptura
1700 2422 1787 2470 est
1817 2417 2024 2470 animaa
2056 2416 2135 2470 ci-

494 2499 624 2554 bus.
648 2499 853 2555 Desine
886 2517 1041 2572 ergo,
1062 2519 1094 2556 o
1126 2502 1323 2568 homo,
1348 2504 1803 2559 fameinternum
1839 2505 2134 2559 hominem

493 2603 719 2657 necare,
752 2589 1076 2661 diramque,
1138 2609 1252 2646 non
1296 2593 1464 2661 panis
1523 2606 1573 2647 et
1636 2610 1818 2663 aquas,
1879 2594 1978 2648 sed
2037 2611 2137 2648 au-

493 2676 687 2730 diendi
747 2678 984 2732 verbum
1051 2680 1299 2749 Domini,
1324 2681 1535 2735 famem
1564 2681 1872 2735 attrahere.
1908 2683 2008 2736 Est
2037 2683 2133 2752 qui

494 2763 720 2835 inﬂigat
749 2764 1068 2833 vulnera,et
1102 2774 1160 2821 tu
1197 2768 1546 2823 medicinam
1583 2787 1695 2823 non
1724 2770 1807 2825 vis
1834 2771 2140 2826 adhiberi?

496 2854 696 2907 Desine
722 2855 938 2908 variam
974 2855 1412 2910 medicinalium
1436 2855 1765 2912 libellorum
1787 2860 2136 2928 sapientiam

494 2944 766 2999 vanitatis
797 2946 1032 2998 nomine
1063 2945 1349 3017 evulgare.
1386 2948 1662 3001 Reverere
1694 2949 2028 3002 eunuchum
2067 2948 2133 3002 il-

492 3030 613 3085 lum
666 3032 930 3087 lectionis
961 3033 1315 3102 studiosum,
1351 3035 1636 3089 universis
1688 3037 1896 3106 reginae
1928 3037 2139 3108 opibus

492 3119 893 3190 praepositum,
928 3120 1025 3190 qui
1058 3138 1128 3175 ne
1158 3122 1215 3175 in
1271 3122 1476 3176 itinere
1534 3123 1770 3193 quidem
1828 3124 2135 3179 lectionem

2258 550 2538 626 ελεγκτέον
2570 553 2668 620 τὴν
2702 551 2911 623 τόλμαν
2946 558 3048 606 τῶν
3081 552 3335 625 περιττὴν
3365 554 3501 605 εἶναι
3532 552 3628 619 τὴν
3657 552 3765 627 περὶ
3788 553 3860 613 τάς

2259 639 2412 713 ἁγίας
2466 642 2672 716 Γραφάς
2725 641 3172 717 ἀποφαινομένων
3216 634 3522 710 διατριϐὴν,
3582 639 3653 699 ὡς
3700 640 3860 712 ἀρκού-

2259 749 2357 797 σης
2417 729 2622 801 ἑκάστῳ
2665 737 2764 798 τῆς
2812 730 3009 790 οἰκείας
3060 729 3310 799 πίστεως,
3358 729 3447 783 καὶ
3514 725 3720 799 μᾶλλον
3766 729 3863 781 ἆσα-

2257 839 2406 896 φειαν
2464 817 2799 890 ἐμποιούσης
2848 821 2982 890 ἡμῖν
3030 820 3129 886 τῆς
3181 820 3482 886 ζητήσεως.
3513 822 3681 870 Ταῦτα
3709 814 3759 870 δῖε
3784 838 3859 869 κα-

2254 908 2694 981 ταγινωσκόντων
2757 906 2897 960 ἐστὶν
2956 907 3030 968 ὡς
3090 906 3385 960 ἀσυστάτου
3450 911 3550 959 τοῦ
3609 903 3862 979 δόγματος.

2259 995 2414 1050 ’Δλλ’
2472 998 2634 1066 ἡμεῖς
2684 995 3006 1071 θαρᾇοῦντες
3053 999 3121 1067 τῇ
3170 995 3399 1065 ἀληθείᾳ
3448 998 3547 1047 τοῦ
3607 993 3862 1066 μυστηρίων

2255 1084 2343 1137 καὶ
2372 1087 2441 1156 τῇ
2495 1084 2718 1158 βοηθείᾳ
2740 1088 2837 1137 τοῦ
2868 1081 3156 1156 ἀψευδοῦς,
3194 1082 3466 1149 εἰπόντος,
3501 1106 3530 1131 ‹‹
3586 1084 3688 1142 lli;
3727 1084 3751 1134 6
3795 1088 3864 1149 ζη-

2254 1176 2361 1226 τῶν
2396 1171 2651 1246 εὑρίσκει,
2705 1194 2730 1224 ιι
2783 1173 2873 1225 καὶ
2925 1176 3191 1244 ζητοῦμεν
3221 1172 3295 1231 ὡς
3331 1168 3434 1238 δεῖ,
3468 1170 3557 1224 καὶ
3590 1171 3860 1244 εὑρίσκομεν

2258 1260 2288 1314 ἃ
2318 1258 2417 1325 δεῖ,
2475 1261 2565 1313 καὶ
2624 1263 2756 1332 μετά
2802 1258 3127 1330 ἀποδείξεως
3171 1260 3420 1335 λέγομεν,
3454 1259 3543 1312 καὶ
3581 1260 3705 1331 μετὰ
3756 1280 3861 1329 προσ

2257 1349 2454 1409 θέσεως
2484 1349 2709 1423 γνησίας
2756 1349 3044 1420 ἀκούομεν,
3105 1349 3178 1409 ὡς
3226 1349 3315 1401 καὶ
3362 1348 3492 1408 τοὺς
3523 1348 3742 1408 οῗκείους
3768 1348 3862 1400 πεί-

2255 1438 2387 1502 θειν,
2444 1436 2534 1489 καὶ
2585 1437 2711 1497 τοὺς
2760 1436 3034 1498 ἐναντίκυς
3085 1434 3355 1511 ἐλέγχειν,
3410 1436 3503 1501 καὶ
3534 1438 3678 1506 ἡμᾶς
3706 1435 3862 1493 αὐτοὺς

2256 1523 2344 1579 διὰ
2383 1533 2486 1593 τῆς
2543 1524 2765 1600 ἐρεύνης
2815 1523 3132 1599 κερδαίνειν,
3177 1525 3266 1578 καὶ
3316 1526 3393 1597 μὴ
3449 1523 3729 1578 ἀσύστατον
3757 1529 3861 1593 πρᾶ-

2254 1635 2370 1688 γμα
2402 1612 2661 1668 δεικνύειν
2718 1613 3015 1686 Ἀμελήσω
3066 1618 3288 1689 Ι”ραφῶν
3316 1633 3328 1668 :
3381 1614 3545 1675 πόθεν
3579 1612 3664 1665 οὖν
3691 1614 3721 1678 ἡ
3748 1616 3861 1684 γνὼ-

2256 1722 2377 1773 σιςς
2459 1699 2776 1774 Καταλείψω
2844 1705 3081 1776 γνῶσιν;
3158 1700 3317 1763 πόθεν
3390 1703 3424 1769 ἡ
3488 1699 3693 1759 πίστιες
3755 1702 3863 1751 [17-3-

2256 1788 2351 1851 λος
2402 1790 2520 1865 βοᾷ
2585 1815 2612 1839 ‹‹
2668 1795 2790 1851 Πῶς
2838 1789 3239 1855 πιστεύσουσιν,
3289 1788 3378 1842 ἐὰν
3431 1789 3508 1861 μῆ
3542 1788 3857 1852 haustum,»

2250 1879 2339 1932 καὶ
2397 1876 2584 1932 πάλιν·
2647 1902 2673 1928 ‹‹
2735 1881 2895 1931 ’Ώστε
2956 1880 2989 1946 ἡ
3045 1876 3224 1937 πίστις
3275 1877 3325 1946 ἐξ
3376 1877 3566 1945 ἀκοῆς’
3614 1872 3726 1943 ἡδὶ
3748 1874 3856 1939 ἀκοὴ

2253 1965 2342 2020 διὰ
2393 1966 2638 2041 ῥήματος
2689 1970 2843 2020 Θεοῦ.
2881 1992 2907 2017 ››
2939 1967 2999 2021 Ὀ
3029 1967 3201 2020 τοίνυν
3232 1965 3295 2019 τὸ
3329 1965 3485 2039 ῥῆμα
3515 1963 3747 2025 κωλύων,
3775 1964 3851 2028 τήν

2251 2056 2418 2123 ἀκοὴν
2482 2054 2795 2131 ἐμφράττει,
2841 2056 2940 2121 τήν
2993 2055 3170 2107 πίστιν
3226 2049 3507 2109 ἐκϐάλλει.
3544 2053 3634 2106 Καὶ
3688 2052 3855 2120 νόμους

2253 2145 2346 2215 μὲν
2399 2142 2680 2214 Ῥωμαίων
2732 2142 2945 2217 ἀγνοεῖν
2991 2139 3269 2196 ἀκίνδυνον
3330 2140 3532 2195 οὐδενί·
3582 2142 3643 2194 τά
3687 2138 3735 2193 δὲ
3785 2159 3853 2208 με·

2248 2230 2392 2307 γάλα
2441 2231 2777 2304 θεσπίσματα
2826 2235 2922 2285 τοῦ
2975 2230 3241 2306 βασιλέως
3291 2236 3401 2284 τῶν
3437 2229 3667 2304 οὐρανῶν
3698 2228 3852 2280 cim-

2250 2319 2468 2380 λύοντες
2516 2317 2743 2391 μελετᾷν
2789 2319 2877 2372 καὶ
2933 2320 3215 2391 μανθάνειν
3275 2319 3435 2372 ποίαν
3468 2313 3745 2384 ἐπιϐουλὴν
3774 2314 3849 2367 οὐκ

2248 2405 2564 2481 ἐργάζονται
2590 2425 2604 2474 i
2635 2408 2817 2483 Τροφὴ
2850 2410 3033 2481 ψυχῆς
3064 2407 3097 2474 ἡ
3148 2409 3355 2483 Γραφή.
3408 2411 3610 2460 Παῦσαι
3652 2401 3730 2456 οὖν
3778 2400 3846 2455 λι-

2251 2500 2523 2565 μοκτονῶν
2580 2495 2671 2548 τὸν
2728 2492 2830 2548 ἔσω
2889 2496 3191 2571 ἄνθρωπον,
3251 2495 3521 2568 ἄνθρωπε,
3577 2493 3658 2546 καὶ
3714 2489 3843 2561 λιμὸν

2248 2580 2431 2659 ἄγριον
2483 2583 2938 2656 ἐπισπασάμενος,
2997 2583 3096 2637 οὐκ
3150 2585 3313 2659 ἄρτου
3367 2584 3458 2637 καὶ
3507 2576 3847 2650 ὕδατος,ἀλλὰ

2245 2678 2341 2727 τοῦ
2389 2675 2611 2727 ἀκουσαι
2667 2672 2831 2744 λόγον
2880 2672 3098 2746 Κυρίου.
3130 2671 3340 2731 ’Ἄλλος
3375 2671 3609 2745 ἐπιφέρει
3638 2668 3697 2721 τὰ
3720 2664 3848 2740 τραύ-

2251 2783 2412 2834 ματα,
2443 2761 2533 2815 καὶ
2587 2761 2649 2814 σὺ
2708 2760 2941 2821 κωλύεις
2991 2760 3211 2834 ὑπάγειν
3260 2761 3328 2813 τά
3354 2761 3646 2837 φάρμακας
3682 2760 3843 2809 Παῦσαι

2251 2849 2475 2922 ματαίαν
2534 2850 2845 2921 ἀποφαίνων
2886 2850 2983 2917 τὴν
3027 2846 3288 2918 ποικίλην
3346 2854 3456 2902 τῶν
3510 2847 3737 2920 ἰατρικῶν

2249 2933 2419 2993 ὅλίων
2481 2938 2690 3015 σοφίαν·
2751 2935 3027 3006 αίδέσθητι
3067 2939 3156 2991 τὸν
3207 2935 3509 3015 φιλόλογον
3550 2935 3727 2989 ἐκεῖνον
3772 2929 3839 2983 εύο

2248 3032 2468 3102 νοῢχον,
2520 3027 2578 3089 ὅς
2627 3028 2693 3096 ἧν
2745 3026 2831 3080 ἐπὶ
2881 3027 3056 3096 πάσης
3086 3033 3184 3094 τῆς
3215 3027 3387 3095 γάζης
3416 3034 3513 3093 τῆς
3552 3022 3841 3099 βασιλίσσης,

2254 3117 2380 3188 μήτ’
2432 3115 2482 3169 ἐν
2532 3112 2643 3187 ὁδῷ
2687 3114 3163 3188 καταλιμπάνοντα
3209 3116 3307 3181 τῆν
3353 3115 3657 3189 ἀνάγνωσιν·
3688 3108 3740 3163 οὗ
3764 3108 3839 3173 τήν

491 3206 931 3275 intermittebat,
983 3211 1152 3277 cujus
1188 3210 1546 3280 propositum
1581 3212 1912 3283 approbans
1945 3212 2136 3267 Domi-

2256 3205 2503 3279 πρόθεσιν
2561 3202 2956 3277 ἀποδεξάμενος
3009 3206 3037 3258 ὁ
3097 3203 3397 3271 Δεσπότης,
3458 3202 3677 3274 ἔπεμψεν
3729 3194 3845 3252 εὐθὺς

493 3311 623 3359 nus,
659 3296 857 3349 statim
893 3295 975 3349 illi
1008 3297 1299 3352 doctorem
1335 3299 1517 3364 misit,
1550 3299 1647 3369 qui
1684 3298 1913 3353 lectioni
1966 3302 2144 3354 inter-

493 3382 874 3451 pretationem
908 3385 1231 3449 adderet,et
1261 3386 1570 3456 Scripturze
1607 3386 1769 3441 illum
1805 3388 2147 3443 auctoritate

491 3471 559 3524 ad
594 3470 948 3526 Salvatorem
988 3473 1328 3543 perduceret
1359 3473 1818 3536 “Quamobrem
1850 3477 1971 3546 ipse
2006 3495 2145 3547 prae-

492 3560 666 3631 cepit,
700 3583 727 3609 ‹‹
762 3560 1115 3615 Scrutamini
1148 3561 1477 3632 Scripturas
1510 3565 1576 3631 “,
1639 3586 1664 3611 η
1724 3566 2144 3619 scrutationem

490 3665 701 3703 vocans
722 3649 1062 3721 diligentem
1094 3656 1495 3721 attentamque
1517 3652 1879 3706 occultorum
1905 3654 2153 3724 inquisi'

492 3738 732 3792 tionem.
765 3739 844 3792 Ex
873 3738 1187 3808 Scripturis
1220 3740 1437 3794 sanctis
1480 3746 1570 3793 est
1625 3742 1985 3795 occultorum
2050 3746 2146 3798 de-

494 3826 890 3897 claratio.spei
927 3829 1851 3899 ﬁrmamentum,promissionum
1886 3839 2146 3898 eventus,

496 3913 814 3969 Salvatoris
848 3915 1101 3970 inventio
1136 3933 1147 3969 :
1185 3940 1209 3964 ‹‹
1256 3916 1590 3971 Invenimus
1649 3917 1838 3982 illum,
1902 3920 1971 3972 de
2034 3938 2148 3989 quo

495 4002 730 4073 scripsit
792 4003 981 4058 Moses
1042 4009 1097 4058 et
1152 4005 1443 4075 prophetas
1502 4006 1565 4057 ‘5.
1632 4029 1657 4053 ››
1693 4007 1791 4059 His
1826 4008 2062 4062 vocibus
2093 4015 2149 4062 et

501 4090 709 4144 Paulus
740 4094 808 4145 ad
844 4091 1255 4146 stabiliendum
1291 4094 1588 4147 veritatem
1626 4111 1769 4147 usus
1828 4106 1927 4148 est.
1986 4097 2146 4158 Quod

497 4180 542 4232 si
584 4179 793 4234 Paulus
859 4181 958 4251 qui
994 4181 1212 4234 audivit
1245 4199 1455 4235 arcana
1477 4184 2021 4247 verba,arcanorum
2059 4186 2151 4239 ille

499 4273 710 4338 mysta,
744 4268 841 4338 qui
876 4270 1173 4323 Christum
1212 4271 1266 4322 in
1297 4287 1356 4323 se
1391 4272 1595 4324 habuit
1625 4271 1983 4341 loquentem,
2033 4275 2149 4343 pri-

496 4362 631 4409 vata
689 4356 1052 4417 auctoritate,
1116 4360 1260 4411 citra
1293 4375 1590 4411 sacrarum
1629 4359 1951 4414 litterarum
1987 4363 2149 4415 testi-

502 4444 935 4507 monium,usus
968 4463 1078 4498 non
1113 4452 1201 4499 est
1234 4462 1246 4501 :
1280 4449 1378 4515 qui
1416 4464 1524 4500 non
1563 4449 1951 4517 periculosum
1998 4468 2149 4505 nunc

2255 3292 2401 3363 αὐτῷ
2432 3293 2521 3345 τὸν
2560 3290 2883 3346 διδάσκαλον
2934 3291 3290 3367 προστιθέντα
3335 3295 3405 3363 τῇ
3468 3289 3727 3363 ἀναγνώσει
3769 3284 3842 3347 τήν

2254 3386 2470 3456 γνῶσιν,
2530 3380 2636 3434 ἀπὸ
2689 3386 2796 3433 τῶν
2858 3384 3080 3455 Γραφῶν
3122 3401 3181 3433 τε
3238 3379 3397 3432 αὐτὸν
3432 3379 3744 3450 προσάγοντα
3784 3392 3843 3438 τῳ

2259 3476 2496 3543 Σωτῆρι.
2558 3470 2648 3522 Διὸ
2705 3469 2792 3522 καὶ
2852 3469 3009 3529 αὐτὸς
3070 3467 3368 3533 ἐκέλευσεν,
3429 3496 3449 3517 ι
3485 3470 3731 3541 Ἐρεδνᾶτε
3772 3459 3842 3516 τὰς

2260 3559 2491 3633 Γραφάς.
2542 3586 2567 3609 ››
2623 3556 2832 3630 ἐρευνᾷν
2888 3557 3053 3611 εἰπὼν
3099 3558 3197 3624 τὴν
3245 3556 3483 3629 ἐπιμελῆ
3516 3556 3598 3609 καὶ
3627 3548 3842 3626 νηφάλινιν

2256 3651 2362 3700 τῶν
2422 3648 2809 3717 κεκρυμμένων
2856 3645 3108 3714 ἐξέτασιν.
3164 3647 3254 3700 Ἐκ
3295 3650 3401 3697 τῶν
3460 3646 3615 3718 ἁγίων
3666 3639 3841 3711 ι’ριφῶν

2257 3738 2291 3804 ἡ
2323 3736 2428 3788 τῶν
2463 3733 2683 3804 ἀδήλων
2720 3734 3038 3811 φανέρωσις,
3070 3736 3104 3803 ἡ
3135 3738 3241 3788 τῶν
3295 3732 3533 3787 ἐλπίδων
3585 3724 3840 3805 βεϐαίωσις.

2258 3827 2292 3893 ἡ
2324 3829 2431 3877 τῶν
2490 3824 2833 3897 ὑποσχέσεων
2892 3817 3130 3890 ἔκϐασις,
3245 3827 3340 3876 τοῦ
3375 3828 3628 3895 Σωτῆρος
3660 3815 3844 3887 εὕρεσις*

2265 3942 2283 3964 ιι
2336 3919 2430 3967 "Ov
2464 3914 2657 3990 ἔγραψε
2715 3922 2915 3982 Μωσῆς
2957 3916 3043 3969 καὶ
3108 3915 3160 3967 οἱ
3206 3921 3481 3990 προφῆται
3513 3913 3842 3986 εὑρήκαμεν.»

2257 4003 2489 4063 Ταύταις
2547 4004 2810 4078 κέχρηται
2868 4009 2986 4064 ταῖς
3046 4009 3248 4079 φωναῖς
3310 4004 3448 4074 πρὸς
3508 4001 3727 4054 σύστασιν
3767 3998 3843 4057 τῆς

2261 4092 2519 4160 ἀληθείας
2551 4094 2577 4145 6
2614 4091 2847 4153 Παῦλος,
2885 4092 2945 4145 Ei
2978 4090 3034 4145 δὲ
3062 4090 3275 4150 Παῦλος
3302 4093 3329 4144 ὁ
3360 4097 3468 4144 τῶν
3494 4089 3715 4164 ἀριέτςτων
3770 4080 3842 4145 ἕη-

2264 4179 2443 4251 μάτωι
2505 4180 2793 4252 ἀκροατὴς,
2854 4180 2881 4232 6
2937 4183 3045 4231 τῶν
3094 4178 3422 4253 ἀπορρήτων
3472 4176 3681 4249 μύστης,
3727 4171 3841 4221 ὁτον

2263 4270 2493 4344 Χριστὸν
2526 4268 2669 4344 ἔχων
2698 4269 2748 4323 ἐν
2784 4270 2955 4339 ἑαυτῷ
2988 4268 3279 4339 λαλοῦντα,
3313 4268 3374 4322 ού
3409 4268 3655 4343 κέχρηται
3686 4256 3834 4315 ἁπλῶς

2259 4359 2505 4428 αὐθεντίᾳ
2532 4356 2659 4433 δίχα
2687 4365 2785 4427 τῆς
2813 4363 2919 4412 τῶν
2958 4362 3178 4434 Γραφῶν
3226 4358 3539 4431 μαρτυρίας·
3586 4358 3687 4411 πῶς
3730 4346 3838 4400 ἀκίν-

2260 4445 2411 4500 δυνον
2444 4452 2533 4499 νῦν
2583 4445 2806 4517 ἀμελεῖν
2858 4448 2950 4518 μὲν
2993 4453 3093 4514 τῆς
3145 4446 3289 4508 θείας
3322 4443 3647 4518 νομοθεσίας,
3693 4434 3840 4491 λαλεῖν

501 4532 676 4586 fuerit
705 4549 903 4586 curam
942 4534 1147 4587 divinae
1182 4535 1326 4603 legis
1358 4535 1629 4605 abjicere,
1661 4543 1717 4590 et
1747 4539 1938 4592 cordis
1970 4543 2144 4593 nostri

2263 4533 2319 4589 δὲ
2374 4536 2439 4588 τὰ
2496 4532 2754 4589 δοκούντα
2800 4535 2905 4588 ἀπὸ
2954 4531 3217 4609 καρδίας;
3271 4532 3426 4589 Ἀλλ’
3473 4532 3571 4587 ἔστι
3616 4526 3718 4581 τινα
3763 4522 3839 4619 τὴν

496 4620 801 4691 Opiniones
835 4624 1134 4691 proferre?
1176 4623 1283 4675 Sed
1306 4632 1441 4675 sunt
1466 4623 1743 4677 nonnulla
1767 4641 1891 4694 quae
1916 4632 2149 4695 captum

498 4716 760 4764 nostrum
795 4717 1093 4781 superant.
1134 4713 1287 4765 [dem
1323 4718 1376 4765 et
1409 4730 1516 4782 ego
1555 4714 1755 4777 fateor,
1807 4720 1861 4767 et
1922 4714 2027 4768 hoc
2084 4733 2153 4769 ex

497 4799 799 4867 Scriptura
847 4801 1245 4865 addiscamus,
1276 4806 1337 4853 ut
1367 4802 1625 4854 sciamus
1656 4803 1964 4871 quaerenda
1996 4821 2149 4873 quaa-

496 4888 630 4941 dam
665 4904 812 4953 esse,
841 4896 901 4942 ut
932 4906 1056 4958 qua:
1090 4889 1444 4958 apprehendi
1483 4890 1723 4958 possint.
1760 4890 1830 4944 Ut
1859 4892 2012 4945 enim
2047 4910 2153 4946 au-

496 4977 696 5030 dacter
725 4978 920 5030 omnia
958 4978 1305 5047 perscrutari
1342 4977 1497 5047 pium
1534 4995 1646 5032 non
1684 4981 1884 5043 est,ita
1915 4998 2148 5036 omnem

497 5081 735 5135 prorsus
771 5066 1211 5135 inquisitionem
1249 5066 1537 5136 negligere
1573 5084 1681 5121 non
1718 5076 1806 5121 est
1856 5077 2148 5124 sanctum.

493 5153 641 5216 Quid
678 5169 845 5223 porro
878 5155 1191 5207 adoremus
1221 5170 1391 5208 nosse
1424 5170 1629 5209 omnes
1659 5162 1907 5226 oportet,
1943 5174 2148 5212 secun-

495 5242 634 5295 dum
668 5242 722 5294 id
759 5243 913 5312 quod
949 5243 1233 5313 scriptum
1266 5248 1394 5297 est:
1431 5266 1457 5291 ‹‹
1495 5243 1609 5298 Nos
1633 5246 1947 5300 adoramus
1994 5248 2149 5317 quod

495 5328 717 5382 scimus
769 5328 833 5381 ‘5.
893 5350 918 5376 ››
982 5331 1248 5393 Quaerere
1300 5335 1493 5383 autem
1539 5333 2149 5403 quantum,qualiter,

565 5548 609 5580 ⁴⁰
641 5547 847 5603 Matth.
883 5565 979 5611 vn,
1012 5549 1062 5601 8.

495 5619 539 5652 ⁸⁸
568 5618 734 5674 Joan.
771 5637 847 5688 ιν,
877 5622 966 5672 22.

1168 5549 1208 5582 “
1248 5547 1413 5601 Rom.
1446 5563 1501 5613 Χ,
1540 5547 1621 5599 14.
1727 5547 1771 5580 ⁴²
1806 5548 1949 5604 Ibid.
1986 5552 2070 5605 17.

2172 5547 2218 5586 ⁸³
2245 5552 2369 5606 Act.
2401 5566 2524 5617 vm,
2555 5551 2739 5608 27-39.

2260 4623 2526 4696 ἡμετέραν
2603 4621 2907 4695 κατάληψιν
3000 4617 3420 4695 ὑπερϐαίνω-ια’
3507 4617 3637 4695 φημὶ
3705 4610 3838 4683 κάγώ.

2264 4713 2358 4766 Καὶ
2391 4717 2549 4766 τοῦτο
2584 4712 2674 4765 οὗν
2708 4712 2811 4764 ἀπὸ
2872 4716 3092 4787 1“ραφῶν
3147 4707 3517 4784 διδαχθῶμεν,
3574 4707 3639 4764 ὡς
3685 4698 3836 4754 εἶδέναί

2258 4801 2379 4854 τινὰ
2434 4800 2527 4871 μὲν
2581 4800 2838 4869 ζητητέον
2893 4800 2965 4860 ὡς
3017 4799 3229 4875 ἐφικτά.
3285 4797 3424 4854 Οὔτε
3464 4799 3559 4871 γὰρ
3586 4794 3641 4847 τὸ
3667 4789 3835 4875 πάντων

2259 4887 2485 4944 κατατολ
2503 4894 2603 4960 μᾷν
2654 4883 2887 4955 εὐσεϐὲς,
2948 4886 3068 4942 οὕτε
3115 4891 3176 4941 τὸ
3205 4887 3414 4941 πάντων
3448 4881 3734 4955 καταμελεῖν
3774 4895 3835 4926 ευ·

2260 4977 2406 5052 αγές.
2458 4978 2517 5031 Τί
2567 4975 2657 5030 οὖν
2717 4982 3141 5051 προσκυνοῦμεν,
3193 4974 3388 5030 εἰδέναι
3444 4975 3616 5031 πάντες
3663 4961 3835 5058 ὀφείλω

2265 5088 2377 5139 μιν,
2435 5067 2569 5121 κατὰ
2616 5068 2676 5120 τὸ
2732 5065 3127 5141 γεγραμμένοψ
3194 5087 3214 5113 α
3265 5066 3454 5135 Ἡμεῖς
3498 5068 3835 5147 προσκυνουμξν

2261 5155 2289 5209 δ
2340 5152 2585 5225 οἴδαμεν.
2637 5175 2660 5205 ι
2727 5154 2803 5209 Τὸ
2863 5151 2919 5207 Si
2950 5151 3167 5222 ἡλίκον,
3199 5152 3399 5221 ἣοῖον,
3449 5153 3630 5218 ἣπῶς,
3682 5144 3833 5208 ἦπθῧι

2265 5242 2603 5316 μαινομένων
2656 5247 2855 5311 ζητεῖν.
2904 5239 3058 5297 Ἀλλ’
3107 5242 3157 5294 οἱ
3212 5238 3531 5314 βουλόμενοι
3579 5235 3635 5323 τά
3678 5227 3832 5323 Edwin

3140 5330 3385 5405 Γραφῶν,
3457 5322 3688 5401 προφάσει
3761 5322 3831 5381 μιν

2260 5335 2479 5407 κρίνειν,
2562 5331 2875 5405 ἀπείργουσι
2948 5334 3054 5383 τῶν

2846 5550 2891 5584 ⁸⁸
2920 5548 3089 5604 Joan.
3123 5562 3177 5614 ν,
3208 5546 3297 5601 39.
3401 5546 3443 5580 ⁸⁸
3490 5545 3639 5600 Joan.
3688 5552 3717 5601 I,
3759 5526 3825 5579 i5-
