4086 6214
235 360 391 417 1345

984 354 1127 416 CON
1142 356 1636 417 FUTATIUNES
1681 355 2185 425 QUARUMDAM
2232 357 2896 421 PROPOSITIUNUM.

3481 362 3635 421 1346

225 491 328 540 τοῦ
365 487 438 558 μὴ
481 486 851 557 κατατολμᾷν,
914 486 987 546 ὡς
1040 486 1365 561 ἀπροσίτων,
1417 486 1485 559 τῇ
1535 484 1593 539 δὲ
1647 483 1881 554 ἀληθείᾳ

2010 488 2305 557 ιυοωοάο,
2341 490 2461 553 ubi,
2492 489 2911 545 insanientium
2943 496 3050 547 est.
3098 492 3310 547 Verum
3370 496 3466 563 qui
3524 494 3636 565 ipsi

228 576 367 647 ὑπὲρ
409 579 506 628 τοῦ
556 574 769 650 φεύγειν
817 574 907 627 τὸν
959 574 1009 644 ἐξ
1060 574 1233 629 αὐτῶν
1282 574 1513 649 ἔλεγχον
1544 581 1645 643 τῆς
1678 573 1879 633 οἰκείας

225 662 575 732 κακοδοξίας.
628 663 724 716 Καὶ
783 662 906 717 ὅταν
954 661 1110 717 ἴδωσι
1158 665 1249 736 μὲν
1298 664 1498 718 ἑαυτῶν
1537 660 1874 740 κακοφροσῦ-

223 773 334 821 νην
409 749 886 824 συμποδιζομένην
959 751 1065 806 ἀπὸ
1134 760 1234 821 τῆς
1300 757 1403 807 τῶν
1469 756 1688 828 Γραφῶν
1744 751 1878 804 ἀπο-

225 838 473 911 δείξεως,
547 841 987 916 παραγράφονται
1065 844 1169 894 τῶν
1247 844 1467 917 Γραφῶν
1526 841 1615 894 τὸν
1678 839 1877 893 σκοπὸν

224 929 325 982 καὶ
381 929 481 996 τήν
532 928 743 1003 χρείαν·
806 930 929 982 ὁταν
966 927 1023 983 δὲ
1078 928 1341 1001 νομίσωσι
1398 929 1667 983 συντελεῖν
1696 928 1879 987 αὐτοῖς

222 1016 436 1091 γυμνόν
486 1038 538 1069 τι
590 1015 751 1089 ῥητὸν
805 1017 943 1092 πρὸς
986 1018 1084 1085 τὴν
1117 1015 1250 1071 ἰδίαν
1285 1016 1598 1092 ἐγχείρησιν
1629 1017 1881 1088 ἀποτμη-

227 1106 326 1159 Θὲν
370 1105 470 1173 τῆς
522 1105 724 1166 οἰκείας
768 1105 1112 1172 ἀκολουθίας,
1155 1104 1402 1160 ἕλκουσιν
1433 1105 1584 1159 αὐτοὶ
1616 1106 1750 1177 πρὸς
1782 1105 1880 1171 τήν

227 1192 379 1247 ἰδίαν
424 1196 779 1263 κατασκευήν,
832 1195 893 1248 οὐ
940 1199 1008 1269 τῇ
1066 1193 1385 1269 δηλουμένη
1421 1192 1629 1265 διανοίᾳ
1658 1192 1884 1248 δουλεύ-

223 1304 403 1353 οντες,
434 1281 579 1336 ἀλλὰ
607 1284 741 1358 πρὸς
769 1284 867 1351 τήν
903 1284 1101 1337 οἰκείαν
1150 1285 1499 1359 κακοτεχνίαν
1540 1284 1634 1344 τάς
1685 1281 1885 1336 συλλα-

224 1367 337 1431 ϐὰς
375 1370 710 1444 βίαζόμενοι,
735 1368 914 1445 ὣσπερ
946 1376 1191 1425 ποιοῦσιν
1227 1370 1314 1425 ἐπὶ
1346 1376 1463 1442 τοῦ,
1522 1392 1543 1421 α
1594 1372 1656 1427 Ὀ
1706 1370 1883 1445 Λόγος

224 1460 366 1531 σὰρξ
399 1458 629 1533 ἐγένετο.
664 1484 689 1509 ››

1990 576 2060 629 de
2091 577 2216 631 suis
2243 577 2620 648 dogmatibus
2652 580 3030 649 pronuntiare
3062 581 3283 647 volunt,
3317 599 3351 636 a
3379 582 3637 653 Scriptu-

1990 664 2069 717 ris
2101 663 2245 719 alios
2275 666 2591 727 deterrent.
2625 666 2733 721 hoc
2764 668 3001 737 quidem
3036 670 3277 737 obtenti,
3312 686 3383 725 ne
3423 675 3641 725 temere

1990 754 2060 807 ad
2093 753 2391 808 inaccessa
2421 756 2720 810 videamur
2751 757 2891 812 velle
2948 762 3266 828 penetrare,
3328 775 3387 812 re
3445 766 3640 814 autem

1990 857 2140 908 vera,
2183 858 2252 895 ne
2285 843 2553 897 haeretica
2582 861 2689 898 sua
2721 846 2995 915 dogmata
3027 845 3301 900 falsitatis
3330 864 3398 901 ex
3430 847 3639 902 iisdem

1991 930 2428 984 convincuntur.
2492 932 2652 995 Quod
2690 934 2736 986 si
2770 934 3018 999 videant,
3057 937 3251 1004 petitis
3282 952 3311 989 e
3341 936 3640 1006 Scriptura

1992 1018 2593 1074 demonstrationibus
2625 1021 2933 1075 stultitiam
2966 1039 3135 1077 suam
3167 1024 3459 1093 impediri,
3512 1030 3636 1078 tum

1993 1106 2428 1177 Scripturarum
2487 1125 2731 1179 scopum
2792 1111 3007 1180 pariter
3058 1116 3116 1165 et
3159 1111 3432 1181 loquendi
3466 1128 3639 1166 usum

1992 1193 2405 1249 invertuntzsin
2435 1197 2676 1250 verbum
2708 1197 2944 1268 aliquod
2976 1200 3201 1252 nudum
3232 1215 3337 1253 suo
3371 1200 3644 1269 prodesse

1993 1282 2264 1337 instituto
2298 1284 2645 1355 intelligant,
2680 1287 2732 1339 id
2770 1286 2964 1356 ipsum
2996 1305 3029 1341 a
3058 1288 3312 1358 genuina
3363 1287 3643 1342 orationis

1994 1373 2141 1425 serie
2174 1373 2488 1427 rescissum
2515 1375 2583 1427 ad
2620 1375 2884 1445 proprias
2915 1392 3102 1430 causa:
3133 1392 3251 1430 sua:
3283 1375 3648 1430 demonstra-

1995 1460 2182 1514 tion-es
2215 1462 2603 1531 pertrahunt:
2640 1480 2753 1516 non
2809 1470 2942 1534 apto
2995 1465 3193 1519 sensui
3252 1465 3642 1528 attendentes,

223 1552 337 1604 sed
370 1551 419 1602 vi
454 1549 710 1620 syllabas
741 1551 809 1604 ad
844 1550 1318 1621 perversissimas
1349 1568 1489 1606 suas
1520 1555 1676 1604 artes
1707 1550 2141 1618 detorquentes,
2176 1550 2331 1619 quod
2363 1550 2539 1604 etiam
2575 1551 2795 1605 faciunt
2824 1552 2883 1605 in
2934 1552 3032 1607 illo
3069 1570 3081 1606 :
3116 1575 3144 1601 «
3194 1554 3448 1607 Verbum
3509 1568 3641 1608 caro

225 1640 455 1693 factum
488 1645 577 1693 est
603 1638 668 1692 ‘7.
704 1663 725 1690 ι

1022 1759 1094 1807 ΙΙΙ

2773 1755 2868 1809 ΙΙΙ.

228 1842 382 1915 Πρὸς
410 1838 539 1901 τοὺς
569 1834 1368 1924 προϐαλλομένῌουςικακοήθως
1406 1842 1488 1907 τὸ,
1526 1865 1552 1891 ‹‹
1600 1842 1659 1897 Ὀ
1708 1839 1884 1913 Λόγος

2062 1841 2328 1895 Adversus
2356 1845 2595 1924 eos,_qz:z'
2620 1844 2862 1914 maligne
2884 1845 3045 1924 pubis
3072 1846 3345 1915 objiciunt
3375 1843 3532 1899 illud
3564 1862 3581 1897 :
3636 1815 3647 1827 ’

843 1911 969 1986 σαρξ
1000 1911 1206 1988 ἐγένετο
1216 1957 1229 1969 .
1263 1936 1290 1962 ››

315 2014 505 2071 Πολλά
548 2017 641 2088 μὲν
697 2022 814 2078 τοῖς
873 2017 1153 2072 ἐκπεσοῦσι
1192 2025 1290 2088 τῆς
1337 2018 1619 2088 ἀληθείας,
1666 2016 1770 2072 εἶτε
1816 2014 1885 2070 δι’

581 2103 604 2121 ἢ
635 2106 645 2123 9

234 2105 377 2177 ἔριν⁹
427 2105 532 2159 εἴτε
578 2103 645 2159 δι’
694 2103 937 2179 ἄγνοιαν,
988 2108 1121 2180 πρὸς
1175 2106 1380 2177 ἀπάτην
1433 2107 1791 2176 ἐπινενόηται’
1824 2106 1886 2159 τὸ

233 2192 322 2264 δὲ,
386 2218 412 2244 ››
470 2199 523 2246 Ὁ
584 2192 752 2269 Λόγος
811 2194 1021 2269 ἐγένετο
1076 2198 1238 2271 σάρξ,
1295 2221 1321 2247 ››
1378 2196 1663 2271 εἰρημένον
1725 2194 1885 2269 ὕπερ-

232 2287 389 2359 φυῶς
443 2303 501 2335 τε
555 2290 644 2335 καὶ
691 2282 823 2357 ὑπὲρ
875 2282 1115 2347 ἔπαινον,
1170 2283 1474 2354 ἐξελέξαντο
1527 2284 1614 2338 καὶ
1676 2285 1725 2337 οἱ
1785 2285 1884 2336 πά-

234 2372 333 2426 λαι
393 2370 528 2424 κατά
580 2372 674 2431 τάς
723 2371 950 2444 αἱρέσεις
1011 2372 1291 2443 πολέμιοι,
1343 2372 1430 2426 καὶ
1494 2373 1543 2425 οἳ
1603 2376 1693 2425 νῦν
1754 2369 1889 2423 ἀντί-

237 2459 411 2528 δικοι,
469 2461 707 2535 καθάπερ
774 2459 848 2520 ὡς
922 2462 1217 2535 μυστήριον
1276 2457 1515 2535 ἄμαχον,
1577 2460 1650 2519 ὡς
1709 2457 1888 2529 ἐνόμι-

240 2569 338 2602 σαν
377 2593 392 2614 ,
476 2550 611 2619 ἡμῖν
690 2547 1029 2623 ἐπετείχισαν
1105 2548 1456 2623 κατατρέχειν
1534 2548 1729 2602 ἐκεῖθεν
1801 2546 1890 2599 καὶ

246 2635 480 2710 βάλλειν
512 2641 617 2690 τῶν
648 2634 949 2709 ὀρθοδόξων
1003 2638 1103 2705 τὴν
1165 2636 1417 2712 φάλαγγα
1475 2636 1889 2711 μηχανώμενοι,

242 2724 498 2786 πολλοὺς
542 2746 600 2778 τε
654 2722 868 2796 δεσμεῖν
913 2728 980 2798 τῇ
1025 2724 1208 2797 πλοκῇ
1257 2724 1352 2779 τοῦ
1404 2727 1738 2797 ζητήματος.
1781 2746 1806 2776 α
1834 2725 1891 2777 Ὀ

250 2810 428 2889 Λόγος
481 2814 607 2884 σάρξ
662 2814 892 2889 ἐγένετο,
954 2837 981 2863 ››
1030 2814 1189 2875 αὐτὸς
1222 2815 1249 2867 ὁ
1298 2814 1423 2889 σάρξ
1456 2814 1768 2887 γενόμενος,
1829 2812 1892 2866 τὸ

246 2906 420 2966 πάθος
480 2900 712 2972 ἐδέξατο.
761 2901 851 2964 Τίς
910 2903 970 2957 οὐ
1021 2903 1223 2980 φρίττει
1272 2904 1367 2970 τήν
1428 2908 1532 2957 τῶν
1589 2901 1889 2976 εἷρημένων

246 2993 548 3060 ἀπόνοιαν;
604 2993 672 3046 Τὸ
730 2994 1103 3068 γεγραμμένον
1152 2992 1543 3066 ἀποκόψαντες,
1602 2993 1772 3061 εἷπον,
1830 2992 1893 3045 τὸ

254 3086 329 3153 μὴ
364 3079 422 3135 δὲ
454 3081 831 3155 γεγραμμένον
884 3080 1328 3153 ἐκαινοτόμησαν.
1371 3083 1431 3138 Ὁ
1460 3082 1558 3156 γάρ
1592 3081 1757 3135 εἰπὼν
1807 3080 1891 3147 τὸ,

247 3196 277 3222 ‹‹
310 3172 371 3227 Ὁ
406 3170 580 3245 Λόγος
607 3170 732 3245 σάρξ
763 3170 986 3246 ἐγένετο,
1023 3198 1048 3223 ››
1082 3170 1385 3246 προσέθηκε
1418 3173 1505 3225 καὶ
1534 3172 1617 3242 τὸ,
1658 3171 1895 3238 «Ἐσκή-

244 3280 415 3314 νωσεν
450 3259 500 3313 ἐν
534 3262 689 3331 ἡμῖν’
728 3284 754 3308 ››
780 3258 872 3313 τίνα
903 3257 1071 3314 διπλᾶ
1100 3262 1383 3332 νοήσωμεν
1432 3258 1623 3320 εὐθέως
1675 3260 1740 3312 τὰ
1796 3279 1893 3327 ση-

254 3346 579 3418 μαινόμενα,
637 3347 725 3401 τὸν
788 3346 983 3422 Λόγον,
1036 3348 1134 3415 τὴν
1197 3346 1386 3423 σάρκα,
1439 3347 1501 3401 τὸ
1549 3350 1803 3417 σκηνοῦν,
1834 3345 1895 3398 τὸ

249 3435 641 3507 σκηνοί5μενον·
675 3436 763 3489 καὶ
800 3437 937 3508 μήτε
966 3438 1195 3510 τροπὴν,
1233 3438 1369 3508 μήτε
1402 3434 1723 3501 ἀλλοίωσιν,
1761 3435 1899 3507 μήτε

248 3546 300 3578 τι
332 3515 550 3577 τοιοῦτο
608 3523 694 3577 ἐπὶ
752 3526 848 3591 τῆς
905 3524 1167 3598 ἀτρέπτου
1221 3524 1402 3585 οὐσίας
1432 3519 1769 3595 έκλάϐωμεν.
1830 3527 1899 3576 ’Ἡ

253 3612 354 3687 γὰρ
389 3613 449 3665 ἂν
484 3613 619 3683 εἶπε,
656 3613 932 3683 Σκήνωμα
962 3612 1195 3686 ἐγένετο,
1229 3612 1327 3666 οὐκ
1380 3634 1401 3660 α
1455 3613 1787 3682 Ἐσκήνωσεν
1846 3609 1897 3664 έν

254 3703 416 3771 ἡμῖν,
454 3723 481 3751 ››
514 3697 662 3776 εἶ’περ
693 3700 826 3768 αὖτὴ
861 3703 895 3769 ἡ
928 3705 1022 3754 τοῦ
1060 3700 1232 3776 Λόγου
1265 3702 1420 3778 φύσις
1455 3700 1529 3761 εἷς
1562 3701 1756 3775 σαρκὸς
1810 3698 1903 3776 φό-

256 3810 337 3842 σιν
376 3788 623 3860 μετέστη.
678 3787 839 3844 Ἀλλ’
888 3789 997 3863 οὐχ
1046 3789 1153 3843 οἷόν
1203 3810 1260 3843 τε
1308 3789 1622 3863 λογίσασθαι
1654 3789 1776 3863 περὶ
1805 3793 1902 3843 τοῦ

262 3874 543 3950 λέγοντος·
580 3902 605 3926 ‹‹
654 3875 845 3943 νιδετέ,
901 3875 1055 3947 ἴδετε,
1109 3876 1190 3931 ὅτι
1242 3876 1350 3952 ἐγώ
1382 3877 1517 3949 εἶμι,
1551 3877 1639 3931 καὶ
1672 3877 1771 3931 οὐκ
1800 3877 1905 3946 ἠλ-

263 3964 566 4037 λοίωμαι.»
600 3970 721 4026 Πῶς
755 3964 845 4019 οῦν
879 3965 965 4019 καὶ
999 3964 1204 4041 ἐγένετο
1238 3966 1384 4041 σὰρξ,
1416 3966 1505 4020 καὶ
1536 3965 1636 4020 οὐκ
1663 3965 1908 4035 ἠλλοίω-

258 4073 386 4121 ται;
439 4059 518 4124 τῷ
570 4054 832 4124 ἐνωθῆναι
876 4056 1052 4127 σαρκὶ,
1108 4055 1170 4109 οὐ
1221 4060 1298 4126 τῷ
1351 4058 1779 4127 μεταποιηθῆναι
1830 4054 1907 4116 εἷς

260 4142 449 4218 σάρκα.
502 4143 593 4196 Διὸ
642 4143 730 4197 καὶ
781 4141 1012 4218 λέγεται,
1067 4169 1094 4195 ιι
1127 4145 1470 4220 Ἐφανερώθη
1504 4143 1681 4218 σαρκὶ,
1754 4168 1780 4194 ››
1813 4142 1911 4197 οὐκ

258 4231 601 4307 Ἐφανερώθη
651 4234 686 4300 ἡ
740 4231 885 4306 σάρξσ
936 4232 1045 4300 καὶ,
1099 4257 1125 4282 ‹‹
1181 4231 1500 4305 Σπέρματος
1557 4226 1829 4306 Ἀϐραὰμ,
1882 4255 1909 4282 ››

256 4320 447 4397 φησὶν,
485 4345 504 4370 ι
543 4315 857 4374 ἐπελάϐετο·
896 4346 921 4370 ››
956 4319 1017 4373 οὐ
1048 4319 1273 4395 Σπέρμα
1306 4315 1555 4392 Ἀϐραὰμ
1609 4318 1911 4373 ἀλλοιωθὲν

260 4407 489 4484 ἐγένετο·
548 4408 659 4476 καὶ,
710 4433 738 4460 ‹‹
791 4409 930 4462 Ναὸν
986 4404 1114 4483 ἔσχε
1159 4409 1222 4462 τὸ
1252 4414 1431 4481 σῶμα,
1468 4432 1492 4457 ι)
1530 4408 1628 4461 οὐκ
1655 4407 1748 4469 Εἰς
1785 4408 1908 4462 ναὸν

264 4492 696 4569 μεταϐέϐληται’
754 4498 866 4565 καὶ,
926 4523 951 4547 ‹‹
1011 4504 1065 4550 Ὁ
1124 4497 1175 4551 ἐν
1239 4500 1423 4573 μορφῇ
1466 4501 1600 4552 Θεοῦ
1649 4496 1907 4573 ὑπάρχων

2378 1937 2406 1963 ‹‹
2449 1915 2677 1969 Verbum
2707 1931 2833 1969 caro
2869 1920 3077 1984 factum
3107 1926 3201 1971 est.
3238 1938 3265 1965 ››

2067 2017 2246 2072 Multa
2278 2019 2350 2073 ab
2380 2019 2453 2074 iis
2477 2021 2625 2089 quia
2646 2022 3032 2085 veritate,sive
3066 2039 3166 2093 per
3195 2022 3649 2089 contentionem,

1995 2107 2115 2160 sive
2168 2125 2267 2177 per
2318 2108 2708 2179 ignorantiam
2762 2111 3123 2175 exciderunt,
3183 2111 3251 2165 ad
3319 2110 3645 2165 fallendum

1995 2199 2319 2267 excogitata
2367 2203 2505 2251 sunt
2538 2214 2549 2251 ε
2584 2198 2727 2252 illud
2759 2204 2950 2253 autem
2986 2200 3208 2253 dictum
3268 2201 3419 2270 quod
3474 2217 3654 2272 supra

1999 2292 2217 2339 naturae
2250 2287 2446 2349 fidem,
2484 2303 2588 2341 nec
2619 2288 2763 2341 satis
2795 2288 3153 2342 laudandum
3187 2294 3293 2355 est,
3329 2310 3357 2337 «
3391 2288 3649 2343 Verbum

1999 2390 2130 2429 caro
2165 2375 2379 2428 factum
2414 2379 2522 2439 est,
2561 2397 2587 2422 »
2618 2380 2669 2430 et
2703 2381 2923 2430 veteres
2974 2376 3254 2432 haeresum
3316 2393 3650 2448 propugna-

2000 2468 2155 2518 tores
2186 2463 2533 2534 selegerunt.
2571 2468 2627 2518 et
2659 2464 2841 2517 nostri
2877 2464 3047 2520 hodie
3080 2466 3480 2537 antagonistaz,
3524 2471 3653 2519 tan-

2002 2567 2176 2621 quam
2237 2550 2713 2622 inexpugnabile.
2751 2558 2810 2605 ut
2839 2551 2948 2623 ipsi
2982 2552 3216 2623 quidem
3258 2558 3486 2623 putant.
3517 2570 3652 2624 pro-

2002 2638 2402 2712 pugnaculum
2439 2641 2607 2695 nobis
2638 2641 3114 2709 objecerunt:hoc
3156 2642 3373 2696 scilicet
3418 2642 3655 2697 molien-

2003 2733 2215 2793 test,ut
2247 2729 2379 2782 inde
2411 2728 2467 2782 in
2502 2730 2855 2783 orthodoxos
2885 2730 3421 2794 incurrere,omnes
3450 2746 3651 2785 eorum

2002 2818 2257 2887 impetus
2291 2817 2652 2887 propulsare,
2682 2822 2737 2872 et
2792 2819 3136 2888 quaestionis
3198 2820 3372 2889 hujus
3425 2818 3655 2889 laqueis

2005 2906 2221 2960 multos
2277 2905 2501 2960 irretire
2562 2906 2804 2977 possint.
2854 2907 3022 2971 Nam,
3059 2929 3082 2957 ι)
3115 2907 3369 2961 Verbum
3403 2923 3534 2961 caro
3568 2907 3656 2961 fa-

2003 3004 2158 3049 ctum
2185 2999 2335 3059 est,»
2368 2994 3114 3065 interpretantur.Verbum
3148 2995 3203 3048 in
3238 3011 3469 3049 carnem
3499 3011 3636 3049 con-

2004 3099 2233 3137 versum
2269 3083 2527 3153 suscepit
2559 3084 2914 3154 passionem.
2950 3084 3088 3149 Quis
3130 3101 3243 3139 non
3298 3084 3469 3139 istam
3527 3099 3661 3137 ver-

2009 3173 2213 3226 borum
2248 3171 2482 3226 horreat
2504 3173 2797 3226 vesaniam
2820 3175 2841 3225 ?
2862 3174 2999 3236 Quae
3020 3172 3237 3243 scripta
3258 3176 3493 3239 sunt,ea
3509 3185 3665 3226 rese-

2010 3266 2166 3326 cant,
2202 3277 2327 3331 quae
2359 3277 2492 3315 vero
2526 3260 2742 3330 scripta
2774 3277 2886 3315 non
2924 3265 3081 3323 sunt,
3104 3260 3479 3315 innovarunt.
3504 3260 3662 3314 Idem

2011 3350 2159 3405 495
2197 3348 2352 3403 enim
2387 3348 2485 3419 qui
2518 3348 2659 3403 dixit
2694 3367 2705 3403 :
2741 3372 2768 3399 «
2805 3348 3055 3403 Verbum
3090 3364 3223 3405 caro
3256 3350 3471 3404 factum
3497 3352 3607 3416 est,
3638 3370 3659 3396 ι

2010 3436 2313 3507 subjunxit
2344 3442 2400 3491 et
2431 3435 2595 3499 illud,
2629 3460 2656 3486 «
2694 3437 2984 3491 Habitavit
3014 3438 3068 3490 in
3106 3437 3337 3503 nobis,»
3379 3441 3442 3499 ut
3467 3435 3665 3507 dupli-

2010 3526 2099 3580 cia
2128 3525 2326 3579 statim
2361 3541 2751 3595 agnoscamus
2784 3526 3134 3597 signiﬁcata,
3167 3525 3422 3580 Verbum
3458 3528 3514 3579 et
3544 3541 3670 3579 car-

2014 3631 2141 3669 nem
2180 3629 2191 3668 :
2226 3613 2370 3667 illud
2404 3614 2557 3684 quod
2594 3614 2899 3681 habitat,et
2929 3614 3071 3668 illud
3108 3615 3163 3668 in
3197 3630 3312 3685 quo
3344 3613 3663 3668 habitatur.

2013 3708 2070 3757 et
2101 3701 2454 3756 immutabili
2489 3702 2833 3756 substantiae
2866 3719 2969 3756 nec
3005 3702 3408 3767 mutationem,
3444 3716 3549 3755 nec
3581 3698 3666 3753 al-

2012 3791 2377 3856 terationem,
2408 3806 2511 3844 nec
2543 3789 2734 3844 simile
2779 3790 2917 3861 quid
2981 3791 3374 3860 assignemus.
3434 3785 3667 3858 Alioqui

2015 3879 2168 3933 enim
2205 3877 2883 3943 dixisset,Habitaculum
2920 3877 3131 3931 factum
3168 3882 3400 3941 est,non
3433 3899 3458 3925 ε‹
3492 3874 3667 3929 Habi-

2015 3969 2160 4022 tavit
2187 3968 2244 4020 in
2280 3965 2832 4036 nobisznsiquidem
2866 3970 3074 4019 natura
3102 3965 3273 4019 Verbi
3305 3964 3363 4018 in
3397 3968 3671 4018 naturam

2018 4056 2207 4111 carnis
2239 4055 2449 4109 fuisset
2480 4058 2723 4107 mutata.
2759 4056 2828 4107 At
2863 4052 3241 4109 mutationem
3273 4052 3528 4123 aliquam
3583 4051 3671 4106 fa-

2019 4149 2172 4200 ctam
2205 4160 2332 4198 esse
2362 4142 2419 4196 in
2452 4159 2517 4196 eo
2550 4143 2651 4213 qui
2681 4142 2840 4212 dicit,
2874 4164 2900 4190 ‹‹
2934 4141 3539 4211 Videte,videte,quia
3566 4156 3673 4213 ego

2021 4253 2173 4301 sum,
2211 4238 2267 4289 et
2297 4250 2411 4288 non
2444 4237 2640 4287 mutor
2666 4233 2728 4296 ιθ,
2761 4252 2785 4281 ιι
2826 4232 3002 4286 nullis
3034 4231 3301 4303 colligere
3345 4230 3673 4286 rationibus

2023 4340 2359 4397 possumus.
2420 4322 2719 4387 Quomodo
2775 4322 2953 4393 igitur
3002 4337 3134 4376 caro
3169 4322 3373 4386 factus,
3409 4322 3674 4374 mutatus

2024 4418 2215 4468 autem
2243 4428 2356 4466 non
2379 4410 2663 4465 esl!Carni
2689 4410 2839 4465 uniri
2859 4427 2970 4465 non
2986 4410 3144 4465 estin
3159 4426 3391 4465 carnem
3417 4424 3677 4464 commu-

2026 4502 2300 4566 tari.Quze
2322 4505 2377 4554 et
2408 4516 2585 4554 causa
2617 4505 2705 4552 est
2735 4516 2837 4553 cur
2867 4498 3566 4563 dicatur,«Manit‘estatus
3588 4499 3677 4551 est

266 4587 487 4662 μορφὶμ
522 4583 722 4641 δούλου
754 4581 961 4651 ἔλαϐεν,
992 4612 1011 4636 ο
1048 4585 1109 4638 οὐ
1138 4586 1339 4662 Μορφὴ
1365 4583 1566 4640 δούλου
1597 4585 1897 4660 γέγονεν.Ε“

2025 4593 2082 4646 in
2117 4606 2289 4645 carne
2320 4591 2384 4654 ‘9,
2414 4612 2439 4637 ››
2465 4605 2577 4642 non
2612 4587 2979 4642 Manifestala
3009 4592 3099 4642 est
3131 4588 3386 4652 caro.Et,
3410 4608 3436 4635 ‹‹
3464 4586 3675 4641 Semen

259 4672 317 4729 δέ
347 4695 430 4734 τις
461 4671 786 4750 φιλονεικῶν
817 4674 878 4728 οὐ
914 4672 1166 4748 βούλεται
1195 4674 1257 4728 τὸ
1287 4678 1366 4744 τῷ
1396 4677 1511 4745 Θεῷ
1543 4674 1746 4748 πρέπον
1790 4695 1913 4728 σκο-

261 4768 407 4833 πεῖν,
462 4761 606 4817 ἀλλά
664 4761 939 4817 δουλεύειν
982 4768 1099 4824 ταῖς
1160 4758 1459 4823 συλλαϐαῖς
1509 4764 1630 4816 ἄνευ
1676 4760 1915 4825 διανοίας

262 4846 540 4923 εὐσεϐοῦς,
602 4852 806 4906 ἅπαντά
859 4873 917 4905 τε
974 4851 1216 4906 ἀπαιτεῖν
1276 4853 1343 4906 τά
1393 4853 1468 4924 μή
1511 4848 1715 4907 δέοντα·
1749 4874 1915 4927 γινω-

262 4941 439 4995 σκέτω
472 4944 777 5017 σοφώτερον
811 4942 994 4995 ἑαυτὸν
1027 4944 1124 5009 τῆς
1156 4943 1383 5016 χάριτος
1410 4945 1506 4995 τοῦ
1538 4941 1692 5016 ἁγίου
1752 4942 1918 4996 Πνεό-

272 5050 445 5101 ματος
499 5028 833 5105 ἀποφαίνων,
881 5029 969 5083 καὶ
1006 5031 1079 5101 μὴ
1135 5028 1431 5104 δεχόμενος
1462 5031 1561 5098 τήν
1596 5030 1790 5085 ἐκεῖθεν
1831 5052 1918 5085 νο-

272 5117 545 5190 μοθεσίαν,
605 5118 703 5185 τήν
756 5115 844 5171 διά
894 5116 1119 5172 πολλῶν
1169 5123 1362 5195 φωνῶν
1409 5119 1592 5194 ἱερῶν,
1626 5119 1700 5180 ὡς
1732 5120 1918 5196 προεί-

271 5225 454 5276 ρηται,
506 5205 869 5282 σαφηνίσασαν
931 5207 1068 5277 ἡμῖν
1127 5210 1224 5259 τοῦ
1280 5205 1447 5279 ῥητοῦ
1477 5207 1577 5274 τὴν
1608 5204 1855 5280 δύναμιν,
1888 5209 1923 5277 ἦ

269 5295 332 5348 οὐ
365 5291 497 5369 δίχα
554 5292 882 5367 τολμήσεως
938 5295 1023 5348 καὶ
1062 5296 1247 5370 μάχην
1282 5294 1581 5369 ἐπεισάγειν
1609 5301 1724 5356 τοῖς
1757 5296 1920 5359 θείοις

267 5381 477 5459 λόγοις,
526 5383 614 5436 καὶ
672 5384 762 5435 τὸν
794 5382 955 5457 άγίων
991 5381 1302 5457 δογμάτων,
1336 5384 1412 5445 ὡς
1450 5383 1695 5438 ἐναντίων
1749 5383 1923 5454 ἀλλή-

273 5471 424 5540 λοις,
456 5470 941 5549 καταψηφίζεσθαι·
1001 5470 1148 5549 εἷ’περ
1192 5472 1429 5527 ἐναντίον
1480 5473 1563 5541 τὸ,
1597 5497 1624 5526 ‹‹
1681 5473 1923 5549 Ἐγένετο

347 5671 389 5705 ⁸⁷
421 5672 583 5726 Joan.
619 5686 657 5737 ι,
697 5670 781 5724 14.
857 5670 901 5705 ⁸⁸
933 5670 1177 5725 Malach.
1215 5686 1300 5740 ιιι,
1330 5671 1383 5725 6.

1461 5671 1506 5705 ⁸⁸
1538 5671 1556 5725 Ι
1589 5671 1739 5726 Tim.
1772 5689 1856 5740 in,
1892 5674 1975 5728 16.

2026 4680 2263 4735 Abrahae
2296 4677 2690 4748 assumpsit,»
2722 4676 2908 4746 inquit
2944 4676 3247 4747 Apostolus
3277 4676 3322 4711 ‘9
3353 4692 3366 4730 :
3403 4666 3542 4738 non':
3574 4674 3676 4729 Se-

2029 4786 2158 4823 men
2191 4767 2432 4822 Abrahae
2466 4766 2815 4819 immutatus
2850 4765 3036 4818 factus
3069 4770 3175 4819 est.
3210 4764 3328 4828 Et,«
3364 4761 3676 4833 Templum

2027 4856 2234 4911 habuit
2265 4871 2495 4925 corpus,
2529 4877 2553 4899 ι)
2586 4870 2722 4919 non,
2756 4853 2817 4907 In
2863 4851 3141 4919 templum
3203 4867 3516 4905 conversus
3568 4853 3678 4904 est.

2028 4946 2153 5006 Et.«
2179 4944 2322 4998 Cum
2354 4942 2410 4996 in
2449 4943 2634 4995 forma
2665 4942 2761 4996 Dei
2798 4941 3225 5004 esset,formam
3261 4938 3412 4994 servi
3446 4954 3678 4994 assum-

2032 5035 2147 5105 psit
2174 5033 2242 5097 “,
2279 5054 2305 5079 n
2340 5048 2477 5095 non,
2502 5032 2707 5085 Forma
2738 5029 2885 5085 servi
2923 5030 3109 5083 factus
3140 5032 3245 5083 est.
3273 5027 3430 5090 Quod
3467 5027 3515 5081 si
3548 5024 3681 5097 quis

2031 5119 2608 5185 contentiosusmulit
2637 5136 2762 5189 quae
2795 5118 2977 5173 Deum
3011 5124 3211 5173 decent
3246 5117 3521 5188 cogitare,
3557 5114 3679 5181 sed,

2035 5211 2128 5282 pia
2158 5211 2370 5279 rejecta
2401 5214 2614 5276 mente,
2640 5207 2882 5279 syllabis
2916 5207 3216 5267 inservire,
3240 5205 3553 5274 omniaque
3586 5218 3683 5273 pe-

2034 5307 2151 5354 tere
2183 5315 2312 5369 quaa
2340 5297 2585 5369 petenda
2620 5296 2857 5350 minime
2890 5300 3115 5367 Oportet
3148 5312 3158 5347 :
3196 5293 3417 5347 noverit
3449 5291 3563 5353 ille,
3598 5305 3682 5358 se,

2035 5392 2133 5442 aut
2164 5386 2348 5441 multo
2382 5385 2794 5456 sapientiorem
2824 5402 2970 5450 esse,
3007 5401 3111 5437 suo
3137 5383 3383 5453 judicio,
3429 5379 3685 5450 Spiritus

2035 5477 2222 5533 sancti
2257 5476 2465 5548 gratia,
2499 5490 2603 5529 nec
2635 5473 2945 5529 admittere
2976 5473 3296 5544 profectam
3358 5469 3493 5522 inde
3539 5465 3687 5537 legis

2054 5674 2097 5709 ⁵ο
2123 5673 2293 5726 Hebr.
2328 5688 2387 5739 ιι,
2424 5671 2511 5726 16.
2589 5672 2631 5706 ⁵⁸
2663 5668 2918 5741 Philipp.
2954 5684 3019 5732 ιι,
3048 5668 3103 5732 6,
3134 5666 3189 5720 7.
