4086 6214
487 344 512 399 1
524 343 641 405 3η

1670 340 1733 400 Β.
1781 336 2308 401 ATBANASIUS.
2337 371 2416 393 -η
2442 337 2711 403 DUBIA.

3720 338 3848 403 1348

480 474 865 541 sanctionem,
899 490 1027 545 quas
1056 477 1143 528 tot
1171 472 1377 537 sacris,
1406 490 1532 544 qua:
1567 472 1737 544 paulo
1785 477 1920 527 ante
1977 488 2137 527 eom-

2254 472 2401 545 σὰρξ,
2463 496 2493 523 ››
2549 477 2645 527 τοῦ
2698 473 2926 549 Μορφήν
2975 469 3178 527 δούλου
3217 468 3425 529 λαϐεῖν.
3486 471 3639 528 Ἀλλ’
3692 472 3848 548 ἄπαγε,

481 568 818 619 memoratas
874 567 1032 631 sunt,
1083 562 1346 625 vocibus,
1379 562 1537 617 verbi
1571 562 1740 617 nabis
1770 562 1884 617 vim
1915 562 2135 633 liquido

479 652 773 724 explanat,
808 657 911 707 aut
940 652 1216 707 audacter
1245 651 1461 706 bellum
1496 650 1680 705 sacris
1710 650 1964 706 oraculis
2012 667 2134 705 mo-

477 757 630 808 vere,
687 746 743 796 et
789 741 1066 810 dogmata
1118 744 1343 803 sancta,
1406 743 1469 793 ut
1525 739 1634 794 sibi
1671 739 1815 811 ipsis
1845 739 2133 810 opposita,

480 830 874 884 condemnare
909 845 922 882 :
956 828 1005 883 si
1041 827 1211 883 modo
1241 827 1398 881 dicta
1428 827 1541 882 ista
1574 829 1723 883 inter
1755 844 1818 882 se
1848 832 2133 899 pugnant:

484 938 512 968 α
540 918 681 972 Caro
708 918 927 971 factum
960 922 1068 985 est,
1106 937 1125 965 ι
1163 921 1242 980 et,
1282 939 1309 966 ι(
1368 916 1638 971 Formam
1696 917 1845 971 servi
1903 933 2135 971 assum-

476 1005 611 1077 psit.
634 1027 662 1055 »
682 1005 791 1061 Sed
827 1020 1009 1076 apage
1042 1020 1310 1075 perverse
1340 1003 1659 1059 bomo.Nec
1684 1004 1843 1059 enim
1877 1009 2140 1059 mutatur

475 1094 775 1157 divinitas,
811 1109 915 1148 nec
946 1109 1145 1148 secum
1182 1097 1404 1163 pugnat
1426 1092 1731 1161 Scriptura
1760 1109 1948 1148 sacra.
2013 1094 2137 1147 Haec

475 1182 633 1237 enim
684 1182 933 1236 auditori
995 1182 1255 1237 veritatis
1304 1181 1518 1251 cupido
1550 1181 2137 1252 semetipsamintsr-

476 1274 739 1342 pretatur
768 1285 782 1325 :
817 1275 967 1325 recte
997 1269 1245 1341 intelligi
1279 1269 1444 1325 facile
1477 1274 1687 1340 potest,
1739 1269 1966 1340 sibique
2022 1269 2136 1341 ipsi

478 1358 789 1414 consentit.
824 1358 985 1413 Hanc
1014 1360 1210 1428 itaque
1236 1358 1393 1430 piam
1426 1358 1798 1427 sententiam,
1823 1359 2004 1413 divini
2040 1376 2142 1413 no-

478 1449 570 1504 bis
627 1447 759 1502 libri
818 1447 1205 1502 tradiderunt.
1258 1446 1379 1501 Vox
1407 1453 1604 1501 autem
1640 1468 1668 1497 «
1702 1448 1936 1502 Factum
1967 1455 2073 1508 est,
2106 1469 2135 1497 »

477 1538 606 1592 ideo
638 1535 855 1606 scripta
884 1541 994 1599 est,
1031 1552 1143 1590 non
1176 1540 1241 1589 ut
1268 1534 1437 1589 Verbi
1472 1535 1657 1590 divini
1695 1535 2135 1591 conversionem

477 1628 889 1699 cogitaremus,
916 1626 1017 1681 sed
1053 1631 1115 1679 ut
1148 1643 1441 1680 summam
1478 1627 1561 1681 sic
1594 1627 1871 1681 unionem
1921 1644 2135 1699 cogno-

478 1731 797 1779 sceremus,
830 1713 1304 1784 quandoquidem
1329 1720 1386 1770 et
1415 1720 1719 1785 peccatum
1750 1732 1863 1769 non
1897 1715 2134 1785 quidem

2248 556 2473 615 δείλαιε·
2507 561 2629 616 οὔτε
2656 562 2721 616 τὸ
2754 564 2896 617 Θεῖον
2953 561 3225 636 τρίπεται,
3260 558 3383 615 οὔτε
3429 565 3464 631 ἡ
3526 561 3643 636 ἁγία
3700 565 3845 636 Fessi,

2246 651 2381 724 πρὸς
2414 650 2608 720 ἑαυτὴν
2632 649 2986 725 διαμάχεται,
3013 650 3379 726 ὲρμηνεῦουσα
3405 656 3526 712 τοῖς
3567 649 3848 724 φιλαλήθιίκ

2246 737 2553 793 ἀκούουσιν
2617 737 3017 814 εὐπαράδεκτός
3077 738 3214 793 ἐστιν
3278 739 3382 808 ὅλη
3442 740 3530 794 καὶ
3578 739 3844 815 σύμφωνος.

2246 829 2353 895 Τήν
2391 829 2483 900 μὶν
2544 826 2635 882 οὖν
2696 822 2887 896 εὐσεϐῆ
2938 825 3178 881 διάνοιαν
3221 828 3423 897 ταύτην
3473 830 3608 899 ἡμῖν
3640 829 3689 880 αἱ
3738 833 3846 891 θεῖαι

2250 912 2443 972 Βίϐλοι
2487 915 2863 990 παραδιδόασι’
2918 917 2980 971 τὸ
3029 915 3107 982 δὲ,
3154 940 3182 968 ι(
3213 917 3478 990 Ἐγένετο,
3514 940 3541 966 η
3570 918 3847 991 γέγραπται,

2248 1006 2355 1081 οὐχ
2397 1005 2489 1060 τίνα
2537 1011 2633 1060 τοῦ
2685 1010 2819 1060 Θεοῦ
2870 1004 3044 1080 Λόγου
3087 1006 3294 1079 τροπήν
3349 1005 3703 1076 ἐννοήσωμεν,
3752 1002 3849 1057 ἀλλ’

2241 1093 2334 1151 ’ίνα
2409 1095 2507 1163 τήν
2578 1093 2742 1169 ἄκραν
2832 1092 3016 1148 ἕνωσιν
3068 1092 3215 1148 οὕτω
3269 1094 3708 1164 κατανοήσωμεν·
3761 1091 3848 1145 ἐπεὶ

2249 1184 2511 1257 ἁμαρτίαν
2546 1182 2607 1238 οὐ
2656 1183 2873 1257 λέγεται
2920 1183 3299 1253 πεποιηκέναι,
3352 1182 3499 1237 ἀλλὰ
3544 1189 3847 1249 πεποιῆσθαι·

2247 1299 2274 1325 ‹‹
2298 1274 2396 1327 Τὸν
2459 1273 2563 1347 γὰρ
2623 1274 2698 1345 μή
2755 1271 2970 1347 γνόντα,
3022 1296 3044 1324 ι
3101 1270 3288 1347 φησὶν,
3346 1293 3375 1320 ‹‹
3424 1270 3703 1344 ἁμαρτίαν,
3743 1270 3847 1343 est;

2245 1363 2406 1434 ἡμῶν
2466 1361 2732 1436 ἁμαρτίαν
2791 1359 3066 1432 ἐποίησεν,
3126 1383 3153 1411 ›ι
3212 1360 3276 1414 οὐ
3322 1358 3404 1430 τῷ
3461 1364 3847 1430 μεταποιηθῆναι

2245 1451 2335 1504 τὸν
2416 1450 2585 1525 Λόγον
2646 1449 2720 1511 εἷς
2779 1448 3044 1524 ἁμαρτίας
3101 1447 3395 1523 ἐνέργημα,
3461 1450 3495 1516 ἢ
3540 1447 3849 1516 πεποιηκέναι

2248 1538 2535 1614 ἁμαρτίανο
2589 1536 2735 1593 ἀλλὰ
2760 1542 2840 1610 τῷ
2887 1534 3074 1592 λαϐεῖν
3122 1538 3223 1605 τήν
3278 1538 3551 1612 ἡμετέραν
3609 1536 3847 1609 ἃμαρτίαν,

2245 1628 2333 1682 καὶ
2366 1627 2619 1705 ἀφανίσαι.
2667 1626 2858 1699 αὐτὴν,
2888 1626 3024 1680 κατὰ
3059 1625 3122 1680 τὸ
3165 1624 3566 1701 γεγραμμέννον⁹
3632 1648 3659 1676 α
3716 1624 3852 1682 Αὐτὸς

2244 1717 2338 1777 τὰς
2382 1714 2645 1790 ἁμαρτίας
2706 1717 2868 1786 ἡμῶν
2936 1712 3100 1787 α’ίρει.
3162 1737 3189 1763 ››
3246 1717 3455 1788 ’Ὠσπερ
3512 1713 3600 1767 οὖν
3657 1711 3849 1783 ἁμαρτία

477 1802 707 1872 fecisse,
741 1803 842 1859 sed
879 1803 1068 1857 factus
1099 1803 1279 1857 fuisse
1305 1802 1522 1857 dicitur
1553 1820 1565 1857 :
1603 1826 1630 1853 «
1665 1803 1808 1863 Eum
1840 1803 2139 1877 enim,qui

2249 1804 2542 1872 πεποίηται
2571 1803 2661 1858 καὶ
2693 1801 2899 1879 κατάρα
2933 1803 3167 1879 γίγονεν,
3224 1801 3287 1856 οὐ
3333 1807 3415 1873 τῷ
3479 1807 3847 1875 μετατραπῆναι’

484 1909 601 1948 non
664 1892 824 1946 novit
886 1898 1210 1962 peccatum,
1248 1914 1270 1945 ι
1310 1891 1393 1947 ait
1418 1892 1740 1963 Scriptura,
1774 1916 1798 1943 κ
1838 1910 1937 1963 pro
1974 1893 2140 1947 nobis

486 1986 789 2053 peccatum
825 1980 957 2035 fecit
986 1981 1064 2047 In;
1101 2001 1127 2027 ››
1162 1996 1275 2035 non
1309 1981 1463 2051 quod
1497 1980 1754 2037 Verbum
1785 1981 1870 2039 vel
1899 1982 1955 2036 in
2010 1997 2140 2054 pec-

490 2071 602 2125 cati
632 2069 1027 2141 operationem
1063 2068 1236 2123 fuerit
1264 2084 1632 2139 conversum,
1692 2069 1778 2129 vel
1836 2075 2141 2140 peccatum

489 2158 816 2224 fecerit,sed
848 2157 1002 2229 quod
1034 2161 1235 2213 nostra
1267 2162 1503 2229 peccata
1537 2159 1879 2231 sumpserit,
1907 2160 2138 2215 eadem-

492 2264 606 2322 que
636 2246 940 2303 sustulerit
969 2264 981 2301 :
1007 2247 1180 2317 juxta
1222 2245 1365 2302 illud
1399 2262 1413 2302 :
1450 2270 1476 2296 α
1505 2246 1633 2320 Ipse
1687 2248 1844 2303 enim
1908 2253 2144 2319 peccata

489 2340 692 2392 nostra
719 2334 872 2391 tollit
901 2335 1514 2405 ‘3.»Quemadmodum
1543 2335 1721 2407 igitur
1751 2343 2054 2407 peccatum
2087 2341 2145 2393 et

491 2424 868 2481 maledictum
905 2424 1092 2479 factus
1123 2428 1231 2489 est,
1275 2424 1400 2480 sine
1458 2429 1655 2480 tamen
1714 2426 2091 2483 conversione
2126 2443 2138 2483 :

487 2513 571 2569 ita
627 2518 683 2568 et
730 2528 862 2568 caro
921 2512 1107 2567 factus
1163 2518 1266 2578 est,
1311 2513 1508 2567 nonin
1541 2529 1775 2569 carnem
1803 2530 2140 2587 conversus,

490 2602 592 2657 sed
625 2600 708 2656 illi
742 2601 965 2656 unitas.
998 2603 1187 2671 Atque
1217 2600 1352 2656 hinc
1376 2606 1466 2659 est
1498 2602 1649 2672 quod
1686 2601 1859 2661 homo
1908 2619 2143 2676 quoque

491 2706 594 2761 per
624 2690 798 2745 ﬁdem
830 2693 886 2744 et
914 2689 1161 2762 gratiam
1194 2689 1309 2744 Deo
1342 2690 1803 2760 conglutinatus,
1837 2707 1991 2749 unus
2021 2690 2139 2762 spi-

489 2779 638 2835 ritus
669 2778 917 2832 dicatur.
948 2800 973 2827 ‹‹
1030 2777 1137 2840 Qui
1192 2776 1448 2832 adhaeret
1502 2777 1769 2848 Domino,
1830 2778 1929 2847 ait,
1989 2796 2142 2836 unus

487 2868 733 2938 spiritus
764 2871 853 2922 est
882 2867 927 2900 ⁵⁸
960 2882 973 2920 :
1011 2890 1034 2921 ι
1072 2881 1187 2920 non
1220 2866 1371 2936 quod
1408 2864 1581 2921 homo
1616 2866 1674 2923 in
1702 2868 1936 2922 deitatis
1968 2874 2139 2924 natu-

489 2973 613 3011 ram
646 2971 960 3011 conversus
991 2954 1088 3016 sit,
1125 2955 1226 3010 sed
1256 2954 1411 3025 quod
1467 2956 1755 3025 ejusmodi
1812 2956 2143 3029 conjunctio

490 3044 859 3115 spiritualem
917 3042 1261 3114 dignitatem
1332 3042 1443 3113 ipsi
1512 3043 1778 3100 tribuat.
1840 3044 2141 3101 Consimili

490 3134 687 3202 modo,
718 3155 746 3182 ‹‹
781 3132 1040 3187 Verbum
1073 3147 1205 3186 caro
1251 3134 1468 3187 factum
1527 3154 1554 3181 ››

489 3221 682 3276 carnis
733 3225 1002 3276 naturam
1062 3235 1428 3287 conversum,
1487 3221 1588 3276 sed
1646 3222 1806 3279 carni
1854 3222 2136 3279 unitum:

487 3309 987 3380 quemadmodum
1020 3308 1195 3363 homo
1227 3324 1461 3378 quoque
1494 3312 1606 3364 Deo
1639 3310 1950 3385 copulatus
2003 3312 2138 3383 Spi—

486 3397 637 3452 ritus
694 3412 820 3453 esse
872 3395 1230 3463 dicitur,non
1263 3396 1416 3465 quod
1448 3396 1840 3455 substantiam
1874 3401 2141 3461 amiserit

485 3485 908 3557 pr0priam,sed
935 3484 1089 3555 quod
1122 3484 1178 3538 in
1208 3483 1459 3556 Spiritus
1511 3487 1982 3545 communionem
2044 3506 2138 3545 ve-

482 3574 652 3630 nerit.
676 3574 811 3638 Quae
842 3577 982 3629 sunt
1014 3572 1484 3628 adversariorum
1515 3574 1788 3646 argutiae?
1820 3578 1981 3641 Quod
2014 3582 2139 3633 erat

484 3664 722 3729 mansit,
754 3662 909 3735 quod
951 3679 1065 3717 non
1094 3666 1219 3717 erat
1250 3662 1440 3718 factus
1471 3667 1580 3719 est.
1616 3664 1801 3735 Igitur
1827 3670 1931 3721 aut
1952 3666 2139 3722 divisa

483 3758 573 3809 est
603 3757 814 3809 natura
844 3750 1165 3819 individua,
1189 3755 1245 3806 et
1275 3769 1409 3824 pars
1441 3751 1678 3824 quidem
1733 3770 1848 3809 una
1895 3755 2136 3824 mansit,

482 3841 665 3899 altera
722 3845 946 3896 mutata
993 3846 1120 3907 est;
1179 3846 1281 3895 aut
1335 3844 1524 3897 totum
1577 3847 1866 3901 mutatum
1898 3848 2140 3914 est,aut

482 3933 677 4004 specie
708 3931 923 3985 factum
958 3934 1065 3996 est,
1101 3934 1203 3984 aut
1233 3929 1345 3984 dici
1376 3928 1478 3985 illa
1507 3930 1746 4002 quidem
1777 3933 2012 3999 debent,
2040 3933 2130 3990 in-

478 4020 663 4092 telligi
696 4036 811 4076 non
843 4020 1075 4074 debent.
1111 4018 1251 4083 Quis
1281 4018 1461 4090 igitur
1489 4020 1647 4077 verbi
1706 4021 1851 4077 nihil
1910 4023 2137 4095 signiﬁ-

482 4108 669 4164 cantis
729 4107 916 4164 usus?
944 4108 1160 4163 Verum
1188 4111 1253 4161 ut
1285 4108 1358 4161 ab
1386 4106 1553 4165 initio
1582 4109 1861 4167 traditum
1894 4116 2003 4182 est,
2036 4112 2134 4167 {ir-

484 4212 646 4253 mum
679 4201 851 4266 est,et
874 4197 1029 4267 quod
1050 4196 1273 4251 dictum
1292 4200 1466 4260 est,et
1480 4197 1632 4268 quod
1652 4198 2137 4258 velutobscurum

481 4285 618 4341 inde
647 4285 1049 4356 consequitur.
1068 4286 1286 4356 Estque
1316 4284 1717 4356 interpretatio
1747 4288 2055 4360 perspicua
2083 4294 2141 4346 et

484 4374 777 4430 sententia
807 4373 924 4444 pia,
956 4377 1012 4428 et
1041 4373 1194 4444 quod
1230 4373 1351 4427 ﬁeri
1389 4390 1502 4429 non
1552 4380 1765 4445 potest,
1820 4377 2138 4449 expugnari

485 4480 601 4518 non
649 4467 858 4535 potest.
891 4460 1045 4516 Nihil
1080 4461 1174 4517 hic
1206 4462 1502 4529 indecens,
1538 4479 1642 4519 nec
1672 4466 1995 4521 contradici
2027 4467 2140 4523 (ide

2251 1894 2393 1948 οὕτω
2423 1893 2512 1947 καὶ
2545 1893 2671 1966 σὰρξ
2703 1890 2938 1967 ἐγένετο,
2969 1890 3069 1945 οὐκ
3127 1890 3202 1953 εἷς
3249 1889 3453 1960 ταύτην
3511 1885 3849 1960 μεταϐληθεὶς,

2248 1983 2417 2057 ταύτῃ
2469 1979 2525 2037 δὲ
2573 1981 2810 2046 ὲνωθείς.
2864 1981 3132 2035 Ἐντεῦθεν
3181 1978 3272 2034 καὶ
3320 1979 3627 2054 ἅνθρωπος,
3658 1982 3758 2051 Θεῷ
3783 1974 3848 2030 διὰ

2250 2072 2480 2132 πίστεως
2526 2068 2829 2139 κολληθεὶς
2886 2069 2976 2123 καὶ
3029 2069 3282 2144 χάριτος,
3328 2064 3385 2125 ἓν
3430 2066 3636 2143 λέγεται
3662 2063 3848 2135 πνευμα·

2253 2186 2279 2212 ‹‹
2311 2167 2364 2215 Ὁ
2412 2157 2768 2233 κολλώμενος
2816 2159 2896 2229 τῷ
2944 2157 3155 2233 Κυρίῳ,
3210 2181 3237 2207 ››
3288 2155 3480 2235 φησὶν,
3530 2179 3558 2207 (ι
3600 2153 3651 2209 ἓν
3679 2152 3851 2223 πνεῦμα

2252 2250 2411 2305 ἐστιν·
2452 2273 2478 2305 υ
2539 2248 2646 2323 οὐχ
2693 2248 2769 2313 ὡς
2814 2250 2911 2303 τοῦ
2954 2245 3244 2322 ἀνθρώπου
3276 2244 3352 2309 εἷς
3381 2247 3481 2314 τὴν
3513 2251 3607 2314 τῆς
3638 2243 3846 2311 θεότητος

2252 2339 2407 2417 φύσιν
2466 2332 2971 2410 μεταϐαλλομένου·
3038 2333 3164 2391 ἀλλ’
3216 2334 3291 2396 ὡς
3330 2341 3433 2405 τῆς
3474 2332 3712 2401 τοιαύτης
3760 2351 3848 2384 ουν-

2251 2427 2435 2505 αφείας
2489 2427 2586 2495 τὴν
2619 2425 2988 2496 πνευματικὴν
3030 2422 3178 2493 ἀξίαν
3213 2422 3362 2493 αὐτῷ
3397 2420 3743 2499 δωρουμένης.
3768 2418 3844 2471 Τὸν

2251 2516 2409 2573 αὐτὸν
2478 2512 2535 2569 δὲ
2590 2514 2789 2589 τρόπον
2838 2514 2926 2569 καὶ
2976 2514 3003 2566 ὁ
3052 2511 3250 2586 Λόγος,
3311 2511 3416 2566 οὐκ
3446 2509 3519 2571 εἷς
3550 2507 3726 2584 σαρκός
3771 2526 3843 2577 με-

2248 2604 2408 2673 τέστη
2469 2601 2647 2679 φύσιν,
2706 2599 2832 2656 ἀλλ’
2890 2600 3107 2661 ὶνωθεὶς
3164 2600 3345 2674 σαρκὶ,
3408 2600 3534 2675 σὰρξ
3565 2598 3755 2671 λέγεται
3779 2614 3844 2668 γει

2252 2693 2485 2766 γονέναι·
2519 2691 2681 2753 καθὸς
2710 2688 2797 2744 καὶ
2832 2687 3116 2763 ἅνθρωπος
3160 2687 3464 2757 κολληθεὶς
3513 2691 3622 2759 Θεῷ
3674 2687 3846 2755 πνεῦμι

2254 2780 2491 2855 λέγεται,
2522 2782 2681 2850 εἶναι,
2718 2780 2793 2851 μὴ
2823 2779 2922 2846 τὴν
2956 2777 3153 2833 οἰκείαν
3188 2776 3369 2832 οὐσίαν
3424 2770 3720 2843 ἀποϐαλὼν,
3766 2772 3843 2836 τήν

2250 2868 2535 2925 κοινωνίαν
2596 2865 2654 2923 δὲ
2697 2862 3047 2942 προσλαϐών.
3099 2864 3273 2923 Ἀλλὰ
3302 2866 3355 2920 τί
3385 2867 3447 2919 τὸ
3477 2864 3631 2941 σοφὸν
3656 2867 3747 2916 τῶν
3773 2859 3841 2913 ἆνο

2248 2958 2617 3032 τιλεγόντων;
2666 2960 2911 3029 ’Ἐμεινεν
2959 2955 2989 3010 ὅ
3043 2957 3132 3026 ἦν·
3188 2954 3401 3030 ἐγένετο
3454 2954 3483 3008 ὅ
3535 2952 3627 3008 οὐκ
3652 2948 3845 3021 {prspi-

2252 3046 2410 3122 ρίσθη
2442 3049 2478 3117 ἡ
2512 3044 2802 3121 ἀμέριστος
2857 3044 3033 3123 φύσις,
3066 3044 3156 3099 καὶ
3202 3043 3266 3098 τὸ
3326 3043 3420 3108 μὶν
3482 3042 3637 3110 αὐτῆς
3684 3037 3842 3109 ἔμεινε,

1614 3132 1848 3204 dicitur,
1907 3151 2021 3191 non
2080 3136 2138 3193 in

2251 3137 2313 3192 τὸ
2344 3134 2401 3192 δὲ
2453 3129 2874 3208 μεταϐέϐληται·
2928 3132 2965 3203 ἥ
2996 3135 3059 3188 τὸ
3090 3138 3190 3187 πᾶν
3243 3127 3658 3206 μεταϐέϐληται.
3685 3123 3843 3234 ἧκατά

2249 3224 2470 3293 δόκησιν
2548 3223 2781 3299 γέγονεν,
2854 3223 2890 3293 ἢ
2944 3220 3194 3295 λέγεσθαι
3256 3220 3351 3292 μὲν
3425 3215 3622 3296 ὀφείλει
3671 3211 3841 3299 irritam.

2246 3316 2479 3371 νοεῖσθαι
2512 3297 2571 3368 δὲ
2600 3297 2707 3387 οὐχ
2736 3309 2984 3387 ἁρμόζει.
3019 3310 3119 3365 Καὶ
3145 3309 3230 3372 τίς
3272 3308 3438 3385 χρεία
3488 3306 3655 3380 Λόγου
3707 3297 3839 3387 μηδὲν

2249 3385 2845 3477 σημαίνοντοςξδΑλΥ
2878 3400 2954 3461 ὡς
3003 3398 3092 3453 ἀπ’
3141 3398 3322 3473 ἀρχῆς
3378 3385 3841 3477 παραδέδοται,γκαὶ

2245 3494 2309 3549 τὸ
2330 3476 2628 3567 εἰρημένον
2661 3484 2900 3565 βέϐαιον,
2949 3487 3040 3543 καὶ
3069 3487 3133 3542 τὸ
3182 3485 3484 3541 ἀκόλουθον
3533 3485 3603 3545 ὡς
3654 3476 3841 3547 ἄδηλον,

2246 3582 2338 3637 καὶ
2436 3578 2696 3655 ἑρμηνεία
2728 3578 2926 3655 σαφὴς,
2973 3578 3065 3631 καὶ
3095 3578 3130 3647 ἡ
3163 3572 3377 3630 διάνοια
3408 3568 3643 3641 εὐσεϐὴς,
3673 3566 3747 3621 καὶ
3791 3564 3839 3665 το

2246 3668 2505 3725 ἀδύνατον
2560 3664 2800 3742 ἄμαχον,
2849 3666 2940 3721 καὶ
2987 3665 3053 3721 τὸ
3102 3664 3364 3739 εὐπρεπὲς
3412 3661 3840 3735 συνυπάρχον.καῐ

2245 3759 2309 3814 τὸ
2366 3757 2673 3828 ἀξιόπιστον
2737 3755 2797 3810 ἐκ
2851 3753 3078 3810 πολλῶν
3138 3752 3428 3829 μαρτύρων
3488 3744 3839 3822 ἀναντίρρητον,

2247 3846 2336 3903 καὶ
2365 3847 2428 3902 τὸ
2460 3848 2718 3923 ἄτρεπτον
2751 3852 2851 3914 τῆς
2884 3843 3145 3914 Οεὸτητος
3188 3841 3417 3912 ἄσυλον,
3463 3839 3549 3896 καὶ
3601 3836 3656 3890 τὸ
3705 3833 3840 3891 πάθος

2245 3940 2342 3992 τοῦ
2383 3920 2688 4013 λεγομένου
2717 3938 2873 4004 ναοῦ,
2906 3932 2968 3987 οὐ
3022 3936 3120 3987 τοῦ
3163 3930 3474 4006 ἐγείραντος
3522 3931 3668 3982 τοῦτο
3717 3920 3838 4019 Θεοῦ,

2251 4026 2390 4099 Πρὸς
2422 4020 2636 4085 τοῦτοις
2704 4019 2829 4078 οὐδὲ
2886 4024 2921 4090 ἡ
2980 4019 3244 4096 Παρθίνος
3284 4024 3490 4075 νοεῖται
3523 4018 3689 4090 μήτηρ
3736 4018 3842 4061 κατα

2245 4114 2340 4170 τὸν
2395 4113 2609 4168 ἐκείνων
2644 4112 2837 4187 λόγον.
2868 4108 3035 4183 Εἴπερ
3066 4109 3251 4164 ἑαυτὸν
3286 4110 3315 4164 ὁ
3360 4108 3537 4183 Λόγος
3583 4105 3732 4177 σάρκα
3770 4113 3845 4148 πε·

2247 4203 2494 4273 ποίηκεν,
2527 4202 2588 4257 οὐ
2621 4203 2791 4278 σάρκα
2821 4195 3005 4256 λαϐὼν
3034 4199 3083 4272 ἐξ
3124 4198 3290 4267 αὐτῆς
3342 4193 3691 4273 προελήλυθε.
3715 4187 3843 4280 ⁵Πίῖιξ

2248 4291 2352 4366 γὰρ
2387 4293 2593 4366 μήτηρ,
2626 4274 2877 4357 ἦςόὐδεν
2908 4288 2970 4342 τὸ
3018 4286 3207 4361 τεχθὲν
3271 4283 3608 4361 ἐπιφέρεταη
3662 4274 3763 4366 Hii):
3808 4274 3828 4319 ἀ

2463 4361 2689 4454 λεχθείη
2740 4377 2960 4440 τοκετὸς
3008 4378 3044 4445 ἡ
3106 4372 3260 4444 δίκην
3325 4372 3571 4441 σωλῆνας
3614 4361 3841 4459 *ἀνοίκειος

2249 4465 2527 4544 παροὸος;
2589 4470 2789 4528 Σκεῦος
2847 4462 2936 4520 οὖν
3013 4468 3285 4533 ποιοῦσιν,
3368 4461 3431 4516 οὐ
3502 4455 3708 4532 μητέρα,
3740 4455 3844 4544 κτήν

481 4534 833 4621 dignissimo
866 4547 1242 4621 plurimorum
1256 4553 1569 4619 martyrum
1591 4552 1915 4609 testimonio
1928 4560 2139 4626 potest.

2252 4554 2407 4631 ἁγίαν
2462 4554 2751 4630 Παρθένον.
2806 4554 2905 4609 Καὶ
2951 4550 3079 4608 ούδὶ
3121 4556 3283 4607 τοῦτο
3335 4549 3576 4605 δύνανται
3631 4534 3841 4631 συνιδεῖν,

485 4639 655 4697 Salva
686 4643 883 4695 manet
911 4644 968 4693 et
1003 4638 1325 4695 divinitatis
1356 4638 1829 4710 immulabilitas,
1862 4648 1920 4697 et
1948 4646 2142 4715 passio

485 4728 710 4795 templi,
744 4732 811 4783 ut
840 4732 1067 4795 vocant,
1099 4744 1213 4783 non
1243 4744 1375 4782 vero
1409 4728 1750 4784 suscitantis
1815 4729 1958 4787 illud
2019 4732 2139 4788 Dei.

484 4818 633 4883 Quid
667 4818 822 4889 quod
856 4816 1180 4873 secundum
1214 4817 1457 4888 istos,ne
1488 4822 1674 4873 mater
1703 4818 1941 4889 quidem
1970 4820 2147 4879 fuerit

483 4907 681 4979 Virgo.
713 4905 773 4961 Si
804 4906 960 4961 enim
994 4906 1250 4961 Verbum
1281 4906 1546 4977 seipsum
1579 4906 1716 4962 fecit
1746 4924 2006 4976 carnem,
2026 4928 2143 4967 non

484 5013 552 5053 ex
581 4995 685 5052 illa
716 5012 952 5051 carnem
985 4996 1341 5052 assumendo
1373 4996 1607 5066 prodiit.
1641 4998 1941 5062 Quomodo
1984 5000 2142 5056 enim

487 5089 696 5154 mater,
760 5086 930 5157 cujus
992 5086 1147 5156 quod
1198 5089 1401 5141 natum
1436 5089 1542 5151 est,
1578 5084 1724 5142 nihil
1758 5103 1958 5144 secum
1990 5090 2143 5149 496

483 5174 694 5230 affert?
752 5174 1052 5237 Quomodo
1113 5179 1316 5245 partus
1390 5173 1619 5229 dicatur
1674 5180 1988 5233 extraneas
2049 5177 2145 5234 ille

480 5264 650 5336 quasi
714 5280 815 5335 per
844 5262 1109 5318 canalem
1145 5262 1427 5317 transitus
1448 5261 1476 5316 ?
1506 5262 1631 5317 Non
1664 5263 1845 5335 igitur
1876 5265 2142 5335 Matrem,

483 5355 583 5410 sed
616 5370 718 5409 vas
748 5352 973 5408 faciunt
1004 5351 1296 5421 Virginem
1354 5355 1642 5408 sanctam.
1698 5353 1848 5416 Quin
1909 5370 1981 5410 ne
2038 5355 2145 5413 hoc

481 5443 721 5515 quidem
766 5440 1224 5513 perspiciunt,se
1255 5440 1482 5496 dictum
1512 5438 1981 5509 illud,«Verbum
2011 5462 2146 5503 caro

554 5657 600 5692 ιε
627 5657 674 5712 ιι
699 5662 826 5747 Cor.
856 5645 909 5725 v‘,
942 5656 1035 5711 21.
1108 5654 1157 5691 ω
1186 5654 1299 5712 lsa.
1330 5670 1452 5725 un,
1485 5655 1572 5711 ιο.
1649 5655 1699 5693 ιι
1725 5660 1751 5712 ι
1784 5656 1916 5714 Cor.
1945 5674 2024 5729 Vl,
2059 5660 2144 5716 ιτ.

2254 4620 2336 4701 ὅτι
2382 4645 2446 4701 τὸ
2478 4670 2505 4696 ‹‹
2537 4620 2599 4702 ε,Ο
2649 4644 2824 4719 Λόγος
2872 4643 3001 4719 σὰρξ
3041 4642 3250 4717 ἐγένετο
3291 4664 3319 4693 ››
3376 4640 3493 4695 καθ’
3522 4635 3700 4691 ὲαυτῶν
3727 4620 3842 4721 im"

2253 4733 2349 4789 λον
2382 4730 2813 4810 προϐάλλονται.
2873 4732 2938 4790 El
3002 4732 3095 4805 μὲν
3156 4731 3260 4806 γὰρ
3293 4727 3466 4790 ἄλλος
3497 4727 3523 4780 ὁ
3552 4721 3726 4815 λέγοςτ
3757 4727 3839 4815 ,καί

2255 4822 2395 4881 ἄλλο
2427 4806 2577 4898 σὰρξ,
2636 4820 2755 4889 δύο,
2807 4820 2896 4877 καὶ
2948 4820 3056 4895 οὐχ
3100 4818 3179 4875 ἕν’
3221 4819 3269 4873 εἰ
3317 4815 3377 4872 δὲ
3420 4817 3483 4871 τὸ
3511 4809 3628 4901 αόςεὸ
3655 4806 3679 4901 ξ)
3706 4806 3843 4901 ιβξγθξ

2253 4909 2343 4965 καὶ
2369 4912 2405 4979 ἡ
2438 4892 2590 4985 σάρξ,
2622 4907 2683 4962 τὸ
2712 4932 2741 4959 ιι
2792 4892 3055 4982 Ἐγένετο*
3087 4931 3117 4960 »
3152 4904 3401 4961 λέλυται.
3434 4901 3502 4956 Οὐ
3532 4897 3621 4975 γὰρ
3652 4892 3840 4985 ὁηλίξγιξε

2254 4967 2429 5075 Λόγους
2477 4967 2703 5073 ἐγένετο·
2754 4995 2817 5052 τὸ
2866 4967 2925 5051 δί
2955 4995 3006 5051 ὲν
3036 4999 3116 5067 τῷ
3140 4992 3286 5066 αὖτῷ
3315 4991 3371 5047 δν
3408 4967 3616 5046 aut"
3646 4967 3843 5075 Oﬁxfﬁ.

2254 5108 2392 5143 νετο.
2450 5093 2609 5142 Ὥστε
2665 5086 2874 5161 ἀνάγκη
2933 5086 2970 5154 ἢ
2994 5086 3057 5139 τὸ
3091 5107 3121 5139 α
3172 5081 3418 5157 Ἐγένετο
3451 5102 3478 5131 ››
3509 5069 3838 5161 ἂνπρςπῆναιι

2254 5178 2288 5245 ἦ
2316 5177 2416 5239 τὰς
2451 5173 2547 5231 δύο
2578 5155 3339 5253 φόσειςνὸμολογηθῆναιξτὸ
3366 5170 3466 5245 γὰρ
3523 5190 3549 5219 α
3579 5155 3838 5253 Ἐγίνετο-ἠ

2255 5265 2391 5320 κατὰ
2436 5265 2498 5319 τὸ
2540 5264 2765 5335 ἀληθῶς
2817 5262 3140 5342 φαινόμενον
3191 5258 3405 5336 εἴρηται
3453 5255 3577 5330 πρὸς
3624 5247 3708 5350 τὴν
3754 5250 3836 5290 των

2256 5355 2505 5428 ὁρώντων
2570 5354 2872 5428 ὑπόληψιν,
2934 5354 3271 5428 ἄγνοοῦντων
3332 5349 3423 5405 τὸν
3483 5344 3554 5418 μὴ
3605 5339 3834 5426 ὁρώμενῗν

2256 5445 2386 5502 Θεὸν
2442 5444 2614 5521 Λόγον
2672 5445 2817 5502 τότε.
2868 5446 3074 5518 ’Ὠσπερ
3133 5441 3221 5498 ἐάν
3279 5461 3365 5505 τις
3406 5432 3620 5511 εὔδηληο
3670 5430 3835 5489 ποιμην
