4086 6214
296 354 444 415 1349

1032 352 1587 414 CONFUTATION
1599 351 1691 417 ES
1735 350 2242 420 QUARUMDAM
2288 354 2929 421 PBOPVOSITIONUM
2944 398 2959 412 .

3548 356 3706 415 1350

284 477 559 556 πρόϐατον
620 482 670 552 ἑξ
724 479 917 556 ἀνδρὸς
977 476 1419 554 μεταϐέϐληταυ
1481 479 1627 537 ἀλλὰ
1697 482 1935 555 καθάπερ

2070 484 2272 538 'actum
2304 480 2413 551 est,
2453 509 2471 534 η
2510 491 2711 542 contra
2742 486 3089 555 semetipsos
3123 490 3414 556 torquere.
3458 486 3517 540 Si
3546 487 3703 540 enim

286 567 558 643 πρόϐατον
619 570 670 640 ἐξ
727 569 917 644 ἀνδρὸς
967 570 1191 641 ἀληθῶς
1250 568 1557 637 ἐνεδύσατο,
1608 569 1670 627 οὐ
1728 568 1937 651 φύσεως

289 660 490 739 ἀνάγκῃ
542 659 804 731 ακουσίῳ,
854 660 998 717 ἄλλὰ
1046 659 1415 736 προαιρέσεως
1464 660 1657 733 γνώμῃ
1710 658 1799 715 καὶ
1852 656 1937 713 εὐ-

291 746 451 819 δοκία
494 747 680 820 μόνον.

2054 569 2206 625 aliud
2244 572 2519 639 Verbum,
2554 572 2712 628 aliud
2764 589 2897 627 caro
2933 591 2945 627 :
2981 574 3096 627 duo
3127 580 3286 638 sunt,
3331 589 3444 627 non
3495 590 3704 639 unum,

2053 659 2111 713 Si
2144 660 2385 715 verbum
2418 670 2471 715 el
2503 678 2635 716 caro
2666 662 2821 715 idem
2850 667 3009 723 sunt.
3033 662 3253 717 corruit
3281 678 3383 716 vox
3412 684 3437 711 ι(
3464 661 3700 715 Factum

2054 752 2163 803 est.
2202 768 2231 799 ››
2282 754 2481 820 Neque
2529 752 2687 805 enim
2738 749 2996 804 Verbum
3042 752 3261 805 factum
3311 756 3400 805 est
3449 749 3702 804 Verbum

291 840 453 904 Quod
488 856 619 895 vero
654 856 835 894 unum
868 839 1165 911 quoddam
1205 843 1309 905 est,
1340 838 1498 897 aliud
1546 837 1681 908 quid
1740 853 1851 893 non
1884 835 2244 893 estfactum.
2296 837 2479 908 Igitur
2530 854 2765 894 necesse
2818 844 2909 894 est
2957 843 3019 892 ut
3068 838 3152 893 vel
3185 837 3353 903 illud,
3410 861 3428 887 α
3466 838 3704 893 Factum

294 933 405 996 est,
440 950 467 977 ››
502 927 956 999 proscribamus,
991 926 1076 983 vel
1110 933 1258 987 duas
1287 942 1417 983 esse
1442 930 1684 987 naturas
1728 925 2111 981 afﬁrmemus.
2164 923 2526 981 Vocabulum
2557 926 2711 981 enim
2745 947 2772 975 «
2823 927 3063 980 Factum
3116 930 3225 993 est,
3254 947 3280 978 ιι
3318 925 3530 979 dicitur
3560 942 3705 995 qua-

295 1023 466 1072 tenus
500 1033 695 1073 revera
724 1016 1015 1087 apparuit,
1051 1020 1118 1072 ut
1148 1016 1185 1070 ii
1218 1015 1320 1087 qui
1349 1014 1636 1073 vidissent
1664 1015 1940 1069 certiores
1982 1012 2208 1080 fierent,
2258 1014 2360 1085 qui
2410 1015 2636 1069 scilicet
2684 1020 2809 1069 tum
2865 1014 3150 1085 temporis
3194 1019 3375 1070 Deum
3430 1013 3712 1096 Verbum,

295 1106 452 1176 quod
487 1104 730 1163 minime
758 1104 1085 1173 videbatur,
1116 1104 1475 1177 ignorarent.
1512 1104 1579 1161 Ut
1610 1103 1659 1161 si
1691 1102 1825 1172 quis
1857 1100 2067 1163 dixerit
2100 1119 2112 1156 :
2145 1102 2350 1158 Pastor
2381 1102 2480 1158 ille
2511 1104 2581 1158 de
2608 1103 2727 1159 viro
2760 1105 2819 1157 in
2861 1119 3024 1159 ovem
3062 1108 3325 1158 mutatus
3356 1108 3463 1168 est,
3498 1119 3710 1173 nempe

294 1199 588 1264 quatenus
618 1209 812 1249 revera
844 1210 1008 1249 ovem
1039 1193 1253 1258 induit,
1294 1210 1408 1249 non
1462 1194 1814 1251 necessitate
1861 1190 2115 1261 quadam
2164 1195 2387 1249 natura;
2444 1192 2856 1257 involuntaria,
2892 1192 2991 1247 sed
3033 1190 3270 1246 consilio
3320 1193 3606 1261 duntaxat
3654 1196 3713 1245 et

298 1286 505 1353 sponte
536 1297 662 1339 sua.

442 1482 580 1557 Πρὸς
608 1483 736 1544 τοὺς
769 1482 1029 1557 λέγοντας
1064 1482 1189 1555 μίαν
1222 1482 1378 1561 φύσιν
1410 1482 1495 1537 ἐπὶ
1532 1486 1784 1558 Χριστοῦ.

368 1593 489 1649 Πῶς
522 1586 611 1643 οὖν
644 1585 895 1661 τολμῶσί
924 1609 1087 1657 τινες,
1126 1590 1261 1661 μετὰ
1287 1589 1350 1643 τὸ
1382 1586 1666 1664 δειχθῆναι
1704 1583 1799 1640 δύο
1854 1585 1947 1638 τὸν

296 1677 473 1755 Λόγον
505 1677 592 1731 καὶ
622 1678 721 1745 τὴν
756 1676 940 1753 σάρκα,
973 1682 1081 1731 τῶν
1115 1674 1209 1731 δύο
1242 1676 1448 1754 φύσεων
1504 1671 1790 1731 ἐκϐάλλειν
1841 1676 1941 1742 τὴν

306 1763 571 1833 σύνοδονς
621 1766 813 1827 πάσαις
894 1765 1199 1841 μαχόμενοι
1265 1771 1385 1827 ταῖς
1446 1764 1618 1841 ἁγίαις
1694 1768 1949 1841 Γραφαῖς,

306 1860 477 1909 πᾶσαν
536 1849 688 1929 ὕϐριν
752 1852 1043 1928 ἐπάγοντες
1100 1857 1169 1927 τῇ
1231 1848 1536 1929 ἁνυϐρίστῳ
1586 1851 1761 1929 φύσει,
1793 1848 1952 1905 παντὶ

2852 1397 2939 1452 IV.

2062 1484 2324 1539 Adversus
2353 1475 2555 1556 eos'qui
2573 1502 2742 1540 unam
2762 1487 2823 1540 in
2856 1485 3070 1540 Christo
3091 1488 3357 1539 naturam
3377 1500 3493 1539 esse
3507 1484 3717 1539 dicunt.

2133 1592 2449 1663 Postquam
2482 1591 2664 1663 igitur
2687 1592 2801 1646 duo
2829 1607 2959 1646 esse
2993 1590 3246 1645 Verbum
3272 1595 3327 1645 et
3358 1607 3592 1645 carnem
3622 1591 3718 1644 de-

2066 1684 2453 1734 monstratum
2488 1685 2595 1745 est,
2632 1680 2773 1752 quid
2805 1684 2895 1734 est
2924 1696 3031 1733 cur
3060 1682 3311 1733 duarum
3347 1676 3719 1749 conjunctio-

2064 1784 2193 1822 nem
2229 1774 2571 1822 naturarum
2605 1767 2845 1838 quidam
2871 1768 3109 1837 rejicere
3138 1785 3252 1822 non
3286 1765 3598 1822 dubitant?
3619 1764 3718 1837 qui

2066 1857 2280 1911 bellum
2312 1856 2626 1929 Scripturis
2658 1856 2878 1911 sanctis
2933 1857 3213 1922 inferunt,
3267 1862 3538 1911 naturam
3573 1853 3719 1910 nulli

301 1941 630 2022 φθονοῦντες
690 1945 766 2013 τῷ
815 1943 955 2016 γὲνει
1012 1947 1120 1997 τῶν
1154 1943 1449 2018 ἀνθρώπων
1502 1941 1624 2016 περὶ
1663 1948 1763 2010 τῆς
1822 1938 1953 1994 Θεία⁴

2077 1945 2385 2001 obnoxiam
2435 1946 2661 2017 injuriae
2712 1944 3085 2001 contumeliis
3125 1946 3409 2013 afficiunt,
3462 1945 3717 2000 divinam

302 2031 786 2107 ἐνανθρωπήσεως·
838 2031 1041 2085 ἅπασαν
1100 2030 1431 2107 προφητείαν
1487 2028 1687 2100 ταύτης
1746 2024 1957 2084 ἐκϐάλ-

306 2120 517 2188 λουσιν,
551 2121 603 2174 οἱ
634 2120 696 2173 τὸ
727 2117 955 2175 διπλοῦν
1006 2125 1112 2174 τῶν
1163 2120 1369 2199 φύσεων
1422 2120 1746 2184 ἀθετοῦντες.
1782 2119 1960 2173 Πάντα

301 2208 401 2264 ὅσα
456 2209 837 2284 ταπεινότερον
900 2206 1107 2281 εἷ’ρηται
1164 2211 1233 2282 τῇ
1294 2209 1446 2289 φύσει
1528 2206 1800 2284 δεχόμενα
1856 2214 1954 2277 τῆς

238 2318 243 2323 ·
298 2298 517 2372 σαρκὸς,
547 2302 707 2375 τηρεῖ
735 2301 831 2351 τοῦ
874 2296 1053 2370 Λόγου
1104 2297 1199 2365 τήν
1245 2295 1397 2367 δόξαν
1450 2298 1717 2374 ἀκέραιον·
1751 2296 1952 2367 ταύτης

296 2380 738 2461 ἐκϐαλλομένης,
802 2387 1000 2461 ἀνάγκη
1082 2387 1255 2440 πάντα
1330 2383 1650 2461 συνδραμεῖν
1731 2384 1805 2447 εἷς
1866 2387 1953 2440 τὸν

302 2474 503 2551 Λόγον.
565 2481 714 2529 Πᾶσα
770 2479 883 2535 τοῖς
936 2475 1242 2551 ἀνθρώποις
1311 2473 1468 2536 ἐλπὶς
1522 2474 1610 2530 καῖ
1678 2473 1954 2549 παρρησία

302 2562 392 2618 διὰ
420 2569 519 2633 τῆς
545 2567 643 2618 τοῦ
676 2562 850 2638 Λόγου
880 2563 1014 2638 πρὸς
1042 2564 1141 2633 τήν
1174 2563 1426 2639 ἀπαρχὴν
1477 2566 1636 2636 ἡμῶν
1690 2562 1949 2623 ἒνώσεως.

307 2653 375 2709 Οἱ
434 2650 493 2706 δὲ
541 2653 631 2706 τὸν
692 2650 863 2727 Λόγον
919 2651 1214 2730 φάσκοντες
1270 2652 1344 2714 εἷς
1412 2650 1577 2727 σάρκα
1639 2652 1949 2730 τετράφθαι,

301 2740 364 2794 τὸ
392 2739 659 2815 καύχημα
708 2744 803 2794 τοῦ
850 2742 1037 2815 γένους
1086 2739 1373 2810 ἐκένωσαν,
1402 2741 1491 2795 καὶ
1548 2741 1641 2802 τὰς
1694 2738 1952 2815 λαμπρὰς

302 2832 466 2903 ἡμῶν
524 2825 746 2891 ἐλπίδας
797 2824 1083 2891 ἀϐεϐαίους
1134 2828 1429 2907 ἀπεφηναν.
1480 2828 1593 2886 Οὐκ
1637 2828 1712 2884 ἔτι
1762 2828 1954 2902 σεμνύ-

302 2939 449 2972 νεται
510 2913 780 2994 Ἀϐραὰμ,
842 2918 940 2974 οὐκ
995 2914 1071 2973 ἔτι
1131 2917 1422 2995 ἀγάλλεται
1497 2914 1680 2972 Δαϐίδ·
1740 2915 1954 2993 ψευδεῖς

304 3008 359 3061 αἱ
408 3006 545 3083 πρὸς
598 3006 754 3062 αὐτὸν
813 3006 1156 3084 ὑποσχέσεις,
1191 3005 1338 3083 ε’ίπερ
1388 3006 1488 3062 οὐκ
1524 3005 1582 3061 ἐκ
1612 3011 1821 3082 καρποῦ
1850 3013 1951 3077 τῆς

302 3094 518 3157 κοιλίας
578 3096 742 3150 αὐτοῦ
800 3097 861 3150 τὸ
915 3098 1050 3150 κατὰ
1106 3097 1273 3171 σάρκα
1322 3093 1590 3151 ἀνίσταται
1624 3095 1651 3149 ὁ
1700 3095 1949 3173 Χριστός’

305 3184 432 3240 ἀλλ’
485 3185 513 3239 ὁ
562 3184 691 3245 Θεὸς
748 3182 941 3263 Λόγος,
1001 3184 1160 3246 αὐτὸς
1224 3183 1407 3240 ἒαυτὸν
1469 3184 1639 3261 σάρκα
1692 3187 1950 3256 ποιήσας,

301 3275 403 3344 τὴν
439 3271 730 3346 ἐπιδημίαν
778 3272 1090 3351 ἐχαρίσατο.
1124 3278 1247 3336 Πῶς
1296 3273 1386 3328 οὖν
1446 3273 1545 3328 οὐκ
1600 3272 1950 3351 αἰσχύνονται

303 3362 393 3417 καὶ
430 3367 663 3441 Γραφαῖς
705 3361 869 3425 θείαις
920 3360 1305 3434 πολεμοῦντες,
1338 3362 1426 3417 καὶ
1468 3363 1776 3436 ἀνθρώποις
1825 3374 1955 3443 φθο-

306 3455 545 3519 νοῦντες,
577 3449 665 3505 καὶ
714 3452 838 3505 Θεὸν
899 3451 972 3512 ὡς
1031 3450 1273 3520 παθητὸν
1340 3451 1811 3530 βλασφημοῦντες,
1867 3449 1956 3505 καὶ

306 3536 523 3615 ψευδεῖς
575 3537 739 3593 αὐτοῦ
786 3537 1108 3617 ἐπαγγελίας
1161 3537 1477 3615 μηνύοντες,
1515 3538 1726 3613 μᾶλλον
1788 3537 1844 3595 δὲ
1896 3539 1956 3594 οὗ

308 3626 527 3702 ψευδεῖς
564 3627 745 3699 μόνον,
781 3625 925 3683 ἀλλὰ
952 3628 1042 3683 καὶ
1074 3627 1350 3705 ἐπιορκίαν
1380 3634 1475 3684 τοῦ
1514 3628 1779 3704 ἀψευδοῦς
1823 3634 1956 3686 Θεοῦ

308 3716 714 3792 καταχέοντεςς
777 3741 804 3768 ‹‹
860 3716 1067 3791 Ὠμοσε
1133 3717 1274 3796 γὰρ,
1352 3718 1523 3796 φησὶ,
1602 3717 1797 3797 Κύριος
1876 3720 1955 3791 τῷ

307 3800 477 3860 Δαϐίδ
526 3804 803 3875 ἀλήθειαν,
835 3805 924 3860 καὶ
975 3805 1035 3860 οὐ
1088 3808 1163 3879 μὴ
1221 3807 1467 3879 ἁθετήσει
1505 3807 1689 3879 αὐτήν·
1725 3806 1783 3863 ἐκ
1826 3828 1954 3884 καρ-

300 3898 414 3947 ποῦ
442 3899 541 3963 τῆς
570 3892 785 3956 κοιλίας
819 3892 982 3948 αὐτοῦ
1012 3894 1225 3958 καθίσαι
1258 3893 1344 3949 ἐπὶ
1371 3900 1468 3950 τοῦ
1499 3896 1692 3972 θρόνου
1715 3897 1900 3952 αὐτοῦ.
1929 3921 1955 3949 ››

301 3979 485 4053 Μηδὲν
516 3979 606 4036 οὖν
638 3982 695 4036 ἐκ
734 3989 833 4052 τῆς
881 3983 1063 4046 οὐσίας
1113 3987 1209 4038 τοῦ
1259 3980 1425 4039 Δαϐὶδ
1475 3983 1797 4061 δεδωκότος,
1832 3985 1958 4043 ἀλλ’

302 4071 366 4125 ἐκ
397 4073 495 4125 τοῦ
528 4070 702 4148 Λόγου
729 4073 1220 4146 καινοτομηθείσης
1268 4075 1483 4151 σαρκὸς,
1515 4074 1604 4129 καὶ
1653 4074 1752 4149 μία
1799 4073 1955 4151 φύσις

300 4160 353 4213 ἐν
384 4157 467 4232 τῷ
512 4160 749 4235 Δεσπότῃ
799 4166 1032 4236 Χριστῷ,
1066 4163 1155 4217 καὶ
1212 4160 1294 4217 δεῖ
1340 4164 1551 4225 πάντως
1598 4162 1754 4218 αὑτὸν
1815 4168 1952 4217 νοεῖν

297 4251 333 4319 ἣ
373 4248 566 4322 Κύριον
596 4252 694 4303 τοῦ
727 4244 891 4304 Δαϐἱδ
922 4253 957 4320 ἢ
986 4252 1119 4306 υἱόνο
1152 4251 1218 4305 τὰ
1266 4252 1369 4330 γὰρ
1420 4248 1515 4305 δύο
1560 4254 1594 4323 ἡ
1651 4250 1748 4326 μία
1799 4251 1954 4330 φύσις

300 4337 403 4392 οὐκ
452 4334 779 4414 ἐπιδεχεται.
813 4338 878 4395 Ei
937 4338 1067 4401 Θεὸς
1129 4339 1307 4414 μόνον,
1342 4339 1404 4394 οὗ
1464 4340 1663 4415 κυρίως
1712 4339 1857 4402 Υἱόςσ
1893 4339 1955 4394 οὗ

293 4426 401 4503 γὰρ
457 4426 632 4503 ἀρχὴν
660 4431 757 4481 τοῦ
788 4427 919 4481 εἶναι
952 4426 1004 4498 ἐξ
1035 4429 1200 4483 αὐτοῦ
1235 4424 1524 4503 Λαμϐάνει·
1559 4427 1684 4483 οὐδὲ
1730 4431 1955 4507 γνήσιος

296 4514 438 4583 υἱὸς,
484 4514 511 4567 ὁ
562 4511 729 4587 μηδὲν
787 4511 929 4591 ἔχων
982 4514 1042 4570 ἐκ
1104 4523 1203 4586 τῆς
1266 4514 1450 4578 ούσίας
1493 4521 1591 4572 τοῦ
1661 4515 1955 4595 λεγομένου

299 4602 531 4678 πατρός.

302 4694 438 4767 ipsa
468 4711 584 4749 non
618 4694 800 4750 trahit
834 4714 847 4751 :
883 4713 988 4753 nec
1011 4714 1143 4753 vero
1202 4714 1520 4771 germanus
1582 4697 1737 4755 [ilius

308 4782 510 4837 habet.

1742 4743 1760 4773 ³

1102 4901 1169 4958 V.

297 5003 627 5093 Upoc'tobc
695 5004 979 5101 λὲγρῦνταξ,
1021 5005 1115 5097 δτι
1165 5007 1228 5100 τὸ
1252 5008 1584 5101 τὸμσλογεῖν
1644 5007 1802 5101 φύσιν
1859 5009 1957 5077 τήν

411 5076 603 5149 σάρκα,
650 5074 880 5151 τετράδα
926 5077 1065 5133 ἐστὶν
1093 5079 1206 5134 ἀντὶ
1252 5074 1494 5152 Τρίάδος’
1527 5074 1837 5156 κηρύττειν.

376 5251 551 5309 Πάλιν
606 5256 706 5325 τήν
760 5254 925 5324 αὐτὴν
991 5257 1312 5333 κακουργίαν
1375 5256 1426 5313 ἐν
1489 5257 1698 5334 ἕτεροις
1753 5257 1960 5333 ῥήμασι

300 5344 457 5419 παρὰ
496 5348 605 5399 τῶν
657 5344 908 5400 ἐναντίων
959 5340 1418 5419 προϐαλλομένην
1480 5347 1614 5421 ὁρῶ.
1658 5348 1803 5407 Ἀνω
1859 5347 1960 5423 γὰρ

308 5431 499 5495 ἁπλῶς
528 5431 792 5505 εἷ’πόντες,
823 5432 921 5491 δύο
949 5434 1105 5497 Υἳοὺς
1137 5434 1367 5511 εἰσάγειν
1394 5434 1522 5500 τοὺς
1555 5435 1607 5491 ἐν
1656 5435 1729 5493 ἑνὶ
1768 5436 1835 5491 τὰ
1866 5432 1962 5493 δύο

305 5519 580 5592 νοοῦντας,
617 5523 832 5601 μορφὴν
865 5529 998 5579 Θεοῦ
1037 5523 1128 5580 καὶ
1164 5526 1379 5603 μορφὴν
1413 5522 1640 5597 δούλου,
1674 5524 1840 5581 πάλιν
1880 5524 1959 5581 ἐν·-

378 5666 426 5703 ιι
456 5666 612 5727 Psal.
641 5686 828 5739 cxxn,
862 5671 949 5730 ιι.

2000 4908 2048 4972 D

2070 2034 2526 2091 incarnationem
2560 2036 2753 2106 generi
2790 2034 3095 2089 hominum
3134 2036 3403 2090 universo
3435 2035 3717 2095 invident:

2067 2129 2353 2195 respuunt
2381 2141 2614 2179 omnem
2647 2125 2717 2179 de
2768 2122 2869 2178 illa
2916 2122 3132 2178 editam
3181 2124 3570 2196 pr0phetiam,
3614 2127 3717 2199 qui

2065 2214 2316 2270 duarum
2331 2213 2605 2269 unionem
2621 2218 2961 2271 naturarum
2974 2213 3720 2290 dissolvunt.Quzecumque

2067 2303 2347 2359 humilius
2378 2304 2448 2359 de
2480 2303 2708 2359 Christo
2740 2304 3037 2374 dicuntur,
3071 2321 3137 2359 ea
3184 2307 3376 2361 carnis
3426 2307 3719 2379 applicata

2064 2398 2304 2461 naturae,
2339 2392 2558 2447 salvam
2591 2391 2764 2448 Verbi
2815 2393 3059 2464 gloriam
3115 2401 3461 2449 conservant
3494 2415 3506 2452 :
3540 2414 3714 2452 carne

2063 2480 2312 2550 sublata,
2349 2482 2405 2535 in
2436 2480 2690 2535 Verbum
2719 2482 2918 2537 omnia
2948 2491 3297 2537 concurrant
3332 2500 3566 2540 necesse
3604 2490 3713 2540 est.

2060 2570 2264 2626 Omnis
2297 2569 2635 2625 hominibus
2663 2586 2798 2640 spes
2830 2575 2918 2625 est
2947 2574 3004 2624 et
3037 2570 3251 2625 fiducia
3280 2588 3347 2626 ex
3375 2571 3546 2629 Verbi
3581 2592 3715 2629 cum

2063 2660 2343 2731 primitiis
2376 2660 2593 2715 nostris
2634 2660 2871 2715 unione.
2908 2660 3013 2725 Οιιί
3038 2677 3169 2715 vero
3210 2661 3464 2717 Verbum
3516 2664 3719 2719 dicunt

2062 2749 2119 2801 in
2154 2765 2383 2803 carnem
2416 2765 2544 2803 esse
2576 2754 2890 2814 mutatum,
2922 2748 3005 2803 illi
3035 2753 3090 2803 et
3109 2749 3513 2821 gloriationem
3542 2769 3718 2824 gene-

2063 2839 2142 2893 ris
2175 2840 2359 2897 nostri
2390 2841 2459 2896 ad
2494 2840 2742 2896 nihilum
2778 2841 3218 2912 redegerunt,et
3248 2843 3580 2914 prmelaram
3608 2861 3714 2899 no-

2063 2934 2245 2984 stram
2278 2945 2442 3002 spem
2480 2927 2862 2983 infirmiorem
2893 2929 3289 2984 reddiderunl.
3312 2930 3436 2986 Non
3462 2931 3718 3003 amplius

2061 3018 2343 3092 gloriatur
2371 3017 2667 3072 Abraham
2704 3036 2715 3072 :
2754 3035 2867 3073 non
2902 3018 3157 3089 amplius
3199 3018 3453 3074 exsultat
3485 3022 3657 3075 David
3698 3037 3710 3073 :

2063 3106 2355 3179 promissa
2384 3107 2455 3162 ad
2482 3106 2649 3160 illum
2677 3106 2825 3160 facta
2849 3106 3154 3161 mendacia
3183 3112 3371 3174 erunt,
3406 3110 3452 3163 si
3476 3110 3713 3180 quidem

2061 3194 2331 3249 Christus
2361 3193 2686 3248 secundum
2738 3210 2971 3248 carnem
3022 3194 3092 3248 de
3118 3194 3307 3248 fructu
3345 3196 3562 3251 ventris
3593 3197 3723 3267 ejus
3776 3204 3779 3207 ’

2067 3298 2183 3337 non
2214 3284 2449 3335 exortus
2480 3282 2657 3336 est.At
2677 3281 2834 3335 enim
2866 3281 3021 3337 Deus
3046 3280 3298 3336 Verbum
3334 3283 3718 3353 semetipsum

2068 3385 2303 3423 carnem
2356 3368 2575 3422 faciens
2644 3385 2747 3421 suo
2798 3385 2903 3422 nos
2955 3369 3203 3422 adventu
3272 3369 3551 3441 dignatus
3610 3374 3718 3425 est.

2068 3455 2367 3521 Quomodo
2400 3456 2578 3527 igitur
2609 3472 2722 3510 non
2758 3455 2933 3526 pudet
2961 3472 3059 3511 eos
3111 3460 3313 3511 contra
3359 3458 3720 3529 Scripturam

2067 3549 2331 3601 sanctam
2355 3543 2573 3599 bellum
2594 3542 3148 3613 facere,hominibus
3178 3544 3517 3617 invidere,in
3543 3547 3723 3601 Deum

2066 3639 2130 3689 ut
2160 3631 2499 3706 passibilem
2520 3632 3381 3704 blasphemare,promissiones
3404 3635 3531 3703 ejus
3555 3650 3718 3687 men-

2069 3722 2219 3778 dacii
2242 3738 2486 3793 arguere
2519 3738 2531 3774 :
2568 3721 2684 3776 imo
2713 3738 2828 3775 non
2864 3721 2968 3775 hoc
3012 3725 3264 3789 tantum,
3296 3721 3396 3775 sed
3431 3727 3487 3775 et
3534 3720 3719 3775 Deum

2067 3812 2286 3882 ipsum,
2315 3812 2418 3881 qui
2451 3809 2682 3865 mentiri
2715 3810 2919 3875 nescit,
2955 3808 3199 3880 perjurii
3234 3808 3601 3864 accusare?«
3624 3809 3725 3863 Ju-

2068 3902 2216 3956 ravit
2269 3902 2446 3966 enim,
2499 3899 2706 3970 inquit,
2790 3898 3075 3952 Dominus
3135 3898 3312 3952 David
3393 3896 3721 3968 veritatem,

2066 3994 2123 4045 et
2152 4007 2266 4044 non
2318 3987 2699 4043 frustrabitur
2741 4004 2868 4041 eam
2907 4004 2918 4040 :
2960 3986 3031 4041 de
3079 3986 3274 4041 fructu
3325 3985 3541 4040 ventris
3594 3986 3723 4054 ejus

2067 4094 2370 4133 sessurum
2406 4092 2581 4147 super
2612 4075 2800 4146 ipsius
2832 4074 3037 4129 throno
3070 4075 3131 4128 δδ.
3166 4096 3193 4124 ››
3246 4078 3385 4128 Cum
3406 4091 3542 4146 ergo
3574 4072 3720 4128 nihil

2068 4166 2224 4222 carni
2260 4166 2330 4219 de
2362 4163 2695 4219 substantia
2726 4180 2832 4219 sua
2851 4163 3030 4217 David
3052 4161 3404 4230 dederit,sed
3422 4179 3489 4218 ex
3508 4162 3720 4234 Verbo,

2067 4271 2215 4310 novo
2248 4254 2504 4327 quodam
2557 4252 2728 4306 modo
2765 4251 2912 4306 facta
2942 4252 3039 4321 sit,
3100 4268 3215 4306 una
3265 4255 3475 4306 natura
3524 4256 3614 4307 est
3665 4252 3721 4305 in

2068 4343 2313 4398 Domino
2345 4341 2592 4409 Christo,
2629 4341 2730 4413 qui
2763 4340 3151 4396 nihilominus
3174 4345 3276 4395 aut
3305 4339 3588 4396 Dominus
3623 4344 3728 4396 aut

2069 4431 2227 4486 ﬁlius
2260 4430 2498 4486 Davidis
2530 4428 2946 4501 intelligendus
2978 4435 3109 4485 est:
3144 4430 3257 4484 duo
3286 4430 3441 4484 enim
3473 4428 3593 4497 illa,
3611 4446 3728 4484 una

2067 4520 2389 4592 eademque
2414 4524 2625 4573 natura
2644 4536 2755 4572 non
2789 4518 3137 4573 admittit.Si
3170 4518 3323 4572 Deus
3347 4522 3726 4585 tantum,non

2070 4610 2302 4681 proprie
2336 4608 2520 4663 Filius
2556 4624 2568 4661 :
2604 4607 2818 4678 quippe
2847 4606 2944 4678 qui
2978 4607 3263 4679 originem
3287 4606 3629 4662 substantiae
3653 4607 3725 4661 ab

1822 4698 1923 4775 qui
1983 4699 2208 4756 nullam
2266 4696 2610 4754 substantia
2668 4697 2797 4766 ejus
2855 4696 2951 4767 qui
3013 4702 3175 4767 pater
3230 4697 3444 4751 dicitur
3501 4702 3724 4769 partem

2069 4992 2342 5049 Adversus
2370 5006 2461 5048 eos
2489 4992 2585 5061 qui
2613 4990 2805 5045 dicunt
2858 5005 3091 5045 carnem
3138 4991 3389 5060 conﬁteri
3442 5001 3727 5060 naturam,

2274 5078 2387 5117 esse
2413 5063 2842 5133 qualernitatem
2872 5077 2969 5133 pro
3006 5063 3277 5117 Trinitate
3306 5063 3504 5119 dicere.

2144 5170 2401 5226 Rursum
2434 5168 2635 5224 eadem
2670 5168 3033 5224 adversarios
3088 5168 3462 5240 improbitate
3498 5169 3555 5224 in
3597 5168 3728 5225 aliis

2071 5275 2241 5332 agere
2271 5256 2780 5329 disputationibus
2810 5258 2995 5313 video.
3028 5256 3172 5312 Nam
3206 5274 3341 5312 cum
3376 5274 3554 5327 supra
3585 5257 3726 5312 sim-

2070 5348 2299 5422 pliciter
2328 5345 2637 5412 dixissent,
2671 5346 2772 5417 qui
2804 5346 2952 5402 duas
2982 5345 3040 5401 in
3077 5362 3192 5402 uno
3222 5344 3453 5400 Christo
3486 5345 3726 5414 formas,

2072 5437 2170 5493 Dei
2201 5442 2258 5492 et
2287 5435 2435 5492 servi
2462 5433 2917 5504 considerarent,
2951 5450 3052 5489 eos
3082 5435 3231 5490 duos
3257 5433 3393 5487 Filis
3430 5432 3725 5499 inducere,

2075 5541 2231 5580 nunc
2253 5540 2491 5580 rursum
2538 5523 2687 5578 407
2739 5522 3192 5593 quaternitatem
3232 5519 3364 5576 illos
3404 5520 3721 5592 praedicare
