4086 6214
370 349 518 408 1351

1557 345 1619 401 S.
1668 340 2194 400 ATHANASIUS.
2228 372 2307 382 —
2339 340 2598 400 DUBIA.

3629 339 3779 396 1352

370 477 828 542 calumniantur,
889 475 987 546 qui
1050 482 1258 530 natura
1333 490 1567 529 carnem
1646 475 2008 541 assumi-tam

2124 473 2289 523 ταῦτα
2348 466 2576 543 τετράδα
2634 468 2920 539 κηρύσσειν
2983 471 3373 546 συκοφαντοῦσι
3448 466 3575 528 τοὺς
3627 466 3780 544 φύσει

370 568 631 622 credunt.
668 566 784 619 Hoc
835 582 1000 635 porro
1059 562 1264 617 dicunt
1309 580 1416 618 sua
1468 562 1596 616 freti
1651 563 2017 625 auctoritate,

372 672 482 709 non
515 660 705 708 autem
758 671 825 706 ex
878 653 1132 723 quadam
1181 652 1619 722 consequentia.
1672 650 2016 719 Quanquam

370 760 482 797 non
515 748 632 796 tam
670 741 781 795 illis
817 743 1121 795 nobiscum
1174 757 1261 794 res
1308 747 1415 803 est,
1474 755 1648 810 quam
1682 755 1813 792 cum
1849 753 2018 792 sanc-

368 831 443 884 tis
494 831 771 885 omnibus
820 831 916 899 qui
967 834 1167 884 eadem
1218 846 1319 899 per
1361 830 1608 899 spiritus
1659 828 1843 881 sancti
1893 842 2019 897 gra-

370 919 510 973 tiam
545 919 956 989 praedicarunt.
991 921 1034 971 A
1092 918 1308 989 quibus
1358 934 1464 971 nos
1516 915 1791 970 illustrati
1825 915 2014 968 since-

368 1023 492 1061 ram
524 1006 583 1060 in
639 1007 876 1061 nomine
925 1006 1131 1073 Patris,
1184 1012 1241 1059 et
1273 1004 1397 1059 Filii
1433 1010 1488 1059 et
1528 1004 1780 1075 Spiritus
1831 1002 2017 1056 sancti

367 1096 796 1149 contessiouem
846 1093 1183 1156 didicimus,
1216 1100 1271 1147 et
1320 1092 1700 1147 oeconomiam
1749 1092 2015 1146 incarna-

368 1184 543 1238 tionis
591 1184 840 1237 duarum
892 1182 1162 1235 unionem
1221 1186 1563 1236 naturarum
1615 1179 2014 1250 cognovimus.

369 1273 479 1335 Qui
510 1288 641 1325 vero
693 1269 941 1324 humilia
989 1270 1188 1323 omnia
1240 1271 1350 1340 ipsi
1400 1269 1521 1323 Filii
1572 1268 1775 1323 deitati
1817 1267 2019 1322 volunt

368 1362 570 1425 tribui,
605 1359 816 1413 tollunt
846 1358 1039 1412 carnis
1072 1350 1365 1424 naturam,
1402 1363 1465 1411 ut
1497 1359 1672 1428 hujus
1716 1356 2017 1428 passiones

370 1450 700 1503 necessario
748 1446 1118 1502 ascribantur
1180 1450 1288 1501 Deo
1357 1446 1570 1510 Verbo,
1613 1462 1893 1501 converso
1931 1444 2016 1498 illi

368 1537 606 1607 quidem
638 1537 800 1607 prius
832 1536 890 1588 in
925 1552 1180 1600 carnem,
1215 1536 1314 1590 sed
1346 1552 1413 1589 ea
1463 1552 1590 1606 quae
1638 1535 1832 1589 carnis
1879 1537 2019 1589 sunt

369 1643 606 1681 rursum
643 1625 905 1696 patienti.
959 1628 1149 1695 Atque
1180 1624 1287 1679 hac
1336 1626 1407 1679 de
1455 1642 1634 1679 causa
1679 1624 1901 1678 crimen
1953 1623 2016 1677 ﬁ-

368 1713 598 1769 delibus
628 1714 979 1783 impingunt,
1027 1730 1153 1783 qua:
1193 1712 1303 1767 sibi
1358 1713 1626 1767 videntur
1669 1729 1778 1766 sua
1826 1711 2015 1765 solum

367 1800 713 1856 auctoritate
739 1804 1089 1854 astruentes.
1125 1803 1272 1853 Sane
1306 1800 1352 1852 si
1378 1799 1571 1853 carnis
1601 1798 1865 1852 eamdem
1888 1814 2016 1851 esse
2045 1831 2092 1894 Β

366 1906 541 1961 quam
578 1890 786 1953 Patris,
819 1893 877 1941 et
911 1888 1057 1954 Filii,
1088 1893 1143 1941 et
1174 1887 1430 1958 Spiritus
1497 1887 1683 1941 sancti
1733 1887 2012 1940 substan-

364 1977 505 2031 tiam
539 1976 783 2047 professi
817 1992 1024 2030 sumus
1058 1975 1771 2045 unquam,quaternitatis
1802 1990 2010 2028 nomen

354 2066 490 2135 jure
523 2065 691 2119 nobis
716 2064 1237 2134 objicitur,quippe
1265 2064 1365 2133 qui
1388 2064 1653 2118 eamdem
1682 2063 1739 2116 in
1764 2066 2016 2132 quatuor

362 2153 629 2224 personis
679 2151 993 2206 essentiam
1041 2151 1556 2220 contemplemur:
1593 2151 1682 2205 sin
1733 2150 1887 2219 quod
1923 2164 2012 2202 res

363 2246 451 2297 est
482 2240 734 2295 dicimus
769 2258 780 2294 :
812 2239 1375 2295 consubstantialem
1420 2240 1572 2294 Patri
1621 2257 1749 2295 esse
1800 2238 2010 2293 Filium

362 2328 923 2385 consubstantialem
957 2328 1096 2382 item
1129 2328 1408 2398 Spiritum
1442 2334 1733 2394 sanctum,
1776 2342 2011 2381 carnem

361 2435 491 2474 vero
524 2418 594 2471 ad
618 2417 947 2471 oeconomia;
980 2416 1627 2487 complementum,non
1666 2416 2010 2471 substantias

364 2506 813 2569 incrementum,
849 2509 1181 2574 susceptam
1218 2521 1230 2557 :
1267 2520 1384 2574 qua
1417 2504 1497 2558 illi
1546 2507 1771 2558 ratione
1819 2517 2011 2557 acces-

365 2595 591 2649 sionem
635 2594 864 2647 numeri
917 2609 983 2647 ex
1033 2593 1226 2646 carnis
1278 2598 1488 2647 natura
1537 2594 1839 2656 fabricant,
1868 2591 2011 2645 adeo

367 2682 681 2747 diversam,
740 2697 806 2734 ac
874 2680 923 2733 si
976 2680 1090 2735 alia
1175 2680 1697 2735 consubstantialis
1766 2693 2013 2747 persona

364 2777 540 2838 esset,
572 2770 1095 2841 superinducentes
1117 2770 1144 2823 ?
1176 2786 1363 2841 neque
1409 2769 1466 2823 id
1516 2779 1708 2824 tamen
1740 2786 1913 2823 carne
1952 2770 2012 2822 in

367 2876 429 2915 se
462 2859 589 2929 ipsa
621 2858 1009 2923 considerata,
1053 2858 1153 2911 sed
1200 2859 1256 2911 in
1312 2857 1684 2929 inseparabili
1733 2874 1863 2912 cum
1898 2858 2013 2912 Deo

371 2948 552 3003 Verbo
596 2948 1007 3017 conjunctione
1046 2947 1266 3017 agnita,
1320 2952 1382 3000 ut
1410 2963 1478 3001 ea
1526 2963 1713 3017 neque
1762 2945 2015 3017 amplius

374 3036 639 3091 videatur
670 3040 958 3105 separata,
993 3051 1184 3105 neque
1233 3040 1295 3089 ut
1340 3034 1858 3089 consubstantialis
1891 3035 2019 3088 reli-

370 3125 502 3195 quis
530 3124 796 3195 personis
828 3124 949 3193 pari
987 3124 1157 3177 modo
1189 3128 1626 3177 annumeratur.
1673 3123 1880 3176 Noster
1907 3122 2015 3193 igi-

2126 559 2226 627 τήν
2278 560 2447 632 σάρκα
2490 558 2815 636 ἀνειλῆφθαι
2864 558 3239 619 πιστεύοντας.
3267 561 3437 611 Τοῦτο
3488 554 3546 610 δὲ
3588 555 3779 630 λέγον-

2127 666 2179 698 σι
2231 646 2323 717 μὶν
2376 645 2750 718 ἐπ’ἐεουσίας,
2804 646 2902 700 οὐκ
2949 643 3009 701 ἔκ
3047 667 3193 706 τινος
3248 642 3595 707 ἀκολουθίας·
3642 664 3780 719 προ-

2128 734 2349 810 φέρουσι
2384 732 2442 789 δὲ
2472 735 2533 789 οὐ
2562 739 2820 789 τοσοῦτον
2853 736 3015 807 ἡμῖν,
3048 734 3172 789 ὅσον
3222 738 3342 795 τοῖς
3393 733 3566 809 άγίοις
3621 738 3778 799 πᾶσι,

2125 827 2241 883 τοῖς
2272 827 2495 877 τοιαῦτα
2526 821 2615 877 διὰ
2650 830 2751 892 τῆς
2799 830 3173 896 πνευματικῆς
3213 820 3475 897 κηρύξασι
3523 822 3776 896 χάριτος,

2126 912 2253 984 παρ’
2282 912 2355 965 ὢν
2388 914 2551 983 ἡμεῖς
2596 911 2969 988 φωτισθέντες,
3001 912 3100 980 τὴν
3157 911 3250 984 μὲν
3301 910 3587 974 ἀνόθευτον
3639 912 3780 981 ὁμο-

2128 997 2319 1073 λογίαν
2354 999 2404 1054 ὲν
2439 1000 2665 1072 ὀνόματι
2700 1000 2931 1073 Πατρὸς,
2960 1000 3049 1054 καὶ
3080 1001 3234 1068 Υἱοῦ,
3264 1000 3353 1053 καὶ
3404 999 3559 1073 ἁγίου
3612 998 3779 1052 nveni-

2130 1108 2296 1160 ματος
2322 1086 2715 1164 ἐδιδάχθημεν,
2746 1090 2846 1157 τήν
2879 1087 2937 1143 δὲ
2964 1096 3065 1157 τῆς
3108 1089 3573 1163 ἐνανθρωπήσεως
3622 1088 3745 1141 οἷκο
3767 1121 3777 1127 -

2124 1177 2317 1248 νομίαν
2365 1176 2425 1231 ἐκ
2466 1175 2561 1232 δύο
2605 1178 2813 1255 φύσεων
2846 1177 3233 1253 ἐγνωρίσαμεν.
3271 1174 3423 1232 Ἀλλ’
3470 1178 3521 1229 οἱ
3576 1174 3705 1250 βου)
3723 1175 3781 1229 ό-

2130 1286 2285 1338 μενοι
2319 1266 2489 1320 πάντα
2518 1267 2743 1321 ταπεινά
2772 1267 2949 1341 φέρειν
2995 1266 3069 1327 εἷς
3120 1266 3288 1333 αὐτὴν
3338 1269 3434 1320 τοῦ
3485 1266 3611 1318 Υίοῦ
3661 1264 3782 1318 θεό-

2124 1376 2281 1426 τητα,
2316 1355 2762 1432 παραγράφονται
2819 1362 2918 1423 τῆς
2970 1355 3164 1429 σαρκὸς
3210 1355 3308 1422 τὴν
3361 1353 3539 1432 φύσιν·
3576 1352 3671 1407 ’ἶνα
3719 1353 3793 1431 τὰ.

2126 1444 2268 1511 πάθη
2313 1443 2513 1513 ταύτης
2566 1443 2615 1515 ἐξ
2665 1443 2905 1518 ἀνάγκης
2956 1442 3225 1519 ἐπιγραφῇ
3287 1447 3367 1513 τῷ
3429 1448 3544 1514 Θεῷ
3595 1442 3778 1516 Λόγῳ,

2125 1532 2380 1608 τραπέντι
2433 1533 2527 1605 μὲν
2572 1532 2835 1608 πρότερον
2884 1532 2959 1594 εἷς
3012 1532 3203 1608 σάρκα,
3246 1531 3471 1595 παθόντι
3521 1528 3579 1584 δὲ
3631 1529 3780 1593 αὖθις

2124 1621 2191 1675 τά
2217 1628 2320 1690 τῆς
2368 1620 2585 1696 σαρκός.
2620 1620 2718 1675 Καὶ
2764 1620 2961 1675 τούτου
3010 1620 3173 1695 χάριν
3220 1618 3474 1695 ἔγκλημα
3518 1624 3635 1680 τοῖς
3687 1640 3777 1672 πι-

2126 1716 2273 1772 στοῖς
2317 1709 2660 1776 ἐπισείουσιν,
2710 1709 2957 1780 αὐθεντίᾳ
3008 1709 3143 1783 μόνῃ
3188 1711 3256 1763 τὰ
3303 1707 3565 1763 δοκοῦντα
3613 1729 3775 1763 κατα-

2126 1796 2489 1865 σκευάζοντες.
2526 1796 2586 1849 Εἰ
2622 1797 2714 1869 μὶν
2745 1796 2846 1872 γάρ
2879 1796 3141 1870 ἐλέγομεν
3172 1799 3271 1864 τῆς
3306 1795 3490 1857 οὐσίας
3520 1794 3616 1850 τοῦ
3668 1802 3773 1850 Ha-

2121 1885 2269 1960 τρὸς,
2301 1885 2391 1939 καὶ
2439 1890 2534 1938 τοῦ
2585 1885 2733 1955 Ποῦ,
2773 1884 2862 1938 καὶ
2906 1888 3004 1939 τοῦ
3056 1884 3215 1958 ἀγίου
3266 1884 3578 1957 Πνεύματος
3639 1884 3775 1938 εἶναι

2120 1976 2219 2042 τὴν
2270 1975 2461 2049 σάρκα,
2493 1972 2677 2035 καλῶς
2723 1970 2954 2049 τετράδα
2994 1972 3304 2045 ὠνόμαζον,
3339 1974 3413 2035 ὡς
3460 1980 3561 2041 τῆς
3609 1972 3777 2040 αὐτῆς

2123 2061 2304 2124 οὐσίας
2363 2062 2414 2117 ἐν
2470 2063 2686 2137 τέταρσι
2755 2060 3073 2137 προσώποις
3144 2063 3550 2137 θεωρουμένης·
3613 2061 3662 2115 εἶ
3721 2058 3777 2114 δὲ

2122 2148 2379 2224 λέγομεν,
2431 2150 2562 2223 ὅπερ
2610 2148 2774 2218 ἐστὶν,
2822 2149 3115 2221 ὁμοούσιον
3171 2151 3264 2222 μὶν
3326 2155 3405 2221 τῷ
3466 2149 3637 2221 Πατρὶ
3686 2150 3777 2203 τὸν

2120 2239 2268 2311 Υἱὸν,
2320 2239 2611 2310 ὁμοοόσιον
2663 2235 2720 2292 δὲ
2767 2238 2830 2292 τὸ
2881 2242 3099 2309 Πνεῦμα
3155 2238 3217 2292 τὸ
3268 2240 3441 2314 ἅγιον·
3494 2236 3775 2314 εἰληφέναι

2123 2326 2180 2381 δὲ
2233 2329 2332 2395 τήν
2388 2328 2557 2401 σάρκα
2615 2326 2689 2387 εἰς
2747 2324 3094 2399 ἐκπλήρωσιν
3155 2326 3500 2398 οἰκονομίας,
3540 2325 3641 2380 οὐκ
3699 2326 3775 2385 εἰς

2124 2412 2340 2488 αὔξησιν
2388 2414 2609 2475 οὐσίας·
2653 2419 2769 2475 πῶς
2826 2414 3060 2489 ἀριθμοῦ
3135 2417 3454 2489 προσθήκην
3529 2413 3776 2488 ἐργάζονο

2120 2524 2228 2575 ται,
2259 2510 2359 2573 τῆς
2393 2504 2587 2579 σαρκὸς
2619 2504 2717 2570 τὴν
2754 2503 2907 2580 φύσιν
2961 2508 3223 2557 τοσοῦτον
3276 2502 3773 2578 παρηλλαγμένην,

2122 2593 2195 2653 ὡς
2252 2588 2432 2666 ἕτερον
2492 2592 2784 2666 πρόσωπον
2864 2591 3232 2667 ἐπεισάγοντες
3290 2591 3627 2663 ὁμοούσιον;
3686 2591 3775 2643 καὶ

2119 2686 2281 2735 τοῦτο
2340 2680 2399 2734 οὐ
2448 2681 2563 2734 καθ’
2613 2681 2809 2749 ἑαυτὴν
2858 2680 3023 2748 αὐτῆς
3080 2679 3494 2755 θεωρουμένης,
3542 2677 3669 2732 ἀλλ’
3722 2678 3771 2732 ἐν

2123 2768 2417 2844 ἀχωρίστῳ
2467 2768 2721 2845 συναφείᾳ
2768 2769 2904 2837 πρὸς
2953 2767 3045 2822 τὸν
3102 2769 3231 2822 Θεὸν
3282 2768 3462 2841 Λόγον
3508 2776 3770 2841 γνωριζο-

2128 2858 2313 2930 μένης·
2376 2855 2513 2910 ὥστε
2574 2855 2767 2930 μηκέτι
2820 2856 3235 2931 κεχωρισμένην
3299 2855 3463 2923 αὐτὴν
3526 2856 3772 2929 ὁρᾶσθαι,

2128 2948 2266 3017 μήτε
2323 2944 2396 3005 ὡς
2457 2944 2747 3015 ὁμοοόσιον
2796 2950 2875 3015 τῷ
2937 2943 3033 3015 ἴσῳ
3079 2944 3272 3019 τρόπῳ
3306 2946 3768 3017 συναριθμεῖσθαι·

2124 3034 2180 3086 ⁸0
2232 3033 2323 3105 μὲν
2386 3034 2476 3086 οὗν
2532 3034 2800 3107 ἡμέτερος
2856 3033 3019 3108 λόγος
3067 3033 3155 3087 καὶ
3212 3034 3310 3100 τήν
3370 3031 3775 3106 ένανθρώπησιν

2128 3121 2416 3195 ὁμολογεῖ,
2453 3120 2541 3174 καὶ
2596 3119 2847 3197 τετράδα,
2881 3120 3061 3183 καθώς
3121 3142 3305 3197 φησιν,
3354 3119 3414 3173 οὐ
3472 3125 3641 3187 ποιεῖ,
3688 3119 3774 3172 καὶ

370 3219 468 3266 tur
496 3228 688 3265 sermo
713 3211 1172 3265 incarnationem
1208 3210 2012 3282 profitetur,quaternitatem,

2127 3208 2383 3287 φυλάττει
2429 3213 2507 3280 τῷ
2547 3209 2711 3283 Λόγῳ
2739 3209 2801 3263 τὸ
2834 3208 3057 3277 ἀπάθὲς,
3087 3210 3175 3262 καὶ
3221 3209 3358 3283 πρὸς
3402 3209 3579 3268 πάσας
3639 3230 3774 3277 συμ-

369 3310 431 3353 υι
462 3299 598 3365 dixi,
645 3317 757 3353 non
809 3299 1057 3365 inducit,
1108 3303 1163 3353 et
1212 3299 1382 3354 Verbi
1428 3304 1624 3353 tuetur
1672 3298 2011 3369 impassibi-

363 3387 609 3454 litatem,
642 3392 697 3441 et
726 3386 1041 3457 Scripturis
1073 3386 1327 3441 universi
1376 3387 1682 3441 consentit.
1730 3388 2011 3442 Adversa-

366 3476 587 3530 riorum
614 3491 750 3529 vero
783 3475 1049 3530 doctrina
1078 3481 1135 3529 et
1164 3475 1333 3529 ﬁdem
1369 3491 1603 3529 omnem
1657 3474 1731 3529 iis
1778 3491 1906 3546 quae
1940 3474 2011 3529 ab

364 3564 529 3618 initio
559 3564 778 3635 scripta
811 3568 950 3619 sunt
982 3570 1176 3636 negat,
1206 3569 1263 3617 et
1302 3563 1496 3618 carnis
1544 3565 2009 3635 assumptionem

364 3653 600 3723 rejicit;
659 3653 911 3722 denique
961 3657 1063 3706 aut
1112 3652 1353 3706 verbum
1408 3653 1586 3706 Deum
1631 3657 1925 3706 mutatum
1956 3656 2013 3705 et

364 3758 631 3812 passum,
664 3746 765 3795 aut
796 3742 925 3795 ﬁcte
947 3746 1112 3812 gesta
1147 3740 1326 3795 fuisse
1356 3739 1797 3810 omnialiquido
1820 3739 2010 3794 decla-

364 3836 470 3885 rat.
506 3831 625 3894 Quo
660 3830 707 3883 si
741 3828 869 3883 ideo
901 3845 1135 3883 carnem
1171 3828 1496 3883 necessario
1549 3829 1717 3884 nobis
1768 3830 1825 3884 in
1860 3845 2009 3900 qua-

360 3917 654 3972 ternitatis
688 3933 999 3971 numerum
1032 3917 1256 3971 ducunt
1286 3917 1708 3982 asciscendam,
1731 3917 1885 3986 quod
1912 3934 2012 3988 per

362 4006 765 4061 mediatricem
802 4005 1181 4076 purissimam
1216 4022 1449 4060 carnem
1485 4006 1668 4060 multa
1700 4022 1804 4061 nos
1835 4007 2008 4061 bene-

365 4095 494 4149 ﬁcia
525 4095 863 4165 accepimus
894 4098 950 4148 et
980 4099 1320 4164 accepturos
1353 4094 1629 4165 deinceps
1660 4109 2005 4165 speramus:

363 4188 545 4237 restat
577 4188 640 4236 ut
666 4188 865 4253 togam
910 4182 1097 4249 illam,
1152 4184 1321 4252 cujus
1369 4199 1530 4237 oram
1583 4183 1681 4239 ubi
1732 4200 1864 4239 cum
1899 4183 2012 4237 fide

360 4271 649 4342 tetigisset
680 4271 779 4325 illa
813 4272 1027 4326 fontem
1079 4273 1365 4343 sangunis
1414 4274 1833 4328 circumferens
1876 4290 2011 4327 mu-

361 4358 487 4425 lier,
522 4359 831 4415 sanitatem
866 4361 1057 4415 furata
1086 4367 1196 4429 est,
1230 4361 1284 4414 in
1320 4367 1774 4416 memoratarum
1799 4378 2009 4417 nume-

369 4464 497 4501 rum
534 4447 902 4511 ascribere,et
939 4449 1210 4519 quintum
1246 4448 1482 4520 aliquod
1510 4450 1566 4503 in
1602 4451 2010 4521 praedicatione

2124 3303 2287 3375 φωνεῖ
2332 3297 2429 3359 τὰς
2480 3296 2631 3373 ἁγίας
2684 3298 2922 3374 Γραφάς·
2967 3300 3001 3366 ἡ
3045 3294 3102 3351 δὲ
3145 3301 3253 3350 τῶν
3305 3295 3556 3349 ἐναντίων
3606 3316 3775 3365 νομο-

2122 3387 2270 3441 θεσία
2316 3385 2405 3440 καὶ
2454 3391 2571 3447 τοῖς
2617 3387 3017 3461 γεγραμμένοις
3065 3386 3157 3439 ἀπ’
3191 3386 3371 3460 ἀρχῆς
3419 3383 3654 3450 ἀπειθεῖ,
3689 3384 3775 3436 καὶ

2118 3481 2218 3543 τῆς
2251 3474 2444 3550 σαρκὸς
2482 3474 2582 3542 τὴν
2611 3472 2881 3547 ἀνάληψιν
2923 3474 3119 3545 ἀθετεῖ,
3151 3473 3242 3527 καὶ
3272 3473 3361 3527 τὸν
3414 3473 3544 3527 Θεὸν
3600 3473 3771 3546 Λόγον

2118 3562 2409 3639 τετράφθαι
2465 3563 2556 3615 καὶ
2615 3562 2933 3625 πεπονθέναι
2990 3559 3177 3631 δηλοῖ,
3211 3563 3245 3629 ἢ
3294 3562 3429 3614 κατά
3478 3563 3769 3637 φαντασίαν

2120 3652 2291 3706 πάντα
2320 3648 2707 3725 ἐπιδεδεῖχθαι.
2742 3651 2803 3707 Εἰ
2851 3649 2909 3705 δὲ
2954 3648 3043 3705 διὰ
3087 3648 3304 3710 πολλὰς
3348 3652 3497 3721 ἡμᾶς
3550 3650 3769 3723 εὐεργεο

2121 3740 2235 3802 σίας
2268 3738 2356 3794 διὰ
2395 3746 2495 3808 τῆς
2545 3739 2929 3811 μεσιτευούσης
2982 3740 3256 3815 ἀχράντου
3307 3739 3502 3811 σαρκὸς
3543 3735 3766 3814 εἴληφέ-

2118 3850 2203 3883 ναι
2251 3849 2309 3883 τε
2356 3828 2445 3881 καὶ
2495 3826 2761 3900 λήψεσθαι
2811 3827 3044 3897 ἐλπίξειν
3077 3828 3461 3901 ἀναγκάζουσιν
3494 3828 3643 3897 ἡμᾶς
3695 3826 3770 3885 εἷς

2121 3917 2351 3993 ἀριθμὸν
2410 3913 2667 3991 τετράδος
2744 3912 3190 3993 παραλαμϐάνειν
3248 3917 3347 3983 τὴν
3406 3916 3597 3990 σάρκα·
3657 3913 3771 3989 ὥρα

2119 4006 2303 4067 αὐτοῖς
2336 4005 2424 4060 καὶ
2452 4006 2514 4059 τὸ
2545 4006 2762 4077 ἱμάτιόν
2793 4026 2900 4061 που
2950 4010 3045 4060 τοῦ
3094 4002 3421 4081 κρασπέδου,
3454 4004 3517 4057 οὗ
3561 4004 3771 4064 πιστῶς

2120 4094 2369 4169 ἁψαμένη
2421 4096 2455 4163 ἡ
2504 4095 2640 4170 γυνή
2672 4096 2707 4164 ἡ
2756 4096 2854 4162 τὴν
2898 4098 2994 4149 τοῦ
3043 4091 3272 4164 α’ίματος
3321 4094 3508 4166 πηγὴν
3557 4092 3775 4167 περιφέ-

2121 4203 2307 4257 ρουσα,
2363 4183 2461 4250 τὴν
2525 4178 2665 4237 ἷάσιν
2725 4180 2972 4255 ἔκλεψεν,
3034 4181 3108 4243 εἷς
3185 4181 3579 4259 συναρίθμησιν
3660 4184 3769 4233 τῶν

2125 4272 2619 4344 μνημονευομένων
2687 4267 3004 4344 λαμϐάνειν,
3050 4270 3140 4325 καί
3202 4292 3252 4324 τι
3302 4270 3549 4342 πέμπτον
3595 4269 3648 4323 ὲν
3696 4272 3776 4339 τῷ

2120 4360 2431 4437 κηρύγματι
2480 4366 2580 4428 τῆς
2630 4357 2950 4435 δοξολογίας
2997 4360 3059 4414 τὸ
3114 4361 3331 4432 ἱμάτιον
3396 4358 3769 4434 παρεισάγειν·

2122 4448 2231 4524 οὐχ
2285 4450 2359 4511 ὡς
2415 4452 2643 4521 τιμηθέν
2693 4454 2773 4521 τῷ
2829 4450 2975 4521 αὐτῷ
3020 4456 3119 4518 τῆς
3169 4448 3406 4510 ένώσεως
3435 4449 3612 4520 τόπῳ,
3646 4446 3775 4503 ἀλλ’

363 4535 619 4607 gloriosa
646 4534 746 4589 illa
778 4541 973 4606 togam
999 4538 1274 4592 inducere
1310 4555 1322 4592 :
1359 4554 1472 4592 non
1506 4538 1668 4593 illam
1687 4539 1922 4610 quidem
1948 4545 2012 4593 ut

2122 4537 2193 4599 ὡς
2252 4538 2606 4614 παραληφθὶν
2666 4537 2741 4599 εἷς
2804 4537 3241 4612 θαυματουργίαν
3300 4534 3775 4613 παράδοξον.Τοῦ

363 4624 487 4695 pari
521 4640 655 4678 cum
692 4624 869 4679 unitis
901 4624 1129 4679 naturis
1164 4625 1334 4680 modo
1387 4627 1751 4692 honoratam,
1802 4629 1899 4682 sed
1953 4633 2013 4682 ut

363 4712 434 4767 ad
468 4712 741 4783 stupendi
792 4714 1188 4783 operationem
1244 4714 1513 4768 miraculi
1557 4714 1824 4769 ascitam.
1868 4718 2008 4770 Cum

362 4800 540 4873 igitur
570 4807 793 4856 tantam
826 4821 859 4857 a
891 4804 1209 4874 purissima
1258 4819 1429 4857 carne
1472 4805 1719 4874 gratiam
1768 4805 2015 4875 accipiat

362 4897 517 4961 toga,
547 4890 894 4962 mulierique
931 4893 1362 4961 impertiat,nec
1392 4898 1586 4946 tamen
1621 4890 1886 4962 gloriosa:
1919 4908 2010 4947 ce-

359 4977 700 5033 lebrationis
734 4996 1044 5034 numerum
1098 4985 1325 5052 augeat,
1364 4997 1468 5035 nos
1515 4996 1744 5051 quoque
1776 4996 2010 5035 carnem

360 5066 519 5123 illam
571 5068 827 5122 divinam
875 5068 1263 5139 omnipotenti
1325 5069 1503 5123 Verbo
1547 5068 2014 5139 inseparabiliter

360 5155 583 5211 unitam
620 5158 994 5223 honorantes,
1029 5158 1277 5212 salutem
1315 5156 1548 5226 quidem
1584 5173 1687 5211 nos
1720 5174 1821 5228 per
1852 5156 2011 5211 illam

357 5246 634 5316 consequi
668 5245 1028 5315 proﬁtemur,
1066 5247 1166 5299 sed
1199 5236 1501 5299 Trinitatis
1547 5261 1858 5299 numerum
1894 5243 2011 5300 sal-

355 5351 492 5389 vum
528 5336 869 5401 retinemus,
904 5350 1034 5388 cum
1074 5350 1254 5387 unum
1309 5332 1383 5387 sit
1434 5349 1568 5387 caro
1615 5350 1750 5388 cum
1800 5334 2009 5402 Verbo,

358 5429 483 5477 tum
508 5429 743 5495 propter
785 5422 1231 5493 inseparabilem
1271 5423 1569 5490 unionem,
1601 5427 1727 5477 tum
1778 5429 2013 5494 propter

429 5639 540 5711 (22)
571 5638 719 5693 Edit.
746 5639 995 5704 Comm.,
1030 5634 1423 5713 ἆφαρμόοντας.

2117 4626 2296 4681 τοίνυν
2351 4626 2572 4699 ἱματίου
2626 4627 2893 4697 τοσαύτην
2953 4626 3012 4681 ἐκ
3066 4633 3166 4695 τῆς
3226 4626 3501 4701 ἀχράντου
3575 4625 3776 4696 σαρκὸς

2122 4710 2388 4778 λαϐόντος
2420 4715 2605 4791 χάριν,
2635 4715 2725 4769 καὶ
2762 4713 3088 4788 μεταδόντος
3119 4718 3187 4788 τῇ
3237 4714 3475 4789 γυναικὶ,
3506 4713 3596 4768 καὶ
3634 4702 3776 4785 μηδὲ

2120 4804 2435 4878 προσθήκην
2467 4807 2564 4857 τοῦ
2615 4803 2852 4878 ἀριθμοῦ
2912 4803 3000 4858 ἐπὶ
3048 4800 3362 4878 δοξολογίας
3419 4804 3773 4871 ποιήσαντος·

2122 4891 2266 4945 οὕτω
2297 4891 2388 4945 καὶ
2444 4893 2542 4959 τήν
2594 4889 2771 4946 ἔνθεον
2825 4894 2995 4968 σάρκα
3039 4893 3139 4959 την
3187 4886 3590 4960 ἀναποδλήτως
3624 4892 3771 4959 ἡνω-

2125 4980 2290 5052 μένην
2338 4984 2419 5052 τῷ
2457 4977 2847 5053 παντοδυνάμῳ
2896 4980 3056 5055 Λόγῳ
3118 4984 3410 5053 τιμῶντες,
3458 4979 3632 5054 εὑρεῖν
3678 4979 3772 5050 μὶν

2122 5066 2187 5122 δι’
2220 5067 2388 5137 αὐτῆς
2448 5066 2832 5143 ὁμολογοῦμεν
2883 5070 2981 5137 τὴν
3033 5069 3327 5144 σωτηρίαν,
3380 5073 3654 5142 τηροῦμεν
3717 5065 3775 5121 δὲ

2119 5157 2208 5212 καὶ
2257 5157 2345 5211 τὸν
2386 5157 2616 5233 ἀριθμὸν
2665 5164 2764 5227 τῆς
2810 5154 3044 5233 Τριάδος
3082 5156 3577 5233 ἀπαρεγχείρητον,
3612 5156 3685 5217 ὡς
3715 5156 3771 5210 ’ἐν

2121 5246 2282 5300 οὖσαν
2315 5246 2427 5318 ἅμα
2455 5251 2535 5318 τῷ
2570 5245 2725 5321 Λόγῳ
2762 5245 2898 5299 κατὰ
2924 5246 2986 5300 τὸ
3017 5245 3325 5320 ἀχώριστον
3352 5251 3452 5313 τῆς
3502 5243 3773 5310 ἐνώσεως,

2120 5333 2209 5388 καὶ
2268 5332 2567 5409 ἀδιαίρετον
2642 5340 2741 5403 τῆς
2796 5336 3235 5407 προσκυνήσεως.
3292 5332 3449 5389 Ἀλλ’
3506 5332 3604 5387 ὅσα
3676 5333 3771 5404 μὲν

2121 5421 2496 5500 ἐφαρμόζοντα
2525 5424 2637 5495 (22)
2682 5425 2753 5495 τῇ
2794 5421 2909 5492 θείᾳ
2957 5421 3110 5499 φύσει
3158 5421 3419 5498 φάσκουσι
3469 5421 3771 5496 γεγονέναι,
