4086 6214
307 323 331 380 1
347 324 463 382 353

1053 322 1704 384 CONFUTATIONES
1752 323 1856 392 QU
1871 325 1907 379 Α
1921 324 2021 383 RU
2034 322 2082 379 M
2099 323 2188 379 DA
2206 321 2263 380 M
2312 324 2943 383 PItUPOSl'l‘IONUM
2959 368 2971 380 .

3556 325 3713 383 1354

301 454 364 507 τὸ
422 449 645 506 δυνατὸν
699 456 795 507 τοῦ
851 457 984 507 Θεοῦ
1055 452 1189 526 πρὸς
1262 454 1593 521 κατασκευὴν
1675 455 1983 527 ἀπρεποῦς,

2099 455 2368 508 idivisam
2406 454 2948 509 adorationemSed
2986 471 3347 525 quaecunque
3378 454 3586 509 divinm
3620 474 3717 510 na-

306 540 505 603 ἐννοίας
551 536 911 613 Λαμϐάνουσι.
950 539 1166 595 Παύλου
1211 539 1484 616 λέγοντος.
1539 539 1829 597 Ἀδύνατον
1876 546 1951 611 τῷ

309 634 425 701 Θεῷ
479 630 568 683 καὶ
623 631 686 684 τὸ
750 630 1067 703 ψεύσασθαι,
1123 628 1211 683 καί
1258 631 1321 684 τὸ
1370 631 1553 684 ἑαυτὸν
1606 633 1947 705 ἀρνγςσασθχι·

312 718 411 772 ὅσα
450 716 507 773 δε
535 719 623 773 καὶ
656 718 964 794 ἁρμόζοντα
994 720 1073 790 τῷ
1100 723 1215 790 Θεῷ
1264 719 1353 771 καὶ
1406 721 1647 794 σωτήρια
1696 720 1783 772 καὶ
1838 720 1953 771 θεο-

314 814 495 882 πρεπῆ
554 808 643 862 καὶ
702 807 1104 885 φιλάνθφωπα,
1161 811 1328 861 ταῦτα
1386 808 1521 881 πρὸς
1581 808 1640 861 τὸ
1698 804 1953 861 ἀδύνατον

320 895 699 973 μεταφέρουσι,
765 897 839 968 μὴ
898 899 1354 970 παραχωροῦντες
1412 917 1476 969 τῃ
1540 893 1829 969 δεσποτικῇ
1863 916 1956 949 σο-

318 985 415 1064 φίᾳ
460 990 558 1040 τοῦ
606 983 859 1049 δύνασθαι
903 985 991 1039 καὶ
1044 979 1228 1038 λαϐεῖν
1282 984 1471 1059 σάρκα,
1523 985 1611 1039 καὶ
1660 986 1733 1057 μὴ
1788 990 1961 1039 ποιεῖν

316 1073 564 1150 τετράδα.
626 1073 780 1129 Οὕτω
838 1073 1012 1148 κρίσις
1071 1074 1255 1135 αὐτοῖς
1306 1072 1713 1151 ἐμφιλόνεικος,
1760 1076 1826 1128 τά
1870 1074 1963 1146 μὲν

320 1166 575 1240 ἀπρεπῶς
620 1164 747 1239 παρ’
812 1164 985 1217 αὐτῶν
1052 1162 1519 1235 καινοτομούμενα
1580 1158 1828 1238 βεϐαιοῦν
1886 1166 1965 1233 τῷ

321 1252 523 1329 λέγειν,
574 1252 656 1305 ’ὸτι
700 1251 873 1305 πάντα
915 1248 1129 1305 δύναται
1187 1252 1213 1305 6
1265 1251 1413 1312 Θεός·
1468 1252 1533 1305 τά
1578 1249 1634 1305 δὲ
1664 1251 1807 1325 ποιρά
1862 1256 1964 1319 τῆς

321 1342 477 1417 ἀγίας
506 1347 539 1395 Γ
544 1347 720 1415 ραφῆς
753 1334 985 1401 εὐσεϐῶς
1039 1338 1415 1414 κηρυσσόμενα
1468 1340 1660 1411 μηκὲτι
1713 1336 1967 1414 δέχεσθαι

319 1430 395 1492 ὡς
428 1429 632 1502 ἀληθῆ,
682 1428 772 1482 καὶ
806 1425 1022 1497 δυνατὰ,
1056 1428 1142 1482 καὶ
1174 1428 1537 1505 συμφέρονταν
1576 1422 1877 1499 λαμϐάνειν
1912 1424 1969 1481 δὲ

322 1518 458 1573 αὐτὰ
501 1517 575 1580 εἷς
625 1514 838 1585 πλοκὴν
896 1517 1248 1590 ζητημάτων,
1300 1517 1387 1570 καὶ
1426 1517 1499 1589 μὴ
1546 1514 1859 1571 ἀποδιδόναι
1901 1519 1969 1590 τῇ

324 1605 549 1681 δυνάμει
579 1610 677 1660 τοῦ
705 1604 874 1660 πάντα
902 1609 1186 1667 ποιοῦντος
1218 1606 1285 1660 τά
1317 1607 1581 1675 ἀνήκοντα
1602 1605 1733 1682 ὑπὲρ
1768 1606 1971 1681 ἀνθρω-

327 1695 494 1768 πίνην
524 1694 856 1769 κατάληψιν.

1108 1802 1197 1859 VI.

332 1890 478 1968 Πρὸς
508 1892 634 1968 τοὺς
668 1890 945 1968 λέγοντας,
988 1889 1068 1968 ὅτι
1113 1892 1229 1968 κατ’
1261 1891 1544 1968 ἄνθρωπον
1579 1891 1977 1968 γινώσκεινεὸν

402 1963 675 2038 ᾼεσπότην
707 1960 952 2037 Χριστὸν,
986 1962 1062 2023 εἷς
1113 1960 1394 2038 ἄνθρωπόν
1447 1962 1555 2017 ἐστι
1593 1960 1698 2024 ’τὰς
1757 1960 1982 2026 ἐλπίδας

403 2033 548 2110 ἔχειν
560 2078 573 2091 .

402 2140 579 2196 ’Δλλά
634 2141 757 2215 γὰρ,
818 2141 892 2213 μὴ
954 2139 1294 2215 ἀρκεσθέντες
1343 2144 1461 2201 τοῖς
1533 2138 1709 2201 οὕτως
1756 2139 1982 2200 ἀτόποις

329 2232 419 2285 καὶ
480 2228 854 2305 ἀναισχύντοις
903 2222 1282 2304 προϐλήμασι,
1340 2229 1679 2303 προσέθηκαν
1731 2228 1820 2282 καὶ
1880 2227 1981 2282 ἄλ·-

333 2318 438 2391 λην
507 2317 842 2393 ἱταμωτὲραν
903 2317 1191 2394 ἀπόφασιν,
1253 2314 1502 2393 λέγοντες
1560 2318 1635 2379 εἰς
1698 2317 1980 2391 ἄνθρωπον

334 2407 358 2429 ”
600 2408 613 2426 ⁸
733 2406 793 2461 ὲλ
845 2403 891 2460 ίδ
1083 2405 1141 2438 ‘-
1266 2405 1280 2423 ‘
1377 2428 1389 2438 -
1450 2405 1465 2424 ‘
1533 2405 1555 2421 ”
1632 2427 1653 2441 ν
1972 2404 1983 2423 ’

334 2429 484 2484 εχειν
556 2428 653 2469 τας
798 2427 837 2460 π
897 2427 957 2467 ας
1016 2427 1139 2468 τους
1192 2413 1318 2460 Θεον
1380 2427 1466 2459 και
1528 2417 1810 2482 ανθρωπον
1868 2406 1966 2458 καθ

332 2496 583 2573 ἑκατέραν
617 2495 772 2574 φύσιν
826 2495 1235 2571 ὁμολογοῦντας
1289 2495 1380 2548 τὸν
1426 2490 1676 2571 Χριστόν,
1712 2495 1835 2550 Ἐπὶ
1864 2492 1985 2547 τού-

329 2591 450 2647 τοῖς
535 2584 708 2639 αὐτῶν
784 2583 1040 2647 πυθέσθαι
1110 2581 1299 2639 καλόν.
1381 2588 1469 2637 Δεῖ
1540 2583 1811 2645 πείθεσθαι
1868 2586 1987 2642 ταῖς

335 2674 513 2748 ἁγίαις
561 2678 814 2751 Γραφαῖς,
861 2674 895 2741 ἢ
945 2674 1062 2727 κατ’
1110 2671 1301 2733 αὐτοὺς
1334 2672 1395 2725 οὐ
1428 2672 1546 2738 δεῖ,
1606 2669 1671 2724 Εἴ
1732 2671 1825 2743 μὶν
1886 2670 1985 2745 γὰρ

337 2761 440 2831 δεῖ,
500 2763 625 2838 παρ’
676 2761 849 2816 αὐτῶν
904 2760 1234 2833 ἀκηκόαμεν,
1287 2760 1377 2814 καὶ
1430 2759 1615 2821 αὐταῖς
1666 2757 1989 2834 ἐγκαλείτω-

336 2871 451 2907 σαν·
488 2852 533 2906 ei
565 2849 621 2905 δὲ
650 2851 888 2925 λέγοιεν,
922 2849 994 2908 ὠς
1046 2849 1106 2904 οὐ
1155 2847 1255 2919 δεῖ,
1316 2854 1559 2925 φανερῶς
1612 2846 1986 2924 ὁμολογείτω-

334 2960 427 2994 σαν
484 2940 582 3007 τὴν
640 2939 776 3014 πρὸς
842 2938 938 2999 τὰς
996 2938 1141 3013 ἱεράς
1206 2932 1433 3013 βίϐλους
1482 2933 1747 2990 ἄσπονδον
1777 2936 1986 3010 μάχην,

334 3030 424 3083 καὶ
481 3024 655 3089 οὐδεὶς
705 3029 839 3099 ἡμῖν
897 3027 1031 3101 πρὸς
1090 3025 1305 3093 αὐτοὺς,
1353 3026 1437 3078 οἶα
1467 3025 1601 3100 πρὸς
1632 3022 1984 3095 ἀλλοτρίους,

333 3118 517 3195 λργος.
547 3118 685 3192 Παρ’
712 3116 887 3171 αἰτῶν
922 3116 1251 3188 ἀκηκόαμενο
1288 3140 1315 3167 ‹‹
1348 3116 1670 3189 Ἀνθρωπος
1731 3112 1781 3167 ἐν
1835 3110 1983 3181 πλη-

2008 1828 2057 1893 Β

2065 551 2208 599 tura:
2239 561 2350 599 non
2386 545 2756 612 conveniunt,
2790 562 2855 599 ea
2887 544 3157 615 potentias
3189 544 3285 599 Dei
3333 545 3402 599 ad
3438 552 3710 602 astruen-

2064 634 2193 686 dam
2232 633 2544 687 absurdam
2583 650 2747 687 suam
2782 633 3115 704 Opinionem
3170 635 3489 705 ascribunt,
3536 636 3713 691 Paulo

2066 722 2291 775 dicente
2328 726 2502 775 Deum
2540 740 2650 775 non
2689 740 2856 793 posse
2889 722 3143 791 mentiri,
3176 740 3278 777 nec
3307 724 3566 795 seipsum
3612 742 3711 778 ne-

2068 827 2223 882 gare.
2260 810 2392 873 Quae
2424 827 2554 865 vero
2587 816 2643 865 et
2676 817 2783 865 Deo
2816 811 3237 881 convenientia,
3264 818 3318 866 et
3348 813 3716 879 salutaria,et

2069 898 2284 962 divina,
2318 904 2375 952 et
2404 899 2461 952 in
2499 898 2799 953 hominum
2833 900 3075 969 gratiam
3106 901 3255 954 facta
3307 904 3467 971 sunt,
3502 918 3569 956 ea
3597 901 3713 956 im-

2074 986 2372 1058 possibilia
2403 1003 2529 1043 esse
2562 987 2765 1042 dicunt
2796 1005 2809 1042 :
2847 1005 3035 1059 neque
3074 989 3129 1042 id
3178 989 3383 1043 divinas
3415 990 3714 1061 sapientia:

2071 1076 2421 1141 concedunt,
2456 1079 2520 1130 ut
2552 1077 2737 1147 possit
2772 1094 3005 1131 carnem
3056 1094 3309 1143 sumere,
3363 1079 3503 1149 quin
3546 1080 3721 1134 faciat

2074 1164 2549 1233 quaternitatem.
2576 1166 2657 1220 Ita
2692 1166 2969 1221 nimirum
3005 1165 3088 1219 illi
3122 1167 3463 1222 cuntentiosi
3491 1172 3725 1233 sunt,ut

2077 1253 2333 1307 absurda
2361 1253 2593 1324 quidem
2618 1270 2725 1309 sua
2747 1260 3076 1309 commenta
3097 1255 3441 1310 conﬁrmare
3464 1257 3727 1311 nitantur

2077 1341 2547 1411 dicendo,omnia
2575 1360 2743 1414 posse
2765 1343 2979 1409 Deum;
3005 1360 3132 1414 qua
3154 1360 3284 1398 vero
3309 1362 3340 1398 a
3358 1361 3521 1399 sacra
3541 1346 3731 1416 Scrip-

2078 1436 2214 1487 tura
2244 1432 2657 1502 przedicantur,
2691 1448 2805 1486 non
2838 1432 3153 1487 admittant
3207 1437 3268 1487 ut
3315 1450 3465 1496 vera,
3500 1439 3565 1488 ut
3599 1451 3729 1504 pos-

2081 1519 2299 1589 sibilia,
2336 1523 2401 1575 ut
2430 1520 2633 1588 utilia;
2668 1521 2768 1576 sed
2818 1537 2885 1575 ex
2934 1520 3009 1575 iis
3062 1521 3455 1592 quaestionum
3489 1520 3730 1594 laqueos

2085 1614 2341 1680 nectant,
2390 1626 2494 1664 nec
2542 1610 2804 1664 omnium
2862 1608 3149 1665 Creatoris
3194 1610 3463 1680 potestati
3511 1627 3577 1666 ea
3625 1610 3729 1666 tri-

2086 1700 2273 1754 buant
2302 1716 2425 1769 quae
2456 1703 2691 1771 captum
2726 1703 3007 1769 superant
3035 1699 3383 1754 humanum.

2763 1805 2915 1859 498
2960 1805 3055 1859 VI.

2092 1893 2360 1949 Adversus
2400 1909 2486 1949 eos
2539 1896 2635 1965 qui
2676 1894 2867 1949 dicunt
2898 1894 3173 1949 Christum
3225 1894 3518 1951 Dominum
3548 1899 3606 1949 ut
3635 1896 3738 1950 ho-

2161 1968 2368 2021 minem
2399 1964 2716 2035 agnoscere,
2748 1981 2859 2021 esse
2888 1967 2947 2019 in
2976 1964 3247 2021 hominem
3278 1982 3425 2037 spem
3454 1983 3612 2022 suam
3641 1967 3736 2021 ha-

2163 2037 2303 2092 bere.

2161 2145 2233 2196 At
2265 2142 2348 2196 illi
2392 2159 2503 2197 non
2538 2142 2793 2197 contenti
2826 2145 2943 2196 tam
2976 2142 3249 2198 absurdis
3278 2143 3743 2214 impudentibus-

2096 2248 2208 2302 que
2240 2230 2755 2302 propositionibus,
2791 2230 2963 2285 aliam
3017 2230 3199 2286 mullo
3249 2232 3742 2303 impudentiorem

2096 2320 2445 2375 sententiam
2494 2320 2787 2387 addidere,
2822 2319 3103 2385 dicentes,
3136 2320 3195 2373 in
3245 2320 3541 2375 hominem
3577 2338 3742 2392 spem

2093 2408 2225 2463 illos
2256 2408 2493 2476 habere,
2515 2409 2615 2479 qui
2640 2407 2936 2463 Christum
2961 2410 3286 2464 secundum
3314 2415 3624 2482 utramque
3646 2428 3743 2465 na-

2094 2503 2286 2552 turam
2322 2497 2504 2552 Deum
2539 2502 2594 2551 et
2626 2496 2922 2551 hominem
2957 2514 3085 2551 esse
3133 2499 3489 2553 conﬁtentur
3521 2516 3532 2554 :
3568 2515 3745 2571 super

2098 2588 2190 2641 his
2223 2585 2551 2658 percontari
2583 2585 2711 2640 illos
2744 2602 2928 2657 opera:
2962 2585 3209 2656 pretium
3244 2588 3437 2641 fuerit.
3472 2590 3585 2642 Aut
3615 2606 3742 2644 san-

2097 2674 2207 2729 ctis
2237 2675 2639 2744 obtemperare
2669 2673 2985 2744 Scripturis
3018 2677 3263 2744 Oportet,
3289 2678 3388 2728 aut
3416 2675 3742 2730 secundum

2098 2763 2225 2818 illos
2260 2779 2371 2817 non
2407 2767 2630 2833 oportet
2656 2780 2669 2828 ;
2695 2762 2740 2816 si
2777 2766 3021 2833 oportet,
3056 2761 3111 2816 id
3146 2779 3212 2816 ex
3242 2763 3558 2834 Scripturis
3588 2764 3743 2818 didi-

2098 2852 2305 2918 cimus,
2333 2850 2461 2905 illas
2484 2866 2621 2922 ergo
2671 2851 2943 2905 incusent
2968 2868 2981 2918 ;
3008 2851 3054 2905 si
3079 2850 3294 2915 dicant,
3320 2869 3433 2907 non
3458 2858 3744 2923 oportere,

2102 2942 2290 3015 palam
2325 2958 2456 3012 ergo
2490 2941 2706 2995 faciant
2738 2958 2912 2995 suum
2947 2941 3001 2995 in
3045 2958 3242 2996 sacros
3276 2941 3455 2997 libros
3488 2941 3743 2996 irrecon-

2098 3029 2347 3085 ciliabile
2380 3029 2625 3095 bellum,
2662 3046 2764 3084 nec
2800 3029 2953 3084 ullus
2988 3030 3153 3085 nobis
3199 3047 3330 3084 cum
3366 3030 3502 3095 illis,
3546 3035 3747 3101 utpote

2100 3119 2409 3188 extraneis,
2468 3119 2543 3173 sit
2600 3135 2811 3173 sermo.
2877 3119 2955 3173 Ex
3009 3119 3323 3189 Scripturis
3363 3119 3743 3174 audivimus:

333 3194 408 3283 γῇ
472 3205 564 3276 ὥν,
622 3205 713 3260 καὶ
765 3202 921 3267 εἷδὼς
981 3204 1157 3280 φέρειν
1209 3203 1498 3277 μαλακίαν·
1536 3226 1564 3255 »
1593 3201 1682 3256 καὶ
1715 3200 1796 3255 ὅτι
1857 3201 1980 3262 Υἱὸς

2099 3233 2123 3258 ι(
2158 3208 2339 3263 Homo
2372 3207 2429 3261 in
2464 3207 2635 3280 plaga
2666 3207 3043 3275 constitutus,
3078 3213 3135 3261 et
3184 3208 3374 3262 sciens
3405 3208 3553 3263 ferre
3583 3209 3745 3263 inﬁr-

335 3294 623 3369 ἀνθρώπου
656 3294 784 3349 ἐστί·
821 3319 847 3347 (ι
882 3298 985 3348 Νῦν
1021 3290 1077 3347 δὲ
1121 3314 1186 3365 με
1246 3296 1457 3363 ζητεῖτε
1506 3292 1839 3358 ἀποκτεῖναι,
1892 3288 1981 3343 ἄν·

336 3398 553 3453 θρωπον
588 3382 646 3445 ὅς
677 3384 775 3451 τὴν
812 3381 1069 3452 ἀλήθειαν
1127 3380 1411 3448 Λελάληκα
1471 3381 1619 3453 ὑμῖν.
1680 3381 1779 3441 Εἷς
1833 3378 1979 3446 Θεὸς,

336 3475 417 3534 εἷς
443 3472 532 3527 καὶ
570 3472 789 3545 μεσίτης
822 3475 954 3525 Θεοῦ
1003 3470 1090 3524 ααῖ
1146 3468 1467 3541 ἀνηρώπων,
1526 3469 1822 3541 ἄνθρωπως
1882 3468 1985 3536 Ἰη-

339 3566 468 3622 σοῦς
496 3560 747 3635 Χριστός.
797 3561 860 3616 Ὀ
917 3564 1133 3635 πρῶτος
1191 3559 1473 3633 ἄνθρωπος
1528 3557 1588 3611 ἐκ
1632 3563 1737 3631 γῆς
1768 3555 1984 3632 χοϊκὸς,

342 3651 373 3704 6
405 3647 656 3725 δεύτερος
718 3650 1002 3723 ἄνθρωπος
1061 3649 1088 3701 6
1146 3646 1343 3722 Κύριος
1392 3646 1441 3719 ἐξ
1470 3645 1718 3721 ούρανοῦ.
1751 3646 1807 3697 Ὀ
1837 3648 1985 3720 πρῶ-

333 3759 430 3800 τος
455 3736 654 3811 Ἀδάμ,
714 3738 741 3791 6
775 3735 831 3791 δὲ
888 3732 1118 3811 ἔσχατος
1168 3735 1417 3811 Χρισοός.
1454 3736 1529 3788 Γι’
1563 3736 1848 3806 ἀνθρώπου
1902 3732 1989 3797 θά-

338 3847 521 3899 νατος,
583 3824 651 3881 δι’
712 3826 997 3901 ἀνθρώπου
1058 3823 1341 3885 ἀνάστασις
1396 3826 1622 3899 νεκρῶν.
1685 3826 1991 3877 »Τοσαῦτα

340 3917 396 3973 ἐν
458 3914 671 3991 λόγοις,
721 3914 810 3969 καὶ
869 3912 1068 3984 πολλῶ
1124 3911 1301 3967 πλείω
1359 3910 1563 3989 σφόδρα
1617 3911 1714 3965 ὅσα
1746 3910 1909 3966 πάλιν
1942 3912 1993 3965 ἐν

340 4002 549 4082 ἔργοις.
612 4005 906 4079 Ἐγεννήθη
970 4002 1189 4079 βρέφος,
1242 4001 1573 4078 περιεγράφη
1646 4001 1992 4075 σπαργάνοις,

341 4093 545 4170 ἐτράφη
606 4091 856 4168 γάλακτι,
918 4091 1256 4167 περιετμήθη
1317 4090 1451 4143 κατά
1494 4091 1585 4143 τὸν
1617 4088 1808 4160 νόμον,
1864 4108 1996 4154 προ-

344 4182 537 4255 έκοψεν
570 4178 784 4251 ἡλικίᾳ,
818 4181 907 4235 καὶ
957 4178 1137 4255 σοφίᾳ,
1188 4178 1276 4233 καὶ
1325 4177 1535 4253 χάριτι,
1587 4182 1769 4230 πεῖναν
1830 4174 1993 4251 ἔγνω,

345 4269 505 4345 δίψαν
554 4269 652 4323 οὐκ
708 4268 968 4344 ἠγνόησε,
1016 4267 1196 4321 πόνων
1230 4264 1474 4336 α’ίσθησιν
1509 4260 1691 4334 ἔλαϐε,
1750 4271 1997 4339 ταραχῆς

345 4360 437 4414 καὶ
470 4355 771 4431 ἀδημονίας
802 4357 890 4411 καὶ
921 4355 1101 4424 λύπης
1130 4361 1319 4431 πεῖραν
1353 4352 1584 4424 ἐδέξατο,
1644 4353 1779 4407 κατὰ
1827 4352 2000 4407 πάντα

347 4448 616 4519 ὡμοιώθη
666 4452 782 4508 τοῖς
842 4443 1096 4522 ἀδελφοῖς
1172 4444 1349 4519 χωρὶς
1398 4442 1683 4518 ἁμαρτίας.
1746 4441 1997 4512 Μάστιξιν

2094 3298 2358 3352 mitatem
2390 3296 2434 3330 ⁵⁸
2470 3312 2480 3349 :
2516 3320 2540 3346 ››
2576 3302 2632 3350 et
2664 3297 2816 3367 quod
2852 3295 3033 3351 Filius
3065 3296 3142 3350 sit
3172 3295 3431 3352 hominis
3464 3312 3476 3351 :
3513 3320 3541 3346 ‹‹
3576 3301 3741 3353 Nunc

2091 3391 2286 3441 autem
2320 3384 2578 3456 quaeritis
2612 3402 2702 3439 me
2731 3384 3078 3451 interﬁcere,
3114 3385 3409 3441 hominem
3460 3385 3557 3457 qui
3591 3386 3740 3442 veri-

2093 3479 2270 3528 tatem
2300 3473 2529 3529 locutus
2562 3490 2693 3528 sum
2727 3473 2891 3529 vobis
2923 3474 2985 3528 ⁵⁷.
3019 3473 3182 3528 Unus
3225 3479 3397 3539 Deus,
3434 3491 3585 3528 unus
3618 3492 3739 3530 me-

2095 3562 2283 3617 diator
2345 3563 2439 3617 Dei
2470 3567 2525 3617 et
2573 3562 2899 3629 hominum,
2945 3562 3118 3617 homo
3162 3563 3337 3617 Jesus
3381 3562 3647 3617 Christus
3673 3564 3738 3617 ⁵⁸.

2097 3651 2331 3706 Primus
2356 3651 2528 3705 homo
2557 3667 2622 3706 ex
2646 3657 2797 3705 terra
2818 3656 3103 3717 terrenus,
3130 3651 3424 3705 secundus
3448 3650 3620 3705 homo
3648 3652 3753 3705 Do-

2102 3739 2298 3793 minus
2330 3756 2398 3793 ex
2426 3740 2568 3793 coalo
2591 3740 2655 3793 ³⁸.
2683 3739 2912 3793 Primus
2933 3740 3137 3807 Adam,
3169 3738 3412 3792 ultimus
3442 3754 3573 3792 vero
3593 3738 3756 3792 Chri-

2103 3834 2253 3883 stus.
2278 3831 2385 3881 Per
2418 3828 2711 3881 hominem
2748 3843 2924 3896 mors,
2950 3843 3049 3897 per
3080 3826 3375 3881 hominem
3408 3826 3757 3882 resurrectio

2107 3921 2471 3971 mortuorum
2505 3917 2570 3968 ⁶⁰.
2604 3937 2630 3964 ››
2662 3916 2785 3969 Haec
2819 3922 2899 3969 tot
2942 3919 3218 3985 tantaque
3251 3915 3441 3981 verba,
3477 3932 3541 3970 ac
3573 3914 3757 3970 multo

2108 4006 2275 4076 plura
2306 4021 2479 4075 opera
2511 4010 2669 4067 sunt,
2703 4020 2828 4074 quae
2862 4002 3265 4057 testimonium
3303 4003 3765 4059 reddant.l\'atus

2106 4100 2195 4148 est
2225 4091 2657 4163 infans,pannis
2699 4090 3164 4156 involutus,lacte
3199 4092 3476 4159 nutritus,
3511 4092 3762 4147 circum-

2108 4182 2265 4237 cisus
2298 4181 2624 4235 secundum
2658 4180 2865 4253 legem,
2906 4181 3149 4250 profecit
3179 4186 3371 4248 aetate,
3398 4181 3683 4251 sapientia
3714 4185 3769 4236 et

2109 4270 2317 4343 gratia,
2362 4270 2572 4323 famem
2608 4276 2881 4341 expertus
2926 4275 3034 4336 est,
3088 4270 3244 4325 sitim
3299 4287 3410 4324 non
3457 4269 3764 4341 ignoravit,

2112 4360 2343 4413 labores
2375 4357 2682 4423 sustinuit,
2721 4357 3239 4430 perturbationem,
3272 4359 3623 4414 anxietatem
3647 4360 3767 4414 ani-

2113 4447 2214 4514 mi,
2247 4452 2303 4501 et
2335 4445 2594 4501 dolorem
2628 4455 2901 4518 expertus
2927 4452 3034 4514 est,
3063 4464 3162 4517 per
3183 4447 3377 4502 omnia
3403 4447 3765 4503 assimilatus

351 4532 663 4606 ὑπεϐλήθη,
718 4539 930 4609 σταυρῷ
977 4534 1297 4608 προσήχθη,
1349 4529 1511 4599 ἥλοις
1552 4527 1876 4604 περιεπάρη,
1909 4540 1983 4592 θαι

2110 4541 2199 4590 est
2232 4534 2530 4601 fratribus,
2561 4540 2798 4605 excepto
2831 4541 3086 4607 peccato.
3132 4534 3403 4606 Flagellis
3435 4552 3620 4590 caesus
3651 4542 3765 4601 est,

349 4625 512 4679 νάτου
572 4622 847 4698 ἐγεύσατο,
904 4625 1048 4699 ταφῇ
1105 4618 1404 4696 παρεδόθη,
1476 4618 1691 4693 γὲγονεν
1752 4620 1786 4687 ἡ
1845 4618 1999 4691 ψυχὴ

350 4715 488 4769 κατά
515 4713 605 4767 τὸν
639 4710 794 4783 ᾃδην,
826 4709 915 4765 καί
964 4711 1297 4782 κρατηρὴναι
1362 4710 1437 4781 μή
1495 4705 1780 4777 δυνηθεῖσα
1835 4704 1998 4760 πάλιν

356 4800 593 4872 ἀπεδόθη
643 4804 722 4872 τῷ
774 4801 1005 4872 σώματι,
1056 4798 1144 4853 καὶ
1197 4797 1410 4873 γίγονεν
1463 4798 1497 4865 ἡ
1532 4796 1830 4856 ἀνάστασις
1890 4797 2003 4849 εἷτα

354 4892 534 4969 ἐπαφὴ
566 4891 656 4944 καὶ
715 4887 1032 4964 ψηλάφησις
1094 4890 1199 4939 τῶν
1234 4884 1624 4939 ἀπιστούντων·
1662 4884 1772 4938 εἶτα
1828 4883 2002 4960 τροφῆ

354 4980 689 5051 πιστουμένη
749 4981 846 5031 τοῦ
904 4976 1156 5047 σώματος
1214 4975 1312 5041 τὴν
1370 4973 1665 5027 ἀνάστασιν·
1720 4973 1831 5027 εἶτα
1882 4970 2005 5025 ἀνά-

359 5069 530 5142 ληψις
586 5066 662 5127 είς
713 5064 937 5140 οὐρανὸν
990 5064 1242 5139 ὁρώντων
1288 5060 1535 5118 πολλῶν,
1569 5063 1837 5117 Τοσαῦται
1876 5079 2008 5135 μαρ-

358 5156 535 5233 τυρίαι
566 5160 670 5209 τῶν
702 5151 1119 5230 γεγραμμένων,
1150 5151 1386 5217 τοσαύτη
1410 5147 1763 5224 πληροφορία
1785 5147 2008 5222 γενομὲ-

358 5268 489 5319 νων,
519 5243 794 5300 τοσούτων
825 5245 860 5311 ἡ
894 5240 1177 5313 οἰκονομία
1206 5238 1458 5315 πρόξενος
1490 5240 1715 5313 ἀγαθῶν.
1754 5237 1849 5290 Καὶ
1880 5241 2007 5291 ταῦ-

359 5357 424 5391 τα
453 5334 628 5389 πάντα
657 5330 943 5387 κελεύουσῖ
970 5334 1234 5405 παρορᾷν,
1261 5326 1351 5382 καὶ
1379 5326 1654 5381 τοσούτων
1686 5326 1774 5379 καὶ
1824 5326 2009 5379 τοιού-

361 5447 467 5480 των
499 5420 814 5483 ἁπεναντίας
848 5424 1079 5495 χωρεῖν,
1120 5415 1515 5492 ἀνθρωπότητα
1575 5412 1632 5469 δὲ
1670 5412 1758 5469 διὰ
1803 5414 2007 5470 τούτων

439 5636 485 5671 ⁸⁸
518 5636 627 5692 Isa.
659 5650 781 5703 ιιιι,
810 5635 865 5690 3.
941 5633 984 5672 ⁸⁸⁸
1015 5632 1182 5688 Joan.
1208 5646 1333 5701 vm,
1364 5630 1452 5684 40.
1529 5628 1574 5663 ⁸⁸
1606 5630 1625 5683 I
1658 5628 1808 5683 Tim.
1845 5645 1906 5699 ιι,
1934 5631 1989 5685 5.

653 5762 919 5822 Panos.
951 5760 1064 5822 Gs.
1107 5754 1379 5821 XXVIII.

2113 4629 2279 4679 actus
2312 4624 2369 4677 in
2404 4639 2658 4692 crucem,
2684 4623 2865 4678 clavis
2898 4624 3181 4692 conﬁxus,
3208 4630 3453 4679 mortem
3484 4625 3765 4695 gustavit,

2114 4709 2424 4782 sepulturas
2459 4710 2712 4765 traditus
2742 4715 2850 4775 est,
2882 4710 3183 4765 descendit
3212 4711 3406 4766 anima
3436 4712 3566 4783 ejus
3587 4713 3658 4767 ad
3684 4713 3768 4766 in-

2116 4801 2288 4868 feros,
2322 4804 2377 4853 et
2408 4814 2539 4853 cum
2594 4799 2671 4853 ibi
2724 4799 2967 4854 detineri
3010 4816 3121 4854 non
3175 4807 3393 4871 posset,
3428 4800 3648 4856 reddita
3678 4804 3767 4856 est

2116 4888 2363 4959 corpori,
2397 4892 2453 4941 et
2504 4887 2653 4941 facta
2694 4888 3044 4944 resurrectio
3076 4894 3165 4943 est
3197 4907 3209 4943 :
3246 4888 3381 4943 hinc
3423 4889 3678 4961 palpatio
3710 4898 3768 4944 et

2117 4977 2493 5032 contrectatio
2534 4976 2995 5043 incredulorum,
3028 4978 3239 5033 deinde
3280 4983 3554 5049 sumptus
3602 4979 3768 5035 cibus

2118 5071 2227 5130 est,
2259 5066 2357 5136 qui
2392 5065 2725 5120 resuscitati
2759 5067 3016 5137 corporis
3063 5067 3235 5121 ﬁdem
3273 5068 3480 5123 faceret
3512 5086 3525 5122 :
3562 5068 3771 5123 deinde

2121 5153 2450 5224 assumptio
2482 5153 2539 5207 in
2574 5154 2784 5209 ccelum
2817 5154 3023 5210 multis
3056 5155 3411 5211 videntibus.
3438 5160 3541 5210 Tot
3576 5161 3768 5211 tanta-

2122 5259 2235 5313 que
2260 5247 2399 5297 sunt
2426 5243 2862 5314 Scripturarum
2897 5243 3418 5307 testimonia,tanta
3451 5261 3642 5299 rerum
3675 5260 3771 5315 ge-

2122 5336 2345 5386 starum
2380 5332 2686 5399 certitudo,
2719 5337 2803 5388 tot
2834 5338 3110 5403 tantaque
3144 5333 3309 5387 nobis
3360 5332 3510 5386 bona
3540 5348 3771 5387 oecono-

2123 5419 2241 5475 mia
2272 5419 2563 5475 conciliat.
2602 5421 2667 5475 Et
2698 5421 3043 5493 praecipiunt
3072 5426 3265 5475 tamen
3302 5423 3364 5473 ut
3417 5419 3535 5474 haec
3576 5420 3770 5474 omnia

2066 5632 2111 5667 ⁸⁹
2139 5632 2160 5687 Ι
2191 5631 2323 5688 Cor.
2364 5647 2458 5697 xv,
2488 5632 2578 5687 47.
2654 5632 2699 5666 ⁶⁰
2729 5631 2868 5687 ibid.
2902 5633 2992 5687 21.
