4086 6214
408 325 562 384 1355

1569 323 1635 380 S.
1682 315 2202 381 ATHANASIUS.
2233 349 2309 360 -—
2341 317 2649 383 SPURIA.

3660 318 3801 377 i356

411 454 828 526 despiciemus,
872 471 938 508 ac
969 460 1173 508 contra
1205 453 1405 507 isthaec
1442 456 1603 506 tanta
1632 456 1688 506 et
1717 448 2054 520 hujusmodi

2174 443 2630 522 ἀποδεδειγμένην
2681 448 2757 519 μὴ
2811 446 2946 501 κατά
2991 447 3144 523 φύσιν
3180 444 3496 521 ὁμολογεῖν·
3532 447 3799 521 ἀνθρωπύ-

413 544 819 615 procedemus,
852 542 1062 615 hisque
1095 543 1556 597 demonstratam
1580 538 1936 595 testimoniis
1957 536 2063 592 hu-

415 631 757 686 manitatem
813 650 928 687 non
978 633 1305 687 secundum
1338 636 1605 686 naturam
1637 628 2060 694 conﬁteamum

416 720 844 774 humanitatem
893 737 1026 775 vero
1080 738 1191 775 non
1236 721 1475 773 nudam.
1526 720 1605 771 Ad
1641 717 1761 771 haec
1794 721 1973 771 restat
2002 718 2063 768 ut

420 807 802 879 apostolicam
836 825 1202 880 opponamus
1234 826 1427 864 vocem
1465 824 1477 862 :
1513 830 1537 855 (ι
1564 806 1800 877 Oportet
1828 804 2063 859 obedire

418 897 533 951 Deo
566 897 755 968 magis
789 914 962 969 quam
988 898 1325 952 hominibus
1346 898 1407 950 5‘.
1439 897 1629 950 «Cum
1660 895 1839 966 igitur
1859 893 2062 947 huma-

421 987 574 1041 nitas
605 986 898 1041 divinitati
926 985 1296 1041 ineﬂ'abiliter
1319 991 1375 1041 et
1406 982 1871 1056 inseparabiliter
1900 980 2061 1035 unita

420 1076 516 1139 sit,
542 1076 625 1129 ita
655 1076 915 1145 quidem,
936 1081 999 1128 ut
1029 1076 1180 1129 idem
1215 1082 1271 1129 et
1293 1076 1486 1128 infans
1515 1073 1797 1139 videatur,
1823 1077 1878 1125 et
1908 1070 2062 1124 Deus

420 1171 787 1234 agnoscatur,
818 1187 844 1214 ‹‹
892 1164 1056 1233 Puer,
1092 1187 1118 1213 »
1152 1164 1345 1236 inquit
1376 1162 1675 1235 propheta,
1710 1184 1735 1209 «
1774 1166 1947 1214 natus
1976 1162 2064 1212 est

420 1253 605 1317 nobis,
643 1257 697 1305 et
728 1252 908 1307 Filius
939 1253 1113 1306 datus
1144 1258 1231 1307 est
1265 1252 1451 1319 nobis,
1487 1257 1542 1307 et
1583 1256 1821 1304 vocatur
1851 1264 2061 1303 nomen

417 1342 561 1410 ejus,
594 1343 789 1413 magni
825 1341 1049 1396 consilii
1083 1342 1338 1412 Angelus
1370 1339 1757 1406 admirabilis,
1790 1337 2061 1392 consilia-

417 1428 563 1493 rius,
598 1434 749 1483 Deus
783 1430 948 1484 fortis
973 1431 1038 1481 ⁶².
1068 1454 1094 1478 ››
1128 1431 1346 1485 Fasciis
1378 1428 1881 1484 circumscribitur
1914 1443 1926 1479 :
1961 1424 2062 1479 sed

417 1515 595 1571 nullis
613 1517 1402 1590 circumscriptumterminis
1425 1518 1733 1588 imperium
1757 1515 1815 1569 in
1834 1518 2059 1569 creatu-

418 1622 513 1660 ras
547 1607 848 1661 universas
879 1614 1121 1662 exercet.
1160 1609 1217 1662 In
1270 1624 1524 1678 praesepe
1576 1606 1915 1678 ponebatur,
1963 1601 2060 1656 sed

421 1694 761 1765 angelorum
786 1695 1113 1751 celebratus
1131 1696 1347 1769 hymno
1366 1695 1831 1767 glorificabatur:
1851 1692 2063 1745 famem

421 1789 475 1837 et
508 1784 664 1837 sitim
697 1783 981 1853 toleravit,
1015 1786 1113 1840 sed
1149 1802 1216 1839 ex
1264 1786 1524 1856 quinque
1570 1783 1817 1855 panibus
1850 1778 2066 1849 aliquot

2168 556 2304 604 τητα
2356 532 2412 588 δὲ
2460 534 2521 588 ού
2564 534 2750 608 ψιλήν.
2811 536 2951 611 Πρὸς
2999 540 3166 591 ταῦτα
3212 536 3395 611 καιρὸς
3444 535 3797 602 ἁποστολικὴν

2171 624 2461 686 ἀντιθεῖναι
2519 626 2725 700 φωνήν·
2787 649 2814 675 ‹‹
2877 624 3198 700 Ιίειθάρχεῖν
3260 622 3341 679 δεῖ
3384 625 3503 694 Θεῷ
3539 624 3796 695 μᾶλλο·ιῆ

2171 713 2499 787 ἀνθρώποις.
2555 739 2575 764 ιι
2634 712 2787 768 Οὕτω
2838 710 2884 768 δ’
2932 709 3349 788 ἀνθρωπότητος
3392 713 3646 788 ἀρρήτως
3675 715 3802 781 ἡνω-

2174 799 2339 872 μένης
2369 800 2457 855 καὶ
2487 800 2809 875 ἀχωρίστως
2842 803 3079 872 θεότητι,
3129 803 3202 865 ὡς
3249 804 3339 856 τὸν
3391 801 3551 857 αὐτὸν
3615 802 3796 877 βρέφος

2168 888 2259 942 καὶ
2288 886 2500 943 παιδίον
2539 889 2855 963 βλέπεσθαι,
2885 892 2973 946 καὶ
3006 892 3132 947 Θεὸν
3175 892 3548 967 γινώσκεσθαι.
3605 917 3629 939 ιι
3683 897 3797 944 lian-

2172 975 2284 1031 δίον
2319 976 2577 1052 ἐγεννήθη
2610 981 2768 1051 ἡμῖν,
2806 1004 2833 1031 υ
2866 980 3028 1055 φησὶν
3064 980 3091 1033 ὁ
3135 982 3449 1056 προφήτης,
3484 1004 3511 1030 ‹‹
3561 980 3677 1043 Υἱὸς
3721 980 3799 1032 καὶ

2171 1060 2355 1136 ἐδόθη,
2403 1066 2491 1120 καὶ
2536 1067 2779 1123 καλεῖται
2829 1069 2891 1122 τὸ
2923 1064 3097 1142 ὄνομα
3131 1067 3293 1123 αύτοῦ
3329 1067 3576 1142 μεγάλης
3612 1067 3799 1142 βουλῆς

2171 1154 2467 1230 ’¹Αγγελος,
2500 1157 2825 1228 θαυμαστὸς,
2850 1153 3190 1231 σύμϐουλος,
3220 1157 3348 1218 Θεὸς
3384 1156 3633 1231 ἰσχυρός.
3668 1182 3694 1207 υ
3722 1156 3799 1213 Ἢν

2172 1243 2497 1319 σπαργάνοις
2552 1244 2956 1324 περιγράφεται*
3010 1244 3153 1300 ἀλλὰ
3200 1245 3343 1320 πάσῃ
3390 1249 3461 1317 τῇ
3503 1245 3673 1303 κτίσει
3714 1246 3799 1314 τὴν

2173 1328 2481 1386 δεσποτείαν
2532 1332 2895 1410 ἀπερίγραφον
2947 1331 3329 1390 ἐπιδείκνυται.
3382 1335 3469 1387 Ἐν
3515 1332 3681 1411 φάτνῃ
3709 1332 3803 1387 ἐτίφ

2173 1431 2315 1487 θετο,
2349 1419 2492 1476 ἀλλά
2522 1422 2649 1496 παρ’
2679 1421 2923 1497 ἀγγέλων
2968 1422 3303 1495 ὑμνούμενος
3354 1420 3653 1492 ἐδοξάζετο
3698 1428 3802 1475 πεῖ·

2170 1530 2261 1561 ναν
2282 1510 2369 1562 καὶ
2402 1506 2559 1583 δίψαν
2591 1508 2890 1583 ὑπέμεινεν,
2926 1507 3051 1564 ἀλλ’
3078 1509 3136 1565 ἐκ
3163 1508 3322 1565 πέντε
3350 1506 3530 1585 ἄρτων
3568 1506 3802 1584 ’χιλιάδας

2172 1594 2453 1673 ἐχόρτασε,
2506 1597 2596 1653 καὶ
2645 1598 2946 1674 περισσείαν
3005 1597 3337 1671 κλασμάτων
3397 1595 3624 1653 δεκαδύο
3668 1598 3800 1674 uoci-

2172 1706 2297 1751 νων,
2332 1685 2405 1747 ὡς
2438 1686 2725 1759 ἠθέλησεν,
2761 1684 2943 1757 ἔδειξε.
2994 1688 3288 1759 Συντόμως
3341 1687 3537 1759 εἰπεῖν,
3573 1686 3799 1762 ἐγεύσατο

2176 1772 2426 1843 θανάτου,
2479 1774 2621 1830 ἀλλὰ
2667 1775 2927 1831 κατέλυσε
2967 1776 3058 1831 τὸν
3110 1777 3170 1829 τὸ
3231 1775 3432 1849 κράτος
3485 1772 3677 1851 ἔχοντα
3716 1779 3797 1829 τοῦ

422 1871 725 1926 hominum
761 1872 943 1926 millia
973 1874 1276 1942 saturavit,
1305 1877 1359 1927 et
1389 1871 1728 1943 superantia
1757 1867 2054 1923 duodecim

2175 1861 2421 1916 θανάτου’
2460 1864 2550 1917 καὶ
2594 1866 2710 1918 κατ’
2759 1863 2889 1919 αὐτὸ
2922 1860 2979 1918 δέ
3006 1861 3069 1918 τι)
3100 1864 3288 1936 πάθος,
3323 1863 3411 1918 ἐπὶ
3445 1868 3670 1937 σταυροῦ
3718 1863 3797 1935 μὶν

421 1960 810 2015 canistrorum
844 1962 1187 2031 fragmenta,
1223 1966 1397 2032 prout
1442 1960 1643 2029 voluit,
1686 1955 1960 2013 ostendit.
1994 1953 2065 2009 Ut

422 2048 627 2119 paucis
679 2065 797 2103 rem
850 2049 1222 2120 complectar,
1271 2055 1513 2104 mortem
1561 2045 1915 2119 degustavit,
1962 2043 2061 2098 sed

421 2153 554 2192 eum
587 2138 688 2209 qui
742 2139 944 2193 mortis
988 2140 1301 2211 imperium
1353 2139 1579 2193 tenebat
1634 2134 1962 2191 destruxit:
1999 2150 2064 2186 ac

420 2226 478 2279 in
513 2242 683 2280 cruce
716 2226 974 2297 quidem,
1008 2228 1143 2281 dum
1175 2232 1487 2299 pateretur,
1520 2243 1730 2297 corpus
1769 2225 1889 2293 ejus
1922 2239 2060 2293 pen-

418 2314 628 2382 debat;
664 2316 762 2385 qui
796 2332 927 2370 vero
958 2313 1016 2369 in
1046 2314 1142 2369 illo
1174 2322 1297 2372 erat
1326 2316 1479 2371 Deus
1508 2314 1783 2379 Verbum,
1813 2313 1862 2366 is
1892 2328 2059 2366 suam

419 2402 599 2458 nullis
632 2404 1007 2473 passionibus
1029 2404 1334 2459 obnoxiam
1361 2404 1678 2477 potentiam
1715 2402 1931 2474 ubique
1963 2401 2058 2454 de-

418 2489 695 2545 clarabat.
758 2492 1093 2547 Movebatur
1152 2499 1325 2559 terra,
1388 2493 1807 2547 scindebantur
1866 2497 2060 2561 petrae,

420 2580 819 2634 occultabatur
849 2580 958 2647 sol,
988 2581 1177 2637 velum
1216 2582 1615 2653 rumpebatur,
1652 2580 2063 2651 aperiebantur

420 2670 709 2737 sepulcra,
744 2670 1123 2740 resurgebant
1155 2670 1364 2724 mortui
1400 2669 1527 2723 novi
1564 2672 1869 2740 ruptorum
1906 2683 2061 2720 mor-

420 2754 494 2810 tis
529 2755 889 2812 vinculorum
924 2774 1211 2828 prtecones
1262 2776 1273 2814 :
1326 2763 1601 2813 creatura:
1632 2757 1883 2827 denique
1934 2754 2060 2808 uni-

420 2860 595 2898 VBI'SIB
647 2844 995 2900 invisibilem
1046 2846 1303 2901 cruciﬁxi
1354 2846 1626 2900 deitatem
1689 2844 2060 2899 nuntiabant.

419 2933 620 2995 Qualis
647 2933 829 3005 igitur
874 2936 1161 3005 supererit
1210 2935 1525 3006 excusatio,
1576 2934 1624 2989 si
1666 2939 1829 2988 tanta
1875 2933 2061 2987 salute

420 3020 702 3092 neglecta,
736 3028 853 3077 tam
879 3023 1046 3078 ceriis
1081 3023 1431 3079 testimoniis
1473 3023 1845 3094 contemptis,
1897 3021 2063 3075 novis

421 3111 913 3169 contentiosorum
971 3113 1278 3167 hominum
1340 3112 1717 3185 opinionibus
1749 3111 2059 3167 adhmseri-

2172 1950 2238 2019 ἦν
2270 1952 2332 2005 τὸ
2364 1956 2523 2025 σῶμα
2564 1952 2923 2026 κρεμάμενον,
2974 1956 3254 2028 πανταχοῦ
3288 1951 3345 2008 δὲ
3377 1955 3405 2007 ὁ
3437 1952 3489 2007 ἐν
3519 1951 3660 2025 αύτῷ
3688 1951 3797 2012 Θεὸς

2173 2040 2349 2114 Λόγος
2424 2042 2521 2110 τὴν
2600 2044 2777 2110 ἀπαθῆ
2854 2040 3158 2096 δυναστείαν
3233 2039 3671 2114 ἐπιδεικνύμενος
3722 2043 3793 2108 ἦν.

2175 2130 2403 2184 Ἐσείετο
2432 2137 2526 2206 γῆ,
2558 2130 2833 2206 ἐσχίζοντο
2882 2130 3095 2209 πέτραι,
3152 2131 3587 2187 συνεκαλύπτετο
3633 2128 3795 2201 ἥλιος,

2173 2214 2523 2295 διερῥήγνυτο
2599 2221 3005 2293 καταπέτασμα,
3067 2220 3226 2297 τάφοι
3281 2220 3597 2296 ἡνοίγοντο,
3639 2219 3796 2293 νεκροὶ

2172 2305 2478 2379 ἀνεπήδων,
2538 2309 2674 2381 ξένοι
2725 2311 2957 2385 κήρυκες
3001 2314 3100 2379 τῆς
3151 2307 3502 2379 καταλύσεως
3531 2314 3625 2367 τοῦ
3654 2309 3794 2372 ﬂuvie

2168 2416 2264 2449 του
2318 2402 2463 2451 πᾶσα
2507 2396 2678 2458 κτίσις
2743 2397 2840 2465 τὴν
2918 2395 3145 2470 ἀόρατον
3200 2397 3435 2469 θεότητα
3490 2403 3584 2452 τοῦ
3638 2396 3795 2450 ἐσταυ·

2173 2485 2421 2559 ρωμένου
2452 2484 2672 2557 ἐμήνυε.
2727 2485 2889 2541 Ποίαν
2937 2481 3125 2559 ἕξομεν
3175 2483 3503 2562 ἀπολογίαν,
3552 2482 3788 2555 τηλικαύ-

2170 2594 2268 2641 της
2312 2571 2683 2645 ἀμελήσαντες
2752 2573 3046 2648 σωτηρίας,
3094 2574 3181 2629 καὶ
3243 2575 3517 2647 τοσαύτην
3565 2570 3790 2645 παριδόν-

2168 2682 2256 2723 τες
2286 2660 2689 2740 πληροφορίαν,
2721 2662 3115 2735 συνθέμενοίτε
3141 2668 3260 2724 ταῖς
3290 2668 3401 2718 τῶν
3441 2661 3788 2741 φιλονεικούν-

2168 2772 2275 2803 των
2309 2751 2682 2824 καινοτομίαις
2710 2772 2722 2821 ;
2751 2751 2903 2810 Ἀλλ’
2935 2750 3017 2805 ὅτι
3066 2751 3159 2826 μὲν
3207 2753 3342 2807 κατά
3389 2754 3563 2808 πάντα
3616 2747 3789 2825 τρόπον

2172 2840 2398 2915 ἁρμόζει
2430 2842 2716 2915 γινώσκειν
2747 2841 2837 2897 τὸν
2874 2846 3108 2914 Σωτῆρα
3132 2842 3361 2915 Χριστὸν
3411 2842 3540 2898 Θεόν
3574 2842 3677 2912 ἃμα
3714 2836 3789 2893 καὶ

2172 2926 2472 3004 ἄνθρωπον,
2504 2931 2639 2985 κατὰ
2692 2931 2846 3006 φύσιν
2880 2929 3153 3005 ἑκατέραν³
3185 2930 3282 2985 κᾶν
3313 2933 3482 3004 ἡμεῖς
3534 2930 3791 2997 σιωπήσωρ

2175 3039 2289 3089 μεν,
2322 3020 2373 3073 οἱ
2406 3017 2548 3074 λίθοι
2580 3020 2881 3096 κράξονται·
2916 3022 2977 3076 τὸ
3008 3020 3067 3078 δὲ
3101 3021 3177 3095 μὴ
3211 3019 3357 3096 ἔχειν
3409 3020 3486 3082 εἷς
3536 3019 3786 3094 ἄνθρωπον

2173 3105 2358 3169 ἀπλῶς
2387 3108 2480 3169 τὰς
2513 3105 2735 3173 ἐλπίδας
2764 3109 2889 3175 τοὺς
2917 3112 3060 3165 οὕτω
3108 3109 3481 3177 πιστεύοντας,
3534 3107 3787 3182 ἅναγχαῖον

420 3197 602 3251 mus?
634 3200 837 3253 Verum
873 3200 1026 3270 quod
1059 3202 1332 3256 omnibus
1374 3202 1564 3255 modis
1610 3201 1904 3255 Christum
1940 3197 2054 3254 Sal-

2173 3192 2337 3264 δεῖξαι
2386 3201 2590 3274 σαφῶς.
2642 3198 2889 3275 Καίτοιγε
2938 3199 3028 3255 καὶ
3078 3197 3131 3254 εἷ’
3159 3220 3241 3260 τις
3274 3196 3564 3254 ἀνέκοπτεν
3596 3192 3787 3269 ἀπορία,

418 3290 672 3341 vatorem
704 3287 904 3342 deceat
936 3305 1250 3361 agnoscere
1281 3290 1463 3344 Deum
1508 3289 1725 3360 pariter
1771 3294 1828 3344 et
1867 3288 2054 3343 homi-

412 3390 543 3427 nem
605 3376 778 3441 499,
840 3377 1163 3432 secundum
1215 3383 1524 3450 utramque
1572 3383 1865 3449 naturam,
1920 3375 2057 3431 licet

410 3479 517 3517 nos
547 3465 924 3529 tacuerimus,
950 3463 1171 3535 lapides
1203 3466 1561 3521 clamabunt.
1583 3466 1741 3531 Quod
1776 3482 1907 3519 vero
1941 3482 2053 3518 non

408 3550 467 3605 in
501 3550 737 3606 homine
767 3552 1110 3623 simpliciter
1141 3572 1302 3625 spem
1347 3572 1510 3608 suam
1548 3554 1803 3609 habeant
1833 3553 2053 3625 reposi-

408 3645 551 3709 tam,
586 3642 681 3713 qui
715 3642 798 3696 sic
830 3642 1109 3709 sentiunt,
1145 3660 1330 3715 operae
1377 3645 1625 3715 pretium
1675 3648 1783 3710 est,
1832 3642 2053 3714 perspi-

411 3744 515 3783 cue
546 3730 965 3785 demonstrare.
1000 3732 1257 3787 Tametsi
1289 3734 1338 3785 si
1373 3749 1490 3804 qua
1519 3733 1757 3787 suborta
1787 3736 1874 3785 est
1905 3748 2054 3801 qua:-

412 3821 544 3887 stio,
578 3822 680 3872 aut
727 3817 1077 3873 solutionem
1127 3821 1254 3890 ejus
1294 3821 1595 3891 quzesitam
1644 3820 1919 3891 oportuit,
1956 3824 2056 3873 aut

409 3904 699 3961 inscitiam
750 3907 915 3962 fateri
966 3909 1280 3979 propriam,
1315 3926 1418 3964 nec
1458 3927 1490 3963 a
1534 3910 1833 3981 Scriptura
1863 3909 2051 3964 disce»

412 3994 566 4051 dere.
584 3996 714 4051 Jam
740 4014 909 4069 porro
930 3997 1095 4052 facile
1118 4003 1207 4053 est
1232 4015 1549 4070 congruam
1587 3998 1845 4052 invenire
1877 3998 2053 4053 ratio-

411 4100 566 4150 nem,
601 4102 781 4155 quare
812 4088 868 4140 in
922 4087 1210 4143 carnalem
1244 4087 1500 4142 hominis
1530 4088 1667 4142 facti
1700 4087 1920 4157 (Verbi)
1950 4088 2051 4142 ad-

405 4179 664 4238 ventum,
697 4175 754 4227 in
805 4176 1119 4230 salutarem
1155 4176 1380 4230 Domini
1439 4177 1841 4241 ceconominm,
1885 4193 2048 4248 spem

404 4278 759 4332 reponamus
793 4270 1075 4331 nostram,
1109 4266 1247 4317 dum
1282 4264 1635 4320 invisibilem
1687 4270 1866 4318 Deum
1908 4265 2046 4321 Ver-

404 4350 544 4404 bum
581 4367 680 4420 per
716 4350 1002 4406 visibilem
1063 4368 1297 4408 carnem
1352 4356 1778 4426 cognoscimus,
1836 4359 1893 4409 et
1948 4370 2051 4425 per

403 4439 533 4508 ejus
548 4438 876 4509 passionem
898 4439 1432 4511 impassibilitatem
1454 4442 1710 4513 accipere
1731 4443 2043 4499 credimus:

402 4526 598 4581 omnia
646 4532 839 4581 autem
890 4533 1055 4599 gesta
1101 4529 1298 4584 deitati
1342 4548 1472 4585 cum
1507 4548 1679 4586 carne
1725 4532 2044 4603 conjunctae
2075 4552 2122 4615 Β

402 4615 778 4681 ascribimus,
814 4622 867 4669 et.
900 4616 981 4671 ita
1014 4634 1191 4672 unam
1224 4618 1621 4674 adorationem
1666 4619 1961 4674 incarnaito
1990 4626 2046 4675 et

401 4704 622 4757 homini
676 4705 822 4760 laeto
872 4705 985 4760 Deo
1034 4708 1221 4761 Verbo
1272 4707 1589 4762 efferimus.
1642 4708 1840 4778 Neque
1887 4709 2040 4764 enim

401 4793 613 4848 mulier
635 4793 732 4847 illa
755 4810 884 4864 quae
908 4794 1200 4849 fimbriam
1236 4797 1633 4861 contrectavit,
1660 4796 1715 4851 in
1750 4797 2041 4853 fimbriam

399 4899 561 4952 spem
595 4881 806 4937 habere
836 4882 1197 4954 deprehensa
1224 4889 1331 4949 est,
1358 4885 1456 4940 sed
1490 4886 1549 4939 in
1586 4891 1927 4958 potestatem
1962 4887 2043 4941 in-

394 4969 681 5026 visibilem
713 4972 840 5042 ejus
874 4973 975 5044 qui
1007 4982 1130 5027 erat
1179 4973 1522 5029 vestimento
1570 4974 1837 5041 indutus,
1873 4978 2041 5047 cujus

393 5065 518 5115 erat
539 5059 790 5115 ﬁmbria.
813 5061 1011 5134 Neque
1035 5062 1083 5117 is
1101 5062 1199 5135 qui
1224 5069 1398 5134 sputo
1422 5063 1530 5118 fuit
1547 5081 1579 5119 a
1600 5064 1854 5119 caacitate
1874 5082 2039 5121 sana-

390 5149 571 5213 tus,in
596 5156 835 5221 sputum
862 5150 1067 5205 habuit
1087 5150 1384 5221 ﬁduciam;
1406 5152 1505 5207 sed
1532 5152 1589 5207 in
1614 5153 1886 5209 invictam
1910 5155 2036 5225 ejus

388 5238 707 5308 potentiam
740 5240 841 5309 qui
878 5239 1055 5307 jussit
1093 5238 1257 5294 illum
1291 5239 1371 5294 ita
1422 5241 1707 5296 medelam
1754 5241 2032 5313 accipere.

386 5327 530 5382 Nam
548 5328 645 5399 qui
661 5327 830 5383 hodie
848 5328 915 5382 ad
933 5332 1203 5382 sanctum
1219 5328 1399 5383 altare
1412 5330 2034 5402 accedunt,ipsumque

387 5413 845 5486 amplectuntur,
876 5430 943 5469 ac
987 5430 1120 5469 cum
1166 5414 1375 5470 timore
1405 5419 1461 5471 et
1498 5415 1712 5487 gaudio
1743 5416 2024 5476 salutant.

455 5628 499 5663 θί
535 5631 653 5684 Act.
687 5646 740 5694 v,
772 5628 862 5681 29.
939 5628 984 5662 ⁶²
1013 5629 1122 5684 Isa.
1158 5646 1233 5697 1x,
1264 5630 1314 5693 6.

2163 3283 2363 3355 ταύτης
2412 3285 2580 3362 ἐχρῆν
2630 3288 2728 3356 τήν
2763 3286 2916 3344 λύσιν
2972 3294 3168 3360 ζητεῖν,
3218 3288 3253 3356 ἢ
3284 3288 3387 3357 τὴν
3445 3285 3636 3341 οἰκείαν
3668 3284 3786 3354 ἁμά·

2166 3383 2308 3435 θειαν
2370 3373 2686 3450 ὁμολογεῖν,
2745 3375 2807 3430 ού
2864 3381 2972 3433 τῶν
3031 3375 3429 3452 γεγραμμένων
3483 3377 3778 3447 ἀναχωρεῖν.

2164 3460 2295 3514 Νυνῖ
2346 3459 2402 3515 δὲ
2447 3463 2536 3517 καὶ
2587 3460 2771 3537 ῥάδιον
2820 3466 2883 3519 τὸ
2932 3467 3136 3540 πρέπον
3185 3465 3382 3539 εὑρεῖν,
3417 3462 3501 3519 ὅτι
3530 3464 3617 3523 τὰς
3645 3458 3777 3515 ἐλπί-

2164 3545 2257 3611 δας
2307 3546 2505 3625 ἔχομεν
2562 3551 2635 3613 εἷς
2687 3554 2786 3621 τὴν
2846 3549 3097 3629 ἔνσαρκον
3155 3557 3252 3608 τοῦ
3297 3552 3777 3627 ἐνανθρωπήσαντος

2161 3636 2475 3712 παρουσίαν,
2532 3640 2605 3703 είς
2651 3642 2751 3710 τήν
2811 3644 3079 3715 σωτήριον
3133 3646 3229 3696 τοῦ
3288 3639 3553 3697 δεσπότου
3591 3638 3777 3693 οἰκονο-

2167 3726 2312 3798 μίαν,
2373 3725 2462 3782 διὰ
2520 3730 2613 3802 μὶν
2681 3736 2777 3799 τῆς
2833 3731 3119 3805 ὁρωμένης
3179 3730 3376 3806 σαρκὸς
3432 3730 3519 3787 τὸν
3582 3728 3778 3800 ἀόρατον

2163 3816 2288 3870 Θεὸν
2349 3817 2518 3893 Λόγον
2598 3818 3069 3893 ἐπιγινώσκοντες,
3124 3819 3213 3873 καὶ
3285 3816 3375 3874 διὰ
3439 3824 3534 3876 τοῦ
3602 3818 3778 3875 πάθους

2160 3905 2361 3975 ταύτης
2411 3908 2509 3975 τήν
2564 3908 2815 3963 ἀπάθειαν
2879 3905 3174 3982 λαμϐάνειν
3210 3908 3571 3977 πιστεύοντες·
3630 3904 3777 3960 πάντα

2162 3991 2218 4047 δὲ
2247 3996 2314 4048 τὰ
2367 3996 2645 4070 γενόμενα,
2703 4001 2771 4071 τῇ
2816 3998 3074 4072 ἡνωμένῃ
3124 4002 3192 4071 τῇ
3244 3999 3402 4073 σαρκὶ
3445 3997 3649 4065 θεότητι
3680 3993 3776 4047 ἐπι-

2159 4084 2586 4161 γράφοντες.καῖ
2639 4087 2776 4141 οὕεω
2811 4085 2937 4160 μίαν
2979 4088 3075 4157 τὴν
3128 4087 3496 4163 προσκύνησιν
3540 4089 3614 4155 τῷ
3660 4099 3772 4153 σαρ-

2158 4172 2381 4227 κωθέντι
2437 4174 2525 4229 καὶ
2585 4174 3059 4251 ἐνανορωπήσαντι
3117 4180 3232 4247 Θεῷ
3290 4175 3453 4251 Λόγῳ
3498 4170 3768 4248 προσάγοψ

2155 4282 2269 4324 τες.
2337 4260 2476 4319 Οὐδὲ
2531 4264 2631 4339 γὰρ
2679 4267 2713 4332 ἡ
2767 4265 3014 4338 ἁψαμένη
3067 4265 3203 4339 γυνὴ
3249 4269 3347 4318 τοῦ
3393 4258 3681 4338 κρασπέδου
3709 4256 3774 4316 εἰς

2156 4349 2452 4425 κράσπεδον
2516 4351 2717 4427 ἔχουσα
2762 4352 2855 4414 τὰς
2909 4351 3135 4415 ἐλπίδας
3181 4350 3477 4429 ἠλέγχετο,
3522 4349 3659 4415 ἀλλ’,
3711 4344 3774 4405 εἷς

2155 4441 2251 4508 τήν
2286 4442 2514 4515 ἀόρατον
2547 4439 2772 4514 δύναμιν
2799 4447 2896 4495 τοῦ
2926 4443 2988 4496 τὸ
3034 4441 3251 4514 ἱμάτιον
3303 4436 3768 4517 περιϐεϐλῆμένουν

2156 4526 2319 4604 οὗπερ
2352 4529 2413 4583 τὸ
2445 4527 2766 4603 κράσπεδον.
2801 4528 2942 4588 Οὐδὲ
2971 4531 2999 4586 ὁ
3027 4535 3106 4603 τῷ
3136 4531 3408 4605 πτύσματι
3437 4537 3534 4598 τῆς
3576 4521 3768 4601 MM”

2156 4638 2289 4680 σεως
2323 4616 2719 4695 ἐλευθερωθεὶς,
2753 4619 2829 4681 εἷς
2858 4620 3080 4692 πτύσμα
3116 4620 3214 4688 τήν
3258 4619 3573 4686 πεποίθησιν
3620 4615 3767 4686 εἶχεν.

2154 4703 2279 4761 ἀλλ’
2338 4706 2410 4767 εἰς
2452 4708 2550 4775 τὴν
2595 4706 2863 4778 ἀήττητον
2914 4706 3151 4778 ἐξουσίαν
3188 4712 3285 4763 τοῦ
3315 4707 3653 4767 κελεύσαντος
3681 4698 3767 4753 6’3-

2150 4795 2240 4848 τὸν
2293 4794 2434 4850 οὕτω
2482 4797 2580 4865 τὴν
2641 4794 2776 4855 ἱάσιν
2823 4792 3085 4866 δέξασθαι.
3140 4798 3287 4851 Ἐπεὶ
3318 4797 3521 4851 καὶνῦν
3550 4794 3596 4846 οἱ
3626 4806 3768 4864 προσ·

2155 4883 2322 4944 ιόντες
2355 4883 2491 4959 ἁγίῳ
2524 4883 2909 4957 θυσιαστηρίῳ,
2962 4885 3449 4958 περιπτυσσόμενοι
3500 4880 3551 4936 δέ
3602 4883 3763 4939 τοῦτον

2148 4972 2237 5025 καὶ
2274 4972 2407 5044 μετᾶ
2445 4967 2615 5051 φόϐου
2646 4974 2734 5027 καὶ
2771 4979 2947 5049 χαρᾶς
2974 4974 3365 5047 ἀσπαζόμενοι,
3424 4971 3520 5026 ούκ
3568 4968 3638 5028 εἰς
3692 4963 3762 5019 λίο

2147 5061 2239 5113 θον
2286 5061 2321 5128 ἢ
2373 5058 2532 5132 ξύλον
2582 5060 2770 5123 ἁπλῶς
2822 5059 3215 5135 ἐπερείδονται,
3272 5062 3397 5118 ἀλλ’
3444 5060 3515 5121 εἷς
3543 5060 3632 5127 τὴν
3686 5051 3761 5106 διὰ

2146 5154 2241 5203 τοῦ
2300 5146 2457 5204 λίθου
2514 5152 2548 5219 ἢ
2603 5150 2767 5222 ξύλου
2824 5157 2939 5214 τοῖς
2995 5147 3235 5207 εὐσεϐέσι
3314 5142 3756 5229 μνημονευομένου

2144 5238 2323 5315 χάριν.
2376 5239 2443 5294 Ἤ
2492 5238 2554 5293 σὺ
2601 5239 2690 5295 καὶ
2741 5239 2868 5302 τοὺς
2915 5240 3179 5305 σωθέντας
3211 5241 3341 5297 ποτε
3372 5239 3574 5295 ἐπὶτοῦ
3605 5251 3756 5307 μακαο

2146 5327 2265 5403 ρίου
2325 5329 2602 5391 Μωϋσέως
2656 5326 2744 5387 διὰ
2798 5334 2896 5389 τοῦ
2960 5329 3179 5403 βλέπειν
3227 5329 3302 5395 εἷς
3359 5329 3446 5385 τὸν
3507 5319 3756 5399 ὑψωθέντα

2142 5415 2385 5492 χαλκοῦν
2442 5412 2585 5495 ὅφιν,
2640 5413 2759 5494 ὄφει
2818 5418 2917 5487 τὴν
2986 5417 3256 5496 σωτηρίαν
3330 5417 3499 5473 αὐτῶν
3562 5406 3747 5482 ἐπιτρέ-
