4086 6214
324 365 349 420 1
362 356 478 421 357

1062 354 1718 424 CONFUTATIONES
1764 361 1917 432 QUA
1934 350 2093 423 RUM
2108 360 2269 419 DAM
2318 350 2954 423 PltOPOSlTlONUM
2967 406 2981 421 .

3567 358 3722 424 1358

321 512 440 545 πειν
500 486 881 561 διὲϐαλες;Εἷ
943 488 999 546 δὲ
1053 493 1088 561 ἡ
1131 492 1289 547 εἰκὼν
1331 496 1431 547 τοῦ
1493 491 1789 567 μυστηρίου
1836 512 1963 546 τοσ-

2086 508 2197 548 non
2232 493 2289 548 in
2324 494 2579 566 lapidem
2614 499 2714 548 aut
2764 493 2989 565 lignum
3023 498 3239 548 temere
3262 492 3724 561 innituntur,sed

321 579 489 650 αὐτην
549 578 811 655 ἐνέργειαν
868 578 937 634 δι’
990 575 1162 660 ὄφεως
1222 578 1545 650 ἐπεδείξατο’
1607 580 1761 655 πόσῳ
1832 579 1968 652 μᾶλ-

322 666 419 722 λον
478 668 608 722 αὐτὸ
654 675 754 738 τῆς
805 668 1032 744 χάριτος
1080 669 1142 723 τὸ
1189 668 1543 741 πρωτότυπον
1578 666 1648 722 δι’
1680 670 1966 745 ἀνθρώπου

321 778 404 811 σοι
460 757 695 831 παρέξει,
745 757 923 819 καθὼς
984 757 1074 811 καὶ
1130 756 1370 832 παρέσχε
1420 764 1537 819 τοῖς
1603 763 1815 812 πιστοῖς
1873 759 1968 819 τὰς

320 845 705 921 πολυτρόπους
747 845 1049 923 εὐεργεσίας
1097 848 1231 903 κατά
1284 850 1374 902 τὸν
1434 847 1671 903 εἰπόντα·
1707 873 1735 900 (ί
1765 851 1966 924 Ὥσπερ

322 931 392 988 δι’
424 935 711 1010 ἀνθρώπου
742 936 770 989 ὁ
820 937 1066 1003 θάνατος,
1100 936 1242 990 οὕτω
1302 933 1373 990 δι’
1421 935 1710 1012 ἀνθρώπου
1759 939 1793 1005 ἡ
1839 936 1966 990 ἀνά-

320 1044 503 1085 στασις
534 1028 639 1077 τῶν
671 1029 897 1100 νεκρῶν.
933 1049 960 1077 ‹‹

2079 584 2137 639 in
2177 584 2421 655 gratiam
2460 600 2557 655 per
2588 583 2814 653 lignum
2848 587 2903 637 et
2934 583 3185 653 lapidem
3221 600 3253 637 a
3311 584 3530 637 sanctis
3588 583 3727 638 viris

2080 677 2485 727 memoratam.
2541 675 2623 726 An
2684 678 2743 726 tu
2780 689 2877 726 eos
2910 671 3010 742 qui
3042 677 3303 743 tempore
3327 672 3477 726 beati
3513 672 3726 740 Moysis

2075 761 2201 816 visu
2236 760 2468 815 exaltati
2504 762 2643 814 (anei
2679 761 2967 832 serpentis
3006 761 3194 815 sanati
3254 766 3411 825 sunt,
3473 760 3728 832 serpenti

2079 849 2331 905 salutem
2392 849 2761 904 commisisse
2820 866 2985 903 suam
3037 849 3461 903 calumniaris‘?
3491 851 3651 914 Quod
3680 850 3730 905 si

2082 938 2341 1011 mysterii
2377 939 2566 1010 imago
2596 943 2815 993 tantam
2851 954 2951 1009 per
2977 943 3304 1008 serpentem
3355 938 3726 993 efficientiam

2079 1027 2380 1093 exhibuit;
2440 1032 2657 1097 quanto
2690 1028 2969 1097 majorem
3003 1027 3127 1097 ipse
3157 1027 3356 1098 gratia:
3387 1031 3730 1098 prototypus

321 1131 425 1185 per
481 1114 779 1171 hominem
833 1115 939 1171 tibi
984 1116 1203 1183 afferet,
1257 1116 1754 1189 quemadmodum
1790 1116 2064 1172 fidelibus
2102 1117 2262 1171 varia
2292 1114 2490 1170 attulit
2522 1116 2819 1185 beneﬁcia,
2845 1117 3019 1186 juxta
3048 1114 3191 1169 illud
3228 1133 3241 1168 :
3281 1136 3310 1164 ‹‹
3340 1116 3731 1181 Quemadmo-

320 1202 464 1258 dum
500 1219 602 1275 per
626 1204 921 1260 hominem
957 1221 1133 1274 mors,
1168 1207 1248 1261 ita
1278 1222 1380 1276 per
1410 1204 1706 1263 hominem
1740 1205 2086 1261 resurrectio
2116 1209 2478 1260 mortuorum
2502 1206 2566 1259 ⁸³.
2605 1228 2631 1253 ››

1088 1336 1213 1392 VII.

466 1420 607 1496 Πρὸς
655 1422 782 1483 τοὺς
834 1418 1120 1549 Hymn-ai;
1157 1423 1386 1486 Ἔπαθεν
1431 1423 1651 1487 ἀπαθῶς
1701 1424 1827 1486 Θεὸς

1125 1514 1245 1549 γος.

1125 1514 1245 1570 voc.

398 1596 639 1659 Πολλαῖς
698 1598 785 1653 καὶ
844 1596 964 1652 λίαν
1026 1603 1224 1662 σκαιῶς
1296 1601 1664 1676 προτεθείσαις
1738 1602 1969 1664 πλοκαῖς

2850 1335 2970 1392 VII.

2131 1424 2399 1482 Adversus
2426 1442 2514 1481 eos
2543 1426 2641 1495 qui
2668 1424 2855 1480 dicunt
2885 1443 2903 1479 :
2934 1424 3362 1494 lmpassibililer
3386 1439 3578 1493 passus
3608 1425 3687 1478 ωε

2694 1498 2831 1552 Deus
2872 1496 3119 1551 Verbum.

2153 1604 2472 1674 Postquam
2505 1601 2724 1659 multas
2755 1613 2927 1673 atque
2958 1606 3252 1656 contortas
3309 1599 3733 1671 propositiones

322 1685 609 1759 συντόμως
639 1687 774 1742 κατά
819 1684 1044 1760 δύναμιν
1097 1689 1457 1759 ἀντειπόντες,
1490 1690 1590 1747 οὐκ
1646 1688 1866 1763 οἷ’δαμεν
1921 1692 1972 1746 τί

2087 1709 2189 1762 pro
2223 1691 2494 1747 facultate
2516 1692 3044 1757 confutavimus,ad
3073 1695 3413 1762 przssentem
3440 1688 3734 1743 nescimus

323 1770 652 1849 χρησόμεθα
696 1778 762 1847 τῇ
812 1776 927 1829 νυνὶ
978 1778 1334 1852 προκειμένῃ,
1363 1778 1572 1847 παίζειν
1622 1779 1715 1851 μὲν
1754 1778 1815 1835 οὗ
1850 1780 1975 1853 βου-

323 1862 576 1935 λόμενοι,
607 1860 877 1925 παιδεύειν
929 1861 988 1920 δὲ
1052 1865 1290 1938 μάλιστα
1346 1869 1481 1943 πρὸς
1537 1865 1753 1925 παιδιὰν
1811 1889 1973 1923 κατα-

319 1947 588 2022 γέλαστον
647 1951 819 2015 οὕτως
879 1954 1330 2029 ἀναγκαζόμενοι,
1390 1958 1454 2026 ἣν
1515 1957 1602 2013 καὶ
1660 1957 1723 2017 τὸ
1782 1956 1972 2019 ἁπλῶς

320 2038 490 2094 εἰπεῖν
550 2038 757 2116 χλεύην
818 2041 957 2098 ἐστὶν
1021 2043 1360 2120 εἰσενεγκεῖν.
1426 2047 1658 2105 Ἐπαθεν
1727 2045 1969 2109 ἀπαθῶς.

318 2134 386 2183 Ὠ
428 2135 527 2197 τῆς
573 2126 898 2201 ἀδιανοήτου
932 2130 1156 2209 σοφίαςι
1189 2139 1251 2193 Ὢ
1311 2141 1411 2203 τῆς
1472 2135 1768 2205 παιζούσης
1825 2131 1974 2189 διδα-

318 2215 570 2285 σκαλίας,
630 2215 1034 2291 οἰκοδομούσης
1095 2223 1206 2294 ἅμα
1272 2222 1360 2277 καὶ
1429 2223 1820 2296 καθαιρούσηςί
1883 2224 1973 2277 οἶά

324 2304 468 2362 ἰστιν
523 2303 650 2361 ἰδεῖν
704 2309 773 2363 τὰ
825 2313 931 2365 τῶν
990 2307 1197 2369 παίδων
1258 2310 1311 2369 ἐν
1366 2313 1614 2385 ψάμμοις
1667 2312 1969 2387 ἀθύρματα.

325 2396 557 2458 Ἐπαθεν
616 2395 857 2460 ἀπαθῶς·
919 2398 1043 2473 πρὶν
1108 2398 1329 2453 ἀκούσω
1383 2404 1481 2454 τοῦ
1537 2399 1803 2474 ῥήματος,
1862 2399 1973 2454 ἐπι-

326 2483 665 2557 λανθάνομαι
720 2493 820 2555 τῆς
880 2486 1151 2557 σημασίας
1210 2492 1327 2556 τοῦ,
1361 2484 1569 2545 ἔπαθεν.
1605 2484 1974 2563 Ἐπαγόμενον

325 2574 432 2647 γὰρ
489 2575 569 2639 τὸ,
619 2574 857 2641 ἀπαθῶς,
909 2574 1008 2631 οὐκ
1060 2575 1121 2646 ἐᾷ
1176 2577 1424 2645 θάνατον,
1481 2576 1568 2631 καὶ
1626 2579 1823 2654 ταφὴν,
1884 2577 1973 2632 καὶ

324 2660 609 2723 ἀνάσταςιν
653 2660 924 2738 δέχεσθαι,
958 2664 992 2717 ἃ
1037 2665 1099 2719 τὸ
1156 2668 1253 2733 τῆς
1312 2666 1580 2740 ἡμετέρας
1628 2663 1745 2741 ἔχει
1795 2686 1972 2735 σωτηο

325 2750 447 2823 ρίας
501 2749 821 2827 κεφάλαιον.
896 2751 955 2806 Εἰ
1011 2753 1111 2828 γὰρ
1175 2750 1357 2823 ἔπαθε,
1417 2758 1533 2817 πῶς
1591 2755 1848 2823 ἀπαθῶς;
1912 2753 1971 2809 Εἰ

324 2838 568 2906 ἀπαθῶς,
627 2842 744 2901 πῶς
821 2837 1017 2908 ἔπαθες
1082 2840 1424 2914 Λαλησωμεν
1499 2839 1817 2911 ἀλαλήτως,
1882 2842 1971 2899 καὶ

321 2929 612 2999 νοήσωμεν
686 2926 955 2998 ἀνοήτως.
1014 2928 1104 2991 Τίς
1179 2926 1285 2983 εἶδε
1353 2929 1618 2987 πίπτοντα
1682 2930 1968 3001 ἀπτώτως,

2087 1780 2225 1851 quid
2258 1781 2738 1851 respondeamus.
2775 1780 2916 1835 Cum
2943 1779 3128 1849 jocari
3189 1777 3425 1849 quidem
3485 1794 3599 1833 non
3658 1778 3736 1832 sit

2084 1869 2340 1933 animus,
2402 1869 2474 1924 ad
2524 1867 2753 1922 ludicra
2781 1873 2978 1922 tamen
3011 1872 3067 1921 et
3096 1865 3344 1921 ridicula
3374 1865 3734 1919 confutanda

2083 1955 2170 2011 vel
2204 1956 2367 2011 inviti
2407 1957 2694 2028 cogimur,
2756 1973 3004 2028 quorum
3065 1955 3152 2009 vel
3211 1953 3457 2025 simplex
3516 1953 3733 2008 mentio

2083 2045 2267 2103 risum
2317 2051 2561 2103 moveat.
2596 2052 2814 2102 Passus
2841 2050 2930 2101 est
2960 2043 3435 2115 impassibiliter;
3467 2060 3498 2098 ο
3532 2042 3729 2097 incon-

2080 2134 2393 2191 sideratam
2426 2134 2809 2204 sapientiam!
2844 2151 2875 2187 ο
2908 2132 3198 2188 ludicram
3232 2131 3557 2187 doctrinam
3620 2146 3734 2186 una

2081 2224 2465 2279 aedificantem
2499 2229 2554 2278 et
2584 2225 3006 2290 destruentem,
3042 2227 3105 2276 ut
3135 2221 3329 2276 videre
3378 2237 3590 2291 pueros
3644 2226 3735 2275 est

2080 2312 2140 2366 in
2188 2328 2364 2367 arena
2394 2312 2682 2367 ludentes.
2717 2317 2958 2377 Passus,
2988 2316 3079 2366 est
3106 2308 3551 2380 impassibiliter
3583 2326 3594 2363 :
3629 2326 3731 2362 an-

2081 2407 2315 2472 tequam
2348 2402 2585 2456 audiam
2620 2400 2758 2455 illud
2792 2400 3012 2455 dictum
3047 2400 3186 2470 quid
3208 2399 3734 2470 signiticet,passus

2081 2494 2191 2556 est,
2224 2488 2533 2544 obliviscor
2567 2507 2578 2543 :
2613 2506 2747 2545 nam
2781 2488 2934 2559 quod
2997 2487 3291 2557 adjicitur,
3354 2485 3732 2557 impassibili-

2083 2585 2190 2646 ter,
2224 2595 2337 2633 non
2370 2578 2632 2633 admittit
2662 2583 2929 2642 mortem,
2965 2575 3354 2647 sepulturam,
3388 2581 3445 2630 et
3474 2591 3733 2629 resurre-

2085 2667 2492 2737 ctionem,qua3
2523 2665 2733 2721 salutis
2765 2670 2975 2722 nostris
3003 2681 3299 2719 summam
3332 2662 3731 2733 complectun-

2085 2760 2197 2810 tur.
2235 2755 2379 2812 Nam
2408 2755 2456 2809 si
2491 2772 2700 2826 passus
2729 2760 2835 2820 est,
2886 2754 3181 2823 quomodo
3246 2752 3732 2822 impassibiliter?

2082 2844 2140 2897 Si
2170 2842 2632 2915 impassibiliter,
2669 2843 2960 2913 quomodo
2993 2858 3202 2913 passus
3233 2840 3361 2895 est?
3394 2840 3731 2909 Loquamur

2083 2932 2210 2988 sine
2240 2931 2487 3001 loquela,
2520 2932 2919 3004 intelligamus
2952 2930 3078 2985 sine
3124 2928 3527 3000 intelligentia.
3589 2928 3731 2994 Quis

323 3015 672 3090 ἐγειρόμενον
754 3016 1071 3093 ἀνεγὲρτως,
1156 3023 1423 3074 πονοῦντα
1506 3014 1744 3085 ἀπόνως,
1831 3039 1963 3096 φρο-

2086 3020 2222 3077 vidit
2274 3037 2532 3090 unquam
2577 3020 2879 3076 cadentem
2910 3018 3036 3075 sine
3066 3034 3228 3084 casu,
3261 3017 3574 3072 excitatum
3608 3016 3732 3071 sine

321 3108 520 3160 νοῦντα
593 3104 861 3180 ἀφρόνως,
922 3103 1194 3163 λαλοῦντα
1279 3106 1596 3177 ἀλαλήτως,
1654 3106 1973 3185 ὠφελοῦντα

323 3191 623 3271 ἀνωφελῶς
669 3196 807 3267 (23),
852 3192 1118 3266 λυόμενον
1177 3193 1531 3267 ἀλύτως,⁹ίνα
1590 3194 1831 3268 λέξωμεν
1886 3197 1970 3265 τὸ,

324 3278 516 3345 ἔπαθεν
552 3283 810 3351 ἀπαθῶς;
842 3281 935 3345 Τίς
975 3286 1009 3353 ἡ
1065 3290 1163 3354 τῆς
1217 3283 1523 3361 ἀφροσύνης
1580 3283 1860 3352 ἐπίτασις;
1894 3284 1973 3349 τίς

325 3374 363 3440 ἡ
392 3378 496 3440 τῆς
556 3370 750 3444 μανίας
806 3368 1083 3439 ἔνστασιςς
1116 3371 1196 3433 τίς
1247 3375 1281 3441 ἡ
1330 3380 1431 3442 τῆς
1465 3373 1647 3438 ἀνοίας
1680 3371 1974 3447 παραπλη-

326 3459 449 3529 ita;
486 3460 611 3531 Περὶ
672 3460 973 3536 μυστηρίου
1024 3458 1461 3536 φρικωδεστάτου
1518 3462 1695 3539 φέρειν
1758 3461 1974 3536 ῥήματα

322 3548 541 3624 γέλωτα
620 3547 825 3605 πλατὺν
898 3548 1246 3625 ἐργαζόμενα,
1306 3548 1468 3625 λόγον
1541 3548 1971 3625 ἐπαγγέλλεσθαι

311 3638 406 3697 καὶ
467 3636 696 3713 ἀλογίαν
754 3632 1184 3712 προϐάλλεσθαι,
1237 3637 1521 3714 ἀπόκρισιν
1585 3637 1786 3693 διδόναι
1848 3636 1968 3709 ἴσην

309 3731 413 3781 τοῦ
450 3729 525 3800 μή
558 3723 790 3793 διδόναι,
821 3726 1177 3803 ἀσαφεστέραν
1206 3726 1492 3803 ἀρμηνείαν
1535 3728 1793 3802 παρέχειν
1857 3727 1970 3799 μεί-

314 3821 474 3884 ζονος
538 3816 768 3890 ἀπορίας
826 3814 1051 3889 μητέρα.
1086 3820 1208 3877 Πῶς
1264 3814 1443 3878 οὐδεὶς
1499 3822 1605 3871 τῶν
1666 3816 1832 3890 ἁγίων
1888 3815 1967 3876 εἰς

308 3909 572 3963 τοσοῦτον
621 3904 757 3977 ὕψος
805 3901 1132 3979 ἀναδραμεῖν
1197 3904 1450 3980 θεωρίας,
1502 3908 1537 3973 ἧ
1596 3905 1761 3961 εἰπεῖν
1830 3902 1966 3975 ἠδυ-

312 3995 460 4063 νήθη
490 3995 554 4047 τὸ
583 3992 1043 4068 πολυθρύλλητον
1077 3993 1251 4048 ἐκεῖνο
1286 3993 1458 4068 ῥῆμα,
1491 3991 1681 4057 ἔπαθεν
1713 3994 1966 4061 ἀπαθῶς;

320 4086 449 4142 Πῶς
500 4082 554 4134 αἱ
612 4080 942 4156 πολύστιχοι
1007 4078 1190 4157 βίϐλοι
1249 4083 1347 4151 τὴν
1409 4081 1708 4156 ὑπέρογκον
1768 4081 1965 4150 ταύτην

315 4169 668 4243 ἀποκάλυψιν
696 4172 831 4241 ἡμῖν
863 4169 962 4224 οὐκ
1019 4170 1355 4246 ἐγνώρισανς
1389 4169 1625 4241 Παῦλος,
1659 4170 1734 4231 εἷς
1788 4169 1966 4245 τρίτον

316 4259 545 4333 οὐρανὸν
577 4256 841 4327 ἀνελθὼν,
873 4258 963 4312 καὶ
1014 4265 1122 4314 τῶν
1178 4258 1429 4336 ἀῤῥήτων
1494 4258 1755 4333 ῥημάτων
1806 4257 1967 4311 ἀκού-

315 4370 411 4410 σας
474 4348 524 4402 ἐν
584 4344 913 4423 παραδείσῳ,
972 4353 1225 4405 τοιοῦτου
1285 4346 1437 4403 οὐδὲν
1494 4347 1821 4425 ἀπεφήνατο.
1874 4348 1966 4415 Μή

316 4440 441 4511 ἄρα,
472 4436 689 4498 τούτοις
749 4434 1174 4511 καταλιμπάνων
1232 4438 1329 4507 τὴν
1377 4441 1484 4491 τῶν
1537 4430 1967 4511 ὑπερϐαινόντων

319 4525 604 4599 ἐξήγησιν,
639 4524 813 4589 οὕτως
873 4523 975 4578 οὐκ
1026 4525 1193 4580 εἶπενο
1250 4526 1479 4580 Ἔπαθεν
1538 4524 1777 4584 ἀπαθῶς·
1836 4522 1976 4596 ἀλλ’,

320 4638 351 4666 ι(
383 4616 615 4687 Ἐμαθε,
646 4612 831 4692 φησὶν,
866 4615 954 4692 ἀφ’
1002 4615 1075 4668 ὧν
1137 4612 1315 4668 ἔπαθε·
1354 4639 1373 4665 ν
1409 4612 1522 4683 καὶ,
1561 4638 1580 4664 ιι
1638 4611 1977 4688 Πεπειραμέ-

316 4723 433 4769 νος,
486 4702 621 4757 κατᾶ
666 4704 858 4773 πάντα,
910 4704 1024 4756 καθ’
1067 4702 1411 4776 ὁμοιότητα;
1448 4728 1475 4753 ››
1519 4701 1595 4758 Τὸ
1652 4723 1673 4749 α
1725 4721 1980 4777 πεπειρα-

324 4792 515 4863 μὲνος,
560 4815 590 4841 ››
622 4789 904 4867 πόρρωθεν
952 4790 1129 4846 ἀνεῖλε
1174 4795 1281 4845 τῶν
1330 4789 1595 4847 τοιούτων
1642 4787 1821 4866 λόγων
1882 4791 1980 4859 τὴν

323 4876 631 4955 ληρῳόίαν·
684 4881 740 4933 Ὀ
796 4880 896 4956 γὰρ
962 4880 1100 4934 κατά
1171 4880 1344 4933 πάντα
1415 4877 1810 4953 πεπειραμένος
1868 4880 1985 4933 καθ’

323 4967 655 5043 ὁμοιότητα,
691 4968 726 5037 ἢ
760 4967 1020 5023 πέπονθεν
1073 4966 1172 5021 οὐκ
1218 4968 1458 5035 ἀπαθῶς,
1487 4966 1579 5022 ’ίνα
1637 4966 1845 5045 φυλάξῃ
1901 4968 1984 5036 τὸ,

327 5081 354 5108 ‹‹
388 5058 525 5111 κατά
572 5056 745 5111 πάντα
793 5057 912 5120 καθ’
955 5055 1279 5128 ὁμοιότηταο
1319 5081 1346 5107 ››
1394 5057 1429 5126 ἢ
1478 5056 1568 5111 καὶ
1606 5055 1734 5119 τοὺς
1784 5055 1987 5117 ἄλλους

326 5143 562 5200 δείκνυσι
615 5144 881 5209 παθόντας
940 5145 1177 5215 ἀπαθῶς,
1200 5142 1293 5199 ’ἵνα
1353 5145 1499 5219 σώσῃ
1546 5146 1645 5216 τὴν
1703 5145 1836 5221 πρὸς
1892 5144 1985 5199 αὖ·

325 5236 453 5297 τοὺς
510 5232 833 5308 ὁμοιότητα.
886 5233 1045 5288 Ὥστε
1102 5235 1136 5305 ἢ
1196 5234 1286 5289 καὶ
1348 5234 1437 5289 τὸν
1498 5236 1730 5307 Σωτῆρα
1786 5254 1986 5288 πεπον-

326 5326 474 5389 θέναι
505 5322 724 5390 ἀληθῶς
756 5321 1157 5398 ὁμολογητέον,
1187 5326 1222 5395 ἣ
1248 5325 1340 5378 καὶ
1394 5323 1520 5387 τοὺς
1582 5321 1790 5385 ἄλλους
1849 5321 1986 5375 ἀπα-

392 5497 439 5532 ⁶³
470 5497 490 5552 Ι
522 5500 649 5553 Cor.
682 5514 778 5565 xv,
810 5498 901 5552 21.

977 5497 1025 5532 ⁶⁴
1056 5496 1226 5553 Hebr.
1260 5512 1319 5567 ν,
1349 5500 1401 5553 8.
1480 5498 1525 5531 ⁸⁵
1556 5496 1728 5552 Hebr.
1767 5510 1844 5561 1v,
1882 5494 1966 5549 15.

2080 3108 2445 3178 excitatione,
2496 3108 2857 3165 laborantem
2917 3108 3046 3163 sine
3101 3105 3316 3173 labore,
3378 3106 3726 3176 prudentem

2081 3198 2504 3267 imprudenter,
2564 3196 2897 3267 loquentem
2951 3196 3076 3250 sine
3132 3194 3383 3266 loquela,
3416 3193 3726 3249 utilitatem

2082 3286 2417 3341 atierentem
2452 3286 2756 3354 inutiliter,
2782 3284 3039 3341 solutum
3070 3283 3344 3348 insolute,
3371 3288 3434 3337 ut
3463 3283 3728 3339 dicamus

2083 3391 2294 3445 passus
2327 3379 2417 3429 est
2449 3374 3053 3444 impassibiliter?0ue
3086 3378 3246 3428 tanta
3266 3372 3386 3427 hmc
3409 3372 3729 3427 dementia?

2083 3480 2210 3533 quae
2245 3463 2455 3518 furoris
2489 3462 2958 3534 perseverantia?
2987 3461 3121 3532 quis
3160 3460 3423 3517 amentia:
3482 3459 3729 3531 stupor?

2083 3551 2163 3606 De
2221 3552 2521 3606 tremendo
2582 3551 2863 3606 nimirum
2923 3549 3199 3622 mysterio
3246 3550 3421 3605 verba
3452 3549 3726 3619 proferre,

2081 3640 2340 3712 amplam
2374 3641 2528 3696 risus
2561 3641 2865 3696 materiam
2924 3638 3257 3695 moventia?
3316 3637 3577 3709 polliceri
3637 3654 3728 3691 ra-

2080 3730 2227 3784 tioni
2283 3746 2561 3800 congrua,
2621 3735 2677 3785 et
2726 3746 2759 3785 a
2790 3728 3012 3784 ratione
3040 3726 3402 3783 alienissima
3432 3724 3729 3797 proferre?

2078 3817 2159 3872 ita
2191 3818 2558 3889 respondere,
2595 3822 2658 3873 ut
2684 3817 2912 3871 videare
2944 3832 3059 3871 non
3090 3813 3502 3884 respondisse?
3549 3813 3724 3867 inter-

2078 3906 2463 3977 pretationem
2516 3904 2786 3960 exhibere
2846 3921 2905 3958 re
2934 3902 3274 3974 explicanda
3303 3901 3721 3966 obscuriorem,

2078 3999 2136 4049 et
2165 3994 2403 4064 majoris
2435 3992 2818 4048 dubitationis
2851 3991 3141 4047 matrem?
3171 3990 3277 4055 Qui
3309 3990 3372 4044 ﬁt
3401 3989 3556 4060 quod
3593 4004 3728 4043 san-

2079 4090 2306 4137 ctorum
2342 4098 2512 4136 nemo
2546 4094 2663 4135 tam
2696 4080 2812 4135 alta
2844 4078 3249 4151 contemplari,
3283 4094 3386 4134 nec
3417 4078 3515 4133 illo
3546 4082 3732 4133 tanto-

2080 4186 2214 4242 pere
2244 4169 2530 4224 celebrato
2559 4169 2734 4223 verbo
2768 4169 2851 4222 uti
2884 4169 3091 4239 potuit,
3125 4184 3335 4238 passus
3366 4172 3456 4221 est
3514 4166 3732 4236 impas-

2080 4258 2371 4314 sibiliter?
2404 4259 2545 4331 Ipsae
2580 4274 2755 4312 sacra:
2793 4258 2996 4311 litterae
3029 4262 3111 4311 tot
3143 4255 3413 4311 versibus
3444 4255 3733 4310 distinctas

2081 4347 2219 4419 quid
2254 4351 2341 4402 est
2366 4363 2469 4401 cur
2520 4345 2891 4418 magniﬁcam
2953 4346 3102 4400 hanc
3162 4343 3573 4399 revelationem
3632 4359 3737 4397 nos

2086 4436 2330 4491 minime
2388 4436 2753 4490 docuerunt?
2808 4433 3025 4490 Paulus
3095 4433 3153 4487 in
3224 4433 3459 4488 tertium
3528 4430 3738 4488 ccslum

2094 4526 2377 4592 ascendit,
2409 4529 2465 4580 et
2495 4541 2707 4580 arcana
2742 4525 2916 4579 verba
2949 4524 3005 4577 in
3038 4522 3310 4595 paradiso
3342 4521 3582 4593 audivit,
3640 4520 3741 4576 sed

2090 4612 2430 4684 hujusmodi
2464 4612 2608 4667 nihil
2639 4611 3057 4686 pronuntiavit.
3089 4613 3173 4665 An
3208 4611 3362 4666 500
3394 4627 3546 4678 vero,
3609 4608 3743 4664 reli-

2092 4710 2181 4757 cta
2232 4701 2377 4774 ipsis
2407 4718 2629 4768 eorum,
2665 4718 2790 4772 quae
2822 4709 3048 4771 captum
3079 4716 3308 4754 omnem
3342 4703 3622 4770 superant
3652 4714 3746 4753 ex-

2094 4790 2400 4863 positione,
2435 4808 2548 4846 non
2583 4791 2746 4855 dixit,
2780 4806 2990 4861 passus
3020 4794 3108 4844 est
3138 4787 3599 4859 impassibiliter,
3648 4787 3747 4841 sed

2096 4902 2124 4929 ‹‹
2157 4897 2225 4935 ex
2254 4880 2345 4945 iis,
2378 4879 2478 4947 ait,
2512 4897 2638 4951 qua:
2665 4896 2878 4951 passus
2908 4888 3017 4944 est,
3068 4876 3273 4932 didicit
3328 4878 3374 4911 θ’
3436 4895 3448 4933 :
3510 4899 3538 4926 ι)
3601 4876 3744 4931 Item

2096 4991 2125 5018 «
2156 4972 2414 5023 tentatus
2444 4973 2531 5023 est
2561 4965 2619 5021 in
2651 4966 2930 5022 omnibus
2962 4965 3233 5020 similiter
3260 4965 3350 5019 65?
3385 4988 3405 5015 ι
3444 4968 3568 5031 Qua
3592 4981 3753 5031 voce,

2100 5080 2126 5107 (ι
2159 5062 2417 5112 tentatus
2446 5063 2555 5127 est,
2590 5080 2617 5105 ››
2648 5057 2822 5111 verba
2850 5054 3140 5127 ejusmodi
3173 5055 3485 5127 nugatoria
3521 5053 3754 5125 jamdiu

2097 5145 2512 5201 sustulit.Nam
2546 5145 2645 5216 qui
2681 5145 2738 5199 in
2771 5144 3047 5199 omnibus
3071 5145 3142 5198 ad
3168 5142 3613 5198 similitudinem
3636 5147 3758 5197 ten-

2102 5238 2255 5289 tatus
2284 5238 2392 5303 est,
2427 5234 2478 5289 is
2514 5238 2614 5288 aut
2645 5250 2860 5304 passus
2890 5238 2979 5288 est
3009 5249 3122 5287 non
3175 5231 3642 5304 impassibiliter,
3695 5234 3760 5283 ut

2100 5324 2272 5379 ﬁrma
2329 5327 2607 5378 maneant
2651 5320 2771 5389 illa,
2808 5344 2830 5371 υ(
2869 5321 2927 5375 in
2958 5320 3233 5376 omnibus
3265 5319 3559 5383 similiter,
3593 5337 3623 5369 υ
3656 5320 3758 5371 aut

403 5667 517 5738 (23)
546 5670 707 5739 Mss.,
738 5665 1079 5742 προνοοῦντα
1106 5663 1376 5743 ἀφρόνως,
1411 5661 1680 5721 λαλοῦντα
1710 5660 1972 5741 ἀνωφελῶ

2086 5661 2229 5729 nale,
2261 5660 2413 5717 Editi
2444 5661 2708 5732 quaedam
2740 5659 3082 5715 omiserant.
