4086 6214
382 301 536 360 1359
1555 300 1617 357 S.
1666 299 1924 357 A'l‘HAN
1946 302 1998 354 ΑΞ

2125 301 2187 355 S.
2226 329 2300 342 —-
2332 301 2639 358 SPURIA.
3635 299 3795 358 1360

377 432 522 488 alios
553 450 783 504 quoque
816 433 1219 505 impatibiliter
1252 434 1367 505 pati
1401 434 1675 500 ostendit,
1729 439 1787 485 ut
1843 448 1998 486 serve

2144 435 2247 492 θῶς
2305 432 2643 499 πεπονθέναι,
2697 432 2767 484 ὧν
2848 432 2964 485 καθ’
3023 430 3326 502 ὁμοιότητα
3396 431 3793 504 πεπειραμένος

377 539 505 577 eam
519 540 695 594 quam
711 540 842 577 cum
860 523 979 577 illis
993 522 2029 584 habetsimilitudinemQuamobrem

380 613 724 667 alterutrum
760 619 847 667 est
880 612 1292 683 proﬁtendum,
1328 617 1430 666 aut
1459 628 1589 666 vere
1620 627 1859 682 passum
1905 626 2032 666 esse

382 700 737 755 Salvatorem
798 706 1087 763 nostrum,
1122 707 1221 754 aut
1252 700 1396 755 alios
1425 718 1655 771 quoque
1686 698 2031 769 impetibili-

378 794 468 843 ter
499 790 800 860 passos.ad
836 808 1083 857 quorum
1118 791 1563 844 similitudinem
1598 790 1882 843 Dominus
1904 795 2028 842 ten-

377 882 536 932 tatus
571 878 748 933 fuisse
782 879 1141 950 praedicatur.
1178 882 1315 943 Quae
1361 896 1530 950 porro
1582 878 1872 949 patientiae
1929 877 2027 933 de-

382 968 727 1021 monstratio
785 984 852 1021 ex
905 984 971 1022 eo
1029 968 1182 1038 quod
1242 967 1686 1037 impassibiliter
1732 966 2029 1037 patiatur?

376 1055 675 1117 Quomodo
706 1057 919 1110 dicitur
946 1057 1225 1127 patientia
1253 1056 1490 1125 Christi,
1542 1057 1591 1110 si
1642 1056 1870 1110 nullum
1926 1056 2025 1109 do-

376 1142 515 1199 loris
547 1162 785 1200 sensum
822 1145 1118 1215 percepit?
1142 1146 1265 1208 Qua
1295 1146 1518 1200 ratione
1549 1146 1878 1199 ostenditur
1898 1146 2027 1215 ejus

377 1249 512 1303 erga
544 1234 811 1287 homines
846 1233 1158 1287 ineffabilia
1207 1240 1258 1288 et
1307 1234 1782 1303 incomparabilis
1840 1250 2023 1298 amor,

376 1322 424 1375 si
466 1322 688 1391 absque
723 1323 1019 1376 laboribus
1054 1324 1249 1392 passio
1286 1322 1436 1376 fuit?
1468 1323 1608 1389 Quis
1643 1323 1758 1393 pati
1794 1339 2023 1376 recusa-

374 1412 538 1478 verit,
577 1427 686 1464 non
725 1411 893 1464 modo
925 1428 1027 1482 pro
1062 1412 1287 1472 amicis,
1323 1412 1421 1465 sed
1453 1412 1625 1465 etiam
1661 1428 1762 1482 pro
1824 1412 2023 1465 adver-

372 1499 564 1562 sariis,
620 1500 666 1552 si
706 1498 822 1567 pati
848 1498 1017 1553 liceat
1051 1500 1535 1570 impassibiliter?
1562 1500 1705 1561 Quid
1736 1505 1859 1554 erat
1888 1516 2025 1571 ergo

373 1588 526 1657 quod
562 1588 844 1641 Dominus
877 1588 1110 1653 diceret,
1153 1611 1179 1635 ‹‹
1242 1588 1492 1657 Spiritus
1556 1594 1860 1658 promptus
1912 1594 2024 1654 est,

376 1692 506 1729 caro
567 1681 758 1728 autem
815 1676 1045 1729 inﬁrma
1071 1678 1133 1739 ⁸⁸,
1172 1699 1197 1723 ››
1229 1678 1275 1730 si
1313 1678 1638 1747 passionem
1671 1679 1891 1747 absque
1923 1679 2023 1731 do-

374 1763 495 1816 lore
528 1772 872 1831 experturus
906 1764 1066 1816 erat“?
1098 1770 1232 1826 Quze
1260 1782 1435 1817 eausa
1462 1773 1579 1817 erat
1616 1768 1764 1835 quod
1803 1768 1869 1818 ad
1920 1771 2022 1818 Pa-

373 1857 518 1903 trum
572 1853 839 1903 cluuiaru!
882 1869 891 1902 :
930 1878 951 1896 α
999 1856 1177 1911 νειιοσιδ,
1235 1856 1278 1903 si
1319 1855 1591 1922 pmsnbilc
1626 1863 1730 1907 ειμι.
1769 1863 2023 1907 transiuit

373 1956 402 1991 a
440 1959 527 1992 me
561 1942 705 1992 calix
745 1949 847 1993 iste
878 1940 1009 1993 ‘7?»
1045 1942 1229 2002 Quare
1281 1944 1574 2011 supplices
1638 1960 1833 2010 pl'POPS
1889 1959 2018 1995 cum

370 2030 698 2081 vehementi
764 2032 1015 2081 rlurnnre
1077 2039 1131 2080 et
1190 2030 1461 2100 larrymis
1498 2034 1564 2083 ad
1602 2049 1731 2084 eum
1769 2032 1863 2101 qui
1900 2051 1957 2085 se
1990 2050 2023 2087 8.

373 2133 554 2168 inerte
588 2118 807 2184 eripere.
847 2126 1037 2186 posset
1069 2119 1379 2171 ulli'rvhal?
1465 2127 1524 2171 ut
1558 2122 1733 2185 igitur
1763 2138 1891 2173 vera
1924 2122 2022 2174 illa

368 2223 561 2256 omnia
596 2208 965 2271 ("t‘tlt‘vlltlit’t’t
1006 2209 1331 2271 thSltchlD
1372 2227 1559 2260 veram
1614 2211 1789 2261 lui—st.
1840 2211 1988 2263 eunti

368 2297 603 2347 tendum
668 2304 774 2350 est.
838 2301 935 2347 aut
998 2298 1323 2365 passionem
1380 2297 1533 2350 illam
1570 2300 1693 2351 sine
1730 2317 2014 2368 pessume.

373 2397 607 2434 necesse
638 2388 724 2435 est
757 2392 1023 2446 reputare
1056 2385 1307 2453 speciem
1372 2385 1561 2453 plane,
1615 2388 1901 2441 ﬁctionem
1964 2395 2019 2443 et

366 2469 739 2539 phantasiam
802 2470 1001 2525 fuisse.
1064 2472 1120 2525 Si
1184 2490 1295 2526 non
1355 2490 1483 2527 vere
1532 2491 1740 2544 passus
1770 2485 1876 2541 est,
1912 2493 2017 2533 nec

286 2626 289 2631 _
363 2573 493 2611 vere
526 2558 725 2628 utique
758 2560 1095 2613 resurrexit.
1119 2561 1174 2613 Si
1209 2577 1405 2615 revera
1438 2578 1549 2615 non
1572 2565 1830 2633 gustavit
1862 2582 2014 2620 mor-

362 2650 501 2709 tem,
539 2663 642 2700 nee
671 2646 941 2702 stimulos
976 2649 1181 2703 mortis
1216 2649 1502 2714 restinxit,
1536 2652 1727 2705 adhuc
1772 2653 1826 2705 in
1892 2671 2017 2725 pec-

364 2734 509 2787 catis
566 2751 771 2789 sumus
834 2737 1069 2804 nostris,
1105 2737 1296 2790 adhuc
1330 2754 1484 2792 mors
1514 2740 1789 2794 omnibus
1820 2743 2010 2796 domi-

366 2830 559 2887 natur,
596 2823 787 2878 adbuc
814 2824 886 2878 ab
921 2826 1254 2880 hrereditate
1286 2843 1494 2881 sumus
1525 2828 1718 2882 alieni.
1753 2831 1807 2883 Si
1844 2848 2008 2885 nam-

361 2927 471 2980 que
506 2912 640 2965 ﬁcta
674 2929 849 2977 mors,
885 2913 930 2965 si
967 2914 1215 2967 mendax
1246 2920 1699 2981 testamentum;
1739 2934 1842 2973 nec
1873 2936 2009 2975 vera

357 2999 467 3051 erit
497 3000 823 3054 haereditas.
859 3000 987 3054 Hazc
1020 3001 1187 3056 nobis
1218 3001 1307 3056 lex
1339 3006 1679 3073 pronuntiat
1714 3024 1726 3060 :
1762 3031 1787 3055 α
1809 3011 2004 3063 Testa-

358 3093 616 3140 mentum
652 3088 710 3141 in
746 3091 993 3143 mortuis
1024 3091 1436 3145 confirmatum
1471 3098 1558 3146 est
1587 3094 1650 3147 ⁸⁸.
1687 3116 1713 3143 ››
1750 3096 1808 3150 Si
1867 3113 2000 3169 ergo

2144 520 2171 572 ὁ
2205 519 2477 589 Δεσπότης
2534 519 2876 595 κηρύσσεται.
2910 518 3002 579 Τίς
3065 516 3121 572 δὲ
3175 517 3265 571 καὶ
3326 520 3609 589 ὑπομονῆς
3660 520 3793 573 από-

2143 604 2302 676 δειξις
2350 606 2409 661 ἐκ
2453 612 2549 661 τοῦ
2608 614 2794 671 παθεῖν
2846 607 3105 672 ἀπαθῶς;
3145 611 3263 667 Πῶς
3314 605 3530 680 λέγεται
3580 610 3612 676 ἡ
3648 608 3785 661 51:0-

2146 698 2283 768 μονη
2342 702 2439 750 τοῦ
2498 701 2748 772 Χριστοῦ,
2806 696 2850 749 εί
2902 698 2976 767 μὴ
3041 695 3218 748 πόνων
3279 693 3527 763 α”σθησιν
3586 693 3787 763 Eluas;

2142 790 2263 846 Πῶς
2295 782 2351 839 δὲ
2386 783 2651 840 δείκνυται
2708 788 2743 854 ἡ
2805 784 3002 861 ἅφατος
3059 785 3147 837 καὶ
3209 779 3597 858 ἀπαραῦλητος
3652 788 3790 859 πρὸξ

2138 873 2450 947 ἀνθρώπους
2523 874 2902 952 φιλοστοργία,
2960 873 3006 926 εἰ
3064 870 3191 947 δίχα
3265 872 3444 926 πόνων
3504 875 3564 926 τὸ
3621 874 3790 934 πάθος

2139 961 2387 1036 ἐγένετο;
2432 962 2522 1025 Τίς
2581 963 2693 1039 ούχ
2752 963 2979 1037 αἱρεῖται
3038 963 3246 1026 παθεῖν,
3308 960 3368 1014 ού
3430 962 3591 1033 μόνον
3654 962 3792 1036 ὑπὲρ

2138 1049 2337 1128 φίλων,
2370 1050 2496 1107 ἀλλ’
2524 1049 2634 1120 ἤδη
2689 1050 2777 1105 καί
2838 1051 2969 1125 ὑπὲρ
3021 1047 3330 1117 ἀντιδίκων,
3366 1050 3410 1103 εἰ
3470 1050 3786 1122 ύπεμέξιστι

2137 1147 2322 1203 παθεῖν
2384 1142 2639 1209 ἀπαθῶς,
2693 1138 2765 1194 Οῦ
2824 1136 2879 1193 δὶ
2937 1140 3097 1214 χάριν
3160 1138 3337 1215 ἔλεγεν
3399 1140 3425 1192 ὁ
3488 1140 3787 1209 Δεσπότης,

2138 1255 2165 1279 ‹‹
2197 1230 2266 1283 Τὸ
2324 1235 2537 1302 πνεῦμα
2584 1229 2885 1301 πρόθυμον,
2919 1231 2953 1297 ἡ
3001 1225 3059 1281 δὲ
3109 1228 3234 1301 σὰρξ
3288 1229 3533 1296 ἀσθενής,
3572 1255 3592 1277 ι
3638 1228 3789 1302 ε”περ

2137 1316 2337 1389 ἔμελλε
2410 1318 2472 1371 τὸ
2554 1319 2722 1380 πάθος
2803 1315 3125 1389 ἀναλγήτως
3210 1316 3564 1390 προσίεσθαι;
3625 1317 3791 1370 Ἰνατί

2136 1407 2270 1481 πρὸς
2318 1407 2408 1460 τὸν
2459 1409 2667 1479 Πατέρα
2715 1401 2861 1459 ἐϐόα·
2897 1430 2923 1455 ι(
2965 1405 3156 1476 Πάτερ,
3194 1404 3239 1457 εἴ
3293 1401 3536 1471 δυνατὸν,
3583 1405 3788 1477 παρελο

2135 1496 2271 1549 θέτω
2298 1494 2361 1549 τὸ
2392 1498 2656 1571 ποτήριον
2704 1499 2899 1561 τοῦτο;
2938 1517 2965 1545 ι)
2995 1493 3137 1554 τίνος
3175 1490 3350 1547 ἕνεκεν
3387 1492 3549 1567 εὐχὰς
3598 1493 3783 1562 ἱκετη-

2138 1584 2283 1658 ρίους
2319 1586 2452 1657 μετᾶ
2481 1591 2723 1659 κραυγῆς
2770 1583 2995 1658 ἷσχυρᾶς
3054 1582 3144 1636 καὶ
3199 1579 3444 1655 δακρύων
3503 1584 3638 1656 πρὸς
3692 1584 3785 1638 τὸν

2136 1671 2430 1745 δυνάμενον
2505 1674 2693 1741 σώζειν
2768 1672 2927 1725 αὐτὸν
2990 1671 3048 1725 ἐκ
3106 1672 3329 1725 θανάτου
3408 1672 3779 1749 προσέφερεν;

2134 1764 2200 1818 ’Ἡ
2250 1762 2339 1816 οῦν
2399 1761 2570 1816 πάντα
2615 1761 2794 1830 ἀληθῆ
2844 1762 3173 1825 πιστευτέον,
3206 1761 3292 1813 καὶ
3341 1761 3405 1814 τὸ
3443 1760 3612 1821 πάθος
3646 1759 3782 1830 ἁλη-

2136 1853 2278 1913 θινὸν
2331 1849 2747 1922 ὁμολογητέον·
2809 1852 2860 1916 ἦ,
2920 1854 3016 1903 τοῦ
3084 1850 3286 1911 πάθους
3352 1851 3569 1909 ἀτ-αθῶς
3626 1871 3781 1923 γεγε-

2131 1942 2320 2008 νῆσθαι
2375 1939 2695 2014 λεγομένου,
2750 1945 2942 2013 σχῆμα
3000 1939 3200 2013 ἀνάγκη
3259 1938 3344 1991 καὶ
3407 1935 3627 2007 δόκησιν
3692 1939 3781 1991 καὶ

2132 2028 2418 2105 φαντασίαν
2478 2029 2648 2081 πάντα
2714 2027 3043 2100 λογίζεσθαι.
3092 2026 3153 2082 Εἰ
3209 2026 3269 2080 ού
3328 2028 3591 2089 πέπονθεν
3639 2026 3781 2096 ἀλη-

2133 2124 2257 2180 θῶς,
2294 2115 2416 2171 ούδέ
2449 2119 2637 2183 ἀνέστη
2675 2115 2889 2170 πάντως
2922 2115 3159 2180 ἀληθῶς.
3201 2115 3255 2170 Ei
3296 2118 3369 2186 μὴ
3420 2110 3591 2176 ὄντως
3643 2115 3785 2191 ἐγεύ-

2131 2229 2256 2261 σατο
2306 2206 2555 2269 θανάτου,
2586 2202 2711 2258 οὐδὲ
2755 2204 2820 2257 τὰ
2878 2204 3069 2278 κέντρα
3128 2198 3311 2258 ἔσϐεσε
3369 2208 3467 2256 τοῦ
3527 2206 3779 2267 θανάτοιν

2131 2294 2205 2348 ἔτι
2264 2296 2419 2365 ἐσμὲν
2482 2295 2532 2348 ἐν
2590 2300 2707 2353 ταῖς
2771 2291 3059 2366 ἁμαρτίαις
3121 2296 3305 2362 ἡμῶν,
3366 2291 3440 2346 ἔτι
3504 2294 3782 2367 βασιλεύει

2127 2385 2338 2438 πάντων
2395 2385 2421 2437 ὁ
2472 2383 2717 2443 θάνατος·
2754 2380 2829 2435 ἔτι
2896 2388 2996 2449 τῆς
3052 2379 3431 2455 κληρονομίας
3483 2381 3782 2453 ἀλλότριοι

2125 2476 2553 2543 καθεστήκαμεν.
2612 2469 2677 2526 Ei
2734 2474 2835 2544 γὰρ
2890 2470 2918 2523 ὁ
2973 2470 3193 2532 θάνατος
3251 2468 3554 2535 ἀπατηλὸς,
3604 2470 3691 2523 καὶ
3746 2472 3778 2537 ἡ

2125 2561 2356 2631 διαθήκη
2390 2558 2616 2634 ψευδὴς,
2649 2557 2737 2611 καὶ
2773 2560 2807 2625 ἡ
2853 2556 3201 2630 κληρονομία
3249 2558 3346 2610 οὐκ
3397 2557 3633 2627 ἀληθής.
3667 2558 3770 2611 N6-

2128 2671 2226 2724 μος
2277 2654 2412 2719 ἡμῖν
2474 2653 2638 2702 ταῦτα
2696 2644 3017 2721 διαγορεύειο
3081 2670 3107 2695 ‹‹
3167 2649 3433 2715 Διαθήκη,
3500 2670 3525 2695 ››
3585 2649 3770 2722 φησὶν,

2124 2766 2149 2789 ‹‹
2184 2739 2270 2793 ἐπὶ
2301 2744 2511 2813 νεκροῖς
2548 2731 2754 2812 βεϐαία.
2794 2759 2820 2784 n
2856 2734 2915 2787 Εἰ
2958 2732 3048 2789 οὖν
3105 2733 3167 2787 οὐ
3223 2736 3477 2801 τέθνηκεν
3536 2732 3707 2797 ὄντως
3741 2738 3768 2790 ὁ

2116 2827 2214 2893 τὴν
2270 2825 2465 2891 Καινὴν
2501 2824 2773 2891 Διαθήκην
2825 2821 2961 2895 πρὸς
3018 2822 3165 2892 ἡμᾶς
3226 2818 3564 2894 διαθέμενος,
3600 2824 3765 2898 ἄκυρα

2114 2915 2181 2968 τὰ
2208 2921 2308 2983 τῆς
2342 2905 2959 2981 Διαθήκης,ἀπόϐ).ηνοι
2992 2909 3043 2962 οἱ
3075 2907 3367 2982 λεγόμενοι
3396 2910 3764 2985 κληρονόμοι,

2117 3001 2273 3057 Ἀλλ’
2304 3004 2473 3075 ἄπαγε
2518 3008 2618 3069 τῆς
2660 2998 2917 3064 τοιαύτης
2966 2997 3361 3072 παραπληξίας,
3397 3000 3440 3052 ὦ
3487 2998 3760 3069 ἄνθρωποί

2115 3094 2214 3147 Καὶ
2264 3094 2292 3145 ὁ
2326 3088 2635 3161 διαθέμενος
2685 3088 2785 3163 γὰρ
2828 3087 3070 3157 τέθνηκε,
3095 3086 3181 3140 κα)
3231 3089 3265 3156 ἡ
3316 3091 3559 3158 Διαθήκη
3608 3089 3759 3143 κεκύ-

352 3174 403 3226 is
444 3189 574 3228 vere
608 3181 873 3229 mortuus
905 3193 1019 3230 non
1051 3183 1140 3231 est
1171 3179 1267 3248 qui
1300 3180 1523 3233 Novum
1560 3160 1998 3240 Testamentum

2116 3201 2302 3256 ρωται,
2347 3179 2436 3233 καὶ
2495 3180 2529 3246 ἡ
2592 3174 2936 3249 κληρονομία
2984 3180 3100 3235 τοῖς
3174 3174 3487 3230 πιστεύουσι
3539 3178 3760 3251 πρόκει-

352 3261 656 3315 nobiscnm
692 3263 1012 3325 iniit,irrita
1041 3282 1180 3319 sane
1214 3283 1341 3336 quae
1368 3268 1423 3321 in
1446 3269 1817 3327 Testamento
1841 3280 1998 3341 sunt,

349 3350 663 3421 rejectique
689 3351 725 3404 ii
760 3353 857 3422 qui
896 3352 1150 3408 heredes
1194 3361 1334 3410 sunt
1384 3359 1588 3411 vocati.
1651 3361 1760 3414 Sed
1818 3380 2000 3434 apage

349 3439 636 3507 ejusmodi
691 3440 1015 3506 vesaniam,
1048 3457 1079 3495 ο
1113 3441 1320 3497 homo!
1356 3445 1497 3499 Nam
1527 3448 1621 3516 qui
1656 3448 1998 3506 Testamen-

351 3530 478 3580 tum
514 3528 754 3599 pepigit,
790 3535 1057 3583 mortuus
1087 3536 1195 3595 est,
1228 3538 1285 3585 et
1316 3540 1504 3586 ratum
1537 3542 1625 3589 est
1655 3537 1998 3595 Testamen-

352 3619 502 3683 tum,
538 3616 963 3689 haareditasque
997 3620 1294 3689 proposita
1322 3623 1712 3691 credentibus,
1748 3643 1812 3679 ac
1857 3645 1996 3698 sup-

350 3703 586 3775 plicium
619 3707 991 3778 sycophantis
1024 3711 1714 3783 paratum.Reperiuntur
1742 3732 1997 3787 namque

345 3794 677 3866 complures
711 3801 912 3851 contra
948 3798 1126 3851 Deum
1185 3796 1312 3853 falsi
1374 3806 1572 3870 testes,
1633 3804 1734 3873 qui
1793 3805 1997 3860 dicunt

2110 3291 2217 3333 ται,
2275 3268 2363 3322 καὶ
2423 3269 2456 3336 ἡ
2512 3263 2755 3339 τιμωρία
2807 3269 2922 3324 τοῖς
2980 3264 3338 3339 συκοφάνταις
3407 3265 3755 3337 ἡτοίμασται.

2114 3359 2459 3433 Εὑρίσκονται
2520 3355 2623 3429 γὰρ
2681 3351 2887 3407 πολλοὶ
2944 3348 3383 3426 ψευδομάρτυρες
3448 3358 3547 3407 τοῦ
3625 3360 3757 3410 Θεοῦ

2109 3448 2381 3521 λέγοντες,
2444 3445 2524 3498 ὅτι
2600 3440 2789 3516 ἤγειρε
2863 3441 2952 3494 τὸν
3014 3440 3239 3513 Χριστὸν
3301 3440 3359 3494 ἐκ
3412 3446 3638 3516 νεκρῶν,
3696 3444 3752 3497 ὃν

2108 3537 2206 3591 ούκ
2288 3534 2509 3603 ἀληθῶς
2592 3529 2883 3598 τεθνηκότα
2965 3525 3182 3601 ἤγειρεν
3218 3572 3231 3596 ,
3297 3527 3444 3603 ι’ίπερ
3531 3530 3753 3594 ἀπαθῶς

2108 3625 2269 3687 ἔπαθε
2304 3669 2316 3679 .
2397 3622 2493 3675 Καὶ
2579 3617 2798 3675 Παύλου
2897 3618 3135 3693 βοῶντος
3171 3660 3183 3682 ,
3246 3616 3330 3671 ὅτι
3402 3620 3646 3688 παθητὸς
3722 3621 3748 3674 ὁ

2108 3714 2357 3790 Χριστὸς,
2416 3711 2468 3764 οἱ
2527 3707 2746 3763 Παύλου
2803 3704 3067 3762 ἀντίδικοι
3124 3706 3186 3758 τὸ
3247 3730 3275 3754 ‹‹
3329 3707 3549 3770 ἀπαθῶς
3588 3733 3608 3757 ι
3663 3708 3748 3761 ἀν-

2101 3802 2493 3881 τιφθέγγονται.

340 3897 475 3937 sum
509 3884 828 3940 suscitasse
859 3885 1155 3939 Christum
1190 3903 1223 3940 a
1251 3889 1517 3955 mortuis,
1549 3906 1720 3961 quem
1756 3909 1867 3947 non
1902 3912 2031 3950 vere
2066 3901 2355 3950 mortuum
2388 3888 2676 3953 excitavit,
2706 3887 2754 3942 si
2783 3888 3023 3958 quidem
3059 3903 3270 3958 passus
3320 3891 3408 3943 est
3464 3886 3743 3959 impassi-

1074 4183 1229 4237 VIll.

430 4265 696 4322 Adversus
743 4284 831 4323 eos
883 4271 978 4339 qui
1025 4271 1214 4396 dicunt
1247 4288 1258 4325 :
1296 4274 1493 4329 Passus
1535 4283 1614 4329 est
1644 4276 1782 4331 Deus
1813 4281 1869 4332 ut

1047 4358 1112 4396 υο
1141 4353 1243 4396 me.

1047 4353 1243 4397 υοιιιὶι.

391 4442 496 4505 Qui
530 4445 849 4500 secundum
882 4446 1067 4519 legem
1105 4448 1213 4503 iter
1253 4466 1525 4521 peragere
1585 4452 1808 4524 volunt,
1867 4471 1968 4508 cu-

334 3970 551 4029 biliter.
616 3974 686 4028 Et
733 3972 1024 4029 clamante
1054 3973 1232 4029 Paulo
1266 3977 1602 4046 passibilem
1633 3996 1763 4036 esse
1792 3982 2108 4053 Christum,
2143 3981 2304 4039 Pauli
2337 3976 2650 4035 adversarii
2681 3982 2886 4032 contra
2916 3976 3192 4042 clamant,
3228 3975 3371 4031 illud
3405 4000 3433 4025 «
3467 3975 3744 4048 impassi-

332 4058 530 4115 biliter
562 4084 589 4111 »
622 4065 988 4132 proferendo.

2831 4182 2977 4236 VIII.

2301 4273 2441 4349 Πρὸς
2472 4270 2600 4333 τοὺς
2632 4268 2911 4349 λέγοντας·
2945 4270 3175 4332 ’Ἐπαθεν
3208 4269 3235 4322 ὁ
3267 4269 3395 4330 Θεὸς
3442 4268 3519 4331 ὡς

2759 4340 3049 4411 ἠθέλησεν.

2154 4452 2216 4505 Οἱ
2273 4450 2408 4505 κατὰ
2463 4449 2632 4521 νόμον
2693 4445 3005 4521 ὁδοιπορίαν
3067 4444 3243 4498 ἄνύειν
3300 4441 3598 4507 ἐθίΛοντες,
3646 4445 3738 4500 καὶ

2078 4538 2291 4617 φεύγειν
2326 4544 2497 4592 πᾶσαν
2553 4534 2760 4605 πλά.ιην
2824 4532 3241 4602 σπουδάζοντες,
3273 4534 3447 4587 πάντα
3517 4532 3730 4607 μᾶλλον

2076 4630 2387 4704 αἱρήσονται
2421 4631 2631 4696 παθεῖν,
2667 4627 2701 4694 ἢ
2729 4625 2921 4699 μικρὸν
2967 4626 3064 4692 τῆς
3099 4622 3382 4698 λεωφόρου
3414 4620 3728 4697 παρελθεῖν.

2073 4719 2168 4771 Τὸν
2202 4716 2358 4771 αὐτὸν
2392 4715 2590 4789 τρόπον
2623 4715 2712 4768 καὶ
2745 4715 2795 4767 οἱ
2828 4716 2922 4781 την
2959 4710 3080 4766 ὁδὸν
3123 4714 3219 4779 τῆς
3280 4716 3386 4766 τῶν
3439 4709 3726 4785 δογμάτων

2072 4805 2330 4876 ἀληθείας
2391 4802 2625 4879 βαδίζειν
2687 4802 2985 4868 ἐθέλοντες,
3036 4804 3261 4873 τηροῦσι
3329 4801 3421 4872 μὲν
3480 4803 3547 4853 τὰ
3590 4800 3727 4877 ῖχνη

2067 4899 2173 4949 τῶν
2237 4893 2492 4955 ἀπλανῶς
2553 4891 3000 4946 ὸδευσάντωνθτὰ
3032 4887 3087 4944 δὶ
3147 4894 3349 4961 σημεῖα
3404 4896 3504 4957 τῆς
3570 4891 3729 4965 βασι-

2069 4982 2231 5051 λικῆς
2293 4979 2421 5037 ὁδοῦ
2496 4981 2630 5051 μετὰ
2706 4975 2977 5053 ἀκριϐείας
3044 4977 3569 5051 καταμανθάνοντες,
3631 4983 3730 5031 πᾶ-

2066 5093 2157 5126 σαν
2197 5072 2289 5145 μὲν
2342 5074 2726 5144 παραιτοῦνται
2779 5068 3181 5143 παρεκτροπὴν,
3216 5065 3343 5120 ὅλοι
3404 5063 3459 5119 δὲ
3515 5065 3726 5141 γίγνον-

2061 5182 2146 5214 ται
2178 5162 2275 5228 τῆς
2303 5158 2581 5228 ἀληθείας.
2614 5157 2817 5212 Τούτου
2874 5156 3049 5211 τοίνυν
3110 5155 3563 5229 ἄναχωρήσαντες
3622 5160 3719 5209 τοῦ

2064 5252 2289 5315 σκοποῦ,
2348 5248 2414 5301 τὸ.
2460 5251 2550 5300 νῦν
2614 5247 2665 5300 οἱ
2720 5245 2787 5300 τὰ
2836 5244 3042 5299 ἐναντία
3100 5242 3441 5317 δογματίζειν
3510 5241 3723 5306 ἐθέλον-

2058 5358 2166 5405 τες,
2227 5337 2292 5391 τὰ
2352 5339 2446 5409 μὶν
2500 5333 2640 5410 ἴχνη
2691 5339 2799 5389 τῶν
2857 5331 3158 5407 ὀρθοδόξων
3236 5332 3483 5405 πατέρων
3553 5353 3715 5386 κατα·

2060 5424 2369 5495 λελοίπασι,
2426 5425 2515 5479 καὶ
2571 5424 2640 5479 τὰ
2696 5428 2898 5497 σημεῖα
2968 5427 3076 5477 τῶν
3141 5419 3417 5496 θεολόγων
3478 5417 3711 5494 ἂνδρῶν,

317 4536 564 4602 rantquc
621 4550 852 4589 omnem
914 4536 1164 4607 effugere
1196 4554 1475 4605 errorem,
1509 4541 1743 4610 quidvis
1773 4543 1967 4613 potius

315 4618 453 4673 mali
486 4619 904 4693 eligent,quam
938 4625 1023 4679 vel
1054 4626 1345 4682 tantillum
1380 4644 1412 4682 a
1446 4628 1533 4683 via
1586 4630 1817 4699 publica
1865 4632 1965 4686 de-

312 4707 565 4764 flectunt.
627 4711 838 4766 Eodem
900 4729 1138 4784 prorsus
1194 4717 1365 4769 modo
1417 4717 1515 4786 qui
1550 4735 1648 4788 per
1677 4718 1825 4772 viam
1861 4720 1961 4774 do-

307 4803 567 4867 gmatum
607 4801 864 4856 veritatis
882 4802 1081 4857 volunt
1104 4804 1657 4878 incedere,vestigiis
1678 4807 1962 4863 inhazrent

308 4902 508 4941 eorum
546 4888 644 4958 qui
678 4907 981 4960 nunquam
1014 4892 1071 4945 in
1108 4892 1311 4947 itinere
1339 4895 1956 4951 errarunt.Ubiautem

304 4976 473 5046 regiae
501 4976 604 5031 via:
638 4979 806 5050 signa
836 4986 1105 5035 accurate
1163 4981 1474 5046 edidicere,
1538 4983 1784 5039 sollicite
1844 4986 1955 5040 sibi

302 5069 504 5119 cavent
566 5066 637 5121 ab
683 5068 843 5122 omni
875 5068 1217 5124 diverticulo
1249 5088 1260 5125 :
1298 5072 1400 5125 toti
1431 5088 1563 5128 vero
1597 5089 1663 5127 ex
1694 5074 1955 5129 veritatis

298 5152 564 5222 partibus
594 5156 943 5211 consistunt.
978 5158 1122 5212 Cum
1155 5157 1225 5211 ab
1276 5158 1385 5213 hoc
1443 5160 1624 5230 igitur
1676 5177 1852 5233 scepo
1915 5162 1950 5215 ii

296 5242 622 5298 aberrarint
679 5245 779 5315 qui
814 5245 1149 5300 adversaria
1181 5247 1348 5301 nobis
1382 5248 1656 5319 dogmata
1688 5250 1950 5316 tradunt,

292 5330 540 5403 vestigia
572 5332 807 5404 quidem
838 5333 1294 5389 orthodoxorum
1328 5338 1567 5390 Patrum
1599 5338 1947 5406 amiserunt,

292 5435 399 5473 nec
430 5437 543 5476 non
576 5421 981 5493 theologorum
1015 5422 1273 5478 virorum
1306 5423 1428 5495 (qui
1458 5425 1614 5480 viam
1645 5442 1947 5482 common-

360 5588 405 5624 “
433 5588 640 5646 Matth.
670 5607 823 5662 xxvx,
856 5591 945 5646 41.
1022 5592 1065 5627 ⁸⁷
1097 5591 1244 5648 Ibid.
1268 5592 1354 5649 39.
1434 5591 1479 5628 ⁸⁸
1512 5593 1681 5648 Hebr.
1714 5608 1791 5663 ιι,
1826 5596 1913 5649 17.
