4086 6214
355 387 503 446 1361

1105 393 1757 457 CONFUTATIONES
1804 398 1957 467 QUA
1970 395 2311 457 RUMDAM
2356 397 3017 460 PROPOSITIONUM.

3604 400 3760 461 1362

349 524 455 573 τῶν
506 521 605 588 τήν
669 518 793 575 ὁδὸν
868 520 1280 593 ὑποδειξάντων,
1354 525 1804 602 παρελογίσαντο,
1862 526 1996 581 πολ-

2116 535 2398 595 strarnnt)
2446 531 2666 585 indicia
2735 532 3148 602 depravarunt,
3203 533 3509 605 multaque
3578 536 3762 590 diver-

511 606 550 625 ἧς

350 606 447 668 λάς
507 606 563 662 δὲ
622 612 1000 686 παρεκτροπάς
1062 610 1406 683 μετεδίωξαν,
1482 616 1577 677 τὰς
1659 617 1751 687 μὲν
1830 615 1997 670 πάλαι

350 698 473 771 παρ’
525 697 741 773 ἐτέρων,
800 699 1177 775 ἐξευρεθείσας,
1226 703 1320 764 τὰς
1371 702 1427 757 δὲ
1480 709 1571 757 νῦν
1640 706 1766 780 παρ’
1824 704 1997 758 αὐτῶν

352 786 858 858 καινοτομηθείσας,
892 786 977 842 οἶά
1010 788 1119 843 ἐστι
1151 790 1241 844 καὶ
1275 793 1309 860 ἡ
1343 791 1652 868 παράλογος
1687 795 1864 871 φωνὴ,
1914 794 2000 862 τὸ,

352 874 580 928 Ἔπαθεν
613 876 639 928 ὁ
667 876 794 936 Θεὸς
826 878 900 938 ὡς
933 876 1191 947 ἠθέλησε.
1225 880 1314 947 Μὴ
1348 877 1631 954 δυνάμενοι
1681 882 1784 958 γὰρ
1835 880 1999 951 δεῖξαι

350 962 450 1029 τὴν
502 963 656 1038 φύσιν
708 966 978 1035 παθητὴν,
1027 969 1123 1035 τὴν
1176 966 1439 1042 βούλησιν
1474 978 1869 1048 συκοφαντῆσαι
1904 970 2001 1024 οὐκ

354 1047 623 1120 ὣκνησαν·
653 1052 897 1128 καὶπερὶ
948 1053 1156 1130 φύσεως
1207 1054 1575 1129 ἐρωτώμενοι,
1625 1047 1748 1131 περὶ
1798 1057 1999 1134 βουλή-

350 1160 484 1201 σεως
558 1140 962 1215 ἀποκρίνονται.
1030 1143 1096 1199 Εἴ
1172 1142 1387 1215 δεκτική
1466 1149 1668 1210 πάθους
1725 1151 1759 1217 ἡ
1822 1148 2000 1225 φύσις,

350 1226 526 1303 ἑλέτω
575 1229 761 1304 χώραν
813 1233 846 1299 ἡ
886 1231 1173 1305 βούλησις·
1211 1234 1254 1287 εἰ
1288 1232 1364 1301 δὲ,
1397 1234 1493 1289 κᾶν
1526 1236 1778 1311 μυριάκις
1814 1234 1995 1306 δοθείη

345 1317 409 1370 τὸ
464 1315 660 1386 θέλειν,
721 1320 1008 1395 ἀμήχανον
1087 1321 1456 1397 ἀνατραπῆναι
1533 1325 1741 1387 φύσεως
1807 1322 1995 1398 νόμον·

344 1411 464 1466 πῶς
486 1405 547 1460 οὐ
583 1406 743 1479 μανία
771 1408 831 1461 τὸ
867 1407 1071 1483 λέγειν,
1105 1413 1335 1465 Ἔπαθεν
1376 1412 1450 1473 ὡς
1483 1412 1746 1483 ἠθέλησεν
1774 1434 1787 1483 ;
1819 1416 1886 1470 Ἥ
1918 1415 1998 1476 τίς

340 1500 450 1549 τῶν
505 1495 562 1549 εὖ
613 1496 956 1573 φρονούντων
1008 1498 1107 1552 οὐκ
1156 1497 1319 1571 οἶδεν,
1367 1500 1448 1554 ὅιι
1499 1502 1786 1577 σύμφωνον
1821 1501 1903 1556 δεῖ
1928 1508 1997 1576 τῇ

344 1583 501 1660 φύσει
531 1586 629 1652 τήν
669 1584 933 1658 βούλησιν
969 1588 1143 1655 alvom;
1197 1588 1257 1642 οὐ
1288 1591 1387 1658 τὴν
1425 1591 1518 1662 μὲν
1570 1593 1704 1665 πρὸς
1740 1590 1880 1646 ἄλλο
1916 1592 1997 1664 ῥέ-

344 1693 488 1744 πειν,
534 1674 632 1740 τήν
683 1671 740 1728 δὲ
789 1675 923 1749 πρὸς
972 1672 1151 1747 ἕτερον
1188 1675 1453 1731 σπεύδειν·
1489 1677 1635 1734 ἀλλά
1668 1679 1839 1751 μένειν
1900 1681 1995 1751 μὲν

346 1763 447 1829 τήν
478 1762 631 1839 φύσιν
667 1762 719 1817 έν
749 1769 865 1824 τοῖς
901 1762 1060 1825 ἰδίοις
1095 1764 1268 1838 ὅροις,
1302 1765 1476 1829 θέλειν
1510 1765 1566 1821 δὲ
1612 1769 1713 1836 τὴν
1762 1768 1916 1845 φύσιν
1969 1769 1999 1823 ὅ

348 1856 543 1925 πρέπει
574 1854 644 1922 τῇ
673 1851 827 1928 φύσει
859 1854 947 1907 καὶ
978 1855 1202 1908 συνέσει·
1238 1856 1312 1916 ὡς
1353 1853 1507 1918 εἷ’τις
1559 1854 1698 1911 ἄλλο
1751 1860 1844 1929 μὲν
1870 1858 1995 1911 ταῦ·
2032 1888 2077 1952 Β

348 1960 449 2009 την
508 1938 654 2015 ἔχειν
712 1940 887 2015 λέγοι,
940 1940 1080 1997 ἄλλο
1126 1940 1183 1997 δὲ
1209 1944 1382 2005 θέλειν
1414 1944 1645 2015 ἐκείνην,
1684 1944 1868 2021 μάχην
1903 1947 1996 2000 έπ-

354 2030 529 2102 ήγαγε
568 2029 657 2083 καὶ
707 2027 971 2101 πόλεμον
1024 2037 1124 2098 τῆς
1177 2032 1271 2103 μὲν
1320 2032 1676 2108 ἐγχειρούσης
1729 2036 1804 2088 εἷς
1857 2035 1887 2089 ἃ
1920 2037 1995 2107 μὴ

358 2114 461 2186 δεῖ,
510 2124 607 2187 τῆς
651 2115 707 2172 δὲ
757 2121 832 2189 μὴ
885 2116 1189 2194 δεχομένης
1238 2120 1335 2175 ὅσα
1386 2123 1463 2193 μή
1513 2122 1733 2201 πέφυκε.
1786 2123 1864 2180 Τὸ
1895 2126 1998 2198 γὰρ

358 2208 587 2281 πάσχειν
619 2208 879 2284 πεφυκὸς,
910 2208 998 2261 καὶ
1030 2208 1185 2263 θέλον
1215 2209 1304 2264 καὶ
1339 2212 1414 2281 μὴ
1444 2210 1601 2266 θέλον
1649 2217 1728 2283 τῷ
1771 2214 2001 2287 πάσχειν

357 2294 655 2349 ὖπόκειται·
707 2297 769 2349 τὸ
814 2294 871 2350 δὲ
916 2300 1012 2350 τοῦ
1061 2298 1290 2371 πάσχειν
1346 2297 1496 2359 ἐκτὸς
1528 2300 1662 2354 κατά
1691 2300 1869 2378 φύσιν,
1902 2302 1997 2355 κᾶν

355 2404 441 2445 τις
474 2387 808 2459 συγχωρήσῃ
839 2386 901 2438 τὸ
933 2384 1130 2455 θέλειν,
1163 2385 1293 2459 ὅπερ
1326 2386 1433 2460 οὐχ
1463 2387 1574 2441 οἷόν
1622 2408 1699 2455 τε,
1742 2387 1824 2450 τίς
1874 2410 1997 2443 ποι-

358 2476 477 2543 ήσει
529 2470 771 2541 δέξασθαι
818 2475 916 2541 τήν
964 2473 1170 2544 οὐσίαν,
1222 2475 1353 2549 ὅπερ
1399 2476 1459 2529 οὐ
1490 2475 1728 2553 πέφυκε;
1766 2483 1873 2531 [liv
1907 2477 1995 2552 γέ-

353 2582 448 2621 νος
482 2563 633 2629 ζώων
667 2559 923 2638 φυλάττει
951 2563 1042 2616 τὸν
1073 2569 1171 2631 τῆς
1202 2563 1399 2624 οἰκείας
1431 2563 1613 2626 οὐσίας
1656 2565 1823 2636 νόμον
1877 2566 2001 2619 ἀσά-

358 2647 566 2720 λευτον,
600 2650 688 2704 καὶ
719 2650 792 2711 ὡς
818 2652 1033 2726 γέγονεν
1064 2651 1156 2705 ἀπ’
1183 2652 1383 2727 ἀρχῆς,
1417 2652 1563 2707 οὕτω
1596 2651 1859 2708 διαιτᾶται
1913 2652 2000 2709 διὰ

356 2739 580 2805 παντὸς,
623 2740 712 2793 καὶ
766 2738 1008 2812 οὐδαμοῦ
1050 2741 1113 2794 τὸ
1146 2739 1321 2803 θέλειν
1373 2740 1652 2815 ἀνατρέπει
1697 2745 1795 2811 τὴν
1827 2744 1994 2813 τάξιν.

360 2828 465 2882 Κᾶν
521 2826 771 2903 μυριάκις
824 2830 1107 2905 ἄνθρωπος
1155 2829 1283 2903 θέλῃ
1332 2830 1573 2904 γενέσθαι
1622 2834 1844 2901 πτηνὸς,
1900 2832 1999 2908 ἀρ-

356 2938 444 2991 γει
499 2917 566 2971 τὰ
612 2924 710 2986 τῆς
765 2917 1101 2991 βουλήσεως,
1151 2915 1337 2986 ἐπειδὴ
1387 2924 1509 2989 νικᾷ
1544 2922 1609 2973 τά
1638 2927 1737 2989 τῆς
1767 2919 1995 2998 φύσεως·

356 3007 453 3060 κᾶν
505 3004 635 3079 θέλῃ
666 3007 848 3081 ψυχὴν
889 3002 1032 3080 ἔχειν
1068 3006 1179 3067 ένὸς
1206 3011 1313 3060 τῶν
1364 3006 1595 3082 ἀλόγων,
1645 3008 1866 3083 γελᾶται
1916 3010 1999 3072 θέ-

356 3094 497 3163 λειν,
548 3093 610 3148 οῦ
667 3094 975 3169 πληροῦται
1023 3094 1086 3148 τὸ
1133 3093 1309 3169 ἔργον.
1351 3096 1497 3161 Εἶτα,
1545 3103 1689 3150 πᾶσα
1717 3098 1809 3169 μὲν
1843 3097 1998 3174 φύσις

356 3182 473 3259 ἔχει
505 3186 564 3237 τὸ
594 3182 976 3258 ἀτυράννητον,
1018 3184 1105 3237 καὶ
1156 3183 1411 3256 κρείττων
1463 3184 1573 3238 ἐστὶ
1623 3187 1802 3255 πάσης
1850 3185 1999 3239 ἐναν-

2114 618 2289 672 ticula
2352 620 2600 675 insecuti
2663 625 2823 683 sunt,
2884 637 3014 675 cum
3076 622 3214 676 olim
3272 622 3344 675 ab
3403 622 3536 677 aliis
3598 624 3758 678 adin-

2110 712 2301 773 venta,
2363 713 2509 772 tum,
2570 726 2602 763 a
2664 725 2725 762 se
2783 726 2935 763 nunc
3003 711 3348 781 excogitata,
3427 713 3757 780 cuiusmodi

2111 799 2199 847 est
2247 794 2499 849 absurda
2558 796 2671 851 ista
2720 813 2846 850 vox.
2912 800 3059 851 Deus
3119 816 3328 870 passus
3386 805 3475 854 est
3531 807 3597 855 ut
3655 818 3759 855 vo-

2112 881 2239 936 luit.
2302 884 2446 938 Cum
2512 885 2663 939 enim
2743 892 3014 941 naturam
3092 888 3429 958 passibilem
3511 889 3755 944 minime

2110 972 2255 1027 501
2323 972 2721 1028 demonstrare
2771 981 3029 1044 possent,
3106 977 3175 1030 de
3233 976 3530 1032 voluntate
3610 978 3757 1033 Falsa

2110 1076 2384 1131 spargere
2417 1079 2529 1115 non
2562 1062 2908 1117 dubitarunt
2943 1081 2953 1117 :
2980 1081 3045 1118 ac
3076 1066 3144 1118 de
3180 1072 3388 1120 natura
3415 1067 3757 1137 interrogati

2111 1150 2179 1202 de
2212 1149 2501 1205 voluntate
2536 1152 2974 1221 respondent.Si
3011 1155 3301 1224 passionis
3330 1170 3508 1225 capax
3536 1161 3624 1210 est
3656 1174 3754 1211 na-

2109 1242 2261 1301 tura,
2296 1237 2483 1293 locum
2519 1240 2731 1294 habeat
2760 1240 3217 1304 voluntas.Quod
3253 1242 3302 1296 si
3324 1241 3407 1298 vel
3440 1244 3759 1299 sexcenties

2110 1327 2244 1381 talis
2274 1327 2542 1382 voluntas
2579 1328 2759 1383 fuisse
2790 1331 3286 1393 concedatur,non
3321 1333 3534 1401 poterit
3567 1337 3758 1386 tamen

2110 1419 2327 1469 naturas
2361 1415 2448 1470 lex
2482 1416 2727 1481 inverti;
2764 1419 2863 1487 qui
2900 1435 3009 1472 non
3038 1419 3269 1473 insania
3312 1418 3506 1483 fuerit,
3540 1422 3753 1483 dicere,

2109 1505 2321 1559 Passus
2351 1510 2439 1558 est
2471 1512 2533 1559 ut
2588 1505 2815 1560 voluit?
2844 1509 2958 1560 Aut
3000 1509 3135 1578 quis
3177 1524 3379 1562 eorum
3443 1508 3542 1578 qui
3605 1514 3757 1563 recte

2108 1594 2389 1659 sentiunt,
2428 1611 2539 1648 non
2574 1595 2876 1665 perspicit,
2905 1601 3173 1666 Oportere
3226 1595 3593 1650 voluntatem
3628 1613 3760 1652 cum

2111 1688 2319 1737 natura
2344 1683 2674 1738 consentire
2709 1702 2721 1737 :
2756 1700 2943 1753 neque
2976 1685 3184 1739 debere
3214 1684 3449 1738 hancad
3472 1684 3630 1739 aliud
3657 1686 3755 1740 de-

2108 1769 2345 1835 clinare,
2382 1771 2538 1826 illam
2574 1774 2643 1826 ad
2678 1772 2833 1827 aliud
2890 1789 3161 1843 vergere;
3196 1773 3297 1827 sed
3350 1789 3587 1827 manere
3617 1775 3751 1843 qui-

2108 1859 2240 1913 dem
2274 1864 2541 1914 naturam
2577 1861 2633 1914 in
2667 1860 2790 1915 suis
2834 1862 3122 1929 terminis,
3171 1860 3312 1915 velle
3361 1868 3554 1915 autem
3591 1868 3754 1916 natu-

2110 1965 2234 2003 ram
2269 1950 2423 2019 quod
2459 1950 2647 2019 ipsam
2671 1958 2940 2003 naturam
2973 1955 3029 2003 et
3059 1948 3498 2021 intelligentiam
3529 1952 3748 2005 deceat:

2110 2034 2191 2089 ita
2222 2040 2283 2088 ut
2313 2035 2362 2089 si
2413 2036 2547 2105 quis
2597 2035 2804 2089 dixerit
2845 2052 2971 2089 eam
3021 2035 3177 2090 aliud
3232 2037 3467 2107 quidem
3515 2036 3749 2105 habere,

2111 2122 2264 2177 aliud
2298 2123 2519 2192 velle,is
2552 2140 2810 2194 pugnam
2842 2123 3082 2177 inducat
3106 2122 3395 2178 etbellum
3435 2150 3447 2189 ς
3481 2140 3611 2177 cum
3638 2123 3756 2177 haec

2108 2209 2212 2264 illa
2242 2212 2585 2282 aggediatur
2612 2228 2738 2281 qua:
2766 2211 3006 2266 minime
3052 2217 3316 2281 oportet;
3367 2211 3464 2265 illa
3518 2212 3757 2266 minime

2111 2300 2351 2370 recipiat
2380 2316 2505 2369 quae
2538 2299 2645 2353 sibi
2680 2317 2793 2354 non
2827 2300 3200 2354 conveniunt.
3236 2301 3296 2353 id
3324 2300 3480 2354 enim
3517 2301 3571 2353 in
3601 2301 3753 2370 quod

2111 2389 2306 2458 passio
2340 2388 2515 2452 cadit,
2566 2388 2703 2442 velit
2753 2387 2918 2456 nolit,
2966 2389 3227 2459 passioni
3283 2389 3598 2443 obnoxium
3645 2394 3750 2443 est.

2110 2476 2271 2543 Quod
2304 2482 2500 2531 autem
2529 2492 2597 2530 ex
2615 2494 2720 2530 sua
2742 2483 2952 2531 natura
2978 2477 3301 2546 passionem
3329 2494 3440 2532 non
3473 2477 3753 2543 admittit;

2111 2564 2284 2619 etiam
2317 2564 2362 2619 si
2399 2565 2531 2635 quis
2562 2566 2913 2619 concesserit
2938 2564 3085 2619 velle
3118 2565 3259 2620 illud
3308 2566 3445 2636 pati,
3481 2566 3635 2636 quod
3670 2571 3754 2619 ta-

2112 2671 2241 2708 men
2281 2654 2399 2708 lieri
2437 2656 2659 2725 nequit,
2695 2652 2826 2724 quis
2854 2654 3102 2708 deducet
3133 2655 3203 2708 ad
3254 2655 3397 2709 illud
3445 2656 3754 2708 admitten-

2111 2743 2249 2797 dum
2295 2744 2445 2813 quod
2500 2742 2834 2797 substantia
2880 2743 3009 2811 ejus
3060 2742 3300 2796 minime
3344 2746 3758 2813 capit?()mne

2110 2831 2501 2885 animantium
2529 2848 2714 2902 genus
2743 2830 2973 2884 firmam
3017 2836 3236 2884 natura;
3286 2847 3403 2884 suae
3453 2836 3644 2884 servat
3676 2829 3755 2883 le-

2111 2936 2267 2992 gem,
2300 2926 2470 2990 atque
2522 2926 2584 2974 ut
2612 2920 2681 2973 ad
2738 2919 2900 2973 initio
2952 2919 3168 2972 factum
3209 2925 3319 2981 est,
3372 2919 3452 2972 ita
3496 2922 3757 2973 remanet

2111 3025 2363 3079 semper,
2399 3027 2500 3063 nec
2533 3025 2788 3078 unquam
2824 3007 3090 3061 voluntas
3137 3007 3398 3062 ordinem
3450 3007 3753 3061 subvertit.

2111 3098 2387 3162 Quamvis
2423 3097 2744 3151 sexcenties
2801 3097 2974 3151 homo
3025 3097 3146 3150 avis
3180 3112 3309 3149 esse
3359 3095 3551 3159 vellet,
3586 3094 3754 3149 irrita

2113 3185 2381 3240 voluntas
2411 3192 2520 3251 est,
2554 3185 2691 3255 quia
2723 3184 2897 3239 vincit
2940 3189 3167 3238 natura.
3204 3184 3443 3238 Etiamsi
3495 3184 3630 3237 velit
3651 3183 3757 3236 ali-

354 3273 472 3334 τίας
536 3273 872 3347 βουλήσεως
938 3271 1073 3343 μόνη
1126 3270 1246 3341 δεὴ
1299 3272 1561 3347 ἄτρεπτος
1589 3278 1685 3328 τοῦ
1718 3279 1849 3329 Θεοῦ
1907 3274 1996 3329 καὶ

2113 3275 2281 3344 cujus
2328 3274 2481 3327 bruti
2544 3274 2739 3328 anima
2797 3273 3029 3339 habere,
3090 3274 3387 3327 deridetur
3464 3272 3753 3336 voluntas,

354 3362 615 3424 ἀθάνατος
647 3360 800 3415 οὐσία
830 3358 1044 3435 δέχεται
1081 3359 1342 3435 βούλησιν
1393 3361 1656 3428 ἐναντίαν,
1701 3362 1789 3415 καὶ
1837 3366 1998 3431 ἡττᾶ-

352 3471 440 3504 ται
488 3454 556 3522 τῇ
604 3457 704 3517 τῆς
753 3448 1027 3519 θελήσεως
1078 3449 1315 3523 ἀνάγκῃ;
1361 3450 1425 3503 Ὠ
1470 3455 1566 3503 τοῦ
1616 3448 1925 3521 θαύματοςί
1959 3453 1993 3518 ἡ

354 3544 524 3592 πᾶσαν
555 3536 737 3591 οὐσίαν
767 3538 816 3591 ἐν
849 3544 964 3599 τοῖς
995 3538 1215 3599 οἰκείοις
1247 3538 1395 3608 ὅροις
1444 3536 1807 3615 φυλάττουσα,
1859 3537 1993 3605 αὐτή

352 3631 461 3681 τῶν
519 3634 617 3695 τῆς
678 3626 933 3688 ἀπαθείας
992 3625 1132 3702 ὅρων
1191 3626 1332 3680 οὕτω
1367 3624 1565 3701 ῥᾳδίως
1592 3627 1876 3696 ἐξίσταται,
1908 3626 1995 3680 καὶ

355 3712 481 3769 οὐδὲ
508 3719 763 3769 τοσοῦτον
796 3715 824 3768 ὁ
856 3715 1046 3769 κτίσασ
1075 3716 1277 3769 ἅπαντα
1308 3710 1444 3790 ἔχει,
1494 3716 1691 3769 ὁπόσον
1741 3716 1997 3787 κτίσματι

355 3800 597 3870 δέδωκε;
655 3803 819 3857 Πόθεν
868 3801 926 3857 δὲ
969 3803 1113 3864 ὅλως
1162 3803 1507 3877 ἐγνώρισται,
1566 3804 1650 3858 ὅτι
1721 3804 1993 3874 ἠθέλησε;

355 3893 648 3965 Προφήτης
679 3891 776 3945 οὐκ
821 3893 986 3960 εἶπεν,
1020 3891 1349 3953 Ἀπόστολος
1400 3892 1498 3946 οὐκ
1546 3893 1820 3967 ἐκήρυξεν·
1873 3891 1996 3947 ἀλλ’

354 3981 405 4033 o't
460 3980 651 4053 μικρὸν
681 3980 978 4055 ἡγούμενοι
1006 3982 1067 4035 τὸ
1114 3982 1329 4043 πάντων
1377 3982 1663 4056 ὑπερορᾷν,
1714 3981 1866 4051 ξένην
1900 3983 1995 4058 φέ-

354 4087 464 4142 ρειν
518 4068 835 4139 νομοθεσίαν
890 4069 1047 4141 μόνοι
1098 4069 1477 4125 νεανιεύονται.
1539 4067 1671 4125 Οὔτε
1717 4071 1778 4124 τὸ
1809 4094 1835 4121 (ι
1867 4069 1996 4124 ἔπα-

352 4158 438 4210 θεν
496 4180 522 4206 ››
581 4157 884 4231 ἀνέγνωμεν
946 4153 1069 4211 οὕτε
1128 4182 1155 4207 ‹‹
1212 4158 1288 4218 ὡς
1342 4158 1611 4226 ἠθέλησεν
1662 4184 1689 4208 ››
1744 4157 1992 4230 εὕρομεν.

349 4247 440 4308 Τίς
492 4248 596 4323 γάρ
642 4252 749 4301 τῶν
800 4248 962 4322 ἁγίων
1011 4250 1045 4316 ἢ
1095 4245 1201 4302 εἶδε
1239 4246 1521 4322 πάσχοντα
1547 4248 1637 4301 τὸν
1671 4247 1847 4316 ἀπαθῆ
1906 4249 1995 4301 καὶ

354 4336 605 4410 ἀόρατον,
638 4338 671 4405 ἢ
704 4337 801 4405 τὴν
831 4337 953 4411 περὶ
1002 4342 1191 4391 τοῦτον
1243 4335 1464 4404 θέλησιν
1519 4336 1877 4404 κατενόησεν;
1932 4338 1996 4389 Ὦ

350 4424 570 4497 τόλμης
601 4430 707 4480 τῶν
759 4426 1056 4500 ἀνθρώπων
1108 4427 1239 4500 ὑπὲρ
1284 4426 1379 4485 τὰς
1426 4424 1688 4499 ἀοράτους
1740 4422 1992 4496 δυνάμεις

354 4513 617 4584 πηδώσης
644 4516 655 4569 l
688 4514 776 4575 Τίς
797 4512 1044 4589 παρῆλθε
1059 4516 1148 4569 τὸν
1170 4513 1397 4589 οὐρανόν
1420 4534 1433 4580 ;
1468 4514 1558 4575 Τίς
1586 4510 1817 4589 ὑπερέϐη
1865 4516 1992 4575 τοὺς

2112 3380 2299 3432 neque
2331 3380 2422 3416 res
2454 3362 2553 3415 illa
2582 3362 2926 3432 completur.
2960 3362 3237 3415 Praeterea
3258 3359 3529 3431 quaelibet
3551 3366 3760 3414 natura

2108 3459 2197 3507 est
2227 3469 2259 3506 a
2288 3451 2596 3523 tyrannide
2626 3450 2826 3514 libera,
2860 3454 3064 3520 estque
3095 3449 3253 3503 omni
3285 3450 3526 3503 adversa
3556 3448 3757 3502 volun-

2108 3545 2225 3596 tate
2258 3539 2701 3611 superior.Num
2734 3539 2860 3593 sola
2882 3537 3270 3592 immutabilis
3296 3536 3754 3604 immortalisque

2110 3632 2205 3685 Dei
2240 3632 2571 3686 substantia
2600 3631 2960 3684 voluntatem
2995 3629 3251 3683 admittit
3289 3627 3663 3692 contrariam,
3697 3633 3755 3679 et

2106 3720 2359 3774 vincitur
2389 3737 2420 3772 a
2450 3719 2769 3773 voluntatis
2801 3715 3193 3772 necessitate?
3241 3720 3284 3768 Ο
3331 3731 3450 3768 rem
3498 3716 3707 3767 miram
3737 3714 3746 3766 !

2107 3802 2238 3879 quas
2267 3810 2590 3879 quamlibet
2638 3807 3031 3861 substantiam
3084 3806 3141 3858 in
3197 3804 3445 3874 propriis
3495 3802 3753 3856 continet

2105 3896 2419 3960 limitibus,
2456 3913 2523 3949 ea
2554 3895 3050 3965 impassibilitatis
3100 3893 3366 3945 terminis
3416 3896 3535 3943 tam
3587 3888 3751 3941 facile

2105 3987 2451 4049 dimovetur,
2489 4000 2592 4037 nec
2638 3988 2868 4036 tantum
2919 3981 3091 4035 habet
3124 3980 3221 4050 qui
3270 3979 3482 4032 creavit
3531 3977 3748 4041 omnia,

2105 4080 2389 4143 quantum
2422 4078 2699 4126 creaturae
2731 4071 2908 4125 dedit.
2942 4070 3051 4124 Sed
3108 4069 3262 4121 unde
3316 4068 3553 4121 tandem
3590 4081 3748 4121 com-

2105 4168 2332 4234 pertum
2368 4162 2471 4215 fuit
2508 4176 2639 4214 cum
2675 4160 2729 4213 id
2766 4158 3040 4213 voluisse.
3087 4156 3373 4227 Propheta
3422 4172 3534 4209 non
3586 4154 3750 4222 dixit,

2104 4250 2418 4322 Apostolus
2452 4267 2563 4302 non
2591 4246 2918 4319 praedicavit
2952 4273 2965 4311 ς
2999 4247 3097 4300 sed
3134 4245 3234 4315 qui
3269 4261 3370 4315 pro
3423 4242 3604 4298 nihilo
3652 4242 3749 4296 ha-

2105 4341 2243 4394 bent
2271 4338 2469 4393 omnia
2501 4343 2893 4401 contemnere,
2947 4335 2985 4389 ii
3034 4334 3141 4389 soli
3185 4332 3531 4388 insolentem
3589 4331 3751 4385 illam

2105 4430 2252 4484 ferre
2303 4428 2487 4497 legem
2536 4433 2750 4481 temere
2804 4425 3247 4496 aggrediuntur.
3314 4420 3511 4491 Neque
3580 4419 3751 4483 illud,

2107 4541 2134 4569 «
2170 4534 2375 4588 passus
2431 4521 2539 4581 est,
2585 4515 2851 4586 legimus,
2902 4529 3085 4581 neque
3138 4513 3215 4576 id,
3266 4533 3292 4558 ‹‹
3347 4517 3412 4565 ιιι
3481 4508 3684 4578 νοΙιιὶι,
3723 4530 3749 4557 ››

354 4604 599 4679 θρόνους,
632 4604 725 4664 τὰς
758 4603 951 4679 ἀρχὰς,
982 4604 1075 4664 τάς
1128 4603 1388 4674 ἐξουσίας,
1438 4604 1530 4663 τὰς
1580 4599 1853 4669 δυνάμεις,
1903 4603 1995 4664 τάς

2109 4604 2460 4659 invenimus.
2515 4602 2654 4665 Quis
2704 4605 2859 4655 enim
2913 4605 3275 4664 sanctorum,
3328 4603 3430 4652 aut
3471 4613 3604 4651 eum
3632 4596 3744 4665 pati

353 4691 714 4766 κυριότηταςς
772 4690 859 4752 Τίς
918 4691 1188 4766 ὑπερέπτη
1236 4692 1303 4745 τά
1352 4691 1625 4767 σεραφίμ;
1676 4691 1768 4752 Τίς
1801 4689 1905 4745 εἶδε
1933 4692 1999 4746 τά

356 4780 579 4840 ἐκείνοις
630 4779 862 4848 deserta;
912 4780 999 4840 Τίς
1040 4780 1326 4849 κατενόησε
1376 4780 1533 4856 φύσιν
1590 4781 1723 4833 Θεοῦ
1773 4779 1860 4832 καὶ
1910 4779 1996 4833 θέ-

355 4866 553 4922 λουσαν
588 4868 753 4935 οὕτω,
807 4869 895 4921 καὶ
925 4866 1237 4942 πάσχουσαν
1267 4868 1299 4921 ἂ
1326 4870 1472 4943 παρά
1513 4872 1618 4921 τῶν
1670 4873 1888 4944 Ι’ραφῶν
1937 4867 1998 4921 οὐ

355 4954 699 5027 δεδήλωταις
736 4954 868 5011 Οὔτε
895 4958 958 5011 τὸ
990 4982 1017 5007 ‹‹
1053 4953 1238 5011 ἔπαθεν
1277 4982 1303 5007 ››
1351 4954 1583 5027 εἶ’ρηται,
1615 4953 1738 5010 οὔτε
1766 4957 1829 5010 τὸ
1864 4980 1889 5006 ‹‹
1923 4957 1998 5017 ὡς

354 5045 596 5115 ἠθέλησε
644 5072 663 5095 ι
717 5046 1035 5121 γέγραπται.
1083 5070 1110 5096 ‹‹
1162 5045 1447 5113 Ἐποίησεν
1497 5045 1594 5099 ὅσα
1646 5044 1931 5114 ἠθέλησεν,
1970 5070 1995 5095 ››

355 5134 686 5206 ἀκηκόαμεν·
717 5133 799 5188 ὅτι
833 5132 889 5188 δὲ
919 5131 1107 5197 ἔπαθεν
1141 5135 1213 5195 ὡς
1262 5134 1549 5203 ἠθέλησεν,
1606 5132 1849 5206 οὐδαμοῦ
1903 5155 1997 5205 με·

358 5225 693 5295 μαθήκαμεν.
728 5223 791 5277 Τί
822 5221 911 5277 οὖν
942 5223 1017 5284 εἰς
1054 5217 1340 5297 βεϐαίωσιν
1368 5222 1430 5276 τὸ
1480 5220 1684 5291 ἄδηλον
1737 5221 1956 5299 φέρουσι
1984 5241 1996 5290 ;

352 5317 523 5365 Τοῦτο
556 5313 841 5381 προσθήκη
873 5318 971 5381 τῆς
1001 5310 1279 5381 ἀπονοίας,
1301 5310 1401 5365 οὐκ
1424 5307 1695 5380 ἀπόδειξις
1719 5309 1996 5378 ἀληθείας.

356 5399 514 5456 Ἀλλ’
546 5398 733 5454 ἔπαθεν
764 5402 791 5455 ὁ
823 5402 1048 5473 Χριστὸς
1080 5400 1215 5455 κατά
1242 5401 1339 5468 τὴν
1388 5405 1496 5454 τῶν
1542 5402 1750 5468 θνητῶν
1809 5397 1999 5474 σάρκα,

357 5487 420 5543 οὐ
450 5490 586 5543 κατὰ
613 5492 706 5543 τὸν
736 5488 993 5551 ἀθάνατον
1029 5489 1227 5564 Λόγον.

2106 4694 2251 4747 vidit
2282 4693 2380 4764 qui
2416 4691 2803 4761 impassibilis
2831 4695 2886 4743 et
2918 4686 3228 4741 invisibilis
3264 4692 3421 4742 esset
3463 4690 3564 4739 aut
3590 4686 3746 4755 ejus.

2110 4783 2265 4836 modi
2297 4780 2654 4834 voluntatem
2680 4777 2997 4849 cogitavit?
3027 4777 3070 4830 υ
3093 4777 3398 4830 audaciam
3418 4772 3743 4828 hominum!

2109 4887 2286 4941 supra
2318 4868 2639 4922 invisibiles
2660 4871 2974 4938 potestates
2994 4864 3224 4919 exsilire
3247 4864 3259 4917 l
3294 4863 3435 4926 Quis
3454 4868 3750 4917 transcen—

2110 4958 2195 5012 dit
2224 4959 2430 5011 cozlum
2455 4957 2481 5009 ?
2513 4957 2651 5019 Quis
2684 4962 3087 5025 transgressus
3119 4960 3208 5006 est
3236 4954 3498 5017 thronos,
3536 4950 3747 5022 princi-

2111 5052 2303 5117 patus,
2340 5052 2676 5115 potestates,
2709 5040 3462 5104 virtutes,dominationes?
3492 5040 3631 5106 Quis
3654 5057 3749 5093 su-

2110 5152 2214 5206 pra
2244 5134 2536 5203 seraphim
2567 5132 2819 5185 volavit?
2849 5132 2988 5194 Quis
3020 5148 3086 5184 ea
3106 5131 3247 5184 vidit
3275 5146 3401 5200 qua;
3436 5128 3581 5199 ipsis
3617 5132 3755 5181 sunt

2110 5220 2478 5276 invisibilia?
2508 5220 2649 5285 Quis
2684 5227 2949 5274 naturam
2987 5220 3079 5274 Dei
3134 5217 3419 5272 intellexit
3460 5219 3542 5270 ita
3588 5215 3751 5279 velle,

2110 5316 2166 5366 et
2202 5309 2318 5382 pati
2349 5327 2474 5364 eam
2511 5326 2641 5380 quas
2670 5326 2702 5363 ιι
2732 5308 3054 5379 Scripturis
3086 5325 3196 5362 non
3231 5312 3369 5359 sunt
3410 5304 3701 5359 declarata
3730 5302 3757 5353 ?

2109 5399 2305 5467 Neque
2351 5399 2517 5467 illud,
2570 5423 2594 5447 α
2647 5414 2858 5469 passus
2914 5403 3023 5460 est,
3080 5420 3099 5443 ι»
3137 5394 3391 5457 dicitur;
3444 5407 3630 5459 neque
3675 5389 3754 5455 id,

2116 5508 2142 5539 α
2176 5494 2238 5542 ιιι
2267 5487 2467 5553 voluit,
2524 5510 2550 5535 »
2601 5487 2883 5555 scriptum
2934 5494 3040 5539 est.
3096 5482 3485 5536 Audivimus:
3537 5501 3563 5527 «
3601 5477 3756 5537 Quae-

359 5594 614 5650 cumque
642 5579 827 5635 voluit
859 5579 996 5634 fecit
1024 5580 1090 5645 ⁸⁸,
1126 5603 1147 5632 ι
1183 5579 1339 5651 quod
1370 5582 1566 5633 autem
1602 5594 1813 5649 passus
1847 5578 1924 5633 sit
1976 5582 2039 5632 ut
2086 5576 2268 5632 voluit
2309 5592 2604 5647 nusquam
2656 5572 2990 5629 didicimus.
3040 5572 3156 5625 Cur
3202 5569 3401 5638 itaque
3443 5567 3512 5621 ad
3547 5565 3754 5619 contir-

431 5707 476 5741 ⁸⁸
505 5706 655 5762 Psal.
689 5722 911 5778 cxxxw,
937 5708 989 5765 6.
