4086 6214
320 361 476 422 1363
1497 355 1561 412 S.
1609 343 2003 411 ATHANASI

2122 373 2223 401 .-—
2260 341 2566 405 SPURIA.
3581 338 3744 398 1864

324 494 641 549 mationem
675 494 827 564 quod
862 492 1156 548 occultum
1189 495 1279 547 est
1307 490 1559 546 afferunt
1586 484 1614 540 ?
1644 480 1961 539 Dementiae
1995 477 2251 535 accessio
2283 476 2405 532 hac
2455 481 2547 532 est
2578 493 2592 543 ;
2644 492 2759 532 non
2811 473 3072 530 veritatis
3121 472 3568 530 demonstratio.
3625 473 3741 527 Sed

326 599 537 654 passus
566 586 658 638 est
685 563 950 636 Christus
981 582 1307 636 secundum
1339 576 1649 634 mortalem
1683 586 1946 639 carnem,
1979 583 2094 623 non
2126 565 2453 621 secundum
2490 563 2822 620 immortale
2852 563 3132 619 Verbum.

1103 723 1190 780 1X.
2005 715 2063 779 Α
2873 705 2962 761 IX.

330 836 598 893 Adversus
627 849 713 889 eos
744 835 845 905 qui
872 832 1084 898 dicunt,
1132 832 1210 885 ita
1258 827 1604 905 accipiendas
1648 841 1763 881 esse
1803 821 1981 905 (seri-

2121 815 2236 901 Ιρὸς
2268 811 2392 874 τοὺς
2428 810 2729 903 λέγοντας,
2750 810 2833 903 ὅτι
2865 811 2978 897 χρὴ
3012 809 3266 905 δέχεσθαι
3294 809 3390 869 τὰς
3420 808 3621 899 pravae,
3651 808 3744 862 καὶ

401 911 608 977 ptume)
656 891 823 972 voces,
874 910 931 958 ut
982 891 1092 958 non,
1144 891 1525 957 consideretur
1571 911 1828 977 quernum
1858 891 1983 948 illae

402 972 734 1049 signiﬁcent,-
755 993 877 1030 cum
905 977 1155 1029 omnium
1188 978 1402 1044 captum
1428 972 1710 1025 excedant.

408 1113 515 1166 Vix
548 1111 759 1183 reperti
792 1115 932 1166 sunt
962 1111 1065 1181 qui
1092 1107 1289 1163 omnia
1319 1123 1445 1178 quae
1475 1106 1546 1160 ad
1594 1102 1864 1159 homines
1895 1103 1981 1156 at-

336 1203 525 1258 tinent
555 1204 814 1255 evertere
869 1199 1300 1261 contenderent,
1333 1213 1398 1251 ac
1421 1196 1752 1264 satagerent
1780 1195 1845 1247 ut
1878 1191 1982 1246 ho-

341 1290 531 1345 mines
562 1306 678 1343 non
709 1287 859 1342 ultra
893 1286 1204 1342 rationales
1253 1289 1472 1349 essent,
1522 1298 1710 1354 neque
1749 1297 1816 1336 ea
1855 1296 1981 1351 qua:

342 1376 685 1433 naturaliter
704 1377 856 1431 bona
885 1380 1024 1430 sunt
1055 1378 1323 1429 accurate
1368 1372 1734 1436 ediscerent;
1766 1368 1983 1441 quique

342 1467 601 1521 dicerent
643 1465 913 1519 omnibus
952 1462 1197 1535 perutile
1239 1478 1389 1528 esse,
1443 1465 1507 1514 ut
1558 1457 1903 1528 simpliciter
1929 1460 1987 1509 et

345 1556 567 1625 absque
596 1554 803 1626 praevio
836 1553 1122 1617 examine,
1154 1567 1453 1606 sacrorum
1504 1548 1787 1603 librorum
1818 1561 1984 1601 voces

344 1645 709 1715 acciperent;
744 1642 907 1698 nulla
937 1639 1137 1696 habita
1167 1637 1634 1694 consideratione
1680 1634 1764 1691 vel
1800 1651 1985 1690 corre-

344 1735 666 1801 ctione,nec
688 1733 858 1801 juxta
886 1731 1047 1800 pium
1080 1746 1325 1801 scopum
1345 1744 1461 1798 quo
1485 1726 1651 1781 dictae
1671 1724 1981 1780 sunt.Nam

343 1823 412 1886 si,
446 1823 742 1891 utjubent
792 1819 897 1886 illi,
944 1836 1145 1873 eorum
1199 1817 1656 1888 sigdiiicationes
1707 1813 1838 1885 quis
1871 1830 1984 1868 non

342 1912 647 1982 expendat,
680 1909 1144 1979 simpliciterque
1195 1908 1347 1963 502
1398 1910 1454 1960 et
1502 1904 1723 1975 absque
1777 1900 1984 1974 praevio

343 2000 610 2055 examine
658 2015 785 2069 quae
834 1998 1110 2051 dicuntur
1158 1994 1487 2050 auscultet:
1529 1997 1709 2048 restat
1753 1997 1816 2046 ut
1854 2008 1984 2062 pro-

2273 879 2514 938 σκοπεῖν’
2541 883 2607 937 τὰ
2660 881 2729 937 δι’
2760 879 2934 938 αὖτίῧν
2973 879 3374 955 σημᾶινόμενα,
3404 879 3480 943 ὥς
3511 882 3745 940 ἅπαντας

2167 950 2571 1009 υπεοϐαίνοντα.

2164 974 2571 1032 υπεροαινοντα.

2164 1105 2348 1167 Μόλις
2379 1103 2669 1180 εὑρέθησαν
2724 1104 2776 1157 οἱ
2824 1102 3001 1157 πάντα
3046 1100 3357 1176 ἀνατρέπειν
3412 1101 3751 1175 ἀγωνιζόμε-

2092 1194 2268 1248 νοιτά
2294 1198 2402 1249 τῶν
2463 1192 2781 1268 ἀνθρώπων,
2832 1192 2920 1246 καὶ
2970 1188 3362 1259 σπουδάζοντες
3420 1192 3560 1262 μήτε
3615 1189 3747 1250 τοὺς

2092 1283 2412 1358 ἀνθρώπους
2461 1277 2540 1336 ἔτι
2591 1279 2850 1356 λογικοὺς
2899 1279 3209 1356 τυγχάνειν,
3261 1280 3401 1351 μήτε
3446 1280 3512 1332 τὰ
3548 1281 3618 1351 τῇ
3650 1278 3751 1356 cpu-

2093 1393 2171 1426 σει
2228 1372 2370 1425 καλά
2423 1371 2539 1442 μετ’
2587 1366 2863 1446 ἀκριϐείας
2914 1366 3365 1441 καταμανθάνειν,
3432 1366 3623 1428 ἁπλῶς
3691 1365 3752 1421 δὲ

2092 1467 2223 1514 πᾶσι
2252 1459 2342 1514 καὶ
2373 1457 2753 1531 ἀδοκιμάστως
2800 1458 3184 1536 συμφέρεσθαι,
3244 1456 3305 1511 ἐκ
3352 1461 3448 1511 τοῦ
3492 1453 3749 1530 δέχεσθαι

2092 1550 2189 1610 τὰς
2219 1554 2328 1603 τῶν
2361 1550 2521 1623 ἱερῶν
2555 1543 2762 1623 βίϐλων
2797 1549 2973 1626 φωνάς
3008 1548 3409 1607 ἀνεπισκέπτως
3441 1545 3529 1599 καὶ
3562 1542 3749 1620 ἀδιορ-

2096 1639 2308 1703 θώτως,
2368 1639 2459 1692 καὶ
2519 1637 2594 1708 μή
2640 1636 2775 1690 κατὰ
2824 1637 2915 1691 τὸν
2963 1629 3153 1704 εὐσεϐῆ
3216 1634 3442 1699 σκοπόν,
3510 1635 3625 1687 καθ’
3684 1634 3746 1687 δν

2095 1725 2406 1801 ἐρρέθησαν.
2436 1725 2496 1779 Εἰ
2527 1728 2628 1800 γάρ
2656 1746 2763 1795 τις,
2795 1726 2871 1787 ὡς
2912 1722 3214 1792 ἐκέλευσαν,
3265 1723 3341 1795 μὴ
3395 1722 3627 1791 σκοποίη
3679 1721 3748 1775 τὰ

2096 1813 2163 1869 δι’
2193 1814 2363 1869 αὐτῶν
2426 1813 2829 1886 σημαινόμενα,
2889 1813 3078 1875 ἁπλῶς
3134 1811 3193 1867 δὶ
3245 1813 3334 1867 καὶ
3381 1807 3751 1869 ἀϐασανίστως

2095 1902 2283 1957 ἀκούοι
2314 1908 2421 1957 τῶν
2482 1901 2815 1978 λεγομένωνο
2877 1901 3117 1957 λείπεται
3157 1901 3246 1956 καὶ
3275 1900 3406 1961 τοὺς
3438 1901 3755 1977 προφήτας,

2093 1991 2339 2053 καὶτοὺς
2369 1990 2708 2053 ἀποστόλους
2745 1990 2917 2063 μάτην
2963 1996 3080 2051 ταῖς
3130 1990 3317 2051 ἀκοαῖς
3366 1989 3600 2063 ἐνηχεῖν,
3655 1988 3747 2042 καὶ

345 2089 528 2159 phetze
561 2092 617 2142 et
647 2086 890 2158 apostoli
925 2086 1167 2139 auribus
1209 2083 1429 2138 nostris
1450 2082 1632 2137 lustra
1657 2084 1987 2153 personant,

2121 2081 2270 2136 τάντα
2317 2080 2477 2155 λόγον
2531 2079 2785 2157 ἀνωφελῆ
2846 2080 2937 2134 καὶ
2988 2078 3338 2155 ἀνενέργητον
3406 2078 3603 2150 μένειν,
3655 2077 3748 2131 καὶ

349 2194 416 2232 ac
446 2176 633 2245 quivis
664 2191 856 2231 sermo
886 2172 1116 2229 inutilis
1146 2178 1204 2228 et
1234 2172 1500 2227 inefﬁcax
1534 2174 1997 2243 permaneat,au-

355 2265 691 2335 ditoresque
740 2264 799 2317 in
857 2262 1121 2318 cordium
1171 2277 1412 2317 suorum
1474 2259 1792 2326 penetralia
1849 2256 1996 2314 nihil

365 2354 592 2408 fructus
624 2351 1047 2406 transmittant.
1081 2350 1172 2404 sic
1208 2350 1361 2404 enim
1388 2348 1732 2419 praecipiunt
1760 2347 1999 2402 auribus

363 2441 602 2511 quidem
632 2439 855 2505 audire,
889 2439 1060 2493 corde
1112 2442 1306 2492 autem
1357 2454 1469 2491 non
1520 2435 1863 2506 intelligere,
1896 2451 2000 2490 nec

365 2532 655 2585 dictorum
686 2525 1159 2596 consequentiam
1210 2526 1586 2597 perpendere.
1624 2526 1793 2593 juxta
1839 2524 2001 2579 illam

366 2616 879 2674 comminationem
916 2631 928 2668 :
964 2637 992 2663 «
1023 2614 1237 2668 Auditu
1270 2613 1610 2679 audiatis,et
1641 2630 1754 2667 non
1789 2612 2003 2667 intelli-

363 2707 518 2779 gatis
546 2705 610 2760 7°.
647 2727 668 2753 ι
710 2703 1100 2768 Quamobrem
1145 2703 1215 2756 ad
1266 2701 1409 2756 illud
1440 2720 1457 2755 :
1491 2724 1517 2749 «
1569 2701 1821 2755 Verbum
1873 2717 2003 2755 caro

363 2796 581 2849 factum
612 2797 702 2848 est
732 2792 799 2860 τί,
855 2815 874 2839 ι
928 2790 1283 2845 audiendum
1331 2789 1710 2858 compellunt,
1762 2805 1865 2843 nec
1914 2789 2004 2858 pie

360 2883 687 2953 intelligere
734 2880 1103 2951 permittunt,
1156 2878 1324 2948 quasi
1378 2877 1475 2947 qui
1529 2883 1867 2947 potestatem
1901 2877 2003 2932 ha-

357 2974 536 3027 beant
564 2973 851 3040 cujusque
874 2973 1128 3023 mentem
1155 2967 1437 3021 arbitratu
1463 2983 1569 3021 suo
1592 2966 2001 3035 trahendi,nou

360 3061 432 3116 ad
466 3062 521 3114 id
547 3060 700 3130 quod
732 3058 1005 3112 decorum
1050 3062 1109 3111 et
1140 3055 1279 3111 utile
1305 3060 1413 3110 est.
1465 3060 1551 3108 An
1600 3054 1855 3109 Verbum
1894 3070 2003 3108 au-

359 3149 541 3213 diam,
591 3162 695 3201 nec
746 3150 1163 3216 congruentem
1214 3160 1456 3199 sensum
1508 3144 1846 3213 requiram?
1898 3140 2002 3199 Ubi

362 3238 542 3309 igitur
569 3240 673 3291 aut
693 3234 983 3290 sermonis
1004 3233 1552 3303 consequentia,aut
1580 3233 1864 3288 auditoris
1890 3233 2003 3288 uti-

363 3327 497 3380 litas
522 3325 550 3379 ?
581 3323 869 3380 Fortassis
899 3328 957 3377 et
986 3324 1058 3377 ad
1112 3324 1416 3376 brutorum
1467 3337 1687 3375 morem
1740 3321 2005 3377 homines

366 3414 583 3468 mutari
616 3412 981 3484 praecipiunt,
1005 3410 1298 3479 siquidem
1347 3410 1655 3463 verborum
1697 3426 1871 3466 sonos
1901 3427 2004 3465 au-

366 3502 530 3557 ribus
550 3501 788 3572 quidem
819 3500 1144 3570 percepturi
1172 3502 1332 3564 sunt,
1363 3512 1432 3551 ex
1462 3513 1637 3551 sensu
1686 3515 1819 3553 vero
1861 3497 2005 3553 nihil

368 3591 595 3646 fructus
625 3589 822 3645 animo
854 3588 1193 3643 admissuri.
1228 3586 1353 3642 Non
1382 3586 1501 3640 haec
1548 3586 1766 3641 Paulus
1802 3588 2005 3656 jussit,

371 3677 713 3750 hujusmodi
758 3675 980 3732 scilicet
1023 3692 1218 3731 rerum
1270 3675 1493 3744 doctor,
1539 3690 1725 3745 neque
1771 3674 1898 3728 vult
1946 3680 2011 3729 ut

371 3768 673 3841 quidpiam
704 3765 1045 3820 admittatur
1074 3764 1201 3819 sine
1241 3763 1462 3818 ratione
1512 3769 1570 3818 et
1607 3764 1831 3833 judicio
1861 3780 1873 3818 :
1907 3765 2007 3819 sed

370 3855 708 3929 quomodo?
748 3877 775 3903 «
822 3854 1212 3908 Perfectorum
1267 3857 1354 3907 est
1402 3851 1612 3906 solitus
1665 3852 1852 3921 cibus,
1910 3853 2010 3923 qui

371 3949 607 4017 propter
637 3942 903 3998 habitum
936 3957 1143 3996 sensus
1184 3940 1402 3995 habent
1450 3940 1519 3994 ad
1574 3940 1709 3994 boni
1760 3940 2015 4011 malique

372 4032 780 4090 discretionem
811 4030 1156 4085 exercitatos
1186 4030 1253 4084 7’.
1290 4051 1317 4077 ››
1341 4028 1754 4084 Pert'ectionem
1788 4030 2015 4097 suadet,

374 4122 847 4179 exercitationem
872 4116 1437 4188 laudat,pervigilem
1473 4116 1602 4171 boni
1624 4116 1880 4187 malique
1900 4116 2018 4171 dis-

377 4211 692 4266 cretionem
725 4208 953 4262 suadet.
1002 4208 1125 4270 Qua
1169 4222 1306 4275 ergo
1353 4206 1574 4260 ratione
1625 4205 1759 4275 quis
1808 4205 2022 4276 poterit

379 4304 530 4354 recte
579 4298 929 4361 discernere,
980 4295 1028 4349 si
1080 4295 1369 4349 dictorum
1421 4294 1864 4365 intelligentiam
1908 4311 2021 4349 non

380 4385 714 4458 acceperit?
745 4384 907 4439 Sicut
936 4383 1090 4437 enim
1125 4382 1226 4453 qui
1257 4385 1460 4438 morbo
1491 4383 1751 4454 corporis
1780 4382 2022 4449 laborat,

380 4491 719 4548 germanum
751 4474 1013 4528 ciborum
1046 4478 1285 4543 gustum
1318 4488 1430 4527 non
1472 4472 1784 4543 experitur.
1839 4488 2029 4543 neque

382 4569 648 4620 accurate
680 4562 918 4633 percipit
949 4563 1235 4631 cujusque
1266 4560 1639 4631 qualitatem;
1666 4560 1744 4613 ita
1770 4565 1827 4614 et
1856 4560 2030 4615 homo

381 4655 481 4724 qui
514 4653 635 4707 sive
666 4669 734 4707 ex
764 4650 1017 4723 ignavia,
1052 4650 1172 4705 sive
1202 4666 1269 4704 ex
1300 4649 1480 4704 animi
1514 4655 1773 4719 stupore,
1808 4648 2031 4703 inexer-

378 4744 585 4799 citatos
604 4740 777 4796 habet
798 4740 978 4794 auimi
1008 4755 1237 4799 sensus,
1267 4740 1530 4810 degustat
1554 4736 1795 4809 quidem
1822 4738 1995 4792 verba
2022 4763 2035 4802 ;

2102 2171 2231 2231 τοὺς
2274 2169 2565 2231 ἀκούοντας
2620 2165 2893 2241 μηδεμίαν
2944 2163 3131 2237 ὄνησιν
3181 2167 3255 2228 είς
3300 2168 3364 2221 τεὶ
3393 2172 3617 2238 ταμιεῖα
3644 2170 3752 2218 τῶν

2106 2256 2342 2334 καρδιῶν
2400 2256 2804 2332 παραπέμπειν.
2855 2256 3013 2314 Οὕτω
3062 2256 3166 2331 γὰρ
3216 2254 3609 2331 προστάττουσι
3637 2259 3753 2314 τοῖς

2113 2349 2206 2421 μὲν
2240 2347 2370 2401 ὠσὶν
2405 2346 2639 2415 ἀκούειν,
2691 2350 2757 2419 τῇ
2809 2343 2867 2400 δὲ
2914 2342 3108 2420 καρδίᾳ
3149 2345 3223 2417 μή
3259 2343 3489 2400 συνιέναι
3526 2345 3667 2416 μήτε
3692 2342 3757 2397 τὸ

2110 2434 2409 2492 ἀκόλουθον
2436 2441 2542 2490 τῶν
2576 2434 2891 2510 λεγομένων
2921 2440 3161 2503 σκοπεῖν,
3194 2434 3329 2489 κατὰ
3373 2435 3471 2501 τὴν
3524 2431 3756 2509 φάσκου-

2110 2546 2205 2579 σαν
2231 2525 2483 2595 ἀπειλήν·
2522 2548 2550 2575 ιι
2582 2523 2752 2597 Ἀκοῇ
2785 2523 3072 2593 ἀκούσητε,
3103 2523 3192 2576 καὶ
3223 2521 3284 2576 οὐ
3320 2523 3395 2595 μή
3457 2527 3694 2589 συνιῆτε.
3726 2543 3754 2570 ιδ

2114 2614 2211 2669 Διά
2239 2618 2398 2668 τοῦτο
2456 2612 2546 2667 καὶ
2601 2612 2684 2684 τὸ,
2739 2636 2767 2663 (ι
2815 2613 2875 2668 Ὁ
2908 2611 3079 2686 Λόγος
3115 2610 3242 2686 σάρξ
3273 2610 3506 2685 ἐγένετο,
3544 2633 3566 2659 ι
3604 2607 3761 2663 ἀκού-

2115 2724 2190 2757 ειν
2250 2704 2343 2775 μὲν
2394 2701 2583 2762 ἁπλῶς
2637 2702 3015 2775 ἀναγκάζουσι,
3065 2705 3203 2753 νοεῖν
3258 2697 3316 2753 δὶ
3366 2693 3601 2759 εὐσεϐῶς
3661 2697 3759 2751 οὐκ

2114 2790 2191 2846 ἔτι
2250 2789 2646 2863 ἐπιτρέπουσιν,
2705 2788 2884 2862 ὥσπερ
2943 2788 3183 2859 ἐξουσίαν
3243 2783 3463 2862 ἔχοντες
3503 2788 3601 2855 τὴν
3636 2788 3756 2840 εκά-

2115 2901 2242 2934 στου
2275 2877 2509 2934 διάνοιαν
2543 2879 2679 2954 πρὸς
2707 2879 2770 2932 τὸ
2802 2874 2992 2931 δοκιῦν
3031 2876 3216 2938 αὐτοῖς
3259 2875 3457 2943 ἕλκειν,
3510 2873 3572 2929 οὐ
3621 2875 3756 2949 πρὸς

2111 2969 2175 3023 τὸ
2214 2969 2418 3044 πρέπον
2466 2967 2556 3022 καὶ
2604 2967 2665 3021 τὸ
2718 2965 3011 3043 συμφέρον.
3065 2965 3312 3020 Ἀκούσω
3358 2968 3453 3019 τοῦ
3488 2964 3755 3039 ῥήματος,

2111 3056 2311 3130 καὶμή
2358 3057 2576 3126 ζητήσω
2624 3056 2687 3110 τὸ
2737 3054 2996 3130 εὐπρεπὲς
3040 3059 3137 3108 τοῦ
3195 3056 3585 3131 φρονήματος
3649 3056 3760 3106 Ποῦ

2115 3145 2206 3201 οὖν
2234 3148 2267 3214 ἢ
2301 3150 2397 3200 τοῦ
2431 3144 2601 3218 λόγου
2627 3144 2691 3199 τὸ
2721 3140 3044 3211 ἀκόλουθον,
3077 3143 3111 3211 ἢ
3144 3148 3241 3197 τοῦ
3281 3142 3572 3203 ἀκούοντος
3626 3140 3765 3217 ibet-

2115 3233 2319 3306 λιμον;
2377 3233 2534 3308 Τάχα
2583 3232 2675 3287 καὶ
2732 3233 2870 3308 πρὸς
2927 3230 3141 3307 ἀλόγων
3199 3228 3334 3301 ἕξεις
3418 3231 3759 3302 μεθίστασθαι

2111 3323 2239 3384 τοὺς
2284 3323 2598 3397 ἀνθρώπους
2647 3320 3090 3396 προστάττουσιν,
3151 3318 3298 3393 ε’ίπερ
3355 3317 3610 3391 μέλλοιεν
3664 3317 3762 3391 ψό-

2120 3435 2217 3491 φον
2251 3413 2343 3484 μὲν
2374 3411 2631 3486 ῥημάτων
2680 3413 2748 3474 τῇ
2782 3410 2917 3483 ἁκοῇ
2969 3407 3243 3485 δέχεσθαι,
3291 3407 3488 3484 κέρδος
3540 3406 3598 3462 δὲ
3642 3429 3768 3477 νοη-

2124 3504 2305 3574 μάτων
2346 3497 2511 3572 μηδὶν
2539 3503 2605 3572 τῇ
2638 3502 2791 3574 ψυχῇ
2820 3496 3156 3572 προσίεσθαι.
3197 3497 3316 3572 Οὐχ
3362 3498 3507 3551 οὕτω
3556 3496 3765 3556 Παῦλος

2115 3594 2251 3659 ἡτὶῖν
2300 3588 2667 3664 παρεγγύησεν
2714 3588 2742 3643 ὁ
2792 3592 2901 3641 τῶν
2951 3585 3215 3641 τοιούτων
3262 3584 3608 3647 διδάσκαλος
3643 3583 3766 3639 οὐδὲ

2123 3678 2368 3752 μετέχειν
2400 3678 2546 3736 τινὸς
2580 3674 2797 3750 ἀλόγως
2853 3675 2944 3729 καὶ
3004 3672 3332 3750 ἀδιακρίτως
3387 3671 3495 3729 δεῖν
3558 3676 3768 3749 ἀπεφή-

2120 3786 2268 3821 νατο’
2316 3764 2459 3821 ἀλλά
2515 3769 2674 3832 πῶς;
2734 3788 2762 3814 ‹‹
2812 3763 3047 3819 Τελείων
3100 3762 3240 3818 ἐστὶν
3272 3766 3306 3833 ἠ
3350 3764 3536 3835 στερεά
3591 3763 3764 3839 τροφή

2122 3861 2226 3910 τῶν
2275 3852 2362 3907 διὰ
2406 3854 2505 3919 τὴν
2550 3850 2657 3922 ἕξιν
2702 3854 2769 3906 τά
2806 3850 3133 3926 αἰσθητήρια
3179 3851 3593 3927 γεγυμνασμένα
3622 3852 3770 3926 ἑχόν-

2122 3966 2229 3999 των
2286 3942 2421 4016 πρὸς
2470 3939 2731 4014 διάκρισιν
2778 3945 2953 3997 καλοῦ
2998 3962 3054 3995 τε
3103 3941 3190 3994 καὶ
3238 3945 3427 3997 κακοῦ,
3486 3964 3514 3991 ››
3553 3939 3765 3995 Τελειό-

2124 4054 2261 4103 τητα
2332 4025 2739 4093 συνεϐούλευσε,
2818 4028 3117 4103 γυμνασίαν
3198 4028 3443 4102 ἐπῄνεσε,
3505 4026 3767 4101 διάκρισιν

2126 4126 2394 4183 ποιεῖσθαι
2426 4118 2694 4195 νηφάλιον
2726 4117 2901 4190 καλρῦ
2928 4138 2986 4171 τε
3016 4117 3104 4171 καὶ
3148 4122 3318 4171 κακοῦ
3366 4112 3773 4172 συνεϐούλευσε.

2131 4215 2252 4270 Πῶς
2283 4207 2373 4263 οὖν
2408 4207 2466 4260 ἄν
2498 4228 2580 4268 τις
2612 4205 2882 4280 διακρῖναι
2916 4204 3101 4268 καλῶς
3135 4204 3415 4275 δυνηθείη,
3454 4207 3529 4277 μὴ
3564 4199 3776 4278 λαμϐά-

2131 4320 2236 4351 νων
2279 4301 2386 4350 τών
2417 4294 2726 4370 λεγομένων
2760 4295 2967 4348 σύνεσιν
2997 4314 3009 4361 ;
3041 4296 3242 4370 ’Ὠσπερ
3296 4296 3400 4369 γὰρ
3451 4294 3478 4348 ὁ
3526 4293 3776 4368 καχεξίαν

2132 4390 2305 4440 νοσῶν
2355 4383 2407 4438 ἐν
2456 4389 2535 4455 τῷ
2585 4385 2821 4456 σώματι,
2873 4382 2978 4458 οὐχ
3009 4384 3237 4457 εὑρίσκει
3269 4383 3494 4457 γνησίαν
3526 4387 3634 4435 τῶν
3664 4378 3782 4435 ιδε-

2136 4473 2354 4547 σμάτων
2402 4474 2499 4541 τήν
2545 4471 2768 4527 ἑκάστου
2816 4472 3119 4538 ποιότηταο
3168 4471 3311 4525 οὕτω
3351 4472 3439 4525 καὶ
3499 4472 3783 4545 ἅνθρωπος

2139 4563 2455 4637 ἀγ·3μναστα
2485 4556 2629 4635 ἔχων
2660 4560 2717 4614 ἐκ
2749 4559 3015 4633 ῥᾳθυμίας
3067 4560 3101 4627 ἢ
3137 4558 3361 4635 ἀλογίας
3407 4561 3475 4613 τὰ
3524 4565 3625 4627 τῆς
3685 4562 3783 4630 ψυ-

2143 4659 2253 4727 χῆς
2304 4650 2650 4724 αἰσθητήρια,
2706 4648 2913 4723 γεύεται
2969 4649 3061 4720 μὲν
3114 4647 3318 4722 λόγων.
3352 4648 3452 4701 οὐκ
3480 4648 3783 4711 αἰσθάνεται

2146 4738 2204 4794 δὲ
2234 4746 2331 4807 τῆς
2362 4738 2566 4792 τούτων
2598 4735 2897 4809 δυνάμεως,
2933 4734 3057 4790 οὐδὲ
3084 4739 3330 4810 γινώσκει
3357 4737 3456 4803 τήν
3496 4741 3604 4789 τῶν
3656 4757 3783 4805 νοη-

376 4834 477 4886 sed
516 4847 620 4885 nec
649 4845 851 4884 eorum
884 4827 996 4881 vim
1024 4826 1331 4889 sentit,nec
1363 4827 1783 4897 cogitationum
1819 4841 2004 4895 cogno

2148 4829 2329 4900 μάτων
2390 4825 2675 4894 ποιότητα·
2733 4825 2950 4897 μετέχει
3008 4822 3066 4878 δὶ
3121 4824 3335 4877 πάντων
3400 4826 3648 4893 ἀνοήτως
3700 4823 3787 4877 καὶ

377 4921 489 4975 scit
520 4919 804 4974 rationem
841 4932 852 4971 :
884 4933 949 4971 ac
984 4932 1143 4970 more
1190 4915 1491 4969 brutorum
1538 4913 1718 4969 stulte
1749 4914 1944 4969 omnia
1975 4918 2032 4968 et

380 5010 609 5063 incaute
638 5005 913 5069 admittit,
948 5006 1233 5059 damnosa
1260 5009 1317 5059 et
1352 5003 1518 5058 utilia
1543 5010 1604 5057 ut
1627 5019 1687 5057 se
1722 5005 1864 5057 forte
1896 5002 2031 5056 olfe-

382 5102 538 5161 runt,
573 5095 992 5165 recipiens,ncc
1026 5092 1259 5146 mundis
1290 5092 1525 5156 quidem
1553 5091 1912 5145 animalibus
1929 5107 2032 5144 an~

385 5185 679 5241 numerari
712 5188 901 5255 potest
951 5198 963 5236 :

386 5275 811 5330 comminutum
848 5268 1184 5324 rationalem
1220 5268 1413 5321 cibum
1449 5270 1505 5321 in
1562 5267 1898 5321 interiorem
1934 5266 2034 5320 ho-

395 5364 607 5417 minem
653 5358 1058 5421 transmittat,
1094 5356 1192 5410 sed
1240 5355 1596 5425 indigestum
1649 5355 1812 5409 illum
1864 5360 2039 5424 atque

393 5453 780 5520 incongruum
818 5448 1110 5513 absumat,
1144 5445 1457 5514 potiusque
1502 5445 1920 5499 detrimentum
1973 5459 2040 5496 ex

396 5540 533 5594 vitio
565 5536 804 5593 demissi
839 5535 971 5600 cibi,
994 5550 1168 5604 quam
1202 5533 1340 5602 quid
1366 5533 1498 5587 boni
1533 5534 1603 5588 ad
1637 5536 1808 5587 vitam
1831 5531 2039 5587 conﬁr-

474 5667 518 5699 7°
553 5665 658 5718 lsa.
692 5676 766 5725 VI,
794 5660 847 5712 9.
941 5659 981 5691 ⁷¹
1018 5657 1250 5712 Jsan.1.
1288 5657 1371 5710 14.
1475 5658 1518 5691 7’
1552 5656 1718 5713 Hebr.
1753 5673 1805 5723 v,
1844 5656 1928 5711 l-i.

1023 5181 1240 5251 quippe
1282 5180 1381 5248 qui
1436 5197 1549 5234 non
1605 5181 1882 5242 ruminet,
1931 5194 2034 5232 nec

2143 4915 2463 4994 ἀφυλάκτως
2497 4910 2649 4982 δίκην
2685 4911 2925 4986 ἀλόγων,
2956 4912 3020 4965 τὸ
3054 4910 3293 4986 βλάπτον
3336 4913 3427 4965 καὶ
3473 4911 3535 4966 τὰ
3585 4910 3792 4987 ὠφέλι-

2148 5026 2268 5077 μον,
2324 5003 2397 5063 ὡς
2449 5000 2629 5075 ἔτυχε,
2683 5001 3059 5074 προσιέμενος,
3107 5000 3198 5053 καὶ
3250 4997 3388 5071 μηδὲ
3433 5000 3483 5054 ὲν
3533 5006 3791 5075 καθαροῖς

2145 5094 2488 5169 ἀριθμεῖσθαι
2543 5091 2702 5157 ζώοις
2753 5086 3069 5160 δυνάμενος·
3114 5088 3189 5148 ὡς
3219 5086 3281 5142 οὐ
3315 5088 3654 5161 μηρυκίζων,
3703 5087 3789 5142 καὶ

2148 5180 2553 5251 λεπτυνομένην
2607 5180 2706 5245 τὴν
2755 5176 2982 5251 λογικὴν
3027 5178 3235 5251 τροφήν
3285 5179 3668 5249 παραπέμπων
3721 5176 3794 5236 εἰς

2146 5271 2234 5325 τὸν
2307 5267 2409 5323 ἔσω
2476 5267 2782 5341 ἄνθρωπον,
2852 5264 2977 5320 ἀλλ’
3047 5264 3436 5340 ἀκατέργαστον
3488 5266 3657 5332 αὐτὴν
3706 5265 3793 5318 καὶ

2148 5354 2533 5425 ἀκατάλληλον
2588 5354 2913 5418 ἀναλίσκων,
2967 5352 3180 5426 μᾶλλον
3235 5351 3293 5408 δὶ
3346 5350 3560 5427 βλάϐην
3612 5354 3671 5408 ἐκ
3699 5361 3794 5422 τῆς

2148 5447 2270 5520 περῖ
2317 5447 2416 5513 τήν
2467 5444 2671 5516 πέμψιν
2721 5442 3108 5515 πλημμελείας
3164 5442 3200 5511 ἢ
3231 5462 3348 5497 τινα
3376 5443 3513 5517 πρὸς
3545 5443 3791 5496 σύστασιν

2151 5542 2295 5606 ζωῆς
2353 5533 2657 5607 εὐεργεσίαν
2714 5530 3033 5607 δεχόμενος.
3091 5536 3160 5585 ’Ἠ
3215 5530 3294 5592 τίς
3354 5529 3452 5584 οὒκ
3492 5529 3652 5602 οἶδεν,
3711 5533 3791 5585 ὁτι
