4086 6214
377 342 535 414 1365

1117 340 1772 412 CONFUTATIONES
1815 342 2324 416 QUARUMDAM
2369 340 3040 413 PROPOSITIONUM.

3626 358 3785 419 {366

370 478 460 537 καὶ
519 481 611 535 τὸν
671 468 942 551 κληθέντα
981 476 1212 534 δειπνεῖν
1264 466 1351 533 ἐπῖ
1406 472 1678 552 τραπέζης
1730 468 2003 542 δυνάστου,

2132 477 2405 533 mandem
2438 478 2737 553 percipiat.
2769 482 2884 536 Aut
2911 476 3042 553 quis
3073 482 3305 555 ignOrat
3331 498 3466 541 eum
3526 487 3626 560 qui
3674 506 3787 546 vo-

370 570 587 640 νοητῶς
642 570 709 624 τά
762 566 1163 646 παρατιθέμενα
1213 572 1354 623 νοεῖν
1413 562 1746 643 ἐγκελεόεται
1804 564 1832 617 ὁ
1882 566 2003 626 θεῖοι

2135 567 2302 621 catus
2344 567 2423 622 sit
2452 572 2741 624 ccenatum
2777 569 2847 624 ad
2881 585 3146 626 mensam
3178 574 3492 645 magnatis,
3525 592 3651 646 qua
3680 594 3786 651 ap-

370 658 585 733 νόμος;
618 657 806 719 Οὕτως
838 657 899 712 οὔ
932 650 1014 712 δεῖ

375 746 617 826 ῥήματα,
678 750 896 801 σκοπεῖν
959 738 1017 801 δὲ
1070 734 1348 819 ἐπιμελῶς
1400 744 1462 799 τὸ
1512 742 1717 820 πρὲπον
1775 744 1914 813 Θεῷ,
1957 734 2022 795 τὸ

376 833 650 914 συμφέρον
702 836 865 910 ⁴ἡμῖν,
898 834 962 890 τὸ
991 831 1214 891 δυνατὸν
1244 841 1344 904 τῆς
1373 830 1655 905 ἀληθείας,
1683 831 1749 887 τὸ
1796 829 2023 905 σύμφω-

370 946 461 980 νον
488 929 567 996 τῷ
614 923 789 998 νόμῳ,
819 922 884 978 τὸ
930 922 1281 995 κατάλληλον
1328 926 1399 998 τῇ
1448 920 1622 1001 φύσει,
1677 920 1742 977 τὸ
1796 921 2016 996 γνήσιον

346 1018 467 1083 τῆς
513 1010 766 1084 πίστεως,
797 1011 860 1068 τὸ
916 1004 1133 1093 βέϐαιον
1181 1018 1282 1083 τῆς
1315 1010 1538 1074 ἐλπίδος
1590 1011 1679 1066 καὶ
1731 1009 2014 1074 ἀνόθευτον

363 1108 467 1173 τῆς
525 1100 759 1177 ἀγάπης,
790 1101 853 1156 τὸ
908 1090 1224 1178 ἀνάϐριστον
1271 1108 1375 1172 τῆς
1433 1098 1617 1173 δόξης,
1648 1099 1712 1155 τὸ
1769 1103 2012 1176 κρεῖττον

363 1191 464 1244 τοῦ
523 1187 740 1267 φθόνου,
780 1188 844 1243 τὸ
889 1193 990 1257 τῆς
1065 1187 1291 1265 χάριτος
1366 1182 1551 1259 ἄξιον·
1611 1186 1765 1243 ἅτινα
1843 1184 2015 1241 πάντα

363 1275 573 1331 σύνεστι
606 1277 700 1349 μὶν
730 1279 849 1338 ταῖς
880 1271 1145 1333 εὖσεὸἑσιν
1191 1276 1441 1350 ἐννοίαις,
1473 1277 1650 1341 καθὼς
1708 1274 2009 1351 ἐγνωρίσθη

362 1362 456 1421 καὶ
510 1364 597 1421 ἐπὶ
648 1369 770 1436 τοῦ,
805 1389 834 1418 κ
867 1365 928 1423 Ὀ
975 1364 1154 1441 Λόγος
1213 1368 1340 1439 σάρξ
1396 1366 1628 1442 ἐγένετο·
1665 1389 1693 1420 ›ν
1725 1363 1898 1421 λείπει
1932 1361 2009 1437 δὲ,

361 1454 439 1517 ὡς
498 1450 661 1525 ε’ῗκός,
706 1459 827 1517 ταῖς
886 1452 1115 1519 ἀτόποις
1173 1455 1570 1529 καινοτομίαις,
1623 1453 1710 1511 ἐπὶ
1757 1453 2009 1516 τοιαύτας

366 1538 765 1627 ματαιολογίας
814 1541 865 1614 ἐξ
912 1542 1151 1621 ἀνάγκης
1199 1544 1677 1627 καταφευγοόσαις.
1708 1540 2012 1622 Κεφάλαιον

367 1626 427 1687 δὶ
471 1631 559 1687 ἐπὶ
604 1636 722 1694 τοῖς
768 1629 1105 1711 λεγομένοις,
1140 1633 1168 1687 ὁ
1197 1633 1297 1697 τὰς
1352 1631 1521 1704 λέξεις
1568 1629 1864 1709 δεχόμενος
1919 1631 2009 1686 καὶ

364 1722 445 1795 μὴ
504 1721 928 1794 καταμανθάνων
985 1720 1052 1777 τά
1106 1720 1500 1796 σημαινόμενα,
1546 1726 1662 1784 πῶς
1714 1724 1900 1792 νοήσει
1942 1720 2010 1777 τᾶ

1106 657 1251 730 υμνά
1301 655 1594 730 νοημάτων
1650 650 1905 730 ἁρπάζειν
1956 652 2003 705 τε

2134 654 2317 724 posita
2349 661 2491 712 sunt
2519 656 2904 729 spiritualiter
2930 658 3511 735 considerarejuberi
3534 682 3566 721 a
3586 650 3784 725 divina

2130 742 2256 817 lege
2273 744 2301 800 ?
2323 744 2606 803 Similiter
2626 752 2684 805 et
2701 749 2875 805 verba
2904 765 3080 805 sensu
3112 750 3271 808 nuda
3300 748 3644 827 abripienda
3665 774 3781 814 non

2130 836 2288 902 sunt,
2319 836 2419 892 sed
2452 841 2720 894 accurate
2751 837 3241 896 considerandum
3274 842 3413 913 quid
3445 842 3633 901 Deum
3683 846 3783 902 de-

2129 927 2275 992 ceat,
2296 922 2434 999 quid
2460 926 2627 983 nobis
2657 927 2969 993 conducat,
2987 944 3114 999 quae
3148 928 3226 984 sit
3255 929 3343 986 vis
3370 931 3661 1004 veritatis,
3681 934 3785 1007 qui

2128 1028 2452 1070 consensus
2481 1015 2540 1070 in
2573 1015 2717 1088 lege,
2747 1015 2886 1088 quid
2922 1022 3140 1072 naturaa
3175 1033 3525 1093 congruens,
3552 1038 3679 1093 quae
3710 1022 3789 1079 sit

2124 1117 2406 1174 germana
2434 1103 2602 1172 fides,
2635 1122 2762 1178 quae
2809 1121 2943 1177 spes
2997 1105 3190 1173 firma,
3252 1123 3378 1178 quas
3430 1106 3788 1167 inviolabilis

2125 1189 2428 1247 charitatis
2482 1193 2808 1259 sinceritas,
2842 1211 2967 1265 qua:
3000 1193 3079 1250 sit
3106 1193 3295 1267 gloria
3323 1196 3502 1253 nullis
3533 1197 3787 1257 obnoxia

2125 1276 2661 1354 contumeliis,quid
2696 1281 2774 1337 sit
2802 1280 3021 1338 invidia
3051 1283 3346 1354 superius,
3366 1302 3496 1357 quas
3527 1286 3785 1359 dignitas

2123 1369 2320 1441 gratiae
2354 1386 2369 1426 :
2401 1386 2529 1443 quae
2559 1370 2758 1427 omnia
2787 1369 2900 1445 piis
2930 1370 3167 1443 quidem
3219 1372 3426 1428 insunt
3466 1375 3777 1448 cogitatio-

2124 1458 2318 1529 nibus,
2381 1464 2446 1514 ut
2475 1456 2533 1512 in
2565 1456 2949 1533 explicatione
2979 1459 3141 1529 dicti,
3173 1482 3201 1509 ι(
3234 1459 3492 1517 Verbum
3526 1478 3657 1518 caro
3689 1462 3776 1519 fa-

2119 1549 2277 1601 ctum
2310 1551 2417 1612 est,
2453 1568 2481 1595 ››
2511 1546 2992 1614 explanavimus;
3024 1547 3126 1603 sed
3159 1548 3375 1604 desunt
3428 1548 3650 1606 scilicet
3709 1548 3769 1607 in
3846 1564 3849 1573 '

2118 1635 2392 1692 absurdis
2426 1635 2543 1691 illis
2577 1635 3209 1711 innovationibus,quae
3240 1638 3310 1693 ad
3344 1638 3637 1706 eiusmodi
3669 1656 3770 1695 va-

2118 1720 2543 1797 niloquentiam
2578 1724 2906 1780 necessario
2927 1724 3294 1797 confugiunt.
3322 1726 3563 1781 Summa
3591 1724 3770 1798 hujus

366 1811 636 1884 μάχεσθαι
669 1807 944 1883 ἀλλήλοις
975 1806 1237 1866 δοκοῦντα
1265 1811 1401 1866 κατά
1427 1810 1491 1866 τὸ
1520 1811 1816 1888 πρόχειρον
1840 1830 1855 1880 ;
1886 1812 2003 1872 ὶΙῶς

2116 1812 2398 1867 orationis
2429 1817 2517 1867 est
2549 1826 2563 1866 :
2596 1811 2695 1883 qui
2727 1808 3011 1868 dictiones
3041 1812 3274 1885 excipit,
3309 1830 3414 1869 nec
3473 1813 3770 1887 signiﬁca-

358 1898 575 1974 εὑρήσει
605 1899 703 1968 τὴν
739 1899 1080 1975 ἁρμόζουσαν
1111 1898 1305 1968 How;
1339 1903 1461 1963 Πῶς
1509 1898 1791 1976 ἀπόκρισιν
1838 1895 1999 1953 δώσει

351 1991 475 2050 τοῖς
508 1986 779 2063 ἐπερωτᾷν
811 1988 1174 2064 βουλομένοις
1200 2007 1215 2056 ;
1247 1987 1369 2050 Πῶς
1418 1987 1639 2065 φυλάξει
1667 1987 1730 2042 τὸ
1758 2007 2000 2064 γεγραμ-

359 2074 544 2151 μένονδ
581 2076 703 2131 «Τὸ
753 2073 946 2133 εἰδέναι
999 2081 1115 2140 πῶς
1163 2074 1246 2134 δεῖ
1291 2079 1439 2150 ἡμᾶς
1488 2075 1566 2132 ἐνὶ
1615 2075 1822 2149 ἑκάστῳ
1868 2075 2000 2131 ἀπο-

349 2163 625 2242 κρίνεσθαι
652 2184 665 2237 ;
698 2186 724 2218 ι

1142 2455 1207 2509 X.

476 2538 617 2616 Πρὸς
663 2537 792 2601 τοὺς
841 2537 1095 2615 λέγοντας
1130 2558 1143 2571 ο
1189 2539 1421 2616 ᾜπαθεν
1463 2537 1492 2592 ὁ
1530 2536 1660 2600 Θεὸς
1708 2535 1873 2613 λόγον

1081 2608 1257 2687 σαρκί.

424 2714 724 2790 Θαυμάζειν
805 2715 975 2771 ἔπεισί
1034 2736 1152 2788 μοι,
1200 2718 1339 2788 πῶς,
1395 2715 1686 2778 τοσούτους
1749 2737 1997 2794 νεωτερι-

354 2805 527 2879 σμοὺς
557 2803 927 2881 ἐπεισάγοντες
959 2806 1011 2860 οἱ
1040 2802 1147 2860 τῶν
1178 2809 1376 2860 καινῶν
1429 2801 1717 2881 δογμάτων
1764 2805 1994 2880 εὑρεταὶ,

351 2894 515 2971 κόρον
550 2889 732 2951 λαϐεῖν
767 2900 868 2964 τῆς
896 2893 1153 2965 τοιαύτης
1191 2893 1540 2967 καινοτομίας
1585 2892 1683 2949 οὐκ
1716 2890 1998 2965 ἠδυνήθη-

353 3002 468 3038 σαν’
494 2981 641 3038 άλλά
656 2978 710 3037 εἷ’
729 3004 782 3038 τι
810 2980 955 3053 ξένον
989 2980 1222 3037 ἐπινοεῖν
1254 2983 1390 3058 πρὸς
1420 2981 1631 3051 ἀπάτην
1660 2987 1766 3037 τῶν
1796 2982 1999 3038 ἁπλου-

352 3068 556 3144 στὲρων
584 3069 969 3139 νεανιεύονται,
999 3070 1113 3124 οἷον
1157 3070 1247 3125 καὶ
1293 3070 1356 3125 τὸ
1409 3068 1764 3146 προκείμενον
1794 3074 1887 3124 νῦν
1920 3071 1998 3134 εἰς

351 3157 607 3229 ἐξέτασιν·
648 3184 669 3210 ι
705 3164 936 3223 ’Έπαθεν
970 3157 999 3213 ὁ
1028 3156 1157 3221 Θεὸς
1200 3156 1376 3235 Λόγος
1426 3158 1603 3233 σαρκί.
1637 3181 1665 3209 »
1700 3157 1870 3217 Πάλιν
1913 3157 1995 3214 ἐν·
2025 3194 2070 3261 G

420 3251 475 3261 ..,
619 3245 671 3261 ς.
761 3247 778 3261 .
886 3248 900 3261 ι
1275 3245 1325 3261 ς.
1385 3240 1429 3261 μ
1525 3243 1608 3261 ..ι
1828 3245 1913 3261 .-κ

348 3251 521 3312 ταῦθα
542 3245 687 3303 πολὺ
720 3247 816 3319 μὶν
847 3248 909 3302 τὸ
943 3242 1168 3323 ἄλογον,
1197 3245 1341 3302 πολὺ
1382 3240 1440 3301 δὲ
1485 3246 1549 3301 τὸ
1578 3243 1801 3303 ἄτοπον.
1828 3245 1995 3302 Ἀλο-

348 3336 473 3412 γίας
508 3336 602 3409 μὲν
627 3335 729 3411 γὰρ
768 3335 832 3390 τὸ
879 3332 1079 3412 λέγειν,
1107 3331 1288 3409 ἕτερον
1350 3333 1516 3411 ἐτέρῳ
1565 3333 1816 3411 πάσχειψ
1874 3330 1997 3389 ἀτο-

351 3422 479 3486 πίας
513 3420 569 3477 δὲ
598 3422 681 3492 τὸ,
722 3448 743 3473 ι
780 3423 1010 3477 ’Ἐπαθεν
1044 3422 1073 3477 ὁ
1100 3420 1298 3497 Λόγος.
1336 3447 1363 3475 ››
1407 3424 1575 3498 Ὅπερ
1611 3421 1815 3498 γυμνὸν
1861 3441 1996 3498 προ-

348 3510 711 3585 καλύμματος
797 3506 963 3566 εἰπεῖν
1050 3509 1113 3565 οὐ
1190 3510 1528 3585 τολμῶντες,
1588 3508 1861 3587 ἐπήγαγον
1935 3506 1999 3565 τὸ

353 3600 596 3676 «σαρκὶ,
647 3624 676 3652 ››
725 3597 963 3673 καθάπερ
1016 3594 1307 3675 πρόσωπον
1366 3599 1595 3675 αἰσχρὸν
1648 3600 1711 3654 τὸ
1767 3598 2000 3672 ἀπρεπὲς

345 3693 451 3745 τοῦ
491 3689 663 3766 φρονί
674 3709 843 3762 ματος
892 3684 1105 3764 δολερῷ
1145 3685 1474 3765 προσωπείῳ
1513 3685 1900 3750 καλύπτοντες.
1935 3686 1999 3742 Εἰ

353 3776 384 3830 ὁ
416 3776 592 3855 Λόγος
650 3766 860 3848 ἔπαθεν,
892 3778 1065 3832 ἐαυτῶ
1120 3768 1331 3831 ἔπαθεν
1371 3775 1417 3832 εἶ
1473 3770 1530 3831 δὶ
1574 3770 1757 3855 ἕτερον
1803 3775 1866 3830 τὸ
1897 3796 1999 3831 πα-

352 3865 465 3945 θὸν,
500 3862 650 3920 οὐδὲν
682 3864 817 3942 πρὸς
844 3865 935 3920 τὸν
968 3858 1170 3940 Λόγον,
1202 3864 1252 3919 εἷ’
1283 3864 1361 3939 μή
1396 3864 1536 3938 μόνη
1586 3867 1622 3937 ἡ
1662 3858 1817 3934 ὕϐρις
1865 3858 2002 3919 κατά

353 3953 625 4030 ἀναφορὰν
656 3958 753 4008 τοῦ
784 3955 1099 4028 πάσχοντος
1132 3953 1387 4026 σώματος
1437 3952 1512 4015 εἷς
1569 3952 1659 4007 τὸν
1716 3950 1998 4026 ἡνωμένον

349 4041 725 4118 ἀνατρέχουσα
780 4039 978 4117 Λόγον.
1009 4041 1082 4096 Τὸ
1130 4037 1188 4096 δὲ
1236 4040 1432 4117 λέγειν,
1466 4066 1495 4093 ι(
1529 4041 1586 4095 '0
1617 4038 1789 4116 Λόγος
1840 4037 2002 4105 ἔπαθε

359 4128 541 4207 σαρκὶ,
587 4154 613 4181 ›.
645 4125 905 4208 ἄγραφον,
937 4128 1225 4201 ἀνοίκειον,
1249 4129 1564 4201 ἀσύστατον,
1611 4127 1997 4193 ἀνακόλουθον.

349 4212 518 4275 Ἀλλ’
548 4216 733 4290 ἐπειδή
790 4217 1134 4298 βλασφημεῖν
1197 4218 1293 4293 μὲν
1342 4218 1626 4281 ἀπαύστως
1678 4215 1910 4294 ἔκριναν,
1938 4215 2000 4271 τὸ

352 4306 431 4377 δὲ,
467 4334 495 4361 ι(
529 4310 760 4367 ’Ἐπαθεν
792 4309 820 4363 ὁ
852 4308 1049 4387 Λόγος,
1082 4332 1111 4361 ››
1143 4304 1376 4383 ἔγνωσαν
1406 4304 1772 4383 ἆπαράδεκτον
1813 4307 2000 4368 ἀκοαῖς

355 4392 616 4465 εὐσεϐέσι,
649 4398 933 4476 φάρμακον
989 4398 1301 4473 προσθεῖναι
1331 4390 1394 4450 τὸ
1426 4420 1453 4447 ‹‹
1485 4398 1554 4470 τῇ
1614 4393 1770 4471 σαρκὶ
1803 4418 1832 4446 ››
1883 4399 1999 4457 τοῖς

356 4484 620 4562 ῥημάτων
654 4484 952 4562 τραύμασιν
985 4482 1325 4540 ἐδικαίωσαν
1362 4480 1479 4539 δέον
1513 4485 1652 4557 μήτε
1697 4484 1797 4555 τήν
1845 4482 2001 4538 νόσον

358 4556 597 4650 ἐπάγειν,
890 4572 1223 4651 φαρμακείας
1300 4570 1593 4644 ἁπατώσης
1677 4569 1999 4651 φροντίζειν,
2030 4556 2078 4622 D

356 4659 526 4720 Οὐδὲν
581 4663 685 4739 γὰρ
740 4666 848 4716 τῶν
904 4660 1234 4738 παραλόγων
1259 4659 1651 4738 τεχνασμάτων
1704 4658 2002 4736 εὑρίσκεται

348 4754 423 4827 τῇ
484 4748 714 4822 ἀληθείᾳ
760 4748 1248 4831 συναρμοζόμενοεί·
1284 4747 1410 4804 ἀλλ’
1438 4746 1570 4803 αὐτὸ
1617 4747 1681 4802 τὸ
1730 4745 2002 4808 πολλάκις

352 4840 531 4913 ἑαυτῷ
565 4838 902 4915 μαχόμενον,
934 4838 1022 4893 καὶ
1075 4837 1150 4910 μή
1184 4836 1429 4912 εὑρίσκον
1462 4837 1641 4891 στάσιν
1695 4835 1840 4912 παρὰ
1884 4840 2000 4901 τοῖς

351 4938 582 4996 onata):
641 4929 931 4987 ἐπάξουσιν.
968 4927 1102 4985 Οὔτε
1148 4929 1176 4982 ὁ
1224 4928 1400 5004 Λόγος
1452 4929 1695 5000 παθητὸς
1722 4931 1790 5001 τῇ
1823 4925 2002 5003 σαρκὶ,

354 5024 482 5083 οὔτε
504 5027 540 5095 ἡ
574 5024 702 5097 σὰρξ
732 5024 944 5094 ἀπαθὴς
973 5027 1052 5095 τῷ
1097 5021 1277 5098 Am.-
1312 5018 1458 5077 άλλά
1501 5020 1589 5075 καὶ
1618 5022 1653 5090 ἡ
1686 5019 1814 5094 σὰρξ
1870 5018 2007 5073 κατὰ

352 5116 455 5185 τήν
513 5113 712 5169 οἰκείαν
778 5112 933 5192 φύσιν
965 5113 1027 5167 τὸ
1054 5111 1224 5174 πάθος
1280 5109 1583 5187 προσίεται,
1613 5108 1703 5164 καὶ
1754 5109 1782 5163 ὁ
1832 5105 2002 5189 Λόγος

358 5203 669 5280 ἀχώριστον
725 5208 826 5272 τῆς
876 5197 1014 5262 ἰδίας
1071 5198 1254 5260 οὐσίας
1301 5195 1417 5275 ἔχει
1466 5198 1528 5253 τὸ
1567 5196 1782 5259 ἀπαθὲς.
1816 5196 1879 5254 Εἰ
1911 5194 2002 5252 οὖν

352 5294 515 5354 οὗτος
543 5295 614 5367 τῇ
645 5291 801 5369 σαρκὶ
830 5289 1056 5367 πάσχει,
1085 5289 1211 5365 περί
1256 5295 1357 5358 τῆς
1407 5288 1603 5365 σαρκὸς
1630 5285 1684 5343 τί
1733 5285 1793 5342 ἂν
1828 5285 2003 5343 εἴποι-

355 5401 486 5456 μενς
518 5381 602 5437 δτι
660 5381 860 5459 πάσχει
912 5384 991 5451 τῷ
1049 5377 1230 5455 Λόγῳ,
1287 5380 1324 5449 ἢ
1382 5376 1446 5434 οὐ
1503 5377 1740 5453 πάσχει;
1791 5376 1855 5433 Εἴ
1907 5377 2001 5453 μὲν

351 5470 417 5526 οὐ
465 5469 687 5546 πάσχει,
715 5469 883 5544 ταύτῃ
925 5469 990 5524 τὸ
1034 5468 1235 5532 ἅπαθὲς
1290 5465 1577 5545 ἐχαρίσθηο
1614 5467 1659 5520 εἰ
1693 5463 1749 5523 δὲ
1777 5465 2001 5543 πάσχει,

426 5648 475 5685 ⁷³
502 5646 723 5705 Coloss.
755 5664 833 5717 ιν,
861 5647 919 5703 6.

2115 1901 2327 1956 tionem
2369 1916 2573 1956 earum
2605 1900 2833 1967 ediscit,
2865 1901 2965 1973 qui
2999 1901 3289 1974 intelliget
3319 1918 3388 1958 ea
3419 1919 3548 1974 quae
3580 1901 3769 1974 primo

2108 1987 2326 2043 intuitu
2356 1988 2509 2045 inter
2537 2006 2600 2046 se
2631 2005 2893 2062 pugnare
2923 1988 3239 2045 videntur?
3269 1989 3571 2053 Quomodo
3629 2006 3764 2046 cou-

2108 2083 2409 2150 gruentem
2441 2078 2699 2134 inveniet
2727 2077 3078 2134 solutionem
3097 2077 3126 2131 ?
3154 2077 3276 2141 Quo
3307 2084 3474 2150 pacto
3514 2076 3763 2135 interro-

2106 2166 2383 2237 gantibus
2443 2165 2860 2237 respondebit?
2916 2165 3215 2230 Quomodo
3272 2166 3562 2222 custodiet
3614 2156 3761 2223 illud

2108 2254 2264 2326 quod
2303 2254 2590 2327 scriptum
2621 2257 2711 2310 est
2740 2270 2754 2308 :
2791 2274 2820 2303 «
2850 2254 3008 2309 Scire
3036 2253 3328 2326 quomodo
3357 2258 3623 2327 oporteat
3650 2270 3759 2310 nos

2108 2340 2422 2414 unicuique
2451 2340 2803 2416 respondere
2826 2338 2916 2397 7’?
2936 2363 2968 2394 ››
3112 2346 3116 2350 ‘

2889 2456 2957 2515 X.

2103 2549 2371 2607 Adversus
2417 2564 2509 2604 eo:
2555 2549 2656 2620 qui
2697 2548 3158 2675 dicamasm
3192 2556 3273 2605 est
3321 2550 3460 2605 Deus
3521 2548 3752 2605 Verbum

2176 2718 2371 2777 Mirari
2404 2717 2564 2774 subit
2592 2734 2720 2791 quae
2749 2734 2927 2774 causa
2952 2718 3033 2774 sit
3060 2734 3166 2774 cur
3194 2722 3282 2775 tot
3309 2722 3369 2775 et
3415 2721 3611 2775 tantas
3659 2716 3749 2771 in-

2106 2808 2355 2865 duentes
2385 2805 2697 2875 novitates,
2737 2805 3117 2862 insolentium
3137 2807 3478 2879 dogmatum
3497 2805 3756 2860 invento-

2106 2913 2199 2953 res
2221 2894 2518 2950 nullarum
2533 2910 2725 2950 rerum
2743 2895 3144 2950 novandarum
3157 2896 3398 2951 satietas
3408 2892 3753 2967 ceperit;sed

2105 2984 2157 3041 si
2181 2983 2321 3055 quid
2344 2981 2605 3039 insolens
2632 2987 2742 3051 est,
2762 2981 2901 3037 illud
2927 2981 3257 3055 petulanter
3276 2986 3342 3039 ad
3368 2981 3756 3055 simpliciores

2105 3070 2667 3129 circumvieniendos
2690 3069 3221 3142 proponunt,quale
3236 3074 3325 3126 est
3340 3070 3636 3142 quodjam
3659 3084 3758 3123 no-

2110 3160 2201 3215 bis
2219 3159 2374 3217 508
2396 3158 2841 3230 disquirendum
2866 3159 3489 3232 prOponiturzuPassus
3506 3162 3594 3215 est
3605 3161 3758 3213 Deus

2107 3244 2360 3305 Verbum
2395 3263 2590 3303 carne.
2628 3270 2654 3296 ››
2686 3247 2790 3303 Ηὶο
2829 3263 3067 3303 rursum
3127 3248 3314 3303 multa
3368 3245 3581 3303 rationi
3640 3261 3756 3303 non

2106 3342 2518 3399 consentanea,
2579 3337 2877 3408 multaque
2906 3335 3180 3393 absurda.
3214 3334 3446 3393 Rationi
3476 3350 3593 3391 non
3616 3350 3758 3391 con-

2107 3423 2286 3481 sentit
2316 3422 2471 3495 quod
2502 3421 2738 3493 dicitur,
2767 3421 3016 3478 alterum
3045 3420 3211 3479 alteri
3243 3422 3398 3495 pati;
3429 3420 3755 3478 absurdum

2108 3519 2198 3569 est
2227 3512 2371 3569 illud
2405 3529 2419 3567 :
2456 3533 2485 3563 «
2519 3511 2774 3569 Verbum
2806 3517 2896 3568 est
2928 3528 3189 3585 passum.
3228 3535 3250 3561 ιι
3284 3511 3447 3576 Quod
3477 3527 3612 3566 cum
3643 3527 3752 3566 nu-

2107 3603 2249 3659 dum
2280 3602 2502 3673 absque
2530 3600 2816 3657 velamine
2846 3600 3101 3672 proferre
3130 3616 3244 3656 non
3278 3599 3752 3669 auderent,adje-

2108 3693 2313 3747 cerunt
2338 3687 2509 3753 illud,
2540 3711 2568 3738 «
2600 3705 2793 3759 carne,
2828 3709 2855 3739 ››
2886 3695 2943 3745 et
3001 3687 3172 3760 quasi
3228 3691 3463 3759 turpem
3520 3684 3751 3754 faciem,

2109 3777 2313 3835 dolosa
2359 3776 2519 3833 larva
2565 3775 2866 3833 sententiae
2904 3776 3331 3833 absurditatem
3389 3772 3752 3830 obvelarunt.

2110 3867 2171 3924 Si
2198 3867 2451 3924 Verbum
2486 3882 2725 3939 passum
2756 3870 2866 3927 est,
2897 3864 3011 3920 sibi
3044 3863 3153 3936 ipsi
3185 3868 3275 3918 est
3305 3879 3543 3934 passum
3596 3879 3611 3917 :
3662 3861 3755 3917 sin

2110 3956 2264 4012 aliud
2314 3961 2405 4011 est
2451 3955 2607 4027 quod
2641 3970 2879 4025 passum
2913 3957 3022 4019 est,
3051 3950 3194 4008 nihil
3229 3952 3302 4006 ad
3331 3950 3608 4014 Verbum,
3642 3949 3756 4008 nisi

2110 4044 2237 4101 sola
2265 4043 2484 4113 injuria
2505 4059 2631 4114 quae
2664 4042 2918 4113 patiente
2942 4056 3183 4112 corpore
3204 4040 3315 4110 ipsi
3341 4037 3754 4109 conjuncta,“

2112 4132 2308 4205 ipsum
2367 4131 2616 4187 recurrit
2647 4129 2920 4185 Verbum.
2954 4129 3150 4184 uicere
3183 4133 3405 4193 autem,
3435 4149 3465 4177 «
3500 4126 3754 4183 Verbum

2111 4236 2351 4293 passum
2384 4224 2473 4275 est
2500 4235 2694 4280 carne.
2730 4240 2758 4267 ››
2790 4217 3033 4273 minime
3064 4217 3347 4288 scriptum
3378 4219 3487 4282 est,
3520 4231 3586 4270 ac
3641 4215 3757 4269 im-

2110 4307 2434 4381 proprium.
2467 4306 3039 4378 incompositumque
3069 4311 3178 4371 est,
3210 4321 3317 4361 nec
3345 4303 3586 4363 aliunde
3615 4320 3757 4361 con-

2109 4396 2514 4468 sequitur.Sed
2541 4395 2680 4466 quia
2711 4395 2941 4453 nullum
2974 4394 3420 4466 blasphemandi
3444 4393 3619 4449 finem
3643 4392 3756 4449 sibi

2112 4485 2594 4559 praescripserunt
2626 4500 2639 4537 :
2674 4482 2961 4556 illudque,
2989 4503 3011 4532 ι
3046 4483 3290 4541 Passum
3322 4487 3413 4539 est
3439 4482 3755 4548 Verbum,»

2111 4574 2236 4648 pias
2265 4589 2437 4630 aures
2468 4572 2629 4630 nullo
2661 4573 2833 4629 modo
2864 4577 3199 4645 recepturos
3246 4576 3497 4639 norunt;
3546 4571 3753 4629 verbov

2110 4679 2240 4717 rum
2272 4661 2614 4719 vulneribus
2644 4660 2966 4717 remedium
2982 4660 3565 4734 apponere,addendo
3586 4656 3755 4727 illud,

2114 4771 2144 4801 ‹‹
2171 4767 2362 4815 carne,
2391 4772 2420 4801 »
2453 4766 2683 4822 aequum
2714 4753 3070 4805 censuerunt
3099 4766 3113 4804 :
3147 4765 3281 4805 cum
3312 4748 3498 4806 satius
3528 4748 3758 4817 fuisset,

2114 4855 2218 4894 nec
2245 4840 2515 4895 morbum
2546 4837 2843 4904 inducere,
2876 4853 2982 4894 nec
3015 4836 3188 4893 fallax
3217 4838 3543 4893 remedium
3592 4837 3759 4893 adhi-

2113 4932 2265 4986 bere.
2289 4927 2434 4983 Nam
2466 4927 2859 4983 absurdorum
2890 4932 3382 4991 commentorum,
3414 4925 3641 4983 nullum
3673 4943 3762 4984 re-

2112 5018 2300 5091 perire
2324 5016 2594 5088 estquod
2628 5013 2853 5072 veritati
2908 5016 2986 5071 sit
3041 5018 3585 5079 accommodatum;
3644 5014 3764 5071 imo

2114 5107 2308 5180 potius
2372 5104 2527 5160 idem
2591 5102 2936 5177 plerumque
2966 5120 3163 5159 secum
3200 5108 3441 5176 pugnat,
3476 5118 3579 5159 nec
3609 5103 3766 5174 apud

2112 5196 2294 5269 probe
2324 5195 2641 5251 sentientes
2672 5194 2846 5251 habet
2878 5195 2975 5250 ubi
3017 5193 3320 5250 consistat.
3378 5193 3578 5265 Neque
3634 5193 3762 5247 Ver-

2113 5287 2254 5341 bum
2286 5291 2376 5340 est
2404 5300 2577 5339 carne
2608 5283 2908 5356 passibile,
2939 5300 3126 5355 neque
3156 5300 3290 5340 raro
3320 5288 3409 5341 est
3438 5282 3627 5339 Verbo
3652 5282 3765 5337 im-

2113 5373 2554 5447 passibiligﬁed
2583 5379 2641 5428 et
2661 5390 2796 5429 caro
2818 5376 2989 5445 juxta
3019 5371 3315 5445 propriam
3347 5371 3460 5429 sibi
3491 5376 3765 5427 naturam

2112 5463 2449 5538 passionem
2482 5460 2828 5527 admittit,et
2846 5461 3103 5515 Verbum
3129 5476 3163 5516 a
3188 5476 3296 5515 sua
3318 5458 3648 5514 substantia
3674 5458 3762 5511 in-
