4086 6214
377 324 528 382 1367
1536 330 1602 388 S.
1649 323 2042 385 ATHANASI

2158 365 2173 381 .
2207 357 2277 367 -ο
2318 322 2627 384 SPURIA.
3638 324 3779 384 1368

371 455 700 523 separabile
730 474 863 512 cum
900 458 995 524 sit,
1024 463 1114 513 est
1146 458 1527 531 impassibile.
1578 458 1632 513 Si
1695 472 1831 528 ergo
1884 455 2024 510 Ver-

2152 455 2247 505 εῶν
2284 449 2379 505 δύο
2409 451 2472 506 τὸ
2501 450 2670 515 πάθος
2702 451 3157 530 κατεψηφίσαντο,
3186 450 3354 527 εἴπερ,
3388 453 3574 514 καθώς
3615 474 3778 529 φασιν,

373 544 510 597 bum
538 562 709 599 carne
736 546 1055 616 patitur,de
1078 564 1247 601 carne
1271 548 1409 618 quid
1439 544 1789 602 dixerimus?
1807 544 2027 598 Patitur

312 668 321 675 .
374 632 579 700 Verbo,
614 650 805 688 annon
839 634 1100 704 patitur?
1130 635 1186 689 Si
1225 653 1333 690 non
1393 637 1631 707 patitur,
1690 631 2025 704 impassibi-

372 720 507 774 litas
540 720 621 776 illi
656 722 937 776 attributa
972 723 1115 787 fuit,
1151 725 1238 778 sin
1277 728 1516 796 patitur,
1551 724 1863 792 utriusque
1894 738 2025 792 pas-

375 808 599 863 sionem
632 809 1088 877 constituerunt;
1123 811 1438 882 siquidem,
1470 820 1527 866 ut
1557 812 1742 873 aiunt,
1771 810 2024 863 Verbum

377 897 613 968 quidem
646 914 816 953 carne
850 899 1229 970 patitur,caro
1263 906 1453 955 autem
1489 900 1711 972 patitur
1742 898 1925 953 Verbo
1968 897 2027 952 in

377 983 612 1054 propria
674 993 894 1039 natura.
951 985 1058 1039 Sed
1098 986 1342 1041 fortasse
1374 988 1567 1040 dicent
1601 990 1749 1042 :Cur
1777 1001 1912 1056 ergo
1944 984 2029 1037 di-

376 1075 536 1125 ctum
581 1071 689 1125 fuit
724 1087 735 1124 :
771 1094 797 1120 ‹‹
835 1072 910 1125 Ex
944 1074 1160 1144 quibus
1203 1074 1472 1129 Christus
1531 1075 1852 1130 secundum
1907 1089 2029 1126 car-

380 1174 510 1212 nem
544 1159 616 1212 7‘?
647 1182 673 1208 ››
713 1160 807 1212 Dic
837 1160 1134 1215 Christum
1172 1169 1508 1231 passum,et
1539 1164 1738 1218 eodem
1776 1164 2033 1217 recurret

378 1263 586 1301 nomen
615 1247 936 1310 carnis.Qui
973 1250 1111 1303 dicit
1144 1254 1318 1303 Deum
1350 1249 2028 1316 Verbum,suhstantiam

380 1334 706 1404 simplicem
742 1336 1009 1406 designat
1042 1356 1054 1391 :
1094 1339 1191 1407 qui
1224 1355 1355 1392 vero
1401 1339 1698 1394 Christum
1760 1339 1921 1401 dicit,
1983 1338 2032 1391 is

381 1425 631 1477 duarum
666 1425 1134 1494 conjunctionem
1171 1433 1514 1482 naturarum
1553 1428 1827 1482 declarat.
1854 1431 2032 1497 Atque

381 1511 461 1564 ita
489 1518 877 1583 congruenter
932 1516 1209 1585 explicari
1271 1516 1391 1570 haec
1448 1517 1723 1589 loquendi
1784 1514 2036 1569 formula

386 1605 598 1670 potest,
657 1625 682 1649 ‹‹
744 1602 1012 1658 Christus
1072 1611 1160 1658 est
1219 1622 1451 1675 passus,
1515 1629 1535 1653 ι
1599 1606 1738 1677 quia
1784 1621 1889 1659 vox
1916 1604 2032 1657 hzec

388 1696 703 1762 utrumque
737 1692 910 1747 simul
944 1694 1257 1765 signiﬁcat,
1291 1702 1348 1750 et
1378 1695 1701 1767 impatibile
1757 1694 2031 1759 Verbum,

384 1785 441 1835 et
473 1780 768 1850 patibilem
804 1798 1197 1852 carnem,qua3
1226 1788 1279 1837 et
1313 1789 1555 1839 mortem
1590 1781 2035 1856 gustavit.Unde

389 1884 494 1921 nec
554 1868 769 1924 Paulus
796 1870 913 1923 ait:
946 1871 1026 1924 Ex
1059 1871 1273 1941 quibus
1310 1873 1503 1926 nudus
1543 1873 1711 1941 Deus,
1744 1871 1865 1936 sed,
1905 1890 1929 1920 ιι
1961 1870 2038 1924 Ex

387 1956 602 2027 quibus
632 1956 899 2011 Christus
930 1959 1254 2013 secundum
1290 1976 1558 2025 carnem;
1596 1982 1621 2007 η
1655 1962 1718 2013 ut
1770 1959 2040 2014 ostendat

388 2060 545 2114 eum,
569 2046 738 2116 cujus
772 2047 1060 2107 meminit.
1086 2049 1406 2103 secundum
1442 2049 1674 2119 quidem
1710 2063 1938 2102 carnem
1972 2063 2039 2101 ex

392 2132 1023 2197 Israelitis,secundum
1057 2136 1327 2190 deitatem
1362 2153 1516 2205 vero,
1547 2153 1613 2191 ex
1644 2141 1855 2191 aeterno
1912 2151 2040 2190 esse

389 2220 712 2275 Patre.Non
746 2222 890 2275 dixit
920 2240 933 2278 :
967 2223 1047 2277 Ex
1078 2223 1292 2294 quibus
1324 2224 1477 2280 Deus
1508 2241 1697 2280 carne.
1722 2225 1875 2280 Idem
1906 2239 2039 2277 vero

390 2314 448 2365 et
480 2315 538 2364 tu
573 2310 747 2375 dic,et
776 2310 845 2364 de
877 2315 979 2366 tua
1011 2313 1152 2367 mihi
1184 2314 1471 2369 sententia
1503 2313 2042 2385 persuadebiszPas-

392 2415 493 2454 sus
525 2404 613 2453 est
641 2399 906 2454 Christus
940 2402 1262 2457 secundum
1295 2419 1552 2457 carnem.
1585 2404 1643 2458 Si
1676 2418 1808 2457 vero
1860 2407 2039 2455 Deum

397 2505 568 2543 carne
624 2504 865 2559 passum
926 2506 1052 2544 esse
1099 2490 1266 2559 dicis,
1297 2492 1533 2546 erudias
1567 2508 1657 2545 me
1686 2490 1856 2545 velim
1890 2489 2040 2544 dilu-

398 2577 544 2646 cide,
579 2582 774 2631 utrum
808 2578 959 2633 idem
994 2579 1113 2633 sint
1142 2584 1287 2634 Deus
1320 2586 1375 2634 et
1407 2597 1539 2635 caro
1571 2581 1893 2635 secundum
1942 2596 2040 2632 na-

396 2670 615 2730 turam,
648 2682 718 2720 an
752 2665 905 2721 aliud
941 2672 1116 2736 atque
1147 2668 1325 2724 aliud.
1361 2669 1419 2723 Si
1450 2669 1605 2724 idem
1638 2674 1796 2733 sunt,
1833 2684 2043 2739 passus

396 2760 485 2811 est
518 2760 666 2810 Deus
700 2755 757 2809 in
790 2756 1001 2827 seipso.
1037 2756 1179 2810 Nam
1216 2774 1445 2811 carnem
1506 2758 1650 2812 dicis
1708 2757 1861 2811 idem
1917 2772 2044 2810 esse

396 2843 550 2916 quod
584 2843 736 2898 Deus
766 2843 976 2898 est.Sin
1009 2844 1165 2898 aliud
1199 2850 1255 2899 et
1285 2845 1763 2917 aliud,quomodo
1795 2845 1913 2899 haec
1946 2844 2044 2899 illo

395 2934 769 3006 patitur,cum
795 2934 987 2987 omnis
1019 2938 1281 2989 creatura
1305 2937 1497 3006 seipsa
1521 2935 1771 3007 patiatur
1794 2952 1906 2989 non
1932 2935 2045 2988 alia

394 3021 770 3078 substantia?
814 3022 996 3077 Homo
1029 3039 1141 3078 non
1178 3024 1395 3094 patitur
1426 3040 1567 3094 equo
1603 3042 1614 3079 :
1650 3041 1762 3079 non
1800 3024 2047 3078 moritur

396 3111 593 3166 anima
623 3125 794 3165 carne
827 3127 839 3162 :
874 3111 970 3165 sed
1009 3111 1255 3166 solvitur
1285 3113 1519 3183 quidem
1554 3129 1707 3174 caro,
1742 3117 2047 3183 separatur

2876 544 2903 555 ευ

2141 541 2169 594 6
2205 541 2299 612 μὲν
2365 540 2539 615 Λόγος
2590 539 2789 616 πάσχει
2838 544 2906 614 τῇ
2958 541 3134 617 σαρκὶ,
3168 543 3202 609 ἡ
3237 538 3294 595 δὲ
3325 541 3457 615 σάρξ
3490 540 3686 616 πάσχει
3716 546 3782 613 τῷ

2138 624 2303 702 Λόγῳ
2353 629 2401 683 έν
2454 633 2519 703 τῇ
2568 626 2679 699 ἰδίᾳ
2728 629 2901 706 φύσει.
2936 628 3095 683 Ἀλλ’
3144 628 3272 691 ἴσως
3306 630 3514 703 ἐροῦσι⁵
3554 635 3671 691 Πῶς
3704 632 3781 683 οὖν

2138 715 2369 790 εἷ’ρηται·
2402 743 2422 765 ιι
2460 719 2543 789 Ἐξ
2595 719 2667 771 ὧν
2714 720 2741 771 6
2782 718 3008 793 Χριστὸς
3055 717 3117 772 τὸ
3159 719 3295 772 κατά
3345 719 3561 795 σάρκα;
3598 744 3622 766 ιι
3666 718 3780 794 Λέγε

2138 807 2364 878 Χριστὸν
2424 801 2683 876 παθόντα,
2713 806 2802 860 καὶ
2862 804 3164 878 σύνδρομον
3216 807 3464 880 εὑρήσεις
3509 806 3573 861 τὸ
3622 802 3780 879 ὄνομα

2135 902 2235 964 τῆς
2268 894 2480 969 σαρκός.
2514 896 2570 947 Ὀ
2605 895 2699 968 μὶν
2734 896 2838 969 γάρ
2872 894 3035 950 εἰπὼν
3066 895 3155 949 τὸν
3196 895 3325 949 Θεὸν
3375 896 3583 970 Λόγον,
3616 895 3778 964 ἁπλῆν

2139 983 2319 1038 οὐσίαν
2366 983 2664 1055 ἐσήμανεν·
2718 986 2746 1037 6
2797 980 2855 1038 δὲ
2902 983 3320 1060 προσαγορεύων
3388 985 3651 1058 Χριστὸν,
3696 986 3781 1053 τήν

2140 1072 2417 1150 συνάφειαν
2479 1076 2583 1125 τῶν
2662 1069 2756 1126 δύο
2819 1070 3024 1150 φύσεων
3086 1072 3412 1150 ἐφανέρωσε.
3468 1074 3567 1127 Καὶ
3626 1072 3782 1134 οὕτως

2142 1161 2395 1235 ἁρμόζειν
2430 1158 2645 1215 δύναται
2676 1163 2738 1215 τὸ
2761 1159 2964 1236 λέγειν,
2987 1186 3011 1209 ‹‹
3046 1163 3277 1225 Ἐπαθεν
3311 1162 3338 1216 6
3368 1162 3627 1237 Χριστὸς,
3652 1186 3677 1211 ››
3708 1158 3784 1215 διά

2138 1252 2200 1304 τὸ
2231 1252 2327 1318 τὴν
2362 1250 2730 1325 προσηγορίαν
2763 1250 2962 1319 ταύτην
2994 1247 3172 1303 τάδύο
3201 1250 3426 1322 μηνύειν
3451 1250 3683 1322 ἄμα,καὶ
3705 1250 3781 1302 τὸν

2140 1339 2318 1407 ἀπαθῆ
2374 1338 2564 1414 λόγον,
2615 1339 2705 1392 καὶ
2760 1340 2859 1407 τήν
2909 1339 3160 1407 παθητὴν
3213 1337 3402 1412 σάρκα,
3455 1339 3557 1405 τήν
3609 1359 3784 1413 γευσα-

2146 1429 2311 1501 μένην
2388 1429 2637 1490 θανάτου.
2702 1427 2849 1483 Ἐπεὶ
2927 1427 3015 1481 καὶ
3096 1424 3332 1494 Παῦλος,
3543 1427 3640 1494 ὧν,
3699 1427 3785 1480 οὐκ

2144 1516 2279 1584 εἶπε,
2313 1516 2517 1590 γυμνὸς
2549 1517 2575 1569 ὁ
2608 1515 2760 1581 Θεὸς,
2794 1514 2920 1569 ἀλλ’
2954 1540 2979 1565 ‹‹
3015 1514 3098 1585 Ἐξ
3139 1515 3211 1568 ὧν
3271 1515 3507 1589 Χριστὸς
3554 1516 3614 1568 τὸ
3664 1515 3782 1568 κατὰ

2144 1604 2330 1680 σάρκαο
2373 1631 2391 1654 ι
2423 1602 2514 1658 ’ίνα
2549 1602 2691 1679 δείξῃ
2725 1604 2815 1657 τὸν
2852 1603 3357 1676 μνημονευόμενον,
3387 1604 3529 1658 κατὰ
3563 1604 3653 1674 μὶν
3694 1604 3779 1669 την

2145 1694 2312 1769 σάρκα
2370 1694 2429 1747 ἐκ
2499 1698 2604 1747 τῶν
2663 1693 3039 1768 Ἰσραηλιτῶν,
3098 1695 3234 1747 κατὰ
3290 1691 3348 1747 δὲ
3408 1693 3514 1761 τὴν
3575 1692 3782 1760 θεότητα

2069 1822 2114 1887 Β
2144 1781 2201 1836 ἐκ
2246 1780 2342 1837 τοῦ
2395 1782 2636 1839 αἰωνίου.
2673 1782 2899 1857 Πατρός.
2935 1784 3028 1850 Μὴ
3080 1782 3243 1839 εἶπεν.
3286 1782 3375 1852 Ἐξ
3408 1782 3482 1836 ὧν
3521 1782 3548 1835 6
3580 1781 3699 1842 Θεὸς

2148 1871 2323 1946 σαρκί.
2356 1873 2425 1925 Τὸ
2478 1871 2606 1925 αὐτὸ
2649 1872 2738 1925 καὶ
2788 1870 2849 1924 σὺ
2901 1869 3043 1946 λέγε,
3094 1871 3182 1925 καὶ
3233 1870 3516 1942 πείθομαι’
3569 1872 3780 1931 Ἐπαθεν

2149 1962 2176 2015 ὁ
2222 1959 2445 2034 Χριστὸς
2496 1959 2629 2013 κατά
2689 1959 2876 2033 σάρκα.
2929 1958 2990 2014 Εἰ
3043 1956 3099 2013 δὲ
3156 1958 3358 2032 λέγεις,
3392 1958 3479 2013 ὅτι
3538 1954 3714 2013 ἔπαθεν
3758 1959 3781 2012 ὁ

2149 2050 2275 2110 Θεὸς
2307 2052 2373 2122 τῇ
2406 2046 2582 2122 σαρκὶ,
2618 2044 2827 2118 δίδαξόν
2866 2069 2932 2120 με
2965 2052 3173 2126 σαφῶς,
3204 2043 3434 2122 πότερον
3473 2047 3636 2102 ταύτὸ
3666 2047 3782 2099 κατὰ

2150 2136 2304 2215 φύσιν
2355 2138 2483 2199 Θεὸς
2532 2137 2618 2191 καὶ
2666 2136 2813 2211 σάρξ,
2933 2134 3072 2191 ἄλλο
3120 2135 3209 2191 καὶ
3260 2134 3431 2193 ἄλλο.
3470 2136 3534 2192 Εἰ
3582 2136 3670 2208 μὲν
3702 2132 3777 2188 οὖν

2147 2225 2331 2292 ταύτὸ,
2365 2222 2552 2279 ἔπαθεν
2583 2225 2610 2278 6
2637 2226 2765 2286 Θεὸς
2800 2226 2992 2296 έαυτῷ.
3026 2226 3103 2281 Τὸ
3133 2226 3235 2300 γάρ
3268 2224 3401 2279 αύτὸ
3454 2230 3571 2295 Θεῷ
3620 2223 3777 2296 λέγεις

2147 2315 2245 2383 τὴν
2280 2315 2466 2389 σάρκα.
2504 2314 2563 2369 Ei
2595 2310 2652 2367 δέ
2678 2309 2858 2386 ἕτερον
2887 2312 2977 2366 καὶ
3007 2309 3209 2388 ἕτερον,
3241 2318 3359 2374 πῶς
3400 2318 3566 2367 τοῦτο
3616 2310 3779 2381 ἐκείνῳ

2150 2403 2369 2477 πάσχει,
2402 2404 2578 2473 πάσης
2628 2403 2835 2480 φύσεως
2889 2403 3052 2476 ἑαυτῇ
3102 2402 3455 2477 πασχούσης,
3490 2401 3597 2477 οὐχ
3644 2401 3777 2474 ἑτέρᾳ

2152 2491 2342 2564 auctu;
2375 2491 2447 2545 Οὐ
2504 2490 2702 2566 πάσχει
2756 2488 3033 2566 ἅνθρωπος
3075 2488 3254 2563 Ἱππῳο
3315 2490 3421 2545 οὐκ
3478 2490 3778 2558 ἀποθνήσκει

2151 2582 2302 2656 ψυχὴ
2359 2579 2536 2655 σαρκί·
2588 2577 2732 2633 ἀλλᾶ
2779 2576 2964 2633 λύεται
3039 2579 3131 2650 μὲν
3198 2580 3348 2651 σάρξ,
3400 2579 3687 2656 χωρίζεται
3732 2575 3780 2631 δὲ

2151 2671 2327 2745 ψυχή.
2382 2669 2597 2743 Λέγεται
2659 2664 2736 2738 δὲ,
2770 2666 2853 2721 ὅτι
2910 2666 3160 2737 τέθνηκεν
3218 2666 3533 2739 ἄνθρωπος,
3576 2668 3635 2722 τὸ
3686 2670 3776 2720 τῶν

2154 2755 2247 2812 δύο
2305 2756 2697 2830 παραστατικὸν
2774 2759 2958 2831 ψυχῆς
3022 2755 3107 2810 οιαὶ
3173 2756 3398 2830 σαρκὸς,
3456 2757 3546 2811 καὶ
3602 2761 3775 2809 νοεῖται

2152 2848 2286 2901 κατὰ
2325 2847 2387 2899 τὸ
2436 2842 2791 2921 ἐνδεχόμενον
2820 2845 3152 2914 τεθνηκέναι,
3184 2847 3328 2899 τοῦτ’
3362 2844 3499 2912 ἔστι,
3540 2845 3666 2899 κατὰ
3691 2844 3773 2910 τήν

2154 2935 2341 3009 σάρκα,
2374 2933 2462 2987 καὶ
2515 2932 2576 2987 οὐ
2625 2932 2760 2987 κατὰ
2805 2934 2903 3000 τὴν
2960 2932 3219 2996 ἀθάνατον
3253 2936 3467 3009 ψυχήν,
3502 2935 3771 3007 Τοιγαροῦν

2154 3021 2330 3083 οὐδεὶς
2392 3023 2522 3076 εἶπε³
2557 3026 2661 3075 Τοῦ
2721 3018 2894 3083 δεῖνος
2928 3024 2961 3090 ἡ
2995 3022 3148 3096 ψυχὴ
3205 3022 3438 3091 τέθνηκε
3495 3027 3562 3096 τῇ
3619 3021 3773 3095 σαρκία

2156 3110 2280 3167 ἀλλ’
2309 3111 2335 3164 6
2364 3107 2507 3164 δεῖνα
2537 3110 2842 3186 ἄνθρωπος,
2877 3111 2904 3165 6
2938 3110 2995 3164 ὲκ
3026 3113 3210 3185 ψυχῆς
3242 3110 3331 3164 καὶ
3377 3112 3630 3183 σώματος
3674 3130 3776 3164 συν-

394 3215 527 3253 vero
584 3198 800 3262 anima,
859 3203 915 3251 et
972 3204 1162 3253 tamen
1234 3199 1407 3254 homo
1475 3200 1689 3254 dicitur
1754 3205 2040 3269 mortuus,

2156 3200 2343 3260 εστώς·
2375 3200 2472 3267 τὴν
2508 3196 2565 3252 δὶ
2595 3199 2779 3273 ψυχὴν
2806 3199 2895 3253 καὶ
2932 3200 3063 3271 μετά
3102 3199 3324 3262 θάνατον
3365 3199 3585 3272 μηνύων
3618 3198 3781 3262 ἀθάνα-

397 3287 612 3358 quippe
644 3290 961 3355 utrumque
992 3287 1355 3356 significans,
1389 3289 1645 3343 animam
1679 3294 1735 3343 et
1764 3305 1995 3342 carnem
2031 3304 2043 3342 :

400 3379 667 3430 mortuus
694 3378 887 3427 autem
922 3374 1268 3445 intelligitur
1298 3380 1619 3430 secundum
1642 3377 1695 3430 id
1723 3379 1875 3449 quod
1903 3377 2047 3432 mori

399 3462 724 3536 potest,hoc
754 3467 842 3516 est
871 3464 1189 3516 secundum
1226 3470 1541 3530 carnem,et
1578 3482 1688 3519 non
1723 3468 2046 3521 secundum

401 3552 656 3607 animam
682 3549 1395 3606 immortalemNimirum
1420 3570 1589 3607 nemo
1621 3555 1763 3609 dicit
1797 3573 1808 3608 :
1841 3556 2049 3608 Anima

400 3640 708 3710 cujusdam
742 3642 972 3692 mortua
1000 3644 1086 3692 est
1118 3642 1324 3711 carne’;
1358 3642 1455 3694 sed
1494 3641 1664 3695 homo
1696 3642 1934 3712 quidam
1981 3657 2050 3695 ex

400 3728 599 3781 anima
648 3732 704 3782 et
734 3743 973 3798 corpore
1005 3732 1286 3782 constans
1318 3744 1330 3782 :
1368 3729 1574 3782 animm
1606 3734 1797 3784 autem
1833 3738 1887 3783 et
1919 3736 2051 3801 post

401 3820 646 3870 mortem
682 3815 1180 3870 immortalitatem
1217 3817 1474 3871 indicare
1507 3816 1725 3883 volens,
1777 3818 1834 3870 in
1885 3824 2047 3872 aeter-

399 3919 539 3957 num
562 3903 757 3973 justos
788 3902 976 3955 vivere
1012 3903 1175 3969 dicit,
1212 3910 1357 3958 teste
1391 3920 1557 3958 sacra
1586 3906 1900 3975 Scriptura.
1935 3907 2042 3960 Sed

398 3992 541 4046 istos
571 3990 702 4045 libri
734 3991 913 4046 divini
942 3992 1009 4045 ad
1049 4008 1230 4045 unum
1256 4008 1459 4046 omnes
1488 3992 2051 4059 condemnant.Quot

397 4082 552 4135 enim
588 4081 923 4151 prophetae?
958 4087 1097 4152 quot
1129 4081 1419 4150 apostoli?
1450 4086 1592 4151 quot
1638 4083 2049 4153 evangelista?

398 4169 699 4239 Nusquam
760 4174 953 4222 tamen
1015 4169 1353 4239 hujusmodi
1418 4187 1523 4225 vox
1581 4171 1877 4225 occurrit:
1914 4188 2047 4226 cum

399 4263 620 4326 contra,
653 4256 945 4310 Christum
982 4274 1221 4328 passum
1263 4275 1411 4323 esse,
1472 4260 1775 4330 perspicue
1833 4260 2051 4331 ubique

401 4347 700 4401 doceatur.
777 4366 801 4396 α
850 4345 1071 4399 Pascha
1122 4352 1390 4402 nostrum
1447 4364 1549 4418 pro
1581 4349 1750 4403 nobis
1783 4349 2050 4403 immola-

404 4444 498 4491 tus
529 4441 637 4501 est,
671 4434 938 4490 Christus
982 4437 1046 4489 ⁷⁵.
1082 4437 1138 4491 Si
1174 4437 1474 4508 passibilis
1506 4439 1774 4493 Christus
1806 4441 1868 4507 ⁷⁸,
1898 4441 2053 4494 Chri-

2155 3310 2269 3359 τον,
2306 3286 2379 3349 εἷς
2409 3287 2498 3341 τὸν
2530 3285 2697 3341 uiam
2724 3286 2850 3348 τοὺς
2885 3284 3127 3348 δικαίους
3161 3286 3325 3365 ἔφησε
3360 3292 3483 3362 ζῇν,
3508 3288 3579 3349 ὡς
3610 3290 3641 3357 ἡ
3675 3286 3782 3359 ὶγὶα

2160 3377 2343 3454 Γραφὴ
2381 3381 2658 3450 μαρτυρεῖ.
2690 3374 2942 3431 Ἐκείνων
2974 3372 3032 3429 δὲ
3077 3380 3220 3429 πᾶσα
3269 3375 3385 3439 θεία
3440 3372 3629 3451 βίϐλος
3673 3395 3782 3428 κατ-

2159 3471 2366 3541 ηγορεῖ.
2434 3464 2600 3518 Πόσοι
2667 3470 2980 3540 προφῆται;
3035 3464 3192 3518 πόσοι
3259 3463 3600 3533 unda-101m;
3646 3463 3783 3516 πόσοι

2159 3552 2533 3629 εὐαγγελισταί
2559 3572 2570 3620 ;
2602 3553 2691 3606 καὶ
2724 3550 2967 3625 οὐδαμοῦ
2994 3554 3119 3629 παρ’
3147 3550 3322 3607 οὐδενὶ
3352 3555 3579 3623 τοιαύτη
3628 3553 3782 3630 φωνή.

2156 3643 2225 3696 Τὸ
2275 3640 2351 3712 δὲ,
2396 3641 2621 3715 Χριστὸς
2674 3638 2854 3707 ἔπαθε,
2887 3646 3168 3717 πανταχοῦ
3218 3640 3522 3717 προδήλως
3572 3643 3781 3714 κεκήρυο

2155 3752 2296 3786 κται.
2337 3756 2357 3780 ι
2391 3731 2460 3784 Τὸ
2494 3730 2684 3804 Πάσχα
2712 3732 2870 3800 ἡμῶν
2906 3730 3037 3804 ὑπὲρ
3074 3733 3235 3803 ἡμῶν
3272 3729 3437 3801 ἐτύθη
3471 3729 3702 3804 Χριστός.
3730 3725 3783 3782 Εἴ

2157 3818 2392 3885 παθητὸς
2419 3820 2444 3873 6
2472 3819 2720 3889 Χριστὸς,
2753 3818 2985 3892 Χριστὸς
3011 3818 3267 3873 ἀπέθανεν
3307 3820 3441 3895 ὑπὶρ
3472 3825 3575 3873 τῶν
3625 3820 3781 3889 ἆμαρ-

2155 3913 2284 3963 τιῶν
2318 3911 2475 3981 ἡμῶν
2525 3906 2661 3961 κατὰ
2690 3907 2782 3968 τὰς
2816 3908 3048 3984 Γραφάς.
3084 3932 3112 3958 ››
3160 3912 3213 3960 '0
3245 3909 3474 3981 σταυρὸς
3531 3911 3622 3962 τοῦ
3666 3911 3778 3980 Χρι-

2157 4002 2306 4065 στοῦ,
2338 3997 2399 4050 τὸ
2458 4001 2616 4068 σῶμα
2671 4000 2765 4049 τοῦ
2814 4000 3067 4071 Χριστοῦ,
3107 3996 3170 4050 τὸ
3219 3997 3353 4068 αἷμα
3401 4002 3498 4051 τοῦ
3545 3996 3776 4070 Χριστοῦ.

2164 4089 2281 4147 Πῶς
2312 4084 2402 4139 οῦν
2432 4089 2687 4139 τοσοῦτον
2719 4082 2879 4162 νέφος
2924 4083 3208 4161 μαρτύρων
3259 4086 3674 4161 παρατρέχουσι,
3704 4078 3779 4135 καὶ

2156 4176 2255 4243 τὴν
2310 4171 2447 4227 ἰδίαν
2494 4172 2769 4236 αὐθεντῖαν
2828 4180 2927 4240 τῆς
2981 4177 3077 4227 τοῦ
3128 4172 3442 4244 Πνεύματος
3492 4168 3781 4245 νομοθεσίας

2161 4261 2459 4338 ἔμπροσθεν
2493 4260 2682 4336 ἄγουσι
2712 4281 2725 4328 ;
2758 4261 3208 4334 κατατολμῶντες
3239 4269 3338 4331 τῆς
3395 4265 3606 4338 βοώσης
3654 4260 3779 4313 ἐντοο

2162 4351 2286 4420 λῆς·
2324 4378 2348 4402 ‹‹
2384 4352 2469 4419 Μὴ
2508 4349 2725 4423 μέταιρε
2769 4350 2891 4425 ὅρια
2936 4350 3152 4419 αἰώνια,
3183 4350 3215 4403 ἃ
3247 4349 3429 4406 ἔθεντο
3479 4354 3529 4405 οἱ
3583 4348 3781 4420 πατέρες

2162 4460 2278 4493 σου*
2317 4464 2343 4489 ι»
2398 4441 2471 4511 μὴ
2532 4438 2913 4514 προσέχοντες,
2948 4438 3029 4493 ὅτι
3085 4439 3174 4492 καὶ
3232 4444 3339 4493 τῶν
3396 4441 3530 4493 κατά
3587 4439 3779 4491 Νίκαιαν

403 4531 531 4581 stus
592 4529 859 4579 mortuus
913 4531 1001 4579 est
1059 4543 1160 4597 pro
1194 4528 1445 4597 peccatis
1478 4529 1696 4582 nostris
1728 4532 2042 4585 secundum

2167 4528 2329 4603 ἁγίων
2366 4528 2615 4602 Πατέρων
2668 4528 2868 4598 ὸὶερὸς
2927 4528 3017 4581 καὶ
3070 4527 3237 4601 μέγας
3297 4528 3469 4603 χορὸς
3523 4527 3647 4600 μετά
3695 4523 3778 4589 τὴν

401 4614 733 4686 Scripturas
762 4614 825 4666 ⁷⁷.
863 4636 889 4661 ››
922 4614 1071 4667 Crux
1102 4614 1339 4674 Christi.
1374 4632 1586 4686 corpus
1631 4616 1865 4684 Christi,
1916 4635 2051 4673 san-

403 4705 536 4775 guis
592 4701 826 4757 Christi.
888 4704 1008 4765 Quo
1079 4705 1255 4772 igitur
1323 4706 1494 4758 modo
1556 4710 1773 4759 tantam
1812 4708 2050 4762 testium

400 4793 628 4852 turbam
662 4796 1026 4860 prmtereunt,
1062 4799 1116 4844 et
1147 4807 1312 4845 suam
1351 4793 1610 4862 ipsorum
1645 4795 2050 4849 auctoritatem

401 4881 553 4935 504
578 4879 690 4950 legi
723 4876 977 4948 Spiritus
1011 4880 1426 4949 anteponunt?
1457 4881 1568 4935 vim
1610 4882 1886 4937 iacientes
1920 4902 2051 4954 prae-

397 4973 561 5039 cepto
602 4966 876 5020 clamanti
905 4983 917 5019 :
946 4990 970 5013 ‹‹
1006 4966 1084 5020 Ne
1117 4969 1563 5039 transgrediaris
1596 4972 1877 5025 terminos
1909 4972 2053 5025 anti-

395 5073 717 5128 quos,quos
752 5062 1071 5125 posuerunt
1103 5062 1295 5125 patres
1329 5058 1412 5111 tui
1445 5058 1523 5111 ⁷⁸ε
1560 5080 1586 5108 »ι
1615 5076 1719 5113 nec
1750 5061 2053 5115 attonden-

394 5150 501 5211 tes,
535 5160 767 5200 sacrum
804 5142 969 5197 illum
1004 5152 1059 5198 et
1122 5160 1395 5215 magnum
1457 5145 1692 5200 Patrum
1748 5148 1803 5200 in
1863 5148 2052 5202 Nicaaa

394 5235 662 5299 chorum,
714 5238 845 5302 post
874 5234 969 5287 Dei
1002 5240 1058 5287 et
1095 5232 1279 5287 Patris
1311 5234 1738 5288 confessionem
1771 5237 2049 5290 continuo

398 5340 607 5379 nomen
643 5322 872 5377 Domini
904 5320 1041 5375 Jesu
1079 5323 1380 5392 posuisse:
1413 5322 1517 5375 «Et
1550 5324 1605 5375 in
1642 5340 1822 5377 unum
1857 5326 2049 5378 Domi-

399 5429 536 5467 num
567 5413 765 5466 Jesum
793 5409 1124 5474 Christum;
1164 5432 1189 5457 ι»
1220 5417 1276 5463 et
1320 5410 1507 5463 eidem
1570 5425 1794 5481 postea,
1853 5398 2050 5483 utpote

471 5630 515 5665 ⁷⁵
548 5629 713 5685 Rom.
747 5645 826 5698 ιχ,
859 5630 910 5683 5.
985 5628 1030 5662 ⁷⁵
1062 5628 1082 5681 Ι
1114 5627 1238 5682 Cor.
1271 5644 1326 5693 v,
1353 5627 1407 5681 7.
1485 5628 1528 5661 ⁷⁸
1561 5631 1687 5683 Act.
1720 5645 1872 5697 xm,
1902 5630 1993 5686 23.

2069 5632 2111 5665 ⁷⁷
2143 5630 2165 5686 Ι
2195 5634 2320 5686 Cor.
2350 5648 2443 5696 xv,
2474 5631 2526 5685 3.

2162 4621 2258 4670 τοῦ
2291 4620 2423 4671 Θεοῦ
2455 4615 2542 4669 καὶ
2576 4616 2784 4688 Πατρὸς
2824 4614 3122 4691 ὁμολογίαν
3176 4615 3331 4680 εὐθὺς
3370 4616 3515 4687 ἔταξε
3543 4616 3600 4670 τὸ
3629 4609 3780 4681 ὄνομα

2160 4710 2257 4759 τοῦ
2309 4704 2576 4759 Δεσπότου
2626 4706 2880 4777 Χριστοῦ·
2914 4730 2939 4756 ι(
2975 4705 3069 4757 Καὶ
3121 4705 3195 4766 εἷς
3243 4702 3335 4759 ἕνα
3376 4707 3565 4781 Κύριον
3595 4703 3776 4771 Ἰησοῦν

2164 4793 2413 4867 Χριστόνθ
2452 4818 2477 4840 ι»
2527 4793 2620 4845 εἶθ’
2679 4793 2848 4853 οὕτως
2909 4792 3179 4868 ὒπήγαγον
3238 4793 3303 4847 τά
3352 4815 3410 4848 τε
3468 4791 3642 4867 ὑψηλά
3692 4795 3777 4853 τῆς

2162 4881 2439 4951 θεότητος,
2472 4881 2538 4934 τά
2566 4901 2623 4933 τε
2655 4880 2981 4952 οἰκονομικὰ
3008 4888 3109 4949 τῆς
3142 4882 3331 4936 ἑαυτοῦ
3371 4881 3776 4957 ἀνθρωπότητος,

2162 4970 2235 5031 ὡς
2264 4969 2464 5023 τούτου
2500 4969 2663 5041 μόνου
2706 4973 2804 5023 τοῦ
2855 4969 3123 5041 ὀνόματος
3169 4970 3382 5033 οἶκείως
3428 4973 3513 5025 καὶ
3564 4964 3774 5043 προσφό-

2166 5076 2272 5130 ρως
2302 5058 2368 5111 τά
2416 5054 2646 5133 διάφορα
2695 5054 3018 5131 δεχομένου,
3050 5059 3184 5112 κατά
3240 5060 3337 5126 τὴν
3391 5064 3484 5114 τοῦ
3544 5053 3775 5129 μακαρίου

2165 5144 2383 5199 Παύλου
2414 5148 2621 5221 φωνήν
2660 5172 2682 5195 ι(
2717 5144 2979 5216 Θεμέλιον
3013 5145 3180 5201 ἄλλον
3227 5145 3402 5209 οὐδεὶς
3435 5146 3640 5201 δύναται
3684 5145 3773 5203 θεῖ·

2160 5254 2242 5286 ναι
2301 5234 2446 5308 παρά
2493 5234 2583 5287 τὸν
2630 5233 2900 5305 κείμενον,
2934 5234 2992 5295 ὃς
3044 5234 3181 5288 ἐστιν
3231 5238 3440 5303 Ἰησοῦς
3500 5226 3769 5309 Χριστός.»

2161 5323 2249 5390 Μή
2282 5321 2347 5391 δὴ
2398 5321 2811 5394 καταλείψωμεν
2870 5324 2959 5375 τὸν
3010 5322 3284 5395 θεμέλιον,
3318 5325 3378 5385 ὃς
3432 5324 3629 5377 πάντων
3678 5316 3768 5371 ἐστὶ

2163 5408 2405 5472 δεκτικὸς
2437 5413 2556 5464 καθ’
2588 5410 2838 5484 ἑκατέραν
2860 5411 3038 5487 φύσιν,
3068 5414 3167 5481 τήν
3200 5432 3257 5465 τε
3288 5409 3462 5481 δόξαν,
3492 5412 3550 5465 τό
3584 5429 3635 5461 τε
3676 5403 3762 5459 πά·

2603 5631 2645 5665 "
2672 5630 2838 5686 Prov.
2870 5647 3007 5700 χχιι,
3036 5631 3126 5685 28.
