4086 6214
280 367 435 428 1369

1024 367 1683 431 CONFUTATIONES
1730 368 2234 438 QUARUMDAM
2287 370 2945 431 PROPOSITIONUM.

3533 376 3688 434 13⁸10

280 508 373 560 θος
416 494 692 566 ἀληθινῶς
737 486 1117 571 προσιέμενος.
1179 500 1302 555 Ἐὰν
1364 496 1515 572 εἷ’πῃς
1561 500 1690 555 Θεὸν
1744 498 1919 571 μόνον,

2047 502 2198 571 quod
2224 518 2406 556 unum
2444 510 2575 573 apte
2605 509 2662 556 et
2688 503 2991 558 commode
3022 503 3249 557 diversa
3281 504 3337 557 in
3372 521 3432 558 se
3465 506 3685 576 recipe-

280 589 386 639 ποῦ
414 586 521 638 τῶν
555 586 743 649 παθῶν
775 583 1227 659 ἐποικοδομήσεις
1276 590 1373 656 τήν
1427 588 1654 663 χρείαν;
1707 586 1791 641 ἐὰν
1854 585 1924 640 εἷ’-

281 695 384 746 πῃς
436 670 720 748 ἄνθρωπον
778 671 963 747 μόνον,
1023 680 1128 729 ποῦ
1172 683 1268 746 τῆς
1320 675 1707 746 ἀκαταλήπτου
1765 673 1925 745 δόξης

282 764 559 832 ἐπιθήσεις
588 762 679 816 τὸν
702 762 940 818 πλοῦτον
966 783 978 831 ;
1010 762 1186 819 Ἀλλά
1228 766 1458 839 Χριστὸν
1506 765 1685 840 λέγειν
1732 764 1923 820 καλόν·

280 854 347 925 τῇ
386 852 478 923 μὲν
513 850 728 920 θεότητι
758 853 858 919 τήν
902 849 1056 922 δόξαν
1104 854 1504 929 καρπούμενον,
1552 858 1621 927 τῇ
1670 854 1928 927 ἠνωμὲνῃ

282 936 340 993 δὲ
371 938 747 1015 ἀνθρωπότητι
776 941 839 994 τὸ
869 942 1042 1005 πάθος
1074 940 1396 1017 δεχόμενον,
1426 947 1495 1017 τῇ
1528 941 1585 997 δὲ
1634 943 1928 1018 ἀχωρίστῳ

277 1027 464 1081 ὲνώσει
522 1034 624 1081 πᾶν
687 1032 866 1100 θαῦμα
916 1032 1398 1104 κατεργαζόμενον,
1442 1038 1543 1085 πᾶν
1592 1028 1765 1105 δῶρον
1808 1036 1925 1093 τοῖς

274 1121 490 1178 πιστοῖς
542 1116 932 1191 χαριζόμενον.
988 1119 1142 1173 Οὕτω
1201 1118 1468 1174 δείκνυται
1515 1120 1606 1175 καὶ
1662 1120 1725 1173 τὸ
1782 1126 1923 1182 θεῖον

271 1205 494 1272 ἀπαθὲς,
540 1205 631 1260 καὶ
690 1206 753 1260 τὸ
798 1207 969 1270 πάθος
1018 1206 1299 1277 ἀληθινὸν,
1346 1208 1435 1263 καὶ
1473 1209 1537 1264 τὸ
1566 1206 1757 1284 κέρδος
1815 1213 1922 1262 τῶν

275 1294 576 1367 ἀνθρώπων
627 1294 831 1364 κοινὸν,
882 1294 972 1350 καὶ
1023 1296 1051 1349 ὁ
1084 1295 1245 1371 λόγος
1303 1304 1404 1366 τῆς
1438 1297 1694 1367 ἀληθείας
1727 1298 1922 1374 σαφὴς,

273 1381 365 1435 καὶ
413 1382 440 1435 ὁ
499 1381 751 1455 θεμέλιος
798 1390 897 1453 τῆς
951 1381 1298 1447 διδασκαλίας
1346 1385 1664 1452 ἀσάλευτος,
1708 1386 1924 1441 καὶτοῦ

279 1470 581 1543 μυστηρίου
637 1473 700 1526 τὸ
769 1472 989 1548 μέγεοος
1048 1468 1285 1545 ἔνδοξον,
1331 1476 1420 1529 καὶ
1470 1476 1533 1529 τὸ
1583 1477 1762 1547 Θαῦμα
1824 1481 1924 1543 τῆς

276 1558 645 1633 ἀρχαιότητος
673 1560 1005 1631 ἀξιόπιστον,
1037 1563 1125 1617 καὶ
1174 1564 1237 1617 τὸ
1285 1561 1492 1625 κάλλος
1535 1571 1635 1632 τῆς
1699 1561 1923 1634 ὀρθοδο-

276 1647 388 1720 ξίας
420 1647 727 1718 ἀνόθευτον,
759 1650 845 1704 καὶ
877 1651 940 1705 τὸ
981 1653 1237 1727 κήρυγμα
1281 1656 1389 1707 τῶν
1447 1652 1614 1726 ἁγίων
1673 1652 1922 1706 ἁπάντων

275 1736 584 1814 σύμφωνον.
618 1740 686 1792 Τὸ
718 1736 775 1793 δὲ
806 1738 983 1813 λέγειν
1031 1742 1127 1808 τήν
1166 1742 1394 1812 μηδὲπω
1427 1741 1679 1815 ῥηθεῖσαν
1715 1742 1921 1819 φωνὴν,

274 1825 363 1879 καὶ
423 1826 824 1899 ἀναθεματίζειν
879 1830 1135 1898 ἅπαντας,
1196 1830 1322 1892 τοὺς
1383 1831 1457 1903 μή
1514 1830 1760 1892 εἰπόντας
1794 1831 1919 1884 Θεὸν
1952 1866 2000 1929 Β

285 1920 296 1929 .
330 1912 341 1929 ν
584 1914 636 1929 ,ι
936 1916 947 1929 .
1098 1922 1124 1929 _
1284 1917 1290 1923 .
1397 1917 1407 1929 .
1649 1918 1660 1929 .
1738 1922 1763 1929 α
1862 1922 1887 1929 _

273 1912 443 1988 Δόγον
498 1914 737 1977 παθόντα
795 1916 973 1986 σαρκὶ,
1031 1922 1191 1971 τοῦτο
1242 1917 1299 1971 ου
1340 1917 1503 1989 μόνον
1538 1918 1672 1971 κατά
1697 1922 1803 1971 τῶν
1833 1922 1921 1971 νῦν

270 2001 568 2077 ἀνθρώπων
620 2003 764 2078 φέρει
809 2003 871 2057 τὸ
931 2003 1148 2079 θράσος,
1200 2002 1326 2060 ἀλλ’
1358 2002 1467 2076 ἤδη
1500 2005 1588 2059 καὶ
1620 2007 1757 2059 κατά
1789 2007 1921 2060 πάν-

269 2112 378 2145 των
428 2096 537 2145 τῶν
588 2092 678 2145 ἀπ’
728 2093 926 2155 αἰῶνος
978 2094 1231 2169 κηρύκιον
1264 2094 1351 2148 καὶ
1386 2091 1724 2149 διδασκάλων
1756 2094 1923 2149 ἆκτεί-

270 2199 378 2233 νειν
408 2180 507 2247 τήν
551 2179 784 2253 τόλμαν.
836 2181 997 2236 Ἱνατί
1049 2180 1104 2236 δὲ
1128 2182 1216 2236 καὶ
1246 2183 1506 2259 φεύγουσι
1535 2183 1598 2237 τὸ
1630 2178 1799 2255 ὄνομα
1827 2187 1923 2237 τοῦ

275 2266 551 2321 Δεσπότου
609 2270 863 2345 Χριστοῦ,
916 2270 996 2348 ἐφ’
1054 2272 1099 2344 ᾧ
1157 2270 1424 2326 πιστεύειν
1486 2270 1921 2344 ἐκελε·3σθημεν;

278 2355 570 2411 Πίστευσον
608 2357 694 2412 ἐπὶ
725 2359 812 2413 τὸν
853 2359 1047 2435 Κύριον
1083 2362 1288 2431 Ἰησοῦν
1325 2361 1575 2436 Χριστὸν,
1607 2359 1693 2413 καὶ
1746 2362 1922 2430 σωθή-

276 2466 362 2519 σῃ.
414 2446 539 2501 Ἐπὶ
595 2446 774 2519 τούτῳ
820 2452 899 2519 τῷ
947 2447 1173 2519 ὀνόματι
1230 2448 1326 2510 τὰς
1376 2446 1600 2509 ἐλπίδας
1648 2446 1792 2522 ἔχειν
1824 2456 1923 2518 τῆς

278 2532 553 2609 σωτηρίας
604 2532 793 2592 καλόν.
844 2534 983 2592 Οὐδὲ
1034 2536 1133 2613 γάρ
1191 2537 1331 2592 ἐστιν
1382 2532 1557 2609 ὄνομα
1605 2533 1787 2611 ἕτερον
1822 2536 1924 2590 ὑπὸ

274 2621 371 2677 τὸν
428 2622 652 2695 οὐρανὸν
710 2625 772 2678 τὸ
818 2622 1108 2697 δεδομένον
1166 2626 1217 2680 ἐν
1265 2625 1591 2701 ἀνθρώποις,
1641 2625 1691 2678 ἐν
1748 2626 1793 2696 ᾧ
1844 2621 1926 2678 δεῖ

276 2713 520 2781 σωθῆναι
568 2715 737 2785 ἡμᾶς.
786 2739 813 2765 ‹‹
855 2717 942 2767 Ἐν
975 2719 1053 2787 τῷ
1081 2714 1307 2786 ὀνόματι
1343 2716 1521 2785 Ἰησοῦ
1554 2716 1788 2788 Χριστοῦ
1819 2718 1921 2767 πᾶν

273 2799 409 2874 γόνυ
480 2799 704 2873 κάμψει,
768 2800 1095 2875 ἐπουρανίων
1153 2803 1242 2857 καὶ
1300 2801 1550 2877 ἐπιγείων
1609 2803 1698 2857 καὶ
1756 2823 1915 2857 κατα-

272 2888 534 2963 χθονίων,
583 2890 671 2943 καὶ
725 2896 868 2944 πᾶσα
916 2889 1138 2964 γλῶσσα
1188 2891 1667 2963 ἐξομολογήσεται,
1704 2889 1922 2944 6'1:th-

272 2996 391 3049 ριος
424 2978 638 3048 Ἰησοῦς
672 2980 908 3052 Χριστὸς
958 2979 1033 3040 εἷς
1084 2977 1238 3050 δόξαν
1275 2980 1501 3055 Πατρός.
1542 3005 1562 3029 ιι
1599 2980 1774 3041 Αὐτὸς
1803 3001 1921 3052 κρι-

266 3067 371 3133 τής
432 3068 645 3134 ζώντων
706 3069 794 3122 καὶ
838 3072 1067 3138 νεκρῶν·
1114 3068 1272 3123 αὐτόν
1328 3068 1642 3123 ἐπεκαλεῖτο
1673 3066 1923 3123 τελειοῦ-

274 3174 438 3226 μενος
499 3156 782 3233 Στέφανος·
848 3180 875 3206 α
936 3156 1097 3233 Κύριε
1152 3159 1331 3228 Ἰησοῦ
1382 3158 1597 3229 Χριστὶ,
1658 3154 1919 3226 δέξαιητὸ

267 3244 487 3316 πνεῦμά
546 3227 672 3316 μου.
726 3245 818 3305 Εἷς
869 3227 1064 3319 Κύριος
1108 3227 1317 3316 Ἰησοῦς
1360 3227 1613 3320 Χριστὸς,
1667 3243 1737 3299 δι’
1763 3244 1825 3299 οῦ
1854 3246 1920 3300 τὰ
1948 3227 1990 3295 C

268 3331 464 3387 πάντα.
530 3354 552 3384 ι
616 3332 787 3393 Αὐτὸς
843 3334 1060 3406 Σωτὴρ,
1124 3332 1282 3395 αὐτὰς
1315 3335 1631 3408 Λυτρωτής·
1686 3333 1916 3404 Χριστὸς

265 3419 337 3473 τὰ
365 3421 552 3473 πάντα.
583 3419 643 3473 Τί
676 3420 932 3498 φεύγουσι
963 3423 1024 3475 τὸ
1055 3420 1440 3489 πολυπόθητον
1490 3416 1701 3492 ὄνομα;
1749 3425 1917 3474 Τοῦτο

263 3509 363 3568 τὰς
394 3507 580 3570 νόσους
616 3508 838 3578 ἤλασεν
873 3535 900 3560 (ι
939 3511 1022 3565 Ἐν
1056 3514 1133 3580 τῷ
1178 3509 1404 3581 ὀνόματι
1457 3510 1636 3579 ἰησοῦ
1687 3513 1917 3579 Χριστοῦ

265 3594 468 3671 ἔγειραι
498 3597 586 3652 καὶ
636 3598 941 3674 περιπάτει,
999 3621 1019 3647 ‹
1070 3603 1237 3651 Τοῦτο
1266 3597 1394 3659 τοὺς
1427 3595 1685 3670 δαίμονας
1719 3597 1915 3675 ἐφυγά-

265 3682 441 3740 δευσε·
500 3712 519 3737 ι
577 3685 953 3761 Παραγγέλλω
999 3708 1081 3741 σοι
1126 3686 1175 3741 ἐν
1210 3686 1436 3758 ὀνόματι
1470 3688 1653 3756 Ἰησοῦ
1683 3688 1917 3761 Χριστοῦ

262 3777 363 3826 τοῦ
396 3772 697 3847 Ναζαραίου
730 3774 960 3844 ἐξελθεῖν
994 3774 1086 3828 ἀπ’
1115 3774 1301 3843 αὐτῆς.
1336 3798 1365 3825 ››
1417 3778 1538 3835 Πῶς
1594 3772 1707 3839 οὖν,
1758 3778 1915 3828 τοῦτο

263 3860 655 3924 καταλιπόντες
720 3863 794 3924 ὡς
862 3863 1160 3935 ἀπαρέσκον
1211 3863 1418 3930 αὐτοῖς,
1472 3863 1533 3917 τὸ
1582 3864 1709 3938 παρ’
1740 3860 1916 3917 οὐδενὶ

262 3954 376 4003 τῶν
434 3951 600 4025 ἁγίων
654 3952 906 4022 κείμενον
963 3952 1252 4017 τεθείκασι,
1311 3954 1393 4019 τὸ,
1450 3954 1511 4008 Ὁ
1546 3951 1714 4026 Λόγός
1756 3948 1917 4015 ἔπαθε

268 4038 456 4111 σαρκί;

2039 593 2144 655 ret,
2177 595 2301 645 tum
2337 589 2614 645 sublimia
2644 592 2897 653 deitatis,
2931 596 3055 645 tum
3089 593 3443 647 mconomica
3474 592 3688 648 huma—

2038 678 2244 733 nitatis
2277 678 2963 749 applicasse,secundum
2998 680 3111 733 divi
3144 680 3302 734 Pauli
3336 682 3689 736 sententiam

2040 764 2202 819 illam
2241 783 2302 821 τι(
2339 768 2808 822 Fundamentum
2845 768 2999 822 aliud
3036 785 3247 839 ponere
3280 786 3448 824 nemo
3479 776 3691 841 potest,

2040 859 2247 924 praeter
2277 855 2333 908 id
2365 857 2518 926 quod
2555 856 2810 926 positum
2843 862 2951 922 est,
2989 858 3141 927 quod
3189 863 3279 911 est
3304 858 3477 913 Jesus
3525 858 3692 913 Chri-

2039 946 2165 997 stus
2218 944 2283 998 79.
2341 965 2368 992 ››
2413 944 2494 998 Ne
2544 944 2947 1015 relinquamus
2997 945 3479 1011 fundamentum,
3534 950 3689 1018 quod

2039 1032 2305 1087 omnium
2340 1038 2429 1087 est
2458 1048 2658 1103 capax,
2694 1033 3017 1088 secundum
3053 1042 3360 1105 utramque
3392 1040 3688 1107 naturam,

2039 1123 2280 1193 gloriam
2315 1128 2371 1178 et
2403 1123 2736 1194 passionem
2768 1140 2900 1178 vere
2951 1125 3350 1180 admittentes.
3385 1125 3443 1180 Si
3474 1127 3689 1182 dixeris

2039 1211 2222 1266 Deum
2274 1212 2487 1279 solum,
2522 1213 2816 1282 quomodo
2847 1213 2895 1267 ei
2948 1214 3242 1284 passionis
3276 1214 3685 1270 necessitatem

2036 1300 2399 1371 superstruis
2422 1300 2450 1353 ‘P
2483 1301 2531 1353 si
2560 1300 2776 1355 dixeris
2808 1302 3100 1356 hominem
3136 1301 3349 1368 solum,
3395 1304 3687 1373 quomodo

2036 1388 2085 1442 ei
2110 1389 2728 1459 incomprehensibilis
2749 1388 2945 1460 gloria:
2967 1389 3200 1445 divitias
3223 1390 3463 1459 adjicies
3484 1390 3510 1444 ?
3526 1390 3688 1445 Chri-

2037 1481 2194 1531 stum
2221 1492 2353 1531 vero
2373 1476 2699 1531 rectissime
2723 1478 2958 1542 dixeris,
2992 1477 3176 1548 gloria
3205 1478 3438 1549 quidem
3475 1494 3685 1533 secun-

2037 1565 2177 1618 dum
2210 1565 2481 1619 deitatem
2512 1566 3159 1637 fruentem,passionem
3194 1583 3328 1622 vero
3360 1568 3685 1622 secundum

2036 1652 2258 1707 unitam
2287 1654 2711 1708 humanitatem
2738 1655 3178 1726 suscipientem:
3211 1656 3460 1727 denique
3484 1672 3682 1710 secun-

2035 1741 2176 1795 dum
2210 1741 2658 1813 inseparabilem
2693 1743 2967 1797 unionem
3004 1744 3202 1797 omnia
3236 1744 3517 1798 miracula
3549 1761 3684 1815 ope-

2037 1830 2493 1895 rantem,omnia
2524 1831 2675 1886 dona
2702 1831 2971 1886 ﬁdelibus
2994 1834 3547 1887 communicantem.
3570 1834 3686 1887 Hac

2038 1920 2259 1973 ratione
2291 1924 2345 1972 et
2393 1920 2628 1973 deitatis
2661 1919 3130 1990 impassibilitas,
3165 1926 3221 1975 et
3269 1921 3562 1992 passionis
3591 1938 3683 1975 ve-

2037 2006 2267 2071 ritas,et
2289 2008 2623 2062 communis
2649 2009 2951 2062 hominum
2978 2008 3201 2064 utilitas
3227 2010 3683 2064 demonstratur.

2039 2098 2220 2167 Atque
2250 2095 2333 2149 ita
2382 2102 2470 2150 est
2522 2097 2783 2152 veritatis
2830 2114 3023 2152 sermo
3074 2098 3439 2169 perspicuus,
3476 2098 3686 2153 funda-

2036 2188 2299 2238 mentum
2360 2185 2633 2238 doctrina:
2684 2185 3123 2251 inconcussum,
3160 2187 3504 2257 magnitudo
3556 2204 3682 2259 my-

2036 2271 2196 2326 sterii
2247 2270 2495 2327 illustris
2530 2290 2542 2327 :
2578 2273 2887 2328 admiratio
2938 2274 3305 2344 antiquitatis
3340 2275 3451 2329 {ide
3482 2275 3683 2346 digna,

2034 2358 2411 2431 pulchritudo
2462 2360 2790 2415 orthodoxa:
2838 2361 3113 2415 doctrinae
3154 2364 3511 2433 incorrupta,
3538 2379 3684 2417 con-

2034 2450 2295 2504 sentiens
2326 2448 2578 2519 denique
2599 2452 2861 2503 omnium
2889 2455 3226 2504 sanctorum
3254 2451 3686 2523 praedicatio.At

2034 2536 2358 2591 inauditam
2385 2553 2579 2591 vocem
2608 2538 2946 2608 proferre,et
2969 2540 3341 2594 anathemate
3368 2540 3536 2594 ferire
3561 2557 3682 2608 eos,

2035 2625 2136 2697 qui
2167 2624 2346 2680 Deum
2396 2641 2568 2679 carne
2600 2631 2815 2697 negant
2865 2642 3123 2696 passum,
3157 2627 3213 2681 id
3268 2644 3399 2682 vero
3432 2634 3521 2682 est
3567 2645 3682 2684 non

2036 2719 2245 2768 [108th
2294 2714 2577 2767 duntaxat
2607 2714 2795 2769 aetatis
2824 2714 3093 2769 homines
3137 2716 3467 2785 petulanter
3493 2717 3681 2786 impe-

2032 2807 2173 2865 tere,
2235 2803 2333 2856 sed
2389 2818 2594 2857 omnes
2651 2803 2915 2857 omnium
2977 2808 3211 2858 aetatum
3272 2821 3566 2875 praecones
3622 2808 3683 2860 et

2033 2890 2296 2944 doctores
2348 2891 2627 2945 audacter
2679 2891 3087 2946 condemnare.
3122 2894 3236 2947 Cur
3285 2909 3415 2946 vero
3464 2908 3677 2946 nomen

2032 2978 2247 3033 Christi
2282 2977 2511 3032 Domini
2547 2978 2798 3044 fugiunt,
2832 2979 2889 3032 in
2924 2980 3079 3049 quod
3104 2980 3259 3049 jussi
3312 2997 3521 3034 sumus
3552 2997 3677 3035 cre-

2032 3067 2210 3122 dere?
2238 3067 2417 3121 Crede
2451 3068 2507 3120 in
2542 3066 2855 3121 Dominum
2886 3068 3090 3122 Jesum
3124 3068 3442 3135 Christum,
3475 3073 3531 3124 et
3561 3068 3676 3123 sal-

2030 3173 2137 3210 vus
2165 3155 2370 3209 eris.ln
2405 3156 2511 3209 hoc
2543 3171 2776 3222 nomen,
2811 3156 3116 3226 pulchrum
3153 3163 3241 3211 est
3270 3158 3480 3211 salutis
3511 3173 3675 3228 spem

2029 3243 2467 3315 ponere.Neque
2484 3244 2636 3298 enim
2663 3242 2819 3298 aliud
2843 3260 3052 3299 nomen
3083 3243 3266 3299 ullum
3290 3250 3378 3299 est
3398 3245 3507 3300 sub
3531 3245 3675 3300 coelo

2030 3333 2369 3387 horninibus
2397 3348 2499 3403 per
2529 3335 2679 3402 quod
2718 3333 2979 3387 salvaudi
3013 3333 3200 3387 simus
3235 3350 3247 3387 :
3285 3355 3313 3383 ‹‹
3346 3335 3406 3387 in
3442 3333 3675 3388 nomine

2028 3420 2258 3474 Domini
2311 3420 2447 3474 Jesu
2483 3420 2693 3474 Christi
2746 3436 2918 3475 omne
2948 3437 3099 3488 genu
3151 3422 3435 3485 flectatur,
3469 3421 3672 3476 ccelea-

2028 3511 2199 3579 tium,
2236 3508 2598 3563 terrestrium
2651 3515 2706 3562 et
2736 3508 3121 3574 infernarum,
3154 3516 3211 3564 et
3242 3511 3435 3563 omnis
3474 3509 3677 3581 lingua

2027 3596 2553 3667 confiteatur,quia
2586 3598 2867 3651 Dominus
2898 3598 3072 3652 Jesus
3101 3598 3367 3652 Christus
3400 3598 3455 3651 in
3489 3597 3677 3667 gloria

2027 3691 2117 3741 est
2148 3686 2334 3740 Patris
2359 3686 2422 3738 ⁸ο.
2461 3709 2480 3732 ι
2520 3685 2647 3756 Ipse
2670 3686 2851 3755 judex
2904 3691 2993 3739 est
3015 3686 3278 3740 vivorum
3311 3691 3367 3739 et
3415 3690 3674 3740 mortuo-

2031 3792 2158 3828 rum
2188 3790 2200 3828 :
2239 3775 2428 3842 ipsum
2464 3772 2788 3839 invocabat,
2826 3790 2957 3827 cum
2982 3775 3108 3841 jam
3140 3777 3672 3840 consummaretur,

2027 3862 2358 3935 Stephanus
2393 3879 2404 3915 :
2442 3886 2466 3911 α
2510 3862 2749 3916 Domine
2777 3862 2916 3916 Jesu
2961 3861 3202 3929 Christe,
3238 3861 3468 3932 suscipe
3501 3861 3675 3932 spiri-

2027 3958 2151 4005 tum
2185 3967 2379 4005 meum
2410 3950 2477 4002 3‘.
2516 3950 2675 4003 U‘IUS
2732 3950 3010 4003 Dominus
3058 3950 3230 4004 Jesus
3277 3949 3542 4003 Christus
3576 3966 3678 4019 per

2028 4056 2199 4111 quem
2235 4039 2436 4092 omnia
2464 4039 2529 4090 3’.
2569 4061 2593 4084 υ
2632 4038 2754 4107 lpse
2787 4037 3071 4105 Salvator,
3104 4038 3229 4109 ipse
3276 4037 3628 4109 Redemptor
3660 4053 3673 4093 :

265 4130 539 4185 Christus
570 4132 788 4186 omnia.
822 4132 1111 4194 Quorsum
1148 4130 1379 4201 fugiunt
1428 4130 1813 4185 desiderabile
1844 4130 1985 4184 illud
2020 4143 2229 4183 nomen
2253 4127 2281 4180 ?
2314 4127 2509 4196 [psum
2546 4126 2778 4180 morbos
2820 4125 3079 4192 sustulit,
3112 4150 3139 4176 ‹‹
3176 4131 3235 4180 In
3268 4126 3503 4181 nomine
3535 4129 3673 4181 Jesu

265 4217 482 4274 Christi
519 4236 693 4292 surge
723 4225 781 4274 et
809 4218 1048 4274 ambula
1076 4220 1178 4273 ⁸³.»
1209 4220 1406 4291 Ipsum
1442 4220 1659 4289 fugavit
1689 4220 2038 4274 daemonesu
2076 4216 2347 4285 Principio
2380 4215 2479 4267 tibi
2514 4214 2569 4267 in
2606 4215 2841 4269 nomine
2871 4216 3008 4270 Jesu
3040 4215 3253 4270 Christi
3286 4215 3587 4281 Nazareni,
3612 4220 3676 4271 ut

265 4324 440 4363 exeas
472 4309 543 4363 ab
578 4308 676 4362 illa
706 4310 806 4363 9‘.»
838 4309 1139 4371 Quomodo
1171 4308 1351 4380 igitur
1380 4307 1508 4376 hoc,
1543 4315 1602 4361 ut
1640 4306 1784 4378 ipsis
1818 4308 2059 4361 minime
2090 4309 2252 4375 grato
2286 4302 2505 4372 relicto,
2539 4303 2593 4355 id
2630 4304 2782 4373 quod
2820 4305 2971 4374 apud
3007 4310 3341 4359 sanctorum
3376 4305 3672 4359 neminem

267 4398 579 4466 reperitur,
614 4397 1004 4463 substituunt,
1039 4397 1193 4452 Deus
1222 4396 1476 4451 Verbum
1513 4413 1722 4466 passus
1752 4400 1840 4451 est
1869 4394 2087 4450 carne?

1053 4525 1142 4575 ΧΙ.

264 4607 414 4681 Πρὸς
462 4606 585 4669 τοὺς
629 4606 904 4683 λέγον-τας·
961 4607 1121 4683 Ποίαν
1156 4603 1419 4683 δώσουσιν
1448 4604 1701 4662 Ἰουδαῖοι
1735 4603 1911 4674 δίκην,

750 4678 794 4732 εἷ
826 4679 901 4750 μή
935 4678 1063 4732 Θεὸν
1099 4678 1432 4733 ἀπέκτειναν.

342 4783 451 4839 Οὐκ
480 4783 643 4852 ἔστιν,
673 4784 747 4846 ὡς
781 4779 944 4850 ἔοικε,
990 4783 1440 4862 φιλονεικούντων
1473 4782 1681 4860 ἀνδρῶν
1710 4782 1910 4857 ἄλογον

267 4874 451 4948 ὁρμὴν
486 4872 676 4947 λόγοις
735 4873 872 4927 τισὶν
934 4873 1198 4947 ἐπισχεῖν
1251 4873 1396 4927 ἀλλὰ
1446 4872 1540 4926 κᾶν
1581 4873 1804 4945 μυρίους
1832 4894 1914 4934 τις

265 4961 445 5036 ἐπάγῃ
482 4963 570 5015 καὶ
602 4961 1019 5037 ἀναντιῤῥήτους
1053 4961 1341 5036 ἐλέγχους,
1374 4962 1473 5030 τὴν
1534 4962 1625 5033 μὲν
1659 4960 1917 5031 ἀλήθειαν

264 5048 453 5119 ἔδειξε,
483 5049 611 5111 τοὺς
645 5047 701 5104 δὲ
729 5055 825 5104 τοῦ
856 5047 1083 5123 ψεύδους
1134 5048 1360 5125 ἐργάτας
1394 5049 1491 5103 οὐκ
1538 5044 1764 5105 ἔπεισεν.
1814 5048 1913 5102 0'3-

260 5160 344 5193 τω
373 5138 474 5213 γὰρ
536 5139 586 5192 οἱ
631 5145 730 5206 τῆς
784 5138 1043 5209 ἀληθείας
1094 5138 1453 5199 ἀποκοπέντες
1512 5139 1643 5210 μετᾶ
1702 5136 1913 5198 πολλὰς

264 5228 498 5305 φανερὰς
532 5225 850 5297 ἀποδείξεις,
885 5228 982 5281 οὐκ
1006 5226 1319 5304 ἀφίστανται
1370 5231 1465 5280 τοῦ
1528 5225 1731 5279 οἰκείου
1788 5246 1913 5279 σκο-

263 5314 391 5386 ποῦ,
427 5312 553 5371 οὐδὲ
586 5313 839 5392 ἔρχονται
871 5317 1005 5392 πρὸς
1033 5317 1131 5384 τὴν
1166 5317 1371 5379 εὐθεῖαν
1404 5313 1549 5369 ὁδόν·
1605 5313 1730 5369 ἀλλ’
1760 5316 1914 5387 ἀτρα-

264 5403 407 5465 ποὺς
438 5400 740 5477 δεξάμενοι,
774 5403 859 5458 ἐπὶ
904 5402 1184 5479 κρημνοὺς
1232 5402 1636 5477 περιέρχονται,
1669 5399 1913 5473 παραλό-

337 5600 383 5633 τ⁹
415 5599 433 5652 I
467 5598 597 5657 Cor.
651 5617 736 5665 111,
770 5602 857 5655 11.

262 5686 383 5740 ινι,
416 5669 505 5727 18.

2804 4517 2892 4571 X1.

2026 4607 2296 4662 Adversus
2326 4625 2417 4663 eos
2446 4611 2541 4679 qui
2570 4612 2845 4679 quarunt,
2878 4606 3101 4679 qualem
3126 4625 3346 4678 paenam
3375 4608 3554 4663 Judaei
3577 4607 3672 4661 da-

2318 4681 2433 4734 turi
2460 4678 2590 4743 Sint,
2623 4683 2673 4734 si
2700 4695 2810 4732 non
2839 4678 3149 4733 occiderunt
3185 4684 3373 4735 Deum.

2095 4788 2201 4852 Qui
2235 4788 2628 4842 contentionis
2659 4786 2853 4841 studio
2887 4787 3152 4841 feruntur
3184 4788 3311 4853 viri,
3347 4803 3547 4842 eorum
3582 4786 3671 4840 in-

2025 4893 2232 4931 sanum
2287 4877 2567 4948 impetum
2621 4875 2801 4939 nulla,
2837 4876 3027 4942 credo,
3059 4881 3249 4947 potest
3296 4878 3478 4931 oratio
3511 4876 3672 4932 cohi-

2024 4964 2160 5020 bere
2188 4966 2295 5020 Sed
2331 4964 2465 5019 licet
2500 4964 2653 5019 mille
2686 4964 2839 5035 quis,
2864 4981 3050 5034 eaque
3082 4966 3295 5020 invicta
3327 4970 3676 5037 argumenta

2026 5052 2281 5122 proferat
2309 5071 2322 5117 ;
2357 5054 2656 5107 veritatem
2694 5052 2787 5106 ille
2820 5053 3055 5123 quidem
3089 5053 3598 5115 demonstraverit,
3618 5056 3677 5107 at

2025 5142 2306 5211 Operariis
2357 5141 2641 5195 mendacii
2698 5142 2766 5196 de
2796 5158 2863 5195 ea
2895 5140 3135 5196 minime
3170 5143 3529 5212 persuaserit
3581 5142 3674 5196 Sic

2025 5228 2181 5280 enim
2205 5233 2261 5280 et
2283 5227 2382 5298 qui
2408 5244 2440 5281 a
2462 5226 2702 5282 veritate
2726 5228 3083 5297 exciderunt,
3118 5230 3155 5282 ii
3192 5237 3317 5299 post
3350 5233 3532 5283 multa
3555 5228 3673 5282 cla-

2027 5332 2206 5386 raque
2257 5323 2603 5386 argumenta
2654 5333 2759 5371 nec
2803 5317 3161 5371 desistunta
3197 5319 3489 5387 proposito
3542 5334 3670 5381 suo,

2025 5418 2129 5457 nec
2162 5403 2218 5457 in
2269 5402 2416 5457 viam
2474 5407 2690 5457 rectam
2726 5403 2972 5457 redeunt
3004 5420 3015 5457 :
3052 5403 3149 5458 sed
3184 5404 3312 5456 vias
3346 5402 3670 5473 precipites

958 5600 1003 5634 ⁸ο
1034 5599 1280 5671 Philipp.
1332 5614 1398 5667 11,
1444 5599 1532 5666 10,
1567 5600 1656 5653 11.
1756 5598 1797 5632 ⁸¹
1832 5600 1919 5652 Act

2033 5615 2090 5665 ιι,
2136 5599 2226 5653 58.
2329 5598 2424 5651 "1
2458 5600 2583 5654 Cor.
2638 5615 2758 5666 vm,
2790 5599 2845 5653 6.
2948 5599 2993 5632 ⁸³
3026 5603 3150 5653 Act.
3184 5614 3268 5667 ιιι,
3312 5599 3366 5654 6.
3470 5597 3515 5631 ⁸⁴
3542 5598 3676 5665 Act.
