4086 6214
289 359 447 421 1373

1032 360 1686 425 CONFUTATIONES
1729 360 2230 432 QUARUMDAM
2279 365 2940 428 PROPOSITIONUM.

3533 369 3687 428 1374

286 491 620 569 χωρούντων
672 491 943 557 λανθάνειν
999 500 1099 563 τῆς
1154 493 1476 570 ἐνεργούσης
1532 491 1811 566 δυνάμεως
1869 496 1928 549 τὸ

2051 497 2129 568 pli
2162 497 2612 555 inhabitatorem
2647 505 2848 568 Deum,
2881 500 2981 571 qui
3010 501 3228 573 templo
3260 501 3460 557 unitus
3490 505 3599 571 est,
3633 506 3689 557 et

289 582 581 657 θεοπρεπὲς
655 580 743 635 καὶ
820 577 1030 652 ἔνδοξον
1066 602 1079 614 ·
1138 582 1220 645 τίς
1279 583 1382 658 γὰρ
1455 580 1554 637 οὐκ
1608 581 1666 635 ἂν
1726 578 1930 659 ἔφριξεν

287 669 376 724 ἀπ’
418 670 599 745 ἀρχῆς
655 669 721 723 τὰ
774 669 1078 743 γενόμενα,
1130 672 1273 727 Κατά
1328 669 1657 747 προφητείαν
1811 671 1933 745 γέν-

282 778 460 830 νησις,
493 758 521 812 6
550 757 715 820 τόπος
766 758 1065 833 γνώριμος,
1096 760 1123 813 6
1155 758 1357 834 τρόπος
1405 758 1698 831 ἆπίσημος,
1730 759 1758 813 6
1802 758 1933 834 χρό-

279 867 370 908 νος
403 846 503 901 οὐκ
548 843 775 918 ἄδηλος,
807 852 912 908 πᾶς
961 844 1124 923 λόγος
1175 847 1690 923 ἐργοχειρούμενος,
1726 844 1931 922 δρόμος

281 934 502 1010 ἀστέρος
567 935 789 1008 μηνύων
859 936 1028 1009 ὕμνον
1088 936 1355 1012 ἀγγέλων,
1421 938 1582 1013 μάγοι
1651 935 1928 1012 πόρρωθεν

279 1023 415 1098 πρὸς
493 1021 835 1102 δωροφορίαν
916 1023 1223 1097 ἑλκόμενοι,
1280 1023 1527 1102 Ἡρώδης
1586 1026 1613 1078 ὁ
1678 1024 1930 1101 βασιλεὺς

278 1111 701 1187 ταρασσόμενος·
757 1110 988 1171 Ἰουδαία
1045 1115 1222 1169 ἅπασα
1268 1113 1735 1189 συγκλονουμένη,
1778 1116 1932 1191 φανέ-

278 1221 445 1276 ρωσις
531 1200 759 1278 ἐναργὴς
842 1207 938 1257 τοῦ
1024 1200 1271 1278 αἶ’ροντος
1340 1204 1439 1272 τὴν
1514 1203 1776 1278 ἁμαρτίαν
1834 1207 1930 1259 τοῦ

274 1292 505 1366 κόσμου’
560 1294 777 1365 Σιμεὼν
837 1290 1051 1348 παιδίον
1108 1293 1353 1369 κατέχων
1415 1294 1505 1349 καὶ
1565 1298 1697 1349 Θεοῦ
1752 1295 1925 1363 σωτή-

277 1402 394 1457 ριον
456 1382 771 1457 ἑρμηνεύων
811 1402 823 1414 ·
884 1389 1053 1439 ’Ἅννα
1110 1382 1527 1459 προφητεύουσα
1562 1400 1574 1412 ·
1640 1387 1926 1458 μαρτυρῶν

276 1470 529 1541 Ἰωάννης
588 1472 724 1546 πρὸς
784 1468 1078 1544 Ἰορδάνην⁸
1132 1473 1284 1549 φωνὴ
1351 1471 1560 1545 Πατρὸς
1616 1471 1926 1546 οὐρανόθεν,

271 1564 465 1614 τοῦτον
523 1560 643 1615 Πὰν
701 1560 976 1636 ἀγαπητὸν
1034 1567 1160 1615 πᾶσι
1220 1560 1579 1635 γνωρίζουσα·
1614 1559 1926 1633 Πνεύματος

274 1648 615 1725 ἐπιφοίτησις
674 1655 992 1723 περιστερᾶς
1053 1648 1103 1703 ἐν
1165 1647 1293 1704 έίδει
1352 1652 1420 1723 τῇ
1477 1652 1690 1726 κορυφῇ
1747 1647 1927 1703 ἐπιπί-

272 1756 525 1793 πτουσα·
589 1732 1069 1810 μεταϐαλλόμενον
1144 1735 1289 1812 ὕδωρ
1367 1737 1442 1798 εἷς
1515 1738 1662 1792 οἶνον
1698 1756 1710 1769 '
1772 1736 1924 1810 ἄρτοι

274 1827 433 1882 πέντε
459 1825 869 1899 πληθυνόμενοι
902 1824 1217 1901 παραδόξως
1249 1826 1322 1887 εἷς
1362 1823 1629 1901 χιλιάδων
1684 1824 1926 1880 ἀπόλαυ-

276 1936 380 1983 σιν,
437 1914 527 1969 καὶ
606 1914 881 1991 περισσεία
965 1914 1291 1987 κλασμάτων
1376 1914 1591 1992 κόφινοι
1670 1912 1923 1969 δώδεκα’

276 2003 420 2074 πάθη
480 2002 633 2078 λόγῳ
708 2001 1154 2079 φυγαδευόμενα,
1212 2001 1467 2077 δαίμονες
1550 2001 1924 2079 προστάγματι

276 2091 623 2166 διωκόμενοι,
679 2094 890 2166 μᾶλλον
952 2092 1009 2148 δὲ
1065 2094 1347 2171 πόρρωθεν
1408 2094 1811 2169 ὁμολογοῦντες
1864 2096 1927 2150 τὸ

272 2189 376 2251 τῆς
437 2181 676 2252 ἐξουσίας
736 2182 1032 2259 ιίιφόρητον⁵
1092 2183 1274 2257 νεκροὶ
1351 2189 1450 2252 τῆς
1531 2188 1628 2237 τοῦ
1697 2183 1926 2237 Θανάτου

271 2268 582 2345 τυραννίδος
643 2269 797 2334 εὐθὺς
853 2270 1239 2343 ἀποσπώμενοι
1277 2288 1291 2302 ·
1348 2268 1646 2343 κράσπεδον
1707 2270 1925 2343 ἱματίου

271 2363 342 2432 τῇ
381 2359 474 2431 μὲν
503 2359 785 2432 καμνούσῃ
843 2358 1057 2434 γυναικὶ
1116 2357 1277 2435 φέρον
1331 2359 1430 2427 τὴν
1484 2356 1654 2424 ’ίασιν,
1710 2365 1809 2427 τῆς
1870 2355 1925 2413 δὲ

274 2448 658 2521 κρυπτομένης
746 2448 1002 2518 θεότητος
1086 2445 1414 2521 δημοσιεῦον
1497 2448 1597 2516 τῆν
1677 2444 1923 2518 δύναμιν.

278 2542 427 2592 Πᾶσα
454 2542 563 2590 τῶν
607 2536 891 2612 στοιχείων
936 2539 970 2606 ἡ
1002 2557 1157 2611 φυσις
1207 2535 1257 2589 ἐν
1305 2534 1385 2609 τῷ
1440 2539 1613 2611 καιρῷ
1667 2538 1763 2589 τοῦ
1820 2535 1926 2589 πά-

274 2626 402 2686 θους
431 2624 521 2678 ἐπὶ
550 2629 617 2698 τῇ
654 2623 807 2680 λύσει
839 2630 935 2679 τοῦ
992 2623 1274 2701 ὁρωμένου
1326 2628 1473 2696 ναοῦ,
1505 2624 1595 2678 καὶ
1649 2626 1720 2696 τῇ
1775 2620 1926 2699 ὕϐρει

273 2717 375 2768 τοῦ
419 2713 732 2788 ἀχωρίστου
783 2719 916 2770 Θεοῦ
967 2713 1328 2788 πολυτρόπως
1376 2712 1773 2789 ταρασσομένη·
1808 2711 1929 2767 ἀνά-

277 2822 463 2864 στασις
494 2807 590 2857 τοῦ
620 2802 886 2863 παθόντος
936 2802 1038 2856 ὑπὸ
1084 2806 1192 2856 τῶν
1248 2802 1668 2877 σταυρωσάντων
1723 2822 1926 2878 μαρτυ-

275 2890 541 2963 ρουμένη.
594 2890 969 2952 Φυλάσσοντες
1019 2888 1121 2965 γὰρ
1167 2890 1258 2944 τὸν
1309 2885 1568 2957 παθόντα,
1617 2893 1929 2962 ἡττήθησαν

274 2983 357 3050 τῷ
386 2977 673 3053 παραδόξῳ
722 2984 912 3052 νεκρῷ.
944 2984 1186 3033 Τοσαῦτα
1241 2982 1304 3047 ἦν
1364 2979 1453 3034 καὶ
1509 2978 1706 3051 πολλῷ
1760 2979 1925 3035 πλέον

273 3067 346 3122 τὰ
377 3068 651 3140 μηνύοντα
679 3070 778 3136 τήν
811 3069 1190 3143 κρυπτομένην
1222 3067 1470 3136 θεότητα.
1504 3067 1602 3123 Καὶ
1652 3073 1769 3130 πῶς
1802 3068 1929 3144 φεύ-

278 3157 459 3226 ξονται
515 3163 612 3226 τῆς
674 3157 975 3232 θεομαχίας
1032 3157 1129 3225 τὴν
1189 3156 1537 3231 τιμωρίανοὶ
1591 3157 1728 3229 πρὸς
1785 3156 1926 3211 οὕτω

2044 586 2327 643 miracula
2359 588 2543 643 multa
2571 590 2770 657 edidit,
2804 590 3021 659 injuria
3052 591 3294 646 recidat.
3332 590 3525 659 Neque
3553 607 3684 644 vero

2040 676 2474 733 excusationem
2506 678 2730 734 Judzeis
2760 678 2895 733 inde
2924 695 3129 750 parare
3161 679 3313 747 licet,
3347 680 3496 747 quod
3529 678 3685 735 velut

2043 764 2103 819 in
2138 766 2361 820 nudum
2419 766 2715 822 hominem
2749 784 2987 839 peccare
3035 769 3144 824 visi
3174 768 3293 824 sint
3324 784 3337 823 :
3370 785 3503 823 cum
3534 768 3681 823 divi-

2043 870 2177 908 nam
2211 858 2269 909 et
2323 855 2639 927 gloriosam
2688 856 2980 925 operantis
3012 857 3282 927 potentiae
3314 858 3681 926 majestatem

2044 942 2363 998 multifaria
2412 944 2695 1000 miracula
2742 944 2919 1000 latere
2951 962 3064 1000 non
3118 946 3506 1016 permiserint.
3540 945 3681 1010 Quis

2040 1031 2193 1085 enim
2252 1048 2365 1086 non
2411 1036 2711 1102 stupescat
2754 1034 2827 1087 ad
2858 1050 2925 1088 ea
2976 1050 3101 1105 quae
3132 1050 3166 1087 a
3196 1033 3480 1105 principio
3531 1034 3682 1089 facta

2040 1124 2224 1177 sunt?
2251 1118 2427 1175 Juxta
2454 1120 2817 1192 prophetiam
2863 1122 3144 1176 Nativitas
3194 1122 3305 1177 fuit
3336 1140 3349 1177 :
3384 1122 3548 1177 locus
3576 1139 3680 1177 no-

2040 1214 2137 1265 tus
2170 1225 2183 1263 :
2220 1210 2429 1264 modus
2478 1208 2744 1275 illustris,
2780 1215 3011 1280 tempus
3056 1228 3167 1265 non
3202 1212 3514 1265 obscurum
3548 1214 3637 1264 est
3666 1228 3678 1265 :

2038 1315 2230 1354 sermo
2260 1299 2452 1354 omnis
2486 1299 2675 1369 reipsa
2702 1298 3187 1369 impletur,stella3
3220 1316 3426 1354 cursus
3448 1297 3679 1371 angelo-

2039 1404 2168 1443 rum
2216 1392 2561 1443 concentum
2613 1388 2872 1443 indicat:
2922 1388 3072 1459 Magi
3122 1389 3192 1442 de
3244 1387 3559 1459 longinquo
3607 1389 3678 1441 ad

2038 1476 2333 1531 offerenda
2382 1493 2625 1531 munera
2661 1477 3037 1531 attrahuntur
3072 1494 3083 1532 :
3119 1494 3216 1531 rex
3262 1477 3518 1533 Herodes
3551 1492 3677 1547 per-

2037 1566 2309 1619 turbatur
2340 1581 2353 1619 :
2387 1565 2589 1620 Judaea
2620 1564 2890 1620 universa
2921 1566 3278 1621 concutitur:
3314 1570 3557 1638 apparet
3571 1566 3683 1621 evi-

2036 1654 2242 1709 denter
2271 1654 2322 1708 is
2374 1654 2470 1724 qui
2507 1654 2711 1709 mundi
2760 1660 2995 1724 peccata
3024 1654 3175 1710 tollit
3203 1673 3221 1707 :
3253 1655 3504 1710 sustinet
3535 1670 3680 1725 pue-

2037 1742 2233 1797 rulum
2268 1741 2524 1807 Simeon,
2556 1748 2613 1797 et
2643 1742 2900 1798 salutare
2938 1745 3033 1798 Dei
3066 1744 3408 1815 pronuntiat
3440 1760 3452 1796 :
3487 1742 3683 1797 vatici-

2038 1836 2212 1887 natur
2256 1832 2421 1886 Anna
2455 1848 2467 1886 :
2502 1833 2849 1887 testificatur
2894 1837 3150 1888 Joannes
3192 1833 3263 1887 ad
3310 1832 3624 1886 Jordanem
3662 1847 3675 1887 :

2038 1937 2144 1976 vox
2175 1920 2364 1975 Patris
2395 1919 2623 1975 coalitus
2655 1920 2811 1976 hunc.
2855 1922 3066 1976 Filium
3096 1922 3375 1977 dilectum
3401 1921 3678 1975 omnibus

2038 2010 2375 2064 manifestat
2397 2028 2410 2077 ;
2430 2009 2970 2079 adventatSpiritus
3001 2016 3057 2064 et
3085 2008 3144 2063 in
3175 2010 3456 2065 columbis
3486 2007 3678 2079 specie

2037 2098 2096 2153 in
2128 2097 2397 2153 verticem
2430 2098 2559 2166 ejus
2587 2098 3049 2168 dilabitur,aqua
3080 2098 3138 2152 in
3162 2098 3357 2152 vinum
3380 2102 3673 2152 mutatur:

2034 2186 2287 2258 quinque
2309 2186 2565 2257 panesin
2598 2186 2821 2257 aliquot
2855 2186 3103 2241 millium
3129 2203 3300 2242 usum
3332 2184 3679 2242 miraculose

2038 2274 2505 2346 multiplicantur
2534 2290 2547 2328 :
2584 2274 3043 2346 fragmentorum
3079 2274 3339 2345 reliquiis
3368 2274 3675 2330 duodecim

2036 2363 2270 2434 cophini
2322 2362 2642 2432 implentur
2672 2379 2685 2416 :
2719 2363 3000 2433 fugantur
3044 2365 3217 2418 verbo
3249 2363 3474 2429 morbi;
3509 2379 3673 2418 man-

2035 2453 2171 2506 dato
2201 2451 2569 2523 expelluntur
2600 2452 3062 2523 daemones,quin
3082 2451 3445 2523 elonginquo
3476 2450 3678 2506 intole-

2037 2538 2280 2594 rabilem
2336 2537 2494 2593 illius
2547 2540 2867 2609 potentiam
2924 2540 3320 2594 conﬁtentur:
3370 2539 3583 2594 mortui
3642 2556 3676 2594 a

2038 2627 2241 2682 martis
2261 2627 2571 2698 tyrannide
2603 2627 2909 2683 confestim
2946 2628 3302 2682 liberantur:
3328 2626 3560 2682 fimbria
3588 2643 3677 2681 ve-

2036 2715 2297 2771 stimenti
2347 2715 2499 2771 506
2542 2715 2846 2784 aegrotanti
2894 2716 3126 2769 cuidam
3173 2714 3401 2769 mulieri
3454 2715 3677 2769 sanita-

2038 2810 2154 2860 tem
2186 2804 2371 2871 affert,
2393 2803 2627 2858 latentis
2658 2808 2849 2858 autem
2884 2803 3115 2858 deitatis
3145 2804 3413 2857 virtutem
3451 2802 3679 2873 publice

2040 2892 2543 2962 praedicat.0mnis
2571 2890 2990 2946 elementorum
3024 2897 3233 2946 natura
3262 2897 3518 2961 tempore
3545 2907 3677 2961 pas-

2038 2980 2220 3036 sionis
2250 2981 2319 3035 ad
2355 2980 2804 3035 destructionem
2851 2980 3098 3035 visibilis
3130 2978 3354 3050 templi,
3388 2984 3445 3033 et
3475 2987 3676 3034 contu-

2039 3068 2275 3124 meliam
2307 3067 2683 3138 inseparabili
2718 3070 2826 3123 Deo
2858 3068 3309 3135 illatam,inultis
3331 3067 3519 3122 modis
3550 3083 3679 3121 con-

2038 3158 2307 3213 turbatur
2339 3174 2351 3212 :
2387 3158 2870 3212 resurrectionem
2919 3160 3047 3225 ejus
3078 3156 3175 3227 qui
3211 3173 3418 3227 passus
3468 3156 3677 3222 fuerat,

275 3244 536 3317 λαμπράς
594 3242 891 3316 ἀποδείξεις
970 3245 1305 3321 τυφλώττειν
1391 3245 1475 3298 ὑπ’
1533 3244 1926 3320 ἀγνωμοσύνης

2042 3247 2151 3318 ipsi
2186 3246 2267 3300 illi
2302 3246 2670 3307 confirmant,
2706 3248 2799 3314 qui
2833 3246 2890 3300 in
2923 3262 3152 3301 crucem
3188 3246 3378 3316 ipsum
3412 3250 3676 3316 egerunt.

277 3331 675 3397 σπουδάσαντες
700 3355 712 3404 ;

2012 3336 2177 3390 Cum
2194 3335 2347 3390 enim
2376 3352 2613 3406 passum
2640 3334 3062 3400 custmlirent,a
3084 3340 3313 3388 mortuo
3332 3331 3679 3387 miraculoso

274 3425 410 3479 victi
445 3433 602 3481 sunt.
635 3431 826 3497 Atque
856 3425 976 3481 haec
1033 3426 1335 3497 multoque
1367 3425 1534 3497 plura
1582 3425 1696 3480 alia
1744 3431 1903 3495 sunt,
1936 3441 2065 3496 qua:
2114 3424 2391 3478 latentem
2442 3424 2601 3478 intus
2648 3424 3009 3477 divinitatem
3064 3424 3344 3477 indicant.
3379 3421 3679 3487 Quomodo

271 3512 459 3584 igitur
489 3530 719 3583 pmnam
752 3514 853 3569 Dei
886 3513 1157 3570 hostibus
1207 3514 1607 3570 denuntiatum
1643 3514 1943 3586 eﬁ‘ugient,
1976 3514 2072 3585 qui
2124 3512 2194 3568 ad
2230 3518 2346 3567 tam
2378 3512 2603 3568 lucidas
2634 3511 3162 3569 demonstrationes
3209 3527 3324 3583 prae
3353 3510 3539 3565 nimia
3567 3510 3681 3563 im-

275 3601 570 3673 probitate
600 3602 866 3658 caecutire
896 3602 1146 3658 volunt?

1039 3728 1159 3783 ΧῐΙ.

278 3814 426 3887 Πρὸς
453 3813 579 3876 τοὺς
613 3814 866 3890 λέγοντας
894 3835 918 3891 Ἀ
941 3814 1202 3891 Ἰουδαῖός
1237 3814 1376 3868 ἐστιν
1429 3816 1456 3869 6
1510 3816 1585 3887 μὴ
1636 3814 1925 3891 ὁμολογῶν

832 3888 960 3942 Θεὸν
992 3886 1376 3962 ἐσταυρῶσθαι.

351 3990 625 4061 Τοσαύτης
682 3990 1009 4064 ἀποδείξεως
1079 3992 1130 4046 ἐν
1188 3997 1307 4053 τοῖς
1382 3987 1720 4067 προλαϐοῦσι
1799 3999 1926 4046 πᾶσι

275 4079 676 4153 γεγενημένης,
710 4080 852 4135 οὕτω
885 4080 1237 4159 πολυτρόπου
1267 4082 1353 4135 καὶ
1385 4080 1639 4157 φάνερᾶς,
1671 4077 1790 4134 δὲον
1844 4080 1926 4135 ai-

276 4170 666 4238 σθανθήσεσθαι
742 4169 805 4224 τδ
880 4168 1095 4239 πλῆθος
1171 4171 1299 4229 τοὺς
1376 4166 1751 4242 ἀντιλέγοντας
1820 4172 1924 4221 τῶν

276 4254 551 4331 ἐλέγχων,
597 4258 648 4311 οἱ
706 4255 762 4313 δὲ
819 4258 907 4313 καὶ
966 4258 1137 4319 ἄλλας
1197 4253 1487 4317 ἀντιθέσεις
1541 4258 1927 4331 ἀναισχύντους

278 4344 470 4417 πλέξαι
526 4347 697 4419 μάτην
756 4346 854 4401 οὐκ
906 4344 1177 4418 ὤκνησαν,
1212 4343 1493 4407 Ἰουδαῖος,
1546 4345 1731 4421 φησὶν,
1764 4344 1927 4410 ἐστὶν,

282 4437 313 4490 6
344 4435 435 4489 τὸν
465 4436 591 4489 Θεὸν
625 4436 780 4491 αὐτὸν
839 4438 914 4508 μή
966 4435 1257 4512 ὁμολογῶν
1317 4434 1705 4510 ἐσταυρῶσθαι.
1735 4434 1931 4495 Καλῶς

278 4526 431 4595 ἡμᾶς
493 4531 591 4593 τῆς
650 4525 834 4586 αὐτοῖς
890 4524 1347 4601 χρεωοτουμένης
1404 4523 1771 4597 προσηγορίας
1824 4523 1927 4577 ὑπ-

282 4614 546 4684 έμνησαν.
599 4613 768 4668 Αὐτοὶ
830 4615 933 4689 γὰρ
992 4614 1067 4675 εἷς
1127 4613 1346 4674 ἑαυτοὺς
1406 4612 1770 4666 ἐπεσπάσαντο
1826 4613 1924 4679 τὴν
1964 4591 2005 4655 D

280 4702 419 4777 πρὸς
467 4700 701 4762 ἐκείνους
750 4702 1078 4777 συγγένειαν,
1128 4701 1452 4773 ἀρνούμενοι
1515 4701 1607 4772 μὲν
1667 4702 1765 4768 τὴν
1823 4720 1927 4753 σω-

279 4793 473 4865 τήριον
526 4789 954 4865 ἐνανθρώπησιν,
991 4790 1372 4861 ἀπωθούμενοι
1420 4788 1479 4842 δὲ
1521 4790 1619 4857 τήν
1675 4793 1783 4842 τῶν
1835 4785 1930 4842 δύο

283 4880 493 4957 φύσεων
526 4876 747 4932 σύνοδον
779 4879 867 4932 καὶ
896 4877 1109 4933 ἕνωσιν.
1144 4879 1232 4939 Τίς
1266 4874 1523 4937 Ἰοοδαῖος
1554 4878 1581 4929 6
1624 4877 1721 4944 τὴν
1771 4876 1932 4951 χάριν

285 4966 597 5039 δεξάμενος,
627 4968 661 5035 ἢ
696 4968 724 5020 6
783 4972 861 5038 τῷ
914 4967 1073 5039 νόμῳ
1130 4966 1264 5020 κατᾶ
1313 4966 1376 5019 τὸ
1414 4965 1641 5039 γράμμα
1696 4984 1931 5035 παρακα-

285 5058 542 5127 θήμενος,
597 5061 767 5127 Ἦμᾶς
826 5058 860 5123 ἡ
915 5054 1078 5131 χάρις
1134 5052 1338 5123 ἐδίδαξε
1394 5054 1519 5107 Θεὸν
1592 5052 1818 5127 ἀόρατον
1878 5051 1929 5107 ἐν

284 5145 538 5217 ὁρωμένη
597 5150 968 5220 φανερωθῆναι
1050 5142 1249 5218 σαρκί’
1309 5141 1504 5196 ἐκεῖνοι
1585 5144 1654 5214 τῇ
1730 5142 1934 5216 ἀρχαίᾳ

280 5233 574 5309 παραδόσει
615 5234 939 5307 παρέμειναν
999 5233 1097 5300 τὴν
1155 5231 1382 5301 θεότητα
1439 5231 1649 5305 γυμνὴν
1711 5230 1763 5283 ἐν
1821 5227 1932 5284 δια-

282 5323 479 5399 φόροις
540 5320 701 5377 έῖδεσι
763 5321 851 5375 καὶ
913 5323 1192 5397 σχήμασιν
1252 5320 1623 5396 ὑπογραψάσῃ.
1659 5323 1783 5380 Πῶς
1840 5318 1929 5372 οὖν

285 5412 347 5465 ἄλ
363 5412 491 5471 λους
524 5410 771 5486 λέγουσιν
806 5407 1122 5477 Ἰουδαίους,
1156 5408 1308 5463 αὐτοὶ
1337 5415 1435 5476 τῆς
1484 5415 1685 5477 Καινῆς
1736 5410 1932 5478 Διαθή-

284 5522 387 5569 κης
443 5500 534 5553 τὸν
593 5498 831 5553 πλοῦτον
889 5498 1342 5569 ἀποσεισάμενοι;
1375 5495 1483 5549 Οὐκ
1539 5494 1803 5567 ἤκουσαν,
1850 5494 1933 5550 ὅτι

286 5586 494 5643 πολλοὶ
550 5595 824 5666 προφῆται
881 5586 971 5641 καὶ
1034 5584 1233 5640 δίκαιοι
1298 5583 1635 5657 ἐπεθύμησαν
1715 5582 1845 5640 ἰδεῖν
1901 5585 1933 5639 ἃ

295 5676 590 5753 βλέπομεν,
623 5678 710 5732 καὶ
767 5676 866 5732 οὐκ
923 5674 1061 5731 εἶδον
1089 5694 1103 5745 ;
1134 5674 1195 5730 Τί
1247 5671 1350 5747 ἄρα
1407 5674 1507 5730 οὐκ
1554 5672 1694 5730 εἶδον
1741 5674 1931 5745 θεότη-

2801 3727 2921 3781 ΧΠ.

2146 3818 2417 3872 Adversus
2448 3830 2535 3870 eos
2568 3818 2663 3886 qui
2691 3816 2884 3869 dicunt
2916 3832 2935 3869 :
2959 3814 3180 3869 Judarus
3211 3817 3306 3880 est,
3340 3813 3434 3882 qui
3460 3827 3568 3865 non

2330 3888 2615 3957 conﬁtetur
2646 3888 2813 3941 Deum
2840 3889 3010 3957 [uisse
3037 3887 3387 3953 cruciﬁxum.

2110 3998 2251 4046 Cum
2301 3997 2495 4058 tantas,
2530 3996 2647 4046 tam
2698 3993 2888 4056 variae,
2923 3995 3159 4060 tamque
3206 3988 3523 4061 perspicua!
3575 3987 3680 4041 de-

2039 4082 2490 4135 monstrationes
2521 4080 2887 4149 superiorum
2920 4079 3381 4149 disputationum
3415 4074 3682 4131 omnium

2038 4170 2290 4234 fuerint;
2320 4170 2533 4223 sentire
2564 4169 2796 4222 tandem
2820 4168 3183 4222 adversarios
3200 4168 3682 4238 argumentorum

2040 4258 2475 4312 multitudinem
2524 4258 2829 4312 debebant.
2862 4259 2934 4311 At
2982 4256 3062 4310 illi
3116 4255 3261 4310 alias
3308 4254 3681 4325 impudentes
3722 4302 3725 4305 .

2038 4347 2392 4413 obiectiones
2447 4347 2571 4399 sine
2603 4362 2779 4399 causa
2808 4351 3000 4400 texere
3032 4361 3142 4399 non
3177 4342 3541 4397 dubitarunt.
3573 4340 3681 4395 Ju-

2038 4438 2199 4489 dmus
2246 4440 2353 4497 est,
2389 4435 2681 4505 inquiunt,
2716 4435 2811 4504 qui
2849 4451 2958 4489 non
3009 4434 3241 4495 fatetur.
3271 4433 3454 4487 Deum
3488 4431 3681 4500 ipsum

2040 4525 2095 4579 in
2129 4541 2358 4579 crucem
2410 4540 2537 4578 esse
2569 4528 2783 4578 actum.
2821 4522 3064 4576 Pulchre
3112 4538 3214 4575 nos
3249 4519 3503 4576 nominis
3553 4520 3682 4589 ejus

2040 4630 2153 4683 quo
2202 4611 2582 4683 nuncupandi
2615 4617 2753 4666 sunt
2799 4613 3131 4665 admonent.
3179 4610 3263 4663 [lli
3314 4611 3470 4663 enim
3522 4613 3681 4676 sunt,

2040 4703 2133 4771 qui
2168 4703 2391 4772 seipsos
2424 4701 2706 4755 affinitate
2738 4717 2868 4753 cum
2899 4700 3117 4753 Judaiis
3149 4698 3679 4757 devinxerunt.tum

2042 4790 2356 4844 salutarem
2390 4788 3003 4853 incarnationem,lnm
3038 4787 3286 4840 duarum
3323 4786 3594 4840 unionem
3627 4788 3684 4837 et

2043 4879 2511 4947 conjunctionem
2549 4883 2889 4931 naturarum
2915 4875 3398 4947 rrjiciendo.Uter
3422 4874 3681 4939 Jndzeus,

2043 4968 2139 5038 qui
2162 4969 2404 5038 gratiam
2442 4966 2783 5035 suscipit,an
2812 4966 2903 5033 qui
2939 4966 3061 5037 lege
3079 4964 3400 5019 secundum
3428 4962 3682 5017 litteram

2044 5056 2300 5109 nititur?
2329 5055 2443 5108 Nos
2475 5055 2663 5124 gratia
2693 5055 2907 5119 docuit,
2941 5054 3122 5109 Deum
3157 5052 3506 5107 invisibilem
3535 5052 3680 5104 invi-

2043 5144 2196 5199 sibili
2234 5144 2671 5197 manifestatum
2707 5159 2835 5199 esse
2882 5160 3053 5198 carne
3087 5159 3097 5196 :
3136 5141 3213 5195 illi
3251 5145 3593 5212 permanent
3625 5141 3681 5193 in

2044 5235 2285 5304 antiqua
2331 5233 2648 5286 traditione
2678 5231 3035 5286 divinitatem
3094 5232 3311 5285 nudam
3347 5231 3401 5283 in
3436 5229 3683 5283 diversis

2044 5322 2349 5393 speciebus
2398 5327 2453 5375 et
2506 5322 2707 5375 formis
2756 5320 3103 5375 delineante.
3160 5320 3458 5382 Quomodo
3505 5318 3685 5387 igitur

2044 5411 2191 5465 alios
2222 5410 2517 5481 appellant
2548 5409 2802 5478 Judteos,
2836 5410 2932 5480 qui
2967 5409 3076 5479 ipsi
3111 5409 3240 5462 novi
3274 5406 3501 5461 foederis
3535 5405 3679 5457 divi-

2042 5499 2153 5554 tias
2171 5516 2203 5552 a
2220 5516 2280 5552 se
2299 5497 2822 5569 repellunt?Annon
2848 5497 3187 5552 audiverunt
3204 5496 3357 5567 quod
3375 5493 3540 5549 multi
3555 5509 3682 5563 pro-

2044 5589 2229 5660 pheta:
2250 5593 2306 5642 et
2323 5587 2472 5657 justi
2488 5585 3099 5641 desideraruntvidere
3121 5601 3246 5656 quas
3263 5601 3368 5639 nos
3389 5583 3680 5646 videmus,

2042 5681 2099 5733 et
2119 5693 2234 5732 non
2255 5674 2574 5731 viderunt?
2595 5674 2741 5739 Quid
2762 5672 2942 5745 igitur
2965 5690 3080 5729 non
3095 5673 3370 5729 viderunt
3391 5670 3419 5726 ?
3442 5668 3681 5726 Deitatis
