4086 6214
405 389 561 449 1375

1566 393 1628 449 S.
1679 389 2198 450 ATHANASIUS.
2229 422 2306 432 —
2335 389 2645 450 SPUltIA.

3669 389 3697 445 1
3708 387 3834 444 376

406 522 718 576 adventum
751 521 905 576 PCnr
926 521 1106 594 igitur
1133 522 1414 593 scriptum
1439 526 1528 577 est
1553 539 1566 575 :
1593 521 1766 576 Visus
1788 526 1876 574 est
1903 525 2050 574 Deus

2166 537 2255 578 τος
2316 515 2649 590 ἐπιδημίαν;
2685 518 2789 573 Καὶ
2846 522 2963 578 πῶς
3023 517 3337 592 γέγραπται·
3374 517 3553 592 Ὠφθη
3589 517 3724 576 Θεὸς
3751 520 3833 586 τῷ

408 610 761 675 Abrahamo,
794 611 952 666 visus
977 610 1194 680 Isaaco,
1225 611 1388 665 visus
1417 610 1818 673 Jacobo,visus
1851 607 2051 680 Moysi,

406 704 463 754 et
495 700 784 754 sexcentis
815 700 944 754 aliis
967 699 995 753 ‘I
1025 700 1170 764 Quid
1206 700 1386 771 igitur
1433 699 1864 766 desiderarunt,
1898 698 2050 769 quod

403 792 599 843 tamen
626 805 736 842 non
766 787 1081 843 viderunt?
1102 788 1380 842 nimirum
1401 789 1555 859 quod
1583 788 1752 842 nobis
1774 787 1968 841 videre
1989 784 2052 840 li-

406 877 794 943 cuit,deitatis
816 881 872 930 et
897 877 1278 931 humanitatis
1302 876 1653 931 ineffabilem
1677 881 1734 930 et
1752 875 2051 946 insepara-

406 965 579 1020 bilem
601 965 872 1020 unionem
897 967 925 1019 ?
941 965 1284 1036 Quicunque
1302 966 1482 1036 igitur
1497 965 1901 1019 admirandam
1919 963 2050 1018 Ver-

405 1053 460 1108 bi
495 1058 550 1107 et
580 1054 773 1108 carnis
805 1055 1077 1108 unionem
1109 1055 1482 1122 conﬁtentur,
1509 1055 1582 1108 iis
1615 1070 1826 1108 novum
1865 1053 2054 1107 videre

406 1142 802 1212 spectaculum
838 1143 1322 1212 contigit.Contra
1345 1143 1444 1214 qui
1476 1144 1670 1197 carnis
1702 1142 2050 1213 assumptio-

407 1247 536 1284 nem
575 1231 865 1298 rciiciunt,
891 1231 926 1284 ii
961 1247 1091 1284 cum
1128 1232 1418 1286 veteribus
1447 1230 1665 1285 Judaais
1695 1236 1915 1301 partem
1948 1230 2051 1284 ba-

404 1319 538 1374 bere
586 1335 750 1374 suam
803 1320 1110 1374 manifeste
1160 1321 1609 1384 convincuntur,
1642 1319 1737 1390 qui
1793 1335 1896 1373 nec
1943 1318 2052 1389 ipsi

404 1411 721 1479 potuerunt
743 1408 937 1462 videre
969 1408 1153 1462 oculis
1187 1409 1310 1462 suis
1343 1425 1469 1478 quae
1503 1425 1608 1462 nos
1639 1407 1914 1461 vidimus.
1949 1406 2052 1462 Ju-

404 1497 660 1550 daeorum
694 1496 846 1550 enim
881 1502 988 1560 est,
1023 1495 1338 1551 Salvatoris
1369 1497 1425 1550 in
1460 1513 1629 1550 carne
1669 1496 2050 1550 reconomiam

404 1602 519 1640 non
552 1585 976 1655 suscipere.His
1007 1585 1234 1656 seipsos
1267 1590 1608 1657 aggregant,
1641 1585 1738 1656 qui
1773 1585 1918 1640 duas
1951 1603 2052 1640 na-

400 1679 566 1728 turas
598 1673 917 1744 explodunt
952 1691 963 1727 :
1000 1674 1268 1744 quinimo
1304 1675 1589 1744 majorum
1623 1674 1936 1728 criminum
1972 1675 2050 1728 rei

402 1761 852 1816 efﬁciuntur.llli
889 1762 1043 1816 enim
1080 1779 1211 1816 cum
1244 1763 1342 1832 qui
1375 1769 1492 1817 tam
1528 1764 1816 1834 stupenda
1848 1763 2056 1817 edebat

2165 601 2437 682 Ἀϐραὰμ,
2472 602 2626 683 ὤφθη
2686 607 2766 680 τῷ
2813 606 3011 677 Ἰσαὰκ,
3067 604 3220 683 ὤφθη
3278 604 3358 678 τῷ
3408 600 3635 671 Ἰακὼϐ,
3666 600 3827 682 ὤφθη

2161 700 2239 766 τῷ
2297 697 2611 770 Mincii,va
2674 696 2866 772 μύριος
2920 691 3154 762 ἅλλοις;
3187 695 3246 747 Τί
3300 692 3392 748 οῦν
3446 694 3829 765 ἐπεθύμησαν,

2161 785 2251 838 καὶ
2312 783 2410 839 οὐκ
2468 782 2712 852 εἴδονςὸ
2770 786 2936 856 ἡμεῖς
2996 781 3124 838 ἰδεῖν
3180 784 3520 856 ἠξιώθημεν,
3555 785 3828 852 θεότητος

2161 873 2250 928 καὶ
2308 873 2731 946 ἀνθρωπότητος
2782 870 3014 948 ἅῤῥητον
3045 872 3133 926 καὶ
3188 869 3548 926 ἀδιάσπαστον
3599 869 3825 926 ἓνωσιν.

2163 962 2230 1018 Οἱ
2259 962 2438 1016 τοίνυν
2470 961 2871 1037 ὁμολογοῦντες
2899 965 2996 1014 τοῦ
3031 960 3208 1035 Λόγου
3239 961 3326 1014 καὶ
3356 967 3456 1028 τῆς
3487 961 3688 1034 σαρκὸς
3723 961 3824 1026 τήν

2161 1048 2463 1124 παράδοξον
2517 1047 2730 1118 ἕνωσιν,
2784 1050 2931 1104 οὗτοι
2989 1054 3086 1103 τοῦ
3147 1049 3297 1119 ξένου
3344 1051 3617 1120 Θεάματος
3671 1069 3827 1102 τετυ-

2164 1141 2421 1214 χήκασιν·
2455 1141 2508 1193 οἱ
2539 1137 2595 1194 δὲ
2621 1147 2722 1208 τῆς
2772 1139 2967 1212 σαρκὸς
3016 1139 3116 1206 τὴν
3176 1136 3446 1211 ἀνάληψιν
3501 1139 3829 1202 ἀθετοῦντες

2168 1228 2300 1300 μετὰ
2354 1234 2460 1283 τῶν
2523 1229 2719 1282 ἄνωθεν
2747 1225 3024 1282 Ἰουδαίων
3081 1223 3231 1302 ἔχειν
3281 1231 3379 1296 τήν
3434 1225 3634 1300 μερίδα
3689 1247 3830 1296 προ-

2165 1315 2352 1386 δήλως
2384 1316 2732 1392 ἐλέγχονται,
2763 1321 2872 1370 τῶν
2906 1318 2980 1388 μή
3013 1313 3431 1387 κατηξιωμένων
3485 1313 3619 1369 ἰδεῖν
3683 1318 3831 1386 μήτε

2164 1403 2305 1479 ὄψει,
2342 1407 2476 1482 ἅπερ
2535 1409 2698 1478 ἡμεῖς
2749 1405 3084 1480 ἑωράκαμεν.
3119 1401 3394 1459 Ἰουδαίων
3452 1404 3556 1478 γὰρ
3615 1407 3680 1458 τὸ
3743 1407 3822 1477 μή

2165 1495 2406 1567 δέξασθαι
2462 1501 2560 1551 τοῦ
2635 1503 2900 1570 Σωτῆρος
2977 1497 3076 1564 τήν
3151 1494 3406 1570 ἔνσαρκον
3476 1495 3826 1565 οθκονομίαν.

2162 1586 2388 1647 Τούτοις
2422 1587 2778 1640 συνάπτουσιν
2810 1584 3031 1646 ἑαυτοὺς
3065 1586 3117 1638 οἱ
3173 1585 3236 1638 τὸ
3285 1582 3513 1638 διπλοῦν
3563 1590 3673 1637 τῶν
3723 1583 3830 1659 φύ-

2165 1697 2300 1730 σεων
2334 1674 2738 1746 ἀπωθούμενοι,
2780 1673 2992 1745 μᾶλλον
3029 1671 3085 1726 δὲ
3115 1673 3201 1727 καὶ
3238 1672 3478 1746 μείζοσιν
3530 1670 3826 1746 ἐγκλήμα-

2164 1785 2244 1817 σιν
2309 1763 2594 1826 ὑπεῦθυνοι
2649 1763 2906 1838 γίνονται,
2967 1763 3195 1816 Ἐκεῖνοι
3268 1761 3368 1838 γάρ
3439 1761 3530 1816 τὸν
3583 1765 3825 1814 τοσαῦτα

405 1850 682 1905 miracula
711 1850 890 1904 Deum
921 1867 1050 1905 esse
1077 1849 1435 1922 ignorantes:
1453 1851 1510 1904 hi
1535 1867 1666 1904 vero
1691 1852 2050 1916 conﬁtentes,

2169 1852 2300 1925 μετά
2360 1853 2553 1926 σαρκὸς
2610 1852 3164 1925 θαυματουργήσαντα
3229 1851 3356 1904 Θεὸν
3419 1850 3550 1904 εἶναι
3615 1851 3826 1924 ἀγνοή-

405 1938 648 2010 indigna
677 1939 880 1993 contra
911 1939 1184 1993 deitatem
1221 1940 1826 2009 pronuntiant,omnes
1859 1940 2051 1994 carnis

407 2031 724 2098 assumptus
762 2029 1066 2098 passiones
1098 2028 1296 2082 deitati
1326 2029 1702 2082 ascribendas
1734 2044 1859 2082 esse
1911 2045 2046 2083 con-

405 2117 732 2172 tendentes.
769 2121 841 2168 At
887 2115 1038 2170 enim
1103 2117 1294 2171 dicent
1353 2118 1598 2172 fortasse
1655 2117 2054 2188 (impudenter

409 2204 565 2260 enim
597 2203 683 2260 vel
716 2205 1219 2260 manifestissimis
1250 2205 1582 2260 didicerunt
1611 2207 2047 2278 contradicere):

412 2295 537 2350 Non
551 2295 803 2350 dicimus
816 2297 1178 2352 divinitatem
1191 2314 1319 2352 esse
1333 2297 2046 2368 passionibusobnoxiam.

412 2383 482 2437 Et
513 2383 610 2454 qui
646 2400 758 2438 non
809 2383 1075 2438 diceretis
1109 2383 1237 2450 hoc,
1273 2384 1371 2454 qui
1420 2392 1538 2438 tam
1572 2384 1883 2440 artiﬁcioso
1923 2403 2050 2440 ora-

410 2473 628 2526 tionem
662 2472 1212 2526 adornatisPPassus
1233 2471 1795 2544 est,inquiunt,quia
1825 2474 2005 2530 voluit
2037 2494 2050 2530 :

409 2559 602 2630 ipsum
629 2559 926 2631 patibilem
950 2577 1078 2614 esse
1103 2577 1468 2632 nequaquam
1484 2561 1906 2618 dicimus.Cum
1929 2581 2048 2619 rem

408 2649 597 2720 ipsam
651 2665 765 2703 non
798 2649 1077 2704 dubitetis
1129 2649 1444 2716 afﬁrmare,
1475 2667 1577 2705 cur
1608 2667 1640 2703 a
1672 2651 1750 2705 rei
1792 2652 2050 2723 appella-

407 2737 564 2793 tione
594 2754 696 2792 vos
744 2737 1055 2792 abhorrere
1102 2737 1369 2809 ﬁngitis?
1399 2739 1456 2791 Si
1491 2739 1784 2794 damnatis
1824 2756 1922 2794 eos
1953 2742 2048 2809 qui

407 2825 768 2881 divinitatem
821 2843 1055 2896 passam
1091 2842 1220 2880 esse
1270 2831 1505 2898 negant,
1539 2844 1644 2881 cur
1690 2845 1804 2882 non
1837 2828 2051 2885 diserte

406 2914 589 2986 ipsam
643 2913 942 2985 patibilem
975 2931 1105 2969 esse
1151 2915 1552 2986 proﬁtemini?
1581 2917 1635 2969 Si
1673 2917 1912 2970 Judmus
1960 2933 2046 2972 se-

406 3003 664 3058 cundum
699 3020 797 3057 vos
828 3009 935 3070 est,
971 3003 1068 3075 qui
1099 3003 1303 3056 divina:
1339 3010 1560 3058 natura
1592 3005 1919 3074 passionem
1957 3023 2050 3060 ne-

405 3096 534 3163 gat:
559 3091 931 3146 Christianus
954 3093 1167 3162 est,qui
1191 3092 1495 3146 asserit.Et
1517 3110 1622 3147 cur
1644 3110 1758 3147 non
1781 3094 2047 3149 Judaeum

407 3179 664 3234 divinam
685 3184 951 3234 naturam
970 3179 1353 3250 impatibilem
1378 3180 1743 3236 conﬁtentem
1771 3184 2050 3253 praefertis

2162 1962 2368 2003 σαντες,
2402 1941 2549 1994 οὗτοι
2601 1938 2758 2008 δῆθεν
2819 1937 3221 2014 ὁμολογοῦντες
3281 1938 3465 2009 ἀνάξια
3523 1939 3660 1993 κατὰ
3717 1945 3824 2006 τῆς

2161 2031 2415 2101 θεότητος
2445 2030 2804 2106 ἀπεφήναντο,
2840 2027 3012 2082 πάντα
3039 2028 3103 2082 τὰ
3150 2030 3293 2098 πάθη
3345 2034 3445 2093 τῆς
3505 2025 3815 2103 ληφθείσης

2162 2120 2357 2192 σαρκὸς
2415 2119 2488 2179 εἷς
2547 2117 2704 2172 αὐτὸν
2759 2117 3052 2192 ἀνενεγκεῖν
3110 2117 3202 2171 τὸν
3254 2117 3380 2170 Θεὸν
3418 2112 3591 2190 Λόγον
3654 2114 3816 2192 φιλο-

2161 2210 2502 2278 νεικήσαντες
2540 2250 2551 2262 .
2633 2204 2792 2261 Ἀλλ’
2863 2203 3002 2266 ’ίσως
3098 2205 3307 2281 ἐροῦσιν
3387 2202 3626 2278 (ἔμαθον
3713 2205 3817 2279 γὰρ

2163 2296 2372 2369 ἰταμῶς
2461 2299 2726 2370 μάχεσθαι
2808 2300 2925 2356 τοῖς
2983 2292 3382 2370 προδήλοις)·
3445 2294 3518 2347 Οὐ
3577 2291 3818 2367 λέγομεν

2161 2388 2402 2456 παθητὸν
2455 2387 2517 2439 τὸ
2575 2389 2738 2447 θεῖον.
2793 2389 2916 2445 Πῶς
2975 2383 3037 2438 οὐ
3099 2384 3304 2458 Λέγετε,
3365 2383 3447 2437 ὅτι
3503 2381 3675 2457 τέχνῃ
3721 2382 3817 2435 τὸν

2165 2475 2330 2549 λόγον
2390 2471 2808 2542 κατασκευάζετε
2836 2492 2850 2540 ;
2883 2474 3107 2539 νΕπαθε,
3150 2472 3332 2549 φησὶν,
3385 2472 3459 2532 ὡς
3507 2471 3818 2540 ἠθέλησεν’

2163 2563 2224 2618 οὐ
2260 2564 2365 2636 μὴν
2401 2562 2641 2631 παθητὸν
2673 2561 2832 2614 αὐτὸν
2882 2559 3133 2636 λέγομεν.
3177 2561 3238 2614 Τί
3289 2561 3674 2636 προσποιεῖσθε
3702 2561 3820 2631 (25)

2163 2649 2434 2729 φείδεσθαι
2480 2654 2578 2704 τοῦ
2647 2649 2933 2721 ὀνόματος,
2984 2649 3436 2721 κατατολμῶντες
3486 2652 3585 2702 τοῦ
3645 2653 3818 2720 πράγ-

2167 2758 2373 2813 ματος;
2406 2740 2468 2793 Εἰ
2500 2744 2853 2813 κατηγορεῖτε
2881 2742 2988 2791 τῶν
3036 2735 3310 2811 λεγόντων
3371 2738 3446 2810 μὴ
3491 2737 3812 2790 πεπονθέναι

2160 2829 2222 2884 τὸ
2251 2831 2417 2897 θεῖον,
2451 2832 2567 2888 πῶς
2601 2827 2708 2902 οὐχ
2748 2827 3080 2901 ὁμολογεῖτε
3129 2823 3303 2901 λέγειν
3349 2825 3478 2880 αὐτὸ
3525 2825 3814 2892 παθητόν;

2163 2918 2224 2974 Ei
2256 2919 2284 2971 ὁ
2311 2918 2384 2990 μὴ
2421 2915 2598 2990 λέγων
2621 2916 2764 2976 θείας
2787 2914 2994 2993 φύσεως
3018 2913 3208 2981 πάθος,
3224 2912 3487 2975 Ἰουδαῖος
3511 2915 3630 2977 καθ’
3648 2914 3811 2984 ὑμᾶς’

2163 3008 2190 3060 ὁ
2223 3006 2424 3080 λέγων,
2459 3003 2912 3080 Χριστιανός.Καῖ
2945 3007 3060 3064 πῶς
3089 3002 3149 3056 οὗ
3181 3008 3386 3057 ποιεῖτε
3414 3002 3814 3077 προτιμότερον

2159 3093 2250 3146 τὸν
2283 3088 2568 3160 Ἰουδαῖον,
2599 3091 2691 3144 τὸν
2722 3090 2918 3151 ἀπαθὲς
2952 3091 3328 3165 δμοΑογοῦντα
3354 3091 3417 3144 τὸ
3463 3095 3624 3154 θεῖον,
3661 3090 3814 3159 ὑμῶν

2161 3187 2269 3236 τῶν
2298 3178 2749 3251 ἀποφαινομένων
2785 3179 2915 3232 αὐτὸ
2947 3179 3214 3248 παθητόν;
3241 3179 3314 3239 ὡς
3337 3179 3468 3232 εἶναι
3497 3179 3624 3250 ὑμῖν
3658 3178 3808 3250 ἀνάγ-

408 3269 570 3322 vobis
605 3268 903 3338 patibilcm
937 3269 1125 3339 ipsam
1163 3269 1613 3334 affirmantibus,
1649 3287 1780 3324 cum
1815 3273 2052 3326 omnino

2166 3291 2264 3340 κην
2325 3267 2618 3330 Ἰουδαίους
2683 3269 2824 3340 ὑμᾶς
2901 3269 3182 3330 καλεῖσθαι
3259 3271 3816 3341 προσμαρτυροῦντας

411 3369 714 3409 necessum
747 3355 843 3420 sit,
875 3361 977 3409 aut
1001 3357 1230 3410 Iudaeos
1261 3373 1361 3410 vos
1393 3359 1604 3425 vocari,
1629 3360 1676 3412 si
1711 3360 2054 3429 impetibili-

408 3448 584 3497 tatem
620 3459 748 3498 esse
795 3443 1190 3498 testiﬁcemini
1219 3461 1230 3510 ;
1263 3450 1364 3498 aut
1408 3445 1766 3500 Christianos
1799 3447 2055 3518 appella-

412 3531 482 3600 ri,
517 3536 580 3585 ut
609 3548 707 3586 vos
754 3532 993 3603 quidem
1043 3532 1438 3586 Christianum
1482 3534 1758 3601 deﬁnitis,
1793 3536 2054 3605 patibili-

410 3625 592 3677 tatem
645 3622 977 3676 sancientes
999 3624 1026 3674 ‘I
1061 3621 1362 3692 Proponite
1397 3623 1721 3693 perspicue,
1755 3641 1931 3693 quam
1975 3631 2056 3680 te-

413 3711 567 3766 netis
618 3710 991 3765 sententiam.
1028 3733 1054 3760 ››
1089 3710 1267 3764 Corde
1315 3711 1466 3764 enim
1502 3711 1757 3765 creditur
1803 3715 1873 3767 ad
1903 3715 2050 3769 507

403 3801 723 3872 justitiam,
757 3817 854 3855 ore
885 3807 1076 3856 autem
1127 3802 1414 3856 confessio
1449 3803 1512 3855 ﬁt
1545 3802 1610 3856 ad
1646 3803 1895 3858 salutem
1929 3806 1992 3859 ⁸⁸.
2031 3828 2057 3854 ››

411 3891 470 3946 Si
501 3889 754 3946 Verbum
807 3907 918 3943 non
951 3896 1040 3945 est
1089 3906 1347 3960 passum,
1384 3890 1564 3960 igitur
1608 3908 1760 3945 caro.
1818 3892 1872 3946 Si
1926 3910 2058 3948 caro

413 3995 529 4034 non
563 3983 652 4033 est
683 3994 875 4048 passa,
901 3979 1084 4049 igitur
1113 3978 1389 4032 Verbum.
1425 3978 1481 4033 Si
1517 3985 1786 4033 neutrum
1825 3981 2056 4046 horum,

415 4067 593 4139 igitur
622 4067 854 4138 aliquod
911 4067 1168 4122 tertium.
1225 4069 1278 4119 Si
1317 4067 1541 4121 nullum
1594 4070 1854 4134 omnino,
1882 4071 2062 4142 igitur

418 4156 611 4228 passio
641 4155 770 4225 ipsa
799 4171 914 4210 non
947 4157 1054 4209 fuit
1101 4173 1113 4209 :
1150 4156 1198 4210 si
1235 4157 1465 4210 nemine
1499 4157 1752 4227 patiente
1786 4158 1892 4212 fuit
1925 4176 2060 4229 pas-

415 4243 522 4310 sio,
556 4243 751 4313 opinio
785 4243 929 4309 fuit;
963 4243 1236 4314 opinione
1281 4243 1593 4298 salvamur.
1631 4246 1812 4317 Igitur
1841 4248 1908 4301 ad
1942 4248 2056 4302 Ma-

415 4331 670 4387 nichaeos
695 4331 1063 4404 confugistis.
1099 4337 1163 4386 Et
1187 4349 1292 4387 cur
1310 4335 1382 4388 ab
1415 4351 1612 4389 eorum
1648 4337 1881 4390 nomine
1904 4338 2057 4392 refu-

415 4420 574 4492 gitis,
608 4421 708 4491 qui
741 4437 840 4475 vos
875 4437 1180 4491 pravorum
1216 4427 1270 4476 et
1320 4422 1775 4478 intolerabilium
1818 4443 2057 4480 suorum

415 4509 756 4580 dogmatum
782 4507 1038 4564 béeredes
1059 4509 1362 4564 manifeste
1380 4509 1642 4565 habent?
1660 4511 1805 4567 Hinc
1822 4519 2061 4585 apparet

2163 3361 2224 3413 τὸ
2282 3356 2478 3420 ἀπαθές
2512 3376 2524 3389 ·
2580 3358 2613 3425 ἣ
2669 3355 3026 3429 Χριστιανοὺς
3110 3355 3462 3428 ὀνομάζεσθαι
3539 3356 3678 3408 κατά
3726 3354 3820 3407 τὸν

2169 3447 2422 3520 ὑμέτερον
2458 3447 2581 3518 ὅρον
2614 3449 3043 3518 νομοθετοῦντας
3074 3447 3136 3499 τὸ
3167 3447 3369 3513 πάθος;
3399 3445 3702 3520 Γνωρίσατε
3723 3465 3818 3520 ορα-

2165 3542 2331 3612 νερῶς
2363 3538 2425 3604 ἢν
2472 3533 2624 3610 ἔχετε
2685 3531 2862 3603 δόξαν.
2897 3531 3165 3609 «Καρδίᾳ
3213 3535 3314 3610 γὰρ
3373 3534 3682 3587 πιστεύεται
3739 3533 3817 3592 εἱς

2167 3623 2534 3694 δικαιοσύνην·
2570 3625 2796 3696 στόματι
2829 3619 2886 3677 δὲ
2915 3622 3267 3698 ὁμολογεῖται
3319 3623 3394 3682 εἷς
3455 3622 3750 3695 σωτηρίαν.
3785 3643 3814 3673 η

2167 3713 2235 3769 Ei’
2266 3719 2341 3786 μὴ
2373 3712 2631 3776 πέπονθεν
2664 3713 2692 3766 ὁ
2724 3711 2914 3786 Λόγος,
2939 3711 3131 3766 οὐκοῦν
3165 3714 3199 3780 ἡ
3233 3712 3382 3786 σάρξ.
3409 3711 3472 3764 Ei
3508 3713 3586 3782 μή
3618 3713 3654 3778 ἡ
3690 3711 3818 3780 σὰρξ

2167 3805 2449 3872 πέπονθεν,
2513 3801 2706 3856 οὐκοῦν
2769 3801 2797 3854 ὁ
2859 3800 3047 3875 Λόγος.
3107 3801 3164 3854 Εἰ
3229 3797 3526 3875 μηδέτερον
3583 3799 3816 3868 τούτων,

2169 3892 2362 3947 οὐκοῦν
2422 3889 2562 3945 ἄλλο
2619 3889 2817 3963 τρίτον,
2855 3889 2917 3945 Ei
2967 3886 3135 3962 μηδὲν
3191 3887 3476 3962 μηδόλως,
3527 3888 3724 3942 οὐκοῦν
3754 3888 3819 3942 τὸ

2168 3983 2336 4040 πάθος
2395 3979 2456 4033 οὐ
2514 3979 2753 4053 γέγονεν.
2791 3977 2873 4044 Εἰ,
2929 3975 3164 4049 μηδενὸς
3213 3978 3496 4046 παθόντος,
3528 3978 3592 4032 τὸ
3647 3979 3821 4038 πάθος

2169 4072 2374 4146 γέγονε,
2437 4066 2660 4137 δόκησις
2736 4066 2962 4142 γέγονε·
3020 4063 3241 4137 δοκήσει
3302 4066 3608 4138 σωζόμεθα.
3675 4067 3820 4140 Πρὸς

2170 4156 2514 4234 Μανιχαίους
2562 4155 2754 4210 οὐκοῦν
2789 4153 3228 4227 ηὐτομολήσιτε.
3265 4156 3361 4209 Καῖ
3421 4160 3539 4210 πῶ;
3600 4155 3825 4232 φεύγετε

2166 4250 2266 4316 τήν
2325 4246 2541 4301 ἐκείνων
2589 4243 2981 4320 προσηγορίαν,
3017 4245 3090 4298 ὧν
3140 4244 3414 4320 φαίνεσθαι
3474 4243 3822 4319 κληρονόμοι

2165 4343 2267 4404 τῆς
2321 4335 2602 4413 ἀφορήτου
2663 4329 3016 4402 κακοδοξίας;
3050 4332 3207 4389 Οὕτω
3257 4331 3316 4387 δὲ
3375 4329 3651 4389 Ἰουδαίων
3699 4332 3824 4407 χεί-

2170 4445 2298 4500 ρους
2356 4424 2674 4501 φανήσεσθε,
2705 4421 2792 4476 καὶ
2853 4421 3184 4496 Μανιχωὶων
3240 4421 3303 4475 οὗ
3352 4421 3562 4496 πόρῥω.
3615 4421 3713 4475 Καὶ
3771 4420 3826 4474 τί

2170 4512 2402 4588 λέγομεν
2436 4509 2711 4566 Ἰουδαίων
2770 4511 2860 4564 καὶ
2919 4509 3280 4584 Μανιχαίων;
3320 4510 3494 4564 Αὐτοῦ
3540 4515 3639 4564 τοῦ
3691 4511 3824 4565 πάν-

416 4615 516 4653 vos
564 4603 621 4652 et
668 4599 892 4669 pejores
941 4597 1159 4652 Judaais
1200 4616 1348 4668 esse,
1401 4606 1456 4653 et
1499 4617 1530 4654 a
1563 4601 1897 4656 Manichaeis
1947 4623 2054 4659 non

2170 4623 2276 4656 των
2312 4601 2531 4675 εὑρετοῦ
2559 4604 2664 4654 τῶν
2697 4603 2877 4653 κακῶν
2910 4603 3007 4652 τοῦ
3056 4603 3225 4653 ταῦτα
3273 4599 3399 4671 ὑμῖν
3458 4599 3826 4675 ὑποσπείραν-

418 4685 668 4740 multum
729 4687 952 4741 abesse.
989 4686 1098 4740 Sed
1161 4688 1298 4757 quid
1363 4687 1617 4742 dicimus
1667 4690 1736 4744 de
1761 4690 1978 4748 Judaeis
2009 4700 2065 4748 et

418 4773 800 4829 Manichteis?
834 4775 1034 4829 Vestra
1075 4773 1308 4844 longius
1343 4791 1648 4846 progressa
1681 4788 1764 4832 est
1793 4781 2060 4847 audacia,

417 4879 592 4935 quam
627 4862 787 4917 illius
821 4864 1134 4934 ipsius,qui
1169 4864 1360 4917 omnis
1395 4864 1533 4918 mali
1599 4873 1802 4920 auctor
1832 4875 1938 4936 est,
1963 4872 2061 4942 qui

416 4951 639 5008 occulte
690 4953 801 5008 ista
848 4954 1011 5007 vobis
1062 4953 1304 5007 inseruit
1350 4954 1590 5018 zizania,
1645 4958 1740 5026 qui
1793 4960 2067 5016 omnibus

417 5042 584 5096 bonis
631 5042 866 5104 invidet,
922 5041 1162 5096 diaboli.
1201 5041 1296 5096 Ille
1330 5043 1424 5094 ubi
1458 5045 1526 5096 ad
1574 5047 1888 5100 Jordanem
1922 5048 2064 5103 divi-

419 5146 555 5184 nam
588 5129 904 5185 Salvaloris
938 5130 1184 5200 gloriam
1219 5133 1775 5199 conspexit,invidia3
1808 5136 2067 5191 stimulis

419 5218 695 5286 agitatus,
733 5236 843 5271 non
883 5235 1064 5272 ausus
1096 5225 1181 5273 est
1217 5220 1494 5274 tentando
1531 5220 1691 5289 prius
1743 5224 1936 5293 ipsum
1971 5243 2066 5294 ag-

418 5307 602 5380 gredi,
635 5324 810 5377 quam
847 5310 998 5362 fame
1033 5307 1391 5361 laborantem
1444 5307 1603 5377 vidit,
1640 5326 1764 5380 qum
1797 5312 2070 5370 humanae

420 5396 778 5451 inﬁrmitatis
813 5402 946 5450 nota
964 5394 1330 5464 est.Agnovit
1364 5395 1470 5449 hoc
1499 5396 1734 5453 deitatis
1767 5403 2066 5472 proprium

491 5541 535 5575 ⁸⁸
564 5539 726 5595 Rom.
763 5556 816 5607 x,
855 5539 939 5592 10.

2170 4712 2263 4752 τος
2321 4689 2386 4743 τὰ
2439 4689 2667 4757 ζιζάνια,
2703 4691 2794 4741 τοῦ
2851 4691 3176 4764 φθονοῦντος
3231 4693 3349 4748 τοῖς
3407 4686 3600 4752 καλοὶ
3659 4689 3824 4742 ἅπασι

2175 4773 2457 4842 διαϐόλου,
2477 4775 2924 4850 τολμηροτέρους
2957 4774 3180 4836 ἑαυτοὺς
3215 4777 3538 4853 ἀπεφήνατε.
3557 4780 3825 4841 Ἐκεῖκος,

2175 4866 2264 4922 ὅτε
2296 4863 2430 4920 εἶδεν
2465 4864 2551 4918 ἐπὶ
2578 4862 2675 4918 τοῦ
2711 4861 2986 4936 Ἰορδάνου
3015 4864 3112 4931 τὴν
3171 4868 3268 4918 τοῦ
3328 4871 3587 4940 Σωτῆρος
3648 4863 3824 4929 ἔνθεον

2177 4954 2354 5025 δόξαν,
2386 4954 2629 5029 κέντροις
2678 4957 2775 5006 τοῦ
2819 4952 3020 5028 φθόθου
3063 4952 3416 5026 νυσσόμενος,
3450 4952 3512 5006 οὐ
3560 4955 3827 5028 πρότερον

2178 5044 2451 5117 ἐτόλμησε
2480 5046 2840 5116 προσαγαγεῖν
2875 5043 2971 5110 τὴν
3001 5047 3211 5116 πεῖραν,
3241 5038 3345 5103 ἕως
3378 5042 3440 5095 οὗ
3499 5039 3634 5096 εἶδεν
3695 5045 3830 5117 ipa-

2183 5135 2344 5206 μένην
2416 5133 2515 5200 τήν
2597 5137 2801 5201 πεῖναν,
2863 5131 3206 5203 ἀνθρωπίνης
3264 5127 3463 5192 ἐνδείας
3521 5133 3826 5206 γνώρισμα.

2179 5223 2346 5282 Οὗτος
2378 5216 2496 5294 ᾔδει
2527 5227 2627 5288 τῆς
2662 5218 2920 5289 θεότητος
2948 5220 3010 5274 τὸ
3044 5219 3238 5278 ἀπαθὲς
3266 5217 3409 5273 ’ίδιον
3455 5221 3544 5274 καὶ
3608 5222 3830 5296 ἀπείρα-

2179 5330 2322 5366 στον·
2361 5310 2515 5381 ὑμεῖς
2563 5306 2620 5363 δὲ
2679 5309 2778 5376 τήν
2839 5313 3022 5362 πεῖναν
3082 5313 3170 5362 καί
3225 5309 3322 5376 τὴν
3386 5306 3562 5383 δίψαν,
3592 5311 3682 5364 καὶ
3735 5310 3832 5364 ὅσα

2177 5403 2420 5467 τοιαῦτα,
2452 5400 2552 5465 τῆς
2628 5396 2886 5465 θεότητος
2943 5396 3110 5465 αἰιτῆς
3169 5398 3543 5472 ἀποφαίνεσθε,
3586 5401 3676 5452 καὶ
3736 5403 3832 5453 τοῦ

495 5680 606 5748 (25)
637 5678 833 5750 Vulg.,
866 5679 1302 5751 προσποιεῖσθαι,
1336 5681 1400 5732 ut
1427 5681 1485 5732 et
1515 5680 1688 5751 paulo
1721 5681 1876 5739 infra
1903 5685 2054 5760 φαντί.

2166 5698 2230 5745 μαι
2262 5699 2366 5756 pro
2396 5681 2710 5760 φανήσεσθε.
2745 5685 2902 5738 Enn.

4084 1187 4086 1232 |

4083 1277 4086 1322 Ι

4084 1679 4086 1718 |
