4086 6214
234 319 387 376 13⁸77

978 317 1630 380 CONFUTATIONES
1677 315 2183 387 QUAHUMDAM
2234 316 2866 378 PROPOSITIONUM
2880 361 2892 374 .

3480 323 3632 382 I378

232 450 464 520 σταυροῦ
509 447 574 500 τὸ
622 447 790 508 πάθος
848 447 983 520 αὐτῇ
1039 451 1109 521 τῇ
1171 446 1386 516 θεότητι
1437 449 1619 523 σαφῶς
1647 441 1871 522 περιφέ-

1998 462 2138 513 esse,
2171 463 2281 500 non
2319 448 2460 518 pati,
2497 465 2610 502 non
2642 447 2875 503 tentari.
2909 447 3025 505 Vos
3076 454 3280 504 contra
3329 457 3385 504 et
3415 450 3629 506 famem

227 554 366 608 ρετε.
399 536 637 596 Ἐκεῖνος
683 531 752 588 δι’
803 529 1110 609 ὑπερϐολὴν
1161 534 1425 610 πονηρίας
1457 535 1544 588 ἀπ’
1576 533 1754 609 ἀρχῆς
1785 532 1879 586 ἀν-

225 622 610 696 θρωποκτόνος
659 623 1096 698 προσηγορεύθη·
1151 625 1302 696 ὑμεῖς
1349 621 1405 678 δὲ
1455 620 1523 676 δι’
1567 616 1874 695 ὑπερϐολὴν

223 718 330 779 τῆς
379 711 513 766 κατὰ
559 712 686 766 Θεὸν
737 711 988 773 ἀπονοίας
1038 712 1351 774 θεοκτόνους
1398 710 1524 772 τοὺς
1583 707 1875 771 Ἰουδαίους

224 799 676 876 προσαγορεύετε·
726 802 815 854 καὶ
874 801 972 855 οὐκ
1025 800 1339 877 αἰσχύνεσθε
1389 799 1610 873 μείζονα
1648 796 1873 871 δύναμιν

225 894 328 943 τοῦ
361 887 689 944 διδασκάλου
719 895 827 944 τῶν
857 889 1118 944 τοιούτων
1151 888 1432 951 Ἰουδαίοις
1460 893 1578 950 τοῖς
1613 893 1877 962 μαθηταῖς

226 977 614 1049 ἀπονέμοντες
647 977 733 1032 καὶ
767 978 900 1032 κατά
927 979 1026 1046 τὴν
1061 975 1324 1056 ἔγγραφον
1357 975 1682 1053 κατηγορίαν
1715 975 1876 1050 γνόν-

218 1088 311 1128 τες
342 1068 433 1120 τὸν
467 1067 614 1134 Θεὸν,
649 1067 758 1141 οὐχ
787 1068 860 1129 ὡς
890 1068 1016 1122 Θεὸν
1052 1065 1317 1138 δοξάζετε.
1346 1066 1590 1137 Παθητὸν
1613 1065 1716 1140 γὰρ
1741 1066 1872 1118 εἶναι

220 1156 665 1224 κατασκευάζετε.

1987 540 2043 589 et
2073 536 2256 600 sitim,
2285 543 2340 591 et
2371 536 2419 590 si
2449 554 2562 608 qua
2595 538 2775 607 hujus
2807 537 3036 609 generis
3069 538 3184 592 alia
3235 544 3390 608 sunt,
3425 539 3628 595 deitati

1985 625 2096 694 ipsi
2131 624 2409 688 tribuitis,
2445 631 2502 680 et
2555 626 2743 680 eidem
2796 626 2996 680 deitati
3049 628 3382 697 passionem
3440 629 3632 683 crucis

1987 715 2294 767 manifeste
2323 713 2747 768 ascribitis.llle
2775 721 3010 786 propter
3026 732 3320 770 summam
3346 715 3633 770 malitiam

1986 801 2278 856 homicida
2300 801 2371 856 ab
2393 801 2562 857 initio
2589 803 2784 858 dictus
2810 809 2930 858 est:
2958 820 3057 859 vos
3078 810 3314 875 propter
3338 821 3639 860 summum

1984 891 2264 945 adversus
2299 897 2475 945 Deum
2513 893 2767 946 furorem
2799 891 3032 947 Judaeos
3088 895 3182 948 Dei
3231 895 3638 950 interfectores

1984 977 2177 1033 dicitis
2211 995 2223 1033 :
2259 995 2363 1034 nec
2396 981 2676 1048 majorem
2703 981 3022 1052 potentiam
3055 980 3276 1036 Judaeis
3306 981 3637 1053 discipulis,

1983 1083 2162 1135 quam
2195 1067 2455 1138 ipsorum
2492 1069 2772 1140 magistro
2791 1069 3020 1124 diabolo
3051 1071 3305 1125 tribuere
3337 1070 3638 1126 veremini:

1987 1155 2240 1226 denique
2272 1161 2335 1210 ut
2364 1156 2538 1211 habet
2566 1157 2874 1228 Scriptura:
2913 1159 3230 1226 accusatio,
3264 1175 3399 1215 cum
3455 1159 3639 1215 Deum

218 1247 522 1314 noveritis,
557 1253 754 1302 tamen
786 1252 851 1302 ut
881 1246 1064 1302 Deum
1099 1263 1213 1302 non
1239 1245 1599 1320 glorificatis.
1635 1243 1941 1300 Patibilem
1972 1243 2128 1299 enim
2160 1260 2292 1300 eum
2321 1261 2449 1300 esse
2479 1247 2849 1301 contenditis.

977 1402 1124 1450 XIII.

214 1485 398 1560 ΠρὸςΔ
448 1484 578 1560 τοὺς
609 1556 622 1560 _
665 1484 978 1560 λεγονταςη
1037 1483 1119 1560 ὅτι
1197 1486 1284 1538 καὶ
1358 1482 1582 1560 ἄγγελοι
1619 1482 1726 1560 ἐπὶ
1782 1483 1875 1537 τὸν

293 1550 554 1646 ’ἧὸραάμ
607 1550 872 1620 ἐσθίοντες
926 1550 986 1610 ού
1046 1556 1262 1617 πάντως
1343 1550 1538 1625 σαρκὸς
1615 1553 1872 1632 ἐπέφερον

296 1649 477 1704 φυσιν.

299 1749 535 1805 Πολλῶν
567 1752 656 1805 καὶ
699 1755 960 1826 πονηρῶν
999 1752 1390 1826 τεχνασμάτων
1443 1749 1724 1826 γεγονότες
1771 1769 1876 1803 πα-

2734 1397 2885 1452 XIII.

1984 1483 2260 1557 Adversus
2286 1499 2373 1538 eos
2421 1487 2518 1555 qui
2556 1485 2766 1553 dicunt,
2808 1488 3032 1552 angelos
3082 1487 3232 1557 apud
3271 1486 3645 1542 Abrahamum

2090 1555 2323 1620 edentes,
2354 1557 2537 1611 carnis
2579 1566 2843 1612 naturam
2873 1573 2984 1612 non
3015 1555 3237 1613 amitino
3269 1557 3536 1614 induisse.

2055 1750 2176 1806 Etsi
2213 1750 2530 1807 multorum
2583 1753 2993 1824 malorumque
3047 1759 3510 1811 commentorum
3543 1773 3648 1826 pa-

213 1840 396 1916 τέρες,
431 1840 482 1893 οἱ
513 1840 578 1893 τὰ
607 1840 800 1894 αἰώνια
830 1839 954 1914 ὅρια
977 1845 1085 1894 τῶν
1128 1839 1396 1912 ἐνθὲσμων
1454 1839 1700 1913 πατέρων
1757 1859 1880 1910 μετ-

1998 1844 2108 1893 tres
2139 1841 2274 1894 facti
2307 1847 2466 1895 sunt.
2501 1843 2600 1913 qui
2635 1847 2949 1914 perpetuos
2969 1842 3364 1915 legitimorum
3403 1849 3639 1916 patrum

218 1934 353 2002 ἆραι
409 1927 910 2002 φιλονεικήσαντες,
980 1928 1079 1982 οὐκ
1151 1926 1483 2002 ἠρκέσθησαν
1541 1933 1658 1988 τοῖς
1719 1925 1879 1988 ξ’δίοις

219 2016 496 2090 ἐκγόνοις·
530 2017 656 2072 ἀλλ’
691 2014 766 2072 ἔτι
799 2018 888 2072 καὶ
916 2021 1024 2070 τῶν
1057 2015 1227 2071 πάλαι
1257 2015 1541 2088 πολεμίων
1590 2023 1690 2085 τῆς
1740 2015 1880 2070 ἀπο-

221 2103 492 2174 στολικῆς
565 2105 890 2175 Ἐκκλησίας
951 2101 1337 2181 ἀμϐλωθρίδια
1401 2103 1630 2178 δυσγενῆ
1699 2109 1881 2165 κακῶς

219 2192 657 2266 ἀποκλέψαντες,
710 2195 784 2255 ὡς
836 2193 1028 2268 εὐγενῆ
1073 2195 1162 2248 καὶ
1207 2193 1415 2248 τὲλειον
1470 2193 1627 2248 τόκον
1675 2190 1879 2268 δογμά-

212 2305 331 2336 των
409 2277 838 2357 προϐάΛλονται,
911 2283 1001 2336 καὶ
1074 2280 1142 2336 δι’
1199 2282 1373 2336 αὐτῶν
1432 2284 1500 2336 τὰ
1558 2281 1878 2356 Μανιχαίων

215 2374 362 2439 ἡμῖν
415 2370 761 2442 ἐπισείουσιν,
813 2371 886 2432 ὠς
940 2369 1027 2425 ἐπὶ
1073 2369 1172 2426 τοῦ
1220 2366 1472 2446 Ἀϐρααμ
1518 2369 1782 2445 ἀγγέλους
1811 2372 1879 2442 τῇ

217 2458 401 2529 οἰκείᾳ
475 2459 628 2535 φύσει
700 2467 908 2537 τροφῆς
972 2460 1366 2536 μετεσχηκέναι
1444 2459 1879 2534 τερατευόμενοι,

219 2551 318 2602 καὶ
349 2549 450 2616 τὴν
483 2547 712 2618 θεότητα
741 2554 836 2602 τοῦ
870 2549 1138 2603 Δεσπότου
1181 2553 1415 2624 Χριστοῦ
1462 2550 1599 2602 κατὰ
1645 2549 1736 2602 τὸν
1787 2548 1878 2601 αύ-

223 2638 324 2691 τὸν
355 2635 558 2710 τρόπον
593 2635 722 2713 δίχα
753 2638 947 2712 σαρκὸς
979 2639 1184 2713 τροφήν
1234 2637 1323 2692 καὶ
1374 2636 1538 2690 ποτὸν
1599 2634 1880 2710 εἰληφέναι

222 2727 679 2804 ἀποφαινόμενοι·
734 2729 906 2783 καίτοι
965 2736 1065 2798 τῆς
1116 2728 1271 2805 ἁγίας
1323 2735 1540 2806 Γραφῆς
1573 2728 1634 2782 οὐ
1685 2732 1753 2802 τῇ
1784 2729 1883 2804 φύ-

225 2837 313 2871 σει
344 2820 505 2871 τοῦτο
564 2825 907 2892 γεγενῆσθαι,
953 2821 1023 2891 τῇ
1076 2815 1132 2872 δὲ
1177 2814 1269 2891 ὄψι
1315 2818 1452 2890 μόνῃ
1509 2822 1689 2894 σαφῶς
1747 2837 1882 2890 παρ-

233 2906 498 2973 ιστώσης.
557 2905 621 2959 Εἰ
679 2906 782 2981 γάρ
839 2907 906 2974 ἦν
966 2905 1214 2984 φύσειτά
1242 2906 1525 2981 γινόμενα,
1589 2903 1694 2960 ἔδει
1756 2903 1882 2966 τοὺς

222 2999 380 3068 τρεῖς
459 2993 694 3056 ἆκείνους
764 2992 957 3071 ἄνδρας
1038 2994 1418 3068 ὀνομάζεσθαι⁹
1495 2998 1530 3064 ἢ
1618 2992 1884 3070 ἀγγέλους

227 3081 731 3158 προσαγορεύεσθαι
762 3083 930 3155 (πολὺ
985 3083 1085 3159 γάρ
1141 3087 1246 3138 τῶν
1307 3081 1402 3137 δύο
1434 3087 1602 3158 γενῶν
1651 3083 1714 3138 τὸ
1764 3079 1884 3136 διά-

233 3182 457 3249 φορον)·
523 3169 600 3232 ῶς
667 3168 860 3245 ἄνδρας
923 3172 1017 3244 μὲν
1077 3167 1252 3238 ὄντας,
1315 3170 1485 3245 μηδὲν
1545 3171 1680 3226 κατά
1727 3171 1958 3272 φύσινο

241 3260 254 3272 .
372 3259 391 3272 η
473 3261 486 3272 .
589 3258 602 3272 ς
681 3257 754 3272 α,
1071 3261 1082 3272 .
1169 3260 1209 3272 ..
1377 3258 1416 3272 ρ..
1503 3256 1527 3272 υ
1863 3259 1876 3272 .

227 3259 524 3335 άγγελικὸν
585 3257 998 3324 ἐπιδείκνυσθαι·
1060 3260 1319 3336 ἀγγέλους
1373 3258 1430 3315 δὲ
1499 3256 1679 3328 ὄντας,
1749 3259 1887 3313 κατὰ

233 3345 412 3421 μηδὲν
471 3347 638 3420 μέλος
697 3350 1005 3421 σωματικὸν
1066 3351 1153 3403 καὶ
1223 3348 1613 3426 ἐπιφαίνεσθαι,
1675 3348 1761 3402 οἶα
1819 3345 1885 3416 δὴ

227 3435 536 3507 πνεύματα.
616 3442 739 3499 Πῶς
815 3438 904 3492 οὖν
983 3435 1224 3492 διδόασιν
1299 3437 1483 3500 αὐτοῖς
1542 3437 1678 3492 κατὰ
1733 3435 1887 3514 φύσιν

227 3526 472 3602 τροφήν,
505 3525 582 3587 ὡς
630 3523 888 3598 ἀνδράσι;
954 3524 1182 3588 Ψευδῶς
1237 3526 1414 3581 τοίνυν
1476 3524 1698 3602 ἄγγελοι
1761 3547 1893 3598 μνη-

241 3614 564 3686 μονεύοντα.
629 3613 780 3670 Ἀλλ’
844 3615 918 3676 ὡς
977 3615 1270 3691 ἀγγέλοις;
1330 3615 1418 3670 καὶ
1487 3615 1567 3677 τίς
1639 3613 1894 3688 μετουσία

249 3702 525 3774 πνεύμασι
579 3709 786 3780 τροφῆς
864 3703 1167 3774 αἰσθητῆς;
1227 3705 1262 3773 ἢ
1321 3705 1466 3780 τάχα
1525 3701 1893 3778 μυθοΛογοῦσι

249 3789 501 3852 καὶτοὺς
553 3788 817 3866 ἀγγέλους
868 3791 1377 3866 ἐνανθρωπήσαντας
1425 3797 1757 3865 σωματικοῖς
1809 3790 1897 3868 ὁρ-

249 3879 440 3954 γάνοις
512 3878 816 3935 ἀπολαῦσαι
893 3886 1215 3953 σωματικῶν
1297 3878 1642 3954 ἐδεσμάτων;
1723 3881 1780 3935 Εἰ
1838 3877 1898 3935 δὲ

253 3963 731 4041 μεταϐαλλόμενοι
796 3974 969 4042 φαῖεν,
1030 3966 1320 4039 ἐνδείξεως,
1374 3969 1437 4024 οὐ
1487 3968 1714 4047 φύσεως,
1765 3969 1894 4024 εἶναι

245 4058 350 4126 τήν
407 4055 666 4133 εὐωχίαν,
723 4058 935 4120 πάντως
984 4058 1018 4127 ἢ
1067 4058 1477 4132 καταλείψουσιν
1529 4059 1604 4120 ὡς
1635 4058 1893 4113 ἀνοίκειον

245 4145 314 4202 τὸ
364 4142 730 4221 παράδειγμα,
789 4147 824 4215 ἢ
875 4146 962 4201 ἐπὶ
1014 4152 1112 4202 τοῦ
1170 4154 1428 4221 Σωτῆρος
1461 4147 1749 4224 φαντασίαν
1783 4145 1896 4201 ἀντὶ

244 4242 351 4304 τῆς
403 4233 662 4304 ἀληθείας
740 4234 1111 4311 ἐπεισάγοντες
1169 4237 1566 4310 εδρεθήσονται.
1636 4239 1756 4296 Πῶς
1804 4231 1895 4288 οὖν

248 4321 531 4396 τολμῶσιν
583 4320 779 4392 ἕλκειν,
822 4325 896 4386 ὡς
946 4323 1138 4398 ὅμοιον
1171 4325 1232 4379 τὸ
1273 4323 1567 4397 ἀνόμοιον;
1601 4323 1660 4378 Τί
1715 4321 1893 4378 κοινὸν

248 4408 368 4487 ἔχει
426 4412 560 4487 πρὸς
613 4413 714 4480 τήν
777 4411 1020 4488 μεγάλην
1078 4411 1278 4484 ταύτην
1324 4411 1638 4485 οἰκονομίαν
1670 4415 1705 4480 ἡ
1766 4409 1901 4466 κατὰ,

245 4499 378 4562 τοὺς
408 4499 676 4575 ἀγγέλους
708 4500 759 4555 ἐν
809 4503 1085 4576 σχήμασιν
1139 4502 1382 4577 inopia;
1433 4503 1522 4569 Μὴ
1582 4499 1894 4578 φαίνονται;

1993 1928 2138 1982 fines
2175 1929 2488 1984 transferre
2518 1935 2656 1984 sunt
2695 1930 2908 2000 conati,
2943 1947 3056 1984 non
3089 1932 3232 1985 satis
3279 1936 3419 1986 sunt
3443 1937 3643 1987 tamen

1991 2016 2136 2087 ipsis
2169 2017 2318 2071 fetus
2348 2018 2570 2089 proprii
2604 2035 2617 2072 :
2651 2019 2748 2073 sed
2801 2019 2953 2073 male
2999 2020 3240 2090 insuper
3287 2020 3643 2076 sufferentes

1991 2120 2190 2160 eorum
2243 2105 2342 2176 qui
2394 2123 2455 2161 se
2527 2105 2659 2161 olim
2727 2107 3056 2178 apostolicae
3127 2107 3642 2165 Ecclesiahostes

1991 2194 2236 2262 professi
2274 2199 2432 2249 sunt:
2464 2195 2750 2265 ignobiles
2793 2196 2946 2250 fetus
2996 2195 3310 2263 abortivos,
3362 2212 3460 2251 eos
3509 2202 3641 2252 tan-

1993 2296 2172 2351 quam
2203 2297 2554 2352 generosum
2587 2288 2642 2337 et
2673 2283 2991 2353 perfectum
3025 2285 3370 2356 dogmatum
3405 2290 3639 2356 partum

1993 2371 2318 2439 proterunt,
2349 2387 2566 2442 perque
2596 2370 2727 2426 illos
2751 2371 3203 2427 Manichaeorum
3228 2373 3441 2444 dogma
3474 2373 3644 2429 nobis

1992 2457 2264 2512 nituntur
2315 2459 2586 2526 excitare,
2640 2462 3088 2516 commiscentes
3135 2461 3375 2532 angelos
3426 2463 3526 2533 qui
3557 2463 3644 2516 di-

1990 2551 2284 2602 verterunt
2314 2549 2385 2602 ad
2418 2547 2789 2603 Abrahanum
2837 2550 3071 2621 propria
3123 2555 3331 2606 natura
3377 2568 3486 2606 sua
3536 2550 3644 2606 ali-

1993 2635 2176 2690 menti
2211 2637 2396 2691 faetos
2431 2637 2612 2691 fuisse
2636 2637 2972 2709 participes,
3002 2642 3060 2692 et
3092 2638 3212 2708 pari
3262 2642 3433 2694 modo
3463 2641 3643 2695 deita-

1996 2726 2112 2777 tem
2149 2723 2378 2778 Domini
2411 2724 2622 2780 Christi
2647 2725 2868 2796 absque
2901 2741 3073 2780 carne
3102 2726 3297 2781 cibum
3326 2732 3649 2798 potumque

1998 2813 2326 2883 sumpsisse
2347 2813 2765 2868 conﬁrmantes
2789 2831 2800 2867 :
2836 2813 2971 2869 licet
2992 2815 3293 2886 Scriptura
3319 2831 3504 2884 sacra,
3526 2832 3641 2870 non

1995 2901 2341 2956 naturaliter
2370 2903 2470 2956 sed
2514 2907 2863 2974 apparenter
2907 2902 3279 2958 solummodo
3311 2904 3366 2958 id
3403 2904 3640 2973 factum,

1995 2992 2210 3048 diserte
2242 2992 2680 3063 comprobante.
2706 2992 2764 3048 Si
2795 2995 2952 3047 enim
2986 2992 3328 3048 naturaliter
3350 2993 3461 3050 ista
3495 2995 3648 3051 facta

1996 3085 2132 3134 sunt
2171 3085 2397 3151 oportet
2453 3085 2572 3136 tres
2623 3079 2756 3136 illos
2805 3086 2905 3136 aut
2954 3081 3108 3137 viros
3177 3081 3490 3150 nominari,
3541 3087 3645 3138 aut

1997 3168 2234 3241 angelos
2267 3171 2596 3241 nuncupari
2648 3168 2926 3240 (multum
2976 3169 3134 3224 enim
3173 3169 3326 3225 inter
3363 3171 3478 3225 duo
3527 3171 3646 3227 haec

1997 3273 2209 3328 genera
2239 3262 2328 3312 est
2369 3257 2749 3329 discriminis)
2798 3258 2905 3313 etsi
2960 3258 3199 3329 quidem
3248 3258 3354 3312 viri
3405 3259 3647 3330 fuerint,

1999 3344 2144 3399 nihil
2177 3345 2330 3416 quod
2363 3345 2434 3400 ad
2491 3349 2762 3400 naturam
2805 3345 3128 3416 angelicam
3176 3346 3524 3414 ostendere;
3556 3345 3648 3402 sin

2001 3432 2212 3505 angeli,
2264 3432 2425 3488 nullo
2471 3449 2746 3505 corporeo
2815 3435 3078 3488 membro
3124 3449 3283 3488 more
3327 3434 3646 3506 spirituum

2001 3539 2278 3593 apparere
2309 3521 2440 3577 illos
2469 3522 2746 3594 oportuit.
2775 3521 3074 3586 Quomodo
3101 3522 3280 3594 igitur
3307 3521 3501 3577 cibum
3535 3522 3651 3580 illis

2002 3613 2166 3666 daret
2194 3611 2518 3667 secundum
2553 3616 2824 3666 naturam
2855 3612 2882 3665 ‘I
2911 3612 3172 3682 nunquid
3201 3615 3264 3666 ut
3287 3610 3427 3666 viris
3447 3611 3474 3664 ?
3504 3611 3648 3668 falso

2003 3701 2182 3772 igitur
2210 3700 2400 3772 angeli
2432 3700 2614 3756 fuisse
2648 3706 3067 3756 memorantur.
3121 3699 3395 3769 Nunquid
3450 3706 3513 3754 ut
3543 3716 3647 3755 an-

2002 3789 2191 3861 gelis?
2218 3805 2401 3860 ecqua
2429 3789 2737 3860 spiritibus
2763 3804 2896 3842 cum
2925 3787 3188 3843 sensibili
3219 3787 3348 3842 cibo
3378 3790 3468 3843 est
3488 3803 3647 3842 com-

2009 3877 2208 3932 munio
2241 3877 2269 3930 ‘I
2305 3878 2418 3932 nisi
2455 3878 2596 3931 forte
2628 3882 2685 3930 et
2713 3875 2951 3945 angelos
2987 3875 3250 3931 homines
3301 3875 3483 3930 factos
3513 3892 3642 3931 cor-

2005 3965 2302 4038 poralibus
2331 3965 2568 4036 organis
2616 3966 2742 4019 cibo
2793 3963 3078 4035 corporali
3123 3963 3239 4018 frui
3282 3963 3645 4019 fabulantur.

2005 4055 2065 4110 Si
2098 4057 2324 4108 mutata
2353 4051 2644 4107 sententia
2664 4051 2940 4118 dixerint,
2975 4069 3089 4106 non
3136 4067 3337 4108 revera
3365 4057 3424 4106 et
3470 4056 3644 4106 natu-

2007 4141 2222 4211 raliter,
2246 4141 2346 4196 sed
2381 4145 2730 4211 apparenter
2779 4141 2918 4195 istos
2963 4140 3235 4211 epulatos
3287 4140 3467 4196 fuisse
3502 4157 3514 4195 :
3548 4145 3650 4196 aut

2006 4228 2344 4300 relinquant
2373 4233 2600 4300 oportet
2627 4228 2957 4301 exemplum
3001 4228 3338 4301 angelorum
3373 4233 3438 4283 ut
3486 4245 3651 4300 pere-

2005 4319 2265 4391 grinum,
2291 4315 2466 4372 autin
2492 4316 2808 4384 Salvatore,
2834 4317 2957 4372 loco
2980 4318 3258 4383 veritatis,
3283 4317 3650 4389 phantasiam

2006 4407 2280 4462 indncere
2329 4405 2783 4478 comperiantur.
2837 4408 2962 4471 Qua
3009 4405 3188 4477 igitur
3235 4405 3426 4462 fronte
3473 4405 3650 4462 dissi-

2007 4495 2143 4550 mile
2171 4500 2455 4564 tanquam
2505 4494 2698 4549 simile
2747 4495 2815 4548 ad
2863 4494 3158 4550 Christum
3215 4495 3434 4550 audent
3464 4496 3654 4550 detor-

245 4588 423 4656 πύτε;
454 4589 488 4658 ἢ
543 4594 682 4656 ποῦ;
715 4587 749 4657 ἢ
782 4589 928 4663 παρὰ
954 4589 1097 4651 τίνος
1130 4589 1447 4664 ἐτέχθησαν,
1502 4589 1575 4650 ὡς
1623 4589 1650 4642 ὁ
1700 4587 1885 4642 Δεσπό-

2003 4583 2209 4655 quere?
2239 4583 2384 4646 Quid
2418 4599 2551 4637 cum
2572 4583 3195 4653 stupendaoeconomia
3216 4589 3390 4655 atque
3416 4584 3637 4655 dispen-

245 4699 349 4748 της
400 4679 664 4753 Χριστόςς
699 4680 786 4746 Μὴ
838 4679 946 4756 ἀφῇ
993 4679 1129 4734 κατά
1183 4681 1273 4733 τὸν
1336 4677 1446 4734 ἴσον
1511 4673 1892 4748 ὑπεϐλήθησαν

249 4766 492 4838 τρόπον;
543 4767 632 4835 Μὴ
690 4767 994 4842 περιτομὴν
1056 4764 1341 4838 ἐδέξαντο;
1405 4768 1481 4839 μὴ
1539 4768 1821 4842 προκοπὴν
1854 4767 1890 4836 ἢ

250 4851 474 4922 αὔξησιν
552 4849 926 4922 ἐπεδείξαντο;
1029 4854 1104 4925 μὴ
1190 4853 1570 4923 νηστεύσαντες
1675 4852 1892 4928 ὕστερον

251 4932 569 5001 ἑπείνασανς
634 4935 708 5006 μὴ
750 4932 1100 4995 κοπιάσαντες
1149 4932 1200 5004 ἐξ
1250 4931 1567 5008 ὁδοιπορίας
1597 4930 1892 5007 ἐδίψησαν;

253 5022 332 5094 μή
361 5022 454 5076 τὸν
501 5021 664 5076 ὕπνον
714 5023 787 5085 ὡς
847 5021 1044 5076 οἰκεῖον
1088 5021 1420 5098 ἒγνώρισαν;
1456 5023 1532 5095 μὴ
1566 5028 1754 5097 πεῖραν
1787 5043 1895 5094 μα-

246 5111 446 5185 στίγων
479 5106 673 5166 ἔλαϐον
704 5130 716 5178 ;
759 5114 831 5182 μὴ
867 5109 1096 5175 θανάτου
1127 5110 1525 5185 παραπλησίως
1566 5112 1850 5186 ὶγεύσαντο
1877 5131 1891 5180 ;

248 5201 326 5272 μή
386 5203 530 5277 ταφῇ
586 5197 997 5276 παρεδόθησαν;
1064 5202 1138 5274 μὴ
1193 5198 1512 5274 κατελειψαν
1573 5201 1761 5274 ἱμάτια
1816 5200 1891 5261 εἰς

242 5287 492 5351 πολλοὺς
553 5291 901 5366 μεριζόμενα,
964 5289 1284 5345 διδάσκοντα
1341 5293 1411 5363 τῇ
1474 5291 1655 5366 πείρᾳ,
1721 5288 1890 5364 μηδὲν

242 5383 382 5433 νοεῖν
435 5379 570 5432 κατά
617 5377 862 5449 δόκησιν,
897 5378 1042 5435 ἀλλὰ
1081 5379 1254 5436 πάντα
1309 5381 1428 5434 καθ’
1483 5379 1770 5435 ὑπόστασιν
1802 5379 1891 5434 καὶ

245 5465 545 5538 ἀλήθειαν;
578 5467 643 5525 EI
704 5468 806 5543 γὰρ
858 5465 1077 5539 δοκήσει
1134 5468 1294 5542 σῶμα
1349 5471 1518 5545 εἷχειν
1559 5468 1587 5523 ὁ
1635 5469 1890 5548 Χριστὸς,

315 5620 455 5692 (25*)
482 5622 662 5689 Forte,
690 5621 857 5680 visio.

2009 4674 2236 4727 satione
2285 4687 2600 4726 commune
2653 4671 2828 4726 habet
2880 4671 2984 4726 illa
3041 4671 3384 4744 angelorum
3434 4672 3652 4728 visibili
3718 4691 3724 4696 ·

2007 4762 2198 4831 specie
2227 4762 2634 4831 apparentium
2655 4759 3656 4832 historia(25')?Conspiciunturne?

2007 4848 2271 4920 quando?
2304 4853 2404 4904 aut
2436 4849 2565 4904 ubi?
2586 4854 2688 4904 aut
2718 4865 2784 4904 ex
2817 4865 2934 4920 qua
2967 4850 3336 4919 natisunt,ut
3365 4851 3652 4906 Dominus

2004 4938 2316 4993 Christus?
2349 4938 2491 4992 Eum
2522 4938 2724 4992 eodem
2758 4936 2839 4992 illi
2866 4939 3234 4994 modotactui
3253 4940 3490 4994 fuerunt
3511 4941 3651 4996 sub-

1996 5025 2139 5097 jecti
2160 5026 2188 5079 ?
2219 5025 2370 5079 Num
2401 5025 2737 5080 circumcisi
2789 5027 2978 5082 sunt?
3009 5044 3082 5081 an
3135 5027 3503 5098 profecerunt
3550 5032 3654 5084 aut

2005 5121 2309 5172 creverunt
2335 5114 2363 5169 ‘I
2395 5132 2532 5169 num
2564 5132 2697 5170 cum
2721 5117 3112 5188 jejunassent,
3165 5118 3401 5172 tandem
3432 5118 3649 5173 erurie-

2007 5203 2191 5260 runt?
2223 5219 2364 5257 num
2399 5203 2551 5259 508
2597 5220 2664 5258 ex
2714 5204 2919 5260 itinere
2971 5205 3106 5261 fessi
3157 5205 3475 5260 sitierunt‘?
3511 5221 3650 5260 num

2004 5291 2329 5347 naturalem
2364 5306 2638 5344 somnum
2663 5292 2881 5361 experti
2921 5291 3102 5346 sunt?
3136 5309 3274 5345 num
3309 5291 3501 5361 ﬂagris
3518 5300 3650 5352 caesi

2004 5382 2186 5436 sunt?
2219 5394 2360 5432 num
2395 5381 2594 5434 eodem
2628 5393 2742 5449 quo
2793 5377 2888 5433 ille
2944 5380 3112 5434 modo
3155 5383 3404 5434 mortem
3447 5385 3652 5450 gusta-

2004 5467 2170 5524 runt?
2183 5482 2324 5522 num
2342 5465 2656 5537 sepultura
2679 5471 2822 5522 sunt
2842 5467 3043 5522 traditi
3064 5467 3091 5521 ?
3122 5483 3265 5522 nam
3289 5466 3656 5536 reliquerunt
