4086 6214
413 354 566 414 1379

1568 350 1633 410 8.
1677 346 2194 410 ATHANASIUS.
2228 380 2307 392 —
2343 345 2651 410 SPUBIA.

3664 352 3830 414 1380

408 483 758 540 vestimenta
799 482 950 536 inter
1005 481 1201 553 plures
1251 481 1568 537 distributa
1597 481 1625 536 ?
1656 498 1782 559 quis
1838 495 2033 551 magnc

2164 476 2345 555 ὥσπερ
2378 476 2596 549 δοκήσει
2630 487 2825 556 σχῆμα
2854 479 3062 565 ἀνδρῷν
3095 482 3151 537 οἱ
3198 481 3443 559 ἅγγελος,
3506 479 3612 538 ἔδει
3674 480 3823 553 μηδὲ

411 575 758 645 argumento
804 575 961 637 sunt,
1014 570 1158 625 nihil
1204 571 1261 626 in
1309 571 1539 625 Christo
1588 569 2048 642 phantasticum.

407 677 545 715 vera
575 665 767 714 autem
800 665 856 713 et
894 660 1306 714 substantialis
1326 661 1524 715 omnia
1561 657 1954 729 intelligenda.
1990 656 2047 709 Si

409 750 563 804 enim
596 754 661 803 ut
692 747 881 818 angeli
924 748 1179 802 virorum
1211 749 1465 821 speciem
1516 746 1788 820 opinione
1844 745 2048 799 indue-

411 840 566 902 runt,
614 835 695 889 ita
743 833 1013 889 Christus
1073 834 1346 905 Opinione
1393 852 1604 906 corpus
1651 834 1856 888 habuit
1886 850 1899 888 :
1934 847 2046 885 non

409 928 723 996 potuerunt
753 923 931 978 videri
976 929 1033 978 et
1080 923 1258 978 tactui
1306 921 1514 994 subjici
1561 922 1905 976 vestimenta
1937 919 2048 974 Do-

409 1011 1079 1081 mini,quemadmodum
1104 1028 1207 1065 nec
1231 1012 1572 1084 angelorum
1610 1017 1760 1064 mole
1792 1008 2048 1079 corporis

408 1101 886 1167 carentium.Quo
922 1100 1103 1171 igitur
1133 1105 1299 1173 pacto
1331 1118 1421 1156 res
1458 1101 1606 1155 inter
1637 1116 1699 1153 se
1730 1097 2049 1153 dissimiles

407 1178 780 1263 impudenter
808 1193 1135 1259 conferunt,
1156 1197 1213 1246 et
1243 1210 1368 1263 quas
1400 1191 1578 1247 tantis
1602 1190 1879 1245 distincta
1911 1192 2051 1243 sunt

408 1282 596 1335 modis
626 1282 979 1352 conjungere
1010 1287 1300 1336 conantur
1333 1285 1355 1335 Ρ
1385 1284 1502 1352 Age
1518 1297 1650 1335 vero
1681 1279 1854 1334 verba
1900 1277 2050 1332 inter

407 1386 469 1425 se
520 1374 717 1423 nostra
765 1375 823 1423 et
876 1368 1109 1425 illorum
1157 1371 1549 1433 conferamus.
1604 1370 1721 1425 Nos
1769 1368 2045 1430 dicimus,

409 1457 716 1514 Dominum
746 1475 878 1514 vere
926 1463 1249 1519 secundum
1300 1478 1532 1517 carne‘n
1587 1458 1934 1524 comedisse.
1967 1456 2050 1513 si-

406 1547 645 1618 quidem
675 1546 785 1602 hoc
814 1550 973 1603 omni
1004 1550 1163 1604 carni
1199 1551 1499 1623 proprium
1537 1567 1550 1616 ς
1584 1548 1670 1603 illi
1703 1549 1910 1604 dicunt
1938 1563 2049 1601 an-

405 1634 567 1707 gelos
619 1635 965 1704 comedisse,
1017 1637 1309 1709 siquidem
1356 1644 1494 1693 tunc
1546 1654 1667 1692 rem
1712 1634 2046 1707 huiusmodi

407 1721 748 1796 angelorum
791 1732 1003 1781 natura
1050 1727 1306 1783 admisit.
1352 1732 1469 1784 Nos
1517 1726 1928 1797 experientiam
1959 1728 2046 1785 t0-

2158 571 2256 622 τοῦ
2314 567 2511 644 Κυρίου
2571 566 2803 646 φανῆναί
2860 591 2917 624 τε
2971 569 3061 624 καὶ
3112 572 3220 649 ἀφῇ
3270 565 3820 645 ὑποϐληθῆναιὶμά-

2158 675 2265 725 τια,
2309 656 2544 730 καθάπερ
2604 655 2689 710 ἐπὶ
2747 661 2853 710 τῶν
2913 658 3217 730 ἀσωμάτων
3277 658 3525 735 ἀγγέλων
3580 658 3817 735 ἐγένετο.

2162 748 2281 804 Ηῶς
2313 744 2402 798 οὗν
2436 745 2498 798 τὸ
2533 741 2701 818 μηδὲν
2746 743 2921 808 ἐοικὸς
2966 745 3136 803 ἐκεῖνο
3183 752 3261 819 τῷ
3299 750 3644 823 προκειμένῳ
3694 748 3817 802 επις

2160 829 2407 908 φέρουσιν
2439 830 2694 902 ἀναιδῶς,
2734 834 2822 888 καὶ
2872 835 3153 891 συνάπτειν
3204 840 3493 912 πειρῶνται
3552 839 3621 890 τὰ
3677 838 3821 891 κατᾶ

2159 922 2454 984 τοσούτους
2482 923 2717 995 τρόπους
2762 921 3233 1000 παρηλλαγμένα;
3294 926 3391 979 Καὶ
3440 927 3816 998 σκοπήσωμεν

2159 1009 2219 1064 ἐκ
2248 1008 2612 1085 παραλλήλου
2668 1010 2793 1072 τοὺς
2842 1014 3001 1084 ἡμῶν
3054 1035 3112 1068 τε
3162 1014 3251 1070 καὶ
3302 1013 3514 1069 ἐκείνων
3572 1014 3816 1090 λόγους.

2157 1099 2345 1170 Ἡμεῖς
2379 1120 2550 1176 φαμεν
2579 1097 2801 1169 ἀληθῶς
2838 1096 3170 1177 βεϐρωκέναι
3208 1104 3341 1157 κατὰ
3383 1104 3481 1173 τήν
3516 1103 3687 1179 σάρκα
3716 1106 3811 1158 τὸν

2159 1188 2376 1265 Κύριον,
2409 1186 2596 1257 ἐπειδὴ
2626 1193 2788 1243 τοῦτο
2820 1190 2995 1261 πάσης
3028 1191 3247 1267 σαρκός’
3290 1191 3480 1246 ἐκεῖνοί
3530 1214 3662 1267 φασι
3716 1193 3813 1269 βε-

2159 1272 2424 1353 ϐρωκέναι
2483 1278 2610 1341 τοὺς
2665 1278 2952 1354 ἀγγέλους,
3012 1278 3202 1350 ἐπειδὴ
3261 1282 3384 1336 τότε
3439 1282 3500 1337 τὸ
3555 1288 3816 1337 τοιοῦτον

2157 1366 2314 1443 φύσις
2346 1365 2598 1441 ἀγγέλων
2627 1364 2859 1437 ἐδέξατο.
2909 1370 3098 1442 Ἡμεῖς
3161 1371 3405 1446 μάρτυρα
3454 1372 3553 1439 τὴν
3613 1378 3812 1439 πεῖραν

2158 1454 2377 1530 ἔχομεν·
2429 1454 2582 1515 αὐτοὶ
2630 1456 2720 1513 καὶ
2773 1454 2955 1531 λόγων
3005 1455 3193 1515 ἄλλων
3243 1460 3336 1515 καὶ
3368 1456 3538 1535 ἔργων
3602 1481 3815 1533 μαρτυυ

2158 1543 2397 1617 ροόντων
2452 1544 2641 1607 αὺτοῖς
2705 1545 3023 1622 ἀποροῦσιν.
3083 1548 3272 1621 Ἡμεῖς
3322 1548 3410 1603 καὶ
3468 1555 3655 1605 πεῖναν
3714 1550 3811 1605 καὶ

2158 1630 2314 1706 δίψαν
2374 1631 2433 1688 ἐκ
2488 1637 2595 1687 τῶν
2663 1633 2825 1708 ἁγίων
2902 1640 3249 1711 παριστῶμεν
3310 1642 3534 1714 Γραφῶν
3594 1637 3812 1699 αὐτοῖς’

2157 1721 2353 1779 ἐκεῖνοι
2381 1722 2587 1779 τούτων
2622 1720 2901 1799 οὐδέτερον
2936 1722 3023 1781 ἐπὶ
3052 1729 3159 1780 τῶν
3191 1724 3441 1801 ἀγγέλων
3495 1723 3663 1797 δεῖξαι
3713 1725 3813 1782 δυ-

406 1820 555 1871 stem
587 1815 909 1883 habemus;
936 1816 1021 1870 illi
1052 1822 1108 1871 et
1140 1818 1429 1874 rationum
1462 1822 1519 1874 et
1561 1818 1844 1875 factorum
1884 1813 2033 1870 testi-

2155 1813 2429 1881 νήσονται.
2483 1811 2670 1883 Ἡμεῖς
2724 1811 2867 1884 μὲλη
2912 1814 3048 1873 κατὰ
3097 1814 3196 1882 τὴν
3243 1819 3340 1869 τοῦ
3370 1815 3567 1877 παντὸς
3600 1816 3812 1887 ἀνθρώ-

406 1903 601 1965 monio
634 1903 1054 1961 destituuntur.
1086 1903 1201 1962 Nos
1233 1906 1350 1962 illis
1381 1912 1437 1963 et
1468 1908 1681 1965 famem
1712 1913 1763 1959 el
1796 1902 1956 1961 sitim
1978 1918 2049 1957 ex

405 1991 638 2049 Litteris
667 1991 850 2047 sacris
882 1993 1232 2063 proferimus
1258 2018 1273 2061 ς
1304 1995 1386 2050 illi
1428 2000 1701 2057 neutrum
1735 1993 1943 2053 horum
1973 1991 2046 2051 de

404 2078 627 2151 angelis
658 2087 905 2152 possunt
932 2081 1354 2139 demonstrare.
1388 2082 1502 2141 Nos
1526 2082 1810 2151 membra,
1843 2095 2047 2139 secun-v

402 2170 545 2225 dum
568 2184 939 2225 communem
972 2168 1277 2227 hominum
1329 2172 1732 2231 formationem
1761 2187 1775 2226 :
1807 2168 1891 2225 illi
1936 2184 2046 2225 nev

399 2261 594 2315 turam
643 2256 1006 2329 angelorum,
1060 2275 1235 2329 quam
1303 2260 1572 2321 membra
1609 2260 1825 2321 habere
1872 2272 2042 2313 nemo

399 2345 713 2417 quisquam
744 2363 924 2403 ausus
951 2347 1126 2405 fuerit
1154 2349 1742 2407 al'firmare.Membra
1771 2352 1966 2405 autem
1994 2345 2044 2401 si

397 2436 619 2500 desint,
649 2435 751 2505 qui
780 2442 871 2492 est
913 2437 1070 2507 quod
1118 2437 1542 2499 nutrimentum
1584 2434 1871 2508 recipiat?
1901 2433 2040 2505 quid

396 2524 552 2595 quod
586 2527 949 2585 comminuat
972 2525 1001 2581 ?
1028 2528 1168 2597 quid
1201 2530 1354 2601 quod
1389 2528 1666 2599 digerat?
1695 2526 1836 2598 quid
1884 2525 2041 2595 quod

394 2613 644 2673 retineat
667 2613 695 2668 7
732 2614 873 2685 quid
922 2617 1077 2686 quod
1119 2617 1551 2674 concoctionem
1575 2614 1873 2689 perficiat?
1897 2613 2038 2684 quid

396 2704 551 2776 quod
581 2702 826 2775 reliqua,
859 2721 987 2777 qua
1018 2706 1257 2763 honoris
1286 2725 1465 2764 causa
1503 2714 1662 2764 taceo
1684 2706 1711 2761 ‘l
1740 2704 2035 2770 Quemad-

2154 1920 2260 1955 που
2318 1896 2629 1955 διάπλασιν
2690 1898 2881 1957 ἐκεῖνοι
2940 1900 3094 1977 φύσιν
3157 1901 3425 1977 ἀγγέλων,
3483 1905 3544 1972 ἦν
3627 1901 3813 1965 οὐδεὶς

2156 1986 2302 2062 ἔχειν
2352 1986 2493 2060 μέλη
2536 1988 2871 2062 τετόλμηκεν
2924 1991 3321 2067 ἀποφήνασθαι.
3372 1991 3571 2049 Μελῶν
3629 1990 3690 2047 δὲ
3722 1995 3805 2066 μή

2154 2071 2346 2149 ὄντων,
2393 2076 2445 2129 τί
2491 2076 2554 2130 τὸ
2603 2079 2961 2151 προσιέμενον
2990 2081 3090 2149 τὴν
3121 2082 3371 2158 τροφήνζ
3420 2081 3472 2137 τί
3503 2082 3566 2135 τὸ
3601 2080 3807 2136 λεπτύο

2152 2186 2242 2223 νον
2269 2184 2283 2235 ;
2313 2165 2365 2220 τί
2394 2165 2457 2221 τὸ
2488 2165 2688 2223 πὲπτον
2715 2185 2730 2235 ;
2760 2166 2814 2225 τί
2842 2169 2904 2222 τὸ
2933 2170 3164 2243 κατέχον
3191 2187 3205 2239 ;
3252 2168 3306 2223 τί
3355 2171 3419 2223 τὰ
3474 2170 3575 2238 τὴν
3639 2172 3806 2243 πέψιν

2152 2250 2553 2329 ἐργαζόμενον;
2610 2254 2662 2311 τί
2717 2256 2780 2313 τὸ
2839 2257 2980 2327 ἑξῆς,
3034 2256 3165 2331 ὅπερ
3203 2257 3523 2333 τιμήσω-εὗ
3576 2263 3805 2333 σιωπῇ,

2151 2344 2353 2416 Ὥσπερ
2411 2339 2502 2397 οὖν
2559 2339 2746 2416 ἄνδρες
2798 2345 3041 2422 φανέντες
3104 2346 3156 2401 οἱ
3205 2344 3454 2421 ἄγγελοι,
3515 2345 3617 2402 οὐκ
3666 2350 3807 2415 ἦσαν

2151 2428 2335 2505 ἄνδρες
2392 2429 2460 2504 τῇ
2510 2430 2683 2508 φύσει·
2720 2432 2890 2498 οὕτως
2922 2431 3047 2489 οὐδὲ
3076 2433 3269 2498 ἐσθίειν
3302 2434 3665 2506 νομισθὲντες,
3697 2434 3807 2504 ἧσ-

2151 2522 2265 2579 Θιον
2298 2517 2471 2594 φύσει·
2502 2519 2597 2579 τὸν
2630 2518 2909 2597 φιλόξενον
2943 2520 2999 2579 δι
3054 2523 3255 2599 τρόπον
3282 2529 3381 2579 τοῦ
3409 2518 3664 2599 Ἁϐραάμ
3694 2524 3807 2585 ἐτι-

2152 2630 2268 2681 μων
2296 2611 2373 2681 τῷ
2424 2609 2672 2682 σχήματι
2717 2617 2817 2680 τῆς
2873 2612 3177 2685 μετουσίας,
3213 2610 3469 2683 ζηλωτὴν
3502 2612 3670 2671 αὐτοῦ
3700 2616 3801 2682 τήν

2149 2696 2342 2772 ἀρετὴν
2377 2695 2767 2765 ἀποφαίνοντες
2779 2742 2793 2758 .

392 2793 632 2851 modum
665 2793 843 2866 igitur
870 2794 1085 2866 angeli,
1117 2812 1251 2853 eum
1287 2797 1391 2853 viri
1420 2814 1549 2853 esse
1580 2791 2044 2863 viderentur,viri
2076 2796 2274 2845 tamen
2303 2790 2512 2843 natura
2543 2805 2659 2843 non
2691 2789 2927 2847 fuerunt
2963 2806 2977 2847 :
3008 2790 3091 2848 ita
3108 2797 3166 2847 et
3194 2808 3328 2848 cum
3363 2792 3559 2849 cibum
3591 2809 3804 2865 capere

387 2881 839 2951 existimaretur,
874 2898 1072 2943 revera
1102 2901 1218 2941 non
1247 2886 1648 2942 comederunt.
1684 2880 2152 2955 Hospitalitatem
2183 2880 2380 2935 autem
2412 2874 2733 2935 Abrahami
2764 2878 3434 2948 honorabant,ccnsortii
3467 2882 3665 2952 specie
3681 2882 3797 2937 vir-

390 2973 574 3033 tutem
607 2970 736 3040 ejus
764 2971 1111 3031 imitandam
1140 2973 1523 3031 deelarantes.

1148 3088 1290 3145 XIV.

2903 3101 3043 3157 XIV.

387 3172 656 3227 Adversus
682 3188 774 3227 eos
804 3174 900 3244 qui
926 3176 1146 3267 nullqu
1173 3193 1287 3233 non
1317 3178 1652 3267 miraculum
1692 3178 2028 3233 imminuunl

2145 3186 2290 3263 Πρὸς
2317 3185 2443 3248 τοὺς
2473 3184 2876 3267 σμικρόνοντας·
2893 3183 3112 3267 ἕκαστον
3163 3193 3363 3261 θαῦμα,
3392 3194 3473 3261 τῷ
3520 3189 3796 3266 ἀρνεῖσθαι

864 3261 924 3301 ora
954 3247 1098 3318 quod
1117 3265 1338 3305 carnem
1366 3256 1581 3319 negent.

457 3347 674 3403 Verum
707 3365 779 3405 ne
811 3350 1093 3407 miracula
1109 3353 1347 3425 quidem
1384 3355 1615 3411 Domini
1645 3354 1879 3411 insidiis
1909 3354 2033 3410 suis

391 3435 576 3491 libera
606 3442 664 3492 et
695 3438 865 3493 firma
895 3440 1275 3514 reliquerunt,
1311 3444 1406 3513 qui
1457 3444 1529 3499 ab
1578 3445 2031 3500 crthcdoxorum

389 3524 566 3581 choro
618 3527 689 3581 ad
739 3527 1102 3586 adversarios
1146 3548 1208 3587 se
1256 3533 1625 3604 conjecerunt
1664 3551 1677 3589 :
1720 3534 1822 3589 sed
1872 3548 2030 3588 com-

389 3614 610 3686 pressis
640 3618 1067 3689 coarctatisque
1095 3619 1188 3691 iis,
1223 3621 1432 3677 horum
1466 3639 1579 3678 non
1611 3623 1884 3678 viderunt
1915 3639 2031 3677 ma-

384 3702 776 3775 gnitudinem,
818 3721 919 3777 per
966 3724 1092 3781 quae
1146 3710 1340 3765 carnis
1364 3712 1828 3784 assumptionem
1853 3726 2029 3783 nega-

386 3797 524 3846 runt
552 3809 566 3859 ;
599 3793 798 3848 deitati
832 3793 939 3849 soli
966 3795 1087 3852 haec
1138 3800 1515 3856 ascribentes.
1566 3801 1683 3856 Nos
1723 3817 1855 3856 vero
1887 3817 2028 3856 con-

383 3879 711 3936 sideremus
743 3898 919 3953 opera
946 3885 1093 3957 ipsa,
1127 3889 1419 3959 quomodo
1450 3889 1522 3944 ab
1552 3889 1719 3945 initio
1748 3889 1817 3944 ad
1852 3889 2026 3945 finem

384 3985 570 4040 usque
600 3970 964 4041 praeclariora
995 3975 1335 4044 reddantur,
1369 3978 1564 4034 carnis
1594 3978 2023 4050 assumptione:

380 4055 587 4112 viliora
628 4074 761 4114 vero
806 4063 1196 4132 reperiantur,
1265 4067 1469 4122 eadem
1518 4069 1753 4139 rejecta.
1820 4069 2025 4123 Partus

382 4143 637 4216 Virginis
669 4163 949 4219 magnum
982 4155 1040 4206 et
1077 4152 1301 4209 celebre
1334 4160 1422 4209 est
1467 4156 1800 4211 mconomie
1848 4162 2025 4227 atque

381 4232 839 4304 dispensationis
882 4240 1207 4297 exordium.
1257 4242 1317 4298 Bi
1386 4249 1589 4299 natum
1635 4244 1780 4300 nihil
1826 4250 1914 4301 est
1952 4247 2023 4301 de

380 4319 620 4392 Virgine
664 4332 890 4395 sancta,
962 4329 1062 4401 qui
1114 4346 1467 4403 magnopere
1534 4334 1783 4390 miratus
1847 4334 2023 4389 fuerit

378 4415 611 4480 partum
642 4408 854 4467 illum?
883 4430 1016 4471 cum
1050 4434 1155 4473 nec
1198 4425 1444 4476 matrem
1476 4420 1639 4477 illam
1668 4439 1800 4478 vere
1832 4422 2021 4479 dicere

379 4497 583 4567 possit,
618 4515 745 4569 quas
777 4504 1247 4563 consubtantiale
1280 4508 1426 4563 nihil
1476 4526 1544 4565 ex
1598 4526 1661 4566 se
1710 4512 2019 4583 prodeunti

376 4587 845 4645 communicasse
875 4591 1241 4666 intelligatur
1270 4612 1285 4652 :
1318 4614 1425 4653 nec
1472 4600 1829 4671 stupendum
1880 4600 2019 4672 quid

374 4690 503 4730 esse
534 4676 851 4747 existimes,
889 4698 1014 4737 eam
1051 4701 1177 4757 quae
1211 4685 1395 4742 Mater
1411 4688 1562 4743 facta
1593 4690 1687 4759 sit,
1721 4690 2023 4761 Virginem

374 4779 632 4833 manere,
666 4767 960 4838 siquidem
993 4774 1246 4829 Verbum
1274 4792 1380 4831 sua
1411 4794 1515 4833 nos
1546 4779 1856 4849 praesentia
1886 4779 2023 4833 abs-

374 4867 487 4923 que
518 4854 783 4911 sensibili
814 4875 1056 4930 corpore
1088 4863 1392 4936 dignatum
1422 4870 1792 4922 est.Rursum
1827 4868 2023 4940 paucis

374 4940 597 4996 dictum
627 4948 735 5011 est,
767 4946 971 5003 Jesum
1026 4952 1343 5021 profecisse
1392 4958 1580 5024 aetate,
1630 4955 1921 5027 sapientia
1966 4960 2025 5011 et

374 5030 580 5101 gratia.
613 5032 673 5087 Si
706 5050 941 5093 carnem
972 5038 1305 5112 sustuleris,
1367 5043 1501 5114 quis
1545 5043 1604 5099 in
1637 5045 1807 5100 laude
1845 5048 2023 5117 ponet

378 5119 739 5179 incrementa
786 5130 842 5181 et
908 5127 1370 5185 meliorationem
1436 5132 1675 5189 deitatis
1742 5151 1869 5206 quas
1949 5135 2021 5190 ab

374 5211 591 5264 aeterno
637 5213 891 5282 perfecta
937 5222 1045 5285 est,
1095 5235 1219 5289 quas
1269 5235 1384 5275 non
1434 5222 1619 5292 pluris
1667 5224 1868 5296 indiga
1910 5230 2017 5291 est,

376 5312 503 5385 quas
553 5299 699 5355 nihil
750 5302 985 5360 aliunde
1036 5306 1263 5361 auferre
1313 5312 1415 5363 aut
1472 5312 1733 5383 accipere
1778 5313 2021 5385 potest?

372 5384 748 5459 Consequens
779 5398 868 5448 est
910 5393 1093 5465 igitur
1144 5411 1377 5450 carnem
1426 5413 1574 5468 esse,
1620 5384 1791 5471 cujus
1842 5419 2021 5460 causa

370 5474 667 5546 prolectus
697 5478 794 5535 ille
830 5480 1178 5552 celebratur,
1229 5487 1467 5555 propter
1486 5487 1612 5558 ejus
1644 5504 1777 5545 eum
1828 5489 2018 5549 Verbo

370 5564 747 5624 unionem.Et
778 5571 1102 5627 maximum
1126 5573 1397 5629 novimus
1427 5576 2016 5652 testimonium,quod

367 5653 530 5711 nullo
562 5673 625 5713 se
655 5675 917 5733 unquam
947 5668 1183 5735 peccato
1230 5664 1668 5738 contaminarit,
1697 5671 1853 5741 quod
1885 5688 2017 5729 cum

2818 3259 2917 3327 τὴν
2947 3260 3118 3335 σάρκα

2209 3362 2385 3420 Ἀλλὰ
2437 3364 2543 3435 μὴν
2595 3360 2720 3418 οὐδὲ
2764 3366 2831 3418 τὰ
2880 3362 3129 3437 θαύματα
3175 3370 3273 3420 τοῦ
3305 3366 3500 3441 Κορίου
3559 3366 3791 3421 καταλε-

2139 3450 2361 3507 λοίπασι
2396 3458 2499 3521 τῆς
2543 3452 2670 3527 παρ’
2719 3451 2893 3508 αὐτῶν
2944 3448 3249 3523 ἐπιϐουλῆς
3299 3453 3555 3527 ἐλεύθερα
3610 3470 3668 3509 τε
3698 3453 3790 3508 καὶ

2138 3538 2502 3615 ἆνενόχλητα,
2558 3541 2609 3595 οἰ
2669 3540 2807 3614 πρὸς
2860 3542 2957 3610 τὴν
2991 3541 3224 3597 ἐναντίαν
3261 3548 3454 3619 μοῖραν
3484 3546 3583 3597 τοῦ
3612 3548 3792 3618 χοροῦ

2134 3634 2242 3683 τῶν
2286 3627 2587 3706 ὀρθοδόξων
2651 3629 2875 3691 ἑαυτοὺς
2928 3630 3351 3706 ἁποῤῥήξαντες’
3408 3636 3792 3707 καθαιροῦντες

2138 3714 2195 3772 δὲ
2225 3717 2314 3773 καὶ
2347 3716 2758 3788 συστέλλοντες,
2814 3721 2879 3773 τὸ
2933 3718 3141 3775 τούτων
3200 3720 3300 3774 οὐκ
3355 3716 3574 3795 ᾔδεισαν
3629 3721 3792 3795 μέγε-

2138 3808 2252 3879 θος,
2304 3804 2374 3861 δι’
2432 3808 2506 3860 ὧν
2559 3808 2867 3883 ἠρνήσαντο
2933 3810 3034 3877 τῆς
3092 3809 3287 3882 σαρκὸς
3335 3810 3436 3877 τὴν
3491 3807 3788 3883 ἀνάληψιν,

2137 3894 2523 3971 ἐπιγράψαντες
2577 3900 2745 3951 ταῦτα
2800 3900 2977 3972 γυμνῇ
3032 3900 3099 3970 τῇ
3151 3898 3389 3967 θεότητι.
3442 3898 3543 3953 Kal
3575 3900 3789 3966 σκοπή-

2134 4004 2312 4056 σωμεν
2370 3981 2453 4038 ἐπ’
2513 3983 2688 4039 αὐτῶν
2745 3989 2853 4040 τῶν
2912 3983 3272 4061 πραγμάτων,
3315 3990 3433 4046 πῶς
3462 3985 3554 4040 ἀπ’
3608 3986 3789 4061 ἀρχῆς

2134 4068 2265 4148 ἄχρι
2324 4070 2519 4134 τέλους
2579 4072 2786 4150 μεγάλα
2858 4073 2950 4147 μὲν
3009 4070 3276 4129 δείκνυται
3331 4077 3399 4147 τῇ
3455 4080 3559 4143 τῆς
3589 4075 3787 4149 σαρκὸς

2134 4160 2425 4235 ἀναλήψει,
2482 4161 2684 4231 ἥττονα
2744 4160 2802 4217 δὲ
2854 4163 3175 4239 εὑρίσκεται,
3228 4162 3435 4233 ταύτης
3485 4162 3785 4234 ἁθετουμέο

2134 4271 2251 4321 νης.
2306 4251 2471 4313 Τόκος
2533 4250 2672 4305 ἐστὶν
2733 4251 2791 4306 ἐκ
2846 4252 3121 4327 Παρθένου
3168 4252 3232 4307 τὸ
3286 4252 3419 4328 μέγα
3449 4251 3540 4305 καὶ
3570 4249 3784 4321 ἔνδοξον

2131 4345 2231 4409 τῆς
2279 4337 2593 4413 οίκονομίας
2650 4341 2964 4415 προοίμιον.
3020 4340 3087 4395 Et
3145 4338 3317 4413 μηδὲν
3371 4339 3430 4394 ἐκ
3482 4343 3583 4409 τῆς
3632 4340 3788 4417 ἁγίας

2134 4426 2404 4502 Παρθένου
2459 4430 2521 4483 τὸ
2577 4430 2765 4505 τεχθὲν
2820 4429 3131 4508 ἐπεφέρετο,
3192 4428 3277 4490 τίς
3324 4428 3381 4483 ἂν
3414 4427 3686 4502 ἐθαύμασε
3716 4430 3785 4483 τὸ

2129 4515 2455 4593 γενόμενον;
2522 4520 2660 4589 μήτε
2726 4517 2933 4594 μητέρα
2992 4517 3166 4595 λέγειν
3198 4516 3366 4589 αὐτὴν
3394 4514 3563 4579 ὄντως
3623 4514 3784 4571 δυνά-

2136 4625 2292 4679 μενος
2323 4606 2384 4660 τὸ
2418 4603 2587 4679 μηδὲν
2643 4605 2813 4676 αὑτῆς
2862 4605 3153 4680 ὁμοούσιον
3194 4611 3274 4677 τῷ
3306 4605 3628 4680 προελθόντι
3662 4627 3787 4659 συν-

2139 4693 2286 4748 ιὲναιο
2336 4696 2474 4767 μήτε
2521 4693 2820 4771 παράδοξον
2886 4694 3078 4772 κρίνων
3135 4695 3198 4749 τὸ
3250 4694 3490 4769 γενέςθαι
3549 4695 3787 4769 μητερα,

2132 4782 2222 4837 καὶ
2258 4788 2432 4856 μεῖναι
2491 4783 2781 4858 Παρθὲνον,
2837 4781 2985 4860 εἴπερ
3046 4782 3165 4837 ἄνευ
3223 4783 3478 4856 σώματος
3522 4783 3789 4853 αἴσθητοῦ

2132 4871 2230 4941 τήν
2284 4873 2474 4929 ἑαυτοῦ
2531 4873 2824 4950 παρουσίαν
2878 4875 2906 4929 ὁ
2939 4872 3114 4951 Λόγος
3142 4873 3278 4945 ἢμῖν
3311 4870 3624 4948 ἐχαρίσατο.
3673 4877 3783 4926 Πα-

2134 4959 2220 5015 λιν
2254 4959 2462 5034 εἴρηται
2495 4962 2749 5039 προκοπὴ
2783 4961 3051 5037 σύντομος
3081 4958 3300 5045 ὴλικὶας
3346 4960 3435 5015 καὶ
3467 4960 3660 5039 σοφίης
3693 4962 3786 5016 καὶ

2132 5049 2381 5123 χάριτος.
2436 5051 2558 5105 Ἐὰν
2615 5050 2817 5130 ἀφέλῃς
2873 5052 2971 5120 τὴν
3031 5049 3221 5125 σάρκα,
3281 5051 3364 5111 τίς
3410 5046 3617 5121 δέξεται
3648 5050 3787 5129 πρὸς

2132 5135 2347 5193 ἔπαινον
2383 5138 2639 5210 θεότητος
2672 5139 2893 5211 αῧξησιν
2924 5136 3017 5197 καὶ
3050 5136 3336 5214 βελτίωσιν
3367 5145 3467 5208 τῆς
3500 5137 3553 5208 ἐξ
3602 5135 3785 5197 ἀϊδίου

2128 5225 2364 5294 τελείας,
2394 5228 2483 5281 καὶ
2518 5231 2657 5302 μήτε
2685 5227 2939 5290 πλείονος
2968 5224 3251 5300 δεομένης,
3292 5229 3425 5302 μήτε
3460 5227 3707 5301 ἀφαιρεῖν
3739 5226 3776 5293 ἢ

2132 5310 2428 5388 λαμϐάνειν
2460 5317 2518 5375 ἐκ
2546 5323 2652 5372 τῶν
2686 5316 2875 5389 ἔξωθεν
2911 5315 3251 5390 δυναμένης;
3288 5317 3607 5385 Ἐπαινετην
3656 5313 3777 5370 τοί-

2127 5424 2218 5459 νυν
2249 5406 2348 5475 τήν
2382 5409 2668 5481 προκοπὴν
2699 5411 2734 5477 ἡ
2769 5407 2894 5482 σὰρξ
2924 5405 3209 5487 ἀποφαίνει
3240 5401 3327 5463 διὰ
3356 5412 3457 5475 τῆς
3494 5404 3632 5484 πρὸς
3680 5404 3771 5459 τὸν

2128 5492 2301 5569 Λόγον
2335 5495 2598 5559 ὲνώσεως,
2634 5496 2731 5551 Καὶ
2786 5496 3040 5574 μεγίστην
3095 5494 3387 5570 μαρτυρίαν
3438 5493 3779 5571 γινώσκομεν

2126 5586 2222 5636 τοῦ
2255 5583 2331 5655 μὴ
2363 5592 2589 5655 ποιῆσαι
2621 5586 2778 5642 αὑτὸν
2803 5583 3091 5662 ἁμαρτίαν,
3120 5582 3179 5638 ἔκ
3203 5587 3302 5647 τοῦ
3330 5583 3418 5643 κατ
3644 5582 3783 5652 ἀλη-

2127 5670 2279 5741 θινὴν
2308 5670 2361 5726 ἐν
2389 5670 2557 5747 αὐτῷ,
2606 5673 2695 5731 καὶ
2757 5670 2899 5750 μηδὶ
2956 5670 3114 5750 ἴχνος
3172 5669 3437 5746 ἁμαρτίας
3478 5671 3630 5745 ὁρᾷν.
3686 5672 3775 5731 Ὠς
