4086 6214
252 364 403 425 1381

996 368 1649 430 CONFUTATIONES
1696 364 2201 439 QUARUMDAM
2250 364 2913 428 PROPOSITIONUM.

3508 369 3664 428 i382

250 492 363 569 εἴγε
420 492 543 567 περῖ
603 494 853 573 θεότητος
913 494 1132 571 ἰλὲγετο
1188 502 1277 553 νῦν
1326 500 1414 553 καὶ
1478 497 1648 572 μόνης
1697 498 1759 553 τὸ
1807 497 1900 553 ἀν-

2019 515 2249 554 carnem
2300 515 2493 554 veram
2544 498 2773 563 habeat,
2810 496 3041 551 nullum
3088 501 3280 551 tamen
3336 500 3552 569 peccati
3600 500 3657 554 in

251 582 585 656 αμάρτητον,
614 582 837 657 γελᾶσαι
875 582 1085 655 μᾶλλον
1131 586 1164 654 ἢ
1206 585 1476 659 Θαυμάσαι
1517 585 1643 649 τοὺς
1688 586 1911 641 ἀκούον-

249 691 348 732 τας
380 670 527 741 ἐνῆν,
565 672 640 743 μὴ
677 671 839 744 μόνον
886 679 986 741 οῆς
1031 673 1287 744 θεότητος
1328 676 1636 751 κρείττονος
1683 675 1763 731 ἀεί
1810 677 1909 731 πά-

253 779 356 829 σης
393 760 651 832 μέμψεως
684 761 1000 838 πεφυκυίας,
1034 761 1159 817 ἀλλ’
1206 760 1314 834 ἤδη
1348 763 1436 819 καὶ
1494 762 1769 840 μυριάδων
1816 767 1908 842 ἀγ-

253 846 433 923 γέλων
467 846 854 923 φυλαξαμὲνων
902 852 963 905 τὸ
1008 851 1353 926 ἁμαρτάνειν.
1388 852 1563 908 Ἀλλά
1619 851 1705 907 διὰ
1745 859 1906 909 τοῦτο

255 938 489 1013 λέγεται,
524 934 814 1012 ἐπειδήπερ
863 938 914 1008 ἐξ
964 940 1294 1015 άμαρτωλοῦ
1337 942 1526 1016 γένους
1573 941 1841 1021 ληφθεῖσα
1870 946 1904 1013 ἠ

256 1025 530 1101 ἄχραντος
556 1026 706 1101 σάρξ,
754 1032 822 1099 τῇ
861 1028 996 1103 πρὸς
1032 1029 1123 1082 τὸν
1158 1031 1285 1083 Θεὸν
1336 1030 1505 1106 Λόγον
1551 1031 1733 1086 ὲνώσει
1768 1032 1904 1106 μόνη

251 1115 343 1168 καὶ
401 1114 594 1188 πρώτη
658 1115 959 1187 μεμένηκεν
1021 1116 1421 1193 ἀναμάρτητος.
1480 1120 1755 1184 Ἐντεῦθεν
1817 1121 1906 1176 καὶ

253 1205 288 1271 ἡ
323 1203 462 1278 πρὸς
489 1204 580 1257 τὸν
615 1199 872 1259 διάϐολον
924 1204 1098 1275 πάλη,
1148 1208 1236 1261 καὶ
1285 1210 1320 1277 ἡ
1370 1210 1505 1263 κατά
1549 1209 1744 1265 τούτου
1783 1210 1903 1281 νίκη

252 1289 558 1366 παράδοξος
607 1291 835 1366 γίνεται,
896 1294 981 1347 ὅτι
1026 1301 1127 1363 τῆς
1170 1296 1503 1368 ἡττηθείσης
1554 1299 1748 1375 σαρκὸς
1806 1303 1904 1370 την

250 1380 512 1455 ἀπαρχὴν
565 1378 708 1456 ἔχων
760 1382 789 1435 ὁ
836 1384 937 1451 τήν
985 1389 1173 1456 πεῖραν
1226 1382 1530 1459 δεξάμενος,
1581 1387 1777 1459 ταύτην
1829 1411 1904 1443 νι-

247 1479 425 1547 κητὴν
483 1482 580 1531 τοῦ
634 1498 767 1533 ποτε
838 1481 1158 1549 νικήσαντος
1225 1483 1581 1558 ἀπειργάσατο
1617 1532 1631 1559 ,
1690 1486 1777 1540 καὶ
1835 1490 1902 1565 τῇ

254 1565 408 1643 φύσει
458 1566 519 1620 τὸ
564 1566 761 1641 κράτος
809 1564 1110 1643 δεδώρηται
1162 1571 1293 1624 κατά
1338 1577 1434 1625 τοῦ
1466 1572 1633 1628 πάλαι
1668 1572 1736 1628 δι’
1768 1576 1902 1631 ἀπά-

248 1675 351 1723 της
379 1657 777 1728 κρατήσαντος.
807 1658 904 1710 Διὰ
949 1662 1109 1712 τοῦτο
1158 1659 1245 1712 καὶ
1276 1662 1343 1733 τῇ
1381 1664 1481 1732 μνη
1496 1684 1567 1735 μη
1596 1668 1700 1717 τῶν
1736 1665 1902 1739 ἁγίων

255 1747 481 1819 Γραφῶν
539 1744 633 1803 τάς
686 1743 1025 1818 ἐπαγομένας
1083 1743 1254 1808 λαϐάς
1312 1746 1592 1822 ἀπεδύετο,
1655 1751 1753 1805 οὐκ
1810 1753 1903 1809 αύ-

254 1830 436 1901 θεντίᾳ
473 1830 730 1899 θεότητος
782 1831 1228 1909 ἀποκρουόμενος
1273 1836 1363 1890 τὸν
1416 1835 1727 1909 ἀντίπαλον,
1782 1841 1912 1897 ἀκο-
1941 1859 1986 1921 Β

253 1917 451 1989 λουθίᾳ
501 1915 557 1973 δὲ
607 1920 1027 2006 ἀνθρωπότητος
1073 1923 1171 1991 τὴν
1222 1929 1329 1978 τῶν
1385 1931 1604 2003 Γραφῶν
1639 1949 1903 2006 φωταγω-

247 2008 368 2082 γίαν
402 2008 538 2084 πρὸς
570 2009 777 2063 ἅπαντα
824 2005 1302 2086 προϐαλλόμενος.
1340 2013 1404 2068 Εἰ
1437 2012 1483 2067 δ’
1514 2017 1541 2068 ὁ
1571 2017 1701 2078 Θεὸς
1731 2005 1904 2097 Λόγος

245 2098 365 2151 καθ’
396 2097 583 2153 ἑαυτὸν
615 2098 996 2177 ἀναμάρτητος
1046 2101 1135 2155 καὶ
1184 2103 1455 2174 ἀήττητος
1507 2103 1794 2179 ἐμηνύετο,
1826 2109 1909 2171 τίς

249 2184 310 2239 ἃν
343 2184 609 2276 ἐξεπλάγη
643 2188 780 2260 πρὸς
811 2190 877 2242 τά
910 2187 1214 2265 λεγόμενα;
1249 2191 1321 2245 Οὐ
1354 2190 1498 2264 ξενον
1527 2194 1588 2248 τὸ
1622 2197 1698 2267 μὴ
1734 2198 1907 2276 ἁμαρ-

246 2275 443 2341 τάνειν,
506 2272 646 2346 μηδὲ
693 2276 939 2333 νικᾶσθαι
994 2278 1139 2354 παρά
1200 2279 1495 2352 κτίσματος
1559 2279 1696 2337 ἰδίου
1755 2272 1907 2341 Θεόνν.

250 2362 389 2417 Πότε
422 2364 524 2439 γάρ
575 2365 886 2440 ἡμάρτηκεν
936 2364 969 2435 ἤ
1014 2366 1313 2439 νενίκηται,
1357 2367 1448 2423 ἳνα
1477 2374 1565 2424 νῦν
1612 2372 1686 2433 ὡς
1736 2376 1909 2449 παρά-

250 2448 406 2520 δοξον
442 2448 717 2526 δεξώμεθα
762 2455 825 2508 τὸ
872 2454 1171 2530 λεγόμενον
1204 2475 1218 2526 ;
1255 2454 1432 2512 Ἀλλά
1484 2457 1625 2528 ξένον
1659 2461 1722 2515 τὸ
1753 2448 1908 2538 φύσιν

250 2540 596 2614 ἀνθρωπίνην
626 2541 692 2596 τά
753 2542 879 2619 ὑπὲρ
940 2543 1151 2621 φύσεως
1207 2552 1442 2624 φανερῶς
1501 2545 1908 2621 ἐπιδείξασθαι.

250 2627 402 2684 Ἐπεὶ
434 2628 612 2684 καὶτὸ
647 2627 859 2704 βαδίσαι
911 2631 997 2687 ἐπὶ
1049 2633 1223 2688 νώτου
1275 2633 1547 2705 θαλάσσης
1596 2633 1766 2702 ἀδεῶς
1798 2639 1912 2711 ἅμα

246 2716 342 2770 καὶ
371 2714 666 2780 ἀκινδύνως
697 2718 908 2791 θεότητι
962 2722 1056 2793 μὲν
1092 2720 1300 2798 ῥᾴδιον,
1339 2723 1557 2798 μᾶλλον
1608 2723 1665 2780 δὲ
1695 2728 1784 2787 καὶ
1818 2728 1912 2803 ἀγ-

248 2803 457 2878 γέλοις
506 2807 595 2860 καὶ
644 2806 742 2861 ούκ
780 2808 839 2862 ἄν
879 2830 961 2872 τις
1012 2809 1309 2887 ἐκπλαγείη
1360 2817 1520 2867 τοῦτο
1569 2815 1909 2890 τεθεαμένος.

246 2902 630 2978 ἀνθρωπότητι
680 2903 738 2959 δὲ
792 2904 936 2983 ψιλῇ
982 2905 1155 2980 πάντη
1206 2906 1494 2969 ἀδύνατον.
1548 2913 1650 2968 Καὶ
1702 2913 1908 2991 φρίττει

249 2989 475 3055 δικαίως
504 2993 532 3047 ὁ
565 2995 762 3069 σαρκὸς
793 2993 962 3059 πόδας
1003 2998 1103 3066 τὴν
1152 2996 1409 3070 τοιαύτην
1463 3000 1685 3077 προείαν
1715 2989 1911 3058 ποιου-

260 3079 461 3154 μένους
496 3083 657 3158 ὁρῶν,
709 3084 797 3138 καὶ
844 3086 943 3153 την
990 3086 1280 3159 ἡνωμένην
1317 3084 1544 3163 δύναμιν
1592 3089 1789 3147 ἐννοῶν
1815 3096 1911 3149 τοῦ

248 3168 463 3243 Λόγου.
500 3170 562 3224 Εἴ
594 3168 650 3225 δὲ
678 3193 784 3235 τις.
828 3175 927 3242 τήν
982 3176 1150 3249 σάρκα
1196 3178 1694 3255 παραιτησάμενος,
1747 3180 1911 3253 μόνον

248 3257 383 3335 φαίη
416 3259 505 3312 τὸν
540 3260 715 3334 Λόγον
764 3260 852 3317 ἐπὶ
896 3266 1003 3319 τῶν
1054 3263 1309 3337 κυμάτων
1362 3265 1619 3344 ὀφθῆναι,
1667 3268 1909 3343 περιεῖλε

248 3346 346 3400 τὸν
376 3341 538 3420 ὄγκον
571 3353 665 3402 τοῦ
698 3348 995 3423 θαύματος,
1029 3349 1181 3409 οὐδὲν
1238 3351 1371 3433 μέγα
1407 3341 1910 3435 ’προσμαρτυρήσας

246 3439 331 3506 τῷ
356 3436 660 3510 πράγματι.
694 3439 841 3513 Μὲγα
870 3439 969 3517 γὰρ
1021 3434 1188 3502 ὅντως
1238 3442 1326 3497 καὶ
1357 3442 1529 3498 πάντα
1571 3448 1696 3499 νοῦν
1725 3434 1912 3515 νικῶν,

252 3522 365 3599 οὐχ
394 3523 519 3578 ὅταν
568 3531 780 3599 πνεῦμα
809 3532 1009 3606 κοῦφον
1060 3530 1148 3589 καὶ
1199 3525 1396 3609 ἀϐαρὲς
1446 3530 1533 3588 ἐπὶ
1564 3537 1670 3588 τῶν
1705 3530 1910 3590 ὑδάτων

257 3611 676 3687 μετεωρίζηται,
710 3613 835 3673 ἀλλ’
872 3614 996 3672 ὅταν
1046 3621 1204 3689 σῶμα
1250 3621 1570 3696 παχυμερὲς
1600 3620 1690 3679 καὶ
1724 3623 1909 3699 βρίθον

253 3700 361 3756 ὑπὸ
414 3709 514 3771 τῆς
571 3701 786 3775 ἁπαλῆς
843 3704 931 3759 καὶ
992 3702 1193 3780 ῥᾳδίως
1253 3707 1635 3780 ὑπακουούσης
1707 3709 1913 3788 φύσεως

251 3783 441 3864 ὄρθιον
502 3791 608 3845 ἄνω
668 3792 997 3866 βαστάζηται
1037 3837 1049 3850 .
1108 3795 1282 3872 ’Όπερ
1355 3794 1447 3851 ⁹ίνα
1518 3798 1708 3855 πιστὸν
1783 3805 1911 3855 πᾶσι

246 3880 461 3953 ποιήσῃ
504 3880 531 3933 ὁ
588 3878 800 3951 Κύριος,
852 3882 941 3935 καὶ
988 3887 1068 3953 τῷ
1127 3884 1315 3960 Πέτρῳ
1379 3882 1595 3960 βαδίσαι
1654 3887 1789 3942 κατά
1818 3892 1913 3942 τοῦ

246 3964 525 4042 πελάγους
555 3967 749 4033 εὐθέως
782 3965 970 4036 ἔδωκε,
1025 3969 1191 4049 μέχρι
1241 3974 1331 4035 τὸν
1384 3981 1484 4044 τῆς
1534 3973 1911 4052 ὀλιγοπιστίας

246 4054 353 4109 οὒκ
409 4052 626 4135 ἐδέχετο
684 4056 872 4117 σάλον.
898 4059 968 4113 Τὸ
1029 4059 1124 4133 μὲν
1183 4059 1272 4117 οὖν
1328 4059 1541 4118 ὁδεῦσαι
1573 4066 1665 4121 τὸν
1709 4064 1909 4141 [Ιέτρον

246 4142 449 4217 οὕτως⁹
500 4141 735 4201 ἐδείκνυε
777 4153 876 4215 τῆς
928 4144 1254 4219 δεσποτικῆς
1306 4151 1499 4227 σαρκὸς
1532 4147 1909 4229 ἀναμφίϐολον

243 4233 349 4300 τήν
400 4233 639 4311 πορείαν·
692 4236 754 4291 τὸ
805 4232 862 4290 δὲ
908 4235 1224 4295 διστάσαντα
1286 4238 1479 4310 μηκέτι
1535 4240 1911 4315 βαστάζεσθαι,

245 4335 350 4393 τῆς
387 4330 583 4402 μεταξὺ
616 4328 877 4408 διαφορᾶς
922 4332 985 4388 τὸ
1034 4335 1361 4409 ἀμέτρητον.
1417 4340 1707 4410 Πανταχοῦ
1735 4336 1914 4393 τοίνυν

248 4422 285 4487 ἡ
320 4426 417 4488 τῆς
448 4422 643 4495 σαρκὸς
675 4422 812 4496 πρὸς
864 4422 957 4476 τὸν
1008 4423 1180 4499 Λόγον
1207 4420 1395 4485 ἕνωσις
1442 4421 1673 4496 αὔξουσα
1702 4421 1909 4481 δείκνυ·

244 4528 337 4569 ται
367 4512 475 4563 τῶν
507 4511 812 4585 γενομένων
851 4510 912 4565 τὸ
961 4508 1194 4582 ἔνδοξον.
1243 4514 1340 4568 Καὶ
1387 4514 1672 4587 συντόμως
1715 4512 1906 4587 εἰπεῖν,

247 4592 369 4661 οὐδ’
412 4595 469 4651 ἃν
534 4598 663 4654 αὐτὸ
712 4599 773 4657 τὸ
821 4600 956 4655 κατά
1002 4605 1099 4656 τοῦ
1154 4602 1382 4665 θανάτου
1436 4603 1697 4678 τρόπαιον
1764 4599 1910 4658 ἔσται

247 4684 527 4758 λαμπρὸν,
592 4689 667 4761 μὴ
725 4685 1025 4763 προδήλως
1081 4690 1389 4765 ἀνθρωπίνη
1449 4691 1608 4769 φύσις
1646 4691 1905 4768 κρείττων

243 4780 348 4845 τῆς
393 4773 539 4835 κάτώ
594 4774 905 4853 τυραννίδος
945 4776 1149 4854 ἰγὲνετο
1196 4784 1265 4853 τῇ
1326 4777 1549 4853 δυνάμει
1604 4789 1702 4853 τῆς
1754 4783 1904 4857 άχω-

247 4862 449 4939 ρίστως
496 4865 785 4938 ἡνωμένης
842 4866 1121 4939 θεότητος·
1172 4868 1288 4925 ἐπεὶ
1333 4870 1398 4925 τὸ
1443 4871 1517 4942 μὴ
1569 4872 1906 4946 κρατηθῆναι

246 4951 380 5007 Θεὸν
411 4953 502 5007 τὸν
534 4951 809 5027 μηδέποτε
838 4957 1145 5028 κρατεῖσθαι
1191 4954 1488 5032 δυνάμενον
1539 4963 1647 5014 τῶν
1683 4957 1904 5017 εἰκότων

244 5041 339 5094 καί
398 5039 685 5097 εἰωθότων·
748 5043 809 5096 τὸ
868 5040 925 5098 δὲ
985 5045 1063 5116 μὴ
1120 5053 1457 5120 κρατηθῆναι
1516 5049 1687 5123 σάρκα
1743 5052 1906 5103 τοῦτο

246 5132 486 5203 πρῶτον,
516 5134 677 5185 τοῦτο
719 5130 886 5201 ξένον·
935 5136 1095 5188 τοῦτο
1148 5133 1237 5191 καὶ
1285 5137 1383 5204 τήν
1436 5132 1643 5193 εἷ’σοδον
1674 5140 1772 5193 τοῦ
1803 5141 1905 5191 Κυ-

247 5217 368 5291 ρίου
388 5219 487 5287 τήν
521 5215 609 5281 διὰ
635 5223 742 5275 τῶν
788 5218 1182 5294 κεκλεισμένων
1228 5225 1404 5299 θυρῶν
1437 5223 1732 5299 γενομένην
1766 5226 1907 5287 ἁποο

246 5305 423 5375 φαίνει
484 5309 712 5385 φρικτὴν
747 5355 764 5382 ,
796 5305 877 5363 ὅτι
921 5314 1151 5367 συνοῦσα
1199 5318 1300 5387 τῆς
1335 5312 1529 5387 σαρκὸς
1564 5314 1599 5382 ἠ
1654 5312 1906 5393 παχύτης

247 5401 504 5476 ἐμποδὼν
562 5406 662 5465 οὐκ
706 5405 940 5481 ἐγένετο,
992 5405 1183 5477 ἐπειδὴ
1220 5415 1405 5485 μεῖζον
1454 5414 1519 5479 ἦν
1561 5410 1623 5464 τὸ
1669 5422 1907 5484 θαυματο

248 5497 479 5573 ουργοῦν
510 5499 607 5549 τοῦ
635 5493 972 5557 κωλύοντος.
1002 5497 1064 5557 Ὁ
1103 5494 1160 5552 δὲ
1189 5498 1367 5574 χωρὶς
1414 5499 1667 5572 σώματος
1700 5501 1908 5577 ἀνθρωο

248 5580 410 5637 πίνου
468 5586 789 5658 γεγενῆσθαι
846 5584 1021 5658 λέγων
1080 5586 1141 5640 τὸ
1199 5593 1474 5663 πρᾶγμα,
1536 5588 1716 5643 κοινὸν
1778 5588 1907 5644 αὐτὸ

248 5677 398 5727 ποιεῖ
424 5672 560 5746 πρὸς
608 5672 734 5735 τοὺς
784 5672 1075 5749 ἀγγέλους,
1120 5676 1258 5746 πρὸς
1305 5680 1416 5733 τῶν
1456 5677 1752 5749 ἀνθρώπων
1803 5681 1906 5754 ψυ-

2019 605 2085 643 eo
2115 588 2425 657 vestigium
2472 592 2769 658 appareat.
2804 591 2885 639 Ila
2937 591 2999 640 ut
3051 586 3097 640 si
3150 587 3282 656 quis
3331 588 3398 641 de
3452 588 3663 643 deitate

2018 693 2201 748 eaque
2250 675 2371 731 sola
2402 677 2579 740 dicat,
2616 675 2769 745 quod
2821 691 3023 746 expers
3078 675 3292 745 peccati
3346 676 3442 743 sit,
3477 675 3660 730 risum

2018 763 2116 820 ille
2168 764 2361 836 potius
2404 780 2576 834 quam
2626 762 3073 817 admirationem
3124 763 3491 818 auditoribus
3541 781 3663 817 mo-

2018 858 2187 908 turus
2236 853 2359 908 sit:
2403 852 2878 923 quandoquidem
2931 867 3043 905 non
3098 850 3288 906 solum
3341 852 3664 907 divinitatis

2018 941 2138 1016 hinc
2171 948 2378 997 natura
2408 946 2513 1007 est,
2551 944 2613 995 ut
2643 941 2803 995 omni
2853 940 3025 1011 culpa
3074 957 3305 1011 semper
3352 940 3534 997 libera
3564 942 3661 1008 sit,

2018 1031 2117 1085 sed
2152 1030 2338 1085 multa
2370 1030 2544 1085 etiam
2571 1029 2909 1097 angelorum
2939 1028 3124 1083 millia
3154 1046 3187 1083 a
3217 1036 3451 1101 peccato
3482 1048 3663 1085 vacua

2018 1124 2339 1174 serventur.
2371 1118 2586 1173 Verum
2649 1118 2798 1173 hanc
2857 1117 3044 1189 ipsam
3094 1119 3165 1173 ob
3223 1134 3453 1173 causam
3508 1121 3660 1175 509

2019 1207 2236 1262 dicitur
2291 1223 2444 1276 caro,
2496 1224 2563 1261 ex
2621 1222 2829 1277 genere
2891 1208 3193 1261 hominum
3254 1209 3503 1278 peccatis
3560 1209 3660 1263 ob-

2018 1296 2209 1363 noxio,
2242 1303 2495 1367 sumpta,
2530 1294 2655 1350 sola
2689 1295 2992 1366 primaque
3019 1296 3234 1367 peccati
3272 1312 3473 1366 expers
3506 1313 3667 1351 man-

2016 1385 2186 1448 sisse,
2231 1390 2464 1456 propter
2523 1384 2798 1438 unionem
2858 1399 2988 1437 cum
3041 1382 3152 1438 Deo
3208 1386 3411 1439 Verbo.
3468 1384 3662 1439 Proxi-

2018 1490 2177 1528 mum
2214 1473 2348 1528 huic
2381 1471 2730 1527 miraculum
2776 1478 2866 1526 est
2909 1471 3065 1526 lucta
3112 1471 3212 1526 illa
3243 1487 3374 1526 cum
3410 1471 3666 1542 diabolo,

2016 1567 2427 1633 reportataque
2476 1563 2546 1615 ab
2578 1577 2642 1616 eo
2673 1560 2931 1626 victoria,
2967 1560 3103 1631 quia
3157 1561 3203 1615 is
3255 1562 3353 1632 qui
3404 1566 3663 1617 tentatus

2015 1657 2123 1717 est,
2153 1654 2286 1705 cuin
2316 1649 2554 1704 devictae
2578 1650 2771 1704 carnis
2805 1648 3094 1720 primitias
3120 1649 3377 1719 haberet,
3401 1650 3665 1706 victorio-

2015 1756 2139 1795 sam
2203 1739 2361 1793 illam
2413 1739 2541 1808 ejus
2593 1739 2691 1808 qui
2740 1738 3056 1813 aliquando
3104 1738 3339 1804 vicerat,
3373 1739 3582 1804 eil‘ecit,
3611 1744 3667 1794 et

2017 1832 2239 1881 naturae
2268 1826 2419 1881 vires
2460 1826 2739 1881 adversus
2790 1841 2922 1880 eum
2974 1826 3071 1898 qui
3122 1827 3260 1882 olim
3295 1826 3425 1882 dolo
3456 1827 3669 1883 vicerat

2017 1915 2248 1970 indidit.
2283 1915 2671 1979 Quamobrem
2698 1914 2966 1969 immissa
2997 1914 3052 1970 in
3082 1932 3143 1970 se
3169 1916 3561 1975 tentatiunum
3589 1921 3669 1975 te-

2018 2004 2093 2074 la,
2128 2003 2371 2076 repetita
2416 2020 2717 2058 sacrarum
2764 2002 3111 2058 Litterarum
3148 2006 3431 2060 memoria
3462 2022 3663 2067 excus-

2019 2091 2115 2156 sit,
2142 2108 2255 2145 non
2288 2090 2632 2145 auctoritate
2656 2089 2891 2145 deitatis
2914 2092 3312 2148 adversarium
3336 2093 3623 2175 repellens
3650 2113 3663 2152 :

2021 2190 2118 2244 sed
2156 2186 2477 2245 ministerio
2510 2187 2894 2247 humanitatis
2927 2189 3203 2261 prrevium
3237 2192 3546 2265 Scriptura)
3579 2195 3669 2251 lu~

2021 2295 2154 2333 men
2188 2278 2258 2331 ad
2295 2278 2565 2333 universa
2605 2277 2829 2347 objecta
2861 2278 3178 2352 proferens.
3209 2280 3370 2344 Quod
3402 2281 3449 2341 si
3481 2283 3667 2343 Deum

2019 2365 2275 2421 Verbum
2312 2366 2368 2419 in
2402 2382 2530 2421 sese
2578 2366 2769 2419 omnis
2802 2382 3007 2436 expers
3040 2369 3257 2438 peccati
3292 2369 3671 2443 impeccabile

2021 2460 2079 2509 et
2121 2453 2400 2509 invictum
2448 2452 2875 2522 declarabatur,
2911 2456 3044 2526 quis
3094 2457 3470 2532 Obstupescat
3498 2460 3568 2515 ad
3601 2475 3671 2514 ea

2022 2559 2147 2616 qua:
2181 2542 2339 2597 dicta
2377 2541 2561 2597 sunt?
2608 2542 2730 2597 Non
2782 2549 2872 2598 est
2928 2560 3143 2601 novum
3200 2551 3257 2601 et
3314 2546 3667 2619 inauditum,

2021 2631 2204 2687 Deum
2238 2648 2351 2686 non
2386 2647 2643 2703 peccare,
2678 2648 2780 2686 nec
2811 2649 2845 2691 a
2876 2633 3109 2705 prOpria
3138 2641 3407 2691 creatura
3434 2653 3669 2711 supera-

2022 2720 2090 2774 ri.
2124 2721 2365 2783 Quando
2414 2720 2570 2775 enim
2617 2720 2871 2792 peccavit
2915 2727 3014 2777 aut
3044 2721 3231 2777 victus
3277 2730 3384 2795 est,
3419 2730 3483 2781 ut
3512 2725 3668 2796 quod

2022 2825 2175 2871 nunc
2208 2809 2417 2865 dicitur
2449 2808 2715 2869 miraculi
2751 2809 2916 2867 nobis
2947 2809 3068 2865 loco
3091 2828 3217 2866 esse
3241 2812 3488 2868 debeat?
3521 2812 3669 2868 Illud

2023 2914 2236 2952 novum
2270 2903 2325 2952 et
2357 2896 2684 2951 inauditum
2715 2903 2802 2952 est
2832 2914 2844 2952 :
2884 2904 3155 2954 naturam
3189 2899 3511 2956 humanam
3547 2917 3669 2959 rem

2022 2986 2529 3059 supernaturalem
2562 2990 2758 3057 aperte
2801 2986 3159 3043 exhibuisse.
3194 2989 3338 3044 Nam
3368 2989 3671 3047 ambulare

2022 3093 2202 3148 supra
2242 3090 2400 3129 mare
2447 3073 2606 3129 omni
2641 3090 2888 3135 vacuum
2948 3080 3103 3131 metu
3161 3083 3218 3133 et
3273 3077 3551 3151 periculo,
3582 3083 3673 3135 est

2022 3163 2166 3219 illud
2201 3162 2435 3233 quidem
2469 3161 2689 3228 deitati,
2724 3163 2841 3217 imo
2886 3162 3110 3235 angelis
3141 3165 3314 3220 etiam
3365 3166 3512 3238 ipsis
3543 3182 3670 3239 per-

2023 3270 2197 3327 quam
2236 3251 2399 3306 facile
2427 3268 2439 3308 :
2464 3267 2566 3306 nec
2591 3252 2967 3324 obstupescet
2996 3254 3406 3323 admiratione,
3432 3255 3541 3313 hoc
3571 3255 3675 3327 qui

2022 3341 2263 3397 viderit:
2295 3345 2352 3394 at
2379 3338 2733 3394 humanitati
2775 3340 2944 3395 nudaa
2978 3340 3139 3403 nullo
3169 3342 3341 3398 modo
3374 3343 3675 3415 possibile.

2022 3440 2139 3497 Nec
2172 3437 2463 3495 immerito
2507 3437 2883 3501 exhorrescit,
2906 3438 3008 3509 qui
3040 3438 3234 3495 carnis
3268 3440 3442 3510 pedes
3474 3440 3675 3497 istius-

2024 3527 2181 3583 nzodi
2211 3526 2319 3581 iter
2350 3526 2535 3581 facere
2576 3526 2755 3590 videt,
2789 3528 3056 3598 quamvis
3090 3526 3257 3583 Verbi
3292 3529 3515 3587 unitam
3548 3545 3675 3599 per-

2022 3632 2228 3681 sonam
2287 3614 2518 3686 cogitet.
2556 3614 2614 3669 Si
2672 3615 2805 3684 quis
2862 3621 3059 3675 autem
3121 3616 3425 3687 repudiata
3482 3633 3676 3681 carne,

2023 3706 2214 3761 solum
2236 3703 2493 3763 Verbum
2517 3703 2729 3758 dixerit
2751 3720 2929 3776 super
2954 3704 3232 3763 ﬂuetibus
3260 3704 3440 3765 fuisse
3462 3704 3675 3769 visum,

2021 3793 2074 3849 is
2106 3792 2368 3847 inﬁrmat
2407 3791 2675 3861 tollitque
2709 3791 2977 3846 miraculi
3027 3792 3501 3862 amplitudinem,
3530 3792 3677 3847 nihil

2024 3882 2221 3953 magni
2253 3879 2665 3939 testiﬁcatione
2705 3896 2813 3934 sua
2862 3881 3022 3950 operi
3078 3880 3362 3935 tribuens.
3397 3881 3672 3951 Magnum

2024 3971 2179 4029 enim
2211 3985 2341 4027 vere
2371 3974 2481 4032 est,
2514 3974 2572 4022 et
2604 3968 2795 4038 majus
2827 3984 3005 4038 quam
3048 3974 3112 4023 ut
3150 3967 3460 4025 hominum
3493 3970 3679 4039 possit

2023 4064 2217 4116 mente
2263 4056 2704 4130 comprehendi,
2739 4072 2853 4111 non
2885 4072 3016 4111 cum
3065 4074 3237 4112 verus
3268 4062 3327 4113 et
3356 4058 3549 4119 omnis
3578 4075 3675 4115 ex-

2022 4164 2155 4218 pers
2186 4146 2462 4219 ponderis
2505 4144 2771 4216 spiritus,
2805 4145 3082 4200 ﬂuctibus
3113 4145 3170 4199 in
3213 4145 3399 4202 altum
3430 4146 3674 4215 tollitur,

2021 4237 2122 4291 sed
2151 4234 2384 4307 quando
2445 4249 2709 4291 crassum
2760 4238 2816 4288 et
2867 4250 3039 4305 grave
3096 4250 3308 4305 corpus
3338 4252 3371 4290 a
3402 4234 3561 4291 molli
3620 4241 3678 4295 et

2022 4333 2189 4395 facile
2210 4332 2452 4387 cedente
2484 4334 2691 4389 natura
2716 4336 2977 4386 erectum
3005 4348 3242 4387 sursum
3270 4332 3472 4389 fertur.
3495 4333 3676 4402 Cujus

2021 4423 2102 4477 rei
2134 4426 2199 4477 ut
2229 4420 2402 4479 iidem
2434 4418 2708 4474 omnibus
2739 4418 3025 4477 Dominus
3075 4422 3306 4489 faceret,
3332 4421 3492 4477 dedit
3537 4437 3673 4477 oon-

2020 4510 2186 4571 tinuo
2218 4514 2275 4565 et
2304 4509 2471 4565 Petro
2501 4512 2850 4578 potestatein
2901 4524 3006 4579 per
3054 4508 3297 4580 pelagus
3344 4508 3671 4581 gradiendi,

2021 4600 2203 4655 donec
2235 4596 2459 4668 pusillae
2493 4597 2628 4652 fidei
2679 4598 2924 4653 ﬂuctum
2974 4614 3088 4653 non
3140 4598 3476 4654 sustineret.
3510 4598 3672 4660 Quod

2016 4705 2153 4760 ergo
2184 4688 2385 4743 Petrus
2423 4686 2510 4741 sic
2554 4684 2879 4743 ambulavit
2926 4703 3108 4755 supra
3160 4702 3341 4753 mare,
3376 4686 3672 4742 indubita-

2020 4782 2145 4833 tum
2185 4774 2490 4831 Dominica:
2525 4774 2719 4829 carnis
2751 4774 2863 4833 iter
2891 4774 3209 4831 declaravit
3239 4792 3251 4831 :
3286 4775 3440 4846 quod
3472 4780 3668 4831 autem

2019 4865 2298 4921 dubitans
2350 4880 2461 4919 non
2513 4863 2771 4934 amplius
2801 4868 3153 4935 portaretur,
3188 4864 3243 4918 id
3290 4864 3671 4931 immensum,

2020 4955 2176 5026 quod
2210 4954 2362 5009 inter
2393 4955 2711 5025 utrumque
2737 4957 2846 5019 est,
2878 4953 3196 5009 discrimen
3229 4952 3672 5009 demonstravit.

2019 5054 2245 5125 Ubique
2293 5054 2475 5125 igitur
2524 5052 2718 5107 carnis
2772 5069 2906 5107 cum
2948 5054 3135 5109 Verbo
3187 5053 3325 5109 unio
3384 5053 3670 5108 factorum

2018 5142 2232 5199 Christi
2262 5140 2618 5212 amplificare
2641 5139 2886 5210 gloriam
2912 5141 3219 5197 evincitur.
3240 5146 3431 5212 Atque
3451 5144 3517 5194 ut
3548 5155 3669 5195 rem

2020 5228 2222 5304 paucis
2252 5227 2627 5300 complectar,
2649 5227 2836 5299 ipsius
2858 5229 2929 5285 de
2959 5235 3143 5285 morte
3169 5228 3445 5302 reportati
3469 5227 3667 5298 tropaei

2020 5320 2296 5393 splendor
2339 5316 2531 5373 omnis
2580 5316 2843 5372 deleatur
2887 5324 3133 5390 oportet,
3159 5319 3207 5373 si
3240 5334 3356 5374 non
3412 5316 3670 5370 humana

2021 5415 2254 5478 natura,
2289 5406 2526 5463 deitatis
2556 5404 3025 5477 inseparabiliter
3066 5407 3178 5463 sibi
3229 5406 3406 5462 unitas
3433 5402 3667 5465 virtute,

2018 5498 2326 5571 tyrannide
2370 5492 2641 5552 internali
2692 5494 2801 5550 fuit
2844 5497 3142 5567 superior;
3190 5490 3666 5565 quandoquidem

2022 5590 2201 5651 Deum
2234 5604 2349 5642 non
2393 5582 2681 5656 superari,
2707 5583 2807 5661 qui
2853 5582 3103 5647 invictus
3132 5588 3241 5653 est,
3273 5578 3549 5647 credibile
3577 5582 3669 5641 eet

2017 5681 2076 5735 et
2104 5672 2454 5732 verisimile:
2479 5670 2582 5728 sed
2606 5686 2842 5727 carnem
2874 5687 2991 5727 non
3021 5671 3311 5743 superari,
3334 5670 3393 5727 id
3424 5668 3662 5725 demum
