4086 6214
394 342 550 402 1383

1556 342 1619 399 S.
1671 335 2190 398 ATHANASIUS.
2227 368 2302 377 —
2330 335 2640 398 SPUHIA.

3658 342 3677 391 t
3691 334 3822 393 384

392 473 712 545 singulare,
746 473 800 526 id
836 489 1046 527 novum
1091 476 1180 526 est
1206 488 1217 525 ;
1246 472 1352 526 hoc
1385 473 1523 526 item
1572 470 1762 525 reddit
1792 469 2041 523 miracu-

2165 465 2285 538 χὰς,
2316 465 2451 539 πρὸς
2508 465 2575 519 τὰ
2631 465 2841 520 ὶναντία
2897 465 3197 536 πνεύματα,
3230 463 3304 517 ὦν
3364 461 3453 518 διὰ
3499 464 3560 517 τὸ
3608 462 3818 517 λεπτὸν

392 560 585 615 losum
620 560 848 614 Domini
893 576 995 630 per
1024 558 1255 613 clausas
1296 560 1513 629 januas
1560 558 1918 628 ingressum,
1949 555 2043 609 cui

393 666 459 704 ea
492 667 617 720 quae
651 648 873 719 corpori
928 649 1131 715 inerat,
1166 648 1484 711 crassities,
1522 646 1683 701 nullo
1718 646 1827 699 fuit
1858 645 2046 714 impe-

394 737 678 802 dimento,
713 737 1003 807 siquidem
1053 738 1239 805 major
1280 743 1400 791 erat
1435 735 1699 789 miraculi
1750 739 1951 789 auctor
1982 748 2047 786 eo

395 827 545 897 quod
578 826 772 897 ipsum
803 826 1133 895 ingressum
1161 824 1521 896 prohibebat.
1545 823 1649 888 Qui
1674 839 1807 876 vero
1830 823 2048 876 factum

397 914 504 968 hoc
536 930 666 969 esse
695 914 833 967 dicit
866 914 1089 984 absque
1137 930 1378 984 corpore
1424 914 1701 977 humano,
1737 911 1788 966 is
1830 912 2047 965 factum

396 1003 795 1058 communicat
842 1019 976 1056 cum
1030 1002 1275 1072 angelis,
1315 1018 1447 1055 cum
1501 1001 1812 1055 animabus
1863 998 2048 1053 homi-

394 1109 558 1153 num,
584 1108 715 1145 cum
754 1092 897 1162 ipsis
929 1090 1180 1160 denique
1212 1090 1561 1144 adversariis
1594 1088 1920 1160 spiritibus,
1950 1086 2051 1157 qui

396 1186 630 1251 propter
686 1178 979 1233 levitatem
1043 1179 1406 1244 substantias,
1454 1177 1745 1248 ejusmodi
1784 1162 2050 1230 transitu

2153 560 2252 621 τῆς
2300 552 2483 615 οὐσίας
2534 552 2817 616 ἀκώλυτος
2866 556 2900 623 ἡ
2949 553 3173 620 τοιαύτη
3207 547 3474 613 διάϐασις.
3509 553 3633 609 Ἑπῖ
3680 552 3819 607 τού-

2155 662 2270 703 τοις
2301 642 2389 696 καὶ
2420 645 2454 711 ἡ
2487 644 2622 716 πρὸς
2655 641 2880 717 οὐρανὸν
2930 636 3186 703 ἀνάϐασις
3235 645 3332 695 106
3379 640 3651 695 Δεσπότου
3712 642 3820 708 τὴν

2156 729 2321 798 αὐτὴν
2352 733 2487 803 ἡμῖν
2522 732 2749 806 παρέχει
2782 728 3045 802 διάνοιαν,
3078 730 3153 792 ὡς
3190 727 3385 784 εἷδὲναι
3414 735 3511 785 106
3545 730 3643 801 μὶν
3676 728 3823 784 θεοῦ

2160 818 2334 893 Λόγου
2382 820 2479 887 τὴν
2531 820 2582 873 ὲν
2635 819 2883 894 οὐρανοῖς
2934 816 3210 893 διαγωγήν
3245 816 3442 884 ἀΐδιον,
3474 819 3823 893 ἀχώριστον,

2159 907 2547 985 ἀπερίγραφον,
2579 916 2681 977 τῆς
2714 905 2770 963 δὲ
2812 906 3157 981 συνημμένης
3209 906 3427 979 σαρκὸς,
3454 908 3578 962 τότε
3626 928 3826 961 καινο-

2157 996 2503 1069 τομουμένην
2577 998 2677 1065 τὴν
2762 997 2915 1067 ξένην
2996 996 3292 1069 ἀνάληψιν,
3359 996 3826 1069 μετοικιζομένης

2158 1083 2296 1139 ὅπου
2344 1086 2418 1158 μὴ
2470 1086 2731 1161 πρότερον
2787 1088 2873 1154 ἧν·
2908 1084 3024 1140 ἐπεὶ
3074 1082 3216 1157 μηδὶ
3245 1085 3304 1139 εκ
3335 1084 3541 1162 φύσεως
3570 1085 3692 1160 εἶχε
3756 1085 3825 1139 τὸ

2157 1170 2500 1240 τηλικούτων
2535 1174 2851 1244 ἀξιωθῆναι.

394 1285 509 1321 non
544 1273 791 1338 possunt
843 1266 1157 1337 prohiberi.
1196 1268 1472 1321 Praeterea
1502 1266 1651 1321 hanc
1701 1265 2052 1319 sententiam
2083 1261 2213 1332 ipsa
2243 1262 2475 1318 Domini
2528 1264 2587 1318 in
2638 1264 2846 1318 caelum
2894 1263 3159 1319 ascensio
3209 1263 3377 1319 nobis
3426 1265 3715 1335 suggerit,
3758 1270 3835 1318 ut

394 1357 672 1425 sciamus,
708 1361 886 1409 Deum
932 1356 1178 1411 Verbum
1213 1356 1447 1426 quidem
1500 1355 1559 1409 in
1615 1353 1775 1408 coelis
1818 1352 2006 1424 egisse
2053 1355 2351 1423 perpetuo,
2386 1352 2547 1408 nullo
2599 1352 2735 1408 inde
2782 1358 3043 1424 tempore
3090 1352 3411 1419 divulsum,
3446 1352 3626 1408 nullis
3658 1356 3830 1408 loco-

395 1461 527 1498 rum
561 1444 769 1514 spatiis
801 1444 1309 1514 circumscriptum
1347 1460 1360 1498 :
1394 1460 1625 1499 carnem
1676 1458 1809 1496 vero
1860 1441 1944 1494 illi
1995 1442 2369 1509 coniunctam
2411 1446 2538 1496 tum
2587 1441 2867 1513 primum,
2900 1442 3073 1496 modo
3124 1440 3296 1510 plane
3339 1441 3651 1511 stupende,
3685 1458 3831 1496 eve-

394 1538 549 1588 ctam
600 1533 1060 1603 translatamque
1107 1549 1197 1600 eo,
1232 1533 1329 1587 ubi
1384 1534 1546 1604 prius
1580 1549 1693 1587 non
1725 1536 1880 1597 erat;
1935 1528 2227 1600 siquidem
2276 1546 2394 1585 non
2448 1535 2658 1586 natura
2703 1531 2813 1586 hoc
2861 1529 3134 1596 habebat,
3171 1534 3235 1585 ut
3264 1529 3359 1585 tali
3407 1529 3595 1602 gloria
3627 1530 3831 1585 dona-

398 1626 582 1677 retur.

1168 1710 1283 1765 XV.

398 1799 670 1856 Adversus
702 1814 791 1853 eos
818 1800 911 1868 qui
940 1799 1140 1853 damno
1180 1801 1435 1868 afﬁciunt
1472 1814 1643 1869 genus
1690 1802 1956 1862 nostrum,
1986 1810 2048 1849 eo

474 1872 615 1941 quod
646 1880 841 1940 negent
869 1870 1208 1925 Salvatorem
1236 1887 1305 1925 ex
1324 1868 1528 1924 natura
1547 1874 1735 1924 nostra
1763 1868 2053 1938 sumpsisse

464 1943 774 2013 primitias.

470 2047 673 2102 Omnis
717 2045 938 2101 malitia
985 2052 1073 2101 est
1125 2064 1217 2102 res
1264 2046 1649 2114 detestabilis,
1686 2050 1796 2100 Deo
1826 2044 2047 2110 odiosa,

399 2139 456 2189 et
490 2134 826 2189 hominibus
858 2135 1116 2189 inimica.
1138 2138 1210 2189 At
1240 2152 1324 2201 ea,
1359 2152 1475 2206 qua
1508 2133 1770 2189 nonnulli
1806 2131 2049 2204 propriae

398 2225 553 2280 510
585 2223 761 2278 saluti
793 2222 1054 2277 invident
1083 2229 1141 2277 et
1170 2222 1387 2294 gloriae,
1413 2239 1648 2277 omnem
1674 2238 1911 2293 prorsus
1940 2220 2048 2273 im-

398 2313 746 2383 probitatem
798 2311 1142 2383 longissime
1174 2312 1369 2365 vincit.
1402 2313 1513 2366 Hoc
1542 2314 1664 2379 jam
1700 2314 1977 2381 praestant
2009 2306 2050 2360 ii

399 2401 497 2471 qui
534 2406 751 2471 negant
780 2399 1147 2455 Salvatorem
1184 2417 1249 2454 ex
1283 2406 1492 2454 natura
1525 2406 1727 2454 nostra
1766 2396 2051 2470 primitias

397 2489 865 2560 sumpsisse.Sed
888 2488 1092 2543 multis
1112 2490 1302 2544 modis
1324 2494 1716 2557 peccant,tum
1738 2489 1890 2559 quod
1908 2485 2054 2541 Scri-

397 2583 580 2649 pturaa
614 2582 825 2631 sancta:
870 2578 1227 2646 testimonio,
1249 2583 1372 2631 tum
1410 2578 1599 2648 magis
1631 2577 1885 2648 Spiritus
1916 2592 2049 2630 san-

393 2667 470 2721 cti
498 2666 743 2721 oracalis
792 2666 1174 2720 adversentur
1201 2683 1213 2720 :
1242 2670 1367 2720 tum
1417 2666 1571 2735 quod
1602 2664 1833 2719 Domini
1867 2663 2050 2717 nostri

390 2754 450 2808 in
483 2754 751 2810 homines
784 2771 1040 2809 amorem
1085 2754 1400 2809 obscurare
1449 2772 1561 2808 non
1613 2754 1882 2807 dubitent
1914 2768 1926 2805 :
1963 2750 2049 2805 vel

392 2844 545 2914 quod
577 2843 772 2913 generi
820 2842 1125 2897 hominum
1161 2843 1433 2898 universo
1469 2843 1727 2913 praestita
1771 2841 2052 2896 beneficia

395 2938 694 3003 respuant,
728 2932 1116 3002 maximeque,
1145 2933 1296 3001 quod
1329 2948 1600 3002 magnam
1633 2930 1921 3001 assumpti
1953 2929 2049 2985 ho-

398 3021 577 3076 minis
608 3023 992 3076 csconomiam
1028 3020 1293 3076 inutilem
1327 3021 1640 3076 declarent.
1670 3020 1794 3075 Non
1820 3036 2047 3075 assum-

395 3111 512 3179 psit
539 3125 607 3163 ex
640 3116 837 3165 nostra
864 3115 1071 3164 natura
1101 3126 1343 3179 carnem,
1370 3127 1383 3164 :
1420 3110 1710 3181 quomodo
1740 3110 1921 3181 igitur
1951 3108 2047 3162 ha-

398 3197 603 3252 bitavit
635 3197 693 3252 in
728 3197 937 3252 nobis?
961 3200 1261 3262 Quomodo
1304 3215 1502 3253 semen
1549 3199 1787 3253 Abrahae
1816 3214 2046 3252 assum-

405 3285 521 3355 psit
541 3286 567 3338 ’Β
618 3287 917 3350 Quomodo
951 3286 1168 3339 dicitur
1201 3303 1256 3341 ;‹‹
1292 3288 1371 3341 Ex
1402 3286 1617 3357 quibus
1649 3287 1912 3342 Christus
1960 3301 2049 3341 se-

400 3374 661 3427 cundum
686 3389 918 3427 carnem
939 3373 1232 3429 ‘7?»Vana
1260 3376 1441 3446 igitur
1471 3375 1884 3446 prophetarum
1909 3375 2049 3429 vati-

395 3461 549 3516 cinia
575 3479 588 3515 :
612 3478 770 3516 vana:
802 3461 998 3517 Davidi
1030 3462 1191 3517 facta:
1226 3481 1258 3517 a
1290 3463 1404 3518 Deo
1442 3463 1861 3534 promissiones
1885 3480 1933 3520 ;‹‹
1972 3463 2051 3519 De

398 3552 584 3605 fructu
618 3552 837 3605 ventris
876 3550 962 3605 tui
1010 3567 1219 3620 ponam
1273 3568 1448 3622 super
1496 3552 1691 3607 sedem
1749 3559 1908 3607 tuam
1929 3553 1991 3606 ⁸⁸.
2023 3574 2050 3601 ››

399 3638 567 3694 Falso
619 3638 886 3695 Christus
934 3639 1137 3695 fideles
1188 3647 1357 3694 vocat
1418 3640 1623 3696 fratres
1674 3658 1859 3696 suos:
1905 3640 2051 3696 falso

396 3728 614 3783 Paulus
648 3730 729 3783 ait
753 3746 805 3782 ;‹‹
828 3727 973 3783 Nam
1007 3728 1196 3799 ipsius
1217 3746 1401 3800 genus
1427 3745 1635 3785 sumus
1655 3730 1719 3783 3°.
1751 3753 1768 3777 ι
1798 3731 2050 3801 Ecquem

397 3834 514 3871 non
559 3817 775 3887 pudeat
803 3821 890 3871 tot
936 3822 1248 3887 tantosque
1297 3823 1473 3872 testes
1524 3817 1895 3889 impudenter
1924 3821 2053 3890 reji-

394 3922 544 3972 cere,
579 3922 728 3961 nova
767 3907 1142 3977 absurdeque
1191 3907 1468 3977 dogmata
1521 3907 1823 3972 fabricare,
1858 3908 2054 3964 debito

396 3995 721 4065 gratiarum
743 3994 988 4049 actionis
1013 3994 1231 4049 honore
1250 3995 1563 4049 Dominum
1585 3996 2054 4066 privare,damno

396 4083 651 4153 denique
682 4100 867 4153 genus
898 4088 1161 4137 nostrum
1191 4084 1527 4137 universum
1562 4085 1618 4138 in
1654 4083 1753 4140 illo
1788 4085 2055 4141 afﬁcere?

397 4171 520 4225 Non
552 4188 619 4226 ex
652 4173 820 4226 nobis
837 4179 926 4226 est
957 4189 1088 4226 caro
1121 4171 1220 4226 illa
1250 4177 1569 4242 assumpta.
1596 4173 1839 4237 Qualem
1872 4174 2056 4247 igitur

398 4259 606 4314 salutis
629 4276 792 4328 spem
818 4260 1143 4315 habemus?
1176 4260 1298 4314 Non
1329 4261 1520 4315 adhuc
1545 4261 1633 4315 lex
1656 4262 1896 4333 impleta
1916 4272 2007 4319 est
2039 4282 2051 4319 :

398 4348 588 4401 adhuc
616 4365 965 4402 accusamur
995 4350 1064 4402 de
1098 4355 1332 4418 peccato
1359 4365 1370 4401 :
1399 4348 1590 4404 adhuc
1622 4350 2054 4408 maledictionis

2081 1707 2130 1772 B

2926 1706 3041 1762 XV.

2162 1793 2301 1866 Πρὸς
2362 1793 2489 1868 τοὺς
2549 1791 2873 1868 ζημιοβντας
2931 1796 3091 1865 ἡμῶν
3148 1792 3213 1868 τρ
3258 1792 3546 1868 γένος,τῷ
3588 1816 3664 1868 μη
3718 1793 3826 1849 λέ-

2230 1864 2458 1943 vati/,1}
2508 1860 2870 1943 τῆξφύσεως
2927 1860 3086 1937 ἡμῶν
3148 1860 3432 1941 είληξρέναί
3478 1860 3578 1932 τῆν
3634 1860 3820 1939 ἆπαρ·

2231 1938 2339 2011 χὴν
2375 1938 2460 1992 τὸν
2499 1938 2749 2009 Σωτῆρα.

2232 2048 2381 2098 Πᾶσα
2423 2045 2516 2116 μὶν
2558 2044 2718 2098 κακία
2766 2049 2987 2118 πρᾶγμα
3036 2041 3261 2119 φευκτὸν
3306 2040 3396 2095 καὶ
3442 2041 3558 2114 Θεῷ
3608 2063 3817 2116 στυγη-

2157 2132 2269 2203 τὸν,
2302 2132 2389 2186 καὶ
2449 2133 2756 2206 ἀνθρώποις
2817 2129 3105 2204 πολέμιον’
3138 2130 3201 2185 τὸ
3259 2128 3315 2185 δὲ
3367 2129 3455 2184 καὶ
3510 2134 3577 2203 τῇ
3640 2131 3821 2202 οἰκείᾳ

2161 2220 2403 2296 σωτηρίᾳ
2458 2219 2548 2275 καί
2633 2216 2759 2294 δόξῃ
2821 2219 3119 2296 βασκαίνειν
3189 2220 3361 2291 τινας,
3420 2224 3579 2274 τοῦτο
3640 2227 3816 2274 πᾶσαν

2164 2305 2491 2384 ὑπερϐάλλει
2558 2309 2821 2385 πονηρίας
2892 2303 3225 2384 ὑπερϐολήν
3278 2308 3408 2383 ὅπερ
3478 2313 3700 2363 ποιοῦσι
3748 2310 3821 2364 τά

2160 2402 2250 2451 νῦν
2304 2398 2354 2452 οἱ
2402 2396 2576 2473 λέγειν
2626 2396 2942 2470 τολμῶντες
3006 2398 3080 2470 μὴ
3132 2396 3190 2451 ἐκ
3238 2399 3338 2466 τῆς
3389 2396 3602 2474 φύσεως
3654 2400 3824 2470 ἡμῶν

2161 2486 2304 2561 παρὰ
2332 2490 2427 2540 106
2461 2493 2721 2561 Σωτῆρος
2782 2485 3037 2563 εἰλῆφθαι
3087 2486 3184 2555 τὴν
3242 2485 3519 2561 ἀπαρχήν.
3558 2486 3661 2541 Καὶ
3710 2508 3815 2540 πο-

2162 2574 2449 2650 λυτρόπως
2507 2578 2903 2651 παρανομοῦσι·
2959 2579 3120 2629 10610
3185 2575 3278 2647 μὶν
3336 2579 3416 2646 τῷ
3472 2580 3577 2628 τῶν
3642 2575 3812 2650 ἁγίων

2162 2669 2385 2742 Γραφῶν
2424 2663 2711 2739 μαρτυρίᾳ,
2747 2662 2960 2736 μᾶλλον
2997 2660 3052 2718 δὲ
3080 2667 3148 2736 τῇ
3178 2668 3274 2717 106
3306 2663 3461 2739 ἁγίου
3494 2663 3814 2736 Ηνεύματος

2157 2752 2450 2825 νομοθεσίᾳ
2510 2752 2837 2827 μαχόμενοι·
2893 2756 3052 2807 τοῦτο
3111 2749 3169 2805 δὲ
3224 2754 3322 2822 τήν
3383 2756 3478 2806 τοῦ
3539 2753 3815 2806 ,δεσπότου

2160 2840 2564 2919 φιλανθρωπίαν
2613 2840 2939 2909 ἐπισκιάζειν
2972 2839 3345 2913 τολμήσαντες
3399 2844 3561 2895 τοῦτο
3611 2838 3668 2893 δὲ
3712 2842 3815 2908 τήν

2158 2932 2345 2999 κοινὴν
2406 2930 2705 3006 ἀνθρώπων
2762 2928 3066 3004 εὐεργεσίαν
3127 2923 3510 2989 ἐκϐάλλοντες*
3565 2928 3641 2983 ἔτι
3704 2930 3812 3001 μὴν

2158 3020 2246 3073 καὶ
2280 3019 2537 3090 ἀνόνητον
2567 3019 2664 3087 τήν
2706 3019 2945 3094 μεγάΛην
2979 3016 3299 3089 οἰκονομίαν
3330 3024 3431 3084 τῆς
3464 3016 3815 3091 ἐνανθρωπή-

2158 3130 2290 3170 σεως
2347 3107 2754 3185 ἀποφαίνοντες,
2805 3106 2913 3159 Οὐκ
2989 3100 3178 3161 ἔλαϐεν
3261 3105 3319 3159 ἐκ
3373 3112 3474 3174 τῆς
3543 3107 3817 3180 ἡμετέρας

2158 3197 2366 3275 φύσεως
2426 3198 2614 3272 σάρκα’
2674 3200 2788 3256 πῶς
2849 3192 2939 3249 οὖν
3001 3193 3299 3263 ἐσκήνωσεν
3358 3193 3407 3247 ἰν
3470 3196 3604 3265 ἡμῖν
3638 3213 3651 3261 ;
3686 3199 3815 3255 Πῶς

2159 3286 2465 3362 σπέρματος
2521 3280 2771 3361 Ἀϐρααμ
2826 3277 3159 3351 ἐπελάϐετος
3194 3286 3318 3343 Πῶς
3370 3279 3606 3355 ε’ίρηταιο
3646 3308 3672 3330 ›ι
3727 3284 3815 3352 Ἓξ

2160 3378 2230 3430 ὧν
2278 3377 2306 3429 ὁ
2335 3373 2565 3450 Χριστὸς
2612 3375 2675 3428 τὸ
2724 3373 2859 3427 κατὰ
2903 3374 3107 3442 σάρκα;
3162 3396 3189 3423 »ι
3243 3369 3472 3431 Ψευδεῖς
3517 3375 3627 3424 τῶν
3678 3392 3813 3442 προ-

2160 3466 2345 3542 φητῶν
2377 3465 2430 3518 αἱ
2462 3461 2813 3538 προῤῥήσειςσ
2850 3457 3066 3534 ψευδεῖς
3097 3461 3151 3513 αἱ
3201 3464 3302 3513 106
3353 3463 3487 3513 Θεοῦ
3535 3460 3673 3533 πρὸς
3716 3460 3810 3512 τὸν

2161 3549 2324 3607 Δαὸὶδ
2377 3550 2721 3626 ὑποσχέσειςθ
2755 3551 2849 3605 ἰδκ
2895 3552 3105 3621 καρποῦ
3151 3554 3251 3616 τῆς
3303 3546 3517 3608 κοιλίας
3568 3568 3664 3601 σου
3712 3550 3812 3617 θή-

2161 3663 2325 3715 σομαι
2355 3641 2442 3695 ἐπὶ
2470 3645 2567 3695 τοῦ
2598 3638 2792 3714 θρόνου
2840 3657 2955 3691 σου’
2991 3633 3201 3710 ψευδῶς
3249 3633 3519 3713 ἀδελφοὺς
3553 3636 3582 3689 ὁ
3615 3636 3809 3711 Κύριος

2159 3732 2285 3793 τοὺς
2318 3729 2541 3790 πιστοὺς
2584 3728 2861 3799 ὀνομάζει·
2914 3723 3127 3798 ψευδῶς
3159 3726 3186 3779 ὁ
3218 3723 3433 3785 Παῦλος
3482 3724 3614 3778 εἷπε.
3655 3750 3681 3773 (ι
3712 3729 3820 3778 T06

2160 3821 2260 3896 γὰρ
2297 3819 2388 3874 καὶ
2419 3819 2573 3893 γένος
2607 3817 2788 3888 ἐσμὲν.
2826 3841 2845 3867 ι
2878 3813 2974 3875 Τίς
3036 3814 3134 3868 οὐκ
3185 3812 3514 3888 αἷσχύνηται
3573 3813 3661 3866 καὶ
3720 3833 3816 3867 10-

2163 3908 2369 3963 σούτων
2447 3905 2767 3980 μαρτύρων
2810 3901 3026 3971 πλῆθος
3101 3900 3330 3962 ἀναιδῶς
3406 3906 3673 3976 παρορᾷν,
3726 3902 3818 3954 καὶ

2164 3995 2453 4072 δογμάτων
2506 3993 2727 4049 ἀτοπίαν
2778 3996 3148 4063 καινοτομεῖν,
3184 3990 3410 4057 καὶτῆς
3461 3987 3546 4042 ἐπὶ
3606 3989 3822 4051 τούτοις

2163 4085 2507 4161 εὐχαριστίας
2556 4083 2645 4136 τὸν
2709 4080 2981 4148 Δεσπότην
3036 4080 3373 4154 ἀποστερεῖν,
3422 4077 3510 4131 καὶ
3553 4078 3615 4132 τὸ
3657 4077 3820 4153 γένος

2163 4179 2321 4248 ἡμῶν
2374 4171 2503 4227 ὅλον
2565 4170 2616 4225 ἰν
2676 4170 2896 4229 ταύταις
2956 4172 3230 4241 ςημιοῦνς
3283 4166 3393 4221 Οὐκ
3449 4166 3499 4236 ἒξ
3560 4169 3721 4239 ἡμῶν
3778 4169 3817 4236 ἢ

2165 4264 2431 4341 ληφθεῖσα
2481 4261 2644 4333 σάρξς
2680 4260 2775 4313 Καὶ
2817 4257 2971 4312 ποίαν
3020 4254 3220 4332 ἔχομεν
3255 4254 3528 4329 σωτηρίας
3580 4253 3810 4341 ἐλπίδας

2165 4338 2284 4407 Ἔτι
2341 4353 2476 4423 ἡμῖν
2517 4350 2545 4403 ὁ
2597 4347 2758 4420 νόμος
2804 4344 3156 4419 ἀπλήρωτοςσ
3191 4341 3267 4399 ἔτι
3306 4351 3406 4413 τῆς
3456 4338 3815 4418 παραϐάσεως

397 4451 571 4489 onere
605 4436 965 4506 premimur:
993 4437 1185 4490 adhuc
1217 4453 1374 4491 mors
1400 4438 1455 4491 in
1483 4438 1649 4492 nobis
1675 4439 2050 4498 dominatur:

2165 4441 2507 4516 ἐγκλήματα·
2562 4435 2637 4492 ἔτι
2684 4439 2783 4505 τῆς
2833 4436 3068 4505 κατάρας
3116 4434 3178 4488 τὸ
3231 4434 3416 4508 βάρος·
3456 4432 3530 4486 ἔτι
3578 4436 3677 4487 106
3724 4444 3819 4495 θα-

398 4522 590 4578 adhuc
640 4524 868 4595 generis
919 4524 1102 4578 nostri
1138 4524 1292 4595 viget
1339 4527 1768 4580 condemnatio.
1800 4529 1853 4581 Si
1905 4530 2056 4595 nihil

398 4613 638 4666 omnino
667 4613 737 4667 de
768 4613 1102 4667 substantia
1134 4612 1390 4666 humana
1422 4613 1631 4668 habuit
1662 4615 1711 4668 is
1733 4616 1832 4685 qui
1867 4616 2054 4687 legem

397 4699 687 4770 implevit,
714 4700 905 4755 adhuc
932 4706 1142 4754 natura
1165 4701 1644 4756 accusationibus
1671 4710 1759 4757 est
1784 4704 2035 4761 obnoxia

402 4789 689 4844 Fortassis
722 4789 818 4859 qui
854 4791 1084 4861 generis
1118 4791 1301 4843 nostri
1334 4794 1468 4845 sunt
1522 4790 1577 4843 in
1622 4791 1913 4859 judicium
1951 4784 2055 4864 pu:

400 4876 614 4932 blicum
649 4877 941 4933 vocabunt
973 4877 1388 4947 legislatorem,
1415 4883 1479 4932 ut
1512 4880 1611 4948 qui
1645 4879 1821 4935 nimis
1846 4884 2060 4939 arduas

399 4964 755 5036 inutilesque
788 4966 1124 5020 hominibus
1176 4965 1335 5037 leges
1384 4967 1742 5037 imposuisse
1771 4970 2036 5027 videatur

398 5071 465 5111 eo
496 5055 650 5126 quod
687 5071 857 5110 nemo
899 5072 997 5110 eas
1053 5036 1257 5126 possit
1282 5036 1545 5125 implere.
1580 5056 1673 5111 Sic
1726 5059 1917 5114 carnis
1966 5036 2059 5117 re:

392 5144 571 5214 jectio
602 5142 1104 5214 blasphemiarum
1149 5143 1415 5198 omnium
1469 5143 1534 5197 tit
1582 5146 2057 5219 fundamentum.

400 5232 808 5288 Necessarium
855 5233 1036 5302 igitur
1085 5237 1194 5298 est,
1230 5232 1348 5286 imo
1404 5235 1902 5303 pernecessarium
1935 5254 2057 5295 cre-

401 5323 536 5377 dere
568 5321 886 5392 Scripturis
937 5320 1181 5385 sanctis,
1210 5321 1471 5376 conﬁteri
1501 5337 1569 5375 ex
1602 5328 1799 5379 nostro
1850 5343 2062 5398 genere

406 5411 720 5481 primitias,
749 5409 1041 5465 celebrare
1087 5408 1447 5479 singularem
1482 5413 1839 5468 assumentis
1872 5415 1927 5469 in
1961 5432 2058 5487 ge-

405 5515 516 5553 nus
548 5498 853 5554 hominum
885 5513 1168 5565 amorem,
1199 5498 1613 5567 obstupescere
1646 5515 1890 5574 magnas,
1916 5522 2061 5563 ωοο-

474 5621 518 5656 ⁸⁷
550 5622 717 5678 Rom.
750 5637 829 5688 ιι,
859 5622 916 5675 5.

2165 4533 2325 4585 νάτου
2353 4530 2415 4582 τὸ
2445 4528 2663 4603 κράτος⁸
2699 4522 2775 4579 ἔτι
2805 4528 2902 4579 106
2931 4523 3125 4597 γένους
3157 4524 3192 4590 ἡ
3225 4518 3512 4590 καταδίκη.
3550 4520 3611 4574 Ei
3650 4517 3819 4592 μηδὲν

2169 4620 2313 4695 εἶχεν
2342 4617 2402 4673 ἐκ
2428 4623 2527 4685 τῆς
2562 4614 2899 4687 ἀνθρωπίνης
2930 4610 3113 4671 οὐσίας
3154 4612 3182 4665 ὁ
3227 4611 3319 4665 τὸν
3365 4609 3535 4680 νόμον
3586 4608 3821 4683 πληρώο

2175 4704 2393 4779 σας,ἔτι
2445 4710 2562 4766 ταῖς
2610 4701 2961 4777 κατηγορίαις
3016 4703 3051 4769 ἡ
3102 4697 3258 4778 φύσις
3311 4699 3622 4761 ὑπεύθυνος.
3657 4699 3819 4771 Τάχα

2173 4797 2262 4852 καὶ
2294 4794 2449 4865 δίκην
2484 4794 2535 4848 οἱ
2565 4796 2660 4847 106
2690 4790 2877 4865 γάνους
2910 4789 3045 4864 πρὸς
3081 4789 3174 4843 τὸν
3210 4785 3513 4858 νομοθέτην
3566 4784 3823 4861 ἄντικρυς

2170 4886 2649 4962 συγκροτήσουσιν,
2680 4881 2753 4941 ὡς
2799 4880 3025 4953 περιττὰ
3054 4877 3143 4933 καὶ
3176 4876 3404 4941 ἀνόνητα
3450 4880 3566 4935 τοῖς
3609 4874 3822 4950 ἀνθρώ-

2168 4994 2292 5035 ποις
2348 4973 2811 5044 νομοθετήσαντα,
2869 4971 2948 5037 τῷ
3008 4964 3217 5039 μηδένα
3291 4963 3589 5034 δυνηθῆναι
3656 4966 3829 5017 ταῦτα

2170 5062 2482 5138 πληρῶσαι.
2516 5058 2697 5119 Οὕτως
2744 5060 2779 5126 ἠ
2827 5062 2927 5124 τῆς
2965 5055 3159 5131 σαρκὸς
3207 5053 3455 5123 ἀθέτησις
3510 5054 3690 5121 πάσης
3738 5050 3823 5125 γί-

2169 5173 2315 5206 νεται
2376 5148 2730 5226 βλασφημίας
2791 5145 3061 5205 ὑπόθεσις.
3107 5145 3424 5217 Ἀναγκαῖον
3484 5139 3601 5207 οὖν,
3662 5139 3823 5216 ἄναγε

2170 5247 2321 5295 καῖον
2375 5242 2655 5293 πιστεῦσαι
2717 5240 2834 5295 ταῖς
2913 5232 3091 5308 ἁγίαις
3150 5236 3408 5308 Γραφαῖς,
3468 5226 3824 5304 ὁμολογῆσαι

2169 5330 2267 5397 τὴν
2301 5328 2349 5400 ἐξ
2381 5330 2539 5399 ἡμῶν
2572 5325 2849 5398 ἀπαρχὴν,
2884 5320 3098 5392 δοξάσαι
3140 5321 3236 5389 τὴν
3268 5320 3365 5374 106
3397 5313 3664 5378 λαϐόντος
3695 5317 3825 5394 φιλ-

2170 5415 2500 5491 ανθρωπίαν,
2531 5413 2866 5486 ἐκπλαγῆναι
2896 5410 2958 5466 τὸ
3003 5412 3181 5482 θαῦμα
3226 5411 3324 5476 τῆς
3380 5405 3628 5481 μεγάλης
3674 5405 3820 5459 οἶκοι

2169 5506 2386 5578 νομίας,
2424 5504 2498 5576 μὴ
2531 5500 2830 5557 δεδοικέναι
2857 5499 2955 5568 τὴν
3014 5498 3073 5552 ἐκ
3120 5496 3293 5569 νόμου
3339 5497 3596 5570 κατάραψ
3639 5518 3665 5548 ε
3690 5497 3822 5568 Χρι-

990 5620 1035 5655 ⁸⁸
1067 5618 1218 5675 Psal.
1251 5635 1439 5689 cxxxx,
1476 5621 1561 5675 11.
1635 5621 1682 5658 ⁸9
1710 5625 1834 5682 Act.
1861 5645 1999 5703 xvn,
2031 5633 2121 5689 28.
2148 5644 2181 5681 ο
