4086 6214
293 371 448 434 138ὅ

1037 369 1687 436 CONFUTATIONES
1733 371 2238 446 QUAltUMDAM
2291 371 2954 441 PI—lOl’OSITlONUM.

3545 379 3700 468 1386

294 505 418 566 στὸς
464 505 568 579 γὰρ
617 506 766 577 ἡμᾶς
813 503 1135 580 ἐξηγόρασεν
1182 503 1244 558 ἐκ
1286 505 1388 572 τὴς
1436 507 1667 579 κατάρας
1711 525 1808 558 του
1846 503 1936 558 νό-

2057 507 2264 562 ηοωὶω
2295 507 2636 563 miraculum
2665 528 2678 576 ;
2712 528 2826 566 non
2860 513 3065 567 timere
3097 512 3564 568 maledictionem
3612 513 3698 569 le-

298 613 423 666 μου·
450 614 475 645 ι»
524 594 623 662 τὴν
655 591 940 668 πλήρωσιν
967 597 1063 647 τοῦ
1114 593 1307 664 νόμου,
1338 593 1436 660 τὴν
1489 590 1578 646 διὰ
1621 599 1720 662 τῆς
1769 591 1939 664 ἀπαρ-

294 685 408 758 χῆς
453 681 770 758 γενομένην,
803 681 920 755 ὅλῳ
969 681 1274 757 λογίζεσθαι
1321 686 1400 752 τῷ
1444 680 1738 758 φυράματι,
1774 680 1938 754 γινώ-

295 793 438 826 σκειν
469 771 531 826 τὸ
563 770 765 846 πρέπον
816 771 905 826 καὶ
947 771 1011 825 τὸ
1060 769 1383 824 ἀκόλουθον·
1417 773 1524 841 δτι,
1557 774 1690 824 Θεοῦ
1732 773 1941 845 γυμνοῦ

289 861 382 915 τὸν
414 861 582 932 νόμον
613 859 1028 934 πληρώσαντος,
1061 859 1192 934 ὅπερ
1242 856 1372 913 οὐδὲ
1420 857 1594 934 λέγειν
1653 856 1937 932 ἁρμόδιον,

288 948 389 1004 ούκ
438 949 502 1018 ἦν
555 947 972 1018 ἄλληνιούσίαν
1017 947 1264 1023 μετέχειν
1331 951 1430 1002 τοῦ
1491 948 1936 1022 κατορθώματος·
1992 955 2004 966 ”

293 1039 490 1112 σαρκὸς
523 1035 580 1092 δὲ
611 1045 709 1106 τῆς
737 1036 788 1107 ἐξ
817 1039 977 1108 ἡμῶν
1009 1037 1061 1090 ἐν
1109 1042 1188 1108 τῷ
1234 1035 1588 1112 πληρώσαντι
1637 1036 1726 1090 τὸν
1774 1034 1940 1108 νόμον

295 1125 733 1202 γνωριζομένης,
777 1123 1118 1204 ἀναφαίνεται
1163 1130 1260 1180 τοῦ
1306 1124 1489 1200 γένους
1536 1129 1597 1178 τό
1655 1124 1940 1200 καύχημα,

298 1217 374 1276 ὡς
433 1219 753 1270 καταπατεῖν
809 1211 980 1275 ἀδεῶς
1040 1218 1130 1268 τοῦ
1189 1213 1414 1276 θανάτου
1463 1213 1524 1266 τὸ
1583 1212 1821 1288 κέντρον,
1856 1213 1942 1266 οἷα

303 1303 493 1375 μηκέτι
550 1303 736 1378 χώραν
794 1298 922 1376 ἕχον
984 1302 1120 1356 κατά
1166 1304 1263 1370 τῆς
1293 1299 1525 1378 φύσεως,
1554 1303 1618 1369 ἧς
1648 1303 1682 1369 ἡ
1714 1299 1938 1376 ἀπαρχή

297 1387 654 1462 προλαϐοῦσα
707 1389 1043 1460 κατεπάτησέ
1097 1411 1156 1444 τε
1206 1391 1293 1444 καὶ
1350 1384 1624 1462 ἤμϐλυνε,
1667 1388 1756 1443 καὶ
1809 1394 1937 1442 πᾶσι

297 1479 501 1536 δέδωκε
546 1486 661 1541 τοῖς
715 1478 1024 1534 πιστεύουσι
1079 1478 1276 1553 λέγειν*
1326 1502 1352 1530 ‹‹
1411 1482 1523 1532 11οὸ
1569 1499 1684 1544 σου,
1731 1478 1939 1546 θάνατε,

292 1571 358 1626 τὸ
406 1571 662 1645 κέντρονς
714 1572 826 1623 Ηοῦ
876 1588 992 1635 σου,
1034 1563 1160 1638 ᾇδη,
1205 1567 1267 1621 τὸ
1315 1573 1527 1634 νεῖκος;
1565 1567 1711 1620 »καὶ
1753 1564 1938 1620 πάλινο

293 1685 322 1712 ‹‹
383 1663 585 1734 ’Ὠσπερ
645 1654 713 1712 δι’
771 1657 882 1718 ὲνὸς
941 1657 1227 1730 ἀνθρώπου
1285 1657 1312 1710 ὁ
1373 1656 1617 1725 θάνατος,
1650 1654 1793 1710 οὕτω
1849 1653 1939 1708 καὶ

294 1746 364 1803 δι’
397 1749 509 1809 ἑνὸς
567 1743 852 1821 ἀνθρώπου
908 1745 1192 1805 ἀνάστασις
1244 1747 1469 1819 νεκρῶν.
1526 1767 1554 1794 ››
1605 1749 1680 1797 Δι’
1733 1742 1940 1817 ἀνθρώ-

295 1857 402 1892 που
435 1835 601 1911 λέγει,
635 1833 700 1888 ού
748 1835 895 1908 παρὰ
943 1833 1253 1906 ἀνθρώπου.
1283 1833 1350 1889 ’Ὁ
1397 1832 1496 1908 γάρ
1540 1832 1686 1904 παρὰ
1733 1829 1939 1902 ἀνθρώι

290 1949 402 1981 που
456 1925 694 1999 γίνεσθαι
745 1919 1002 1977 ἀδύνατον
1051 1922 1141 1991 ἦν,
1172 1925 1332 1976 τούτο
1385 1918 1453 1975 δι’
1501 1921 1790 1996 ἀνθρώπου
1843 1923 1940 1974 τοῦ

291 2015 646 2087 συνημμένου
695 2016 812 2084 Θεῷ
856 2007 1055 2086 ῥᾳδίως
1103 2009 1330 2086 ἐγένετο.
1361 2009 1520 2066 Οίὶτω
1565 2015 1666 2070 τῖς
1712 2007 1937 2062 ἀναστά-

289 2124 429 2164 σεως
489 2102 550 2155 τὸ
603 2098 780 2175 δῶρον
846 2099 1232 2176 καρπούμεθσ·
1293 2091 1435 2152 οὕτω
1510 2099 1606 2166 τὴν
1680 2097 1942 2150 υἱοθεσίαν

294 2185 800 2264 ἀπολαμϐάνομεν·
851 2189 1024 2249 οὕτως
1081 2185 1306 2264 ἀδελφοὶ
1359 2191 1456 2241 τοῦ
1501 2184 1698 2258 Κυρίου
1749 2183 1945 2239 καλούο

299 2283 480 2355 μεθα·
543 2277 686 2334 οὕτω
763 2275 1206 2353 συγκληρονόμοι
1282 2275 1590 2350 γινόμεθα⁶
1651 2273 1793 2328 οὕτω
1847 2273 1940 2327 τὸν

293 2369 493 2446 ἐχθρὸν
527 2367 578 2423 ἐν
609 2371 678 2442 τῇ
712 2368 934 2441 άπαρχῇ
974 2367 1352 2437 νενικήκαμεν·
1387 2363 1530 2418 οὕτω
1577 2364 1676 2432 τὴν
1728 2361 1940 2437 παρρη-

293 2462 411 2515 σίαν
441 2464 491 2532 εξ
522 2459 730 2528 ἐκείνης
764 2455 1056 2533 δεχόμεθα·
1093 2455 1234 2510 οὕτω
1262 2455 1324 2510 τὸ
1355 2454 1490 2508 κατά
1525 2458 1623 2508 τοῦ
1676 2447 1942 2508 διαϐόλου

288 2550 550 2626 τρόπαιον
610 2548 686 2610 ὡς
752 2547 1017 2620 ἡμέτερον
1096 2544 1459 2616 οἰκειούμεθα,
1519 2549 1618 2611 τῆς
1675 2540 1726 2611 ἐξ
1783 2542 1943 2613 ἡμῶν

295 2638 594 2717 ληφθείσης
624 2635 820 2711 σαρκὸς
869 2633 1190 2695 ἐπισείοντες
1235 2633 1408 2687 αὐτῶν
1454 2633 1554 2700 τήν
1601 2629 1777 2694 ἔνθεον
1821 2631 1940 2702 ἀρι-

294 2727 508 2783 στείαν·
571 2723 714 2780 οὕτω
769 2723 1086 2800 σύμμορφοι
1154 2721 1394 2798 γενέσθαι
1451 2725 1530 2791 τῷ
1578 2721 1788 2792 σώματι
1843 2725 1944 2786 τῆς

297 2814 460 2889 δόξης
511 2814 675 2869 αὐτοῦ
723 2812 916 2873 πάντες
967 2812 1020 2865 οἱ
1062 2810 1402 2871 πιστεύοντες
1447 2808 1687 2884 γνησίως
1719 2803 1942 2861 ἀπεκδε-

296 2905 532 2982 χόμεθα·
587 2902 759 2964 οὕτως
821 2901 1018 2970 ἀληθὲς
1071 2899 1386 2974 εὑρίσκομεν
1431 2899 1514 2969 τὸ,
1549 2922 1575 2949 ‹‹
1622 2897 1941 2971 Συνήγειρεν

297 2997 447 3065 ἡμᾶς
502 2993 592 3047 καὶ
647 2989 981 3046 συνεκάθισεν
1028 2988 1079 3042 ἐν
1127 2993 1244 3049 τοῖς
1304 2985 1666 3059 ἐπουρανίοις.
1701 3008 1726 3037 ι
1760 2985 1942 3054 Μήπω

295 3085 400 3160 γὰρ
460 3083 796 3137 ἀναστάντων
856 3081 1016 3152 ἡμῶν
1069 3077 1120 3133 έν
1171 3081 1240 3151 τῇ
1290 3083 1405 3140 καθ’
1432 3073 1654 3130 ἕκαστον
1713 3075 1943 3128 ὑποστά-

296 3194 400 3240 σει,
464 3169 604 3244 μηδὲ
657 3169 955 3245 γενομένων
1017 3167 1066 3222 ἐν
1120 3172 1236 3228 τοῖς
1292 3165 1654 3240 ἐπουρανίοις,
1701 3161 1790 3217 διὰ
1844 3163 1944 3231 τήν

1971 1889 2019 1952 Β

2049 597 2139 668 gis
2173 613 2185 651 :
2222 619 2250 647 «
2282 597 2548 653 Christus
2580 602 2732 654 enim
2791 619 2950 656 nosa
2980 603 3292 656 maledicto
3322 603 3466 674 legis
3497 603 3702 658 libera-

2049 686 2132 738 vit
2158 687 2221 754 9°,
2258 709 2284 734 υ
2314 687 2711 758 impletionem
2749 689 2894 761 legis
2927 709 2958 744 a
2991 691 3268 762 primitiis
3328 690 3540 746 factam
3594 693 3696 746 toti

2052 790 2259 828 massa
2317 775 2953 846 ascribere,:ignoscere
2985 780 3122 848 quid
3160 785 3446 850 congruat
3473 786 3530 834 et
3557 781 3696 850 quid

2050 873 2462 933 consequatur.
2499 865 2640 919 Nam
2675 865 2723 920 si
2761 866 2924 922 solus
2957 868 3108 922 Deus
3165 868 3348 938 legem
3410 867 3695 938 implevit,
3727 887 3731 892 ’

2053 952 2205 1022 quod
2242 968 2312 1006 ne
2341 953 2532 1006 dicere
2565 955 2800 1024 quidem
2829 957 3119 1024 convenit,
3153 955 3314 1010 nulla
3345 957 3457 1010 alia
3487 962 3697 1011 natura

2052 1039 2310 1110 praeclari
2347 1041 2478 1095 facti
2513 1050 2600 1096 est
2627 1043 2937 1114 particeps.
2961 1047 3033 1098 At
3052 1043 3102 1099 si
3125 1052 3399 1113 suscepta
3428 1061 3496 1100 ex
3526 1045 3694 1100 nobis

2051 1143 2183 1183 caro
2216 1132 2273 1183 in
2303 1145 2392 1194 eo,
2425 1131 2523 1200 qui
2555 1130 2740 1201 legem
2774 1131 3054 1203 implevit,
3086 1139 3454 1204 agnoscatur,
3507 1133 3694 1189 mani-

2052 1216 2198 1272 festa
2227 1217 2294 1272 fit
2322 1219 2552 1288 generis
2585 1221 2801 1275 nostris
2832 1222 3034 1291 gloria,
3070 1223 3222 1292 quod
3257 1239 3457 1277 secure
3489 1223 3696 1277 mortis

2051 1305 2356 1360 stimulum
2391 1308 2578 1377 possit
2608 1309 2969 1373 conculcare,
2994 1311 3209 1381 quippe
3238 1311 3328 1363 cui
3366 1311 3508 1364 nihil
3545 1309 3696 1364 ultra

2051 1393 2107 1448 in
2137 1410 2266 1448 eam
2298 1399 2566 1448 naturam
2593 1395 2750 1465 juris
2781 1397 2876 1460 sit,
2938 1414 2971 1451 a
3002 1399 3171 1468 cujus
3205 1398 3479 1469 primitiis
3507 1397 3696 1468 (Chri-

2050 1483 2163 1552 sto)
2185 1485 2310 1554 jam
2343 1482 2478 1538 olim
2512 1485 2622 1538 fuit
2649 1485 2896 1539 contrita
2925 1491 2980 1539 et
3010 1486 3213 1550 fracta,
3251 1493 3313 1540 ut
3341 1502 3544 1542 omnes
3576 1501 3697 1542 cre-

2051 1571 2254 1625 dentes
2285 1588 2440 1626 nunc
2473 1573 2698 1641 possint
2729 1573 2919 1628 dicere
2953 1591 2965 1628 :
3005 1597 3025 1623 α
3063 1574 3165 1629 Ubi
3198 1579 3358 1644 est,o
3391 1591 3570 1641 mors,
3595 1575 3699 1630 sti-

2051 1658 2249 1713 mulus
2277 1661 2446 1714 tuus?
2479 1660 2582 1715 Ubi
2617 1668 2740 1724 tua,
2775 1664 3017 1729 inferno,
3049 1663 3286 1718 victoria
3311 1663 3387 1718 9'?
3419 1686 3445 1712 ››
3481 1664 3544 1718 Et
3571 1681 3699 1718 rur-

2051 1763 2182 1801 sum
2218 1763 2231 1801 :
2266 1769 2294 1798 ‹‹
2329 1749 2491 1802 Sicut
2523 1766 2624 1820 per
2657 1766 2840 1804 unum
2874 1751 3172 1805 hominem
3219 1769 3378 1808 mors
3414 1771 3426 1808 :
3461 1752 3542 1807 ita
3597 1769 3699 1824 per

2050 1851 2233 1890 unum
2294 1836 2593 1891 hominem
2655 1839 3002 1893 resurrectio
3033 1845 3398 1895 mortuorum
3430 1842 3497 1896 ⁸³.
3534 1864 3562 1892 ››
3595 1841 3702 1896 Per

2051 1924 2348 1980 hominem
2381 1925 2539 1995 dicit,
2573 1943 2688 1981 non
2742 1928 2813 1981 ab
2876 1927 3128 1982 homine.
3192 1930 3353 1994 Quod
3411 1930 3566 1984 enim
3627 1931 3698 1986 ab

2052 2012 2289 2068 homine
2319 2031 2430 2068 non
2464 2015 2585 2069 fieri
2621 2031 2732 2069 non
2769 2021 3012 2087 poterat,
3039 2017 3094 2071 id
3129 2034 3230 2088 per
3260 2019 3553 2073 hominem
3585 2019 3698 2074 Deo

2051 2102 2389 2172 copulatum
2426 2103 2588 2162 nullo
2618 2104 2851 2174 negotio
2879 2105 3066 2160 ﬁebat.
3124 2105 3214 2160 Sic
3256 2108 3699 2164 resurrectionis

2052 2189 2271 2243 donum
2297 2192 2730 2262 consequimur;
2757 2193 2839 2246 sic
2861 2194 3231 2264 adoptionem
3266 2196 3696 2264 nanciscimur;

2053 2277 2136 2332 sic
2168 2277 2400 2332 Domini
2430 2278 2634 2334 fratres
2663 2279 3062 2350 appellamur;
3095 2282 3178 2336 sic
3209 2282 3534 2340 cohaeredes
3574 2283 3698 2340 em-

2052 2366 2271 2434 cimur;
2303 2366 2389 2422 sic
2421 2366 2648 2422 hostem
2680 2369 2737 2421 in
2770 2368 3048 2439 primitiis
3079 2371 3401 2438 vincimus;
3434 2373 3518 2428 sic
3548 2373 3698 2428 ﬁdu-

2050 2453 2200 2510 ciam
2237 2471 2304 2509 ex
2333 2454 2450 2510 illis
2481 2455 2917 2526 accipimus;sic
2947 2463 3196 2529 sumptae
3219 2476 3286 2514 ex
3319 2461 3485 2515 nobis
3507 2461 3700 2515 carnis

2051 2543 2334 2598 adversus
2365 2544 2662 2599 diabolum
2698 2549 2978 2615 trepaeum
3013 2549 3182 2602 nobis
3214 2548 3698 2615 vindicamus,di-

2052 2632 2251 2686 vinum
2311 2631 2542 2687 illorum
2569 2633 2748 2687 robur
2775 2635 3199 2706 concutientes,
3229 2637 3312 2691 sic
3343 2653 3567 2705 omnes,
3600 2640 3700 2709 qui

2051 2737 2181 2775 vere
2210 2721 2525 2788 credimus,
2559 2728 2966 2793 exspectamus
2999 2740 3104 2778 nos
3135 2723 3390 2795 glorioso
3419 2727 3548 2794 ejus
3576 2742 3700 2780 cor-

2054 2809 2174 2879 pori
2207 2813 2532 2864 conl'ormes
2566 2810 2703 2864 fore.
2735 2810 2830 2864 Sic
2859 2827 3057 2866 verum
3092 2812 3235 2867 illud
3279 2826 3407 2868 esse
3465 2830 3699 2885 compe-

2053 2898 2260 2953 rimus.
2294 2921 2321 2948 ι(
2355 2899 2842 2954 Conresuscitavit
2873 2915 2977 2954 nos
3009 2905 3065 2956 et
3094 2904 3408 2959 consedere
3455 2903 3586 2958 fecit
3643 2905 3700 2959 in

2053 2987 2386 3042 caelestibus
2432 2989 2494 3040 9³.
2534 3009 2560 3034 ››
2594 2987 2710 3041 Etsi
2740 2988 2893 3042 enim
2924 2987 2982 3043 in
3013 2996 3210 3046 nostro
3243 2991 3492 3062 quisque
3522 2991 3700 3064 hypo-

2055 3076 2194 3130 stasi
2231 3078 2490 3130 nondum
2531 3077 3042 3144 resurrexerimus,
3098 3095 3200 3134 nec
3247 3079 3305 3133 in
3364 3081 3703 3136 caelestibus

2053 3167 2242 3218 simus
2301 3180 2314 3218 :
2375 3169 2611 3235 propter
2667 3165 3073 3236 cognationem
3123 3174 3312 3222 tamen
3343 3186 3473 3223 cum
3505 3184 3571 3224 eo
3603 3169 3701 3240 qui

297 3263 436 3338 πρὸς
467 3260 559 3315 τὸν
592 3258 879 3313 ἀνελθόντα
932 3256 1020 3311 καὶ
1077 3253 1409 3318 κατελθόντα
1463 3251 1763 3328 συγγένειαν
1819 3271 1942 3305 κατ-

2058 3253 2322 3308 ascendit
2350 3259 2406 3307 et
2437 3253 2757 3320 descendit,
2790 3254 2920 3326 ipsa
2949 3255 3155 3310 talium
3188 3273 3289 3326 spe
3319 3259 3486 3313 Iirma
3543 3263 3706 3314 tene-

299 3350 506 3425 ἐχομεν
559 3348 610 3402 ἐν
666 3349 738 3419 τῇ
787 3351 894 3401 τῶν
951 3343 1214 3400 τοιούτων
1275 3339 1456 3398 ἐλπίδι
1506 3341 1721 3418 ἀσφαλῆ
1767 3340 1834 3395 τά
1864 3340 1945 3394 ἐν·

300 3440 493 3514 ἐχυρα.
530 3436 702 3492 Πόσον
761 3434 852 3489 οὖν
908 3432 1046 3504 ἄξιοι
1109 3433 1296 3506 μίσους
1327 3433 1378 3486 οἱ
1411 3435 1620 3508 φθονεῖν
1671 3429 1806 3501 ἡμῖν
1858 3427 1944 3481 ἐπὶ

295 3526 586 3587 τοσούτοις
617 3523 708 3578 καὶ
753 3521 1106 3590 τηλικούτοις
1165 3523 1384 3597 ἀγαθοῖς
1443 3517 1530 3574 διὰ
1580 3525 1680 3586 τῆς
1737 3516 1946 3578 οἶκείας

293 3611 615 3684 κακοδοξίας
689 3611 1107 3687 ἀγωνιζόμενοι,
1182 3609 1271 3664 καὶ
1346 3607 1652 3668 κωλύοντες
1730 3607 1822 3680 μὲν
1882 3605 1945 3660 τὸ

295 3703 455 3780 γένος
539 3700 934 3774 σεμνύνεσθαι,
989 3697 1319 3774 χωρίζοντες
1406 3695 1464 3752 δὲ
1546 3697 1642 3764 τήν
1737 3696 1944 3767 σάρκα,

296 3796 366 3864 ἣν
429 3793 602 3863 ἑαυτῷ
676 3785 996 3862 παραδόξως
1062 3790 1090 3842 ὁ
1165 3785 1336 3863 Λόγος
1411 3785 1711 3855 συνέζευξεν
1747 3829 1760 3854 ,
1821 3786 1942 3846 ἀνθ-

299 3883 580 3954 ιστάμενοι
639 3876 696 3933 δὲ
749 3877 950 3950 Παύλῳ
1010 3877 1230 3952 βοῶντι.
1266 3901 1292 3926 ‹‹
1323 3877 1388 3929 "A
1441 3876 1470 3928 ὁ
1518 3875 1644 3935 Θεὸς
1703 3872 1944 3942 συνέζευ-

296 3973 404 4042 ξεν,
458 3967 742 4043 ἄνθρωπος
804 3967 877 4039 μὴ
940 3966 1247 4041 χωριζέτω,
1305 3989 1333 4015 ››
1393 3967 1708 4036 μισθοῦντες
1749 3960 1806 4017 δὲ
1845 3963 1943 4030 τήν

295 4058 551 4133 γλῶτταν
579 4061 658 4128 τῷ
689 4050 935 4125 διαϐόλῳ
985 4054 1122 4128 πρὸς
1160 4052 1222 4106 τὸ
1263 4050 1516 4127 κρύπτειν
1563 4051 1630 4105 τὰ
1672 4051 1786 4104 κατ’
1821 4049 1950 4103 ἐκεί-

291 4169 394 4202 νου
417 4145 680 4223 γενόμενα
703 4162 734 4212 ς·
759 4140 922 4197 Οὐδὲν
970 4142 1072 4216 γὰρ
1119 4139 1289 4202 οὕτως
1341 4139 1526 4211 ἰκείνῳ
1575 4139 1710 4215 βαρὺ
1755 4137 1844 4192 καὶ
1885 4138 1946 4192 ού

296 4235 561 4312 φορητὸν,
596 4234 669 4294 ὡς
700 4231 762 4286 τὸ
796 4229 926 4285 ἰδεῖν
969 4231 1068 4298 τήν
1117 4229 1204 4282 ὑπ’
1238 4227 1400 4282 αὐτοῦ
1448 4226 1811 4297 πλανηθεῖσαν
1845 4225 1945 4302 φύ-

299 4346 381 4380 σιν
420 4321 814 4399 ἀναληφθεῖσαν
851 4319 944 4391 μὲν
981 4321 1050 4391 τῇ
1103 4314 1326 4390 ἀπαρχῇ
1374 4315 1520 4390 παρά
1558 4320 1655 4369 τοῦ
1701 4319 1808 4369 τῶν
1855 4313 1944 4368 ού-

303 4418 480 4490 ρανῶν
533 4408 823 4487 βασιλέως,
863 4403 1329 4478 πολιτευσαμένην
1383 4401 1438 4458 δὲ
1490 4402 1853 4479 μεγαλοφυῶς
1892 4423 1949 4459 τι

299 4502 391 4556 καὶ
425 4501 558 4575 ύπὶρ
599 4495 830 4554 ἔπαινον·
880 4496 1172 4571 γενομένην
1220 4491 1278 4548 δὲ
1326 4493 1606 4568 κρείττονα
1653 4497 1748 4547 τοῦ
1791 4495 1949 4546 θανά-

2055 3358 2186 3398 mus
2220 3342 2720 3414 pignora.Quanto
2753 3343 2931 3415 igitur
2960 3345 3092 3399 odio
3124 3344 3281 3415 digni
3312 3345 3420 3412 illi,
3443 3347 3542 3417 qui
3577 3363 3704 3418 per-

2051 3447 2220 3486 versa
2250 3447 2356 3485 sua
2390 3431 2656 3485 doctrina
2687 3437 2846 3486 tanta
2878 3448 2944 3486 ac
2973 3432 3112 3487 talia
3144 3434 3312 3488 nobis
3356 3438 3509 3489 bona
3565 3435 3709 3489 invi-

2055 3521 2190 3575 dere
2249 3536 2362 3574 non
2417 3519 2690 3575 dubitant
2723 3537 2736 3574 :
2772 3521 2868 3591 qui
2912 3537 3098 3592 genus
3131 3529 3396 3578 nostrum
3431 3523 3704 3578 honorari

2055 3610 2295 3675 nolunt;
2329 3608 2425 3680 qui
2458 3625 2691 3664 carnem
2747 3616 3042 3681 separant,
3101 3629 3277 3682 quam
3337 3612 3470 3678 sibi,
3533 3614 3705 3669 modo

2055 3701 2228 3774 plane
2286 3701 2597 3771 stupendo,
2632 3700 2888 3756 Verbum
2923 3701 3244 3770 conjunxit,
3303 3703 3451 3759 511
3499 3703 3702 3756 adver-

2055 3796 2250 3846 santes
2281 3787 2456 3844 Paulo
2487 3789 2796 3844 clamanti:
2821 3789 2986 3852 «Qua:
3018 3795 3164 3842 Deus
3197 3789 3702 3858 conjunxit,homo

2058 3895 2170 3932 non
2200 3881 2430 3948 separet
2459 3875 2672 3944 "pqui
2709 3875 2960 3946 denique
2995 3873 3257 3945 linguam
3288 3876 3520 3930 diabolo
3554 3892 3702 3931 mer-

2055 3967 2192 4022 cede
2225 3967 2416 4018 locant
2445 3964 2512 4016 ad
2545 3963 2892 4018 occultanda
2921 3979 3010 4026 ea,
3067 3979 3192 4033 qum
3247 3969 3449 4019 contra
3504 3965 3698 4036 ipsum

2057 4055 2206 4108 facta
2246 4061 2405 4107 sunt.
2439 4050 2591 4105 Nihil
2623 4050 2779 4105 enim
2813 4050 2893 4104 illi
2926 4051 3214 4114 acerbius,
3247 4051 3390 4106 nihil
3422 4051 3700 4107 intolera-

2055 4143 2234 4198 bilius
2267 4141 2523 4195 accidere
2553 4145 2762 4210 potest,
2797 4157 2970 4211 quam
3006 4141 3052 4196 si
3085 4141 3278 4196 videat
3315 4142 3616 4197 seductam
3673 4159 3706 4197 a

2056 4249 2118 4287 se
2150 4236 2417 4285 naturam
2448 4245 2482 4284 a
2511 4229 2728 4284 cmlesti
2760 4229 2912 4300 Rege
2942 4229 3002 4284 in
3029 4229 3304 4300 primitiis
3322 4247 3593 4286 sursume
3618 4247 3706 4286 ve-

2057 4326 2234 4387 ctam,
2267 4323 2322 4372 et
2352 4315 2576 4372 excelso
2607 4317 2804 4371 animo
2835 4333 2900 4372 ac
2944 4333 3123 4388 supra
3179 4316 3410 4373 laudem
3471 4335 3704 4373 omnem

2055 4410 2480 4468 conversam,et
2502 4405 2858 4475 superiorem
2893 4406 3105 4461 factam
3139 4411 3324 4462 morte
3350 4407 3710 4463 destruxisse

2056 4499 2244 4571 ipsius
2275 4495 2669 4568 tyrannidem,
2701 4499 2758 4549 et
2789 4500 3156 4566 assumptam
3189 4494 3248 4550 in
3295 4495 3527 4563 caelum,
3585 4496 3712 4568 glo-

298 4599 419 4645 τὸυ·
478 4587 852 4643 καταλύσασαν
911 4581 968 4639 δὶ
1013 4585 1111 4652 τὴν
1165 4582 1330 4637 αὐτοῦ
1389 4579 1689 4658 τυραννίδα·
1743 4581 1944 4652 ἀναλη-

2057 4588 2326 4656 riosaque
2377 4584 2515 4639 sede
2548 4583 2725 4638 fuisse
2759 4583 3123 4652 honoratam,
3157 4589 3214 4639 et
3243 4585 3394 4656 apud
3429 4601 3560 4641 eum
3601 4575 3705 4657 qui

301 4683 522 4754 φθεῖσαν
580 4674 638 4731 δὲ
692 4674 767 4735 εἷς
826 4672 1074 4749 οὐρανὸν,
1123 4673 1211 4726 καὶ
1263 4673 1364 4740 τῆς
1421 4669 1634 4741 ἐνδόξου
1692 4668 1948 4746 καθέδρας

309 4768 647 4838 ἀξιωθεῖσαν,
680 4760 732 4818 ἓν
764 4784 822 4818 τε
854 4761 988 4838 πρὸς
1027 4761 1119 4816 τὸν
1165 4755 1508 4815 ἀναλαϐόντα
1545 4760 1688 4834 πάσῃ
1723 4763 1792 4834 τῇ
1839 4759 1954 4814 κτί-

305 4879 385 4913 σει
437 4855 844 4933 γινωσκομένην
901 4855 970 4925 τῇ
1030 4849 1166 4928 ἄκρᾳ
1215 4851 1592 4928 συναφείᾳ,τῇ
1642 4857 1739 4920 τῆς
1795 4848 1954 4920 δόξης

304 4945 570 5016 κοινωνίᾳ
603 4948 678 5016 τῷ
709 4941 1014 5017 Θμερίστῳ,
1045 4943 1143 5009 τῆς
1187 4940 1318 5016 ὑπὲρ
1360 4939 1533 4994 πάντα
1577 4939 1740 5014 λόγον
1791 4939 1956 5010 ἀξίας.

312 5143 456 5218 Πρὸς
559 5139 688 5201 τοὺς
793 5135 1109 5218 κελεύοντας
1205 5133 1394 5196 ἁπλῶς
1496 5133 1761 5218 πιστεύειν
1844 5141 1960 5218 τοῖς

383 5211 704 5288 λεγομένοις
739 5255 753 5280 ,
830 5209 920 5263 καὶ
1010 5209 1086 5280 μὴ
1169 5212 1446 5261 κατανοεῖν
1523 5205 1584 5261 τὸ
1661 5207 1866 5282 πρέπον
1929 5209 1962 5276 ἢ

385 5283 640 5359 ἀπρεπές.

391 5388 622 5447 Πολλῶν
653 5387 841 5443 δεινῶν
898 5383 1250 5460 ὑπαρχόντων
1311 5381 1616 5460 δογμάτων,
1668 5385 1740 5438 ὡν
1792 5383 1963 5440 ἐπεισ-

321 5484 488 5557 ήγαγε
517 5483 596 5551 τῷ
629 5477 735 5554 βίῳ
762 5479 871 5531 τῶν
899 5473 1198 5550 ἀνθρώπων
1232 5472 1306 5535 εἷς
1358 5471 1692 5528 ἐπικίνδυνον
1753 5475 1960 5545 ἀπάτην

387 5684 433 5720 ⁹⁰
463 5679 767 5751 ῦοιει.ἰιι,
805 5679 888 5735 13.
964 5678 1006 5716 ⁹¹
1044 5677 1064 5734 Ι
1094 5678 1222 5736 Cor.
1255 5694 1348 5745 xv,
1379 5679 1468 5736 55.

645 5809 908 5870 ΡΑτιιοι.
957 5807 1068 5868 Gn.
1119 5807 1392 5869 XXVIII.

2065 4678 2488 4745 assumpserat,
2521 4673 2674 4726 inter
2721 4689 2924 4727 omnes
2983 4678 3299 4738 creaturas,
3361 4674 3418 4728 in
3478 4684 3713 4730 summa

2065 4763 2475 4835 coniunctione
2534 4761 2850 4832 cognitam,
2903 4761 2962 4816 in
3023 4761 3465 4834 participatione
3520 4763 3712 4836 gloriae

2066 4871 2200 4910 cum
2232 4867 2299 4908 eo
2332 4850 2486 4922 quia
2508 4866 2567 4905 se
2599 4855 2688 4904 est
2720 4847 3162 4921 indivisus,quaa
3192 4850 3450 4923 dignitas
3481 4868 3714 4909 omnem

2068 4942 2386 4999 orationem
2422 4942 2748 5010 exsuperat.

2829 5043 2970 5100 XVI.

2071 5139 2334 5195 Adversus
2360 5151 2445 5190 eos
2477 5136 2573 5205 qui
2602 5136 2788 5188 volunt
2815 5134 3149 5206 simpliciter
3177 5136 3246 5189 iis
3277 5150 3402 5206 quae
3417 5135 3565 5191 dicta
3593 5145 3719 5192 sunt

2141 5209 2470 5266 credendum
2500 5224 2634 5272 esse,
2661 5223 2757 5260 nec
2784 5205 3243 5261 considerandum
3275 5205 3409 5276 quid
3431 5209 3718 5264 conveniat

2141 5281 2348 5352 etquid
2378 5295 2483 5333 non
2516 5279 2821 5334 conveniat.

2143 5388 2261 5444 Etsi
2293 5386 2476 5440 multa
2493 5391 2549 5440 et
2571 5384 2858 5440 horrenda
2887 5385 3162 5455 dogmata
3199 5383 3255 5437 in
3301 5383 3607 5438 hominum
3627 5399 3697 5455 ge

2075 5493 2186 5532 nus
2219 5475 2314 5530 ille
2345 5474 2531 5528 omnis
2563 5471 2790 5527 honesti
2823 5488 2956 5526 osor
2984 5472 3208 5526 daemon
3240 5471 3549 5541 invexit,ut
3578 5471 3725 5542 peri-

1545 5679 1592 5717 ”
1627 5680 1769 5737 Ibid.
1804 5683 1893 5740 22.
1970 5681 2016 5720 θ’
2043 5677 2258 5755 Ephes.
2293 5693 2353 5748 ll,
2385 5679 2438 5734 6.
2515 5675 2559 5714 9‘
2591 5673 2793 5732 Matth.
2828 5685 2943 5743 XIX,
2977 5672 3030 5728 6.

3333 5799 3410 5858 44
