4086 6214
378 318 531 379 1387

1545 322 1612 381 S.
1658 315 2187 380 ATHANASIUS.
2214 351 2292 363 —
2325 316 2633 382 SPURIA.

3646 320 3813 393 1388

375 452 579 509 culosa
605 450 834 509 fallacia
856 452 1243 509 assentientes
1271 451 1617 509 involveret:
1640 450 1837 508 tamen
1871 451 2012 507 haud

2137 452 2247 504 τῶν
2295 445 2611 525 δεχομένων
2663 449 2692 504 ὁ
2744 448 3044 522 μισόκαλος
3085 446 3323 526 δαίμων,
3353 452 3455 507 οὐκ
3498 449 3603 507 οἶδ’
3650 450 3701 508 εἵ
3748 473 3806 508 τι

379 543 502 599 seio
534 559 606 599 an
639 542 1041 614 superioribus
1072 542 1436 615 temporibus
1488 541 1833 613 bujusmodi
1890 539 2031 612 quid

377 630 752 704 parturiverit
799 630 971 701 quale
1000 648 1155 686 nunc
1189 630 1457 701 parturit.
1495 631 1639 686 Nam
1671 646 1871 685 earum
1905 644 2032 700 quia

374 720 688 793 viguerunt
716 720 1244 792 haereses,quaeque
1272 720 1425 776 alius
1446 725 1622 791 atque
1643 718 1796 774 alius
1817 717 2032 773 erroris

378 814 565 865 mater
594 808 802 864 fuit.At
825 824 952 880 quas
984 825 1141 864 nunc
1164 809 1486 865 novissima
1505 807 1771 863 omnium
1799 807 2033 863 inventa

375 902 485 966 est,
515 913 583 953 ea
612 901 854 952 cunctas
886 896 1204 964 renovavit,
1235 903 1477 953 cunctas
1507 896 1754 952 audacia
1791 912 2030 967 supera-

372 987 780 1059 vit,postremo
813 1003 926 1057 prae
961 987 1186 1042 caeteris
1218 986 1494 1041 omnibus
1528 984 1814 1043 malorum
1837 990 2029 1041 ortum

372 1077 672 1132 indicavit.
709 1079 857 1131 Vere
913 1098 941 1125 ‹‹
1005 1075 1277 1148 parturiit
1336 1074 1710 1146 injustitiam,
1766 1075 2034 1146 concepit

372 1164 634 1221 dolorem
664 1170 722 1219 et
750 1162 976 1235 peperit
1007 1163 1383 1234 iniquitatem
1415 1163 1477 1217 ⁸⁵.
1514 1185 1540 1213 ιο
1570 1161 1885 1217 Parturivit
1913 1162 2029 1217 im-

372 1252 611 1325 pietatis
642 1251 1010 1325 propositum
1032 1267 1046 1305 :
1068 1251 1336 1323 concepit
1366 1250 1536 1307 malae
1561 1250 1704 1307 artis
1733 1251 2029 1325 instituta,

372 1341 434 1396 in
466 1341 683 1413 quibus
699 1345 757 1396 et
772 1338 868 1395 alii
901 1338 1428 1412 erraruntzpeperit
1461 1338 1847 1394 multifarium
1872 1339 2028 1395 aliud

372 1428 595 1486 malum
627 1444 734 1485 suo
765 1427 996 1499 quidvis
1026 1429 1307 1483 arbitratu
1339 1426 1833 1492 innovandi.Quin
1851 1429 2027 1484 etiam

371 1521 437 1572 ut
492 1532 695 1573 omnes
746 1532 808 1571 se
836 1520 1182 1586 aequantur,
1214 1515 1523 1587 imperiose
1556 1516 1817 1587 praecipit
1848 1533 1862 1571 :
1891 1519 2027 1572 Am-

370 1605 717 1679 plectimini,
746 1605 959 1677 inquit,
993 1604 1360 1677 simpliciter,
1393 1622 1520 1677 quae
1571 1605 1872 1671 dicuntur,
1922 1622 2029 1661 nec

2137 536 2383 593 τοιοῦτον
2417 538 2469 593 ὲν
2520 544 2636 601 τοῖς
2688 539 2938 595 ἀνέκαθεν
2987 539 3215 615 χρόνοις
3266 536 3482 611 ὤδινεν,
3518 543 3634 597 οἷον
3680 545 3805 598 νῦν.

2139 626 2370 698 Ἑκάστη
2406 628 2500 701 μὲν
2532 627 2638 705 γάρ
2665 632 2774 683 τῶν
2805 627 2915 684 ἀπὸ
2942 633 3051 684 τῶν
3090 630 3348 705 αἱρέσεων
3398 627 3566 700 τῆσδε
3595 630 3632 699 ἢ
3661 638 3801 700 τῆσ-

2141 712 2199 770 δε
2243 723 2345 786 τῆς
2392 713 2608 787 πλάνης
2654 718 2841 794 γέγονε
2890 719 3098 795 μήτηρ·
3130 721 3168 789 ἡ
3203 715 3262 775 δὶ
3288 723 3377 774 νῦν
3430 721 3567 793 μετά
3622 721 3803 782 πάσας

2140 802 2481 882 ἐφευρεθεῖσα
2528 806 2700 867 πάσας
2746 804 3100 876 ἀνενεώσατο,
3147 806 3239 862 καὶ
3294 807 3466 870 πάσας
3531 802 3805 883 ὑπερεϐά-

2110 888 2291 958 ιλετο,
2340 892 2429 948 καὶ
2481 893 2614 970 ὑπὲρ
2666 899 2839 949 πᾶσαν
2885 895 2986 964 τήν
3033 899 3142 949 τῶν
3202 900 3383 951 κακῶν
3448 897 3656 971 γένεσιν
3714 895 3807 952 ἐπ-

2139 977 2395 1051 εδείξατο.
2429 982 2639 1044 Ὄντως
2668 1006 2697 1034 ‹‹
2746 980 3010 1053 ὠδίνησεν
3060 980 3290 1052 ἀδικίαν,
3324 984 3588 1042 ωνὲλαοε
3633 986 3803 1040 πόνον

2138 1069 2228 1123 καὶ
2285 1066 2458 1124 ἔτεκεν
2518 1071 2769 1144 ἀνομίαν.
2833 1096 2863 1123 ››
2913 1069 3160 1142 Ὠδίνησε
3214 1073 3467 1149 πρόθεσιν
3524 1069 3804 1147 ἀσεϐείας,

2139 1152 2401 1214 συνέλαϐε
2444 1158 2544 1228 τὴν
2596 1157 2792 1222 ἄλλοις
2839 1157 3205 1231 πλανηθεῖσαν
3271 1160 3521 1232 πρόθεσιν
3571 1183 3804 1218 κακοτεη

2139 1245 2321 1322 χνίας·
2356 1245 2503 1302 ἔτεκε
2528 1245 2593 1303 τὸ
2622 1247 2877 1304 ποικίλον
2910 1250 3074 1304 κακὸν
3114 1256 3214 1319 τῆς
3260 1249 3568 1324 αὐτονόμου
3610 1272 3802 1307 καινο-

2136 1336 2355 1409 τομίας,
2388 1336 2479 1391 καὶ
2527 1336 2730 1399 πάντας
2779 1336 3099 1402 ἀκολουθεῖν
3150 1338 3421 1395 ἐπιτάττει
3471 1340 3610 1413 μετά
3657 1339 3802 1396 πολ-

2138 1422 2243 1494 λῆς
2291 1424 2551 1498 ἐξουσίας·
2602 1426 2858 1502 Δὲχεσθε,
2904 1427 3092 1506 φησὶν,
3140 1426 3333 1491 ἁπλῶς
3383 1429 3452 1483 τά
3499 1426 3801 1504 λεγόμενα,

2135 1511 2225 1567 καὶ
2286 1509 2481 1585 μηδεὶς
2540 1513 2851 1588 ἐξεταζέτω,
2910 1514 2965 1570 τί
3020 1517 3230 1593 πρέπον
3285 1515 3338 1572 ἂν
3394 1516 3600 1589 αὐτοῖς,
3658 1520 3696 1589 ἣ
3746 1518 3804 1573 τί

2135 1600 2391 1674 ἀπρεπὲς.
2442 1602 2543 1658 Καὶ
2592 1602 2771 1658 πίστιν
2821 1602 3076 1677 ὀνομάζει
3121 1607 3223 1674 τήν
3290 1599 3644 1661 ἀϐασάνιστον
3707 1605 3800 1661 ἐπὶ

370 1695 632 1767 inquirat
662 1695 978 1767 quisquam
1012 1695 1150 1765 quid
1186 1692 1245 1747 in
1280 1692 1352 1749 iis
1381 1692 1734 1748 conveniens
1766 1693 1861 1757 sit,
1887 1694 2012 1765 quid

2131 1695 2251 1751 τοῖς
2301 1690 2549 1752 ἀστάτοις
2602 1691 2691 1746 καὶ
2756 1690 3159 1755 ἀναποδείκτοις
3226 1692 3314 1748 ἐπὶ
3366 1688 3547 1769 βλάϐῃ
3597 1715 3801 1771 συγκα-

369 1782 810 1838 inconveniens.
842 1788 923 1838 Ac
973 1782 1147 1837 ﬁdem
1213 1781 1476 1835 nominat
1533 1782 2012 1837 inconsileratam

2135 1778 2362 1835 τάθεσιν.
2417 1779 2660 1855 Ἀλόγως
2707 1781 3017 1850 muniam;
3050 1782 3140 1837 καὶ
3192 1783 3269 1855 μή
3323 1780 3554 1855 ἐξετάσω
3600 1783 3656 1838 τί
3706 1781 3801 1839 δυ-

372 1873 724 1943 noxiamque
780 1869 1258 1942 approbationem
1321 1870 1689 1924 inlirmorum
1738 1870 2012 1941 nullisqm

2138 1867 2319 1937 νατὸν,
2379 1869 2414 1937 ἢ
2462 1869 2760 1947 συμφέρον,
2807 1871 2841 1939 ἣ
2894 1869 3125 1944 πρέπον,
3171 1871 3207 1939 ἢ
3263 1874 3380 1943 Θεῷ
3433 1868 3619 1949 φίλον,
3648 1873 3684 1940 ἢ
3724 1877 3795 1948 τῇ

373 1961 979 2018 demonstrationibus
1013 1961 1433 2015 instructorum
1469 1960 1833 2031 dogmntum.
1896 1961 2012 2016 Cret

2140 1953 2296 2032 φύσει
2348 1955 2726 2029 κατάλληλον,
2773 1960 2809 2028 ἢ
2857 1961 2926 2032 τῇ
2988 1956 3221 2031 ἀληθείᾳ
3277 1959 3592 2037 σύμφωνυν,
3639 1963 3674 2029 ἦ
3714 1966 3795 2035 τῷ

373 2051 586 2107 damne
638 2050 765 2107 sine
807 2047 1081 2120 judicio?
1115 2063 1217 2102 nec
1252 2048 1567 2118 inquiram,
1600 2048 1740 2119 quid
1771 2052 1874 2103 aut
1906 2049 2009 2103 ﬁer

2139 2048 2328 2117 σκοπῷ
2378 2044 2701 2115 ἀκόλουθον,
2753 2048 2789 2116 ἢ
2831 2051 2912 2119 τῷ
2964 2048 3250 2121 μυστηρίῳ
3309 2044 3600 2124 ἁρμόδιον,
3630 2051 3665 2119 ἢ
3695 2053 3794 2121 τῆς

373 2139 582 2212 possit,
615 2146 717 2193 aut
747 2137 888 2193 utile
916 2136 1013 2203 sit,
1047 2141 1150 2207 aut
1177 2136 1398 2202 deceat,
1444 2140 1546 2191 aut
1602 2137 1716 2191 Deo
1770 2144 2001 2209 gratum

2137 2127 2406 2196 εὐσεϐείας
2438 2132 2621 2205 aiam;
2656 2135 2752 2191 Καὶ
2783 2136 2834 2191 τί
2881 2134 3073 2213 κέρδος
3101 2133 3241 2208 ἓξω;
3272 2139 3307 2206 ἣ
3356 2137 3442 2200 τίς
3484 2134 3673 2208 ὄνησις
3722 2143 3791 2214 τῇ

372 2231 476 2282 aut
528 2230 749 2281 natura:
780 2240 1128 2296 congruum,
1159 2228 1261 2279 aut
1291 2223 1513 2279 veritati
1547 2240 1895 2294 consonum,
1925 2233 2012 2283 aut

2136 2218 2348 2294 διανοίᾳ
2371 2226 2439 2295 τῇ
2474 2220 2642 2296 μηδὲν
2672 2223 2880 2280 τούτων
2923 2223 3278 2302 λογιζομὲνῃ,
3312 2224 3439 2282 ἀλλ’
3481 2227 3652 2296 ἀκοήν
3696 2229 3790 2302 μὲν

370 2331 547 2387 scopo
576 2313 1216 2380 accommodatum,aut
1234 2311 1510 2384 mysterio
1542 2317 2012 2382 consentaneum,

2131 2314 2211 2381 τῷ
2239 2308 2370 2385 ἤχῳ
2395 2315 2502 2366 τῶν
2536 2310 2798 2388 ῥημάτων
2837 2311 3156 2390 βάλλεσθαι,
3189 2315 3376 2390 ψυχήν
3411 2312 3469 2370 δὲ
3513 2313 3789 2389 μηδεμίαν

368 2407 473 2458 aut
503 2402 715 2475 pietate
743 2401 988 2474 dignum
1021 2399 1141 2455 sit?
1172 2401 1366 2471 Ecqua
1400 2399 1621 2456 utilitas
1669 2401 1779 2455 crit
1837 2401 2012 2458 mihi?

2130 2401 2236 2452 τῶν
2289 2397 2597 2475 λεγομὲνων
2649 2401 2855 2457 σύνεσιν
2913 2400 3205 2479 δέχεσθαι,
3256 2408 3426 2459 Τοῦτο
3476 2404 3600 2479 περὶ
3657 2412 3787 2461 πᾶσι

366 2496 484 2546 Aut
512 2490 645 2562 quis
676 2489 854 2545 menti
891 2489 1114 2544 fructus
1145 2506 1272 2560 quae
1303 2487 1514 2544 borum
1539 2488 1685 2543 nihil
1715 2505 1915 2544 secum
1941 2507 2023 2546 re-

365 2578 719 2651 putavit,sed
750 2577 1019 2633 auditum
1048 2577 1284 2649 quidem
1305 2593 1448 2632 sono
1461 2576 1768 2632 verborum
1786 2577 2019 2645 obtulit,

364 2668 588 2726 nullam
616 2684 748 2724 vero
773 2666 1061 2723 dictorum
1084 2667 1237 2738 cepit
1268 2665 1748 2738 intelligentiam?
1770 2668 1885 2723 Hoc
1916 2667 2018 2722 ad-

363 2761 638 2818 versariis
662 2761 940 2817 omnibus
957 2759 1171 2817 erroris
1190 2759 1709 2830 universorumque
1728 2760 2014 2817 malorum

364 2867 544 2907 causa
571 2856 681 2907 est.
715 2848 858 2915 Quis
886 2848 1041 2904 enim
1073 2852 1164 2905 est
1194 2847 1565 2903 inimicorum
1602 2847 1870 2904 Ecclesim
1915 2868 2015 2905 ca-

365 2938 594 2997 tholicis
623 2939 724 3011 qui
756 2954 869 2993 non
901 2935 1158 3009 postulet
1184 2935 1353 2991 dictis
1384 2935 1662 2991 omnibus
1692 2937 1841 3000 suis.
1881 2938 2014 2995 abs-

363 3044 478 3101 que
509 3027 717 3100 praevio
747 3025 1032 3089 examine,
1059 3024 1231 3079 fidem
1258 3023 1492 3080 haberi?
1522 3023 1798 3087 Quamvis
1828 3025 2015 3096 genti-

363 3116 478 3174 lem
511 3115 747 3181 dixeris,
779 3114 899 3170 sive
932 3111 1341 3181 Manicheum,
1374 3112 1495 3167 sive
1524 3113 1641 3168 Arii
1666 3117 1769 3169 aut
1793 3114 2014 3186 Apolli-

2128 2493 2244 2550 τοῖς
2275 2486 2591 2566 ἀλλοτρίοις
2621 2493 2719 2561 τῆς
2748 2491 2960 2563 πλάνης
2989 2493 3081 2547 καὶ
3121 2497 3231 2549 τῶν
3274 2497 3451 2549 κακῶν
3504 2492 3653 2549 ὅλων
3702 2494 3785 2550 αἵ-

2127 2596 2242 2631 τιον
2289 2577 2511 2653 γίνεται.
2553 2578 2643 2641 Τίς
2692 2580 2794 2655 γὰρ
2840 2584 2949 2635 τῶν
3002 2580 3287 2654 πολεμίων
3330 2583 3431 2650 τῆς
3477 2582 3784 2652 καθολικῆς

2129 2663 2457 2737 Ἐκκλησίας
2490 2667 2590 2723 οὐκ
2619 2669 2763 2740 ἀξιοῖ
2790 2674 2919 2723 πᾶσι
2948 2674 3064 2731 τοῖς
3118 2669 3207 2724 ὑπ’
3235 2668 3404 2725 αὐτοῦ
3462 2668 3782 2747 λεγομένοις

2125 2752 2362 2829 ἀκρίτως
2413 2754 2720 2825 mandem;
2770 2756 2878 2813 Κᾶν
2923 2756 3176 2827 ἝΛληνα
3234 2757 3379 2833 εἴπῃ,
3436 2758 3533 2813 κᾶν
3604 2762 3779 2817 Mavi-

2126 2848 2309 2918 χαῖον,
2341 2844 2436 2898 κᾶν
2498 2845 2734 2920 Ἀρείου,
2784 2844 2881 2900 κᾶν
2940 2844 3387 2921 Ἀπόλλιναρίου,
3444 2847 3542 2902 κᾶν
3600 2846 3775 2905 ἄλλου

2122 2932 2374 2987 τοιούτου
2400 2932 2548 2995 τινὸς
2577 2931 2953 3006 κληρονόμον,
2986 2933 3113 3010 οὐχὶ
3162 2940 3503 3011 παραιτεῖται
3545 2937 3647 3005 τήν
3696 2937 3775 3008 ἐξ-

2123 3018 2321 3091 ἐτασιν,
2348 3017 2441 3075 ’ίνα
2498 3021 2639 3099 φύγῃ
2692 3022 2784 3077 τὸν
2841 3020 3110 3099 ἔλεγχον;
3144 3022 3223 3080 Οὐ
3278 3024 3345 3078 τά
3404 3023 3501 3096 μὶν
3561 3022 3772 3080 οἳκοθεν

2124 3107 2497 3186 ἐρευγόμενος,
2528 3110 2596 3165 τά
2625 3107 2683 3165 δὲ
2734 3108 2794 3166 ἐκ
2842 3117 2944 3181 τῆς
2976 3111 3120 3173 θείας
3150 3116 3256 3166 τῶν
3316 3117 3544 3191 Γραφῶν
3596 3113 3778 3191 ἀρμο-

361 3205 639 3274 narii,aut
665 3203 910 3259 alterius
941 3201 1283 3272 bujusmodi
1317 3202 1750 3267 heredemmon
1783 3210 2012 3261 recusat

2122 3196 2238 3263 νίας
2267 3196 2571 3272 ἀποκόψας,
2600 3197 2690 3253 καὶ
2722 3198 2859 3273 πρὸς
2886 3198 2981 3254 τὸν
3024 3198 3226 3255 οἰκεῖον
3276 3200 3482 3255 σκοπὸν
3518 3200 3779 3273 ἑλκύσας,

359 3309 626 3357 examen,
659 3297 723 3346 ut
755 3290 939 3363 fugiat
970 3288 1414 3345 convictionem.
1479 3290 1679 3346 Nonne
1735 3289 1851 3347 alia
1905 3309 2012 3349 suo

359 3389 549 3439 marte
579 3377 997 3446 eruclans,alia
1025 3394 1094 3433 ex
1123 3376 1437 3449 Scriptura
1469 3377 1676 3433 divinae
1706 3378 2015 3436 harmonia

359 3486 630 3527 resecans
658 3473 717 3524 et
745 3467 817 3523 ad
844 3481 1088 3538 scopum
1138 3463 1380 3520 trahens
1430 3481 1630 3531 suum,
1660 3474 2014 3537 argumenta

358 3562 596 3634 profert,
657 3573 785 3629 qua:
842 3571 877 3611 a
926 3554 1179 3620 nemine,
1215 3558 1281 3608 ut
1308 3557 1473 3625 optat
1500 3553 1646 3625 ipse,
1680 3553 2013 3626 indaganda

306 3672 311 3675 -
360 3645 740 3723 pronuntiat?
770 3643 1056 3714 Deinceps
1086 3641 1136 3697 si
1168 3641 1445 3705 omnibus
1473 3639 1823 3713 simpliciter
1850 3643 2013 3699 adbi-

361 3742 607 3795 beamus
635 3749 859 3802 aurem,
892 3748 996 3787 nec
1022 3733 1398 3786 enascentem
1457 3745 1527 3786 ex
1581 3746 1783 3787 eorum
1840 3732 2011 3790 dictis

359 3827 785 3885 absurditatetn
843 3819 1358 3886 conl‘utaverimus,
1391 3835 1496 3874 nec
1527 3819 1870 3892 dogmatum
1905 3840 2009 3893 pu-

359 3934 508 3991 gnat,
539 3931 668 3988 qua:
697 3929 766 3970 ex
796 3925 1067 3983 perversa
1094 3906 1330 3963 illorum
1362 3907 1838 3979 interpretatione
1893 3909 2011 3966 ori-

356 4013 474 4077 tur,
504 4003 859 4061 solutionem
888 3994 1422 4070 efilagitaverimus,
1454 4011 1587 4066 quis
1620 3994 1676 4050 in
1710 3999 2007 4067 posterum

357 4093 613 4166 amplius
642 4088 911 4145 veritatis
936 4086 1090 4142 viam
1121 4083 1415 4141 inveniet?
1445 4083 1575 4156 quis
1607 4100 1721 4140 non
1750 4084 1916 4141 facile
1947 4087 2006 4143 in

354 4180 741 4258 precipitium
774 4176 1178 4234 haereticorum
1211 4175 1550 4248 dogmatum
1596 4172 1834 4241 incidet,
1889 4191 2005 4232 non

353 4273 733 4330 considerans
766 4281 1046 4322 novorum
1078 4264 1418 4335 dogmatum
1453 4261 2002 4330 inconvenientiam,

353 4377 457 4420 nec
487 4356 747 4415 veritatis
778 4354 1017 4427 exigens
1045 4350 1558 4408 convenientiam?
1590 4350 1738 4414 Quid
1770 4352 2002 4408 credam

350 4451 525 4510 corde
553 4449 625 4504 ad
648 4442 990 4518 justitiam?
1020 4442 1160 4514 quid
1193 4439 1401 4512 loquar
1439 4456 1537 4495 ore
1595 4440 1664 4494 ad
1725 4439 2000 4508 salutem,

2119 3280 2424 3361 προϐάλλει
2458 3286 2553 3360 μὶν
2610 3288 2957 3357 κατασκευάς,
2988 3286 3051 3351 ’ἀς
3110 3288 3185 3350 ὡς
3246 3286 3506 3365 βούλεται
3569 3289 3778 3364 μηδὲνα

2120 3381 2326 3451 χρῆναι
2355 3375 2841 3451 πολυπραγμονεῖν
2888 3376 3279 3455 ἀποφαίνεταις
3315 3377 3465 3445 Εἶτα,
3498 3378 3559 3434 ἃν
3612 3386 3770 3435 πᾶσιν

2120 3460 2311 3525 ἁπλῶς
2338 3462 2436 3526 τὰς
2463 3463 2627 3526 ἀκοάς
2658 3463 3043 3538 ὗποθήσωμεν,
3072 3465 3164 3521 καὶ
3211 3467 3312 3535 τήν
3366 3466 3777 3539 άνακηρόττουυ

2120 3571 2211 3607 σαν
2245 3553 2335 3627 ἀφ’
2381 3552 2455 3606 ὧν
2505 3550 2757 3628 λέγουσιν
2808 3552 3052 3624 ἀτοπίαν,
3096 3550 3228 3627 μηδ’
3273 3552 3604 3631 ἐλὲγξωμεν,
3633 3555 3774 3630 μηδὶ

2116 3640 2215 3709 τήν
2250 3639 2402 3696 λύσιν
2431 3647 2531 3710 τῆς
2563 3645 2669 3696 τῶν
2705 3637 2994 3718 δογμάτων
3030 3643 3217 3718 μάχης
3244 3649 3347 3713 τῆς
3377 3643 3659 3722 φυομένης
3682 3643 3772 3701 διά

2115 3734 2217 3797 τῆς
2276 3735 2447 3799 κακῆς
2501 3728 2788 3805 ἰρμηνείας
2847 3730 3020 3786 αὐτῶν
3071 3732 3481 3805 ἀπαιτήσωμεν’
3541 3735 3632 3790 καὶ
3686 3735 3771 3798 τίς

2118 3817 2333 3892 εὗρήσει
2366 3815 2558 3872 λοιπὸν
2587 3814 2664 3873 ἔτι
2694 3815 2951 3889 ἀληθείας
2981 3815 3144 3888 ὁδόν;
3177 3819 3261 3882 τίς
3305 3818 3406 3875 οὐκ
3451 3820 3767 3894 ἐμπεσεῖται

2119 3902 2318 3982 ῥᾳδίως
2349 3905 2423 3968 εἷς
2453 3902 2774 3979 κακοδοξίας
2812 3908 3080 3982 κρημνὸν,
3118 3908 3199 3980 μή
3249 3913 3467 3964 σκοπῶν
3506 3916 3609 3980 τῆς
3654 3932 3773 3966 καί-

2115 3994 2373 4068 νοτομίας
2429 3994 2492 4049 τὸ
2548 3993 2805 4071 ἀπρεπὲς,
2847 3997 2988 4068 μήτε
3043 3995 3291 4052 ἀπαιτῶν
3349 4003 3455 4067 τῆς
3512 3996 3776 4071 ἀληθείας

2112 4082 2175 4137 τὸ
2206 4081 2408 4158 πρέπον
2438 4101 2452 4150 ;
2482 4081 2542 4136 Τί
2589 4082 2861 4138 πιστεύσω
2907 4087 2977 4158 τῇ
3024 4082 3219 4161 καρδία
3258 4084 3337 4148 είς
3366 4082 3726 4159 ,δικαιοσύνην
3752 4107 3769 4159 ;

2111 4170 2165 4227 τί
2194 4169 2425 4243 λαλήσω
2451 4175 2531 4242 τῷ
2561 4171 2788 4245 στόματι
2822 4171 2899 4235 εἷς
2942 4174 3237 4249 σωτηρίαν,
3268 4174 3394 4229 ὅταν
3444 4171 3768 4251 προϐάλωσι

2111 4261 2398 4331 κακοήθως
2427 4259 2514 4329 τὸ,
2546 4283 2575 4311 et
2623 4259 2685 4319 Ὀ
2710 4254 2929 4335 πέμψας
2962 4282 3029 4336 με
3080 4266 3109 4316 ὸ
3160 4263 3346 4340 Πατὴρ
3408 4263 3609 4337 μείζων
3660 4286 3764 4339 μου

2111 4347 2291 4419 tactv;
2327 4372 2354 4401 ι)
2407 4346 2623 4412 Ἀπλῶς
2664 4346 2920 4423 δὲεομαις
2953 4355 3242 4426 προπετῶς
3290 4355 3573 4425 συνθῶμαι
3598 4370 3613 4421 ;
3641 4353 3769 4409 τολο

2115 4443 2305 4514 μηρῶς
2356 4439 2737 4516 ἀποφανοῦμαι
2791 4442 2889 4495 τοῦ
2951 4440 3158 4515 Πατρὸς
3205 4438 3409 4509 ἥττονα
3454 4442 3548 4495 τὸν
3599 4442 3763 4511 Tlo'v;

351 4558 485 4598 cum
544 4535 688 4593 mibi
748 4531 1005 4605 maligne
1044 4529 1366 4599 objecerint
1396 4527 1541 4582 illud
1578 4545 1590 4583 :
1624 4550 1652 4577 ‹‹
1686 4527 1869 4595 Pater,
1903 4529 2003 4601 qui

2120 4525 2199 4581 καὶ
2234 4524 2402 4599 μηδὲν
2434 4524 2580 4589 ὅλως
2617 4524 2938 4602 λογίσομαι,
2974 4529 3105 4600 μήθ’
3142 4527 3225 4584 ὅτι
3252 4531 3351 4599 τῆς
3382 4528 3702 4604 οἰκονομίας
3732 4533 3760 4587 ὁ

352 4630 517 4687 misit
547 4623 857 4693 me,major
886 4636 979 4675 me
1007 4622 1098 4674 est
1116 4615 1665 4688 9“‘I»L~‘iimpliciterne
1694 4616 2002 4690 accipiam,

352 4737 425 4776 an
458 4714 891 4790 prmcipitanter
918 4706 1250 4764 assentiar?
1283 4706 1560 4760 audacter
1595 4705 1800 4760 Filium
1834 4705 2000 4762 Patre

348 4809 685 4870 inferiorem
706 4799 1178 4875 pronuntiabo,et
1194 4796 1340 4851 nihil
1359 4796 1598 4850 omnino
1620 4796 1995 4868 perpendam,

350 4916 542 4975 neque
566 4897 720 4970 quod
754 4889 1084 4949 oeconomiae
1114 4890 1226 4945 iste
1255 4903 1450 4944 sermo
1475 4885 1571 4949 sit,
1608 4901 1795 4975 neque
1842 4887 1993 4957 quod

346 4974 610 5066 ejusdem
644 4986 753 5042 hoc
783 4983 1006 5038 dictum
1038 4980 1310 5050 sitzuEgo
1341 4975 1579 5066 etbl?
1614 4974 1780 5066 Pater
1809 4991 1991 5066 unum

342 5062 553 5140 sumus
584 5077 663 5143 0";
696 5095 724 5126 ››
757 5076 814 5128 et
844 5088 858 5127 :
894 5095 922 5121 ιι
956 5070 1027 5126 Ut
1057 5069 1342 5124 honorent
1374 5064 1778 5134 Filium,sicut
1808 5062 1991 5119 hono-

337 5175 473 5230 rant
503 5169 726 5225 Patrem
752 5162 829 5230 9‘l;
864 5182 893 5212 »θ
925 5165 984 5216 et
1013 5175 1027 5213 :
1062 5180 1091 5209 ‹‹
1124 5156 1233 5222 Qui
1264 5154 1409 5211 vidit
1440 5168 1554 5222 me,
1586 5151 1733 5208 vidit
1776 5156 1833 5209 et
1884 5151 1989 5208 Pa-

335 5267 483 5319 trem
516 5258 590 5326 ”;
624 5278 651 5305 ››
683 5257 740 5311 et
768 5249 1001 5306 infinita
1032 5246 1301 5318 alia,quae
1333 5241 1725 5315 mqualitatem
1760 5257 1988 5313 parem-

335 5367 449 5425 que
478 5344 665 5405 Patris
686 5347 744 5399 et
765 5339 891 5396 Filli
929 5338 1209 5425 honorem
1240 5334 1297 5425 in
1331 5329 1608 5388 omnibus
1640 5329 1990 5425 declarant?

332 5421 393 5497 Si
421 5437 603 5511 igitur
631 5428 779 5488 nihil
807 5442 1011 5484 eorum
1041 5441 1168 5497 quae
1198 5421 1333 5478 inde
1391 5423 1830 5491 consequuntur
1884 5434 1983 5475 ex-

2111 4613 2302 4692 λόγος,
2338 4616 2467 4688 μήθ’
2497 4614 2579 4671 ὅτι
2611 4619 2707 4671 τοῦ
2736 4615 2902 4671 αὐτοῦ
2932 4619 3105 4696 φωνή·
3141 4642 3167 4670 ‹‹
3201 4618 3350 4692 Ἐγὼ
3382 4619 3474 4673 καὶ
3515 4620 3543 4673 ὁ
3577 4622 3763 4697 Πατήρ

2107 4701 2163 4760 ἓν
2195 4704 2374 4778 ἐσμεν·
2412 4728 2439 4755 ››
2478 4703 2589 4773 καὶ,
2625 4727 2652 4754 ‹‹
2699 4706 2815 4762 Ἵνα
2858 4710 3060 4779 τιμῶσι
3107 4707 3199 4762 τὸν
3250 4708 3397 4776 nev,
3448 4708 3632 4773 καθὼς
3680 4728 3761 4763 τι.

2111 4797 2255 4866 μῶσι
2309 4794 2400 4847 τὸν
2452 4792 2680 4867 Πατέρα.
2715 4816 2742 4845 ››
2775 4793 2888 4863 καὶ,
2917 4820 2945 4845 ι(
2998 4799 3053 4848 Ὀ
3101 4794 3356 4871 ἑωρακὼς
3404 4795 3504 4869 ἐμὲ
3556 4797 3761 4873 ἑώρακε

2103 4882 2196 4936 τὸν
2228 4882 2452 4957 Ηατὲρα.
2488 4904 2515 4931 ››
2543 4879 2632 4935 καὶ
2666 4879 2810 4935 ἄλλα
2840 4878 2897 4937 δὲ
2932 4881 3120 4957 μυρία,
3150 4882 3217 4938 τά
3258 4883 3358 4953 τήν
3392 4881 3621 4955 ἰσότητα
3666 4884 3759 4939 καὶ

2101 4971 2201 5038 τήν
2233 4968 2529 5043 ὁμοτιμίαν
2562 4967 2611 5022 ἐν
2648 4975 2777 5024 πᾶσι
2809 4970 3179 5047 γνωρίζοντα;
3209 4970 3275 5025 Εἴ
3306 4968 3399 5026 οὗν
3455 4968 3627 5046 μηδὲν
3680 4969 3764 5028 δεῖ

2100 5063 2207 5113 τῶν
2262 5057 2669 5113 ἀνακυπτόντων
2729 5058 2877 5134 ὁρᾷν,
2914 5061 3051 5132 μήτε
3106 5060 3198 5115 τὸν
3254 5059 3535 5134 πρέποντα
3591 5060 3755 5138 λόγον

2100 5143 2417 5202 ἀποδιδόναι
2449 5145 2575 5221 περὶ
2600 5149 2706 5201 τῶν
2742 5144 3156 5203 ἀκακυπτόντων
3189 5147 3280 5203 καὶ
3311 5146 3567 5205 ἐναντίων
3619 5148 3753 5206 εῖναι

2100 5233 2426 5305 δοκούντων,
2458 5239 2576 5298 πῶς
2606 5235 2867 5315 σῦμφωνα
2899 5232 3141 5311 δείξομαι
3173 5238 3239 5293 τά
3280 5243 3542 5295 τοσοῦτον
3576 5235 3755 5310 ἀλλή-

2098 5323 2209 5381 λων
2242 5326 2378 5381 κατά
2430 5325 2494 5379 τὸ
2550 5323 2847 5401 πρόχειρον
2903 5332 3005 5397 τῆς
3056 5325 3379 5405 ἐπαγγελίας
3430 5324 3745 5399 antidotum;

2097 5420 2222 5479 Πῶς
2254 5413 2413 5477 αὐτὸς
2445 5415 2737 5493 φανήσεται
2768 5413 2857 5472 καὶ
2894 5417 3193 5494 μονογενὴς
3239 5418 3330 5474 καὶ
3377 5417 3752 5495 πρωτότοκος,

405 5651 451 5690 ⁸⁸
481 5646 633 5707 Psal.
664 5661 762 5716 vn,
797 5643 884 5700 15.
959 5640 1003 5678 9⁸
1031 5638 1197 5697 Jsan.
1231 5652 1349 5709 xw,
1379 5635 1471 5691 28.
1548 5630 1592 5670 ⁸⁷
1621 5633 1787 5691 Joan.
1819 5650 1874 5707 κ,
1903 5634 1996 5691 30.

2143 5634 2312 5690 Joan.
2346 5648 2404 5699 ν,
2432 5631 2526 5688 23.
2603 5631 2649 5669 ⁸⁸
2673 5633 2845 5691 Joan.
2875 5646 2991 5708 nv,
3023 5632 3079 5693 9.

4018 5403 4019 5459 ι

4014 5622 4015 5685 l

4010 5698 4013 5797 ί
