4086 6214
363 382 525 445 1389

1114 380 1767 443 ΟΗΝΡΠΤΑΊῚΟΝΕΞ
1812 380 2016 451 QUAE

2128 377 2317 439 [DAM
2368 382 3031 444 PROPOSITIONUM.

3621 389 3775 447 1390

362 521 490 570 πᾶσι
522 512 696 586 δήλου
726 516 1120 590 τυγχάνοντος,
1156 516 1231 589 μὴ
1266 510 1581 585 συμϐαίνειν
1626 511 1900 583 ἀλλήλοις
1949 511 2014 566 τά

2129 514 2502 585 pendendum
2547 521 2659 582 est,
2708 516 2753 570 si
2808 534 2911 572 nec
2956 516 3101 572 ratio
3150 534 3350 574 eorum
3395 537 3522 591 quae
3572 537 3771 576 conse-

365 601 460 658 δύο
490 604 612 679 περὶ
658 603 749 657 τὸν
790 601 884 657 ’ένα
938 602 1030 657 τὸν
1082 602 1134 657 έν
1180 607 1277 676 μιᾷ
1324 603 1693 678 θεωρούμενον
1730 621 1881 678 φύσει
1908 618 1922 668 ;
1952 605 2012 657 Ὀ

366 694 461 766 μὲν
487 693 591 767 γὰρ
625 694 922 768 μονογενής
956 692 1032 764 μή
1065 688 1207 767 ἔχων
1246 689 1533 768 ἀδελφοὺς,
1564 693 1653 744 οἷα
1688 689 2010 763 μονογενὴς.

360 781 708 856 πρωτότοκος
756 780 1037 844 καλεῖσθαι
1083 779 1145 835 οὐ
1196 778 1432 835 δύναται·
1502 778 1851 853 πρωτότοκον
1908 776 2011 850 γὰρ

362 871 502 925 εἶπεν
537 871 564 924 ό
596 868 810 931 Παῦλος
837 869 887 923 έν
912 868 1147 931 πολλοῖς
1182 866 1461 947 ἀδελφοῖςο
1497 868 1525 921 ὁ
1556 864 1602 921 δ’
1635 864 1699 921 αῦ
1730 864 2013 941 πρωτότο-

360 980 481 1026 κος,
533 959 700 1035 ἔχων,
755 958 829 1019 ὡς
866 958 1032 1030 εἰκὸς,
1087 955 1376 1035 ἀδελφοὺς,
1440 956 1733 1031 μονογενὴς
1781 953 1880 1008 οὐκ
1936 952 2013 1008 ἔτι

359 1046 840 1123 προσαγορεύεται.
874 1045 1045 1102 Πάλιν
1081 1048 1108 1100 ὁ
1142 1047 1300 1108 αὐτὸς
1349 1046 1439 1100 καὶ
1488 1044 1799 1121 πρόσφατος
1858 1041 2013 1117 λέγε-

355 1157 441 1191 ται
471 1136 561 1190 καὶ
592 1136 832 1197 αῗώνιοςσ
872 1159 901 1186 ››
929 1137 1136 1206 Ἰησοῦς
1172 1136 1400 1210 Χριστὸς
1445 1134 1577 1210 χθὲς
1609 1132 1698 1188 καὶ
1749 1134 1813 1203 σή
1827 1152 2011 1206 μερον,

360 1226 387 1280 ὁ
420 1224 579 1286 αὐτὸς
609 1223 698 1279 καὶ
761 1223 836 1286 εἷς
867 1223 995 1286 τοὺς
1027 1223 1245 1286 αἰῶνας.
1303 1247 1328 1273 υ
1359 1223 1430 1277 Τὸ
1476 1221 1658 1297 ἓτερον
1707 1221 1876 1293 ἑτέρῳ
1923 1219 2013 1274 ἀν-

359 1314 750 1378 τικαθίσταται.
807 1312 869 1369 Εί
918 1311 1247 1389 πρόσφατος,
1293 1317 1410 1374 πῶς
1458 1310 1715 1378 αἰώνιος;
1760 1308 1822 1363 El
1880 1306 2012 1362 αἶ’ώ-

361 1423 499 1470 νιος,
529 1402 728 1464 πάντας
760 1401 822 1456 οὐ
854 1401 1186 1480 πρόσφατος.
1218 1402 1288 1455 Τὸ
1343 1398 1420 1470 δὶ,
1453 1425 1481 1451 ‹‹
1538 1401 1813 1473 Ἀπάτωρ,
1867 1398 2018 1470 ἀμή-

361 1511 501 1566 τωρ,
531 1489 976 1566 ἀγενεαλόγητος,
1008 1489 1042 1557 ἢ
1079 1493 1195 1562 μῶς
1229 1488 1291 1543 οὐ
1321 1486 1619 1565 προδήλως
1650 1492 1767 1547 τοῖς
1820 1486 2013 1547 ἄλλοις

369 1581 626 1655 μάχεται,
660 1576 729 1633 δι’
756 1580 829 1633 ὧν
868 1579 1203 1650 μανθάνομεν
1248 1578 1338 1632 καὶ
1399 1578 1609 1649 Πατέρα
1655 1576 1813 1630 αὐτὸν
1867 1573 2012 1649 ἔχειν

368 1668 420 1722 έν
457 1668 724 1744 οὐρανοῖς,
755 1667 843 1721 καὶ
879 1666 1087 1741 μητέρα
1117 1667 1204 1721 ἐπὶ
1234 1673 1332 1735 τῆς
1362 1672 1486 1740 γῆς,
1539 1666 1628 1719 καὶ
1676 1662 2015 1739 γενεαλογεῖ-

363 1759 482 1811 σθαι
541 1761 723 1834 σαφῶς
782 1756 927 1832 παρά
980 1761 1096 1817 τοῖς
1159 1752 1391 1823 ἐνδόξοις
1451 1752 1901 1828 εύαγγελισταῖς;
1952 1751 2013 1807 Εἰ

367 1846 614 1920 ἀπάτωρ,
649 1849 765 1907 πῶς
813 1844 1063 1919 οὐρανίου
1114 1843 1361 1917 Πατρός;
1409 1842 1453 1895 εἰ
1505 1843 1759 1914 ἀμήτωρ,
1809 1838 2092 1943 min;ij

365 1942 469 2004 τῆς
506 1933 773 2010 Παρθένου
809 1933 1016 2009 μητρός
1045 1952 1057 2000 ;
1090 1932 1138 1987 εἷ’
1165 1930 1621 2007 ἀγενεαλόγητος,
1678 1934 1795 1989 πῶς
1844 1952 1871 1978 (ι
1933 1926 2011 1999 βί-

367 2018 506 2085 ϐλος
536 2022 793 2097 γενέσεως
829 2023 1006 2091 Ἰησοῦ
1045 2023 1316 2091 Χριστοῦ;
1344 2042 1370 2072 ιι
1406 2018 1687 2073 Τοσούτων
1722 2018 1812 2071 οὖν
1846 2012 2017 2071 ὄντων

364 2112 456 2166 καὶ
502 2110 702 2183 πολλῷ
735 2109 1002 2166 πλειόνων
1029 2114 1135 2164 τῶν
1169 2109 1340 2169 οὕτως
1372 2106 1637 2178 ἀλλήλων
1671 2106 2013 2183 ἀσυμφώνων

364 2202 499 2255 εἶναι
534 2197 860 2270 δοκοῦντων,
885 2197 938 2252 τί
971 2196 1071 2273 ἄρα
1099 2196 1411 2252 κελεύουσιν
1453 2198 1600 2267 ἡμᾶς
1650 2189 2017 2255 ἀϐασανίστως

364 2287 646 2359 δέξασθαις
698 2285 749 2341 δί
806 2284 862 2341 δὲ
913 2287 1268 2353 ἀπώσασθαι;
1329 2284 1400 2338 Οὐ
1432 2286 1535 2358 γὰρ
1595 2283 1709 2338 οἷόν
1742 2303 1799 2336 τε
1857 2288 2013 2336 πᾶσιν

368 2376 577 2451 ὁμοίως
612 2374 980 2436 ἔπεσθαιτοὺς
1044 2376 1119 2446 μή
1178 2375 1277 2441 τὴν
1332 2372 1671 2448 ἁρμόζουσαν
1708 2371 1859 2426 λύσιν
1916 2377 2015 2439 τῆς

368 2464 744 2539 νομιζομένης
788 2460 1081 2538 διαφωνίας
1132 2461 1493 2537 εὑρίσκοντας,
1556 2461 1619 2517 Εἰ
1676 2461 1738 2514 τὸ
1782 2485 1808 2511 ‹‹
1856 2481 2015 2532 μονο-

371 2557 533 2631 γενής
570 2578 597 2605 ι)
627 2552 852 2622 ἀληθὲς,
907 2553 969 2607 τὸ
1001 2577 1029 2605 ι(
1087 2550 1435 2627 πρωτότοκος
1472 2575 1499 2601 ιι
1531 2549 1593 2604 οὐ
1648 2553 1916 2604 τοιοῦτον.
1956 2547 2017 2601 Εἰ

369 2646 436 2699 τὸ
467 2669 495 2696 ι(
530 2641 877 2718 πρωτότοκος
910 2665 939 2692 ››
966 2638 1213 2713 ἀψευδὲς,
1256 2641 1317 2694 τὸ
1366 2664 1394 2692 ι(
1451 2640 1752 2713 μονογενής
1801 2661 1828 2688 ››
1877 2636 2019 2691 ἐναν-

370 2733 512 2788 τίον.
544 2732 610 2789 Εἰ
664 2734 727 2786 τὸ
775 2755 802 2781 ‹‹
856 2731 985 2805 χθὲς
1031 2729 1119 2784 καὶ
1170 2730 1406 2805 σήμερον
1459 2752 1488 2779 ››
1519 2726 1898 2800 ὡμολόγηται,
1954 2726 2018 2780 τὸ

374 2848 401 2873 (ι
438 2820 656 2875 αἰώνιον
701 2841 728 2872 ιι
784 2815 1016 2893 οἷ’χεται.
1068 2817 1131 2874 El
1178 2819 1240 2871 τὸ
1300 2843 1328 2870 ‹‹
1377 2816 1600 2890 ἀπάτωρ
1655 2842 1676 2866 ι
1713 2813 1923 2884 ἔστηκε,
1955 2815 2019 2869 τὸ

373 2908 522 2986 ἔχειν
576 2906 785 2984 Πατέρα
833 2906 1142 2977 λυθήσεται.
1195 2906 1256 2963 Εἰ
1305 2906 1369 2960 τὸ
1399 2931 1426 2957 ‹‹
1460 2905 1692 2979 ἀμήτωρ
1726 2929 1753 2953 ‹‹
1786 2905 2016 2979 πέπηγε,

368 3000 435 3054 τὸ
470 2998 677 3073 μητέρα
726 2992 871 3072 ἔχειν
931 2996 1381 3071 ἀνατραπήσεται.
1434 2994 1494 3051 Εἰ
1543 2994 1604 3048 τὸ
1656 3018 1684 3045 ‹‹
1735 2990 2022 3068 ἀγενεαλό-

369 3108 537 3163 γητον
590 3109 617 3136 ››
666 3082 849 3161 ἄραρε,
902 3088 1018 3145 πῶς
1070 3087 1139 3157 τῇ
1186 3082 1508 3159 γενεαλογίᾳ
1556 3081 1921 3154 προσέξομεν;
1954 3080 2018 3137 Εἰ

370 3175 435 3229 τὸ
469 3175 546 3246 μή
578 3171 704 3250 ἔχον
738 3172 915 3249 ἀρχὴν
945 3174 1170 3245 ἡμερῶν
1198 3170 1232 3239 ἢ
1263 3169 1418 3231 τέλες
1471 3163 1708 3245 βέϐαιον,
1742 3166 1857 3229 πῶς
1887 3188 2018 3238 νοη-

2126 608 2391 673 quuntur
2422 613 2479 658 et
2518 606 2811 659 contraria
2858 606 3131 660 videntur
3172 623 3430 678 congrua
3478 610 3773 665 reddenda

2124 695 2235 746 est.
2269 692 2561 761 quomodo
2592 694 3037 749 conciliabimus
3067 713 3191 764 quae
3210 696 3398 766 prima
3428 700 3769 769 pronuntia-

2123 780 2301 834 tionis
2334 780 2519 835 fronte
2556 783 2706 836 inter
2736 798 2798 836 se
2844 783 3178 853 discrepant
3205 783 3232 838 ?
3260 787 3560 849 Quomodo
3613 785 3767 841 idem

2124 866 2410 922 videbitur
2437 874 2493 923 et
2518 870 2857 940 unigenitus
2888 876 2943 925 et
2992 871 3413 943 primogenitus
3435 874 3462 927 ?
3494 891 3624 929 cum
3668 893 3769 947 pa-

2124 954 2242 1011 lam
2274 956 2352 1011 sit
2381 958 2678 1027 omnibus,
2711 960 2827 1014 duo
2859 959 3041 1015 relata
3070 962 3143 1014 ad
3177 979 3384 1029 unum,
3428 980 3679 1034 eumque
3710 964 3769 1020 in

2125 1061 2243 1099 una
2271 1045 2706 1100 consideratum
2743 1051 2976 1113 natura,
3014 1048 3254 1105 minime
3298 1051 3448 1105 inter
3476 1068 3538 1107 se
3567 1069 3770 1108 conve-

2127 1134 2269 1188 nire.
2305 1134 2531 1189 Etenim
2576 1136 2934 1208 unigenitus,
2982 1136 3073 1192 cui
3121 1145 3185 1192 ut
3216 1140 3513 1211 unigenito
3562 1143 3772 1198 fratres

2126 1221 2271 1277 nulli
2304 1228 2463 1290 sunt,
2498 1240 2611 1279 non
2646 1230 2833 1295 potest
2863 1225 3144 1297 appellari
3173 1228 3771 1299 primogenitus.Pau-

2127 1308 2220 1364 lus
2238 1310 2394 1365 enim
2412 1312 2864 1383 primogenitum
2889 1314 3101 1368 dixitin
3127 1317 3329 1370 multis
3352 1319 3771 1376 t‘ratribus.Nec

2128 1416 2363 1454 rursum
2396 1400 2850 1471 primogenitus,
2883 1405 3093 1457 fratres
3139 1404 3384 1474 habens,
3435 1408 3773 1479 unigenitus

2126 1493 2365 1542 vocatur
2393 1488 2669 1560 amplius.
2707 1490 2960 1545 Rursum
2992 1490 3145 1545 idem
3181 1492 3276 1547 ille
3307 1499 3363 1547 et
3418 1496 3772 1553 novissimus

2127 1576 2341 1632 dicitur
2371 1581 2427 1632 et
2458 1582 2709 1634 aeternus
2744 1596 2755 1633 :
2790 1600 2820 1629 »
2853 1581 3022 1634 .lesus
3052 1580 3321 1636 Christus
3341 1582 3461 1636 heri
3495 1590 3551 1638 et
3579 1585 3774 1653 hodie,

2126 1665 2249 1736 ipse
2277 1672 2333 1721 et
2366 1666 2423 1720 in
2456 1667 2666 1721 saecula
2697 1668 2773 1721 ¹.››
2808 1668 2909 1723 llic
2932 1668 3180 1723 alterum
3212 1670 3379 1724 alteri
3410 1673 3770 1730 adversatur.

2126 1755 2180 1808 Si
2213 1755 2573 1810 novissimus
2603 1764 2709 1825 est,
2746 1757 3037 1826 quomodo
3068 1760 3356 1814 aeternus!
3392 1760 3451 1815 Si
3498 1768 3771 1828 aeternus,

2127 1860 2240 1897 non
2293 1843 2478 1913 igitur
2522 1844 2895 1900 novissimus.
2940 1849 3069 1900 Jam
3122 1845 3265 1901 illud
3302 1866 3314 1902 :
3350 1871 3378 1898 «
3414 1850 3549 1904 Sine
3580 1854 3769 1918 Patre,

2125 1932 2251 1987 sine
2284 1938 2486 1998 matre,
2524 1933 2649 1986 sine
2693 1932 3035 2003 genealogis
3063 1935 3107 1998 ²,
3143 1956 3170 1983 ››
3220 1953 3411 1991 annon
3466 1940 3773 1994 manifeste

2126 2025 2350 2091 pugnat
2380 2037 2511 2074 cum
2545 2021 2699 2088 aliis,
2732 2039 2800 2076 ex
2842 2023 3058 2093 quibus
3107 2024 3394 2079 discimus
3439 2030 3495 2081 et
3544 2031 3770 2083 Patrem

2126 2109 2319 2180 ipsum
2357 2108 2412 2161 in
2448 2109 2610 2163 caelis
2643 2109 2857 2164 habere
2887 2115 2944 2165 et
2975 2116 3219 2166 matrem
3256 2113 3313 2167 in
3346 2119 3520 2185 terra,
3554 2121 3612 2171 et
3651 2133 3770 2172 ma-

2119 2197 2279 2266 jores
2295 2198 2423 2267 ejus
2437 2214 2468 2251 a
2484 2197 2778 2267 prazclaris
2794 2199 3164 2269 evangelistis
3177 2201 3393 2257 diserte
3412 2205 3777 2262 nominatos?

2127 2284 2185 2339 Si
2221 2286 2347 2339 sine
2378 2289 2568 2352 Patre,
2602 2288 2895 2357 quomodo
2938 2287 3123 2344 Patris
3173 2290 3423 2347 ctelestis
3459 2293 3683 2349 Filius?
3714 2295 3773 2351 Si

2128 2373 2253 2427 sine
2287 2379 2491 2442 matre,
2535 2375 2823 2442 quomodo
2855 2392 2922 2430 ex
2966 2375 3199 2449 Virgine
3245 2386 3429 2436 matre
3451 2382 3479 2436 ‘2
3508 2383 3640 2438 Sine
3670 2400 3772 2455 ge-

2128 2461 2413 2532 nealogis,
2451 2462 2656 2529 unde,«
2694 2463 2859 2516 Liber
2879 2466 3270 2535 generationis
3298 2468 3436 2523 Jesu
3469 2470 3771 2527 ()hristi3?»

2123 2550 2269 2605 Cum
2304 2550 2482 2621 igitur
2511 2555 2594 2605 tot
2625 2568 2690 2605 ac
2718 2556 2883 2606 tanta
2924 2551 3042 2606 sint
3073 2559 3131 2608 et
3163 2555 3346 2611 multo
3399 2558 3587 2629 plura,
3640 2578 3767 2632 qua:

2125 2639 2276 2694 inter
2305 2654 2366 2693 se
2393 2639 2664 2693 videntur
2694 2655 2976 2711 pugnare,
3010 2642 3289 2712 quidnam
3337 2646 3421 2700 illi
3457 2664 3562 2703 nos
3612 2649 3771 2705 inex-

2126 2730 2417 2802 ploratum
2441 2729 2653 2800 jubent
2674 2731 3101 2803 accipere,quid
3129 2734 3370 2803 ejicere?
3392 2737 3589 2808 Neque
3615 2742 3773 2795 enim

2129 2820 2402 2873 omnibus
2433 2835 2595 2889 aeque
2643 2819 2911 2873 assentiri
2965 2828 3231 2891 possunt,
3288 2824 3386 2894 qui
3436 2829 3774 2897 apparentis

2129 2906 2536 2977 discrepantia:
2568 2909 3005 2963 convenientem
3051 2910 3404 2967 solutionem
3448 2932 3563 2969 non
3613 2917 3771 2971 inve-

2131 2996 2321 3049 niunt.
2356 2995 2415 3049 Si
2448 3011 2648 3049 verum
2683 2994 2825 3050 illud
2854 3013 2867 3050 :
2902 3019 2930 3045 «
2965 2997 3359 3069 unigenitus,»
3395 3001 3605 3058 falsum
3640 3004 3769 3075 hoc,

2128 3106 2158 3134 ‹‹
2194 3083 2629 3155 primogenitae.
2666 3106 2693 3131 ››
2724 3085 2777 3137 Si
2809 3101 3005 3139 verum
3040 3085 3150 3141 hoc
3187 3104 3199 3142 :
3232 3110 3259 3139 ‹‹
3288 3088 3766 3162 primogenitus,»

2134 3172 2345 3227 falsum
2378 3176 2597 3235 contra,
2632 3195 2659 3222 «
2694 3172 3085 3245 unigenitus,»
3121 3175 3177 3231 Si
3212 3179 3556 3247 proﬁtemur
3586 3181 3767 3237 illud:

372 3237 545 3335 σομεν⁷
711 3237 848 3329 “rip,”
870 3237 1320 3335 dpi'hv'ﬁpspmv
1367 3237 1547 3314 καῖ’τὸ
1575 3257 1732 3319 τέλος
1786 3261 2016 3329 μηνῦον,

2134 3284 2161 3311 ‹‹
2213 3260 2343 3316 Heri
2396 3265 2452 3315 et
2500 3260 2691 3329 hodie,
2741 3264 3034 3317 evanescit
3080 3264 3352 3331 alterum,
3389 3288 3417 3316 ‹‹
3464 3270 3773 3340 sempiter-

372 3378 401 3405 ι(
433 3356 541 3406 Τοῦ
571 3353 752 3421 Ἰησοῦ
810 3349 1156 3425 γεννηθέντος
1201 3348 1251 3403 έν
1306 3346 1556 3419 Βηθλεὲμ
1600 3353 1699 3415 τῆς
1754 3341 2015 3406 Ἰουδαίας

370 3439 423 3495 ἐν
456 3440 690 3515 ἡμέραις
722 3435 972 3514 Ἡρώδου
1013 3442 1109 3491 τοῦ
1146 3434 1435 3512 βασιλέως,
1474 3459 1500 3486 ››
1532 3432 1929 3510 σταυρωθέντος
1961 3430 2018 3486 δὲ

372 3528 462 3583 ἀπὶ
497 3528 730 3582 Ποντίου
780 3524 1056 3594 Πιλάτου;
1118 3522 1260 3580 Ἰδοὺ
1308 3524 1397 3578 καὶ
1450 3523 1596 3598 ἀρχὴ
1657 3519 1878 3593 ἡμερῶν
1927 3520 2015 3575 καὶ

375 3623 523 3687 ζωῆς
553 3616 732 3678 τέλος.
762 3615 823 3669 Τί
880 3613 972 3669 οῦν
1027 3616 1368 3686 ποιήσωμεν,
1420 3609 1474 3667 εἷ’
1511 3633 1593 3673 τις
1642 3617 1747 3665 τῶν
1780 3608 2018 3665 ἀπίστων

374 3707 522 3779 ἡμᾶς
555 3704 808 3773 ἀπαιτοίη
844 3702 1025 3779 λόγον,
1070 3706 1388 3778 κατηγορῶν
1433 3703 1530 3769 τῆς
1578 3700 1731 3776 ἁγίας
1779 3701 2015 3777 Γραφῆς,

371 3795 449 3857 ὡς
480 3794 696 3850 ἐναντία
728 3792 996 3868 λεγούσης
1022 3809 1036 3861 ;
1070 3790 1328 3864 εἴπωμεν,
1370 3790 1657 3847 Πίστευσον
1704 3796 1832 3845 πᾶσι
1859 3810 1872 3859 ;
1921 3789 2015 3843 Καὶ

368 3882 455 3945 τίς
489 3883 588 3938 οὐκ
616 3885 675 3937 ἂν
716 3879 1076 3951 ἀποπηδήσας
1125 3879 1559 3954 καταγελάσειεν,
1607 3876 1860 3951 οὐδαμῶς
1902 3878 2015 3941 οἶός

369 3993 431 4027 τι
481 3972 552 4026 ὣν
598 3972 666 4026 τά
713 3969 991 4041 ἀλλήλοις
1045 3968 1353 4044 μαχόμενα,
1401 3968 1490 4022 καὶ
1548 3964 1817 4040 μηδεμίαν
1866 3966 2018 4021 λύσιν

373 4057 745 4134 λαμϐάνοντα,
780 4059 855 4121 ὡς
886 4058 1168 4129 ἀξιόπιστα
1198 4055 1486 4132 δέχεσθαις
1540 4057 1643 4111 Δύο
1692 4057 1796 4131 γάρ
1845 4052 2013 4110 ὅντων

372 4148 622 4205 ἐναντίων
671 4147 875 4223 λόγων,
916 4146 1121 4221 ἀνάγκη
1174 4144 1234 4200 τὰ
1277 4143 1458 4221 ἕτερον
1518 4142 1687 4218 ψευδῆ
1734 4142 2015 4219 διελέγχε-

373 4241 514 4293 σθαι.
544 4237 605 4291 Τί
636 4238 769 4314 πρὸς
797 4241 960 4291 ταῦτα
995 4234 1220 4311 ἐροῦμεν
1248 4253 1261 4303 ;
1293 4240 1367 4289 ’Ἠ
1418 4235 1507 4287 καὶ
1554 4236 1711 4305 ἡμεῖς
1766 4231 2019 4286 ἀπαιτού-

377 4349 534 4402 μενοι
562 4327 626 4381 τὸ
673 4326 938 4381 πιστεύειν
989 4321 1249 4399 δόγμασιν
1300 4319 1708 4382 ἀναποδείκτοις
1750 4321 1839 4374 καὶ
1888 4320 2015 4374 ἀσυ-

371 4417 590 4477 στάτοις
646 4416 928 4489 αἱρετικῶν
1098 4410 1401 4482 Ἑλλήνων,
1460 4411 1597 4464 κατά
1629 4410 1726 4477 τήν
1756 4407 2011 4478 τοιαύτην

372 4505 633 4581 πρότασιν
676 4503 1084 4574 συνθησόμεθας
1120 4499 1272 4557 Ἀλλ’
1317 4496 1517 4575 ἄπαγεὲ
1575 4498 1697 4552 οὗτε
1750 4497 2015 4552 ἀσύστατα

369 4595 438 4649 τὰ
468 4593 727 4667 ἡμέτερα,
762 4589 884 4646 οὕτε
913 4589 1186 4661 ἀλλήλοις
1236 4588 1544 4664 μαχόμενα,
1598 4588 1775 4649 καθὼς
1826 4586 2014 4662 ἐρρέθη

375 4682 522 4758 παρά
575 4686 683 4735 τῶν
741 4680 910 4755 ἁγίων
963 4679 1247 4751 νοούμενα.
1300 4676 1523 4753 Ἐρρέθη
1577 4673 1633 4729 δὲ
1662 4676 1727 4729 τά
1761 4676 1855 4747 μὲν
1883 4676 2018 4750 πρὸς

372 4771 474 4839 τὴν
531 4774 858 4844 γνωσθεῖσαν
911 4767 1046 4840 ἡμῖν
1107 4766 1445 4839 οἰκονομίαν,
1503 4764 1569 4819 τὰ
1625 4761 1682 4818 δὲ
1730 4765 1864 4844 προς
1919 4764 2017 4832 τήν

379 4842 767 4919 ἀκατάληπτον
798 4853 896 4903 τοῦ
948 4847 1123 4922 Λόγου
1155 4847 1358 4917 οὐσίαν,
1388 4845 1477 4901 καὶ
1510 4845 1681 4899 πάντα
1721 4842 2019 4919 εὑρίσκεται

377 4939 642 5017 σύμφωνα
683 4938 773 4992 καὶ
822 4936 1113 5005 ἀκόλουθα,
1164 4936 1287 5011 περὶ
1338 4936 1399 4989 τὸ
1448 4935 1577 4989 αὐτὸ
1608 4934 1742 4988 κατὰ
1770 4935 1865 4995 τὰς
1924 4929 2020 4986 δύο

372 5027 560 5107 φύσεις
603 5021 1073 5099 έκλαμϐανόμιναο
1132 5023 1206 5084 ὡς
1256 5024 1389 5076 εἶναι
1444 5023 1507 5076 τὸ
1558 5022 1650 5093 μὲν
1710 5020 2019 5098 πρόσφατον

370 5123 473 5187 τῆς
506 5116 723 5192 σαρκὸς,
755 5117 818 5169 τὸ
851 5113 906 5169 δὲ
935 5114 1157 5168 αἰώνιον
1190 5116 1287 5166 τοῦ
1316 5116 1471 5167 Θεοῦ.
1505 5111 1583 5168 Τὸ
1614 5111 1689 5183 μή
1741 5107 1886 5186 ἔχειν
1934 5111 2025 5185 ἀρ-

373 5207 485 5282 χὴν
536 5208 759 5279 ἡμερῶν
798 5200 940 5258 ἴδιον
984 5205 1082 5256 τοῦ
1124 5200 1323 5275 Λόγου’
1353 5200 1416 5254 τὸ
1447 5206 1768 5274 γεννηθῆναι
1801 5197 1851 5252 ἑν
1884 5199 2023 5271 ἠμέ-

375 5314 493 5368 ραις
519 5291 769 5368 Ἡρώδου
825 5291 1024 5347 οἰκεῖον
1078 5296 1178 5360 τῆς
1235 5288 1511 5365 ἀπαρχῆς.
1568 5287 1638 5341 Τὸ
1686 5290 1858 5358 πάντη
1903 5288 2024 5362 ἀγε-

373 5381 706 5458 νεαλόγητον
742 5382 829 5436 ἐπὶ
859 5387 959 5450 τῆς
992 5381 1097 5455 πρὸ
1129 5378 1341 5433 aid)va
1388 5376 1447 5432 ἐκ
1496 5376 1702 5452 Πατρὸς
1750 5377 2025 5453 ὑπάρξεως

374 5475 473 5526 τοῦ
504 5472 651 5525 Υἱοῦο
679 5496 707 5524 ‹‹
740 5470 873 5539 Τὴν,
900 5470 1024 5545 γὰρ,
1055 5469 1237 5546 γενεάν
1269 5468 1432 5523 αὐτοῦ
1460 5465 1543 5529 τίς
1577 5463 1929 5541 αδιηγήσεται
1956 5486 1969 5537 ;
1997 5491 2022 5518 ι)

452 5685 470 5720 ¹
502 5683 643 5741 Heb.
675 5698 801 5753 xm,
831 5683 886 5738 8.
964 5684 986 5718 '
1018 5684 1186 5740 Hebr.
1219 5678 1402 5751 νιι,“3.
1477 5682 1500 5717 ³
1533 5681 1739 5738 Matth.
1773 5697 1812 5752 ι,
1846 5684 1896 5739 1.

2129 3367 2330 3404 num.»
2361 3350 2415 3403 Si
2449 3354 2564 3404 stat
2596 3350 2796 3415 illud,«
2834 3351 2959 3405 sine
2992 3356 3218 3419 Patre,»
3253 3357 3471 3410 corruit
3498 3357 3770 3418 alterum.

2128 3439 2281 3509 quod
2315 3439 2541 3493 Patrem
2592 3438 2822 3494 habeat.
2877 3440 2932 3493 Si
2970 3449 3168 3496 manet
3210 3460 3275 3498 ac
3309 3445 3485 3500 ﬁxum
3522 3453 3611 3501 est
3642 3448 3769 3518 ho«-,

2131 3548 2157 3577 ι
2188 3528 2325 3582 Sine
2350 3535 2554 3581 matre.
2591 3550 2616 3575 η
2651 3527 2807 3582 labat
2838 3530 3234 3597 illud,habere
3264 3538 3533 3589 matrem.
3564 3537 3620 3590 Si
3650 3536 3769 3607 pla-

2127 3617 2249 3671 cuit
2279 3613 2478 3681 illud,«
2513 3616 2637 3669 sine
2662 3616 3056 3687 genealogia,»
3081 3621 3371 3690 quomodo
3401 3626 3770 3679 attendemus

2127 3703 2519 3775 genealogiaz?
2549 3703 2606 3757 Si
2653 3704 2887 3758 ﬁrmum
2927 3711 3016 3759 est
3047 3706 3209 3773 illud,
3240 3710 3391 3779 quod
3429 3727 3613 3781 neque
3660 3713 3771 3767 ini-

2127 3793 2274 3847 tium
2306 3807 2494 3863 neque
2519 3793 2691 3846 ﬁnem
2712 3793 2936 3847 dierum
2971 3793 3469 3865 habet,quomodo
3491 3799 3773 3872 intellige-

2128 3897 2261 3936 mus
2292 3883 2420 3947 hoc;
2455 3881 2607 3951 quod
2635 3886 2691 3935 et
2718 3880 2948 3935 initium
2980 3887 3038 3935 et
3068 3882 3239 3937 ﬁnem
3263 3884 3490 3940 dierum
3523 3888 3774 3945 indicat:

2132 3994 2158 4017 ‹‹
2194 3971 2334 4024 Cum
2385 3974 2561 4023 natus
2602 3976 2759 4023 esset
2805 3973 2977 4025 Jesus
3028 3971 3085 4024 in
3136 3971 3430 4027 Bethleem
3469 3976 3682 4030 Judazze
3718 3978 3771 4032 in

2128 4058 2338 4111 diebus
2370 4057 2617 4111 Herodis
2663 4058 2818 4127 regis
2871 4059 2937 4111 ‘z
2986 4079 3013 4105 ›ι
3064 4060 3377 4115 cruciﬁxus
3423 4070 3617 4118 autem
3669 4068 3778 4122 sub

2132 4146 2330 4200 Pontio
2363 4145 2547 4199 Pilato
2571 4145 2597 4197 ‘P
2628 4145 2711 4199 En
2761 4145 2865 4199 tibi
2900 4150 2956 4199 et
2988 4145 3218 4202 initium
3270 4149 3496 4206 dierum
3545 4158 3604 4209 et
3652 4154 3779 4209 vita:

2129 4233 2326 4287 ﬁnem.
2382 4232 2528 4296 Quid
2570 4232 2751 4303 igitur
2803 4234 3083 4289 faciemus
3138 4236 3184 4289 si
3256 4237 3389 4308 quis
3451 4239 3779 4298 inﬁdelium

2126 4320 2487 4391 Scripturam
2522 4326 2786 4375 sanctam
2821 4322 2892 4376 de
2921 4322 3093 4378 dictis
3132 4327 3440 4382 contrariis
3472 4345 3778 4399 accusans,

2127 4409 2407 4463 rationem
2430 4425 2461 4463 a
2482 4408 2647 4463 nobis
2661 4410 2900 4481 exigat?
2920 4410 3342 4481 jubebimusne
3358 4431 3490 4471 eum
3506 4420 3782 4476 omnibus

2132 4498 2409 4553 credere?
2441 4498 2509 4551 Et
2538 4497 2672 4567 quis
2706 4514 2819 4552 non
2843 4498 3111 4555 resiliens
3139 4501 3653 4579 deriserit,quippe
3679 4526 3782 4581 qui

2051 4605 2096 4668 D
2131 4585 2290 4641 nullo
2308 4587 2480 4640 modo
2504 4586 2693 4657 possit
2713 4604 2778 4641 ea
2806 4592 3082 4657 tanquam
3105 4590 3214 4643 ﬁde
3237 4592 3416 4662 digna
3437 4598 3778 4667 amplexari,

2130 4691 2256 4745 qua:
2289 4674 2441 4728 inter
2464 4690 2526 4728 es
2559 4682 2955 4745 pugnant,nec
2978 4675 3328 4734 solutionem
3364 4681 3542 4738 ullam
3568 4685 3779 4741 admit-

2132 4761 2302 4815 tunt?
2334 4762 2589 4817 Duorum
2614 4762 2768 4817 enim
2793 4765 3216 4822 contrariorum
3237 4768 3525 4827 dictorum
3545 4791 3781 4831 necesse

2131 4856 2219 4905 est
2251 4849 2496 4905 alterum
2531 4851 2802 4906 falsitatis
2848 4855 3130 4909 convinci.
3188 4858 3334 4922 Quid
3386 4862 3455 4915 ad
3490 4862 3598 4918 hoc
3625 4865 3779 4922 dicc-

2134 4955 2265 4992 mus
2287 4938 2314 4992 Ὺ
2346 4939 2493 4993 Num
2528 4946 2584 4994 et
2616 4956 2722 4996 nos
2750 4943 2933 5013 rogati
2969 4948 3033 4997 ut
3078 4944 3239 5000 nulla
3284 4948 3783 5010 demonstratione

2133 5028 2393 5097 probatis
2433 5027 2802 5100 inﬁrmisque
2857 5030 3261 5089 haereticorum
3314 5042 3415 5092 aut
3459 5040 3784 5098 Graecorum

2134 5116 2508 5187 dogmatibus
2531 5118 2760 5172 credam
2775 5122 3156 5190 us,ejusmodi
3185 5128 3566 5197 praposilioni
3591 5148 3789 5186 assen-

2142 5204 2404 5259 tiemur?
2434 5206 2537 5260 Sed
2574 5207 2788 5278 apage!
2824 5225 3011 5279 neque
3056 5211 3209 5266 enim
3247 5220 3464 5282 nostra;
3514 5218 3560 5273 si
3608 5236 3722 5288 quo
3754 5238 3786 5274 a

2132 5295 2351 5348 sanctis
2392 5295 2547 5349 dicta
2570 5300 2709 5350 sunt
2750 5314 2925 5352 sensu
2971 5300 3352 5373 accipiantur,
3389 5305 3603 5359 velnon
3648 5323 3784 5361 con-

2144 5382 2351 5438 sistere
2386 5390 2653 5454 possunt,
2687 5385 2772 5440 vel
2806 5385 2917 5441 sibi
2950 5387 3060 5459 ipsi
3099 5396 3238 5444 sunt
3278 5394 3587 5447 contraria.
3622 5394 3786 5450 Dicta

2134 5476 2327 5527 autem
2363 5478 2501 5528 sunt
2534 5473 2632 5529 illa
2660 5474 2897 5546 quidem
2931 5476 3155 5532 ratione
3185 5479 3425 5549 cognita:
3453 5482 3620 5538 nobis
3642 5500 3786 5540 (nco-

1999 5683 2022 5718 ‘
2051 5682 2259 5740 Matth.
2292 5699 2355 5755 ιι,
2393 5688 2444 5739 1.
