4086 6214
392 386 544 462 ιθοι
1538 391 1602 451 8.
1648 389 2170 452 ATHANASIUS.
2200 422 2279 435 —
2304 388 2617 453 SPURIA.
3654 386 3792 452 4392

396 528 628 597 nomine,
661 531 835 599 atque
865 522 1326 596 dispensationis
1353 540 1367 577 :
1401 521 1524 577 haec
1550 537 1684 577 vero
1717 522 1941 576 ratione
1962 520 2028 576 in

2156 519 2232 576 Τὸ
2262 516 2789 596 δὶγενεαλογεῖσθιοι
2821 519 3001 599 σαφῶς
3034 519 3122 576 ἐπὶ
3168 528 3267 591 τῆς
3312 520 3451 576 κατὰ
3499 520 3669 593 σάρκα
3709 541 3789 594 γε·

394 614 948 691 comprehensibilis
968 612 1140 669 Verbi
1171 628 1234 667 su
1246 611 1533 666 bstantiaa.
1557 608 1734 681 Atque
1746 610 1855 664 hoc
1876 609 2028 665 modi

2156 608 2351 670 νέσεως
2399 611 2496 662 τοῦ
2527 607 2710 665 αὐτοῦ.
2759 607 2918 667 Οὕτω
2947 610 3037 664 καὶ
3073 610 3379 685 μονογενὴς
3410 608 3556 664 κατά
3581 608 3676 676 τήν
3705 612 3791 663 τοῦ

397 706 763 765 omniainter
783 720 845 759 se
887 701 1264 758 consentiunt
1286 698 1516 771 sibique
1537 702 2028 770 suntconsequeni

2157 695 2335 773 Λόγου
2366 694 2572 765 οὒσίαν,
2604 697 2692 752 καὶ
2723 697 3075 774 πρωτότοκος
3104 699 3242 754 κατά
3276 699 3375 767 τήν
3423 696 3679 773 ἔνσαρκον
3726 698 3794 750 oi-

396 796 579 862 tia,de
610 809 729 849 uno
759 798 817 848 et
845 791 1045 848 eodem
1078 790 1135 843 in
1164 789 1393 843 duabus
1427 787 1652 843 naturis
1683 787 2028 843 considerati

2154 784 2440 859 κονομίαν.
2474 785 2627 840 Οὕτω
2656 785 2745 841 καὶ
2776 787 2838 842 τὸ
2864 786 3059 863 ἐχθρὸν
3102 787 3137 857 ἢ
3187 786 3446 860 πείσομεν
3500 786 3539 855 ἢ
3588 787 3790 856 νικήσο-

399 889 656 956 aceepta,
691 886 755 937 ut
790 880 1055 935 Christus
1105 875 1467 949 intelligatur
1510 875 1871 931 nobissimus
1920 890 2028 930 essi

2159 895 2279 947 μεν,
2309 874 2397 929 καὶ
2418 875 2518 943 τήν
2553 874 2709 950 ἁγίαν
2742 878 2959 954 Γραφὴν
2991 877 3284 955 σύμφωνον
3325 874 3685 948 ἐπιδείξομεν,
3713 874 3792 929 καὶ

400 972 725 1029 secundum
772 984 1030 1035 carnem,
1079 973 1333 1020 aeternus
1384 965 1709 1020 secundum
1748 964 2018 1020 deitatem

2151 968 2250 1018 τοῦ
2286 962 2589 1040 μυστηρίου
2618 965 2715 1033 τήν
2746 962 2897 1036 δόξαν
2927 964 3200 1039 ἐνθὲσμως
3229 965 3566 1042 κηρύξομεν,
3588 964 3676 1019 καὶ
3704 963 3789 1032 τήν

396 1062 522 1118 Non
555 1059 767 1117 habere
794 1056 1031 1113 initium
1074 1055 1305 1109 dierum
1360 1052 1688 1125 proprietas
1734 1058 1824 1108 est
1854 1051 2019 1106 Verbi

2154 1051 2492 1127 ἁρμόζουσαν
2527 1051 2907 1132 πληροφορίαν
2941 1053 2993 1109 ἐν
3022 1060 3143 1117 ταῖς
3173 1058 3375 1131 ψυχαῖς
3404 1056 3571 1128 ἡμῶν
3603 1054 3791 1123 θησαυ-

394 1154 596 1206 natum
629 1163 758 1204 esse
788 1147 847 1201 in
871 1144 1079 1200 diebus
1102 1140 1701 1213 Herodis,proprietas
1731 1144 1819 1196 est
1839 1139 2028 1212 primi-

2155 1140 2404 1216 ρίσομεν,
2441 1143 2583 1214 μήτε
2611 1142 2789 1218 χωρὶς
2820 1141 2991 1219 λόγου
3019 1142 3381 1214 πιστεύοντες,
3439 1144 3583 1216 μήτε
3628 1139 3791 1219 χωρὶς

389 1240 608 1295 tiarum
638 1254 652 1305 ;
686 1236 823 1292 Sine
853 1231 1194 1307 genealogis
1223 1246 1370 1298 esse,
1403 1230 1629 1285 ratione
1659 1234 1885 1285 aeternae
1916 1228 2019 1283 Fili

2151 1227 2383 1293 πίστεως
2416 1227 2686 1307 λέγοντες.

387 1344 458 1385 ex
488 1332 656 1383 Patre
711 1324 1032 1380 existentiae
1070 1338 1082 1376 :
1109 1338 1241 1376 nam
1275 1343 1302 1369 «
1336 1319 1772 1392 generationem
1805 1319 1934 1389 ejus
1955 1318 2057 1389 qui
2090 1321 2388 1376 enarrabit
2415 1321 2483 1377 εἳ
2513 1343 2541 1371 ››
2574 1321 2985 1395 Genealogiam
3019 1322 3256 1389 habere,
3290 1322 3523 1378 ratione
3554 1319 3792 1377 carnalis

382 1416 576 1488 ipsius
597 1413 938 1469 nativitatis.
969 1411 1062 1465 Sic
1091 1416 1147 1465 et
1178 1407 1515 1481 unigenitns
1548 1414 1638 1462 est
1669 1407 1991 1462 secundum
2026 1406 2200 1463 Verbi
2232 1409 2631 1465 substantiam
2665 1428 2679 1466 :
2711 1414 2770 1466 et
2802 1412 3232 1485 primogenitae
3262 1412 3597 1468 secundum
3628 1410 3794 1464 incar-

386 1502 644 1560 nationis
673 1500 1077 1558 osconomiam.
1109 1498 1204 1553 Sic
1238 1496 1590 1552 adversariis
1621 1511 1879 1568 quoque,
1909 1499 2012 1550 aut
2033 1495 2104 1551 de
2129 1497 2371 1553 veritate
2404 1499 2918 1569 persuadebimus,
2948 1500 3103 1558 618
3136 1504 3237 1555 aut
3265 1498 3574 1555 victoriam
3608 1513 3786 1569 repor-

380 1592 646 1652 tabimus
678 1606 691 1644 :
725 1589 811 1645 sic
841 1587 1154 1660 Scriptura:
1178 1591 1390 1641 sanctae
1423 1585 1793 1640 concordiam
1826 1585 2203 1639 ostendemus
2237 1600 2249 1638 :
2285 1585 2368 1641 sic
2400 1586 2663 1658 mysterii
2710 1586 2957 1659 gloriam
3002 1587 3262 1660 legitime
3310 1586 3786 1660 praedicabimus:

385 1683 477 1739 sic
513 1684 933 1753 congruentem
970 1676 1103 1731 fidei
1135 1674 1540 1732 certitudinem
1577 1674 1637 1729 in
1670 1671 1982 1728 animabus
2014 1673 2235 1729 nostris
2259 1674 2662 1742 recondemus,
2697 1692 2803 1731 nec
2833 1676 2959 1732 sine
2989 1676 3162 1732 verbo
3218 1677 3661 1743 eredentes,nec
3680 1674 3790 1729 sine

387 1769 503 1828 ﬁde
530 1770 862 1841 loquentes.

1128 1879 1303 1936 XVII.

382 1975 650 2031 Adversus
675 1988 762 2030 eos
791 1973 887 2044 qui
916 1972 1153 2026 duarum
1200 1976 1532 2044 naturarum
1565 1968 1872 2044 discrimen.
1918 1976 2035 2036 post

679 2039 995 2117 passionem
1026 2050 1077 2097 et
1105 2041 1472 2095 ascensionem
1504 2039 1726 2095 tollunt.

454 2152 575 2209 Etsi
610 2168 824 2224 magna
853 2154 910 2206 et
940 2146 1293 2204 immortalis
1319 2146 1582 2201 veritatis
1604 2145 1690 2200 vis
1721 2162 1754 2200 a
1775 2142 2036 2216 complu-

382 2242 548 2300 ribus
595 2258 748 2314 saape
797 2237 1169 2310 multumque
1217 2239 1557 2309 oppugnata
1587 2238 1720 2290 est:
1758 2234 2032 2289 invictam

378 2334 576 2387 tamen
608 2346 737 2387 eam
768 2345 896 2384 esse
942 2326 1069 2399 ipsa
1118 2325 1354 2380 tandem
1408 2340 1500 2378 res
1549 2326 1902 2393 eventusque
1934 2323 2034 2378 do-

383 2423 651 2476 cuerunt.
682 2418 828 2473 Ecce
856 2415 960 2471 tibi
993 2413 1149 2470 enim
1183 2411 1399 2469 multos
1452 2412 1733 2468 adversus
1780 2428 1908 2466 eam
1943 2428 2035 2466 aro

387 2512 598 2579 metes,
631 2507 896 2578 quicum
940 2521 1052 2560 non
1090 2519 1277 2575 pauca
1329 2517 1640 2574 pravorum
1691 2500 2033 2572 dogmatum

388 2597 506 2653 tela
534 2595 896 2663 amisissent,
930 2608 1113 2665 eaque
1143 2588 1348 2647 solidis
1390 2587 1912 2644 demonstrationis
1943 2604 2036 2642 ar-

392 2686 510 2742 mis
538 2684 786 2753 resilire,
816 2688 873 2739 et
903 2681 1102 2737 inania
1148 2679 1589 2749 inefﬁcaciaque
1632 2678 1701 2731 ad
1756 2692 1818 2731 se
1850 2676 2035 2732 redire

390 2774 701 2839 vidissent,
725 2776 1083 2845 postremum
1107 2767 1368 2825 omnium
1393 2765 1681 2839 ejusmodi
1713 2764 2037 2821 emisesunt

392 2863 760 2935 telum,quod
783 2858 1286 2916 manifestioribus
1308 2855 1480 2911 etiam
1508 2853 1868 2925 argumentis
1900 2870 2035 2909 con-

393 2951 501 3007 teri
534 2955 723 3023 potest
751 2954 808 3006 et
836 2948 1142 3013 confringi.
1175 2943 1745 3014 Etiamsi,inquiunt,
1777 2942 1911 3014 quis
1930 2943 2032 2997 de-

392 3040 563 3107 derit,
598 3041 847 3094 duarum
882 3037 939 3091 in
973 3035 1202 3090 Christo
1235 3040 1575 3089 naturarum
1610 3032 1819 3087 factam
1856 3030 2036 3087 fuisse

391 3125 860 3200 conjunctionem
889 3142 903 3181 :
937 3142 972 3182 a
998 3141 1093 3197 pa:
1107 3123 1273 3181 sione
1323 3128 1517 3177 tamen
1549 3126 1606 3176 et
1636 3119 2037 3193 assumptione

390 3217 541 3288 ejus,
570 3231 675 3270 nec
704 3215 851 3269 duas
871 3212 1129 3285 amplius
1156 3226 1678 3284 agnoscemus,nec
1707 3208 2031 3265 secundum

392 3309 661 3360 naturam
706 3302 1023 3359 discrimen
1063 3300 1301 3372 aliquod
1350 3300 1655 3355 credemus
1698 3288 1851 3353 in'ter
1895 3301 2031 3353 Ver-

392 3393 532 3449 bum
584 3396 641 3448 et
692 3406 951 3447 carnem.
1012 3389 1161 3453 Quid
1215 3386 1457 3443 dicitis?
1487 3387 1625 3459 quid
1677 3386 2034 3442 affirmatis?

391 3481 660 3553 nunquid
693 3478 982 3534 evanescit
1011 3482 1351 3532 naturarum
1393 3474 1731 3542 discrimen,
1765 3491 1870 3530 nec
1899 3473 2030 3531 reli-

388 3587 568 3644 quum
603 3572 692 3624 est
725 3567 909 3623 ullum
946 3565 1154 3622 horum
1208 3563 1535 3619 indicium?
1562 3564 1684 3628 Quo
1724 3563 1904 3636 igitur
1934 3580 2032 3619 no-

386 3660 546 3716 mine
575 3656 1005 3731 appellabimus
1034 3655 1086 3709 id
1121 3653 1275 3725 quod
1310 3652 1475 3708 nobis
1505 3657 1595 3708 est
1623 3653 1981 3724 propositum
2002 3651 2030 3708 τ

385 3748 723 3804 Verbumne
753 3744 942 3801 solum
967 3743 995 3798 ?
1028 3744 1238 3815 (Neque
1267 3741 1423 3797 enim
1458 3756 1692 3796 carnem
1743 3740 2026 3806 dixeritis,

388 3838 486 3910 qui
518 3835 739 3893 scilicet
772 3834 876 3890 hoc
907 3833 1034 3906 ipso
1072 3832 1350 3888 honorem
1386 3831 1588 3885 afferre
1634 3829 2028 3900 existimatis.)

387 3927 456 3983 Et
485 3925 586 3999 qui
619 3942 729 3980 non
764 3921 977 3995 injuria
1010 3921 1152 3977 illud
1188 3919 1442 3989 efﬁcitis,
1484 3920 1623 3973 dum
1680 3918 2029 3974 existimatis

386 4014 675 4087 ejusmodi
709 4010 1066 4092 subtantiam
1100 4026 1250 4077 esse,
1285 4014 1350 4064 ut
1381 4007 1496 4064 alia
1528 4008 1581 4061 in
1616 4006 1812 4079 ipsum
1846 4006 2029 4078 possit

385 4110 578 4161 creata
599 4100 932 4158 substantia
954 4098 1201 4155 mutari?
1223 4098 1403 4167 Cujus
1422 4097 1576 4152 enim
1596 4095 1870 4152 inferiora
1890 4101 2031 4151 sunt

332 4248 333 4251 η
384 4180 640 4265 capacia,
671 4189 728 4244 id
766 4188 965 4244 multis
996 4203 1327 4254 commune,
1362 4203 1475 4240 non
1515 4184 1689 4239 unius
1734 4190 1821 4241 est
1853 4201 2029 4255 pecu-

385 4281 550 4337 liare.
581 4278 686 4336 Cui
716 4294 848 4333 vero
881 4276 989 4333 soli
1022 4276 1078 4331 in
1115 4275 1412 4348 proprium
1446 4280 1557 4340 est,
1582 4274 1733 4345 quod
1763 4272 1840 4329 sit
1869 4272 2026 4330 inac-

385 4385 640 4436 cessum,
675 4365 809 4421 huic
835 4364 1130 4438 quomodo
1161 4363 1523 4419 inaccessum
1558 4362 1805 4417 alterum
1834 4362 2030 4431 adjici-

382 4462 480 4515 tur
498 4456 526 4513 ?
554 4456 669 4512 Nec
697 4454 950 4510 Verbum
986 4454 1268 4508 duntaxat
1286 4451 1519 4507 efﬁcitis
1542 4449 2025 4517 contumelia,sed

381 4546 558 4602 etiam
590 4542 781 4599 carnis
812 4540 1154 4614 hypostasin
1179 4539 1443 4595 aufertis.
1494 4538 1675 4609 Cujus
1716 4537 1869 4593 enim
1898 4538 2026 4594 nul-

2070 1882 2118 1947 B

2884 1881 3052 1938 XVII.

2145 1965 2289 2041 Πρὸς
2321 1986 2450 2029 τους
2482 1966 2832 2047 ἀναιρούντας
2864 1969 2963 2047 τῄν
2999 1966 3113 2047 τῶν
3139 1967 3349 2047 ιρύσεων
3370 1964 3633 2047 διαφορὰν
3666 1966 3785 2041 μετά

2543 2037 2809 2125 τξίπάθος
2838 2040 2928 2095 καὶ
2955 2041 3055 2110 τὴν
3088 2037 3385 2115 ἀνάληῴιν.

2217 2141 2410 2212 Πολλῆ
2443 2143 2533 2199 καὶ
2579 2145 2803 2220 ἀγήρως
2848 2153 2948 2216 τῆς
2994 2144 3256 2216 ἀληθείας
3300 2148 3335 2217 ἡ
3370 2143 3625 2220 δύναμις,
3654 2143 3781 2217 παρά

2144 2227 2370 2285 πολλῶν
2403 2233 2497 2305 μὲν
2532 2232 2804 2297 πολλάκις
2835 2232 3252 2309 πολεμουμένη,
3300 2236 3364 2291 τὸ
3410 2233 3472 2291 δὲ
3522 2234 3598 2296 εἷς
3639 2233 3780 2295 τέλος

2144 2317 2413 2390 ἀήττητον
2436 2318 2618 2395 ἔργοις
2650 2321 2834 2385 αὐτοῖς
2870 2319 3308 2393 ἐπιδεικνυμένη.
3358 2320 3507 2379 Ἰδοὺ
3534 2324 3633 2399 γὰρ
3658 2318 3781 2376 πολ-

2145 2403 2236 2461 λοῖ
2286 2405 2394 2463 τῶν
2426 2409 2542 2464 κατ’
2571 2410 2741 2480 αὐτῆς
2771 2409 3164 2483 ὁπλισθέντων,
3194 2410 3384 2467 πολλά
3408 2411 3549 2488 βέλη
3571 2408 3778 2467 κακοδο-

2145 2493 2257 2565 ξίας
2308 2494 2698 2572 ἐκπέμψαντες,
2750 2499 2840 2554 καὶ
2888 2496 3092 2562 εἰδότες
3139 2504 3219 2573 τῷ
3267 2499 3481 2578 στεῤῥῷ
3505 2506 3604 2569 τῆς
3660 2498 3778 2553 ἀποο

2146 2580 2361 2655 δείξεως
2420 2584 2581 2660 ὅπλῳ
2628 2592 2798 2643 ταῦτα
2842 2586 3006 2643 πάλιν
3058 2588 3520 2665 ἀποκρουσθέντα,
3553 2588 3637 2645 καὶ
3668 2588 3779 2642 κενᾶ

2146 2666 2203 2724 δὲ
2232 2672 2320 2727 καὶ
2352 2672 2679 2751 ἀνενέργητα
2714 2677 2842 2751 πρὸς
2872 2676 3072 2740 αὐτοὺς
3127 2678 3563 2754 ὑποστρέψαντα,
3609 2674 3776 2731 τελευ-

2141 2765 2292 2814 ταῖον
2321 2766 2428 2816 τῶν
2462 2760 2648 2818 ἄλλων
2680 2763 2923 2839 ἔπεμψαν
2962 2765 3124 2841 βέλος
3159 2765 3511 2842 σαφεστέροις
3542 2764 3775 2840 ἐλέγχοις

2145 2845 2490 2925 συντριϐῆναι
2540 2848 2852 2926 δυνάμενον.
2915 2853 2977 2908 Εἰ
3036 2855 3124 2910 καί
3178 2876 3261 2917 τις
3309 2852 3465 2926 δοίη,
3515 2855 3661 2933 φησὶ.
3690 2850 3773 2907 δύο

2145 2935 2352 3014 φύσεων
2408 2937 2460 2994 EI
2520 2943 2738 3016 Χριστῷ
2784 2945 3102 3018 γεγενῆσθαι
3153 2941 3402 3016 σύνοδον,
3452 2941 3578 2998 ἀλλ’
3606 2940 3690 2996 οὖν
3717 2961 3770 3015 γε

2147 3031 2283 3098 μετά
2309 3028 2370 3081 τὸ
2401 3027 2571 3092 πάθος
2600 3029 2691 3084 καὶ
2719 3031 2819 3100 τὴν
2870 3030 3138 3106 ἂνάληψιν
3193 3033 3294 3088 οὐκ
3321 3031 3401 3088 ἔτι
3455 3031 3551 3087 δύο
3591 3033 3767 3101 νοήσο·

2147 3135 2267 3188 μεν,
2298 3112 2420 3171 οὔτε
2447 3116 2567 3172 τινά
2593 3115 2852 3196 διαφορὰν
2883 3121 3019 3176 κατὰ
3059 3124 3214 3199 φύσιν
3250 3122 3459 3195 ματαξὺ
3482 3125 3578 3178 τοῦ
3608 3119 3766 3194 Λόγου

2061 3250 2105 3317 C
2141 3201 2232 3307 καὶ
2259 3210 2361 3275 τῆς
2393 3207 2587 3279 σαρκὸς
2632 3206 2987 3281 πιστεύσομεν
3040 3209 3324 3287 ὑπάρχειν.
3380 3211 3444 3266 Τί
3486 3210 3692 3285 λέγετε;
3718 3206 3763 3262 τί

2145 3291 2489 3317 ..-Αμμῇεᾼηε
2522 3315 2527 3317 .
2574 3291 2631 3317 ,Μ
2859 3301 2885 3312 ~
3028 3296 3042 3317 Ι
3280 3298 3293 3315 \
3356 3296 3382 3317 θ
3429 3300 3440 3317 ν
3744 3294 3756 3317 \,

2142 3289 2534 3377 ἀποφαίνεσθει
2567 3291 2777 3371 οἴχεται
2820 3301 2926 3351 τῶν
2976 3296 3184 3377 φύσεων
3241 3298 3304 3354 τὸ
3352 3296 3630 3376 διάφορον,
3681 3294 3758 3351 καὶ

2138 3375 2291 3434 οὐδὲν
2322 3381 2535 3458 φέρεται
2564 3383 2771 3439 τούτων
2815 3375 3136 3462 γνώρισμα;
3185 3387 3245 3441 Τί
3293 3385 3386 3442 οὗν
3446 3375 3760 3461 ὀνομάσομεν

2135 3467 2198 3521 τὸ
2227 3470 2585 3544 προκείμενον
2610 3490 2624 3540 ;
2682 3472 2856 3549 Λόγον
2905 3473 3068 3547 μόνον
3120 3474 3206 3548 (ού
3235 3476 3335 3553 γὰρ
3366 3477 3565 3555 φαίητε
3592 3474 3761 3550 σάρκα,

2139 3555 2190 3610 ἐν
2223 3557 2403 3631 τούτῳ
2433 3565 2595 3634 τιμᾷν
2633 3559 2789 3631 δῆθεν
2821 3562 3086 3637 οἰόμενοι)
3119 3582 3133 3633 ;
3170 3564 3266 3619 Καὶ
3304 3570 3424 3628 πῶς
3476 3565 3581 3641 οὐχ
3627 3557 3760 3637 ὑϐρι-

2141 3649 2256 3713 ζετε
2297 3649 2554 3719 τοιαύτην
2603 3649 2768 3705 αὐτοῦ
2816 3651 2914 3720 τὴν
2964 3650 3147 3707 ούσίαν
3168 3652 3489 3726 νομίζοντες
3521 3653 3667 3721 εἶναι,
3694 3650 3759 3712 ὡς

2139 3729 2357 3789 δυνατὸν
2389 3734 2541 3812 ἑτέρᾳ
2567 3736 2721 3808 οὐσίᾳ
2744 3742 2932 3813 κτιστῇ
2960 3740 3092 3813 πρὸς
3121 3739 3280 3796 αὐτὸν
3316 3749 3636 3815 μεταστῆναι
3658 3759 3671 3808 ;
3697 3738 3758 3793 Τὸ

2138 3822 2242 3897 γὰρ
2273 3829 2388 3886 τοῖς
2417 3820 2606 3892 ἥττοσι
2636 3827 2893 3903 χωρητὸν
2925 3830 3103 3883 κοινὸν
3132 3835 3240 3884 τῶν
3271 3829 3500 3887 πολλῶν
3528 3831 3629 3906 οὐχ
3655 3826 3757 3887 ἑνὸς

2139 3908 2425 3987 ἐξαίρετον.
2457 3910 2534 3971 Οὗ
2566 3913 2624 3969 δὲ
2657 3914 2818 3987 μόνον
2840 3916 2902 3971 τὸ
2927 3916 3217 3994 ἀπρόσιτον
3254 3916 3411 3986 ἴδιον,
3443 3920 3616 3991 τούτῳ
3659 3919 3759 3975 πῶς

2138 4001 2479 4071 προστίθεται
2513 4002 2820 4079 ἀπρόσιτον·
2843 4002 3025 4081 ἕτερον
3052 4025 3065 4073 ;
3100 4006 3197 4061 Καὶ
3221 4008 3284 4062 ού
3308 4007 3475 4081 μόνον
3499 4008 3587 4062 τὸν
3609 4005 3758 4079 Λόγον

2141 4082 2399 4162 ὑϐρίζετε,
2434 4089 2578 4146 ἀλλὰ
2606 4089 2695 4146 καὶ
2742 4099 2843 4162 τῆς
2889 4095 3083 4168 σαρκὸς
3136 4095 3427 4151 ὑπόστασιν
3482 4095 3750 4174 ἀφανίζετε.

2137 4179 2236 4239 Ἦς
2295 4178 2398 4253 γὰρ
2459 4176 2628 4251 μηδὲν
2678 4178 2755 4236 ἔτι
2789 4181 3029 4238 λείπεται
3061 4185 3368 4260 γνώρισμα,
3399 4184 3595 4257 ταύτης
3631 4180 3757 4252 ποίῳ

2135 4265 2323 4343 τρόπῳ
2347 4268 2447 4336 τὴν
2478 4263 2632 4339 δόξαν
2663 4273 3071 4346 κατανοήσομεν
3096 4318 3108 4341 ,
3144 4272 3201 4328 Εἰ
3230 4272 3281 4329 ἐν
3311 4273 3390 4347 τῷ
3422 4275 3550 4329 εἶναι
3580 4269 3755 4348 γνωρί-

2139 4360 2303 4425 ζεται,
2338 4355 2560 4418 εἰκότως
2591 4354 2887 4429 δοξάζεται·
2921 4361 2966 4415 si
2996 4358 3051 4417 δὲ
3085 4363 3163 4434 μὴ
3197 4359 3311 4439 ἔχει
3342 4363 3405 4418 τὸ
3457 4365 3605 4434 εἶναι,
3651 4362 3753 4419 πῶς

2134 4448 2432 4515 καρποῦται
2463 4452 2561 4514 τῆς
2595 4442 2756 4517 δόξης
2784 4449 2848 4503 τὸ
2883 4449 3142 4525 μέγεθος
3188 4451 3311 4505 Ἐὰν
3367 4455 3444 4525 μὴ
3486 4448 3676 4521 δείξῃτε
3699 4447 3752 4501 τὸ

2130 4532 2533 4606 τιμώμενον,ού
2565 4535 2797 4606 μηνύετε
2816 4544 2916 4606 τῆς
2941 4536 3102 4609 δόξης
3122 4541 3182 4594 τὸ
3207 4540 3526 4616 ὑπέρογκον.
3543 4537 3748 4612 Ἀνάγκη

378 4635 501 4691 lum
538 4631 817 4688 indicium
846 4610 1131 4701 reliquum
1166 4628 1460 4699 est,hujus
1491 4626 1734 4699 gloriam
1752 4643 1865 4698 quo
1884 4631 2012 4683 tan-

2139 4620 2303 4675 τοίνυν
2327 4620 2622 4697 ὁμολογεῖν
2644 4622 2951 4701 ἀσύγχυτον
2975 4631 3083 4681 τῶν
3103 4625 3200 4682 δύο
3220 4630 3319 4697 τήν
3337 4610 3748 4697 ’ἑνιυσινρῦτενεῖς

381 4724 514 4779 dem
550 4720 721 4776 modo
755 4716 1213 4790 perspiciemusl‘?
1243 4717 1289 4771 si
1323 4734 1388 4771 eo
1410 4717 1561 4787 quod
1595 4716 2028 4787 exsistit,agno-

379 4811 583 4877 scitur,
631 4806 838 4863 merito
884 4806 1247 4876 glorificatur
1276 4822 1295 4862 :
1327 4805 1374 4860 si
1424 4821 1536 4859 non
1583 4803 1831 4873 exsistit,
1879 4821 2024 4876 quo-

379 4899 553 4956 modo
598 4894 987 4968 amplitudine
1037 4893 1233 4966 gloria-3
1292 4893 1563 4949 fruetur?
1610 4893 1732 4949 Non
1781 4894 2024 4965 potestis

374 4987 572 5061 gloria
602 4985 863 5040 indicare
892 4982 1317 5045 excellentiam,
1358 4982 1471 5038 nisi
1507 4982 1668 5055 prius
1699 4983 2021 5038 ostenderi-

373 5078 452 5133 tis
482 5076 539 5132 id
573 5074 727 5147 quod
763 5072 1103 5129 honoratur.
1136 5072 1535 5129 Conﬁteamur
1580 5071 1760 5145 igitur
1788 5088 2022 5129 necesse

372 5167 462 5219 est
489 5162 859 5218 inconfusam
880 5160 1128 5215 duarum
1152 5165 1496 5214 naturarum
1528 5158 1897 5225 unionem,ut
1914 5176 2021 5216 nec

372 5258 634 5309 mutetur
667 5266 999 5318 assumens,
1050 5265 1155 5303 nec
1203 5258 1574 5318 assumptum
1629 5246 1885 5313 tollatur,
1919 5252 2017 5303 sed

366 5341 587 5414 glorias,
620 5341 692 5395 de
721 5356 840 5394 una
873 5354 1122 5410 persona
1156 5334 1495 5401 praedicatis,
1528 5335 1862 5391 communio
1893 5354 2015 5391 ser-

366 5435 555 5487 vetur.
608 5429 768 5496 Quod
817 5427 864 5483 si
890 5431 1206 5496 utrumque
1251 5423 1452 5492 simul,
1477 5422 1909 5495 quantumlibet
1929 5443 2016 5482 re-

358 5517 623 5574 luctante
652 5520 884 5585 natura,
914 5511 1174 5569 Verbum
1220 5508 1412 5566 solum
1463 5508 1750 5577 dixeritis,
1805 5527 1876 5566 ne
1928 5513 2013 5567 sic

430 5698 452 5735 ⁸
482 5697 592 5755 lea.
627 5710 748 5765 Lm,
778 5694 833 5750 8.

2134 4711 2343 4784 τροπὴν
2362 4715 2456 4765 τοῦ
2475 4705 2892 4784 λαϐόντος,ούτε
2913 4713 2988 4777 εἰς
3010 4715 3308 4792 ἀφανισμὸν
3326 4721 3424 4772 τοῦ
3453 4716 3745 4795 ληφθέντος,

2136 4797 2261 4855 ἀλλ’
2284 4796 2359 4861 εἷς
2381 4799 2663 4855 κοινωνίαν
2688 4798 2850 4872 δόξης
2875 4801 2955 4880 ἐφ’
2990 4803 3107 4865 ἑνὸς
3123 4804 3422 4880 προσώπου
3442 4797 3747 4881 κηρυσσομέ-

2131 4884 2358 4957 νης.Κᾶν
2381 4888 2485 4962 γὰρ
2516 4888 2841 4961 ὑπομείνητε
2872 4890 3046 4966 Λόγον
3080 4892 3244 4964 μόνον
3280 4891 3557 4966 ὀνομάζειν
3584 4890 3641 4945 τὸ
3665 4909 3743 4942 συθ

2130 4974 2491 5052 ναμφότερον,
2506 4976 2681 5031 καίτοι
2703 4983 2802 5047 τῆς
2824 4977 3034 5056 φύσεως
3050 4978 3574 5055 ἀνθισταμένης,ούδ’
3592 4975 3744 5036 οὕτως

2130 5063 2359 5141 κρύψετε
2386 5064 2449 5119 τὸ
2480 5062 2754 5142 διάφορον·
2790 5066 2955 5123 ὁπότε
2978 5069 3040 5124 τὸ
3073 5070 3170 5142 μὲν
3200 5070 3268 5139 ἦν
3289 5070 3381 5125 ἆπι
3409 5070 3600 5147 ἀρχῆς,
3625 5060 3749 5122 τὸδ’

2129 5153 2280 5216 αὖθις
2308 5151 2531 5229 ἐγένετο·
2569 5154 2658 5209 καὶ
2687 5154 2750 5210 τὸ
2784 5155 2879 5227 μὲν
2913 5153 3143 5231 ἀόρατον
3174 5158 3265 5214 καὶ
3304 5160 3645 5239 ἀψηλάφητον
3673 5152 3738 5213 si:

2128 5244 2347 5317 ἄπειρον
2382 5241 2433 5313 ἐξ
2467 5242 2710 5317 ἀπείρου,
2756 5244 2820 5299 τὸ
2870 5242 2929 5301 δὲ
2969 5245 3021 5318 ἐξ
3069 5247 3266 5323 ὁρατοῦ
3311 5249 3403 5304 καὶ
3439 5243 3736 5323 ψηλαφητοῦ

2125 5331 2263 5405 πρὸς
2291 5331 2353 5386 τὸ
2383 5330 2611 5407 ἀόρατον
2637 5331 2727 5387 καὶ
2767 5332 2966 5410 ἀναφὲς
3020 5330 3377 5409 μεταϐέϐηκε·
3424 5336 3510 5393 καί
3546 5335 3606 5391 τὸ
3650 5330 3730 5404 μὲν

2123 5418 2496 5476 ἀναλλοίωτον
2554 5420 2713 5490 ἅπαξ,
2769 5423 2832 5476 τὸ
2901 5419 2960 5477 δὶ
2999 5421 3070 5478 δι’
3125 5423 3480 5490 ἀλλοιώσεως
3521 5423 3601 5480 ἐπὶ
3648 5419 3733 5487 τὴν

2123 5509 2403 5588 κρείττονα
2433 5507 2585 5579 λῆξιν
2617 5507 2908 5581 ἐλήλυθεν.
2943 5512 3095 5584 Εἶτα,
3127 5512 3172 5569 εἰ
3206 5513 3369 5589 μόνον
3394 5512 3558 5594 Λόγος
3572 5511 3628 5568 τὸ
3647 5508 3725 5585 μὲ-
