4086 6214
329 435 484 495 I393

1076 433 1628 498 CONFUTATION
1640 437 1728 498 ES
1777 434 2278 508 QUARUMDAM
2329 435 2990 500 PROPOSITIONUM.

3575 441 3729 502 1394

323 583 441 628 νον,
499 566 617 624 πῶς
675 563 772 617 ούκ
821 563 1034 638 έρῥέθη,
1087 564 1169 620 ὅτι
1225 567 1285 618 Ἢ
1337 565 1461 640 σὰρξ
1511 563 1682 641 Λόγος
1733 565 1956 640 ἐγένετο,

2084 566 2318 636 quidem
2353 566 2664 621 discrimen
2711 568 3078 624 occultabitis
3111 587 3124 626 :
3158 571 3391 642 quando
3419 569 3561 624 illud
3596 571 3727 642 qui-

325 649 452 705 ἀλλ⁹
506 678 531 702 (ι
583 653 640 704 Ὀ
672 648 848 726 Λόγος
900 653 1060 728 adipi;
1099 679 1126 704 »δ
1184 654 1270 714 Τίς
1315 651 1372 708 δὶ
1421 653 1562 708 οῧτω
1598 656 1851 726 μεμηνὼς
1880 654 1968 708 καὶ

325 740 664 819 φρενοπλήξ,
723 745 798 806 ὡς
854 743 1132 817 τολμῆσαι
1191 745 1358 800 εἷπεῖν
1432 747 1530 813 τὴν
1589 745 1730 799 θείαν
1785 745 1968 799 οὐσίαν

319 825 654 904 προσλαϐεῖν
687 829 864 900 ἄλλης
898 831 1152 903 θεότητος
1175 831 1381 901 οὐσίαν,
1423 832 1473 902 ἐξ
1525 832 1704 906 ἐτέρας
1756 832 1966 910 φύσεως

318 917 728 994 ἐπιγενομένην·
774 917 846 973 ’ἔν’
893 917 1112 990 αὔξησιν
1162 921 1538 997 παρασκευάσῃ
1584 927 1819 983 νοεῖσθαι
1879 918 1967 975 διὰ

315 1013 418 1075 τῆς
475 1007 732 1078 τοιαύτης
789 1011 1105 1085 προσθήκης
1159 1014 1255 1064 τοῦ
1305 1009 1439 1064 κατᾶ
1488 1009 1642 1086 φύσιν
1687 1007 1962 1072 ἀνεεθδεοῦς

313 1094 404 1149 καὶ
435 1093 684 1151 τελείους
724 1100 847 1158 Πῶς
881 1094 938 1150 δέ
969 1097 1018 1150 o't
1053 1102 1186 1161 θεῖσι
1210 1095 1363 1172 λόγοι
1392 1097 1479 1151 καὶ
1517 1097 1650 1169 μετά
1677 1098 1775 1164 τὴν
1809 1095 1961 1169 ξένην

315 1179 508 1236 ἄνοδον
542 1181 617 1237 ἔτι
649 1181 981 1258 κηρύσσουσι
1010 1185 1077 1238 τὰ
1114 1191 1214 1253 τῆς
1265 1183 1458 1258 σαρκὸς
1512 1180 1854 1260 διαφέροντα,
1899 1183 1961 1237 τὸ

313 1270 478 1327 πάλιν
515 1270 710 1340 ἐλθεῖν,
759 1273 821 1326 τὸ
863 1274 998 1326 κατὰ
1025 1272 1114 1326 τὸν
1150 1272 1306 1327 αὐτὸν
1343 1271 1670 1350 ὀφθήσεσθαι
1720 1267 1957 1345 τρόπον;

313 1365 384 1414 ’Ή
435 1360 522 1414 καὶ
569 1367 685 1420 τοῖς
736 1360 998 1436 ἀγγέλοις
1049 1360 1257 1416 ἐναντία
1299 1363 1709 1433 νομοθετησετε,
1741 1366 1853 1421 τοῖς
1885 1361 1958 1414 εί-

311 1449 506 1518 ρηκόσι
562 1453 764 1526 σαφῶς·
818 1472 844 1502 ιι
893 1449 1064 1511 Οὗτος
1117 1450 1143 1503 6
1195 1451 1401 1520 Ἰησοῦς
1446 1450 1472 1503 6
1513 1449 1838 1525 ἀναληφθεὶς
1868 1449 1958 1527 ἀφ’

311 1538 466 1608 ὑμῶν
517 1535 686 1598 οὕτως
745 1535 1039 1605 ἐλεύσεται,
1089 1532 1147 1590 ὅν
1192 1537 1390 1611 τρόπον
1467 1536 1750 1600 ἐθεάσασθε
1796 1537 1952 1592 αὐτὸν

306 1624 677 1700 πορευόμενον
709 1625 785 1687 εἷς
815 1627 904 1680 τὸν
937 1625 1161 1700 οὐρανόν
1191 1646 1204 1695 ;
1235 1647 1261 1678 ιι
1317 1625 1494 1679 Πάντα
1542 1625 1678 1700 πρὸς
1723 1621 1954 1703 ἔμφασιν

308 1714 529 1788 σαρκὸς,
561 1719 652 1768 νῦν
685 1714 780 1785 μὲν
813 1711 938 1784 ὧδε,
971 1719 1058 1767 νῦν
1094 1711 1151 1768 δέ
1183 1712 1287 1768 ὧδε
1331 1715 1712 1789 θεωρουμένῳ·
1739 1713 1796 1768 ὅν
1828 1713 1958 1788 πρό-

305 1821 462 1876 τερον
524 1800 822 1871 ἐθεάσασθε,
871 1803 1015 1856 τοῦτ’
1065 1800 1174 1857 ἔστι
1221 1807 1339 1864 τοῖς
1397 1803 1498 1872 τῆς
1532 1803 1724 1878 σαρκὸς
1755 1801 1956 1880 ὀφθαλ-

309 1894 459 1961 μοῖς·
494 1891 628 1964 ἅπερ
649 1891 677 1945 6
713 1891 789 1962 μὴ
823 1887 1124 1965 δεχόμενος
1160 1889 1333 1952 οὕτως
1366 1889 1428 1944 οὐ
1463 1891 1624 1964 μόνον
1655 1896 1772 1952 τοῖς
1800 1890 1957 1967 ἀγγέ-

307 1977 429 2039 λοις
463 1979 716 2054 μάχεται,
768 1977 913 2034 ἀλλὰ
962 1979 1050 2034 καὶ
1080 1985 1195 2041 τοῖς
1224 1983 1320 2034 τοῦ
1352 1979 1503 2054 ἁγίου
1530 1980 1842 2052 Πνεύματος
1871 1980 1949 2034 ἱε-

307 2071 425 2141 ροῖς
499 2065 689 2140 λόγοις
766 2068 1214 2123 ἀντικαθίσταται.
1280 2071 1404 2129 Πῶς
1453 2065 1766 2142 ἐντυγχάνει
1820 2069 1948 2144 ὑπὲρ

295 2157 460 2228 ἡμῶν
495 2157 522 2210 ὁ
553 2156 826 2226 Δεσπότης
859 2156 1124 2232 Χριστός;
1157 2157 1230 2218 ὡς
1257 2155 1423 2232 ¹λόγος
1458 2155 1622 2228 μόνον
1653 2176 1666 2225 ;
1707 2157 1806 2213 Καὶ
1840 2161 1946 2211 ποῦ

291 2244 362 2298 τὰ
415 2251 514 2312 τῆς
570 2245 865 2318 ὁμοτιμίας
919 2247 1007 2300 καὶ
1057 2245 1203 2315 ἀξίας
1251 2251 1351 2315 τῆς
1399 2246 1535 2320 πρὸς
1565 2245 1655 2299 τὸν
1711 2246 1944 2320 Πατέρα,

294 2329 448 2405 εἷ’περ
480 2333 816 2410 ἐντυγχάνων
870 2334 1104 2406 καθάπερ
1140 2332 1544 2409 ὑποδεέστερος,
1576 2333 1666 2388 καὶ
1714 2333 1775 2386 ού
1811 2334 1945 2406 μετᾶ

293 2421 574 2485 αὖθεντίας
632 2422 856 2498 ἐνεργεῖ,
910 2421 1028 2478 ἶσον
1080 2421 1223 2498 ἔχων
1255 2423 1318 2476 τὸ
1358 2419 1810 2495 παντοδύναμον;
1869 2424 1940 2478 ’Ἡ

289 2507 554 2580 δηλονότι
583 2519 682 2581 τῆς
716 2511 970 2587 ἀπαρχῆς
1003 2512 1065 2566 τὸ
1089 2512 1433 2586 ἐντυγχάνειν
1461 2511 1592 2586 ὑπὲρ
1615 2514 1709 2564 τοῦ
1733 2510 1941 2565 οἰκείου

290 2599 633 2677 φυράματος,
659 2599 751 2656 ’ίνα
783 2598 946 2674 δείξῃ,
979 2601 1120 2668 πόση
1170 2601 1294 2676 περῖ
1325 2600 1423 2668 τήν
1454 2606 1554 2669 τῆς
1599 2599 1796 2674 σαρκὸς
1839 2599 1938 2677 φ’δ’

289 2709 375 2743 σιν
428 2691 461 2759 ἡ
523 2691 731 2765 σχέσις.
778 2689 912 2746 Τίνα
979 2687 1036 2744 δὲ
1083 2688 1183 2743 οὐκ
1228 2687 1466 2763 ἐντρέπει
1515 2692 1611 2742 τοῦ
1661 2687 1938 2765 πανσόφου

291 2776 515 2833 Παύλου
558 2778 620 2832 τὸ
659 2778 982 2853 τρανότατον
1027 2780 1306 2853 κήρυγμα,
1353 2775 1435 2831 ὅτι
1479 2799 1500 2829 ε
1533 2775 1669 2838 Τοὺς
1700 2776 1933 2852 χρόνους

285 2873 390 2936 τῆς
444 2866 658 2943 ἀγνοίας
707 2864 974 2943 ὕπεριδὼν
1009 2868 1036 2922 ὁ
1067 2867 1214 2932 Θεὸς,
1247 2863 1610 2942 παραγγέλλει
1643 2870 1768 2918 πᾶσι
1801 2887 1934 2920 παν-

282 2961 464 3032 ταχοῦ
500 2962 798 3029 μετανοεῖν,
831 2956 1016 3011 καθότι
1050 2955 1266 3026 ἔστησεν
1291 2953 1520 3028 ἡμέραν,
1573 2953 1624 3009 ἐν
1656 2953 1690 3028 ᾖ
1742 2954 1930 3027 μέλλει

283 3045 491 3120 κρίνειν
538 3047 636 3114 τήν
679 3045 1030 3118 οἰκουμένην,
1081 3044 1132 3099 ἐν
1193 3041 1524 3117 δικαιοσύνῃ,
1576 3042 1625 3096 ἐν
1660 3039 1834 3116 ἀνδρὶ,
1886 3044 1931 3115 ᾧ

283 3131 472 3207 ὥρισε,
520 3133 694 3189 πίστιν
746 3135 1041 3210 παρασχὼν
1090 3139 1271 3204 πᾶσιν,
1323 3131 1620 3202 ἀναστήσας
1668 3131 1826 3185 αὐτὸν
1874 3130 1932 3186 ἐκ

280 3226 490 3298 νεκρῶν
517 3243 530 3292 ;
569 3249 588 3272 n
627 3224 720 3291 Μὴ
754 3221 1016 3298 ἀνῄρηται
1040 3223 1074 3292 ἠ
1107 3219 1373 3300 διαφορά;
1408 3222 1501 3289 Μὴ
1535 3221 1634 3275 οὐκ
1656 3220 1770 3275 εἶπε
1799 3220 1925 3275 Θεὸν

2082 655 2214 708 dem
2247 663 2370 709 erat
2400 656 2473 708 ab
2501 655 2690 718 initio,
2717 656 2822 710 hoc
2854 658 3061 712 deinde
3095 660 3304 713 factum
3338 664 3425 713 est
3460 677 3472 714 :
3505 666 3561 715 et
3583 659 3723 714 illud

2082 745 2318 813 quidem
2342 744 2632 798 invisibile
2659 750 2716 800 et
2748 747 3054 812 intactum,
3075 747 3132 801 in
3163 747 3459 802 inﬁnitum
3490 765 3560 802 ex
3589 749 3725 802 inti-

2082 832 2223 901 nito,
2257 831 2364 886 hoc
2396 849 2528 887 vero
2579 850 2645 887 ex
2675 834 2892 888 visibili
2924 840 2980 889 et
3025 836 3450 906 contrectabili,
3487 837 3542 892 in
3573 837 3724 891 invi-

2079 919 2250 975 sibile
2269 926 2325 974 et
2347 920 2602 975 intactile
2623 921 2873 976 transiit.
2907 922 3166 994 Denique
3196 923 3341 979 illud
3366 941 3603 996 prorsus
3635 930 3726 980 est

2079 1008 2470 1077 immutabile,
2493 1009 2601 1064 hoc
2633 1026 2734 1080 per
2764 1012 3146 1066 mutationem
3175 1013 3246 1067 ad
3281 1012 3576 1068 meliorem
3609 1019 3724 1069 sta-

2076 1103 2202 1151 tum
2234 1097 2410 1151 venit.
2444 1097 2655 1152 Deinde
2687 1099 2734 1152 si
2777 1099 2966 1154 solum
3000 1099 3252 1155 Verbum
3302 1107 3586 1173 remanet,
3619 1119 3722 1157 cur

2076 1202 2190 1240 non
2242 1185 2456 1240 dicitur
2487 1202 2499 1239 :
2536 1185 2679 1242 Caro
2729 1187 2985 1242 Verbum
3037 1189 3186 1243 facta
3233 1194 3345 1254 est,
3392 1191 3490 1245 sed
3525 1214 3552 1240 «
3588 1191 3720 1245 Ver-

2073 1274 2212 1328 bum
2245 1291 2378 1328 caro
2409 1275 2627 1329 factum
2661 1281 2750 1330 est
2779 1277 2847 1330 6?
2882 1298 2908 1324 ››
2940 1277 3080 1340 Quis
3109 1277 3265 1332 enim
3294 1283 3410 1332 tam
3446 1279 3714 1347 insanus,

2070 1366 2190 1416 tam
2221 1379 2423 1417 amens
2471 1369 2578 1432 est,
2615 1363 2710 1434 qui
2743 1381 3002 1420 asserere
3054 1366 3285 1434 audeat,
3319 1366 3712 1422 substantiam

2072 1450 2352 1521 divinam,
2384 1450 2535 1506 alius
2580 1452 2810 1507 deitatis
2858 1454 3266 1523 substantiam,
3299 1471 3366 1510 ex
3399 1454 3581 1510 altera
3612 1473 3712 1510 na-

2070 1544 2200 1594 tura
2247 1544 2614 1611 prognatam,
2665 1542 3085 1612 assumpsisse;
3118 1547 3182 1597 ut
3224 1561 3324 1613 per
3373 1544 3709 1614 bujusmodi

2069 1627 2538 1683 additamentum
2591 1629 2872 1685 indicaret
2902 1631 3219 1687 accessisse
3259 1632 3478 1704 aliquid
3513 1633 3563 1687 ei
3612 1634 3706 1702 qui

2069 1721 2276 1772 natura
2307 1734 2416 1772 sua
2447 1717 2670 1773 nullius
2699 1718 2972 1805 indigens
2999 1725 3105 1787 est,
3141 1724 3198 1775 et
3227 1721 3566 1792 perfectus?
3596 1723 3710 1778 Cur

2069 1821 2200 1859 vero
2234 1805 2438 1861 litterae
2487 1822 2664 1862 sacrae
2713 1808 2887 1862 etiam
2941 1812 3071 1878 post
3119 1810 3472 1880 stupendum
3505 1827 3706 1866 ascen-

2066 1893 2312 1960 sionem,
2363 1894 2558 1949 carnis
2583 1911 2617 1949 a
2647 1894 2834 1950 Verbo
2885 1895 3322 1951 distinctionem
3355 1898 3704 1968 praedicant;

2063 1981 2262 2052 qualia
2293 1987 2449 2048 sunt,
2484 1999 2718 2038 rursum
2753 1983 3262 2051 rediturum,item
3293 1983 3481 2040 visum
3513 1985 3583 2041 iri
3613 2003 3708 2043 eo-

2061 2071 2190 2125 dem
2226 2087 2341 2139 quo
2373 2074 2542 2125 antea
2574 2071 2766 2127 modo.
2798 2077 2882 2127 An
2913 2089 3013 2126 vos
3044 2072 3335 2128 contraria
3363 2074 3704 2146 angelorum

2060 2158 2230 2213 dictis
2279 2158 2606 2214 sancietis?
2637 2159 2734 2230 qui
2785 2164 2982 2231 aperte
3031 2160 3225 2216 dixere
3258 2202 3270 2215 .
3319 2183 3346 2211 ‹‹
3382 2162 3482 2217 Hic
3526 2163 3704 2220 Jesus

2059 2247 2156 2316 qui
2204 2252 2548 2317 assumptus
2603 2253 2692 2302 est
2721 2264 2754 2301 a
2785 2247 2948 2302 vobis
2998 2247 3056 2302 in
3107 2247 3341 2315 coelum,
3373 2251 3458 2306 sic
3489 2252 3698 2316 veniet,

2055 2335 2553 2404 quemadmodum
2584 2335 2812 2390 vidistis
2843 2353 2975 2391 eum
3008 2342 3242 2391 euntem
3274 2338 3333 2392 in
3365 2338 3575 2394 caelum
3606 2342 3647 2395 ⁷.
3671 2364 3700 2391 υ

2055 2421 2260 2478 Omnia
2296 2424 2378 2500 ad
2430 2423 2878 2495 signiﬁcandam
2927 2440 3159 2480 carnem
3211 2427 3338 2496 ejus
3387 2427 3487 2499 qui
3543 2445 3698 2484 nunc

2052 2512 2290 2581 quidem
2322 2511 2436 2576 hic,
2471 2528 2626 2566 nunc
2670 2528 2803 2567 vero
2835 2511 2927 2567 hic
2959 2512 3120 2569 visus
3157 2519 3246 2569 est
3279 2530 3290 2569 :
3325 2532 3500 2586 quem
3535 2516 3695 2587 prius

2050 2601 2301 2670 vidistis,
2335 2600 2526 2656 carnis
2573 2601 2840 2655 videlicet
2869 2600 3072 2656 oculis.
3107 2603 3240 2667 Quae
3272 2604 3370 2674 qui
3415 2603 3524 2660 hoc
3554 2621 3694 2660 sen-

2047 2705 2113 2744 su
2150 2707 2264 2745 non
2314 2689 2540 2762 accipit,
2575 2689 2625 2745 is
2655 2706 2771 2745 non
2820 2689 3044 2762 angelis
3073 2690 3264 2745 solum
3315 2692 3690 2762 adversatur,

2045 2779 2146 2833 sed
2179 2779 2360 2834 sacris
2407 2778 2579 2835 etiam
2611 2778 2877 2850 LSpiritus
2925 2779 3110 2834 sancti
3141 2780 3331 2835 verbis
3380 2788 3687 2853 repugnat.

2045 2869 2342 2933 Quomodo
2374 2868 2665 2940 supplicat
2694 2869 2848 2925 514
2879 2885 2982 2939 pro
3015 2868 3180 2924 nobis
3213 2869 3498 2926 Dominus
3525 2871 3686 2926 Chri-

2041 2957 2215 3012 stus?
2247 2957 2509 3027 nunquid
2547 2963 2610 3011 ut
2643 2957 2895 3012 Verbum
2932 2962 3155 3012 tantum
3183 2957 3210 3012 ‘I
3240 2957 3347 3013 Ubi
3377 2958 3557 3030 igitur
3579 2977 3685 3032 par

2040 3049 2168 3116 ejus
2199 3063 2330 3101 cum
2383 3046 2547 3101 Patre
2597 3045 2780 3101 honor
2828 3051 2884 3100 et
2932 3048 3210 3117 majestas
3240 3067 3254 3115 ς
3285 3047 3580 3116 siquidem
3633 3049 3684 3105 is

2039 3134 2332 3206 supplicat
2364 3138 2425 3188 ut
2471 3133 2844 3205 indigentior,
2879 3151 2993 3188 non
3026 3138 3088 3190 ut
3134 3135 3419 3207 aequalem
3459 3135 3685 3193 habens

2042 3222 2548 3295 omnipotentiam,
2581 3239 2712 3277 cum
2766 3223 3112 3278 auctoritate
3159 3224 3686 3294 operatur?Nimi-

285 3311 341 3368 ἐν
391 3309 585 3387 ἀνδρί;
641 3314 714 3384 μή
763 3311 860 3366 οὐκ
908 3309 1071 3380 ἔδειξε
1118 3299 1216 3364 τὸν
1243 3309 1519 3386 ἐγείροντα
1569 3309 1694 3365 Θεὸν
1727 3309 1815 3364 καὶ
1844 3310 1935 3364 τὸν

2057 3329 2176 3366 rum
2209 3312 2294 3366 sic
2325 3312 2431 3366 hoc
2463 3311 2865 3382 accipiendum
2896 3312 3300 3383 est,primitias
3333 3312 3690 3370 intercedere

286 3401 585 3455 ἀναστάντα
612 3399 815 3474 ἅνδρα;
850 3399 1007 3456 Ἀλλ’
1061 3399 1106 3454 εἰ
1138 3402 1227 3454 καὶ
1258 3399 1319 3453 τὸ
1349 3397 1606 3476 διάφορον
1650 3395 1834 3468 ἔδειξε,
1873 3399 1935 3452 τὸ

284 3490 597 3566 ἀχώριστον
631 3489 692 3545 ού
741 3488 1061 3564 παρέλιπεν.
1114 3488 1186 3542 Οὐ
1235 3489 1337 3564 γὰρ
1371 3487 1486 3543 εἶπε
1516 3488 1644 3543 Θεὸν
1681 3487 1815 3561 μετᾶ
1844 3488 1935 3542 ἀν-

284 3575 432 3651 δρὸς,
467 3576 612 3634 ἀλλά
669 3579 796 3634 Θεὸν
856 3579 908 3632 ἒν
957 3575 1128 3651 ἀνδρί.
1183 3581 1304 3639 Πῶς
1340 3574 1398 3631 δὲ
1444 3578 1712 3650 νοήσομεν
1755 3576 1936 3631 καὶτὸ

283 3692 312 3718 ιι
351 3670 614 3724 ’Όώονται
640 3667 714 3729 εἰς
763 3666 820 3722 ὅν
875 3665 1240 3736 ἐξεκέντησαν,
1273 3689 1301 3716 ››
1336 3665 1384 3719 εἷ’
1414 3666 1488 3739 μὴ
1521 3671 1621 3733 τῆς
1654 3665 1850 3740 σαρκὸς
1898 3667 1933 3735 ἡ

284 3757 469 3833 φύσις,
493 3759 528 3825 ἡ
561 3754 822 3829 δεξαμένη
859 3755 982 3818 τοὺς
1015 3753 1208 3824 ἥλους,
1259 3754 1394 3823 αύτή
1446 3758 1627 3832 σαφῶς
1681 3751 1938 3829 ἀποδείξῃ

281 3845 414 3907 τοὺς
465 3845 702 3913 τύπους;
759 3845 831 3899 Ού
871 3847 970 3920 γὰρ
1003 3844 1259 3913 θεότητος
1293 3843 1448 3898 οὐσία
1495 3846 1530 3913 ἡ
1565 3839 1792 3916 ἀόρατος
1847 3843 1936 3898 καὶ

285 3934 565 4012 ἀνεπαφὴς
589 3933 722 4009 ’ίχνη
756 3931 979 3988 πολλῶν
1014 3932 1090 3995 εἷς
1124 3932 1352 4008 ἔλεγχον
1389 3932 1727 4010 ἐπιφέρεσθαι
1759 3929 1934 4004 ἤμελ-

288 4023 399 4078 λεν·
435 4023 560 4078 ἀλλ’
656 4022 714 4077 ἐκ
742 4027 838 4078 τοῦ
867 4024 1114 4093 παθητοῦ
1144 4021 1331 4098 γένους
1385 4020 1654 4098 ληφθεῖσα
1682 4021 1780 4089 τήν
1830 4025 1937 4074 τῶν

284 4107 638 4181 ἠσεϐηκότων
668 4109 869 4187 ἐλέγξει
890 4109 1250 4186 παρανομίαν.
1284 4109 1567 4185 γνωρίζειν
1600 4110 1935 4181 συνωθουμέ-

281 4223 393 4254 νων
425 4200 477 4255 έν
508 4207 574 4270 τῆ
604 4200 869 4275 τρωθείσῃ
900 4198 1053 4275 σαρκὶ
1085 4199 1150 4252 τὰ
1183 4197 1357 4252 οῗκεῖα
1385 4196 1742 4270 τολμήματα.
1778 4195 1935 4253 Οὕτω

286 4287 551 4344 δέδεικται
582 4291 670 4344 καὶ
699 4291 765 4344 τὰ
799 4286 1070 4362 ἰδιώματα
1098 4291 1205 4342 τῶν
1241 4285 1451 4364 φύσεων
1479 4283 1818 4363 διαφέροντα,
1845 4287 1935 4341 καὶ

282 4379 348 4433 τὸ
378 4376 570 4454 κέρδος
620 4385 717 4448 τῆς
769 4377 1226 4452 ἐνανθρωπήσεως
1284 4373 1688 4451 ἀναντίρῥητον,
1741 4374 1830 4428 καὶ
1873 4376 1934 4428 τὸ

286 4466 630 4542 ἐπιχείρημα
683 4471 788 4520 τῶν
846 4463 1238 4540 ἀντιλεγόντων
1301 4464 1682 4538 ἀναίσχυντον,
1742 4464 1829 4518 καὶ
1874 4463 1935 4517 τὸ

286 4553 510 4609 δννατὸν
535 4562 634 4624 τῆς
667 4554 924 4626 ἀληθείας
958 4554 1408 4628 ἀκαταμάχητον.

2045 3419 2149 3474 pro
2181 3417 2378 3455 massa
2424 3400 2678 3472 propria,
2711 3408 2772 3454 ut
2803 3400 3116 3455 ostendant
3165 3406 3386 3472 quanta
3417 3405 3688 3457 naturam

2047 3490 2240 3545 carnis
2275 3489 2707 3545 necessitudine
2736 3489 3233 3561 attingant.0uem
3266 3507 3400 3546 vero
3433 3508 3548 3546 non
3582 3508 3688 3562 pu-

2045 3579 2184 3635 dore
2233 3577 2536 3634 suifundat
2585 3576 2684 3632 illa
2731 3577 3155 3650 sapientissimi
3215 3578 3376 3634 Pauli
3437 3579 3690 3635 maxime

2047 3667 2354 3741 perspicua
2384 3667 2716 3738 przedicatio
2738 3667 2934 3738 ?quod
2971 3691 2996 3715 (ι
3029 3670 3294 3739 tempora
3323 3666 3502 3737 hujus
3523 3666 3688 3739 igno-

2044 3757 2247 3813 rantiae
2280 3756 2608 3828 despiciens
2643 3757 2973 3823 Deus,nunc
3006 3755 3319 3811 annuntiat
3347 3755 3688 3811 hominibus

2047 3850 2109 3902 ut
2140 3862 2342 3901 omnes
2373 3844 2588 3916 ubique
2623 3843 3021 3916 pmnitentiam
3057 3848 3254 3916 agant,
3287 3860 3352 3899 eo
3383 3845 3535 3914 quod
3568 3849 3689 3901 sta-

2046 3935 2160 3990 tuit
2182 3933 2424 4003 diem,in
2447 3950 2562 4004 quo
2587 3933 2954 4000 iudicaturus
2977 3937 3065 3988 est
3088 3933 3288 3988 orbem
3311 3932 3370 3986 in
3393 3933 3688 4004 aequitate,

2047 4023 2104 4077 in
2137 4022 2255 4076 viro
2303 4022 2363 4075 in
2408 4039 2524 4093 quo
2572 4020 2798 4091 statuit,
2849 4021 3024 4076 fidem
3083 4021 3343 4090 praebens
3391 4020 3692 4094 omnibus,

2045 4109 2340 4165 suscitans
2371 4126 2502 4165 eum
2539 4126 2570 4164 a
2603 4108 2849 4164 mortuis
2879 4109 2920 4163 ⁸.
2957 4131 2985 4157 ››
3019 4108 3292 4180 Nunquid
3342 4108 3572 4166 sublata
3604 4115 3695 4167 est

2046 4198 2417 4254 differentia?
2445 4201 2652 4253 Annon
2704 4197 2870 4263 dixit,
2923 4198 3100 4253 Deum
3152 4197 3209 4252 in
3262 4197 3433 4253 viro?
3481 4204 3691 4255 Annon

2045 4288 2299 4343 ostendit
2329 4287 2714 4343 suscitantem
2734 4287 2918 4342 Deum
2951 4291 3008 4342 et
3039 4293 3437 4358 resurgentem
3463 4287 3692 4344 virum?

2047 4393 2385 4449 quanquam
2417 4381 2612 4432 autem
2645 4375 3000 4432 ostendisset
3029 4376 3694 4449 diﬂ‘erentiam,insepa-

2047 4465 2400 4521 rabilitatcm
2435 4471 2627 4520 tamen
2653 4483 2767 4521 non
2803 4464 3098 4536 praeteriit.
3131 4465 3330 4536 Neque
3352 4465 3506 4520 enim
3527 4465 3694 4532 dixit,

2046 4555 2227 4610 Deum
2263 4571 2396 4610 cum
2431 4554 2572 4624 viro,
2603 4555 2702 4610 sed
2735 4555 2913 4610 Deum
2946 4553 3003 4608 in
3036 4554 3158 4608 viro
3190 4556 3211 4576 '
3235 4571 3470 4610 rursum
3507 4559 3563 4610 et
3595 4571 3697 4627 per

285 4647 499 4701 virum.
536 4647 834 4712 Quomodo
884 4645 1280 4716 intelligemus
1311 4647 1368 4698 et
1409 4642 1565 4698 hoc?
1600 4665 1626 4691 ‹‹
1658 4642 1956 4710 videbunt,
1990 4644 2047 4699 in
2097 4661 2268 4716 quem
2324 4645 2743 4699 transﬁxerunt
2772 4645 2814 4714 ο,
2846 4665 2873 4694 ››
2910 4643 3020 4698 nisi
3056 4643 3183 4714 ipsa
3236 4647 3447 4698 natura
3477 4642 3694 4700 carnis:

285 4753 420 4807 qua:
469 4735 660 4806 clavos
710 4735 911 4804 sensit,
945 4734 1187 4806 vestigia
1240 4750 1440 4789 eorum
1495 4733 1648 4788 clare
1697 4734 1772 4788 sit
1822 4733 2197 4790 indicatura?
2228 4735 2350 4789 Non
2402 4733 2556 4788 enim
2588 4733 2821 4788 deitatis
2871 4738 3101 4802 natura,
3136 4735 3201 4787 ut
3234 4732 3402 4787 multi
3453 4732 3692 4788 convin-

283 4831 514 4893 cantur,
547 4824 791 4895 vestigia
837 4823 1130 4878 clavorum
1179 4821 1593 4877 circuntlatura
1624 4826 1732 4889 est,
1764 4837 1898 4878 cum
1949 4822 2260 4878 invisibilis
2307 4828 2364 4877 et
2414 4821 2695 4877 iutactilis
2747 4822 2869 4877 sit:
2904 4821 3002 4876 sed
3045 4837 3172 4892 quae
3222 4838 3292 4876 ex
3321 4837 3531 4894 genere
3581 4839 3693 4893 pa-

283 4916 438 4970 tibili
491 4921 799 4985 assumpta
849 4919 940 4968 est
1002 4916 1229 4977 natura,
1263 4910 1363 4966 illa
1408 4909 1722 4983 impiorum
1775 4911 2300 4984 transgressionem
2352 4912 2678 4983 redarguet,
2732 4910 2830 4982 qui
2881 4927 3049 4965 suam
3101 4908 3404 4966 audaciam
3456 4909 3516 4965 in
3564 4909 3694 4965 vul-

283 5011 488 5060 nerata
545 5020 718 5058 carne
777 5001 1100 5073 prodidere.
1133 5001 1226 5056 Sic
1284 5000 1464 5072 igitur
1521 5005 1577 5055 et
1632 5001 1942 5057 distinctas
1999 5006 2339 5057 naturarum
2405 5001 2806 5072 preprietates,
2865 5003 2922 5054 et
2981 4997 3398 5055 incarnationis
3453 4999 3697 5055 minime

282 5093 498 5148 dubios
555 5093 817 5158 fructus,
877 5097 935 5146 et
993 5090 1363 5162 impudentes
1423 5089 1891 5146 adversariorum
1967 5097 2255 5159 conatus,
2315 5096 2373 5147 et
2441 5088 2950 5162 inexpugnabilem
3008 5087 3272 5145 veritatis
3327 5088 3444 5144 vim
3501 5092 3697 5144 osten-

282 5184 510 5238 dimus.

854 5344 872 5375 ⁷
907 5345 1028 5396 Act.
1064 5358 1118 5409 x,
1156 5340 1240 5392 11.
1317 5339 1338 5371 ⁸
1367 5339 1490 5393 Act.
1524 5355 1662 5410 xvu,
1695 5339 1784 5405 30,
1817 5341 1905 5394 31.
1984 5341 2005 5374 ⁹
2031 5340 2201 5395 Joan.
2235 5358 2350 5406 x1x,
2381 5342 2470 5395 37.

353 5346 374 5380 ⁸
406 5343 577 5398 Joan.
615 5361 653 5413 ι,
693 5343 774 5396 Ut.
