4086 6214
386 342 540 402 1395

1556 343 1621 403 S.
1668 342 2195 403 ATHANASIUS.
2218 373 2297 386 —
2320 343 2462 404 SPU
2477 344 2629 402 [ΠΛ.

3644 346 3784 404 I396

1092 604 1164 658 1N
1204 603 1605 668 SEQUENTIA
1643 603 2009 659 OPUSCULA
2049 603 2138 658 ET
2181 603 2621 659 FRAGMENTA
2660 604 3080 659 ADMONITIO.

457 727 583 794 Quae
612 732 921 796 sequuntur
965 742 1038 781 ex
1088 728 1380 781 Vaticanis
1420 726 1693 781 codicibus
1741 728 1911 781 Roma
1941 744 1973 780 τι
2002 726 2283 798 fratribus
2327 728 2531 780 nostris
2573 728 2893 780 transmissa
2940 727 3097 780 nobis
3143 731 3290 794 sunt,
3340 727 3691 782 exscribentc
3735 728 3793 781 D-

384 817 590 871 Joanne
616 816 841 879 Guillot,
870 816 966 886 qui
994 817 1180 870 omnia
1213 816 1401 869 islha’c
1444 824 1701 870 ac'curalc
1742 815 1981 884 collegit,
2010 829 2217 883 suaque
2262 830 2439 869 manu
2469 816 2769 881 exarauit;
2799 813 2982 884 νοθείᾳ
3009 830 3170 885 porro
3219 814 3475 870 laborare
3507 831 3668 870 nemo
3692 833 3792 870 non

386 905 544 974 videt,
576 921 677 959 nec
700 914 777 961 est
804 922 870 959 eo
902 908 961 960 in
994 921 1053 959 re
1078 905 1359 973 probanda
1390 905 1769 960 insistendum.
1804 905 2081 959 Prodeunt
2112 912 2294 958 autem
2338 921 2412 958 ex
2438 904 2553 958 cod.
2586 921 2688 959 ms.
2726 904 2896 962 Graec.
2930 904 3268 959 bibliothecae
3304 904 3585 959 Vaticana?
3612 907 3672 958 in
3700 905 3790 976 fol.

386 1010 539 1048 num.
573 995 698 1060 850,
731 992 975 1064 eleganti
1003 996 1139 1049 satis
1170 997 1223 1048 et
1252 994 1509 1062 diligenti
1536 1010 1708 1047 manu
1736 1002 1971 1048 exarata
2003 995 2061 1048 in
2088 994 2285 1047 charta
2312 1009 2623 1063 papyracea
2649 1013 2668 1047 :
2701 995 2797 1064 qui
2824 1008 2938 1048 non
2967 992 3177 1049 excedit
3204 1008 3378 1048 annos
3406 993 3538 1047 200.

1558 1271 1682 1319 ΤΟΥ
1720 1268 1807 1322 EN
1849 1270 2076 1321 ΑΓΙΟΙΣ
2119 1266 2388 1321 ΠΑΤΡΟΣ
2430 1271 2621 1320 ΗΜΩΝ

1725 1416 2457 1512 ΑΘΑΝΑΣΠΠΤ

922 1579 1070 1656 Πρός
1099 1601 1218 1635 τινα
1248 1580 1554 1651 πολιτικὸν,
1590 1580 1865 1655 σύνταγμα
1894 1580 2030 1634 πάνυ
2055 1578 2508 1658 ὠφελιμώτατον,
2540 1579 2627 1634 καὶ
2661 1578 2808 1635 πολὺ
2840 1576 3218 1656 ὠφελέστατον

1418 1758 2654 1924 ’8.Ρ.Ν.ΑΤΗΑΝΑ8Π

1350 2009 1429 2063 Ad
1456 2007 1748 2080 quemdam
1779 2007 2081 2064 Politicum
2108 2012 2411 2080 syntagma
2441 2009 2818 2064 utilissimum.

459 2251 508 2305 1.
543 2250 1049 2319 Quandoquidem,
1090 2249 1392 2321 ingeniose
1440 2250 1636 2321 homo,
1690 2266 2032 2320 summeque

2220 2251 2269 2303 1.
2304 2245 2525 2317 Ἐπειδή
2575 2268 2657 2301 σοι
2688 2252 2768 2319 τῷ
2798 2244 3083 2323 περιδεξίῳ
3112 2248 3202 2302 καὶ
3237 2242 3673 2322 μεγαλεπιϐόλῳ
3698 2252 3788 2313 τῆς

388 2338 744 2394 naturalium
770 2354 963 2392 rerum
992 2336 1338 2409 explorator,
1374 2338 1660 2409 acquisita
1701 2338 1911 2393 bellicae
1944 2356 2032 2392 ar-

386 2428 465 2483 tis
497 2426 849 2499 cognitione,
883 2431 1269 2498 susceptaque
1314 2427 1679 2498 politicarum
1714 2445 1905 2482 rerum
1940 2444 2032 2482 ac-

388 2521 590 2571 curata
620 2514 848 2582 notitia,
881 2516 1250 2570 sacerdotum
1305 2521 1501 2570 tamen
1533 2515 1763 2588 eloquia
1797 2515 2035 2571 minime

387 2604 639 2677 negligis
668 2604 753 2658 vel
790 2604 1060 2677 respuis;
1092 2605 1210 2660 imo
1243 2609 1403 2659 tanto
1434 2605 1505 2659 iis
1538 2605 1730 2661 studio
1761 2607 1865 2660 das
1900 2622 2033 2677 epe-

392 2710 539 2759 ram,
575 2697 637 2747 ut
669 2692 1032 2765 plerumque,
1054 2694 1193 2748 dum
1221 2693 1444 2766 corpori
1480 2694 1754 2749 alimenta
1788 2695 2031 2765 praebes.

388 2783 644 2839 animam
690 2800 720 2837 a
753 2782 883 2836 cibo
934 2781 1260 2837 litterarum
1297 2783 1539 2837 minime
1590 2781 1899 2849 cohibens;
1932 2783 2031 2837 sed

388 2889 540 2936 eam,
573 2888 677 2927 ceu
711 2872 963 2943 quodam
996 2872 1193 2927 divino
1225 2872 1616 2939 sale,Patrum
1650 2873 1959 2927 sententiis
1980 2877 2036 2927 et

389 2960 699 3032 colloquiis
731 2961 788 3014 in
840 2961 967 3032 ipsa
1016 2978 1220 3017 mensa
1270 2961 1548 3017 admissis
1599 2962 1827 3025 foveas;
1866 2960 2035 3029 illud,

390 3049 651 3121 inquam,
686 3049 744 3103 in
797 3065 969 3103 causa
1008 3050 1149 3104 mihi
1208 3050 1335 3119 fuit,
1365 3054 1429 3104 ut
1462 3066 1664 3121 pauca,
1696 3050 1791 3105 sed
1845 3050 2034 3105 utilis-

393 3137 567 3201 sima,
600 3137 657 3190 in
708 3137 1117 3207 compendium
1171 3156 1203 3192 a
1235 3154 1326 3193 me
1375 3138 1627 3205 redacta,
1678 3156 1744 3192 ex
1795 3138 2039 3193 lectione

394 3224 855 3280 Christianorum
886 3226 1145 3279 omnium
1183 3239 1508 3293 auctorum,
1546 3228 1911 3297 maximeque
1943 3243 2036 3282 eo-

396 3330 524 3367 rum
561 3313 658 3383 qui
709 3313 844 3383 vita,
899 3315 1246 3381 eruditione,
1301 3315 1623 3381 nobilitate,
1657 3322 1713 3369 et
1762 3315 2039 3385 dignitate

395 3400 966 3473 prmeclluere,veluti
1000 3403 1218 3457 donum
1253 3404 1569 3475 quoddam,
1602 3404 1730 3469 tibi,
1765 3421 1795 3459 ο
1824 3403 2037 3458 amico-

396 3506 525 3544 rum
558 3489 795 3561 optime,
817 3490 937 3544 viro
964 3489 1230 3545 lectionis
1263 3492 1527 3547 studioso
1556 3509 1619 3546 ac
1653 3492 1923 3563 religioso
1954 3492 2036 3546 of-

2148 2335 2359 2414 φῦσεως
2423 2337 2556 2409 μετά
2610 2343 2711 2405 τῆς
2773 2341 2880 2391 τῶν
2936 2342 3201 2391 τακτικῶν
3262 2335 3555 2410 ἐμπειρίας
3610 2355 3666 2389 τε
3709 2334 3785 2388 καί

2148 2427 2453 2497 μαθήσεως,
2516 2420 2592 2479 ἔτι
2645 2422 2702 2479 δὲ
2750 2423 2837 2479 καί
2885 2432 2987 2495 τῆς
3033 2429 3141 2480 τῶν
3173 2424 3480 2479 πολιτικῶν
3541 2423 3784 2497 πραγμά-

2141 2537 2247 2569 των
2286 2509 2543 2587 ἀκριϐοῦς
2597 2512 2979 2587 μεταλήψεως,
3032 2510 3155 2568 οὐδὲ
3211 2514 3278 2568 τὰ
3326 2517 3438 2568 τῶν
3473 2514 3660 2588 ἱερέων
3692 2506 3782 2565 λό-

2141 2624 2231 2680 για
2274 2601 2629 2676 ἀμελετήτως
2681 2603 3049 2678 παρεώρασαι,
3094 2601 3221 2657 ἀλλ’
3278 2599 3357 2657 ἔτι
3398 2601 3658 2657 τοσοῦτόν
3707 2620 3781 2653 σοι

2143 2691 2230 2747 καί
2290 2689 2455 2745 ταῦτα
2503 2690 2961 2769 πεφιλοπόνηται,
3023 2690 3160 2745 ὣστε
3201 2692 3264 2745 τὸ
3300 2696 3463 2763 σῶμα
3524 2688 3779 2747 πολλάκις

2144 2780 2333 2842 σιτίοις
2378 2780 2612 2858 τρέφων,
2658 2777 2781 2834 οὐδὲ
2828 2782 2927 2848 τήν
2981 2781 3167 2855 ψυχὴν
3221 2780 3543 2851 ἀποστερεῖς
3586 2786 3683 2847 τῆς
3731 2775 3783 2831 ἐκ

2142 2873 2250 2924 τῶν
2302 2868 2477 2945 λόγων
2526 2869 2793 2930 σιτίσεως⁸
2844 2867 2970 2924 ἀλλ’
3021 2869 3093 2929 ὡς
3140 2865 3240 2923 ἀνά
3286 2889 3395 2922 τινι
3444 2869 3578 2940 θείῳ
3638 2865 3781 2921 ἅλατι

2142 2963 2260 3019 τοῖς
2316 2959 2423 3012 τῶν
2480 2957 2730 3033 Πατὲρυυν
2790 2954 3187 3035 ἀποφθέγμασι,
3246 2957 3335 3011 καὶ
3404 2962 3528 3018 ταῖς
3588 2955 3763 3026 ἐπιτρα

2146 3046 2352 3115 πεζίοις
2410 3046 2735 3121 παραρτῦεις
2785 3043 3054 3117 ὁμιλίαις’
3107 3043 3224 3099 ἰδοὺ
3273 3046 3364 3099 καὶ
3415 3044 3600 3111 αὐτὸς,
3638 3040 3786 3117 μικρά

2145 3156 2265 3190 τινα
2312 3134 2603 3209 συνοψίσας
2660 3140 2768 3189 τῶν
2828 3134 3124 3210 χρησίμων
3182 3133 3271 3188 καί
3332 3133 3660 3201 λυσιτελῶν,
3707 3133 3787 3186 καί

2147 3224 2533 3298 ἀναγινώσκων
2588 3223 2760 3277 πάντα
2799 3224 2894 3295 μὲν
2945 3223 3285 3298 Χριστιανὸν,
3349 3220 3524 3277 πλέον
3576 3220 3632 3276 δὲ
3675 3219 3787 3280 τοὺς

2148 3312 2263 3368 seu:
2295 3312 2382 3366 καὶ
2446 3311 2571 3388 βίῳ,
2622 3312 2710 3366 καὶ
2770 3309 2942 3388 λόγῳ,
2987 3312 3075 3366 καὶ
3108 3311 3369 3386 εὐγενείᾳ,
3406 3311 3499 3367 καὶ
3536 3311 3784 3383 ἀξιώματι

2150 3403 2636 3471 ὑπερανεστήκασιν
2715 3398 2859 3473 ὕψει,
2942 3400 3053 3455 οἶόν
3132 3422 3182 3453 τι
3270 3398 3450 3475 δῶρον
3536 3399 3785 3472 αὐτοσχε-

2150 3488 2335 3550 διάσας
2368 3487 2520 3564 ἀνδρί
2553 3488 2843 3566 φιλολόγῳ
2868 3490 2956 3543 καὶ
2988 3487 3228 3567 φιλοθὲῳ
3281 3487 3524 3561 μάλιστα
3577 3487 3783 3564 πρέπον,

397 3579 628 3646 ferrem,
682 3578 790 3633 hoc
839 3578 1059 3635 scilicet
1106 3585 1415 3652 syntagma
1466 3580 1687 3650 meum,
1740 3580 1915 3635 variis
1972 3596 2037 3634 ex

2151 3578 2195 3633 ὦ
2264 3578 2437 3654 φίλων
2495 3576 2697 3653 ἄριστε,
2753 3579 2813 3632 τὸ
2870 3577 3040 3652 παρόν
3100 3598 3183 3632 σοι
3235 3579 3621 3653 προσενήνοχα
3675 3574 3786 3629 adv-

2404 3666 2417 3683 θ
2518 3664 2542 3683 ἢ
2660 3666 2673 3683 1
2885 3668 2901 3683 \
3000 3673 3041 3683 r-
3122 3665 3132 3683 ο
3381 3666 3397 3683 \
3472 3666 3486 3681 9
3724 3667 3745 3677 ε’

398 3667 667 3723 Patribus
726 3674 784 3722 et
844 3685 911 3723 ex
969 3668 1188 3723 auditis
1248 3669 1616 3724 sermonibus
1675 3670 2036 3740 decerptum,

399 3757 553 3811 unde
586 3774 699 3811 non
733 3758 1064 3829 Spernenda
1094 3758 1359 3813 doctrina
1390 3763 1445 3813 et
1476 3759 1682 3813 notitia
1713 3757 2041 3829 legentibus

398 3844 634 3899 accedat
667 3863 679 3900 :
714 3847 997 3900 rationem
1049 3846 1202 3900 enim
1237 3851 1293 3901 et
1326 3863 1441 3901 una
1479 3846 1823 3902 divisionem
1851 3848 2037 3902 conti-

400 3940 494 3987 net
533 3934 781 4005 triplicis
830 3935 1037 3989 animm
1089 3940 1301 3989 nostra:
1347 3935 1563 4007 partis;
1597 3937 1879 4007 docetque
1930 3953 2042 4005 quo

400 4027 567 4093 pacto
598 4040 800 4077 omnes
834 4024 1335 4081 moveamur5l5
1370 4023 1724 4093 humines,et
1753 4025 2042 4097 quomodo

402 4111 471 4165 ad
506 4110 775 4179 salutem,
812 4112 892 4167 vel
925 4113 994 4167 ad
1050 4112 1361 4183 perniciem
1410 4112 1803 4183 impellamur.
1835 4113 2045 4169 Deﬁnit

402 4203 593 4253 autem
629 4200 1260 4269 cogitationes.quibus
1293 4201 1539 4272 quodvis
1571 4207 1872 4272 peccatum
1907 4219 2043 4256 con-

402 4292 755 4342 summatur.
796 4288 1106 4359 Distinguit
1137 4289 1271 4343 item
1326 4290 1626 4360 passiones
1659 4294 1905 4357 nostras,
1942 4291 2040 4345 do«

403 4394 540 4432 cens
573 4394 837 4448 quamam
892 4378 1121 4443 animae,
1156 4395 1421 4448 quasnam
1477 4379 1735 4448 corporis
1766 4379 1902 4434 sint.
1940 4380 2042 4434 Ex-

407 4468 541 4522 inde
575 4484 705 4521 vero
750 4465 1004 4521 declarat
1034 4466 1224 4521 varios
1270 4467 1360 4521 Dei
1396 4466 1766 4539 providentiae
1816 4469 2042 4523 modos.

406 4556 552 4610 Hine
583 4556 653 4610 de
678 4554 858 4610 libero
887 4554 1143 4609 hominis
1174 4555 1410 4610 arbitrio
1444 4554 1695 4618 disserit,
1724 4557 1906 4623 deque
1938 4574 2044 4611 no-

407 4650 527 4701 stro
559 4646 615 4699 in
651 4644 825 4699 rebus
874 4645 1115 4716 agendis
1164 4646 1372 4700 abusu.
1407 4644 1763 4717 Compendio
1814 4646 2047 4701 exhibet

406 4734 581 4789 fidem
631 4735 691 4789 in
743 4738 1001 4788 sanctam
1054 4739 1109 4788 et
1172 4734 1395 4788 beatam
1449 4734 1812 4789 Trinitatem.
1878 4740 2047 4789 Docet

406 4823 547 4893 quid
581 4822 651 4877 de
683 4821 909 4877 Domini
944 4821 1360 4891 incarnatione,
1394 4822 1465 4877 de
1503 4823 1841 4878 discrimine
1866 4824 2046 4877 virtu-

405 4915 555 4976 tum,
588 4912 658 4965 de
689 4910 1037 4965 discretione
1070 4915 1289 4964 natura:
1322 4926 1514 4965 rerum
1556 4911 1910 4966 credendum
1947 4912 2041 4966 sit.

2146 3689 2347 3744 ταγμα,
2401 3666 2459 3721 ἐκ
2515 3664 2786 3744 διαφόρων
2846 3668 2938 3740 μὲν
3000 3665 3250 3740 Πατὲρων
3306 3666 3398 3720 καὶ
3460 3666 3783 3742 ἀκροατικῶν

2150 3756 2327 3832 λόγων
2356 3755 2692 3825 ἀπανθισθέν,
2728 3754 2825 3809 οὐκ
2853 3753 3289 3831 ἀκαταφρόνητον
3323 3756 3406 3827 (α)
3439 3752 3498 3809 δὶ
3527 3756 3626 3822 τήν
3657 3755 3782 3827 γνῶ-

2150 3865 2230 3898 σιν
2277 3850 2391 3905 τοῖς
2441 3847 2711 3915 μετιοῦσιν
2773 3841 3056 3917 ἐμποιοῦν·
3137 3840 3423 3916 διάγνωσιν
3479 3843 3580 3919 γὰρ
3652 3835 3779 3911 ὀμοῦ

2149 3933 2237 3986 καὶ
2271 3930 2524 4007 διαίρεσιν
2558 3936 2655 3986 τοῦ
2684 3931 2975 4007 τριμεροῦς
3002 3939 3102 4002 τῆς
3134 3930 3186 3986 ἐν
3234 3933 3371 4004 ἡμῖν
3424 3928 3541 4007 ἔχει
3590 3934 3784 4003 ψυχῆς,

2149 4022 2325 4082 καθὼς
2382 4020 2574 4082 πάντες
2630 4019 2933 4093 κινούμεθα
2987 4018 3287 4097 ἄνθρωποι,
3346 4021 3437 4075 καὶ
3483 4024 3605 4081 πῶς
3658 4018 3781 4092 πρὸς

2152 4107 2421 4185 σωτηρίαν
2472 4110 2505 4177 ἢ
2553 4106 2827 4163 ἀπώλειαν
2873 4108 3275 4181 συνωθούμεθα.
3324 4110 3528 4185 Ὁρίζει
3579 4104 3633 4161 δὲ
3668 4104 3783 4165 τοὺς

2152 4197 2479 4273 λογισμοὺς,
2540 4195 2609 4251 δι’
2660 4198 2732 4251 ὧν
2792 4203 2935 4252 πᾶσα
2993 4197 3231 4273 ἁμαρτία
3283 4196 3545 4253 τελεῖται.
3597 4198 3787 4264 Διαιρεῖ

2155 4285 2328 4342 δὲκαὶ
2381 4288 2448 4341 τὰ
2507 4285 2557 4341 ἐν
2616 4289 2750 4359 ἡμῖν
2792 4287 2958 4358 πάθη,
3002 4286 3123 4340 τίνα
3168 4286 3262 4358 μὶν
3305 4288 3539 4361 ψυχικὶ,
3570 4284 3685 4340 τίνα
3734 4278 3783 4336 δὲ

2152 4381 2247 4430 τοῦ
2295 4376 2569 4448 σώματος.
2622 4375 2846 4452 Έφεξῆς
2895 4375 2952 4430 δὲ
3010 4375 3098 4429 καὶ
3156 4375 3281 4436 τοὺς
3328 4375 3568 4450 τρόπους
3611 4371 3783 4427 ὑποτί-

2154 4477 2299 4530 θεται
2350 4471 2449 4533 τῆς
2498 4468 2593 4517 τοῦ
2641 4462 2774 4519 Θεοῦ
2816 4462 3091 4539 προνοίας.
3126 4463 3256 4518 Εἶτα
3282 4463 3372 4517 καὶ
3423 4463 3671 4538 περὶτῆς
3697 4460 3783 4513 τοῦ

2152 4554 2437 4628 ἀνθρώπου
2516 4552 2997 4623 αὖτεξουσιότητος
3074 4549 3459 4625 διαλαμϐάνει,
3533 4551 3621 4606 καὶ
3693 4555 3782 4615 τῆς

2152 4645 2312 4715 ἡμῶν
2367 4642 2416 4695 ἐν
2469 4647 2584 4703 τοῖς
2628 4642 2907 4717 πράγμασι
2960 4643 3383 4717 παραχρήσεως.
3422 4639 3702 4713 Συνοψίζει
3731 4633 3782 4689 δὲ

2152 4732 2241 4787 καὶ
2270 4733 2367 4799 τήν
2405 4730 2452 4783 ἐν
2513 4734 2581 4803 τῇ
2635 4730 2759 4806 ἁγίᾳ
2800 4730 2890 4784 καὶ
2935 4730 3171 4804 μακαρίᾳ
3198 4727 3386 4805 Τριάδι
3416 4729 3616 4784 πίστιν.
3673 4727 3782 4781 Ἔτι

2155 4818 2211 4875 δὲ
2238 4822 2325 4875 καὶ
2359 4819 2508 4881 ὅπως
2542 4816 2624 4873 δεῖ
2652 4819 2915 4873 πιστεύειν
2947 4819 3069 4894 περὶ
3120 4826 3217 4889 τῆς
3258 4823 3355 4873 τοῦ
3405 4817 3607 4895 Κυρίου
3657 4815 3783 4869 ἐναν-

2154 4911 2512 4986 θρωπήσεως,
2563 4909 2685 4980 περὶ
2735 4905 2995 4985 διαφορᾶς
3043 4929 3100 4962 τε
3162 4908 3377 4983 ἀρετῆς,
3438 4907 3526 4961 καὶ
3593 4900 3780 4977 διακρί-

408 5001 526 5057 Uno
558 4998 752 5062 verbo,
784 5005 869 5053 est
905 5015 1005 5052 ceu
1040 4998 1449 5068 compendiosa
1495 4999 1747 5069 cognitio
1781 5005 2039 5053 nostrum

2159 5019 2291 5059 σειος
2365 5004 2467 5063 τῆς
2543 5001 2647 5050 τῶν
2718 4997 3048 5071 πραγμάτων
3111 4994 3350 5051 διδάσκει
3409 4996 3635 5073 φύσεως.
3692 4989 3781 5047 Καὶ

403 5089 688 5160 ipsorum,
722 5104 824 5142 nec
860 5105 967 5142 non
1005 5092 1221 5141 naturas
1254 5093 1465 5142 nostrae
1495 5093 1667 5159 atque
1698 5089 1851 5142 fidei.
1886 5088 2046 5151 Quod

402 5176 750 5249 opusculum
784 5177 921 5230 dum
957 5175 1346 5240 circumferas,
1367 5180 1541 5247 atque
1573 5181 1839 5231 accurate
1870 5176 2045 5247 leges,

401 5284 467 5321 ex
498 5283 681 5336 eoque
713 5264 1022 5319 utilitatem
1063 5263 1365 5335 percipies,
1403 5282 1514 5319 non
1554 5264 1915 5335 obliviscere,
1943 5266 2047 5321 hoc

402 5356 548 5411 bene
583 5354 734 5420 novi,
767 5355 893 5423 ejus
929 5353 1025 5425 qui
1062 5353 1295 5423 propria
1330 5369 1504 5407 manu
1548 5352 1875 5425 descripsit,
1914 5356 2042 5410 tibi-

400 5460 512 5515 que
542 5440 776 5499 obtulit.

468 5639 546 5709 (α)
580 5638 742 5692 Forte
772 5635 884 5707 leg.
919 5631 980 5688 οὐ
1011 5632 1438 5710 καταφρόνητον.
1472 5636 1629 5692 EDIT.
1662 5636 1905 5694 PATROL.

2157 5086 2303 5148 ’ὀλως
2336 5084 2597 5155 ἐπίτομος
2624 5083 2706 5144 τίς
2738 5083 2846 5139 ἔστι
2877 5089 3075 5160 γνῶσις
3131 5087 3289 5157 ἡμῶν
3342 5106 3400 5139 τε
3455 5083 3543 5139 καὶ
3600 5080 3781 5147 αὐτῶν,

2154 5174 2242 5230 καῖ
2301 5182 2398 5242 τῆς
2471 5178 2578 5227 τῶν
2639 5174 2757 5236 καθ’
2812 5176 2960 5245 ἡμᾶς
3015 5172 3221 5251 φῦσεώς
3279 5195 3338 5228 τε
3401 5171 3491 5227 καί
3543 5171 3778 5227 πίστεως.

2155 5270 2222 5317 "0
2257 5262 2323 5332 δὴ
2384 5263 2470 5317 καὶ
2539 5262 2844 5339 περιφέρων
2904 5262 2979 5323 είς
3034 5267 3247 5337 χεῖρας,
3296 5258 3701 5335 ἐπιμελὲστερόν
3730 5276 3778 5309 τε

2158 5353 2377 5426 μετιὼν,
2440 5350 2526 5405 καὶ
2575 5351 2671 5418 τήν
2732 5349 2972 5415 ἐντεῦθεν
3019 5350 3393 5426 καρπούμενος
3449 5346 3650 5419 ὄνησιν,
3690 5343 3776 5397 οὐκ

2152 5442 2585 5516 ἀμνημονήσεις,
2618 5438 2672 5493 εὗ
2706 5436 2810 5493 οἶδ’
2841 5438 2946 5511 ὅτι,
2977 5443 3074 5494 τοῦ
3105 5438 3423 5517 αὐτοχειρίᾳ
3475 5438 3561 5494 xui
3609 5452 3773 5511 γεγρα-

2153 5532 2335 5610 φότος,
2366 5529 2454 5584 καὶ
2488 5525 2810 5588 δεδωκότος.
