4086 6214
360 367 512 428 1397

623 495 925 571 Διάγνωσις
954 495 1049 550 τοῦ
1078 503 1370 573 τριμεροῦς
1402 507 1500 569 τῆς
1526 504 1731 576 ψυχῆς.

424 587 543 641 ’Ότι
575 590 719 639 πᾶσα
747 587 899 660 ψοχή
936 583 1135 660 λογικὴ
1166 587 1289 659 τρία
1342 588 1477 659 μέρη
1534 591 1807 660 κέκτηται·
1843 591 1998 665 λογι-

348 674 510 746 σμὸν,
543 674 735 746 θυμὸν,
767 674 855 729 καὶ
906 674 1211 749 ἐπιθυμίαν.
1264 677 1386 733 Ἐάν
1441 677 1581 733 ἐστιν
1632 680 1682 733 έν
1723 685 1802 753 τῷ
1851 683 2006 754 θυμῷ

351 763 532 837 ἀγάπη
565 763 655 818 καὶ
688 763 1087 841 φιλανθρωπία,
1119 765 1207 819 καὶ
1254 766 1304 820 ἐν
1355 771 1424 840 τῇ
1470 767 1726 841 ἐπιθυμίᾳ
1772 770 2002 844 καθαρό-

349 873 452 923 της
500 852 588 906 καὶ
635 854 979 930 σωφροσύνη,
1021 856 1049 908 6
1080 853 1350 929 λογισμός
1400 856 1510 911 ἐστι
1570 860 2000 935 πεφωτισμένος·

352 940 440 996 ἐὰν
472 938 529 995 δέ
555 940 696 996 ἐστιν
730 941 782 997 ἐν
814 946 891 1013 τῷ
921 948 1077 1015 θυμῷ
1111 945 1507 1017 μισανθρωπία,
1542 947 1632 1000 καὶ
1665 947 1715 1001 ἐν
1765 951 1833 1017 τῇ
1887 948 2001 1002 ἐπι-

350 1027 520 1101 θυμίᾳ
547 1028 833 1101 ἀκολασία,
867 1031 895 1084 ὁ
928 1029 1193 1106 λογισμός
1227 1031 1366 1086 ἐστιν
1400 1032 1796 1106 ἐσκ‹,τισμένος.
1821 1036 1877 1089 '0
1910 1036 2005 1107 μὲν

346 1117 438 1172 οῦν
471 1117 742 1194 λογισμὸς
770 1120 894 1173 τότε
929 1120 1276 1195 ὑγιαίνει,καὶ
1312 1129 1600 1200 σωφρονεῖ,
1622 1123 1745 1178 ὅταν
1770 1125 1834 1177 τά
1855 1125 1999 1194 πάθη

345 1206 450 1283 ἔχῃ
492 1209 918 1284 ὑποτεταγμένα,
969 1210 1057 1265 καὶ
1105 1211 1232 1272 τοὺς
1283 1210 1481 1286 λόγους
1539 1218 1642 1267 τῶν
1693 1214 1999 1287 κτισμάτων

343 1297 443 1354 τοῦ
500 1300 637 1355 Θεοῦ
687 1306 1066 1373 πνευματικῶς
1114 1307 1315 1377 θεωρῇ,
1367 1303 1457 1357 καὶ
1508 1304 1646 1379 πρὸς
1694 1306 1793 1373 τήν
1846 1304 1997 1379 ἁγίαν

345 1390 437 1443 καὶ
469 1389 730 1465 μακαρίαν
756 1388 956 1457 Τριάδα
988 1388 1162 1467 διάγῃ.
1195 1393 1257 1448 Ὁ
1289 1390 1346 1446 δὲ
1394 1391 1557 1447 πάλιν
1606 1393 1729 1448 τότε
1775 1400 2000 1449 κινεῖται

343 1479 482 1532 κατὰ
511 1478 684 1555 φύσιν,
717 1477 843 1533 ὅταν
879 1478 1080 1540 πάντας
1129 1479 1452 1552 ἀνθρώπους
1487 1482 1688 1555 ἀγαπᾷ,
1721 1482 1811 1536 καὶ
1862 1482 1999 1557 πρὸς

346 1565 540 1623 οὐδένα
578 1568 752 1623 αὐτῶν
806 1566 986 1638 λύπην
1033 1570 1067 1638 ἢ
1122 1570 1477 1642 μνησικακίαν
1528 1570 1801 1641 κέκτηται.
1832 1573 1895 1627 Ἡ
1944 1569 2001 1629 δὲ

342 1652 624 1729 ἐπιθυμία,
656 1656 782 1711 ὅταν
817 1657 921 1711 ὑπὸ
976 1657 1309 1732 ἐγκρατείας,
1340 1659 1429 1712 καὶ
1476 1660 1997 1737 ταπεινοφροσύνης,

335 1746 428 1801 καὶ
477 1746 859 1817 ἀκτημοσύνης
909 1745 1152 1821 νεκρώσῃ
1194 1748 1262 1800 τὰ
1304 1749 1472 1817 πάθη,
1521 1750 1787 1819 τουτέστι,
1826 1750 1900 1820 μὴ
1950 1748 1988 1823 ᾖ

1303 370 1733 435 SYN'l‘AGMA
1777 374 1880 433 AD
1927 372 2314 445 QUEMDAM
2363 368 2815 434 POLITICUM.

2036 508 2087 570 A

3610 373 3765 434 i398

2417 503 2735 574 Explicalio
2766 503 3006 572 triplicis
3037 505 3244 559 animae
3271 506 3463 572 partis.

2185 592 2396 647 Anima
2438 592 2628 648 omnis
2672 591 2973 646 rationalis
3007 597 3122 646 tres
3155 591 3328 645 habet
3360 596 3570 663 partes,
3604 592 3761 664 cogi-

2115 682 2414 748 tationem,
2468 680 2730 735 animum
2778 687 2833 734 et
2876 680 3429 752 concupiscentiam.
3480 679 3535 733 Si
3586 680 3663 733 sit
3702 681 3760 734 in

2114 770 2310 825 animo
2355 770 2607 825 charitas
2638 775 2695 823 et
2725 769 3062 826 humanitas
3093 776 3149 825 et
3201 772 3258 824 in
3291 768 3762 841 concupiscentia

2114 859 2341 931 puritas
2372 865 2428 914 et
2460 860 2866 931 temperantia,
2910 864 3033 914 tum
3088 858 3359 930 cogitatio
3404 865 3492 913 est
3537 857 3759 912 illumi-

2114 954 2290 1014 nata;
2324 948 2412 1002 sin
2446 955 2638 1003 autem
2675 948 2729 1001 in
2767 948 2962 1002 animo
2995 948 3073 1003 sit
3104 948 3324 1011 odium,
3361 953 3417 1002 et
3465 947 3519 1001 in
3554 963 3761 1001 concu-

2114 1037 2401 1107 piscentia
2429 1038 2899 1107 intemperantia,
2933 1037 3201 1108 cogitatio
3232 1041 3322 1090 est
3366 1036 3623 1109 tenebris
3672 1038 3759 1089 ot-

2117 1126 2264 1179 fusa.
2300 1126 2444 1179 Tum
2482 1142 2650 1196 porro
2702 1142 2845 1179 sana
2892 1126 3162 1195 cogitatio
3198 1129 3286 1178 est
3317 1129 3372 1177 et
3402 1128 3756 1194 temperans,

2112 1230 2244 1268 cum
2278 1218 2434 1268 tenet
2458 1214 2567 1268 sibi
2594 1215 2863 1268 subditas
2888 1213 3209 1283 passiones.
3230 1228 3478 1282 cumque
3507 1211 3760 1265 rationes

2112 1319 2304 1357 rerum
2334 1319 2366 1356 a
2388 1303 2502 1357 Deo
2535 1309 2862 1357 creatarum
2897 1302 3282 1372 spiritualiter
3311 1299 3761 1370 contemplatur,

2109 1397 2164 1447 et
2186 1408 2317 1446 cum
2342 1397 2544 1446 sancta
2565 1408 2631 1447 ac
2662 1393 2828 1446 beata
2859 1390 3142 1445 Trinitate
3173 1394 3457 1443 versatur.
3490 1389 3762 1459 Tumque

2110 1480 2433 1535 secundum
2469 1485 2737 1533 naturam
2773 1484 3055 1543 movetur,
3078 1494 3206 1533 eum
3242 1494 3443 1531 omnes
3472 1481 3630 1530 amat
3659 1476 3761 1530 ho-

2112 1568 2322 1630 mines,
2351 1567 2693 1637 nullamque
2716 1568 2996 1621 adversus
3020 1566 3355 1635 quempiam
3385 1564 3761 1619 retinetindi-

2109 1657 2443 1726 gnationem
2473 1662 2573 1711 aut
2591 1656 2939 1727 injuriarum
2964 1654 3760 1724 memoriam.Concupiscen-

2109 1745 2192 1799 tia
2221 1749 2416 1799 autem
2450 1760 2582 1799 cum
2619 1761 2718 1815 per
2756 1744 3226 1815 temperantiam,
3262 1741 3651 1797 humilitatem
3701 1745 3759 1796 et

343 1832 517 1922 δούλη
568 1835 761 1910 σαρκὸς
805 1834 1229 1911 ἐσχημάτισται,
1259 1836 1349 1889 καὶ
1403 1834 1566 1906 δόξης
1613 1836 1998 1913 παρεχομένης

2113 1838 2537 1905 paupertatem,
2562 1834 2864 1903 passiones
2898 1832 3232 1896 mortiﬁcat,
3254 1831 3313 1885 id
3345 1836 3450 1897 est,
3476 1847 3609 1885 cum
3644 1846 3755 1885 non

341 1920 537 2001 ἔφεσιν,
570 1923 659 1978 καὶ
688 1928 868 1998 τραπῇ
900 1924 1035 1998 πρὸς
1082 1924 1175 1977 τὸν
1225 1926 1373 1979 θεῖον
1416 1925 1504 1979 καὶ
1553 1925 1809 1980 ἀθάνατον
1862 1925 1997 2001 ἔρω-

344 2032 434 2070 τα.
466 2012 564 2066 Καὶ
612 2013 714 2087 γὰρ
757 2015 792 2082 ἠ
825 2012 1272 2088 ἐπιθυμίαηπρὸς
1318 2012 1443 2087 τρία
1484 2015 1582 2082 τὴν
1618 2015 1827 2084 κίνησιν
1862 2013 2000 2090 ἔχει,

350 2101 388 2170 ἢ
437 2101 573 2176 πρὸς
621 2098 826 2170 ἡδονὴν
869 2102 1086 2176 σαρκὸς,
1137 2102 1171 2170 ἢ
1225 2102 1361 2176 πρὸς
1403 2099 1556 2172 δόξαν
1587 2103 1769 2172 κενὴν.
1801 2105 1835 2173 ἢ
1869 2103 2003 2176 πρὸς

353 2188 566 2258 ἀπάτην
626 2190 948 2266 χρημάτων·
981 2190 1069 2244 καὶ
1135 2187 1224 2245 διὰ
1276 2191 1376 2259 τὴν
1433 2190 1742 2266 παράλογον
1801 2192 2001 2261 ταύτην

349 2276 527 2355 ἔφεσιν
576 2284 901 2355 καταφρονεῖ
949 2283 1045 2333 τοῦ
1090 2283 1242 2345 Θεοῦ,
1274 2279 1362 2333 καὶ
1410 2283 1517 2333 τῶν
1570 2279 1749 2348 θείων,
1781 2280 1869 2334 καὶ
1906 2282 2003 2348 τῆς

346 2366 551 2428 οἰκείας
600 2366 864 2442 εὐγενείας
917 2364 1350 2438 ἐπιλανθάνεται,
1392 2368 1481 2422 καὶ
1532 2368 1666 2443 πρὸς
1715 2369 1804 2422 τὸν
1855 2367 2003 2438 πλη-

346 2455 461 2508 σίον
521 2453 889 2530 ἐκθηριοῦται,
921 2456 1009 2510 καὶ
1062 2456 1153 2509 τὸν
1214 2454 1481 2530 λογισμὸν
1534 2455 1790 2525 σκοτίζει,
1822 2456 1910 2510 καὶ
1941 2455 2003 2509 οὐ

344 2549 629 2619 συγχωρεῖ
660 2540 963 2618 ἀναϐλέψαι
996 2544 1133 2618 πρὸς
1179 2545 1278 2613 τὴν
1331 2545 1610 2614 ἀληθειαν.
1643 2546 1735 2598 Ὧι
1791 2546 1818 2599 ὁ
1864 2545 2005 2599 ἀνώ-

342 2652 496 2706 τερον
549 2635 888 2705 κτησάμενος
948 2633 1203 2711 φρόνημα
1278 2633 1369 2687 ἀπ’
1428 2632 1660 2697 ἐντεῦθεν
1738 2633 2001 2689 ἀπολαύει

342 2723 443 2787 τῆς
477 2720 753 2797 βασιλείας
792 2726 900 2776 τῶν
954 2721 1216 2796 οὐρανῶν,
1246 2721 1333 2776 καὶ
1387 2725 1451 2795 ζῇ
1507 2721 1771 2796 μακαρίαν
1832 2723 1999 2792 ζωήν,

344 2807 664 2886 προσδοκῶν
708 2811 810 2879 τήν
858 2810 1227 2882 ἀποκειμένην
1280 2811 1653 2886 μακαριότητα
1708 2817 1824 2873 τοῖς
1868 2811 1999 2886 ἀγα-

346 2903 488 2953 πῶσι
518 2899 609 2953 τὸν
649 2899 870 2974 Κύριον.

533 3004 798 3081 Διαίρεσις
829 3007 919 3060 καὶ
953 3004 1318 3152 ἀποὶιαίρεσις
1349 3004 1694 3083 λεπτομερὴς
1722 3009 1822 3075 τῆς

1103 3098 1270 3152 υχης.

1103 3098 1270 3154 υχης.

419 3185 481 3240 Ἡ
510 3185 661 3260 ψυχὴ
714 3182 999 3261 διαιρεῖται
1051 3184 1127 3247 εἷς
1175 3184 1239 3239 τὸ
1287 3182 1625 3259 λογιστικὸν,
1654 3185 1717 3239 τὸ
1768 3184 1995 3257 θυμικὸν

344 3272 437 3327 καὶ
467 3273 530 3327 τὸ
563 3272 976 3347 ἐπιθυμητικόν.
1010 3276 1120 3331 Τοῦ
1160 3271 1473 3348 λογιστικοῦ
1516 3273 1583 3327 τὰ
1631 3274 1999 3349 ἁμαρτήματά

346 3362 453 3416 εἱσι
480 3365 667 3419 ταῦῖα·
699 3364 734 3431 ἡ
766 3362 1008 3434 ἀπιστία,
1040 3365 1075 3432 ἡ
1108 3360 1335 3439 α’ίρεσις,
1366 3364 1400 3431 ἠ
1435 3362 1731 3438 ἀφροσύνη.
1779 3364 1812 3431 ἡ
1848 3359 1996 3416 ἀδια-

343 3450 550 3526 κρισία,
598 3454 633 3521 ἡ
690 3450 1035 3529 βλασφημία,
1088 3452 1143 3505 αἱ
1193 3451 1598 3526 συγκαταθέσεις
1664 3455 1771 3505 τῶν
1821 3452 1996 3526 ἁμαρ-

341 3540 606 3613 τημάτων
655 3545 758 3596 τῶν
811 3541 870 3595 ἐκ
911 3533 1008 3595 τοῦ
1074 3542 1377 3610 παθητικοῦ
1450 3541 1669 3616 μέρους.
1721 3542 1889 3602 Ἴασις
1942 3538 2000 3595 δὲ

343 3629 553 3683 τούτων
604 3629 691 3684 καὶ
743 3629 998 3705 θεραπεία
1045 3632 1079 3699 ἠ
1130 3627 1447 3690 ἀδίστακτος
1494 3629 1670 3691 πίστις
1723 3629 1860 3704 πρὸς
1903 3629 1995 3684 τὸν

346 3718 478 3774 Θεὸν
508 3720 597 3773 καὶ
627 3720 693 3773 τὰ
722 3718 956 3789 ἀληθινὰ
987 3716 1253 3793 δόγματα,
1288 3719 1321 3787 ἡ
1358 3719 1590 3793 συνεχὴς
1646 3718 1846 3790 μελέτη
1892 3723 1999 3773 τῶν

348 3808 557 3881 λογίων
604 3812 699 3862 τοῦ
751 3807 1082 3881 Πνεύματος,
1128 3810 1163 3876 ὴ
1210 3808 1417 3879 καθαρά
1463 3810 1770 3883 προσευχὴ,
1824 3808 1915 3861 καὶ
1962 3809 1995 3878 ἠ

347 3894 700 3958 ἀδιάλειπτος
746 3897 882 3973 πρὸς
932 3897 1059 3951 Θεὸν
1110 3896 1446 3972 εὐχαριστία.
1501 3899 1610 3953 Τοῦ
1656 3896 1888 3969 θυμικοῦ
1934 3897 2001 3951 τά

346 3987 716 4060 ἁμαρτήματα
744 3987 777 4055 ἡ
811 3984 1181 4061 ἀσπλαγχνία,
1209 3986 1273 4040 τὸ
1327 3991 1504 4059 μῖσος,
1552 3986 1615 4041 τὸ
1666 3986 1998 4059 ἀσυμπαθὶς,

342 4076 407 4129 τὸ
470 4074 825 4146 μνησίκακον,
861 4077 888 4130 6
941 4075 1161 4153 φθόνος,
1214 4076 1241 4130 6
1303 4074 1488 4152 φόνος,
1524 4075 1612 4129 καὶ
1672 4078 1705 4143 ἡ
1766 4076 2001 4148 συνεχὴς

343 4164 468 4238 περί
513 4164 579 4219 τὰ
616 4169 839 4219 τοιαῦτα
892 4163 1114 4237 μελέτη.
1149 4165 1315 4225 ’Ίασις
1365 4163 1576 4218 τούτων
1627 4164 1716 4216 καὶ
1745 4162 2000 4238 θεραπεία

343 4254 378 4323 ἡ
415 4252 814 4330 φιλανθρωπία,
864 4255 897 4323 ἠ
951 4254 1158 4328 ἀγάπη,
1206 4253 1240 4321 ἠ
1295 4249 1647 4329 φιλαδελφία,
1700 4253 1731 4319 ἠ
1783 4252 1996 4323 συμπά-

342 4343 480 4412 θεια,
528 4343 562 4411 ἡ
605 4342 929 4413 ἀνεξικακία,
1067 4339 1405 4417 χρηστότης,
1450 4343 1553 4393 Τοῦ
1602 4337 1998 4411 ἐπιθυμητικοῦ

342 4431 409 4484 τὰ
459 4433 825 4507 ἁμαρτήματα
872 4433 905 4500 ἠ
952 4428 1378 4505 γαστριμαργία,
1410 4435 1444 4497 ἦ
1500 4427 1742 4503 πορνεία,
1787 4429 1821 4496 ἡ
1876 4430 2001 4482 ἀκα-

343 4518 556 4593 θαρσία,
589 4520 623 4588 ἠ
656 4518 927 4595 ἀσέλγεια,
959 4520 993 4588 ἠ
1027 4517 1468 4595 φιλοχρηματία,
1496 4518 1529 4586 ἠ
1561 4523 1663 4586 τῆς
1695 4511 1857 4587 δόξης
1889 4516 1998 4570 ἐπι-

343 4607 534 4679 θυμία.
567 4614 736 4669 Ἴασις
790 4592 998 4661 τούτων
1039 4592 1144 4662 -καὶ
1194 4592 1480 4681 θεραπεία,
1514 4607 1548 4674 ἡ
1602 4604 1908 4680 ἐγκράτεια,
1957 4608 1991 4675 ἡ
2026 4592 2071 4657 D

341 4696 581 4766 νηστεία,
625 4698 659 4766 ἡ
705 4695 1055 4767 κακοπάθεια,
1106 4697 1140 4765 ἡ
1190 4694 1569 4767 ἀκτημοσύνη,
1616 4694 1644 4748 6
1693 4698 1799 4749 τῶν
1848 4713 1994 4769 χρη-

347 4787 532 4859 μάτων
583 4786 717 4862 πρὸς
775 4785 1005 4856 πένηνας
1065 4785 1427 4859 σκορπισμὸς,
1465 4785 1500 4853 ἡ
1553 4787 1661 4838 τῶν
1722 4784 1996 4837 ἀθανάτων

342 4873 561 4929 ἐκείνων
595 4873 792 4953 ἔφεσις,
826 4897 859 4944 η
891 4875 990 4943 τῆς
1028 4871 1307 4950 βασιλείας
1348 4876 1445 4927 τοῦ
1494 4876 1632 4927 Θεοῦ
1682 4866 1875 4946 ὅρεξις,
1904 4870 1993 4925 καὶ

342 4964 377 5032 ἠ
410 4970 513 5033 τῆς
543 4962 813 5028 υἱοθεσίας
845 4962 1125 5035 ἐπιθυμία.

468 5069 761 5146 Διάγνωσις
792 5074 901 5124 τῶν
932 5068 1233 5154 λογισμων,
1266 5064 1334 5120 δι’
1366 5067 1438 5119 ὧν
1472 5072 1613 5121 πᾶσα
1639 5065 1876 5142 ἁμαρτία

1034 5154 1294 5195 τεΛειται.

412 5249 584 5302 Ὀκτώ
616 5248 713 5303 εἶ’σι
750 5247 938 5309 πάντες
971 5247 1022 5300 οἱ
1069 5244 1400 5311 περιεκτικοὶ
1452 5241 1735 5318 λογισμοί.
1769 5247 1991 5319 Πρῶτος

342 5338 371 5390 6
404 5343 503 5405 τῆς
549 5336 996 5412 γαστριμαργίας·
1052 5333 1297 5411 δεύτερος
1352 5334 1380 5387 6
1429 5340 1527 5402 τῆς
1576 5331 1847 5407 πορνείας·
1879 5332 1994 5408 τρί-

341 5446 438 5486 τος
480 5426 507 5479 ὁ
536 5433 635 5494 τῆς
670 5424 1050 5503 φιλαργυρίας·
1084 5422 1336 5497 τέταρτος
1388 5423 1416 5476 ὁ
1465 5428 1562 5491 τῆς
1620 5422 1805 5498 ὀργῆς·
1853 5420 1991 5493 πίμ-

346 5535 480 5576 πτος
514 5516 541 5568 6
572 5521 670 5583 τῆς
705 5513 907 5583 λύπης·
941 5511 1092 5575 ἕκτος
1128 5513 1155 5566 6
1186 5518 1285 5581 τῆς
1316 5508 1557 5581 ἀκηδίας
1581 5505 1812 5582 ἕϐδομος
1837 5511 1863 5563 ὁ
1895 5517 1993 5578 τῆς

344 5600 678 5673 κενοδοξίας·
716 5598 908 5679 ὄγδοος
941 5603 969 5656 ὁ
1000 5608 1099 5671 τῆς
1151 5598 1537 5677 ὑπερηφανίας.
1581 5598 1811 5660 Τούτους
1859 5600 1986 5651 πάν⁸

349 5712 443 5755 τας
474 5691 602 5754 τοὺς
637 5690 943 5768 λογισμοὺς
974 5688 1336 5767 παρενοχλεῖν
1368 5688 1461 5761 μὲν
1485 5689 1618 5760 ἡμῖν
1644 5689 1678 5756 ἦ
1708 5689 1782 5760 μή
1806 5708 1994 5762 παρεν-

2112 1924 2199 1976 est
2228 1922 2421 1976 carnis
2452 1937 2636 1990 serva,
2671 1938 2775 1976 nec
2815 1937 3025 1975 vanam
3078 1920 3322 1992 gloriam
3370 1920 3613 1990 appetit,
3655 1918 3755 1975 sed

2109 2010 2357 2064 vertitur
2405 2010 2477 2064 ad
2526 2010 2790 2065 divinum
2837 2008 3228 2065 immortalem
3284 2024 3562 2063 amorem.
3615 2006 3759 2061 Con-

2110 2097 2471 2169 cupiscentia
2501 2114 2749 2169 namque
2799 2098 2871 2152 ad
2924 2099 3035 2152 tria
3079 2102 3302 2151 motum
3350 2096 3526 2152 habet
3556 2112 3757 2165 suum,

2113 2187 2183 2240 ad
2215 2188 2409 2242 carnis
2453 2188 2835 2257 voluptatem,
2870 2190 2971 2241 aut
3019 2186 3089 2239 ad
3121 2201 3330 2239 vanam
3362 2184 3631 2255 gloriam,
3661 2187 3763 2239 aut

2112 2276 2182 2329 ad
2217 2274 2517 2330 fallaciam
2551 2276 2919 2329 divitiarum:
2953 2278 3129 2344 atque
3158 2290 3261 2345 per
3284 2273 3525 2329 stultam
3556 2273 3763 2344 hujus-

2112 2364 2269 2418 modi
2327 2364 2660 2435 cupidinem
2716 2365 2893 2418 Deum
2944 2363 3187 2434 spernit,
3238 2362 3494 2431 itemque
3542 2360 3759 2428 divina,

2111 2469 2228 2507 suae
2260 2452 2626 2507 obliviscitur
2656 2452 3005 2515 nobilitatis,
3036 2467 3101 2505 ac
3131 2450 3188 2504 in
3224 2451 3552 2521 proximum
3587 2465 3761 2504 suum

2111 2541 2335 2608 ferocit,
2370 2541 2786 2612 cogitationem
2836 2540 3197 2607 obtenebrat,
3231 2554 3420 2609 neque
3464 2538 3605 2592 sinit
3633 2553 3761 2592 eam

2111 2629 2399 2700 respicere
2446 2629 2769 2684 veritatem.
2823 2630 2894 2683 At
2937 2628 3037 2698 qui
3086 2626 3428 2683 sublimiore
3486 2625 3759 2695 praeditus

2110 2723 2200 2772 est
2230 2724 2422 2772 mente
2445 2720 2570 2787 jam
2601 2734 2668 2772 ex
2700 2718 2809 2772 hac
2839 2717 2956 2771 vita
2982 2716 3214 2780 fruitur,
3249 2731 3426 2786 regno
3455 2713 3756 2782 caelorum,

2109 2805 2404 2876 vitamque
2436 2806 2595 2860 ducit
2644 2808 2892 2875 beatam,
2942 2821 3068 2859 earn
3120 2808 3460 2874 exspectans
3514 2801 3758 2857 felicita-

2109 2898 2250 2957 tem,
2285 2911 2415 2965 quae
2444 2894 2824 2966 diligentibus
2855 2895 3035 2949 Deum
3068 2896 3319 2964 reposita
3350 2895 3457 2947 est.

2340 3038 2544 3092 Divisio
2568 3043 2620 3092 et
2648 3036 2944 3092 subdivisio
2974 3036 3265 3108 multiplex
3292 3048 3518 3092 animae.

2181 3198 2391 3252 Anima
2431 3196 2711 3252 dividitur
2742 3196 2798 3251 in
2854 3194 3285 3261 rationabilem,
3317 3193 3669 3250 irascibilem
3702 3199 3761 3250 et

2111 3286 2647 3359 concupiscibilem.
2696 3283 3078 3341 Rationabilis
3121 3289 3355 3355 peccata
3401 3285 3523 3338 hazc
3569 3286 3756 3339 sunt:

2110 3375 2452 3444 inﬁdelitas,
2511 3375 2768 3446 haeresis,
2812 3372 3170 3447 insipientia:
3221 3372 3583 3439 indiscretio,
3635 3371 3760 3427 bla-

2109 3464 2395 3536 sphemia,
2430 3482 2753 3520 consensus
2784 3464 2855 3519 ad
2901 3464 3290 3534 perpetranda
3344 3467 3597 3534 peccata,
3630 3478 3756 3532 qua

2108 3570 2177 3609 ex
2207 3552 2428 3626 patibili
2461 3558 2622 3625 parte
2655 3553 2991 3625 procedunt.
3039 3552 3258 3607 Horum
3310 3568 3482 3623 porro
3530 3550 3754 3606 medela

2106 3660 2241 3698 vera
2271 3643 2491 3697 curatio
2523 3647 2610 3697 est
2644 3660 2655 3697 :
2693 3642 3020 3696 indubitata
3071 3640 3213 3695 ﬁdes
3276 3642 3334 3695 in
3371 3641 3549 3695 Deum
3609 3642 3666 3693 et
3695 3638 3755 3694 in

2107 3749 2244 3787 vera
2272 3732 2565 3803 dogmata,
2600 3732 2869 3802 frequens
2902 3730 3200 3785 meditatio
3223 3728 3589 3785 oraculorum
3624 3727 3756 3797 Spi-

2111 3822 2279 3887 ritus,
2304 3837 2448 3892 pura
2470 3821 2676 3885 oratio,
2704 3824 2759 3874 et
2780 3819 3102 3890 gratiarum
3135 3817 3285 3873 actio
3308 3818 3435 3872 sine
3468 3815 3763 3871 intermis—

2109 3910 2273 3964 sione
2306 3914 2415 3964 Deo
2447 3908 2658 3962 oblata.
2708 3905 3024 3961 Irascibilis
3057 3910 3291 3977 peccata
3332 3911 3471 3960 sunt
3501 3904 3760 3958 immise-

2111 3998 2381 4066 ricordia,
2414 3996 2637 4061 odium,
2670 3995 2908 4049 animus
2968 3992 3499 4049 commiserationis
3528 4008 3755 4062 expers,

2110 4085 2430 4140 recordatio
2465 4084 2838 4154 injuriarum,
2874 4082 3109 4150 invidia,
3142 4081 3348 4145 caedes,
3387 4097 3451 4135 ac
3484 4081 3761 4149 frequens

2108 4189 2303 4228 earum
2342 4189 2531 4227 rerum
2569 4172 2892 4227 meditatio.
2929 4176 3149 4225 Horum
3183 4170 3412 4225 medela
3441 4173 3497 4223 et
3529 4169 3754 4223 curatio

2108 4265 2197 4318 est
2228 4278 2240 4315 :
2277 4261 2634 4326 humanitas,
2669 4260 2948 4329 charitas,
2977 4260 3222 4315 fratrum
3254 4257 3760 4327 dilectio,commi-

2109 4352 2342 4420 seratio,
2377 4349 2678 4421 patientia,
2712 4346 3611 4419 mansuetudo.Concupiscibilis
3636 4363 3762 4417 pec-

2108 4443 2236 4494 cata
2266 4444 2402 4494 sunt
2439 4455 2450 4492 :
2482 4438 2762 4505 edacitas,
2787 4436 3111 4507 fornicatio,
3139 4436 3475 4507 impuritas,
3504 4434 3761 4503 lascivia,

2109 4527 2344 4597 avarita,
2403 4526 2600 4598 gloriae
2649 4527 2879 4598 capide.
2932 4526 3150 4580 Horum
3210 4524 3531 4579 remedium
3582 4527 3758 4595 atque

2104 4616 2325 4671 curatio
2359 4621 2481 4671 est:
2512 4613 3257 4686 temperantia,jejunium,
3284 4611 3571 4667 malorum
3605 4611 3752 4666 tole-

2105 4705 2310 4774 rantia,
2367 4708 2698 4776 paupertas,
2774 4703 3004 4775 largitio
3052 4701 3337 4757 bonorum
3399 4701 3756 4773 pauperibus

2103 4796 2277 4865 facta,
2310 4794 2596 4849 bonorum
2634 4792 2865 4848 illorum
2912 4789 3341 4847 immortalium
3373 4789 3752 4857 desiderium,

2104 4883 2265 4957 regni
2299 4883 2397 4938 Dei
2429 4881 2728 4955 appetitio,
2771 4879 3103 4953 adoptionis
3134 4879 3448 4951 cupiditas.

2104 5063 2258 5120 5l6
2305 5064 2515 5119 Notitia
2560 5062 2955 5133 cogitationum
3003 5059 3197 5131 quibus
3242 5061 3523 5130 peccatum
3593 5070 3750 5112 omne

2773 5134 3080 5204 perﬁcitur.

2172 5240 2564 5313 Cogitationes
2596 5256 2796 5294 omnes
2827 5244 2952 5295 octo
2987 5254 3228 5293 numero
3259 5238 3417 5292 sunt.
3439 5235 3632 5288 Prima
3662 5236 3753 5288 est

2101 5328 2249 5401 gula:
2305 5347 2317 5397 ;
2367 5331 2643 5394 secunda,
2707 5327 3154 5394 fornicationis;
3206 5325 3395 5390 tertia,
3455 5322 3751 5387 avaritiae;

2106 5424 2331 5487 quarta,
2364 5418 2494 5485 irae;
2530 5419 2753 5489 quinta,
2788 5417 3073 5482 tristitia);
3116 5418 3298 5479 sexta,
3333 5411 3620 5483 pigritiae;
3655 5426 3749 5464 se-

2105 5508 2308 5579 ptima,
2358 5508 2548 5562 inanis
2598 5507 2793 5578 gloria:
2840 5532 2852 5573 ;
2895 5512 3116 5573 octava,
3169 5500 3474 5572 superbiae.
3526 5500 3745 5553 Nostrae

2106 5614 2273 5668 porro
2308 5595 2598 5650 facultatis
2634 5613 2744 5649 non
2769 5600 2876 5660 est,
2904 5600 2962 5647 ut
2996 5594 3079 5647 hac
3115 5608 3320 5647 omnes
3342 5587 3746 5658 cogitationes,

2105 5684 2431 5739 molestiam
2465 5684 2551 5738 vel
2583 5684 2847 5746 afferant,
2883 5682 2963 5736 vel
3011 5697 3124 5735 non
3172 5679 3453 5743 afferant;
3509 5681 3570 5731 ut
3609 5691 3740 5729 vero
