  <div class='ocr_page' id='page_1' title='image "/cluster/home/n/w/nwhite01/storage/ocr_20150623/28/hvd.32044052794351/705.png"; bbox 0 0 4086 6214; ppageno 0'>
   <div class='ocr_carea' id='block_1_1' title="bbox 358 303 510 365">
    <p class='ocr_par' dir='ltr' id='par_1_1' title="bbox 358 303 510 365">
     <span class='ocr_line' id='line_1_1' title="bbox 358 303 510 365; baseline 0.02 -3"><span class='ocrx_word' id='word_1_1' title='bbox 358 303 510 365; x_wconf 79' lang='lat' dir='ltr'><strong>I399</strong></span> 
     </span>
    </p>
   </div>
   <div class='ocr_carea' id='block_1_2' title="bbox 1518 297 2595 364">
    <p class='ocr_par' dir='ltr' id='par_1_2' title="bbox 1518 297 2595 364">
     <span class='ocr_line' id='line_1_2' title="bbox 1518 297 2595 364; baseline -0.006 -1"><span class='ocrx_word' id='word_1_2' title='bbox 1518 301 1582 364; x_wconf 89' lang='lat' dir='ltr'><strong>S.</strong></span> <span class='ocrx_word' id='word_1_3' title='bbox 1629 297 2153 362; x_wconf 78' lang='lat' dir='ltr'><strong>ATHANASIUS.</strong></span> <span class='ocrx_word' id='word_1_4' title='bbox 2178 331 2256 342; x_wconf 91' lang='lat'><strong>——</strong></span> <span class='ocrx_word' id='word_1_5' title='bbox 2287 298 2595 362; x_wconf 76' lang='lat' dir='ltr'><strong>SPUBIA.</strong></span> 
     </span>
    </p>
   </div>
   <div class='ocr_carea' id='block_1_3' title="bbox 3630 302 3781 364">
    <p class='ocr_par' dir='ltr' id='par_1_3' title="bbox 3630 302 3781 364">
     <span class='ocr_line' id='line_1_3' title="bbox 3630 302 3781 364; baseline 0.013 -2"><span class='ocrx_word' id='word_1_6' title='bbox 3630 302 3781 364; x_wconf 67' lang='grc'><strong>1400</strong></span> 
     </span>
    </p>
   </div>
   <div class='ocr_carea' id='block_1_4' title="bbox 360 428 2012 510">
    <p class='ocr_par' dir='ltr' id='par_1_4' title="bbox 360 432 2003 509">
     <span class='ocr_line' id='line_1_4' title="bbox 360 432 2003 509; baseline -0.004 -17"><span class='ocrx_word' id='word_1_7' title='bbox 360 440 657 501; x_wconf 87' lang='lat' dir='ltr'><strong>maneant,</strong></span> <span class='ocrx_word' id='word_1_8' title='bbox 689 442 746 492; x_wconf 89' lang='lat' dir='ltr'><strong>et</strong></span> <span class='ocrx_word' id='word_1_9' title='bbox 797 436 1100 509; x_wconf 72' lang='lat' dir='ltr'><strong>passiones</strong></span> <span class='ocrx_word' id='word_1_10' title='bbox 1151 436 1424 503; x_wconf 81' lang='lat' dir='ltr'><strong>excitent,</strong></span> <span class='ocrx_word' id='word_1_11' title='bbox 1466 435 1551 492; x_wconf 81' lang='lat' dir='ltr'><strong>vel</strong></span> <span class='ocrx_word' id='word_1_12' title='bbox 1587 450 1697 489; x_wconf 89' lang='lat' dir='ltr'><strong>non</strong></span> <span class='ocrx_word' id='word_1_13' title='bbox 1731 432 2003 493; x_wconf 79' lang='lat' dir='ltr'><strong>excitent,</strong></span> 
     </span>
    </p>
   </div>
   <div class='ocr_carea' id='block_1_5' title="bbox 2125 428 3778 510">
    <p class='ocr_par' dir='ltr' id='par_1_5' title="bbox 2125 428 3778 510">
     <span class='ocr_line' id='line_1_5' title="bbox 2125 428 3778 510; baseline 0.002 -27"><span class='ocrx_word' id='word_1_14' title='bbox 2125 428 2314 504; x_wconf 81' lang='grc' dir='ltr'>οχλεῖν</span> <span class='ocrx_word' id='word_1_15' title='bbox 2343 434 2452 485; x_wconf 77' lang='grc' dir='ltr'><strong>τῶν</strong></span> <span class='ocrx_word' id='word_1_16' title='bbox 2485 430 2584 486; x_wconf 71' lang='grc' dir='ltr'>οὒκ</span> <span class='ocrx_word' id='word_1_17' title='bbox 2612 430 2694 510; x_wconf 69' lang='grc' dir='ltr'><strong>ἐφ’</strong></span> <span class='ocrx_word' id='word_1_18' title='bbox 2739 433 2874 505; x_wconf 79' lang='grc' dir='ltr'>ἡμῖν</span> <span class='ocrx_word' id='word_1_19' title='bbox 2925 433 3087 490; x_wconf 73' lang='grc' dir='ltr'>ἐστιν’</span> <span class='ocrx_word' id='word_1_20' title='bbox 3133 433 3385 507; x_wconf 69' lang='grc' dir='ltr'>ἐμμὲνειν</span> <span class='ocrx_word' id='word_1_21' title='bbox 3443 431 3530 503; x_wconf 69' lang='grc' dir='ltr'>δὲ,</span> <span class='ocrx_word' id='word_1_22' title='bbox 3564 435 3601 502; x_wconf 78' lang='grc' dir='ltr'>ἦ</span> <span class='ocrx_word' id='word_1_23' title='bbox 3638 433 3778 502; x_wconf 80' lang='grc' dir='ltr'>πάθη</span> 
     </span>
    </p>
   </div>
   <div class='ocr_carea' id='block_1_6' title="bbox 361 519 2005 594">
    <p class='ocr_par' dir='ltr' id='par_1_6' title="bbox 361 519 2005 594">
     <span class='ocr_line' id='line_1_6' title="bbox 361 519 2005 594; baseline -0.005 -13"><span class='ocrx_word' id='word_1_24' title='bbox 361 529 573 583; x_wconf 70' lang='lat' dir='ltr'><strong>nostras</strong></span> <span class='ocrx_word' id='word_1_25' title='bbox 603 524 900 581; x_wconf 79' lang='lat' dir='ltr'><strong>facultatis</strong></span> <span class='ocrx_word' id='word_1_26' title='bbox 929 528 1037 581; x_wconf 90' lang='lat' dir='ltr'><strong>est.</strong></span> <span class='ocrx_word' id='word_1_27' title='bbox 1061 523 1233 580; x_wconf 84' lang='lat' dir='ltr'><strong>Aliud</strong></span> <span class='ocrx_word' id='word_1_28' title='bbox 1265 524 1419 580; x_wconf 86' lang='lat' dir='ltr'><strong>enim</strong></span> <span class='ocrx_word' id='word_1_29' title='bbox 1442 529 1532 580; x_wconf 89' lang='lat' dir='ltr'><strong>est</strong></span> <span class='ocrx_word' id='word_1_30' title='bbox 1555 520 1823 594; x_wconf 85' lang='lat' dir='ltr'><strong>irruptio,</strong></span> <span class='ocrx_word' id='word_1_31' title='bbox 1847 519 2005 576; x_wconf 83' lang='lat' dir='ltr'><strong>aliud</strong></span> 
     </span>
    </p>
   </div>
   <div class='ocr_carea' id='block_1_7' title="bbox 363 610 2007 685">
    <p class='ocr_par' dir='ltr' id='par_1_7' title="bbox 363 610 2007 685">
     <span class='ocr_line' id='line_1_7' title="bbox 363 610 2007 685; baseline -0.005 -14"><span class='ocrx_word' id='word_1_32' title='bbox 363 615 640 681; x_wconf 64' lang='lat' dir='ltr'><strong>adhmsio,</strong></span> <span class='ocrx_word' id='word_1_33' title='bbox 674 614 834 669; x_wconf 88' lang='lat' dir='ltr'><strong>aliud</strong></span> <span class='ocrx_word' id='word_1_34' title='bbox 866 614 1083 685; x_wconf 81' lang='lat' dir='ltr'><strong>passio,</strong></span> <span class='ocrx_word' id='word_1_35' title='bbox 1114 612 1269 671; x_wconf 82' lang='lat' dir='ltr'><strong>aliud</strong></span> <span class='ocrx_word' id='word_1_36' title='bbox 1306 628 1522 685; x_wconf 82' lang='lat' dir='ltr'><strong>pugna,</strong></span> <span class='ocrx_word' id='word_1_37' title='bbox 1564 610 1722 666; x_wconf 83' lang='lat' dir='ltr'><strong>aliud</strong></span> <span class='ocrx_word' id='word_1_38' title='bbox 1758 624 2007 664; x_wconf 79' lang='lat' dir='ltr'><strong>consen-</strong></span> 
     </span>
    </p>
   </div>
   <div class='ocr_carea' id='block_1_8' title="bbox 363 696 2008 774">
    <p class='ocr_par' dir='ltr' id='par_1_8' title="bbox 363 696 2008 774">
     <span class='ocr_line' id='line_1_8' title="bbox 363 696 2008 774; baseline -0.005 -15"><span class='ocrx_word' id='word_1_39' title='bbox 363 720 488 772; x_wconf 89' lang='lat' dir='ltr'><strong>sus,</strong></span> <span class='ocrx_word' id='word_1_40' title='bbox 510 702 668 759; x_wconf 83' lang='lat' dir='ltr'><strong>aliud</strong></span> <span class='ocrx_word' id='word_1_41' title='bbox 700 702 979 774; x_wconf 79' lang='lat' dir='ltr'><strong>operatio.</strong></span> <span class='ocrx_word' id='word_1_42' title='bbox 1005 701 1074 756; x_wconf 84' lang='lat' dir='ltr'><strong>Et</strong></span> <span class='ocrx_word' id='word_1_43' title='bbox 1101 700 1343 773; x_wconf 75' lang='lat' dir='ltr'><strong>irruptio</strong></span> <span class='ocrx_word' id='word_1_44' title='bbox 1373 700 1611 773; x_wconf 85' lang='lat' dir='ltr'><strong>quidem</strong></span> <span class='ocrx_word' id='word_1_45' title='bbox 1643 702 1732 753; x_wconf 82' lang='lat' dir='ltr'><strong>est</strong></span> <span class='ocrx_word' id='word_1_46' title='bbox 1759 696 2008 768; x_wconf 82' lang='lat' dir='ltr'><strong>simplex</strong></span> 
     </span>
    </p>
   </div>
   <div class='ocr_carea' id='block_1_9' title="bbox 364 784 2006 859">
    <p class='ocr_par' dir='ltr' id='par_1_9' title="bbox 364 784 2006 859">
     <span class='ocr_line' id='line_1_9' title="bbox 364 784 2006 859; baseline -0.006 -11"><span class='ocrx_word' id='word_1_47' title='bbox 364 790 803 849; x_wconf 84' lang='lat' dir='ltr'><strong>reminiscentia</strong></span> <span class='ocrx_word' id='word_1_48' title='bbox 846 790 918 846; x_wconf 88' lang='lat' dir='ltr'><strong>ab</strong></span> <span class='ocrx_word' id='word_1_49' title='bbox 967 790 1205 845; x_wconf 86' lang='lat' dir='ltr'><strong>inimico</strong></span> <span class='ocrx_word' id='word_1_50' title='bbox 1254 790 1531 855; x_wconf 82' lang='lat' dir='ltr'><strong>inducta;</strong></span> <span class='ocrx_word' id='word_1_51' title='bbox 1572 786 1765 859; x_wconf 83' lang='lat' dir='ltr'><strong>qualis</strong></span> <span class='ocrx_word' id='word_1_52' title='bbox 1811 791 1901 840; x_wconf 85' lang='lat' dir='ltr'><strong>est</strong></span> <span class='ocrx_word' id='word_1_53' title='bbox 1930 784 2006 839; x_wconf 81' lang='lat' dir='ltr'><strong>is-</strong></span> 
     </span>
    </p>
   </div>
   <div class='ocr_carea' id='block_1_10' title="bbox 364 873 2008 943">
    <p class='ocr_par' dir='ltr' id='par_1_10' title="bbox 364 873 2008 943">
     <span class='ocr_line' id='line_1_10' title="bbox 364 873 2008 943; baseline -0.005 -8"><span class='ocrx_word' id='word_1_54' title='bbox 364 881 511 937; x_wconf 75' lang='lat' dir='ltr'><strong>thzec</strong></span> <span class='ocrx_word' id='word_1_55' title='bbox 543 898 557 934; x_wconf 85' lang='lat'><strong>:</strong></span> <span class='ocrx_word' id='word_1_56' title='bbox 596 881 708 935; x_wconf 80' lang='lat' dir='ltr'><strong>Hoc</strong></span> <span class='ocrx_word' id='word_1_57' title='bbox 734 879 925 943; x_wconf 81' lang='lat' dir='ltr'><strong>facito,</strong></span> <span class='ocrx_word' id='word_1_58' title='bbox 960 878 1047 933; x_wconf 79' lang='lat' dir='ltr'><strong>vel</strong></span> <span class='ocrx_word' id='word_1_59' title='bbox 1075 877 1220 933; x_wconf 89' lang='lat' dir='ltr'><strong>illud</strong></span> <span class='ocrx_word' id='word_1_60' title='bbox 1247 894 1259 933; x_wconf 89' lang='lat'>:</span> <span class='ocrx_word' id='word_1_61' title='bbox 1296 882 1358 934; x_wconf 87' lang='lat' dir='ltr'><strong>ut</strong></span> <span class='ocrx_word' id='word_1_62' title='bbox 1387 877 1614 932; x_wconf 79' lang='lat' dir='ltr'><strong>Christo</strong></span> <span class='ocrx_word' id='word_1_63' title='bbox 1643 875 1782 931; x_wconf 90' lang='lat' dir='ltr'><strong>olim</strong></span> <span class='ocrx_word' id='word_1_64' title='bbox 1814 879 1872 929; x_wconf 90' lang='lat' dir='ltr'><strong>et</strong></span> <span class='ocrx_word' id='word_1_65' title='bbox 1892 873 2008 928; x_wconf 89' lang='lat' dir='ltr'><strong>Deo</strong></span> 
     </span>
    </p>
   </div>
   <div class='ocr_carea' id='block_1_11' title="bbox 365 962 2009 1036">
    <p class='ocr_par' dir='ltr' id='par_1_11' title="bbox 365 962 2009 1036">
     <span class='ocr_line' id='line_1_11' title="bbox 365 962 2009 1036; baseline -0.005 -12"><span class='ocrx_word' id='word_1_66' title='bbox 365 975 561 1026; x_wconf 85' lang='lat' dir='ltr'><strong>nostro</strong></span> <span class='ocrx_word' id='word_1_67' title='bbox 611 968 832 1024; x_wconf 89' lang='lat' dir='ltr'><strong>dictum</strong></span> <span class='ocrx_word' id='word_1_68' title='bbox 884 974 972 1022; x_wconf 86' lang='lat' dir='ltr'><strong>est</strong></span> <span class='ocrx_word' id='word_1_69' title='bbox 1020 985 1033 1021; x_wconf 89' lang='lat'><strong>:</strong></span> <span class='ocrx_word' id='word_1_70' title='bbox 1086 988 1111 1017; x_wconf 86' lang='grc'>.‹</span> <span class='ocrx_word' id='word_1_71' title='bbox 1166 967 1265 1021; x_wconf 82' lang='lat' dir='ltr'><strong>Dic</strong></span> <span class='ocrx_word' id='word_1_72' title='bbox 1309 972 1371 1021; x_wconf 91' lang='lat' dir='ltr'><strong>ut</strong></span> <span class='ocrx_word' id='word_1_73' title='bbox 1417 965 1643 1036; x_wconf 90' lang='lat' dir='ltr'><strong>lapides</strong></span> <span class='ocrx_word' id='word_1_74' title='bbox 1688 962 1788 1018; x_wconf 86' lang='lat' dir='ltr'><strong>isti</strong></span> <span class='ocrx_word' id='word_1_75' title='bbox 1828 976 2009 1034; x_wconf 86' lang='lat' dir='ltr'><strong>panes</strong></span> 
     </span>
    </p>
   </div>
   <div class='ocr_carea' id='block_1_12' title="bbox 362 1056 2003 1127">
    <p class='ocr_par' dir='ltr' id='par_1_12' title="bbox 362 1056 2003 1127">
     <span class='ocr_line' id='line_1_12' title="bbox 362 1056 2003 1127; baseline -0.005 -13"><span class='ocrx_word' id='word_1_76' title='bbox 362 1059 508 1114; x_wconf 79' lang='lat' dir='ltr'><strong>ﬁant</strong></span> <span class='ocrx_word' id='word_1_77' title='bbox 536 1060 599 1112; x_wconf 68' lang='lat'><strong>‘0.</strong></span> <span class='ocrx_word' id='word_1_78' title='bbox 636 1079 664 1109; x_wconf 84' lang='lat'><strong>»</strong></span> <span class='ocrx_word' id='word_1_79' title='bbox 696 1058 833 1123; x_wconf 85' lang='lat' dir='ltr'><strong>Hoc,</strong></span> <span class='ocrx_word' id='word_1_80' title='bbox 863 1056 946 1112; x_wconf 86' lang='lat' dir='ltr'><strong>uti</strong></span> <span class='ocrx_word' id='word_1_81' title='bbox 978 1056 1195 1110; x_wconf 89' lang='lat' dir='ltr'><strong>dictum</strong></span> <span class='ocrx_word' id='word_1_82' title='bbox 1229 1060 1339 1123; x_wconf 90' lang='lat' dir='ltr'><strong>est,</strong></span> <span class='ocrx_word' id='word_1_83' title='bbox 1372 1071 1549 1127; x_wconf 84' lang='lat' dir='ltr'><strong>penes</strong></span> <span class='ocrx_word' id='word_1_84' title='bbox 1580 1070 1687 1109; x_wconf 87' lang='lat' dir='ltr'><strong>nos</strong></span> <span class='ocrx_word' id='word_1_85' title='bbox 1718 1068 1834 1107; x_wconf 91' lang='lat' dir='ltr'><strong>non</strong></span> <span class='ocrx_word' id='word_1_86' title='bbox 1894 1056 2003 1107; x_wconf 84' lang='lat' dir='ltr'><strong>est.</strong></span> 
     </span>
    </p>
   </div>
   <div class='ocr_carea' id='block_1_13' title="bbox 360 1141 2004 1213">
    <p class='ocr_par' dir='ltr' id='par_1_13' title="bbox 360 1141 2004 1213">
     <span class='ocr_line' id='line_1_13' title="bbox 360 1141 2004 1213; baseline -0.006 -10"><span class='ocrx_word' id='word_1_87' title='bbox 360 1148 627 1204; x_wconf 65' lang='lat' dir='ltr'><strong>Adhaesio</strong></span> <span class='ocrx_word' id='word_1_88' title='bbox 673 1151 764 1201; x_wconf 89' lang='lat' dir='ltr'><strong>est</strong></span> <span class='ocrx_word' id='word_1_89' title='bbox 812 1145 1096 1201; x_wconf 89' lang='lat' dir='ltr'><strong>admissio</strong></span> <span class='ocrx_word' id='word_1_90' title='bbox 1128 1145 1380 1200; x_wconf 63' lang='lat' dir='ltr'><strong>inductae</strong></span> <span class='ocrx_word' id='word_1_91' title='bbox 1410 1144 1483 1199; x_wconf 91' lang='lat' dir='ltr'><strong>ab</strong></span> <span class='ocrx_word' id='word_1_92' title='bbox 1517 1141 1754 1198; x_wconf 79' lang='lat' dir='ltr'><strong>inimico</strong></span> <span class='ocrx_word' id='word_1_93' title='bbox 1784 1142 2004 1213; x_wconf 87' lang='lat' dir='ltr'><strong>cogita-</strong></span> 
     </span>
    </p>
   </div>
   <div class='ocr_carea' id='block_1_14' title="bbox 358 1226 2008 1306">
    <p class='ocr_par' dir='ltr' id='par_1_14' title="bbox 358 1226 2008 1306">
     <span class='ocr_line' id='line_1_14' title="bbox 358 1226 2008 1306; baseline -0.004 -15"><span class='ocrx_word' id='word_1_94' title='bbox 358 1236 556 1301; x_wconf 84' lang='lat' dir='ltr'><strong>tionis,</strong></span> <span class='ocrx_word' id='word_1_95' title='bbox 590 1238 647 1290; x_wconf 88' lang='lat' dir='ltr'><strong>et</strong></span> <span class='ocrx_word' id='word_1_96' title='bbox 685 1234 853 1306; x_wconf 89' lang='lat' dir='ltr'><strong>quasi</strong></span> <span class='ocrx_word' id='word_1_97' title='bbox 908 1232 1205 1288; x_wconf 86' lang='lat' dir='ltr'><strong>meditatio</strong></span> <span class='ocrx_word' id='word_1_98' title='bbox 1236 1237 1293 1289; x_wconf 92' lang='lat' dir='ltr'><strong>et</strong></span> <span class='ocrx_word' id='word_1_99' title='bbox 1334 1247 1685 1303; x_wconf 89' lang='lat' dir='ltr'><strong>congressus</strong></span> <span class='ocrx_word' id='word_1_100' title='bbox 1732 1245 1864 1284; x_wconf 92' lang='lat' dir='ltr'><strong>cum</strong></span> <span class='ocrx_word' id='word_1_101' title='bbox 1909 1226 2008 1284; x_wconf 89' lang='lat' dir='ltr'><strong>illo</strong></span> 
     </span>
    </p>
   </div>
   <div class='ocr_carea' id='block_1_15' title="bbox 359 1318 2009 1396">
    <p class='ocr_par' dir='ltr' id='par_1_15' title="bbox 359 1318 2009 1396">
     <span class='ocr_line' id='line_1_15' title="bbox 359 1318 2009 1396; baseline -0.004 -16"><span class='ocrx_word' id='word_1_102' title='bbox 359 1325 514 1380; x_wconf 88' lang='lat' dir='ltr'><strong>circa</strong></span> <span class='ocrx_word' id='word_1_103' title='bbox 555 1322 922 1396; x_wconf 77' lang='lat' dir='ltr'><strong>pmpositum</strong></span> <span class='ocrx_word' id='word_1_104' title='bbox 973 1325 1260 1377; x_wconf 89' lang='lat' dir='ltr'><strong>nostrum.</strong></span> <span class='ocrx_word' id='word_1_105' title='bbox 1324 1321 1518 1377; x_wconf 82' lang='lat' dir='ltr'><strong>Passio</strong></span> <span class='ocrx_word' id='word_1_106' title='bbox 1566 1323 1657 1375; x_wconf 90' lang='lat' dir='ltr'><strong>est</strong></span> <span class='ocrx_word' id='word_1_107' title='bbox 1683 1318 1911 1373; x_wconf 65' lang='lat' dir='ltr'><strong>attestio</strong></span> <span class='ocrx_word' id='word_1_108' title='bbox 1941 1334 2009 1373; x_wconf 80' lang='lat' dir='ltr'><strong>ex</strong></span> 
     </span>
    </p>
   </div>
   <div class='ocr_carea' id='block_1_16' title="bbox 360 1406 2007 1482">
    <p class='ocr_par' dir='ltr' id='par_1_16' title="bbox 360 1406 2007 1482">
     <span class='ocr_line' id='line_1_16' title="bbox 360 1406 2007 1482; baseline -0.004 -14"><span class='ocrx_word' id='word_1_109' title='bbox 360 1412 697 1468; x_wconf 70' lang='lat' dir='ltr'><strong>adhaesione</strong></span> <span class='ocrx_word' id='word_1_110' title='bbox 729 1415 915 1482; x_wconf 85' lang='lat' dir='ltr'><strong>parta,</strong></span> <span class='ocrx_word' id='word_1_111' title='bbox 966 1414 1121 1465; x_wconf 87' lang='lat' dir='ltr'><strong>mota</strong></span> <span class='ocrx_word' id='word_1_112' title='bbox 1153 1410 1227 1465; x_wconf 91' lang='lat' dir='ltr'><strong>ab</strong></span> <span class='ocrx_word' id='word_1_113' title='bbox 1270 1409 1529 1473; x_wconf 88' lang='lat' dir='ltr'><strong>inimico,</strong></span> <span class='ocrx_word' id='word_1_114' title='bbox 1573 1408 1847 1479; x_wconf 80' lang='lat' dir='ltr'><strong>passione</strong></span> <span class='ocrx_word' id='word_1_115' title='bbox 1895 1406 2007 1462; x_wconf 89' lang='lat' dir='ltr'><strong>sci-</strong></span> 
     </span>
    </p>
   </div>
   <div class='ocr_carea' id='block_1_17' title="bbox 361 1496 2008 1571">
    <p class='ocr_par' dir='ltr' id='par_1_17' title="bbox 361 1496 2008 1571">
     <span class='ocr_line' id='line_1_17' title="bbox 361 1496 2008 1571; baseline -0.005 -14"><span class='ocrx_word' id='word_1_116' title='bbox 361 1502 498 1557; x_wconf 85' lang='lat' dir='ltr'><strong>licet</strong></span> <span class='ocrx_word' id='word_1_117' title='bbox 525 1503 597 1556; x_wconf 91' lang='lat' dir='ltr'><strong>ab</strong></span> <span class='ocrx_word' id='word_1_118' title='bbox 629 1499 728 1555; x_wconf 92' lang='lat' dir='ltr'><strong>illo</strong></span> <span class='ocrx_word' id='word_1_119' title='bbox 757 1499 1005 1555; x_wconf 81' lang='lat' dir='ltr'><strong>excitata</strong></span> <span class='ocrx_word' id='word_1_120' title='bbox 1029 1517 1043 1567; x_wconf 86' lang='lat'><strong>;</strong></span> <span class='ocrx_word' id='word_1_121' title='bbox 1065 1505 1272 1571; x_wconf 80' lang='lat' dir='ltr'><strong>estque</strong></span> <span class='ocrx_word' id='word_1_122' title='bbox 1304 1499 1458 1553; x_wconf 74' lang='lat' dir='ltr'><strong>velut</strong></span> <span class='ocrx_word' id='word_1_123' title='bbox 1487 1497 1790 1563; x_wconf 85' lang='lat' dir='ltr'><strong>admissio,</strong></span> <span class='ocrx_word' id='word_1_124' title='bbox 1825 1496 2008 1551; x_wconf 88' lang='lat' dir='ltr'><strong>medi-</strong></span> 
     </span>
    </p>
   </div>
   <div class='ocr_carea' id='block_1_18' title="bbox 363 1584 2010 1661">
    <p class='ocr_par' dir='ltr' id='par_1_18' title="bbox 363 1584 2010 1661">
     <span class='ocr_line' id='line_1_18' title="bbox 363 1584 2010 1661; baseline -0.004 -14"><span class='ocrx_word' id='word_1_125' title='bbox 363 1590 527 1658; x_wconf 88' lang='lat' dir='ltr'><strong>tatio,</strong></span> <span class='ocrx_word' id='word_1_126' title='bbox 559 1593 616 1644; x_wconf 89' lang='lat' dir='ltr'><strong>et</strong></span> <span class='ocrx_word' id='word_1_127' title='bbox 644 1588 974 1661; x_wconf 79' lang='lat' dir='ltr'><strong>phantasia.</strong></span> <span class='ocrx_word' id='word_1_128' title='bbox 1008 1587 1212 1660; x_wconf 85' lang='lat' dir='ltr'><strong>Pugna</strong></span> <span class='ocrx_word' id='word_1_129' title='bbox 1251 1592 1343 1642; x_wconf 90' lang='lat' dir='ltr'><strong>est</strong></span> <span class='ocrx_word' id='word_1_130' title='bbox 1383 1585 1738 1655; x_wconf 83' lang='lat' dir='ltr'><strong>colluctatio,</strong></span> <span class='ocrx_word' id='word_1_131' title='bbox 1793 1588 1895 1640; x_wconf 87' lang='lat' dir='ltr'><strong>aut</strong></span> <span class='ocrx_word' id='word_1_132' title='bbox 1936 1584 2010 1640; x_wconf 89' lang='lat' dir='ltr'><strong>ad</strong></span> 
     </span>
    </p>
   </div>
   <div class='ocr_carea' id='block_1_19' title="bbox 365 1673 2013 1748">
    <p class='ocr_par' dir='ltr' id='par_1_19' title="bbox 365 1673 2013 1748">
     <span class='ocr_line' id='line_1_19' title="bbox 365 1673 2013 1748; baseline -0.004 -15"><span class='ocrx_word' id='word_1_133' title='bbox 365 1677 785 1733; x_wconf 89' lang='lat' dir='ltr'><strong>eliminaudam</strong></span> <span class='ocrx_word' id='word_1_134' title='bbox 817 1675 1227 1748; x_wconf 87' lang='lat' dir='ltr'><strong>cogitationem</strong></span> <span class='ocrx_word' id='word_1_135' title='bbox 1276 1673 1588 1746; x_wconf 84' lang='lat' dir='ltr'><strong>passionis,</strong></span> <span class='ocrx_word' id='word_1_136' title='bbox 1620 1678 1722 1728; x_wconf 90' lang='lat' dir='ltr'><strong>aut</strong></span> <span class='ocrx_word' id='word_1_137' title='bbox 1767 1673 1839 1727; x_wconf 87' lang='lat' dir='ltr'><strong>ad</strong></span> <span class='ocrx_word' id='word_1_138' title='bbox 1869 1689 2013 1727; x_wconf 85' lang='lat' dir='ltr'><strong>con-</strong></span> 
     </span>
    </p>
   </div>
   <div class='ocr_carea' id='block_1_20' title="bbox 2115 519 3780 600">
    <p class='ocr_par' dir='ltr' id='par_1_20' title="bbox 2115 519 3780 600">
     <span class='ocr_line' id='line_1_20' title="bbox 2115 519 3780 600; baseline 0.003 -28"><span class='ocrx_word' id='word_1_139' title='bbox 2115 522 2307 588; x_wconf 80' lang='grc' dir='ltr'>κινεῖν,</span> <span class='ocrx_word' id='word_1_140' title='bbox 2338 519 2372 588; x_wconf 81' lang='grc' dir='ltr'><strong>ἢ</strong></span> <span class='ocrx_word' id='word_1_141' title='bbox 2404 519 2481 591; x_wconf 79' lang='grc' dir='ltr'>μή</span> <span class='ocrx_word' id='word_1_142' title='bbox 2530 525 2719 590; x_wconf 80' lang='grc' dir='ltr'><strong>κινεῖν,</strong></span> <span class='ocrx_word' id='word_1_143' title='bbox 2751 519 2961 592; x_wconf 82' lang='grc' dir='ltr'>ὁμοίως</span> <span class='ocrx_word' id='word_1_144' title='bbox 3007 526 3116 578; x_wconf 82' lang='grc' dir='ltr'><strong>τῶν</strong></span> <span class='ocrx_word' id='word_1_145' title='bbox 3164 523 3247 600; x_wconf 72' lang='grc' dir='ltr'><strong>ἐφ’</strong></span> <span class='ocrx_word' id='word_1_146' title='bbox 3292 522 3461 596; x_wconf 79' lang='grc' dir='ltr'>ἡμῖν.</span> <span class='ocrx_word' id='word_1_147' title='bbox 3494 520 3685 579; x_wconf 81' lang='grc' dir='ltr'>’Άλλο</span> <span class='ocrx_word' id='word_1_148' title='bbox 3726 519 3780 577; x_wconf 73' lang='grc' dir='ltr'>δέ</span> 
     </span>
    </p>
   </div>
   <div class='ocr_carea' id='block_1_21' title="bbox 2117 601 3783 684">
    <p class='ocr_par' dir='ltr' id='par_1_21' title="bbox 2117 601 3783 684">
     <span class='ocr_line' id='line_1_21' title="bbox 2117 601 3783 684; baseline 0.003 -24"><span class='ocrx_word' id='word_1_149' title='bbox 2117 604 2229 661; x_wconf 76' lang='grc' dir='ltr'>ἐστι</span> <span class='ocrx_word' id='word_1_150' title='bbox 2260 601 2572 683; x_wconf 72' lang='grc' dir='ltr'>προσϐολὴ,</span> <span class='ocrx_word' id='word_1_151' title='bbox 2602 607 2693 663; x_wconf 84' lang='grc' dir='ltr'><strong>καὶ</strong></span> <span class='ocrx_word' id='word_1_152' title='bbox 2720 608 2862 666; x_wconf 74' lang='grc' dir='ltr'>ἄλλο</span> <span class='ocrx_word' id='word_1_153' title='bbox 2892 607 3254 684; x_wconf 80' lang='grc' dir='ltr'><strong>συνδυασμὸς,</strong></span> <span class='ocrx_word' id='word_1_154' title='bbox 3282 611 3369 666; x_wconf 76' lang='grc' dir='ltr'><strong>καὶ</strong></span> <span class='ocrx_word' id='word_1_155' title='bbox 3406 608 3564 667; x_wconf 79' lang='grc' dir='ltr'>ἄλλο</span> <span class='ocrx_word' id='word_1_156' title='bbox 3594 610 3783 680; x_wconf 80' lang='grc' dir='ltr'>πάθος,</span> 
     </span>
    </p>
   </div>
   <div class='ocr_carea' id='block_1_22' title="bbox 2117 692 3783 775">
    <p class='ocr_par' dir='ltr' id='par_1_22' title="bbox 2117 692 3783 775">
     <span class='ocr_line' id='line_1_22' title="bbox 2117 692 3783 775; baseline 0.004 -27"><span class='ocrx_word' id='word_1_157' title='bbox 2117 694 2207 749; x_wconf 84' lang='grc' dir='ltr'><strong>καὶ</strong></span> <span class='ocrx_word' id='word_1_158' title='bbox 2238 692 2379 750; x_wconf 79' lang='grc' dir='ltr'>ἄλλο</span> <span class='ocrx_word' id='word_1_159' title='bbox 2411 694 2585 767; x_wconf 85' lang='grc' dir='ltr'>πάλη,</span> <span class='ocrx_word' id='word_1_160' title='bbox 2617 696 2707 751; x_wconf 86' lang='grc' dir='ltr'><strong>καὶ</strong></span> <span class='ocrx_word' id='word_1_161' title='bbox 2740 694 2883 753; x_wconf 78' lang='grc' dir='ltr'>ἄλλο</span> <span class='ocrx_word' id='word_1_162' title='bbox 2913 699 3423 774; x_wconf 83' lang='grc' dir='ltr'>συγκατάθεσις,καὶ</span> <span class='ocrx_word' id='word_1_163' title='bbox 3458 695 3614 755; x_wconf 78' lang='grc' dir='ltr'>ἄλλο</span> <span class='ocrx_word' id='word_1_164' title='bbox 3644 697 3783 775; x_wconf 68' lang='grc' dir='ltr'><strong>ἐνέρ-</strong></span> 
     </span>
    </p>
   </div>
   <div class='ocr_carea' id='block_1_23' title="bbox 2119 778 3783 862">
    <p class='ocr_par' dir='ltr' id='par_1_23' title="bbox 2119 778 3783 862">
     <span class='ocr_line' id='line_1_23' title="bbox 2119 778 3783 862; baseline 0.003 -24"><span class='ocrx_word' id='word_1_165' title='bbox 2119 802 2258 858; x_wconf 87' lang='grc' dir='ltr'>γεια.</span> <span class='ocrx_word' id='word_1_166' title='bbox 2292 782 2391 838; x_wconf 80' lang='grc' dir='ltr'><strong>Καὶ</strong></span> <span class='ocrx_word' id='word_1_167' title='bbox 2423 778 2707 857; x_wconf 79' lang='grc' dir='ltr'>προσϐολή</span> <span class='ocrx_word' id='word_1_168' title='bbox 2744 785 2838 857; x_wconf 73' lang='grc' dir='ltr'>μὲν</span> <span class='ocrx_word' id='word_1_169' title='bbox 2869 782 3009 842; x_wconf 79' lang='grc' dir='ltr'>ἔστιν</span> <span class='ocrx_word' id='word_1_170' title='bbox 3040 788 3077 857; x_wconf 79' lang='grc' dir='ltr'><strong>ἠ</strong></span> <span class='ocrx_word' id='word_1_171' title='bbox 3123 785 3313 849; x_wconf 79' lang='grc' dir='ltr'>ἁπλῶς</span> <span class='ocrx_word' id='word_1_172' title='bbox 3356 786 3642 862; x_wconf 73' lang='grc' dir='ltr'>γινομὲνη</span> <span class='ocrx_word' id='word_1_173' title='bbox 3688 792 3783 843; x_wconf 88' lang='grc' dir='ltr'><strong>τοῦ</strong></span> 
     </span>
    </p>
   </div>
   <div class='ocr_carea' id='block_1_24' title="bbox 2119 870 3782 947">
    <p class='ocr_par' dir='ltr' id='par_1_24' title="bbox 2119 870 3782 947">
     <span class='ocr_line' id='line_1_24' title="bbox 2119 870 3782 947; baseline 0.002 -20"><span class='ocrx_word' id='word_1_174' title='bbox 2119 871 2325 947; x_wconf 68' lang='grc' dir='ltr'>ἐχθροῦ</span> <span class='ocrx_word' id='word_1_175' title='bbox 2357 870 2684 945; x_wconf 80' lang='grc' dir='ltr'>ὑπόμνησις’</span> <span class='ocrx_word' id='word_1_176' title='bbox 2716 874 2850 942; x_wconf 83' lang='grc' dir='ltr'>οἷον,</span> <span class='ocrx_word' id='word_1_177' title='bbox 2884 874 3121 946; x_wconf 77' lang='grc' dir='ltr'>Ποίησον</span> <span class='ocrx_word' id='word_1_178' title='bbox 3146 873 3293 943; x_wconf 88' lang='grc' dir='ltr'>τόδε,</span> <span class='ocrx_word' id='word_1_179' title='bbox 3322 877 3356 945; x_wconf 80' lang='grc' dir='ltr'><strong>ἢ</strong></span> <span class='ocrx_word' id='word_1_180' title='bbox 3382 873 3545 930; x_wconf 83' lang='grc' dir='ltr'>τόδε·</span> <span class='ocrx_word' id='word_1_181' title='bbox 3580 876 3660 937; x_wconf 80' lang='grc' dir='ltr'><strong>ὡς</strong></span> <span class='ocrx_word' id='word_1_182' title='bbox 3698 874 3782 930; x_wconf 77' lang='grc' dir='ltr'>ἐπὶ</span> 
     </span>
    </p>
   </div>
   <div class='ocr_carea' id='block_1_25' title="bbox 2113 961 3779 1037">
    <p class='ocr_par' dir='ltr' id='par_1_25' title="bbox 2113 961 3779 1037">
     <span class='ocr_line' id='line_1_25' title="bbox 2113 961 3779 1037; baseline 0.001 -20"><span class='ocrx_word' id='word_1_183' title='bbox 2113 965 2212 1017; x_wconf 90' lang='grc' dir='ltr'><strong>τοῦ</strong></span> <span class='ocrx_word' id='word_1_184' title='bbox 2244 964 2478 1037; x_wconf 77' lang='grc' dir='ltr'>Χριστοῦ</span> <span class='ocrx_word' id='word_1_185' title='bbox 2507 961 2598 1017; x_wconf 84' lang='grc' dir='ltr'>καί</span> <span class='ocrx_word' id='word_1_186' title='bbox 2638 967 2772 1017; x_wconf 87' lang='grc' dir='ltr'>Θεοῦ</span> <span class='ocrx_word' id='word_1_187' title='bbox 2801 963 2985 1036; x_wconf 70' lang='grc' dir='ltr'><strong>ἡμῶν⁸</strong></span> <span class='ocrx_word' id='word_1_188' title='bbox 3020 987 3049 1016; x_wconf 88' lang='grc'><strong>‹‹</strong></span> <span class='ocrx_word' id='word_1_189' title='bbox 3082 963 3216 1019; x_wconf 66' lang='lat' dir='ltr'><strong>Eine</strong></span> <span class='ocrx_word' id='word_1_190' title='bbox 3240 962 3333 1020; x_wconf 69' lang='grc' dir='ltr'>ἵνα</span> <span class='ocrx_word' id='word_1_191' title='bbox 3362 965 3419 1020; x_wconf 70' lang='grc' dir='ltr'>οἱ</span> <span class='ocrx_word' id='word_1_192' title='bbox 3447 962 3603 1020; x_wconf 80' lang='grc' dir='ltr'>λίθοι</span> <span class='ocrx_word' id='word_1_193' title='bbox 3634 965 3779 1020; x_wconf 82' lang='grc' dir='ltr'>οὗτοι</span> 
     </span>
    </p>
   </div>
   <div class='ocr_carea' id='block_1_26' title="bbox 2117 1049 3778 1130">
    <p class='ocr_par' dir='ltr' id='par_1_26' title="bbox 2117 1049 3778 1130">
     <span class='ocr_line' id='line_1_26' title="bbox 2117 1049 3778 1130; baseline 0.004 -26"><span class='ocrx_word' id='word_1_194' title='bbox 2117 1051 2270 1125; x_wconf 82' lang='grc' dir='ltr'>ἄρτοι</span> <span class='ocrx_word' id='word_1_195' title='bbox 2317 1049 2600 1125; x_wconf 58' lang='grc' dir='ltr'>γίνωνται.</span> <span class='ocrx_word' id='word_1_196' title='bbox 2635 1074 2664 1103; x_wconf 87' lang='grc'><strong>››</strong></span> <span class='ocrx_word' id='word_1_197' title='bbox 2702 1054 2895 1120; x_wconf 89' lang='grc' dir='ltr'>Τοῦτο,</span> <span class='ocrx_word' id='word_1_198' title='bbox 2945 1051 3020 1115; x_wconf 81' lang='grc' dir='ltr'><strong>ὡς</strong></span> <span class='ocrx_word' id='word_1_199' title='bbox 3070 1049 3304 1124; x_wconf 69' lang='grc' dir='ltr'>ε’ίρηται,</span> <span class='ocrx_word' id='word_1_200' title='bbox 3335 1052 3443 1108; x_wconf 71' lang='grc' dir='ltr'>οὐκ</span> <span class='ocrx_word' id='word_1_201' title='bbox 3486 1052 3575 1130; x_wconf 70' lang='grc' dir='ltr'><strong>ἐφ’</strong></span> <span class='ocrx_word' id='word_1_202' title='bbox 3622 1054 3778 1125; x_wconf 76' lang='grc' dir='ltr'>ἡμῖν.</span> 
     </span>
    </p>
   </div>
   <div class='ocr_carea' id='block_1_27' title="bbox 2120 1134 3779 1217">
    <p class='ocr_par' dir='ltr' id='par_1_27' title="bbox 2120 1134 3779 1217">
     <span class='ocr_line' id='line_1_27' title="bbox 2120 1134 3779 1217; baseline 0.002 -25"><span class='ocrx_word' id='word_1_203' title='bbox 2120 1134 2466 1210; x_wconf 84' lang='grc' dir='ltr'>Συνδυασμὸς</span> <span class='ocrx_word' id='word_1_204' title='bbox 2502 1135 2561 1194; x_wconf 76' lang='grc' dir='ltr'><strong>δέ</strong></span> <span class='ocrx_word' id='word_1_205' title='bbox 2589 1138 2728 1196; x_wconf 69' lang='grc' dir='ltr'>ἐστιν</span> <span class='ocrx_word' id='word_1_206' title='bbox 2760 1140 2795 1211; x_wconf 76' lang='grc' dir='ltr'><strong>ἠ</strong></span> <span class='ocrx_word' id='word_1_207' title='bbox 2828 1138 3120 1217; x_wconf 83' lang='grc' dir='ltr'>παραδοχή</span> <span class='ocrx_word' id='word_1_208' title='bbox 3167 1146 3266 1197; x_wconf 89' lang='grc' dir='ltr'><strong>τοῦ</strong></span> <span class='ocrx_word' id='word_1_209' title='bbox 3307 1137 3779 1215; x_wconf 74' lang='grc' dir='ltr'>ὑποϐαλλομὲνου</span> 
     </span>
    </p>
   </div>
   <div class='ocr_carea' id='block_1_28' title="bbox 2117 1227 3779 1305">
    <p class='ocr_par' dir='ltr' id='par_1_28' title="bbox 2117 1227 3779 1305">
     <span class='ocr_line' id='line_1_28' title="bbox 2117 1227 3779 1305; baseline 0.001 -22"><span class='ocrx_word' id='word_1_210' title='bbox 2117 1227 2390 1301; x_wconf 80' lang='grc' dir='ltr'>λογισμοῦ</span> <span class='ocrx_word' id='word_1_211' title='bbox 2429 1227 2577 1303; x_wconf 81' lang='grc' dir='ltr'>παρὰ</span> <span class='ocrx_word' id='word_1_212' title='bbox 2602 1232 2701 1283; x_wconf 88' lang='grc' dir='ltr'><strong>τοῦ</strong></span> <span class='ocrx_word' id='word_1_213' title='bbox 2749 1227 2970 1305; x_wconf 74' lang='grc' dir='ltr'>ὲχθροῦο</span> <span class='ocrx_word' id='word_1_214' title='bbox 2998 1231 3109 1285; x_wconf 77' lang='grc' dir='ltr'>οἷον</span> <span class='ocrx_word' id='word_1_215' title='bbox 3174 1236 3288 1304; x_wconf 84' lang='grc' dir='ltr'>μετ’</span> <span class='ocrx_word' id='word_1_216' title='bbox 3335 1229 3514 1287; x_wconf 75' lang='grc' dir='ltr'>αὐτοῦ</span> <span class='ocrx_word' id='word_1_217' title='bbox 3578 1231 3779 1303; x_wconf 64' lang='grc' dir='ltr'>μελέτη</span> 
     </span>
    </p>
   </div>
   <div class='ocr_carea' id='block_1_29' title="bbox 2116 1315 3778 1393">
    <p class='ocr_par' dir='ltr' id='par_1_29' title="bbox 2116 1315 3778 1393">
     <span class='ocr_line' id='line_1_29' title="bbox 2116 1315 3778 1393; baseline 0.001 -21"><span class='ocrx_word' id='word_1_218' title='bbox 2116 1317 2206 1372; x_wconf 83' lang='grc' dir='ltr'><strong>καὶ</strong></span> <span class='ocrx_word' id='word_1_219' title='bbox 2239 1315 2435 1389; x_wconf 81' lang='grc' dir='ltr'>ὁμιλία</span> <span class='ocrx_word' id='word_1_220' title='bbox 2464 1316 2597 1390; x_wconf 72' lang='grc' dir='ltr'>ὑπὲρ</span> <span class='ocrx_word' id='word_1_221' title='bbox 2627 1321 2695 1391; x_wconf 75' lang='grc' dir='ltr'><strong>τῇ</strong></span> <span class='ocrx_word' id='word_1_222' title='bbox 2725 1320 3038 1393; x_wconf 71' lang='grc' dir='ltr'>προαιρέσει</span> <span class='ocrx_word' id='word_1_223' title='bbox 3085 1321 3268 1392; x_wconf 77' lang='grc' dir='ltr'>ἡμῶν.</span> <span class='ocrx_word' id='word_1_224' title='bbox 3306 1319 3490 1383; x_wconf 87' lang='grc' dir='ltr'>Πάθος</span> <span class='ocrx_word' id='word_1_225' title='bbox 3534 1318 3597 1376; x_wconf 77' lang='grc' dir='ltr'><strong>δέ</strong></span> <span class='ocrx_word' id='word_1_226' title='bbox 3645 1320 3778 1375; x_wconf 78' lang='grc' dir='ltr'>ἐστιν</span> 
     </span>
    </p>
   </div>
   <div class='ocr_carea' id='block_1_30' title="bbox 2118 1402 3777 1483">
    <p class='ocr_par' dir='ltr' id='par_1_30' title="bbox 2118 1402 3777 1483">
     <span class='ocr_line' id='line_1_30' title="bbox 2118 1402 3777 1483; baseline 0.002 -25"><span class='ocrx_word' id='word_1_227' title='bbox 2118 1405 2153 1474; x_wconf 77' lang='grc' dir='ltr'>ἡ</span> <span class='ocrx_word' id='word_1_228' title='bbox 2186 1404 2294 1459; x_wconf 78' lang='grc' dir='ltr'><strong>ἀπὸ</strong></span> <span class='ocrx_word' id='word_1_229' title='bbox 2320 1408 2420 1458; x_wconf 88' lang='grc' dir='ltr'><strong>τοῦ</strong></span> <span class='ocrx_word' id='word_1_230' title='bbox 2462 1402 2808 1477; x_wconf 81' lang='grc' dir='ltr'>συνδυασμοῦ</span> <span class='ocrx_word' id='word_1_231' title='bbox 2833 1402 2941 1477; x_wconf 64' lang='grc' dir='ltr'>ἕξις</span> <span class='ocrx_word' id='word_1_232' title='bbox 2967 1405 3229 1482; x_wconf 76' lang='grc' dir='ltr'>γινομένη</span> <span class='ocrx_word' id='word_1_233' title='bbox 3262 1408 3410 1483; x_wconf 76' lang='grc' dir='ltr'>παρὰ</span> <span class='ocrx_word' id='word_1_234' title='bbox 3439 1412 3548 1463; x_wconf 86' lang='grc' dir='ltr'><strong>τοῦ</strong></span> <span class='ocrx_word' id='word_1_235' title='bbox 3581 1406 3777 1481; x_wconf 76' lang='grc' dir='ltr'>ἐχθροῦ</span> 
     </span>
    </p>
   </div>
   <div class='ocr_carea' id='block_1_31' title="bbox 2120 1487 3776 1571">
    <p class='ocr_par' dir='ltr' id='par_1_31' title="bbox 2120 1487 3776 1571">
     <span class='ocr_line' id='line_1_31' title="bbox 2120 1487 3776 1571; baseline 0.002 -24"><span class='ocrx_word' id='word_1_236' title='bbox 2120 1487 2578 1565; x_wconf 72' lang='grc' dir='ltr'>ὑποϐαλλομὲνου</span> <span class='ocrx_word' id='word_1_237' title='bbox 2620 1494 2845 1558; x_wconf 82' lang='grc' dir='ltr'>πάθους·</span> <span class='ocrx_word' id='word_1_238' title='bbox 2880 1494 2970 1550; x_wconf 72' lang='grc' dir='ltr'><strong>καὶ</strong></span> <span class='ocrx_word' id='word_1_239' title='bbox 3025 1497 3140 1550; x_wconf 81' lang='grc' dir='ltr'>οἷον</span> <span class='ocrx_word' id='word_1_240' title='bbox 3184 1496 3220 1565; x_wconf 78' lang='grc' dir='ltr'>ἠ</span> <span class='ocrx_word' id='word_1_241' title='bbox 3272 1496 3518 1571; x_wconf 74' lang='grc' dir='ltr'>συνοχὴ,</span> <span class='ocrx_word' id='word_1_242' title='bbox 3554 1493 3776 1567; x_wconf 78' lang='grc' dir='ltr'>μελέτη,</span> 
     </span>
    </p>
   </div>
   <div class='ocr_carea' id='block_1_32' title="bbox 2117 1579 3775 1658">
    <p class='ocr_par' dir='ltr' id='par_1_32' title="bbox 2117 1579 3775 1658">
     <span class='ocr_line' id='line_1_32' title="bbox 2117 1579 3775 1658; baseline 0.001 -23"><span class='ocrx_word' id='word_1_243' title='bbox 2117 1580 2208 1635; x_wconf 81' lang='grc' dir='ltr'><strong>καὶ</strong></span> <span class='ocrx_word' id='word_1_244' title='bbox 2254 1580 2536 1658; x_wconf 74' lang='grc' dir='ltr'>φαντασία.</span> <span class='ocrx_word' id='word_1_245' title='bbox 2588 1579 2744 1653; x_wconf 87' lang='grc' dir='ltr'>Πάλη</span> <span class='ocrx_word' id='word_1_246' title='bbox 2806 1580 2865 1638; x_wconf 67' lang='grc' dir='ltr'>δὲ</span> <span class='ocrx_word' id='word_1_247' title='bbox 2910 1582 3051 1638; x_wconf 77' lang='grc' dir='ltr'>ἐστιν</span> <span class='ocrx_word' id='word_1_248' title='bbox 3101 1584 3137 1654; x_wconf 76' lang='grc' dir='ltr'>ἠ</span> <span class='ocrx_word' id='word_1_249' title='bbox 3182 1582 3522 1651; x_wconf 79' lang='grc' dir='ltr'>ἀντίστασις,</span> <span class='ocrx_word' id='word_1_250' title='bbox 3562 1586 3601 1653; x_wconf 74' lang='grc' dir='ltr'><strong>ἢ</strong></span> <span class='ocrx_word' id='word_1_251' title='bbox 3646 1584 3775 1655; x_wconf 79' lang='grc' dir='ltr'>πρὸς</span> 
     </span>
    </p>
   </div>
   <div class='ocr_carea' id='block_1_33' title="bbox 2119 1667 3779 1748">
    <p class='ocr_par' dir='ltr' id='par_1_33' title="bbox 2119 1667 3779 1748">
     <span class='ocr_line' id='line_1_33' title="bbox 2119 1667 3779 1748; baseline 0.002 -25"><span class='ocrx_word' id='word_1_252' title='bbox 2119 1667 2387 1742; x_wconf 79' lang='grc' dir='ltr'>ἀναίρεσιν</span> <span class='ocrx_word' id='word_1_253' title='bbox 2419 1674 2516 1724; x_wconf 87' lang='grc' dir='ltr'><strong>τοῦ</strong></span> <span class='ocrx_word' id='word_1_254' title='bbox 2548 1669 2822 1744; x_wconf 84' lang='grc' dir='ltr'>λογισμοῦ</span> <span class='ocrx_word' id='word_1_255' title='bbox 2860 1675 2959 1727; x_wconf 90' lang='grc' dir='ltr'><strong>τοῦ</strong></span> <span class='ocrx_word' id='word_1_256' title='bbox 3005 1672 3232 1741; x_wconf 83' lang='grc' dir='ltr'>πάθους,</span> <span class='ocrx_word' id='word_1_257' title='bbox 3260 1674 3296 1742; x_wconf 85' lang='grc' dir='ltr'><strong>ἢ</strong></span> <span class='ocrx_word' id='word_1_258' title='bbox 3325 1672 3468 1748; x_wconf 85' lang='grc' dir='ltr'>πρὸς</span> <span class='ocrx_word' id='word_1_259' title='bbox 3522 1672 3779 1747; x_wconf 59' lang='lat' dir='ltr'><strong>cis-{mdo</strong></span> 
     </span>
    </p>
   </div>
   <div class='ocr_carea' id='block_1_34' title="bbox 366 1758 2012 1867">
    <p class='ocr_par' dir='ltr' id='par_1_34' title="bbox 366 1761 2007 1836">
     <span class='ocr_line' id='line_1_34' title="bbox 366 1761 2007 1836; baseline -0.004 -14"><span class='ocrx_word' id='word_1_260' title='bbox 366 1782 630 1835; x_wconf 85' lang='lat' dir='ltr'><strong>sensum,</strong></span> <span class='ocrx_word' id='word_1_261' title='bbox 663 1770 730 1820; x_wconf 90' lang='lat' dir='ltr'><strong>ut</strong></span> <span class='ocrx_word' id='word_1_262' title='bbox 757 1764 839 1820; x_wconf 88' lang='lat' dir='ltr'><strong>ait</strong></span> <span class='ocrx_word' id='word_1_263' title='bbox 866 1763 1178 1836; x_wconf 82' lang='lat' dir='ltr'><strong>Apostolus</strong></span> <span class='ocrx_word' id='word_1_264' title='bbox 1211 1781 1225 1819; x_wconf 90' lang='lat'><strong>:</strong></span> <span class='ocrx_word' id='word_1_265' title='bbox 1261 1786 1289 1813; x_wconf 88' lang='grc'><strong>‹‹</strong></span> <span class='ocrx_word' id='word_1_266' title='bbox 1321 1764 1465 1819; x_wconf 88' lang='lat' dir='ltr'><strong>Caro</strong></span> <span class='ocrx_word' id='word_1_267' title='bbox 1512 1761 1875 1833; x_wconf 85' lang='lat' dir='ltr'><strong>concupiscit</strong></span> <span class='ocrx_word' id='word_1_268' title='bbox 1909 1761 2007 1816; x_wconf 53' lang='lat' dir='ltr'><strong>ad-</strong></span> 
     </span>
    </p>
   </div>
   <div class='ocr_carea' id='block_1_35' title="bbox 2125 1758 3777 1867">
    <p class='ocr_par' dir='ltr' id='par_1_35' title="bbox 2125 1758 3777 1867">
     <span class='ocr_line' id='line_1_35' title="bbox 2125 1758 3777 1837; baseline 0.001 -25"><span class='ocrx_word' id='word_1_269' title='bbox 2125 1769 2289 1826; x_wconf 76' lang='grc' dir='ltr'>Θεσιν,</span> <span class='ocrx_word' id='word_1_270' title='bbox 2317 1758 2496 1821; x_wconf 85' lang='grc' dir='ltr'>καθώς</span> <span class='ocrx_word' id='word_1_271' title='bbox 2543 1779 2704 1835; x_wconf 73' lang='grc' dir='ltr'>φησιν</span> <span class='ocrx_word' id='word_1_272' title='bbox 2753 1759 2782 1813; x_wconf 78' lang='grc' dir='ltr'><strong>ὁ</strong></span> <span class='ocrx_word' id='word_1_273' title='bbox 2824 1758 3176 1823; x_wconf 86' lang='grc' dir='ltr'>Ἀπόστολος.</span> <span class='ocrx_word' id='word_1_274' title='bbox 3224 1785 3254 1813; x_wconf 88' lang='grc'><strong>‹‹</strong></span> <span class='ocrx_word' id='word_1_275' title='bbox 3296 1762 3361 1816; x_wconf 85' lang='grc' dir='ltr'>Ἡ</span> <span class='ocrx_word' id='word_1_276' title='bbox 3407 1761 3549 1837; x_wconf 77' lang='grc' dir='ltr'>σὰρξ</span> <span class='ocrx_word' id='word_1_277' title='bbox 3600 1761 3777 1823; x_wconf 73' lang='grc' dir='ltr'>ἐπιθυ-</span> 
     </span>
     <span class='ocr_line' id='line_1_36' title="bbox 2128 1846 3746 1867; baseline 0 0"><span class='ocrx_word' id='word_1_278' title='bbox 2128 1865 2155 1867; x_wconf 63' lang='lat'><strong>,.</strong></span> <span class='ocrx_word' id='word_1_279' title='bbox 2176 1850 2216 1867; x_wconf 24' lang='grc' dir='ltr'>ιν</span> <span class='ocrx_word' id='word_1_280' title='bbox 2272 1866 2277 1867; x_wconf 62' lang='lat'><strong><em>,</em></strong></span> <span class='ocrx_word' id='word_1_281' title='bbox 2294 1866 2297 1867; x_wconf 40' lang='grc' dir='ltr'><em>ν</em></span> <span class='ocrx_word' id='word_1_282' title='bbox 2314 1866 2319 1867; x_wconf 62' lang='lat'><strong><em>,</em></strong></span> <span class='ocrx_word' id='word_1_283' title='bbox 2348 1866 2365 1867; x_wconf 34' lang='grc' dir='ltr'><em>κ</em></span> <span class='ocrx_word' id='word_1_284' title='bbox 2382 1846 2397 1865; x_wconf 70' lang='lat'><em>\</em></span> <span class='ocrx_word' id='word_1_285' title='bbox 2466 1866 2473 1867; x_wconf 34' lang='grc' dir='ltr'><em>κ</em></span> <span class='ocrx_word' id='word_1_286' title='bbox 2504 1850 2552 1867; x_wconf 35' lang='grc' dir='ltr'><strong>γαν</strong></span> <span class='ocrx_word' id='word_1_287' title='bbox 2718 1846 2732 1867; x_wconf 78' lang='grc' dir='ltr'><strong><em>Ι</em></strong></span> <span class='ocrx_word' id='word_1_288' title='bbox 3010 1848 3024 1867; x_wconf 74' lang='lat'><strong><em>\</em></strong></span> <span class='ocrx_word' id='word_1_289' title='bbox 3094 1846 3139 1867; x_wconf 49' lang='grc' dir='ltr'>θλ</span> <span class='ocrx_word' id='word_1_290' title='bbox 3306 1853 3335 1864; x_wconf 56' lang='grc' dir='ltr'><strong>α</strong></span> <span class='ocrx_word' id='word_1_291' title='bbox 3604 1850 3621 1867; x_wconf 83' lang='lat'><strong><em>\</em></strong></span> <span class='ocrx_word' id='word_1_292' title='bbox 3720 1854 3746 1866; x_wconf 68' lang='grc' dir='ltr'><strong>ο</strong></span> 
     </span>
    </p>
   </div>
   <div class='ocr_carea' id='block_1_36' title="bbox 366 1849 2010 1925">
    <p class='ocr_par' dir='ltr' id='par_1_36' title="bbox 366 1849 2010 1925">
     <span class='ocr_line' id='line_1_37' title="bbox 366 1849 2010 1925; baseline -0.002 -17"><span class='ocrx_word' id='word_1_293' title='bbox 366 1871 569 1911; x_wconf 85' lang='lat' dir='ltr'><strong>versus</strong></span> <span class='ocrx_word' id='word_1_294' title='bbox 601 1853 898 1925; x_wconf 83' lang='lat' dir='ltr'><strong>spiritum,</strong></span> <span class='ocrx_word' id='word_1_295' title='bbox 924 1860 982 1908; x_wconf 91' lang='lat' dir='ltr'><strong>et</strong></span> <span class='ocrx_word' id='word_1_296' title='bbox 1009 1852 1254 1925; x_wconf 84' lang='lat' dir='ltr'><strong>spiritus</strong></span> <span class='ocrx_word' id='word_1_297' title='bbox 1280 1852 1565 1906; x_wconf 88' lang='lat' dir='ltr'><strong>adversus</strong></span> <span class='ocrx_word' id='word_1_298' title='bbox 1591 1865 1847 1906; x_wconf 88' lang='lat' dir='ltr'><strong>carnem.</strong></span> <span class='ocrx_word' id='word_1_299' title='bbox 1880 1849 2010 1905; x_wconf 75' lang='lat' dir='ltr'><strong>Haec</strong></span> 
     </span>
    </p>
   </div>
   <div class='ocr_carea' id='block_1_37' title="bbox 364 1940 2014 2002">
    <p class='ocr_par' dir='ltr' id='par_1_37' title="bbox 364 1940 2014 2002">
     <span class='ocr_line' id='line_1_38' title="bbox 364 1940 2014 2002; baseline -0.004 -1"><span class='ocrx_word' id='word_1_300' title='bbox 364 1950 558 2002; x_wconf 87' lang='lat' dir='ltr'><strong>autem</strong></span> <span class='ocrx_word' id='word_1_301' title='bbox 591 1943 702 1998; x_wconf 89' lang='lat' dir='ltr'><strong>sibi</strong></span> <span class='ocrx_word' id='word_1_302' title='bbox 734 1943 1136 1997; x_wconf 81' lang='lat' dir='ltr'><strong>adversantur.</strong></span> <span class='ocrx_word' id='word_1_303' title='bbox 1172 1944 1237 1994; x_wconf 72' lang='grc' dir='ltr'><strong>ιι.</strong></span> <span class='ocrx_word' id='word_1_304' title='bbox 1276 1963 1303 1990; x_wconf 82' lang='grc'><strong>››</strong></span> <span class='ocrx_word' id='word_1_305' title='bbox 1330 1940 1665 1995; x_wconf 85' lang='lat' dir='ltr'><strong>Consensus</strong></span> <span class='ocrx_word' id='word_1_306' title='bbox 1695 1944 1892 1994; x_wconf 89' lang='lat' dir='ltr'><strong>autem</strong></span> <span class='ocrx_word' id='word_1_307' title='bbox 1924 1944 2014 1995; x_wconf 87' lang='lat' dir='ltr'><strong>est</strong></span> 
     </span>
    </p>
   </div>
   <div class='ocr_carea' id='block_1_38' title="bbox 362 2027 2013 2104">
    <p class='ocr_par' dir='ltr' id='par_1_38' title="bbox 362 2027 2013 2104">
     <span class='ocr_line' id='line_1_39' title="bbox 362 2027 2013 2104; baseline -0.003 -16"><span class='ocrx_word' id='word_1_308' title='bbox 362 2037 547 2088; x_wconf 91' lang='lat' dir='ltr'><strong>nutus</strong></span> <span class='ocrx_word' id='word_1_309' title='bbox 577 2032 647 2087; x_wconf 90' lang='lat' dir='ltr'><strong>ad</strong></span> <span class='ocrx_word' id='word_1_310' title='bbox 682 2031 1017 2104; x_wconf 84' lang='lat' dir='ltr'><strong>passionem</strong></span> <span class='ocrx_word' id='word_1_311' title='bbox 1049 2028 1440 2102; x_wconf 82' lang='lat' dir='ltr'><strong>cogitationis.</strong></span> <span class='ocrx_word' id='word_1_312' title='bbox 1471 2027 1743 2100; x_wconf 89' lang='lat' dir='ltr'><strong>Operatio</strong></span> <span class='ocrx_word' id='word_1_313' title='bbox 1769 2032 1860 2083; x_wconf 90' lang='lat' dir='ltr'><strong>est</strong></span> <span class='ocrx_word' id='word_1_314' title='bbox 1886 2027 2013 2100; x_wconf 86' lang='lat' dir='ltr'><strong>ipse</strong></span> 
     </span>
    </p>
   </div>
   <div class='ocr_carea' id='block_1_39' title="bbox 361 2116 2008 2187">
    <p class='ocr_par' dir='ltr' id='par_1_39' title="bbox 361 2116 2008 2187">
     <span class='ocr_line' id='line_1_40' title="bbox 361 2116 2008 2187; baseline -0.002 -11"><span class='ocrx_word' id='word_1_315' title='bbox 361 2126 550 2177; x_wconf 87' lang='lat' dir='ltr'><strong>actus.</strong></span> <span class='ocrx_word' id='word_1_316' title='bbox 586 2118 814 2175; x_wconf 84' lang='lat' dir='ltr'><strong>Deletur</strong></span> <span class='ocrx_word' id='word_1_317' title='bbox 861 2133 998 2173; x_wconf 87' lang='lat' dir='ltr'><strong>vero</strong></span> <span class='ocrx_word' id='word_1_318' title='bbox 1032 2117 1439 2187; x_wconf 83' lang='lat' dir='ltr'><strong>temperantia,</strong></span> <span class='ocrx_word' id='word_1_319' title='bbox 1484 2117 1780 2182; x_wconf 84' lang='lat' dir='ltr'><strong>edacitas;</strong></span> <span class='ocrx_word' id='word_1_320' title='bbox 1812 2116 2008 2172; x_wconf 88' lang='lat' dir='ltr'><strong>divino</strong></span> 
     </span>
    </p>
   </div>
   <div class='ocr_carea' id='block_1_40' title="bbox 362 2204 2016 2272">
    <p class='ocr_par' dir='ltr' id='par_1_40' title="bbox 362 2204 2016 2272">
     <span class='ocr_line' id='line_1_41' title="bbox 362 2204 2016 2272; baseline -0.005 -4"><span class='ocrx_word' id='word_1_321' title='bbox 362 2226 562 2269; x_wconf 85' lang='lat' dir='ltr'><strong>amore</strong></span> <span class='ocrx_word' id='word_1_322' title='bbox 588 2212 647 2264; x_wconf 91' lang='lat' dir='ltr'><strong>et</strong></span> <span class='ocrx_word' id='word_1_323' title='bbox 675 2209 1005 2264; x_wconf 75' lang='lat' dir='ltr'><strong>futurorum</strong></span> <span class='ocrx_word' id='word_1_324' title='bbox 1039 2205 1348 2272; x_wconf 89' lang='lat' dir='ltr'><strong>desiderio,</strong></span> <span class='ocrx_word' id='word_1_325' title='bbox 1381 2205 1724 2269; x_wconf 78' lang='lat' dir='ltr'><strong>fornicatio;</strong></span> <span class='ocrx_word' id='word_1_326' title='bbox 1767 2204 2016 2260; x_wconf 84' lang='lat' dir='ltr'><strong>commi-</strong></span> 
     </span>
    </p>
   </div>
   <div class='ocr_carea' id='block_1_41' title="bbox 361 2281 2015 2369">
    <p class='ocr_par' dir='ltr' id='par_1_41' title="bbox 361 2281 2015 2369">
     <span class='ocr_line' id='line_1_42' title="bbox 361 2281 2015 2369; baseline -0.004 -15"><span class='ocrx_word' id='word_1_327' title='bbox 361 2299 651 2354; x_wconf 89' lang='lat' dir='ltr'><strong>seratione</strong></span> <span class='ocrx_word' id='word_1_328' title='bbox 696 2312 833 2369; x_wconf 90' lang='lat' dir='ltr'><strong>erga</strong></span> <span class='ocrx_word' id='word_1_329' title='bbox 891 2311 1199 2368; x_wconf 88' lang='lat' dir='ltr'><strong>pauperes,</strong></span> <span class='ocrx_word' id='word_1_330' title='bbox 1230 2294 1511 2359; x_wconf 88' lang='lat' dir='ltr'><strong>avaritia;</strong></span> <span class='ocrx_word' id='word_1_331' title='bbox 1564 2293 1929 2366; x_wconf 80' lang='lat' dir='ltr'><strong>benignitate</strong></span> <span class='ocrx_word' id='word_1_332' title='bbox 1957 2281 2015 2348; x_wconf 65' lang='grc' dir='ltr'><strong>ιιι</strong></span> 
     </span>
    </p>
   </div>
   <div class='ocr_carea' id='block_1_42' title="bbox 362 2381 2010 2457">
    <p class='ocr_par' dir='ltr' id='par_1_42' title="bbox 362 2381 2010 2457">
     <span class='ocr_line' id='line_1_43' title="bbox 362 2381 2010 2457; baseline -0.005 -13"><span class='ocrx_word' id='word_1_333' title='bbox 362 2386 647 2444; x_wconf 87' lang='lat' dir='ltr'><strong>charitate</strong></span> <span class='ocrx_word' id='word_1_334' title='bbox 673 2401 811 2457; x_wconf 88' lang='lat' dir='ltr'><strong>erga</strong></span> <span class='ocrx_word' id='word_1_335' title='bbox 839 2400 1064 2441; x_wconf 88' lang='lat' dir='ltr'><strong>omnes.</strong></span> <span class='ocrx_word' id='word_1_336' title='bbox 1095 2382 1220 2451; x_wconf 85' lang='lat' dir='ltr'><strong>ira;</strong></span> <span class='ocrx_word' id='word_1_337' title='bbox 1252 2382 1541 2452; x_wconf 88' lang='lat' dir='ltr'><strong>spirituali</strong></span> <span class='ocrx_word' id='word_1_338' title='bbox 1571 2381 1808 2454; x_wconf 87' lang='lat' dir='ltr'><strong>gaudio,</strong></span> <span class='ocrx_word' id='word_1_339' title='bbox 1842 2397 2010 2436; x_wconf 87' lang='lat' dir='ltr'><strong>mun-</strong></span> 
     </span>
    </p>
   </div>
   <div class='ocr_carea' id='block_1_43' title="bbox 364 2469 2017 2545">
    <p class='ocr_par' dir='ltr' id='par_1_43' title="bbox 364 2469 2017 2545">
     <span class='ocr_line' id='line_1_44' title="bbox 364 2469 2017 2545; baseline -0.004 -14"><span class='ocrx_word' id='word_1_340' title='bbox 364 2477 525 2532; x_wconf 88' lang='lat' dir='ltr'><strong>dana</strong></span> <span class='ocrx_word' id='word_1_341' title='bbox 553 2473 795 2531; x_wconf 80' lang='lat' dir='ltr'><strong>tristitia</strong></span> <span class='ocrx_word' id='word_1_342' title='bbox 823 2490 837 2540; x_wconf 90' lang='lat'><strong>;</strong></span> <span class='ocrx_word' id='word_1_343' title='bbox 871 2472 1151 2545; x_wconf 89' lang='lat' dir='ltr'><strong>patientia</strong></span> <span class='ocrx_word' id='word_1_344' title='bbox 1187 2476 1245 2527; x_wconf 89' lang='lat' dir='ltr'><strong>et</strong></span> <span class='ocrx_word' id='word_1_345' title='bbox 1273 2470 1665 2538; x_wconf 83' lang='lat' dir='ltr'><strong>tolerantia,et</strong></span> <span class='ocrx_word' id='word_1_346' title='bbox 1694 2469 2017 2543; x_wconf 82' lang='lat' dir='ltr'><strong>gratiarum</strong></span> 
     </span>
    </p>
   </div>
   <div class='ocr_carea' id='block_1_44' title="bbox 366 2559 2015 2634">
    <p class='ocr_par' dir='ltr' id='par_1_44' title="bbox 366 2559 2015 2634">
     <span class='ocr_line' id='line_1_45' title="bbox 366 2559 2015 2634; baseline -0.005 -13"><span class='ocrx_word' id='word_1_347' title='bbox 366 2564 592 2623; x_wconf 85' lang='lat' dir='ltr'><strong>actione</strong></span> <span class='ocrx_word' id='word_1_348' title='bbox 622 2563 736 2619; x_wconf 89' lang='lat' dir='ltr'><strong>Deo</strong></span> <span class='ocrx_word' id='word_1_349' title='bbox 769 2562 942 2625; x_wconf 80' lang='lat' dir='ltr'><strong>facta,</strong></span> <span class='ocrx_word' id='word_1_350' title='bbox 975 2560 1208 2634; x_wconf 74' lang='lat' dir='ltr'><strong>pigritia</strong></span> <span class='ocrx_word' id='word_1_351' title='bbox 1235 2578 1249 2629; x_wconf 87' lang='lat'><strong>;</strong></span> <span class='ocrx_word' id='word_1_352' title='bbox 1279 2559 1528 2616; x_wconf 87' lang='lat' dir='ltr'><strong>occultis</strong></span> <span class='ocrx_word' id='word_1_353' title='bbox 1555 2561 1840 2613; x_wconf 87' lang='lat' dir='ltr'><strong>virtutum</strong></span> <span class='ocrx_word' id='word_1_354' title='bbox 1873 2572 2015 2627; x_wconf 90' lang='lat' dir='ltr'><strong>ope-</strong></span> 
     </span>
    </p>
   </div>
   <div class='ocr_carea' id='block_1_45' title="bbox 365 2646 2014 2722">
    <p class='ocr_par' dir='ltr' id='par_1_45' title="bbox 365 2646 2014 2722">
     <span class='ocr_line' id='line_1_46' title="bbox 365 2646 2014 2722; baseline -0.004 -15"><span class='ocrx_word' id='word_1_355' title='bbox 365 2653 553 2720; x_wconf 69' lang='lat' dir='ltr'><strong>ribu-‘,</strong></span> <span class='ocrx_word' id='word_1_356' title='bbox 588 2667 654 2707; x_wconf 89' lang='lat' dir='ltr'><strong>ac</strong></span> <span class='ocrx_word' id='word_1_357' title='bbox 686 2649 973 2722; x_wconf 82' lang='lat' dir='ltr'><strong>frequenti</strong></span> <span class='ocrx_word' id='word_1_358' title='bbox 1004 2649 1288 2713; x_wconf 85' lang='lat' dir='ltr'><strong>oratione,</strong></span> <span class='ocrx_word' id='word_1_359' title='bbox 1309 2648 1505 2704; x_wconf 90' lang='lat' dir='ltr'><strong>inanis</strong></span> <span class='ocrx_word' id='word_1_360' title='bbox 1534 2647 1719 2719; x_wconf 85' lang='lat' dir='ltr'><strong>gloria</strong></span> <span class='ocrx_word' id='word_1_361' title='bbox 1745 2665 1759 2702; x_wconf 85' lang='lat'><strong>:</strong></span> <span class='ocrx_word' id='word_1_362' title='bbox 1784 2646 2014 2701; x_wconf 89' lang='lat' dir='ltr'><strong>nullum</strong></span> 
     </span>
    </p>
   </div>
   <div class='ocr_carea' id='block_1_46' title="bbox 354 2734 2013 2811">
    <p class='ocr_par' dir='ltr' id='par_1_46' title="bbox 354 2734 2013 2811">
     <span class='ocr_line' id='line_1_47' title="bbox 354 2734 2013 2811; baseline -0.003 -15"><span class='ocrx_word' id='word_1_363' title='bbox 354 2739 679 2811; x_wconf 88' lang='lat' dir='ltr'><strong>judicando</strong></span> <span class='ocrx_word' id='word_1_364' title='bbox 700 2738 785 2794; x_wconf 86' lang='lat' dir='ltr'><strong>vel</strong></span> <span class='ocrx_word' id='word_1_365' title='bbox 819 2739 1170 2811; x_wconf 86' lang='lat' dir='ltr'><strong>spernendo,</strong></span> <span class='ocrx_word' id='word_1_366' title='bbox 1195 2738 1523 2809; x_wconf 84' lang='lat' dir='ltr'><strong>utjactator</strong></span> <span class='ocrx_word' id='word_1_367' title='bbox 1540 2734 1639 2790; x_wconf 84' lang='lat' dir='ltr'><strong>ille</strong></span> <span class='ocrx_word' id='word_1_368' title='bbox 1662 2734 2013 2802; x_wconf 66' lang='lat' dir='ltr'><strong>Pharismus,</strong></span> 
     </span>
    </p>
   </div>
   <div class='ocr_carea' id='block_1_47' title="bbox 364 2823 2013 2902">
    <p class='ocr_par' dir='ltr' id='par_1_47' title="bbox 364 2823 2013 2902">
     <span class='ocr_line' id='line_1_48' title="bbox 364 2823 2013 2902; baseline -0.005 -17"><span class='ocrx_word' id='word_1_369' title='bbox 364 2846 608 2902; x_wconf 84' lang='lat' dir='ltr'><strong>seseque</strong></span> <span class='ocrx_word' id='word_1_370' title='bbox 633 2828 900 2884; x_wconf 89' lang='lat' dir='ltr'><strong>omnium</strong></span> <span class='ocrx_word' id='word_1_371' title='bbox 934 2833 1293 2897; x_wconf 87' lang='lat' dir='ltr'><strong>postremum</strong></span> <span class='ocrx_word' id='word_1_372' title='bbox 1329 2825 1677 2897; x_wconf 85' lang='lat' dir='ltr'><strong>reputando.</strong></span> <span class='ocrx_word' id='word_1_373' title='bbox 1717 2823 2013 2895; x_wconf 78' lang='lat' dir='ltr'><strong>superbia.</strong></span> 
     </span>
    </p>
   </div>
   <div class='ocr_carea' id='block_1_48' title="bbox 365 2912 2012 2988">
    <p class='ocr_par' dir='ltr' id='par_1_48' title="bbox 365 2912 2012 2988">
     <span class='ocr_line' id='line_1_49' title="bbox 365 2912 2012 2988; baseline -0.004 -16"><span class='ocrx_word' id='word_1_374' title='bbox 365 2917 466 2973; x_wconf 86' lang='lat' dir='ltr'><strong>His</strong></span> <span class='ocrx_word' id='word_1_375' title='bbox 497 2916 680 2983; x_wconf 79' lang='lat' dir='ltr'><strong>igitur</strong></span> <span class='ocrx_word' id='word_1_376' title='bbox 708 2933 881 2988; x_wconf 81' lang='lat' dir='ltr'><strong>supra</strong></span> <span class='ocrx_word' id='word_1_377' title='bbox 916 2914 1090 2970; x_wconf 88' lang='lat' dir='ltr'><strong>dictis</strong></span> <span class='ocrx_word' id='word_1_378' title='bbox 1123 2913 1500 2987; x_wconf 82' lang='lat' dir='ltr'><strong>passionibus</strong></span> <span class='ocrx_word' id='word_1_379' title='bbox 1550 2912 1791 2966; x_wconf 85' lang='lat' dir='ltr'><strong>liberata</strong></span> <span class='ocrx_word' id='word_1_380' title='bbox 1822 2927 2012 2979; x_wconf 86' lang='lat' dir='ltr'><strong>mens,</strong></span> 
     </span>
    </p>
   </div>
   <div class='ocr_carea' id='block_1_49' title="bbox 363 2999 2017 3073">
    <p class='ocr_par' dir='ltr' id='par_1_49' title="bbox 363 2999 2017 3073">
     <span class='ocr_line' id='line_1_50' title="bbox 363 2999 2017 3073; baseline -0.003 -13"><span class='ocrx_word' id='word_1_381' title='bbox 363 3010 421 3060; x_wconf 90' lang='lat' dir='ltr'><strong>et</strong></span> <span class='ocrx_word' id='word_1_382' title='bbox 453 3005 520 3060; x_wconf 89' lang='lat' dir='ltr'><strong>ad</strong></span> <span class='ocrx_word' id='word_1_383' title='bbox 542 3005 725 3060; x_wconf 89' lang='lat' dir='ltr'><strong>Deum</strong></span> <span class='ocrx_word' id='word_1_384' title='bbox 746 3008 958 3066; x_wconf 78' lang='lat' dir='ltr'><strong>erecta,</strong></span> <span class='ocrx_word' id='word_1_385' title='bbox 975 3005 1099 3073; x_wconf 87' lang='lat' dir='ltr'><strong>jam</strong></span> <span class='ocrx_word' id='word_1_386' title='bbox 1124 3018 1192 3058; x_wconf 86' lang='lat' dir='ltr'><strong>ex</strong></span> <span class='ocrx_word' id='word_1_387' title='bbox 1215 3002 1323 3057; x_wconf 84' lang='lat' dir='ltr'><strong>hoc</strong></span> <span class='ocrx_word' id='word_1_388' title='bbox 1347 3001 1566 3056; x_wconf 89' lang='lat' dir='ltr'><strong>mundo</strong></span> <span class='ocrx_word' id='word_1_389' title='bbox 1600 3001 1829 3056; x_wconf 77' lang='lat' dir='ltr'><strong>beatam</strong></span> <span class='ocrx_word' id='word_1_390' title='bbox 1855 2999 2017 3055; x_wconf 89' lang='lat' dir='ltr'><strong>ducit</strong></span> 
     </span>
    </p>
   </div>
   <div class='ocr_carea' id='block_1_50' title="bbox 366 3089 2014 3164">
    <p class='ocr_par' dir='ltr' id='par_1_50' title="bbox 366 3089 2014 3164">
     <span class='ocr_line' id='line_1_51' title="bbox 366 3089 2014 3164; baseline -0.002 -19"><span class='ocrx_word' id='word_1_391' title='bbox 366 3093 569 3156; x_wconf 86' lang='lat' dir='ltr'><strong>vitam,</strong></span> <span class='ocrx_word' id='word_1_392' title='bbox 589 3096 826 3164; x_wconf 88' lang='lat' dir='ltr'><strong>accepto</strong></span> <span class='ocrx_word' id='word_1_393' title='bbox 846 3091 1096 3164; x_wconf 88' lang='lat' dir='ltr'><strong>Spiritus</strong></span> <span class='ocrx_word' id='word_1_394' title='bbox 1123 3090 1450 3147; x_wconf 87' lang='lat' dir='ltr'><strong>arrhabone</strong></span> <span class='ocrx_word' id='word_1_395' title='bbox 1472 3106 1485 3144; x_wconf 75' lang='grc' dir='ltr'>ε</span> <span class='ocrx_word' id='word_1_396' title='bbox 1507 3096 1682 3161; x_wconf 86' lang='lat' dir='ltr'><strong>atque</strong></span> <span class='ocrx_word' id='word_1_397' title='bbox 1715 3089 1851 3143; x_wconf 88' lang='lat' dir='ltr'><strong>hinc</strong></span> <span class='ocrx_word' id='word_1_398' title='bbox 1881 3104 2014 3159; x_wconf 82' lang='lat' dir='ltr'><strong>pro-</strong></span> 
     </span>
    </p>
   </div>
   <div class='ocr_carea' id='block_1_51' title="bbox 362 3176 2015 3252">
    <p class='ocr_par' dir='ltr' id='par_1_51' title="bbox 362 3176 2015 3252">
     <span class='ocr_line' id='line_1_52' title="bbox 362 3176 2015 3252; baseline -0.001 -17"><span class='ocrx_word' id='word_1_399' title='bbox 362 3183 512 3236; x_wconf 78' lang='lat' dir='ltr'><strong>facta</strong></span> <span class='ocrx_word' id='word_1_400' title='bbox 562 3181 903 3252; x_wconf 89' lang='lat' dir='ltr'><strong>passionum</strong></span> <span class='ocrx_word' id='word_1_401' title='bbox 957 3196 1184 3251; x_wconf 83' lang='lat' dir='ltr'><strong>expers,</strong></span> <span class='ocrx_word' id='word_1_402' title='bbox 1218 3195 1348 3234; x_wconf 89' lang='lat' dir='ltr'><strong>cum</strong></span> <span class='ocrx_word' id='word_1_403' title='bbox 1393 3196 1527 3234; x_wconf 86' lang='lat' dir='ltr'><strong>vera</strong></span> <span class='ocrx_word' id='word_1_404' title='bbox 1555 3178 1909 3249; x_wconf 89' lang='lat' dir='ltr'><strong>cognitione,</strong></span> <span class='ocrx_word' id='word_1_405' title='bbox 1943 3176 2015 3233; x_wconf 89' lang='lat' dir='ltr'><strong>ad</strong></span> 
     </span>
    </p>
   </div>
   <div class='ocr_carea' id='block_1_52' title="bbox 2124 1846 3777 1922">
    <p class='ocr_par' dir='ltr' id='par_1_52' title="bbox 2124 1846 3777 1922">
     <span class='ocr_line' id='line_1_53' title="bbox 2124 1846 3777 1922; baseline 0.002 -22"><span class='ocrx_word' id='word_1_406' title='bbox 2124 1850 2216 1917; x_wconf 84' lang='grc' dir='ltr'><strong>μεῖ</strong></span> <span class='ocrx_word' id='word_1_407' title='bbox 2269 1846 2406 1900; x_wconf 82' lang='grc' dir='ltr'>κατᾶ</span> <span class='ocrx_word' id='word_1_408' title='bbox 2459 1850 2557 1900; x_wconf 91' lang='grc' dir='ltr'><strong>τοῦ</strong></span> <span class='ocrx_word' id='word_1_409' title='bbox 2604 1846 2932 1919; x_wconf 82' lang='grc' dir='ltr'>πνεύματος,</span> <span class='ocrx_word' id='word_1_410' title='bbox 2971 1848 3034 1903; x_wconf 88' lang='grc' dir='ltr'>τὸ</span> <span class='ocrx_word' id='word_1_411' title='bbox 3090 1846 3149 1904; x_wconf 70' lang='grc' dir='ltr'>δὲ</span> <span class='ocrx_word' id='word_1_412' title='bbox 3204 1853 3427 1922; x_wconf 88' lang='grc' dir='ltr'>πνεῦμα</span> <span class='ocrx_word' id='word_1_413' title='bbox 3484 1850 3630 1904; x_wconf 79' lang='grc' dir='ltr'>κατᾶ</span> <span class='ocrx_word' id='word_1_414' title='bbox 3681 1854 3777 1919; x_wconf 76' lang='grc' dir='ltr'><strong>τῆς</strong></span> 
     </span>
    </p>
   </div>
   <div class='ocr_carea' id='block_1_53' title="bbox 2121 1932 3780 2012">
    <p class='ocr_par' dir='ltr' id='par_1_53' title="bbox 2121 1932 3780 2012">
     <span class='ocr_line' id='line_1_54' title="bbox 2121 1932 3780 2012; baseline 0.002 -24"><span class='ocrx_word' id='word_1_415' title='bbox 2121 1934 2338 2007; x_wconf 88' lang='grc' dir='ltr'>σαρκός.</span> <span class='ocrx_word' id='word_1_416' title='bbox 2387 1939 2558 1990; x_wconf 87' lang='grc' dir='ltr'>Ταῦτα</span> <span class='ocrx_word' id='word_1_417' title='bbox 2606 1932 2665 1990; x_wconf 75' lang='grc' dir='ltr'>δὲ</span> <span class='ocrx_word' id='word_1_418' title='bbox 2706 1936 3026 1993; x_wconf 85' lang='grc' dir='ltr'>ἀντίκεινται</span> <span class='ocrx_word' id='word_1_419' title='bbox 3073 1936 3379 2009; x_wconf 73' lang='grc' dir='ltr'>ἀλλήλοις.</span> <span class='ocrx_word' id='word_1_420' title='bbox 3413 1964 3438 1992; x_wconf 73' lang='grc' dir='ltr'><strong>ι</strong></span> <span class='ocrx_word' id='word_1_421' title='bbox 3502 1936 3780 2012; x_wconf 76' lang='grc' dir='ltr'>Συγκατά-</span> 
     </span>
    </p>
   </div>
   <div class='ocr_carea' id='block_1_54' title="bbox 2119 2020 3777 2103">
    <p class='ocr_par' dir='ltr' id='par_1_54' title="bbox 2119 2020 3777 2103">
     <span class='ocr_line' id='line_1_55' title="bbox 2119 2020 3777 2103; baseline 0.003 -26"><span class='ocrx_word' id='word_1_422' title='bbox 2119 2023 2262 2085; x_wconf 87' lang='grc' dir='ltr'>θεσις</span> <span class='ocrx_word' id='word_1_423' title='bbox 2310 2020 2367 2078; x_wconf 71' lang='grc' dir='ltr'>δὲ</span> <span class='ocrx_word' id='word_1_424' title='bbox 2395 2024 2431 2093; x_wconf 80' lang='grc' dir='ltr'><strong>ἠ</strong></span> <span class='ocrx_word' id='word_1_425' title='bbox 2461 2024 2776 2088; x_wconf 84' lang='grc' dir='ltr'>κατάνευσις</span> <span class='ocrx_word' id='word_1_426' title='bbox 2828 2026 2965 2102; x_wconf 84' lang='grc' dir='ltr'>πρὸς</span> <span class='ocrx_word' id='word_1_427' title='bbox 3013 2027 3078 2082; x_wconf 87' lang='grc' dir='ltr'>τὸ</span> <span class='ocrx_word' id='word_1_428' title='bbox 3126 2028 3298 2088; x_wconf 85' lang='grc' dir='ltr'>πάθος</span> <span class='ocrx_word' id='word_1_429' title='bbox 3347 2031 3452 2082; x_wconf 88' lang='grc' dir='ltr'><strong>τοῦ</strong></span> <span class='ocrx_word' id='word_1_430' title='bbox 3486 2024 3777 2103; x_wconf 88' lang='grc' dir='ltr'>λογισμου.</span> 
     </span>
    </p>
   </div>
   <div class='ocr_carea' id='block_1_55' title="bbox 2122 2109 3775 2189">
    <p class='ocr_par' dir='ltr' id='par_1_55' title="bbox 2122 2109 3775 2189">
     <span class='ocr_line' id='line_1_56' title="bbox 2122 2109 3775 2189; baseline -0.001 -21"><span class='ocrx_word' id='word_1_431' title='bbox 2122 2110 2395 2187; x_wconf 75' lang='grc' dir='ltr'>Ἐνὲργεια</span> <span class='ocrx_word' id='word_1_432' title='bbox 2444 2109 2502 2166; x_wconf 69' lang='grc' dir='ltr'>δὲ</span> <span class='ocrx_word' id='word_1_433' title='bbox 2547 2113 2582 2183; x_wconf 81' lang='grc' dir='ltr'><strong>ἠ</strong></span> <span class='ocrx_word' id='word_1_434' title='bbox 2614 2111 2753 2183; x_wconf 81' lang='grc' dir='ltr'>αὖτή</span> <span class='ocrx_word' id='word_1_435' title='bbox 2801 2114 3011 2189; x_wconf 77' lang='grc' dir='ltr'>πρᾶξις.</span> <span class='ocrx_word' id='word_1_436' title='bbox 3045 2115 3377 2189; x_wconf 83' lang='grc' dir='ltr'>Ἀναιρεῖται</span> <span class='ocrx_word' id='word_1_437' title='bbox 3428 2112 3492 2170; x_wconf 73' lang='grc' dir='ltr'>δὲ</span> <span class='ocrx_word' id='word_1_438' title='bbox 3533 2115 3639 2171; x_wconf 82' lang='grc' dir='ltr'><strong>ὑπὸ</strong></span> <span class='ocrx_word' id='word_1_439' title='bbox 3686 2114 3775 2187; x_wconf 73' lang='grc' dir='ltr'>μὲν</span> 
     </span>
    </p>
   </div>
   <div class='ocr_carea' id='block_1_56' title="bbox 2120 2199 3777 2279">
    <p class='ocr_par' dir='ltr' id='par_1_56' title="bbox 2120 2199 3777 2279">
     <span class='ocr_line' id='line_1_57' title="bbox 2120 2199 3777 2279; baseline 0.001 -24"><span class='ocrx_word' id='word_1_440' title='bbox 2120 2206 2221 2268; x_wconf 81' lang='grc' dir='ltr'>τῆς</span> <span class='ocrx_word' id='word_1_441' title='bbox 2277 2199 2583 2276; x_wconf 81' lang='grc' dir='ltr'>ἐγκρατείας</span> <span class='ocrx_word' id='word_1_442' title='bbox 2634 2202 2669 2272; x_wconf 79' lang='grc' dir='ltr'>ἠ</span> <span class='ocrx_word' id='word_1_443' title='bbox 2720 2202 3139 2279; x_wconf 81' lang='grc' dir='ltr'>γαστριμαργία,</span> <span class='ocrx_word' id='word_1_444' title='bbox 3201 2204 3301 2259; x_wconf 70' lang='grc' dir='ltr'>ὃπὸ</span> <span class='ocrx_word' id='word_1_445' title='bbox 3363 2201 3423 2259; x_wconf 74' lang='grc' dir='ltr'><strong>δὶ</strong></span> <span class='ocrx_word' id='word_1_446' title='bbox 3478 2208 3583 2259; x_wconf 88' lang='grc' dir='ltr'><strong>τοῦ</strong></span> <span class='ocrx_word' id='word_1_447' title='bbox 3640 2202 3777 2267; x_wconf 81' lang='grc' dir='ltr'>θείου</span> 
     </span>
    </p>
   </div>
   <div class='ocr_carea' id='block_1_57' title="bbox 2119 2288 3771 2371">
    <p class='ocr_par' dir='ltr' id='par_1_57' title="bbox 2119 2288 3771 2371">
     <span class='ocr_line' id='line_1_58' title="bbox 2119 2288 3771 2371; baseline 0.002 -27"><span class='ocrx_word' id='word_1_448' title='bbox 2119 2288 2293 2344; x_wconf 88' lang='grc' dir='ltr'>πόθου</span> <span class='ocrx_word' id='word_1_449' title='bbox 2348 2289 2438 2344; x_wconf 88' lang='grc' dir='ltr'><strong>καὶ</strong></span> <span class='ocrx_word' id='word_1_450' title='bbox 2484 2292 2583 2357; x_wconf 75' lang='grc' dir='ltr'>τῆς,</span> <span class='ocrx_word' id='word_1_451' title='bbox 2638 2294 2745 2344; x_wconf 82' lang='grc' dir='ltr'><strong>τῶν</strong></span> <span class='ocrx_word' id='word_1_452' title='bbox 2799 2289 3112 2365; x_wconf 73' lang='grc' dir='ltr'>μελλόντων</span> <span class='ocrx_word' id='word_1_453' title='bbox 3162 2291 3399 2371; x_wconf 71' lang='grc' dir='ltr'>ἑφέσεως</span> <span class='ocrx_word' id='word_1_454' title='bbox 3453 2295 3491 2364; x_wconf 81' lang='grc' dir='ltr'><strong>ἠ</strong></span> <span class='ocrx_word' id='word_1_455' title='bbox 3536 2291 3771 2368; x_wconf 84' lang='grc' dir='ltr'>πορνεία·</span> 
     </span>
    </p>
   </div>
   <div class='ocr_carea' id='block_1_58' title="bbox 2123 2374 3775 2458">
    <p class='ocr_par' dir='ltr' id='par_1_58' title="bbox 2123 2374 3775 2458">
     <span class='ocr_line' id='line_1_59' title="bbox 2123 2374 3775 2458; baseline 0.002 -25"><span class='ocrx_word' id='word_1_456' title='bbox 2123 2376 2228 2433; x_wconf 78' lang='grc' dir='ltr'>ὑπὸ</span> <span class='ocrx_word' id='word_1_457' title='bbox 2258 2374 2317 2432; x_wconf 76' lang='grc' dir='ltr'>δὲ</span> <span class='ocrx_word' id='word_1_458' title='bbox 2343 2384 2443 2448; x_wconf 79' lang='grc' dir='ltr'><strong>τῆς</strong></span> <span class='ocrx_word' id='word_1_459' title='bbox 2476 2379 2811 2452; x_wconf 82' lang='grc' dir='ltr'>συμπαθείας</span> <span class='ocrx_word' id='word_1_460' title='bbox 2839 2382 2938 2450; x_wconf 80' lang='grc' dir='ltr'><strong>τῆς</strong></span> <span class='ocrx_word' id='word_1_461' title='bbox 2966 2381 3102 2457; x_wconf 84' lang='grc' dir='ltr'>πρὸς</span> <span class='ocrx_word' id='word_1_462' title='bbox 3141 2376 3269 2444; x_wconf 68' lang='grc' dir='ltr'>τοὺς</span> <span class='ocrx_word' id='word_1_463' title='bbox 3314 2382 3563 2449; x_wconf 72' lang='grc' dir='ltr'>πένητας</span> <span class='ocrx_word' id='word_1_464' title='bbox 3589 2383 3624 2452; x_wconf 80' lang='grc' dir='ltr'><strong>ἠ</strong></span> <span class='ocrx_word' id='word_1_465' title='bbox 3656 2380 3775 2458; x_wconf 77' lang='grc' dir='ltr'>φιλο</span> 
     </span>
    </p>
   </div>
   <div class='ocr_carea' id='block_1_59' title="bbox 2121 2464 3773 2544">
    <p class='ocr_par' dir='ltr' id='par_1_59' title="bbox 2121 2464 3773 2544">
     <span class='ocr_line' id='line_1_60' title="bbox 2121 2464 3773 2544; baseline 0.001 -22"><span class='ocrx_word' id='word_1_466' title='bbox 2121 2466 2373 2541; x_wconf 74' lang='grc' dir='ltr'>αργυρία*</span> <span class='ocrx_word' id='word_1_467' title='bbox 2410 2466 2514 2522; x_wconf 79' lang='grc' dir='ltr'><strong>ὑπὸ</strong></span> <span class='ocrx_word' id='word_1_468' title='bbox 2546 2464 2603 2522; x_wconf 76' lang='grc' dir='ltr'>δὲ</span> <span class='ocrx_word' id='word_1_469' title='bbox 2647 2470 2747 2536; x_wconf 81' lang='grc' dir='ltr'><strong>τῆς</strong></span> <span class='ocrx_word' id='word_1_470' title='bbox 2795 2468 3129 2544; x_wconf 84' lang='grc' dir='ltr'>ἀγαθότητος</span> <span class='ocrx_word' id='word_1_471' title='bbox 3175 2470 3266 2526; x_wconf 81' lang='grc' dir='ltr'><strong>καὶ</strong></span> <span class='ocrx_word' id='word_1_472' title='bbox 3312 2473 3418 2540; x_wconf 77' lang='grc' dir='ltr'>τῆς</span> <span class='ocrx_word' id='word_1_473' title='bbox 3468 2470 3609 2544; x_wconf 82' lang='grc' dir='ltr'>πρὸς</span> <span class='ocrx_word' id='word_1_474' title='bbox 3654 2469 3773 2524; x_wconf 77' lang='grc' dir='ltr'><strong>πάν⁹</strong></span> 
     </span>
    </p>
   </div>
   <div class='ocr_carea' id='block_1_60' title="bbox 2121 2554 3773 2636">
    <p class='ocr_par' dir='ltr' id='par_1_60' title="bbox 2121 2554 3773 2636">
     <span class='ocr_line' id='line_1_61' title="bbox 2121 2554 3773 2636; baseline 0.004 -28"><span class='ocrx_word' id='word_1_475' title='bbox 2121 2574 2216 2618; x_wconf 90' lang='grc' dir='ltr'><strong>τας</strong></span> <span class='ocrx_word' id='word_1_476' title='bbox 2249 2554 2464 2630; x_wconf 77' lang='grc' dir='ltr'>ἀγάπης</span> <span class='ocrx_word' id='word_1_477' title='bbox 2495 2558 2531 2625; x_wconf 84' lang='grc' dir='ltr'>ἡ</span> <span class='ocrx_word' id='word_1_478' title='bbox 2582 2557 2740 2633; x_wconf 61' lang='grc' dir='ltr'>ὀργή</span> <span class='ocrx_word' id='word_1_479' title='bbox 2774 2558 2878 2613; x_wconf 81' lang='grc' dir='ltr'>ὑπὸ</span> <span class='ocrx_word' id='word_1_480' title='bbox 2925 2555 2984 2613; x_wconf 75' lang='grc' dir='ltr'>δὲ</span> <span class='ocrx_word' id='word_1_481' title='bbox 3027 2565 3129 2628; x_wconf 82' lang='grc' dir='ltr'><strong>τῆς</strong></span> <span class='ocrx_word' id='word_1_482' title='bbox 3176 2562 3559 2633; x_wconf 67' lang='grc' dir='ltr'>πνευματικῆς</span> <span class='ocrx_word' id='word_1_483' title='bbox 3608 2564 3773 2636; x_wconf 79' lang='grc' dir='ltr'>χαρᾶς</span> 
     </span>
    </p>
   </div>
   <div class='ocr_carea' id='block_1_61' title="bbox 2123 2642 3771 2724">
    <p class='ocr_par' dir='ltr' id='par_1_61' title="bbox 2123 2642 3771 2724">
     <span class='ocr_line' id='line_1_62' title="bbox 2123 2642 3771 2724; baseline 0.002 -27"><span class='ocrx_word' id='word_1_484' title='bbox 2123 2645 2158 2712; x_wconf 82' lang='grc' dir='ltr'>ἠ</span> <span class='ocrx_word' id='word_1_485' title='bbox 2190 2645 2428 2716; x_wconf 84' lang='grc' dir='ltr'>κοσμική</span> <span class='ocrx_word' id='word_1_486' title='bbox 2457 2642 2628 2716; x_wconf 78' lang='grc' dir='ltr'>λύπη·</span> <span class='ocrx_word' id='word_1_487' title='bbox 2664 2645 2767 2701; x_wconf 83' lang='grc' dir='ltr'>ὑπὸ</span> <span class='ocrx_word' id='word_1_488' title='bbox 2797 2643 2855 2701; x_wconf 74' lang='grc' dir='ltr'>δὲ</span> <span class='ocrx_word' id='word_1_489' title='bbox 2881 2650 2982 2716; x_wconf 78' lang='grc' dir='ltr'>τῆς</span> <span class='ocrx_word' id='word_1_490' title='bbox 3014 2648 3323 2721; x_wconf 77' lang='grc' dir='ltr'>ὑπομονῆς,</span> <span class='ocrx_word' id='word_1_491' title='bbox 3346 2648 3441 2704; x_wconf 78' lang='grc' dir='ltr'>καὶ</span> <span class='ocrx_word' id='word_1_492' title='bbox 3470 2647 3771 2724; x_wconf 78' lang='grc' dir='ltr'>καρτερίας,</span> 
     </span>
    </p>
   </div>
   <div class='ocr_carea' id='block_1_62' title="bbox 2122 2731 3769 2811">
    <p class='ocr_par' dir='ltr' id='par_1_62' title="bbox 2122 2731 3769 2811">
     <span class='ocr_line' id='line_1_63' title="bbox 2122 2731 3769 2811; baseline 0.006 -26"><span class='ocrx_word' id='word_1_493' title='bbox 2122 2731 2211 2787; x_wconf 79' lang='grc' dir='ltr'><strong>καὶ</strong></span> <span class='ocrx_word' id='word_1_494' title='bbox 2239 2738 2341 2801; x_wconf 85' lang='grc' dir='ltr'><strong>τῆς</strong></span> <span class='ocrx_word' id='word_1_495' title='bbox 2371 2733 2507 2808; x_wconf 74' lang='grc' dir='ltr'>πρὸς</span> <span class='ocrx_word' id='word_1_496' title='bbox 2538 2734 2665 2789; x_wconf 80' lang='grc' dir='ltr'>Θεὸν</span> <span class='ocrx_word' id='word_1_497' title='bbox 2722 2734 3088 2811; x_wconf 73' lang='grc' dir='ltr'>εὐχαριστίας,</span> <span class='ocrx_word' id='word_1_498' title='bbox 3118 2737 3153 2807; x_wconf 80' lang='grc' dir='ltr'>ἠ</span> <span class='ocrx_word' id='word_1_499' title='bbox 3186 2735 3409 2803; x_wconf 78' lang='grc' dir='ltr'>ἆκηδία’</span> <span class='ocrx_word' id='word_1_500' title='bbox 3445 2737 3553 2793; x_wconf 83' lang='grc' dir='ltr'>ὑπὸ</span> <span class='ocrx_word' id='word_1_501' title='bbox 3594 2735 3651 2793; x_wconf 80' lang='grc' dir='ltr'>δὲ</span> <span class='ocrx_word' id='word_1_502' title='bbox 3678 2742 3769 2804; x_wconf 78' lang='grc' dir='ltr'><strong>τῆς</strong></span> 
     </span>
    </p>
   </div>
   <div class='ocr_carea' id='block_1_63' title="bbox 2122 2822 3770 2901">
    <p class='ocr_par' dir='ltr' id='par_1_63' title="bbox 2122 2822 3770 2901">
     <span class='ocr_line' id='line_1_64' title="bbox 2122 2822 3770 2901; baseline 0.002 -26"><span class='ocrx_word' id='word_1_503' title='bbox 2122 2823 2368 2893; x_wconf 77' lang='grc' dir='ltr'>κρυπτῆς</span> <span class='ocrx_word' id='word_1_504' title='bbox 2422 2825 2530 2877; x_wconf 81' lang='grc' dir='ltr'><strong>τῶν</strong></span> <span class='ocrx_word' id='word_1_505' title='bbox 2607 2822 2811 2896; x_wconf 80' lang='grc' dir='ltr'>ἀρετῶν</span> <span class='ocrx_word' id='word_1_506' title='bbox 2871 2823 3147 2899; x_wconf 78' lang='grc' dir='ltr'>ἐργασίας,</span> <span class='ocrx_word' id='word_1_507' title='bbox 3205 2826 3297 2880; x_wconf 79' lang='grc' dir='ltr'><strong>καὶ</strong></span> <span class='ocrx_word' id='word_1_508' title='bbox 3352 2833 3459 2895; x_wconf 83' lang='grc' dir='ltr'><strong>τῆς</strong></span> <span class='ocrx_word' id='word_1_509' title='bbox 3518 2828 3770 2901; x_wconf 63' lang='grc' dir='ltr'>σλνεχοῦς</span> 
     </span>
    </p>
   </div>
   <div class='ocr_carea' id='block_1_64' title="bbox 2124 2907 3771 2990">
    <p class='ocr_par' dir='ltr' id='par_1_64' title="bbox 2124 2907 3771 2990">
     <span class='ocr_line' id='line_1_65' title="bbox 2124 2907 3771 2990; baseline 0.003 -29"><span class='ocrx_word' id='word_1_510' title='bbox 2124 2910 2499 2983; x_wconf 82' lang='grc' dir='ltr'>προσευχῆςή</span> <span class='ocrx_word' id='word_1_511' title='bbox 2540 2907 2837 2981; x_wconf 74' lang='grc' dir='ltr'>κενοδοξίαο</span> <span class='ocrx_word' id='word_1_512' title='bbox 2872 2912 2976 2967; x_wconf 80' lang='grc' dir='ltr'><strong>ὑπὸ</strong></span> <span class='ocrx_word' id='word_1_513' title='bbox 3018 2909 3075 2967; x_wconf 72' lang='grc' dir='ltr'>δὲ</span> <span class='ocrx_word' id='word_1_514' title='bbox 3117 2918 3216 2968; x_wconf 89' lang='grc' dir='ltr'><strong>τοῦ</strong></span> <span class='ocrx_word' id='word_1_515' title='bbox 3269 2914 3348 2987; x_wconf 75' lang='grc' dir='ltr'>μή</span> <span class='ocrx_word' id='word_1_516' title='bbox 3398 2915 3599 2990; x_wconf 87' lang='grc' dir='ltr'>κρίνειν</span> <span class='ocrx_word' id='word_1_517' title='bbox 3643 2915 3771 2979; x_wconf 72' lang='grc' dir='ltr'>τινὰ,</span> 
     </span>
    </p>
   </div>
   <div class='ocr_carea' id='block_1_65' title="bbox 2123 2999 3773 3081">
    <p class='ocr_par' dir='ltr' id='par_1_65' title="bbox 2123 2999 3773 3081">
     <span class='ocr_line' id='line_1_66' title="bbox 2123 2999 3773 3081; baseline 0.003 -27"><span class='ocrx_word' id='word_1_518' title='bbox 2123 3001 2159 3069; x_wconf 78' lang='grc' dir='ltr'>ἣ</span> <span class='ocrx_word' id='word_1_519' title='bbox 2188 2999 2505 3072; x_wconf 77' lang='grc' dir='ltr'>ἐξουθενεῖν,</span> <span class='ocrx_word' id='word_1_520' title='bbox 2539 3001 2613 3063; x_wconf 83' lang='grc' dir='ltr'><strong>ὡς</strong></span> <span class='ocrx_word' id='word_1_521' title='bbox 2644 3004 2672 3057; x_wconf 83' lang='grc' dir='ltr'>ὁ</span> <span class='ocrx_word' id='word_1_522' title='bbox 2706 3002 3060 3081; x_wconf 83' lang='grc' dir='ltr'>μεγάλαυχος</span> <span class='ocrx_word' id='word_1_523' title='bbox 3110 3010 3438 3080; x_wconf 79' lang='grc' dir='ltr'>Φαρισαῖος,</span> <span class='ocrx_word' id='word_1_524' title='bbox 3474 3005 3603 3062; x_wconf 81' lang='grc' dir='ltr'>ἀλλ’</span> <span class='ocrx_word' id='word_1_525' title='bbox 3631 3007 3773 3081; x_wconf 80' lang='grc' dir='ltr'>ἠγεῖ-</span> 
     </span>
    </p>
   </div>
   <div class='ocr_carea' id='block_1_66' title="bbox 2126 3089 3772 3173">
    <p class='ocr_par' dir='ltr' id='par_1_66' title="bbox 2126 3089 3772 3173">
     <span class='ocr_line' id='line_1_67' title="bbox 2126 3089 3772 3173; baseline 0.005 -32"><span class='ocrx_word' id='word_1_526' title='bbox 2126 3099 2250 3152; x_wconf 82' lang='grc' dir='ltr'>σθαι</span> <span class='ocrx_word' id='word_1_527' title='bbox 2304 3090 2491 3145; x_wconf 67' lang='grc' dir='ltr'>ἑαυτὸν</span> <span class='ocrx_word' id='word_1_528' title='bbox 2554 3089 2784 3168; x_wconf 85' lang='grc' dir='ltr'>ἔσχατον</span> <span class='ocrx_word' id='word_1_529' title='bbox 2832 3093 3071 3160; x_wconf 86' lang='grc' dir='ltr'>πάντων,</span> <span class='ocrx_word' id='word_1_530' title='bbox 3101 3095 3136 3164; x_wconf 80' lang='grc' dir='ltr'>ἠ</span> <span class='ocrx_word' id='word_1_531' title='bbox 3170 3095 3535 3173; x_wconf 71' lang='grc' dir='ltr'>ὑπερηφανία.</span> <span class='ocrx_word' id='word_1_532' title='bbox 3566 3095 3772 3150; x_wconf 68' lang='grc' dir='ltr'>Τούτων</span> 
     </span>
    </p>
   </div>
   <div class='ocr_carea' id='block_1_67' title="bbox 2131 3175 3772 3260">
    <p class='ocr_par' dir='ltr' id='par_1_67' title="bbox 2131 3175 3772 3260">
     <span class='ocr_line' id='line_1_68' title="bbox 2131 3175 3772 3260; baseline 0.002 -28"><span class='ocrx_word' id='word_1_533' title='bbox 2131 3175 2223 3232; x_wconf 75' lang='grc' dir='ltr'>οὖν</span> <span class='ocrx_word' id='word_1_534' title='bbox 2279 3182 2390 3233; x_wconf 83' lang='grc' dir='ltr'><strong>τῶν</strong></span> <span class='ocrx_word' id='word_1_535' title='bbox 2451 3179 2756 3255; x_wconf 72' lang='grc' dir='ltr'>εἰρημένων</span> <span class='ocrx_word' id='word_1_536' title='bbox 2800 3185 2985 3246; x_wconf 80' lang='grc' dir='ltr'>παθῶν</span> <span class='ocrx_word' id='word_1_537' title='bbox 3014 3183 3043 3238; x_wconf 80' lang='grc' dir='ltr'><strong>δ</strong></span> <span class='ocrx_word' id='word_1_538' title='bbox 3078 3187 3207 3245; x_wconf 84' lang='grc' dir='ltr'>νοῦς</span> <span class='ocrx_word' id='word_1_539' title='bbox 3255 3182 3663 3260; x_wconf 71' lang='grc' dir='ltr'>ἐλευθερωθεὶς,</span> <span class='ocrx_word' id='word_1_540' title='bbox 3691 3183 3772 3238; x_wconf 80' lang='grc' dir='ltr'><strong>καὶ</strong></span> 
     </span>
    </p>
   </div>
   <div class='ocr_carea' id='block_1_68' title="bbox 365 3257 2012 3347">
    <p class='ocr_par' dir='ltr' id='par_1_68' title="bbox 365 3263 2012 3324">
     <span class='ocr_line' id='line_1_69' title="bbox 365 3263 2012 3324; baseline -0.001 -2"><span class='ocrx_word' id='word_1_541' title='bbox 365 3267 563 3324; x_wconf 89' lang='lat' dir='ltr'><strong>lumen</strong></span> <span class='ocrx_word' id='word_1_542' title='bbox 594 3274 808 3324; x_wconf 76' lang='lat' dir='ltr'><strong>sanctas</strong></span> <span class='ocrx_word' id='word_1_543' title='bbox 841 3285 905 3323; x_wconf 87' lang='lat' dir='ltr'><strong>ac</strong></span> <span class='ocrx_word' id='word_1_544' title='bbox 935 3268 1115 3323; x_wconf 70' lang='lat' dir='ltr'><strong>beatas</strong></span> <span class='ocrx_word' id='word_1_545' title='bbox 1135 3268 1440 3322; x_wconf 71' lang='lat' dir='ltr'><strong>Trinitatis</strong></span> <span class='ocrx_word' id='word_1_546' title='bbox 1470 3267 1704 3322; x_wconf 87' lang='lat' dir='ltr'><strong>sistitur</strong></span> <span class='ocrx_word' id='word_1_547' title='bbox 1725 3266 1782 3321; x_wconf 80' lang='lat' dir='ltr'><strong>in</strong></span> <span class='ocrx_word' id='word_1_548' title='bbox 1807 3263 2012 3321; x_wconf 76' lang='lat' dir='ltr'><strong>saecula</strong></span> 
     </span>
    </p>
   </div>
   <div class='ocr_carea' id='block_1_69' title="bbox 2125 3257 3770 3347">
    <p class='ocr_par' dir='ltr' id='par_1_69' title="bbox 2130 3257 3770 3347">
     <span class='ocr_line' id='line_1_70' title="bbox 2130 3257 3770 3347; baseline 0.003 -28"><span class='ocrx_word' id='word_1_549' title='bbox 2130 3265 2269 3341; x_wconf 83' lang='grc' dir='ltr'>πρὸς</span> <span class='ocrx_word' id='word_1_550' title='bbox 2326 3267 2456 3323; x_wconf 87' lang='grc' dir='ltr'>Θεὸν</span> <span class='ocrx_word' id='word_1_551' title='bbox 2509 3267 2834 3342; x_wconf 78' lang='grc' dir='ltr'>ἀνυψωθεὶς,</span> <span class='ocrx_word' id='word_1_552' title='bbox 2866 3271 3179 3335; x_wconf 82' lang='grc' dir='ltr'>άπεντεῦθεν</span> <span class='ocrx_word' id='word_1_553' title='bbox 3239 3275 3306 3347; x_wconf 76' lang='grc' dir='ltr'>ζῇ</span> <span class='ocrx_word' id='word_1_554' title='bbox 3523 3271 3770 3347; x_wconf 81' lang='grc' dir='ltr'>μακαρίαν</span> 
     </span>
    </p>
   </div>
   <div class='ocr_carea' id='block_1_70' title="bbox 369 3355 1619 3427">
    <p class='ocr_par' dir='ltr' id='par_1_70' title="bbox 369 3355 1619 3427">
     <span class='ocr_line' id='line_1_71' title="bbox 369 3355 1619 3427; baseline 0 -18"><span class='ocrx_word' id='word_1_555' title='bbox 369 3356 599 3411; x_wconf 80' lang='lat' dir='ltr'><strong>infinita</strong></span> <span class='ocrx_word' id='word_1_556' title='bbox 629 3373 761 3412; x_wconf 91' lang='lat' dir='ltr'><strong>cum</strong></span> <span class='ocrx_word' id='word_1_557' title='bbox 796 3357 1012 3412; x_wconf 76' lang='lat' dir='ltr'><strong>sanctis</strong></span> <span class='ocrx_word' id='word_1_558' title='bbox 1046 3356 1270 3427; x_wconf 84' lang='lat' dir='ltr'><strong>angelis</strong></span> <span class='ocrx_word' id='word_1_559' title='bbox 1302 3355 1619 3427; x_wconf 77' lang='lat' dir='ltr'><strong>refulgens.</strong></span> 
     </span>
    </p>
   </div>
   <div class='ocr_carea' id='block_1_71' title="bbox 2137 3352 3777 3435">
    <p class='ocr_par' dir='ltr' id='par_1_71' title="bbox 2137 3352 3777 3435">
     <span class='ocr_line' id='line_1_72' title="bbox 2137 3352 3777 3435; baseline 0.007 -26"><span class='ocrx_word' id='word_1_560' title='bbox 2137 3355 2306 3425; x_wconf 69' lang='grc' dir='ltr'>ζωὴν,</span> <span class='ocrx_word' id='word_1_561' title='bbox 2336 3356 2429 3410; x_wconf 85' lang='grc' dir='ltr'>τὸν</span> <span class='ocrx_word' id='word_1_562' title='bbox 2482 3352 2771 3435; x_wconf 66' lang='grc' dir='ltr'>ἀρέαϐὢνα</span> <span class='ocrx_word' id='word_1_563' title='bbox 2818 3355 3115 3435; x_wconf 85' lang='grc' dir='ltr'>δεχόμενος</span> <span class='ocrx_word' id='word_1_564' title='bbox 3164 3364 3262 3415; x_wconf 90' lang='grc' dir='ltr'><strong>τοῦ</strong></span> <span class='ocrx_word' id='word_1_565' title='bbox 3314 3360 3650 3435; x_wconf 72' lang='grc' dir='ltr'>Πνεῦματος·</span> <span class='ocrx_word' id='word_1_566' title='bbox 3694 3369 3777 3421; x_wconf 81' lang='grc' dir='ltr'>καὶ</span> 
     </span>
    </p>
   </div>
   <div class='ocr_carea' id='block_1_72' title="bbox 367 3440 3774 3528">
    <p class='ocr_par' dir='ltr' id='par_1_72' title="bbox 367 3440 3774 3528">
     <span class='ocr_line' id='line_1_73' title="bbox 367 3440 3774 3528; baseline 0.001 -30"><span class='ocrx_word' id='word_1_567' title='bbox 367 3447 477 3498; x_wconf 79' lang='grc' dir='ltr'><strong>τῶν</strong></span> <span class='ocrx_word' id='word_1_568' title='bbox 540 3443 774 3509; x_wconf 76' lang='grc' dir='ltr'>ἐντεῦθεν</span> <span class='ocrx_word' id='word_1_569' title='bbox 834 3440 1199 3515; x_wconf 72' lang='grc' dir='ltr'>ἀποδημήσας</span> <span class='ocrx_word' id='word_1_570' title='bbox 1261 3442 1396 3516; x_wconf 86' lang='grc' dir='ltr'>μετὰ</span> <span class='ocrx_word' id='word_1_571' title='bbox 1452 3441 1710 3502; x_wconf 81' lang='grc' dir='ltr'>ἀπαθείας</span> <span class='ocrx_word' id='word_1_572' title='bbox 1785 3441 1874 3496; x_wconf 80' lang='grc' dir='ltr'><strong>καὶ</strong></span> <span class='ocrx_word' id='word_1_573' title='bbox 1960 3440 2215 3515; x_wconf 85' lang='grc' dir='ltr'>γνώσεως</span> <span class='ocrx_word' id='word_1_574' title='bbox 2299 3443 2561 3517; x_wconf 78' lang='grc' dir='ltr'>ἀληθοῦς,</span> <span class='ocrx_word' id='word_1_575' title='bbox 2619 3445 2940 3523; x_wconf 88' lang='grc' dir='ltr'>παρίσταται</span> <span class='ocrx_word' id='word_1_576' title='bbox 2992 3453 3074 3522; x_wconf 79' lang='grc' dir='ltr'><strong>τῷ</strong></span> <span class='ocrx_word' id='word_1_577' title='bbox 3130 3448 3270 3528; x_wconf 73' lang='grc' dir='ltr'>φωτὶ</span> <span class='ocrx_word' id='word_1_578' title='bbox 3329 3456 3431 3521; x_wconf 83' lang='grc' dir='ltr'><strong>τῆς</strong></span> <span class='ocrx_word' id='word_1_579' title='bbox 3490 3450 3645 3527; x_wconf 74' lang='grc' dir='ltr'>ἁγίας</span> <span class='ocrx_word' id='word_1_580' title='bbox 3696 3442 3774 3503; x_wconf 69' lang='grc' dir='ltr'>καί</span> 
     </span>
    </p>
   </div>
   <div class='ocr_carea' id='block_1_73' title="bbox 387 3528 2945 3609">
    <p class='ocr_par' dir='ltr' id='par_1_73' title="bbox 387 3528 2945 3609">
     <span class='ocr_line' id='line_1_74' title="bbox 387 3528 2945 3609; baseline 0.002 -23"><span class='ocrx_word' id='word_1_581' title='bbox 387 3531 651 3608; x_wconf 82' lang='grc' dir='ltr'>μακαρίας</span> <span class='ocrx_word' id='word_1_582' title='bbox 684 3529 919 3608; x_wconf 77' lang='grc' dir='ltr'>Τριάδος</span> <span class='ocrx_word' id='word_1_583' title='bbox 949 3532 1024 3594; x_wconf 80' lang='grc' dir='ltr'><strong>εἰς</strong></span> <span class='ocrx_word' id='word_1_584' title='bbox 1056 3531 1255 3593; x_wconf 80' lang='grc' dir='ltr'>αἰῶνας</span> <span class='ocrx_word' id='word_1_585' title='bbox 1286 3530 1616 3604; x_wconf 79' lang='grc' dir='ltr'>ἀπεράντους</span> <span class='ocrx_word' id='word_1_586' title='bbox 1650 3530 1784 3604; x_wconf 79' lang='grc' dir='ltr'>μετὰ</span> <span class='ocrx_word' id='word_1_587' title='bbox 1811 3533 1918 3583; x_wconf 82' lang='grc' dir='ltr'><strong>τῶν</strong></span> <span class='ocrx_word' id='word_1_588' title='bbox 1952 3528 2115 3606; x_wconf 81' lang='grc' dir='ltr'>ἁγίων</span> <span class='ocrx_word' id='word_1_589' title='bbox 2147 3531 2398 3607; x_wconf 70' lang='grc' dir='ltr'>ἀγγέλων</span> <span class='ocrx_word' id='word_1_590' title='bbox 2431 3532 2945 3609; x_wconf 84' lang='grc' dir='ltr'>καταλαμπόμενος.</span> 
     </span>
    </p>
   </div>
   <div class='ocr_carea' id='block_1_74' title="bbox 843 3652 1508 3723">
    <p class='ocr_par' dir='ltr' id='par_1_74' title="bbox 843 3652 1508 3723">
     <span class='ocr_line' id='line_1_75' title="bbox 843 3652 1508 3723; baseline -0.003 -15"><span class='ocrx_word' id='word_1_591' title='bbox 843 3652 1129 3708; x_wconf 74' lang='lat' dir='ltr'><strong>Distincu&#39;o</strong></span> <span class='ocrx_word' id='word_1_592' title='bbox 1164 3652 1508 3723; x_wconf 74' lang='lat' dir='ltr'><strong>passionum.</strong></span> 
     </span>
    </p>
   </div>
   <div class='ocr_carea' id='block_1_75' title="bbox 443 3757 2019 3831">
    <p class='ocr_par' dir='ltr' id='par_1_75' title="bbox 443 3757 2019 3831">
     <span class='ocr_line' id='line_1_76' title="bbox 443 3757 2019 3831; baseline -0.003 -14"><span class='ocrx_word' id='word_1_593' title='bbox 443 3762 783 3817; x_wconf 84' lang='lat' dir='ltr'><strong>Passienum</strong></span> <span class='ocrx_word' id='word_1_594' title='bbox 808 3759 932 3817; x_wconf 71' lang='lat' dir='ltr'><strong>alia:</strong></span> <span class='ocrx_word' id='word_1_595' title='bbox 954 3776 1239 3831; x_wconf 65' lang='lat' dir='ltr'><strong>corporea:</strong></span> <span class='ocrx_word' id='word_1_596' title='bbox 1263 3763 1424 3828; x_wconf 88' lang='lat' dir='ltr'><strong>sunt,</strong></span> <span class='ocrx_word' id='word_1_597' title='bbox 1451 3758 1576 3814; x_wconf 67' lang='lat' dir='ltr'><strong>alia:</strong></span> <span class='ocrx_word' id='word_1_598' title='bbox 1599 3757 1855 3813; x_wconf 86' lang='lat' dir='ltr'><strong>animum</strong></span> <span class='ocrx_word' id='word_1_599' title='bbox 1889 3774 2019 3829; x_wconf 89' lang='lat' dir='ltr'><strong>spe-</strong></span> 
     </span>
    </p>
   </div>
   <div class='ocr_carea' id='block_1_76' title="bbox 370 3845 2020 3922">
    <p class='ocr_par' dir='ltr' id='par_1_76' title="bbox 370 3845 2020 3922">
     <span class='ocr_line' id='line_1_77' title="bbox 370 3845 2020 3922; baseline -0.004 -16"><span class='ocrx_word' id='word_1_600' title='bbox 370 3854 550 3906; x_wconf 88' lang='lat' dir='ltr'><strong>ctant.</strong></span> <span class='ocrx_word' id='word_1_601' title='bbox 605 3850 924 3922; x_wconf 87' lang='lat' dir='ltr'><strong>Corporeas</strong></span> <span class='ocrx_word' id='word_1_602' title='bbox 977 3849 1254 3915; x_wconf 87' lang='lat' dir='ltr'><strong>dicimus,</strong></span> <span class='ocrx_word' id='word_1_603' title='bbox 1285 3848 1656 3914; x_wconf 85' lang='lat' dir='ltr'><strong>edacitatem,</strong></span> <span class='ocrx_word' id='word_1_604' title='bbox 1689 3845 2020 3901; x_wconf 75' lang='lat' dir='ltr'><strong>fornicatio-</strong></span> 
     </span>
    </p>
   </div>
   <div class='ocr_carea' id='block_1_77' title="bbox 370 3934 2021 4007">
    <p class='ocr_par' dir='ltr' id='par_1_77' title="bbox 370 3934 2021 4007">
     <span class='ocr_line' id='line_1_78' title="bbox 370 3934 2021 4007; baseline -0.004 -13"><span class='ocrx_word' id='word_1_605' title='bbox 370 3954 528 4004; x_wconf 86' lang='lat' dir='ltr'><strong>nem,</strong></span> <span class='ocrx_word' id='word_1_606' title='bbox 558 3938 922 4007; x_wconf 86' lang='lat' dir='ltr'><strong>ebrietatem,</strong></span> <span class='ocrx_word' id='word_1_607' title='bbox 957 3937 1277 3993; x_wconf 84' lang='lat' dir='ltr'><strong>lasciviam.</strong></span> <span class='ocrx_word' id='word_1_608' title='bbox 1307 3936 1579 3992; x_wconf 84' lang='lat' dir='ltr'><strong>Animam</strong></span> <span class='ocrx_word' id='word_1_609' title='bbox 1630 3940 1890 4005; x_wconf 83' lang='lat' dir='ltr'><strong>spectare</strong></span> <span class='ocrx_word' id='word_1_610' title='bbox 1932 3934 2021 3989; x_wconf 82' lang='lat' dir='ltr'><strong>di-</strong></span> 
     </span>
    </p>
   </div>
   <div class='ocr_carea' id='block_1_78' title="bbox 370 4023 2017 4098">
    <p class='ocr_par' dir='ltr' id='par_1_78' title="bbox 370 4023 2017 4098">
     <span class='ocr_line' id='line_1_79' title="bbox 370 4023 2017 4098; baseline -0.004 -13"><span class='ocrx_word' id='word_1_611' title='bbox 370 4026 562 4085; x_wconf 87' lang='lat' dir='ltr'><strong>cimus</strong></span> <span class='ocrx_word' id='word_1_612' title='bbox 589 4027 784 4095; x_wconf 89' lang='lat' dir='ltr'><strong>hasce,</strong></span> <span class='ocrx_word' id='word_1_613' title='bbox 808 4027 1007 4083; x_wconf 85' lang='lat' dir='ltr'><strong>odium</strong></span> <span class='ocrx_word' id='word_1_614' title='bbox 1041 4042 1177 4097; x_wconf 89' lang='lat' dir='ltr'><strong>erga</strong></span> <span class='ocrx_word' id='word_1_615' title='bbox 1210 4025 1564 4098; x_wconf 82' lang='lat' dir='ltr'><strong>proximum,</strong></span> <span class='ocrx_word' id='word_1_616' title='bbox 1588 4023 1758 4094; x_wconf 88' lang='lat' dir='ltr'><strong>iram,</strong></span> <span class='ocrx_word' id='word_1_617' title='bbox 1784 4030 2017 4079; x_wconf 78' lang='lat' dir='ltr'><strong>conten-</strong></span> 
     </span>
    </p>
   </div>
   <div class='ocr_carea' id='block_1_79' title="bbox 368 4114 2021 4187">
    <p class='ocr_par' dir='ltr' id='par_1_79' title="bbox 368 4114 2021 4187">
     <span class='ocr_line' id='line_1_80' title="bbox 368 4114 2021 4187; baseline -0.002 -15"><span class='ocrx_word' id='word_1_618' title='bbox 368 4115 610 4184; x_wconf 85' lang='lat' dir='ltr'><strong>tionem,</strong></span> <span class='ocrx_word' id='word_1_619' title='bbox 664 4116 896 4171; x_wconf 85' lang='lat' dir='ltr'><strong>inanem</strong></span> <span class='ocrx_word' id='word_1_620' title='bbox 949 4115 1219 4187; x_wconf 84' lang='lat' dir='ltr'><strong>gloriam.</strong></span> <span class='ocrx_word' id='word_1_621' title='bbox 1270 4119 1370 4171; x_wconf 67' lang='lat' dir='ltr'><strong>lla:</strong></span> <span class='ocrx_word' id='word_1_622' title='bbox 1435 4114 1496 4169; x_wconf 89' lang='lat' dir='ltr'><strong>in</strong></span> <span class='ocrx_word' id='word_1_623' title='bbox 1561 4116 1759 4169; x_wconf 81' lang='lat' dir='ltr'><strong>anima</strong></span> <span class='ocrx_word' id='word_1_624' title='bbox 1824 4118 2021 4169; x_wconf 85' lang='lat' dir='ltr'><strong>nostra</strong></span> 
     </span>
    </p>
   </div>
   <div class='ocr_carea' id='block_1_80' title="bbox 367 4201 2020 4276">
    <p class='ocr_par' dir='ltr' id='par_1_80' title="bbox 367 4201 2020 4276">
     <span class='ocr_line' id='line_1_81' title="bbox 367 4201 2020 4276; baseline -0.002 -15"><span class='ocrx_word' id='word_1_625' title='bbox 367 4208 704 4276; x_wconf 81' lang='lat' dir='ltr'><strong>cperantur,</strong></span> <span class='ocrx_word' id='word_1_626' title='bbox 736 4206 979 4260; x_wconf 88' lang='lat' dir='ltr'><strong>absente</strong></span> <span class='ocrx_word' id='word_1_627' title='bbox 1006 4203 1294 4259; x_wconf 86' lang='lat' dir='ltr'><strong>cbaritate</strong></span> <span class='ocrx_word' id='word_1_628' title='bbox 1323 4210 1382 4258; x_wconf 89' lang='lat' dir='ltr'><strong>et</strong></span> <span class='ocrx_word' id='word_1_629' title='bbox 1412 4201 1834 4274; x_wconf 87' lang='lat' dir='ltr'><strong>temperantia;</strong></span> <span class='ocrx_word' id='word_1_630' title='bbox 1873 4218 2020 4271; x_wconf 75' lang='lat' dir='ltr'><strong>prie-</strong></span> 
     </span>
    </p>
   </div>
   <div class='ocr_carea' id='block_1_81' title="bbox 370 4288 2021 4362">
    <p class='ocr_par' dir='ltr' id='par_1_81' title="bbox 370 4288 2021 4362">
     <span class='ocr_line' id='line_1_82' title="bbox 370 4288 2021 4362; baseline -0.003 -12"><span class='ocrx_word' id='word_1_631' title='bbox 370 4298 535 4350; x_wconf 84' lang='lat' dir='ltr'><strong>sente</strong></span> <span class='ocrx_word' id='word_1_632' title='bbox 577 4298 772 4348; x_wconf 86' lang='lat' dir='ltr'><strong>autem</strong></span> <span class='ocrx_word' id='word_1_633' title='bbox 825 4291 1108 4347; x_wconf 82' lang='lat' dir='ltr'><strong>charitate</strong></span> <span class='ocrx_word' id='word_1_634' title='bbox 1155 4297 1333 4362; x_wconf 86' lang='lat' dir='ltr'><strong>atque</strong></span> <span class='ocrx_word' id='word_1_635' title='bbox 1378 4288 1787 4362; x_wconf 85' lang='lat' dir='ltr'><strong>temperantia,</strong></span> <span class='ocrx_word' id='word_1_636' title='bbox 1821 4288 2021 4345; x_wconf 67' lang='lat' dir='ltr'><strong>istliazc</strong></span> 
     </span>
    </p>
   </div>
   <div class='ocr_carea' id='block_1_82' title="bbox 369 4377 2015 4451">
    <p class='ocr_par' dir='ltr' id='par_1_82' title="bbox 369 4377 2015 4451">
     <span class='ocr_line' id='line_1_83' title="bbox 369 4377 2015 4451; baseline -0.002 -15"><span class='ocrx_word' id='word_1_637' title='bbox 369 4380 566 4436; x_wconf 84' lang='lat' dir='ltr'><strong>omnia</strong></span> <span class='ocrx_word' id='word_1_638' title='bbox 596 4379 904 4445; x_wconf 79' lang='lat' dir='ltr'><strong>delentur;</strong></span> <span class='ocrx_word' id='word_1_639' title='bbox 934 4379 1051 4435; x_wconf 90' lang='lat' dir='ltr'><strong>alia</strong></span> <span class='ocrx_word' id='word_1_640' title='bbox 1091 4396 1192 4451; x_wconf 88' lang='lat' dir='ltr'><strong>per</strong></span> <span class='ocrx_word' id='word_1_641' title='bbox 1232 4379 1596 4451; x_wconf 81' lang='lat' dir='ltr'><strong>spiritualem</strong></span> <span class='ocrx_word' id='word_1_642' title='bbox 1646 4377 2015 4448; x_wconf 84' lang='lat' dir='ltr'><strong>charitatem,</strong></span> 
     </span>
    </p>
   </div>
   <div class='ocr_carea' id='block_1_83' title="bbox 366 4467 2014 4541">
    <p class='ocr_par' dir='ltr' id='par_1_83' title="bbox 366 4467 2014 4541">
     <span class='ocr_line' id='line_1_84' title="bbox 366 4467 2014 4541; baseline -0.003 -15"><span class='ocrx_word' id='word_1_643' title='bbox 366 4470 482 4526; x_wconf 89' lang='lat' dir='ltr'><strong>alia</strong></span> <span class='ocrx_word' id='word_1_644' title='bbox 533 4485 632 4541; x_wconf 90' lang='lat' dir='ltr'><strong>per</strong></span> <span class='ocrx_word' id='word_1_645' title='bbox 671 4468 965 4539; x_wconf 85' lang='lat' dir='ltr'><strong>jejunium</strong></span> <span class='ocrx_word' id='word_1_646' title='bbox 1015 4474 1074 4524; x_wconf 88' lang='lat' dir='ltr'><strong>et</strong></span> <span class='ocrx_word' id='word_1_647' title='bbox 1116 4468 1586 4540; x_wconf 86' lang='lat' dir='ltr'><strong>temperantiam.</strong></span> <span class='ocrx_word' id='word_1_648' title='bbox 1636 4467 1800 4522; x_wconf 91' lang='lat' dir='ltr'><strong>Tunc</strong></span> <span class='ocrx_word' id='word_1_649' title='bbox 1858 4467 2014 4522; x_wconf 88' lang='lat' dir='ltr'><strong>enim</strong></span> 
     </span>
    </p>
   </div>
   <div class='ocr_carea' id='block_1_84' title="bbox 370 4554 2016 4627">
    <p class='ocr_par' dir='ltr' id='par_1_84' title="bbox 370 4554 2016 4627">
     <span class='ocr_line' id='line_1_85' title="bbox 370 4554 2016 4627; baseline -0.002 -14"><span class='ocrx_word' id='word_1_650' title='bbox 370 4574 537 4613; x_wconf 88' lang='lat' dir='ltr'><strong>mens</strong></span> <span class='ocrx_word' id='word_1_651' title='bbox 563 4557 955 4613; x_wconf 88' lang='lat' dir='ltr'><strong>domesticum</strong></span> <span class='ocrx_word' id='word_1_652' title='bbox 1006 4556 1207 4613; x_wconf 89' lang='lat' dir='ltr'><strong>lumen</strong></span> <span class='ocrx_word' id='word_1_653' title='bbox 1255 4556 1486 4627; x_wconf 84' lang='lat' dir='ltr'><strong>accipit,</strong></span> <span class='ocrx_word' id='word_1_654' title='bbox 1517 4572 1585 4612; x_wconf 88' lang='lat' dir='ltr'><strong>ac</strong></span> <span class='ocrx_word' id='word_1_655' title='bbox 1636 4557 1814 4611; x_wconf 86' lang='lat' dir='ltr'><strong>Deum</strong></span> <span class='ocrx_word' id='word_1_656' title='bbox 1857 4554 2016 4611; x_wconf 87' lang='lat' dir='ltr'><strong>nullo</strong></span> 
     </span>
    </p>
   </div>
   <div class='ocr_carea' id='block_1_85' title="bbox 366 4647 732 4705">
    <p class='ocr_par' dir='ltr' id='par_1_85' title="bbox 366 4647 732 4705">
     <span class='ocr_line' id='line_1_86' title="bbox 366 4647 732 4705; baseline 0 -3"><span class='ocrx_word' id='word_1_657' title='bbox 366 4648 531 4704; x_wconf 87' lang='lat' dir='ltr'><strong>obice</strong></span> <span class='ocrx_word' id='word_1_658' title='bbox 556 4647 732 4705; x_wconf 83' lang='lat' dir='ltr'><strong>videt.</strong></span> 
     </span>
    </p>
   </div>
   <div class='ocr_carea' id='block_1_86' title="bbox 897 4752 1486 4826">
    <p class='ocr_par' dir='ltr' id='par_1_86' title="bbox 897 4752 1486 4826">
     <span class='ocr_line' id='line_1_87' title="bbox 897 4752 1486 4826; baseline 0 -18"><span class='ocrx_word' id='word_1_659' title='bbox 897 4754 971 4808; x_wconf 80' lang='lat' dir='ltr'><strong>De</strong></span> <span class='ocrx_word' id='word_1_660' title='bbox 1001 4754 1099 4810; x_wconf 77' lang='lat' dir='ltr'><strong>Dei</strong></span> <span class='ocrx_word' id='word_1_661' title='bbox 1124 4752 1486 4826; x_wconf 75' lang='lat' dir='ltr'><strong>providentia.</strong></span> 
     </span>
    </p>
   </div>
   <div class='ocr_carea' id='block_1_87' title="bbox 435 4874 2010 4948">
    <p class='ocr_par' dir='ltr' id='par_1_87' title="bbox 435 4874 2010 4948">
     <span class='ocr_line' id='line_1_88' title="bbox 435 4874 2010 4948; baseline -0.001 -15"><span class='ocrx_word' id='word_1_662' title='bbox 435 4874 645 4933; x_wconf 89' lang='lat' dir='ltr'><strong>Omnia</strong></span> <span class='ocrx_word' id='word_1_663' title='bbox 675 4892 740 4931; x_wconf 82' lang='lat' dir='ltr'><strong>ex</strong></span> <span class='ocrx_word' id='word_1_664' title='bbox 773 4876 890 4931; x_wconf 86' lang='lat' dir='ltr'><strong>Deo</strong></span> <span class='ocrx_word' id='word_1_665' title='bbox 942 4881 1101 4941; x_wconf 75' lang='lat' dir='ltr'><strong>sunt,</strong></span> <span class='ocrx_word' id='word_1_666' title='bbox 1134 4877 1310 4943; x_wconf 89' lang='lat' dir='ltr'><strong>bona,</strong></span> <span class='ocrx_word' id='word_1_667' title='bbox 1342 4875 1554 4945; x_wconf 86' lang='lat' dir='ltr'><strong>tristia,</strong></span> <span class='ocrx_word' id='word_1_668' title='bbox 1600 4874 1878 4948; x_wconf 84' lang='lat' dir='ltr'><strong>indigna;</strong></span> <span class='ocrx_word' id='word_1_669' title='bbox 1909 4876 2010 4931; x_wconf 88' lang='lat' dir='ltr'><strong>sed</strong></span> 
     </span>
    </p>
   </div>
   <div class='ocr_carea' id='block_1_88' title="bbox 365 4963 2014 5037">
    <p class='ocr_par' dir='ltr' id='par_1_88' title="bbox 365 4963 2014 5037">
     <span class='ocr_line' id='line_1_89' title="bbox 365 4963 2014 5037; baseline -0.001 -15"><span class='ocrx_word' id='word_1_670' title='bbox 365 4965 483 5022; x_wconf 88' lang='lat' dir='ltr'><strong>alia</strong></span> <span class='ocrx_word' id='word_1_671' title='bbox 510 4965 748 5036; x_wconf 90' lang='lat' dir='ltr'><strong>quidem</strong></span> <span class='ocrx_word' id='word_1_672' title='bbox 786 4964 992 5036; x_wconf 86' lang='lat' dir='ltr'><strong>placito</strong></span> <span class='ocrx_word' id='word_1_673' title='bbox 1024 4967 1191 5037; x_wconf 82' lang='lat' dir='ltr'><strong>ejus;</strong></span> <span class='ocrx_word' id='word_1_674' title='bbox 1226 4964 1358 5033; x_wconf 89' lang='lat' dir='ltr'><strong>alia,</strong></span> <span class='ocrx_word' id='word_1_675' title='bbox 1392 4965 1865 5036; x_wconf 82' lang='lat' dir='ltr'><strong>dispensatione;</strong></span> <span class='ocrx_word' id='word_1_676' title='bbox 1900 4963 2014 5021; x_wconf 89' lang='lat' dir='ltr'><strong>alia</strong></span> 
     </span>
    </p>
   </div>
   <div class='ocr_carea' id='block_1_89' title="bbox 368 5053 2014 5127">
    <p class='ocr_par' dir='ltr' id='par_1_89' title="bbox 368 5053 2014 5127">
     <span class='ocr_line' id='line_1_90' title="bbox 368 5053 2014 5127; baseline -0.001 -17"><span class='ocrx_word' id='word_1_677' title='bbox 368 5053 776 5127; x_wconf 84' lang='lat' dir='ltr'><strong>permissione.</strong></span> <span class='ocrx_word' id='word_1_678' title='bbox 802 5057 934 5119; x_wconf 64' lang='lat' dir='ltr'><strong>Quae</strong></span> <span class='ocrx_word' id='word_1_679' title='bbox 966 5053 1179 5127; x_wconf 82' lang='lat' dir='ltr'><strong>placito</strong></span> <span class='ocrx_word' id='word_1_680' title='bbox 1209 5054 1337 5125; x_wconf 88' lang='lat' dir='ltr'><strong>ejus</strong></span> <span class='ocrx_word' id='word_1_681' title='bbox 1366 5054 1687 5125; x_wconf 88' lang='lat' dir='ltr'><strong>(eveniunt)</strong></span> <span class='ocrx_word' id='word_1_682' title='bbox 1708 5069 1839 5108; x_wconf 91' lang='lat' dir='ltr'><strong>cum</strong></span> <span class='ocrx_word' id='word_1_683' title='bbox 1862 5053 2014 5108; x_wconf 79' lang='lat' dir='ltr'><strong>scili-</strong></span> 
     </span>
    </p>
   </div>
   <div class='ocr_carea' id='block_1_90' title="bbox 361 5141 2012 5216">
    <p class='ocr_par' dir='ltr' id='par_1_90' title="bbox 361 5141 2012 5216">
     <span class='ocr_line' id='line_1_91' title="bbox 361 5141 2012 5216; baseline 0 -17"><span class='ocrx_word' id='word_1_684' title='bbox 361 5148 450 5200; x_wconf 89' lang='lat' dir='ltr'><strong>cet</strong></span> <span class='ocrx_word' id='word_1_685' title='bbox 478 5142 654 5197; x_wconf 84' lang='lat' dir='ltr'><strong>vitam</strong></span> <span class='ocrx_word' id='word_1_686' title='bbox 689 5141 745 5197; x_wconf 91' lang='lat' dir='ltr'><strong>in</strong></span> <span class='ocrx_word' id='word_1_687' title='bbox 779 5142 991 5198; x_wconf 85' lang='lat' dir='ltr'><strong>virtute</strong></span> <span class='ocrx_word' id='word_1_688' title='bbox 1019 5143 1248 5216; x_wconf 85' lang='lat' dir='ltr'><strong>agimus</strong></span> <span class='ocrx_word' id='word_1_689' title='bbox 1272 5160 1286 5212; x_wconf 87' lang='lat'><strong>;</strong></span> <span class='ocrx_word' id='word_1_690' title='bbox 1310 5141 1431 5197; x_wconf 79' lang='lat' dir='ltr'><strong>vult</strong></span> <span class='ocrx_word' id='word_1_691' title='bbox 1453 5159 1707 5214; x_wconf 91' lang='lat' dir='ltr'><strong>namque</strong></span> <span class='ocrx_word' id='word_1_692' title='bbox 1728 5142 1883 5198; x_wconf 88' lang='lat' dir='ltr'><strong>Deus</strong></span> <span class='ocrx_word' id='word_1_693' title='bbox 1904 5159 2012 5199; x_wconf 87' lang='lat' dir='ltr'><strong>nos</strong></span> 
     </span>
    </p>
   </div>
   <div class='ocr_carea' id='block_1_91' title="bbox 360 5231 2011 5305">
    <p class='ocr_par' dir='ltr' id='par_1_91' title="bbox 360 5231 2011 5305">
     <span class='ocr_line' id='line_1_92' title="bbox 360 5231 2011 5305; baseline 0 -18"><span class='ocrx_word' id='word_1_694' title='bbox 360 5232 487 5288; x_wconf 87' lang='lat' dir='ltr'><strong>sine</strong></span> <span class='ocrx_word' id='word_1_695' title='bbox 520 5238 751 5305; x_wconf 81' lang='lat' dir='ltr'><strong>peccato</strong></span> <span class='ocrx_word' id='word_1_696' title='bbox 784 5231 1016 5304; x_wconf 82' lang='lat' dir='ltr'><strong>degere,</strong></span> <span class='ocrx_word' id='word_1_697' title='bbox 1051 5237 1222 5304; x_wconf 83' lang='lat' dir='ltr'><strong>atque</strong></span> <span class='ocrx_word' id='word_1_698' title='bbox 1274 5248 1404 5286; x_wconf 90' lang='lat' dir='ltr'><strong>cum</strong></span> <span class='ocrx_word' id='word_1_699' title='bbox 1458 5232 1668 5303; x_wconf 85' lang='lat' dir='ltr'><strong>pietate</strong></span> <span class='ocrx_word' id='word_1_700' title='bbox 1714 5235 1765 5285; x_wconf 86' lang='lat' dir='ltr'><strong>et</strong></span> <span class='ocrx_word' id='word_1_701' title='bbox 1799 5231 2011 5287; x_wconf 85' lang='lat' dir='ltr'><strong>virtute</strong></span> 
     </span>
    </p>
   </div>
   <div class='ocr_carea' id='block_1_92' title="bbox 356 5319 2008 5393">
    <p class='ocr_par' dir='ltr' id='par_1_92' title="bbox 356 5319 2008 5393">
     <span class='ocr_line' id='line_1_93' title="bbox 356 5319 2008 5393; baseline 0.001 -20"><span class='ocrx_word' id='word_1_702' title='bbox 356 5320 531 5377; x_wconf 78' lang='lat' dir='ltr'><strong>vitam</strong></span> <span class='ocrx_word' id='word_1_703' title='bbox 592 5320 920 5376; x_wconf 80' lang='lat' dir='ltr'><strong>instituere.</strong></span> <span class='ocrx_word' id='word_1_704' title='bbox 991 5319 1432 5393; x_wconf 81' lang='lat' dir='ltr'><strong>Dispensatione</strong></span> <span class='ocrx_word' id='word_1_705' title='bbox 1499 5328 1712 5389; x_wconf 83' lang='lat' dir='ltr'><strong>autem,</strong></span> <span class='ocrx_word' id='word_1_706' title='bbox 1772 5320 2008 5390; x_wconf 83' lang='lat' dir='ltr'><strong>quando</strong></span> 
     </span>
    </p>
   </div>
   <div class='ocr_carea' id='block_1_93' title="bbox 354 5406 2007 5484">
    <p class='ocr_par' dir='ltr' id='par_1_93' title="bbox 354 5406 2007 5484">
     <span class='ocr_line' id='line_1_94' title="bbox 354 5406 2007 5484; baseline -0.002 -17"><span class='ocrx_word' id='word_1_707' title='bbox 354 5411 505 5484; x_wconf 89' lang='lat' dir='ltr'><strong>lapsi</strong></span> <span class='ocrx_word' id='word_1_708' title='bbox 527 5416 586 5469; x_wconf 85' lang='lat' dir='ltr'><strong>et</strong></span> <span class='ocrx_word' id='word_1_709' title='bbox 606 5416 737 5484; x_wconf 87' lang='lat' dir='ltr'><strong>post</strong></span> <span class='ocrx_word' id='word_1_710' title='bbox 770 5413 1072 5483; x_wconf 89' lang='lat' dir='ltr'><strong>peccatum</strong></span> <span class='ocrx_word' id='word_1_711' title='bbox 1107 5409 1430 5465; x_wconf 86' lang='lat' dir='ltr'><strong>admissum</strong></span> <span class='ocrx_word' id='word_1_712' title='bbox 1462 5406 1838 5480; x_wconf 83' lang='lat' dir='ltr'><strong>castigamur.</strong></span> <span class='ocrx_word' id='word_1_713' title='bbox 1874 5412 2007 5464; x_wconf 88' lang='lat' dir='ltr'><strong>Per-</strong></span> 
     </span>
    </p>
   </div>
   <div class='ocr_carea' id='block_1_94' title="bbox 429 5599 1461 5671">
    <p class='ocr_par' dir='ltr' id='par_1_94' title="bbox 429 5599 1461 5671">
     <span class='ocr_line' id='line_1_95' title="bbox 429 5599 1461 5671; baseline -0.001 -10"><span class='ocrx_word' id='word_1_714' title='bbox 429 5604 474 5641; x_wconf 86' lang='grc'><strong>¹⁰</strong></span> <span class='ocrx_word' id='word_1_715' title='bbox 501 5602 709 5661; x_wconf 88' lang='lat' dir='ltr'><strong>Matth.</strong></span> <span class='ocrx_word' id='word_1_716' title='bbox 743 5619 820 5671; x_wconf 80' lang='lat' dir='ltr'><strong>iv,</strong></span> <span class='ocrx_word' id='word_1_717' title='bbox 851 5602 907 5657; x_wconf 88' lang='lat'><strong>2.</strong></span> <span class='ocrx_word' id='word_1_718' title='bbox 986 5603 1029 5638; x_wconf 84' lang='grc'>¹¹</span> <span class='ocrx_word' id='word_1_719' title='bbox 1065 5599 1253 5660; x_wconf 86' lang='lat' dir='ltr'><strong>Galat.</strong></span> <span class='ocrx_word' id='word_1_720' title='bbox 1286 5619 1342 5671; x_wconf 91' lang='lat' dir='ltr'><strong>v,</strong></span> <span class='ocrx_word' id='word_1_721' title='bbox 1377 5602 1461 5660; x_wconf 87' lang='grc'>17.</span> 
     </span>
    </p>
   </div>
   <div class='ocr_carea' id='block_1_95' title="bbox 2043 4714 2090 4779">
    <p class='ocr_par' dir='ltr' id='par_1_95' title="bbox 2043 4714 2090 4779">
     <span class='ocr_line' id='line_1_96' title="bbox 2043 4714 2090 4779; baseline 0 0"><span class='ocrx_word' id='word_1_722' title='bbox 2043 4714 2090 4779; x_wconf 89' lang='lat' dir='ltr'><strong>D</strong></span> 
     </span>
    </p>
   </div>
   <div class='ocr_carea' id='block_1_96' title="bbox 2633 3652 3373 3718">
    <p class='ocr_par' dir='ltr' id='par_1_96' title="bbox 2633 3652 3373 3718">
     <span class='ocr_line' id='line_1_97' title="bbox 2633 3652 3373 3718; baseline 0.001 -10"><span class='ocrx_word' id='word_1_723' title='bbox 2633 3652 2876 3718; x_wconf 87' lang='grc' dir='ltr'>Διάθεσις</span> <span class='ocrx_word' id='word_1_724' title='bbox 2914 3658 3021 3710; x_wconf 78' lang='grc' dir='ltr'><strong>τῶν</strong></span> <span class='ocrx_word' id='word_1_725' title='bbox 3061 3656 3270 3715; x_wconf 79' lang='grc' dir='ltr'>παθῶν.</span> <span class='ocrx_word' id='word_1_726' title='bbox 3366 3674 3373 3680; x_wconf 83' lang='grc'><em>’</em></span> 
     </span>
    </p>
   </div>
   <div class='ocr_carea' id='block_1_97' title="bbox 2205 3756 3769 3836">
    <p class='ocr_par' dir='ltr' id='par_1_97' title="bbox 2205 3756 3769 3836">
     <span class='ocr_line' id='line_1_98' title="bbox 2205 3756 3769 3836; baseline 0.001 -24"><span class='ocrx_word' id='word_1_727' title='bbox 2205 3756 2328 3812; x_wconf 84' lang='grc' dir='ltr'>Τῶν</span> <span class='ocrx_word' id='word_1_728' title='bbox 2379 3758 2562 3812; x_wconf 84' lang='grc' dir='ltr'>παθῶν</span> <span class='ocrx_word' id='word_1_729' title='bbox 2614 3758 2681 3814; x_wconf 82' lang='grc' dir='ltr'><strong>τὰ</strong></span> <span class='ocrx_word' id='word_1_730' title='bbox 2726 3759 2823 3833; x_wconf 77' lang='grc' dir='ltr'>μὲν</span> <span class='ocrx_word' id='word_1_731' title='bbox 2852 3756 2962 3816; x_wconf 72' lang='lat' dir='ltr'><strong>’éo&#39;rt</strong></span> <span class='ocrx_word' id='word_1_732' title='bbox 2993 3761 3297 3835; x_wconf 80' lang='grc' dir='ltr'>σωματικὰ,</span> <span class='ocrx_word' id='word_1_733' title='bbox 3322 3762 3392 3817; x_wconf 78' lang='grc' dir='ltr'>τὰ</span> <span class='ocrx_word' id='word_1_734' title='bbox 3446 3760 3507 3818; x_wconf 80' lang='grc' dir='ltr'>δὶ</span> <span class='ocrx_word' id='word_1_735' title='bbox 3557 3757 3769 3836; x_wconf 78' lang='grc' dir='ltr'>ψυχικά.</span> 
     </span>
    </p>
   </div>
   <div class='ocr_carea' id='block_1_98' title="bbox 2132 3844 3763 3927">
    <p class='ocr_par' dir='ltr' id='par_1_98' title="bbox 2132 3844 3763 3927">
     <span class='ocr_line' id='line_1_99' title="bbox 2132 3844 3763 3927; baseline 0.011 -30"><span class='ocrx_word' id='word_1_736' title='bbox 2132 3844 2229 3898; x_wconf 82' lang='grc' dir='ltr'>Καὶ</span> <span class='ocrx_word' id='word_1_737' title='bbox 2263 3847 2549 3918; x_wconf 81' lang='grc' dir='ltr'>σωματικὰ</span> <span class='ocrx_word' id='word_1_738' title='bbox 2603 3849 2698 3921; x_wconf 72' lang='grc' dir='ltr'>μὲν</span> <span class='ocrx_word' id='word_1_739' title='bbox 2750 3847 2985 3925; x_wconf 75' lang='grc' dir='ltr'>λέγομεν</span> <span class='ocrx_word' id='word_1_740' title='bbox 3014 3849 3473 3927; x_wconf 83' lang='grc' dir='ltr'>γαστριμαργίαν,</span> <span class='ocrx_word' id='word_1_741' title='bbox 3502 3846 3763 3923; x_wconf 61' lang='grc' dir='ltr'>πορνείαν,</span> 
     </span>
    </p>
   </div>
   <div class='ocr_carea' id='block_1_99' title="bbox 2132 3932 3761 4014">
    <p class='ocr_par' dir='ltr' id='par_1_99' title="bbox 2132 3932 3761 4014">
     <span class='ocr_line' id='line_1_100' title="bbox 2132 3932 3761 4014; baseline 0 -27"><span class='ocrx_word' id='word_1_742' title='bbox 2132 3932 2325 4005; x_wconf 77' lang='grc' dir='ltr'>μέθην,</span> <span class='ocrx_word' id='word_1_743' title='bbox 2357 3934 2661 4011; x_wconf 68' lang='grc' dir='ltr'>ἀσέλγειανο</span> <span class='ocrx_word' id='word_1_744' title='bbox 2694 3938 2905 4013; x_wconf 81' lang='grc' dir='ltr'>ψυχικά</span> <span class='ocrx_word' id='word_1_745' title='bbox 2936 3936 2994 3994; x_wconf 75' lang='grc' dir='ltr'>δὲ</span> <span class='ocrx_word' id='word_1_746' title='bbox 3026 3943 3184 4012; x_wconf 81' lang='grc' dir='ltr'>μῖσος</span> <span class='ocrx_word' id='word_1_747' title='bbox 3214 3939 3349 4014; x_wconf 84' lang='grc' dir='ltr'>πρὸς</span> <span class='ocrx_word' id='word_1_748' title='bbox 3397 3940 3495 3995; x_wconf 81' lang='grc' dir='ltr'><strong>τὸν</strong></span> <span class='ocrx_word' id='word_1_749' title='bbox 3514 3936 3761 4007; x_wconf 75' lang='grc' dir='ltr'>πλησίον,</span> 
     </span>
    </p>
   </div>
   <div class='ocr_carea' id='block_1_100' title="bbox 2129 4018 3761 4104">
    <p class='ocr_par' dir='ltr' id='par_1_100' title="bbox 2129 4018 3761 4104">
     <span class='ocr_line' id='line_1_101' title="bbox 2129 4018 3761 4104; baseline 0.002 -29"><span class='ocrx_word' id='word_1_750' title='bbox 2129 4021 2347 4099; x_wconf 77' lang='grc' dir='ltr'>φθόνος,</span> <span class='ocrx_word' id='word_1_751' title='bbox 2380 4018 2513 4101; x_wconf 82' lang='grc' dir='ltr'>ἔρις,</span> <span class='ocrx_word' id='word_1_752' title='bbox 2563 4023 2858 4098; x_wconf 81' lang='grc' dir='ltr'>κενοδοξία,</span> <span class='ocrx_word' id='word_1_753' title='bbox 2911 4025 3268 4104; x_wconf 72' lang='grc' dir='ltr'>ὑπερηφανία.</span> <span class='ocrx_word' id='word_1_754' title='bbox 3300 4031 3481 4082; x_wconf 87' lang='grc' dir='ltr'>Ταῦτα</span> <span class='ocrx_word' id='word_1_755' title='bbox 3528 4024 3585 4081; x_wconf 66' lang='grc' dir='ltr'>δὲ</span> <span class='ocrx_word' id='word_1_756' title='bbox 3631 4024 3761 4098; x_wconf 74' lang='grc' dir='ltr'>ἐνερ-</span> 
     </span>
    </p>
   </div>
   <div class='ocr_carea' id='block_1_101' title="bbox 2129 4110 3761 4190">
    <p class='ocr_par' dir='ltr' id='par_1_101' title="bbox 2129 4110 3761 4190">
     <span class='ocr_line' id='line_1_102' title="bbox 2129 4110 3761 4190; baseline -0.015 -3"><span class='ocrx_word' id='word_1_757' title='bbox 2129 4114 2314 4184; x_wconf 76' lang='grc' dir='ltr'>γυῦσιν</span> <span class='ocrx_word' id='word_1_758' title='bbox 2347 4111 2422 4175; x_wconf 69' lang='grc' dir='ltr'><strong>εἷς</strong></span> <span class='ocrx_word' id='word_1_759' title='bbox 2453 4114 2552 4182; x_wconf 69' lang='grc' dir='ltr'><strong>τὴν</strong></span> <span class='ocrx_word' id='word_1_760' title='bbox 2583 4112 2851 4189; x_wconf 73' lang='grc' dir='ltr'>ἡμετέραν</span> <span class='ocrx_word' id='word_1_761' title='bbox 2893 4116 3104 4190; x_wconf 77' lang='grc' dir='ltr'>ψυχὴν,</span> <span class='ocrx_word' id='word_1_762' title='bbox 3138 4114 3382 4186; x_wconf 73' lang='grc' dir='ltr'>ἀπούσης</span> <span class='ocrx_word' id='word_1_763' title='bbox 3432 4114 3643 4190; x_wconf 78' lang='grc' dir='ltr'>ἀγάπης</span> <span class='ocrx_word' id='word_1_764' title='bbox 3681 4110 3761 4165; x_wconf 80' lang='grc' dir='ltr'>καὶ</span> 
     </span>
    </p>
   </div>
   <div class='ocr_carea' id='block_1_102' title="bbox 2129 4196 3762 4279">
    <p class='ocr_par' dir='ltr' id='par_1_102' title="bbox 2129 4196 3762 4279">
     <span class='ocr_line' id='line_1_103' title="bbox 2129 4196 3762 4279; baseline 0.006 -26"><span class='ocrx_word' id='word_1_765' title='bbox 2129 4196 2440 4275; x_wconf 79' lang='grc' dir='ltr'>ἐγκρατείας</span> <span class='ocrx_word' id='word_1_766' title='bbox 2467 4219 2480 4233; x_wconf 87' lang='grc'><strong>·</strong></span> <span class='ocrx_word' id='word_1_767' title='bbox 2538 4200 2820 4277; x_wconf 78' lang='grc' dir='ltr'>παρούσης</span> <span class='ocrx_word' id='word_1_768' title='bbox 2865 4199 2924 4258; x_wconf 67' lang='grc' dir='ltr'>δὲ</span> <span class='ocrx_word' id='word_1_769' title='bbox 2982 4202 3197 4279; x_wconf 82' lang='grc' dir='ltr'>ἀγάπης</span> <span class='ocrx_word' id='word_1_770' title='bbox 3274 4203 3364 4258; x_wconf 80' lang='grc' dir='ltr'><strong>καὶ</strong></span> <span class='ocrx_word' id='word_1_771' title='bbox 3442 4198 3762 4279; x_wconf 62' lang='grc' dir='ltr'>ἐγκρατείας,</span> 
     </span>
    </p>
   </div>
   <div class='ocr_carea' id='block_1_103' title="bbox 2124 4288 3757 4370">
    <p class='ocr_par' dir='ltr' id='par_1_103' title="bbox 2124 4288 3757 4370">
     <span class='ocr_line' id='line_1_104' title="bbox 2124 4288 3757 4370; baseline 0.003 -27"><span class='ocrx_word' id='word_1_772' title='bbox 2124 4292 2292 4343; x_wconf 89' lang='grc' dir='ltr'>ταῦτα</span> <span class='ocrx_word' id='word_1_773' title='bbox 2351 4288 2525 4345; x_wconf 74' lang='grc' dir='ltr'>πάντα</span> <span class='ocrx_word' id='word_1_774' title='bbox 2580 4290 3004 4370; x_wconf 74' lang='grc' dir='ltr'>ἐξαφανίζονται,</span> <span class='ocrx_word' id='word_1_775' title='bbox 3052 4293 3119 4348; x_wconf 73' lang='grc' dir='ltr'><strong>τὰ</strong></span> <span class='ocrx_word' id='word_1_776' title='bbox 3200 4293 3295 4365; x_wconf 73' lang='grc' dir='ltr'>μὶν</span> <span class='ocrx_word' id='word_1_777' title='bbox 3375 4293 3482 4348; x_wconf 79' lang='grc' dir='ltr'><strong>ὑπὸ</strong></span> <span class='ocrx_word' id='word_1_778' title='bbox 3563 4289 3757 4367; x_wconf 76' lang='grc' dir='ltr'>ἀγάπης</span> 
     </span>
    </p>
   </div>
   <div class='ocr_carea' id='block_1_104' title="bbox 2126 4376 3755 4456">
    <p class='ocr_par' dir='ltr' id='par_1_104' title="bbox 2126 4376 3755 4456">
     <span class='ocr_line' id='line_1_105' title="bbox 2126 4376 3755 4456; baseline 0.004 -25"><span class='ocrx_word' id='word_1_779' title='bbox 2126 4385 2516 4449; x_wconf 75' lang='grc' dir='ltr'>πνευματικῆς,</span> <span class='ocrx_word' id='word_1_780' title='bbox 2571 4379 2639 4433; x_wconf 82' lang='grc' dir='ltr'><strong>τὰ</strong></span> <span class='ocrx_word' id='word_1_781' title='bbox 2694 4377 2751 4435; x_wconf 68' lang='grc' dir='ltr'>δὲ</span> <span class='ocrx_word' id='word_1_782' title='bbox 2808 4380 2912 4435; x_wconf 84' lang='grc' dir='ltr'>ὑπὸ</span> <span class='ocrx_word' id='word_1_783' title='bbox 2965 4381 3214 4451; x_wconf 86' lang='grc' dir='ltr'>νηστείας</span> <span class='ocrx_word' id='word_1_784' title='bbox 3278 4380 3369 4436; x_wconf 77' lang='grc' dir='ltr'><strong>καὶ</strong></span> <span class='ocrx_word' id='word_1_785' title='bbox 3445 4376 3755 4456; x_wconf 69' lang='grc' dir='ltr'>ἐγκρατείας-</span> 
     </span>
    </p>
   </div>
   <div class='ocr_carea' id='block_1_105' title="bbox 2125 4462 3755 4548">
    <p class='ocr_par' dir='ltr' id='par_1_105' title="bbox 2125 4462 3755 4548">
     <span class='ocr_line' id='line_1_106' title="bbox 2125 4462 3755 4548; baseline -0.002 -27"><span class='ocrx_word' id='word_1_786' title='bbox 2125 4465 2255 4522; x_wconf 87' lang='grc' dir='ltr'>Τότε</span> <span class='ocrx_word' id='word_1_787' title='bbox 2283 4467 2383 4543; x_wconf 75' lang='grc' dir='ltr'><strong>γὰρ</strong></span> <span class='ocrx_word' id='word_1_788' title='bbox 2414 4468 2443 4522; x_wconf 85' lang='grc' dir='ltr'><strong>ὁ</strong></span> <span class='ocrx_word' id='word_1_789' title='bbox 2474 4471 2597 4530; x_wconf 90' lang='grc' dir='ltr'>νοῦς</span> <span class='ocrx_word' id='word_1_790' title='bbox 2627 4469 2718 4523; x_wconf 85' lang='grc' dir='ltr'>καὶ</span> <span class='ocrx_word' id='word_1_791' title='bbox 2746 4469 2811 4524; x_wconf 78' lang='grc' dir='ltr'>τὸ</span> <span class='ocrx_word' id='word_1_792' title='bbox 2841 4470 3041 4525; x_wconf 84' lang='grc' dir='ltr'>οἰκεῖον</span> <span class='ocrx_word' id='word_1_793' title='bbox 3082 4475 3198 4548; x_wconf 68' lang='grc' dir='ltr'>φῶς</span> <span class='ocrx_word' id='word_1_794' title='bbox 3252 4465 3629 4544; x_wconf 77' lang='grc' dir='ltr'>ἀπολαμϐάνει</span> <span class='ocrx_word' id='word_1_795' title='bbox 3674 4462 3755 4519; x_wconf 75' lang='grc' dir='ltr'><strong>καὶ</strong></span> 
     </span>
    </p>
   </div>
   <div class='ocr_carea' id='block_1_106' title="bbox 2125 4553 3046 4634">
    <p class='ocr_par' dir='ltr' id='par_1_106' title="bbox 2125 4553 3046 4634">
     <span class='ocr_line' id='line_1_107' title="bbox 2125 4553 3046 4634; baseline 0.008 -26"><span class='ocrx_word' id='word_1_796' title='bbox 2125 4554 2214 4609; x_wconf 86' lang='grc' dir='ltr'>τὸν</span> <span class='ocrx_word' id='word_1_797' title='bbox 2248 4556 2374 4610; x_wconf 82' lang='grc' dir='ltr'>Θεὸν</span> <span class='ocrx_word' id='word_1_798' title='bbox 2408 4553 2896 4634; x_wconf 81' lang='grc' dir='ltr'>άπαρεμποδίστως</span> <span class='ocrx_word' id='word_1_799' title='bbox 2927 4559 3046 4634; x_wconf 77' lang='grc' dir='ltr'>ὁρᾷ.</span> 
     </span>
    </p>
   </div>
   <div class='ocr_carea' id='block_1_107' title="bbox 2512 4752 3367 4831">
    <p class='ocr_par' dir='ltr' id='par_1_107' title="bbox 2512 4752 3367 4831">
     <span class='ocr_line' id='line_1_108' title="bbox 2512 4752 3367 4831; baseline 0.007 -23"><span class='ocrx_word' id='word_1_800' title='bbox 2512 4752 2641 4828; x_wconf 83' lang='grc' dir='ltr'>Περὶ</span> <span class='ocrx_word' id='word_1_801' title='bbox 2670 4760 2769 4823; x_wconf 82' lang='grc' dir='ltr'><strong>τῆς</strong></span> <span class='ocrx_word' id='word_1_802' title='bbox 2796 4758 2894 4809; x_wconf 92' lang='grc' dir='ltr'><strong>τοῦ</strong></span> <span class='ocrx_word' id='word_1_803' title='bbox 2923 4759 3058 4811; x_wconf 80' lang='grc' dir='ltr'>Θεοῦ</span> <span class='ocrx_word' id='word_1_804' title='bbox 3085 4754 3367 4831; x_wconf 87' lang='grc' dir='ltr'>προνοίας.</span> 
     </span>
    </p>
   </div>
   <div class='ocr_carea' id='block_1_108' title="bbox 2194 4872 3746 4955">
    <p class='ocr_par' dir='ltr' id='par_1_108' title="bbox 2194 4872 3746 4955">
     <span class='ocr_line' id='line_1_109' title="bbox 2194 4872 3746 4955; baseline -0.002 -24"><span class='ocrx_word' id='word_1_805' title='bbox 2194 4878 2367 4932; x_wconf 74' lang='grc' dir='ltr'>Πάντα</span> <span class='ocrx_word' id='word_1_806' title='bbox 2415 4877 2474 4932; x_wconf 76' lang='grc' dir='ltr'>ἐκ</span> <span class='ocrx_word' id='word_1_807' title='bbox 2518 4882 2616 4932; x_wconf 88' lang='grc' dir='ltr'><strong>τοῦ</strong></span> <span class='ocrx_word' id='word_1_808' title='bbox 2663 4881 2816 4945; x_wconf 84' lang='grc' dir='ltr'>Θεοῦ,</span> <span class='ocrx_word' id='word_1_809' title='bbox 2851 4878 2941 4934; x_wconf 82' lang='grc' dir='ltr'><strong>καὶ</strong></span> <span class='ocrx_word' id='word_1_810' title='bbox 2986 4879 3055 4934; x_wconf 83' lang='grc' dir='ltr'><strong>τὰ</strong></span> <span class='ocrx_word' id='word_1_811' title='bbox 3097 4878 3287 4955; x_wconf 70' lang='grc' dir='ltr'>ἀγαθὰ,</span> <span class='ocrx_word' id='word_1_812' title='bbox 3316 4878 3407 4933; x_wconf 81' lang='grc' dir='ltr'><strong>καὶ</strong></span> <span class='ocrx_word' id='word_1_813' title='bbox 3451 4878 3519 4933; x_wconf 70' lang='grc' dir='ltr'><strong>τὰ</strong></span> <span class='ocrx_word' id='word_1_814' title='bbox 3545 4872 3746 4947; x_wconf 68' lang='grc' dir='ltr'>λυπηρὰ</span> 
     </span>
    </p>
   </div>
   <div class='ocr_carea' id='block_1_109' title="bbox 2117 4960 3740 5041">
    <p class='ocr_par' dir='ltr' id='par_1_109' title="bbox 2117 4960 3740 5041">
     <span class='ocr_line' id='line_1_110' title="bbox 2117 4960 3740 5041; baseline -0.004 -20"><span class='ocrx_word' id='word_1_815' title='bbox 2117 4964 2205 5021; x_wconf 80' lang='grc' dir='ltr'><strong>καὶ</strong></span> <span class='ocrx_word' id='word_1_816' title='bbox 2235 4965 2303 5020; x_wconf 71' lang='grc' dir='ltr'><strong>τὰ</strong></span> <span class='ocrx_word' id='word_1_817' title='bbox 2330 4964 2530 5036; x_wconf 68' lang='grc' dir='ltr'>ἀνάξια*</span> <span class='ocrx_word' id='word_1_818' title='bbox 2559 4963 2706 5021; x_wconf 78' lang='grc' dir='ltr'>ἀλλὰ</span> <span class='ocrx_word' id='word_1_819' title='bbox 2733 4966 2801 5022; x_wconf 78' lang='grc' dir='ltr'><strong>τὰ</strong></span> <span class='ocrx_word' id='word_1_820' title='bbox 2831 4967 2925 5040; x_wconf 72' lang='grc' dir='ltr'>μὲν</span> <span class='ocrx_word' id='word_1_821' title='bbox 2977 4965 3213 5041; x_wconf 72' lang='grc' dir='ltr'>εὐδοκία,</span> <span class='ocrx_word' id='word_1_822' title='bbox 3243 4967 3311 5023; x_wconf 80' lang='grc' dir='ltr'><strong>τὰ</strong></span> <span class='ocrx_word' id='word_1_823' title='bbox 3354 4964 3413 5022; x_wconf 74' lang='grc' dir='ltr'>δὲ</span> <span class='ocrx_word' id='word_1_824' title='bbox 3456 4960 3740 5036; x_wconf 70' lang='grc' dir='ltr'>οἰκονομίᾳ,</span> 
     </span>
    </p>
   </div>
   <div class='ocr_carea' id='block_1_110' title="bbox 2118 5047 3738 5131">
    <p class='ocr_par' dir='ltr' id='par_1_110' title="bbox 2118 5047 3738 5131">
     <span class='ocr_line' id='line_1_111' title="bbox 2118 5047 3738 5131; baseline -0.001 -23"><span class='ocrx_word' id='word_1_825' title='bbox 2118 5053 2186 5108; x_wconf 74' lang='grc' dir='ltr'><strong>τὰ</strong></span> <span class='ocrx_word' id='word_1_826' title='bbox 2233 5051 2290 5109; x_wconf 73' lang='grc' dir='ltr'>δὲ</span> <span class='ocrx_word' id='word_1_827' title='bbox 2336 5055 2749 5131; x_wconf 58' lang='grc' dir='ltr'>παραχωρήσει.</span> <span class='ocrx_word' id='word_1_828' title='bbox 2780 5054 2877 5109; x_wconf 75' lang='grc' dir='ltr'><strong>Καὶ</strong></span> <span class='ocrx_word' id='word_1_829' title='bbox 2931 5055 2998 5110; x_wconf 78' lang='grc' dir='ltr'><strong>τὰ</strong></span> <span class='ocrx_word' id='word_1_830' title='bbox 3046 5055 3164 5110; x_wconf 83' lang='grc' dir='ltr'>κατ’</span> <span class='ocrx_word' id='word_1_831' title='bbox 3212 5052 3479 5127; x_wconf 77' lang='grc' dir='ltr'>εὐδοκίαν,</span> <span class='ocrx_word' id='word_1_832' title='bbox 3509 5051 3594 5108; x_wconf 74' lang='grc' dir='ltr'><strong>ὅτε</strong></span> <span class='ocrx_word' id='word_1_833' title='bbox 3634 5047 3738 5103; x_wconf 77' lang='grc' dir='ltr'>κατ’</span> 
     </span>
    </p>
   </div>
   <div class='ocr_carea' id='block_1_111' title="bbox 2121 5134 3739 5220">
    <p class='ocr_par' dir='ltr' id='par_1_111' title="bbox 2121 5134 3739 5220">
     <span class='ocr_line' id='line_1_112' title="bbox 2121 5134 3739 5220; baseline -0.001 -23"><span class='ocrx_word' id='word_1_834' title='bbox 2121 5142 2315 5219; x_wconf 65' lang='grc' dir='ltr'>ἀρετὴν</span> <span class='ocrx_word' id='word_1_835' title='bbox 2366 5139 2785 5216; x_wconf 80' lang='grc' dir='ltr'>πολιτευώμεθα</span> <span class='ocrx_word' id='word_1_836' title='bbox 2814 5161 2827 5175; x_wconf 75' lang='grc'><strong><em>⁸</em></strong></span> <span class='ocrx_word' id='word_1_837' title='bbox 2888 5141 3143 5220; x_wconf 78' lang='grc' dir='ltr'>βούλεται</span> <span class='ocrx_word' id='word_1_838' title='bbox 3198 5145 3304 5220; x_wconf 76' lang='grc' dir='ltr'><strong>γὰρ</strong></span> <span class='ocrx_word' id='word_1_839' title='bbox 3355 5144 3505 5217; x_wconf 74' lang='grc' dir='ltr'>ἡμᾶς</span> <span class='ocrx_word' id='word_1_840' title='bbox 3551 5141 3578 5195; x_wconf 82' lang='grc' dir='ltr'><strong>ὁ</strong></span> <span class='ocrx_word' id='word_1_841' title='bbox 3622 5134 3739 5195; x_wconf 69' lang='grc' dir='ltr'>Θεὸς</span> 
     </span>
    </p>
   </div>
   <div class='ocr_carea' id='block_1_112' title="bbox 2121 5223 3732 5309">
    <p class='ocr_par' dir='ltr' id='par_1_112' title="bbox 2121 5223 3732 5309">
     <span class='ocr_line' id='line_1_113' title="bbox 2121 5223 3732 5309; baseline -0.001 -23"><span class='ocrx_word' id='word_1_842' title='bbox 2121 5232 2532 5307; x_wconf 67' lang='grc' dir='ltr'>ἀναμαρτήτους</span> <span class='ocrx_word' id='word_1_843' title='bbox 2580 5228 2804 5309; x_wconf 78' lang='grc' dir='ltr'>διάγειν,</span> <span class='ocrx_word' id='word_1_844' title='bbox 2851 5232 2941 5288; x_wconf 84' lang='grc' dir='ltr'><strong>καὶ</strong></span> <span class='ocrx_word' id='word_1_845' title='bbox 2992 5233 3128 5307; x_wconf 81' lang='grc' dir='ltr'>μετᾶ</span> <span class='ocrx_word' id='word_1_846' title='bbox 3171 5239 3271 5303; x_wconf 75' lang='grc' dir='ltr'><strong>τῆς</strong></span> <span class='ocrx_word' id='word_1_847' title='bbox 3331 5226 3612 5295; x_wconf 70' lang='grc' dir='ltr'>εὐσεϐείας,</span> <span class='ocrx_word' id='word_1_848' title='bbox 3655 5223 3732 5280; x_wconf 76' lang='grc' dir='ltr'>καῖ</span> 
     </span>
    </p>
   </div>
   <div class='ocr_carea' id='block_1_113' title="bbox 2120 5311 3734 5396">
    <p class='ocr_par' dir='ltr' id='par_1_113' title="bbox 2120 5311 3734 5396">
     <span class='ocr_line' id='line_1_114' title="bbox 2120 5311 3734 5396; baseline -0.001 -21"><span class='ocrx_word' id='word_1_849' title='bbox 2120 5321 2313 5396; x_wconf 72' lang='grc' dir='ltr'>ἀρετῆς</span> <span class='ocrx_word' id='word_1_850' title='bbox 2352 5319 2748 5376; x_wconf 54' lang='grc' dir='ltr'>πολιτειὴσθαι.</span> <span class='ocrx_word' id='word_1_851' title='bbox 2780 5322 2906 5376; x_wconf 77' lang='grc' dir='ltr'>Κατ’</span> <span class='ocrx_word' id='word_1_852' title='bbox 2952 5321 3270 5395; x_wconf 75' lang='grc' dir='ltr'>οἰκονομίαν</span> <span class='ocrx_word' id='word_1_853' title='bbox 3300 5318 3378 5393; x_wconf 68' lang='grc' dir='ltr'>δὲ,</span> <span class='ocrx_word' id='word_1_854' title='bbox 3411 5321 3531 5376; x_wconf 79' lang='grc' dir='ltr'>ὅταν</span> <span class='ocrx_word' id='word_1_855' title='bbox 3579 5311 3734 5395; x_wconf 67' lang='grc' dir='ltr'>σφαλ-</span> 
     </span>
    </p>
   </div>
   <div class='ocr_carea' id='block_1_114' title="bbox 2119 5406 3731 5486">
    <p class='ocr_par' dir='ltr' id='par_1_114' title="bbox 2119 5406 3731 5486">
     <span class='ocr_line' id='line_1_115' title="bbox 2119 5406 3731 5486; baseline -0.004 -21"><span class='ocrx_word' id='word_1_856' title='bbox 2119 5408 2346 5483; x_wconf 84' lang='grc' dir='ltr'>λόμενοι</span> <span class='ocrx_word' id='word_1_857' title='bbox 2401 5408 2490 5464; x_wconf 78' lang='grc' dir='ltr'><strong>καὶ</strong></span> <span class='ocrx_word' id='word_1_858' title='bbox 2558 5408 2954 5486; x_wconf 82' lang='grc' dir='ltr'>ἁμαρτάνοντες</span> <span class='ocrx_word' id='word_1_859' title='bbox 3010 5408 3412 5486; x_wconf 80' lang='grc' dir='ltr'>παιδευώμεθα.</span> <span class='ocrx_word' id='word_1_860' title='bbox 3468 5406 3599 5464; x_wconf 78' lang='grc' dir='ltr'>Κατὰ</span> <span class='ocrx_word' id='word_1_861' title='bbox 3638 5422 3731 5458; x_wconf 79' lang='grc' dir='ltr'>πα·</span> 
     </span>
    </p>
   </div>
   <div class='ocr_carea' id='block_1_115' title="bbox 2119 5495 3724 5576">
    <p class='ocr_par' dir='ltr' id='par_1_115' title="bbox 2119 5495 3724 5576">
     <span class='ocr_line' id='line_1_116' title="bbox 2119 5495 3724 5576; baseline -0.005 -21"><span class='ocrx_word' id='word_1_862' title='bbox 2119 5499 2439 5576; x_wconf 84' lang='grc' dir='ltr'>ραχώρησιν</span> <span class='ocrx_word' id='word_1_863' title='bbox 2500 5495 2581 5568; x_wconf 70' lang='grc' dir='ltr'>δὲ,</span> <span class='ocrx_word' id='word_1_864' title='bbox 2610 5496 2735 5553; x_wconf 77' lang='grc' dir='ltr'>ὅταν</span> <span class='ocrx_word' id='word_1_865' title='bbox 2786 5495 3171 5573; x_wconf 79' lang='grc' dir='ltr'>παιδευόμενοι</span> <span class='ocrx_word' id='word_1_866' title='bbox 3223 5499 3300 5574; x_wconf 75' lang='grc' dir='ltr'>μὴ</span> <span class='ocrx_word' id='word_1_867' title='bbox 3331 5497 3724 5575; x_wconf 56' lang='grc' dir='ltr'>ὲπιστρέφωμω</span> 
     </span>
    </p>
   </div>
  </div>
