4086 6214
292 374 429 437 HO:

1234 373 1662 436 SYN'I‘AGMA
1705 375 1809 434 AD
1852 373 2245 444 QUEMDAM
2290 374 2739 439 POLlTlCUM.

3530 370 3687 433 1402

279 506 544 579 εόδὸκησε
581 509 683 584 ‘(ip
717 511 743 563 ὁ
776 508 903 570 Θεὸς
951 509 1042 563 τὸν
1085 508 1367 582 ἄνθρωπον
1429 513 1687 576 σωθῆναι,
1745 506 1905 560 καθὼ‹

2041 507 2321 564 missione
2346 527 2637 579 vero,eum
2670 508 2935 581 castigati
2969 526 3080 565 non
3117 506 3682 564 convertimur.Nam

276 598 368 651 καὶ
401 598 453 651 οἱ
500 596 721 673 ἄγγελοι
769 591 937 651 ἐϐόων
989 594 1263 671 λέγοντεςν
1308 619 1336 647 ‹‹
1384 594 1518 665 Δόξα
1568 593 1620 648 ἐν
1680 593 1925 668 ὑψίστοις

276 690 416 758 Θεῷ,
466 683 557 741 καῖ
607 685 796 761 εἰρήνη
844 683 931 739 ἐπὶ
979 691 1085 760 γῆς
1128 683 1179 738 ἐν
1228 684 1532 755 ἀνθρώποις
1584 679 1848 743 εὐδοκίας.
1893 705 1923 734 ››

274 775 660 847 Οίκονομικῶς
704 772 762 829 δὲ
806 772 971 829 πάλιν
1019 770 1260 828 παιδεύει
1306 775 1455 845 ἡμᾶς
1498 772 1923 847 ἁμαρτάνοντας,

287 886 314 917 ι
338 863 431 917 ’ἱνα
460 863 535 936 μή
570 863 664 916 σὺν
695 883 776 935 τῳ
803 861 998 934 κόσμῳ
1026 862 1459 936 κατακριθῶμεν,
1496 884 1517 909 ι
1555 860 1629 922 ὥς
1675 881 1837 938 φησιν
1893 860 1922 914 6

278 947 638 1017 Ἀπᾶστολοςο
676 975 697 999 ι
734 950 1052 1026 Κρινόμενοι
1079 946 1137 1004 δὶ
1169 949 1272 1004 ὑπὸ
1300 953 1401 1003 τοῦ
1433 947 1636 1025 Κυρίου
1664 946 1920 1003 παιδευύο

276 1050 434 1112 μεθα.
496 1038 611 1096 Ούκ
661 1036 774 1093 ἔστι
834 1038 991 1093 κακία
1051 1038 1103 1093 ἐν
1149 1037 1332 1105 πόλει,
1386 1041 1451 1107 ἦν
1501 1038 1530 1092 6
1580 1037 1783 1113 Κύριος
1823 1036 1923 1093 ούκ

273 1126 522 1193 ἐποίησεο
581 1148 609 1179 ι
674 1126 915 1183 τουτὲστι
977 1124 1233 1200 λοιμοὺς,
1294 1126 1515 1200 λιμοὺς,
1569 1126 1778 1192 νόσους,
1828 1126 1919 1182 καὶ

270 1217 478 1295 σιραγάς
534 1216 817 1289 πολέμων.
887 1219 1068 1274 Ταῦτα
1125 1216 1228 1291 γάρ
1287 1215 1457 1271 πάντα
1505 1222 1603 1286 τῆς
1658 1215 1921 1293 ἁμαρτίας

268 1303 418 1360 ἐστὶν
477 1305 801 1380 ἀναιρετικά·
865 1311 1194 1381 Παραχωρεῖ
1246 1303 1303 1359 δὲ
1353 1304 1442 1360 καὶ
1488 1304 1713 1366 τελείως
1761 1304 1919 1379 ἐγκα-

266 1391 600 1466 ταλιμπάνει
658 1394 787 1455 τοὺς
851 1394 926 1467 μή
984 1393 1240 1455 θέλοντας
1307 1394 1342 1462 ἢ
1399 1393 1795 1468 ἀναμαρτήτως
1842 1391 1920 1449 δι-

270 1483 451 1557 άγειν,
494 1484 533 1551 ἦ
588 1480 1013 1556 παιδευομένους
1063 1483 1137 1555 μὴ
1169 1478 1526 1561 ἔπιστρένρειν,
1559 1480 1687 1538 ἀλλ’
1718 1478 1794 1538 ἔτι
1847 1487 1918 1557 τῇ

268 1570 436 1642 κακίᾳ
463 1569 738 1643 ἐμμένειν,
769 1571 945 1632 καθὼς
977 1569 1294 1646 γέγραπται,
1345 1569 1428 1624 ὅτι
1486 1594 1514 1622 ‹‹
1570 1570 1920 1649 Τετύφλωκεν

270 1658 303 1712 6
335 1659 466 1720 Θεὸς
518 1657 692 1714 αὐτῶν
721 1658 850 1714 τοὺς
880 1656 1220 1737 ὀφθαλμοὺς,
1251 1659 1339 1714 καὶ
1383 1660 1711 1733 πεπώρωκεν
1742 1659 1916 1715 αὐτῶν

265 1748 371 1815 τήν
401 1743 642 1823 καρδίαν’
682 1770 706 1799 ε
738 1746 849 1802 καί’
885 1771 913 1798 κ
946 1744 1261 1819 Παρὲδωκεν
1294 1746 1489 1809 αὐτοὺς
1532 1747 1607 1809 ei:
1654 1746 1918 1820 ἀδόκιμον

264 1839 397 1890 νοῦν
429 1841 599 1892 ποιεῖν
631 1837 701 1891 τὰ
731 1837 807 1910 μὴ
846 1839 1173 1907 καθήκοντα’
1226 1860 1247 1888 ι
1297 1835 1594 1909 τουτέστιν,
1648 1835 1792 1891 εἲάσε
1830 1835 1919 1893 διὰ

262 1923 333 1979 τὸ
362 1922 723 1995 αύτεξούσιονο
756 1924 846 1980 καί
882 1950 899 1975 ο
942 1923 1274 1997 Σκληρύνων
1315 1924 1606 1999 σκληρυνῶ
1634 1927 1731 1995 τὴν
1782 1946 1920 1999 καρ-

264 2010 385 2069 δίαν
418 2015 641 2092 Φαραώο
696 2038 724 2065 ι»
754 2015 1019 2086 τουτέστι,
1070 2016 1462 2092 παραχωρήσει)
1510 2014 1915 2093 σκληρυνθῆναι

261 2099 357 2157 διὰ
384 2104 483 2173 τήν
517 2103 771 2159 ἀπάθειαν
804 2103 989 2161 αὐτοῦ.

603 2193 729 2264 Περῖ
759 2199 859 2263 τῆς
890 2191 1368 2263 αύτεξουσιότητος
1399 2195 1580 2266 ἡμῶν.

335 2281 399 2337 Ὁ
439 2280 569 2344 Θεὸς
615 2280 709 2336 τὸν
768 2281 1048 2356 ἄνθρωπον
1101 2280 1437 2353 αὐτεξούσιον
1491 2279 1710 2355 ἔπλασε,
1764 2283 1915 2360 λόγῳ

258 2368 355 2425 καὶ
388 2368 551 2448 σοφίᾳ
600 2369 921 2444 τιμηθέντα,
970 2370 1077 2445 πρὸ
1123 2369 1423 2450 ὀφθαλμῶν
1452 2370 1617 2425 αὐτοῦ
1648 2371 1759 2436 θεὶς
1811 2372 1911 2441 τήν

264 2458 413 2527 ζωὴν
443 2457 534 2513 καὶ
581 2479 673 2514 τον
706 2460 954 2523 θάνατον’
982 2457 1094 2532 ἵνα,
1137 2459 1183 2515 εί
1217 2460 1313 2533 μὶν
1357 2457 1575 2531 θελήσει
1620 2464 1691 2534 τῇ
1731 2459 1913 2531 αύτεξ-

260 2545 546 2614 ουσιότητι
572 2554 671 2617 τῆς
704 2552 871 2618 ζωῆςο
914 2549 1218 2623 παραθήσῃ,
1274 2549 1412 2623 ζήσῃ
1464 2548 1543 2611 είς
1586 2548 1680 2603 τὸν
1725 2547 1910 2604 αίῶνα’

261 2633 402 2689 εἰδὲ
452 2635 559 2690 ἀπὸ
614 2643 786 2706 κακῆς
846 2638 1214 2712 προαιρέσεως
1269 2638 1571 2713 παραθήσει
1626 2637 1725 2706 τήν
1784 2635 1909 2694 ὁδὸν

255 2727 361 2778 τοῦ
391 2724 642 2797 θανάτου,
669 2724 906 2788 αἰωνίως
928 2723 1252 2797 κολάζηται.
1281 2726 1363 2782 Τά
1391 2725 1495 2802 γάρ
1541 2732 1642 2796 τῆς
1699 2724 1909 2803 φύσεως

257 2807 619 2884 ἀμετάϐλητα
654 2810 780 2868 οὔτε
818 2818 1098 2890 τιμωριῶν
1133 2814 1256 2869 οὕτε
1291 2821 1461 2889 τιμῆς
1519 2813 1660 2886 ἄξια.
1717 2812 1911 2879 Οὐδεὶς

256 2900 364 2975 γὰρ
395 2898 661 2972 ἐνεκλήθη
710 2902 844 2958 ποτέ
889 2902 953 2957 τὸ
996 2904 1127 2958 εἴναι
1179 2903 1393 2970 λευκὸς,
1441 2902 1476 2972 ἢ
1526 2901 1719 2977 μέλας,
1750 2904 1786 2974 ἢ
1842 2905 1907 2961 τὸ

258 2987 395 3044 εἶναι
430 2990 657 3065 μακρὸς,
719 2990 757 3059 ἢ
821 2990 1032 3067 μικρός·
1092 2990 1155 3046 ού
1210 2993 1310 3068 γὰρ
1363 2998 1462 3061 τῆς
1501 2993 1773 3069 ἡμετερας
1802 2993 1907 3049 εἶσὶ

253 3075 648 3152 προαιρέσεως.
724 3083 841 3134 Τῶν
921 3079 1025 3155 γὰρ
1091 3086 1192 3150 τῆς
1267 3082 1633 3157 προαιρέσεως
1705 3081 1794 3136 καὶ
1850 3083 1905 3137 αὶ

250 3163 511 3228 κολάσεις
570 3165 671 3221 εἶσὶ
720 3167 809 3223 καὶ
867 3169 922 3223 αἱ
980 3168 1153 3242 τιμαί.
1203 3170 1551 3248 Ἀμφοτὲρων
1593 3170 1687 3225 οὖν
1718 3170 1901 3247 χρεία,

248 3252 343 3307 καὶ
370 3259 472 3323 τῆς
502 3254 772 3332 ἡμετέρας
826 3232 1052 3333 βουλῆς¹
1077 3256 1169 3311 ναὶ
1219 3232 1514 3329 θελησειύς,
1554 3258 1646 3314 καὶ
1804 3232 1903 3315 τού
1932 3232 1977 3301 C

252 3345 390 3397 Θεοῦ
450 3342 750 3420 συνεργείας
807 3345 897 3400 καὶ
952 3344 1314 3420 ἀντιλήψεως·
1375 3345 1560 3422 ἕτερου
1637 3346 1740 3424 γὰρ
1793 3347 1901 3404 λεί·-

247 3450 449 3492 ποντος
505 3430 661 3509 ἀργεῖ
714 3433 805 3488 καὶ
856 3434 919 3489 τὸ
972 3428 1177 3510 ἔτερον.
1226 3433 1481 3510 Προὲγνω
1537 3436 1641 3511 γάρ
1689 3437 1718 3492 6
1749 3435 1901 3507 Θεὸς,

246 3518 339 3573 καὶ
396 3521 694 3596 προούρισε,
744 3522 835 3576 καί
887 3521 1162 3592 ἐκάλεσεν,
1209 3520 1356 3579 ἀλλὰ
1396 3522 1524 3586 τοὺς
1581 3527 1719 3580 κατᾶ
1767 3525 1900 3599 πρό-

249 3618 395 3672 θεσιν
448 3606 691 3679 κλητοὺς
745 3605 920 3678 ὄντας,
978 3612 1159 3674 καθώς
1226 3633 1381 3691 φησιν
1455 3614 1483 3668 6
1540 3613 1897 3687 ’Δπόστολος,

247 3694 495 3752 τουτέστι
541 3699 676 3754 κατὰ
726 3698 944 3771 θέλησιν
994 3699 1083 3755 καὶ
1145 3699 1432 3777 βούλησιν·
1480 3700 1610 3766 τοὺς
1657 3706 1763 3780 γάρ
1819 3705 1895 3778 μή

252 3782 625 3857 βουληθέντας
677 3784 819 3843 ε”ασε
868 3786 947 3861 τῷ
997 3787 1171 3844 αὐτῶν
1238 3790 1552 3866 πορεύεσθαι
1603 3789 1894 3865 θελήματι.

243 3871 328 3929 Οὔ
383 3873 486 3951 γάρ
548 3874 826 3951 βλάζεται,
886 3874 1016 3933 οὐδὲ
1076 3876 1391 3951 λυμαίνεται
1437 3880 1500 3935 τὸ
1555 3879 1894 3952 αὐτεξούσιον

243 3963 433 4035 ἡμῶν
481 3970 583 4033 τῆς
630 3966 735 4041 γάρ
793 3963 879 4021 ἐπ’
921 3962 1086 4043 ἂὶμφω
1114 3966 1312 4043 ῥοπῆς,
1341 3968 1478 4043 πρὸς
1509 3969 1722 4044 ἀρετήμ
1749 3991 1896 4049 φημι

239 4048 335 4105 καὶ
365 4050 576 4123 κακίαν,
605 4052 667 4107 τὸ
700 4053 1039 4124 αὐτεξούσιον
1071 4050 1359 4130 ἐλάϐομεν.
1394 4054 1561 4114 Οὐδὲν
1609 4063 1718 4114 τῶν
1750 4048 1897 4132 παρᾶ

236 4143 342 4194 τοῦ
371 4144 504 4194 Θεοῦ
535 4137 796 4197 δοθέντων
823 4144 960 4216 ἡμῖν
988 4142 1066 4205 εἷς
1095 4150 1320 4220 χρῆσιν,
1350 4144 1536 4200 κακόν’
1595 4146 1766 4201 πάντα
1790 4150 1892 4225 γὰρ

241 4227 346 4284 ὅσα
375 4226 437 4283 ἐκ
460 4233 558 4284 τοῦ
588 4228 722 4287 Θεοῦ
761 4230 926 4304 καλὰ,
970 4232 1062 4288 καὶ
1112 4231 1234 4288 λίαν
1281 4232 1443 4289 καλά·
1476 4236 1511 4303 ἡ
1542 4235 1891 4312 παράχρησις

240 4316 412 4389 μόνον
445 4317 624 4373 κακόν·
665 4324 762 4375 τοῦ
792 4320 895 4396 γὰρ
926 4320 1198 4397 ἡμετέρου
1224 4320 1364 4377 ἐστὶν
1404 4321 1765 4394 αὖτεξουσίου.
1796 4329 1891 4384 Διὸ

236 4404 304 4461 ού
334 4405 405 4460 τά
446 4407 712 4482 βρώματα
756 4409 941 4480 κακὸν,
1001 4408 1130 4467 ἀλλ’
1184 4413 1219 4481 ἡ
1284 4412 1705 4488 γαστριμαργίαο
1764 4413 1891 4474 οὐδὲ

238 4491 585 4568 παιδοποιία,
619 4494 747 4553 ἀλλ’
775 4499 811 4567 ἡ
843 4496 1087 4572 πορνεία⁶
1118 4496 1245 4554 οὐδὲ
1278 4498 1582 4574 μετάληψις
1610 4506 1707 4557 τοῦ
1736 4503 1886 4561 οθνου

2034 596 2148 652 Deo
2169 597 2446 669 placitum
2471 604 2560 656 est
2580 600 2877 654 hominem
2904 598 3128 653 salvum
3158 596 3684 666 ﬁeri,quemadmo-

2033 686 2174 741 dum
2207 693 2263 743 et
2293 688 2480 760 angeli
2515 689 2845 744 clamabant
2879 688 3138 743 dicentes
3173 704 3229 742 :«
3265 687 3459 742 Gloria
3490 684 3547 739 in
3582 700 3679 739 ex-

2032 777 2206 831 celsis
2251 781 2381 839 Deo,
2432 781 2490 831 et
2535 777 2594 832 in
2645 782 2798 832 terra
2848 794 2978 848 pax,
3026 777 3083 831 in
3133 777 3283 833 517
3342 774 3674 829 hominibus

2033 867 2196 922 bonis
2218 867 2536 924 voluntatis
2559 868 2624 936 ¹²,
2648 889 2672 918 ι)
2698 868 2840 923 Cum
2872 867 3190 923 oeconomia
3212 883 3344 921 vero
3368 883 3472 921 nos
3495 865 3674 921 corri-

2032 955 2118 1028 pit
2150 962 2478 1028 peccantes,
2518 978 2540 1001 ι
2574 960 2638 1010 ut
2689 974 2801 1012 non
2836 973 2969 1011 cum
3020 956 3127 1011 hoc
3161 955 3380 1010 mundo
3430 956 3671 1009 damne-

2032 1060 2222 1109 mur,»
2256 1050 2319 1099 ut
2346 1046 2429 1100 ait
2458 1047 2770 1117 Apostolus
2806 1063 2818 1101 :
2851 1068 2877 1094 ‹‹
2908 1046 3050 1101 Cum
3078 1044 3417 1114 judicamur
3446 1049 3664 1113 autem,

2030 1151 2063 1190 a
2078 1134 2324 1191 Domino
2341 1135 2956 1207 corripimur‘3.—Non
2977 1140 3065 1189 est
3089 1133 3306 1189 malum
3332 1134 3389 1188 in
3413 1134 3666 1204 civitate,

2030 1224 2183 1294 quod
2208 1240 2321 1278 non
2366 1224 2563 1279 fecerit
2599 1224 2883 1279 Dominus
2917 1225 2978 1288 ι’,
3014 1246 3041 1271 n
3066 1224 3119 1277 id
3153 1227 3265 1292 est,
3300 1231 3542 1295 pestem,
3582 1222 3668 1276 fa-

2031 1332 2208 1387 mem,
2240 1315 2521 1372 bellorum
2556 1317 2760 1371 caules.
2800 1320 2925 1371 Herc
2950 1317 3104 1372 enim
3139 1317 3336 1371 omnia
3368 1320 3671 1388 peccatum

2030 1404 2322 1461 auferunt.
2357 1404 2648 1458 Permittit
2676 1422 2808 1460 vero
2831 1409 3007 1476 atque
3029 1405 3268 1459 omnino
3295 1403 3437 1459 sinit
3461 1403 3675 1473 eosqui

2030 1492 2155 1548 sine
2190 1497 2424 1565 peccato
2470 1495 2676 1565 degere
2720 1493 2953 1562 nolunt,
2983 1497 3281 1564 correptos
3327 1510 3438 1548 non
3474 1507 3675 1547 emcn-

2028 1581 2175 1651 dari,
2209 1581 2309 1635 sed
2342 1581 2397 1635 in
2432 1579 2655 1636 malitia
2688 1597 3075 1652 perseverare,
3104 1580 3186 1636 uti
3222 1581 3503 1653 scriptum
3535 1584 3625 1635 est
3657 1595 3671 1636 :

2028 1692 2057 1721 ‹‹
2084 1670 2402 1725 Εκοιιιειινὶῑ
2419 1670 2572 1725 Deus
2594 1669 2794 1725 oculos
2817 1677 3103 1736 eorum,et
3123 1686 3222 1725 cor
3240 1686 3438 1725 eorum
3463 1669 3672 1725 obscu-

2028 1759 2212 1828 ravit;
2241 1779 2267 1812 ι
2303 1766 2359 1816 et
2390 1778 2403 1815 :
2431 1780 2458 1813 ε
2486 1760 2748 1815 Tradidit
2778 1778 2875 1816 cos
2906 1760 2961 1814 iu
2992 1762 3303 1830 reprobum
3338 1763 3675 1826 sensum,ut

2030 1850 2241 1904 t’arinnt
2273 1865 2342 1905 ca
2371 1867 2496 1922 qua!
2522 1867 2632 1905 non
2660 1850 3108 1915 conveniunt-“5;
3136 1873 3162 1897 ι»
3188 1851 3241 1903 id
3262 1853 3369 1911 est,
3408 1849 3672 1921 permisit

2029 1939 2102 1994 ob
2131 1938 2380 1995 liberum
2403 1939 2711 1994 arbitrium
2738 1957 2751 2006 ;
2777 1944 2832 1994 et
2858 1956 2869 1992 :
2899 1964 2923 1987 «
2950 1939 3239 1994 indurans
3267 1938 3553 1994 indurabo
3576 1954 3676 1994 cor

2029 2029 2351 2084 Pharaonis
2383 2030 2457 2097 ¹⁶;
2496 2052 2522 2078 ››
2554 2029 2610 2085 id
2643 2034 2753 2099 est,
2784 2029 3116 2102 permittam
3148 2028 3410 2085 indurari
3443 2030 3514 2084 ob
3546 2030 3676 2101 ejus

2026 2119 2207 2174 animi
2242 2119 2592 2176 socordiam.

2457 2212 2539 2265 De
2568 2210 2736 2265 libero
2764 2213 2952 2265 nostra
2983 2209 3233 2264 arbitrio.

2100 2301 2249 2352 Deus
2281 2296 2579 2353 hominem
2614 2297 2863 2353 liberum
2898 2299 3049 2365 fecit,
3083 2298 3256 2356 verbo
3287 2303 3343 2355 et
3386 2297 3675 2369 sapientia

2023 2389 2320 2456 ornatum,
2356 2385 2547 2459 posita
2577 2393 2712 2442 ante
2732 2387 2859 2457 ejus
2891 2389 3091 2443 oculos
3114 2387 3232 2442 vita
3254 2393 3429 2459 atque
3463 2392 3668 2452 morte,

2023 2480 2087 2530 ut
2115 2476 2165 2531 si
2197 2476 2436 2548 quidem
2469 2474 2715 2531 voluerit
2737 2476 2920 2531 libero
2943 2493 3049 2532 suo
3068 2478 3309 2532 arbitrio
3336 2478 3508 2531 vitam
3542 2494 3666 2532 am-

2022 2563 2219 2637 plecti,
2251 2564 2403 2621 vivat
2445 2565 2505 2621 in
2554 2565 2872 2634 sarculum;
2906 2566 2995 2622 sin
3050 2584 3223 2639 pravo
3271 2567 3516 2622 consilio
3564 2567 3667 2623 via:

2021 2654 2227 2711 mortis
2258 2654 2513 2722 insistat,
2546 2661 2823 2711 aeternum
2853 2657 3162 2713 crucietur.
3199 2663 3331 2723 Qua:
3364 2656 3518 2712 cnim
3560 2673 3667 2712 na-

2020 2746 2152 2799 tura
2172 2743 2347 2799 habet
2371 2744 2978 2817 immutabiliameque
3000 2743 3288 2817 supplicio
3311 2744 3486 2817 digna
3502 2750 3662 2815 sunt,

2019 2848 2207 2905 neque
2257 2832 2514 2904 praemio.
2562 2833 2742 2889 Nemo
2785 2834 2999 2905 quippe
3044 2850 3304 2903 unquam
3352 2837 3663 2889 accusatus

2017 2918 2146 2990 fuit,
2178 2920 2327 2991 quod
2381 2919 2457 2976 sit
2498 2919 2669 2976 albus
2715 2920 2798 2976 vel
2835 2920 3016 2994 niger,
3050 2926 3152 2975 aut
3198 2921 3352 2992 quod
3402 2919 3475 2973 sit
3526 2937 3662 2991 pro-

2017 3025 2159 3064 ceres
2188 3007 2274 3063 vel
2306 3024 2491 3080 parvae
2541 3013 2775 3064 staturae
2809 3026 2823 3063 :
2858 3025 2926 3064 ea
2954 3008 3109 3065 enim
3145 3026 3257 3064 non
3291 3025 3468 3082 penes
3498 3010 3660 3066 arbi-

2014 3096 2193 3153 trium
2228 3103 2494 3154 nostrum
2529 3098 2644 3153 sita
2674 3097 2983 3153 sunt.Nam
3017 3097 3304 3171 supplicia
3336 3104 3391 3153 et
3421 3098 3662 3170 praemia

2016 3186 2298 3242 voluntati
2329 3192 2388 3243 et
2435 3187 2729 3259 proposito
2776 3186 3139 3243 tribuuntur.
3174 3187 3427 3260 Utraque
3484 3189 3662 3261 igitur

2023 3292 2085 3332 re
2114 3292 2261 3348 opus
2311 3290 2440 3345 est;
2472 3275 2770 3332 voluntate
2818 3275 3062 3347 scilicet,
3093 3292 3195 3331 seu
3232 3277 3522 3349 proposito
3556 3293 3660 3333 no-

2020 3370 2166 3435 stro,
2194 3382 2260 3421 ac
2310 3367 2404 3421 Dei
2435 3363 2649 3421 auxilio
2694 3369 2752 3421 et
2778 3365 3119 3437 patrocinio.
3162 3364 3354 3421 Altero
3403 3382 3659 3438 namque

2010 3456 2315 3513 deficiente
2346 3501 2359 3523 ,
2418 3458 2665 3513 alterum
2724 3463 2816 3513 est
2866 3456 3097 3514 inutile.
3154 3456 3443 3512 Praescivnt
3497 3459 3692 3514 enim-

2011 3550 2186 3616 Deus,
2222 3547 2620 3619 prmdeﬁnivit,
2654 3552 2711 3601 et
2752 3548 2995 3613 vocavit,
3028 3548 3128 3602 sed
3161 3563 3260 3602 eos
3308 3550 3407 3618 qui
3438 3564 3653 3603 secun—

2009 3635 2149 3692 dum
2201 3635 2565 3708 propositum
2613 3633 2801 3691 vocati
2848 3641 3004 3699 sunt,
3040 3635 3532 3706 quemadmodum
3567 3637 3652 3692 ait

2010 3723 2325 3797 Apostolus
2358 3726 2421 3794 ιτ,
2472 3725 2527 3779 id
2577 3728 2684 3791 est,
2736 3725 3057 3780 secundum
3108 3723 3467 3779 voluntatem
3503 3740 3516 3779 :
3551 3740 3651 3780 eos

2006 3815 2220 3888 quippe
2249 3816 2348 3887 qui
2380 3814 2697 3880 noluerint,
2729 3813 2869 3870 sinit
2910 3814 3037 3884 ipse
3065 3815 3137 3869 ad
3185 3830 3351 3869 suam
3384 3813 3649 3870 volunta-

2004 3907 2121 3959 tem
2152 3910 2209 3959 et
2239 3904 2601 3976 prepositum
2654 3904 2939 3958 incedere.
2972 3907 3095 3957 Non
3129 3902 3242 3957 vim
3276 3903 3452 3957 infert
3494 3904 3646 3958 arbi-

2003 3992 2116 4047 trio
2146 3998 2369 4054 nostro,
2406 4007 2590 4062 neque
2637 3991 2794 4045 laedit
2839 3991 3051 4062 ipsum.
3092 3991 3437 4062 Accepimus
3487 3992 3645 4046 enim

2004 4087 2213 4134 nutum
2249 4080 2317 4134 ad
2355 4084 2665 4150 utramque
2700 4084 2963 4150 partem;
2994 4080 3064 4134 ad
3100 4079 3371 4134 virtutem
3417 4095 3643 4152 nempe,

2001 4169 2059 4219 et
2086 4166 2157 4220 ad
2182 4166 2407 4229 vitium,
2439 4165 2684 4222 liberum
2709 4166 2930 4222 scilicet
2953 4165 3284 4221 arbitrium.
3319 4165 3395 4220 Ex
3414 4165 3488 4221 iis
3519 4184 3645 4239 quin

2003 4269 2038 4308 a
2068 4258 2180 4309 Deo
2211 4253 2379 4308 nobis
2409 4254 2479 4309 ad
2515 4271 2684 4309 usum
2722 4256 2856 4311 data
2885 4262 3023 4310 sunt
3056 4255 3198 4309 nihil
3231 4260 3321 4310 est
3371 4254 3589 4312 malum
3623 4273 3637 4314 :

1999 4342 2199 4397 omnia
2226 4342 2382 4397 enim
2432 4360 2560 4416 qua:
2589 4360 2657 4400 ex
2686 4344 2803 4400 Deo
2853 4345 3173 4416 procedunt
3216 4345 3365 4399 bona
3397 4348 3553 4415 sunt,
3586 4351 3644 4401 et:

2001 4429 2316 4486 admodum
2364 4431 2554 4497 bona;
2588 4432 2750 4490 solus
2793 4434 3016 4489 abusus
3064 4435 3276 4501 malus,
3307 4438 3404 4505 qui
3457 4436 3638 4491 nostri

1999 4519 2185 4574 solius
2214 4521 2437 4576 arbitrii
2469 4528 2576 4578 est.
2611 4525 2997 4588 Quamobrem
3033 4542 3147 4579 non
3197 4524 3312 4580 cibi
3348 4524 3504 4593 mali,
3540 4526 3640 4581 sed

661 4583 889 4684 06861.6;
930 4589 1213 4684 χρηματα,
1272 4587 1488 4684 ἀλλ’ῌὴ
1538 4588 1886 4669 φιλαργυρίαο

2018 4608 2235 4681 :rapuia
2265 4626 2280 4665 :
2315 4626 2503 4681 neque
2534 4612 2847 4668 liberorum
2886 4614 3224 4684 procreatio,
3256 4615 3355 4670 sed
3393 4615 3640 4669 tornica-

240 4667 373 4725 οάδε
404 4671 439 4741 ἠ
473 4668 620 4744 δόξα,
649 4671 797 4730 ἀλλά
826 4676 862 4746 ἠ
894 4674 1193 4751 κενοδοξία.
1226 4679 1348 4754 Χρὴ
1379 4677 1471 4734 οὖν
1502 4667 1891 4760 πάντανποιεῖν,

243 4761 387 4818 ὥστε
412 4764 512 4833 τήν
544 4785 891 4844 παραχρησιν
919 4767 1158 4846 φεύγειν,
1188 4770 1277 4827 καὶ
1306 4773 1611 4848 χρήσασθαι
1641 4781 1756 4840 τοῖς
1787 4799 1891 4834 πα-

242 4851 313 4926 ρά
343 4855 479 4906 Θεοῦ
510 4849 711 4909 δοθεῖσι
741 4853 987 4920 δικαίως
1015 4857 1160 4915 οὕτω
1187 4860 1288 4936 γὰρ
1317 4865 1622 4928 ποιοῦντες,
1670 4866 1760 4921 καὶ
1788 4874 1888 4938 τῆς

237 4938 436 5003 κακίας
465 4940 731 5021 ἀνώτεροι
764 4945 1125 5022 γενησόμεθα,
1155 4948 1246 5004 καὶ
1274 4957 1374 5020 τῆς
1406 4951 1600 5025 ἀρετῆς
1631 4952 1778 5019 ἐντὸς
1808 4956 1891 5012 εὖ-

238 5034 510 5106 ρεθῶμεν.

239 5207 515 5276 Συνήθεια
549 5211 747 5292 ,σαφὴς
774 5209 887 5292 ’καί
945 5211 1236 5292 σύντομος.
1292 5216 1414 5292 καί-
1440 5214 1733 5292 διάγνωσις
1786 5224 1886 5292 τῆς

497 5279 733 5345 πίστεως
763 5286 924 5357 ἡμῶν
946 5287 1046 5355 τῆς
1076 5279 1130 5342 ἐν
1156 5279 1229 5362 τῇ
1255 5284 1440 5363 Τριάδι
1474 5279 1615 5364 ἁγίᾳ.

310 5380 630 5459 Ὀφείλομεν
689 5388 957 5444 πιστεύειν
1014 5390 1088 5453 ὡς
1154 5386 1574 5466 ἐϐαπτίσθημεν
1654 5389 1883 5453 ἀϐαπτί-

234 5480 443 5543 σθτ,μεν
497 5468 555 5527 δὲ
611 5474 688 5537 εἰς
736 5476 799 5531 τὸ
856 5476 1027 5551 ὄνομα
1082 5483 1179 5535 τοῦ
1226 5479 1455 5558 Πατρός,
1485 5483 1575 5539 καὶ
1603 5489 1700 5540 τοῦ
1730 5484 1879 5559 Υἱοῦ,

2002 4695 2082 4751 tio
2115 4713 2129 4750 :
2164 4713 2269 4753 nec
2296 4698 2416 4754 vini
2447 4704 2638 4771 potus,
2662 4702 2761 4757 sed
2794 4701 3043 4757 ebrietas
3078 4720 3091 4757 :
3128 4720 3238 4758 non
3272 4702 3506 4772 divitias,
3540 4703 3639 4757 sed

1999 4784 2244 4842 avaritia
2275 4804 2288 4842 :
2323 4804 2436 4844 non
2485 4788 2690 4861 gloria,
2724 4791 2821 4846 sed
2856 4807 3002 4846 vana
3040 4790 3243 4863 gloria.
3278 4791 3428 4848 Nihil
3467 4794 3645 4860 igitur

1999 4889 2117 4931 non
2147 4877 2465 4947 agendum,
2496 4884 2561 4934 ut
2602 4880 2852 4935 abusum
2904 4880 3221 4953 fugiamus,
3254 4885 3431 4951 atque
3463 4882 3641 4952 probe

1999 4965 2237 5019 utamur
2264 4963 2338 5020 iis
2368 4965 2583 5038 quibus
2612 4985 2646 5023 a
2679 4973 2789 5025 Deo
2817 4968 3014 5025 donati
3060 4986 3273 5026 sumus
3328 4970 3472 5026 Nam
3498 4970 3554 5024 id
3589 4971 3638 5024 si

1996 5064 2266 5122 agamus,
2297 5058 2355 5109 et
2400 5055 2623 5112 malitia
2648 5056 2902 5129 vitioque
2946 5060 3279 5132 superiores
3307 5060 3552 5129 erimus,
3583 5065 3641 5115 et

1988 5138 2148 5197 intra
2179 5141 2408 5200 virtutis
2437 5143 2656 5203 limites
2687 5148 3073 5207 inveniemur.

1996 5247 2185 5303 Brevis
2212 5253 2268 5303 et
2308 5250 2467 5305 clara
2499 5252 2740 5324 formula
2772 5258 2822 5309 et
2869 5259 3067 5312 notitia
3095 5259 3229 5326 ﬁdei
3262 5263 3460 5315 nostra?
3488 5262 3637 5315 circa

2502 5333 2747 5380 sanctam
2778 5327 3127 5384 Trinitatem.

2062 5403 2309 5463 Credere
2338 5408 2640 5479 debemus,
2676 5418 2741 5467 ut
2768 5413 3043 5484 baptizati
3075 5432 3322 5483 sumus;
3353 5416 3629 5487 baptizati

1992 5497 2186 5550 autem
2221 5511 2431 5555 sumus
2460 5498 2518 5554 in
2552 5501 2789 5558 nomine
2838 5502 3024 5559 Patris
3053 5509 3111 5560 et
3142 5504 3264 5559 Ριιὶί
3294 5510 3352 5560 et
3380 5504 3635 5576 Spiritus

307 5596 519 5698 'fxlruc.
552 5617 617 5670 ιι,
650 5604 702 5659 1.
782 5605 827 5641 ³³
854 5605 877 5661 l
906 5606 1036 5662 Cor.
1068 5623 1171 5676 ιιι,
1202 5606 1293 5663 32.
1373 5610 1420 5646 ¹⁴
1444 5610 1622 5666 Amos
1652 5627 1735 5679 111,
1751 5614 1807 5669 6.
1886 5618 1902 5653 ⁸

2018 5632 2124 5674 ian.
2157 5621 2381 5691 111,40;
2413 5623 2579 5680 Rom.
2613 5642 2652 5695 1,
2681 5628 2771 5682 28.
2850 5627 2893 5663 ¹⁶
2922 5628 3096 5685 Exod.
3131 5631 3314 5698 1v,21.
3396 5631 3435 5665 ³⁷
3466 5629 3631 5687 Rom.

230 5682 308 5731 ιχ,
337 5666 429 5723 39.
