4086 6214
405 389 560 449 1403
1560 393 1624 450 S.
1672 389 2297 449 ATHANASIUS.—
2330 390 2642 452 SPUHIA.
3658 392 3832 448 1404

404 519 613 588 sancti,
648 520 706 575 in
749 537 921 575 unam
970 520 1191 576 scilicet
1239 521 1655 587 substantiam,
1689 526 1745 575 et
1774 521 2017 575 deitatem

2221 518 2248 572 Li
2300 526 2396 574 τοῦ
2428 522 2584 596 ἁγίου
2622 521 2950 593 Ιῐνεύματος·
2996 520 3069 581 ἐς
3123 519 3245 593 μίαν
3299 520 3483 574 οὐσίαν
3536 518 3834 590 δηλονότι,

406 614 459 665 et
494 610 551 665 in
586 627 767 665 unum
800 627 1065 682 regnum,
1090 610 1400 682 imperium
1425 615 1483 665 et
1502 610 1817 665 virtutem:
1853 627 1919 663 ac
1944 614 2019 663 tre

2221 609 2258 662 ιὶ
2321 611 2568 679 θεότητα,
2627 611 2717 665 xui
2775 610 2901 682 μίαν
2962 607 3264 684 βασιλείαν,
3325 608 3414 663 καὶ
3473 608 3676 685 ἀρχὴν,
3736 610 3834 664 καὶ

407 700 771 772 hypostases,
827 699 945 753 sive
990 716 1291 770 personas,
1340 704 1399 753 et
1448 699 1837 765 characteres,
1879 704 1937 753 et
1986 698 2020 768 (ε

2222 698 2351 773 ’χύψ
2406 701 2495 753 καί
2547 705 2694 774 τρεῖς
2753 700 3092 767 ὑποστάσεις,
3151 694 3323 751 εἷ’τουν
3382 698 3672 772 πρόσωπα,
3736 701 3835 753 καὶ

409 789 490 842 ita
539 788 830 859 appellare
875 788 1040 857 velis)
1074 788 1478 859 proprietates.
1516 788 1657 842 Nam
1711 786 1868 841 aliud
1920 803 2022 840 sun

2222 795 2542 863 ιρακτῆρας,
2576 788 2621 843 εί
2652 786 2709 842 δὲ
2744 787 2929 864 βούλει
2961 786 3170 854 καλεῖν,
3201 787 3288 840 καὶ
3312 785 3610 858 ἰδιότητας.
3635 786 3835 844 Ἀλλο

409 878 777 949 hypostases,
811 876 966 930 aliud
1001 876 1353 931 substantia.
1387 875 1784 931 Substantiam
1842 874 2021 945 quipp

2228 890 2271 950 ιρ
2333 877 2670 943 ὑποστάσεις,
2727 877 2817 931 καὶ
2872 875 3013 931 ἄλλο
3071 874 3246 932 οὐσία.
3304 875 3503 933 Οὐσίαν
3563 879 3671 953 γὰρ
3738 898 3841 931 κα-

408 965 774 1038 appellamus
833 966 1311 1019 communitatem
1373 965 1551 1018 trium
1599 964 2002 1036 hypostasium

2224 970 2369 1037 ιῦμεν
2410 967 2472 1019 τὸ
2528 966 2710 1020 κοινὸν
2757 970 2863 1019 τῶν
2919 969 3084 1039 τριῶν
3147 965 3510 1020 ὑποστάσεωνο
3555 972 3686 1037 μιᾶς
3722 967 3837 1039 γὰρ

410 1063 583 1117 unius
613 1064 767 1118 enim
806 1068 1024 1117 naturae
1057 1068 1113 1118 et
1160 1063 1505 1119 substantia:
1537 1068 1675 1118 sunt
1704 1069 1823 1117 tres
1855 1078 2022 1135 perso

2225 1055 2374 1116 icewc
2404 1055 2494 1109 xui
2549 1054 2733 1116 οὐσίας
2782 1054 2848 1108 τὰ
2889 1054 3013 1127 τρία
3064 1052 3349 1129 πρόσωπα.
3399 1054 3727 1109 ’Υπόστασιν
3778 1053 3838 1108 δὲ

411 1152 871 1223 nae.Hypostasin
908 1157 1101 1206 autem
1136 1157 1722 1222 vocamus,naturam
1756 1168 1887 1206 cum
1920 1150 2024 1205 cha

2216 1140 2435 1215 ιλοῦμιν
2497 1142 2650 1220 φύσιν
2708 1142 2841 1214 μετᾶ
2899 1146 3406 1217 χαρακτηριπικῶν
3470 1140 3829 1215 ἰδιωμάτων·

410 1240 785 1296 racteristicis
818 1241 1311 1313 proprietatibus;
1347 1240 1498 1295 alius
1544 1240 1698 1295 enim
1730 1245 1819 1296 est
1865 1241 2023 1295 Pater

2227 1239 2336 1301 ,λος
2364 1241 2465 1316 γὰρ
2498 1240 2526 1294 6
2560 1239 2768 1316 Πατὴρ.
2821 1239 2911 1293 xui
2945 1237 3117 1301 ἄλλος
3151 1240 3180 1293 6
3211 1239 3357 1307 Υἱὸς,
3406 1240 3494 1294 xui
3552 1237 3738 1302 ἄλλος
3771 1243 3840 1295 τὸ

411 1329 561 1383 alius
598 1328 795 1399 Filius,
831 1329 977 1384 alius
1025 1329 1276 1400 Spiritus
1328 1335 1587 1385 sanctus.
1622 1330 1781 1395 Quod
1816 1330 2024 1400 quidem

2224 1333 2385 1401 νεῦμα
2429 1329 2491 1383 τὸ
2540 1329 2713 1404 ἅγιον
2765 1326 2898 1403 ὅπερ
2946 1326 3130 1399 τὲμνει
3176 1328 3271 1388 τὰς
3316 1325 3595 1397 ἰδιότητας
3629 1329 3837 1401 μόνον9

409 1418 795 1490 proprietates
824 1435 924 1474 seu
973 1419 1317 1489 hvpostases
1350 1418 1572 1485 dividit,
1609 1419 1707 1473 sed
1742 1435 1853 1472 non
1884 1422 2019 1471 natu

2225 1437 2335 1488 I"Juv
2400 1417 2737 1483 ὑποστάσεις,
2793 1416 2855 1470 οὐ
2910 1417 3019 1488 μὴν
3064 1416 3153 1470 καὶ
3205 1415 3382 1494 φύσιν.
3433 1416 3544 1471 Οὐκ
3585 1415 3737 1471 ἄλλο
3776 1416 3838 1472 δὲ

410 1523 554 1561 ram.
582 1507 702 1561 Non
743 1513 933 1562 tamen
970 1507 1126 1562 aliud
1157 1513 1212 1562 et
1242 1507 1420 1574 aliud,
1456 1508 1608 1579 quod
1643 1508 1923 1562 divideret
1952 1524 2023 1560 na

2225 1506 2251 1559 Li
2302 1502 2465 1574 ἄλλο,
2515 1504 2646 1581 ὅπερ
2701 1506 2885 1577 τέμνει
2934 1507 3029 1567 τὰς
3080 1502 3283 1583 φύσεις·
3336 1502 3482 1560 ἀλλᾶ
3515 1514 3617 1576 τῆς
3650 1506 3838 1575 αὐτῆς

406 1599 591 1661 turas;
623 1596 721 1650 sed
756 1597 1017 1665 ejusdem
1053 1601 1273 1651 naturai
1305 1601 1359 1650 et
1390 1597 1652 1665 ejusdem
1685 1596 2019 1650 substantia

2225 1594 2396 1668 ἱσεως,
2427 1594 2517 1650 καὶ
2548 1597 2645 1664 τῆς
2675 1594 2843 1663 αὐτῆς
2877 1593 3083 1656 οὐσίας.
3136 1597 3287 1666 ’Ἅμα
3342 1594 3446 1669 γὰρ
3488 1596 3677 1670 Πατὴρ
3733 1598 3838 1650 καὶ

407 1683 592 1738 Simul
620 1684 772 1739 enim
807 1686 975 1739 Pater
999 1689 1053 1739 et
1076 1685 1255 1740 Filius
1278 1690 1334 1739 et
1372 1685 1621 1755 Spiritus
1645 1689 1924 1749 sanctus;
1951 1701 2020 1739 σοι

2222 1684 2311 1750 ὸς,
2368 1683 2458 1738 xui
2515 1685 2669 1758 ἅγιον
2741 1688 2980 1755 Πνεῦμα⁹
3042 1681 3167 1737 ἀλλ’
3228 1684 3256 1737 ὁ
3317 1684 3412 1755 μὶν
3469 1686 3657 1757 Πατὴρ
3730 1686 3835 1739 καὶ

407 1776 574 1827 Pater
627 1777 715 1827 est
748 1773 1063 1844 ingenitus,
1100 1773 1277 1829 Filius
1324 1773 1513 1845 proles
1544 1774 1749 1839 Patris,
1784 1774 1953 1844 quasi
1984 1790 2020 1829 e:

2223 1771 2471 1842 νέννητος,
2504 1773 2532 1826 6
2565 1770 2622 1826 δὲ
2646 1772 2769 1833 Υἱὸς
2798 1772 2888 1826 καὶ
2918 1770 3165 1846 γέννημα
3199 1776 3298 1826 τοῦ
3352 1774 3585 1845 Πατρὸς,
3637 1774 3716 1835 ὡς
3780 1775 3836 1847 ἐξ

408 1859 529 1916 sole
578 1861 774 1916 lumen
825 1868 876 1917 et
926 1879 991 1916 ex
1026 1867 1216 1917 mente
1268 1863 1531 1917 verbum.
1573 1861 1823 1933 Spiritus
1856 1867 2021 1917 auten

2220 1861 2327 1916 ίιίου
2359 1866 2496 1939 φῶς,
2528 1861 2617 1916 καὶ
2648 1860 2708 1915 ἐκ
2734 1865 2831 1915 νοῦ
2859 1858 3050 1936 λόγος’
3081 1860 3146 1914 τὸ
3176 1858 3235 1915 δὶ
3265 1865 3486 1932 Πνεῦμα
3532 1864 3691 1936 ἅγιον
3728 1864 3833 1917 καὶ

408 1954 667 2015 sanctus,
702 1949 939 2005 emissio
972 1950 1179 2005 Patris.
1215 1950 1519 2021 Proprium
1571 1966 1706 2021 ergo
1759 1950 1912 2007 518
1945 1950 2021 2004 Pa

2217 1949 2472 2024 πόρευμα
2525 1954 2621 2004 τοῦ
2679 1949 2911 2023 Πατρός.
2966 1946 3134 2005 Ἴδιον
3192 1949 3284 2004 οῦν
3348 1953 3445 2004 τοῦ
3508 1952 3727 2026 Πατρὸς
3793 1954 3830 2020 ἡ

406 2038 513 2092 tris
543 2043 633 2093 est
662 2040 811 2108 quod
837 2039 915 2094 sit
940 2040 1233 2110 ingenitus
1258 2056 1359 2093 seu
1385 2056 1497 2094 non
1522 2040 1777 2111 genitus,
1809 2044 1865 2093 et
1895 2055 2019 2111 quo:

2211 2038 2465 2115 γεννησία,
2503 2039 2592 2094 καὶ
2621 2038 2685 2093 τὸ
2730 2044 3011 2102 καλεῖσθαι
3067 2039 3272 2114 Πατήρσ
3321 2036 3459 2092 ἴδιον
3505 2043 3604 2093 τοῦ
3656 2042 3824 2108 Ποῦ,

406 2132 643 2182 vocetur
696 2129 901 2183 Pater:
938 2128 1235 2200 proprium
1292 2128 1442 2198 Filii,
1476 2129 1630 2200 quod
1679 2132 1913 2183 vocetur
1954 2128 2013 2182 Fi

2214 2150 2221 2179 ι
2276 2125 2555 2190 καλεῖσθαι
2616 2127 2761 2193 Υἱὸν,
2817 2126 2905 2181 καὶ
2963 2128 3241 2199 γεννᾶσθαι
3306 2124 3365 2180 ἐκ
3417 2130 3514 2181 τοῦ
3574 2129 3827 2201 Πατρός·

409 2215 545 2283 lius,
595 2220 651 2270 et
699 2216 974 2288 gignatur
1021 2233 1087 2272 ex
1140 2222 1356 2272 Patre:
1420 2217 1718 2289 proprium
1778 2218 2022 2289 Spiritus

2223 2236 2298 2269 ιον
2331 2213 2422 2270 οῦν
2451 2220 2550 2270 τοῦ
2580 2214 2892 2288 Πνεύματος
2921 2215 2985 2269 τὸ
3039 2214 3321 2278 καλεῖσθαι
3370 2214 3582 2289 Πνεῦμα
3634 2218 3828 2293 ἅγιον,

410 2304 564 2376 quod
596 2309 828 2359 vocetur
874 2305 1126 2375 Spiritus
1159 2309 1398 2360 sanctus
1430 2310 1485 2360 et
1538 2322 1604 2360 ex
1637 2305 1804 2360 Patre
1854 2322 2022 2376 proce

2216 2303 2249 2357 ιὶ
2282 2302 2341 2358 ἐκ
2366 2308 2462 2358 τοῦ
2494 2304 2701 2380 Πατρὸς
2734 2302 3133 2379 ἐκπορεύεσθαι.
3168 2307 3283 2357 Τῶν
3318 2300 3377 2358 δὲ
3424 2305 3590 2379 τριὼν
3637 2325 3829 2381 προσ-

412 2394 530 2449 dat.
578 2393 780 2447 Trium
833 2409 962 2448 vero
1031 2410 1411 2464 personarum
1458 2395 1579 2449 sive
1621 2393 2025 2466 bypostasium

2216 2414 2352 2461 πων,
2394 2389 2567 2448 εἷ’τουν
2620 2392 2985 2464 ὑποστάσεων,
3039 2391 3135 2465 μία
3187 2391 3363 2470 φύσις,
3418 2393 3514 2465 μία
3564 2391 3829 2464 θὲλησις,

412 2499 527 2536 una
560 2486 789 2547 natura,
823 2499 939 2537 una
969 2482 1257 2550 voluntas,
1281 2499 1395 2537 una
1426 2483 1701 2554 operatio,
1738 2500 1855 2537 una
1886 2483 2019 2538 boni

2216 2491 2262 2546 ία
2287 2490 2547 2566 ἐνέργεια,
2584 2490 2682 2564 μία
2728 2490 3015 2567 ἀγαθότης,
3070 2490 3169 2563 μία
3216 2487 3467 2564 δύναμις,
3531 2490 3629 2563 μία
3682 2491 3829 2566 βού-

412 2576 522 2637 tas,
580 2588 696 2625 una
753 2572 957 2638 virtus,
1005 2589 1186 2627 unum
1242 2571 1543 2644 placitum.
1578 2572 1940 2645 Quapropter
1996 2589 2025 2626 e

2218 2602 2347 2651 ησις.
2398 2580 2495 2635 Διὰ
2539 2585 2703 2636 τοῦτο
2758 2579 2847 2634 καὶ
2888 2576 2977 2635 ἕνα
3007 2579 3135 2635 Θεὸν
3169 2578 3568 2656 ὁμολογοῦμεν.
3603 2580 3680 2634 Ού
3710 2581 3831 2655 γὰρ

3727 2667 3757 2683 υ

408 2677 591 2715 unum
646 2660 827 2715 Deum
880 2661 1243 2715 confitemur.
1280 2662 1400 2716 Non
1452 2661 1607 2716 enim
1639 2660 1791 2715 alius
1839 2662 1909 2715 ab
1940 2660 2021 2715 alii

2214 2670 2560 2747 ιχωρισμένοι
2594 2670 2726 2723 εἰσὶν
2759 2668 2849 2723 ἀπ’
2880 2667 3169 2739 ἀλλήλων,
3217 2667 3398 2744 ὥσπερ
3455 2669 3543 2723 καὶ
3603 2670 3658 2723 οἱ
3721 2667 3827 2723 ἄν-

411 2751 663 2822 separati
695 2755 853 2821 sunt,
887 2752 1035 2806 sicut
1084 2751 1371 2817 homines,
1407 2768 1594 2823 neque
1625 2752 1913 2806 sententia
1942 2752 2024 2806 dif

2211 2780 2394 2829 )w‘ltOt,
2429 2756 2552 2813 οὐδὶ
2582 2760 2679 2820 τὰς
2704 2758 2927 2834 γνώμας
2961 2755 3231 2835 διάφοροι·
3266 2756 3390 2813 ἀλλ’
3440 2758 3552 2831 ἅμα
3591 2760 3824 2831 Πατήρ,

407 2842 603 2897 ferunt
637 2860 649 2897 :
683 2843 782 2897 sed
809 2843 985 2897 simul
1017 2847 1203 2910 Pater,
1230 2843 1430 2909 Filius,
1455 2849 1513 2898 et
1533 2844 1782 2915 Spiritus
1814 2849 2017 2898 sanctu

2215 2849 2308 2917 ιὸς,
2339 2848 2428 2903 xui
2484 2852 2697 2921 Πνεῦμα
2728 2848 2879 2923 ἅγιον
2913 2846 2964 2901 ἐν
3005 2844 3281 2917 ἀλλήλοις
3339 2846 3667 2923 ἀσυγχύτως
3722 2849 3828 2902 καὶ

408 2949 524 2988 una
554 2933 882 2989 consistunt
928 2933 1055 2989 sine
1086 2934 1425 2990 confusione
1454 2938 1511 2989 et
1559 2933 1862 2990 divisione.
1900 2933 2021 2989 Una

2219 2938 2482 3013 ἰιαιρέτως
2511 2941 2936 3013 περιχωροῦσιν.
2971 2938 3230 2990 ’Έκαστον
3264 2934 3321 2990 δὲ
3366 2936 3685 3011 πρόσωπον,
3741 2936 3832 2999 ὡς

406 3040 652 3095 qumque
678 3029 872 3079 autem
906 3030 1245 3095 persona,ut
1276 3024 1497 3080 dictum
1531 3031 1639 3094 est,
1668 3042 1835 3080 suam
1860 3042 2019 3081 servs

2214 3048 2393 3102 ρηται,
2451 3025 2708 3105 φυλάττει
2738 3026 2801 3080 τὸ
2831 3022 2992 3080 ἴδιον·
3043 3026 3105 3080 τὸ
3169 3025 3264 3098 μὶν
3313 3027 3412 3094 τὴν
3471 3024 3827 3100 πατρότητα,

405 3111 839 3182 proprietatem,
886 3111 1001 3165 alia
1058 3112 1488 3183 paternitatem,
1522 3112 1636 3167 alia
1685 3112 2018 3167 filiationem

2214 3142 2220 3168 ι
2276 3113 2334 3171 δὲ
2388 3118 2488 3185 τήν
2548 3110 2794 3184 υἱότητα,
2853 3114 2917 3169 τὸ
2976 3111 3032 3169 δὲ
3076 3115 3176 3182 τήν
3234 3113 3570 3190 ὲκπόρευσιν.
3607 3114 3673 3169 Ei
3714 3116 3827 3168 οὗν

406 3205 519 3261 alia
550 3206 1000 3277 processionem.
1034 3207 1090 3261 Si
1113 3224 1249 3279 ergo
1271 3212 1325 3263 te
1364 3209 1497 3279 quis
1518 3208 1867 3282 interroget:
1899 3209 2019 3274 Quii

2211 3204 2340 3258 δοιτό
2399 3205 2456 3259 oi
2511 3224 2612 3265 τις.
2663 3202 2722 3256 Τί
2797 3200 2907 3256 ἐστι
2968 3203 3191 3275 Πατήρ;
3252 3199 3577 3274 ἀποκρίθητι
3639 3200 3824 3273 αὐτῷ·

405 3300 492 3349 est
542 3295 751 3350 Pater?
781 3297 1063 3367 responde
1110 3296 1191 3350 illi
1227 3314 1240 3351 :
1276 3299 1433 3362 Quod
1469 3297 1648 3354 Filius
1686 3303 1743 3353 et
1792 3299 2009 3370 Spiritu

2224 3322 2322 3377 περ
2375 3301 2515 3356 ἐστὶν
2572 3301 2718 3368 Υἱὸς,
2771 3299 2860 3354 καὶ
2908 3299 2969 3354 τὸ
3000 3302 3219 3372 Πνεῦμα
3274 3299 3337 3353 τὸ
3393 3297 3571 3373 ἆγιον,
3640 3297 3834 3371 μένων

404 3388 666 3451 sanctus,
718 3400 960 3439 manens
1008 3389 1203 3440 tamen
1255 3389 1445 3440 Pater.
1482 3386 1643 3450 Quod
1690 3387 1739 3442 si
1789 3386 2000 3443 dixerit

2213 3393 2363 3467 κτήρ.
2423 3390 2486 3444 Ei
2544 3387 2601 3444 δὲ
2658 3388 2829 3465 λέγοι·
2889 3391 2949 3442 Τί
3007 3387 3146 3442 ἐστιν
3208 3386 3378 3456 ride;
3459 3387 3826 3462 ἀποκρίθητι·

406 3481 553 3545 Quid
578 3486 666 3537 est
689 3482 868 3538 Filius
887 3482 915 3537 ?
944 3483 1230 3554 responde
1257 3499 1270 3537 :
1300 3483 1460 3547 Quod
1502 3484 1668 3539 Pater
1697 3489 1753 3541 et
1773 3485 2019 3557 Spiritus

2213 3495 2320 3556 Ιπερ
2381 3478 2521 3535 ἐστὶν
2583 3480 2611 3534 6
2670 3479 2856 3553 Πατὴρ
2903 3477 2993 3532 xui
3034 3478 3097 3531 τὸ
3148 3481 3387 3550 Πνεῦμα,
3440 3477 3614 3549 μὲνων
3664 3476 3826 3538 Υἱός.

409 3586 656 3626 manens
674 3576 866 3627 tamen
901 3570 1102 3627 Filius.
1137 3570 1532 3643 Similiterque
1570 3574 1640 3628 de
1668 3574 1884 3645 Spiritu
1913 3592 2017 3630 san

2217 3569 2423 3631 σαύτως
2479 3568 2568 3623 καὶ
2628 3567 2715 3623 ἐπὶ
2770 3571 2867 3622 τοῦ
2926 3565 3237 3639 Πνεύματος
3289 3570 3385 3620 τοῦ
3414 3566 3591 3641 ἁγίου·
3650 3570 3826 3620 τοῦτο

408 3664 500 3716 cto
534 3677 546 3714 :
578 3660 721 3716 illud
772 3661 928 3716 enim
962 3664 1051 3716 est
1080 3665 1230 3733 quod
1266 3665 1435 3717 Pater
1467 3666 1525 3716 et
1570 3662 1769 3731 Filius,
1804 3680 2014 3719 maneo

2211 3660 2262 3734 ἱρ
2294 3658 2434 3713 ἑστᾳν
2466 3656 2495 3711 6'
2554 3658 2582 3711 6
2637 3657 2822 3731 Πατὴρ
2873 3655 2961 3709 καὶ
3009 3656 3037 3709 6
3087 3654 3233 3723 Υἱὸς,
3269 3653 3444 3727 μένων
3476 3658 3718 3727 Πνεῦμα.
3752 3656 3824 3712 Ἡ

405 3752 605 3804 tamen
663 3749 914 3819 Spiritus
971 3753 1230 3804 sanctus.
1295 3749 1625 3822 Proprietas
1704 3750 2018 3808 immobilis

2210 3747 2370 3817 ῖιότης
2402 3747 2792 3815 ἀκοινώνητος,
2825 3744 3006 3808 καθώς
3035 3765 3196 3821 φησιν
3232 3744 3261 3799 6
3310 3742 3476 3818 μὲγας
3523 3742 3576 3797 έν
3621 3742 3823 3807 θεολό-

410 3838 903 3909 quemadmudum
937 3838 1018 3893 ait
1047 3838 1132 3892 vir
1164 3838 1220 3892 in
1259 3837 1544 3910 theologis
1597 3856 1846 3912 magnus
1878 3845 1934 3896 et
1963 3841 2021 3895 di

2209 3858 2275 3898 ›ις
2307 3837 2395 3891 καὶ
2457 3842 2598 3899 θεῖος
2644 3835 2963 3910 Γρηγόριος.
3023 3837 3145 3895 Πῶς
3202 3832 3329 3908 γὰρ,
3380 3832 3564 3910 φησὶν,
3602 3829 3822 3901 ἷδιὸτης

408 3925 579 3982 vinus
636 3926 966 3998 Gregorius.
1000 3928 1302 3993 Quomodo
1355 3944 1610 3999 namque
1658 3928 1874 3985 dixeris
1922 3946 2021 4001 pro

2202 3926 2340 3999 πίνῃ,
2385 3923 2703 3997 κινουμένη,
2749 3923 2838 3979 καὶ
2902 3920 3344 3995 μεταπίπτουσα;
3403 3922 3584 3977 Ἔστιν
3648 3922 3740 3975 οὗν
3780 3924 3815 3990 ἡ

412 4016 719 4088 prietatem
778 4033 1033 4084 manere,
1067 4017 1113 4072 si
1179 4022 1477 4073 moveatur
1527 4024 1584 4073 et
1639 4018 1925 4075 concidat.
1959 4020 2025 4074 Es

2204 4014 2379 4085 εότης,
2430 4014 2475 4068 εἰ
2526 4011 2609 4068 δεῖ
2655 4012 2936 4085 συντόμως
2989 4011 3178 4079 εἰπεῖν,
3224 4010 3515 4086 ἀμέριστος
3550 4009 3601 4064 ἐν
3637 4031 3817 4084 μεμε-

411 4103 612 4176 itaque
662 4107 867 4174 deitas,
903 4111 967 4161 ut
998 4106 1199 4177 paucis
1248 4106 1639 4174 absolvemus,
1683 4107 2020 4164 indivisibili

2203 4104 2469 4176 ισμὲνοις,
2501 4100 2563 4157 τό
2598 4102 2691 4175 μὲν
2740 4105 2808 4175 τῇ
2844 4099 3018 4178 φύσει,
3049 4101 3112 4154 τὸ
3162 4096 3220 4153 δὲ
3265 4104 3383 4161 ταῖς
3432 4100 3816 4153 ὑποστάσεσιν·

417 4191 475 4247 in
502 4192 741 4261 divisis;
767 4194 909 4249 illud
938 4194 1263 4249 secundum
1288 4198 1581 4260 naturam,
1607 4195 1715 4251 hoc
1729 4197 2030 4251 secundum

2206 4194 2282 4247 ἴον
2338 4190 2388 4246 ἐν
2438 4188 2628 4261 ήλίοις
2675 4191 2849 4263 τρισὶν
2903 4186 3191 4264 ἐχομένοις
3244 4186 3529 4257 ἀλλήλων,
3567 4186 3666 4260 μία
3717 4192 3819 4241 τοῦ

418 4281 785 4353 hypostases.
820 4285 983 4340 Sicut
1008 4284 1068 4339 in
1090 4284 1283 4340 tribus
1308 4284 1533 4341 solibus
1560 4292 1764 4342 mutuo
1786 4286 2029 4343 bairenti

2207 4281 2348 4342 ωτὸς
2379 4280 2691 4355 σύγκρασις.
2720 4280 2882 4336 ’Όταν
2914 4281 3201 4353 τοιγαροῦν
3247 4276 3383 4350 πρὸς
3429 4277 3529 4345 τήν
3585 4276 3820 4346 θεότητα

418 4372 529 4427 bus
564 4388 680 4426 una
722 4373 868 4428 foret
894 4371 1043 4427 lucis
1092 4372 1443 4428 commistio.
1477 4377 1616 4429 Cum
1652 4376 1848 4448 itaque
1878 4377 2031 4432 deita

2204 4371 2264 4439 ἠν
2298 4370 2349 4425 ἐν
2386 4374 2485 4442 μιᾷ
2513 4368 2664 4447 φύσει
2701 4367 3015 4442 βλέψωμεν,
3047 4371 3070 4392 '
3095 4366 3185 4421 xui
3214 4367 3313 4434 τὴν
3358 4366 3582 4441 πρώτην
3616 4365 3817 4435 αἰτίαν,

416 4463 557 4525 tem,
582 4478 709 4532 quis
736 4467 824 4516 est
845 4460 904 4515 in
924 4478 1039 4515 una
1056 4466 1284 4527 natura,
1311 4462 1778 4534 respiciemus,et
1809 4463 2029 4536 primari

2203 4460 2255 4514 ui
2284 4460 2383 4527 τὴν
2435 4457 2757 4533 μοναρχίαν,
2804 4453 2860 4511 ’έν
2910 4458 3046 4529 ἡμῖν
3100 4456 3164 4509 τὸ
3213 4454 3635 4532 φανταζόμενον
3688 4453 3815 4508 ὅταν

419 4566 655 4606 causam
706 4555 761 4607 et
806 4551 1225 4619 monarchiam,
1280 4569 1462 4607 unum
1509 4558 1596 4609 est
1638 4554 1793 4625 quod
1840 4555 2030 4627 cogita

2203 4549 2228 4604 ὲ
2256 4549 2390 4624 πρὸς
2421 4547 2514 4609 τὰς
2548 4543 2822 4616 ίδιότητας
2850 4545 2939 4600 καὶ
2966 4545 3033 4600 τὰ
3063 4544 3327 4617 πρόσωπα
3370 4544 3421 4597 ἰν
3474 4544 3556 4605 οἷς
3605 4546 3641 4612 ἡ
3693 4542 3816 4597 Θεό-

420 4656 587 4708 mus;
644 4657 775 4695 cum
809 4644 1003 4695 autem
1035 4641 1420 4712 proprietates
1450 4648 1507 4697 et
1538 4659 1814 4713 personas
1842 4643 1899 4698 in
1932 4645 2031 4715 qui

2201 4658 2284 4708 ης,
2301 4612 2439 4712 ’τρία
2464 4635 2533 4690 τὰ
2560 4612 3023 4711 προσκυνούμενα.
3061 4612 3478 4709 Παραδείγματα
3526 4629 3586 4686 δὶ
3642 4651 3814 4704 προσ·

418 4729 529 4785 bus
560 4728 855 4797 divinitas,
890 4735 1010 4785 tres
1056 4734 1197 4785 sunt
1244 4746 1371 4801 qua:
1420 4731 1755 4787 adorantur.
1792 4733 2023 4806 Exempl

2203 4726 2366 4791 ,είσθω
2412 4722 2655 4801 ἀμυδράν
2698 4744 2819 4779 τινα
2861 4721 3037 4778 είκόνα
3085 4719 3361 4793 δηλοῦντα
3405 4725 3502 4775 τοῦ
3552 4722 3816 4776 τοσούτου

418 4835 589 4890 porro
638 4818 853 4886 adsint,
887 4836 1014 4890 qua:
1046 4818 1358 4874 obscuram
1404 4822 1721 4893 quamdam
1779 4827 1952 4878 tanta:
1980 4840 2031 4879 re

2204 4816 2509 4892 πράγματος,
2542 4821 2641 4883 τῆς
2671 4814 2814 4875 Θείας
2847 4812 2992 4891 φημί
3052 4811 3285 4890 φύσεως,
3348 4811 3485 4865 κατᾶ
3539 4811 3631 4865 τὸν
3691 4810 3817 4866 Θεό-

417 4905 734 4980 imaginem
768 4907 1365 4975 adumbrent,divinaa
1390 4925 1597 4981 nempe
1630 4915 1872 4982 naturae,
1897 4912 2027 4982 juxt

2203 4926 2339 4980 ,ογον
2395 4902 2721 4979 Γρηγόριον’
2782 4901 3067 4980 ὀφθαλμον
3127 4900 3238 4954 νόει
3302 4920 3394 4973 μοι
3457 4898 3677 4975 βλέψιν,
3728 4899 3816 4953 καὶ

418 4996 756 5069 theologum
791 4997 1315 5070 Gregorium,oculi
1347 5004 1651 5071 aspectum
1682 5000 2031 5074 cogita,aqui

2210 4995 2351 5070 ρχὴν
2387 4990 2602 5065 ὕδατος,
2652 4991 2741 5046 καὶ
2772 4992 2979 5068 πηγὴν,
3032 4989 3121 5044 καὶ
3168 4987 3436 5062 ποταμόν·
3496 4992 3663 5042 ταῦτα
3719 4989 3818 5064 γαρ

415 5086 853 5158 scaturiginem,
902 5087 1121 5142 fontem
1163 5090 1220 5142 et
1269 5086 1551 5153 fluvium;
1586 5088 1708 5144 haec
1756 5088 1908 5145 enim
1959 5106 2028 5145 ne

2211 5080 2300 5137 ὅτε
2330 5082 2517 5157 χρόνῳ
2550 5079 2847 5153 διέστηκεν,
2898 5078 3020 5135 οὕτε
3070 5076 3336 5149 ἀλλήλων
3385 5076 3723 5153 ἆπέῥρηκται
3752 5081 3821 5150 τῇ

418 5178 679 5247 tempore
710 5175 905 5247 aliquo
938 5176 1179 5242 distant,
1204 5192 1388 5244 neque
1421 5182 1562 5231 sunt
1584 5178 1735 5233 inter
1754 5196 1816 5234 se
1841 5178 2031 5234 avulsa

2206 5173 2307 5247 πρὸς
2336 5169 2560 5241 ἄλληλα
2589 5169 2864 5246 συναφείᾳ,
2895 5169 2987 5223 κᾶν
3023 5165 3157 5240 δοκῇ
3210 5171 3327 5228 ταῖς
3360 5163 3597 5235 ἰδιότησι
3627 5166 3819 5239 τέμνε-

419 5269 483 5318 ut
512 5282 572 5321 se
608 5269 808 5321 mutuo
843 5284 955 5320 nun
991 5266 1335 5337 contingant
1361 5267 1628 5330 ;tametsi
1652 5267 1921 5323 videntur
1941 5285 2032 5339 pro

2208 5263 2311 5316 δαν
2344 5260 2579 5332 ἐνθυμοῦ
2608 5256 2697 5313 xui
2722 5256 2904 5329 ἥλιον,
2946 5256 3034 5312 καὶ
3084 5257 3222 5335 φῶς,
3267 5254 3353 5310 xui
3408 5254 3618 5309 ἆκτῖνα’
3672 5259 3821 5321 νοῦν,

414 5355 762 5427 prietatibus
814 5354 936 5410 suis
979 5354 1285 5424 distingui.
1321 5355 1619 5425 Perpende
1667 5355 1803 5411 item
1855 5356 2027 5412 solem

2213 5350 2260 5404 αἱ
2292 5348 2477 5425 λόγον,
2510 5347 2598 5403 καὶ
2628 5351 2841 5419 πνεῦμα
2869 5349 2947 5417 τῷ
2979 5343 3133 5420 λύγῳ
3176 5343 3427 5415 συνεξιόν.
3482 5342 3636 5411 Πλὴν
3689 5344 3826 5398 κατὰ

416 5453 616 5508 lumen
649 5457 822 5523 atque
847 5451 1113 5506 radium:
1139 5450 1661 5515 mentem,verbum
1683 5456 1741 5506 et
1763 5453 2029 5524 spiritum

2209 5440 2261 5493 6v
2293 5439 2532 5493 εἰπόντα.
2566 5436 2753 5498 Πίστις
2784 5434 3048 5511 ἡγείσθω,
3105 5434 3195 5489 καὶ
3246 5435 3324 5506 μὴ
3374 5430 3675 5504 ἀπόδειξις,
3733 5433 3822 5487 καὶ

417 5541 517 5613 qui
547 5542 661 5596 exit
694 5558 808 5596 una
840 5556 971 5594 curn
1004 5539 1198 5594 verbo.
1234 5542 1467 5607 Verum,
1502 5545 1566 5593 ut
1596 5541 1832 5611 quidam
1866 5543 2009 5598 dixit

2209 5539 2284 5612 pi,
2343 5535 2512 5591 πάντα
2567 5534 2849 5611 ἄνθρωπον
2906 5531 2995 5588 διὰ
3054 5539 3287 5609 καθαρᾶς
3344 5532 3433 5586 καὶ
3468 5529 3822 5603 θεολαμποῦς

420 5631 589 5687 Fides
640 5631 756 5685 dux
803 5634 946 5697 esto,
982 5645 1096 5684 non
1149 5628 1589 5684 demonstratio.
1624 5629 1862 5703 Oportet
1901 5632 2033 5688 enin

2207 5625 2440 5701 πράξεως,
2500 5621 2691 5699 ὁδηγῷ
2741 5626 2821 5695 τῷ
2877 5620 3149 5695 Πνεύματι
3190 5617 3625 5697 χρώμενον,’ίνα
3680 5620 3820 5697 φωτὶ

418 5734 714 5791 quemque
761 5717 1083 5785 hominem,
1116 5733 1219 5790 per
1265 5733 1412 5789 pura
1465 5733 1530 5773 ac
1560 5717 1675 5775 Deo
1724 5719 2031 5777 illustrant

2202 5709 2654 5790 ,αταλαμϐάνηται
2699 5716 2835 5791 φῶς,
2888 5710 3150 5766 πιστεύειν
3198 5731 3256 5767 τι
3304 5709 3378 5771 είς
3436 5711 3668 5785 Πατέρα,
3728 5708 3815 5763 xui
