4086 6214
275 349 299 407 1
314 351 431 407 405

1228 350 1656 410 SYN'I‘AGMA
1701 352 1803 408 AD
1849 349 2241 422 QUEMDAM
2287 350 2736 412 POLITICUM.

3535 348 3558 405 Ι
3571 343 3689 404 406

272 481 422 545 Υὶὸν,
456 481 544 533 καὶ
598 482 746 554 ἅγιον
810 484 1044 553 Ηνεῦμα,
1091 481 1190 548 τήν
1251 480 1373 551 μίαν
1436 479 1665 550 θεότητά
1718 502 1777 536 τε
1831 481 1920 535 καὶ

2037 482 2192 537 edita
2221 499 2415 555 opera,
2450 482 2597 536 duce
2631 496 2804 535 usum
2838 480 3056 551 Spiritu
3096 484 3321 545 saneto,
3356 483 3420 534 ut
3464 478 3690 533 lumine

274 565 499 640 δύναμιν
554 570 603 621 ἐν
652 569 788 642 τρισὶ
842 568 1244 645 γνωριζομένην
1309 568 1397 622 καὶ
1448 570 1926 645 προσκυνουμένην

271 663 390 719 ταῖς
423 657 771 712 ὑποστάσεσιν
782 701 795 714 .

271 856 461 915 Ὅπως
519 850 600 907 δεῖ
656 852 922 907 πιστεύειν
984 852 1106 927 περὶ
1177 859 1276 918 τῆς
1345 857 1442 906 τοῦ
1515 851 1720 927 Κυρίου
1778 851 1923 906 ἐνανν

919 926 1274 1000 θρωπήσεως.

342 1016 461 1093 ’Ότι
504 1012 663 1075 αύτὸς
721 1014 748 1067 6
806 1018 904 1066 τοῦ
956 1018 1089 1067 Θεοῦ
1148 1012 1321 1087 Λόγος
1368 1013 1396 1066 6
1445 1012 1865 1088 ἀπερίγραπτος,
1899 1013 1927 1066 6

268 1101 584 1175 ἀσώματος,
617 1103 645 1156 6
702 1102 1002 1176 μονογενὴς
1044 1106 1140 1156 τοῦ
1187 1102 1393 1177 [ἰατρὸς
1436 1102 1580 1173 Υἱὸς,
1612 1102 1675 1155 τὸ
1722 1099 1780 1155 ἐκ
1830 1104 1927 1155 τοῦ

270 1191 453 1269 φωτὸς
503 1196 636 1268 φῶς,
669 1192 703 1261 ἡ
755 1192 908 1266 πηγὴ
958 1197 1060 1260 τῆς
1112 1195 1279 1261 ζωῆς,
1323 1191 1413 1244 καὶ
1461 1197 1561 1258 τῆς
1615 1190 1925 1257 ἀθανασίας,

272 1280 340 1334 τὸ
390 1280 719 1355 ἀπαύγασμα
773 1287 874 1349 τῆς
932 1277 1116 1350 δόξης.
1150 1281 1177 1334 6
1209 1279 1493 1355 χαρακτὴρ
1538 1285 1639 1347 τῆς
1693 1278 1927 1333 ὑποστά-

274 1390 434 1438 σεως,
484 1372 551 1442 τῇ
612 1367 872 1444 βουλήσει
928 1374 1026 1423 τοῦ
1083 1367 1431 1444 προανάρχου
1490 1368 1578 1421 xui
1652 1364 1927 1422 συναϊδίου

267 1456 440 1512 αὐτοῦ
486 1458 715 1532 Πατρὸς,
751 1459 840 1511 xui
886 1456 956 1531 τῇ
1002 1457 1279 1534 συνεργείᾳ
1320 1461 1419 1511 τοῦ
1475 1456 1627 1532 ἁγίου
1683 1456 1924 1529 Πνεύμα-

264 1566 386 1617 τος,
421 1545 480 1600 ἐκ
533 1549 641 1600 τῶν
694 1550 1028 1622 παρθενικῶν
1090 1545 1334 1618 αἱμάτων
1366 1553 1467 1615 τῆς
1519 1540 1804 1613 Θεοτόκου,
1836 1543 1924 1598 xui

264 1634 624 1710 ἀειπαρθένου
676 1634 906 1711 Μαρίας,
957 1634 1007 1688 ἐν
1062 1638 1131 1708 τῇ
1191 1634 1363 1705 οἰκείᾳ
1417 1635 1580 1689 αὐτοῦ
1640 1635 1925 1689 ὑποστάσει

263 1721 462 1794 ἔπηξεν
521 1722 695 1796 ἑαυτῷ
755 1723 941 1798 σάρκα
1018 1723 1449 1800 έμψυχωμένην,
1508 1723 1596 1777 xui
1669 1722 1923 1798 λογικὴν,

2036 571 2237 627 lumen
2269 569 2744 643 comprehendat,
2779 570 3012 625 credere
3043 571 3100 624 in
3130 570 3357 624 Patrem
3389 574 3446 624 et
3478 567 3687 623 Filium

2038 666 2096 716 et
2126 661 2411 732 Spiritum
2444 665 2736 725 sanctum,
2771 676 2950 714 unam
2994 660 3269 713 deitatem
3304 665 3478 728 atque
3510 657 3689 711 virtu-

2038 753 2176 820 tem,
2204 750 2260 804 in
2292 749 2482 804 tribus
2511 747 2930 821 hypostasibus
2962 749 3242 802 creditam
3276 752 3330 802 et
3362 748 3687 801 adoratam.

2171 856 2310 923 Quid
2338 855 2669 911 credendum
2696 856 2769 910 sit
2799 854 2864 909 de
2896 856 3116 909 Domini
3144 854 3553 908 incarnatione.

2109 1018 2267 1080 Quod
2307 1017 2501 1088 ipsum
2536 1017 2631 1072 Dei
2664 1017 2921 1071 Verbum
2967 1013 3561 1084 incircumscriptum,
3598 1013 3688 1067 in-

2038 1122 2402 1177 corporeum,
2438 1104 2626 1159 Patris
2679 1104 3069 1176 unigenitum,
3102 1102 3302 1158 lumen
3334 1117 3401 1157 ex
3445 1101 3687 1167 lumine,

2038 1194 2168 1250 fons
2199 1194 2328 1249 vita:
2357 1200 2416 1249 et
2445 1192 2925 1260 immortalitatis,
2951 1193 3227 1263 splendor
3256 1190 3474 1263 gloriae,
3500 1190 3691 1261 ﬁgura

2037 1283 2377 1339 substantias
2414 1284 2475 1351 η,
2503 1282 2803 1337 voluntate
2834 1282 3038 1349 Patris,
3072 1282 3169 1352 qui
3202 1285 3337 1335 ante
3370 1278 3691 1343 initium,et

2035 1371 2150 1443 ipsi
2178 1377 2504 1427 coaaternus
2535 1376 2642 1441 est,
2675 1376 2730 1425 et
2758 1370 3159 1441 cooperatione
3190 1367 3442 1440 Spiritus
3477 1367 3687 1432 sancti,

2035 1476 2103 1516 ex
2148 1460 2407 1531 virgineo
2457 1459 2742 1531 sanguine
2780 1458 3035 1530 Deipara:
3077 1462 3135 1512 et
3177 1472 3409 1527 semper
3446 1454 3687 1526 virginis

2038 1552 2252 1618 Μαι-ἰῶ,
2285 1551 2343 1605 in
2376 1551 2613 1622 propria
2650 1567 2756 1604 sua
2810 1549 3108 1621 hypostasi
3160 1562 3395 1603 carnem
3443 1546 3554 1601 sibi
3606 1545 3685 1600 ef-

2038 1640 2205 1694 ﬁnxit
2235 1639 2553 1694 animatam
2585 1643 2641 1693 et
2672 1637 3035 1703 rationalem,
3080 1642 3254 1707 atque
3286 1632 3447 1690 illam
3480 1650 3686 1689 novem

2035 1728 2329 1782 mensium
2357 1732 2617 1798 tempore
2648 1744 2714 1781 ex
2746 1727 2874 1796 ipsa
2904 1725 3264 1779 etl‘ormavit:
3290 1728 3580 1793 natusque
3600 1727 3689 1777 est

261 1812 356 1867 xui
387 1812 586 1883 ταύτην
635 1818 714 1885 τῷ
755 1811 1143 1886 ἐννεαμηνιαίῳ
1190 1812 1378 1889 χρόνῳ
1426 1810 1824 1884 διεπλασμένην
1867 1812 1916 1885 ἐξ

2035 1817 2190 1873 Deus
2217 1816 2671 1883 hominiformis,
2702 1815 2757 1869 id
2790 1821 2900 1884 est,
2958 1818 3106 1869 Dens
3154 1821 3211 1868 et
3259 1813 3453 1877 homo,
3488 1812 3545 1866 in
3578 1812 3686 1883 hy-

258 1899 450 1969 αύτῆς’
485 1900 750 1977 ἐνεγγήθη
794 1901 923 1963 Θεὸς
976 1900 1462 1978 ἀνθρωπόμορφος,
1494 1901 1734 1961 τουτέστι
1784 1900 1912 1962 Θεὸς

258 1988 355 2045 xui
387 1990 672 2065 ἄνθρωπος
704 1989 755 2044 ἐν
800 1995 898 2062 μιᾷ
947 1990 1231 2045 ὑποστάσει
1281 1987 1376 2045 δύο
1430 1988 1612 2066 φύσεις
1664 1987 1915 2065 ἐπιφερό-

264 2099 453 2152 μενος,
485 2076 827 2155 ἀδιαιρέτως,
858 2078 948 2133 καὶ
980 2079 1324 2154 ἀσυγχύτως,
1357 2077 1447 2132 καὶ
1497 2074 1594 2131 δύο
1645 2076 1916 2147 θελήσεις,

258 2166 353 2220 xui
414 2166 702 2243 ἐνεργείας,
743 2167 923 2231 θεῖκὰς
982 2168 1123 2241 ὁμοῦ
1181 2167 1267 2222 καὶ
1324 2166 1689 2241 ἀνθρωπικάς*
1751 2163 1920 2235 ἤθελε

260 2255 371 2331 γὰρ
423 2256 496 2317 ὡς
544 2257 671 2317 Θεὸς
723 2256 813 2311 καὶ
862 2255 1101 2332 ἐνήργει,
1132 2254 1220 2310 xui
1275 2252 1468 2323 ἤθελεν
1520 2254 1593 2315 ὡς
1636 2255 1918 2328 ἅνθρωπος

264 2345 359 2398 xui
416 2342 651 2419 ἐυήργειο
696 2342 843 2399 ἀλλὰ
894 2345 1123 2423 φυσικὴν
1184 2342 1428 2415 θέλησιν,
1486 2342 1574 2396 καὶ
1634 2342 1919 2417 ἐνέργειαν,

271 2431 339 2486 ού
374 2434 448 2504 μή
503 2434 903 2507 ἀμαρτητικήν.
936 2434 1356 2508 Ἀναμαρτήτως
1401 2431 1501 2505 γὰρ
1562 2427 1919 2506 προσελήφθη

272 2522 310 2589 ἡ
374 2520 530 2598 φύσις
589 2522 622 2591 ἡ
681 2522 1019 2597 ἀνθρωπική·
1049 2520 1139 2575 xui
1198 2519 1248 2590 ἐξ
1309 2518 1475 2588 αὐτῆς
1532 2526 1631 2588 τῆς
1687 2519 1922 2580 ἑνώσεως

269 2610 355 2680 τῷ
418 2609 685 2682 θελήματι
766 2610 1073 2680 ἠνώθησαν.
1120 2612 1289 2683 Ὅπερ
1347 2602 1604 2661 ἐϐούλετο
1659 2606 1721 2661 τὸ
1781 2608 1921 2661 θεῖον

269 2698 513 2770 θέλημα,
543 2698 702 2753 τοῦτο
731 2699 819 2753 καὶ
849 2698 910 2753 τὸ
938 2704 1040 2767 τῆς
1072 2696 1460 2771 προσλήψεως.
1496 2694 1669 2751 Ἀλλὰ
1707 2694 1923 2768 θέλημα

268 2786 503 2862 λέγομεν
564 2788 652 2842 καὶ
712 2787 974 2863 ἐνέργειαν
1036 2787 1102 2840 τὰ
1158 2785 1371 2863 φυσικά·
1409 2786 1544 2854 οῖον,
1603 2783 1769 2854 ἤθελε
1820 2806 1922 2861 φα-

264 2881 405 2951 γεῖν,
464 2875 627 2946 ἤθελε
680 2882 848 2945 πιεῖν,
907 2874 1073 2945 ἤθελε
1146 2880 1530 2951 περιπατῆσαι·
1590 2875 1681 2928 καὶ
1755 2877 1924 2927 ταῦτα

266 2963 508 3039 ἐνήργει,
537 2965 627 3019 xui
685 2962 900 3033 ἤθελεν.
936 2962 1111 3020 Ἀλλὰ
1165 2968 1330 3018 ταῦτα
1390 2963 1559 3018 ἐποίει
1615 2970 1714 3032 τῆς
1776 2962 1921 3026 θείας

268 3052 482 3131 φύσεως
539 3052 1001 3128 παραχωρούσης,
1054 3053 1115 3107 ού
1187 3054 1296 3125 μην
1372 3051 1920 3126 κατηναγκασμένως,

264 3141 450 3217 ὥσπερ
500 3143 684 3215 ἡμεῖς·
718 3140 864 3196 ἀλλὰ
910 3142 999 3195 xui
1047 3143 1109 3195 τὸ
1157 3147 1375 3213 κοπιᾷν,
1406 3141 1493 3195 xui
1543 3140 1605 3195 τὸ
1657 3140 1918 3215 άγωνιᾷν,

2026 1906 2244 1977 postasi
2279 1920 2394 1960 una
2423 1905 2571 1959 duas
2622 1908 2861 1976 gestans
2907 1908 3168 1967 naturas,
3204 1902 3329 1955 sine
3362 1900 3665 1966 divisione,

2027 2012 2093 2050 ac
2141 1994 2269 2051 sine
2319 1993 2663 2049 confusione
2715 2009 2727 2047 :
2778 2010 2846 2048 ac
2894 1993 3043 2047 duas
3090 1991 3355 2046 voluntas
3404 1990 3684 2061 duasque

2027 2084 2415 2154 Operationes,
2467 2081 2693 2137 divinas
2744 2080 2922 2137 simul
2972 2086 3029 2135 et
3077 2080 3393 2135 humanas.
3443 2078 3687 2133 Volebat

2030 2173 2190 2227 enim
2246 2176 2310 2227 ut
2360 2176 2532 2240 Deus,
2577 2175 2636 2225 et
2678 2170 3032 2240 operabatur
3080 2185 3092 2221 :
3148 2167 3375 2221 volebat
3433 2167 3572 2220 item
3622 2170 3689 2219 ut

2031 2260 2228 2327 homo,
2264 2265 2320 2315 et
2348 2258 2859 2331 operabaturzsed
2896 2259 3154 2312 humana
3187 2254 3478 2310 voluntate
3511 2260 3687 2326 atque

2031 2350 2387 2421 operatione,
2456 2364 2561 2403 nec
2620 2352 2851 2418 peccato
2904 2346 3173 2401 obnoxia.
3245 2345 3382 2400 Sine
3451 2348 3685 2414 peccato

2031 2439 2187 2495 enim
2219 2441 2525 2509 assumpta
2558 2442 2648 2491 est
2681 2440 2889 2490 natura
2921 2435 3178 2489 humana
3210 2451 3223 2487 :
3259 2440 3432 2505 atque
3469 2451 3537 2488 ex
3579 2433 3687 2487 hac

2033 2528 2163 2600 ipsa
2222 2524 2788 2592 unione,voluntate
2840 2524 3024 2578 amba:
3078 2524 3252 2576 unitie
3302 2529 3459 2576 sunt.
3520 2522 3680 2584 Quod

2034 2620 2264 2689 optaret
2294 2614 2492 2670 divina
2519 2612 2812 2678 voluntas,
2837 2612 2894 2667 id
2922 2614 3095 2667 etiam
3121 2611 3349 2666 volebat
3368 2615 3685 2681 assumpta}

2034 2710 2255 2761 naturis
2287 2704 2574 2759 voluntas.
2600 2702 2712 2757 Sed
2739 2703 3095 2756 voluntatem
3122 2701 3375 2755 dicimus
3406 2698 3693 2770 OpLI‘aiiO-

2032 2808 2284 2864 nemque
2334 2792 2659 2848 naturalem
2696 2809 2711 2851 ι
2754 2790 2925 2862 quale
2974 2798 3083 2858 est,
3136 2789 3286 2859 quod
3337 2788 3688 2841 manducare

2028 2882 2223 2948 vellet,
2268 2882 2488 2947 bibere,
2525 2880 2826 2935 ambulare
2860 2896 2872 2934 :
2919 2884 2976 2933 et
3006 2878 3123 2931 haec
3155 2877 3525 2947 operabatur,
3557 2875 3688 2929 haec

2031 2972 2278 3028 volebat.
2314 2970 2529 3025 Verum
2562 2970 2685 3024 haec
2715 2970 2923 3040 agebat
2964 2968 3162 3021 divina
3202 2967 3552 3020 concedente
3579 2981 3681 3018 na-

2031 3065 2204 3127 tura;
2243 3077 2356 3114 non
2389 3076 2457 3114 ex
2485 3061 2851 3123 necessitate,
2878 3056 3379 3127 quemadmodum
3413 3070 3549 3118 nos;
3585 3054 3686 3107 sed

2032 3150 2188 3221 quod
2216 3149 2660 3220 defatigaretur,
2692 3147 2846 3217 quod
2882 3147 2937 3199 in
2972 3161 3155 3216 agone
3185 3149 3359 3209 esset,
3392 3143 3541 3213 quod
3590 3157 3687 3213 pe-

268 3230 361 3284 xui
392 3231 454 3285 τὸ
481 3230 646 3285 αἰτεῖν
677 3230 769 3285 τὸν
816 3230 1026 3303 Πατέρα
1072 3228 1359 3304 παρελθεῖν
1402 3229 1464 3283 τὸ
1509 3230 1798 3303 ποτήριον,
1829 3228 1917 3282 xui

2035 3214 2178 3294 teret
2210 3256 2242 3294 ιι
2273 3214 2442 3293 Patre
2490 3242 2553 3291 ut
2602 3214 2876 3291 transiret
2918 3214 3088 3300 calix,
3132 3234 3186 3288 id
3241 3233 3509 3286 humanae
3561 3234 3689 3284 erat

266 3323 436 3374 τοῦτο
483 3323 580 3374 τοῦ
623 3323 849 3398 φυσικοῦ
898 3316 1231 3391 θελήματος.
1280 3317 1454 3375 Ἀλλά
1501 3318 1590 3372 καὶ
1639 3316 1773 3390 μετὰ
1820 3318 1917 3385 την

263 3408 550 3463 ἀνάστασιν
604 3408 693 3463 καὶ
744 3409 843 3477 τὴν
905 3407 963 3462 ἐκ
1019 3406 1204 3478 δεξιῶν
1266 3405 1360 3461 τοῦ
1410 3408 1615 3482 Πατρὸς
1658 3403 1917 3482 καθέδραν

268 3495 367 3551 δύο
427 3496 610 3575 φύσεις
663 3493 1049 3572 ὁμολογοῦμεν
1079 3496 1165 3550 ἐπὶ
1197 3500 1455 3570 Χριστοῦ,
1489 3494 1799 3567 θελητικᾶς,
1830 3495 1918 3549 xui

268 3585 638 3662 ἐνεργητικάς.
689 3588 865 3643 Ὅπου
919 3587 1021 3661 γὰρ
1072 3584 1227 3663 φύσις
1268 3582 1486 3660 λογικη,
1538 3582 1647 3638 ἐκεῖ
1695 3584 1782 3637 xui
1832 3583 1917 3647 θέ-

268 3675 431 3745 λησις
464 3674 551 3729 xui
585 3673 843 3751 ἐνέργεια.
881 3674 1118 3736 Φυσικὰς
1152 3671 1209 3728 δὲ
1239 3670 1334 3728 δύο
1384 3672 1654 3742 θελήσεις,
1688 3673 1916 3747 γνώμην

267 3761 327 3818 δὲ
388 3762 536 3836 μίαν
570 3762 971 3837 οἰκονομούσης
1025 3764 1125 3839 γὰρ
1175 3769 1273 3832 τῆς
1334 3761 1613 3833 θεότητος,
1645 3761 1916 3834 ἑπομένης

265 3849 325 3907 δὲ
357 3860 453 3921 τῆς
485 3852 930 3927 ἀνθρωπότητος,
962 3852 1050 3906 καὶ
1111 3849 1552 3927 παραχωρούσης
1594 3849 1730 3924 αὐτῇ
1781 3849 1921 3926 ἐνερ-

269 3945 387 4014 γεῖν
419 3940 487 3994 τὰ
515 3940 815 4018 ἀμφότερα.

747 4029 880 4104 Περὶ
913 4026 1173 4106 διαφορᾶς
1203 4028 1436 4103 ἀρετῶν.

334 4112 637 4189 Ἐλάϐομεν
711 4117 930 4179 ἐντολὰς
987 4119 1132 4191 παρὰ
1184 4121 1283 4172 τοῦ
1339 4122 1573 4193 Χριστοῦ
1633 4115 1722 4170 xui
1784 4123 1917 4172 Θεοῦ

262 4208 453 4278 ἡμῶν,
485 4208 577 4267 τὰς
610 4206 922 4262 άπεντεῦθεν
956 4204 1445 4281 θεουργούσας,καὶ
1477 4205 1737 4266 ποιούσας
1770 4206 1916 4277 ἡμᾶς

264 4296 681 4368 ἀναμαρτήτους
734 4292 956 4371 διάγειν,
1007 4295 1096 4349 xui
1148 4295 1221 4355 ὡς
1278 4292 1541 4369 ἀγγέλους
1595 4293 1914 4371 ἀναστοέφε-

265 4396 389 4447 σθαι
450 4385 583 4457 μετὰ
628 4389 735 4439 τῶν
780 4384 1097 4459 ἀνθρώπων·
1151 4383 1265 4436 οἷον
1321 4383 1420 4450 τήν
1478 4384 1786 4455 μετάνοιαν,
1816 4384 1914 4451 τὴν

262 4473 760 4550 ταπεινοφροσύνην
810 4472 899 4528 xui
955 4472 1016 4527 τὸ
1068 4469 1312 4543 διηνεκὲς
1372 4471 1584 4543 πένθος,
1633 4471 1731 4540 τήν
1782 4472 1915 4547 πρὸς

2028 3327 2181 3384 519
2232 3325 2572 3381 voluntatis.
2620 3326 2737 3379 Imo
2788 3324 2964 3378 etiam
3016 3327 3145 3393 post
3193 3321 3680 3375 resurrectionem

2028 3421 2200 3486 atque
2228 3415 2550 3471 sessionem
2582 3414 2654 3469 ad
2686 3414 2981 3469 dexteram
3020 3413 3223 3477 Patris,
3256 3412 3404 3465 duas
3441 3415 3685 3463 naturas

2027 3505 2376 3560 confitemur
2430 3504 2484 3557 in
2546 3503 2800 3567 Christo,
2852 3501 3148 3556 voluntate
3204 3507 3261 3554 et
3317 3498 3593 3569 operandi
3630 3498 3685 3550 vi

2029 3592 2301 3666 praeditas
2331 3610 2344 3647 ε
2379 3592 2535 3648 enim
2570 3598 2780 3646 natura
2831 3589 3153 3653 rationalis,
3202 3589 3281 3642 ibi
3314 3594 3369 3643 et
3412 3586 3683 3640 voluntas

2028 3687 2086 3738 et
2140 3682 2421 3754 operatio.
2481 3680 2791 3736 Naturales
2864 3683 3059 3734 autem
3141 3678 3287 3731 duas
3356 3674 3683 3729 voluntates

2028 3771 2321 3836 dicimus,
2382 3771 2482 3825 sed
2545 3769 2775 3824 unicam
2839 3766 3237 3831 sententiam,
3302 3762 3679 3832 dispensante

2028 3859 2263 3925 deitate,
2299 3860 2696 3929 subsequente
2726 3862 2920 3912 autem
2954 3853 3517 3922 humanitate,atque
3549 3865 3682 3904 con-

2028 3948 2269 4003 cedente
2303 3952 2369 4001 ut
2398 3952 2647 4017 utraque
2677 3949 3034 4017 Operaretur.

2487 4036 2558 4089 De
2596 4034 2915 4104 diﬂerentia
2942 4034 3228 4087 virtutum.

2102 4124 2371 4179 Mandata
2403 4123 2738 4193 accepimus
2765 4139 2797 4175 a
2828 4120 3059 4175 Christo
3082 4126 3139 4172 et
3164 4119 3274 4172 Deo
3307 4120 3526 4181 nostro,
3550 4132 3679 4186 qua:

2028 4211 2240 4267 exinde
2270 4211 2534 4265 divinum
2584 4210 2844 4281 operanti
2897 4209 3153 4279 praebent
3195 4206 3499 4272 auxilium,
3534 4222 3679 4276 pras-

2029 4305 2305 4371 stantque
2336 4304 2401 4355 ut
2429 4302 2651 4371 absque
2687 4304 2916 4368 peccato
2962 4298 3263 4367 degamus,
3297 4301 3354 4349 et
3387 4293 3542 4348 velut
3573 4311 3677 4347 an-

2027 4388 2139 4462 geli
2159 4405 2292 4444 cum
2317 4388 2654 4443 hominibus
2676 4402 3005 4442 versemur:
3027 4385 3424 4457 paenitentiam
3447 4397 3678 4452 nempe,

2027 4476 2443 4543 humilitatem,
2500 4476 2722 4531 luctum
2776 4475 3106 4540 assiduum,
3159 4472 3496 4528 eharitatem
3544 4487 3682 4539 erga

267 4562 431 4617 αὐτὸν
466 4563 676 4638 ἀγάπην
736 4563 835 4631 τήν
887 4561 938 4632 ἐξ
991 4560 1128 4631 ὅλης
1174 4558 1395 4636 καρδίας
1425 4560 1799 4636 ἐγγινομενην,
1830 4561 1920 4616 καὶ

2035 4566 2225 4637 ipsum
2259 4582 2326 4620 ex
2358 4570 2499 4631 toto,
2533 4566 2725 4634 corde,
2751 4563 3123 4619 dilectionem
3168 4561 3436 4633 proximi,
3470 4576 3678 4632 puram

266 4654 370 4721 τὴν
403 4652 538 4725 πρὸς
582 4652 672 4707 τὸν
720 4651 955 4722 πλησίον
989 4648 1246 4717 διάθεσιν,
1276 4652 1375 4718 την
1423 4650 1656 4726 καθαρὰν
1701 4670 1924 4721 προσευ-

271 4742 407 4816 χήν,
439 4742 528 4795 xui
557 4742 656 4810 τὴν
688 4742 891 4796 έαυτῶν
920 4740 1243 4816 ἀπάρνησιν,
1275 4739 1365 4793 xui
1404 4739 1468 4794 τὸ
1518 4735 1587 4792 δι’
1636 4736 1771 4794 δλου
1818 4740 1923 4811 πρὸ

273 4828 577 4907 ὀφθαλμῶν
620 4826 765 4906 ἔχειν
816 4830 906 4884 τὸν
943 4829 1076 4904 ὑπὲρ
1116 4827 1279 4883 αὐτοῦ
1330 4827 1574 4899 θάνατον,
1609 4828 1698 4882 xui
1748 4828 1799 4882 ἐν
1842 4834 1921 4900 τῷ

268 4920 410 4997 φωτὶ
468 4918 631 4974 αύτοῦ
692 4915 1054 4980 ἀδιαλείπτως
1111 4916 1455 4992 πορεύεσθαι,
1504 4916 1594 4970 καὶ
1652 4916 1715 4971 τὸ
1775 4915 1921 4992 ἔχειν

267 5010 455 5062 ἑαυτὸν
487 5008 589 5063 ὑπὸ
618 5008 796 5077 πάσης
848 5005 1097 5078 κτίσεως,
1132 5006 1221 5061 xui
1271 5002 1476 5069 δέεσθαι
1527 5004 1691 5058 αὐτοῦ
1742 5001 1921 5074 διηνε-

265 5101 395 5158 κῶς.
430 5098 632 5158 Ταύτας
692 5096 795 5170 γὰρ
851 5097 947 5158 τὰς
1004 5094 1148 5157 θείας
1184 5092 1406 5156 ἐντολὰς
1437 5094 1465 5147 ὁ
1500 5094 1634 5164 μετὰ
1687 5094 1921 5155 πίστεως

264 5185 651 5261 ἐργαζόμενος,
700 5189 834 5241 Θεοῦ
881 5186 997 5247 υἱὸς
1047 5184 1273 5260 γίνεται,
1304 5182 1393 5237 καὶ
1446 5184 1560 5243 υἱός
1608 5182 1785 5258 φωτὸς
1832 5181 1922 5237 xui

266 5274 619 5349 κληρονόμος
678 5279 831 5343 Θεοῦ,
880 5274 970 5329 xui
1017 5271 1469 5348 συγκληρονόμος
1520 5276 1781 5345 Χριστοῦ,
1833 5270 1923 5325 καὶ

267 5363 597 5441 σύμμορφος
627 5370 729 5433 τῆς
760 5363 965 5424 εἰκόνος
997 5362 1160 5417 αὐτοῦ
1198 5361 1286 5416 xui
1338 5359 1633 5436 σύμφυτος,
1661 5360 1750 5414 xui
1800 5381 1923 5414 συν-

267 5452 455 5524 τόμως
489 5453 579 5506 xui
613 5451 801 5513 ἁπλῶς
837 5451 1029 5519 εἰπεῖν,
1063 5449 1200 5514 θέσει
1233 5450 1368 5504 κατὰ
1416 5448 1578 5524 χάριν
1610 5446 1767 5510 Θεός.
1806 5447 1921 5505 Eiai

272 5538 329 5594 δέ
372 5537 551 5616 ἕτεραι
595 5540 810 5595 ἐντολαῖ
858 5544 954 5595 τοῦ
1011 5541 1267 5614 Χριστοῦ,
1317 5538 1370 5591 αἱ
1421 5538 1603 5615 ἄφεσιν
1654 5536 1747 5610 μὲν
1795 5557 1926 5613 προ-

276 5630 538 5699 ξενοῦσαι,
572 5628 635 5683 ού
697 5630 803 5701 μὴν
856 5626 914 5683 δὲ
968 5629 1058 5682 καὶ
1106 5625 1451 5697 τελειότητος
1510 5626 1772 5695 ἀξιοῦσαι·
1809 5627 1922 5681 οἷον

350 5728 392 5763 ¹⁸
426 5727 598 5783 Hebr.
634 5745 673 5797 ι,
706 5728 759 5784 3.

2038 4655 2384 4721 orationem,
2435 4660 2697 4710 nostrum
2751 4654 3010 4724 ipsorum
3062 4649 3681 4714 abrenuntiationem;

2035 4749 2216 4815 utque
2246 4760 2477 4815 semper
2521 4746 2768 4798 mortem
2819 4758 2920 4813 pro
2966 4740 3068 4795 illo
3115 4739 3519 4796 sustinendam
3569 4755 3682 4807 prae

2033 4833 2219 4889 oculis
2250 4832 2593 4899 habeamus,
2618 4832 2674 4884 in
2704 4831 2835 4900 ejus
2858 4829 3080 4884 lumine
3101 4829 3226 4883 sine
3249 4826 3683 4881 intermissione

2034 4919 2403 4975 ambulemus
2436 4936 2541 4974 nos
2568 4919 2726 4973 omni
2755 4923 3022 4974 creatura
3052 4917 3351 4972 inferiores
3383 4916 3680 4969 existime-

2034 5024 2190 5075 mus,
2224 5013 2397 5077 atqns
2424 5008 2659 5062 assidue
2682 5006 2792 5077 ipsi
2824 5004 3244 5077 supplicamus.
3271 5004 3399 5058 Haec
3431 5019 3683 5072 namque

2033 5096 2233 5150 divina
2251 5095 2499 5165 jussa,si
2530 5094 2664 5166 quis
2686 5111 2818 5149 cum
2844 5094 2955 5149 fide
2984 5093 3379 5165 compleverit,
3405 5091 3499 5146 Dei
3524 5091 3681 5145 filius

2033 5183 2340 5247 efficietur,
2372 5183 2531 5239 ﬁlius
2573 5183 2745 5250 lueis,
2778 5183 2964 5238 haeres
3009 5182 3130 5248 Dei,
3181 5181 3433 5236 eohzeres
3484 5185 3676 5235 autem

2033 5272 2266 5337 Christi,
2301 5272 2620 5328 conformis
2652 5273 2894 5343 imagini
2927 5273 3075 5340 ejus,
3107 5276 3163 5325 et
3194 5268 3629 5339 eomplantatus
3665 5286 3677 5331 ;

2035 5365 2229 5431 atque,
2266 5366 2328 5414 ut
2360 5360 2561 5432 paucis
2592 5365 2648 5416 et
2678 5359 3021 5432 simpliciter
3053 5358 3335 5421 dicamus,
3370 5356 3682 5425 adoptione

2035 5450 2358 5505 secundum
2392 5449 2637 5522 gratiam
2680 5451 2846 5504 Deus.
2873 5450 3023 5503 Sunt
3052 5463 3221 5519 porro
3252 5445 3366 5500 alia
3398 5448 3682 5515 precepts

2034 5538 2272 5606 Christi,
2306 5556 2433 5610 qua:
2467 5537 2876 5593 remissionem
2922 5536 3156 5607 quidem
3190 5533 3526 5597 conciliant,
3560 5532 3677 5584 imo

2033 5643 2167 5684 vero
2199 5629 2269 5683 ad
2305 5629 2715 5700 perfectionem
2749 5643 2855 5681 nos
2886 5625 3216 5689 deducunt;
3242 5620 3413 5693 quale
3435 5625 3679 5691 est,con-
