4086 6214
355 335 507 398 “07

1546 343 1607 401 S.
1655 338 2178 402 ATHANASlUS.
2214 372 2290 380 —
2319 335 2631 400 SPUBIA.

3640 321 3810 381 1408

369 473 514 528 fiteri
535 491 602 530 ac
624 475 1004 545 pronuntiare
1027 477 1262 547 propria
1299 478 1556 546 peccata,
1582 491 1695 528 non
1736 473 2024 540 judicare,

2143 489 2203 522 το
2235 466 2532 540 ὁμολογειν
2586 464 2675 519 καὶ
2727 463 3061 539 ἐξαγορεύειν
3105 463 3171 516 τὰ
3201 461 3373 515 οἰκεῖα
3404 457 3802 530 ἁμαρτήματα,

377 581 491 619 non
525 581 651 619 sese
699 566 946 636 negotiis
996 565 1205 620 alienis
1255 565 1486 620 curiose
1533 565 1796 634 ingerere
1831 580 1842 616 :
1877 563 2022 616 elee-

377 669 680 724 mosynam
710 670 778 708 ex
810 653 1060 725 propriis
1094 653 1262 709 bonis
1310 669 1569 724 erogare,
1599 670 1726 722 quae
1757 651 2028 706 accidunt

377 741 566 796 tristia
596 758 874 813 generose
921 749 978 797 et
1023 760 1154 798 cum
1207 743 1529 814 gratiarum
1582 741 1806 796 actione
1855 741 2024 806 ferre,

377 831 637 885 confiteri
663 848 724 885 se
747 832 930 901 gratis
954 838 1128 902 atque
1146 849 1211 887 ex
1237 832 1423 904 gratia
1455 830 1699 884 salutem
1725 829 2025 900 consequi.

373 918 427 972 Si
461 920 654 989 itaque
688 923 873 990 prima
908 920 1005 973 illa
1038 937 1101 974 ac
1141 921 1230 974 Dei
1273 919 1489 974 auxilio
1531 919 1827 990 implenda
1862 935 2024 982 man,-

376 1009 511 1062 rlata
543 1009 674 1078 quis
723 1009 1139 1079 compleverit;
1185 1010 1318 1063 inde
1368 1008 1578 1080 accipit
1634 1007 2023 1062 arrhabonam

377 1097 565 1151 sancti
602 1097 898 1165 Spiritus;
934 1098 1022 1150 sin
1069 1115 1180 1151 non
1230 1097 1331 1150 illa
1381 1097 1613 1167 quidem
1649 1097 1902 1150 secunda
1937 1102 2023 1148 ta-

380 1202 509 1240 men
563 1191 831 1240 accurate
883 1191 1093 1252 servet,
1144 1192 1205 1239 ut
1254 1187 1606 1256 ﬂagitiorum
1655 1202 1895 1240 suorum
1931 1201 2025 1238 ve-

380 1276 534 1330 niam
560 1281 968 1345 consequatur.
1004 1275 1160 1337 Quod
1198 1276 1244 1328 si
1281 1275 1512 1345 utrique
1543 1272 2026 1338 labatur,inut.ilis

380 1381 518 1418 sane
547 1370 635 1418 est
667 1363 1002 1433 hujusmodi
1039 1364 1438 1431 bomo,miser,
1474 1369 1528 1418 et
1559 1363 1793 1417 infelix:
1824 1379 2026 1433 exspe-

377 1459 607 1523 ctetque
635 1460 894 1522 paratum
921 1452 1272 1524 supplicium
1299 1452 1528 1507 diabolo
1552 1457 1608 1506 et
1630 1451 1853 1523 angelis
1875 1454 2022 1522 ejus.

557 1543 728 1596 Disrrt
751 1544 824 1596 lio
857 1545 1070 1596 natura;
1097 1542 1182 1611 (ac
1212 1542 1559 1612 conditionis)
1599 1558 1844 1613 operum.

450 1630 701 1700 Operum
753 1629 865 1685 alia
916 1631 1144 1702 preprie
1197 1630 1367 1699 bona,
1407 1631 1520 1684 alia
1587 1630 1816 1701 preprie
1876 1629 2028 1684 mala

379 1724 537 1784 sunt,
562 1719 675 1774 alia
709 1721 935 1785 media;
964 1719 1192 1790 proprie
1225 1719 1372 1773 bona
1402 1720 2022 1792 sunt,prudentia,for-

2135 557 2196 609 τὸ
2231 557 2306 626 μή
2341 555 2653 626 κρίνειν,τὸ
2705 555 2778 625 μή
2834 551 3315 627 πολυπραγμονεῖν
3373 547 3440 600 τὰ
3497 541 3796 618 ἀλλότρια,

2135 644 2194 697 τὸ
2228 643 2397 698 ἐλεεῖν
2430 643 2488 696 ἐκ
2516 648 2622 696 τῶν
2659 641 3036 717 ὑπαρχόντων,
3065 641 3129 694 τὸ
3172 637 3347 713 φέρειν
3399 634 3663 710 γενναίως
3709 631 3804 686 καὶ

2139 734 2253 804 μετ’
2299 733 2641 809 εὐχαριστίας
2690 732 2760 786 τὰ
2808 729 3151 806 ἐπερχόμενα
3195 726 3436 800 λυπηρὰ,
3463 724 3527 778 τὸ
3574 721 3804 794 ὁμολο-

2200 827 2222 837 ..
2287 819 2310 837 μ
2589 821 2600 834 .
2697 821 2707 840 ,
2911 820 2921 840 ,
3304 816 3321 834 κ
3431 814 3453 832 ν
3557 812 3572 830 ς
3745 811 3758 828 ι

2135 842 2248 896 γειν
2283 823 2484 894 οωρεὰν
2517 842 2605 875 και
2638 840 2824 895 χαριτι
2857 820 3138 887 σώζεσθαι.
3172 816 3233 872 El
3266 835 3358 887 μεν
3391 835 3484 868 ουν
3513 833 3610 873 τας
3639 830 3800 886 πρω-

2134 931 2225 970 τας
2282 910 2370 964 καὶ
2431 909 2792 984 θεουργούσας
2854 907 3074 968 ἐντολάς
3129 927 3214 967 τις
3277 903 3577 979 ἐργάζεται,
3628 900 3802 953 ἀπεν-

2135 1001 2309 1054 τεῦθεν
2345 993 2610 1071 λαμϐάνει
2640 999 2730 1052 τὸν
2763 991 3052 1072 ἀρραϐῶνα
3078 998 3176 1049 τοῦ
3207 994 3360 1068 ἀγίου
3391 991 3733 1062 Πνεύματος·
3753 988 3798 1042 εἷ

2136 1085 2193 1142 δὲ
2228 1089 2327 1160 μὴ,
2357 1088 2453 1141 κᾶν
2495 1089 2589 1148 τάς
2641 1083 2890 1157 δευτέρας
2949 1085 3061 1157 μετ’
3096 1080 3409 1154 ἐπιμελείας
3461 1079 3800 1154 ἐργαζέσθω,

2136 1176 2286 1237 ὅπως
2311 1175 2456 1250 τύχῃ
2489 1183 2587 1244 τῆς
2616 1179 2725 1229 τῶν
2759 1171 3277 1246 πλημμεληθέντων
3309 1170 3455 1240 αὐτῷ
3487 1168 3800 1242 συγχωρή-

2137 1286 2293 1326 σεως.
2327 1265 2389 1318 Εἰ
2422 1261 2468 1317 δ’
2498 1263 2822 1341 ἀμφοτέρων
2882 1261 3098 1334 ἐκπέσῃ,
3133 1261 3353 1335 ἀχρεῖος
3409 1256 3569 1316 οὗτος
3628 1255 3795 1328 ἀνὴρ,

2134 1353 2222 1407 καί
2256 1352 2466 1422 ἅθλιος,
2499 1352 2589 1407 καί
2619 1350 2987 1426 ταλαίπωρος·
3023 1350 3110 1404 καὶ
3142 1345 3498 1424 προσδοκάτω
3528 1346 3627 1413 τὴν
3665 1344 3802 1397 ἀποο

2135 1443 2387 1515 κειμένην
2416 1440 2638 1496 κόλασιν
2663 1446 2741 1513 τῷ
2771 1435 3017 1511 διαϐόλῳ
3047 1436 3137 1492 καί
3164 1443 3282 1498 τοῖς
3315 1435 3570 1512 ἀγγέλοις
3602 1433 3796 1487 αὐτοῦ.

2369 1548 2644 1624 Διάκρισις
2673 1551 2770 1616 τῆς
2801 1551 2910 1602 τῶν
2939 1547 3274 1622 πραγμάτων
3308 1542 3539 1621 φύσεως.

2203 1643 2318 1692 Τῶν
2370 1638 2706 1713 πραγμάτων
2748 1635 2814 1690 τὰ
2866 1636 2960 1708 μὲν
3012 1634 3112 1688 εἶσι
3157 1632 3359 1708 κυρίως
3412 1630 3577 1700 καλὰ,
3619 1631 3690 1683 τὶ
3741 1627 3798 1682 δὲ

2134 1727 2337 1804 κυρίως
2383 1726 2540 1797 κακὰ,
2569 1725 2636 1779 τὰ
2668 1722 2724 1779 δὲ
2760 1725 2914 1798 μέσα·
2948 1723 3037 1777 καὶ
3068 1721 3270 1796 κυρίως
3324 1721 3416 1794 μὶν
3459 1717 3622 1788 καλὰ,
3659 1717 3793 1794 φρό-

382 1809 586 1875 titudo,
644 1811 1049 1878 temperantia,
1099 1807 1370 1878 justitia;
1404 1811 1633 1880 proprie
1678 1809 1831 1864 mala
1873 1809 2021 1864 insi-

2141 1837 2307 1886 νησις,
2375 1812 2612 1889 ἀνδρεία,
2663 1812 3008 1890 σωφροσύνη,
3060 1808 3395 1878 δικαιοσύνη·
3457 1807 3663 1882 κυρίως
3735 1804 3793 1859 δὲ

382 1898 619 1969 pientis,
665 1897 915 1968 ignavia,
951 1897 1420 1968 intemperantia,
1453 1899 1766 1968 injustitia.
1811 1899 2016 1964 Media,

381 1987 612 2050 divitias,
671 1992 1001 2056 paupertas,
1052 1985 1256 2056 gloria,
1291 1987 1552 2053 infamia,
1586 1988 1828 2054 sanitas,
1865 2005 2018 2043 mor-

382 2077 490 2132 bus
541 2077 789 2130 eruditio
840 2074 1042 2140 multa,
1094 2075 1442 2146 ignorantia.
1494 2077 1680 2131 Media
1725 2094 1895 2148 porro
1941 2078 2023 2131 di-

379 2174 604 2232 centur,
637 2164 775 2236 quia
805 2183 907 2237 per
936 2182 1017 2234 se,
1057 2181 1159 2219 nec
1192 2166 1422 2236 proprie
1455 2167 1626 2237 bona,
1661 2184 1760 2223 nec
1793 2167 2023 2239 proprie

382 2255 535 2311 mala
565 2260 706 2311 sunt
741 2271 752 2309 :
786 2255 886 2310 sed
916 2255 1236 2311 secundum
1273 2273 1445 2311 usum
1479 2256 1549 2311 iis
1583 2261 1896 2323 utentium,
1924 2261 2024 2311 aut

383 2345 490 2399 hoe
522 2349 623 2400 aut
651 2344 809 2398 aliud
842 2345 1110 2400 evadunt.
1148 2345 1231 2400 Ita
1259 2345 1419 2400 dives
1451 2347 1550 2417 qui
1601 2345 1817 2417 probus
1859 2347 1932 2401 sit
1964 2346 2023 2400 in

383 2432 780 2500 eleemosynas
804 2432 1251 2504 bonaimpendil
1276 2451 1288 2500 ;
1313 2435 1410 2504 qui
1437 2433 1627 2489 malus
1659 2435 1728 2489 ad
1761 2435 2025 2507 volupta-

388 2528 475 2577 tes
507 2521 579 2576 iis
613 2521 814 2576 utitur.
848 2521 1130 2578 Similiter
1159 2525 1548 2595 paupertas,si
1584 2525 1735 2579 bona
1760 2525 1856 2591 sit,
1890 2524 2027 2580 tole-

389 2608 663 2676 rantiam,
709 2609 1036 2679 gratiarum
1084 2611 1371 2666 actionem
1429 2617 1484 2667 et
1538 2612 1868 2669 libertatem
1920 2631 2026 2670 nos

388 2697 590 2763 docet;
624 2698 673 2752 si
723 2697 900 2764 mala,
950 2699 1397 2770 blasphemiam,
1446 2701 1915 2769 illiberalitatem,
1959 2721 2028 2759 ex

385 2804 450 2842 eo
481 2787 633 2857 quod
672 2804 783 2842 non
809 2786 1120 2843 toleranter
1137 2805 1401 2860 agamus,
1425 2798 1683 2862 generat.
1715 2792 2026 2848 Bonaitem

385 2876 571 2947 gloria
599 2881 705 2940 est,
741 2893 872 2930 cum
900 2894 1003 2932 nos
1035 2877 1428 2934 humilitatem
1478 2881 1701 2948 edocet,
1722 2886 1779 2936 et
1825 2886 2027 2936 futurae

387 2963 580 3036 gloriae
612 2965 971 3020 desiderium
997 2966 1244 3038 ingerit:
1279 2967 1434 3023 mala
1465 2975 1658 3024 autem
1691 2987 1824 3026 eum
1857 2971 2031 3026 servi-

390 3052 501 3108 lem
527 3056 788 3108 animum
817 3055 1074 3122 inducit;
1108 3063 1277 3125 atque
1306 3059 1513 3114 suadet
1543 3065 1606 3114 ut
1627 3076 1692 3114 ex
1725 3059 2026 3115 hominum

388 3143 596 3197 timore
628 3143 823 3197 omnia
854 3148 1122 3214 agantur.
1156 3145 1436 3200 Similiter
1485 3147 1636 3202 bona
1668 3154 1754 3203 est
1783 3150 2027 3216 sanitas,

390 3247 525 3285 cum
556 3247 623 3286 ea
656 3231 879 3286 utimur
904 3237 963 3286 ut
993 3232 1106 3288 Deo
1139 3233 1493 3305 placeamus,
1514 3242 1569 3290 et
1601 3238 1874 3293 mandata
1901 3239 2030 3309 ejus

389 3335 734 3390 operemur;
769 3320 925 3374 mala
973 3326 1190 3388 autem,
1224 3339 1356 3378 cum
1397 3341 1464 3379 ea
1514 3325 1585 3380 ad
1635 3325 2031 3398 intemperan-

389 3410 527 3464 tiam
561 3413 617 3464 et
644 3408 999 3479 injustitiam
1033 3410 1272 3466 utimur.
1309 3415 1444 3468 [tem
1502 3416 1765 3483 morbus,
1811 3417 1859 3471 si
1904 3435 2032 3488 gra-

387 3498 498 3553 tias
531 3515 797 3569 agamus,
830 3516 1013 3570 eoque
1041 3501 1208 3572 quasi
1243 3502 1508 3572 adjutore
1557 3510 1810 3572 utamur,
1845 3507 2035 3563 bonus

385 3593 510 3654 est;
537 3587 748 3658 malus,
782 3587 830 3644 si
865 3588 1090 3661 ingrato
1123 3589 1311 3646 simus
1333 3592 1548 3660 animo,
1577 3599 1752 3665 atque
1783 3596 1853 3650 ad
1887 3596 2036 3652 blas-

392 3677 679 3749 phemiam
706 3682 761 3731 et
787 3677 931 3732 iram
965 3695 1072 3733 nos
1103 3678 1197 3734 ille
1230 3681 1677 3750 prcvocet.Bona
1711 3685 1926 3754 pariter
1945 3691 2036 3743 est

391 3765 577 3821 multa
605 3767 877 3834 eruditio,
907 3783 1040 3822 cum
1072 3784 1139 3823 ea
1169 3768 1239 3823 ad
1263 3769 1675 3838 docendum,et
1703 3773 1771 3827 ad
1796 3790 2031 3830 causam

391 3855 1035 3927 injuriaoppressorum
1053 3857 1359 3914 dicendam
1381 3859 1630 3926 utimur;
1651 3861 2032 3931 malaautem,

392 3961 523 3998 cum
576 3948 642 3998 ad
688 3961 894 3998 vanam
937 3944 1207 4016 gloriam,
1257 3952 1312 4002 et
1362 3947 1586 4019 injuriae
1619 3950 2030 4020 patrocinium.

392 4033 550 4088 Bona
581 4033 755 4088 etiam
793 4034 1123 4104 ignorantia
1152 4040 1258 4102 est,
1292 4053 1426 4091 cum
1460 4037 1514 4092 id
1548 4038 1725 4094 efﬁcit
1759 4044 1820 4094 ut
1850 4040 2036 4097 doctis

393 4121 877 4191 subjiciamur,ab
904 4123 1092 4194 iisque
1117 4123 1427 4180 utilitatem
1455 4127 1846 4198 accipiamus;
1884 4130 2037 4185 mala

394 4223 585 4265 autem
619 4228 752 4266 cum
786 4212 954 4266 nobis
980 4213 1232 4269 suaserit
1266 4220 1327 4268 ut
1351 4216 1404 4269 in
1429 4217 1663 4288 prepria
1694 4218 2036 4274 incedamus

393 4300 761 4372 ignorantia;
793 4317 894 4356 nec
928 4301 1096 4357 nobis
1123 4304 1551 4373 praestantiores
1581 4323 1914 4376 sequamur.
1947 4309 2036 4363 Si-

393 4389 518 4444 mili
542 4391 696 4447 520
730 4391 899 4444 modo
930 4407 990 4445 se
1042 4390 1255 4447 habent
1284 4392 1511 4464 reliqua
1541 4395 1756 4463 omnia,
1790 4395 2034 4466 scilicet,

393 4479 692 4546 nobilitas,
717 4479 1070 4551 ignobilitas,
1099 4481 1340 4552 pulchra
1363 4483 1547 4537 forma
1577 4500 1641 4539 ac
1674 4484 2032 4558 deformitas,

2128 1906 2285 1976 κακὰ,
2345 1903 2642 1983 ἀφροσύνη,
2701 1899 2900 1969 δειλία,
2934 1899 3222 1968 ἀκολασία,
3273 1895 3474 1953 ἀδικία·
3513 1897 3650 1968 μέσα
3712 1893 3794 1960 δὲ,

2129 1994 2388 2064 πλοῦτος,
2420 1992 2592 2060 πενία,
2625 1989 2772 2062 δόξα,
2805 1988 3014 2061 ἀδοξία,
3065 1987 3265 2064 ὑγίεια,
3315 1986 3494 2056 νόσος,
3525 1983 3793 2056 πολυμα-

2133 2084 2241 2152 θία,
2300 2083 2521 2156 ἀμαθία.
2584 2081 2734 2137 Μὲσα
2792 2077 2849 2135 δὲ
2907 2077 3155 2156 λέγονται
3215 2075 3305 2132 διὰ
3350 2076 3412 2130 τὸ
3459 2075 3580 2138 καθ’
3630 2075 3794 2128 ἑαυτὰ

2137 2174 2275 2246 μήτε
2328 2169 2529 2247 κυρίως
2590 2168 2733 2224 καλά
2792 2169 2948 2238 εἶναι,
2984 2170 3124 2241 μήτε
3180 2164 3382 2242 κυρίως
3427 2165 3584 2219 κακά·
3646 2162 3792 2218 ἀλλὰ

2133 2262 2278 2337 παρά
2323 2259 2391 2330 τῇ
2439 2260 2634 2334 χρήσει
2683 2262 2790 2312 τῶν
2843 2257 3148 2333 χρωμένων
3175 2257 3210 2324 ἣ
3244 2257 3406 2309 τοῦτο
3434 2254 3468 2321 ἢ
3493 2251 3676 2306 ἐκεῖνο
3707 2273 3790 2325 γι-

2131 2350 2349 2423 νόμενα·
2385 2351 2499 2402 οἷον
2533 2348 2562 2401 ὁ
2593 2345 2831 2410 πλοῦτος
2861 2345 3030 2407 καλὸς
3065 2344 3158 2418 μὲν
3192 2342 3270 2405 είς
3300 2341 3680 2414 ἐλεημοσύνην
3716 2337 3792 2394 δι-

2137 2437 2388 2512 δόμενος,
2419 2437 2580 2498 κακὸς
2629 2433 2686 2491 δὲ
2741 2436 2887 2510 πρὸς.
2928 2431 3128 2504 ἡδονᾶς
3159 2429 3567 2504 δαπανώμενος.
3603 2429 3789 2482 Ὡσαύ-

2136 2549 2241 2590 τως
2272 2527 2361 2582 καὶ
2391 2527 2425 2597 ἠ
2459 2525 2612 2580 πενία
2640 2522 2784 2593 καλή
2834 2525 2928 2597 μὶν
2957 2521 3262 2598 καρτερίαν,
3294 2519 3381 2574 καὶ
3416 2518 3787 2595 εὐχαριστίαν,

2134 2619 2222 2672 καὶ
2272 2613 2574 2690 ἐλευθερίαν
2623 2615 2772 2686 ἡμᾶς
2822 2610 3162 2668 διδάσκουσα·
3213 2615 3352 2678 κακή
3416 2606 3473 2663 δὲ
3525 2607 3780 2684 βλασφη-

2138 2707 2282 2780 μίαν,
2331 2705 2420 2760 καὶ
2474 2702 2839 2777 ἀνελευθερίαν
2898 2701 2957 2756 ὲκ
3010 2705 3106 2756 τοῦ
3165 2701 3240 2772 μή
3297 2702 3574 2774 καρτερεῖν
3629 2699 3779 2768 ἡμᾶς

2135 2796 2516 2852 ἀποτίκτουσα.
2547 2792 2698 2862 Καλὴ
2749 2790 2805 2847 δὲ
2846 2791 2932 2846 καὶ
2965 2792 2998 2860 ἠ
3045 2787 3192 2861 δόξα,
3241 2788 3366 2844 ὅταν
3421 2807 3781 2862 ταπεινοφροο

2139 2885 2299 2955 σύνην
2329 2886 2476 2957 ἡμᾶς
2504 2879 2808 2956 ἐκδιδάσκῃ,
2840 2881 2929 2936 καὶ
2976 2887 3076 2949 τῆς
3125 2877 3439 2952 μελλούσης
3490 2873 3652 2946 δόξης
3696 2871 3786 2951 ἔφ-

2138 2994 2267 3030 εσιν·
2299 2974 2439 3042 κακή
2471 2970 2550 3038 δὲ,
2581 2971 2704 3027 ὅταν
2740 2968 3190 3044 δουλοπρέπειαν,
3222 2967 3313 3021 καὶ
3345 2963 3435 3020 διὰ
3466 2960 3637 3044 φόϐον
3688 2966 3783 3019 ἇν-

2139 3066 2406 3140 θρώπινον
2441 3063 2612 3116 πάντα
2641 3065 2815 3115 ποιεῖν
2850 3058 3133 3132 ἀναπείθῃ.
3163 3056 3433 3117 Ὡσαύτως
3483 3053 3628 3123 καλή
3686 3054 3780 3126 μὶν

2137 3154 2226 3208 καὶ
2257 3152 2449 3228 ὑγίεια,
2479 3150 2601 3205 ὅταν
2655 3149 2730 3211 εἷς
2781 3147 3124 3225 εύαρὲστησιν
3173 3150 3270 3200 τοῦ
3319 3149 3453 3199 Θεοῦ
3483 3145 3572 3198 καὶ
3625 3143 3784 3218 ἐργα-

2141 3243 2255 3298 σίαν
2288 3246 2394 3296 τῶν
2428 3240 2592 3296 αὐτοῦ
2623 3237 2856 3293 ἐντολῶν
2889 3237 3173 3314 χρώμεθα·
3207 3235 3346 3303 κακὴ
3381 3231 3460 3301 δὲ,
3492 3231 3617 3288 ὅταν
3651 3233 3786 3308 πρὸς

2144 3329 2432 3386 ἀκολασίαν
2491 3329 2581 3383 καὶ
2642 3324 2876 3383 ἀδικίαν.
2925 3325 3161 3398 Ὁμοίως
3217 3323 3305 3378 καὶ
3359 3323 3393 3392 ἠ
3444 3320 3626 3391 νόσος,
3669 3321 3790 3375 ὅταν

2143 3419 2550 3495 εύχαριστῶμεν
2608 3415 2697 3471 καὶ
2749 3416 2985 3491 συνεργῷ
3039 3413 3206 3487 ταύτῃ
3276 3413 3563 3487 χρώμεθα,
3623 3408 3788 3478 καλή·

2142 3510 2280 3577 κακὴ
2315 3505 2391 3579 δὲ,
2425 3505 2548 3561 ὅταν
2599 3506 2733 3580 πρὸς
2783 3501 3126 3580 ἀχαριστίαν,
3157 3501 3247 3556 καὶ
3301 3497 3672 3576 βλασφημίαν,
3705 3497 3793 3550 καὶ

2147 3595 2315 3671 ὀργὴν
2351 3597 2501 3667 ἡμᾶς
2531 3591 2844 3666 συνελαύνῃ.
2881 3589 3032 3659 Καλή
3073 3589 3162 3644 καὶ
3214 3589 3247 3658 ἡ
3297 3585 3634 3659 πολυμαθία,
3668 3583 3791 3639 ὅταν

2143 3687 2277 3762 πρὸς
2337 3681 2683 3739 διδασκαλίαν
2737 3681 2826 3736 καὶ
2888 3682 3141 3757 βοήθειαν
3215 3682 3332 3738 τοῖς
3413 3674 3794 3762 ἀδικουμένοις

2141 3761 2308 3849 ταύτῃ
2355 3773 2639 3849 χρώμεθα·
2687 3771 2824 3838 κακή
2877 3766 2953 3840 δὲ,
2989 3768 3112 3822 ὅταν
3163 3767 3299 3840 πρὸς
3341 3761 3673 3836 κενοδοξίαν,
3702 3764 3794 3817 καὶ

2145 3862 2467 3939 συνηγορίαν
2494 3869 2596 3931 τῆς
2639 3858 2868 3921 ἀδικίας.
2919 3855 3072 3926 Καλή
3121 3856 3210 3910 καὶ
3257 3854 3480 3927 ἀμαθία,
3513 3853 3641 3908 ὅταν
3693 3873 3795 3906 πα-

2147 3952 2444 4029 ρασκευάζῃ
2490 3951 2636 4023 ἡμᾶς
2687 3947 3078 4010 ὑποτάσσεσθαι
3132 3950 3253 4006 τοῖς
3304 3941 3494 4014 εἰδόσι,
3546 3942 3637 3996 καὶ
3688 3961 3796 4015 παρ

2144 4027 2318 4098 αὐτῶν
2397 4039 2705 4115 πορίζεσθαι
2773 4037 2872 4106 τὴν
2951 4033 3247 4112 ὠφέλειαν·
3309 4033 3449 4100 κακῆ
3511 4027 3604 4096 δὲ,
3665 4030 3792 4084 ὅταν

2145 4130 2301 4201 πείθῃ
2330 4131 2476 4202 ἡμᾶς
2522 4131 2592 4201 τῇ
2642 4125 2815 4197 οἰκείᾳ
2858 4129 3096 4200 στοιχεῖν
3157 4122 3379 4195 ἀμαθίᾳ,
3409 4121 3498 4176 καὶ
3552 4121 3630 4192 μή
3677 4125 3797 4181 τοῖς

2145 4219 2439 4291 κρείττοσιν
2510 4211 2745 4278 ἔπεσθαι·
2797 4212 3067 4274 Ὡσαύτως
3115 4210 3203 4265 καί
3247 4211 3314 4264 τὰ
3362 4208 3533 4264 λοιπά
3597 4210 3794 4277 πάντα,

2146 4309 2258 4362 οἷον
2313 4304 2547 4381 εὐγένεια
2593 4303 2682 4358 καὶ
2734 4300 3026 4379 δυσγένεια,
3060 4297 3330 4376 εὐμορφία
3384 4298 3472 4353 καὶ
3530 4297 3796 4374 ἀμορφία,

2144 4395 2487 4475 καλλιφωνία
2533 4393 2620 4450 καὶ
2673 4394 3005 4466 κακοφωνία,
3038 4389 3199 4466 ἰσχὺς
3246 4388 3334 4444 καὶ
3386 4385 3671 4460 ἀδυναμία,
3701 4407 3794 4441 τα-

2147 4487 2320 4561 χύτης
2375 4485 2463 4540 καὶ
2525 4481 3018 4560 βραδύτης.τὲχνη
3077 4479 3167 4534 καὶ
3226 4477 3465 4554 ἀτεχνία,
3512 4477 3603 4532 καὶ
3664 4478 3800 4550 πρὸς

393 4568 658 4624 celeritas
687 4574 743 4623 et
765 4568 1130 4638 tarditas,ars
1151 4576 1208 4623 et
1229 4571 1371 4627 artis
1405 4571 2029 4642 imperitia,dexteritas

2147 4558 2420 4636 διακονίας
2480 4558 2858 4642 ἐπιτηδειότης
2927 4568 3017 4622 καὶ
3095 4564 3560 4636 ἀνεπιτηδειότης.
3619 4570 3798 4621 Ταῦτα

394 4659 449 4712 in
487 4658 876 4713 ministrando
906 4663 963 4713 et
1008 4657 1363 4717 inhabilitas.
1397 4661 1526 4716 Haec
1581 4662 1798 4731 omnia,
1835 4669 1896 4718 ut
1942 4665 2030 4719 di-

395 4755 556 4804 ctum
588 4753 694 4812 est,
719 4748 774 4801 in
811 4749 1001 4802 medio
1024 4750 1386 4816 consistunt;
1423 4757 1485 4804 ut
1516 4751 1614 4821 qui
1648 4750 1720 4806 iis
1743 4757 1896 4808 recte
1921 4759 2040 4809 uta-

395 4845 452 4894 tu
463 4837 658 4906 r,nihil
679 4838 1001 4893 laedaturab
1017 4837 1182 4909 ipsis,
1197 4844 1441 4909 quemad
1453 4843 1576 4897 mod
1589 4861 1672 4897 um
1690 4843 2033 4900 beatusJob.

396 4928 650 4998 Utroque
672 4926 826 4982 enim
855 4928 1024 4982 modo
1041 4929 1406 4998 exercitatus,
1433 4931 1745 5002 praeclarus
1770 4949 2036 5005 compro-

397 5019 567 5071 batus
598 5023 687 5071 est
715 5022 890 5087 atque
924 5017 1414 5090 inexpugnabilis,
1440 5039 1503 5076 ac
1539 5022 1595 5077 in
1626 5021 1897 5077 omnibus
1921 5022 2036 5077 Deo

393 5105 632 5177 placuit.
650 5106 772 5161 Non
799 5106 998 5162 decent
1023 5106 1215 5178 itaque
1237 5110 1412 5165 rebus
1438 5111 1580 5181 ipsis
1604 5111 1836 5182 culpam
1865 5111 2038 5167 ascri-

391 5196 571 5251 bere:
609 5195 750 5250 nihil
783 5195 937 5251 enim
971 5214 1172 5252 eorum
1204 5216 1332 5270 qua:
1363 5217 1396 5253 a
1427 5199 1540 5254 Deo
1572 5202 1708 5254 data
1739 5203 1897 5270 sunt,
1916 5218 2034 5255 ma-

393 5287 554 5352 lum;
590 5287 688 5341 sed
724 5287 778 5340 id
815 5287 1029 5342 habent
1061 5305 1128 5342 ex
1160 5289 1399 5344 seducta
1434 5295 1630 5344 nostra
1661 5294 1835 5360 atque
1861 5306 2036 5360 spon-

393 5383 563 5432 tanea
594 5395 760 5432 serva
792 5377 1106 5444 voluntate,
1142 5381 1316 5448 atque
1364 5394 1427 5431 ex
1480 5378 1687 5432 animas
1737 5377 1891 5433 circa
1939 5394 2037 5434 eas

395 5483 486 5521 res
510 5466 734 5536 judicio
765 5466 834 5521 ad
870 5466 1170 5520 libidinem
1205 5482 1371 5520 suam
1403 5464 1750 5521 latozlibere
1783 5483 2038 5538 namque

395 5553 492 5610 illa
523 5555 581 5610 in
614 5555 892 5610 harumce
925 5571 1116 5609 rerum
1149 5571 1256 5609 usu
1291 5553 1510 5608 labitur
1541 5571 1608 5609 ex
1641 5555 1873 5626 propria
1904 5554 2037 5610 libi-

392 5645 692 5710 dine,dum
717 5643 817 5699 Dei
849 5643 1205 5701 voluntatem
1228 5645 1473 5716 ejusque
1497 5659 1739 5716 regnum
1770 5644 2035 5716 despicit.

460 5755 539 5828 (a)
571 5755 719 5828 Lege
745 5771 1171 5830 καταφρονουσα.
1204 5754 1361 5810 Enrr.
1395 5757 1636 5809 PATROL.

2141 4666 2334 4733 πάντα,
2383 4664 2457 4725 ὡς
2511 4661 2741 4736 εἶ’ρηται,
2799 4664 2906 4714 τῶν
2953 4654 3128 4731 μέσων
3190 4655 3311 4711 εἶσί·
3369 4655 3456 4710 καὶ
3515 4656 3543 4710 ὁ
3601 4654 3790 4712 καλῶς

2145 4754 2358 4815 τούτοις
2391 4752 2678 4828 χρώμενος
2710 4746 2865 4804 οὐδὲν
2898 4747 3043 4822 παρά
3069 4745 3274 4801 τούτων
3321 4739 3680 4819 βλαϐήσεται,
3719 4746 3794 4807 ὡς

2147 4844 2174 4898 ὁ
2210 4842 2471 4917 μακάριος
2518 4834 2662 4897 Ἰώϐ.
2715 4837 2807 4900 Εἷς
2855 4833 3132 4914 ἀμφότερα
3179 4833 3280 4909 γὰρ
3332 4831 3645 4906 ἐξετασθείς,
3709 4833 3796 4888 εύ-

2148 4930 2376 5003 δόκιμος
2426 4929 2656 4998 ἀνεφάνη
2708 4927 2797 4981 καὶ
2849 4921 3420 5000 ἀκαταγώνιστος,καὶ
3479 4919 3568 4976 δια
3625 4925 3801 4977 πάντα

2147 5018 2474 5093 εὐηρέστησε
2502 5021 2581 5088 τῷ
2612 5019 2748 5088 Θεῷ.
2780 5016 2939 5068 ’Ώστε
2991 5011 3053 5066 ού
3113 5008 3195 5066 δεῖ
3247 5011 3311 5064 τὰ
3363 5009 3656 5085 πράγματα
3715 5010 3795 5064 a7-

2146 5114 2379 5170 τιᾶσθαι·
2417 5103 2568 5160 ούδὶν
2629 5103 2731 5179 γὰρ
2787 5107 2894 5158 τῶν
2955 5101 3101 5176 πυρὰ
3145 5104 3278 5156 Θεοῦ
3310 5096 3574 5162 δοθέντων
3607 5101 3798 5168 κακὸν,

2150 5193 2292 5250 ἀλλά
2347 5194 2491 5270 παρά
2542 5194 2642 5261 τὴν
2696 5189 3037 5269 ἐσφαλμένην
3085 5189 3243 5262 ἡμῶν
3293 5187 3383 5242 καὶ
3438 5185 3800 5242 ἐθελόδουλον

2147 5285 2480 5361 προαίρεσιν,
2511 5283 2599 5338 καὶ
2630 5283 2727 5352 τὴν
2777 5275 3240 5346 ἔθελοελέπουσαν
3292 5278 3414 5352 περὶ
3473 5282 3640 5332 ταῦτα
3695 5285 3795 5346 τῆς

2147 5379 2333 5450 ψυχῆς
2359 5375 2517 5447 ἡμῶν
2552 5370 2840 5448 διάκρισιν,
2863 5371 2983 5440 ἥτις
3015 5367 3368 5440 αὐτεξουσίως
3400 5367 3540 5442 πρὸς
3569 5369 3668 5435 τὴν
3704 5389 3803 5422 πα.

2149 5464 2416 5542 ράχρησιν
2460 5461 2666 5518 τούτων
2717 5458 3063 5531 ὶξολισθαίνει
3113 5458 3165 5529 ἐξ
3213 5456 3415 5518 οίκείας
3444 5454 3798 5533 φιληδονίας,

2147 5555 2366 5622 καὶτῆς
2392 5557 2488 5608 τοῦ
2521 5555 2655 5607 Θεοῦ
2683 5549 2772 5606 καὶ
2819 5550 2920 5619 τῆς
2968 5548 3132 5604 αὐτοῦ
3193 5545 3469 5623 βασιλείας
3526 5567 3800 5624 καταφρο-

2149 5648 2254 5699 νῶν
2287 5644 2387 5716 (a).
