4086 6214
236 347 396 411 1409

1004 334 1270 402 SEHMO
1314 337 1468 398 PRO
1510 333 1610 396 IIS
1655 333 1787 404 QUI
1833 330 2161 394 ΒΑΗ)οω
2209 273 2848 392 RENUN’I‘IAItUl‘iT.

3486 334 3644 394 1410

1774 623 2115 681 ΜΟΝΙἸἫΜ

303 778 411 833 Hoc
438 777 570 832 item
598 773 917 844 opusculum
950 770 1118 824 Roma
1144 765 1301 821 nobis
1324 765 1554 819 missum
1582 770 1682 827 est,
1711 759 1780 816 de
1805 775 1909 832 quo
1937 758 2056 816 haec
2077 762 2227 814 notat
2270 758 2371 830 gui
2406 760 2722 829 exscripsit.
2778 758 2916 816 Mss.
2969 763 3148 818 codex
3193 763 3422 819 Graecus
3472 782 3638 822 num.

228 866 359 935 658,
395 863 878 919 membranaceus
908 864 964 914 et
992 857 1174 920 in-12,
1216 853 1466 925 eleganti
1498 866 1675 906 manu
1715 854 2006 915 exaratos,
2041 848 2270 903 videtur
2308 846 2519 903 habere
2547 864 2679 903 cccc
2710 865 2894 905 annos
2926 854 2982 904 et
3014 857 3101 905 est
3129 850 3491 909 bibliothecae
3523 854 3636 910 Va-

232 955 465 1011 ticanaa.
499 953 653 1008 Inler
682 949 794 1005 alia
823 947 1103 1011 continet,
1139 963 1196 1017 p.
1232 943 1354 1012 130,
1386 943 1729 1013 sequentem
1759 940 2073 993 tractatum
2123 935 2473 992 attributum
2522 942 2724 992 sancto
2766 937 3103 995 Athanasio.
3132 943 3197 996 Αι
3224 945 3303 997 est
3331 944 3514 1013 ignoli
3541 960 3641 1000 cu-

233 1042 453 1102 iusdam
486 1044 540 1096 et
572 1040 874 1095 Athanasio
902 1037 1060 1107 longe
1089 1033 1371 1104 inferiori:
1399 1030 1694 1103 scriptoris
1720 1043 1875 1100 opus,
1908 1032 1970 1083 ut
1995 1028 2177 1100 primo
2204 1036 2423 1098 aspectu
2448 1025 2683 1082 advertat
2716 1026 2960 1083 eruditus
2991 1028 3174 1085 lector.

926 1320 1058 1376 ΤΟΥ
1093 1319 1181 1375 EN
1224 1317 1456 1374 ΔΓΙΟΙΣ
1498 1314 1769 1372 ΠΑΤΡΟΣ
1808 1312 2002 1369 ΗΜΩΝ
2036 1312 2432 1367 ΑΩΑΝΑΣΙΟΥ
2468 1314 2599 1367 ΤΟΥ
2636 1313 2962 1367 ΜΒΓΑΛΟΥ

1432 1447 1869 1506 ΠΑΤΡΙΑΡΧΟΥ
1906 1447 2443 1502 ΑΛΕΞΑΝΔΡΕΙΑΣ

516 1588 690 1665 Λόγος
722 1584 1072 1665 διακριτικὸς,
1105 1584 1194 1641 καὶ
1223 1584 1297 1647 είς
1323 1586 1419 1646 τὰς
1450 1581 1667 1643 ἐντολὰς
1695 1584 1793 1636 τοῦ
1822 1582 1958 1635 Θεοῦ
1985 1584 2100 1640 τοῖς
2132 1578 2558 1652 ἁποταξαμένοις
2587 1578 2676 1633 καὶ
2705 1582 2947 1651 σωθῆναι
2978 1582 3325 1657 θελουμὲνοις

1222 1870 1455 1929 SANCTI
1494 1867 1741 1926 PATRIS
1776 1866 2012 1924 NOSTRI
2049 1866 2405 1923 ATHANASII
2438 1866 2647 1924 MAGNI

1460 2000 1928 2059 PATRIARCHE
1962 1999 2443 2056 ALEXANDRIZE

311 2146 504 2203 Sermo
551 2143 898 2200 discretionis
936 2141 1134 2215 plenus
1180 2140 1242 2195 in
1287 2139 1386 2195 Dei
1427 2135 1712 2205 mandata,
1757 2134 2112 2261 ρνουέἰῗαὲιιιί
2157 2134 2356 2191 saeculo
2400 2137 2803 2191 renuntiarunt
2839 2145 2889 2193 et
2928 2142 3027 2208 qui
3061 2142 3297 2200 salutem
3325 2151 3580 2222 consequi

314 2548 368 2603 1.
401 2540 747 2619 Ἀγαπητοὶ,
796 2538 1170 2617 φροντίσωμεν
1226 2543 1326 2608 τῆς
1380 2532 1651 2611 σωτηρίας
1705 2534 1892 2619 ἠμῷν,

2081 2532 2130 2586 1.
2167 2530 2387 2601 Dilecti,
2419 2533 2491 2588 de
2520 2532 2710 2590 salute
2740 2539 2940 2591 nostra
2985 2537 3440 2601 sollicitudinem
3484 2564 3649 2619 gera-

235 2634 325 2690 ὅτι
357 2634 388 2688 ὁ
418 2618 603 2706 καιρὸς
653 2627 1081 2702 συνεσταλμένος
1131 2624 1244 2682 ἐστὶ
1292 2622 1510 2680 λοιπόν
1559 2620 1651 2677 καὶ
1700 2619 1764 2675 οὐ
1811 2618 1900 2675 δύο

234 2721 396 2778 ναταί
426 2739 509 2781 τις
555 2716 836 2794 φροντίσαι
885 2723 988 2786 τῆς
1018 2715 1210 2771 ἑαυτοῦ
1240 2716 1447 2788 ψυχῆς,
1476 2708 1581 2773 ἓως
1631 2710 1695 2766 οὗ
1733 2729 1897 2788 φρον-

237 2813 382 2881 τίζει
428 2808 496 2865 τὰ
540 2811 640 2864 τοῖ’)
687 2807 970 2880 σώματος.
1018 2806 1222 2879 ’Ὠσπερ
1268 2801 1373 2877 γὰρ
1431 2799 1495 2856 οὗ
1552 2795 1772 2855 δύναταί
1817 2817 1900 2860 τις

243 2899 542 2974 προσέχειν
591 2895 643 2951 ἐν
695 2895 770 2951 ἑνὶ
825 2893 1097 2973 ὀφθαλμῷ
1140 2891 1216 2954 είς
1260 2890 1354 2946 τὸν
1400 2889 1622 2965 οὐρανὸν
1648 2932 1663 2959 ,
1710 2885 1799 2943 καί
1847 2886 1899 2942 ἰν

247 2987 334 3043 avt
365 2985 453 3041 ἐπὶ
481 2985 582 3053 τήν
612 2990 734 3059 γῆν’
766 2981 938 3044 οὕτως
968 2980 1031 3036 οὗ
1061 2977 1275 3035 δύναται
1308 2976 1591 3053 ἄνθρωπος
1623 2975 1903 3055 φροντίσαι

246 3077 321 3132 τὰ
347 3078 447 3130 τοῦ
476 3077 612 3129 Θεοῦ
638 3071 730 3128 καὶ
757 3071 826 3127 τὰ
866 3075 963 3127 τοῦ
1010 3069 1290 3142 σώματος.
1320 3070 1524 3142 Ὥσπερ
1570 3064 1634 3120 οὗ
1686 3062 1903 3120 δύναται

254 3163 417 3238 πηγή
445 3161 505 3216 ἐκ
529 3168 631 3231 τῆς
685 3160 853 3229 αὐτῆς
903 3157 1043 3229 ὀπῆς
1094 3157 1378 3233 ἰξενεγκεῖν
1423 3153 1571 3228 ὕδωρ
1612 3150 1785 3231 γλυκὺ
1813 3153 1904 3207 καὶ

246 3251 470 3327 πικρὸν,
503 3248 676 3311 οὕτως
706 3248 770 3302 ού
801 3244 1019 3302 δύναται
1052 3247 1335 3322 ἅνθρωπος
1364 3242 1455 3298 καὶ
1494 3247 1610 3315 θεῷ
1639 3242 1902 3318 ἀρέσκειν,

247 3339 345 3396 καὶ
401 3339 597 3415 σαρκὸς
645 3335 932 3410 ἐπιθυμίας
992 3332 1280 3391 ἐπιτελεῖν.
1329 3333 1531 3408 Ὠσπερ
1578 3330 1641 3386 οὗ
1687 3327 1905 3385 δύναται

249 3429 456 3485 ἄκανθα
495 3427 701 3502 καρπὸν
732 3422 920 3480 ἐλαίου
950 3417 1380 3499 προϐάλλεσθαι,
1410 3419 1582 3482 οὕτως
1635 3418 1698 3475 οὐ
1744 3416 1907 3474 δύνα-

246 3539 340 3573 ται
372 3518 657 3593 ἅνθρωπος
685 3513 775 3570 καὶ
818 3512 887 3568 τὰ
935 3510 1157 3589 οὐράνια
1205 3515 1406 3580 ζητεῖν,
1444 3508 1533 3564 καὶ
1584 3508 1650 3563 τὰ
1695 3506 1909 3583 ἐπίγεια

243 3608 457 3676 ποθεῖν,
504 3602 681 3664 καθώς
728 3622 891 3681 φησιν
936 3601 964 3654 ὁ
1014 3599 1227 3675 Κύριοςο
1260 3597 1338 3656 Οὐ
1388 3595 1614 3662 δύνασθε
1658 3595 1749 3652 καὶ
1792 3600 1908 3669 Θεῷ

246 3691 517 3770 ἁρὲσκειν,
548 3689 641 3745 καὶ
688 3688 887 3762 σαρκὸς
933 3685 1221 3760 ἐπιθυμίας
1263 3684 1553 3742 ἐπιτελεῖν.
1602 3685 1762 3748 Ὅθεν
1817 3702 1909 3764 καὶ

243 3783 275 3838 ὁ
308 3777 624 3841 ἀπόστολος
673 3776 893 3839 Παῦλος
934 3774 1169 3837 ἀκούσας
1212 3779 1399 3846 ταῦτα,
1430 3773 1519 3829 καὶ
1550 3772 1779 3847 ἐκκόψας
1809 3772 1909 3829 αὖ·

239 3873 348 3926 τοῦ
376 3867 551 3922 πάντα
598 3866 667 3921 τὰ
707 3872 808 3934 τῆς
857 3863 1052 3939 σαρκὸς
1102 3864 1446 3940 φρονήματα,
1491 3860 1643 3939 φησί·
1680 3885 1703 3914 ι
1738 3862 1816 3915 Δι’
1847 3861 1907 3916 ὃν

242 3958 428 4013 πάντα
477 3953 803 4028 ζημιοῦμαι,
851 3950 941 4007 ἵνα
986 3952 1222 4024 Χριστὸν
1270 3947 1544 4027 κερδήσω,
1574 3973 1604 4002 ››
1634 3949 1722 4003 καί
1754 3948 1902 4021 αὐτῷ

2009 2637 2165 2691 mus,
2196 2621 2335 2692 quia
2362 2627 2597 2694 tempus
2629 2622 2800 2678 breve
2827 2630 2916 2680 est
2948 2642 2961 2679 :
2987 2643 3090 2683 nec
3121 2635 3312 2700 potest
3340 2635 3652 2707 quisquam

2010 2726 2178 2766 suam
2225 2726 2431 2766 curare
2479 2710 2758 2778 animam,
2808 2713 2993 2769 donec
3041 2722 3207 2774 curat
3257 2738 3385 2791 quae
3441 2740 3654 2797 corpus

2010 2799 2799 2870 spcctant.0uemadmodum
2823 2801 2978 2858 enim
2999 2820 3111 2859 non
3136 2812 3325 2877 potest
3342 2811 3655 2883 quisquam

2012 2903 2130 2943 uno
2159 2886 2328 2943 oculo
2359 2888 2416 2943 in
2450 2887 2658 2943 caelum
2691 2890 2999 2962 respicere,
3032 2899 3090 2948 et
3140 2895 3255 2951 alio
3295 2897 3351 2952 in
3394 2905 3608 2957 terram
3637 2928 3654 2971 ς

2012 2974 2098 3031 ita
2128 2993 2240 3032 non
2275 2981 2463 3046 potest
2491 2975 2666 3031 homo
2711 2973 2938 3034 de'Deo
2970 2981 3145 3037 simul
3198 2990 3253 3039 et
3295 2986 3366 3042 de
3415 3004 3655 3062 corpore

2014 3080 2237 3119 curare.
2268 3064 2434 3120 Sicut
2459 3081 2574 3119 non
2623 3071 2813 3136 potest
2861 3069 2989 3124 t'ons
3036 3086 3102 3125 ex
3136 3073 3338 3128 eodem
3371 3078 3653 3135 foramine

2014 3153 2280 3209 emittere
2308 3169 2520 3223 aquam
2553 3153 2779 3210 dulcem
2813 3162 2869 3210 et
2898 3172 3182 3230 amaram,
3206 3161 3290 3217 sic
3322 3180 3433 3219 non
3468 3170 3660 3238 potest

2016 3239 2191 3297 homo
2219 3247 2277 3297 et
2325 3240 2440 3297 Deo
2471 3240 2721 3312 placere,
2770 3248 2829 3299 et
2874 3246 3069 3302 carnis
3120 3253 3655 3324 concupiscentiam

2016 3329 2311 3402 perﬁcere.
2361 3330 2523 3385 Sicut
2578 3347 2693 3387 non
2753 3337 2945 3404 potest
2987 3336 3159 3408 spina
3214 3339 3349 3395 olea:
3403 3342 3659 3400 fructum

2018 3418 2185 3487 ferre,
2216 3419 2297 3474 ita
2326 3435 2441 3475 non
2475 3424 2667 3491 potest
2697 3421 2869 3478 homo
2921 3430 2979 3480 et
3008 3426 3259 3484 ccclestia
3295 3448 3572 3503 qumrere,
3605 3438 3665 3491 et

2017 3512 2247 3563 terrena
2277 3507 2710 3579 concupiscere,
2735 3517 2799 3565 ut
2830 3511 2912 3567 ait
2932 3512 3248 3572 Dominus:
3272 3519 3394 3574 Non
3419 3522 3663 3592 potestis

2019 3601 2076 3651 et
2095 3595 2211 3651 Dco
2233 3595 2458 3668 placere
2487 3602 2542 3652 et
2573 3600 2768 3654 carnis
2798 3602 3329 3674 concupiscentiam
3365 3609 3658 3678 perlicere.

2019 3685 2180 3741 Unde
2219 3689 2277 3741 et
2321 3687 2624 3756 apostolus
2671 3687 2889 3744 Paulus
2935 3689 3056 3745 haec
3105 3709 3238 3748 cum
3286 3695 3570 3757 audisset.
3602 3701 3661 3751 et

2018 3789 2225 3829 omnes
2255 3773 2448 3829 carnis
2477 3775 2720 3831 aﬂ‘ectus
2752 3776 2807 3830 in
2840 3795 2901 3832 se
2931 3778 3298 3847 abscidisset,
3319 3783 3434 3838 ait:
3464 3802 3486 3830 α
3522 3787 3659 3839 Pro-

2020 3867 2150 3934 pter
2173 3876 2343 3932 quem
2375 3863 2575 3917 omnia
2598 3863 3016 3919 detrimentum
3068 3868 3192 3935 ieci,
3240 3873 3304 3924 ut
3357 3870 3658 3926 Christum

2020 3907 2138 3934 τ.-.
2176 3907 2343 3932 νυ-.
2376 3907 2575 3917 -.-......
2600 3907 3016 3919 ..-................
3068 3907 3192 3935 ...νη
3242 3907 3304 3924 ι...
3359 3907 3658 3926 unum..."

1934 3907 1983 3972 Β
2013 3950 2369 4006 lucrifaciam
2397 3950 2460 4016 ι’,
2481 3971 2509 4000 ››
2544 3966 2609 4005 ac
2642 3967 2774 4005 cum
2810 3951 2905 4006 illo
2929 3969 3172 4024 regnare
3198 3958 3437 4028 possim.
3462 3982 3488 4009 ‹‹
3514 3959 3660 4015 Cum

242 4040 694 4121 συμϐασιλεύσω,
727 4067 755 4094 (ί
802 4042 1064 4117 Ἔχοντες
1110 4037 1169 4094 δὲ
1221 4036 1513 4116 διατροφὰς
1558 4037 1650 4092 καὶ
1696 4036 1898 4092 σκεπά-

2019 4039 2139 4092 cibo
2170 4041 2364 4091 autem
2396 4037 2655 4107 patimur
2682 4044 2738 4091 et
2771 4037 3005 4101 vestitu,
3030 4039 3123 4096 hie
3155 4044 3412 4099 contenti
3444 4044 3657 4101 simus.

244 4154 461 4209 σματα,
508 4130 724 4192 τούτοις
773 4128 1251 4206 ἁρκεσθησώμεθα.
1300 4127 1369 4183 Οἱ
1415 4126 1517 4202 γὰρ
1568 4124 1899 4201 βουλόμενοι

2019 4125 2156 4181 Nam
2199 4124 2297 4196 qui
2329 4124 2537 4179 divites
2569 4140 2701 4179 esse
2737 4126 2957 4193 volunt,
2992 4127 3261 4185 incidunt
3292 4132 3352 4188 in
3384 4133 3662 4189 tentatio-

242 4222 510 4279 πλουτεῖν
547 4217 908 4293 ἰμπίπτουσιν
941 4215 1017 4279 εἷς
1043 4215 1371 4291 πειρασμὸν,
1398 4213 1488 4269 καὶ
1534 4210 1738 4289 παγίδα
1784 4210 1900 4268 δια-

242 4305 447 4380 ϐόλου,
476 4308 567 4365 καὶ
608 4305 896 4381 ἐπιθυμίας
926 4304 1186 4367 ἀτόπους.
1220 4327 1250 4357 n

316 4400 377 4456 2.
408 4396 484 4454 Σὺ
531 4393 610 4469 δὲ,
657 4396 730 4451 ὢν
779 4391 1000 4473 ἀδελφὶ,
1037 4394 1113 4467 μὴ
1164 4389 1439 4470 προσέχῃς
1484 4412 1538 4448 τι
1565 4396 1664 4448 τοῦ
1691 4390 1905 4464 κόσμου

238 4488 471 4559 τούτου,
497 4485 587 4543 ’ίνα
615 4483 851 4559 δυνηθῇς
878 4489 1142 4554 σωθῆναι,
1174 4481 1320 4538 ἀλλὰ
1348 4478 1587 4553 ἄσκησον
1628 4478 1905 4538 δικαιοσῦ-

240 4601 375 4650 νην,
422 4575 512 4633 καί
561 4575 843 4646 ἀλήθειαν,
894 4572 985 4628 καὶ
1029 4571 1266 4649 ἀγάπην,
1316 4571 1403 4626 καὶ
1461 4566 1630 4650 φόϐον
1684 4569 1904 4647 Κυρίου,

243 4666 343 4723 καὶ
373 4664 675 4740 πραότητα,
730 4662 996 4730 ὑπακοὴν,
1025 4660 1116 4716 καὶ
1164 4658 1500 4736 ἐγκράτειαν,
1540 4658 1631 4715 καὶ
1672 4661 1904 4733 ἀμνησι-

245 4753 445 4811 κακίαν
481 4799 494 4811 .
549 4751 791 4823 Μίσησον
844 4749 1042 4826 λόγους
1070 4747 1394 4824 κοσμικοὺς,
1438 4746 1532 4804 ’ίνα
1576 4746 1770 4825 καρδία
1811 4767 1908 4802 σου

248 4839 461 4918 ὅψηται
512 4842 603 4896 τὸν
648 4838 815 4896 καλόν
842 4883 856 4898 .
920 4837 1225 4916 Ἀγάπησον
1280 4838 1345 4892 τὸ
1396 4842 1639 4914 συνεχῶς
1682 4836 1909 4914 προσεύ-

248 4933 471 5009 χεσθαι,
495 4928 587 4985 ’ίνα
622 4931 868 5008 φωτισθῇ
913 4947 1010 4982 σου
1042 4927 1077 4997 ἡ
1126 4923 1321 5002 καρδία
1355 4969 1369 4983 .
1422 4922 1614 4987 Διάδος
1666 4925 1912 4999 ὑστερου-

259 5021 443 5096 μὲνοις
476 5017 745 5095 ὀφθαλμῷ
793 5015 1066 5089 πλουσίῳ,
1093 5013 1187 5070 ’ίνα
1239 5016 1315 5088 μή
1362 5017 1768 5090 καταισχυνθῇς
1812 5009 1911 5085 ἔμε

250 5111 488 5187 προσθεν
517 5112 614 5163 τοῦ
647 5108 895 5183 βήματος
939 5108 1038 5160 τοῦ
1085 5106 1339 5178 Χριστοῦν
1378 5102 1609 5177 μίσησον
1639 5103 1739 5172 τὴν
1788 5101 1913 5156 ἐπι-

248 5197 452 5272 θυμίαν
487 5195 540 5251 ἐν
590 5200 708 5257 τοῖς
772 5191 1076 5270 βρώμασιν,
1103 5190 1197 5247 ’ίνα
1256 5192 1345 5265 μὴ·
1392 5192 1421 5246 ὁ
1478 5189 1739 5264 Ἀμαλὴκ
1801 5193 1909 5245 τῶν

2014 4229 2171 4279 nem,
2200 4217 2258 4269 et
2288 4212 2343 4267 in
2376 4211 2647 4283 laqueum
2678 4213 2918 4280 diaboli,
2943 4232 3009 4272 ac
3042 4219 3098 4272 in
3131 4220 3419 4278 absurdae
3448 4239 3660 4279 concu-

2013 4301 2328 4375 piscentiae
2361 4302 2405 4338 ¹⁹
2437 4343 2449 4356 .
2484 4324 2511 4351 »

2082 4393 2137 4446 2.
2171 4391 2256 4445 'l‘n
2287 4395 2503 4460 autem,
2543 4407 2577 4446 ο
2610 4391 2808 4456 frater,
2842 4411 2912 4450 ne
2958 4395 3208 4467 cuipiam
3243 4397 3422 4470 hujus
3456 4399 3663 4456 mundi

2016 4480 2095 4535 rei
2126 4479 2390 4534 animum
2423 4479 2723 4549 adhibeas,
2760 4491 2821 4536 ut
2852 4483 3095 4540 salutem
3129 4488 3407 4561 consequi
3443 4489 3660 4561 possis,

2016 4566 2425 4638 eedjustitiam
2448 4583 2668 4634 exerce,
2691 4574 2747 4623 et
2773 4571 3096 4645 veritatem,
3122 4591 3376 4631 amorem
3403 4581 3459 4633 et
3490 4577 3665 4633 timo-

2018 4671 2139 4711 rem
2169 4655 2417 4722 Domini,
2447 4659 2979 4723 mansuetudinem,
3006 4662 3423 4733 obedientiam,
3446 4673 3664 4739 tempe-

2018 4744 2292 4813 rantiam,
2314 4744 2664 4816 injuriarum
2693 4746 3063 4805 oblivionem.
3092 4751 3236 4808 Odio
3264 4753 3472 4811 habeto
3505 4772 3670 4810 mun-

2019 4834 2172 4890 dana
2206 4836 2398 4902 verba,
2435 4838 2498 4888 ut
2521 4850 2622 4889 cor
2658 4828 2827 4891 tuum
2859 4836 3053 4894 videat
3098 4840 3343 4898 bonum.
3380 4848 3524 4899 Ama
3556 4844 3672 4900 fre-

2021 4926 2295 4994 quentem
2326 4922 2669 4988 orationem,
2706 4929 2768 4978 ut
2809 4923 3176 4984 illuminetur
3214 4946 3313 4986 cor
3360 4937 3551 4988 tuum.
3585 4932 3671 4991 Da

2022 5011 2378 5084 pauperibus
2410 5010 2588 5065 divite
2617 5012 2804 5080 oculo,
2836 5019 2900 5068 ut
2924 5032 2994 5071 ne
3026 5018 3387 5077 confundere
3416 5029 3550 5077 ante
3571 5024 3672 5077 tri-

2022 5100 2200 5156 bunal
2249 5100 2485 5156 Christi.
2541 5104 2821 5159 Aversare
2874 5105 3139 5162 ciborum
3188 5109 3547 5179 cupidinem,
3596 5126 3670 5166 ne

2024 5190 2261 5245 Amalec
2295 5189 2390 5245 illo
2413 5190 2753 5261 passionum
2787 5197 2843 5248 te
2872 5192 3212 5254 circumdet.
3243 5198 3393 5271 V’igil
3419 5206 3472 5254 et
3520 5198 3674 5255 celer

248 5287 442 5342 παθῶν
498 5281 757 5356 κυκλώοῃ
808 5302 884 5336 σε.
945 5280 1212 5358 Γοργεύου
1268 5280 1321 5334 ἐν
1376 5285 1495 5342 ταῖς
1560 5283 1905 5356 προσευχαῖς1

2026 5284 2150 5335 esto
2174 5281 2229 5333 in
2254 5278 2638 5346 orationibus,
2663 5286 2808 5338 nete
2832 5282 2950 5339 fera
2979 5285 3233 5342 devoret.
3260 5287 3476 5342 Vinum
3509 5303 3671 5343 aver-

240 5374 344 5430 ’ίνα
397 5375 474 5448 μὴ
505 5372 785 5450 καταφάγῃ
832 5390 891 5425 σε
933 5369 997 5424 τὸ
1037 5368 1253 5444 θηρίον.
1286 5373 1458 5445 Φεῦγε
1496 5370 1589 5423 τὸν
1625 5367 1795 5435 οἶνον,
1820 5366 1914 5422 ’ίνα

257 5463 340 5538 μή
390 5462 660 5541 στερηθῇς
715 5465 817 5529 τῆς
876 5456 1209 5536 εὐφροσύνης
1257 5461 1356 5514 τοῦ
1403 5460 1559 5514 Θεοῦ.
1603 5458 1913 5533 Ἀγάπησον

335 5631 383 5669 ι’
410 5627 663 5703 Philipp.
696 5644 782 5699 in,
810 5627 867 5682 8.
944 5626 1014 5665 ¹⁹⁶
1049 5627 1073 5684 Ι
1102 5625 1361 5684 Timoth.
1394 5642 1469 5696 v1,
1501 5625 1558 5699 8,
1589 5625 1646 5685 9.

2021 5385 2172 5436 sare,
2208 5385 2277 5423 ne
2309 5368 2549 5440 priveris
2582 5370 2796 5441 gaudio
2831 5373 2946 5428 Dei.
2997 5374 3144 5430 Ama
3189 5373 3413 5440 ﬁdeles,
3459 5379 3524 5431 ut
3572 5391 3674 5444 per

2022 5473 2122 5514 eos
2142 5455 2570 5529 eleemosynam
2594 5456 2886 5530 largioris.
2913 5457 3097 5534 Dilige
3123 5465 3448 5532 sanctos,ut
3467 5478 3671 5521 eorum
