4086 6214
530 344 679 405 £4“

1690 334 1756 397 S.
1804 329 2325 397 A'l‘HANASIUS.
2359 367 2437 377 —
2472 330 2782 396 SPURIA.

3745 337 3858 397 1412

525 481 581 531 te
611 477 768 533 zelus
800 478 989 532 trahat
1012 476 1080 529 ad
1113 475 1401 527 virtutem.
1430 472 1719 528 Memento
1749 470 1939 527 exitus
1969 466 2158 523 anima

2288 462 2413 524 τοὺς
2444 464 2689 535 πιστοὺς,
2726 462 2817 518 ⁹ίνα
2865 462 2952 519 διὰ
2992 464 3162 519 αὐτῶν
3216 464 3465 535 ἐλεήσῃς.
3516 466 3729 536 Πόθησον
3767 491 3858 529 τους

525 572 659 636 tuae,
693 572 747 622 et
780 584 890 621 non
927 564 1174 620 multum
1213 562 1477 633 peccabis
1512 562 1569 615 in
1605 566 1804 616 Deum.
1854 556 2175 613 Recordare

526 657 671 713 521
709 672 939 725 semper
972 652 1133 723 regni
1168 649 1464 714 ccelorum,
1493 654 1557 704 ut
1579 651 1705 719 ejus
1728 646 2086 703 desiderium
2121 647 2176 697 te

520 742 724 796 trahat
754 742 823 795 ad
859 739 1002 794 illud
1039 738 1131 792 :in
1168 736 1361 790 animo
1394 736 1602 791 habeto
1635 736 1961 808 gehennam
1996 730 2172 803 ignis,

530 834 585 885 et
604 828 889 884 atrocium
909 826 1369 888 cruciatuum,ut
1389 825 1520 879 odio
1542 824 1760 879 habeas
1782 838 1957 895 prava
1978 836 2166 891 opera.

527 918 799 989 Praepara
829 923 884 972 te
918 916 1089 988 igitur
1121 913 1380 985 quotidie
1408 913 1477 967 ad
1512 912 1936 967 occurrendum
1977 908 2167 963 Chris-

531 1011 627 1073 to;
663 1010 943 1060 venturus
977 1005 1189 1075 quippe
1224 1002 1319 1055 ille
1349 1006 1438 1056 est
1484 1001 1872 1056 invisibiliter.
1908 996 2174 1063 Quotidie

533 1105 587 1150 te
618 1096 808 1167 ipsum
854 1093 1200 1159 examinato,
1252 1108 1317 1146 ac
1367 1090 1628 1162 disquire
1671 1107 1812 1144 num
1856 1086 2172 1159 quodpiam

532 1182 747 1238 Christi
781 1181 1119 1236 mandatum
1155 1177 1495 1249 neglexeris,
1531 1186 1704 1247 atque
1736 1175 1876 1229 illud
1914 1174 2171 1246 impleto.

516 1271 765 1325 Videant
810 1271 1014 1323 fratres
1070 1266 1151 1321 tui
1186 1283 1361 1336 opera
1391 1271 1509 1327 tua,
1544 1271 1601 1319 et
1631 1264 1790 1318 zelus
1822 1262 1919 1317 ille
1953 1264 2050 1334 qui
2083 1277 2170 1316 se-

513 1360 769 1415 cundum
808 1363 984 1412 Deum
1017 1361 1107 1411 est
1137 1354 1437 1410 devorabit
1477 1371 1595 1409 eos.
1647 1354 1923 1424 Teipsum
1975 1350 2171 1422 quoti-

507 1449 600 1504 die
631 1448 982 1513 examinato,
1019 1462 1085 1500 ac
1120 1444 1417 1515 perpende
1451 1460 1627 1514 quam
1658 1443 1991 1514 passionem
2024 1457 2175 1496 mor~

522 1536 857 1601 tificaveris,
891 1540 948 1589 et
999 1535 1073 1588 da
1104 1532 1347 1603 gloriam
1399 1536 1529 1597 Deo,
1581 1531 1739 1586 illius
1788 1546 2036 1599 namque
2083 1534 2172 1584 est

519 1624 940 1679 misericordia.
975 1622 1054 1675 Ne
1087 1626 1353 1691 reputato
1395 1625 1448 1673 te
1484 1620 1687 1674 Fecisse
1720 1620 1939 1674 bonum
1972 1633 2167 1672 coram

528 1719 661 1782 Deo,
697 1714 774 1765 ait
805 1712 958 1766 enim
998 1729 1010 1764 :
1046 1734 1070 1758 α
1108 1716 1245 1762 Cum
1297 1707 1491 1761 omnia
1538 1707 1813 1773 feceritis;
1848 1712 1985 1760 tunc
2028 1704 2168 1760 dici-

512 1809 613 1856 te:
650 1801 805 1856 Servi
858 1798 1092 1853 inutiles
1139 1814 1345 1851 sumus
1374 1797 1440 1849 ²⁰.
1478 1818 1503 1843 υ
1552 1796 1632 1850 Ne
1675 1796 1982 1867 superbias
2031 1795 2168 1866 quia

513 1908 669 1944 nunc
700 1890 888 1943 bonus
917 1904 1000 1954 es,
1037 1904 1148 1940 non
1185 1892 1347 1957 potes
1396 1886 1550 1939 enim
1607 1886 1709 1939 tibi
1765 1885 2058 1939 confidere
2088 1883 2165 1937 ob

522 1978 793 2032 inimicos
826 1982 973 2031 tuos.

573 2264 631 2331 3,
666 2262 747 2317 Ne
786 2260 1047 2317 confidas
1076 2265 1173 2314 tuo
1205 2258 1395 2330 ipsius
1439 2258 1687 2329 corpori.
1725 2258 1787 2311 In
1820 2274 1885 2313 eo
1918 2257 2015 2327 qui
2049 2258 2168 2311 das-

515 2367 720 2406 mones
754 2347 1129 2421 pertimescit,
1184 2345 1487 2417 propalam
1537 2350 1627 2399 est
1658 2362 1767 2399 non
1819 2361 1945 2399 esse
1996 2346 2166 2399 timo-

511 2456 632 2495 rem
669 2438 785 2494 Dei.
820 2438 922 2503 Qui
960 2437 1115 2491 enim
1151 2440 1327 2489 Deum
1363 2434 1530 2488 timet
1556 2450 1623 2488 ex
1654 2439 1774 2488 toto
1815 2435 1986 2488 corde
2036 2450 2168 2489 suo,

512 2530 722 2583 ﬁrmus
751 2532 842 2581 est
871 2526 1149 2579 adversus
1181 2522 1333 2578 illos.
1370 2522 1476 2585 Qui
1511 2539 1639 2577 sese
1672 2539 1784 2576 non
1824 2522 2063 2576 metitur
2110 2528 2166 2577 et

509 2617 767 2689 respicit,
801 2617 901 2671 sed
951 2617 1213 2685 ignotum
1266 2628 1329 2667 se
1378 2617 1553 2678 tenet,
1606 2611 1741 2666 hinc
1796 2618 2161 2683 compertum

508 2706 683 2762 habet
715 2722 777 2761 se
809 2722 921 2759 non
972 2718 1231 2774 quaerere
1279 2699 1634 2756 voluntatem
1685 2699 1928 2771 implere
1967 2718 2159 2769 suam,

508 2796 609 2850 sed
644 2795 923 2849 divinam.
946 2793 1049 2857 Qui
1078 2790 1282 2845 multis
1306 2806 1478 2843 suum
1502 2788 1720 2859 profert
1740 2795 1796 2842 et
1827 2788 2163 2843 manifestat

510 2899 864 2951 sermonem,
886 2881 1019 2934 hinc
1052 2882 1481 2934 commonstrat
1511 2878 1567 2930 in
1601 2876 1729 2947 ipso
1761 2893 1874 2932 non
1907 2893 2034 2933 esse
2057 2877 2155 2933 Dei

514 2972 804 3028 timorem.
841 2969 948 3034 Qui
980 2968 1102 3023 vult
1134 2966 1328 3022 salvus
1360 2966 1505 3033 fieri,
1547 2973 1654 3021 er
1712 2972 1897 3031 vacet,
1941 2972 1999 3021 et
2026 2982 2155 3036 pas-

517 3064 708 3117 siones
740 3058 1126 3116 conculcahit.
1152 3058 1302 3111 Cura
1332 3056 1737 3111 ctsollicitudo
1759 3057 1817 3111 in
1850 3057 2153 3129 cogitatio-

510 3151 684 3205 nibus
717 3150 878 3221 fugat
909 3147 1214 3219 passiones
1247 3163 1260 3200 :
1297 3147 1574 3217 scriptum
1607 3145 1763 3200 enim
1796 3152 1921 3201 est:
1953 3170 1973 3194 ιι
2001 3146 2152 3201 Cura

504 3238 874 3309 superveniet
907 3239 960 3290 in
995 3236 1181 3289 virum
1213 3236 1558 3306 sapientem.
1581 3252 1608 3284 ι
1640 3234 1708 3289 Ut
1741 3235 1974 3305 pigritia
1991 3235 2152 3290 auxi-

503 3328 580 3382 lio
613 3332 703 3382 est
736 3325 1133 3397 passionibus,
1170 3324 1253 3378 sic
1284 3324 1696 3393 wquanimitas
1746 3329 1802 3378 et
1844 3324 2155 3380 tolerantia

502 3422 591 3471 est
627 3415 913 3472 virtutum
947 3414 1144 3467 robur.
1182 3415 1482 3466 Neminem
1528 3412 1795 3482 judicare
1844 3412 1899 3466 id
1949 3429 2155 3468 murus

502 3507 591 3559 est
620 3500 971 3573 praavalidus
1000 3516 1013 3565 ;
1048 3499 1377 3569 vituperare
1408 3504 1600 3553 autem
1637 3504 1693 3553 et
1723 3500 2066 3568 obtrectare,
2094 3500 2153 3555 id

503 3591 765 3647 animam
800 3590 1037 3659 conjicit
1074 3588 1128 3641 in
1165 3587 1499 3658 perniciem.
1544 3586 1825 3658 Linguam
1859 3605 2025 3643 suam
2059 3605 2153 3644 co-

499 3680 700 3735 hibere
735 3696 931 3752 posse,
964 3677 1019 3731 id
1070 3676 1262 3748 palam
1300 3678 1433 3730 facit
1484 3677 1671 3730 virum
1721 3694 1848 3731 esse
1881 3679 1938 3731 in
1971 3679 2154 3733 virtu-

497 3767 656 3822 tibus
687 3765 1105 3831 exercitatum;
1149 3764 1350 3834 lingua
1381 3769 1573 3818 autem
1616 3763 1851 3819 effrenis
1881 3783 2153 3838 compro-

499 3858 597 3911 bat
626 3857 924 3911 hominem
969 3871 1079 3908 non
1126 3869 1254 3908 esse
1304 3853 1513 3907 virtute
1562 3853 1767 3908 intime
1817 3855 2147 3925 praeditum.

503 3944 907 4000 Misericordia
937 3960 1064 4013 quae
1094 3942 1148 3996 in
1184 3946 1393 4005 mente,
1420 3948 1477 3996 et
1506 3941 1857 4015 cogitatione
1903 3945 2149 4011 exsistit,

503 4032 657 4104 parit
686 4030 1077 4103 prospiciendi
1113 4029 1471 4097 facultatem,
1503 4047 1569 4085 ac
1601 4031 1765 4085 ducit
1796 4032 1863 4086 ad
1898 4032 2151 4087 cbarita-

500 4126 655 4189 tem;
690 4122 791 4175 sed
825 4120 1061 4175 animus
1092 4118 1514 4173 immisericors
1569 4119 1721 4188 parit
1750 4119 2150 4176 inhumanita-

497 4214 640 4264 tem.
675 4209 859 4263 Mater
897 4208 1178 4261 virtutum
1230 4214 1321 4260 est
1368 4208 1837 4273 commiseratio;
1892 4208 2151 4280 comple-

500 4302 764 4352 mentum
798 4301 990 4350 autcm
1020 4295 1306 4350 malorum
1331 4301 1419 4349 est
1439 4295 2151 4366 inobsequentiaJlonitas

498 4386 649 4455 parit
694 4385 1047 4453 castitatem,
1102 4384 1404 4438 iracundia
1468 4384 1832 4439 inordinatos
1884 4387 2146 4440 affectus.

498 4474 700 4529 Cordis
728 4472 974 4527 durities
1005 4472 1195 4544 gignit
1226 4471 1392 4527 iram.
1430 4470 1667 4543 Pigritia
1698 4473 1850 4543 parit
1881 4473 2148 4546 indigen-

2286 552 2491 627 ἁγίους,
2519 551 2609 606 ’ίνα
2636 554 2663 606 6
2700 552 2866 622 ζῆλος
2890 554 3065 608 αὐτῶν
3090 553 3289 627 ἑλκύσῃ
3319 575 3373 608 σε
3402 555 3534 629 πρὸς
3564 554 3860 631 ἀρετήν.Μ·ιη⁶

2288 638 2476 711 μὸνευε
2503 647 2603 710 τῆς
2638 639 2820 712 ἐξόδου
2851 650 2948 712 τῆς
2978 646 3162 717 ψυχῆς
3197 665 3313 710 σου,
3345 644 3430 697 καὶ
3462 646 3566 719 οὐχ
3594 644 3858 719 ἁμαρτήσας

2284 726 2469 783 πολλά
2516 730 2649 804 πρὸς
2700 730 2849 785 Θεόν·
2888 731 3303 803 ἀναμιμνήσκω
3349 732 3430 785 ἀεὶ
3478 734 3571 801 τῆν
3619 736 3711 786 τῶν
3748 733 3861 808 αὖραι

2281 818 2390 872 vri»
2424 816 2721 892 βασιλείαν,
2748 818 2839 873 ’ίνα
2882 823 2917 889 ἡ
2970 820 3226 894 ἐπιθυμία
3279 822 3442 891 αὐτῆς
3476 820 3660 895 ἐλκύσῃ
3695 844 3741 876 σε
3764 826 3860 898 πρὸς

2283 905 2473 976 αὐτήν·
2529 904 2844 983 διαλογίζου
2886 910 2983 977 τὴν
3042 910 3257 984 γέενναν
3306 915 3401 964 τοῦ
3452 912 3635 986 πυρὸς,
3678 910 3752 964 καὶ
3785 917 3857 964 τῶν

2288 994 2528 1069 βασάνων
2554 1000 2661 1050 τῶν
2697 995 2907 1066 δεινῶν,
2935 996 3027 1051 ’ίνα
3077 1001 3311 1072 μισήσῃς
3343 1000 3407 1052 τα
3439 997 3564 1075 ἔργα
3601 1000 3658 1053 τα
3685 1002 3860 1075 πονηρά.

2280 1084 2566 1157 Ἐτοίμαζε
2615 1084 2707 1139 οὖν
2759 1086 2965 1160 σεαυτῷ
3014 1089 3128 1142 καθ’
3178 1089 3388 1164 ἡμέραν
3451 1089 3726 1156 ὑπαντῆσαι
3769 1094 3863 1162 Χρι-

2283 1178 2410 1245 στῷ·
2476 1171 2668 1247 μέλλει
2725 1176 2830 1253 γὰρ
2889 1175 3134 1251 ἀοράτως
3195 1176 3472 1253 ἔρχεσθαι.
3524 1178 3641 1231 Καθ’
3691 1176 3862 1248 ἑκάστην

2281 1263 2490 1339 ἡμέραν
2537 1262 2783 1340 ἀνάκρινε
2829 1267 3046 1321 σεαυτὸν
3101 1265 3159 1320 ὲκ
3211 1271 3318 1321 τῶν
3368 1264 3593 1320 ἐντολῶν
3643 1270 3725 1319 τοῦ
3768 1267 3865 1340 X9:-

2282 1356 2429 1420 στοῦ,
2463 1352 2516 1406 τί
2548 1353 2858 1429 ὑστέρησας,
2908 1355 2998 1409 καὶ
3049 1352 3399 1427 ἆνοικοδόμει
3447 1353 3595 1409 αὐτό.
3626 1351 3803 1411 Ἴδωσιν
3827 1354 3863 1406 oi

2282 1437 2508 1518 ἀδελφοί
2538 1462 2632 1497 σου
2661 1444 2728 1498 τὰ
2759 1438 2889 1519 ἔργα
2919 1465 3035 1509 σου,
3066 1444 3155 1499 καὶ
3186 1444 3214 1497 6
3248 1441 3417 1513 ζῆλος
3451 1444 3478 1497 6
3505 1443 3632 1498 κατὰ
3671 1443 3775 1497 Θεὸν
3797 1462 3864 1494 κα-

2278 1531 2569 1607 ταφάγεται
2629 1530 2843 1593 αὐτούς.
2893 1532 3213 1608 Ἐρεῦνησον
3265 1533 3488 1586 σεαυτὸν
3533 1533 3643 1595 καθ’
3695 1532 3866 1599 ἑκάστην

2278 1620 2510 1694 ἡμέραν,
2554 1626 2708 1674 ποῖον
2760 1620 2925 1683 πάθος
2974 1620 3278 1696 ἐνὲκρωσας
3313 1666 3330 1690 ,
3360 1621 3451 1675 καὶ
3500 1618 3587 1682 δὸς
3633 1617 3763 1689 δόξαν
3807 1622 3862 1687 τῷ

2278 1714 2413 1780 Θεῷ·
2446 1709 2609 1763 αὐτοῦ
2640 1711 2738 1785 γὰρ
2784 1709 2895 1764 ἐστι
2944 1711 3004 1764 τὸ
3037 1709 3210 1771 ἔλεος.
3249 1712 3338 1779 Μὴ
3392 1708 3607 1785 λογίζου
3636 1709 3788 1762 ἑαυτὸν
3814 1706 3866 1767 ὡς

2276 1800 2692 1873 κατορθώσαντα
2746 1800 2807 1853 τὸ
2865 1800 3061 1874 ἀγαθὸν
3122 1798 3355 1853 ἐνώπιον
3414 1803 3511 1854 τοῦ
3566 1803 3724 1853 Θεοῦο
3773 1796 3867 1872 paci

2281 1886 2400 1963 γάρ’
2438 1913 2464 1938 τι
2497 1890 2663 1943 ’Όταν
2696 1888 2866 1942 πάντα
2890 1888 3304 1959 ποιῆσητε,τότε
3338 1887 3543 1963 λέγετε,
3572 1887 3647 1941 δτι
3676 1888 3866 1959 ’Ᾱχρεῖοι

2283 1974 2472 2031 δοῦλοί
2504 1975 2684 2048 ἐσμεν.
2721 2002 2747 2027 ››
2782 1978 2872 2045 Μὴ
2924 1976 3410 2053 ὑψηλοφρονήσῃς,
3444 1975 3528 2031 ὅτι
3574 1976 3655 2030 ἀπ’
3682 1972 3867 2047 Epriu-

2283 2064 2376 2127 λὸς
2419 2066 2484 2119 εἴ·
2532 2066 2593 2120 οὐ
2644 2066 2749 2141 γὰρ
2790 2064 2920 2139 δύνῃ
2969 2070 3246 2120 πιστεῦσαι
3303 2066 3492 2119 ἑαυτὸν
3541 2070 3650 2126 τοῖς
3698 2062 3867 2137 ἐχθροῖς

2281 2175 2397 2211 σου.

2349 2263 2400 2316 3.
2435 2261 2523 2329 Μὴ
2572 2259 2844 2336 θαρῥήσῃς
2896 2260 3086 2314 ἑαυτοῦ
3131 2264 3211 2331 τῲ
3260 2260 3499 2331 σώματι.
3548 2259 3604 2314 Ὁ
3649 2252 3865 2331 φοϐούμε-

2277 2370 2368 2410 νος
2419 2348 2546 2409 τοὺς
2595 2346 2856 2419 δαίμονας
2887 2347 3055 2418 δῆλον
3112 2349 3295 2402 ἑαυτὸν
3328 2353 3500 2415 ποιεῖ,
3551 2345 3629 2401 ὅτι
3673 2344 3755 2399 οὐκ
3785 2341 3865 2397 ἔστι

2276 2432 2442 2513 φόϐος
2473 2442 2605 2491 Θεοῦ
2656 2436 2707 2491 ἐν
2758 2436 2923 2509 αὐτῷ.
2958 2439 3014 2491 Ὁ
3062 2437 3164 2511 γαρ
3215 2432 3556 2512 φοϐούμενος
3584 2436 3665 2489 τὸν
3703 2433 3805 2488 Θεὸν
3828 2431 3865 2498 ἐξ

2275 2525 2413 2595 ὅλης
2445 2525 2609 2580 αὐτοῦ
2637 2532 2737 2595 τῆς
2780 2523 2999 2600 καρδίας
3048 2523 3261 2600 ἐδραῖός
3307 2525 3450 2580 ἐστιν
3485 2524 3565 2579 ἐπ’
3607 2522 3783 2583 αὐτοῖς.
3809 2520 3863 2575 Τὸ

2276 2615 2353 2686 μή
2390 2620 2651 2689 μετρῆσαι
2685 2614 2894 2683 ἑαυτὸν,
2929 2612 3054 2669 ἀλλ’
3086 2615 3270 2668 ἑαυτὸν
3305 2612 3456 2689 ἔχειν
3506 2610 3766 2688 ἄγνωστον,
3791 2629 3863 2684 φα-

2270 2708 2415 2777 νεροῖ
2460 2707 2538 2773 τῷ
2594 2702 2883 2778 ἀνθρώπῳ,
2926 2701 3008 2756 ὅτι
3056 2702 3119 2757 οὐ
3174 2708 3326 2772 ζητεῖ
3379 2709 3602 2771 ποιῆσαι
3627 2701 3682 2754 τὸ
3717 2700 3862 2753 ἑαυτοῦ

2270 2790 2511 2863 θέλημα,
2542 2790 2689 2846 ἀλλά
2725 2792 2787 2846 τὸ
2816 2796 2913 2845 τοῦ
2939 2796 3096 2848 Θεοῦ.
3129 2792 3185 2844 Ὀ
3216 2790 3392 2866 λέγων
3424 2793 3513 2846 τὸν
3548 2786 3696 2864 λόγον
3736 2787 3861 2841 αὐτοῦ

2268 2880 2354 2935 ἐπὶ
2386 2878 2634 2951 πολλῶν,
2668 2877 2838 2949 δῆλον
2889 2880 3072 2935 ἑαυτὸν
3105 2886 3273 2953 ποιεῖ,
3305 2878 3391 2934 ὅτι
3444 2880 3543 2933 οὐκ
3589 2875 3688 2932 ἔστι
3730 2868 3858 2953 φόϐος

2266 2974 2399 3024 Θεοῦ
2448 2968 2499 3024 ἐν
2547 2968 2711 3039 αὐτῷ,
2746 2970 2807 3024 Ὀ
2860 2967 3193 3043 βουλόμενος
3242 2971 3487 3037 σωθῆναι
3536 2965 3765 3042 σχολάσει
3804 2964 3861 3031 τῷ

2264 3063 2398 3130 Θεῷ,
2431 3058 2520 3114 καὶ
2550 3060 2918 3128 καταπατήσει
2961 3058 3028 3112 τὰ
3058 3062 3225 3126 πάθη.
3274 3059 3345 3111 Τὸ
3380 3056 3653 3133 φροντίσαι
3680 3054 3724 3107 ἐν
3749 3049 3859 3125 γνώ-

2266 3168 2345 3202 σει
2406 3145 2655 3202 ὲκδιώκει
2709 3147 2776 3200 τὰ
2832 3147 2998 3215 πάθη·
3061 3147 3364 3221 γέγραπται
3427 3149 3549 3221 γάρ·
3608 3170 3634 3195 ‹‹
3677 3140 3861 3218 Φροντέι

2266 3235 2608 3292 ἐπελεύσεται
2639 3235 2721 3290 ἐπ’
2750 3232 2915 3309 ἄνδρα
2963 3236 3148 3312 σοφόν.
3180 3259 3209 3287 ››
3241 3238 3449 3311 ’Ὠσπερ
3480 3238 3515 3304 ἡ
3556 3229 3735 3300 ἀκηδία
3761 3228 3863 3302 βοτζ·

2265 3325 2380 3389 θειά
2428 3325 2537 3379 ἐστι
2583 3326 2691 3379 τῶν
2742 3326 2969 3396 παθῶν,
3022 3320 3166 3378 οὕτω
3215 3324 3305 3378 καὶ
3350 3327 3387 3393 ἡ
3446 3317 3764 3399 μακροθυμία
3797 3313 3866 3369 δύο

2261 3415 2420 3485 ναμίς
2452 3412 2563 3468 ἐστι
2592 3417 2698 3467 τῶν
2731 3413 2957 3488 ἀρετῶν.
3007 3413 3085 3469 Τὸ
3138 3413 3213 3484 μὴ
3262 3412 3469 3487 κρίνειν
3503 3413 3759 3485 ἄνθρωπον
3785 3408 3865 3457 τεῖ-

2263 3502 2363 3577 χός
2394 3501 2531 3557 ἐστιν
2568 3507 2585 3523 '
2620 3501 2920 3569 ἀντίτητον·
2953 3502 3016 3556 τὸ
3061 3498 3119 3555 δὲ
3164 3500 3318 3574 ψέξαι
3348 3502 3385 3570 ἣ
3415 3492 3865 3566 καταλαλῆσαιάπ-

2264 3591 2461 3646 ώλειαν
2491 3594 2560 3664 τῇ
2592 3594 2747 3665 ψυχῇ
2778 3592 3184 3664 κατεργάζεται.
3214 3590 3283 3643 Τὸ
3312 3597 3580 3664 κρατῆσαι
3605 3594 3695 3654 τῆς
3720 3583 3861 3658 γλώτ-

2259 3702 2359 3749 της
2391 3677 2794 3750 δηλοποιεῖται,
2845 3678 2927 3734 ὅτι
2976 3678 3273 3753 πρακτικός
3324 3678 3439 3733 ἐστι
3492 3679 3585 3750 μὲν
3627 3680 3731 3734 ταῖς
3766 3670 3863 3744 d9:-

2258 3774 2399 3829 ταῖς·
2515 3765 2573 3822 δὲ
2624 3765 2942 3822 ἀπαιδευσία
2988 3774 3089 3836 τῆς
3118 3764 3382 3842 γλώσσης
3436 3766 3696 3838 σημαίνει,
3724 3762 3793 3815 ὃτι
3818 3756 3862 3809 οὗ

2259 3858 2513 3927 κέκτηται
2573 3856 2767 3931 ἀρετὴν
2828 3854 3062 3920 ἔνδοθεν.
3111 3857 3173 3910 Ἡ
3224 3856 3278 3909 ἐν
3324 3857 3524 3929 γνώσει
3567 3845 3859 3922 ἐλεημοσᾶνη

2258 3946 2425 3999 τίκτει
2473 3966 2537 3999 τι)
2575 3949 2836 4019 προορᾷν,
2883 3944 2969 3998 καὶ
3019 3941 3210 4019 ὁδηγεῖ
3261 3943 3335 4004 εἷς
3386 3945 3486 4012 τήν
3518 3930 3863 4016 ἀγάπην·ήδέ

2259 4031 2667 4105 ἆνελεημοσύνη
2718 4032 2886 4087 τίκτει
2935 4034 3031 4100 τήν
3081 4031 3502 4107 ἀπανθρωπίαν.
3550 4032 3730 4101 Μήτηρ
3773 4024 3863 4097 ἀρε·

2256 4126 2363 4176 τῶν
2397 4121 2536 4176 ἐστιν
2569 4123 2603 4191 ἡ
2657 4122 2980 4192 συμπάθεια·
3015 4120 3299 4195 πλήρωμα
3338 4118 3401 4175 δὲ
3448 4124 3621 4175 κακῶν
3649 4118 3680 4184 ἡ
3709 4115 3865 4169 avum-

2256 4210 2429 4280 ταξία.
2463 4210 2526 4265 Ἡ
2575 4209 2846 4284 ἁγαθότης
2892 4210 3061 4264 τίκτει
3109 4211 3208 4278 τὴν
3258 4210 3497 4283 ἁγνείαν·
3538 4209 3571 4276 ἡ
3620 4204 3673 4259 δὲ
3708 4203 3864 4273 65910-

2259 4295 2355 4351 λία
2382 4295 2553 4351 τίκτει
2582 4299 2646 4351 τὰ
2679 4298 2847 4367 πάθη.
2879 4299 2940 4354 Ἣ
2964 4295 3375 4374 σκληροκαρδία
3397 4297 3565 4352 τίκτει
3592 4295 3685 4361 τῆν
3711 4289 3862 4363 ὀργήν·

2257 4387 2292 4455 ἠ
2339 4383 2396 4440 δὲ
2424 4383 2624 4456 ἀκηδία
2670 4386 2838 4441 τίκτει
2886 4388 2986 4454 τὴν
3039 4384 3261 4443 ἔνδειαν.
3297 4386 3470 4460 Κόρος
3500 4387 3660 4439 ὕπνου
3690 4374 3862 4450 ταραχὴ

2257 4476 2442 4529 παθῶν
2494 4493 2505 4505 ·
2570 4475 2812 4549 σωτηρία
2887 4474 2944 4530 δὲ
3019 4480 3204 4550 ψυχῆς
3279 4474 3547 4550 ἀγρυπνία
3616 4468 3862 4543 ἔμμετρος.

498 4563 661 4618 tiam.
698 4562 952 4616 Somnus
986 4561 1204 4615 nimius
1238 4559 1555 4614 tumultum
1580 4560 1767 4632 gignit
1795 4562 2137 4620 affectuum.

2270 4567 2452 4625 Ύπνος
2488 4562 2539 4617 ἒν
2572 4563 2721 4636 κόρῳ
2769 4562 2983 4632 πλῆθος
3037 4569 3365 4641 φαντασιῶν·
3400 4562 3555 4624 ἄνθος
3588 4558 3641 4615 δὲ
3666 4562 3751 4612 τοῦ
3773 4557 3860 4613 νοῦ.

497 4651 667 4707 Salus
695 4656 890 4706 autem
922 4650 1127 4705 animae
1151 4646 1289 4703 sunt
1310 4648 1519 4719 vigiliae
1550 4650 2151 4709 moderataaSomnus

499 4742 719 4797 nimius
752 4742 986 4794 turbam
1017 4740 1230 4793 excitat
1262 4738 1704 4809 pbantasiarum
1755 4756 1768 4793 ε
1817 4739 1920 4794 ﬂos
1952 4749 2147 4797 autem

498 4837 637 4885 sunt
668 4829 899 4893 animm,
946 4827 1153 4899 vigilia:
1198 4842 1330 4881 cum
1377 4827 1654 4881 oratione.
1689 4827 1887 4881 Somni
1921 4828 2148 4885 diutur-

497 4920 649 4975 nitas
680 4936 779 4974 cor
808 4918 1061 4983 hebetat,
1094 4916 1193 4970 sed
1228 4915 1438 4984 vigilia:
1474 4915 1959 4987 excitantipsum.
1996 4919 2147 4991 Vigi-

498 5007 608 5064 lias
638 5008 769 5062 dico
803 5006 931 5061 illas
962 5022 1087 5076 qua:
1134 5004 1458 5059 secundum
1492 5002 1672 5058 Deum
1704 5012 1980 5075 aguntur,
2013 5023 2147 5062 cum

2260 4652 2526 4727 ἀγρυπνία
2558 4650 2609 4706 ἐν
2642 4651 2942 4727 προσευχῇ,
2978 4651 3156 4713 Πολὺς
3188 4653 3355 4715 ὕπνος
3402 4650 3624 4727 παχύνει
3657 4641 3860 4720 καρδίαν,

2260 4740 2527 4816 ἀγρυπνία
2558 4738 2615 4794 δὲ
2660 4739 2909 4795 λεπτύνει
2960 4742 3147 4811 αὐτήν·
3186 4742 3479 4816 ἀγρυπνίαν
3530 4739 3584 4795 δὲ
3630 4739 3761 4808 λέγω
3782 4732 3857 4796 τὴν

2258 4831 2394 4885 κατὰ
2449 4830 2576 4883 Θεὸν
2634 4829 2922 4904 γινομένην
2975 4830 3028 4884 ἐν
3086 4830 3352 4903 ψαλμοῖς,
3412 4832 3500 4885 καὶ
3549 4829 3741 4899 ὕμνοις.
3789 4817 3858 4873 διιῖ

2259 4916 2429 4990 ᾠδαῖς
2484 4925 2874 4990 πνευματικαῖς
2910 4964 2921 4975 .
2982 4920 3207 4994 Ἀγαθὸς
3255 4921 3355 4994 γὰρ
3416 4920 3577 4978 ὕπνος
3613 4916 3660 4970 ἐν
3716 4911 3857 4978 σιωπῇ

2257 5012 2366 5062 τῶν
2398 5006 2816 5083 ἁγρυπνούντων
2852 5007 2904 5062 ἐν
2937 5006 3317 5084 ματαιολογίᾳ.

495 5095 764 5169 psalmis,
820 5095 1056 5167 hymnis
1103 5099 1161 5149 et
1210 5092 1452 5148 canticis
1502 5092 1932 5163 spiritualibus.
1984 5095 2059 5151 Iis
2107 5098 2263 5154 enim
2314 5098 2417 5170 qui
2462 5098 2692 5170 vigilias
2741 5098 3172 5154 confabulando
3225 5104 3281 5154 et
3310 5097 3614 5171 garriendo
3642 5091 3858 5164 exigunt.

497 5191 736 5258 praestat
766 5202 900 5240 cum
934 5184 1166 5239 silentio
1199 5182 1473 5237 dormire.

570 5277 621 5331 4,
651 5276 867 5330 Luctus
923 5273 1227 5346 passiones
1283 5272 1463 5341 fugat,
1496 5270 1651 5325 risus
1682 5288 1714 5325 a
1748 5270 1863 5329 Deo
1894 5279 2144 5346 separat.

497 5365 813 5421 Humilitas
838 5363 895 5418 id
928 5362 1104 5418 ef‘licit
1129 5366 1189 5415 ut
1212 5359 1509 5414 hominem
1534 5375 1646 5413 non
1672 5361 2145 5433 reformidemus,

498 5455 684 5527 gloria
714 5458 908 5508 autem
943 5454 1251 5509 hominum
1275 5450 1425 5521 parit
1454 5449 1811 5520 superbiam.
1838 5454 1938 5508 Irae
1960 5456 2149 5512 vacui-

570 5646 615 5681 ⁸ο
646 5647 779 5701 Luc.
811 5661 946 5713 xvn,
984 5645 1069 5700 10.

2329 5277 2381 5331 4.
2414 5275 2484 5329 Τὸ
2515 5276 2705 5337 πένθος
2753 5272 3002 5331 ἐκδιώκει
3053 5275 3119 5330 τὰ
3150 5276 3318 5347 πάθη,
3369 5276 3431 5330 τὸ
3463 5272 3520 5330 δὲ
3562 5270 3721 5349 γέλως
3763 5284 3853 5339 καθ’

2259 5363 2393 5438 ρίζει
2451 5365 2555 5418 ἀπὸ
2605 5369 2759 5420 Θεοῦ.
2789 5366 2859 5419 Τὸ
2912 5366 3009 5437 μὴ·
3043 5364 3248 5435 πλῆξαι
3297 5365 3573 5436 ἄνθρωπον
3608 5360 3756 5415 τίκτει
3781 5371 3852 5405 τα·

2256 5453 2511 5514 πείνωσις
2542 5471 2554 5484 ⁸
2588 5453 2623 5523 ἡ
2660 5450 2716 5508 δέ
2764 5451 2890 5525 δόξα
2917 5459 3024 5508 τῶν
3070 5454 3368 5530 ἀνθρώπων
3414 5452 3574 5507 τίκτει
3602 5449 3692 5517 τήν
3721 5444 3850 5515 ὑπερο
