4086 6214
244 320 393 379 i’al3

1012 323 1276 386 SERMO
1322 324 1476 386 PRO
1524 326 1620 386 IIS
1663 326 1798 397 QUI
1848 323 2173 387 εΑῑυῑπιυ
2222 324 2865 387 RENUNTIABUN'I‘.
2906 342 2909 343 '

3488 326 3643 385 MM

229 447 484 537 ηιραγίαν.
539 451 600 504 Ἡ
662 450 929 527 ἀοργησία
980 452 1149 509 τίκτει
1202 456 1302 524 τήν
1362 449 1658 530 πραότητα·
1728 457 1763 524 ἡ
1823 452 1912 527 δὲ,

2023 473 2083 511 as
2138 456 2290 527 parit
2338 457 2849 512 mansuetudinem
2895 475 2908 525 ;
2957 455 3309 526 injuriarum
3362 459 3645 513 memoria

238 540 569 611 μνησικακία
642 541 808 595 τίκτει
882 543 980 610 τὴν
1059 542 1355 600 ἀπώλειαν.
1408 544 1477 597 Τὸ
1528 544 1739 617 ἀγαπᾷν
1790 544 1882 597 τὸν

235 629 555 700 πΛατυσμὸν
619 627 866 684 ἐκδιώκει
920 631 1015 693 τάς
1081 632 1290 707 ἀρετάς·
1342 635 1376 702 ἡ
1438 630 1495 687 δὲ
1547 632 1887 707 στενοχωρία

233 722 485 771 ταπεινοῖ
526 718 594 771 τὰ
649 719 816 788 πάθη.
866 720 929 775 Ἡ
984 719 1242 792 ἐπιθυμία
1294 726 1398 775 τῶν
1449 717 1756 794 ἐδεσμάτων
1802 719 1888 774 δι-

234 805 360 880 άγει
393 805 467 867 είς
497 806 562 860 τὰ
592 807 761 875 πάθηο
794 809 829 876 ἡ
863 805 919 862 δὲ
963 807 1241 884 ἐγκράτεια
1285 807 1533 864 ἐκδιώκει
1585 809 1740 866 αὐτά.
1788 808 1888 863 Κό-

237 915 443 966 σμησις
475 896 751 968 σώματος,
785 898 972 971 ψυχῆς
1000 900 1369 976 καταστροφή·
1422 901 1572 971 τῆξις
1606 896 1663 953 δὲ
1703 897 1889 970 σώμα-

232 1006 359 1053 τος,
388 985 772 1059 ἀνακαινισμὸς
803 989 1008 1062 ψυχῆς.
1042 988 1438 1065 Περιφρόνησις
1470 990 1747 1061 σώματος,
1781 1009 1891 1041 σω-

231 1073 404 1148 τηρία
436 1078 642 1150 ψυχῆς·
677 1074 964 1147 ἐπιμέλεια
994 1074 1051 1130 δὲ
1081 1075 1353 1148 σώματος,
1398 1077 1560 1151 παγὶς
1598 1080 1666 1150 τῇ
1715 1077 1886 1150 ψυχῇ.

232 1164 397 1233 Τῆξις
431 1160 488 1217 δὲ
520 1162 771 1235 σώματος
806 1165 1085 1241 φωτισμὸς
1117 1167 1323 1240 ψυχῆς.
1355 1166 1430 1222 Τὸ
1478 1166 1768 1240 προσέχειν
1800 1164 1891 1218 τὸν

234 1256 365 1305 νοῦν
398 1253 508 1306 ἄνω
535 1252 784 1324 πάντοτε,
817 1253 983 1307 τίκτει
1012 1255 1112 1322 τὴν
1142 1253 1354 1329 ἀγάπην
1400 1254 1500 1322 τὴν
1558 1254 1695 1328 πρὸς
1743 1251 1891 1309 Θεόν’

235 1343 273 1409 ἡ
309 1338 366 1395 δὲ
400 1341 635 1414 μέριμνα
657 1339 754 1396 τοῦ
791 1342 909 1417 βίου
942 1339 1190 1397 ἐκδιώκει
1219 1344 1313 1403 τὰς
1342 1342 1553 1419 ἀρετάς.
1603 1342 1679 1399 Τὸ
1727 1340 1898 1419 φυλά-

241 1429 327 1498 ξαι
356 1429 418 1483 τὸ
448 1430 643 1501 στόμα,
678 1426 932 1504 διεγείρει
979 1431 1079 1498 τήν
1124 1429 1365 1485 διάνοιαν
1414 1432 1549 1506 πρὸς
1597 1430 1688 1485 τὸν
1741 1428 1892 1485 Θεόν·

240 1521 279 1587 ἡ
318 1516 375 1572 δὲ
427 1517 734 1594 πολυλογία
789 1518 956 1573 τίκτει
1017 1520 1115 1588 τήν
1168 1517 1394 1590 ἀκηδίαν
1427 1520 1516 1574 καὶ
1546 1520 1646 1588 τὴν
1682 1518 1893 1592 μανίαν.

243 1607 319 1661 Τὸ
375 1614 600 1676 ποιῆσαι
649 1609 711 1661 τὸ
788 1606 1005 1680 θέλημα
1080 1612 1178 1663 τοῦ
1244 1607 1505 1679 πλησίον,
1567 1608 1820 1680 σημαίνει
1868 1609 1896 1662 6

244 1701 371 1757 νοῦς
404 1700 480 1768 (a)
515 1695 734 1771 βλέπειν
763 1698 860 1758 τὰς
892 1696 1105 1772 ἀρετάς’
1161 1699 1222 1751 τὸ
1272 1695 1328 1752 δὲ
1376 1704 1602 1766 ποιῆσαι
1648 1698 1711 1751 τὸ
1758 1695 1895 1750 ἷίδιον

243 1785 740 1856 οἑλημα,σημαίνει
774 1786 873 1853 τὴν
908 1784 1146 1861 ἄγνοιαν·
1180 1788 1241 1839 Ἣ
1277 1786 1476 1859 μελέτη
1512 1786 1564 1840 ἐν
1599 1780 1774 1863 φόϐῳ,
1800 1808 1897 1862 φυ-

246 1873 436 1928 λάσσει
466 1874 564 1940 τὴν
597 1874 781 1948 ψυχὴν
815 1874 920 1927 ἀπὸ
945 1875 1142 1935 παντὸς
1167 1878 1355 1928 κακοῦ·
1388 1873 1451 1927 τὰ
1484 1873 1539 1927 δὲ
1563 1874 1750 1929 λαλεῖν
1771 1873 1898 1935 τοὺς

240 1962 543 2034 κοσμικοὺς
577 1960 778 2035 λόγους
810 1962 1044 2031 σκοτίζει
1072 1964 1171 2031 τήν
1219 1965 1427 2037 ψυχήν.
1459 1965 1529 2017 Τὸ
1559 1963 1770 2038 ἀγαπᾷν
1800 1964 1899 2030 τὴν

246 2050 390 2120 ὕλην
423 2055 519 2104 τοῦ
566 2050 795 2125 κόσμου,
827 2051 1056 2126 χωρίζει
1088 2051 1194 2106 ἀπὸ
1223 2057 1321 2106 τοῦ
1361 2055 1495 2106 Θεοῦ
1547 2051 1639 2105 τὸν
1690 2056 1830 2105 νοῦν⁵
1864 2054 1899 2120 ἡ

251 2136 313 2193 δὲ
370 2139 725 2212 ἀκτημοσόνη
788 2139 1064 2216 παρρησίᾳ
1124 2139 1313 2216 βλὲπει
1366 2142 1446 2212 τῷ
1502 2141 1638 2212 Θεῷ.
1697 2141 1768 2194 Τὸ
1826 2139 1902 2213 μὴ

252 2227 431 2300 ἐξάξαι
452 2230 580 2290 τοὺς
613 2227 914 2303 λογισμοὺς
964 2226 1368 2302 δηλοποιεῖται,
1418 2228 1502 2284 ὅτι
1552 2228 1768 2300 ἐκζητεῖ
1803 2230 1901 2296 τήν

257 2315 417 2386 δόξαν
447 2322 544 2371 τοῦ
568 2316 778 2389 κόσμου
830 2317 1025 2373 τούτου
1075 2319 1174 2387 τὴν
1226 2319 1458 2393 αἰσχρὰν
1514 2318 1604 2372 καὶ
1654 2306 1901 2390 ματαίαν·

255 2405 324 2459 τὸ
355 2402 414 2459 δὲ
458 2406 720 2480 γνωρίσαι
770 2406 904 2461 αὑτά
948 2412 1337 2480 πνευματικοῖς
1386 2406 1667 2480 πατράσιν,
1715 2403 1906 2459 ἐκδιώ-

257 2514 345 2549 κει
376 2493 528 2551 αὐτά.
578 2496 779 2570 Ὥσπερ
837 2496 865 2550 6
926 2495 1005 2557 ἰὸς
1069 2491 1429 2571 βιϐρώσκεται
1469 2498 1497 2549 6
1531 2495 1773 2569 μοναχὸς
1807 2493 1910 2547 ὑπὸ

258 2584 363 2652 τήν
396 2581 550 2654 δόξαν
597 2588 704 2638 τῶν
758 2584 1078 2659 ἀνθρώπων,
1130 2584 1217 2638 ἐὰν
1264 2587 1299 2653 ἡ
1357 2582 1553 2659 καρδία
1578 2582 1742 2638 αὐτοῦ
1774 2604 1910 2655 συμ-

261 2676 461 2746 πεισθῇ
494 2672 659 2745 αὐτῷ.
693 2675 893 2746 ’Ὠσπερ
926 2671 1169 2744 σκώληξ,
1213 2671 1338 2743 ἤτοι
1384 2673 1604 2746 σμίλαξ,
1660 2671 1911 2745 συμπλα-

261 2761 378 2823 κεὶς
407 2764 476 2835 τῇ
507 2760 759 2834 ἀμπέλῳ,
809 2762 1050 2839 ἀφανίζει
1098 2762 1191 2817 τὸν
1235 2769 1440 2838 καρπὸν
1495 2762 1683 2831 αὐτῆς’
1738 2761 1911 2822 οὕτως

261 2849 502 2918 ἀθανίζει
548 2848 826 2921 κενοδοξία
869 2852 960 2906 τὸν
1010 2852 1214 2927 καρπὸν
1264 2856 1361 2906 τοῦ
1416 2855 1685 2926 μοναχοῦ,
1739 2849 1824 2905 ἐάν
1875 2852 1911 2918 ἠ

261 2936 461 3013 καρδία
539 2939 701 2994 αὐτοῦ
776 2944 1081 3013 συμπεισθῇ
1148 2939 1307 3014 αὐτῇ.
1367 2941 1479 3015 Πρὸ
1537 2939 1747 2994 πάντων
1806 2942 1914 2992 τῶν

266 3029 473 3103 ἀρετῶν
534 3028 671 3082 ἐστιν
788 3028 1279 3106 ταπεινοφροσύνη·
1336 3029 1442 3105 πρὸ
1474 3026 1531 3083 δὲ
1560 3029 1771 3083 πάντων
1803 3032 1911 3081 τῶν

1996 546 2148 617 parit
2199 544 2461 600 exitium.
2496 545 2815 601 Dissolutio
2847 546 3009 618 pellit
3056 547 3335 613 virtutes;
3370 549 3647 618 angustia

1996 633 2274 706 deprimit
2333 634 2655 706 passiones.
2709 635 3198 705 Concupiscentia
3255 636 3520 691 ciborum
3585 637 3644 691 in

1998 740 2205 796 pravos
2256 724 2498 778 affectus
2553 724 2799 791 inducit,
2847 726 3235 795 temperantia
3283 726 3440 795 ejicit
3490 725 3643 782 illos.

1999 813 2205 866 Cultus
2254 814 2517 883 corporis
2549 820 2639 866 est
2680 814 2888 866 animas
2939 813 3244 884 pernicies,
3274 814 3489 868 macies
3520 831 3646 869 cor-

2000 899 2159 970 poris
2190 905 2279 954 est
2325 900 2620 955 renovatio
2673 901 2903 954 animm.
2966 900 3235 971 Corporis
3285 907 3656 973 contemptus

2001 994 2090 1042 est
2140 987 2301 1043 salus
2361 988 2587 1055 animm,
2619 1005 2759 1043 cura
2816 991 3077 1059 corporis
3140 989 3387 1060 laqueus
3448 994 3653 1059 animi,

2002 1077 2219 1131 macies
2266 1078 2523 1148 corporis
2583 1084 2670 1131 est
2717 1077 3071 1132 illuminatio
3130 1080 3358 1133 anima}.
3393 1080 3651 1135 Mentem

2002 1182 2240 1221 sursum
2261 1166 2817 1237 semperintendere,
2852 1166 2905 1220 id
2942 1168 3095 1237 parit
3124 1167 3468 1223 charitatem
3510 1185 3656 1241 erga

2004 1260 2225 1321 Deum;
2260 1255 2594 1309 sollicitudo
2623 1255 2752 1308 vitae
2786 1256 3027 1309 virtutes
3058 1255 3482 1312 eliminaLOris
3513 1274 3645 1312 cus-

2004 1343 2165 1398 todia
2214 1344 2425 1398 excitat
2479 1348 2735 1398 mentem
2770 1345 2840 1397 ad
2901 1346 3102 1414 Deum,
3137 1345 3459 1415 loquacitas
3510 1347 3660 1416 parit

2005 1432 2332 1488 socordiam
2361 1439 2417 1487 et
2440 1432 2977 1487 furorem.Proximi
3008 1433 3366 1488 voluntatem
3392 1434 3659 1505 implere,

2007 1521 2062 1575 id
2098 1519 2394 1591 significat
2444 1526 2697 1575 mentem
2730 1522 2797 1575 ad
2852 1521 3096 1576 virtutes
3145 1527 3409 1593 spectare
3443 1540 3454 1577 :
3490 1539 3659 1578 suam

2006 1625 2139 1664 vero
2172 1609 2336 1679 sequi
2360 1609 2736 1675 voluntatem,
2774 1610 2827 1663 id
2853 1610 3069 1664 indicat
3093 1611 3506 1680 ignorantiam.
3541 1612 3659 1665 Me-

2007 1698 2215 1752 ditatio
2239 1714 2371 1752 eum
2400 1699 2604 1752 timore
2622 1700 2879 1752 custodit
2910 1704 3161 1753 mentem
3188 1701 3258 1753 ab
3282 1700 3439 1754 omni
3467 1700 3662 1767 malo;

2011 1786 2308 1842 mundana
2337 1786 2495 1857 loqui
2529 1787 2784 1849 verba,id
2821 1787 3076 1839 animam
3104 1788 3365 1842 tenebris
3388 1790 3661 1843 oﬁ'undit.

2010 1876 2210 1930 Mundi
2264 1891 2356 1929 res
2387 1879 2445 1929 et
2481 1876 2711 1947 negotia
2741 1876 3005 1946 diligere,
3038 1876 3092 1928 id
3146 1884 3398 1931 mentem
3433 1883 3663 1950 separat

2010 1982 2042 2018 a
2073 1964 2226 2031 Deo;
2262 1969 2573 2035 paupertas
2623 1965 2802 2017 efﬁcit
2834 1970 2897 2017 ut
2927 1981 3057 2018 cum
3114 1965 3327 2019 ﬁducia
3362 1967 3510 2021 Deus
3544 1984 3665 2023 res-

2014 2053 2282 2124 piciatur.
2339 2052 2732 2123 Cogitationes
2782 2071 2894 2106 non
2947 2055 3192 2124 aperire,
3254 2055 3308 2109 id
3371 2056 3669 2127 signiﬁcat

2013 2141 2308 2197 hominem
2343 2142 2496 2197 522
2549 2157 2809 2211 quaerere
2842 2159 3043 2196 vanam
3079 2159 3144 2197 ac
3191 2150 3421 2214 turpem
3459 2146 3665 2199 mundi

2013 2230 2295 2302 gloriam;
2330 2228 2740 2300 spiritualibus
2770 2235 2964 2284 autem
3018 2231 3284 2302 patribus
3316 2234 3661 2303 patefacere,

2014 2318 2073 2371 id
2106 2335 2204 2372 eas
2234 2316 2517 2371 eliminat.
2544 2317 2867 2371 Monachus
2900 2335 3000 2372 ceu
3034 2320 3304 2390 rubigine
3335 2322 3664 2376 corroditur

2015 2405 2320 2459 hominum
2346 2403 2549 2476 gloria,
2582 2405 2629 2459 si
2666 2411 2854 2459 tamen
2878 2423 2976 2460 cor
2995 2406 3124 2476 ejus
3145 2409 3194 2461 ei
3231 2426 3446 2464 morem
3480 2417 3665 2480 gerat.

2016 2493 2522 2556 Quemadmodum
2556 2493 2769 2547 vermis
2802 2500 2903 2548 aut
2928 2495 3140 2549 smilax
3158 2496 3337 2551 vineae
3355 2498 3668 2569 complica-

2016 2588 2114 2637 tus
2164 2582 2292 2652 ejus
2346 2582 2601 2636 fructum
2658 2587 2882 2645 enecat,
2918 2584 3001 2637 sic
3050 2600 3197 2638 vana
3243 2584 3427 2655 gloria
3467 2591 3672 2642 enecat

2021 2669 2292 2725 monachi
2328 2671 2606 2733 fructum,
2635 2670 2681 2724 si
2719 2676 2914 2724 tamen
2948 2688 3045 2725 cor
3074 2673 3203 2741 ejus
3236 2674 3346 2743 ipsi
3378 2676 3667 2745 obsequa-

2020 2760 2313 2815 tur.Praait
2342 2759 2619 2813 omnibus
2648 2759 2963 2813 virtutibus
2996 2759 3320 2826 humilitas,
3354 2763 3518 2831 praeit
3549 2780 3673 2817 om-

2022 2848 2194 2902 nibus
2227 2847 2601 2919 passionibus
2650 2847 2929 2902 edacitas.
2967 2848 3122 2902 Finis
3155 2849 3440 2905 virtutum
3472 2850 3667 2905 chari-

2021 2943 2134 3003 tas,
2165 2936 2661 3007 complementum
2712 2935 2999 2991 malorum
3050 2944 3157 3007 est,
3213 2955 3341 2993 sese
3394 2944 3664 3010 reputare

2015 3028 2268 3097 justum.

265 3120 451 3172 παθῶν
484 3117 623 3173 ἐστιν
655 3122 689 3187 ἡ
720 3119 1143 3194 γαστριμαργία.
1173 3117 1340 3180 Τέλος
1374 3119 1574 3196 ἀρετῶν
1608 3118 1816 3193 ἀγάπηο
1851 3116 2091 3193 λήρωμα
2125 3114 2182 3169 δὲ
2210 3119 2412 3181 κακῶν,
2439 3116 2501 3168 τὸ
2532 3114 2717 3169 ἑαυτὸν
2748 3111 3060 3191 λογίσασθαι
3096 3114 3227 3170 εἶναι
3260 3112 3490 3174 δίκαιον.

338 3210 393 3263 5.
426 3212 629 3282 Ὥσπερ
661 3206 881 3278 σκώληξ
911 3206 1198 3262 κατεσθίων
1248 3206 1407 3277 ξύλον
1462 3207 1705 3284 ἀφανίζει
1763 3206 1914 3276 αὑτὸ,
1946 3209 1988 3273 C

267 3294 445 3356 οὕτως
480 3296 720 3372 ἀφανίζει
757 3296 1084 3367 μνησικακία
1111 3297 1211 3364 τὴν
1252 3297 1434 3371 ψυχὴν
1484 3300 1582 3350 τοῦ
1642 3298 1914 3370 μοναχοῦ.

265 3385 339 3439 Τὸ
361 3383 693 3461 παραρρίψαι
726 3386 909 3439 ἑαυτὸν
943 3383 1172 3439 ἐνώπιον
1197 3389 1295 3439 τοῦ
1313 3388 1466 3454 Θεοῦ,
1486 3384 1654 3438 τίκτει
1684 3383 1746 3438 τὸ
1782 3384 1919 3437 ὑποο

269 3474 452 3551 φέρειν
486 3468 637 3549 ὕϐριν
669 3473 980 3549 ἀταράχως·
1012 3474 1074 3528 τὸ
1120 3471 1176 3527 δὲ
1230 3474 1305 3546 μὴ
1363 3472 1654 3544 ἐξουθενεῖν
1712 3472 1915 3543 ἑαυτὸν,

264 3561 440 3616 τίκτει
469 3563 568 3630 τήν
600 3562 984 3639 ὑπερηφανίαν.
1018 3563 1107 3630 Μὴ
1144 3557 1232 3616 ἔσο
1271 3563 1548 3624 πεποιθὼς
1595 3560 1681 3615 ἐπὶ
1729 3562 1799 3632 τῇ
1853 3558 1920 3634 aﬁ

269 3649 520 3722 δυνάμει,
553 3650 642 3704 καὶ
673 3652 707 3719 ἡ
745 3650 969 3724 βοήθεια
996 3656 1093 3705 τοῦ
1125 3653 1259 3705 Θεοῦ
1291 3651 1615 3725 παροικήσει
1661 3670 1768 3706 σοι.
1829 3648 1917 3716 Mi)

270 3738 371 3814 ἔχε
399 3734 596 3814 ἔχθραν
634 3737 767 3811 μετά
794 3759 965 3806 τινος,
993 3738 1106 3793 ἐπεὶ
1130 3736 1493 3812 ἀπρόσδεκτός
1517 3737 1657 3792 ἐστιν
1690 3740 1724 3807 ἡ
1756 3757 1922 3813 προσ-ι

272 3829 414 3902 ευχή
462 3848 579 3882 σου.
638 3825 924 3896 Ἀλήθειαν
981 3827 1179 3901 ἀγάπαο
1216 3830 1366 3896 ’τῆς
1421 3828 1521 3903 γὰρ
1582 3824 1921 3900 ψευδόμενος

271 3917 453 3971 ἀθετεῖ
480 3916 571 3971 τὸν
605 3915 792 3970 καλόν.
828 3915 1072 3986 Φόλαξον
1102 3915 1231 3977 τοὺς
1261 3915 1578 3992 ὀφθαλμούς
1620 3936 1737 3986 σου,
1767 3916 1857 3970 καὶ
1884 3917 1919 3984 ἠ

271 4002 474 4078 καρδία
503 4025 597 4059 σου
630 4003 692 4058 οὐ
725 4005 801 4077 μὴ
827 4002 922 4079 ’ίδῃ
956 4004 1215 4080 πονηρόν.
1249 4006 1309 4061 Ὁ
1330 4005 1429 4081 γὰρ
1457 4003 1672 4080 βλέπων
1695 4010 1925 4079 γυναῖκα

274 4094 329 4149 ἐν
362 4091 560 4166 ἡδονῇ,
598 4091 849 4168 μοιχείαν
883 4091 1140 4149 ἐπιτελεῖ.
1174 4090 1428 4147 Φύλασσε
1472 4093 1570 4160 τήν
1604 4093 1771 4162 ἀκοήν
1806 4113 1923 4159 σου,

267 4182 368 4238 ’ἱνα
401 4195 478 4256 μη
541 4181 855 4256 ἑπισυνάξῃς
912 4186 1117 4253 σεαυτῷ
1173 4183 1344 4235 πάντα
1398 4181 1637 4256 πονηρὸν
1699 4179 1922 4256 σπόρον.

275 4273 486 4343 Φεύξου
516 4272 622 4327 ἀπὸ
651 4270 985 4333 καταλαλιᾶς
1014 4276 1112 4325 τοῦ
1140 4271 1521 4345 πονηροτάτου
1554 4268 1925 4343 δαίμονος,καὶ

274 4363 525 4440 εἰρήνευε
565 4360 697 4435 μετά
726 4364 961 4431 πάντων,
987 4358 1079 4414 ἵνα
1107 4359 1450 4437 παῤῥησίασῃ
1485 4358 1802 4436 εὐχόμενος.
1837 4361 1925 4428 Μὴ

278 4453 548 4525 ἐπιποθῇς
601 4451 822 4506 ἀκοῦσαι
885 4444 1097 4527 βλάϐην
1149 4448 1334 4514 λύπης
1376 4449 1575 4511 παντὸς
1622 4450 1927 4524 ἀνθρώπου,

276 4543 367 4597 ἴνα
401 4542 477 4614 μὴ
509 4538 911 4601 ἀνταποδώσεις
940 4539 1099 4594 αὐτὸν
1134 4538 1185 4592 ἐν
1217 4541 1285 4611 τῇ
1332 4536 1526 4614 καρδίᾳ
1575 4559 1694 4594 σου.
1748 4539 1931 4613 Ἐργά-

280 4638 378 4701 ζου
408 4629 459 4683 ἐν
491 4634 570 4701 τῷ
599 4628 906 4705 ἐργοχείρῳ
936 4650 1052 4695 σου,
1080 4626 1169 4682 ⁸ίνα
1198 4627 1329 4702 εὕρῃ
1361 4628 1588 4702 πτωχὸς
1620 4626 1708 4680 σὸν
1744 4625 1922 4700 ἄρτον·

278 4722 315 4789 ἡ
365 4718 468 4795 γὰρ
525 4718 688 4792 ἀργία
746 4717 967 4778 Οάνατός
1024 4716 1134 4771 ἐστι
1192 4717 1262 4790 τῇ
1320 4719 1496 4791 ψυχῇ.
1554 4715 1624 4768 Τὸ
1683 4718 1925 4789 συνεχῶς

278 4808 677 4882 προσεύχεσθαι
734 4806 1023 4880 λυτροῦται
1078 4807 1176 4873 τήν
1236 4806 1422 4879 ψυχὴν
1469 4804 1576 4858 ἀπὸ
1606 4805 1803 4864 παντὸς
1834 4824 1931 4856 κα-

278 4901 401 4952 κοῦ.
435 4898 510 4952 Τὸ
541 4895 615 4949 δὲ·
667 4892 1241 4971 καταμικραμελῆσαι,
1293 4892 1611 4967 οἰκητήριον
1656 4896 1761 4945 τῶν
1823 4888 1937 4944 δαι-

285 4987 465 5059 μόνων
500 4983 945 5047 ἀποκαθίσταται.
1003 4985 1319 5055 Καθήμενος
1368 4981 1418 5035 ἐν
1476 4985 1543 5055 τῇ
1588 4979 1794 5053 κελλίῳ
1844 5001 1938 5033 σου

278 5080 391 5129 τῶν
421 5095 552 5128 ποτε
587 5073 794 5128 τούτων
847 5072 1099 5150 φρόντιζε
1140 5076 1404 5145 συνεχῶς’
1450 5077 1549 5139 τῆς
1594 5070 1785 5145 εὐχῆς,
1846 5067 1936 5122 καὶ

277 5171 383 5232 τῆς
419 5162 672 5235 μελετῆς,
702 5162 790 5215 καὶ
821 5166 917 5216 τοῦ
951 5161 1296 5237 ἐργοχείρου.
1352 5165 1476 5223 Καθ’
1526 5159 1750 5228 ἑκάστην
1803 5158 1939 5230 ἠμὲ-

285 5272 382 5327 ραν
445 5251 774 5325 μνημόνευε,
832 5254 938 5304 ποῦ
1001 5250 1100 5321 εἷς,
1157 5249 1247 5303 καὶ
1304 5249 1356 5303 τί
1412 5248 1631 5323 ἐργάζῃ,
1691 5247 1779 5301 καὶ
1808 5245 1932 5301 ὅταν

288 5346 317 5373 ⁸
348 5340 635 5414 μεταστῇς,
670 5343 775 5394 ποῦ
805 5337 953 5415 ἔχεις
985 5337 1257 5407 ἀπελθεῖν,
1289 5338 1378 5393 καὶ
1412 5337 1649 5412 πρόσεχε
1704 5340 1930 5407 σεαυτῷ·

286 5431 409 5486 Ἐὰν
443 5432 472 5484 6
504 5429 771 5505 λογισμός
802 5450 897 5483 σου
930 5435 948 5453 ⁶
983 5426 1095 5496 ὕζει
1127 5448 1206 5495 σε,
1238 5426 1321 5482 ὅτι
1361 5424 1475 5502 ἔχει
1508 5447 1590 5488 τις
1636 5426 1771 5480 κατά
1814 5428 1934 5492 σοῦ,

358 5642 437 5716 (ιι)
470 5641 656 5711 Ἴσως,
682 5640 773 5695 τὸν
804 5644 956 5699 νοῦν.

2098 3206 2316 3260 5.Sicut
2338 3205 2551 3260 vermis
2574 3206 2932 3261 corrodendo
2964 3206 3188 3278 lignum
3231 3214 3433 3263 enecat
3458 3209 3675 3280 ipsum,

2025 3294 2109 3349 ita
2139 3293 2417 3349 memoria
2449 3293 2799 3363 injuriarum
2834 3305 3036 3349 enecat
3085 3296 3354 3351 monachi
3388 3298 3672 3354 animam.

2027 3383 2166 3438 Sese
2214 3387 2577 3453 prosternere
2626 3384 2681 3436 in
2732 3388 3048 3453 conspectu
3095 3384 3349 3451 Domini,
3395 3388 3450 3441 id
3498 3387 3677 3443 efﬁcit

2030 3476 2094 3524 ut
2124 3470 2483 3525 contumelia
2531 3472 2808 3526 toleretur
2859 3472 2985 3527 sine
3031 3474 3466 3543 perturbatione
3499 3493 3513 3531 :
3549 3493 3676 3533 sese

2029 3576 2145 3613 non
2179 3561 2497 3631 despicere,
2532 3561 2585 3613 id
2644 3562 2792 3632 parit
2825 3562 3186 3631 superbiam.
3219 3563 3299 3617 Ne
3330 3570 3440 3618 tum
3472 3566 3674 3619 virtuti

2030 3648 2310 3709 conﬁdas,
2349 3647 2571 3719 tibique
2620 3649 2806 3703 aderit
2837 3649 2928 3704 Dei
2970 3650 3276 3704 auxilium.
3311 3651 3392 3706 Ne
3424 3652 3675 3707 inimici-

2029 3735 2171 3791 tiam
2204 3753 2337 3791 cum
2370 3736 2565 3807 aliquo
2597 3737 2845 3805 habeto;
2879 3737 3136 3809 alioquin
3174 3740 3414 3794 minime
3444 3747 3682 3812 accepta

2032 3825 2143 3880 erit
2174 3825 2358 3879 oratio
2388 3825 2834 3880 tua.Vcritatem
2868 3826 3043 3897 dilige
3076 3828 3117 3880 ι’
3150 3845 3283 3881 nam
3318 3830 3363 3882 si
3400 3829 3680 3885 mentiare

2034 3917 2250 3969 bonum
2284 3913 2859 3984 vilipendis.Custodi
2889 3913 3097 3969 oculos
3120 3920 3271 3980 tuos,
3302 3922 3358 3969 et
3386 3934 3485 3971 cor
3511 3923 3677 3973 tuum

2034 4020 2103 4057 ne
2134 4002 2289 4056 vidal
2327 4000 2570 4056 malum.
2606 4002 2710 4065 Qui
2770 4018 3023 4072 namque
3055 4019 3188 4058 cum
3221 4004 3517 4075 voluptate
3548 4023 3683 4061 mu-

2032 4092 2231 4146 lierem
2288 4090 2543 4160 respicit,
2598 4090 2656 4144 in
2710 4090 3151 4146 fornicationem
3216 4092 3443 4149 incidit.
3495 4102 3683 4152 Aures

2035 4197 2200 4235 serva
2255 4185 2409 4243 tuas,
2446 4195 2516 4233 ne
2573 4180 2968 4250 quodcunque
3018 4197 3258 4250 pravum
3318 4198 3517 4237 semen
3575 4183 3685 4238 tibi

2037 4267 2460 4340 colligas.Fuge
2490 4268 2972 4322 obtrectationem
3008 4269 3436 4340 nequissimum
3472 4272 3686 4327 daemo-

2039 4373 2194 4425 nem,
2232 4371 2545 4427 pacemque
2577 4356 2724 4409 habe
2755 4373 2887 4409 cum
2923 4358 3219 4423 omnibus,
3241 4364 3306 4413 ut
3336 4358 3393 4413 in
3424 4361 3685 4417 oratione

2038 4446 2314 4500 ﬁduciam
2342 4443 2668 4499 habeas.Ne
2700 4446 2903 4513 cupias
2934 4445 3138 4500 audire
3168 4445 3489 4517 quidquam
3525 4449 3688 4505 triste

2040 4541 2097 4589 et
2126 4534 2478 4588 damnosum
2524 4551 2589 4588 ex
2622 4535 2827 4603 quovis
2859 4534 3095 4590 homine
3131 4553 3144 4590 :
3180 4552 3250 4589 ne
3280 4534 3390 4606 ipsi
3422 4535 3481 4591 in
3514 4538 3687 4594 corde

2037 4628 2136 4677 tuo
2171 4640 2274 4694 par
2305 4624 2539 4677 referas.
2575 4622 2743 4693 Operi
2779 4640 3061 4677 manuum
3097 4624 3389 4691 incumbe,
3426 4629 3490 4680 ut
3522 4642 3684 4681 men-

2036 4713 2202 4767 dicus
2235 4729 2441 4783 panem
2494 4728 2667 4765 suum
2702 4712 2852 4778 apud
2905 4718 2958 4766 te
2992 4714 3239 4782 reperiat
3272 4730 3283 4767 :
3322 4730 3452 4768 nam
3499 4713 3685 4770 otium

2048 4818 2205 4855 mors
2257 4806 2345 4855 est
2374 4800 2601 4855 anima).
2641 4800 2933 4869 Frequens
2973 4801 3159 4855 oratio
3190 4802 3444 4856 animam
3477 4803 3691 4859 liberat

2047 4892 2119 4945 ab
2142 4890 2300 4945 omni
2326 4889 2498 4955 malo,
2515 4892 2532 4911 ‘
2560 4905 2725 4959 nugae
2749 4890 3301 4954 autem,dasmonum
3324 4891 3688 4947 domicilium

2047 4979 2429 5033 constituunt.
2464 4977 2683 5031 Sedens
2718 4977 2772 5030 in
2808 4977 3019 5031 cellula
3072 4983 3192 5045 tua,
3227 4980 3298 5033 de
3330 4979 3421 5035 his
3454 4982 3691 5035 assidue
3772 5006 3777 5013 -

2048 5072 2169 5121 esto
2200 5067 2507 5131 sollicitus,
2534 5082 2741 5135 nempe
2773 5066 2841 5119 de
2874 5067 3155 5127 oratione,
3185 5069 3255 5121 de
3288 5069 3690 5136 meditatione,

2049 5156 2118 5210 de
2150 5172 2320 5226 opere
2353 5172 2657 5209 manuum.
2694 5154 2985 5209 Memento
3018 5156 3277 5227 quotidie
3311 5158 3551 5212 ubinam
3584 5158 3690 5223 sis,

2048 5249 2104 5299 et
2135 5244 2271 5314 quid
2307 5243 2582 5314 opereris.
2618 5243 2777 5305 Quod
2804 5242 3109 5315 siquando
3132 5262 3279 5316 opus
3302 5245 3378 5299 sit
3399 5250 3464 5299 ut
3496 5245 3693 5315 aliquo

2050 5333 2437 5404 proﬁciscare,
2470 5348 2669 5386 curam
2706 5332 2786 5385 tui
2822 5332 2989 5387 habe.
3025 5333 3084 5388 Si
3134 5334 3364 5402 quando
3398 5333 3500 5387 tibi
3554 5349 3692 5405 sug-

2046 5427 2209 5493 gerat
2257 5420 2526 5493 cogitatio
2577 5427 2698 5488 tua,
2730 5438 3087 5494 quemquam
3139 5439 3266 5476 esse
3314 5423 3413 5493 qui
3469 5420 3693 5493 aliquid
