4086 6214
1662 289 1726 350 S.
1779 281 2304 347 ATHANASIUS.
2333 319 2407 330 --
2436 283 2746 348 SPUHIA.

3727 301 3846 365 1416

498 438 710 492 habeat
740 433 1049 489 adversum
1083 432 1159 494 te,
1194 444 1263 482 ne
1311 425 1600 498 despicias
1630 441 1785 492 eum,
1820 423 1921 478 sed
1970 420 2107 475 incli

2224 420 2335 490 ,μὴ
2394 425 2810 498 καταφρονήσῃς
2866 425 3032 500 αὐτῷ,
3113 428 3258 485 ἀλλὰ
3319 429 3448 504 βάλε
3521 431 3655 505 αὖτῷ
3723 441 3847 507 μετά-

501 530 638 580 nato
669 530 724 577 te
755 527 888 575 ante
917 519 1106 573 illum.

568 615 622 668 6.
659 612 739 666 Ne
773 609 1030 679 negligas
1067 603 1390 660 ministeria
1422 600 1671 674 singulis
1703 599 1862 654 boris
1908 596 2146 668 implere

499 709 638 768 tua;
673 718 739 756 ea
777 699 935 753 enim
987 693 1477 749 illuminationcm
1528 691 1776 744 aﬂ'ernnt
1823 688 2050 742 animae.
2086 686 2146 741 Si

499 793 653 846 bona
682 787 869 860 egeris
901 803 970 840 ne
1002 784 1246 855 gloricic
1269 800 1280 849 ;
1305 781 1392 835 sin
1415 779 1599 834 multa
1631 776 1782 832 mala
1813 775 2142 844 admiseris,

500 898 569 934 ne
604 878 982 932 immoderate
1015 872 1235 934 doleas,
1268 870 1369 924 sed
1401 874 1589 922 statue
1627 873 1677 920 te
1712 881 2010 935 nunquam
2046 862 2145 917 illa

495 969 941 1028 commisurum,
975 969 1028 1017 et
1059 960 1308 1016 salutem
1360 973 1733 1026 consequere.
1767 954 1821 1007 Si
1870 953 1973 1008 tibi
2020 969 2139 1007 mo-

495 1057 724 1113 lestiam
785 1057 931 1108 ferat
986 1049 1258 1122 cogitatio
1331 1045 1750 1112 fornicationis,
1813 1042 2134 1098 orationem

493 1147 620 1203 sine
666 1141 1101 1199 intermissione
1132 1138 1245 1192 Deo
1294 1135 1455 1198 offer,
1489 1147 1541 1189 et
1591 1132 1823 1188 sedabit
1866 1129 2047 1186 illam.
2079 1129 2137 1184 Si

491 1236 650 1290 zelus
683 1237 738 1286 et
767 1231 984 1286 invidia
1014 1246 1111 1283 cor
1142 1233 1305 1280 tuum
1355 1231 1672 1295 oppugnet,
1709 1225 2000 1276 memento
2032 1235 2134 1274 nos

493 1322 758 1377 membra
786 1334 914 1373 esse
965 1314 1178 1370 Christi
1211 1329 1437 1375 omnes,
1469 1317 1525 1365 et
1555 1311 1673 1364 sive
1705 1311 1981 1364 honorem
2015 1308 2134 1362 sive

487 1411 844 1482 vituperium
897 1405 1140 1480 proximi
1191 1421 1294 1458 nos
1347 1417 1552 1456 omnes
1598 1404 1878 1470 spectare,
1911 1402 1967 1453 et
2015 1402 2134 1454 ate

488 1503 674 1574 fugiet
726 1498 961 1553 invidia.
995 1495 1122 1549 Haec
1152 1493 1348 1547 omnia
1380 1492 1427 1546 si
1461 1489 1698 1560 colligat
1741 1487 2032 1555 discretio,
2067 1504 2132 1542 ac

486 1607 684 1646 secum
719 1589 817 1642 illa
849 1589 1093 1656 reputet,
1124 1583 1371 1636 virtutes
1403 1579 1637 1650 quidem
1692 1577 1805 1632 sibi
1836 1575 2130 1642 conciliat,

483 1681 626 1734 vitia
659 1686 848 1732 autem
883 1673 1166 1728 eliminat.
1197 1669 1562 1739 [inpossibile
1591 1675 1785 1722 autem
1814 1671 1993 1722 estut
2023 1665 2128 1720 tibi

2255 528 2426 566 νοιαν.

2326 599 2377 652 6.
2415 597 2593 654 Βλέπε
2627 602 2701 673 μή
2756 606 3167 682 καταφρονήσῃς
3219 607 3410 682 ἑκάστῃ
3472 607 3584 683 ὥρα
3635 611 3718 673 τὰς
3758 611 3843 667 λει-

2252 686 2506 762 τουργίας
2539 711 2634 743 σου
2667 689 2953 747 ἐπιτελεῖ-ι’
2989 693 3120 749 αὐτα
3168 696 3270 769 γὰρ
3313 696 3529 774 φέρουσι
3586 700 3667 752 τὸν
3713 723 3841 775 φωτι-

2255 776 2388 845 σμὸν
2426 775 2477 830 ἐν
2508 777 2578 852 τῇ
2626 782 2801 854 ψυχῇ.
2855 781 2920 837 Εἴ
2965 783 3136 858 ἀγαθᾶ
3184 783 3457 854 ἐποίησας,
3515 788 3585 859 μή
3632 810 3844 844 κατακαυ-

2253 867 2358 938 χῶ·
2394 863 2440 919 εἷ·
2472 863 2526 919 δὲ
2577 865 2762 922 πολλὰ
2812 869 3071 940 ἐποίησας
3119 874 3271 941 κατὰ,
3317 876 3390 945 μή
3437 875 3673 950 ἀμέτρως
3701 876 3842 948 λυπη-

2253 955 2372 1025 θῇς,
2405 952 2549 1008 ἀλλὰ
2580 957 2756 1025 στῆθι,
2794 957 2986 1030 μηκέτι
3037 959 3170 1014 αὐτὰ
3220 962 3457 1034 πράξεις,
3508 965 3593 1018 καὶ
3640 968 3839 1041 σωθήσῃ.

2252 1042 2371 1095 Ἐάν
2421 1041 2641 1118 όχλήσῃ
2689 1047 2936 1122 πορνείας
2985 1045 3278 1123 λογισμὸς,
3328 1052 3494 1128 εὐχὴν
3545 1049 3837 1109 ἀδιάῧειπτον

2248 1134 2405 1193 θῦσον
2448 1137 2526 1204 τῷ
2574 1139 2714 1206 Θεῷ,
2759 1135 2848 1190 καὶ
2898 1136 3182 1193 ἀναπαῦσέ
3211 1160 3318 1196 σοι.
3369 1141 3490 1197 Ἐὰν
3525 1143 3552 1196 ὁ
3585 1142 3732 1211 ζῆλος
3772 1143 3838 1198 καὶ

2245 1220 2273 1274 ό
2307 1216 2499 1298 φθόνος
2530 1221 2752 1298 πολεμῇ
2782 1226 2880 1294 τὴν
2904 1224 3124 1300 καρδίαν
3159 1250 3275 1296 σου,
3312 1233 3608 1302 μνήσθησο,
3629 1233 3703 1286 δτι
3725 1233 3836 1304 μέλη

2243 1311 2477 1384 Χριστοῦ
2509 1311 2665 1386 ἐσμεν
2700 1312 2908 1386 πάντες,
2937 1316 3027 1370 καὶ
3059 1316 3141 1371 ὅτι
3182 1319 3215 1387 ἡ
3247 1323 3408 1391 τιμή,
3439 1320 3527 1374 καὶ
3567 1321 3625 1374 τὸ
3669 1316 3836 1381 ὄνειδος

2239 1404 2338 1454 τοῦ
2396 1399 2631 1471 πλησίον
2691 1402 2904 1458 πάντων
2959 1407 3120 1478 ἡμῶν
3181 1405 3316 1477 ἐστι,
3363 1407 3453 1462 καὶ
3485 1409 3708 1486 φεύξεται
3755 1411 3837 1464 ἀπὸ

2243 1493 2361 1545 σοῦ.
2423 1492 2605 1546 Ταῦτα
2663 1488 2721 1546 δὲ
2774 1494 2946 1548 πάντα
3001 1494 3310 1571 συνάγουσα
3365 1499 3400 1566 ἡ
3471 1495 3719 1573 διάκρισις
3767 1500 3836 1551 καὶ

2241 1577 2704 1654 ἀναλογιζομὲνη,
2738 1581 2829 1643 τὰς
2861 1582 2954 1654 μὲν
2987 1582 3179 1657 ἀρετὰς
3208 1584 3557 1660 περιπόσεται
3589 1589 3678 1658 (a),
3703 1589 3758 1640 τὰ
3796 1584 3840 1640 δί

2239 1669 2450 1742 πονηρᾶ
2509 1666 2751 1724 ἐκποδὼν
2811 1676 3067 1728 ποιεῖται.
3127 1669 3416 1728 Ἀδύνατον
3473 1672 3529 1728 δὲ
3576 1673 3730 1729 ἐλθεῖν
3773 1697 3837 1729 σοι

483 1763 1036 1828 accedatdiscretio,
1073 1760 1184 1815 nisi
1218 1760 1380 1830 prius
1413 1757 1658 1810 virtutes
1681 1755 1840 1809 illius
1872 1761 2111 1809 sectatu:

2236 1758 2332 1824 τὴν
2368 1754 2656 1830 διάκρισιν,
2691 1758 2778 1813 ἐὰν
2815 1761 2890 1832 μὴ
2922 1767 3137 1837 πρῶτον
3170 1764 3262 1824 τὰς
3310 1763 3502 1838 ἀρετὰς
3547 1763 3700 1834 αὐτῆς
3741 1764 3837 1819 ἐπι-

483 1855 854 1928 impleveris;
889 1870 1002 1922 prae
1033 1849 1308 1904 omnibus
1352 1852 1547 1901 autem
1583 1845 1761 1900 animi
1794 1841 2124 1912 tranquilli-

479 1953 679 2002 tatem.
713 1939 1132 2012 Tranquillitas
1180 1935 1361 1991 animi
1413 1935 1566 2006 parit
1606 1933 2123 1999 exercitationem;

477 2032 808 2091 exercitatio
845 2029 993 2102 parit
1038 2024 1547 2098 compunctionem
1591 2027 1648 2077 et
1679 2023 1918 2087 ﬂetum;
1952 2021 2124 2076 ﬂetus

479 2123 666 2194 gignit
721 2120 1032 2184 timorem;
1091 2115 1268 2170 timor
1326 2113 1758 2176 humilitatem;
1818 2109 2121 2165 humilitas

476 2209 865 2284 prospiciendi
923 2205 1257 2261 facultatem
1308 2221 1321 2270 ;
1387 2200 1775 2272 prospiciendi
1849 2197 2119 2264 facultas,

475 2315 735 2356 amorem
765 2313 961 2366 ;amor
993 2295 1046 2348 id
1080 2293 1293 2348 animae
1323 2294 1714 2360 comparat,ut
1744 2304 1876 2343 cum
1896 2287 2118 2359 angelis

475 2393 751 2444 versetur.
786 2387 950 2440 Tunc
1004 2388 1197 2438 autem
1259 2384 1552 2451 postremo
1595 2377 1895 2448 cognoscit
1942 2376 2115 2431 homo

473 2478 628 2547 quod
665 2478 743 2532 sit
770 2493 804 2529 a
837 2476 946 2529 Deo
971 2472 1139 2542 longe
1161 2474 1438 2525 remotus.
1471 2466 1578 2530 Qui
1611 2466 1736 2522 vult
1769 2466 1966 2536 igitur,
2000 2465 2112 2520 fra-

472 2575 607 2631 tres,
640 2567 709 2620 ad
745 2563 1030 2636 pretiosas
1072 2562 1213 2615 istas
1266 2574 1468 2612 omnes
1500 2557 1741 2610 virtutes
1793 2554 2114 2626 pervenire,

471 2657 730 2728 cujusvis
785 2651 998 2724 negotii
1030 2667 1170 2704 cura
1216 2663 1433 2701 vacuus
1465 2645 1542 2700 sit
1588 2650 1834 2715 oportet,
1867 2645 2114 2715 odioque

473 2746 758 2802 mundum
791 2743 947 2796 hunc
975 2740 1208 2794 habeat.
1234 2742 1310 2791 Ac
1339 2743 1463 2789 tum
1495 2735 1731 2789 demum
1761 2735 1976 2804 dignus
2011 2735 2110 2789 ha-

471 2838 660 2901 betur,
697 2833 794 2904 qui
825 2832 999 2885 hasce
1029 2827 1274 2880 virtutes
1305 2823 1564 2878 obtineat
1592 2841 1625 2877 a
1655 2823 1922 2878 Domino.

538 2927 591 2978 7.
627 2924 742 2978 Hoc
773 2925 968 2976 autem
999 2916 1228 2978 discito,
1264 2915 1456 2980 frater,
1490 2912 1758 2982 quisquis
1798 2911 1970 2967 homo
2002 2913 2110 2968 im-

469 3015 762 3068 moderate
793 3009 912 3063 edit
942 3011 1042 3062 aut
1073 3006 1239 3070 bibit,
1265 3009 1362 3056 aut
1393 3019 1524 3056 cum
1557 3001 1664 3056 hoc
1699 3003 1915 3056 mundo
1947 3005 2109 3060 abre-

469 3110 605 3174 ptus
637 3101 1064 3158 circumfertur,
1099 3094 1146 3146 is
1180 3093 1392 3163 dignus
1439 3090 1674 3144 habitus
1723 3107 1835 3144 non
1871 3092 1978 3145 fuit
2008 3093 2107 3163 qui

466 3192 536 3244 ad
590 3190 764 3243 hosce
815 3185 1095 3240 terminos
1144 3181 1457 3236 accederet.
1509 3179 1652 3235 Nam
1700 3179 1748 3234 si
1801 3181 2007 3247 praedia
2051 3187 2107 3238 et

467 3279 692 3332 vineam
748 3275 949 3328 habes.
992 3281 1093 3325 aut
1141 3268 1457 3331 domicilia,
1513 3284 1612 3321 seu
1663 3268 1896 3337 quidvis
1950 3269 2106 3324 aliud

474 3369 719 3434 hujusce
766 3361 981 3429 szeculi,
1016 3377 1120 3413 cur
1151 3375 1262 3412 non
1318 3373 1553 3411 uxorem
1584 3357 1757 3410 etiam
1786 3358 2110 3428 accepisti?

466 3457 580 3511 Cur
612 3462 667 3510 te
699 3455 819 3524 ipse
850 3449 1081 3505 seducis
1115 3447 1391 3518 ignorans
1420 3462 1553 3499 eum
1587 3446 1684 3514 qui
1719 3446 1776 3498 in
1807 3445 1994 3515 spinis
2025 3464 2107 3502 εε-

465 3545 743 3608 minatur,
779 3558 892 3596 non
939 3539 1010 3593 ad
1046 3539 1354 3609 perfectam
1391 3534 1746 3588 feracitatem
1793 3534 2107 3590 devenire?

461 3633 568 3696 Qui
604 3648 770 3705 porro
819 3630 1056 3690 otiatur,
1090 3641 1201 3679 non
1253 3628 1441 3694 potest
1495 3639 1667 3676 nosse
1717 3623 1915 3676 Deum.
1948 3624 2103 3680 523

459 3722 664 3776 Moneo
695 3722 871 3775 etiam
905 3715 1173 3787 quemvis
1224 3712 1530 3766 hominum
1565 3711 1662 3780 qui
1699 3711 2100 3780 paenitentiam

457 3827 624 3866 suam
658 3814 771 3864 Deo
820 3807 1026 3861 oll'erre
1069 3802 1226 3869 velit,
1258 3807 1322 3855 ut
1364 3817 1491 3855 sese
1541 3799 1808 3853 cohibeat
1838 3817 1870 3854 a
1921 3800 2101 3857 nimio

453 3899 573 3952 vini
606 3904 740 3968 potu
774 3914 785 3951 :
815 3893 980 3948 multi
1017 3907 1272 3962 namque
1299 3889 1406 3944 hac
1436 3889 1493 3942 iu
1529 3905 1586 3942 re
1619 3894 1760 3942 sunt
1789 3887 2100 3958 lapsus.Ne

453 4003 710 4058 pugnam
745 3985 924 4055 igitur
950 3979 1283 4036 consideres
1312 3984 1368 4032 et
1400 3977 1797 4047 pertimescas,
1826 3978 2006 4032 donec
2037 3995 2098 4033 es

451 4075 510 4130 in
543 4076 650 4130 hoc
699 4091 958 4145 corpore,
1007 4087 1194 4140 neque
1244 4069 1346 4123 tibi
1395 4068 1508 4138 ipsi
1556 4067 1834 4121 conﬁdas.
1866 4069 2096 4123 Stemus

451 4167 910 4237 itaque,fratres,
945 4170 1167 4217 stemus
1201 4160 1257 4212 in
1291 4161 1500 4212 timore
1531 4158 1783 4222 Domini,
1819 4176 2004 4230 neque
2039 4161 2094 4214 in

449 4254 560 4310 hac
593 4271 789 4325 pugna
820 4253 1016 4306 animo
1039 4250 1436 4304 deﬁciamus.«
1464 4247 1587 4300 Non
1620 4247 1774 4301 enim
1808 4255 1896 4302 est
1929 4249 2095 4304 nobis

447 4361 646 4415 pugna
677 4359 808 4398 cum
842 4358 1012 4396 carne
1045 4345 1100 4394 et
1130 4336 1556 4408 sanguine,sed
1589 4352 1720 4391 cum
1755 4337 2092 4407 principati-

446 4434 580 4495 bus.
630 4448 762 4485 cum
817 4431 1222 4500 potestatibus,
1256 4428 1535 4480 adversus
1587 4425 1789 4477 mundi
1844 4429 2090 4480 rectores

2232 1844 2482 1921 τελέσῃς,
2540 1849 2644 1923 πρὸ
2703 1850 2912 1904 πάντων
2975 1848 3032 1904 δὲ
3084 1852 3184 1919 τήν
3243 1853 3504 1928 ἡσυχίαν.
3562 1855 3620 1908 Ἡ
3670 1856 3835 1929 ἡσυχία

2233 1933 2400 1990 τίκτει
2449 1937 2548 2005 τήν
2605 1936 2850 2008 ἄσκησιν
2911 1942 2944 2008 ἡ
2999 1941 3224 2008 ἄσκησις
3270 1941 3442 1996 τίκτει
3473 1945 3570 2011 τήν
3598 1943 3832 2014 κατάνυξιν

2231 2024 2330 2108 καῖῗ
2379 2025 2470 2078 τὸν
2526 2024 2826 2099 κλαυθμόν·
2890 2029 2917 2082 6
2974 2026 3258 2102 κλαυθμὸς
3305 2029 3478 2085 τίκτει
3507 2031 3596 2087 τὸν
3623 2027 3832 2108 φόϐον-ὁ

2232 2107 2400 2188 φόϐος
2445 2114 2613 2169 τίκτει
2661 2117 2759 2184 τὴν
2803 2117 3124 2171 ταπείνωσιν
3177 2119 3212 2187 ἢ
3257 2118 3582 2182 ταπείνωσις
3618 2107 3762 2176 τίκτει
3785 2120 3834 2174 τὸ

2228 2207 2490 2297 πραορᾷν·
2547 2204 2609 2258 τὸ
2659 2211 2894 2280 προορᾷν
2954 2207 3120 2261 τίκτει
3175 2209 3275 2276 τήν
3336 2208 3574 2282 ἀγάπην·
3624 2211 3833 2284 ἠάγάπη

2225 2291 2400 2346 τίκτεῖ
2422 2292 2490 2367 τῇ
2517 2297 2672 2368 ψυχῇ
2703 2295 2766 2348 τὸ
2829 2295 2963 2366 μετὰ
3002 2294 3248 2371 ἀγγέλων
3280 2295 3520 2369 ὁμιλεῖν.
3550 2298 3670 2353 Τότε
3695 2299 3832 2374 γιγώ-

2225 2401 2340 2436 σκει
2371 2382 2400 2436 '6
2431 2383 2714 2457 ἄνθρωπος
2746 2382 2962 2448 λοιπὸν,
2997 2384 3081 2439 ὅτι
3116 2385 3318 2459 μακράν
3380 2385 3522 2442 ἐστιν
3563 2387 3660 2442 ἀπὸ
3703 2392 3826 2442 Θεοῦ.

2224 2470 2284 2526 Ὁ
2316 2469 2489 2524 θέλων
2523 2471 2638 2541 οὖν,
2673 2469 2920 2550 ἀδελφοὶ,
2955 2471 3131 2536 ἐλθεῖν
3161 2473 3246 2528 ἐπὶ
3278 2477 3454 2538 πάσας
3486 2477 3576 2538 τὰς
3622 2476 3832 2547 ἐντίμους

2222 2558 2414 2634 ἀρετὰς
2444 2560 2663 2631 ταύτας,
2696 2561 2994 2635 ἀμέριμνός
3024 2583 3082 2617 τε
3115 2561 3197 2617 δεῖ
3225 2563 3360 2618 εἶναι
3397 2565 3532 2620 εἶναι
3554 2565 3652 2620 άπὸ
3671 2565 3831 2624 παντὸς

2222 2649 2562 2724 πράγματος,
2596 2650 2686 2704 καὶ
2723 2659 2941 2722 μισῆναι
2973 2653 3064 2706 τὸν
3097 2651 3311 2725 κόσμοκ
3348 2659 3565 2708 τοῦτον·
3611 2655 3692 2709 καὶ
3733 2655 3830 2708 λοι-

2219 2739 2319 2792 πὸν
2351 2738 2472 2792 τότε
2516 2738 2753 2808 ἀξιοῦται
2801 2742 3096 2810 κτήσασθαι
3154 2741 3249 2802 τὰς
3277 2741 3473 2815 ἀρετὰς
3501 2743 3686 2804 ταύτας
3712 2741 3826 2817 παρᾶ

2221 2828 2438 2904 Κυρίου·

2289 2920 2343 2972 7.
2376 2921 2545 2970 Τοῦτο
2577 2915 2633 2971 δὲ
2669 2918 2822 2989 μάθε,
2855 2914 3076 2994 ἀδελφέ,
3107 2917 3189 2972 ὅτι
3221 2925 3324 2979 πᾶς
3357 2917 3636 2994 ἄνθρωπος
3667 2918 3822 2982 ἐσθίων

2219 3006 2307 3060 καὶ
2339 3007 2504 3060 πίνων
2564 3006 2834 3081 ἀμέτρως,
2885 3007 2919 3074 ἢ
2979 3005 3481 3084 μέμ-περιφερόμενος
3541 3014 3614 3080 τῷ
3665 3008 3822 3079 κόσμῳ

2218 3095 2416 3166 τούτῳ,
2467 3093 2532 3148 οὐ
2581 3095 2655 3166 μὴ
2706 3095 2908 3168 ἀξιωθῇ
2963 3093 3138 3158 ἐλθεῖν
3170 3096 3245 3157 εἷς
3273 3097 3341 3150 τά
3376 3097 3545 3173 μέτρα
3572 3103 3735 3152 ταῦτα·
3787 3095 3822 3149 εί

2217 3185 2320 3259 γὰρ
2351 3186 2603 3254 κτήματα
2647 3183 2735 3237 καὶ
2785 3181 3086 3254 ἀμπελῶνα
3125 3181 3294 3258 ἔχεις,
3327 3186 3362 3253 ἢ
3395 3187 3683 3257 οἴκηματα,
3781 3206 3822 3238 τι

2217 3277 2312 3328 τοῦ
2344 3271 2540 3333 αἶῶνος
2568 3272 2784 3342 τούτου,
2811 3269 2901 3326 ’ίνα
2931 3271 2983 3325 τί
3013 3272 3102 3326 καὶ
3133 3279 3364 3347 γυναῖκα
3398 3274 3497 3330 οὐκ
3534 3274 3726 3349 ἔγημας
3746 3293 3757 3342 ;
3781 3273 3823 3327 τί

2219 3361 2403 3416 ἑαυτὸν
2429 3365 2800 3437 φρεναπατῶνο
2837 3361 3068 3434 ἀγνοῶν,
3101 3359 3184 3414 ὅτι
3213 3362 3305 3415 τὸν
3339 3361 3394 3416 ἐν
3427 3363 3677 3427 ἀκάνθαισ
3701 3383 3823 3416 σπει-

2218 3452 2442 3525 ρόμενον
2499 3449 2560 3503 οὗ
2617 3447 2992 3525 τελειοντοορεῇ
3049 3449 3148 3503 Καί
3189 3450 3217 3503 6
3265 3451 3341 3522 μή
3377 3451 3667 3527 σχολάσας,
3719 3450 3822 3504 Θεὸν

2214 3543 2414 3612 γνῶναι
2467 3537 2530 3591 οὐ
2583 3535 2820 3592 δύναται.
2883 3537 2979 3591 Καὶ
3025 3542 3186 3593 τοῦτο
3232 3535 3290 3593 δὲ
3335 3539 3632 3614 παρακαλῶ
3682 3538 3823 3594 πάντα

2215 3625 2496 3696 ἄνθρωπον
2535 3625 2870 3702 βουλόμενον
2905 3623 3092 3680 δοῦναι
3131 3627 3415 3699 μετάνοιαν
3458 3634 3534 3699 τῷ
3581 3633 3703 3699 Θεῷ,
3747 3648 3818 3703 τρο·

2214 3715 2367 3786 λάξαι
2426 3716 2585 3770 αὐτὸν
2638 3716 2744 3769 ἀπὸ
2801 3713 3137 3776 πολυοινίας·
3197 3716 3387 3772 πολλᾶ
3445 3718 3543 3794 γὰρ
3597 3718 3742 3772 αὐτοῦ
3769 3715 3819 3769 τὲ

2209 3806 2496 3876 πτώματα.
2540 3811 2626 3872 Mr,
2661 3804 2932 3879 προσέχῃς
2966 3803 3056 3857 οὖν
3089 3803 3166 3865 είς
3205 3805 3414 3875 πάλην,
3445 3804 3545 3867 ἕως
3575 3807 3633 3861 οὗ
3675 3805 3734 3879 ᾖς
3775 3803 3816 3858 ἐν

2206 3898 2285 3964 τῷ
2342 3895 2575 3966 σώματι,
2631 3890 2800 3964 μηδὲ.
2839 3892 3126 3966 πιστεύσῃς
3203 3893 3397 3964 ἑαυτῷ.
3458 3900 3668 3966 Στῶμεν
3723 3893 3815 3957 οὗν,

2206 3981 2456 4060 ἀδελφοὶ,
2507 3986 2716 4054 στῶμεν
2767 3981 2818 4035 ἐν
2880 3976 3034 4058 φόϐῳ
3093 3981 3316 4056 Κυρίου,
3364 3983 3457 4037 καὶ
3514 3985 3585 4055 μή
3626 3982 3816 4050 ἐκκακή·

2205 4093 2383 4144 σωμεν
2419 4070 2469 4125 ἐν
2502 4075 2571 4144 τῇ
2603 4071 2770 4144 πάλη.
2807 4095 2830 4120 ιι
2867 4071 2942 4126 Οὐ
2977 4072 3080 4146 γάρ
3112 4070 3251 4124 ἐστιν
3297 4074 3435 4145 ἡμῖν
3469 4075 3502 4142 ἡ
3535 4072 3672 4141 πάλη
3703 4071 3816 4146 πρὸς

2205 4161 2337 4232 αἷμα
2366 4160 2454 4214 καὶ
2490 4160 2680 4235 σάρκα,
2711 4159 2856 4214 ἀλλά
2886 4159 3022 4234 πρός
3048 4160 3145 4220 τὰς
3175 4159 3379 4235 ἀρχὰς,
3411 4162 3544 4238 πρὸς
3570 4163 3658 4222 τὰς
3699 4161 3816 4228 ἐξου-

2203 4249 2335 4316 σίας,
2371 4249 2507 4323 πρὸς
2536 4248 2666 4309 τοὺς
2699 4249 3142 4323 κοσμοκράτορας
3175 4254 3272 4303 τοῦ
3306 4250 3531 4312 σκότους
3573 4255 3663 4305 τοῦ
3707 4250 3814 4302 aid:-

2201 4358 2290 4398 νος
2321 4335 2538 4404 τούτου,
2573 4337 2706 4410 πρὸς
2734 4338 2806 4390 τὰ
2832 4336 3171 4408 πνευματικᾶ
3197 4344 3300 4406 τῆς
3332 4339 3596 4413 πονηρίας
3628 4337 3674 4391 ἐν
3718 4343 3814 4396 τοῖς

2203 4423 2566 4500 ἐπουρανίοις.
2607 4450 2626 4475 ιι
2666 4419 3134 4499 Περιϐαλλωμεθα
3160 4425 3228 4479 τὰ
3257 4425 3405 4481 ὅπλα
3461 4433 3567 4482 τῶν
3619 4427 3814 4500 ἀρετῶν,

446 4523 817 4576 tenebrarum
852 4517 1030 4584 hujus
1071 4515 1290 4573 sreculi.
1324 4515 1600 4568 adversus
1633 4511 1957 4582 spiritualia
1989 4531 2088 4568 ne-

2224 4513 2273 4574 ἱις
2310 4512 2554 4568 ὁπλῖται·
2590 4511 2726 4567 διότι
2760 4513 2787 4566 ὁ
2819 4509 2988 4573 κόπος
3017 4513 3105 4566 καὶ
3138 4514 3166 4567 6
3201 4513 3436 4588 μόχθος,
3483 4516 3568 4569 καὶ
3598 4517 3629 4584 ἠ
3662 4534 3813 4567 στενο·

445 4609 640 4680 quitiie
672 4609 728 4664 in
763 4605 1098 4662 coelestibus
1123 4605 1228 4658 Ἠ.»
1257 4602 1577 4656 lnduamus
1599 4617 1762 4654 arma
1783 4602 2088 4669 virtutum,

443 4699 611 4769 quasi
663 4696 900 4760 milites,
959 4694 1098 4765 quia
1151 4693 1332 4756 labor,
1383 4690 1742 4759 del'atigatio,
1795 4690 2088 4758 angustia,

441 4785 835 4858 tranquillitas
885 4783 1334 4845 desideriorum,
1372 4797 1481 4834 non
1538 4779 1705 4832 modo
1741 4795 1844 4832 nos
1895 4787 2086 4834 custo-

442 4877 612 4930 diunt
661 4893 694 4928 a
737 4874 869 4929 telis
919 4870 1164 4937 inimici,
1223 4871 1323 4924 sed
1375 4870 1550 4923 etiam
1603 4867 1760 4936 regni
1813 4867 2088 4923 caelorum

441 4965 701 5019 haeredes
736 4981 839 5018 nos
871 4961 1125 5016 constitu
1139 4966 1260 5014 unt.

511 5053 565 5107 8.
599 5052 975 5108 Decertemus
1004 5050 1225 5120 itaque,
1263 5036 1488 5112 fratres,
1524 5045 1580 5100 in
1613 5045 1721 5100 hoc
1753 5043 1910 5099 brevi
1941 5048 2087 5099 tem-

437 5160 595 5215 pore,
632 5146 695 5196 ut
729 5157 972 5212 regnum
1023 5139 1298 5193 ccelorum
1333 5151 1780 5204 censequamur.
1819 5133 2090 5204 Magister

437 5232 594 5288 enim
628 5235 828 5285 noster
873 5228 1048 5284 Jesus
1081 5226 1350 5281 Christus
1381 5223 1461 5278 ita
1508 5221 1652 5276 dixit
1682 5239 1695 5278 :
1731 5243 1758 5273 ‹‹
1793 5225 2088 5277 Decertate

433 5321 616 5377 donec
647 5317 895 5373 veniatis
929 5334 1028 5388 per
1051 5318 1360 5385 angustam
1395 5317 1618 5383 portam
1644 5327 1710 5365 ac
1738 5328 1840 5383 per
1865 5313 2084 5366 arctam

430 5410 607 5466 viam.
643 5408 889 5480 Vigilate
921 5407 1116 5475 itaque
1146 5403 1301 5458 omni
1339 5401 1500 5468 hora,
1535 5399 1672 5470 quia
1703 5400 1941 5456 nescitis
1973 5416 2087 5471 qua

504 5538 547 5572 ²¹
577 5534 790 5607 Ephes.
826 5549 904 5602 v1,
939 5531 1024 5585 12.

503 5627 576 5698 (τι)
612 5625 776 5679 Forte
805 5617 1241 5694 περιπτύσσεται.
1275 5617 1430 5672 EDIT.
1467 5615 1706 5670 PATROL.

2201 4600 2402 4676 χωρία,
2435 4603 2523 4656 καὶ
2558 4605 2591 4670 ἡ
2626 4601 2918 4672 στενοτεία,
2953 4601 3042 4656 καὶ
3091 4603 3125 4670 ἡ
3182 4601 3331 4657 εὐδία
3387 4610 3495 4658 τῶν
3545 4602 3810 4674 ἐπιθυμιῶν

2201 4690 2256 4744 εὐ
2290 4691 2454 4762 μόνον
2488 4689 2588 4768 φυ)
2603 4690 2848 4745 άττουσιν
2883 4693 3031 4762 ἡμᾶς
3062 4689 3167 4744 ἀπὸ
3197 4695 3301 4744 τῶν
3363 4693 3540 4767 βεΛῶν
3593 4695 3682 4746 τοῦ
3733 4689 3811 4763 ἐχ·

2200 4784 2351 4854 θροῦ,
2386 4779 2530 4834 ἀλλὰ
2561 4779 2645 4834 καὶ
2684 4777 2957 4853 βασιλείας
2991 4779 3231 4853 οὐρανῶν
3281 4779 3656 4857 κληρονόμους
3702 4780 3808 4832 ἀπο-

2197 4866 2533 4937 καθίστησιν.

2267 5045 2320 5100 8.
2376 5044 2804 5118 Ἀγωνιζώμεθα
2883 5042 2998 5114 οὖν,
3076 5041 3324 5116 ἀδελφοὶ,
3406 5047 3458 5101 ἐν
3533 5051 3606 5119 τῷ
3655 5047 3804 5120 καιρῷ

2195 5131 2373 5205 τούτῳ
2420 5132 2482 5186 τὸ
2531 5131 2730 5208 βραχὺ,
2782 5131 2916 5208 ’άπερ
2945 5131 3203 5208 τύχωμεν
3240 5133 3515 5208 βασιλείας
3571 5134 3803 5210 οὐρανῶν.

2196 5221 2257 5277 Ὁ
2285 5221 2386 5296 γὰρ
2442 5218 2765 5283 διδάσκαλος
2815 5223 2974 5294 ἡμῶν
3025 5222 3237 5290 Ἰησοῦς
3279 5225 3506 5299 Χριστὸς
3535 5223 3696 5284 οὕτως
3744 5217 3804 5274 εἴ·

2198 5329 2378 5385 ρηκεν·
2443 5334 2471 5360 ιι
2527 5309 2880 5384 Ἀγωνίζεσθε
2935 5307 3040 5372 ἓως
3099 5309 3274 5366 ἐλθεῖν
3335 5310 3421 5368 διὰ
3493 5319 3588 5382 τῆς
3639 5315 3801 5376 στενῆς

2194 5397 2402 5469 πύλης,
2461 5399 2548 5453 καὶ
2607 5396 2985 5472 τεθλιμμένης
3044 5396 3191 5456 ὁδοῦ.
3251 5407 3570 5478 Γρηγορεῖτε
3625 5398 3704 5454 οὖν
3757 5396 3800 5450 ἐν
