4086 6214
303 332 456 393 1417

1079 328 1342 393 SERMO
1388 329 1539 392 PRO
1585 329 1684 389 llS
1731 329 1861 398 QUI
1912 327 2238 390 SAECULO
2289 328 2937 392 HENUN'I‘IARUNT.

3562 320 3712 394 ius

298 466 443 538 πάσῃ
499 462 634 538 ὥρᾳ,
671 462 753 518 ὅτι
804 461 902 517 οὐκ
947 459 1128 517 οἴδατε
1174 462 1343 535 ποίρᾳ
1365 460 1480 534 ὥρᾳ
1524 461 1551 514 ὁ
1604 460 1801 535 Κύριος
1849 454 1937 534 ἕρ-

2079 476 2195 515 iora
2227 459 2507 515 Dominus
2542 465 2823 516 venturus
2856 461 2933 516 sit
2964 476 2976 515 :
3010 477 3079 515 ne
3129 461 3274 516 forte
3324 462 3498 517 intret
3541 462 3708 518 dere-

297 573 475 629 χεται·
522 554 735 625 μήποτε
764 550 981 627 εἰσέλθῃ
1014 552 1185 629 ἄφνω,
1212 551 1300 605 καὶ
1334 551 1534 625 εύρήσῃ
1569 550 1708 623 ὑμᾶς
1757 547 1943 612 καθεύ-

299 640 513 704 δοντας.
546 638 777 696 Βλέπετε
811 642 885 713 μή
918 661 1053 695 ποτε
1096 641 1428 715 βαρυνθῶσιν
1490 640 1638 710 ὑμῶν
1700 638 1753 691 αἱ
1810 657 1940 713 καρ-

300 729 410 785 δίαι
470 729 522 784 ἐν
574 729 852 807 κραιπάλῃ
909 729 995 783 καὶ
1056 729 1209 802 μέθῃ,
1259 728 1348 782 καὶ
1411 728 1694 800 μερίμναις
1757 727 1942 800 βιωτι-

298 824 443 891 καῖς,
501 818 592 873 καὶ
668 816 1006 873 ἐπελεύσεται
1085 818 1210 889 ὑμῖν
1288 814 1438 894 ἄφνω
1511 818 1545 886 ἡ
1602 815 1738 891 ὥρα.
1806 812 1945 869 Ἰδοὺ

301 905 628 962 ἀποστέλλω
688 907 825 979 ὑμᾶς
883 908 957 969 ὡς
1016 902 1261 981 πρόϐατα
1318 905 1369 960 ἐν
1424 906 1572 978 μέσῳ
1621 903 1823 962 λύκων.
1858 903 1945 970 Μὴ

300 998 540 1066 κτήσητε
595 997 821 1071 χρυσὸν,
858 998 995 1068 μήτε
1052 993 1308 1069 ἄργυρον,
1347 996 1483 1067 μήτε
1540 992 1635 1048 δύο
1688 996 1946 1069 χιτῶνας·

307 1082 450 1159 μηδὲ
497 1082 790 1159 δειμάσητε
844 1084 949 1138 ἀπὸ
987 1084 1414 1138 ἀποκτεινόντων
1461 1083 1523 1138 τὸ
1578 1087 1755 1155 σῶμα,
1788 1078 1946 1136 Εἶδον

301 1174 407 1249 γὰρ
448 1174 539 1227 τὸν
587 1178 824 1227 Σατανᾶν
873 1173 949 1235 ὡς
994 1172 1269 1247 ἀστραπὴν
1330 1170 1387 1226 ἐκ
1422 1176 1518 1227 τοῦ
1574 1170 1805 1248 ούρανοῦ
1856 1190 1950 1223 πε·

304 1263 487 1317 σόντα.
542 1259 682 1317 Ἰδοὺ
737 1258 946 1316 δέδωκα
997 1262 1124 1335 ὑμῖν
1180 1262 1279 1330 τήν
1341 1260 1578 1331 ἐξουσίαν
1634 1265 1731 1315 τοῦ
1770 1264 1953 1315 πατεῖν

304 1353 486 1407 ἐπάνω
527 1347 699 1428 ὅςρεων
748 1351 836 1405 καὶ
897 1350 1191 1425 σκορπίων,
1224 1350 1312 1405 καὶ
1362 1349 1447 1404 ἐπὶ
1497 1356 1667 1404 πᾶσαν
1714 1350 1815 1419 τὴν
1852 1346 1956 1403 δύ-

300 1462 464 1513 ναμιν
505 1443 603 1493 τοῦ
655 1437 875 1514 ἐχθροῦ,
906 1438 994 1492 καὶ
1042 1437 1104 1492 οὐ
1158 1440 1233 1511 μὴ
1284 1435 1616 1508 ἀδικήσωσιν
1659 1438 1820 1512 ὑμᾶς.
1857 1437 1954 1494 Καὶ

305 1529 407 1583 οὐκ
455 1528 637 1589 αὐτοῖς
697 1526 1024 1588 ἀποστόλοις
1076 1527 1240 1599 μόνον
1286 1530 1447 1581 τοῦτο
1497 1523 1725 1581 δέδωκεν
1773 1527 1802 1580 6
1852 1526 1956 1580 Κύ-

309 1638 451 1691 ριος,
486 1614 630 1670 ἀλλά
684 1616 775 1670 καὶ
833 1622 961 1669 πᾶσι
1018 1623 1135 1676 τοῖς
1186 1614 1547 1691 βουλομένοις
1596 1617 1835 1684 σωθῆναι
1868 1615 1956 1669 καὶ

308 1705 678 1774 ἀκολουθῆσαι
732 1709 850 1765 τοῖς
908 1706 1316 1779 προστάγμασιν
1378 1702 1562 1761 αὐτοῦ.
1618 1704 1716 1758 Καὶ
1766 1702 1955 1779 βλέπε,

310 1795 339 1847 ὁ
368 1792 691 1866 ἀντιλέγων,
738 1792 833 1852 τὰς
888 1788 1147 1866 μυριάδας
1193 1794 1300 1845 τῶν
1360 1790 1546 1865 ἁγίων.
1597 1787 1807 1845 ’Ἔδωκε
1855 1789 1958 1865 γὰρ

310 1885 450 1955 ἡμῖν
503 1883 602 1950 τὴν
659 1878 895 1949 ἐξουσίαν
954 1880 1109 1934 τέκνα
1166 1883 1298 1936 Θεοῦ
1343 1879 1607 1953 γενέσθαι.
1644 1902 1672 1931 ‹‹
1720 1879 1809 1946 Μὴ
1858 1898 1956 1955 φο-

312 1968 438 2039 ϐοῦ,
486 1970 549 2025 τὸ
610 1969 800 2044 μικρὸν
859 1968 1133 2041 ποίμνιον,
1190 1967 1270 2022 ὅτι
1331 1965 1629 2038 ηὐδόκησεν
1692 1968 1720 2021 6
1774 1967 1956 2041 Πατὴρ

314 2061 469 2133 ὑμῶν
530 2056 713 2113 δοῦναι
774 2058 901 2130 ὑμῖν
957 2058 1055 2125 τήν
1137 2056 1410 2130 βασιλείαν
1496 2063 1602 2111 τῶν
1692 2057 1955 2132 οὐρανῶν.

316 2146 617 2216 Πωλήσατε
669 2145 737 2199 τὰ
794 2146 1110 2220 ὑπάρχοντα
1175 2145 1347 2217 ὑμῶν,
1394 2145 1482 2198 καὶ
1545 2143 1668 2198 δότε
1721 2144 1957 2216 ἐλεημο-

314 2236 504 2305 σύνην,
534 2235 623 2289 καὶ
660 2232 804 2304 ’έξετε
837 2232 1097 2308 βαλάντια
1133 2233 1208 2305 μὴ
1260 2232 1656 2305 παλαιούμενα,
1690 2231 1958 2305 θησαυρὸν

314 2323 664 2378 ἀνέκλειπτον
698 2321 749 2375 ἐν
797 2328 913 2383 τοῖς
965 2322 1235 2396 οὐρανοῖς.
1271 2322 1679 2391 »Ποιησάντων
1742 2318 1799 2374 δὲ
1850 2324 1959 2373 τῶν

318 2414 485 2489 ἁγίων
546 2414 800 2486 μαθητῶν
859 2411 1023 2466 αὐτοῦ
1080 2411 1167 2465 καὶ
1222 2410 1421 2480 ταύτην
1471 2411 1569 2478 τὴν
1602 2407 1852 2481 ἐντολήν,
1886 2405 1959 2462 εἷ’-

322 2523 456 2578 ρτριε
484 2502 619 2576 πρὸς
651 2499 862 2561 αύτούς·
898 2526 925 2551 ‹‹
962 2499 1197 2575 Εἰρήνην
1226 2501 1324 2568 τὴν
1376 2498 1511 2572 ἐμὴν
1564 2496 1763 2571 δίδωμι
1812 2498 1962 2569 ὑμῖν,

321 2592 545 2667 εἰρήνην
575 2592 674 2659 τὴν
716 2588 854 2661 ἐμὴν
887 2587 1088 2666 ἀφίημι
1122 2589 1271 2660 ὑμῖν.
1292 2613 1319 2640 ››
1345 2616 1370 2639 ι(
1395 2589 1457 2643 Ὀ
1493 2612 1518 2638 ι)
1551 2588 1651 2663 γάρ
1684 2614 1710 2638 (ι
1737 2587 1961 2661 ἀγαπῶν

326 2702 393 2752 με
446 2680 541 2741 τὰς
598 2677 818 2740 ἐντολάς
882 2699 986 2750 μου
1036 2679 1283 2752 τηρήσει·
1342 2676 1495 2750 κάγὼ
1550 2676 1638 2729 καὶ
1693 2677 1721 2729 6
1779 2676 1964 2750 Πατὴρ

324 2767 678 2841 ἐλευσόμεθα,
708 2767 795 2821 καὶ
831 2767 999 2839 μονὴν
1030 2767 1155 2841 παρ’
1183 2765 1331 2837 αύτῳ
1360 2765 1721 2837 ποιησόμεθα.
1758 2789 1783 2813 ››

390 2861 445 2915 9.
492 2854 880 2911 Ὑποδεικνύων
932 2853 989 2909 δὲ
1018 2857 1164 2927 ἡμᾶς
1209 2854 1462 2930 γενναίως
1514 2853 1797 2931 ὑποφέρειν
1836 2852 1964 2914 τοὺς

321 2934 656 3021 πείρασμοὺς
730 2945 817 2999 καὶ
874 2944 941 2998 τά
1004 2943 1372 3015 παλαίσματα,
1432 2941 1673 3017 ε’ίρηκεν⁸
1737 2944 1822 2998 Ἐν
1886 2947 1966 2995 τῶ

319 3036 515 3109 κόσμῳ
574 3034 757 3107 θλίψιν
815 3030 977 3103 ἕξετε.
1024 3031 1199 3087 Ἀλλά
1259 3057 1285 3083 ‹‹
1341 3038 1600 3107 θαρσεῖτε·
1664 3031 1772 3106 ἐγὼ
1829 3030 1965 3085 νενί-

316 3145 463 3195 κηκα
516 3124 606 3178 τὸν
664 3122 891 3195 κόσμον.
924 3123 1103 3195 Ὑμεῖς
1165 3119 1222 3176 δέ
1276 3121 1391 3176 ἐστε
1438 3122 1489 3175 οἱ
1538 3118 1608 3174 δι’
1657 3121 1753 3192 ἐμὲ
1807 3140 1968 3192 μεμε-

2053 553 2244 621 pente,
2266 553 2323 604 et
2348 549 2604 605 inveniat
2628 566 2730 605 vos
2761 548 3139 606 dormientes.
3163 549 3367 606 Videte
3398 552 3708 622 nequando

2052 641 2373 710 graventur
2401 638 2576 693 corda
2610 640 2806 695 vestra
2851 637 2911 694 in
2968 638 3208 711 crapula
3237 643 3295 694 et
3323 638 3619 709 ebrietate,
3656 656 3714 708 et

2057 727 2213 781 curis
2248 727 2422 797 hujus
2452 726 2604 797 vitae,
2654 743 2720 782 ac
2773 728 3144 800 superveniat
3189 727 3351 783 vobis
3400 728 3714 799 derepente

2058 813 2221 870 hora.
2250 815 2392 871 Ecce
2424 815 2593 872 mitto
2623 832 2725 873 vos
2755 816 2910 873 sicut
2938 832 3073 873 oves
3104 816 3161 872 in
3194 815 3385 873 medio
3416 815 3713 889 luporum.

2059 904 2248 959 Nolite
2278 905 2577 976 possidere
2620 922 2853 972 aurum,
2906 922 3097 979 nequo
3146 911 3478 979 argentum,
3529 921 3718 976 neque

2062 994 2211 1049 duas
2245 994 2491 1050 tunicas.
2530 994 2725 1066 Neque
2768 994 3026 1051 timeatis
3076 994 3147 1049 ab
3193 994 3263 1049 iis
3304 993 3405 1066 qui
3448 993 3721 1050 occidunt

2063 1099 2296 1154 corpus.
2328 1082 2612 1138 Videbam
2663 1084 2819 1139 enim
2870 1085 3170 1150 Satanam,
3200 1083 3369 1155 quasi
3424 1082 3621 1155 fulgur
3650 1085 3719 1139 de

2064 1171 2207 1227 cmlo
2253 1172 2577 1227 cadentem.
2633 1174 2776 1229 Ecce
2827 1173 2959 1229 dedi
3008 1172 3172 1228 vobis
3221 1176 3566 1244 potestatem
3598 1171 3719 1227 cal-

2066 1260 2236 1316 candi
2269 1277 2449 1331 supra
2477 1266 2778 1332 serpentes
2809 1267 2865 1317 et
2894 1261 3255 1334 scorpiones,
3288 1266 3344 1315 et
3374 1277 3553 1331 super
3597 1278 3721 1316 om-

2068 1366 2201 1405 nem
2231 1348 2506 1405 virtutem
2556 1349 2801 1419 inimici,
2834 1367 3021 1422 neque
3066 1351 3276 1405 laedent
3307 1367 3428 1405 vos.
3460 1350 3575 1405 Hoc
3607 1366 3721 1405 non

2067 1437 2258 1493 solum
2290 1438 2436 1509 ipsis
2479 1438 2761 1509 apostolis
2794 1438 3036 1494 tradidit
3086 1439 3389 1503 Dominus,
3430 1438 3549 1493 imo
3591 1455 3722 1494 vero

2068 1526 2342 1582 omnibus
2374 1526 2473 1598 qui
2506 1528 2754 1583 salutem
2805 1526 3083 1599 consequi
3124 1526 3431 1595 voluerint,
3482 1543 3548 1581 ac
3594 1527 3723 1597 ejus

2069 1614 2306 1686 exsequi
2340 1615 2636 1670 mandata.
2670 1616 2813 1670 Vide
2845 1620 3064 1685 autem,
3095 1621 3157 1670 tu
3211 1615 3309 1685 qui
3357 1615 3448 1670 his
3490 1620 3720 1670 contra-

2070 1703 2239 1767 dicis,
2272 1707 2613 1758 sanctorum
2647 1704 2966 1774 myriadas.
3022 1702 3187 1759 Dedit
3232 1703 3386 1758 enim
3423 1703 3591 1759 nobis
3622 1720 3722 1776 po-

2070 1796 2339 1847 testatem
2388 1792 2541 1849 ﬁlios
2590 1792 2685 1849 Dei
2733 1794 2874 1848 fieri.
2929 1817 2956 1844 «
3013 1793 3138 1849 Noli
3195 1793 3417 1862 timere,
3472 1793 3725 1865 pusillus

2067 1897 2221 1950 grex,
2283 1881 2421 1952 quia
2480 1880 2835 1951 complacuit
2896 1881 3049 1937 Patri
3107 1886 3301 1937 vestro
3368 1883 3506 1937 dare
3559 1883 3725 1939 vobis

2069 1985 2315 2041 regnum
2347 1968 2647 2025 ccelorum.
2681 1970 2928 2025 Vendite
2970 1987 3098 2042 quae
3147 1970 3447 2042 possiditis
3498 1976 3555 2026 et
3590 1973 3727 2027 date

2068 2057 2522 2130 eleemosynam,
2578 2063 2634 2113 et
2680 2058 2973 2113 habebitis
3020 2075 3222 2114 saccos
3272 2059 3373 2131 qui
3426 2077 3539 2115 non
3573 2065 3728 2116 vete-

2071 2153 2332 2209 rascunt,
2364 2146 2709 2202 thesaurum
2753 2164 2866 2201 non
2898 2147 3262 2202 deiicientem
3294 2146 3353 2202 in
3386 2148 3551 2203 cmlis
3583 2151 3644 2204 ‘9.
3702 2173 3730 2199 ››

2069 2237 2211 2289 Cum
2244 2240 2441 2290 autem
2498 2234 2686 2289 sancti
2743 2236 2872 2304 ejus
2931 2235 3202 2307 discipuli
3236 2236 3344 2292 hoc
3391 2237 3521 2307 ejus
3563 2255 3727 2293 man-

2071 2322 2275 2376 datum
2336 2321 2700 2393 implessent,
2752 2323 2835 2377 ait
2880 2321 2998 2376 illis
3032 2339 3045 2377 :
3080 2344 3109 2372 ‹‹
3156 2322 3363 2378 Pacem
3414 2340 3601 2380 meam
3653 2327 3729 2380 do

2073 2411 2256 2477 vobis,
2316 2427 2519 2481 pacem
2581 2427 2773 2466 meam
2834 2410 3098 2481 relinquo
3155 2412 3317 2467 vobis
3371 2413 3431 2465 ’°.
3473 2436 3500 2461 ››
3558 2414 3726 2485 Nam,

2076 2519 2107 2551 ιι
2138 2499 2238 2570 qui
2271 2498 2466 2569 diligit
2497 2515 2611 2567 me,
2645 2499 2921 2553 mandata
2953 2515 3083 2553 mea
3127 2501 3415 2567 servabit;
3449 2508 3506 2556 et
3536 2519 3642 2573 ego
3672 2508 3731 2558 et

2077 2588 2245 2642 Pater
2290 2587 2613 2653 veniemus,
2660 2593 2717 2643 et
2760 2587 3125 2643 mansionem
3175 2590 3330 2660 apud
3377 2605 3510 2645 eum
3557 2592 3729 2647 iacie-

2078 2692 2211 2730 mus
2252 2676 2317 2729 ’1.
2356 2698 2384 2725 ››

2146 2873 2200 2926 9.
2236 2872 2459 2927 Docens
2507 2875 2703 2926 autem
2754 2887 2858 2927 nos
2888 2870 3239 2928 tentationes
3270 2889 3548 2945 generose
3582 2876 3728 2931 ferre

2077 2966 2251 3031 atque
2298 2958 2619 3015 certamina
2667 2977 2680 3015 :
2739 2962 2799 3014 in
2851 2961 3090 3029 mundo,
3133 2961 3230 3028 ait,
3288 2962 3726 3020 tribulationem

2080 3049 2389 3104 habebitis.
2448 3049 2558 3104 Sed
2622 3070 2649 3099 «
2680 3049 2977 3115 confidite,
3028 3065 3133 3121 ego
3181 3050 3289 3105 vici
3343 3053 3629 3107 mundum
3661 3054 3725 3108 ”.

2077 3138 2191 3193 Vos
2240 3142 2436 3192 autem
2490 3136 2629 3191 estis
2678 3135 2779 3208 qui
2828 3137 3236 3209 permansistis
3277 3144 3513 3211 pr0pter
3543 3157 3635 3195 me
3670 3141 3727 3195 in

314 3213 542 3284 νηκότες
602 3210 651 3265 ἐν
696 3216 811 3272 τοῖς
885 3216 1209 3284 πειρασμοῖς
1282 3231 1407 3282 μου,
1461 3209 1609 3285 κάγὼ
1680 3207 1963 3281 διατίθημι

2079 3225 2500 3281 tentationibus
2547 3203 2714 3291 meis,
2766 3203 2845 3280 et-
2880 3242 2986 3298 ego
3035 3203 3293 3298 dispono.
3330 3203 3515 3294 vobis,
3577 3230 3732 3285 sicut

318 3303 468 3374 ὑμῖν,
503 3302 682 3364 καθὼς
715 3297 919 3363 διέθετό
954 3320 1046 3371 μοι
1079 3300 1106 3352 ὁ
1153 3303 1335 3373 Πατήρ
1396 3319 1501 3370 μου
1553 3295 1851 3373 βασιλείαν,
1875 3295 1967 3351 ’ἱνα

317 3386 535 3460 ἐσθίητε
586 3410 645 3443 τε
701 3389 790 3442 καὶ
850 3387 1045 3458 πίνητε
1112 3387 1198 3441 ἐπὶ
1271 3389 1369 3454 τῆς
1425 3385 1696 3458 τραπέζης
1758 3407 1883 3459 μου.
1939 3409 1961 3437 ι

315 3483 496 3535 Ταῦτα
526 3477 583 3533 δὲ
609 3477 671 3532 οὐ
723 3483 849 3531 πᾶσι
898 3476 1064 3552 λέγει,
1097 3475 1242 3530 ἀλλά
1295 3481 1412 3537 τοῖς
1472 3475 1802 3547 ὑπομένουσι
1851 3480 1968 3536 τοῖς

319 3573 669 3643 πειρασμοῖς,
702 3566 792 3620 καὶ
821 3571 937 3627 ταῖς
984 3564 1226 3638 θλίψεσιν
1269 3564 1319 3618 ἐν
1372 3564 1736 3638 μακροθυμίᾳ.
1771 3565 1967 3639 Ἀπερ-

321 3657 562 3734 χόμενος
594 3655 680 3709 ἐπὶ
737 3654 799 3708 τὸ
858 3655 1012 3726 ἅγιον
1072 3655 1241 3714 πάθος
1270 3658 1367 3707 τοῦ
1415 3657 1646 3728 σταυροῦ
1677 3653 1705 3707 6
1750 3652 1967 3727 Κύριος,

324 3747 499 3806 οὕτως
557 3742 681 3821 ἔφη’
740 3744 796 3795 Ὀ
854 3741 1025 3805 θέλων
1086 3742 1271 3797 ἐσθίειν
1326 3744 1416 3797 καὶ
1498 3742 1669 3797 πίνειν
1730 3741 1816 3796 ἐπὶ
1872 3748 1970 3810 τῆς

324 3834 599 3912 τραπέζης
663 3852 769 3904 μου
805 3874 819 3899 ,
879 3832 1248 3906 συμπορεύσαι
1322 3832 1437 3904 μετ’
1502 3832 1637 3904 ἐμοῦ
1714 3831 1800 3886 ἐπὶ
1878 3830 1968 3884 τὸν

325 3924 577 3997 σταυρόν·
620 3923 863 3976 τουτέστι
909 3924 1235 3997 νεκρωθήτω
1281 3922 1370 3975 καὶ
1417 3920 1575 3983 αὐτὸς
1623 3926 1702 3993 τῷ
1756 3920 1970 3992 κόσμῳ,

326 4012 406 4074 ὡς
438 4011 565 4087 ἐγὼ,
597 4008 685 4064 διά
711 4012 809 4078 τῆς
840 4015 945 4064 τῶν
981 4009 1214 4064 ἐντολῶν
1262 4030 1366 4083 μου
1413 4011 1675 4085 πράξεως.
1706 4009 1969 4071 Ἀκούσας

328 4100 387 4157 δὲ
436 4101 464 4154 6
527 4096 832 4161 ἀπόστολος
890 4097 1122 4165 Παῦλος,
1154 4098 1243 4152 καὶ
1295 4098 1525 4171 ἐκκόψας
1582 4097 1744 4152 αὐτοῦ
1800 4097 1972 4151 πάντα

324 4198 427 4261 τῆς
489 4190 682 4264 σαρκὸς
754 4190 1093 4265 φρονήματα,
1142 4187 1348 4260 ἐτόλμα
1398 4185 1617 4262 λέγειν.
1681 4212 1707 4235 η
1761 4191 1973 4262 Χριστῷ

327 4282 752 4351 συσταυροῦμαι.
810 4282 895 4331 Ζῶ
970 4275 1026 4331 δὶ
1084 4275 1262 4331 οὐκέτι
1318 4275 1443 4353 ἐγὼ,
1500 4277 1567 4347 ζῇ
1623 4273 1680 4330 δὲ
1738 4274 1789 4330 ἐν
1843 4275 1971 4348 ἐμοὶ

329 4366 640 4443 Χριστός.»
675 4367 771 4420 Καὶ
830 4366 933 4440 γὰρ
990 4364 1070 4443 ἐφ’
1100 4364 1223 4420 ὅσον
1284 4365 1510 4439 σαρκικά
1565 4369 1971 4441 περιπατῶμεν,

326 4456 511 4532 νεκροί
568 4454 723 4528 ἐσμεν
781 4459 898 4515 ταῖς
950 4453 1260 4530 ἁμαρτίαις.
1321 4454 1466 4525 Φησὶ
1523 4454 1647 4530 γάρ.
1682 4480 1709 4506 ‹‹
1754 4455 1820 4511 Οἱ
1876 4459 1973 4509 τοῦ

329 4547 568 4621 Χριστοῦ
597 4545 695 4612 τήν
749 4543 917 4618 σάρκα
977 4542 1312 4619 ἐσταύρωσαν
1368 4542 1459 4597 σὺν
1525 4548 1641 4606 τοῖς
1689 4546 1971 4617 παθήμασι

330 4633 423 4689 καὶ
480 4638 600 4688 ταῖς
662 4630 987 4703 ἐπιθυμίαις.
1048 4656 1068 4682 ι
1120 4632 1220 4687 Καὶ
1281 4632 1331 4686 εἷ’
1376 4633 1833 4705 συναποθάνομεν,
1890 4632 1979 4687 καὶ

334 4724 680 4793 συζήσομεν.
743 4721 800 4773 E'.
874 4719 1256 4792 ὑπομένομεν,
1313 4722 1401 4775 καὶ
1476 4716 1979 4794 συμϐασιλεύσομεν

338 4811 504 4882 αὐτῷ’
563 4810 607 4864 εἷ
653 4807 978 4885 ἀρνούμεθα,
1024 4809 1269 4870 κάκεῖνος
1326 4810 1611 4882 ἀρνήσεται
1665 4813 1831 4884 ἡμᾶς.
1886 4811 1980 4871 Τίς

338 4898 432 4955 οῦν
493 4898 631 4953 ἐστιν
678 4899 707 4951 ὁ
739 4896 1068 4972 ἀρνούμενος
1096 4899 1129 4966 ἢ
1158 4898 1186 4951 6
1232 4899 1367 4953 κατὰ
1410 4900 1505 4960 τάς
1556 4899 1840 4972 ἐπιθυμίας
1886 4908 1985 4969 τῆς

339 4988 536 5063 σαρκὸς
583 4990 932 5062 περιπατὼν;
966 4985 1138 5048 Οὗτος
1185 4986 1286 5062 γάρ
1319 4987 1456 5041 ἐστιν
1495 4988 1522 5041 6
1567 4984 1858 5063 ἐνυϐρίζων
1906 4994 1985 5062 τῷ

342 5076 701 5152 βαπτίσματι.
740 5077 837 5131 Καὶ
894 5074 978 5135 τίς
1029 5074 1167 5128 ἐστιν
1216 5077 1244 5129 6
1292 5076 1367 5147 μή
1403 5071 1676 5151 ἐνυϐρίσας
1728 5078 1778 5148 ἐξ
1824 5082 1985 5151 ἡμῶν

335 5165 399 5219 τὸ
459 5165 739 5240 βαπτισμα
787 5161 875 5217 δια
927 5163 993 5217 τά
1037 5167 1134 5216 τοῦ
1180 5168 1425 5240 πονηροῦ
1468 5165 1696 5221 ποικίλα
1730 5172 1987 5242 μηχανή-

339 5272 515 5327 ματα;
551 5250 729 5309 ’Δλλά
758 5249 846 5306 δια
873 5253 973 5320 τήν
1017 5250 1236 5321 πολλὴν
1288 5252 1502 5327 ἀγάπην
1551 5254 1736 5324 αὐτοῦ,
1769 5258 1829 5325 ἦν
1859 5258 1992 5333 ἡγά-

335 5363 504 5414 πησεν
537 5342 747 5416 ἠμᾶςὸ
807 5340 1002 5412 Κύριος
1060 5341 1220 5414 ἡμῶν
1278 5343 1488 5413 Ἰησοῦς
1548 5344 1799 5420 Χριστὸς,
1860 5341 1990 5401 ἔδω-

414 5558 459 5593 η
489 5556 629 5613 Luc.
660 5573 765 5625 xu,
793 5555 1006 5628 32,733.
1085 5556 1129 5597 ’0
1158 5555 1326 5613 Joan.
1358 5575 1473 5628 xiv,
1504 5560 1595 5614 27.

344 5642 408 5695 ιι,
442 5629 530 5697 19,
560 5628 652 5684 29.
728 5629 773 5663 ³⁸
802 5627 995 5685 Galat.
1028 5644 1081 5694 ν,
1112 5629 1202 5684 24.

669 5756 934 5817 Parnm.
984 5755 1096 5815 Gn.
1144 5754 1421 5817 XXVIII.

1672 5562 1713 5597 ιι
1749 5561 1890 5619 ibid.
1926 5564 2014 5636 15,
2043 5566 2135 5622 23.

2077 3314 2372 3386 disposuit
2405 3313 2549 3367 mihi
2596 3317 2767 3368 Pater
2818 3331 2982 3370 meus
3014 3331 3283 3387 regnum,
3319 3322 3382 3371 ut
3410 3317 3731 3373 comedetis

2076 3410 2131 3459 et
2165 3402 2376 3458 bibatis
2406 3419 2583 3473 super
2626 3419 2889 3458 mensam
2943 3420 3131 3459 meam
3164 3406 3227 3460 ³³.
3274 3430 3295 3457 ι
3342 3406 3472 3460 Haec
3532 3414 3727 3461 autem

2076 3509 2189 3547 non
2222 3492 2498 3547 omnibus
2532 3490 2634 3551 ait.
2687 3493 2787 3547 sed
2822 3492 2893 3547 iis
2926 3493 3024 3563 qui
3060 3493 3255 3549 ferunt
3287 3494 3637 3549 tcntationes
3674 3500 3732 3549 et

2077 3597 2372 3636 aerumnas
2421 3596 2555 3635 cum
2605 3581 3061 3651 aequanimitate.
3120 3586 3261 3637 Cum
3317 3583 3613 3639 accederet
3658 3583 3729 3637 ad

2078 3675 2342 3725 sanctam
2395 3669 2730 3741 passionem
2777 3670 2987 3736 crucis,
3022 3669 3107 3725 sic
3148 3671 3230 3725 ait
3281 3687 3293 3726 :
3344 3671 3449 3737 Qui
3482 3670 3605 3725 vult
3634 3687 3731 3725 co-

2080 3759 2313 3814 medere
2369 3763 2425 3813 et
2475 3758 2669 3813 bibere
2718 3774 2895 3829 super
2937 3775 3200 3814 mensam
3256 3776 3469 3825 meam,
3503 3776 3728 3814 mecum

2080 3849 2252 3904 adeat
2283 3863 2538 3912 crucem,
2572 3846 2626 3900 id
2670 3851 2777 3911 est,
2813 3851 3079 3901 mortuus
3109 3853 3166 3901 et
3214 3847 3339 3919 ipse
3382 3849 3459 3902 sit
3513 3849 3734 3903 mundo

2081 3936 2236 3991 Sicut
2282 3940 2338 3989 et
2384 3951 2512 4006 ego,
2563 3933 2786 3989 scilicet
2854 3952 2955 4005 per
3002 3936 3411 3990 mandatorum
3470 3952 3732 3991 meorum

2080 4022 2428 4079 custodiam.
2464 4025 2597 4088 Qua:
2646 4038 2777 4077 cum
2828 4023 3092 4078 audisset
3143 4023 3360 4080 Paulus
3412 4027 3736 4096 apostolus,

2081 4128 2403 4183 omnesque
2448 4111 2641 4166 carnis
2675 4127 2885 4166 sensus
2914 4102 3284 4180 abscidisset,
3320 4130 3501 4168 ausus
3532 4117 3621 4168 est
3652 4114 3738 4168 di-

2081 4217 2209 4257 cere
2240 4217 2253 4254 :
2290 4220 2315 4249 ι
2349 4202 2491 4255 Cum
2526 4200 2755 4255 Christo
2787 4201 3100 4256 cruciﬁxus
3147 4218 3301 4256 sum.
3344 4201 3490 4257 Vivo
3520 4207 3739 4271 autem,

2073 4290 2200 4360 jam
2234 4286 2347 4343 non
2379 4304 2484 4359 ego
2516 4287 2659 4342 vivit
2688 4304 2821 4344 vero
2854 4289 2911 4343 in
2947 4306 3037 4345 me
3066 4287 3330 4345 Christus
3353 4290 3417 4344 ³⁸.
3445 4311 3472 4341 ιι
3513 4289 3741 4346 Etenim

2081 4378 2343 4450 quandiu
2398 4377 2710 4433 carnaliter
2769 4378 3167 4446 ambulamus,
3250 4380 3462 4435 mortui
3534 4396 3745 4435 sumus

2083 4472 2322 4540 propter
2353 4471 2607 4537 peccata.
2658 4466 2752 4520 Ait
2798 4466 2953 4521 enim
2984 4484 2998 4522 :
3033 4467 3140 4533 Qui
3190 4466 3402 4523 Christi
3441 4474 3581 4523 sunt
3618 4484 3743 4524 car-

2013 4583 2057 4648 D
2089 4573 2221 4611 nem
2255 4556 2671 4610 cruciﬁxerunt
2702 4571 2836 4610 cum
2872 4556 3004 4611 vitis
3033 4561 3090 4610 et
3125 4556 3615 4628 concupiscentiis
3645 4558 3746 4614 ³⁸.»

2090 4646 2152 4701 Si
2187 4663 2302 4700 una
2334 4645 2641 4711 morimur,
2676 4661 2792 4699 una
2822 4644 3101 4701 vivemus.
3134 4645 3192 4700 Si
3225 4644 3612 4714 sustinemus,
3635 4665 3752 4703 una

2092 4750 2225 4789 cum
2276 4733 2402 4803 ipso
2462 4733 2892 4804 regnabimus;
2945 4733 3033 4787 sin
3085 4736 3471 4805 abnegamus,
3522 4740 3579 4791 et
3626 4735 3752 4808 ipse

2094 4822 2407 4893 abnegabit
2436 4837 2563 4876 nos.
2598 4821 2739 4884 Quis
2788 4821 2985 4892 itaque
3032 4825 3122 4877 est
3170 4823 3268 4894 qui
3318 4823 3587 4895 abnegat,
3639 4823 3751 4880 nisi

2095 4911 2195 4981 qui
2254 4910 2577 4965 secundum
2640 4909 2834 4963 carnis
2879 4910 3387 4982 concupiscentias
3435 4911 3756 4968 ambulat?

2100 5002 2228 5071 lpse
2260 5014 2514 5067 namque
2563 5004 2652 5053 est
2698 4998 2798 5068 qui
2849 4999 3266 5054 contumeliam
3318 4999 3493 5056 infert
3536 5002 3756 5072 baptis-

2097 5086 2292 5142 smati.
2326 5086 2538 5156 Ecquis
2568 5102 2636 5140 ex
2685 5087 2856 5141 nobis
2899 5094 2989 5141 est
3034 5088 3133 5158 qui
3186 5104 3301 5143 non
3334 5090 3755 5144 contumeliam

2096 5176 2310 5230 inferat
2331 5174 2694 5246 baptismati,
2718 5177 2791 5230 ob
2822 5175 2980 5231 varia
3011 5175 3252 5249 maligni
3281 5176 3442 5233 illius
3472 5176 3762 5234 artificia?

2098 5264 2210 5319 Sed
2245 5269 2481 5335 propter
2510 5262 2751 5319 nimiam
2781 5264 3123 5320 charitatem
3154 5281 3346 5331 suam,
3388 5282 3509 5335 qua
3555 5263 3760 5320 dilexit

2102 5368 2211 5408 nos
2240 5352 2527 5408 Dominus
2557 5358 2756 5410 noster
2793 5352 2969 5410 Jesus
3026 5353 3314 5420 Christus,
3370 5353 3533 5415 dedit
3586 5352 3758 5409 nobis

2211 5566 2257 5601 ²²
2285 5566 2455 5623 Joan.
2489 5584 2605 5636 xw,
2636 5568 2725 5625 33.
2803 5568 2850 5603 ’³
2883 5568 3021 5623 Luc.
3053 5582 3192 5635 xxn,
3226 5566 3421 5622 28-30.
3473 5567 3521 5603 ²⁴
3566 5567 3755 5625 Galat.

3359 5769 3436 5827 45
