4086 6214
319 332 464 394 1421

1496 324 1890 388 ΒΟΟἸἪΙΝΑ
1938 326 2040 386 AD
2089 323 2537 386 MONACHOS.

3564 334 3719 393 1422

1000 523 1130 576 ΤΟΥ
1169 521 1253 574 ΕΝ
1294 518 1521 573 ΑΙΊΟΙΣ
1567 516 1833 570 ΠΑΤΡΟΣ
1878 518 2065 567 ΗΜΩΝ
2113 517 2509 567 ΑθΑΝΑΣΙΩΥ
2546 513 2675 567 ΤΟΥ
2712 516 3033 567 ΜΕΓΑΛΟΥ

1249 630 1575 688 Διδασκαλίαι
1604 629 1741 705 πρὸς
1776 626 2053 705 μοναχοὺς
2083 627 2373 703 πραοτέρα,
2405 630 2766 701 πνευματική.

832 910 843 934 ι
1213 884 1466 942 SANCTI
1500 846 1779 937 CPA'I‘RlS
1831 879 2091 936 NOSTRI
2147 880 2529 936 ATHANASII
2588 880 2817 939 MAGNI

1298 1010 1555 1064 Doctrina
1586 1005 1657 1063 ad
1684 1007 1997 1074 monachos,
2033 1006 2193 1072 lenis,
2223 1010 2385 1077 atque
2413 1008 2743 1078 spiritualis.

382 1292 486 1349 Τὸν
548 1291 866 1348 πιστεύοντα
924 1298 1003 1365 τῷ
1058 1293 1258 1368 Κυρίῳ,
1320 1291 1407 1346 καὶ
1464 1288 1759 1365 προσιόντα
1836 1288 1956 1343 ἑαυ-

2142 1290 2250 1353 Qui
2303 1293 2542 1347 Domino
2594 1294 2795 1361 credit,
2828 1300 2885 1350 et
2941 1297 2999 1350 in
3059 1313 3186 1352 sese
3244 1297 3619 1362 convertitur,
3653 1315 3719 1354 ac

307 1386 414 1452 τῷ,
487 1381 577 1435 καὶ
654 1380 739 1436 ἐπὶ
814 1382 1024 1437 τέλειον
1125 1382 1202 1443 εἰς
1281 1378 1594 1454 μαθητείαν,
1677 1378 1958 1451 μανθάνειν

313 1466 399 1523 δεῖ
494 1470 755 1545 πρότερον
842 1470 1161 1549 ἀφίστασθαι
1254 1470 1450 1530 παντὸς
1544 1468 1957 1541 ἁμαρτήματοςο

310 1556 495 1612 ἔπειτα
527 1556 584 1613 δὲ.
611 1560 702 1613 καὶ
732 1557 1065 1637 ἀφέλκοντας
1099 1562 1209 1633 ('26)
1239 1564 1355 1621 τοῖς
1403 1555 1778 1634 ὀφειλομένοις
1825 1556 1959 1610 κατά

308 1645 557 1708 πολλοὺς
640 1646 841 1722 λόγους
920 1648 1162 1703 εὐπαθεῖν
1232 1652 1312 1719 τῷ
1374 1646 1561 1721 Κυρίῳ
1618 1648 1802 1717 ἡμῶν,
1861 1643 1956 1698 κᾶν

309 1733 738 1812 ἀλογοφάνειρος
798 1739 933 1790 εἶναι
992 1734 1137 1791 δοκῶ
1197 1758 1302 1792 σοι.
1365 1733 1650 1792 Ἀδύνατον
1710 1734 1810 1807 γὰρ
1867 1733 1958 1787 τὸν

307 1824 571 1898 ἁμαρτίαν
672 1830 934 1879 ποιοῦντα
967 1873 981 1890 ,
1058 1827 1092 1893 ἢ
1179 1823 1590 1897 ἐμπλεκόμενον
1666 1827 1784 1883 ταῖς
1860 1818 1956 1875 τοῦ

309 1913 433 1988 βίου
479 1914 873 1989 πραγματείαις
918 1914 954 1982 ἢ
1002 1914 1269 1991 φροντίσι,
1330 1910 1512 1967 δοῦναι
1562 1910 1720 1964 αὐτὸν
1751 1909 1820 1983 τῇ
1846 1913 1953 1963 τῶν

304 2002 443 2075 πρὸς
493 2002 555 2055 τὸ
617 2005 711 2074 ζῇν
772 2001 1073 2077 ἀναγκαίων
1130 2000 1435 2066 δουλούσει,
1496 1998 1603 2074 οὐχ
1651 1998 1735 2052 ὅτι
1781 1999 1954 2070 μαθη-

301 2092 558 2159 τευθῆναι
642 2095 721 2161 τῷ
801 2089 1008 2166 Κυρίῳ’
1094 2090 1155 2144 ού
1241 2090 1502 2165 πρότερον
1585 2086 1789 2141 εἰπόντι
1876 2089 1954 2156 τῷ

303 2178 583 2251 νεανίσκῳ,
618 2204 646 2229 ‹‹
673 2183 837 2253 Δεῦρο
870 2178 1153 2241 ἀκολούθει
1191 2200 1304 2250 μοι,
1341 2203 1358 2228 ι
1395 2175 1498 2239 ἕως
1532 2176 1589 2231 ἂν
1622 2174 1951 2229 ἐντείλασθαι

304 2267 563 2336 πωλῆσαι
593 2268 659 2322 τά
693 2268 1005 2343 ὑπάρχοντα
1037 2268 1125 2322 καὶ
1159 2267 1340 2321 δοῦναι
1374 2270 1606 2340 πτωχῷ·
1659 2262 1803 2318 ἀλλά
1861 2263 1950 2317 οὐ·

307 2354 365 2411 δὲ
396 2358 457 2410 τὸ
486 2360 649 2410 τοῦτο
680 2357 991 2430 προσέταξε,
1041 2357 1167 2431 πρὶν
1220 2353 1567 2428 ὁμολογῆσαι
1628 2353 1808 2420 αὐτὸν,
1868 2350 1951 2405 ὅτι

310 2470 330 2495 σ
372 2446 548 2498 Πάντα
577 2449 741 2498 ταῦτα
772 2443 1120 2521 ἐφυλαξάμην
1156 2444 1214 2498 ἐκ
1254 2443 1505 2509 νεότητός
1544 2462 1667 2514 μου.
1705 2464 1732 2491 ››
1764 2442 1820 2492 Ὀ
1849 2440 1948 2515 γάρ

308 2535 523 2604 μήποτε
570 2527 751 2587 λαϐὼν
807 2533 905 2601 τὴν
966 2533 1147 2611 ἄφεσιν
1179 2537 1285 2587 τῶν
1322 2534 1597 2605 ἁμαρτιῶν
1654 2529 1742 2583 καὶ
1790 2548 1949 2582 κατα-

304 2621 485 2682 λυθεὶς
536 2622 641 2676 ἀπὸ
686 2621 892 2676 τούτων
935 2620 985 2675 ἐν
1036 2621 1114 2694 τῷ
1159 2620 1363 2695 α’ίμαυα
1409 2624 1505 2675 τοῦ
1554 2619 1752 2693 Κυρίου
1785 2620 1946 2689 ἡμῶν

306 2708 486 2779 Ἰησοῧ
535 2715 786 2785 Χριστοῦ,
848 2708 1120 2765 δουλεύων
1170 2709 1225 2765 δὲ
1266 2712 1345 2782 τῷ
1396 2704 1639 2779 διαϐόλῳ
1671 2708 1758 2761 καὶ
1814 2727 1943 2780 κρα-
1978 2695 2025 2758 Β

304 2799 570 2872 τούμενος
601 2800 702 2853 ὑπὸ
731 2806 829 2868 τῆς
874 2798 925 2853 ἐν
972 2798 1116 2871 αὐτῷ
1177 2799 1460 2873 ἁμαρτίας,
1514 2795 1786 2857 ἀδυνάτως
1836 2790 1950 2869 ἔχει

312 2886 600 2952 θονδλεῦσαι
653 2887 731 2960 τῷ
765 2886 943 2963 Κυρίῳ
971 2893 1049 2959 τῷ
1078 2882 1419 2963 ἀπαράϐατον
1466 2885 1729 2963 ἀπόφασιν
1782 2880 1953 2937 δεδω-

314 2977 432 3033 κότι
464 2977 526 3031 τὸ
558 2976 751 3031 εἰπεῖν·
787 3001 814 3028 ‹‹
849 2983 955 3038 Πᾶς
985 2977 1013 3029 ὁ
1040 2982 1211 3030 ποιῶν
1259 2978 1357 3045 τήν
1411 2975 1696 3049 ἁμαρτίαν,
1756 2970 1953 3033 δοῦλός

310 3065 421 3120 ἐστι
453 3068 550 3133 τῆς
600 3065 885 3141 ἁμαρτίας.
940 3066 996 3117 '0
1026 3062 1083 3119 δὲ
1127 3062 1323 3125 δοῦλος
1355 3064 1415 3119 οὐ
1451 3064 1597 3136 μένει
1628 3062 1677 3116 ἐν
1709 3064 1777 3135 τῇ
1809 3060 1954 3131 οἰκίᾳ

312 3154 393 3216 εἷς
422 3154 515 3209 τὸν
549 3154 797 3210 αἰῶνα.»
856 3160 1127 3229 Μαρτυρεῖ
1169 3156 1255 3208 καὶ
1309 3155 1336 3208 ὁ
1384 3153 1434 3207 ἐν
1494 3155 1708 3225 Χριστῷ
1764 3147 1950 3204 λαλῶν

312 3242 553 3312 Παῦλος,
612 3242 694 3296 ὅτι
752 3267 779 3293 ‹‹
840 3244 867 3297 ὁ
927 3241 1122 3304 δοῦλος
1179 3249 1277 3312 τῆς
1335 3242 1619 3315 ἁμαρτίας,
1672 3237 1952 3312 ἐλεύθερός

310 3333 451 3388 ἐστιν
508 3332 615 3387 ἀπὸ
663 3338 763 3400 τῆς
818 3329 1184 3401 δικαιοσύνης.
1247 3356 1274 3382 ››
1336 3332 1431 3385 Καὶ
1481 3329 1643 3385 πάλιν
1679 3330 1706 3383 ὁ
1739 3327 1952 3400 Κύριος⁸

425 3420 437 3437 ν
514 3420 525 3436 ς
663 3420 676 3441 ρ
996 3420 1008 3437 .
1336 3416 1359 3435 ε.
1513 3418 1524 3435 ρ
1835 3417 1849 3435 κ
1932 3414 1945 3431 ε

308 3447 335 3473 ‹‹
372 3418 560 3481 Ουδεις
618 3418 835 3474 δυναται
894 3417 1011 3474 δυσι
1069 3418 1277 3494 κυρίοις
1333 3416 1632 3486 οουλευειν,
1686 3442 1714 3467 ››
1762 3438 1850 3470 και
1888 3436 1955 3469 τα

306 3510 453 3580 ἑξῆς
489 3506 559 3563 δι’
588 3510 660 3562 ὧν
721 3506 946 3579 ἐδίδαξε,
1005 3509 1093 3563 καὶ
1154 3505 1343 3578 ἔδειξεν
1401 3506 1709 3582 ὁριστίζων,
1757 3503 1952 3559 καὶεῖ-

303 3600 442 3670 πὼν,
476 3597 556 3652 δτι
592 3595 713 3652 οὔτε
761 3598 812 3652 οῖ
858 3597 979 3671 περὶ
1031 3598 1128 3664 τήν
1181 3591 1347 3657 ὄντως
1397 3595 1687 3669 ἀναγκαίαν
1728 3598 1824 3648 τοῦ
1857 3597 1951 3666 ζῇν

310 3688 576 3759 μέριμναν
610 3684 945 3760 ὲνεχὸμενοι,
978 3682 1251 3739 δουλεύειν
1313 3681 1585 3752 δύνανται,
1647 3682 1773 3757 οὐχὶ
1829 3679 1955 3736 τόδε

309 3776 652 3847 μαθητεύειν,
685 3776 713 3829 ὅ
744 3796 794 3828 τι
827 3772 1016 3846 ἔμαθεν
1055 3770 1387 3833 Ἀπόστολος
1437 3769 1770 3846 πλατύτερον
1821 3781 1953 3833 θεω-

312 3868 502 3941 ρήσας
541 3866 656 3918 εἷπε
685 3864 806 3939 γάρ·
836 3861 984 3923 «Τίς
1037 3864 1245 3937 μετοχὴ
1295 3858 1640 3929 δικαιοσύνης
1683 3859 1773 3912 καὶ
1832 3858 1955 3912 ἀνο-

315 3952 464 4027 μίας,
496 3952 583 4006 καῖ
614 3952 698 4014 τίς
728 3950 981 4006 κοινωνία
1013 3950 1150 4027 φωτὶ
1181 3950 1315 4024 πρὸς
1344 3949 1559 4019 σκότος,
1591 3947 1673 4009 τίς
1724 3944 1781 4000 δὲ
1812 3946 1956 4018 σύμ-

2073 1379 2322 1448 perfecte
2363 1380 2436 1434 ad
2486 1380 2857 1452 disciplinam
2906 1400 3031 1438 sese
3075 1385 3275 1449 tradit,
3311 1385 3500 1439 discat
3546 1401 3717 1456 opor-

2069 1471 2168 1533 tet,
2200 1483 2330 1522 esse
2371 1467 2625 1539 primum
2658 1470 2731 1524 ab
2762 1473 2921 1525 omni
2974 1479 3208 1542 peccato
3256 1473 3715 1529 abscedendum.

2069 1553 2289 1610 Deinde
2344 1572 2473 1611 sese
2529 1558 2829 1628 pertrahat
2885 1561 2956 1614 ad
3014 1562 3210 1616 debita
3268 1562 3482 1627 officia,
3538 1562 3716 1633 probe

2069 1643 2308 1699 affectus
2340 1661 2477 1716 erga
2519 1646 2831 1702 Dominum
2882 1655 3172 1704 nostrum.
3208 1651 3445 1705 Etiamsi
3478 1650 3600 1705 haec
3630 1650 3713 1705 lo-

2068 1734 2319 1802 quendo,
2353 1735 2647 1790 absurdus
2692 1735 2796 1790 tibi
2849 1737 3096 1793 fortasse
3142 1739 3340 1793 videar
3386 1755 3535 1795 esse.
3567 1739 3712 1794 Nam

2069 1819 2192 1874 fieri
2224 1823 2430 1893 nequit
2476 1839 2610 1878 eum
2643 1825 2742 1894 qui
2779 1830 3079 1895 peccatum
3130 1826 3413 1891 admittit,
3447 1827 3711 1897 implica-

2065 1912 2281 1980 turque
2313 1911 2558 1981 hujusce
2608 1912 2734 1967 vita;
2789 1914 3057 1986 negotiis,
3090 1931 3156 1970 ac
3186 1914 3709 1981 sollicitudinibus,

2066 1998 2329 2053 servituti
2362 2016 2564 2055 earum
2597 2018 2793 2057 rerum
2826 2020 2953 2073 quae
2984 2005 3052 2058 ad
3076 2003 3255 2059 vitam
3284 2009 3423 2059 sunt
3454 2019 3719 2059 necessa-

2065 2087 2162 2141 riae
2204 2104 2331 2142 sese
2381 2090 2631 2159 tradere,
2666 2096 2767 2146 aut
2815 2091 3188 2163 disciplinam
3237 2092 3437 2148 subire
3461 2092 3711 2160 Christi;

2064 2176 2161 2246 qui
2211 2193 2325 2231 non
2377 2184 2510 2233 ante
2538 2178 2894 2235 adolescenti
2947 2180 3029 2234 illi
3079 2181 3225 2235 dixit
3256 2197 3269 2236 :
3304 2182 3454 2238 525
3485 2203 3512 2230 «
3543 2180 3710 2245 Veni,

2062 2281 2304 2335 sequere
2337 2282 2428 2320 me
2448 2268 2513 2335 ³⁸,
2538 2289 2566 2315 ››
2590 2284 2764 2338 quam
2800 2269 3169 2340 praecepisset
3198 2269 3304 2337 illi,
3330 2276 3393 2324 ut
3412 2286 3551 2324 suas
3578 2286 3710 2324 ven-

2060 2354 2224 2408 deret
2255 2355 2679 2425 possessiones,
2712 2358 2993 2430 daretque
3032 2358 3386 2429 pauperibus
3421 2375 3433 2412 :
3469 2360 3567 2413 sed
3604 2374 3710 2413 ne-

2060 2458 2174 2513 que
2206 2443 2367 2513 prius
2399 2444 2510 2498 ista
2530 2444 2736 2514 jussit.
2760 2462 2936 2516 quam
2971 2445 3067 2500 ille
3099 2448 3403 2501 confessus
3432 2452 3587 2502 esset
3616 2448 3706 2501 di-

2058 2537 2240 2589 cendo
2270 2552 2319 2587 ;‹‹
2345 2534 2473 2590 Haec
2504 2537 2703 2590 omnia
2733 2536 3019 2591 custodivi
3051 2538 3416 2607 ajuventute
3450 2554 3579 2592 mea
3601 2538 3700 2592 “.-

2059 2622 2282 2677 Etenim
2310 2624 2405 2693 qui
2435 2624 2837 2679 remissionem
2866 2631 3229 2690 peccatorum
3258 2627 3515 2681 nondum
3546 2642 3701 2680 acce-

2061 2711 2162 2781 pit,
2194 2728 2379 2783 neque
2410 2730 2443 2767 a
2472 2712 2700 2768 delictis
2730 2713 3035 2769 absolutus
3083 2713 3191 2769 fuit
3220 2730 3323 2786 per
3351 2716 3698 2785 sanguinem

2062 2799 2289 2854 Domini
2314 2802 2495 2857 nostri
2516 2802 2654 2857 Jesu
2680 2802 2924 2869 Christi;
2957 2803 3058 2857 sed
3084 2802 3313 2858 diabolo
3336 2802 3702 2873 obsequitur,

2063 2892 2236 2958 atque
2270 2889 2521 2959 peccatis
2553 2890 2676 2961 ipse
2707 2890 2830 2946 suis
2858 2895 3066 2962 captus
3096 2891 3425 2959 detinetur;
3460 2890 3707 2946 nullate-

2064 2994 2174 3031 nus
2207 2984 2397 3046 potest
2426 2982 2641 3033 servire
2667 2979 3036 3050 Domino,qui
3059 2997 3361 3050 nunquam
3386 2986 3712 3035 controver-

2062 3069 2296 3121 tendam
2332 3067 2577 3139 protulit
2607 3068 2957 3123 sententiam
2991 3084 3123 3123 cum
3155 3068 3300 3122 dixit
3333 3086 3345 3123 :
3378 3088 3399 3116 ι
3434 3067 3711 3139 Quisquis

2063 3162 2367 3227 peccatum
2419 3156 2575 3223 facit,
2604 3172 2806 3211 servus
2836 3162 2926 3211 est
2969 3156 3211 3227 peccati.
3246 3158 3459 3212 Servus
3511 3162 3707 3212 autem

2064 3262 2177 3299 non
2213 3248 2412 3299 manet
2444 3244 2499 3298 in
2524 3244 2697 3298 domo
2730 3245 2787 3297 in
2821 3244 3101 3299 saeculum
3125 3246 3189 3299 ³ο.
3219 3267 3247 3294 ››
3269 3245 3539 3300 Testatur
3567 3245 3709 3300 item

2064 3333 2163 3404 qui
2190 3334 2246 3387 in
2270 3332 2498 3388 Christo
2522 3332 2780 3401 loquitur
2801 3332 3020 3388 Paulus
3042 3349 3090 3386 :«
3116 3334 3220 3399 Qui
3248 3349 3448 3390 servus
3470 3338 3558 3388 est
3586 3350 3712 3405 pec-

2063 3423 2197 3487 cati,
2229 3421 2374 3476 liher
2424 3427 2513 3476 est
2543 3438 2576 3475 a
2608 3422 2952 3491 iustitiaai.»
2982 3426 3053 3476 Ac
3086 3439 3320 3476 rursum
3374 3421 3658 3476 Dominus
3692 3437 3705 3476 :

2064 3512 2285 3567 «Nemo
2306 3516 2494 3583 potest
2514 3512 2742 3565 duobus
2766 3511 3020 3564 dominis
3039 3510 3254 3565 servire
3271 3511 3315 3544 ³⁵³
3333 3528 3344 3565 :
3360 3532 3379 3559 ι
3403 3516 3459 3565 et
3480 3516 3705 3576 cratera,

2064 3603 2279 3674 quibus
2313 3600 2510 3656 docuit
2552 3600 2863 3671 palamque
2893 3600 3167 3667 ostendit,
3201 3616 3272 3653 ne
3302 3600 3433 3653 illos
3465 3600 3705 3669 quidem

2063 3692 2163 3761 qui
2197 3707 2390 3745 rerum
2414 3689 2483 3744 ad
2512 3688 2691 3742 vitam
2721 3688 3184 3742 necessariarum
3208 3686 3601 3741 sollicitudine
3633 3691 3711 3739 te-

2064 3784 2296 3848 nentur,
2326 3793 2496 3850 posse
2526 3778 2637 3847 ipsi
2668 3776 2904 3845 servire,
2930 3792 3117 3845 neque
3149 3775 3204 3829 id
3237 3775 3516 3842 ediscere,
3540 3774 3711 3843 cujus

2070 3867 2372 3940 Apostolus
2404 3865 2867 3920 consideratione
2907 3880 3033 3927 sua,
3066 3862 3410 3933 ampliorem
3443 3862 3710 3917 notitiam

2066 3963 2155 4012 est
2182 3960 2485 4011 assecutus
2520 3971 2532 4008 :
2568 3952 2649 4007 ait
2678 3949 2833 4006 enim
2869 3968 2935 4006 :«
2970 3953 3104 4015 Quae
3139 3951 3503 4022 participatio
3535 3951 3713 4021 justi-

310 4043 557 4119 φώνησις
612 4044 845 4116 Χριστοῦ
884 4038 1018 4115 πρὸς
1070 4036 1304 4107 Βελίαδ;
1360 4039 1395 4106 ἢ
1444 4038 1526 4100 τίς
1580 4037 1732 4112 μερὶς
1782 4034 1956 4123 πιστῷ

2068 4047 2158 4103 tiae
2189 4061 2321 4098 cum
2356 4043 2685 4112 iniquitate,
2709 4046 2764 4094 et
2795 4057 2921 4110 quae
2952 4038 3409 4094 communicatio
3440 4038 3553 4093 luci
3577 4055 3711 4093 cum

315 4131 453 4203 μετά
480 4130 729 4199 ἀπίστου,
763 4130 842 4190 τίς
903 4126 960 4183 δὲ
1009 4127 1388 4202 συγκατάθεσις
1447 4131 1556 4198 ναῷ
1619 4125 1751 4198 μετά
1798 4121 1955 4177 εἰδώ-

312 4216 415 4273 λου
442 4236 456 4287 ;
495 4243 521 4268 »
576 4218 673 4272 Καὶ
717 4216 881 4272 πάλιν
914 4216 1191 4287 ὀριστίζειο
1228 4240 1255 4266 ‹‹
1288 4216 1352 4270 Ἡ
1384 4214 1510 4289 σάρξ
1544 4213 1795 4285 ἔπιθυμεῖ
1824 4212 1958 4266 κατά

307 4310 408 4360 τοῦ
467 4304 793 4378 πνεύματος,
866 4305 930 4359 τὸ
1001 4301 1058 4358 δὲ
1132 4307 1340 4375 πνεῦμα
1394 4303 1529 4355 κατά
1582 4303 1680 4369 τῆς
1738 4298 1957 4373 σαρκός,

316 4398 488 4449 ταῦτα
520 4390 577 4447 δὲ
606 4392 931 4448 ἀντίκεινται
963 4390 1261 4462 ἀλλήλοις,
1303 4388 1396 4445 ’ίνα
1443 4391 1518 4463 μὴ
1572 4388 1603 4443 ἃ
1647 4389 1707 4443 ἃν
1765 4387 1961 4457 θέλητε

311 4480 483 4538 ταῦτα
511 4490 723 4551 ποιῆτε.
762 4506 789 4533 ››
840 4488 1118 4550 Ῥυσθῆναι
1169 4478 1251 4535 δεῖ
1276 4479 1541 4555 πρότερον
1572 4482 1669 4533 τοῦ
1725 4475 1958 4532 καταδυ-

310 4575 506 4626 ναστοῦ
536 4576 631 4626 τοῦ
676 4566 938 4626 διαϐόλου
987 4568 1269 4644 ἐνάγοντος
1318 4567 1404 4623 ἐπὶ
1445 4568 1544 4637 τήν
1580 4566 1842 4642 ἁμαρτίαν
1869 4566 1960 4620 τὸν

316 4662 410 4716 ὑπ’
463 4660 630 4731 αὐτῆς
687 4658 1074 4735 κρατούμενον.
1133 4664 1349 4737 Ειραμεν
1415 4654 1703 4730 βούλεσθαι
1755 4652 1813 4709 δὲ
1861 4656 1963 4730 ἄρα

314 4749 406 4805 καὶ
438 4750 570 4804 πότε
601 4748 1049 4822 ἀπαρνησάμενον
1081 4746 1253 4802 πάντα
1282 4746 1348 4803 τὰ
1404 4745 1643 4821 παρόντα
1688 4744 1779 4799 καὶ
1840 4744 1962 4798 ἑαυ-

314 4840 426 4909 τὸν,
503 4846 602 4908 τῆς
680 4836 737 4893 δὲ
789 4837 1150 4913 προσπαθείας
1224 4840 1320 4889 τοῦ
1381 4838 1474 4908 ζῇν
1535 4834 1965 4909 ἀναχωρήσαντα

321 4929 720 5001 μαθητευθῆναι
768 4931 848 4998 τῷ
900 4925 1098 5002 Κυρίῳ,
1149 4924 1282 4987 καθὸ
1330 4923 1492 4984 αὐτὸς
1544 4921 1777 4995 εἴρηκεν
1842 4946 1869 4974 (ι
1904 4919 1973 4978 Ei’

314 5038 398 5079 τις
433 5015 705 5071 ἐλεύσεται
740 5017 873 5089 πρὸς
912 5016 997 5087 μὲ,
1033 5013 1430 5087 ἀπαρνησάσθω
1462 5011 1645 5077 αὐτὸν,
1695 5010 1781 5064 καὶ
1833 5010 1964 5084 ἀρά-

313 5127 395 5160 τω
426 5105 515 5159 τὸν
550 5105 772 5180 σταυρὸν
806 5103 1084 5170 αὐτοῦ,καὶ
1115 5099 1483 5164 ἀκολουθείτω
1519 5120 1670 5172 pet,»
1694 5098 1824 5173 ὅπερ
1856 5098 1965 5153 ἐστὶ

318 5195 570 5267 μαθητής
606 5186 734 5267 μου
768 5193 1009 5247 ἐνταῦθα.
1044 5191 1115 5245 Οὐ
1154 5190 1317 5263 μόνον
1352 5187 1409 5244 δὲ
1436 5193 1542 5242 τῶν
1582 5187 1968 5263 ὑπαρχόντων,

315 5282 407 5337 καὶ
438 5286 546 5337 τῶν
603 5282 739 5358 πρὸς
789 5282 849 5335 τὸ
911 5281 1004 5352 ζῇν
1062 5278 1368 5354 ἀναγκαίων
1416 5282 1766 5354 καταφρονεῖν
1798 5296 1966 5350 προσ-

391 5454 437 5490 ²⁸
468 5455 643 5510 Marc.
675 5471 731 5524 x,
760 5454 878 5524 21._
929 5454 976 5487 ²⁹
1006 5451 1147 5506 Luc.
1179 5464 1341 5524 avni,
1372 5450 1464 5524 2_l.

322 5543 402 5599 v1,
438 5527 630 5583 14-16.
705 5520 751 5561 ³³
780 5522 904 5582 Gal.
936 5540 992 5594 ν,
1026 5524 1113 5578 17.
1189 5521 1234 5557 ³⁴
1266 5520 1473 5578 Matth.
1504 5537 1621 5587 xw,
1651 5522 1742 5576 24.

402 5650 512 5728 (26)
544 5653 732 5710 Locus
759 5650 1025 5707 vitiosus.

1538 5449 1587 5483 ⁸⁰
1615 5448 1785 5505 Joan.
1820 5464 1943 5519 vm,
1982 5449 2071 5520 34,
2103 5449 2191 5504 35.

2070 4134 2345 4198 tenebris,
2369 4132 2505 4202 quis
2552 4146 2869 4184 consensus
2899 4128 3113 4183 Cnristi
3156 4145 3289 4183 cum
3328 4127 3543 4183 Belial?
3574 4129 3712 4191 Quae

2068 4222 2255 4293 portio
2308 4218 2500 4274 tidelis
2531 4234 2664 4272 cum
2698 4216 2959 4272 inﬁdeli?
2989 4234 3116 4287 quae
3148 4216 3459 4271 concordia
3508 4214 3714 4287 templi

2067 4326 2200 4366 cum
2230 4308 2385 4364 idolo
2406 4308 2475 4342 ³2⁸
2496 4307 2522 4362 '?
2545 4329 2572 4356 ››
2602 4306 2973 4376 Rursumque
3006 4306 3084 4359 ita
3129 4305 3470 4377 pronuntiat
3493 4322 3541 4361 ;‹‹
3576 4306 3720 4361 Caro

2068 4397 2430 4469 concupiscit
2458 4397 2737 4451 adversus
2769 4394 3138 4465 spiritum,et
3160 4395 3404 4465 spiritus
3436 4394 3720 4449 adversus

2070 4504 2334 4552 carnem;
2370 4486 2490 4542 haec
2520 4485 2675 4539 enim
2728 4484 2841 4538 sibi
2890 4483 3298 4551 adversantur,
3331 4487 3397 4537 ut
3445 4500 3559 4537 non
3593 4499 3720 4554 quas

2071 4575 2369 4633 volueritis
2418 4573 2641 4628 faciatis
2663 4574 2730 4627 ³³.
2760 4594 2785 4620 ››
2820 4571 3081 4625 Primum
3129 4575 3358 4643 oportet
3407 4570 3644 4626 liberari
3688 4586 3722 4624 a

2072 4667 2436 4721 dominatore
2467 4660 2720 4731 diabolo,
2755 4661 2853 4731 qui
2884 4659 2943 4713 in
2988 4667 3291 4730 peccatum
3326 4659 3552 4714 inducit
3582 4676 3717 4715 eum

2073 4756 2170 4827 qui
2204 4754 2479 4810 subditus
2510 4749 2622 4821 ipsi
2662 4754 2770 4804 est.
2804 4747 3068 4803 Diximus
3096 4747 3245 4803 velle
3279 4765 3403 4817 nos,
3433 4746 3721 4804 abdicatis

2075 4845 2350 4899 omnibus
2393 4838 2778 4911 praesentibus
2817 4842 2992 4907 atque
3026 4837 3193 4892 nobis
3224 4836 3391 4908 ipsis,
3424 4854 3489 4892 ac
3521 4836 3726 4892 relicta

2074 4934 2202 4987 vitae
2259 4931 2583 4992 affectione,
2626 4925 3003 4996 disciplinam
3055 4925 3253 4979 subire
3304 4926 3543 4990 Christi,
3575 4924 3729 4980 sicut

2076 5024 2199 5095 ipse
2231 5021 2461 5075 locutus
2491 5021 2579 5071 est
2603 5033 2615 5070 :
2637 5039 2662 5064 ‹‹
2690 5016 2743 5068 Si
2776 5013 2909 5084 quis
2940 5019 3071 5084 post
3119 5030 3211 5068 me
3240 5014 3454 5083 veniat,
3479 5016 3731 5083 abneget

2077 5111 2481 5179 semetipsum,
2530 5111 2585 5159 et
2626 5102 2793 5158 tollat
2839 5118 3068 5156 crucem
3122 5119 3313 5168 suam,
3346 5109 3402 5157 et
3449 5108 3733 5173 sequatur

2079 5216 2169 5255 me
2190 5198 2362 5264 3g»id
2386 5202 2493 5260 est,
2510 5209 2641 5249 eum
2665 5192 2764 5263 qui
2786 5190 3117 5262 discipulus
3142 5208 3308 5246 meus
3329 5196 3436 5246 est.
3456 5191 3579 5244 Non
3606 5205 3725 5243 mo-

2078 5293 2151 5347 do
2174 5292 2325 5345 bona
2340 5285 2535 5343 etvitaa
2555 5282 2880 5338 necessaria
2892 5281 3190 5353 despicere
3210 5280 3609 5351 praecipimur;
3630 5276 3730 5330 sed

2819 5437 2865 5473 ³²
2898 5436 3105 5492 Matth.
3139 5450 3215 5502 v1,
3248 5433 3338 5487 24.
3414 5432 3484 5465 ³²”
3519 5430 3569 5486 ΙΙ
3599 5430 3729 5503 Cor,

2266 5446 2311 5480 ³1
2349 5443 2516 5499 Rom.
2548 5456 2622 5507 v1,
2653 5440 2741 5495 20.
