4086 6214
452 336 610 396 1423

1616 300 1682 389 ε’.
1729 325 2257 388 ATHANASIUS.
2283 360 2357 367 —
2383 324 2689 387 SPURlA.

3685 346 3809 407 1424

450 467 629 523 etiam
660 469 866 521 mutua
899 463 1091 519 ofﬁcia
1121 479 1246 534 quae
1276 460 1601 517 secundum
1635 464 1905 515 naturam
1937 462 1995 514 et
2018 457 2083 512 le-

2212 454 2537 528 τασσόμεθα,
2570 455 2716 512 ἀλλὰ
2744 458 2835 513 καὶ
2865 464 2973 516 τῶν
3016 464 3149 539 πρὸς
3202 463 3482 537 ἀλλήλους
3528 477 3809 547 νενομισμὲ·

450 572 585 628 gem
616 559 776 625 sunt,
810 569 1087 625 superare
1131 558 1187 607 et
1234 551 1503 606 omittere
1541 549 1845 619 jubemur,
1873 548 2101 603 dicente

452 644 698 700 Domino
728 659 776 699 ;‹‹
802 642 909 708 Qui
941 640 1132 712 diligit
1164 646 1383 712 patrem
1416 642 1471 693 et
1494 643 1739 693 matrem
1771 636 1902 708 plus
1925 652 2099 707 quam

452 751 565 801 me,
600 749 715 787 non
747 737 836 787 est
864 747 957 785 me
1000 730 1214 802 dignus
1234 730 1298 783 ⁸⁵.
1327 752 1353 777 ››
1386 727 1666 783 Similiter
1696 726 1850 798 quod
1897 742 2100 781 conse-

452 822 673 895 quitur,
706 820 966 892 proxime
1019 820 1199 874 situm
1239 823 1348 883 est,
1380 817 1498 871 imo
1548 814 1892 887 longissime
1923 815 1994 869 ab
2029 813 2101 869 iis

449 912 549 983 qui
580 915 723 965 sunt
764 907 1021 964 extranei
1055 924 1088 961 a
1126 907 1260 960 ﬁde.
1296 905 1681 969 Quamobrem
1726 903 2103 958 vehementer

448 1001 735 1066 hortatur,
784 1003 848 1053 ut
895 1013 1029 1052 cum
1080 994 1513 1067 perseverantia
1560 1008 1827 1048 asceseos
1872 991 2101 1047 labores

449 1089 872 1152 sustineamus,
897 1086 955 1140 in
990 1083 1152 1139 nullo
1177 1088 1503 1139 metuentes
1534 1081 1759 1137 inimici
1790 1082 2100 1136 adversum

448 1196 555 1234 nos
586 1181 822 1250 paratas
857 1174 1123 1230 insidias.
1156 1173 1416 1228 Prazterit
1444 1174 1631 1243 ﬁgura
1660 1172 1840 1241 hujus
1874 1169 2099 1224 mundi.

446 1268 531 1322 Ad
561 1266 704 1335 haec,
739 1263 971 1319 fallacia
1001 1269 1057 1318 et
1093 1262 1395 1317 tribulatio
1426 1261 1606 1331 hujus
1636 1260 1764 1315 vita
1804 1264 2100 1330 tempora-

448 1373 557 1411 nea
586 1360 695 1425 est,
722 1353 1033 1424 brevisque
1057 1351 1337 1423 temporis
1362 1369 1374 1407 :
1403 1350 1521 1406 vita
1544 1367 1679 1406 vero
1705 1366 1833 1420 quae
1862 1347 1922 1401 in
1944 1347 2105 1403 Chri-

448 1446 524 1501 sti
556 1444 831 1499 servitute
864 1443 1059 1514 agitur
1085 1446 1174 1496 est
1201 1446 1437 1507 aeterna,
1464 1445 1743 1511 perpetua
1771 1442 1828 1493 et
1856 1438 2099 1491 immor-

446 1533 621 1589 talis:
657 1549 834 1603 quam
866 1537 1275 1602 exspectamus
1306 1546 1411 1584 nos
1446 1530 1544 1601 qui
1577 1528 1791 1584 Christi
1823 1526 1971 1583 servi
2002 1541 2099 1580 su'

452 1639 587 1678 mus
613 1638 624 1676 :
650 1622 937 1692 cujusque
960 1636 1139 1675 causa
1169 1619 1459 1673 mundum
1487 1616 1886 1673 abdicavimus
1906 1631 2103 1671 omne-

446 1727 599 1782 sque
630 1708 1141 1780 coneupiseentias
1173 1708 1320 1777 ejus.
1363 1706 1556 1775 Neque
1584 1705 1868 1760 debemus
1897 1719 2099 1759 eorum

2210 565 2315 597 νων
2347 544 2435 597 καὶ
2484 546 2620 600 κατά
2676 547 2832 624 φύσιν
2882 551 2973 603 καὶ
3014 551 3182 624 νόμον
3236 552 3286 608 δι
3367 556 3454 611 ίων
3512 544 3809 631 καθηκόντων

2212 631 2563 710 ὑπερφρονεῖν
2610 633 2995 710 παιδευόμεθα,
3025 646 3127 694 τοῦ
3155 643 3359 717 Κυρίου
3403 643 3664 722 λὲγοντος·
3715 680 3737 703 ςι
3764 656 3810 711 '0

2210 721 2430 796 ἀγαπῶν
2477 724 2680 799 πατέρα
2727 726 2760 794 ἢ
2824 727 3031 803 μητέρα
3082 730 3212 806 ὑπὲρ
3264 731 3380 806 ἐμὲ,
3440 721 3538 790 οῦκ
3581 735 3679 792 ἔστι
3727 763 3808 811 μου

2211 810 2383 879 ἄξιος.
2456 837 2477 863 ι
2539 812 2771 884 Ὁμοίως
2826 815 2915 870 καὶ
2980 819 3041 872 τὸ
3096 817 3288 874 λοιπὸν
3366 821 3629 899 ἐγγυτάτω
3682 810 3809 903 οἴκεῖ,

2211 896 2380 968 δῆλον
2416 896 2472 954 δὲ
2503 900 2583 954 ὅτι
2616 899 2761 956 πολὺ
2791 904 3123 982 πορρωτέρω
3153 909 3242 962 καὶ
3285 896 3449 979 ξένων.
3474 920 3569 981 τῆς
3597 896 3809 978 πίστεωςξ

2212 988 2305 1041 Διὸ
2354 988 2683 1063 παρακαλῶν
2745 993 2997 1068 μεγάλως
3054 995 3507 1072 ἀοργετουμένοις
3562 1001 3609 1056 ἐν
3656 1026 3813 1080 καρτε-

2213 1075 2300 1150 ρίᾳ
2327 1076 2456 1139 τοὺς
2504 1085 2602 1147 τῆς
2649 1079 2931 1150 ἀσκήσεως
2988 1085 3211 1157 πόνους,
3272 1086 3323 1141 ἐν
3392 1088 3582 1161 μηδενὶ
3614 1075 3816 1157 δεδιότας

2208 1165 2304 1226 τὰς
2353 1168 2471 1229 καθ’
2519 1170 2679 1240 ἡμῶν
2729 1174 2826 1223 τοῦ
2859 1169 3058 1246 ἐχθροῦ
3092 1172 3375 1246 μεθόδους.
3440 1181 3663 1255 Παράγει
3689 1188 3817 1238 τοῦτο

2212 1261 2406 1327 σχῆμα
2452 1260 2555 1309 τοῦ
2602 1256 2812 1331 κόσμου
2861 1259 3077 1319 τούτου.
3122 1264 3221 1317 Καὶ
3250 1270 3418 1321 ταῦτα
3448 1270 3482 1338 ἡ
3534 1269 3719 1340 ἀπάτη,
3748 1274 3815 1326 καὶ

2212 1339 2397 1415 θλίψις
2435 1348 2531 1397 τοῦ
2580 1345 2699 1420 βίου
2745 1348 2941 1403 τούτου
2987 1351 3318 1429 πρόσκαιρός
3365 1355 3475 1411 ἐστι
3524 1359 3607 1413 καὶ
3654 1359 3814 1436 ὀλιγο-

2211 1430 2456 1505 χρόνιος,
2489 1435 2523 1502 ἡ
2557 1431 2614 1487 δὲ
2641 1440 2721 1507 τῷ
2753 1442 2868 1508 Θεῷ
2898 1434 3195 1509 δουλεύειν,
3231 1444 3343 1512 ζωή
3389 1445 3628 1519 αῗώνιος,
3670 1430 3813 1513 ἀΐδιος

2209 1520 2298 1573 καὶ
2333 1520 2615 1591 ἀθάνατος,
2650 1529 2753 1579 ποῦ
2784 1525 3118 1601 ἀναμένομεν
3147 1532 3197 1585 οἱ
3245 1537 3324 1603 τῷ
3369 1540 3583 1609 Χριστῷ
3627 1535 3816 1594 δουλεῦ-

2212 1628 2380 1670 οντες·
2442 1608 2511 1665 δι’
2556 1613 2617 1681 ἣν
2670 1614 2759 1668 καὶ
2811 1615 3185 1691 ἀπεταξάμεθα
3239 1626 3319 1693 τῷ
3369 1608 3584 1697 κόσμῳ,
3631 1629 3815 1681 καὶπά-

2210 1718 2327 1760 σαις
2359 1706 2479 1789 ταῖς
2511 1699 2820 1789 ἐπιθυμίαις
2852 1705 3036 1763 αὐτοῦ.
3072 1708 3169 1762 Καὶ
3217 1709 3316 1764 οὐκ
3366 1711 3654 1789 ὀφείλομεν
3702 1739 3814 1787 μνη-

442 1800 810 1869 meminisse,
832 1815 958 1870 quae
1012 1800 1140 1869 ejus
1174 1798 1441 1868 pramepti
1474 1796 1741 1852 servandi
1777 1811 1955 1849 causa
1999 1794 2083 1848 de-

2214 1786 2456 1859 μονεύειν
2507 1788 2701 1860 ἐκεῖνα,
2752 1794 2884 1869 ἅπερ
2930 1791 3018 1848 διὰ
3064 1797 3163 1865 τὴν
3212 1786 3442 1869 ἐντολὴν
3492 1786 3816 1873 ταύτηνῗκατ-

2237 1874 2257 1892 Χ
2309 1875 2346 1892 ΙΙ
2569 1877 2593 1892 ΩΙ
2769 1882 2782 1892 ι
2901 1880 2936 1892 ιε
3098 1885 3108 1892 ι
3254 1886 3264 1892 .

437 1889 821 1959 reliquimus;
858 1905 929 1943 ne
969 1885 1314 1958 temporalia
1344 1902 1585 1940 rursum
1617 1888 1980 1955 expetentes,
2011 1881 2094 1935 vi-

434 1983 556 2034 tam
588 1982 867 2032 aeternam
918 1974 1284 2031 amittamus.
1318 1973 1546 2028 Mentiri
1601 1973 1819 2044 quippe
1870 1971 2093 2042 nequit,

436 2066 539 2137 qui
571 2066 716 2120 dixit
744 2082 793 2119 :«
818 2064 1098 2135 Quisquis
1127 2062 1416 2119 dimiserit
1437 2063 1677 2117 domum
1704 2082 1730 2112 ιι
1759 2067 1816 2117 et
1845 2060 2097 2136 reliqua,

443 2154 835 2226 «centuplum
887 2153 1224 2224 recipiet,et
1267 2152 1447 2207 vitam
1497 2156 1773 2206 (sternam
1825 2150 2094 2221 posside-

438 2242 629 2298 bit“.»
659 2242 861 2314 Neque
892 2242 1070 2308 enim,
1098 2248 1159 2295 ut
1190 2240 1430 2311 quidam
1464 2239 1947 2311 interpretantur,
1972 2239 2092 2295 haec

431 2330 665 2386 locutus
697 2337 785 2387 est
817 2330 1101 2386 Dominus
1133 2330 1203 2384 de
1228 2329 1303 2384 iis
1331 2328 1432 2399 qui
1455 2333 1716 2399 tempore
1736 2328 2092 2398 persecutio-

429 2436 572 2474 num
598 2436 700 2491 pro
729 2419 967 2474 nomine
992 2419 1119 2489 ejus
1144 2420 1493 2489 martyrium
1517 2416 1846 2471 subierunt.
1868 2416 2091 2487 Nequa-

429 2524 608 2579 quam
632 2507 788 2563 enim
819 2507 968 2562 dixit
996 2524 1009 2562 :
1037 2506 1079 2561 li
1112 2505 1302 2561 solum
1327 2506 1427 2576 qui
1459 2522 1562 2576 pro
1596 2504 1831 2560 nomine
1852 2521 2003 2571 meo,
2026 2505 2086 2559 in

430 2602 693 2668 tempore
722 2596 1196 2668 persecutionum
1225 2612 1470 2665 corpora
1518 2611 1626 2649 sua
1670 2594 1923 2661 tradent,
1957 2594 2087 2648 vitm

428 2690 656 2741 aeternae
680 2685 1077 2741 haereditatcm
1106 2683 1525 2754 possidebunt;
1550 2683 1649 2737 sed
1675 2687 1962 2753 quotquot
1982 2698 2085 2754 pro

426 2775 669 2830 nomine
696 2777 824 2844 ejus
845 2774 1133 2828 mundum
1156 2778 1211 2828 et
1229 2772 1735 2843 concupiscentiae
1758 2772 1885 2842 ejus
1911 2776 2084 2842 atque

423 2863 581 2919 bona
622 2863 988 2930 abdicamus,
1014 2878 1147 2917 cum
1171 2861 1464 2930 omnibus,
1484 2864 1658 2930 atque
1688 2858 1760 2914 iis
1780 2859 1959 2914 etiam
1983 2859 2083 2930 qui

437 2969 541 3023 pro
566 2952 804 3008 nomine
827 2954 955 3023 ejus
978 2949 1321 3022 martyrium
1344 2948 1797 3014 subierint,eam
1821 2947 2081 3019 posside-

430 3040 655 3096 bimus.
703 3040 965 3110 Namque
1014 3055 1217 3095 omnes
1265 3053 1551 3110 pauperes
1602 3035 1834 3107 spiritu,
1877 3052 2082 3092 omnes

437 3130 692 3184 mundos
741 3130 932 3197 corde,
966 3130 1157 3196 mites,
1190 3142 1509 3197 omnesque
1536 3125 1810 3181 similiter
1857 3125 1956 3197 qui
2006 3125 2078 3180 ti-

2209 1874 2522 1949 ελείψαμεν,
2569 1877 2661 1934 ’ἱνα
2715 1882 2790 1954 μή
2840 1880 3005 1937 πάλιν
3054 1885 3121 1939 τά
3160 1886 3466 1964 πρόσκαιρα
3496 1893 3815 1966 ποθήσαντες,

2203 1965 2303 2032 τήν
2339 1966 2554 2021 αἰώνιον
2608 1971 2751 2039 ζωὴν
2798 1966 3226 2045 ἀποϐαλώμεθα·
3283 1976 3552 2050 Ἀψευδῆς
3584 1983 3679 2057 γάρ
3704 1984 3727 2036 ὁ
3752 1965 3814 2037 είέ

2204 2053 2319 2105 πὼν
2380 2053 2461 2108 ὅτι
2523 2082 2549 2107 ι(
2598 2063 2702 2119 πᾶς
2746 2057 2804 2120 ὅς
2854 2060 3057 2136 ἀφῆκεν
3103 2062 3299 2132 οἰκίαν,
3353 2088 3381 2117 ››
3427 2069 3518 2121 καὶ
3560 2053 3623 2123 τά
3653 2053 3813 2140 λοιπὰ,

2209 2166 2229 2191 ι
2275 2143 2800 2201 ἑκατονταπλασίονα
2832 2145 3088 2221 λήψεται,
3126 2152 3216 2205 καὶ
3250 2155 3394 2221 ζωήν
3446 2156 3662 2212 αἰώνιον
3701 2157 3815 2229 κλη·

2203 2233 2519 2304 ρονομήσει.
2552 2255 2578 2287 ι
2614 2234 2686 2287 Οὐ
2717 2236 2843 2311 γὰρ,
2867 2236 2942 2299 ὥς
2962 2258 3105 2301 τινες
3125 2245 3292 2295 ταῦτα
3313 2243 3628 2317 ἑρμηνεύειν
3659 2245 3816 2302 δοκοῦ-

2201 2337 2301 2389 σιν,
2333 2319 2415 2373 ὅτι
2470 2322 2591 2397 περί
2640 2327 2748 2376 τῶν
2802 2323 2853 2378 ἐν
2896 2331 2975 2396 τῷ
3021 2327 3195 2403 καιρῷ
3240 2334 3347 2383 τῶν
3404 2330 3657 2409 διωγμῶν
3704 2335 3811 2410 ὑπὲρ

2195 2411 2293 2460 τοῦ
2333 2407 2597 2481 ὀνόματος
2628 2409 2792 2465 αὐτοῦ
2827 2417 3283 2485 μαρτυρησάντων
3336 2419 3485 2474 εἶπεν
3527 2407 3572 2475 ῦὸ
3628 2407 3814 2495 Κύριος,

2198 2495 2276 2552 Οὐ
2308 2497 2410 2573 γὰρ
2444 2494 2543 2567 ἔφη
2579 2499 2683 2567 ὅτι,
2716 2500 2897 2556 Μόνον
2930 2503 2982 2556 οἱ
3016 2503 3065 2557 ἐν
3099 2509 3177 2576 τῷ
3206 2512 3381 2581 καιρῷ
3418 2514 3528 2562 τῶν
3586 2494 3814 2587 διωγμῶν

2198 2586 2329 2660 ὑπὲρ
2386 2592 2483 2641 τοῦ
2532 2587 2798 2661 ὀνόματός
2847 2613 2949 2663 μου
3011 2593 3075 2647 τά
3136 2590 3342 2650 ’ἑαυτῶν
3398 2600 3627 2672 σώματα
3674 2586 3817 2675 παρα-

2196 2672 2483 2744 δώσοντες,
2519 2678 2662 2746 ζωήν
2693 2677 2913 2733 αἰώνιον
2945 2680 3491 2757 κληρονομήσονται·
3526 2687 3663 2743 ἀλλὰ

2190 2785 2278 2825 τες
2311 2763 2363 2817 οἳ
2394 2762 2481 2819 διὰ
2509 2766 2572 2819 τὸ
2602 2762 2775 2840 ὄνομά
2809 2790 2913 2840 μου
2943 2772 3031 2824 καὶ
3074 2771 3289 2845 κόσμῳ,
3320 2776 3412 2829 καὶ
3473 2777 3663 2840 πάσαις
3716 2780 3811 2838 ταῖς

2193 2851 2506 2927 ἐπιθυμίαις
2547 2855 2710 2909 αὐτοῦ
2741 2856 3155 2933 ἀποταξώμεθα,
3194 2863 3283 2916 καὶ
3350 2870 3482 2919 πᾶσι
3514 2873 3629 2928 τοῖς
3669 2867 3810 2939 ὑπάρ-

2191 2962 2383 3016 χουσιν
2412 2944 2573 2997 αὑτοῦ
2604 2944 3014 3019 ἀποταξώμεθα,
3051 2950 3194 3019 ζωὴν
3244 2950 3493 3025 αἰώνιον,
3544 2956 3672 3028 μετὰ
3698 2978 3809 3010 παν-

2186 3052 2292 3085 των
2346 3028 2558 3102 δηλαδὴ
2605 3038 2710 3087 τῶν
2764 3035 2896 3110 ὑπὲρ
2933 3042 3029 3091 τοῦ
3083 3037 3351 3111 ὀνόματός
3387 3063 3501 3114 μου
3562 3065 3810 3120 μαρτυρη-

2188 3120 2413 3189 σάντων,
2464 3119 2971 3196 κληρονομήσουσι.
3016 3125 3219 3189 Πάντας
3266 3129 3394 3191 τοὺς
3453 3133 3703 3208 πτωχοὺς
3746 3136 3812 3203 τῷ

426 3222 590 3272 ment
628 3234 839 3272 nomen
874 3218 1000 3287 ejus
1033 3218 1233 3271 beatos
1265 3232 1392 3271 esse
1415 3215 1561 3270 dixit
1579 3216 1838 3270 Salvator
1861 3232 1911 3269 :«
1934 3215 2080 3278 Quo-

2196 3208 2477 3282 πνεύματι,
2535 3212 2624 3264 καὶ
2680 3212 2806 3273 τοὺς
2856 3214 3120 3289 καθαροὺς
3173 3221 3242 3290 τῇ
3302 3217 3523 3295 καρδίᾳ,
3570 3194 3654 3277 ἔτι
3704 3221 3811 3280 τοὺς

426 3305 593 3361 niam
616 3311 898 3375 vestrum,
914 3306 1127 3376 inquit,
1143 3309 1232 3361 est
1253 3321 1500 3375 regnum
1524 3303 1802 3359 cmlorum
1819 3304 1920 3358 ³⁷.»
1940 3303 2087 3361 Mar.

426 3399 587 3466 tyres
619 3394 777 3449 enim
822 3394 1173 3467 plerumque
1196 3393 1281 3449 vel
1315 3410 1430 3447 uno
1478 3392 1761 3464 temporis
1792 3398 2085 3448 momento

430 3488 842 3539 concertantes
873 3482 1267 3537 consummati
1299 3487 1465 3548 sunt;
1508 3482 1928 3536 monachorum
1954 3498 2085 3538 vero

431 3571 778 3627 institutum
801 3572 951 3641 vitae,
976 3570 1400 3626 certaminibus
1431 3570 1555 3625 suis
1578 3571 1837 3641 quotidie
1868 3576 2083 3643 marty-

428 3661 589 3715 rium
623 3661 803 3728 subit,
825 3678 939 3716 non
972 3677 1005 3715 a
1031 3660 1317 3731 sanguine
1352 3665 1409 3714 et
1439 3675 1639 3726 carne;
1672 3659 1772 3714 sed
1807 3660 2083 3715 adversus

428 3750 801 3821 principatus
832 3754 888 3805 et
920 3754 1258 3821 potestates,
1290 3748 1496 3802 mundi
1542 3752 1793 3803 rectores
1824 3750 2084 3804 tenebra-

434 3855 565 3892 rum
607 3837 827 3903 saaeuli,
860 3839 1138 3892 adversus
1187 3836 1519 3907 spiritualia
1567 3836 1859 3907 nequitiae,
1894 3853 2081 3908 usque

429 3927 503 3981 ad
538 3932 864 3982 extremum
897 3926 1146 3981 halitum
1180 3924 1437 3980 luctatur
1467 3930 1640 3997 atque
1665 3924 1969 3980 dimicat...

2195 3304 2406 3371 πραεῖς,
2439 3299 2681 3362 καὶτοὺς
2714 3296 3086 3379 φοϐουμένους
3116 3306 3179 3359 τὸ
3228 3302 3401 3380 ὄνομα
3456 3310 3619 3366 αὐτοῦ
3666 3331 3816 3383 μακα-

2198 3388 2432 3463 ρίζεσθαι
2467 3390 2662 3463 Σωτὴρ
2696 3388 2901 3465 ἔλεγεν,
2955 3416 2982 3443 ‹‹
3012 3394 3136 3450 ’Ότι
3168 3394 3320 3467 ὐμῶν
3347 3396 3493 3453 ἐστιν
3526 3402 3559 3469 ἡ
3595 3399 3815 3475 βασιλεία

2192 3481 2298 3529 τῶν
2350 3476 2613 3551 οὐρανῶν.
2664 3501 2689 3529 ››
2742 3480 2807 3535 Οἱ
2844 3480 2936 3552 μὲν
2983 3481 3086 3556 γὰρ
3121 3484 3388 3559 μάρτυρες
3422 3486 3710 3560 πολλάκις,
3738 3485 3815 3540 καὶ

2194 3564 2281 3619 ἐπὶ
2344 3572 2441 3639 μιᾷ
2506 3571 2696 3641 καιροῦ
2759 3567 2900 3643 ῥοπῇ
2961 3571 3362 3644 ἀγωνισάμενοι
3419 3575 3810 3647 ἐτελειώθησαν

2190 3658 2225 3724 ἡ
2259 3652 2317 3709 δὲ
2344 3660 2451 3709 τῶν
2505 3658 2759 3731 μοναχῶν
2812 3656 3065 3713 πολιτεία
3112 3658 3299 3724 ἄθλοις
3330 3666 3452 3727 καθ’
3485 3665 3703 3736 εκάστην
3757 3661 3815 3717 δι’

2194 3744 2351 3799 αὐτὸν
2387 3746 2665 3820 μαρτυρεῖ,
2701 3745 2799 3799 οὐκ
2827 3746 2931 3801 ἀπὸ
2986 3746 3232 3821 αἳματος,
3276 3752 3365 3805 καὶ
3412 3755 3613 3830 σαρκὸς
3664 3774 3813 3829 παρα-

2191 3832 2517 3906 τασσόμεοα,
2549 3831 2696 3888 ἀλλά
2725 3835 2859 3906 πρὸς
2890 3837 2985 3898 τὰς
3015 3837 3209 3913 ἀρχὰς,
3242 3840 3379 3916 πρὸς
3406 3841 3652 3915 ἐξουσίας
3680 3864 3814 3918 πρω-

2190 3921 2698 3997 τοκοσμοκράτορας
2751 3928 2847 3977 τοῦ
2904 3924 3127 3987 σκότους
3181 3932 3278 3981 τοῦ
3337 3928 3561 4002 αἶ’ὡνος,
3611 3932 3736 4007 πρὸς
3761 3930 3816 3984 τὰ

426 4014 764 4086 πνευματικά
818 4019 919 4082 τῆς
976 4012 1239 4088 πονηρίας
1295 4009 1399 4073 ἕως
1459 4011 1693 4087 ἐσχάτης
1750 4010 2022 4081 ἀναπνοῆς
2068 4013 2167 4081 τήν
2226 4010 2406 4081 πάλην
2468 4008 2689 4085 ἔχουσα,
2746 4012 2835 4066 καὶ
2889 4011 3065 4084 ἀθλεῖ,
3110 4016 3199 4070 καὶ
3231 4016 3671 4095 εἰσφανοῦταιτῇ
3703 4039 3818 4073 παν-

429 4101 689 4172 οπλίᾳ....

430 4193 678 4249 ....526
698 4192 800 4248 Dei
823 4197 1122 4247 armatura
1153 4192 1416 4247 munita:
1444 4208 1509 4246 ac
1535 4192 1732 4247 omnia
1764 4196 1954 4263 potest
1974 4209 2075 4264 per

426 4297 561 4336 eum
593 4282 693 4352 qui
723 4281 919 4353 ipsum
951 4282 1240 4335 eonfortat
1283 4285 1339 4335 et
1386 4281 1721 4347 miseratur,
1753 4280 2069 4335 Christum.

425 4369 603 4425 Nobis
634 4370 693 4423 in
728 4369 1004 4441 parabola
1026 4369 1256 4423 divitias
1278 4386 1416 4424 suas
1439 4369 1695 4423 tribuere
1719 4385 1851 4423 cum
1878 4370 2075 4440 cupiat

427 4460 731 4525 Dominus,
766 4457 847 4513 ait
871 4474 920 4512 ;‹‹
956 4457 1159 4513 Simile
1188 4464 1279 4513 est
1309 4473 1551 4527 regnum
1586 4458 1863 4512 eoalorum
1898 4473 2072 4529 nego-

424 4545 619 4601 tiatori
634 4546 917 4617 quaerenti
934 4545 1116 4601 bonas
1138 4546 1484 4617 margaritas
1496 4546 1598 4612 33,»
1612 4544 2073 4600 eteeteraﬂanc

423 4636 779 4690 confirmans
830 4634 1202 4705 sententiam,
1236 4634 1316 4688 ita
1358 4634 1619 4704 loquitur
1666 4633 2068 4705 evangelista:

2305 4194 2401 4245 τοῦ
2449 4193 2581 4244 Θεοῦ
2629 4210 3123 4269 περιφραττομενη,
3176 4196 3265 4249 καὶ
3311 4196 3487 4252 πάντα
3540 4197 3709 4273 ἰσχύει
3741 4193 3817 4249 διὰ

2180 4280 2271 4333 τὸν
2310 4276 2727 4352 ἐνδυναμοῦντα,
2768 4280 2860 4334 καὶ
2909 4280 3162 4337 ἐλεοῦντα
3215 4284 3470 4359 Χριστόν.
3522 4287 3680 4358 Ἡμῖν
3727 4284 3813 4360 γὰρ

2184 4368 2234 4422 ἐν
2269 4362 2557 4441 παραϐολῇ
2604 4369 2693 4423 τὸν
2746 4369 2937 4423 ὲιυτοῦ
2984 4369 3222 4426 πλοῦτον
3270 4372 3449 4437 θέλων
3508 4375 3811 4450 χαρίσασθαι

2183 4457 2210 4509 ὁ
2270 4455 2464 4532 Κύριος
2524 4453 2728 4532 ἔλεγεν·
2792 4484 2821 4509 ‹‹
2880 4459 3071 4531 Ὁμοία
3129 4460 3268 4515 ἐστὶν
3325 4464 3359 4530 ἡ
3418 4461 3667 4538 βασιλεία
3715 4462 3809 4515 τῶν

2183 4543 2424 4620 οὐρανῶν
2459 4543 2686 4620 ἐμπόρῳ
2728 4546 2976 4616 ζητοῦντι
3027 4548 3232 4611 καλοὺς
3286 4553 3644 4626 μαργαρίτας,
3676 4575 3701 4602 ι)
3732 4549 3809 4603 καὶ

2178 4635 2244 4687 τὰ
2275 4633 2417 4702 ἑξῆς.
2478 4633 2691 4704 Ταύτην
2750 4637 2849 4704 τὴν
2898 4635 3122 4705 ἐντολὴν
3172 4634 3405 4713 βεϐαιῶν
3464 4641 3636 4701 οὕτως
3668 4640 3809 4713 εὐαγ-

424 4745 452 4777 α
476 4723 667 4780 Nolite
689 4723 928 4795 diligere
962 4724 1271 4788 mundum,
1299 4740 1480 4793 neque
1511 4740 1579 4778 ea
1604 4740 1732 4794 qua:
1762 4722 1819 4776 in
1847 4724 2067 4778 mundo

2196 4721 2434 4795 (ελιστὴς
2484 4720 2607 4796 ἔφη·
2658 4748 2683 4775 (ι
2737 4726 2825 4792 Μὴ
2880 4724 3114 4801 ἀγαπᾶτε
3143 4727 3233 4780 τὸν
3267 4728 3475 4802 κόσμον
3514 4727 3655 4802 μηδὲ
3681 4730 3741 4782 τὰ
3763 4727 3807 4781 ἓν

422 4818 581 4868 sunt.
606 4815 714 4879 Qui
736 4812 893 4867 enim
917 4812 1110 4884 diligit
1134 4813 1445 4877 mundum,
1465 4829 1577 4867 non
1603 4811 1794 4882 diligit
1814 4828 1948 4867 eum
1972 4812 2068 4882 qui

420 4902 615 4974 ipsum
638 4901 837 4957 dilexit
859 4901 1171 4957 Dominum
1194 4902 1419 4965 39.»Qui
1443 4918 1574 4956 vero
1597 4901 1753 4955 hunc
1779 4902 2066 4955 mundum

419 4998 477 5048 et
509 4989 786 5047 scandala
815 5008 940 5062 quae
972 4991 1031 5045 in
1064 5008 1130 5046 eo
1162 4996 1301 5045 sunt
1338 4990 1470 5045 odio
1521 4990 1746 5058 habuit,
1778 4995 1835 5045 et
1864 4989 2067 5045 volun-

416 5085 599 5136 tatem
632 5080 731 5135 Dei
764 5079 975 5153 diligit,
1005 5080 1056 5134 is
1098 5085 1293 5134 manet
1338 5080 1398 5133 in
1449 5079 1749 5133 sazeulum.
1789 5081 2068 5134 Dominus

415 5172 594 5238 enim,
626 5186 739 5241 quo
788 5185 895 5223 nos
945 5187 978 5223 a
1028 5169 1232 5224 mundi
1282 5168 1719 5222 conversatione
1767 5169 2065 5237 dejiceret,

414 5260 558 5315 dixit
580 5276 627 5315 τι
654 5259 835 5315 Nemo
866 5258 1106 5313 mittens
1138 5273 1380 5311 manum
1412 5273 1581 5311 suam
1607 5256 1676 5311 ad
1702 5262 1985 5325 aratrum,
2011 5261 2069 5312 et

410 5356 564 5407 retro
596 5364 933 5415 conversus,
959 5352 1133 5418 aptus
1157 5351 1245 5401 est
1274 5346 1347 5401 ad
1381 5362 1625 5416 regnum
1659 5344 1938 5401 caelorum
1962 5346 2064 5400 ‘0.»

479 5561 763 5637 35_Matth.
796 5577 852 5629 x,
885 5559 975 5615 37.

411 5649 490 5704 1x,
523 5635 615 5688 62.

1068 5559 1113 5593 ⁸⁸
1145 5557 1346 5616 Matth.
1400 5574 1516 5631 XIX,
1565 5559 1654 5612 29.

1752 5558 1795 5592 ³⁷
1828 5557 1965 5614 Luc.
2000 5574 2078 5627 v1,
2109 5556 2198 5612 20.

2181 4810 2391 4882 κόσμῳ.
2424 4812 2484 4867 Ὀ
2537 4815 2639 4885 γὰρ
2696 4813 2786 4866 τὸν
2844 4814 3048 4887 κόσμον
3101 4816 3318 4891 ἀγαπῶν
3371 4818 3471 4873 οὐκ
3502 4818 3678 4894 ἀγαπᾷ
3727 4818 3807 4870 τὸν

2176 4898 2523 4975 ἀγαπήσαντα
2578 4900 2734 4955 αὐτὸν
2798 4902 3018 4977 Κύριον.
3086 4929 3105 4953 ι
3158 4906 3220 4960 Ὁ
3265 4903 3323 4960 δὲ
3374 4912 3567 4961 τοῦτον
3592 4908 3680 4961 τὸν
3731 4904 3811 4959 κό-

2178 5009 2312 5060 σμον
2347 4988 2531 5042 καὶτὰ
2574 4988 2623 5042 ἐν
2673 4990 2818 5062 αὖτῷ
2866 4989 3139 5047 σκάνδαλα
3193 4996 3445 5066 μισήσας,
3490 4997 3579 5051 καὶ
3625 4996 3687 5050 τὸ
3739 4993 3808 5046 θὲ-

2178 5077 2247 5146 λη
2261 5098 2333 5149 μα
2361 5082 2457 5131 τοῦ
2488 5083 2620 5132 Θεοῦ
2652 5080 2933 5154 ἀγαπήσας
2967 5081 3175 5155 εὖμὲνει
3220 5083 3293 5144 εἷς
3321 5084 3412 5137 τὸν
3462 5085 3652 5141 αἰῶνα.
3698 5089 3804 5138 Χω-

2178 5165 2318 5241 ρίσαι
2349 5168 2451 5241 γάρ
2486 5165 2822 5242 βουλόμενος
2853 5171 2999 5242 ἡμᾶς
3031 5171 3059 5224 ὁ
3092 5171 3368 5241 Δεσπότης
3397 5179 3497 5242 τῆς
3526 5172 3578 5226 ἐν
3629 5172 3805 5242 κόσμῳ

2177 5250 2458 5330 διατριϐῆς
2514 5254 2713 5332 ἔλεγεν”
2778 5281 2805 5309 (ι
2862 5256 3048 5320 Οὐδεὶς
3104 5259 3286 5335 βαλὼν
3330 5268 3430 5330 τῆν
3466 5266 3628 5338 χεῖρα
3657 5260 3805 5315 αὐτοῦ

2177 5341 2259 5397 ἐπ’
2319 5345 2569 5420 ἄροτρον,
2625 5346 2715 5401 καὶ
2778 5348 3029 5426 στραφεὶς
3086 5348 3161 5411 εἷς
3230 5350 3297 5404 τὰ
3354 5350 3553 5420 ὀπίσω,
3610 5346 3806 5413 εὔθετός

3585 5564 3632 5597 ⁴⁰
3669 5563 3797 5619 Luc.

2295 5558 2338 5593 ³⁸
2369 5558 2574 5615 Matth.
2607 5576 2732 5630 xm,
2765 5561 2854 5616 45.
2947 5562 2993 5597 ³ο
3022 5563 3045 5617 Ι
3073 5562 3245 5619 Joan.
3292 5580 3355 5631 ιι,
3407 5565 3492 5619 15.
