4086 6214
301 350 327 408 1
341 350 457 410 425

1484 350 1877 410 DOCTRINA
1925 351 2029 410 AD
2075 352 2531 416 MONACHOS.

3557 358 3713 417 “26

297 478 440 534 ἐστιν
474 479 548 541 εἰς
579 481 676 548 τὴν
734 480 1007 555 βασιλείαν
1059 484 1166 535 τῶν
1218 479 1477 555 οὐρανῶν.
1518 502 1544 529 ››
1575 481 1635 534 Ὁ
1686 477 1743 534 δὲ
1787 479 1929 536 Ἀπόι

2062 483 2369 555 Apostolus
2420 502 2550 541 vero
2596 488 2680 543 ait
2710 468 2775 543 εξ
2832 490 3090 546 Militans
3147 489 3485 561 implicatur
3531 490 3711 561 hujus

298 568 498 630 στολός
558 591 706 646 φησι·
747 592 775 621 ‹‹
816 568 1248 646 Στρατευόμενος
1301 567 1624 641 ἐμπλέκεται
1679 574 1795 631 ταῖς
1853 575 1950 624 τοῦ

303 658 428 733 βίου
459 658 872 734 πραγματείαις.
910 683 937 709 ››
970 659 1066 712 Καὶ
1097 657 1260 712 πάλιν
1295 660 1323 711 6
1356 656 1570 732 Κύριος·
1605 682 1633 708 ‹‹
1664 659 1725 714 Ὀ
1770 656 1821 712 ἐν
1870 663 1949 729 τῷ

298 747 473 822 ἀγρῷ,
534 748 609 820 μὴ
669 746 969 823 ἐπιστραφῇ
1029 747 1103 807 είς
1152 748 1218 800 τὰ
1267 746 1461 813 ὀπίσω,
1505 772 1521 793 ι
1569 748 1810 801 τουτέστι
1871 748 1946 819 μη

298 835 466 892 πάλιν
512 835 869 908 μνημονεύειν
915 838 948 905 ἢ
990 842 1174 899 ποθεῖν
1226 836 1428 911 έορκεῖν
1474 835 1835 913 ἀναστροφὴν,
1885 837 1944 905 ἣν

300 924 391 982 διὰ
435 927 527 981 τὸν
580 927 709 981 Θεὸν
750 927 839 980 καὶ
882 927 979 993 τὴν
1023 924 1249 992 ἐντολήν
1300 925 1463 979 αὐτοῦ
1511 926 1764 996 μισήσας,
1814 946 1946 978 κατ-

295 1015 471 1071 έλιπε.
512 1016 599 1083 Μὴ
635 1014 724 1069 οῦν
762 1010 1015 1091 φοϐεῖσθε
1068 1013 1193 1074 τοὺς
1224 1013 1283 1068 ἐκ
1335 1019 1431 1067 τοῦ
1489 1008 1751 1069 διαϐόλου
1807 1015 1941 1085 ἡμῖν

297 1104 673 1179 ἐπαγομένους
721 1102 1077 1177 πειρασμοὺς,
1123 1102 1218 1158 κᾶν
1283 1102 1528 1158 ποικίλοι
1577 1104 1699 1169 ὦσι,
1749 1102 1942 1178 γέγρα-

292 1216 425 1250 πται
455 1194 575 1270 γάρ·
611 1218 639 1245 ‹‹
678 1193 761 1248 Υἱὲ
810 1215 935 1266 μου,
970 1192 1014 1247 εἰ
1063 1192 1338 1269 προσέχῃς
1394 1189 1667 1247 δουλεύειν
1723 1196 1801 1264 τῷ
1843 1198 1943 1244 Κυ-

298 1283 423 1359 ρίῳ,
456 1283 738 1357 έτοίμασον
766 1284 865 1350 τὴν
897 1284 1081 1357 ψυχήν
1126 1302 1220 1335 σου
1269 1280 1344 1342 εἷς
1393 1280 1748 1355 πειρασμούς.
1785 1303 1812 1331 ››
1844 1278 1942 1334 Καὶ

293 1371 420 1445 περὶ
449 1378 549 1441 τῆς
587 1368 808 1446 καρδίας
849 1373 949 1439 τῆς
999 1370 1286 1441 ὑπομονῆς
1330 1369 1427 1436 τήν
1477 1372 1573 1422 τοῦ
1622 1372 1754 1421 Θεοῦ
1807 1368 1942 1442 βοή-

296 1472 443 1524 θειαν
500 1459 803 1533 ἀναμένων·
858 1458 1057 1531 μείζων
1107 1457 1209 1533 γάρ
1261 1456 1373 1512 ἐστι
1418 1460 1515 1511 τοῦ
1569 1455 1943 1528 πολεμοῦντός

295 1570 353 1603 σε
387 1544 669 1615 διαϐόλου,
701 1550 880 1612 καθὼς
913 1546 1181 1607 πολλάκις
1209 1544 1441 1621 λέγεται·
1476 1544 1685 1613 Μείζων
1740 1543 1877 1598 ἐστὶν
1914 1546 1941 1600 ὁ

296 1638 348 1692 ἐν
375 1639 580 1711 ἡμῖυῆ
612 1638 641 1691 6
670 1638 720 1691 έν
750 1642 829 1709 τῷ
857 1635 1173 1710 κόσμῳ·καὶ
1207 1637 1234 1690 6
1261 1632 1598 1707 Ψαλμῳδός·
1621 1656 1642 1685 ι
1678 1633 1750 1687 Ού
1772 1628 1943 1711 φοϐη-

295 1728 537 1800 θήσομαι
558 1726 714 1798 κακὰ,
729 1725 811 1780 ὅτι
843 1724 905 1779 σὺ
940 1725 1074 1798 μετᾶ
1105 1723 1238 1798 ἐμοῦ
1271 1724 1379 1780 εἶ.»
1415 1722 1580 1779 Καί·‹‹
1618 1722 1811 1798 Κύριος
1834 1744 1943 1800 φω-

2059 571 2187 626 νὶίω
2239 574 2487 646 negotiis
2508 576 2606 631 ⁸1.»
2654 579 2734 633 Ac
2783 596 3019 634 rursum
3071 579 3359 634 Dominus
3394 594 3459 632 :u
3495 578 3600 643 Qui
3648 578 3708 633 in

2060 676 2199 732 agro
2231 667 2341 726 est,
2375 681 2445 718 ne
2484 668 3020 734 retrogrediatur".
3049 690 3077 717 »
3111 669 3227 723 Hoc
3258 672 3367 734 est,
3401 684 3473 721 ne
3503 667 3710 721 memi-

2061 750 2214 804 nerit
2243 767 2466 819 eorum,
2492 769 2680 824 neque
2726 756 2923 826 cupiat
2960 758 3151 812 denuo
3199 756 3359 811 adire
3409 772 3712 810 conversa-

2060 839 2297 911 tionem,
2340 858 2516 912 quam
2568 850 2805 914 propter
2853 850 3031 900 Deum
3078 852 3135 901 et
3180 847 3308 916 ejus
3358 848 3709 916 praeceptum

2057 944 2301 998 perosus
2334 930 2666 1001 dereliquit.
2700 934 2781 987 Ne
2820 934 3019 989 timete
3068 935 3247 1006 igitur
3294 933 3645 989 tentationes
3678 951 3711 988 a

2055 1017 2287 1073 diabolo
2320 1019 2488 1074 nobis
2533 1020 2854 1088 immissas,
2891 1024 3123 1079 etiamsi
3168 1025 3338 1077 variae
3390 1024 3535 1089 sint;
3566 1023 3708 1077 scri-

2054 1109 2221 1177 ptum
2254 1107 2409 1163 enim
2437 1113 2526 1163 est
2564 1127 2612 1164 :a
2648 1109 2751 1164 Fili
2785 1112 2888 1179 mi,
2923 1112 2972 1167 si
3005 1112 3062 1167 in
3101 1112 3296 1167 animo
3337 1112 3553 1167 habeas
3586 1128 3705 1165 ser-

2052 1193 2171 1249 vire
2199 1196 2337 1265 Deo,
2366 1213 2625 1268 praepara
2646 1200 2904 1256 animam
2936 1206 3097 1256 tuam
3127 1203 3197 1255 ad
3229 1201 3582 1257 tentationes
3604 1200 3704 1253 ‘3.»

2052 1284 2281 1339 Habeas
2326 1286 2387 1340 in
2428 1288 2601 1342 corde
2649 1292 2750 1343 tuo
2799 1289 3167 1361 patientiam,
3213 1294 3556 1360 exspectans
3604 1287 3703 1341 Dei

2053 1372 2365 1442 auxilium;
2401 1375 2588 1444 major
2616 1376 2833 1447 quippe
2883 1376 2979 1431 ille
3028 1382 3119 1432 est
3161 1375 3392 1432 diabolo
3424 1381 3479 1429 te
3511 1376 3703 1446 impu-

2051 1471 2287 1532 gnante,
2315 1465 2813 1533 quemadmodum
2858 1466 3203 1537 plerumque
3236 1466 3489 1520 dicitur:
3518 1464 3705 1533 Major

2051 1556 2141 1606 est
2171 1551 2271 1623 qui
2301 1556 2391 1606 est
2422 1553 2479 1607 in
2515 1553 2704 1621 nobis,
2727 1570 2793 1609 eo
2824 1555 2924 1626 qui
2957 1556 3014 1609 in
3048 1556 3270 1610 mundo
3303 1558 3417 1622 est;
3454 1558 3511 1608 et
3544 1551 3702 1607 Psal-

2052 1640 2228 1696 mista
2248 1658 2297 1695 :«
2313 1640 2438 1696 Non
2457 1642 2675 1697 timebo
2700 1643 3160 1715 mala,quoniam
3180 1649 3241 1699 tu
3267 1660 3493 1699 mecum
3517 1644 3701 1709 es“;»

2050 1732 2126 1795 et,
2154 1750 2181 1779 ‹‹
2214 1729 2495 1786 Dominus
2542 1730 2893 1788 illuminatio
2943 1750 3073 1788 mea
3100 1738 3157 1788 et
3195 1732 3459 1788 Salvator
3510 1748 3697 1802 meus,

286 1816 489 1889 τισμός
522 1836 652 1889 μου,
684 1815 772 1870 καὶ
804 1817 1003 1891 Σωτήρ
1039 1836 1162 1887 μου,
1184 1813 1302 1868 τίνα
1331 1807 1748 1890 φοϐηθήσομαι;
1775 1838 1793 1861 ι
1818 1810 1929 1884 Καὶ,

2050 1834 2223 1889 quem
2254 1818 2471 1874 timebo
2488 1819 2571 1873 ‘5?
2594 1843 2613 1867 ι
2640 1821 2730 1888 Et,
2750 1842 2776 1867 α
2800 1822 3040 1877 Etiamsi
3065 1822 3387 1877 consistant
3410 1821 3461 1874 in
3500 1838 3590 1874 me
3613 1839 3701 1876 ca-

288 1929 319 1958 ‹‹
355 1905 476 1960 Ἐὰν
508 1904 873 1981 παρατάξηται
908 1904 988 1958 ἐπ’
1020 1902 1117 1977 ἐμὲ
1145 1896 1495 1978 παρεμϐολὴ,
1528 1900 1589 1955 οὐ
1620 1896 1932 1972 φοϐηθήσε-

283 2016 374 2050 ται
406 1996 440 2065 ἠ
472 1992 668 2071 καρδία
702 2015 826 2067 μου.
864 2019 889 2045 ››
923 1992 1049 2065 Καὶ,
1080 2017 1108 2044 ‹‹
1158 1992 1352 2067 Κύριος
1400 1990 1523 2063 ἐμοὶ
1578 1991 1803 2066 βοηθὸς,
1833 1990 1933 2045 κά-

285 2107 372 2160 γω
404 2084 679 2158 ἐπόψομαι
709 2082 834 2145 τους
867 2081 1097 2158 ἐχθρούς
1140 2103 1263 2154 μου,
1297 2105 1317 2131 ι
1353 2082 1440 2149 Μὴ
1495 2077 1576 2134 δεῖ
1612 2079 1788 2133 τοίνυν
1838 2079 1929 2133 τὸν

289 2172 617 2229 δουλεύοντα
643 2178 721 2245 τῷ
768 2171 952 2248 Κυρίῳ
1001 2172 1263 2239 ἀπιστεῖν,
1295 2170 1368 2232 ὡς
1421 2169 1529 2244 οὐχ
1577 2169 1930 2243 ύπερασπίζε-

284 2285 373 2319 ται
431 2268 619 2318 τοῦτον
677 2265 705 2318 6
764 2262 956 2335 Κύριος
1013 2259 1261 2314 πάντοτε·
1322 2259 1480 2320 αὐτὸς
1543 2258 1643 2335 γὰρ
1698 2256 1929 2333 ε’ίρηκεψ

289 2377 317 2405 ι(
350 2351 429 2410 Οὐ
478 2354 552 2425 μή
610 2373 664 2406 σε
716 2350 1010 2418 ἀναλείπω,
1044 2346 1172 2403 οὐδὲ
1232 2350 1307 2421 μή
1367 2370 1423 2402 σε
1468 2344 1859 2423 έγκαταλείπω·
1904 2368 1932 2396 ››

286 2442 386 2498 Καὶ
417 2446 546 2518 γοῦν
579 2442 739 2496 αὐτὸν
788 2438 911 2495 ἔθου
962 2440 1273 2516 γαταφυγήν
1322 2459 1438 2506 σου,
1471 2461 1498 2488 ‹‹
1532 2436 1593 2491 ού
1637 2433 1932 2507 προσελεύ-

288 2552 434 2586 σεται
466 2531 601 2604 πρὸς
635 2531 690 2585 σέ
719 2530 876 2598 κακὰ,
907 2529 996 2584 καὶ
1033 2528 1221 2601 μάστιξ
1272 2526 1371 2581 οὐκ
1419 2525 1616 2603 ἐγγίσει
1664 2528 1743 2596 τῷ
1801 2546 1934 2594 σκη-

288 2620 501 2693 νώματί
546 2638 661 2674 σου*
700 2643 728 2670 ››
768 2618 856 2673 καὶ
904 2618 971 2672 τὰ
1014 2617 1154 2687 έξῆς.
1207 2616 1298 2670 Διὸ
1346 2615 1645 2690 παρακαλῶ
1695 2615 1856 2685 ὑμᾶς,
1888 2611 1933 2666 ὦ

288 2707 541 2787 ἀδελφοὶ,
576 2709 652 2782 μὴ
684 2704 921 2778 ένδῶμεν
954 2705 1099 2766 ὅλως
1126 2710 1205 2776 τῷ
1236 2708 1481 2778 πονηρῷ,
1516 2699 1655 2775 μηδὲ
1696 2701 1934 2755 θανατώ-

288 2820 469 2871 σωμεν
520 2796 763 2867 ςἑαυτοὺς,
804 2793 893 2850 διὰ
936 2793 1331 2864 οἱασδηποτοῦν
1375 2790 1604 2862 ἡδονῆς,
1636 2790 1781 2846 ἀλλά
1838 2811 1932 2862 με·

287 2888 553 2960 μνημένοι
610 2888 677 2941 τὰ
733 2883 1055 2957 ἀποκείμενα
1115 2885 1249 2956 ἡμῖν
1311 2880 1363 2936 ἰν
1432 2880 1681 2957 οὐρανοῖς
1744 2877 1930 2955 ἀγαθὰ,

283 2976 497 3029 πάντων
554 2974 759 3029 τούτων
822 2969 1178 3047 ὑπερίδωμεν.
1212 2972 1297 3038 Μὴ
1359 2968 1449 3024 οῦν
1512 2973 1763 3047 φανῶμεν
1824 2972 1934 3023 τῶν

284 3064 389 3140 πρὸ
420 3066 580 3137 ἡμῶν
624 3063 959 3137 αὐχήσαντες
1007 3059 1273 3135 παίγνιον.
1308 3062 1570 3114 Ἕκαστον
1612 3058 1714 3133 γὰρ
1766 3057 1816 3113 ἐν
1861 3056 1930 3131 τῇ

280 3151 497 3223 κλήσει,
597 3150 801 3221 ἐκλήθη
865 3149 1038 3224 μένειι
1099 3148 1149 3204 ἐν
1210 3151 1424 3222 Χριστῷ
1475 3144 1846 3223 παραγγέλλει
1897 3147 1926 3200 6

2045 1915 2187 1978 stra,
2211 1924 2327 1964 non
2357 1908 2589 1963 timebit
2610 1925 2710 1964 cor
2729 1926 2926 1965 meum
2949 1911 3047 1965 ⁸⁸.»
3072 1912 3160 1980 Et,
3185 1932 3213 1961 «
3242 1909 3523 1966 Dominus
3553 1909 3697 1965 mihi

2041 1994 2291 2065 adjutor,
2315 1998 2372 2049 et
2400 2011 2505 2067 ego
2539 1996 2856 2069 despiciam
2888 1998 3159 2054 inimicos
3194 2015 3355 2055 meos
3370 1999 3543 2053 ""3.»
3568 1998 3692 2053 Non

2042 2088 2270 2155 oportet
2322 2084 2503 2154 igitur
2532 2102 2667 2140 eum
2727 2086 2826 2157 qui
2882 2087 3125 2142 Domino
3178 2089 3355 2143 servit
3402 2088 3701 2155 difﬁdere,

2043 2173 2213 2245 quasi
2259 2190 2374 2229 non
2406 2175 2479 2228 ab
2509 2191 2575 2229 eo
2606 2190 2840 2245 semper
2868 2180 3239 2247 protegatur;
3274 2176 3400 2248 ipse
3439 2195 3695 2250 namque

2043 2262 2190 2317 dixit
2222 2279 2271 2316 :«
2296 2263 2421 2317 Non
2453 2266 2510 2317 te
2540 2264 2821 2330 deseram,
2856 2281 3047 2336 neque
3076 2268 3131 2320 te
3163 2265 3565 2337 derelinquam
3592 2268 3692 2323 ιθ.»

2044 2351 2103 2407 Si
2134 2351 2291 2406 enim
2323 2350 2489 2405 illum
2521 2352 2771 2423 posuisti
2802 2354 3091 2424 refugium
3121 2358 3311 2420 tuum,
3336 2378 3363 2405 «
3393 2372 3506 2410 non
3538 2373 3687 2411 acce-

2044 2440 2183 2495 dent
2212 2440 2282 2495 ad
2316 2444 2372 2495 te
2404 2440 2578 2507 mala,
2612 2445 2668 2496 et
2698 2441 2992 2513 flagellum
3037 2459 3153 2497 non
3193 2444 3697 2517 apprOpinquabit

2043 2530 2418 2585 tabernaculo
2433 2535 2532 2584 tuo
2548 2530 2646 2595 5°,»
2664 2535 2721 2585 et
2736 2536 2960 2586 caetera.
2977 2534 3342 2603 Quapropter
3359 2533 3553 2588 hortor
3572 2552 3692 2600 vos,

2044 2620 2272 2685 fratres,
2307 2618 2646 2675 nullatenus
2694 2620 2952 2691 maligno
3004 2622 3303 2689 cedamus,
3348 2638 3537 2693 neque
3588 2640 3693 2679 uos

2045 2708 2218 2763 morti
2250 2708 2574 2777 tradamus,
2606 2708 2677 2762 ob
2726 2725 3138 2780 quamcunque
3169 2710 3555 2782 voluptatem;
3590 2713 3690 2767 sed

2045 2813 2335 2851 memores
2363 2813 2565 2852 eorum
2596 2813 2725 2867 quae
2769 2796 2938 2851 nobis
2988 2798 3243 2868 reposita
3271 2802 3410 2859 sunt
3441 2798 3498 2852 in
3530 2799 3690 2854 C(Blis

2044 2888 2355 2957 bonorum,
2381 2887 2502 2941 haec
2529 2885 2727 2941 omnia
2758 2885 3175 2957 despiciamus.
3210 2886 3291 2942 Ne
3323 2888 3518 2957 itaque
3549 2889 3688 2944 dum

2044 2966 2365 3049 gloriamur
2410 2991 2611 3030 eorum
2644 2975 2743 3045 qui
2794 2979 2928 3030 ante
2984 2992 3089 3030 nos
3147 2976 3326 3042 fuere,
3363 2974 3684 3033 ludibrium

2041 3081 2168 3120 esse
2216 3063 2539 3118 videamur.
2572 3062 2901 3135 Unicuique
2931 3062 3087 3118 enim
3136 3063 3195 3120 in
3242 3064 3541 3120 vocatione
3571 3083 3688 3137 qua

2042 3157 2283 3207 vocatus
2335 3151 2446 3206 fuit
2489 3153 2846 3207 manendum
2894 3168 3043 3219 esse,
3075 3153 3134 3208 in
3163 3153 3393 3209 Christo
3426 3155 3688 3226 praecipit

278 3241 638 3303 ’Δπόστολος
667 3238 760 3295 ’ἶνα
787 3240 877 3294 τὸν
904 3246 1004 3308 τῆς
1035 3240 1315 3310 ὑπομονῆς
1346 3239 1600 3316 στέιρανον
1642 3238 1785 3310 παρὰ
1829 3239 1926 3289 τοῦ

2041 3241 2369 3313 Apostolus,
2406 3246 2470 3295 ut
2514 3241 2809 3311 patientia:
2856 3258 3151 3311 coronam,
3184 3259 3217 3297 a
3248 3248 3688 3298 remuneratore

280 3328 687 3406 μισθαποδότου
753 3332 987 3404 Χριστοῦ
1028 3322 1421 3400 ἀπολάϐωμεν,
1462 3328 1519 3382 ὃν
1563 3322 1925 3401 ἐπηγγείλατο

277 3426 358 3492 τῷ
416 3419 697 3493 ἀγαπῶντι
753 3417 935 3472 αὐτόν.
1000 3416 1299 3492 Γέγραπται
1346 3415 1466 3492 γάρ·
1506 3438 1533 3467 ‹‹
1582 3416 1686 3483 Τὴν
1743 3413 1926 3478 ἐπιθυ-

281 3509 407 3582 μίαν
441 3529 537 3562 σου
568 3507 656 3562 διὰ
695 3514 796 3576 τῆς
846 3507 1127 3579 ὑπομονῆς
1169 3505 1408 3575 νίκησον,
1439 3504 1528 3559 καὶ
1579 3503 1670 3577 ἔσῃ
1717 3503 1925 3568 τέλειος

281 3599 332 3654 ἐν
363 3599 600 3673 Χρωτιῖν
637 3621 664 3647 ››
695 3595 804 3651 καί·
841 3619 870 3648 ‹‹
900 3601 986 3667 Τῷ
1014 3600 1235 3649 νικῶντι
1280 3592 1439 3648 δώσω
1488 3600 1675 3672 φαγεῖν
1727 3593 1784 3648 ἐκ
1831 3598 1925 3647 τοῦ

277 3686 446 3758 ξύλου
498 3693 597 3755 τῆς
671 3691 814 3754 ζωῆς
870 3689 967 3740 τοῦ
1025 3685 1076 3739 έν
1141 3685 1290 3758 μέσῳ
1348 3687 1443 3737 τοῦ
1501 3681 1845 3758 παραδείσου.
1896 3707 1921 3733 ››

280 3774 440 3849 Λέγει
474 3774 672 3851 Κύριος
717 3774 805 3828 καὶ
853 3771 1035 3828 πάλιν·
1069 3776 1255 3834 ’Ὁστις
1316 3770 1405 3826 διὰ
1453 3776 1548 3825 τοῦ
1606 3769 1770 3842 ξύλου
1826 3776 1922 3826 τοῦ

282 3868 519 3938 σταυροῦ
569 3865 742 3918 πάντα
796 3863 865 3917 τὰ
916 3870 1017 3931 τῆς
1070 3862 1261 3935 σαρκὸς
1308 3863 1513 3931 νικήσει
1543 3860 1712 3931 πάθη,
1743 3859 1921 3933 τούτῳ

280 3952 442 4008 δώσω
471 3951 672 4021 στολὴν
706 3952 929 4022 λευκήν.
963 3951 1026 4007 Εἰ
1057 3951 1156 4026 γὰρ
1215 3945 1492 4028 φοϐοῦμεν
1551 3951 1640 4004 τὸν
1703 3949 1920 4022 Κύριον,

277 4044 346 4096 τὰ
404 4040 763 4118 ἀνεκδιήγητα
811 4041 998 4118 ἀγαθὰ,
1047 4040 1136 4094 καὶ
1195 4040 1246 4093 οἱ
1302 4047 1400 4108 τῆς
1450 4036 1609 4109 δόξης
1672 4040 1918 4116 στέφανοι

277 4130 712 4205 ἡτοιμάσθησαν.
746 4129 817 4184 Οὐ
847 4131 947 4206 γὰρ
994 4128 1317 4203 έπιτάγματι
1366 4132 1472 4182 τῶν
1528 4128 1689 4203 ἁγίων
1725 4129 1752 4182 6
1787 4127 1922 4202 πρὸς

276 4242 373 4283 τας
409 4218 690 4293 μεθοδείας
732 4225 828 4273 τοῦ
872 4219 1075 4295 ἐχθροῦ
1124 4217 1391 4290 πόλεμος,
1423 4217 1511 4272 καὶ
1542 4218 1575 4286 ἡ
1608 4219 1723 4271 κατ’
1752 4217 1920 4271 αὐτοῦ

275 4310 424 4380 νίκη,
458 4307 547 4364 διὰ
568 4312 665 4377 τῆς
694 4313 789 4364 τοῦ
822 4307 1017 4382 Κυρίου
1054 4305 1308 4381 βοηθείας
1348 4302 1581 4371 δέδοται,
1614 4304 1759 4360 ἀλλά
1798 4325 1918 4380 τρι-

275 4398 358 4453 σὶν
393 4399 466 4460 ὡς
491 4398 541 4452 έν
570 4397 638 4472 τῇ
668 4401 765 4451 τοῦ
814 4397 1120 4471 σπέρματος
1172 4388 1483 4469 παραϐολῇ,
1517 4392 1674 4454 αὐτὸς
1728 4392 1919 4466 Κύριος

276 4482 401 4565 ἔφη’
438 4484 652 4543 Ἐδίδου
684 4486 808 4560 γὰρ,
836 4483 1021 4562 φησὶν,
1056 4483 1083 4536 6
1136 4483 1229 4556 μὲν
1273 4483 1583 4557 τριάκοντα,
1615 4483 1643 4535 6
1693 4479 1750 4535 δὲ
1798 4482 1915 4552 ἑξή-

2036 3329 2266 3384 Cbristo
2299 3328 2683 3401 accipiamus.
2719 3329 3014 3401 Scriptum
3058 3330 3214 3385 enim
3247 3335 3337 3386 est
3368 3348 3429 3386 :«
3461 3331 3685 3386 Concu-

2036 3418 2381 3491 piscentiam
2432 3424 2595 3473 tuam
2646 3435 2749 3489 per
2796 3418 3141 3490 patientiam
3188 3419 3427 3491 vincito,
3469 3426 3526 3476 et
3570 3421 3686 3478 eris

2036 3508 2326 3579 perfectus
2377 3508 2435 3561 in
2488 3506 2754 3566 Christo:
2789 3511 2845 3561 et
2878 3524 2943 3562 :«
2976 3508 3243 3565 Vincenti
3294 3510 3444 3565 dabo
3491 3525 3683 3565 come-

2036 3596 2170 3652 dere
2199 3596 2271 3651 de
2302 3595 2457 3666 ligno
2488 3595 2639 3660 vita,
2663 3596 2819 3668 quod
2851 3601 2939 3651 est
2986 3596 3044 3651 in
3099 3597 3289 3652 medio
3341 3598 3597 3669 paradisi
3618 3600 3680 3653 δί.

2034 3686 2132 3740 Ait
2172 3685 2382 3740 iterum
2425 3684 2709 3740 Dominus
2742 3702 2755 3740 :
2792 3685 3132 3756 Quicunque
3164 3703 3264 3757 per
3291 3686 3517 3757 lignum
3550 3704 3677 3742 cru-

2033 3775 2118 3831 cis
2149 3790 2353 3829 omnes
2384 3773 2575 3829 carnis
2614 3774 2917 3845 passiones
2954 3773 3175 3844 vicerit,
3210 3773 3344 3829 huic
3377 3776 3526 3829 dabo
3559 3781 3679 3831 sto-

2032 3864 2148 3919 lam
2181 3862 2397 3918 albam.
2432 3862 2488 3917 Si
2523 3878 2777 3934 namque
2820 3861 3132 3917 Dominum
3185 3862 3521 3932 timeamus,
3557 3865 3678 3920 ine-

2031 3951 2349 4008 narrabilis
2399 3951 2546 4005 bona
2572 3955 2628 4005 et
2657 3966 2878 4005 coronas
2908 3949 3104 4022 glorias
3138 3951 3308 4005 nobis
3356 3958 3679 4024 praeparata

2031 4044 2191 4097 sunt.
2227 4039 2349 4096 Non
2410 4038 2565 4093 enim
2624 4055 2693 4093 ex
2748 4043 3085 4094 sanctorum
3136 4040 3408 4109 jussione
3459 4041 3676 4097 bellum

2030 4128 2418 4185 committitur
2447 4131 2650 4182 contra
2694 4126 2914 4181 inimici
2953 4126 3147 4191 dolos;
3200 4129 3302 4183 sed
3333 4129 3574 4185 victoria
3606 4132 3677 4186 de

2030 4217 2160 4290 ipso
2194 4233 2295 4289 per
2337 4215 2619 4271 auxilium
2673 4216 2897 4270 Domini
2947 4221 3298 4287 reportatur,
3330 4222 3387 4272 et
3437 4220 3673 4290 quidem

2030 4324 2064 4362 a
2094 4306 2273 4361 trium
2314 4305 2620 4361 hominum
2670 4305 3002 4377 generibus,
3036 4310 3101 4360 ut
3132 4307 3256 4377 ipse
3309 4307 3585 4364 Dominus
3618 4311 3672 4364 in

2030 4394 2309 4468 parabola
2340 4396 2409 4450 de
2455 4394 2782 4449 seminibus
2830 4393 3137 4465 loquitur:
3178 4396 3341 4451 Dedit
3390 4396 3543 4454 alius
3574 4400 3674 4454 tri-

2029 4486 2213 4558 ginta,
2247 4482 2400 4540 alius
2448 4484 2767 4555 sexaginta,
2802 4482 2952 4538 alius
3002 4488 3260 4540 centum.
3290 4485 3507 4541 Horum
3542 4505 3673 4543 vero

272 4597 440 4631 κοντα
471 4577 499 4630 6
530 4574 587 4630 δὲ
609 4572 820 4630 ἕκατον.
855 4572 1076 4629 Τούτων
1099 4569 1156 4626 δέ
1184 4576 1290 4626 τῶν
1321 4570 1608 4647 ταγμάτων
1647 4571 1740 4633 τὰς
1786 4571 1914 4624 ὑπο-

2041 4574 2299 4630 )rdinum
2348 4574 2576 4628 varium
2626 4576 2869 4640 statum,
2903 4572 2952 4628 si
2982 4589 3181 4629 sacras
3230 4574 3466 4647 quidem
3516 4577 3669 4632 Scri-

273 4678 466 4737 θεσεις,
499 4685 522 4719 ε
552 4665 645 4725 τὰς
700 4664 910 4739 Γραφάς
962 4663 1284 4737 έρευνήσεις,
1326 4659 1672 4735 πολύτροπον
1724 4658 1782 4713 ἃν
1831 4659 1913 4713 εὑ-

272 4757 479 4831 ρήσεις”
518 4773 781 4829 μαρτυρες
818 4754 910 4824 μὲν
943 4751 1032 4805 οὖν
1066 4750 1308 4822 εἰσιν,ὼς
1333 4752 1360 4805 6
1383 4750 1511 4823 ἐμὸς
1543 4747 1732 4823 λόγος,
1752 4748 1804 4802 οἳ
1823 4747 1913 4802 τὸν

267 4842 461 4900 ἕκατον
494 4847 774 4897 ποιοῦνται
818 4840 1042 4914 καρπὸν,
1075 4841 1332 4917 παρθένοι
1379 4838 1433 4893 αἳ
1484 4839 1574 4892 τὸν
1636 4837 1912 4907 ἑξήκονταο

269 4933 361 4989 καὶ
393 4933 445 4988 οἱ
474 4930 663 4987 λοιποὶ
695 4931 747 4987 οἳ
785 4932 919 4985 κατᾶ
959 4930 1053 4991 τὰς
1095 4928 1315 4990 ἐντολὰς
1355 4932 1451 4983 τοῦ
1500 4927 1722 5002 Κυρίου,
1756 4947 1916 4980 σπου-

271 5021 522 5092 δάζοντες
553 5020 874 5094 ἀμέμπτους
908 5019 957 5074 ἐν
996 5019 1138 5091 πάσῃ
1188 5019 1491 5095 ἀναστροφῇ
1542 5016 1761 5078 ἑαυτοὺς
1815 5038 1916 5093 φυ-

270 5111 620 5182 λάσσειν,τῷ
666 5108 851 5186 Κυρίῳ
908 5106 1231 5183 ἀρεσκούσῃ,
1272 5106 1579 5180 τριάκοντα.
1629 5109 1742 5158 Τῶν
1808 5108 1913 5158 σῶν

276 5204 535 5274 μαθητῶν
564 5200 776 5275 γένοιτο
820 5197 968 5271 ἡμὰς
1017 5196 1321 5271 ἐπαγῆναι,
1356 5196 1549 5271 Χριστὶ
1596 5197 1795 5265 Ἰησοῦ,
1826 5194 1914 5247 καὶ

212 5301 227 5314 ⁸
267 5295 377 5347 τῶν
411 5289 573 5367 ἁγίων
608 5310 702 5343 σου
748 5289 956 5364 ἀγαθῶν
1016 5286 1332 5356 ἀπολαύειν,
1365 5292 1452 5340 νῦν
1512 5286 1600 5339 καὶ
1658 5283 1732 5346 είς
1787 5283 1913 5346 τοὺς

266 5379 658 5451 ἁτελευτήτους
690 5376 890 5439 αἰῶνας
918 5377 1025 5431 τῶν
1059 5376 1294 5433 αἰώνων.
1322 5378 1515 5449 ’Δμήν.

334 5618 375 5653 δί
414 5615 458 5670 ll
487 5614 636 5669 Tim.
671 5630 735 5681 ιι,
766 5614 817 5669 4.
922 5614 967 5649 ⁸⁸
998 5612 1175 5669 Marc.
1211 5630 1332 5680 xm,
1371 5614 1454 5668 t6.

267 5688 381 5727 ιτοδδ
416 5686 564 5743 Psal.
597 5701 770 5757 cxvn,
800 5688 855 5751 6,
887 5690 939 5740 7.

1557 5612 1601 5647 ⁸³
1633 5610 1807 5667 Eccli.
1840 5628 1902 5679 ιι,
1936 5611 1987 5665 1.

1017 5685 1061 5720 ⁴⁰
1091 5684 1261 5742 Hebr.
1296 5702 1417 5753 xui,
1448 5687 1500 5740 5.
1580 5685 1624 5720 ⁵ο
1648 5682 1802 5740 Psal.
1835 5699 1925 5752 xc,
1960 5683 2045 5738 10.

2027 4668 2231 4736 pturas
2279 4662 2577 4727 evolveris,
2620 4661 2891 4733 reperies.
2925 4662 3209 4736 Martyres
3256 4669 3415 4736 sunt,
3448 4670 3513 4720 ut
3542 4683 3670 4722 mea

2026 4752 2135 4808 fert
2164 4752 2381 4824 opinio,
2412 4752 2510 4823 qui
2558 4751 2942 4806 centesimum
2983 4752 3203 4807 faciunt
3231 4754 3521 4823 fructum;
3556 4757 3665 4811 vir-

2026 4841 2211 4913 gines,
2257 4858 2385 4913 qua:
2424 4840 2888 4913 sexagesimum;
2924 4840 3132 4912 reliqui
3164 4858 3297 4898 vero
3328 4844 3426 4915 qui
3458 4862 3661 4901 secun-

2027 4931 2166 4986 dum
2201 4931 2478 4985 mandata
2521 4929 2752 4985 Domini
2800 4935 3073 4987 curantes
3105 4946 3233 4988 sese
3272 4933 3328 4987 in
3363 4934 3519 4989 omni
3556 4936 3669 4991 Ι)οο

2026 5024 2259 5091 accepta
2290 5020 2725 5074 conversatione
2753 5019 3081 5092 inculpatos
3108 5022 3421 5089 custodire,
3448 5024 3669 5079 tricesi-

2027 5125 2211 5163 mum.
2246 5108 2557 5179 Contingat
2603 5108 2790 5179 nobis,
2821 5126 2853 5165 ο
2883 5109 3109 5166 Christe
3154 5111 3316 5177 Jesu,
3352 5112 3669 5185 discipulo-

2028 5215 2157 5253 rum
2212 5202 2445 5252 tuorum
2493 5198 2551 5252 in
2593 5214 2836 5254 numero
2885 5199 3183 5266 constitui,
3216 5205 3274 5256 et
3320 5202 3504 5257 sacris
3554 5204 3670 5257 tuis

2028 5287 2242 5360 perfrui
2274 5287 2468 5354 bonis,
2492 5304 2647 5343 nunc
2688 5293 2745 5344 et
2786 5289 2844 5343 in
2891 5288 3123 5345 inﬁnita
3171 5290 3385 5346 saecula
3431 5291 3667 5345 saeculo-

2024 5394 2176 5433 rum.
2211 5381 2417 5433 Amen.

2094 5611 2140 5646 “
2172 5609 2321 5665 Psal.
2372 5627 2510 5677 xxn,
2560 5611 2613 5665 4.
2715 5609 2938 5665 “Psal.
2990 5626 3143 5676 xxvi,
3196 5611 3244 5664 1.
3350 5611 3393 5645 ιδ
3424 5609 3570 5664 Ibid.
3603 5612 3660 5667 5.

2123 5683 2164 5717 ⁵⁸
2198 5681 2435 5754 Apocal.
2471 5698 2532 5751 ιι,
2562 5684 2616 5737 7.
