4086 6214
427 403 581 464 M27

1585 397 1649 456 S.
1697 394 2221 454 ATHANASIUS.
2247 422 2314 438 —-
2349 396 2658 458 SPURIA.

3679 398 3813 462 υεὸ

864 549 1011 606 527
1049 542 1176 620 Περί
1207 549 1301 600 τοῦ
1329 547 1480 609 ναοῦ,
1512 543 1601 596 καὶ
1632 543 1754 618 περὶ
1784 546 1889 596 τῶν
1924 538 2336 612 διδασκαλείων,
2367 543 2456 597 καὶ
2485 547 2591 598 τῶν
2622 543 2857 620 θεάτρων
2890 551 2996 602 τῶν
3027 545 3077 602 ἐν
3108 548 3380 619 Ἀθήναις.

1674 672 2071 727 ΑΘΑΝΑΣΙΟΥ
2107 671 2235 728 ΤΟΥ
2273 673 2598 729 ΜΕΓΔΛΟΥ

1383 796 1814 846 ΕΞΗΓΗἹῚΚΟΝ
1859 791 2014 845 UEPl
2052 793 2176 843 ΤΟΥ
2212 794 2298 844 ΕΝ
2340 794 2642 847 ΑΘΗΝΑΙΣ
2684 793 2887 850 ΝΔΟΥ.

1304 1020 1376 1073 De
1407 1020 1620 1089 templo,
1653 1017 1718 1072 de
1746 1016 1945 1072 scholis
1975 1020 2029 1071 et
2058 1017 2289 1071 theatris
2319 1031 2444 1087 quas
2473 1016 2696 1072 Athenis
2724 1021 2968 1073 exstant.

1814 1143 2201 1198 ATHANASII
2244 1142 2469 1198 MAGNl

1447 1262 1952 1318 COMMENTARIUS
1992 1261 2079 1314 DE
2117 1259 2375 1315 TEMPLO
2415 1260 2841 1318 ATIIENARUM.

2107 1417 2176 1429 ,-

519 1513 592 1568 lis
624 1513 725 1584 qui
758 1529 955 1566 sacras
986 1510 1319 1581 Scripturas
1371 1511 1664 1581 ignorant,
1699 1508 1943 1562 suadere
1990 1507 2087 1560 de-

2275 1502 2408 1564 Τοὺς
2438 1504 2530 1565 τὰς
2563 1504 2704 1568 θείας
2739 1506 2944 1583 Γραφὰς
3005 1507 3080 1578 μὴ
3141 1504 3562 1577 ἐπισταμένους,
3595 1505 3643 1576 ἐξ
3683 1506 3825 1575 αὐτῆς

447 1603 677 1670 bemus,
712 1605 774 1654 ut
803 1617 869 1654 ex
901 1601 1028 1671 ipsa
1061 1616 1252 1655 rerum
1292 1603 1501 1652 natura
1530 1599 1600 1652 de
1637 1597 1728 1650 Dei
1763 1595 2091 1668 cognitione

443 1692 623 1746 verba
657 1690 890 1744 faciant.
925 1689 1203 1744 Videmus
1247 1703 1502 1758 namque
1541 1689 1693 1741 inter
1723 1702 1814 1740 res
1845 1690 2089 1748 creatas,

449 1777 808 1835 substantias
831 1777 1138 1847 quasdam,
1165 1793 1290 1846 qua:
1314 1791 1424 1829 non
1451 1774 1772 1830 secundum
1801 1780 2092 1842 naturam,

450 1868 548 1923 sed
585 1883 764 1937 supra
811 1867 999 1936 ipsam
1033 1871 1326 1929 naturam,
1353 1864 1462 1917 sibi
1500 1869 1701 1917 mutuo
1734 1861 2092 1915 ministrant.

451 1954 653 2022 Qualis
681 1952 928 2025 exempli
959 1955 1149 2024 gratia
1169 1957 1279 2021 est,
1313 1969 1474 2022 aqum
1508 1957 1736 2020 natura,
1761 1966 1885 2021 quae
1918 1948 2099 2002 ﬂuida

453 2049 542 2098 est
571 2059 636 2097 ac
668 2043 940 2097 deorsum
974 2042 1194 2106 tendit;
1247 2041 1540 2112 quomodo
1588 2038 1982 2109 conspicimus
2013 2042 2097 2089 ta-

456 2148 588 2187 men
639 2148 766 2185 eam
801 2149 832 2184 a
861 2129 1231 2202 siphonibus,
1268 2134 1330 2182 ut
1378 2133 1604 2193 vocant,
1636 2145 1668 2182 a
1710 2127 1854 2182 mari
1886 2126 1954 2182 ad
1991 2141 2098 2179 nu-

457 2222 560 2276 bes
593 2235 779 2290 usque
812 2219 1020 2274 deduci
1053 2235 1064 2272 :
1099 2219 1370 2290 quodque
1403 2217 1616 2271 mirum
1650 2217 1811 2271 dictu
1841 2224 1948 2282 est,
1974 2230 2101 2285 quas

459 2309 615 2364 salsa
645 2307 906 2363 ascendit
936 2324 1088 2378 aqua
1133 2308 1378 2372 marina,
1411 2306 1468 2360 in
1506 2305 1697 2378 pluvia
1727 2305 1915 2360 dulcis
1944 2304 2103 2358 dela-

460 2397 662 2453 bitur?
692 2397 994 2462 Quomodo
1040 2397 1178 2451 item
1212 2413 1344 2450 cum
1377 2413 1620 2466 corpora
1651 2400 1859 2449 natura
1907 2410 2013 2447 sua
2043 2392 2101 2446 in

459 2487 644 2541 imum
679 2485 940 2549 tendant,
975 2486 1032 2538 in
1066 2485 1234 2556 aquis
1275 2490 1467 2538 tamen
1505 2483 1862 2538 Marmaricae
1893 2487 2106 2536 Penta-

459 2576 676 2647 poleos,
714 2589 900 2644 neque
935 2572 991 2628 in
1025 2573 1209 2627 imum
1243 2574 1510 2638 tendunt,
1544 2588 1730 2643 neque
1762 2573 2105 2642 demergun-

457 2663 595 2718 tur?
625 2663 773 2728 Quin
807 2662 981 2717 etiam
1023 2679 1154 2717 cum
1191 2679 1337 2733 aqua
1368 2668 1423 2716 et
1465 2661 1618 2732 ignis
1666 2659 1959 2715 contraria
1990 2659 2108 2713 sint

457 2755 692 2819 natura,
725 2768 841 2805 una
887 2760 1080 2806 tamen
1137 2750 1452 2821 aliquando
1499 2751 1798 2818 erant(27)
1829 2750 1886 2804 in
1925 2748 2107 2819 Lyciae

458 2843 658 2894 monte
689 2855 863 2909 quem
896 2838 1203 2910 Olympum
1245 2841 1470 2904 vocant,
1510 2843 1573 2891 ut
1618 2836 1910 2892 innumeri
1931 2837 2103 2904 qvide-

455 2933 595 2984 runt
624 2927 914 2994 homines,
945 2932 1003 2981 et
1032 2926 1314 2981 hactenus
1337 2927 1513 2981 etiam
1548 2926 1741 2981 vident
1769 2926 1867 2997 qui
1899 2942 1964 2979 eo
1992 2923 2102 2978 loci

454 3019 783 3070 versantur.
819 3014 884 3067 Et
913 3013 1028 3068 alia
1075 3014 1166 3067 his
1207 3013 1426 3068 similia
1456 3014 1512 3067 in
1549 3030 1741 3068 rerum
1778 3019 1985 3066 natura
2016 3012 2101 3065 vi-

455 3103 671 3157 dentur
700 3117 758 3157 et
787 3103 1158 3157 admirationi
1207 3102 1524 3168 habentur;
1574 3119 1700 3174 quae
1737 3119 1874 3156 sane
1906 3102 2104 3156 omnia

457 3209 570 3245 non
608 3192 686 3245 ita
715 3207 892 3261 supra
926 3196 1193 3245 naturam
1231 3191 1349 3245 lieri
1386 3195 1644 3262 possent.
1679 3192 1786 3245 nisi
1820 3196 1975 3246 esset
2005 3189 2105 3244 ali-

457 3295 570 3348 qua
625 3279 720 3332 Dei
773 3280 1104 3334 substantia
1141 3298 1266 3351 quae
1319 3279 1410 3334 his
1459 3280 1878 3344 dominaretur,
1915 3279 2102 3350 iisque

457 3366 770 3436 imperaret
814 3384 923 3421 non
973 3368 1081 3421 sibi
1140 3374 1342 3421 mutuo
1391 3368 1704 3422 adversari.
1739 3368 1781 3422 Ο
1813 3367 2098 3439 gentiles!

456 3456 554 3526 qui
593 3456 656 3509 fit
689 3459 751 3509 ut
781 3455 998 3526 ingenti
1046 3455 1194 3510 facto
1225 3458 1466 3522 tonitru,
1500 3462 1621 3512 tota
1661 3457 1962 3511 hominum
1998 3474 2098 3511 na-

455 3547 588 3598 tura
645 3548 876 3613 tremat,
932 3545 1248 3612 horrescat,
1289 3546 1680 3616 Obstupescat.
1730 3548 1850 3610 Quo
1903 3546 2100 3616 utique

453 3632 670 3688 indicio
728 3632 984 3687 ostendit
1030 3649 1090 3688 se
1137 3633 1380 3688 Domino
1437 3634 1648 3704 subjici
1705 3634 2097 3689 tonitruorum

453 3722 696 3776 auctori.
730 3722 799 3775 Et
831 3721 951 3776 haec
983 3721 1218 3791 quidem
1254 3727 1393 3776 sunt
1422 3727 1928 3794 argumenta,qum
1960 3740 2099 3792 gen-

451 3811 646 3865 tilium
680 3811 943 3865 rudiores
975 3816 1030 3864 et
1065 3811 1450 3881 imperitiores
1481 3811 1549 3865 ad
1580 3811 1675 3865 Dei
1708 3812 2098 3882 cognitionem

453 3899 739 3954 deducere
773 3899 1018 3969 possint.
1052 3899 1133 3953 Ad
1172 3899 1400 3954 illorum
1443 3905 1637 3955 autem
1686 3901 1979 3972 sapientes
2009 3901 2100 3956 di-

453 3987 666 4056 cimus,
709 4004 776 4041 ex
823 3987 1084 4058 antiquis
1139 3988 1666 4060 prazstantibusque
1717 3989 2098 4061 phil080phis,

455 4077 643 4132 multa
663 4077 734 4130 de
760 4075 856 4130 Dei
887 4075 1045 4131 cultu
1083 4077 1438 4145 testimonia,
1460 4079 1747 4148 quosdam
1771 4079 2097 4134 Griecorum

455 4165 750 4236 sapientes
783 4165 1111 4234 protulisse,
1140 4164 1257 4219 imo
1283 4165 1457 4220 etiam
1481 4165 1692 4221 Christi
1717 4168 2099 4222 aaconomiam

2202 1591 2393 1647 λοιπὸν
2425 1599 2526 1660 τῆς
2577 1598 2684 1647 τῶν
2737 1593 3064 1670 πραγμάτων
3126 1594 3358 1672 ιρύσεως,
3391 1599 3574 1648 πεῖσαι
3632 1593 3825 1672 ὀφειλο-

2207 1703 2299 1753 μεν
2332 1682 2455 1755 περὶ
2516 1683 2834 1757 θεογνωσίας
2892 1681 3093 1757 λέγειν.
3128 1685 3370 1758 Ὀρῶμεν
3417 1683 3522 1758 γάρ
3571 1705 3711 1744 τινας
3753 1684 3828 1737 ού·

2205 1770 2319 1832 σίας
2353 1769 2403 1824 ἐν
2430 1774 2498 1843 τῇ
2547 1770 2717 1825 κτίσει
2778 1771 2840 1825 ού
2899 1772 3033 1826 κατά
3091 1769 3268 1846 φύσιν,
3302 1769 3453 1826 ἀλλά
3512 1772 3640 1846 ὑπὲρ
3697 1771 3826 1849 sitm

2209 1859 2323 1931 μετ’
2355 1856 2620 1929 ἀλλήλων
2674 1859 3066 1934 ὑπηρετούσαςο
3101 1860 3214 1914 οἷόν
3274 1881 3326 1914 τι
3386 1859 3561 1934 λέγω,
3607 1861 3750 1937 φύσις
3801 1862 3827 1927 ᾖ

2204 1951 2312 2002 τῶν
2360 1944 2586 2020 ὑδάτων,
2617 1947 2769 2003 οὐσία
2829 1947 3046 2024 ῥευστὴ,
3075 1949 3164 2003 καὶ
3222 1949 3550 2026 κατωφερῆς
3603 1949 3830 2024 ὑπάρχει,

2207 2039 2323 2097 πῶς
2358 2037 2570 2110 ὁρῶμεν
2601 2036 2726 2099 τοὺς
2759 2035 3092 2112 λεγομένους
3121 2037 3361 2114 σίςρωνας
3386 2036 3446 2091 ἐκ
3467 2044 3569 2105 τῆς
3589 2036 3832 2104 θαλάσσης

2210 2121 2356 2199 ὕδωρ
2409 2125 2544 2198 πρὸς
2595 2125 2688 2186 τὰς
2743 2125 2968 2204 νεῳελάς
3026 2127 3337 2203 ἀνάγοντας·
3370 2127 3435 2180 τὸ
3468 2123 3528 2180 δέ
3560 2127 3833 2198 θαυμαστὸν

2213 2211 2374 2288 ῥητὸν
2401 2213 2463 2268 τὸ
2495 2213 2739 2290 ἁλμυρὸν
2771 2213 3157 2290 ἀνερχόμενον,
3191 2214 3367 2290 γλυκὺ
3397 2213 3493 2269 ἐπὶ
3519 2223 3624 2288 γῆς
3654 2212 3734 2269 διὰ
3760 2215 3835 2268 τὸν

2213 2297 2420 2377 ὄμϐρον
2459 2304 2819 2378 κατέρχεταις
2855 2305 2976 2365 Πῶς
3025 2301 3082 2358 δὲ
3129 2302 3294 2357 πάλιν
3343 2304 3377 2372 ἡ
3427 2303 3540 2358 τῶν
3601 2303 3834 2375 σωμάτων

2213 2391 2370 2467 φύσις
2405 2389 2689 2466 βολιστική
2730 2391 2866 2446 κατά
2909 2391 3065 2469 φύσιν
3120 2391 3464 2468 ὑπάρχουσα,
3502 2394 3682 2464 ὁρᾶται
3729 2385 3836 2444 ἀϐο-

2215 2479 2422 2546 λιστος,
2454 2479 2543 2534 καὶ
2595 2478 2785 2542 ἄδυτος
2845 2479 2896 2535 ἐν
2952 2486 3069 2542 τοῖς
3126 2477 3279 2534 ὕδασι
3338 2487 3443 2549 τῆς
3507 2486 3834 2554 Μαρμαρικῆς

2215 2567 2601 2630 Πενταπόλεως
2628 2589 2641 2638 ;
2667 2568 2727 2623 οὑ
2763 2569 2926 2642 μόνον
2961 2567 3037 2636 δὲ,
3071 2568 3214 2624 ἀλλά
3243 2569 3348 2644 γάρ
3398 2569 3490 2623 καὶ
3538 2567 3719 2629 ὕδατος
3760 2566 3833 2620 καὶ

2215 2657 2383 2733 πυρὸς
2441 2657 2651 2712 ἐναντία
2706 2661 2740 2727 ἡ
2802 2658 2959 2736 φύσις
3009 2659 3349 2733 ὑπάρχουσα,
3385 2657 3438 2713 ἐν
3499 2663 3577 2729 τῷ
3618 2659 3721 2729 ἅμα
3759 2657 3833 2724 ἦν,

2216 2747 2303 2802 ὅτε
2353 2747 2402 2802 ἐν
2453 2748 2622 2818 Λυκίᾳ
2667 2753 2745 2819 τῷ
2791 2744 2906 2823 ὅρει
2943 2747 3022 2821 τῷ
3053 2747 3340 2823 λεγομένῳ
3371 2747 3658 2820 Ὀλύμπῳ,
3688 2746 3836 2804 καθὼς

2222 2833 2474 2912 μυριάδες
2510 2834 2713 2912 ἀνδρῶν
2749 2835 3035 2912 ἑωράκασι,
3065 2835 3154 2890 καὶ
3207 2837 3376 2911 μέχρι
3433 2841 3534 2890 τυῦ
3587 2840 3672 2889 νῦν
3725 2833 3836 2887 ἐκεί-

2210 2947 2315 2979 νων
2354 2924 2636 3000 βλέπουσιο
2668 2925 2757 2980 καὶ
2789 2924 2933 2980 ἄλλα
2963 2921 3238 3000 παράδοξα
3268 2924 3319 2979 ἐν
3375 2929 3446 2999 τῇ
3505 2924 3668 2979 κτίσει
3722 2935 3831 2987 θεω-

2214 3014 2474 3089 ρούμενα,
2532 3014 2620 3067 καὶ
2690 3014 3093 3086 θαυμαζόμενα,
3154 3015 3308 3068 ἅτινα
3387 3013 3488 3068 οὐκ
3563 3014 3618 3067 ἂν
3689 3011 3832 3069 οὕτως

2215 3103 2346 3178 ὑπὲρ
2379 3103 2532 3180 φύσιν
2566 3101 2807 3178 γενέσθαι
2842 3100 3100 3176 ἔμελλον,
3134 3103 3178 3156 εἰ
3216 3104 3290 3175 μή
3325 3101 3483 3156 ούσία
3511 3123 3595 3164 τις
3637 3105 3756 3156 Θεοῦ
3782 3100 3834 3163 ἦν

2211 3191 2416 3246 τούτων
2479 3189 2951 3262 δεσπόζουσα,καί
3007 3191 3222 3253 τούτοις
3280 3187 3835 3267 ἐπιτρέπουσα,ἀλλή-

2213 3280 2334 3342 λοις
2390 3283 2464 3353 μὴ
2517 3281 2934 3344 ἀντιτάττεσθαι.
2983 3286 3048 3334 Ὢ
3092 3279 3380 3350 Ἑλλήνων
3436 3277 3651 3341 παῖδεςί
3705 3278 3834 3351 βρον-

2209 3377 2308 3438 τῆς
2341 3369 2562 3446 στερρᾶς
2609 3368 2925 3444 γινομένης,
2957 3374 3074 3430 πῶς
3132 3371 3309 3423 ἅπασα
3338 3370 3375 3438 ἠ
3407 3374 3518 3424 τῶν
3568 3367 3831 3442 ἀνθρώπων

2211 3459 2365 3536 φύσις
2422 3460 2636 3534 τρέμει,
2685 3458 2890 3534 φρίττει
2948 3479 3006 3512 τε
3070 3457 3159 3512 καὶ
3235 3457 3526 3527 ἐξίσταται,
3587 3454 3833 3528 μηνύουσα

2211 3544 2300 3601 διά
2352 3551 2448 3601 τοῦ
2506 3549 2817 3622 σχήματος,
2849 3545 2931 3602 ὅτι
2984 3546 3084 3600 ὑπὸ
3141 3543 3408 3600 δεσπότου
3459 3546 3589 3617 ἐστὶ,
3617 3548 3706 3598 τοῦ
3754 3541 3832 3600 τὶς

2215 3635 2440 3710 βροντάς
2517 3633 2902 3710 ἐργαζομένου.
2962 3634 3060 3688 Καὶ
3135 3638 3304 3688 ταῦτα
3387 3634 3483 3707 μὲν
3547 3634 3674 3709 πρὸς
3724 3627 3832 3688 τοὺς

2209 3722 2600 3801 ἀῳελεστέρους
2673 3727 2780 3777 τῶν
2841 3721 3164 3794 Ἑλλήνων,
3215 3723 3388 3798 ήγοῦν
3449 3721 3828 3798 ἀγραμμάτους,

2211 3811 2284 3874 εἴς
2335 3810 2662 3886 θεογνωσίαν
2725 3811 2954 3890 φέροντα
3014 3809 3413 3886 ὑποδείγματα,
3451 3811 3592 3886 Πρὸς
3648 3806 3701 3862 δὲ
3726 3805 3830 3864 τοὺς

2211 3901 2335 3976 παρ’
2393 3899 2575 3962 αὐτοῖς
2633 3899 2855 3978 σοφοὺς,
2915 3899 2973 3955 ἔκ
3021 3900 3336 3978 φιλοσόφων
3401 3898 3642 3976 ἀρχαίων
3698 3893 3830 3950 δυνα-

2208 3995 2335 4059 τῶν,
2373 3988 2668 4066 μαρτυρίας
2701 3987 2917 4052 πολλάς
2957 3990 3079 4066 περὶ
3130 3984 3435 4053 θεοσεϐείας
3482 3989 3618 4049 τινες
3648 3983 3829 4051 Ἐλλή-

2208 4101 2314 4133 νων
2344 4079 2500 4157 σοφοὶ
2531 4075 2749 4156 ἔφασαν,
2785 4076 2929 4134 ἀλλά
2957 4077 3046 4132 καὶ
3075 4079 3174 4148 τὴν
3224 4083 3323 4132 τοῦ
3370 4082 3606 4153 Χριστοῦ
3652 4074 3832 4129 οἰκονο-

2215 4167 2336 4240 μίαν
2398 4164 2654 4243 ἀμυδρῶς
2705 4169 3106 4242 προεμήνυσαν.
3169 4166 3267 4221 Καὶ
3324 4167 3428 4243 γὰρ
3490 4165 3594 4240 πρὸ
3635 4161 3830 4218 πολλῶν

455 4270 555 4308 seu
615 4253 1082 4307 Incarnationem
1138 4252 1637 4324 praesignificasse.
1672 4257 1894 4311 Etenim
1952 4257 2101 4312 mul-

2213 4256 2428 4332 χρόνων
2486 4263 2582 4326 τῆς
2647 4259 2886 4331 Χριστοῦ
2945 4251 3265 4327 ἐπιδημίας,
3295 4254 3464 4332 σοφός
3510 4274 3592 4314 τις
3638 4249 3832 4320 ὀνόματι

454 4341 530 4395 tis
581 4346 716 4395 ante
747 4340 961 4395 Christi
1012 4343 1325 4396 adventum
1377 4344 1567 4409 annis,
1593 4344 1826 4415 sapiens
1858 4346 2096 4416 quidam

452 4426 656 4498 Apollo
691 4428 946 4496 nomine,
969 4427 1269 4493 divinitus,
1312 4435 1374 4482 ut
1405 4435 1563 4501 puto,
1599 4437 1917 4502 permotus,
1952 4437 2099 4488 tem-

455 4513 619 4585 plum
646 4513 890 4570 Athenis
920 4516 1222 4582 exstruxit,
1247 4516 1304 4570 in
1328 4519 1498 4588 cujus
1527 4517 1694 4574 altari
1723 4520 1872 4575 hanc
1901 4521 2101 4576 inscri-

455 4603 710 4671 ptionem
749 4604 942 4675 posuit
977 4622 989 4659 :
1018 4625 1037 4652 ε
1073 4609 1276 4675 ignoto
1311 4603 1447 4662 Deo.
1473 4630 1498 4654 n
1534 4607 1610 4662 Eo
1642 4607 1821 4680 igitur
1869 4609 1924 4663 in
1977 4610 2099 4664 loco

452 4708 774 4748 convenere
814 4692 980 4764 primi
1015 4695 1341 4748 Grazcorum
1377 4693 1730 4767 philosophi,
1754 4701 1818 4751 ut
1846 4698 1915 4752 de
1949 4703 2099 4753 tem-

455 4782 552 4852 plo
582 4780 683 4836 illo
715 4779 910 4852 ipsum
959 4783 1404 4851 interrogarent,
1441 4800 1662 4840 necnon
1705 4786 1776 4841 de
1800 4787 2102 4859 prophetia

454 4875 511 4926 et
540 4870 612 4925 de
644 4869 743 4925 Dei
775 4871 959 4939 cultu,
993 4889 1240 4942 quorum
1298 4872 1529 4926 nomina
1562 4875 1942 4945 proferemus.
1979 4877 2103 4932 Pri-

457 4975 612 5026 mus,
638 4960 838 5026 Titon;
872 4961 1186 5024 secundus,
1221 4960 1386 5028 Bias;
1430 4963 1656 5032 tertius,
1691 4964 1894 5032 Solon;
1928 4984 2102 5034 quar-

457 5053 575 5114 tus,
608 5048 842 5115 Chilon;
880 5051 1143 5120 quintus,
1177 5051 1580 5123 Thucydides;
1616 5060 1836 5120 sextus,
1871 5055 2103 5110 Menan-

455 5135 586 5201 der;
621 5138 929 5207 septimus,
965 5137 1146 5193 Plato.
1181 5139 1247 5193 lli
1293 5147 1517 5212 septem
1555 5141 1885 5214 philosophi
1929 5145 2100 5214 Apol-

525 5278 869 5358 §27)_Afline_
903 5287 987 5335 est
1030 5282 1180 5358 quod
1234 5282 1314 5358 ait
1365 5282 2100 5358 Aristotelesllapipuum-

453 5347 582 5400 σίῶν
621 5347 984 5422 ’ἀκουσμάτων
1034 5347 1176 5407 tom.
1235 5355 1272 5420 l,
1326 5369 1378 5420 p.
1419 5355 1597 5410 11632
1637 5347 1844 5408 Καίετάι
1882 5353 1946 5422 δή
1983 5347 2106 5409 συν-

453 5423 598 5496 εχῶς
631 5422 995 5496 περξνΛυκίαν
1046 5423 1134 5476 καὶ
1187 5423 1428 5496 μεγάλην
1462 5423 1620 5478 πόλιν
1673 5426 1770 5492 τήν
1823 5426 1872 5479 ἐν
1931 5427 2105 5481 ΙΙελο-

450 5493 706 5571 πονήσῳ..
737 5494 839 5550 Ubi
873 5496 1160 5571 interpres
1191 5493 1511 5571 inerudite,
1547 5503 1830 5571 itleguram
1877 5501 2102 5571 Polemi-

449 5566 570 5639 ῃεξί
616 5566 824 5635 urbem,
859 5568 1048 5639 vertit.
1101 5566 1295 5639 Neque
1345 5567 1500 5639 enim
1555 5569 1786 5639 Megara
1832 5566 2102 5627 erant-in

454 5633 826 5705 Peloponeso'.
850 5633 1468 5712 SedAhieMegalopolis
1493 5633 1936 5712 Peloponcsiaca
1960 5645 2102 5698 urbs

453 5712 830 5764 memoratur.
860 5741 921 5748 —
946 5710 1004 5767 S.
1039 5709 1368 5768 Methodius
1400 5711 1457 5766 in
1501 5709 1650 5768 libro
1701 5715 1773 5768 De
1820 5731 2096 5771 resurrec-

2210 4345 2522 4412 Ἀπόλλων,
2556 4344 2756 4412 θεόθεν,
2786 4345 2860 4406 ὡς
2919 4343 3100 4418 οἶμαι,
3132 4343 3486 4413 ἐπικινηθεὶς,
3545 4339 3706 4396 ἔκτισε
3752 4336 3829 4390 τὸν

2211 4433 2261 4488 ἐν
2307 4435 2562 4503 Ἀθήναις
2611 4433 2759 4500 ναὸν,
2793 4432 3002 4507 γράψας
3055 4432 3106 4488 ἐν
3157 4431 3304 4503 αὑτῷ
3341 4432 3537 4507 βωμῷ,
3571 4427 3829 4504 Ἀγνώστῳ

2210 4527 2342 4592 Θεῷ.
2409 4524 2493 4578 Ἐν
2550 4521 2696 4593 αὑτῷ
2750 4521 2925 4576 τοίνυν
2983 4523 3335 4596 συνήχθησαν
3387 4522 3439 4574 οἱ
3495 4521 3690 4594 πρῶτοι
3742 4515 3829 4566 τῶν

2207 4609 2487 4680 Ἐλλήνων
2536 4609 2965 4688 φιλόσοφοι,⁹ίνα
2996 4610 3119 4684 περὶ
3175 4614 3272 4664 τοῦ
3328 4613 3461 4663 ναοῦ
3528 4606 3833 4682 ἐρωτήσωσιν

2211 4701 2392 4774 αὑτὸν,
2425 4700 2512 4754 καὶ
2570 4700 2692 4774 περὶ
2749 4697 3107 4777 προφητείας,
3137 4699 3226 4752 καὶ
3286 4693 3608 4765 θεοσεϐείας,
3655 4693 3724 4746 ὧν
3773 4687 3826 4742 τά

2213 4789 2452 4862 ὀνόματα
2509 4788 2733 4862 ἐροῦμεν
2798 4791 2982 4844 ταῦτα.
3063 4791 3285 4862 Πρῶτος
3361 4787 3553 4854 Τίτων,
3612 4780 3826 4851 δεύτερος

2211 4877 2358 4942 Βίας,
2417 4877 2594 4953 τρίτος
2677 4875 2906 4947 Σώλων,
2981 4876 3239 4951 τέταρτος
3316 4874 3546 4940 Χείλων,
3603 4872 3823 4940 πέμπτος

2211 4963 2696 5037 Θ‹›“)κήδης,ἓκτος
2747 4963 3078 5040 Μένανδρος,
3128 4959 3366 5036 ἕϐδομος
3421 4961 3661 5018 Πλάτων.
3689 4957 3826 5011 Οὗτοι

2212 5057 2262 5109 οἱ
2296 5056 2426 5110 ἑπτά
2457 5055 2750 5132 φιλόσοφοι
2785 5053 2987 5132 ἔφησαν
3040 5059 3118 5124 τῷ
3178 5051 3516 5108 Ἀπόλλωνι·
3554 5046 3829 5123 Προφήτευ-

2214 5166 2303 5198 σον
2336 5146 2494 5217 ἡμῖν,
2525 5151 2798 5222 προφῆτα,
2832 5145 2878 5198 ὧ
2908 5141 3221 5214 Ἀπολλον,
3255 5142 3335 5202 τίς
3369 5141 3504 5196 ἐστιν
3550 5136 3637 5193 ὅδε
3681 5134 3822 5194 εἶπον,

2212 5291 2358 5343 tione
2407 5289 2580 5359 (apud
2633 5306 2737 5343 nos
2789 5293 2826 5343 t.
2877 5287 3076 5350 XVI",
3118 5287 3226 5342 col.
3275 5287 3446 5356 286):
3489 5283 3606 5339 Vidi
3649 5292 3733 5359 ego
3777 5272 3861 5325 in-

2219 5354 2448 5431 Olymp'o
2468 5354 2546 5430 _(i's
2574 5376 2737 5431 porro
2767 5376 2920 5414 mons
2955 5369 3031 5414 est
3076 5361 3276 5432 Lycia?)
3310 5354 3494 5429 ignem
3519 5354 3820 5432 sponte-sita,

2216 5427 2528 5486 in'm'onti's
2574 5427 2895 5499 cacumine,
2954 5448 3024 5486 ex
3081 5427 3192 5485 ίήιο
3243 5427 3400 5484 terra:
3453 5427 3822 5499 ενυγπριξιιθςνζιὶ

2205 5484 2554 5572 juxlu‘qaei'n
2585 5484 2762 5557 έῲειαι
2781 5484 2968 5557 artiori
2991 5484 3194 5574 Agnus
3223 5504 3466 5574 neruine,
3483 5484 3615 5574 adeo
3636 5484 3823 5574 ﬂoride,

2216 5569 2470 5628 virens—el.
2500 5590 2689 5644 Opaca,
2725 5579 2783 5628 ul.
2802 5569 3247 5646 jugibus'potius
3275 5573 3442 5644 aquis
3471 5569 3670 5637 irrigua
3693 5569 3820 5616 nam

2214 5647 2481 5700 videatur.
2517 5647 2673 5701 Eni'r.
