4086 6214
306 392 466 453 1429

303 521 451 585 τίνος
485 518 562 578 ἔτι
591 523 619 579 6
655 523 788 598 μετᾶ
817 524 875 580 σε
909 525 1096 602 βωμὸς
1128 524 1327 596 οῦτοςς
1364 526 1505 603 Πρὸς
1537 523 1628 587 οὕς
1683 524 1711 579 6
1741 517 1947 576 Ἀπόλ-

2066 516 2129 585 li,
2190 516 2462 572 dixerunt
2520 531 2532 570 :

305 609 423 669 λων
454 607 579 691 ἔφη⁶
609 614 752 670 ’Όσα
783 613 880 691 μὲν
924 616 1059 691 πρὸς
1109 615 1326 692 ἀρετήν,
1377 615 1466 670 καὶ
1513 615 1720 686 κόσμον
1775 609 1955 685 όρῥωο

310 698 455 757 δεῖτε
497 707 697 777 ποιεῖν,
755 709 1001 769 ποιεῖτεη
1043 705 1186 781 Ἐγὼ
1242 704 1345 781 γὰρ
1400 702 1680 782 ἐφετμεύω
1736 697 1952 775 τρισένη

312 787 674 865 ὑψιμέδοντα,
723 792 785 847 οὗ
831 790 994 870 λόγος
1052 792 1346 872 ἅφθεγκτος
1406 792 1457 848 ἐν
1518 791 1680 863 ἀδείῳ
1739 786 1955 863 [ἀδέτῳ]

309 879 449 957 κόρῃ
473 877 715 956 ἔγγυμος
747 879 915 953 ἔσται,
952 879 1131 959 ὥσπερ
1174 882 1482 961 πυροφόρον
1543 880 1696 951 τόξον
1753 878 1957 931 ἅπαντα

308 967 517 1040 κόσμον
550 971 856 1046 ζωγρήσας,
888 971 1082 1047 Πατρὶ,
1126 970 1376 1046 προσάξει
1426 967 1623 1045 δῶρον.
1675 965 1853 1040 Μαρία
1899 961 1957 1018 δὲ.

306 1055 372 1111 τὸ
419 1051 594 1130 ὄνομα
621 1056 811 1128 αὐτῆς·
845 1056 953 1114 ἔστι
987 1056 1043 1114 δὲ
1073 1062 1109 1129 ἦ
1141 1058 1295 1120 λύσις
1328 1056 1664 1135 προφητείας
1713 1055 1953 1115 οὕτως...

308 1153 433 1229 περὶ
468 1155 563 1227 μὶν
593 1161 691 1212 τοῦ
720 1154 849 1212 ναοῦ
882 1155 1018 1212 ἐστιν
1051 1156 1079 1211 6
1110 1160 1326 1233 πρῶτος
1358 1152 1549 1231 λόγος.
1582 1156 1740 1221 ’Όσαε
1799 1151 1953 1230 φησὶν

304 1243 441 1318 πρὸς
473 1243 677 1318 κόσμον
705 1249 802 1300 τοῦ
832 1248 982 1314 ναοῦ,
1014 1244 1104 1300 καὶ
1134 1243 1341 1306 κάλλος
1376 1241 1593 1299 δυνατὸν
1629 1242 1755 1315 ὑμῖν
1793 1241 1955 1308 ποιῆ-

299 1351 413 1401 σιιι⁹
454 1333 523 1387 τὰ
570 1332 860 1408 ἀρέσκοντα
897 1337 978 1405 τῷ
1024 1337 1142 1404 Θεῷ
1187 1332 1277 1388 καὶ
1309 1332 1638 1409 ἀνθρώποις,
1673 1329 1818 1405 Ἐγὼ
1849 1328 1952 1404 γὰρ

304 1415 680 1494 ὑπολαμϐάνω
711 1422 845 1478 εἶναι
876 1421 928 1477 ἐν
971 1426 1053 1494 τῷ
1112 1419 1324 1496 οὐρανῷ
1369 1419 1796 1494 τρισυπόστατον
1859 1416 1955 1491 μὲ-

302 1530 403 1585 γαν
437 1509 657 1584 ὕψιστον
694 1508 937 1587 βασιλέα.
970 1510 1180 1567 Τούτου
1209 1510 1447 1586 ἄναρχος
1498 1510 1647 1576 Θεὸς,
1710 1507 1798 1563 καὶ
1849 1503 1956 1561 Λό-

306 1617 406 1672 γος
439 1597 492 1653 ἐν
528 1599 728 1675 ἀγάμῳ
771 1598 906 1675 κόρῃ
966 1603 1277 1676 σαρκοῦται,
1325 1599 1416 1655 καὶ
1473 1598 1653 1672 ὥσπερ
1711 1593 1954 1673 πυροφό-

309 1705 403 1763 ρον
433 1686 608 1758 τόξον,
657 1688 693 1757 ἢ
744 1687 821 1751 ὡς
879 1685 1263 1763 δυναμώτερον
1310 1690 1517 1744 ἅπαντα
1544 1686 1748 1759 κόσμον
1782 1686 1953 1763 φανή-

307 1794 479 1848 σεται,
512 1775 743 1832 ἁλιεύων
769 1776 898 1839 τοὺς
928 1776 1266 1853 ἀνθρώπους,
1299 1773 1480 1853 ὥσπερ
1532 1774 1695 1851 ἷχθύα
1745 1774 1810 1839 ἐκ,
1856 1775 1953 1827 τοῦ

1166 390 1791 457 COMMENTARIUS
1835 386 1940 448 DE
1980 383 2300 448 TEMPLO
2344 378 2867 442 ATHENABUM.

3564 375 3724 438 1430

2591 511 2924 568 Vaticinare
2984 509 3175 579 nobis,
3232 526 3265 566 ο
3322 508 3627 583 propheta,
3686 528 3719 568 ο

2066 604 2292 678 Apollo.
2324 603 2466 668 Quis
2496 605 2585 658 est
2614 600 2728 668 hic,
2761 600 2876 667 dic,
2910 600 3081 670 cujus
3112 603 3201 656 est
3259 598 3443 655 altare
3499 599 3596 656 cui
3653 604 3717 656 tu

2067 703 2271 761 astas?
2326 702 2474 757 Tum
2536 698 2741 773 Apollo
2797 698 2880 754 ait
2928 714 2941 753 :
2993 701 3128 765 Qua:
3159 697 3399 769 quidem
3430 698 3503 755 ad
3538 698 3716 754 virtu-

2065 796 2185 848 tem
2214 795 2271 847 et
2299 791 2568 846 decorem
2601 794 2891 860 spectant,
2925 802 3173 859 quisque
3202 803 3303 843 vos
3353 788 3541 844 facere
3590 804 3718 859 per-

2065 879 2399 948 timescitis,
2457 877 2630 934 facite
2686 883 2908 932 tamen.
2946 876 3065 949 Ego
3100 892 3354 949 namque
3384 877 3598 933 mando
3632 882 3721 933 ter

2066 995 2251 1035 unum
2282 992 2531 1049 superne
2562 978 2922 1046 regnantem,
2954 973 3124 1044 cujus
3153 974 3394 1030 verbum
3443 991 3559 1031 non
3618 991 3716 1030 vo-

2065 1068 2208 1131 cale,
2240 1067 2297 1121 in
2332 1064 2524 1138 puella
2555 1063 2822 1119 inclusus
2850 1062 2979 1127 erit,
3000 1062 3102 1134 qui
3132 1063 3302 1134 quasi
3331 1080 3503 1119 arcus
3534 1063 3720 1135 ignita

2065 1156 2304 1212 mittens
2334 1153 2471 1219 tela,
2500 1158 2686 1209 totum
2720 1151 3009 1206 mundum
3041 1156 3282 1222 captum
3313 1151 3469 1206 Patri
3496 1151 3556 1208 in
3612 1153 3716 1208 do-

2065 1261 2208 1300 num
2258 1242 2478 1300 olleret.
2510 1241 2692 1297 Maria
2720 1243 2917 1296 autem
2948 1243 3038 1295 est
3066 1238 3274 1310 puella:
3305 1256 3541 1296 nomen.
3576 1245 3715 1296 Pro-

2064 1333 2272 1406 phetim
2300 1348 2432 1388 vero
2463 1330 2585 1386 haec
2614 1334 2704 1385 est
2727 1327 3124 1400 explicatio...
3144 1328 3216 1385 de
3243 1330 3458 1401 templo
3488 1330 3717 1402 primus
3762 1328 3772 1339 ’

2062 1448 2256 1489 sermo
2283 1428 3074 1502 intelligitur.Quaacumque,
3102 1426 3282 1496 ait,ad
3311 1426 3517 1500 templi
3546 1444 3716 1484 orna-

2063 1527 2190 1576 tum
2223 1525 2279 1576 et
2306 1520 2574 1575 decorem
2602 1521 2882 1588 praestare
2911 1515 3199 1587 poteritis,
3232 1521 3346 1572 Deo
3375 1521 3432 1572 et
3461 1516 3716 1572 homini-

2062 1612 2176 1667 bus
2208 1608 2420 1682 placita
2448 1611 2641 1663 erunt.
2684 1606 2802 1678 Ego
2862 1620 3115 1677 namque
3171 1604 3423 1661 arbitror
3471 1621 3600 1662 esse
3654 1608 3715 1663 in

2063 1707 2227 1779 coelo,
2281 1707 2340 1762 in
2372 1705 2562 1762 tribus
2592 1703 3009 1778 hypostasibus
3037 1718 3319 1775 magnum
3351 1702 3713 1760 altissimum

2062 1790 2295 1868 Regem.
2332 1795 2516 1866 Hujus
2545 1793 2751 1867 (filius)
2779 1808 2985 1864 expers
3035 1790 3190 1846 initii
3251 1792 3401 1869 Deus
3457 1796 3514 1847 et
3565 1790 3708 1847 Ver-

310 1865 479 1939 βυθοῦ
518 1871 619 1934 τῆς
666 1863 936 1937 ἀπιστίας,
986 1865 1076 1919 καὶ
1127 1864 1419 1940 ἀγνωσίας,
1478 1864 1724 1925 οὕστινας
1780 1881 1947 1935 προσ-

2061 1863 2224 1952 bum,
2254 1863 2504 1956 innupta
2534 1863 2593 1937 in
2624 1863 3312 1953 virgineVincarnatur,e't
3338 1879 3503 1951 quasi
3535 1896 3708 1936 arcus

306 1952 417 2023 ἀξει
446 1957 527 2025 τῷ
559 1953 750 2008 ἑαυτοῦ
784 1954 951 2028 Πατρῖ
980 1950 1178 2029 δῶρον.
1231 1953 1408 2029 Μαρία
1436 1950 1494 2008 δὲ
1519 1953 1583 2007 τὸ
1632 1947 1806 2024 ὄνομα
1854 1949 1950 2004 αύ-

300 2047 428 2110 τῆς.
474 2042 572 2097 Καὶ
617 2045 780 2097 τοῦτο
834 2042 928 2116 μὲν
978 2041 1336 2120 προφητεύων
1377 2042 1406 2095 6
1459 2038 1753 2096 Ἀπόλλων
1814 2039 1946 2093 εἷπε.

299 2128 474 2184 Τίτων
506 2127 630 2208 ἔφη’
687 2130 824 2201 "HEd
870 2132 906 2199 ἡ
954 2129 1253 2206 ἀνίσχουσα
1298 2132 1434 2203 ἡμῖν
1484 2127 1701 2203 μέλλων
1730 2127 1823 2182 τὸν
1854 2126 1950 2180 ού-

302 2219 485 2294 ράνιον
513 2224 610 2274 τοῦ
657 2224 792 2274 Θεοῦ
840 2218 929 2274 καὶ
982 2220 1190 2293 Πατρὸς
1240 2215 1407 2273 παῖδα
1452 2220 1488 2288 ἡ
1521 2215 1781 2293 ἄνανδρος
1810 2216 1947 2291 κόρη

300 2305 440 2363 κύει.
502 2308 627 2363 Βίας
676 2308 842 2364 εἶπεν·
885 2307 1059 2369 Οὗτός
1090 2307 1231 2362 ἐστιν
1261 2307 1368 2362 ἀπὸ
1398 2305 1638 2381 δύρανῶν
1677 2300 1948 2381 βεϐηκὼς,

304 2393 514 2475 φλογὸς
547 2391 837 2451 ὑποϐαλὼν
872 2397 1133 2460 ἀθάνατον
1177 2399 1305 2469 πῦρ·
1356 2395 1413 2450 ὅν
1459 2394 1646 2469 τρέμει
1701 2392 1949 2469 οὐρανὸς,

303 2500 378 2569 γῆ
410 2514 489 2567 τε,
521 2492 781 2566 θάλασσα,
810 2495 1090 2570 τάρταροι,
1120 2494 1208 2548 καὶ
1245 2494 1420 2568 βύθιοι
1480 2489 1754 2565 δαίμονες,
1787 2489 1951 2545 αύτο-

303 2585 494 2658 πάτωρ
524 2578 840 2659 τρισόλϐιος
908 2581 1098 2638 Σόλων
1140 2583 1305 2638 εἶπεν·
1360 2583 1490 2656 Ὀψέ
1537 2601 1668 2636 ποτε
1715 2579 1802 2636 ἐπὶ
1848 2580 1946 2648 τὴν

305 2669 511 2746 σχεδήν
539 2671 738 2742 ταύτην
800 2671 980 2728 ἐλάσει
1029 2669 1159 2734 Θεὸς
1205 2676 1352 2748 γαῖα,
1393 2671 1482 2725 καὶ
1531 2667 1660 2746 δίχα
1696 2664 1949 2746 σφάλμα-

301 2780 397 2823 τος
430 2760 557 2836 σάρξ
584 2762 863 2837 γενήσεται
911 2757 1190 2833 ἀκαμᾶτου
1238 2758 1515 2832 θεότητος,
1559 2757 1790 2813 ἀνιάτων
1847 2777 1950 2812 πα-

303 2847 412 2904 θῶν
470 2847 651 2911 λύσεις
709 2853 968 2928 φοροῦσα,
1025 2848 1113 2903 καὶ
1169 2846 1365 2903 τούτου
1417 2847 1607 2924 μικρὸν
1666 2847 1949 2922 γενήσεται

303 2936 507 3017 φθόνου
539 2934 700 3006 λαοῦ,
753 2936 843 2992 καὶ
893 2936 1030 3013 πρὸς
1071 2936 1205 3011 ὕψος
1237 2936 1580 3010 κρεμασθείς,
1614 2935 1691 2998 ὡς
1721 2934 1949 2990 θανάτου

299 3022 615 3095 κατάδικος,
656 3024 733 3088 εἷς
763 3025 936 3080 πάντα
965 3030 1138 3101 πρᾶος
1193 3029 1453 3081 πεσεῖται.
1509 3023 1720 3081 Χεῖλων
1779 3022 1946 3079 εἶπενο

301 3114 604 3188 ’Δκάματος
636 3113 793 3190 φύσις
825 3118 960 3169 Θεοῦ
1005 3115 1312 3190 γενήσεται,
1344 3112 1396 3184 ἐξ
1451 3112 1616 3168 αὐτοῦ
1647 3111 1705 3167 δὲ
1769 3112 1798 3166 6
1854 3111 1948 3167 αύ-

298 3203 395 3265 τὸς
446 3202 620 3275 ούσία,
678 3202 766 3258 καὶ
826 3202 1020 3279 Λόγος.
1082 3199 1366 3274 Θουκήδης
1422 3203 1557 3257 εἷπε·
1609 3202 1736 3257 Θεὸν
1789 3196 1949 3256 σέϐου

302 3291 393 3348 καὶ
428 3294 673 3366 μάνθανε·
713 3292 789 3365 μὴ
824 3293 973 3362 ζήτει
1005 3288 1062 3346 δὲ
1090 3290 1173 3354 τίς
1205 3290 1339 3365 ἐστι,
1369 3291 1458 3346 καὶ
1498 3295 1616 3353 πῶς
1647 3310 1660 3360 ;
1714 3290 1787 3345 Οὐ
1844 3291 1948 3366 γάρ

303 3380 445 3437 ἔστιν
480 3379 570 3436 ὅτε
599 3380 700 3436 οὐκ
728 3377 892 3453 ἔστιν,
923 3380 996 3443 ὡς
1040 3379 1165 3435 ὅντα
1215 3384 1406 3435 τοῦτον
1467 3375 1628 3435 σέϐου
1674 3370 1764 3435 καὶ
1824 3380 1950 3453 μάν·

308 3488 452 3542 θανε’
488 3472 686 3547 ἀσεϐὴς
715 3478 820 3554 γὰρ
848 3478 940 3532 τὸν
998 3480 1120 3532 νοῦν
1154 3477 1182 3531 6
1241 3475 1414 3540 θέλων
1467 3478 1746 3550 μανθάνειν
1797 3476 1950 3534 Θεόν.

307 3563 616 3643 Μένανδρος
647 3568 816 3622 εἴπεν⁶
872 3571 927 3621 Ὁ
980 3567 1213 3629 παλαιὸς
1256 3567 1398 3636 νέος,
1446 3565 1535 3621 καὶ
1593 3566 1622 3620 6
1677 3564 1796 3629 νέος
1852 3566 1948 3642 ἀρ-

306 3660 490 3732 χαῖος·
546 3656 575 3710 6
626 3656 812 3731 Ιῐατήρ
872 3655 1056 3729 μόνος,
1111 3655 1201 3710 καὶ
1260 3656 1289 3710 6
1341 3654 1504 3728 μόνος
1564 3657 1769 3731 Πατήρ·
1801 3655 1864 3711 τὸ
1892 3652 1947 3710 ἓν

302 3744 451 3820 τρία,
499 3745 590 3800 καὶ
631 3746 697 3800 τὰ
741 3743 865 3821 τρία
917 3740 991 3799 ἓν·
1044 3740 1274 3820 ἄσαρκόν
1325 3742 1599 3821 σαρκικόν.
1634 3751 1706 3814 Γῆ
1763 3745 1950 3800 τὲτοκε

299 3833 394 3889 τὸν
466 3833 711 3908 ούρανιον
791 3831 1036 3909 βασιλέα.
1112 3831 1342 3887 Πλάτων
1421 3832 1587 3889 εἶπεν.
1645 3831 1865 3903 Ἐπειδή
1919 3834 1948 3889 6

302 3922 435 3985 Θεὸς
489 3922 712 3998 ἀγαθὸς,
762 3921 824 3977 ού
871 3920 1085 3976 πάντων
1134 3921 1265 3976 εἶναι
1312 3919 1506 3989 αἶ’τιος,
1552 3921 1626 3984 ὡς
1659 3922 1711 3977 οἱ
1742 3919 1946 3977 πολλοὶ

302 4010 547 4087 λέγουσι.
584 4008 816 4066 Πολλῶν
849 4007 906 4065 δὲ
935 4009 1191 4071 ἀναίτιος·
1223 4010 1314 4064 καὶ
1353 4011 1460 4064 τῶν
1489 4010 1583 4083 μὶν
1612 4010 1824 4086 ἀγαθῶν
1853 4009 1946 4064 ού-

300 4097 388 4155 δὶν
420 4097 563 4155 ἄλλο
595 4099 768 4178 φαμὲν
799 4097 970 4154 αἴτιον
1002 4098 1135 4153 εἶναι
1167 4096 1331 4170 μόνον
1378 4102 1486 4153 τῶν
1534 4096 1718 4153 καλῶν
1766 4102 1945 4153 κακῶν

300 4185 360 4243 δὲ
409 4185 608 4243 οὖκὲτι.
644 4187 720 4242 Δῦ
750 4184 915 4242 πάλιν
946 4184 1146 4256 ἔφησαν
1181 4186 1330 4240 οὗτοι
1362 4187 1415 4241 οἱ
1446 4186 1579 4241 ἑπτὰ
1630 4185 1718 4240 καὶ
1770 4187 1941 4240 εἷπονσ

299 4276 367 4334 El
402 4277 498 4350 μὲν
525 4275 651 4351 περὶ
677 4282 779 4345 τῆς
806 4279 902 4329 τοῦ
932 4276 1164 4351 Χριστοῦ
1190 4273 1531 4347 οἰκονομίας,
1559 4275 1649 4330 καὶ
1680 4274 1803 4350 περὶ
1845 4277 1946 4343 τῆς

300 4365 459 4440 ἁγίας
488 4361 734 4439 Τριάόος.
792 4362 998 4426 Ἀλλος
1058 4360 1116 4417 δέ
1143 4383 1225 4425 τις
1281 4368 1388 4417 τῶν
1438 4362 1719 4433 Ἑλλήνιον
1781 4364 1946 4441 σοφὸς

303 4454 419 4528 μεθ’
463 4454 657 4527 ἑτέρων
705 4456 893 4518 τινῶν,
944 4450 1273 4522 Ἀσκληπιὸς
1324 4450 1638 4526 λεγόμενος,
1690 4452 1946 4522 αἰτησάν-

297 4563 409 4598 των
442 4541 731 4618 ἑρμηνείαν
771 4544 879 4595 τῶν
928 4540 1140 4595 πάντων
1199 4539 1515 4618 φιλασόφων
1573 4540 1946 4619 φιλοσοφώτε-

2062 1972 2250 2046 ignita
2280 1972 2521 2027 mittens
2548 1972 2686 2036 tela,
2718 1985 2816 2025 seu
2851 1974 2916 2024 ut
2951 1967 3250 2041 quidpiam
3310 1984 3376 2024 eo
3431 1967 3705 2037 validius,

2060 2073 2248 2125 totum
2285 2069 2576 2125 mundum
2609 2067 2953 2138 piscabitur,
2986 2066 3256 2124 homines
3288 2066 3512 2124 scilicet
3540 2067 3709 2140 quasi

2060 2158 2248 2232 pisces
2263 2175 2332 2214 ex
2352 2157 2642 2230 profundo
2656 2154 3082 2212 indiﬁdelitatis
3093 2159 3152 2211 et
3170 2156 3510 2228 ignorantiae
3531 2163 3716 2214 extra-

2060 2248 2345 2319 bet,quos
2376 2245 2535 2302 Patri
2564 2245 2622 2300 in
2656 2246 2875 2300 donum
2907 2245 3127 2301 oli‘eret.
3163 2246 3343 2302 Maria
3372 2251 3569 2303 autem
3602 2263 3712 2304 no-

2061 2328 2353 2408 men‘ejus
2381 2335 2511 2391 erit.
2543 2335 2612 2390 Et
2665 2334 2787 2390 haec
2843 2334 3093 2406 quidem-
3135 2333 3511 2395 vaticinando
3565 2335 3714 2392 dixit

2059 2423 2285 2497 Apollo.
2340 2425 2512 2480 Titon
2572 2423 2808 2480 dixit...
2868 2421 3173 2480 Coelestem
3241 2423 3341 2481 Dei
3398 2427 3458 2481 et
3521 2426 3710 2482 Patris

2059 2514 2213 2572 528
2236 2511 2457 2568 ‘Filium
2488 2511 2595 2568 viri
2626 2527 2832 2584 expers
2888 2511 3083 2585 puella
3148 2512 3207 2567 in
3274 2518 3438 2570 utero
3493 2520 3706 2590 gestat.

2060 2615 2197 2671 Bias
2249 2613 2443 2687 inquit
2505 2629 2518 2668 :
2578 2612 2683 2669 llic
2736 2616 2826 2669 est
2878 2612 2979 2684 qui
3009 2612 3081 2669 de
3112 2613 3256 2670 coelo
3283 2614 3462 2683 venit,
3491 2616 3710 2688 quique

2058 2705 2459 2761 ﬂammantem
2492 2706 2773 2757 aeternum
2806 2701 3002 2775 ignem
3033 2701 3565 2776 submittetzquem
3595 2709 3711 2761 tre-

2060 2797 2232 2849 munt
2260 2791 2493 2859 omium,
2524 2794 2700 2859 terra,
2735 2806 2915 2859 mare,
2946 2789 3173 2857 tartari,
3203 2794 3261 2848 et
3301 2790 3361 2847 in
3420 2792 3710 2865 profundo

2058 2882 2310 2939 demersi
2369 2882 2685 2947 daemones,
2742 2879 3063 2953 imperator
3102 2878 3501 2938 felicissimus.
3533 2880 3711 2939 Solon

2060 2981 2139 3037 ait
2175 2998 2189 3037 :
2220 2979 2321 3036 Vel
2354 2995 2483 3036 sero
2516 2978 2749 3034 tandem
2781 2976 2839 3032 in
2870 2977 2982 3034 hac
3038 2977 3308 3035 navicula
3363 2979 3436 3035 ad
3494 2984 3709 3037 terram

2058 3068 2311 3144 appellet
2338 3068 2514 3137 Deus,
2546 3070 2604 3125 et
2630 3068 2855 3139 absque
2884 3072 3119 3139 peccato
3148 3067 3250 3124 flet
3276 3083 3410 3125 caro
3438 3068 3713 3143 infatiga-

2057 3158 2195 3215 bilis
2225 3157 2610 3229 deitatis,qua3
2631 3154 3061 3213 insanabilibus
3076 3157 3301 3214 morbis
3318 3157 3602 3214 medelam
3625 3159 3710 3215 al-

1979 3256 2022 3324 c
2059 3247 2253 3305 latura
2281 3251 2386 3304 est.
2422 3246 2525 3303 Hic
2555 3247 2624 3303 ad
2657 3244 2949 3303 tantillum
2982 3246 3264 3319 temporis
3295 3247 3577 3320 spatium,
3608 3264 3710 3320 po-

2062 3344 2185 3420 puli
2217 3344 2445 3401 invidize
2476 3343 2843 3417 subjicietur.
2863 3342 2927 3400 In
2958 3341 3144 3400 altum
3169 3360 3518 3418 suspensus,
3537 3345 3710 3418 quasi

2062 3435 2133 3490 ad
2164 3439 2407 3491 mortem
2435 3433 2772 3501 damnatus,
2801 3448 2940 3506 erga
2969 3433 3171 3490 omnia
3217 3438 3562 3491 mansuetus
3609 3452 3705 3491 ca-

2059 3525 2177 3580 det.
2235 3523 2437 3580 Cbilon
2492 3521 2686 3595 inquit
2733 3538 2747 3576 :
2795 3521 3184 3594 lnl‘atigabilis
3208 3523 3319 3580 erit
3344 3522 3444 3580 Dei
3474 3528 3707 3596 natura,

2059 3639 2128 3678 ex
2157 3622 2286 3694 ipso
2317 3627 2516 3678 autem
2545 3628 2635 3678 est
2662 3620 2765 3694 qui
2804 3620 3135 3677 substantia
3189 3626 3281 3678 est
3339 3626 3517 3694 atque
3574 3622 3708 3679 Ver-

2058 3711 2223 3768 bum.
2280 3710 2648 3783 Thucydides
2699 3710 2781 3766 ait
2829 3726 2842 3764 :
2893 3715 3076 3765 Deum
3107 3726 3400 3780 venerare,
3432 3727 3499 3766 ac
3527 3710 3707 3766 disci-

1997 3837 2001 3840 ν
2057 3804 2117 3856 to
2146 3799 2316 3857 illum
2351 3818 2365 3856 :
2399 3817 2473 3856 ne
2502 3805 2700 3855 tamen
2733 3815 2962 3871 queras
2990 3799 3126 3870 quis
3155 3804 3258 3854 aut
3286 3799 3580 3871 quomodo
3610 3800 3705 3855 sit.

2056 3898 2182 3954 Non
2213 3899 2372 3955 enim
2402 3902 2492 3954 est
2518 3903 2752 3967 tempus
2781 3913 2897 3968 quo
2924 3895 3023 3952 ille
3047 3912 3163 3952 non
3192 3895 3288 3961 sit.
3313 3902 3378 3952 ut
3421 3896 3708 3953 exsisten-

2058 3990 2172 4043 tem
2231 3987 2375 4054 cole,
2435 3991 2612 4056 atque
2643 3983 2724 4039 ita
2753 3982 2946 4040 edisce
2971 3982 3160 4040 illum.
3197 3985 3420 4056 impius
3448 4000 3706 4056 namque

2056 4078 2253 4131 mente
2281 4080 2390 4141 est,
2421 4074 2520 4145 qui
2548 4072 2688 4130 velit
2716 4072 2976 4128 ediscere
3031 4071 3172 4145 quid
3227 4072 3305 4129 sit
3360 4074 3530 4130 Deus.
3586 4077 3704 4130 Ile-

2057 4163 2280 4218 nander
2328 4161 2411 4218 ait
2443 4180 2456 4218 :
2490 4162 2784 4232 Antiquus
2831 4177 3040 4228 novus,
3070 4166 3130 4218 et
3157 4178 3340 4218 novus
3371 4163 3654 4235 antiquus
3686 4179 3702 4219 :

2054 4259 2224 4315 Pater
2252 4258 2414 4315 solus
2445 4264 2503 4315 et
2547 4257 2710 4315 solus
2765 4262 2937 4314 Pater
2992 4274 3006 4314 :
3062 4257 3253 4314 Unum
3310 4259 3426 4315 tria
3476 4266 3536 4316 et
3591 4261 3708 4318 tria

2054 4365 2240 4404 unum
2300 4365 2313 4404 :
2373 4349 2567 4403 carnis
2608 4364 2815 4420 expers
2846 4345 3097 4403 carnale.
3128 4347 3305 4402 Terra
3334 4348 3560 4421 peperit
3589 4366 3703 4406 ecs-

2054 4436 2258 4494 lestem
2290 4453 2503 4508 regem.
2534 4436 2693 4492 Plato
2746 4435 2893 4491 dixit
2949 4451 2963 4490 :
3024 4436 3311 4500 Quoniam
3370 4436 3560 4494 bonus
3615 4443 3706 4496 est

2057 4531 2231 4594 Deus,
2280 4542 2396 4582 non
2451 4525 2716 4581 omnium
2774 4540 2905 4580 esse
2934 4540 3114 4580 causa
3142 4530 3355 4597 potest.
3388 4526 3703 4584 Multorum

299 4652 393 4709 ρον
446 4628 627 4686 δοῦναι
677 4629 870 4691 αὐταῖς
926 4627 1093 4703 λόγον
1151 4629 1274 4705 περὶ
1332 4634 1466 4683 Θεοῦ
1524 4629 1752 4707 φύσεως⁸
1807 4632 1836 4684 6
1885 4627 1942 4685 δὲ

2058 4640 2164 4679 non
2197 4627 2286 4679 est
2313 4622 2409 4678 ille
2437 4639 2634 4678 causa.
2669 4622 2735 4677 Et
2765 4623 3052 4679 bonorum
3083 4621 3321 4694 quidem
3371 4621 3536 4680 nulla
3588 4624 3705 4682 alia

294 4722 505 4797 Ἑρμῆς
552 4714 735 4775 λαϐὼν
785 4716 1024 4794 σιφὲριον
1066 4714 1294 4792 ἔγραψεν
1337 4716 1533 4780 οὕτως·
1582 4719 1645 4775 Εἰ
1700 4719 1776 4791 μὴ
1808 4719 1942 4794 πρό-

295 4810 418 4865 νοιά
444 4828 529 4872 τις
557 4812 655 4863 τοῦ
700 4811 809 4862 τῶν
859 4808 1073 4861 πάντων
1126 4805 1347 4882 Κυρίου,
1393 4807 1454 4861 οὐ
1508 4808 1613 4888 μὴν
1660 4809 1750 4863 τὸν
1785 4806 1947 4881 λόγον

293 4903 490 4955 τοῦτον
522 4895 870 4970 ἀποκαλύψαι
918 4889 1251 4964 ἠϐούλοντο·
1305 4892 1429 4950 οὐδὲ
1474 4897 1622 4969 ἡμᾶς
1668 4897 1945 4959 τοιούτοις

297 4986 481 5064 ἔργοις
536 4991 806 5061 κατεῖχεν,
862 4981 953 5037 ἵνα
1010 4982 1132 5059 περὶ
1187 4982 1393 5038 τούτων
1448 4984 1812 5059 ἐρωτήσηται.
1870 4985 1943 5039 Ού

295 5079 402 5152 γὰρ
431 5075 644 5155 ἐφικτόν
675 5074 817 5130 ἐστιν
850 5073 927 5135 εἲς
971 5073 1248 5145 ἀμυήτους
1296 5078 1520 5129 τοιαῦτα
1575 5074 1941 5151 παρασχέσθαι

300 5167 592 5240 μυστήρια’
653 5162 798 5219 ἀλλά
850 5167 931 5234 τῷ
982 5162 1069 5217 νοῒ
1117 5161 1458 5217 ἀκουσάντων
1519 5164 1799 5224 ἀκούσατε.
1848 5166 1939 5219 Ἐν

300 5257 466 5332 μόνον
519 5259 607 5325 ἦν·
668 5258 782 5327 φῶς
836 5254 1022 5327 νοερὸν
1080 5254 1186 5327 πρὸ
1234 5256 1411 5331 φωτὸς
1468 5260 1682 5329 νοεροῦ,
1738 5256 1827 5311 καὶ
1873 5256 1939 5323 ἦν

294 5345 431 5402 αὐτᾶ
455 5342 648 5405 ἓνωσις
678 5342 738 5398 ἐκ
766 5347 867 5398 τοῦ
895 5345 990 5395 νοῦ
1030 5343 1190 5420 φωτὶ,
1220 5342 1308 5395 καὶ
1360 5342 1643 5417 πνεύματι,
1692 5345 1766 5398 'l‘a‘z
1812 5345 1941 5398 πάνυ

294 5456 361 5490 τα
390 5434 443 5505 ἐξ
473 5433 657 5501 αὐτοῦ,
689 5432 777 5486 καῖ
811 5430 887 5493 εἷς
916 5430 1094 5499 αὐτὸν,
1146 5429 1222 5491 εἰς
1281 5430 1505 5507 γόνιμον
1568 5432 1627 5487 ἐκ
1683 5435 1941 5508 γονίμου,

294 5531 572 5588 κατελθὼν
607 5530 694 5585 ἐπὶ
740 5528 957 5606 γονίμῳ
1002 5525 1154 5582 ὕδατι
1198 5526 1387 5602 ἔγκυον
1433 5530 1495 5583 τὸ
1542 5527 1688 5606 ὕδωρ
1745 5530 1939 5602 ἐποίη-

297 5642 406 5677 σεν.
435 5617 600 5681 Οἶδας
632 5623 744 5681 πῶς
795 5619 847 5674 οἱ
889 5621 994 5672 τῶν
1044 5614 1326 5687 Ἑλλήνων
1385 5615 1573 5681 παῖδες
1605 5622 1941 5698 προεφήτευ-

298 5730 420 5783 σαν,
477 5708 567 5763 καὶ
621 5708 711 5762 τὸν
768 5705 1117 5782 προάναργον
1172 5705 1324 5776 Θεὸν,
1365 5704 1575 5762 καὶτὸν
1608 5706 1939 5786 συνάναρχον

2056 4730 2235 4771 causa
2291 4718 2484 4786 potest
2539 4728 2668 4769 esse
2715 4728 2745 4767 :~
2784 4711 3073 4767 malorum
3107 4728 3221 4767 non
3247 4711 3409 4769 item.
3443 4714 3702 4771 Rursum

2053 4802 2093 4858 ii
2127 4810 2349 4874 septem
2382 4803 2596 4873 dixere,
2652 4802 2730 4856 ita
2786 4800 3023 4873 quidem
3084 4800 3155 4857 de
3207 4801 3421 4859 Christi
3473 4821 3701 4862 (necno-

2056 4893 2194 4959 mia,
2253 4897 2307 4948 et
2367 4893 2438 4948 de
2491 4891 2775 4947 Trinitate
2830 4889 3073 4959 (dictum
3131 4890 3251 4961 sit).
3308 4891 3474 4949 Alius
3531 4910 3704 4968 porro

2052 4982 2385 5038 Graecorum
2445 4979 2571 5049 fuit,
2626 4979 2714 5033 vir
2759 4978 3016 5051 sapiens,
3046 4978 3413 5052 [Esculapius
3442 4983 3700 5055 nomine,

2052 5097 2184 5136 cum
2217 5080 2570 5152 quibusdam
2603 5078 2767 5134 aliis:
2802 5076 3286 5151 philosophisque
3314 5080 3591 5138 omnibus
3619 5082 3703 5139 in-

2052 5167 2525 5241 terpretationem
2559 5167 2816 5239 aliquam
2877 5165 3337 5239 postulantibus,
3395 5173 3572 5242 atque
3628 5171 3701 5228 de

2053 5257 2166 5311 Deo
2192 5255 2594 5311 reconditioris
2622 5254 3001 5328 philosophiae
3024 5256 3199 5311 verba
3224 5255 3427 5313 audire
3459 5258 3698 5329 cupien-

2049 5345 2241 5412 tibus;
2274 5348 2508 5417 accepto
2566 5344 2890 5400 Mercurius
2943 5342 3189 5414 calamo,
3248 5343 3372 5400 haec
3418 5345 3698 5419 scripsit:

2052 5435 2172 5489 Nisi
2209 5434 2569 5500 providentia
2594 5434 2861 5505 quaedam
2910 5437 3067 5488 esset
3121 5433 3387 5488 omnium
3444 5434 3700 5507 Domini,

2051 5549 2350 5603 nunquam
2411 5531 2749 5607 huiusmodi
2807 5547 3135 5587 sermonem
3186 5530 3436 5588 revelare
3466 5532 3698 5601 vellent,

2050 5637 2237 5692 neque
2269 5638 2376 5678 nos
2406 5621 2503 5678 ille
2535 5622 2593 5676 in
2624 5620 2912 5693 ejusmodi
2943 5619 3219 5691 operibus
3274 5619 3579 5688 detineret,
3638 5627 3700 5677 ut

2051 5711 2122 5767 de
2180 5709 2275 5766 his
2324 5711 2674 5783 quaestiones
2732 5707 3108 5764 haberentur.
3147 5707 3347 5782 Neque
3371 5708 3526 5766 enim
3561 5710 3701 5768 viris
