4086 6214
405 357 550 414 1431

1567 355 1628 415 S.
1680 351 2210 413 ATHANASIUS.
2236 381 2307 392 —
2342 351 2621 411 FPURlA
2641 395 2653 408 .

3677 352 3705 411 1
3715 354 3824 412 432

403 503 519 541 non
556 488 615 541 in
648 485 829 540 itiatis
863 483 1201 556 inpossibile
1239 490 1327 539 cst
1360 484 1646 555 ejusmodi
1679 482 1827 538 tradi
1861 489 2068 554 myste-

2187 476 2343 533 αὐτοῦ
2375 478 2520 547 Υἱὸν,
2553 479 2642 533 καὶ
2674 478 2863 555 Λόγον,
2910 480 2999 535 καὶ
3057 482 3121 536 τὸ
3179 480 3459 558 σύνθρονον
3519 480 3690 535 αὐτοῦ
3742 478 3824 536 καὶ

406 575 622 639 ria,sed
649 572 940 640 audite,ac
973 579 1167 628 mente
1200 574 1406 628 attenti
1441 575 1841 628 estote.Unum
1874 571 2064 625 solum

408 670 553 718 erat.
617 664 738 718 Lux
796 662 1119 734 spiritualis
1179 667 1311 717 ante
1368 662 1556 717 lucem
1616 660 1979 732 spiritualem
2044 676 2056 712 :

415 754 696 821 erantque
725 750 840 811 illa.
876 750 1209 819 conjunctio
1243 750 1456 804 mentis
1483 766 1614 804 cum
1652 749 1779 802 luce
1823 754 1879 802 et
1934 764 2067 801 cum

410 838 653 911 Spiritu.
718 838 923 892 Omnia
955 854 1020 891 ex
1055 838 1180 908 ipso
1211 844 1263 891 et
1296 838 1352 891 in
1398 838 1613 909 ipsum,
1650 837 1705 889 in
1742 836 2069 906 proliticum

2176 567 2469 639 ὁμοοόσιον
2527 572 2747 641 Πνεῦμα
2801 571 3198 645 πιεοεκτξρυξαν,
3265 572 3355 625 καὶ
3408 572 3476 625 τὰ
3534 570 3698 642 τίμια
3737 576 3824 625 τοῦ

2178 660 2410 730 σταυροῦ
2440 657 2586 725 πάθη
2622 659 3017 732 προεκήρυξαψ
3054 658 3199 731 αὐτῷ
3228 662 3279 728 ἡ·
3300 657 3443 729 δόξα,
3476 660 3573 713 καὶ
3606 659 3670 713 τὸ
3715 660 3827 726 κρά-

2180 766 2271 806 τος
2304 743 2396 799 σὺν
2429 743 2507 799 τῶ
2538 745 2763 821 ἀνάρχῳ
2791 747 2980 821 Πατρὶ,
3029 748 3117 801 καὶ
3147 752 3226 818 τῷ
3255 748 3505 822 παναγέῳ
3560 747 3823 819 Πνεῦματι

2183 832 2256 895 εἷς
2289 832 2416 895 τοὺς
2447 834 2644 895 αἰῶνας
2676 856 2781 889 των
2816 835 3054 893 αἰώνων.
3085 838 3279 908 Ἀμήν.

409 944 477 982 ex
509 927 789 998 prolifico.
824 927 1191 981 Descendens
1225 926 1281 980 in
1316 927 1635 998 prolificam
1674 942 1905 996 aquam,
1942 929 2339 996 praegnantem
2374 925 2563 979 elI'ecit
2589 943 2833 996 aquam.
2869 926 3069 981 Viden’
3098 944 3213 998 quo
3248 932 3413 999 pacto
3469 927 3660 981 Graeci
3706 942 3823 998 pro-

409 1015 740 1087 phetavere,
775 1032 839 1070 ac
884 1032 1017 1070 eum
1078 1016 1172 1086 qui
1218 1021 1347 1069 ante
1375 1032 1547 1070 omne
1579 1014 1930 1086 principium
1964 1020 2106 1079 erat,
2140 1013 2357 1084 quique
2390 1031 2505 1069 una
2535 1030 2667 1069 cum
2699 1014 2798 1070 illo
2830 1031 3035 1085 expers
3071 1015 3343 1087 principii
3378 1021 3489 1080 est,
3530 1014 3742 1069 Filium
3774 1002 3824 1069 εί

410 1105 670 1160 Verbum
713 1124 724 1160 :
765 1120 991 1160 necnon
1024 1106 1284 1175 ejusdem
1322 1105 1512 1159 throni
1550 1104 1890 1175 participem
1924 1108 1978 1158 et
1999 1103 2557 1158 consubstantialem
2601 1104 2909 1175 Spiritum,
2935 1104 3193 1175 itemque
3226 1104 3623 1159 venerandam
3647 1104 3827 1157 crucis

409 1193 745 1266 passionem
780 1193 1267 1265 praznuntiarunt.
1304 1194 1417 1264 lpsi
1450 1192 1634 1267 gloria
1665 1198 1720 1247 et
1751 1193 2085 1263 imperium,
2116 1209 2248 1247 cum
2285 1196 2453 1246 Patre
2483 1191 2769 1264 principio
2800 1198 3055 1256 carente,
3080 1197 3138 1248 et
3167 1193 3551 1248 sanctissimo
3587 1190 3823 1264 Spiritui

407 1282 464 1336 in
501 1281 714 1337 saecula
745 1281 1112 1337 saiculorum.
1145 1285 1348 1336 Amen.

1225 1632 1296 1687 IN
1330 1631 1768 1687 TRACTATUM
1803 1632 1892 1686 DE
1923 1630 2252 1687 CORPORE
2284 1630 2374 1685 ΕΤ
2405 1629 2630 1685 ANIMA
2660 1629 3018 1686 MONlTUM.

482 1767 562 1819 En
595 1765 715 1833 tibi,
750 1765 939 1819 Lector
967 1764 1199 1831 erudite,
1232 1782 1355 1819 eum
1387 1766 1631 1819 sistimus
1658 1768 1976 1830 tractatum,
2006 1780 2165 1834 quem
2196 1766 2514 1818 memoravit
2543 1763 2821 1818 Gerardus
2848 1765 3055 1818 Vossius
3070 1766 3127 1818 in
3151 1762 3411 1831 Gregorii
3440 1762 3828 1833 Thaumaturgi

412 1853 651 1908 editione
708 1855 1015 1908 Parisiensi
1068 1870 1212 1909 anno
1267 1856 1422 1917 1622,
1479 1872 1535 1925 ρ.
1572 1855 1690 1908 120.
1731 1855 1829 1910 Ubi
1858 1856 1937 1907 ait
1970 1854 2088 1917 ille,
2117 1840 2543 1909 exstare'Grmee
2577 1854 2757 1909 Romae
2787 1855 2845 1907 in
2878 1852 3200 1907 bibliotheca
3227 1854 3523 1922 S/‘ortiana
3556 1867 3711 1905 num.
3740 1852 3822 1916 77,

411 1943 700 2013 pulchram
722 1943 901 1997 sancti
932 1941 1232 1997 Athanasii
1260 1944 1493 2014 episcOpi
1524 1942 1888 1997 Alexandrini
1913 1943 2311 2009 tractationem,
2344 1943 2409 1996 de
2436 1950 2640 1995 natura
2669 1942 2911 2011 corporis
2942 1945 2994 1995 et
3021 1941 3245 2008 anim,
3276 1949 3327 1994 et
3373 1940 3442 1994 de
3489 1941 3827 2011 separatione

406 2032 614 2086 anima!
668 2048 702 2083 a
756 2046 996 2101 corpore.
1057 2033 1122 2085 At
1184 2048 1369 2086 vereor
1426 2036 1483 2085 ut
1536 2034 1620 2085 vir
1648 2032 1901 2086 eruditus
1929 2047 2114 2102 aequus
2142 2031 2242 2085 hac
2272 2033 2329 2084 in
2356 2040 2517 2101 parte
2546 2046 2730 2085 rerum
2752 2034 3062 2087 aestimator
3087 2028 3554 2101 deprehendatur.
3599 2030 3820 2084 Tametsi

413 2134 651 2189 namque
680 2117 931 2187 quaedam
964 2118 1055 2173 hic
1083 2122 1233 2189 sunt,
1266 2134 1391 2189 qua:
1416 2134 1525 2172 non
1554 2120 1653 2173 abs
1685 2136 1744 2173 re
1772 2119 2050 2182 dicuntur,
2082 2119 2199 2173 alia
2248 2123 2431 2173 tamen
2483 2125 2610 2171 sunt
2666 2119 2856 2179 [utilia
2908 2127 2964 2172 et
2995 2118 3294 2172 Athanasio
3325 2134 3530 2187 magno
3584 2118 3822 2187 indigna,

408 2206 714 2273 cuiusmodi
768 2215 845 2261 est
872 2208 1083 2277 frigida
1114 2209 1213 2261 illa
1242 2211 1450 2263 animm
1482 2207 1744 2276 deﬁnitio,
1778 2212 1828 2261 el
1856 2207 2069 2261 similia
2097 2223 2215 2278 quae
2246 2216 2355 2261 tute
2383 2207 2657 2262 advertas.
2695 2206 2842 2263 Unde
2866 2221 3029 2277 porro
3048 2206 3173 2276 jam
3198 2206 3424 2277 prodeat
3455 2207 3559 2260 hoc
3601 2221 3819 2276 opuscu-

420 2293 557 2361 lum,
592 2310 663 2349 επ
690 2296 835 2351 hisce
863 2296 1094 2350 Joannis
1127 2296 1354 2351 Guilloli
1381 2298 1555 2351 nostri
1582 2296 1762 2351 verbis
1794 2297 1996 2366 accipe,
2030 2298 2127 2366 qui
2154 2312 2263 2351 sua
2288 2311 2458 2350 manu
2504 2294 2811 2365 exscripsit,
2870 2295 3135 2366 nobisque
3187 2295 3523 2349 transmisit.
3586 2296 3668 2349 Ea:
3711 2294 3821 2348 cod.

416 2382 601 2438 Graeco
651 2384 993 2441 bibliothecae
1051 2386 1337 2449 Vaticana,
1368 2402 1521 2439 num.
1553 2385 1681 2449 700,
1714 2385 1769 2439 in
1801 2385 1986 2438 charta
2009 2400 2377 2456 papygracea,
2410 2383 2631 2439 videtur
2657 2385 2857 2438 habere
2887 2384 2989 2437 400
3017 2399 3214 2439 annos.
3248 2384 3339 2437 Est
3367 2384 3620 2453 eleganti
3640 2398 3820 2449 manu,

414 2470 508 2527 sed
534 2471 861 2527 minusculis
893 2472 1089 2528 litteris
1118 2481 1399 2528 exoratus.
1437 2474 1523 2529 Est
1552 2474 1797 2528 collectio
1826 2475 2171 2528 diversorum
2201 2488 2450 2543 Operam,
2509 2475 2556 2526 et
2612 2474 3051 2542 fragmentorum
3107 2470 3201 2527 SS.
3259 2473 3515 2527 Patrum.
3578 2471 3817 2527 Continet

426 2562 575 2615 inter
602 2570 802 2616 ca’tera
827 2578 1059 2632 sequens
1088 2562 1428 2633 opusculum.

1494 2794 1648 2849 529
1686 2796 1810 2843 ΤΟΥ
1850 2792 1936 2847 ΕΝ
1980 2794 2212 2847 ΑΓΙΟΙΣ
2257 2792 2533 2847 ΠΑΤΡΟΣ
2574 2796 2762 2845 ΗΜΩΝ

1772 2930 2505 3027 ΑΘΑΝΑΣΙΟΥ

1626 3105 1796 3159 ,ΠΕΡΙ
1843 3104 2165 3159 ΣΩΜΑΤΟΣ
2208 3108 2321 3157 ΚΑΙ
2366 3103 2605 3159 ΨΥΧΗΣ

1543 3380 1634 3471 S.
1693 3381 1796 3472 P.
1851 3380 1961 3472 N.
2035 3380 2711 3473 ATHAN'ASII

1728 3557 1815 3611 DE
1846 3557 2152 3613 COItPOliE
2178 3560 2277 3613 ET
2300 3559 2526 3614 ANIHA.

491 3802 862 3873 Exploratum
897 3809 983 3857 est
1004 3820 1216 3874 corpus
1240 3804 1713 3860 constitutionem
1734 3823 1898 3861 suam
1930 3810 2075 3861 acci-
2108 3814 2150 3877 Β

424 3908 557 3962 pere
581 3909 645 3946 ex
676 3891 1000 3957 elementis,
1019 3894 1349 3965 pariterque
1366 3894 1833 3951 dissolutionem.
1860 3898 2076 3961 Onam-

426 3980 624 4035 obrem
659 3996 901 4051 corpora
932 3980 1051 4037 sive
1084 3982 1388 4037 hominum
1422 3983 1542 4038 sive
1571 3989 1911 4041 cmterorum
1947 3987 2074 4041 ani-

424 4068 712 4124 mantium
774 4069 940 4125 facile
970 4076 1431 4142 corrumpuntur
1460 4089 1527 4127 ac
1558 4073 1907 4143 moriuntur,
1939 4092 2071 4129 cum

2256 3813 2427 3881 Σῶμα
2475 3813 2554 3879 τῷ
2612 3806 2794 3883 ἔχοντι
2851 3808 2949 3876 τὴν
3008 3806 3245 3863 σύνθεσιν
3294 3806 3353 3862 ἐκ
3397 3811 3508 3860 τῶν
3540 3802 3801 3878 στοιχείων

2188 3894 2427 3973 δέχεται,
2460 3897 2547 3951 καὶ
2581 3894 2846 3965 διάλυσιν,
2898 3897 2985 3951 καὶ
3028 3896 3353 3973 ἀφανίζεται.
3411 3897 3511 3950 Διά
3559 3898 3710 3949 τοῦτο
3751 3891 3806 3943 τὰ

2187 3985 2432 4057 σώματα,
2484 3985 2571 4041 ita?
2618 3986 2943 4061 ἀνθρώπων,
2992 3986 3080 4040 καὶ
3137 3987 3316 4054 ζώων,
3358 3984 3626 4062 εὔφθαρτά
3654 3977 3805 4036 τεκαὶ

2186 4071 2414 4144 εῧθνητα
2469 4074 2855 4150 τυγχάνουσιν,
2916 4073 2976 4128 ἐκ
3030 4073 3302 4150 τεσσάρων
3362 4073 3649 4149 στοιχείων
3700 4091 3804 4123 συν-

422 4174 485 4213 ex
522 4162 774 4229 quatuor
802 4157 1104 4213 elementis
1137 4159 1257 4214 sint
1286 4160 1627 4231 composita,
1660 4178 1868 4233 nempe
1899 4167 2074 4233 terra,

422 4245 565 4312 sole,
593 4263 748 4317 aqua
772 4251 829 4301 et
858 4264 1008 4313 aere,
1034 4264 1163 4317 quae
1190 4254 1247 4303 et
1279 4247 1408 4319 ipsa
1438 4266 1542 4304 nec
1571 4251 1753 4320 senio,
1785 4268 1887 4307 nec
1922 4269 2072 4306 mar-

420 4350 551 4389 core
582 4332 765 4390 libera
796 4337 1562 4406 manent,quemadmodum
1596 4344 1649 4393 et
1671 4356 2072 4408 corpora,cum

423 4439 667 4495 corpora
698 4422 898 4478 omnia
923 4440 990 4478 ex
1019 4429 1174 4479 terra
1207 4424 1326 4480 sint
1355 4426 1526 4481 facta.
1563 4427 1674 4483 Res
1704 4432 1898 4483 autem
1932 4428 2073 4483 sim-

421 4510 602 4583 plices
655 4526 758 4565 nec
812 4513 1146 4584 compositas
1180 4514 1346 4569 facile
1378 4521 1769 4587 perseverant,
1804 4523 1860 4572 et
1890 4534 2076 4588 usque

423 4600 493 4655 ad
524 4600 1093 4655 consummationem
1132 4601 1492 4658 indissolutw
1527 4610 1765 4660 manent
1816 4622 1829 4660 :
1883 4606 2077 4677 qualia

420 4693 580 4755 sunt,
604 4688 712 4755 sol,
739 4688 993 4744 hominis
1022 4690 1237 4759 anima,
1262 4689 1380 4762 lux,
1402 4691 1738 4764 luminaria,
1763 4710 1880 4762 aer,
1901 4712 2053 4766 aqua

417 4777 591 4849 ignis,
625 4777 892 4849 spiritus,
928 4779 1122 4833 omnia
1154 4780 1391 4835 demum
1424 4781 1735 4853 simplicia.
1772 4788 1847 4838 De
1878 4784 2076 4839 anima

414 4883 548 4921 vero
580 4863 702 4921 haec
733 4865 1167 4939 dicimuszquod
1201 4869 1429 4926 scilicet
1454 4871 1509 4925 in
1535 4869 1636 4925 illa
1666 4871 1784 4926 sint
1813 4872 2075 4944 quinque

420 4955 761 5027 passiones;
796 4972 922 5026 qua:
957 4956 1259 5028 passiones
1293 4958 1578 5016 animales
1606 4965 1906 5016 vocantur.
1930 4962 2077 5017 Sunt

416 5049 611 5099 autem
643 5042 753 5097 illa:
789 5059 801 5098 :
834 5045 944 5109 Ira,
977 5044 1236 5111 tristitia,
1270 5047 1464 5117 timor,
1516 5048 1870 5114 sollicitudo,
1924 5050 2071 5104 invi-

413 5132 641 5196 dia.Qui
666 5149 797 5188 vero
820 5131 1013 5204 sagaci
1043 5133 1369 5190 instructus
1401 5141 1487 5191 est
1511 5137 2073 5209 cogitatione,omni-

414 5221 525 5275 bus
583 5225 773 5293 potest
835 5220 1141 5293 imperare.
1205 5224 1416 5279 Anima
1464 5243 1616 5295 vero,
1650 5228 1973 5281 secundum
2006 5244 2069 5283 se

412 5310 641 5365 exsistit
671 5310 840 5381 quasi
869 5310 1021 5382 ignis
1053 5311 1797 5377 ardons.Quemadmodum
1829 5316 1981 5387 ignis
2004 5333 2072 5372 ea

416 5415 543 5469 quae
575 5398 632 5453 in
660 5398 909 5455 lebetem
941 5398 1337 5468 conjiciuntur
1367 5404 1697 5475 concoquit;
1722 5403 1802 5459 ita
1823 5408 1880 5459 et
1902 5404 2073 5476 ignea

416 5487 616 5542 anima
667 5487 828 5543 cibos
886 5487 943 5542 in
1004 5492 1261 5543 ventrem
1307 5489 1606 5567 immissos
1636 5492 1986 5547 comminuit
2016 5498 2073 5549 et

418 5576 980 5633 oonsumit.Etiamsi
1013 5592 1183 5648 porro
1214 5579 1365 5652 ψυχή
1400 5597 1501 5636 seu
1533 5582 1721 5636 anima
1765 5597 2073 5654 nuncupa-

416 5668 535 5731 tur,
568 5681 680 5721 non
711 5664 792 5721 ita
821 5669 1018 5722 tamen
1052 5670 1312 5735 vocatur,
1342 5668 1495 5738 quod
1529 5668 1605 5726 sit
1633 5668 1818 5742 ψυχρά
1850 5686 1949 5727 seu
1973 5673 2074 5742 fri-

2188 4163 2462 4235 ιστοὶμενα,
2523 4160 2672 4238 λέγω
2730 4160 2820 4233 δὴ,
2878 4169 3003 4238 γῆς,
3033 4162 3220 4232 ἡλίου,
3280 4160 3500 4228 ὕδατος,
3531 4161 3617 4216 καὶ
3644 4159 3804 4232 ἀέρος.

2185 4251 2273 4305 καὶ
2305 4251 2439 4306 αὐτά
2470 4251 2569 4306 οὐκ
2597 4252 2862 4327 ἀγήρατα,
2914 4250 3013 4305 οὐκ
3041 4250 3321 4325 ἀμάραντα
3349 4250 3424 4311 ὡς
3484 4251 3553 4304 τὰ
3603 4247 3801 4318 σώματα

2190 4341 2357 4412 μένει,
2389 4338 2533 4396 ἀλλὰ
2563 4342 2781 4411 θνήσκει
2813 4341 2951 4403 καθά
2974 4340 3063 4394 καὶ
3099 4340 3165 4394 τὰ
3192 4344 3439 4411 σώματα,
3493 4337 3798 4406 ποιηθέντων

2186 4429 2399 4483 πάντων
2453 4427 2720 4501 σωμάτων
2775 4427 2834 4483 ἐκ
2879 4431 3004 4502 γῆς.
3055 4428 3139 4486 Τὰ
3185 4426 3241 4482 δὲ
3276 4425 3423 4482 ἀπλᾶ
3450 4428 3543 4482 καὶ
3571 4425 3800 4485 ἀσύνθετα

2185 4522 2291 4572 τῶν
2323 4518 2660 4593 πραγμάτων
2721 4514 3035 4589 εὐδιάμονα,
3094 4517 3183 4571 καὶ
3234 4513 3339 4578 ἓως
3381 4524 3482 4586 τῆς
3526 4510 3798 4571 συντελείας

2186 4605 2492 4661 ἀκατάλυτα
2525 4605 2693 4679 μένει·
2727 4606 2841 4660 οἷον
2871 4607 2899 4660 ὁ
2929 4604 3113 4675 ἥλιος,
3144 4607 3297 4680 ψυχή
3344 4604 3649 4679 ἀνθρώπου,
3678 4597 3795 4678 φῶς,

2187 4698 2489 4773 φωστῆρες,
2549 4696 2677 4770 ἀὴρ,
2725 4692 2912 4762 ὕδατα,
2961 4699 3089 4770 πῦρ,
3140 4700 3371 4766 πνεῦμα,
3418 4694 3508 4748 καὶ
3561 4692 3718 4747 πάντα
3741 4684 3795 4738 τὰ

2186 4781 2353 4853 ἁπλᾶ,
2380 4782 2468 4834 καὶ
2498 4780 2547 4836 ἐν
2588 4779 2712 4851 ἷδίᾳ.
2746 4782 2875 4855 Περὶ
2906 4777 2962 4836 δὲ
2992 4785 3175 4857 ψυχῆς
3205 4780 3434 4857 λὲγομεν
3493 4781 3677 4839 οὕτως·
3726 4774 3794 4828 ὅτι

2188 4869 2287 4924 εἷ’σὶ
2345 4868 2501 4923 πέντε
2546 4868 2689 4938 πάθη
2741 4867 2792 4923 ἒν
2843 4867 3000 4941 αὐτῇ,
3069 4872 3217 4924 ἅτινα
3268 4870 3477 4943 ψυχικᾶ
3533 4866 3667 4933 πάθη
3715 4880 3794 4914 κα·

2186 4956 2426 5014 λοῦνται.
2480 4957 2598 5011 Εἰσὶ
2649 4953 2707 5011 δὲ
2750 4961 2936 5011 ταῦτα’
2969 4957 3127 5033 ὀργή,
3160 4956 3330 5027 λύπη,
3362 4952 3551 5035 φόϐος,
3580 4949 3791 5032 φροντὶς,

2184 5045 2271 5100 καί
2330 5045 2544 5122 φθόνος.
2601 5046 2658 5098 Ὀ
2717 5046 2809 5100 οὖν
2868 5045 3131 5123 φρόνιμον
3191 5044 3335 5122 ἔχων
3390 5046 3482 5100 τὸν
3536 5038 3789 5118 λογισμὸνν

2185 5134 2398 5190 δύναται
2458 5134 2628 5189 πάντα
2691 5140 2925 5209 κρατεῖν.
2984 5137 3047 5190 Ἦ
3104 5133 3161 5190 δὲ
3209 5136 3361 5211 ψυχὴ
3413 5135 3636 5210 ὑπάρχει
3694 5124 3787 5180 καθ’

2180 5225 2395 5294 ἑαυτής,
2425 5225 2498 5285 ὡς
2532 5228 2638 5299 πῦρ
2672 5223 2984 5297 καιόμενον.
3016 5226 3218 5300 ’Ὠσπερ
3248 5224 3311 5279 τὸ
3351 5228 3456 5297 πῦρ
3499 5223 3564 5277 τὸ.
3611 5212 3786 5293 βαλλὸ-

2183 5334 2316 5386 μενα
2367 5313 2443 5375 εἰς
2497 5314 2587 5367 τὸν
2644 5308 2850 5382 λέϐητα
2904 5310 3062 5384 ἕψει,
3121 5313 3264 5368 οὕτω
3320 5312 3409 5367 καὶ
3468 5315 3502 5381 ἡ
3559 5300 3781 5382 πυρώδης

2179 5404 2332 5478 ψ’)χή
2390 5403 2459 5457 τὰ
2514 5400 2988 5477 παραπεμπόμενα
3045 5408 3165 5456 σῖτα
3206 5406 3274 5477 τῇ
3323 5400 3510 5472 κοιλίᾳ
3550 5392 3781 5478 λεπτύνει,

2181 5475 2528 5562 διαί-δαπανᾷ.
2731 5488 2787 5544 δὲ
2836 5491 2990 5566 ψυχὴ
3043 5475 3279 5567 λέγεται,
3310 5489 3370 5545 οὒ
3403 5481 3710 5565 λέγε-παιδιὰ
3732 5475 3781 5531 τό

2183 5580 2354 5642 οὕτως
2385 5582 2519 5635 εἶναι
2552 5580 2764 5655 ψυχρὰν
2793 5580 2891 5648 τὴν
2925 5578 3131 5648 οὐσίαν,
3163 5579 3239 5642 ὥς
3284 5599 3425 5641 τινες
3466 5583 3568 5635 τῶν
3615 5570 3783 5655 ἁπλου-

2184 5670 2382 5745 στέρων
2446 5651 2738 5734 διενόησαν·
2799 5665 2944 5723 ἀλλὰ
2996 5664 3084 5723 διὰ
3132 5669 3194 5724 τὸ
3255 5667 3313 5724 ἐκ
3359 5666 3573 5738 πολλῆς
3618 5651 3779 5733 θερμό-
