4086 6214
289 386 445 446 1433

1230 389 1304 449 ΙΝ
1352 388 1629 450 LIBROS
1676 389 1776 447 DE
1820 388 2245 448 TRINITA'I‘E
2289 384 2752 446 ADMONITIO.

3540 380 3693 439 1434

281 536 449 586 τητος
481 515 853 591 ἀναξηραίνειν
883 516 1047 586 αὐτὴν
1107 517 1174 572 τὰ
1233 517 1391 593 ὑγρὰ,
1423 518 1500 579 ὡς
1557 516 1668 573 ἔστι
1724 516 1935 592 πληρο-

2052 519 2279 588 gida,ut
2300 534 2369 573 ex
2400 514 2865 587 simplicioribus
2894 514 3130 585 quidam
3165 512 3564 577 arbitrantur;
3590 512 3693 567 sed

284 612 619 679 φορηθῆναι,
652 606 741 659 καὶ
774 604 834 660 ἐκ
879 613 978 674 τῆς
1030 605 1293 683 ἐνεργείας
1344 612 1440 661 τοῦ
1491 605 1676 675 ἡλίου’
1713 603 1784 660 ὢν
1835 606 1939 682 γὰρ

282 691 564 766 πυρώδης,
621 695 710 749 καὶ
762 692 1051 769 Οερμώδης
1109 693 1288 765 πηλὸν
1340 695 1597 770 ξηραίνει,
1656 694 1746 748 καὶ
1803 694 1936 749 πάν-

283 804 448 858 υγραν
511 784 788 855 ἀνιμᾶται.
821 785 943 840 ’Ότι
1006 781 1062 837 δὲ
1119 786 1153 853 ἡ
1214 785 1368 860 ψυχή
1429 786 1602 859 θερμή
1665 783 1775 838 ἐστι
1804 784 1939 838 κατά

284 870 468 949 φύσιν,
518 874 707 935 πείθου
753 876 1041 946 τοιγαροῦν
1098 870 1155 927 ἐκ
1200 877 1305 927 τῶν
1380 872 1852 943 ἀποθνησκόντων·

283 960 391 1035 γὰρ
423 959 539 1033 ὥρᾳ
566 962 601 1028 ἠ
634 961 788 1035 ψυχή
839 960 1108 1035 χωρίσοη·
1144 962 1250 1016 ἀπὸ
1304 966 1400 1016 τοῦ
1461 963 1737 1034 σώματος,
1767 960 1939 1016 πάντα

280 1049 353 1104 τά
404 1048 543 1122 μέλη
598 1048 928 1122 εὑρίσκονται
978 1047 1401 1123 κρυσταλλώδη,
1439 1050 1528 1104 καὶ
1577 1047 1729 1104 οὐδὲν
1774 1052 1934 1118 ἧττον

282 1138 483 1201 πάθοις
513 1136 821 1212 χειμερίου.
854 1139 997 1199 Ἕως
1029 1138 1128 1213 γὰρ
1160 1135 1277 1213 ἔχει
1309 1141 1344 1207 ἡ
1377 1139 1530 1213 ψυχή
1580 1138 1677 1207 τὴν
1726 1139 1933 1214 τροφὴν

280 1226 363 1288 εἰς
395 1224 676 1304 ἀερθονίαν,
705 1226 769 1280 τὸ
802 1230 962 1298 σῶμα
996 1226 1209 1299 θάλλει,
1241 1227 1331 1281 καὶ
1378 1225 1701 1281 ἀνδαίνεται’
1735 1225 1933 1281 ὁπόταν

280 1313 344 1370 δὲ
374 1314 627 1389 ἀπορήσῃ
662 1314 866 1381 σιτίων,
899 1313 1029 1368 αὐτὸ
1078 1315 1141 1369 τὸ
1195 1319 1353 1387 σῶμα
1399 1315 1517 1370 ἀντὶ
1563 1318 1771 1393 τροφῆς
1819 1316 1936 1370 ἀντ·

280 1404 402 1479 ἐχει
461 1403 595 1476 πρὸς
652 1404 748 1470 τήν
793 1402 1104 1477 θερμότητα
1158 1409 1257 1472 τῆς
1318 1406 1524 1478 ψυχῆς.
1556 1405 1757 1480 Ὥσπερ
1815 1400 1937 1459 οὔτε

273 1492 498 1567 ἀγγεῖον
526 1490 794 1567 χαλκοῦν,
826 1489 952 1560 ἤτοι
984 1486 1151 1561 λέϐης
1186 1490 1271 1544 ἐπὶ
1302 1487 1588 1564 κλιϐάνου,
1620 1491 1681 1547 οὐ
1717 1489 1934 1547 δύναται

274 1577 404 1636 ἄνευ
435 1577 625 1641 ὕδατος
656 1581 833 1657 φέρειν
868 1581 967 1649 τήν
1002 1577 1345 1658 σφοδρότητα
1371 1585 1468 1635 τοῦ
1513 1582 1708 1654 πυρὸς,
1740 1581 1935 1655 ἐκφρό-

270 1690 427 1745 γεται
458 1670 557 1745 γὰρ
590 1669 678 1724 καὶ
714 1666 991 1724 διαλύεται
1020 1667 1253 1724 τέλειον
1288 1668 1431 1723 οὕτω
1460 1670 1550 1724 καὶ
1579 1670 1607 1724 ὁ
1640 1665 1808 1737 λέϐης
1838 1674 1935 1724 τοῦ

274 1758 560 1830 σώματος,
599 1759 673 1830 μή
706 1754 849 1833 ἔχων
894 1758 991 1825 τήν
1042 1758 1275 1836 τροφὴν,
1305 1757 1451 1830 παρά
1495 1760 1593 1827 τῆς
1645 1755 1933 1834 πυρώδους

275 1850 472 1922 ψυχῆς
516 1844 995 1919 ὐπολικμούμενος
1045 1845 1398 1902 ἀπολείπεται
1447 1848 1805 1904 παντάπασιν.
1837 1848 1933 1901 Ἀν

277 1935 441 2010 θέλῃς
476 1933 761 2008 δοκιμάσαι
814 1937 999 2008 μαθεῖν
1049 1934 1194 2011 παρά
1242 1956 1408 2003 τινος,
1440 1941 1556 1998 πῶς
1608 1934 1867 1991 διάκειται
1897 1938 1932 2005 ἠ

277 2026 438 2101 ψυχὴ
485 2025 535 2079 ἐν
588 2026 666 2097 τῷ
720 2025 954 2098 σώματι,
990 2022 1263 2100 ἐρώτησον
1323 2023 1505 2080 αὐτόν·
1540 2024 1673 2081 Εἰπέ
1734 2047 1851 2098 μοι,
1881 2024 1932 2079 ἐν

282 2113 404 2186 ὅλῳ
432 2119 510 2185 τῷ
540 2115 755 2187 σώματι
784 2118 1026 2168 κατοικεῖ
1054 2116 1089 2183 ἡ
1124 2114 1277 2189 ψυχὴ
1319 2119 1416 2169 τοῦ
1470 2114 1780 2188 ἀνθρώπου,
1813 2114 1847 2183 ἢ
1882 2113 1933 2169 ἐν

282 2204 364 2259 ἑνὶ
412 2204 599 2275 τόπῳ;
635 2203 730 2258 Καὶ
782 2203 870 2257 ἐὰν
923 2199 1046 2277 εἰει-τῃ
1092 2223 1177 2257 σοι
1225 2200 1307 2257 ὅτι
1349 2202 1399 2257 ἐν
1442 2200 1560 2275 ὅλῳ
1588 2208 1667 2275 τῷ
1700 2205 1936 2276 σώματι,

283 2291 402 2347 εἷπε
431 2291 597 2362 αὐτῷ·
636 2290 732 2346 Καὶ
764 2295 880 2352 πῶς
909 2292 1165 2365 τέμνουσι
1206 2292 1305 2359 τὴν
1358 2296 1538 2367 χεῖρα,
1571 2292 1606 2361 ἢ
1656 2292 1747 2346 τὸν
1796 2290 1939 2346 πόδα

277 2385 379 2435 τοῦ
429 2380 740 2456 ἀνθρώπου,
780 2379 869 2435 καὶ
921 2380 983 2433 οὐ
1023 2379 1343 2449 κόπτεταιὴ
1376 2381 1554 2455 ψυχὴ,
1586 2379 1732 2435 ἀλλά
1773 2379 1937 2435 πάλιν

285 2473 352 2543 ζῇ
386 2470 413 2523 ὁ
446 2470 728 2543 ἅνθρωπος
761 2468 848 2523 καὶ
882 2468 980 2523 οὐκ
1028 2468 1395 2538 ἀποθνήσκει;
1429 2468 1491 2522 Εἴ
1538 2465 1596 2523 δὲ
1646 2465 1768 2542 εἷίπῃ
1828 2490 1934 2538 σοι,

280 2557 366 2613 ὅτι
397 2556 446 2611 ἐν
481 2557 555 2611 ἑνὶ
586 2552 762 2629 τόπῳ,
792 2556 908 2612 εἰπέ
938 2556 1084 2629 αὐτῷ
1114 2557 1218 2627 ὅτι,
1253 2557 1351 2611 Καὶ
1382 2561 1498 2619 πῶς
1532 2556 1634 2611 εἰσι
1677 2557 1745 2611 τά
1793 2554 1939 2612 ἄλλα

286 2646 429 2719 μέλη
463 2651 558 2701 τοῦ
591 2647 877 2722 ἀνθρώπου
909 2646 1084 2723 χωρίς
1116 2649 1303 2722 ψυχῆς
1328 2652 1466 2715 ;[Ιᾶν
1493 2646 1595 2721 γὰρ
1616 2646 1679 2701 τὸ
1705 2647 1781 2719 μὴ
1806 2643 1935 2722 ἔχον

278 2737 464 2811 ψυχὴν
498 2735 684 2810 νεκρόν
738 2734 872 2804 ἐστι,
903 2735 992 2790 καὶ
1038 2734 1138 2788 οὐκ
1186 2731 1307 2788 οἶδα
1351 2733 1401 2787 τί
1452 2732 1650 2809 λέγεις.
1688 2734 1827 2810 Ἐγὼ
1881 2731 1939 2789 δὲ

280 2823 415 2880 εἴπω
474 2845 557 2877 σοι
602 2822 653 2877 ἐν
712 2823 853 2895 ποίῳ
902 2822 1081 2895 τόπῳ,
1112 2822 1200 2877 καὶ
1249 2821 1392 2894 ποίῳ
1438 2821 1650 2898 τρόπῳ,
1695 2822 1784 2876 καὶ
1840 2827 1937 2877 τοῦ

285 2911 607 2967 ἀναπαύεται
637 2914 671 2981 ἡ
722 2914 899 2987 ψυχή·
946 2910 996 2966 ἐν
1050 2911 1192 2987 τρισὶ
1239 2910 1430 2972 τόποις
1485 2910 1792 2987 ἀναγκαίοις
1842 2915 1938 2965 τοῦ

286 3001 541 3074 σώματός
590 3000 727 3056 ἐστιν
790 2998 1133 3077 ἐνιδρυμένη·
1176 3000 1266 3055 καὶ
1326 2999 1506 3076 ὥσπερ
1554 3003 1587 3070 ἡ
1644 3000 1792 3062 ἀκτὶς
1840 3005 1938 3055 τοῦ

284 3090 457 3161 ἡλίου
491 3090 569 3145 ἀεὶ
599 3087 693 3145 ἕνα
722 3090 888 3145 τόπον
922 3094 1116 3165 χωρεῖ,
1146 3089 1235 3143 καὶ
1283 3088 1582 3164 εἰσέρχεται
1630 3090 1721 3144 τὸν
1767 3089 1936 3158 οἷκον,

290 3178 510 3258 φωτίζει
573 3175 630 3234 δὶ
675 3180 847 3234 πάντα
893 3181 984 3235 τὸν
1042 3179 1211 3248 οἶκον,
1264 3178 1407 3234 οὕτω
1455 3179 1545 3234 καὶ
1594 3182 1627 3248 ἠ
1678 3180 1830 3255 ψυχή
1882 3177 1933 3234 ἐν

282 3268 429 3343 τρισὶ
485 3267 677 3330 τόποις
731 3273 827 3323 τοῦ
887 3267 1137 3339 σώματος
1194 3272 1519 3323 κατοικοῦσα
1578 3268 1797 3346 φῶτίζει
1843 3268 1934 3322 τὸν

284 3378 435 3412 οικον
464 3355 592 3412 ὅλον
635 3361 732 3411 τοῦ
780 3358 1055 3428 σώματος.
1090 3361 1340 3410 Κατοικεῖ
1385 3353 1442 3410 δὲ
1502 3356 1553 3410 ἐν
1604 3359 1674 3429 τῇ
1720 3353 1936 3431 καρδίᾳ,

282 3449 360 3515 τῷ
390 3440 606 3507 ὄπισθεν
640 3446 787 3520 μέρει
823 3450 922 3513 τῆς
971 3443 1236 3514 κεφαλῆς,
1269 3442 1402 3519 ὅπερ
1449 3443 1679 3500 κότυλον
1734 3444 1936 3517 ὀνομά-

286 3538 459 3602 ζουσι,
511 3532 599 3586 xui
659 3532 710 3587 ἐν
756 3538 874 3593 ταῖς
924 3532 1231 3607 βασιλικαῖς
1276 3527 1525 3610 φλέϐαις.
1579 3534 1662 3588 Ἐν
1721 3533 1935 3595 τούτοις

278 3628 397 3683 τοῖς
439 3621 579 3694 τρισὶ
616 3621 798 3695 μέρεσι
846 3627 1087 3676 κατοικεῖ
1116 3624 1150 3690 ἡ
1184 3623 1359 3697 ψυχή.
1395 3623 1492 3675 Διά
1532 3626 1692 3676 τοῦτο
1821 3621 1937 3693 ὥρᾳ

279 3714 521 3783 κρουσθῇ
563 3712 595 3778 ἡ
639 3709 872 3786 κεφαλὴ,
1063 3707 1276 3781 καρδία,
1309 3711 1343 3777 ἢ
1395 3711 1428 3780 ἠ
1485 3709 1739 3785 βασιλική
1792 3710 1935 3784 φλὲψ

284 3797 510 3870 ὲκρεόσῃ
542 3799 674 3870 αἷμα
706 3795 871 3869 πολὺ,
903 3798 991 3853 καὶ
1026 3797 1179 3860 εὐθὺς
1210 3798 1506 3874 χωρίζεται
1535 3804 1632 3853 τοῦ
1681 3799 1933 3871 σώματος

281 3889 314 3956 ἡ
350 3887 528 3961 ψυχὴ,
561 3886 649 3940 καὶ
690 3887 878 3961 νεκρὸν
926 3887 989 3940 τὸ
1042 3892 1200 3957 σῶμα
1247 3887 1568 3960 εὑρίσκεται.
1598 3889 1934 3943 Κατοικοῦσα

285 3972 343 4029 δὲ
374 3976 408 4043 ἠ
443 3976 619 4050 ψυχὴ,
652 3974 701 4028 ἐν
733 3981 848 4036 τοῖς
877 3975 1020 4050 τρισὶ
1065 3976 1270 4050 μέρεσι,
1307 3974 1659 4048 μεταδίδωσιδ
1693 3976 1811 4049 ὅλῳ
1855 3981 1934 4048 τῷ

285 4062 500 4137 σώματι
531 4070 630 4133 τῆς
664 4062 864 4125 οἰκείας
899 4063 1213 4140 φωτισμοὺς
1248 4061 1547 4137 δυνάμεως.

2049 609 2186 679 quia
2232 606 2598 662 vehementia
2646 604 2859 660 caloris
2916 604 3156 659 humida
3202 601 3474 666 exsiccat,
3516 605 3582 655 ut
3628 618 3697 656 ex

2048 696 2189 752 solis
2220 696 2272 750 vi
2306 700 2363 749 et
2414 694 2674 749 efﬁcacia
2703 698 3063 765 compertum
3095 697 3183 747 est
3214 709 3227 746 :
3260 707 3390 745 cum
3421 690 3498 745 sit
3537 689 3693 745 enim

2047 784 2255 856 igneus
2285 784 2644 853 calidusque,
2679 783 2867 837 lutum
2912 783 3185 848 exsiccat,
3218 785 3276 835 et
3325 778 3695 833 humiditatis

2047 872 2285 944 plenum
2318 871 2620 944 quodlibet
2652 872 2706 925 in
2739 870 3134 925 exhalationes
3166 869 3357 925 solvit.
3390 869 3549 931 Quod
3585 884 3690 921 au-

2045 966 2161 1017 tem
2196 962 2394 1017 anima
2424 961 2502 1016 sit
2534 966 2743 1015 natura
2776 976 2885 1016 sua
2914 959 3136 1025 calida;
3168 958 3225 1013 id
3261 974 3401 1012 sane
3433 961 3688 1011 mortuo-

2044 1065 2172 1103 rum
2206 1049 2539 1119 exemplum
2575 1046 2677 1101 tibi
2713 1047 3061 1118 persuadeat
3090 1064 3102 1101 :
3135 1063 3252 1117 qua
3290 1045 3445 1099 enim
3479 1044 3624 1100 hora
3653 1062 3687 1099 a

2044 1154 2282 1208 corpore
2313 1137 2512 1192 anima
2559 1142 2829 1208 separata
2858 1142 2969 1200 est,
2999 1136 3197 1190 omnia
3250 1136 3514 1189 membra
3542 1150 3684 1189 con-

2042 1226 2235 1298 gelata
2279 1226 2836 1297 deprehenduntur;
2871 1224 3051 1279 nihilo
3101 1224 3296 1278 minus
3345 1240 3520 1295 quam
3551 1222 3683 1294 quis

2044 1315 2234 1371 hieme
2263 1314 2814 1388 patiatur.Quandiu
2833 1314 2987 1369 enim
3006 1313 3203 1368 anima
3231 1312 3425 1366 cibum
3451 1312 3684 1383 copiose

2045 1403 2269 1475 recipit,
2302 1403 2455 1474 viget
2486 1420 2697 1474 corpus
2727 1419 2794 1458 ac
2820 1407 3091 1474 vegetum
3134 1406 3259 1467 est;
3293 1400 3390 1455 ubi
3418 1417 3551 1455 vero
3582 1399 3686 1454 ali-

2045 1498 2242 1549 mento
2273 1492 2757 1564 privatur,ipsum
2790 1508 3002 1563 corpus
3019 1490 3134 1546 cibi
3164 1490 3291 1545 loco
3323 1489 3557 1545 obsistit
3573 1487 3691 1542 ani-

2045 1599 2152 1638 mae
2179 1582 2379 1637 calori.
2412 1581 2917 1645 Quemadmodum
2965 1597 3066 1635 vas
3098 1596 3345 1647 aeneum,
3380 1595 3483 1634 seu
3530 1576 3691 1633 lebcs

2045 1668 2103 1724 in
2135 1667 2386 1737 clibano,
2420 1684 2533 1722 non
2586 1672 2777 1739 potest
2806 1666 2933 1723 sine
2963 1684 3116 1738 aqua
3157 1667 3305 1721 ferre
3336 1666 3490 1738 ignis
3521 1665 3689 1721 vehe-

2046 1758 2327 1813 mentiam
2353 1773 2366 1824 ;
2394 1761 2648 1812 torretur
2668 1755 2824 1811 enim
2847 1773 2913 1812 ac
2946 1774 3188 1829 prorsus
3206 1756 3582 1823 dissolvitur;
3603 1771 3693 1810 eo-

2045 1848 2177 1903 dem
2208 1862 2442 1917 quoque
2458 1847 2632 1901 modo
2665 1845 2926 1915 corporis
2948 1845 3185 1915 lebes,si
3215 1851 3372 1900 caret
3388 1844 3688 1909 alimento,

2044 1936 2119 1990 ab
2150 1935 2319 2007 ignea
2349 1934 2548 1989 anima
2578 1951 2819 2006 prorsus
2849 1934 3174 1990 tabefactus
3205 1934 3443 1989 omnino
3474 1933 3690 1989 deficit.

2045 2024 2104 2081 Si
2136 2024 2342 2096 cupias
2373 2025 2445 2078 ab
2462 2023 2659 2095 aliquo
2690 2024 2948 2087 ediscere
2963 2023 3064 2095 qui
3097 2040 3160 2079 se
3180 2022 3390 2079 habeat
3419 2022 3689 2078 animain

2046 2129 2306 2187 corpore,
2339 2114 2425 2169 sic
2453 2112 2812 2186 interrogato
2859 2113 3045 2169 illum.
3078 2113 3181 2168 Dic
3212 2114 3377 2179 mihi,
3410 2112 3469 2167 in
3500 2117 3698 2167 totone

2045 2219 2285 2275 corpore
2315 2202 2538 2258 habitat
2566 2202 2767 2258 anima
2796 2202 3074 2268 hominis,
3107 2219 3179 2256 an
3211 2201 3408 2273 aliquo
3442 2202 3500 2256 in
3534 2200 3697 2256 loco?

2046 2291 2208 2356 Quod
2241 2291 2290 2346 si
2339 2290 2550 2345 dixerit
2580 2290 2684 2346 tibi
2719 2309 2731 2347 :
2763 2292 2823 2346 In
2875 2295 2995 2346 toto
3025 2307 3287 2361 corpore,
3319 2291 3413 2345 dic
3462 2289 3547 2344 illi
3582 2306 3595 2343 :
3632 2290 3700 2344 Et

2047 2380 2146 2452 qui
2179 2380 2264 2445 ﬁt,
2295 2383 2361 2434 ut
2407 2378 2672 2434 abscissa
2719 2396 2892 2434 manu
2944 2378 3034 2433 vel
3080 2380 3225 2451 pede
3271 2378 3548 2445 hominis,
3580 2394 3694 2432 non

2047 2472 2276 2523 secetur
2304 2469 2524 2537 anima,
2556 2467 2658 2523 sed
2706 2467 2898 2523 adhuc
2927 2467 3103 2523 homo
3129 2468 3301 2533 vivat,
3336 2483 3438 2521 nec
3480 2466 3693 2522 moria-

2047 2558 2191 2613 tur?
2219 2556 2318 2612 Sin
2369 2556 2580 2612 dixerit
2626 2556 2733 2611 tibi
2768 2573 2781 2612 :
2817 2557 2878 2611 In
2933 2573 3050 2612 uno
3100 2555 3263 2612 loco:
3298 2572 3511 2627 repone
3557 2554 3642 2610 illi
3676 2571 3690 2610 :

2046 2645 2347 2710 Quomodo
2386 2661 2523 2717 ergo
2575 2644 2910 2701 subsistunt
2964 2644 3077 2700 alia
3130 2644 3329 2700 omnia
3385 2643 3697 2699 membra?

2046 2734 2337 2806 Quidquid
2359 2734 2513 2790 enim
2548 2733 2748 2789 anima
2775 2738 2956 2803 caret,
2984 2739 3282 2789 mortuum
3314 2739 3423 2800 est,
3443 2748 3547 2787 nec
3576 2731 3697 2787 scio

2047 2824 2189 2896 quid
2222 2823 2414 2879 dicere
2466 2822 2628 2879 velis.
2660 2823 2810 2895 Ergo
2843 2827 3039 2878 autem
3074 2822 3202 2877 dico
3243 2822 3371 2888 tibi,
3404 2838 3518 2893 quo
3549 2819 3696 2888 loco,

2048 2929 2165 2983 qua
2194 2913 2506 2975 ratione,et
2536 2911 2635 2966 ubi
2670 2911 2999 2982 requiescat
3028 2911 3227 2966 anima
3261 2926 3273 2965 :
3306 2911 3497 2966 tribus
3520 2909 3577 2963 in
3605 2907 3691 2963 lo-

2047 3000 2132 3057 cis
2161 3001 2424 3072 corporis
2455 3001 2625 3055 firma
2652 2999 2957 3068 consistit;
2993 3016 3058 3055 ac
3088 2999 3587 3072 quemadmodum
3607 3014 3696 3052 ra-

2047 3090 2181 3146 dius
2211 3089 2352 3145 solis
2382 3089 2441 3143 in
2474 3105 2655 3143 unum
2688 3104 2921 3161 semper
2950 3089 3160 3144 domus
3200 3087 3393 3143 locum
3427 3087 3695 3143 concedit

2046 3185 2104 3236 et
2152 3178 2501 3251 ingreditur,
2532 3176 2951 3249 illuminatque
2981 3182 3163 3233 totam
3211 3178 3449 3232 domum
3479 3195 3492 3244 ;
3527 3177 3607 3231 ita
3636 3180 3692 3230 et

1968 3252 2011 3319 C
2049 3268 2247 3325 anima
2280 3267 2468 3322 tribus
2495 3266 2554 3322 in
2586 3265 2728 3322 locis
2758 3266 3017 3337 corporis
3047 3265 3529 3333 habitans,totam
3562 3281 3692 3320 cor-

2048 3357 2207 3430 poris
2238 3357 2476 3412 domum
2507 3355 2833 3411 collustrat.
2870 3356 3103 3410 Habitat
3133 3371 3303 3427 porro
3334 3354 3390 3408 in
3423 3354 3692 3414 corde,in

2046 3444 2366 3518 posteriore
2414 3444 2623 3517 capitis
2653 3449 2836 3517 parte,
2869 3461 3045 3516 quam
3094 3444 3353 3516 cotylum
3386 3448 3611 3511 vocant,
3640 3448 3698 3497 et

2044 3534 2104 3589 in
2138 3532 2404 3590 basilicis
2434 3549 2535 3589 seu
2569 3534 2746 3605 regiis
2761 3534 3013 3590 venis.In
3047 3532 3205 3588 hisce
3224 3532 3413 3588 tribus
3430 3532 3694 3604 partibus

2044 3623 2274 3680 habitat
2301 3622 2908 3687 anima.Quamobrem
2942 3639 3058 3694 qua
3088 3622 3232 3677 hora
3260 3621 3585 3692 percutitur
3605 3637 3694 3675 ca-

2043 3716 2172 3784 put,
2205 3715 2308 3767 aut
2336 3728 2454 3777 cor,
2488 3716 2591 3767 aut
2637 3728 2704 3767 ex
2735 3710 2974 3767 basilica
3008 3727 3152 3766 vena
3194 3712 3430 3765 emanat
3457 3708 3689 3779 copiose

2043 3800 2307 3872 sanguis,
2336 3800 2533 3856 statim
2559 3818 2592 3855 a
2616 3816 2856 3871 corpore
2877 3800 3073 3854 anima
3092 3802 3415 3868 separatur,
3442 3813 3506 3852 ac
3532 3813 3683 3851 mor-

2041 3894 2211 3945 tuum
2245 3905 2457 3961 corpus
2476 3889 3001 3944 invenitur.Anima
3022 3903 3192 3958 porro
3226 3886 3283 3941 in
3316 3886 3505 3940 tribus
3528 3885 3689 3939 hisce

2042 3979 2308 4050 partibus
2340 3977 2610 4033 habitans
2632 3978 2733 4033 toti
2763 3976 2989 4048 corpori
3019 3974 3266 4047 propria:
3293 3973 3527 4028 virtutis
3557 3973 3689 4027 illu-

2044 4066 2386 4122 strationem
2416 4065 2745 4137 dispensat.

1424 4355 1579 4411 580
1620 4355 1691 4409 IN
1734 4354 1987 4411 LIBROS
2030 4356 2117 4411 DE
2157 4354 2541 4411 TRINITATE

358 4494 387 4520 «
420 4471 600 4527 Multa
632 4473 702 4527 de
734 4471 893 4527 hisce
942 4470 1107 4526 libris
1137 4481 1451 4527 occurrunt
1493 4471 1898 4543 investiganda
1930 4489 1942 4527 :
1978 4488 2114 4528 nam
2164 4476 2228 4527 ut
2258 4472 2514 4527 incertus
2563 4476 2783 4539 auctor,
2817 4471 2899 4525 sic
2929 4472 3089 4527 varia
3118 4488 3320 4527 eorum
3365 4472 3570 4540 forma,
3604 4474 3689 4529 di-
3762 4526 3769 4529 _

283 4577 453 4617 versa
480 4560 716 4617 omnino
748 4560 942 4632 operis
972 4561 1155 4616 totius
1204 4560 1537 4616 distributio
1569 4577 1583 4615 :
1619 4576 1719 4616 nec
1753 4561 1997 4617 minoris
2040 4566 2131 4618 est
2160 4578 2347 4633 operae
2380 4560 2791 4634 primigenium
2823 4564 2880 4615 et
2909 4560 3168 4617 nativum
3201 4562 3502 4635 assignare
3532 4564 3687 4619 ordi-

287 4667 445 4718 nem,
479 4666 655 4721 quam
684 4649 782 4720 qui
811 4648 888 4706 sit
917 4648 1145 4721 antiqui
1198 4649 1446 4721 hujusce
1481 4651 1653 4705 l'cetus
1685 4654 1849 4721 pater
1875 4650 2153 4708 indicare.
2191 4655 2253 4705 In
2304 4650 2721 4723 manuscriptis
2752 4666 2893 4705 sane
2920 4650 3215 4719 omnibus,
3248 4655 3314 4706 ut
3344 4656 3400 4707 et
3430 4652 3488 4707 in
3518 4653 3691 4709 editis

281 4755 433 4809 quos
464 4738 751 4809 inspicere
780 4737 964 4806 licuit,
1000 4755 1149 4811 opus
1195 4738 1516 4794 Athanasio
1561 4739 1895 4794 ascribitur.
1928 4743 2001 4795 At
2029 4756 2141 4796 non
2177 4757 2282 4812 par
2330 4741 2548 4812 ubique
2577 4740 2862 4795 librorum
2912 4755 3214 4796 numerus.
3247 4740 3568 4796 Discrimen
3606 4748 3688 4797 to-

281 4831 410 4880 tum
443 4832 508 4880 ut
540 4825 738 4881 lectori
785 4825 1190 4898 exhibeamus,
1223 4827 1323 4897 qui
1357 4827 1412 4881 in
1465 4827 1903 4899 manuscriptis,
1937 4828 2158 4902 quique
2187 4828 2246 4884 in
2296 4829 2468 4884 editis
2498 4830 2577 4885 sit
2605 4828 2798 4901 operis
2845 4831 3057 4899 status,
3090 4845 3219 4900 quae
3260 4829 3536 4898 conditio,
3563 4831 3686 4900 jam

280 4930 645 4970 enarremus.
683 4916 742 4968 In
799 4914 1197 4987 manuscripto
1221 4914 1419 4986 itaque
1469 4920 1670 4970 nostro
1717 4916 2233 4988 Sangermanensi,
2266 4934 2325 4971 n.
2355 4918 2481 4985 724,
2513 4921 2915 4972 sexcentorum
2964 4916 3192 4973 circiter
3237 4934 3548 4985 annorum,
3584 4917 3691 4972 hoc

282 5003 590 5075 praemisso
622 5002 793 5058 titulo
819 5020 832 5058 :
868 5024 896 5051 »
929 5002 1139 5076 Incipit
1169 5003 1317 5060 liber
1342 5005 1527 5060 sancti
1562 5005 1860 5062 Athanasii
1889 5006 2148 5079 episcopi
2181 5006 2261 5062 De
2291 5008 2493 5063 sancta
2520 5006 2863 5075 Trinitate,«
2897 5006 3054 5063 hisce
3081 5007 3274 5063 verbis
3306 5008 3615 5064 inchoatur
3638 5026 3682 5063 ξι

281 5095 370 5150 Tu
430 5110 585 5149 unus
630 5098 778 5149 Deus
824 5093 1014 5162 Pater,
1052 5097 1112 5149 et
1153 5092 1494 5166 unigenitus
1545 5099 1695 5152 Deus
1744 5095 1944 5165 Filius,
1998 5097 2153 5153 Deus
2200 5096 2455 5168 Spiritus
2506 5101 2765 5153 sanctus.
2804 5117 2831 5148 ιι
2862 5101 3049 5170 Atque
3099 5098 3193 5154 hic
3244 5104 3334 5155 est
3377 5098 3523 5155 liber
3570 5098 3686 5171 pri-

283 5199 440 5238 mus.
477 5205 499 5231 ι

353 5294 380 5318 «
419 5270 504 5324 Ad
535 5268 753 5324 librum
786 5270 1111 5326 secundum
1141 5270 1263 5327 haec
1295 5279 1381 5327 est
1413 5272 1718 5345 inscriptio
1753 5291 1766 5329 :
1803 5295 1831 5324 »
1868 5273 2078 5346 Incipit
2107 5274 2256 5331 liber
2286 5275 2601 5342 secundus,
2634 5275 2713 5330 De
2745 5276 2997 5348 propriis
3029 5276 3315 5348 personis,
3349 5279 3406 5331 et
3434 5278 3504 5331 de
3527 5275 3691 5330 unito

283 5358 523 5414 nomine
556 5358 901 5415 divinitatis.
942 5378 963 5407 ι
1002 5360 1201 5415 Postea
1232 5360 1318 5417 sic
1348 5362 1648 5418 exordium
1678 5362 1853 5418 habet
1884 5380 1897 5419 :
1934 5385 1962 5413 ››
1992 5364 2400 5435 Interrogatio.
2434 5363 2599 5419 Nunc
2631 5381 2733 5437 per
2755 5364 2986 5436 singula
3014 5365 3255 5421 nomina
3285 5380 3690 5436 personarum,

282 5453 345 5503 ut
378 5462 593 5502 nomen
623 5446 859 5502 deitatis
887 5448 1030 5503 mihi
1061 5463 1320 5521 exponas
1353 5450 1605 5520 postulo.

352 5558 380 5585 ‹‹
420 5536 502 5589 Ad
538 5534 754 5591 librum
785 5537 1022 5591 tertium
1059 5555 1071 5593 :
1106 5560 1133 5587 »
1169 5538 1379 5610 Incipit
1409 5537 1555 5595 liber
1585 5556 1668 5610 III,
1703 5539 1783 5595 De
1811 5541 2218 5611 assumptione
2244 5540 2520 5597 hominis.
2554 5563 2582 5592 «
2615 5540 2796 5613 Cujus
2826 5541 3093 5596 initium:
3120 5562 3148 5592 ››
3182 5540 3686 5605 Quemadmodum

281 5640 401 5679 una
431 5622 666 5693 deitate,
700 5625 1085 5697 eamdemque
1116 5642 1296 5682 unam
1326 5626 1716 5699 aequalitatem
1747 5628 2044 5686 conﬁteris
2072 5628 2282 5684 Filium
2314 5645 2464 5685 esse.

356 5734 385 5762 ι(
417 5711 504 5766 Ad
535 5716 814 5783 quartum
867 5712 1082 5771 librum
1114 5729 1129 5770 :
1166 5737 1195 5766 »
1228 5714 1434 5787 Incipit
1466 5715 1614 5772 liber
1657 5722 1925 5787 quartus,
1961 5723 2037 5773 De
2068 5714 2322 5789 singulis
2371 5717 2731 5785 nominibus,
2763 5718 3043 5774 adversus
3096 5716 3382 5774 novellam
3413 5718 3681 5776 haeresim
