4086 6214
409 369 560 428 1435
1569 369 1630 428 8.
1680 369 2022 430 ΑΤΗΑΝΑξ

2228 402 2306 414 —
2337 372 2645 433 SPURIA.
3672 371 3816 430 1436

411 499 722 554 Potentini.
768 519 788 548 ι
822 499 1004 569 Cujus
1055 499 1407 572 principium
1455 504 1543 556 est
1575 518 1587 555 :
1622 524 1649 551 »
1680 505 1885 556 Interr.
1920 501 2023 555 Hic
2050 502 2167 573 jam
2204 501 2274 557 de
2301 501 2552 573 singulis
2602 502 2942 559 nominibus
2974 508 3148 574 atque
3194 502 3462 575 personis
3498 501 3814 557 identidem

411 589 591 644 refers
623 588 787 643 mihi.

484 701 510 727 «
543 678 626 731 Ad
661 677 930 749 quintum
968 694 980 731 :
1018 700 1044 726 ››
1083 678 1289 750 Incipit
1343 678 1488 733 liber
1517 677 1774 749 quintus,
1812 683 1886 734 De
1934 679 2099 733 unita
2143 696 2209 734 ac
2250 682 2606 751 sempiterna
2654 682 2988 737 substantia
3035 680 3360 736 Trinitatis.
3390 706 3415 729 «
3458 681 3815 752 Principium

413 766 497 821 sic
531 765 751 821 habet:
794 788 819 815 »
854 767 1058 821 Interr.
1096 767 1195 821 llic
1254 768 1702 822 contradicentis
1754 784 2005 840 persona
2052 772 2141 823 est
2184 768 2701 824 Ariomanitarum.
2756 772 2869 825 Cur
2918 786 3215 825 connexus
3262 786 3322 824 es
3370 768 3817 841 sempiternum,

410 859 520 911 etc.

484 967 512 993 ‹‹
550 944 630 997 Ad
666 948 893 997 sextum
933 962 943 998 :
981 967 1008 993 ‹‹
1049 944 1249 1015 incipit
1300 944 1445 1000 liber
1496 948 1713 1000 sextus.
1747 945 1825 1001 De
1874 947 2235 1002 beatitudine
2279 947 2433 1015 ﬁdei,
2467 953 2523 1003 et
2569 948 3006 1020 praescriptione
3034 952 3207 1003 sectae
3259 946 3555 1019 pessimae.
3594 969 3620 994 «
3655 945 3821 1016 Cujus

414 1033 645 1087 initium
684 1050 695 1087 :
738 1055 763 1079 »
798 1033 1074 1105 Interrog.
1111 1034 1288 1088 Posco
1322 1052 1352 1089 a
1384 1039 1439 1089 te
1468 1035 1538 1089 de
1571 1035 1732 1089 unito
1764 1036 1998 1090 deitatis
2032 1035 2268 1091 nomine
2304 1036 2614 1091 multifario
2646 1038 2891 1106 dictum,
2925 1042 2987 1091 ut
3019 1036 3332 1091 identidem
3370 1039 3629 1106 repetas.

493 1145 519 1171 «
552 1122 633 1175 Ad
668 1123 983 1193 septimum
1022 1139 1034 1177 :
1075 1146 1100 1169 ››
1132 1123 1339 1195 Incipit
1367 1123 1513 1178 liber
1543 1125 1853 1196 septimus,
1890 1128 1963 1178 De
1996 1125 2354 1196 professione
2387 1126 2621 1197 Regula:
2651 1127 2949 1181 catholica;
2982 1143 3113 1181 cum
3164 1125 3576 1195 increpatione
3614 1122 3822 1177 haereti-

414 1225 639 1265 corum.
674 1232 701 1258 ‹‹
736 1211 912 1280 Cujus
943 1209 1176 1265 initium
1214 1228 1225 1265 :
1263 1232 1289 1259 ››
1323 1216 1563 1282 Propter
1595 1213 1747 1282 quod
1786 1212 2223 1283 impensissime
2254 1213 2493 1268 obsecro
2526 1218 2685 1269 tuam
2719 1213 3105 1269 sublimitatis
3133 1212 3400 1284 gloriam,
3436 1217 3508 1266 ut
3537 1210 3768 1282 elonges
3794 1227 3823 1264 a

414 1298 686 1353 sensibus
719 1300 953 1354 nostris.

490 1407 517 1435 «
554 1387 633 1440 Ad
667 1391 933 1442 octavum
970 1404 981 1441 :
1018 1415 1041 1435 ι»
1078 1389 1287 1460 Incipit
1318 1388 1463 1444 liber
1493 1395 1752 1457 octavus,
1790 1394 1863 1444 De
1900 1389 2054 1445 Fidei
2105 1391 2348 1445 unitate.
2391 1414 2410 1439 ι
2446 1391 2627 1463 Cujus
2660 1390 3015 1463 principium
3042 1395 3132 1446 est
3166 1407 3177 1445 :
3219 1412 3238 1438 η
3275 1389 3436 1444 Fidei
3473 1388 3658 1443 unius
3692 1386 3817 1442 sub-

416 1476 644 1529 stantia:
677 1476 1002 1543 Trinitatis,
1038 1477 1143 1532 hoc
1175 1483 1283 1543 est,
1320 1478 1508 1533 Patris
1539 1484 1595 1533 et
1630 1478 1749 1532 Filii
1784 1483 1841 1533 et
1871 1478 2055 1533 sancti
2088 1479 2362 1550 Spiritus.

487 1586 513 1611 ‹‹
548 1568 793 1619 Octavus
826 1582 992 1635 porro
1024 1566 1169 1621 liber
1199 1568 1254 1621 in
1289 1568 1411 1622 haec
1441 1568 1613 1622 verba
1662 1567 1877 1623 desinit
1910 1585 1922 1622 :
1963 1591 1982 1615 ιι
2019 1568 2244 1623 Corona
2274 1574 2467 1623 autem
2500 1569 2711 1640 capitis
2760 1569 3019 1623 continet
3050 1583 3364 1639 purpuram
3400 1570 3459 1621 et
3495 1564 3819 1627 hominem;

324 1721 332 1731 .
417 1670 600 1707 unum
659 1654 968 1725 imperium
1030 1656 1266 1711 virtutis
1323 1657 1739 1713 ostenditzsic
1798 1658 1965 1712 Pater
2022 1657 2081 1711 in
2143 1658 2279 1712 Filio
2325 1662 2381 1713 et
2440 1658 2619 1712 Filius
2672 1659 2726 1712 in
2781 1659 2990 1713 Patre:
3042 1655 3290 1729 Spiritus
3339 1660 3542 1710 autem
3599 1660 3822 1708 sanctus

416 1743 773 1811 conjunctio,
807 1744 993 1799 deitas
1036 1746 1198 1817 (Reg.
1236 1745 1494 1817 dcitatis)
1529 1747 1714 1801 virtus
1764 1751 1821 1801 et
1850 1746 2048 1801 unitas
2102 1746 2431 1801 Trinitatis.
2467 1770 2495 1796 ‹‹
2542 1747 2749 1802 Postea
2796 1746 2915 1801 haec
2966 1747 3285 1817 leguntur:
3319 1764 3345 1795 ιι
3387 1743 3643 1815 Explicit
3694 1740 3825 1795 liber

416 1834 655 1886 octavus
707 1832 801 1887 Dei
850 1833 1038 1889 Patris
1091 1840 1147 1889 et
1194 1835 1319 1889 Filii
1352 1841 1409 1889 et
1458 1836 1707 1906 Spiritus
1750 1835 1962 1900 sancti,
2012 1836 2319 1890 Athanasii
2372 1835 2650 1907 episcopi.
2707 1836 2823 1890 Hos
2880 1834 3111 1890 libellos
3162 1851 3261 1888 VIII
3312 1830 3689 1902 transcripsi,
3736 1830 3823 1901 qui

418 1918 604 1973 multa
637 1920 839 1974 addita
870 1926 926 1975 et
976 1922 1288 1977 immutata
1319 1924 1639 1979 continent.
1689 1923 1899 1995 Incipit
1928 1912 2161 1979 libellus
2212 1924 2367 1995 ﬁdei,
2400 1923 2587 1979 Patris
2617 1928 2674 1979 et
2718 1923 2841 1978 Filii
2873 1929 2931 1979 et
2975 1923 3232 1995 Spiritus
3285 1920 3501 1987 sancti,
3534 1915 3824 1974 Athanasii

416 2007 697 2078 episcopi.
732 2030 757 2057 ‹‹
795 2013 1001 2063 Postea
1032 2010 1115 2064 sic
1148 2011 1428 2083 incipitur
1460 2029 1472 2066 :
1513 2034 1539 2060 ι)
1572 2012 1714 2067 Cum
1750 2012 1959 2083 legeris
1992 2030 2091 2083 per
2120 2012 2268 2067 hanc
2300 2013 2496 2075 fidem,
2527 2028 2733 2067 moneo
2766 2018 2830 2067 ut
2861 2013 2976 2067 mei
3010 2028 3237 2066 memor
3267 2010 3348 2065 sis
3374 2009 3437 2064 in
3470 2007 3824 2064 orationibus

414 2098 555 2151 tuis.
588 2097 668 2151 Ne
700 2098 941 2153 forsitan
993 2099 1352 2171 negligenter
1399 2102 1711 2172 quisquam
1747 2103 1853 2157 hoc
1899 2104 2256 2157 obtrectator
2285 2103 2604 2174 contingat,
2638 2104 2778 2173 quia
2824 2102 3110 2173 scriptum
3162 2105 3252 2156 est
3284 2116 3299 2155 :
3339 2121 3367 2152 ι
3394 2098 3481 2154 Ne
3515 2096 3824 2174 projieiatis

418 2186 768 2255 margaritas
814 2195 947 2242 ante
980 2206 1185 2259 porcos
1216 2191 1278 2245 5’.
1316 2213 1341 2238 »
1374 2190 1554 2245 Credo
1586 2190 1644 2245 in
1699 2194 1874 2246 Deum
1911 2192 2138 2245 Patrem
2189 2191 2675 2262 omnipotentem,
2707 2197 2763 2245 et
2794 2192 2852 2245 in
2903 2189 3300 2262 unigenitum,
3332 2194 3446 2244 etc.
3483 2210 3511 2237 «
3549 2187 3684 2241 Post
3709 2200 3820 2239 eam

418 2274 553 2329 fidei
587 2276 1011 2331 confessionem
1047 2278 1165 2332 haec
1197 2279 1642 2351 subsequuntur
1674 2296 1685 2333 :
1725 2301 1745 2327 ι
1782 2279 2027 2351 Explicit
2057 2280 2349 2350 Expositio
2384 2280 2538 2347 ﬁdei,
2573 2279 2777 2351 incipit
2808 2280 3074 2350 ejusdem
3107 2280 3178 2333 de
3207 2278 3495 2332 Trinitate
3527 2280 3587 2330 et
3614 2275 3683 2329 de
3710 2272 3822 2343 Spi-

418 2362 533 2417 ritu
570 2368 789 2418 sancto.
824 2388 851 2414 ‹‹
888 2367 1122 2421 Initium
1160 2385 1329 2438 porro
1363 2370 1443 2422 sic
1476 2370 1643 2423 habet
1680 2385 1691 2421 :
1726 2389 1749 2418 η
1789 2369 1889 2423 His
1917 2370 2016 2441 qui
2068 2368 2277 2423 Filium
2318 2369 2410 2424 Dei
2468 2374 2726 2423 creatum
2760 2386 2889 2424 esse
2936 2369 3307 2440 proﬁtentur,
3358 2380 3730 2437 nequaquam
3758 2362 3820 2415 de

420 2451 642 2523 Spiritu
695 2459 894 2508 sancto
928 2456 1201 2511 dabimus
1252 2475 1625 2529 responsum,
1682 2463 1791 2513 etc.
1828 2481 1853 2507 ‹‹
1890 2459 2024 2513 Post
2070 2457 2294 2513 huncce
2340 2458 2556 2513 librum
2606 2458 3007 2529 superioribus
3062 2456 3458 2528 prolixiorem,
3514 2453 3762 2525 legitur:
3796 2472 3818 2497 ι»

420 2540 622 2595 Sancti
672 2542 975 2598 Athanasii
1031 2546 1288 2617 episcopi
1339 2549 1408 2600 de
1461 2547 1743 2601 Trinitate
1775 2547 1922 2601 liber
1974 2546 2229 2618 explicit.
2266 2547 2474 2618 Incipit
2521 2548 2835 2602 Altercatio
2884 2548 2942 2601 S.
2979 2545 3273 2600 Athanasii
3323 2543 3590 2615 episcopi
3635 2545 3816 2596 contra

421 2628 645 2698 Arium,
677 2629 993 2686 Sabellium
1022 2632 1106 2687 vel
1144 2634 1449 2688 Pbotinum
1508 2635 1829 2689 hiereticos.
1866 2658 1889 2684 ι(
1923 2636 2079 2699 Quod
2115 2652 2263 2706 opus
2295 2640 2426 2706 post
2454 2635 2634 2691 libros
2666 2637 2737 2690 de
2779 2634 3064 2689 Trinitate
3096 2651 3128 2688 a
3159 2631 3327 2687 nobis
3358 2632 3631 2686 codicum
3662 2626 3816 2682 vesti-

423 2717 517 2788 gio
550 2717 903 2774 haerentibus
936 2728 1261 2791 reponatur.

495 2828 522 2854 «
560 2806 619 2859 In
650 2808 847 2863 codice
896 2810 1031 2881 Reg.
1063 2812 1224 2879 3624,
1258 2812 1412 2866 idem
1464 2814 1605 2867 ordo
1638 2818 1917 2867 servatur.
1952 2812 2014 2867 In
2066 2814 2180 2869 ﬁne
2212 2830 2382 2885 porro
2413 2819 2543 2868 octo
2592 2812 2879 2868 librorum
2912 2812 2996 2867 sic
3044 2810 3258 2882 legitur
3290 2826 3302 2863 :
3341 2832 3367 2857 n
3401 2807 3647 2881 Explicit
3692 2805 3817 2858 liber

425 2900 663 2950 octavus
716 2897 873 2951 Fidei
911 2899 1092 2953 Patris
1136 2905 1191 2954 et
1249 2900 1378 2954 Filii
1426 2906 1484 2955 et
1534 2901 1787 2972 Spiritus
1841 2902 2051 2971 sancti,
2102 2902 2402 2957 Athanasii
2453 2902 2731 2973 epis00pi.
2776 2924 2803 2951 ‹‹
2840 2900 3054 2956 Deinde
3102 2900 3183 2955 ita
3222 2898 3445 2953 habet:
3484 2922 3506 2949 ι
3545 2892 3816 2966 Expositio

425 2982 560 3037 ﬁdei
619 2984 937 3040 catholica.
990 2989 1167 3043 Credo
1218 2988 1276 3043 in
1332 2991 1531 3061 Deum,
1583 2995 1718 3059 etc.,
1767 2991 1912 3045 «uti
1963 3007 2166 3062 supra.
2227 2991 2468 3062 Reliqua
2517 2994 2719 3047 eodem
2771 3006 2885 3061 quo
2935 2987 3465 3061 Sangermanensis
3512 2986 3687 3041 codex
3732 2998 3814 3036 or-

428 3070 583 3125 dine.
620 3093 649 3121 ››

504 3180 532 3207 ‹‹
566 3161 627 3213 In
662 3161 915 3217 editione
946 3181 1188 3233 operum
1223 3168 1524 3222 Athanasii
1559 3185 1710 3223 anno
1743 3170 1900 3237 1556,
1939 3168 2201 3236 Basileaa,
2235 3173 2291 3223 et
2321 3168 2377 3222 in
2412 3166 2893 3233 Commeliniana,
2929 3170 3151 3239 septem
3186 3169 3417 3219 tantum
3454 3163 3673 3235 priores
3699 3155 3815 3213 libri

428 3255 788 3317 comparent,
822 3252 1058 3307 omissis
1089 3253 1159 3308 iis
1192 3256 1467 3310 omnibus
1502 3274 1630 3327 quae
1662 3262 1793 3327 post
1826 3258 2003 3312 libros
2035 3258 2105 3312 de
2132 3257 2415 3312 Trinitate
2447 3257 2503 3311 in
2536 3257 2955 3327 manuscriptis
2986 3255 3278 3327 leguntur.
3310 3276 3336 3302 ››

503 3357 522 3384 ει
562 3336 623 3389 In
656 3339 911 3394 editione
942 3346 1136 3397 autem
1190 3344 1499 3400 Parisiensi
1533 3346 1989 3413 Graeco-Latina,
2024 3346 2295 3401 undecim
2349 3346 2476 3400 libri
2531 3346 2821 3400 habentur
2853 3362 2864 3398 :
2903 3344 3182 3399 nimirum
3238 3341 3563 3414 praemissis
3612 3341 3809 3408 septem

428 3422 618 3490 libris,
655 3431 716 3479 ut
745 3433 976 3483 exstant
1006 3430 1062 3485 in
1096 3432 1560 3489 Commeliniana
1591 3434 2105 3501 editione,octavus
2138 3436 2219 3490 sic
2252 3435 2595 3490 inscribitur
2626 3451 2672 3488 ε»
2710 3434 2790 3488 De
2822 3433 3031 3489 Ariana
3060 3436 3119 3487 et
3148 3431 3443 3487 catholica
3476 3426 3815 3484 confessione

428 3514 498 3568 ad
532 3514 943 3586 Theophilum.
979 3542 1006 3570 «
1040 3520 1219 3591 Cujus
1254 3522 1485 3576 initium
1520 3541 1532 3577 :
1572 3546 1599 3572 ››
1631 3523 1826 3577 Ariani
1860 3524 2303 3588 dicunt,Filium
2338 3525 2434 3579 Dei
2468 3540 2583 3578 non
2614 3523 2685 3577 de
2718 3523 3051 3577 substantia
3085 3521 3179 3576 Dei
3213 3521 3399 3575 Patris
3429 3511 3811 3589 genitum,sed

430 3606 794 3662 extrinsecus
842 3615 1103 3664 creatum
1142 3628 1153 3665 :
1184 3634 1209 3661 ‹‹
1244 3612 1341 3681 qui
1399 3613 1546 3667 liber
1576 3630 1688 3667 non
1721 3618 1809 3667 est
1839 3614 1897 3667 in
1930 3614 2349 3685 manuscriptis
2381 3613 2616 3679 nostris,
2665 3629 2767 3666 nec
2799 3612 2897 3682 qui
2932 3628 3063 3666 mox
3095 3611 3381 3681 sequitur.
3413 3608 3615 3664 Nonus
3648 3623 3659 3658 :
3694 3626 3717 3653 »
3747 3602 3813 3656 De

429 3691 566 3747 Fide
599 3711 706 3749 sua
736 3696 805 3750 ad
860 3697 1273 3771 Theophilum,
1307 3704 1477 3773 cujus
1509 3702 1745 3757 initium
1782 3719 1792 3756 :
1836 3726 1854 3750 ι
1890 3704 2133 3757 Credere
2174 3704 2458 3772 jubemur
2486 3701 2545 3756 in
2580 3702 2677 3755 Dei
2711 3702 2898 3755 Patris
2929 3700 3438 3771 omnipotentiam,
3474 3704 3531 3753 et
3559 3694 3678 3749 Filii
3707 3693 3812 3759 ejus

428 3780 567 3836 Jesu
601 3784 833 3840 Christi.
874 3810 900 3835 ‹‹
932 3788 1224 3859 Decimus,
1259 3811 1287 3839 »
1319 3791 1398 3846 De
1448 3792 1668 3845 unitate
1704 3792 1853 3846 Fidei
1904 3793 1975 3845 ad
2007 3790 2416 3862 'l‘heOphilum,
2452 3813 2478 3839 «
2513 3790 2684 3860 cujus
2735 3789 2993 3859 initium,
3026 3810 3053 3838 ››
3083 3788 3239 3844 Fidei
3272 3787 3446 3841 unius
3498 3784 3811 3841 substantia

429 3869 754 3940 Trinitatis,
790 3875 897 3929 hoc
928 3882 1035 3943 est,
1076 3879 1258 3933 Patris
1289 3886 1346 3934 et
1399 3879 1522 3934 Filii
1558 3886 1615 3935 et
1644 3880 1892 3943 Spiritus
1940 3880 2145 3935 sancti.
2182 3903 2207 3929 ‹‹
2243 3879 2345 3934 Hic
2371 3884 2610 3934 octavus
2641 3880 2824 3933 fertur
2854 3878 2912 3932 in
2968 3894 3112 3932 mss.
3144 3875 3525 3939 Undecimus,
3558 3893 3583 3924 ii
3620 3872 3693 3926 De
3721 3866 3813 3921 ﬁde

432 3960 682 4016 unitatis
714 3967 771 4017 et
801 3965 1132 4031 Trinitatis,
1166 3968 1353 4023 Patris
1381 3974 1439 4023 et
1471 3968 1597 4023 Filii
1633 3974 1687 4023 et
1717 3968 1967 4040 Spiritus
2000 3968 2243 4022 sancti.«
2277 3968 2459 4038 Cujus
2492 3967 2726 4021 initium
2762 3984 2774 4021 :
2814 3991 2834 4016 ι
2869 3967 3048 4021 Credo
3082 3965 3138 4019 in
3170 3965 3354 4020 Deum
3386 3964 3614 4019 Patrem
3645 3954 3809 4014 omni-

432 4054 750 4119 potentem,
785 4055 841 4106 et
872 4053 928 4106 in
965 4055 1352 4126 unigenitum,
1388 4061 1496 4111 etc.
1534 4080 1559 4103 α
1598 4060 1725 4110 Haec
1758 4062 1846 4110 est
1882 4056 2032 4110 Fidei
2068 4057 2355 4110 confessio
2385 4072 2515 4125 quae
2545 4055 2602 4109 in
2651 4072 2792 4110 mss.
2823 4053 3203 4125 subsequitur
3233 4057 3363 4124 post
3396 4057 3529 4107 octo
3560 4049 3727 4104 libros
3754 4042 3813 4095 de

433 4138 719 4193 Trinitate
752 4141 821 4194 ad
855 4141 1267 4214 Theophilum.
1304 4146 1448 4200 Huic
1496 4145 1844 4201 confessioni
1893 4151 2319 4215 consequenter
2346 4143 2690 4215 adjungitur
2736 4143 2881 4198 liber
2910 4142 3006 4197 ille
3060 4146 3149 4196 sat
3181 4140 3440 4212 prolixus
3493 4138 3592 4210 qui
3624 4137 3674 4189 in
3706 4147 3807 4185 ma-

434 4227 754 4298 nuscriptis
805 4232 1073 4301 sequitur
1103 4238 1234 4304 post
1282 4235 1435 4289 Fidei
1473 4234 1919 4302 confessionem,
1954 4234 2163 4303 hisque
2218 4234 2409 4288 verbis
2442 4233 2754 4288 inchoatur
2785 4249 2798 4287 :
2833 4255 2859 4282 »
2893 4232 2995 4287 His
3035 4231 3136 4303 qui
3169 4229 3379 4285 Filium
3434 4229 3531 4284 Dei
3580 4226 3807 4280 creatum
3842 4266 3845 4271 λ

435 4330 563 4370 esse
599 4317 946 4387 proﬁtentur
978 4337 1344 4392 nequaquam
1378 4325 1447 4377 de
1480 4323 1699 4395 Spiritu
1734 4331 1951 4378 sanclo.

511 4428 539 4454 ‹‹
571 4405 773 4461 Petrus
806 4407 1151 4465 Franciscus
1184 4411 1507 4467 Chifiletius
1539 4430 1567 4465 e
1593 4412 1873 4466 Societate
1901 4412 2064 4479 Jesu,
2100 4412 2198 4481 qui
2232 4411 2480 4465 Victoris
2511 4409 2769 4465 Vitensis
2799 4415 2855 4465 et
2887 4409 3083 4481 Vigilii
3112 4407 3427 4479 Tapsensis
3457 4421 3630 4477 Opera
3659 4400 3807 4454 eden-

437 4494 512 4548 da
544 4496 769 4549 curavit
799 4513 951 4552 anno
1008 4500 1163 4567 1664,
1198 4499 1304 4554 hos
1341 4524 1367 4549 ››
1400 4502 1469 4555 de
1500 4501 1783 4555 Trinitate
1818 4524 1843 4550 «
1878 4500 2057 4554 libros
2109 4499 2303 4572 Vigilii
2358 4501 2596 4554 nomine
2645 4499 2827 4554 edidit
2860 4500 3031 4570 :jure
3058 4515 3130 4553 an
3162 4497 3377 4567 injuria
3408 4496 3455 4549 ei
3509 4484 3808 4561 ascripserit

437 4600 571 4639 mox
602 4586 1017 4656 expendamus.
1048 4588 1179 4643 Jam
1214 4590 1474 4645 ordinem
1509 4592 1656 4658 quod
1693 4594 1933 4659 spectat,
1967 4594 2094 4644 octo
2148 4589 2369 4660 priores
2416 4588 2598 4644 libros
2630 4594 2694 4642 ut
2727 4588 2782 4643 in
2817 4588 3233 4658 manuscriptis
3284 4585 3497 4655 digesti
3531 4581 3804 4638 habentur,

438 4674 751 4729 recensuit.
786 4675 988 4731 Nonus
1021 4682 1213 4732 autem
1248 4683 1356 4745 est,
1388 4701 1415 4728 »
1453 4678 1706 4734 Libellus
1741 4678 1920 4742 Fidei,
1956 4701 1983 4729 ‹‹
2018 4679 2187 4748 cujus
2220 4678 2452 4731 initium
2487 4694 2540 4730 ε»
2572 4677 2754 4732 Credo
2787 4678 2843 4731 in
2877 4677 3062 4732 Deum
3092 4676 3322 4731 Patrem
3353 4672 3801 4744 omnipotentem,

437 4783 465 4813 ‹‹
500 4761 601 4817 illa
631 4763 853 4819 scilicet
882 4766 1035 4820 Fidei
1070 4767 1356 4822 confessio
1389 4768 1661 4839 superius
1689 4771 2028 4821 memorata.
2065 4766 2389 4835 Decimus,»
2425 4766 2718 4837 Expositio
2749 4766 2879 4819 ﬁdei
2910 4763 3261 4833 catholicae,-
3293 4763 3464 4833 cujus
3492 4759 3709 4815 initium
3738 4768 3749 4804 :
3781 4771 3802 4795 ι»

435 4852 678 4908 Credere
702 4854 981 4923 jubemur
1013 4855 1067 4909 in
1102 4856 1201 4910 Dei
1234 4856 1422 4911 Patris
1454 4856 1960 4929 omnipotentiam.
1997 4880 2023 4904 ‹‹
2059 4855 2163 4921 Qui
2198 4855 2344 4909 liber
2374 4872 2565 4910 nonus
2597 4856 2779 4909 fertur
2809 4855 2869 4908 in
2899 4853 3154 4909 editione
3186 4852 3365 4907 Paris.
3400 4850 3749 4906 Undecimus,
3782 4859 3801 4883 »ι

438 4940 725 4995 Professio
758 4942 987 5009 Ariana,
1024 4950 1078 4997 et
1109 4946 1398 5001 confessio
1427 4945 1713 5001 catholica
1740 4945 1923 5000 sancti
1956 4944 2315 5012 Athanasii,c
2350 4946 2519 5015 cujus
2553 4943 2783 4998 initium
2818 4960 2863 4999 τι
2899 4942 3099 4998 Ariani
3128 4943 3333 4997 dicunt
3364 4940 3572 4995 Filium
3601 4932 3797 5024 Deipoin

440 5029 511 5083 de
543 5030 875 5085 substantia
904 5032 1090 5086 Patris
1122 5034 1443 5104 genitum.«
1482 5035 1697 5105 Estque
1728 5034 1873 5088 liber
1904 5039 2141 5088 octavus
2171 5033 2230 5086 in
2262 5032 2588 5087 edit.Paris.
2629 5032 3074 5101 Duodecimus,»
3103 5030 3184 5086 De
3213 5029 3577 5095 Trinitate,et
3603 5025 3666 5078 de
3692 5020 3798 5112 Spit

441 5118 556 5173 ritu
591 5126 847 5187 sancto,u
887 5124 1055 5191 cujus
1091 5123 1439 5195 principium
1476 5131 1564 5178 est
1600 5142 1648 5177 :n
1687 5125 1782 5177 llis
1812 5124 1905 5192 qui
1947 5122 2148 5176 Filium
2187 5122 2286 5177 Dei
2320 5126 2577 5177 creatum
2612 5138 2739 5176 esse
2769 5119 3688 5192 proﬁtentur,nequaquam,etcr.“
3719 5120 3795 5176 (μη

440 5207 588 5263 liber
618 5210 674 5263 in
710 5210 848 5263 edit.
890 5211 1064 5266 Paris.
1099 5217 1525 5283 consequenter
1558 5212 1790 5282 ponitur
1819 5216 1948 5283 post
1979 5211 2109 5265 ﬁdei
2144 5210 2568 5266 confessionem
2600 5210 2709 5265 sub
2742 5227 2858 5265 uno
2891 5215 3134 5281 uterque
3164 5208 3351 5263 titulo.
3372 5207 3449 5261 Ex
3482 5207 3630 5260 hisce
3658 5208 3797 5267 porro

437 5297 726 5370 liquidum
761 5304 848 5354 est
870 5318 1044 5370 quam
1069 5301 1270 5355 multis
1292 5300 1671 5356 varietatibus
1693 5301 2239 5371 mutationibusque
2260 5300 2545 5355 obnoxius
2570 5299 2745 5354 fuerit
2767 5298 3044 5354 horumce
3064 5297 3346 5352 librorum
3372 5296 3514 5351 ordo
3534 5304 3687 5362 atque
3709 5299 3794 5338 nu-

438 5389 779 5444 merus.Nec
804 5390 1059 5445 minores
1080 5390 1135 5443 in
1162 5395 1491 5445 contextum
1516 5389 1750 5444 invectas
1774 5394 1911 5443 sunt
1936 5389 2289 5443 mutationes
2307 5394 2360 5443 et
2384 5388 2805 5456 additiones,ut
2825 5387 3055 5444 monuit
3075 5386 3257 5443 nostri
3273 5377 3796 5470 codicisexscripiOf‘.

440 5494 565 5549 quae
597 5482 790 5534 tamen
823 5480 880 5533 in
912 5479 1328 5534 Atlianasianis
1360 5480 1530 5535 editis
1564 5496 1673 5533 non
1708 5478 2150 5549 comparent.Ut
2177 5483 2369 5533 autem
2405 5477 2603 5533 lectori
2635 5478 2900 5533 studioso
2932 5476 2991 5531 in
3024 5482 3297 5549 promptu
3332 5474 3426 5543 sit,
3446 5490 3540 5529 eas
3568 5489 3596 5526 a
3625 5465 3794 5539 primi'

437 5567 610 5638 genio
642 5573 913 5624 contextu
947 5569 1297 5636 discernere,
1332 5570 1562 5624 uncinis
1595 5567 1945 5623 inclusimus
1978 5568 2265 5640 quidquid
2301 5568 2427 5622 novi
2461 5583 2528 5623 ex
2559 5566 2979 5639 mauuscriptis
3009 5566 3123 5622 huc
3152 5563 3560 5621 transmissum
3583 5550 3791 5613 fuitMo-

511 5696 556 5731 ⁸³
585 5695 791 5751 Matth.
825 5713 928 5765 vu,
959 5697 1012 5750 6.
