4086 6214
288 397 448 458 1437
1232 407 1309 467 ΙΝ
1359 410 1633 470 LlBltOS
1683 413 1780 471 DE
1824 413 2249 472 TRINITATE
2296 408 2761 471 ADMONITIO.
3546 408 3702 469 1438

290 529 735 601 nuscriptorum
764 550 935 605 porro
966 539 1274 608 sequimur
1302 540 1588 607 ordinem,
1620 560 1687 599 ac
1717 542 2002 599 librorum
2035 560 2368 610 numerum,
2392 543 2493 615 qui
2527 542 2821 598 Hincmari
2856 547 3115 613 tempore
3145 541 3298 596 idem
3335 540 3513 597 fuisse
3544 542 3687 598 531

286 617 527 673 videtur
557 636 569 673 :
606 637 740 676 nam
775 629 902 680 octo
932 625 1115 682 libros
1160 628 1547 686 Athanasium
1579 637 1782 688 contra
1829 633 2074 704 Arianos
2104 634 2359 689 edidisse
2409 637 2654 687 testatur
2686 632 2819 694 ille;
2852 632 3093 687 totidem
3143 630 3387 700 scilicet,
3421 635 3562 701 quot
3600 647 3699 685 ex-

278 713 448 762 stant
478 708 537 763 in
568 711 867 768 codicibus
900 718 1114 771 nostris
1145 720 1583 790 manuscriptis.
1616 724 1693 776 Ac
1722 721 1858 777 licet
1904 723 2029 792 ipse
2080 722 2296 776 librum
2347 721 2648 777 Athanasii
2697 721 2988 776 decimum
3035 722 3105 775 de
3152 720 3432 774 Trinitate
3479 719 3696 784 laudet,

288 811 427 865 pag.
462 796 586 863 497,
621 815 734 854 non
767 817 832 857 eo
864 802 919 857 id
953 804 1073 875 agit
1104 807 1258 877 quod
1290 807 1438 863 liber
1470 808 1563 864 ille
1593 810 1803 865 decimi
1834 810 2275 883 inscriptionem
2309 811 2481 866 ferret
2511 810 2570 864 in
2602 810 2922 877 codicibus,
2958 808 3101 863 alias
3131 808 3285 863 enim
3319 808 3428 862 sibi
3461 806 3571 878 ipsi
3604 822 3694 861 re-

288 893 585 956 pugnaret
618 888 986 961 Hincmarus,
1020 893 1119 965 qui
1150 901 1280 951 octo
1315 902 1541 952 tantum
1578 898 1717 954 alibi
1748 899 2077 965 recensuit;
2112 901 2213 955 sed
2246 899 2512 955 fortassis
2544 903 2857 954 tractatum
2892 898 3057 952 illum
3087 898 3157 953 de
3203 898 3485 951 Trinitate
3540 901 3703 951 vocat

296 972 617 1045 decimum,
650 978 787 1048 quia
817 986 949 1050 post
978 988 1105 1037 octo
1138 982 1363 1040 libellos
1394 987 1761 1058 supradictos
1791 989 1906 1044 dno
1938 994 2267 1059 sequuntur
2318 988 2605 1059 opuscula
2651 988 2955 1043 Athanasii
2997 987 3250 1055 nomine,
3284 1003 3532 1057 quorum
3567 1002 3700 1056 pos-

298 1065 552 1117 tremum
588 1067 659 1119 de
686 1067 968 1124 Trinitate
1000 1080 1429 1143 nuncupatum,
1462 1076 1749 1131 decimum
1785 1082 1974 1147 potest
2018 1078 2134 1133 dici
2185 1077 2234 1132 si
2283 1094 2413 1132 cum
2448 1076 2909 1146 praecedentibus
2942 1080 3297 1130 numeretur.
3352 1072 3455 1128 Illa
3501 1081 3695 1127 autem

289 1156 590 1218 postrema
618 1155 732 1209 duo
766 1158 1069 1227 opuscula,
1107 1165 1170 1215 ut
1204 1178 1374 1218 nemo
1430 1182 1540 1219 non
1590 1166 1767 1231 videt,
1812 1166 1961 1221 alius
1993 1172 2133 1221 sunt
2161 1167 2493 1238 argumenti
2521 1192 2534 1233 ;
2566 1172 2743 1237 atque
2773 1166 2915 1220 adeo
2948 1163 3237 1234 prioribus
3270 1162 3433 1217 libris
3467 1161 3707 1215 minime

292 1244 781 1311 annumeranda;
820 1254 883 1301 ut
915 1265 1017 1302 nec
1051 1250 1166 1303 duo
1200 1250 1295 1305 alii
1331 1252 1464 1307 libri
1496 1254 1595 1324 qui
1630 1272 1741 1309 non
1775 1261 2117 1327 comparent
2150 1256 2205 1310 in
2240 1255 2659 1326 manuscriptis
2694 1253 2930 1318 nostris,
2958 1252 3179 1308 scilicet
3208 1251 3307 1323 qui
3334 1257 3571 1306 octavus
3603 1250 3709 1304 fer-

290 1332 396 1382 tur
427 1330 481 1383 in
515 1332 767 1389 editione
799 1336 1134 1402 Parisiensi,
1166 1340 1484 1411 incipitque
1518 1344 1598 1398 ita
1630 1359 1642 1398 :
1670 1365 1695 1392 »
1729 1344 1928 1399 Ariani
1960 1344 2164 1399 dicunt
2194 1343 2406 1399 Filium
2438 1344 2575 1409 Dei;
2602 1368 2627 1393 ι(
2665 1345 2800 1397 item
2833 1343 2931 1413 qui
2967 1358 3157 1396 nonus
3187 1340 3401 1395 ibidem
3436 1339 3706 1404 habetur,

289 1419 468 1486 cujus
499 1419 729 1476 initium
768 1440 780 1478 :
815 1446 843 1473 »
875 1425 1119 1482 Credere
1142 1429 1424 1498 jubemur
1453 1431 1511 1485 in
1545 1431 1643 1486 Dei
1676 1433 1868 1488 Patris
1912 1432 2416 1504 omnipotentiam.
2458 1452 2479 1480 ι
2517 1436 2704 1497 Quare
2748 1432 2921 1487 hosce
2954 1429 3133 1484 libros
3186 1429 3254 1483 ad
3306 1428 3522 1483 calcem
3574 1431 3702 1481 octo

291 1506 556 1575 priorum
592 1511 934 1577 reiiciendos
966 1518 1326 1574 censuimus.
1359 1520 1438 1574 De
1469 1521 1750 1592 scriptore
1785 1539 1951 1592 porro
1984 1522 2262 1577 horumce
2294 1539 2534 1593 operum
2569 1522 2738 1577 variaa
2770 1527 2909 1575 sunt
2954 1519 3257 1591 opiniones
3292 1534 3304 1571 ε
3356 1521 3412 1572 et
3444 1517 3696 1587 primum

292 1594 450 1650 inter
479 1614 679 1653 omnes
711 1604 983 1658 convenit
1016 1622 1129 1660 non
1163 1624 1292 1663 esse
1319 1610 1644 1678 Athanasii,
1677 1613 1826 1681 quod
1861 1612 2065 1682 utique
2094 1611 2396 1683 propalam
2430 1616 2518 1666 cst
2549 1628 2617 1665 ex
2649 1610 2848 1665 multis
2881 1609 3158 1680 loquendi
3188 1607 3499 1679 generibus
3530 1606 3704 1659 Alba-

292 1686 461 1739 nasio
495 1688 735 1744 minime
768 1692 1174 1758 familiaribus,
1201 1700 1328 1751 tum
1362 1698 1535 1753 etiam
1571 1702 1722 1769 quod
1759 1700 1989 1755 nativus
2019 1700 2299 1756 horumce
2329 1699 2658 1755 libellorum
2691 1699 2900 1769 stylus,
2935 1699 3173 1753 Latinus
3207 1715 3319 1751 non
3353 1696 3586 1750 Graccus
3618 1694 3701 1749 vi-

293 1772 525 1841 deatur,
563 1792 666 1831 nec
697 1796 729 1831 a
762 1797 1053 1851 quoquam
1088 1791 1347 1840 veterum
1382 1793 1737 1842 memoretur
1767 1789 2031 1844 Graaeum
2062 1790 2352 1859 ejusmodi
2386 1790 2689 1844 Athanasii
2722 1806 2889 1859 opus,
2923 1788 3091 1857 cujus
3142 1788 3279 1841 item
3315 1785 3538 1839 nullum
3574 1801 3698 1838 ves-

290 1861 507 1931 tigium
541 1872 728 1920 exstat
759 1872 814 1921 in
848 1868 1061 1926 Graecis
1094 1872 1391 1929 Athanasii
1422 1891 1657 1945 operum
1691 1878 2009 1933 codicibus.
2034 1878 2095 1933 Id
2129 1878 2308 1949 igitur
2339 1895 2440 1948 pro
2472 1882 2767 1948 comperto
2800 1877 3065 1944 habetur,
3099 1874 3398 1928 Athanasii
3433 1890 3542 1927 non
3575 1888 3702 1926 esse

288 1950 399 2005 hos
431 1951 679 2009 libellos.
717 1956 926 2027 Vigilio
957 1960 1083 2031 Tap
1100 1961 1255 2016 sensi
1285 1963 1588 2018 ascribunt
1634 1966 1739 2019 viri
1787 1965 2120 2034 clarissimi,
2144 1966 2512 2034 Sirmondus,
2548 1967 2837 2031 Labbeus,
2870 1971 2929 2020 et
2957 1964 3299 2030 Chifﬂetius,
3335 1961 3432 2032 qui
3480 1966 3699 2032 postre-

293 2056 426 2094 mus
458 2041 762 2127 duodecim
795 2047 973 2102 libros
1003 2049 1074 2105 de
1118 2050 1401 2106 Trinitate
1432 2053 1622 2123 Vigilii
1660 2054 1893 2109 nomine
1922 2056 2106 2109 edidit
2152 2072 2307 2110 anno
2352 2056 2511 2121 1664,
2561 2072 2627 2110 ac
2675 2055 2861 2110 eidem
2913 2054 3006 2109 his
3055 2053 3308 2108 vindicat
3355 2051 3423 2105 de
3480 2050 3694 2105 causis.

285 2131 343 2183 1ο
374 2132 532 2195 Quod
569 2151 716 2205 opus
748 2134 889 2190 illud
924 2139 981 2192 in
1026 2140 1326 2196 codicibus
1359 2144 1775 2215 manuscriptis
1799 2145 2086 2216 jungatur
2114 2162 2247 2199 cum
2285 2168 2313 2195 »
2344 2144 2734 2201 Altercatione
2774 2149 2971 2199 contra
3007 2145 3225 2207 Arium,
3254 2140 3570 2197 Sabellium
3609 2142 3692 2195 vel

290 2217 601 2274 Photinum
640 2223 955 2294 haereticos,
990 2250 1017 2276 ‹‹
1046 2230 1195 2297 quod
1228 2246 1375 2299 opus
1407 2236 1639 2285 constat
1670 2248 1799 2287 esse
1834 2233 2050 2303 Vigilii.
2084 2234 2145 2286 2°
2173 2234 2333 2295 Quod
2390 2234 2446 2287 in
2492 2233 2827 2304 praefatione
2876 2232 3011 2287 libri
3059 2235 3261 2286 contra
3308 2230 3689 2294 Marivadum,

290 2308 508 2362 ldatius
538 2310 762 2381 Clarus,
796 2330 920 2379 seu,
955 2322 1017 2369 ut
1046 2318 1320 2388 opinatur
1350 2318 1697 2383 Chil‘fletius,
1732 2321 1854 2390 ipse
1885 2321 2133 2393 Vigilius
2166 2322 2443 2386 larvatus,
2476 2339 2604 2377 sese
2638 2323 2847 2393 prodat
2875 2322 3121 2391 hujusce
3150 2318 3343 2391 operis
3374 2323 3694 2383 auctorem,

289 2396 449 2452 hisce
483 2401 673 2456 verbis
706 2420 720 2456 :
758 2425 778 2450 -
814 2404 1070 2468 Dudum.
1104 2407 1470 2461 dilectissimi
1509 2410 1739 2473 fratres,
1768 2411 1824 2464 in
1860 2410 2097 2482 Neapoli
2134 2412 2273 2465 urbe
2303 2410 2634 2481 Campaniae
2665 2410 3044 2475 constitutus,
3085 2408 3392 2477 cujusdam
3426 2406 3695 2461 Varima-

288 2486 346 2540 di
384 2489 607 2542 Arianze
641 2497 811 2545 sectae
840 2493 1065 2548 diaconi
1104 2496 1622 2567 propositionibus,
1656 2516 1688 2552 a
1719 2499 1974 2569 quodam
2006 2500 2270 2555 studioso
2300 2516 2365 2554 ac
2414 2499 2855 2570 religiosissime
2883 2499 3007 2552 viro
3040 2498 3179 2551 mihi
3215 2495 3445 2561 oblatis,
3479 2495 3699 2549 rustico

291 2574 526 2644 quidem
566 2593 829 2633 sermone
863 2583 1240 2652 respondens,
1276 2585 1332 2638 in
1369 2602 1484 2639 uno
1514 2602 1754 2656 corpore
1785 2587 1963 2642 simul
2012 2586 2240 2643 libellos
2289 2589 2358 2644 de
2406 2588 2628 2643 unitate
2660 2587 2957 2642 Trinitatis
3002 2586 3238 2657 digessi.
3278 2608 3303 2634 (ι
3338 2589 3410 2638 At
3444 2581 3695 2654 primum

289 2664 446 2733 quod
480 2666 717 2721 atl‘ertur
745 2669 865 2722 leve
894 2670 1209 2726 admodum
1244 2678 1368 2739 est;
1402 2674 1536 2729 licet
1562 2675 1719 2730 enim
1751 2677 1805 2730 in
1841 2676 2142 2732 codicibus
2163 2677 2494 2749 jungantur
2525 2677 2581 2731 hi
2632 2676 2764 2732 libri
2813 2692 2947 2731 cum
2984 2698 3009 2723 ››
3064 2673 3449 2729 Altercatione
3498 2677 3698 2726 contra

290 2752 519 2821 Arium,
553 2756 868 2811 Sabellium
903 2764 958 2811 et
993 2759 1323 2827 Photinum,
1359 2786 1384 2810 α
1423 2780 1792 2834 nequaquam
1830 2765 1964 2820 hinc
1995 2767 2302 2820 conticitur
2333 2772 2648 2836 utrumque
2676 2783 2824 2836 opus
2856 2766 3121 2835 ejusdem
3170 2779 3298 2818 esse
3341 2761 3643 2832 scriptoris
3679 2782 3692 2827 ;

283 2839 509 2896 librarii
540 2845 693 2898 enim
728 2847 1026 2915 complura
1059 2849 1112 2901 in
1150 2851 1350 2904 eodem
1382 2852 1577 2907 codice
1606 2854 1779 2908 etiam
1815 2854 2111 2925 disparata
2140 2872 2315 2924 opera
2344 2856 2715 2926 compingere
2746 2854 2954 2922 solent,
2989 2853 3291 2923 multoque
3320 2851 3596 2906 libentius
3627 2867 3694 2905 ea

285 2929 557 3001 copulant
592 2949 719 3002 quae
752 2934 1012 3002 ejusdem
1047 2939 1349 3010 scriptoris
1385 2957 1593 2995 nomen
1629 2945 1951 3013 proferunt,
1986 2945 2138 3014 quod
2172 2943 2265 2998 hic
2297 2961 2437 2999 sane
2468 2945 2731 3016 contigit.

356 3055 782 3112 Testimonium
821 3059 981 3113 ldatii
1018 3063 1170 3132 quod
1214 3070 1457 3135 spectat,
1511 3083 1651 3121 sane
1681 3076 1944 3139 apertum
1996 3066 2142 3122 illud
2190 3068 2703 3139 indubitatumque
2735 3068 2980 3137 videtur,
3021 3072 3077 3122 et
3108 3070 3354 3122 fortasse
3386 3066 3467 3120 vel
3501 3064 3689 3120 solum

285 3149 441 3199 esset
465 3145 534 3199 ad
569 3146 844 3202 Cbilfletii
875 3151 1224 3204 sententiam
1254 3152 1600 3209 ﬁrmandam
1636 3156 1803 3221 satis,
1830 3154 1877 3211 si
1910 3155 2151 3227 perinde
2182 3155 2541 3226 exploratum
2575 3161 2748 3220 esset,
2774 3157 3044 3211 eumdem
3078 3172 3207 3211 esse
3242 3155 3491 3210 ldatium
3526 3154 3691 3209 illum

288 3233 460 3302 cujus
495 3250 703 3290 nomen
740 3236 794 3289 in
831 3238 1181 3308 quibusdam
1214 3243 1636 3314 manuscriptis
1660 3244 2242 3315 praemittitur,atque
2272 3244 2583 3315 Vigilium;
2609 3262 2708 3300 seu
2743 3245 2937 3316 potius
2969 3244 3241 3312 Vigilium
3279 3244 3445 3299 ldatii
3481 3260 3691 3297 nomen

281 3322 604 3378 affectasse.
640 3327 711 3377 At
746 3342 835 3381 res
869 3328 1109 3381 minime
1142 3335 1306 3383 vacat
1335 3331 1699 3387 dil’ficultate.
1734 3334 1867 3396 Quae
1899 3350 2003 3404 pro
2035 3334 2244 3405 Vigitio
2278 3334 2601 3389 afferuntur
2633 3335 2752 3389 haec
2785 3339 2925 3389 sunt
2961 3350 2973 3388 ε
3009 3336 3068 3389 In
3120 3333 3500 3404 subsequenti
3535 3357 3560 3380 »ι
3596 3333 3689 3387 Al-

280 3411 601 3467 tercatione
632 3414 913 3469 adversus
945 3418 1171 3481 Arium,
1206 3419 1527 3475 Sabellium
1561 3427 1616 3475 et
1644 3422 1979 3490 Photinum,
2016 3446 2043 3472 «
2068 3422 2319 3494 Vigilius
2352 3422 2511 3477 illius
2543 3424 2755 3493 operis,
2788 3429 2853 3477 ut
2884 3428 3141 3494 putatur,
3165 3427 3385 3487 auctor,
3411 3422 3516 3475 hoc
3547 3421 3688 3476 scri-

294 3500 377 3554 bit
408 3505 448 3553 t.
478 3517 539 3565 ll,
564 3503 747 3556 71.45:
780 3526 805 3549 ››
836 3505 1156 3560 Audiamus
1176 3512 1369 3561 autem
1403 3514 1458 3561 et
1490 3509 1900 3565 beatissimum
1925 3511 2268 3578 Paulum,de
2297 3512 2404 3565 hoc
2436 3512 2636 3566 eodem
2672 3512 2948 3584 mysterio
2980 3511 3240 3583 apertius
3270 3512 3683 3571 disserentem.

292 3593 349 3641 et
382 3593 498 3642 tres
532 3606 710 3644 unum
748 3591 927 3646 Deum
962 3595 1407 3650 confirmantem
1438 3614 1451 3663 ;
1486 3600 1637 3652 sicut
1668 3598 1724 3652 in
1759 3599 1905 3654 libro
1938 3616 2112 3671 quem
2145 3601 2423 3656 adversus
2454 3600 2841 3662 Maribadum,
2890 3600 3149 3655 nefanda:
3184 3600 3464 3654 haereseos
3487 3603 3689 3651 vestra:

289 3674 602 3732 diaconum
638 3678 950 3750 edidimus,
978 3681 1314 3752 plenissime
1346 3690 1575 3739 constat
1604 3702 1974 3757 expressum;
1995 3688 2066 3742 de
2096 3704 2211 3758 quo
2244 3704 2398 3742 nunc
2419 3687 2476 3742 in
2500 3687 2605 3743 hoc
2629 3686 2753 3743 loco
2786 3703 3073 3759 perpauca
3101 3686 3686 3741 interserimus.Dum

287 3779 425 3837 ergo
460 3766 553 3820 ille
586 3767 881 3838 objiceret,
916 3770 1068 3840 quod
1104 3771 1239 3825 unio
1270 3772 1539 3828 excludat
1569 3775 1916 3846 aequalitatis
1964 3777 2333 3844 Trinitatem,
2388 3782 2443 3831 et
2473 3776 2775 3848 aequalitas
2807 3775 3045 3846 repellat
3075 3775 3370 3842 unionem,
3401 3776 3550 3835 inter
3581 3774 3692 3826 alia

286 3853 475 3909 multa
508 3854 613 3909 hoc
643 3872 748 3927 ego
784 3858 974 3911 retuli.
1008 3860 1177 3923 Audi,
1214 3862 1475 3931 inquam,
1510 3864 1850 3934 Apostolum
1884 3866 2035 3921 hanc
2084 3866 2386 3921 Trinitatis
2436 3866 2708 3920 unionem
2761 3864 3042 3919 calcatius
3092 3862 3525 3934 praedicantem,
3578 3868 3690 3916 ele.

286 3965 313 3989 ‹‹
348 3944 553 3998 Totum
584 3944 661 4000 ibi
696 3946 887 4000 locum
922 3947 1087 4002 affert
1117 3949 1215 4020 qui
1250 3968 1304 4004 n.
1338 3953 1406 4005 45
1435 3953 1972 4023 comprehenditur,
1999 3956 2094 4010 ubi
2130 3961 2386 4026 quatuor
2417 3955 2737 4008 afferuntur
2770 3970 2838 4007 ex
2872 3952 3032 4005 Pauli
3056 3951 3331 4021 Epistolis
3363 3952 3685 4006 sententiae.

285 4031 455 4087 Putat
488 4033 666 4105 igitur
696 4034 1018 4106 Chiil‘etius,
1053 4039 1411 4094 Maribadum
1451 4040 1539 4095 hic
1571 4049 1979 4110 memoratum,
2012 4043 2177 4097 illum
2212 4043 2402 4113 ipsum
2437 4058 2564 4097 esse
2594 4042 2692 4113 qui
2728 4042 3079 4096 Varimadus
3110 4045 3383 4107 vocatur;
3415 4040 3505 4093 cui
3533 4040 3686 4094 haud

282 4118 578 4176 illibenter
608 4124 984 4191 assentimur,
1022 4125 1291 4196 proclivis
1322 4145 1476 4183 enim
1520 4130 1836 4185 admodum
1872 4131 2014 4187 levis
2062 4132 2162 4186 illa
2208 4132 2530 4187 litterarum
2564 4130 2984 4197 commutatio;
3018 4146 3148 4183 cum
3183 4129 3433 4183 maxime
3464 4133 3682 4182 certum

282 4210 360 4264 sit
388 4211 697 4267 alias'cum
732 4213 1100 4268 Maribadum
1156 4215 1345 4281 illum,
1396 4223 1516 4271 tum
1564 4218 1945 4274 Varimadum
1994 4219 2278 4275 celebrem
2313 4221 2624 4291 quemdam
2675 4220 2856 4274 luisse
2907 4218 3183 4273 Arianum
3216 4218 3550 4278 diaconum,
3585 4217 3683 4288 qui

279 4303 484 4354 contra
514 4315 704 4354 veram
738 4303 808 4356 de
838 4302 1120 4357 Trinitate
1149 4304 1319 4359 fidem
1354 4306 1606 4376 scripsit.
1642 4307 1714 4362 Ea
1747 4309 1927 4379 igitur
1959 4310 2015 4363 in
2051 4326 2110 4363 re
2140 4308 2428 4365 Chil‘fletio
2480 4309 2719 4364 minime
2773 4324 3191 4379 repugnamus.
3239 4311 3309 4361 At
3360 4324 3473 4360 non
3524 4323 3685 4376 aeque

282 4394 643 4459 compertum
681 4396 788 4458 est,
821 4390 1038 4446 librum
1075 4414 1101 4440 ››
1134 4399 1333 4448 contra
1364 4395 1726 4450 Maribadum
1760 4421 1785 4446 ‹‹
1822 4400 2119 4469 superiore
2151 4399 2272 4453 loco
2314 4398 2639 4465 laudatum,
2673 4415 2807 4453 eum
2852 4398 3043 4469 ipsum
3089 4413 3215 4451 esse
3245 4400 3557 4451 tractatum
3590 4396 3686 4465 qui

281 4476 620 4532 inscribitur
654 4479 821 4533 ldatii
852 4479 1004 4535 Clari
1038 4503 1065 4529 »
1099 4489 1301 4536 contra
1332 4483 1732 4550 Varimadum,
1768 4509 1795 4534 «ι
1832 4488 1995 4543 locus
2025 4488 2242 4559 quippe
2275 4487 2371 4542 ille
2401 4494 2489 4543 sat
2522 4487 2781 4559 prolixus
2823 4488 2922 4558 qui
2976 4487 3030 4540 in
3083 4485 3453 4540 altercatione
3486 4491 3687 4539 contra

279 4565 481 4619 Arium
514 4583 581 4620 ex
612 4566 759 4622 libro
792 4589 819 4616 »
853 4574 1052 4622 contra
1084 4570 1442 4625 Maribadum
1479 4596 1504 4621 ‹‹
1540 4574 1797 4639 affertur,
1843 4592 2210 4648 nequaquam
2261 4581 2448 4631 exstat
2496 4576 2551 4630 in
2605 4576 2791 4630 tribus
2838 4575 3003 4630 ldatii
3056 4579 3257 4629 contra
3305 4574 3683 4628 Varimadum

279 4676 307 4700 ‹‹
342 4653 523 4708 libris.
560 4655 672 4710 Nec
703 4657 1032 4713 audiendus
1065 4658 1344 4715 laudatus
1378 4662 1461 4714 vir
1490 4663 1833 4732 Chil'iletius,
1870 4664 1971 4735 qui
2003 4670 2067 4719 ut
2098 4671 2282 4721 totum
2322 4665 2465 4720 illud
2497 4666 2890 4737 fragmentum
2922 4664 3192 4735 superius
3224 4662 3487 4727 allatum,
3524 4663 3576 4716 in
3616 4664 3684 4715 li-

277 4741 400 4796 bris
435 4742 619 4813 Vigilii
652 4744 924 4815 reperiat,
955 4748 1281 4804 sententias
1313 4755 1370 4803 et
1405 4751 1642 4805 Paulina
1672 4752 1795 4806 loca
1830 4753 1962 4808 hinc
2010 4754 2145 4810 inde
2188 4754 2440 4809 corradit
2492 4772 2506 4810 :
2560 4756 2677 4808 imo
2723 4770 2791 4808 ex
2836 4752 3179 4808 duodecimo
3214 4775 3240 4799 ››
3293 4755 3367 4805 De
3397 4751 3678 4807 Trinitate

277 4851 307 4879 ‹;
341 4829 486 4885 libro
517 4837 700 4886 totum
735 4832 967 4888 initium
999 4834 1254 4908 collegit,
1288 4839 1383 4909 qui
1418 4844 1612 4894 tamen
1644 4840 1790 4895 liber
1821 4843 2092 4914 nuspiam
2124 4844 2443 4915 inscriptus
2472 4847 2563 4899 est
2594 4866 2622 4891 ››
2652 4847 2854 4898 contra
2884 4841 3237 4896 Varivadum
3273 4864 3297 4888 ‹‹
3333 4839 3414 4893 vel
3454 4862 3479 4888 ι»
3506 4840 3681 4893 Mari-

275 4918 513 4990 vadum,
548 4944 573 4969 ‹‹
610 4927 672 4977 ut
702 4938 805 4976 nec
836 4926 1022 4978 caeteri
1045 4925 1116 4980 de
1146 4926 1428 4981 Trinitate
1463 4928 1615 4984 libri.
1650 4934 1790 4984 Cum
1825 4930 2004 5003 igitur
2030 4932 2193 4987 locus
2226 4932 2321 4986 ille
2354 4933 2409 4986 in
2442 4932 2608 4987 libris
2641 4932 2808 4986 ldatii
2858 4931 3007 4986 Clari
3040 4953 3066 4980 ››
3110 4930 3387 4984 adversus
3411 4928 3676 4983 Varima-

275 5008 418 5063 dum
456 5032 476 5056 ιι
516 5010 733 5065 minine
764 5018 1120 5083 compareat,
1155 5031 1521 5087 consequens
1557 5019 1724 5089 plane
1757 5021 1929 5075 fuerit
1957 5021 2172 5076 librum
2207 5022 2398 5093 Vigilii
2438 5045 2464 5070 ››
2497 5023 2778 5076 adversus
2815 5020 3201 5088 Maribadum,
3237 5044 3261 5067 u
3298 5036 3365 5073 ex
3393 5036 3507 5089 quo
3560 5020 3680 5090 ipse

276 5099 638 5169 superiorem
672 5102 961 5171 excerpsit
991 5101 1204 5173 locum,
1236 5104 1529 5159 diversum
1565 5124 1692 5162 esse
1722 5127 1752 5163 ιι
1784 5111 1972 5165 tribus
2007 5111 2123 5165 illis
2165 5111 2330 5164 ldatii
2378 5110 2527 5165 Clari
2560 5110 2741 5164 libris.
2778 5111 2870 5164 Vir
2917 5109 3282 5163 clarissimus
3313 5107 3680 5162 Anthelmius

274 5186 502 5243 erudite
534 5187 731 5243 isthaec
755 5205 819 5243 ac
842 5188 969 5245 fuse
993 5193 1363 5263 persequitur
1394 5195 1447 5248 in
1472 5212 1579 5250 sua
1609 5197 1679 5250 de
1703 5197 1977 5269 Symbolo
1999 5199 2395 5253 Athanasiano
2420 5198 2910 5269 disquisitione,ui
2938 5198 3149 5251 lectore
3178 5213 3229 5251 m
3275 5194 3675 5250 remittimus:

244 5275 444 5330 .nobis
476 5276 632 5329 enim
668 5294 777 5330 non
815 5278 946 5332 licet
975 5295 1101 5334 esse
1135 5286 1249 5335 tam
1289 5283 1546 5353 prolixis.
1584 5285 1708 5339 Haec
1742 5293 1955 5354 tamen,
1994 5288 2047 5341 ni
2096 5288 2283 5351 lallor,
2318 5289 2456 5342 satis
2506 5295 2697 5355 erunt,
2734 5295 2796 5342 ut
2841 5286 3060 5356 liquide
3110 5290 3331 5339 constet
3388 5282 3681 5336 immerito

272 5364 484 5418 ascribi
518 5363 697 5419 libros
726 5366 887 5419 ldatii
921 5367 1072 5420 Clari
1106 5368 1313 5439 Vigilio
1341 5371 1623 5441 Tapsensi
1654 5376 1807 5427 Atro.
1841 5378 1983 5429 Cum
2016 5376 2196 5446 igitur
2228 5378 2407 5430 ldatio
2432 5376 2803 5446 adjudicandi
2839 5376 3139 5430 vidcantur
3168 5373 3297 5427 libri
3334 5376 3449 5425 tros
3484 5396 3508 5417 ››
3542 5388 3677 5425 ειμι]-

272 5459 361 5507 tra
397 5453 934 5517 Varimadunyhinc
957 5459 1338 5527 consequitur
1360 5459 1587 5515 libellos
1611 5462 1679 5515 de
1702 5463 1958 5517 trinitate
1989 5481 2135 5534 quos
2168 5484 2199 5518 a
2230 5482 2290 5519 se
2322 5465 2576 5537 digestos
2610 5469 2893 5520 memorat
2925 5464 3144 5518 Idatius
3172 5463 3225 5515 in
3259 5461 3461 5514 iisdem
3488 5481 3513 5507 n
3538 5476 3671 5514 cun-

273 5546 363 5595 tra
396 5540 769 5595 Vat-iniadum
806 5566 831 5591 α
871 5543 1057 5611 libris,
1083 5546 1344 5613 ejusdem
1380 5549 1571 5614 ldatii,
1605 5568 1717 5605 non
1754 5552 1945 5623 Vigilii
1981 5569 2128 5607 esse.
2161 5555 2307 5617 Quia
2338 5558 2529 5608 tamen
2564 5556 2621 5608 in
2654 5555 2930 5608 omnibus
2965 5551 3263 5606 codicibus
3288 5565 3492 5603 nonirn
3530 5566 3671 5619 prie.

274 5630 458 5684 fertur
490 5630 793 5685 Athanasii
825 5635 882 5685 et
914 5633 1179 5688 lortassis
1213 5635 1341 5705 ipso
1373 5639 1670 5709 scriptoris
1701 5641 1966 5707 consilio,
1994 5641 2160 5695 nobis
2194 5642 2394 5713 religio
2426 5643 2540 5697 fuit
2568 5643 2871 5698 Athanasii
2905 5655 3232 5713 expungere
3265 5653 3493 5703 nomen,
3518 5637 3672 5708 quod

270 5718 524 5789 scriptor
552 5717 677 5789 ipse
704 5720 1075 5789 praemissum
1106 5722 1308 5778 voluit.
1344 5747 1371 5773 η
