4086 6214
374 392 529 453 M39
1530 392 1592 451 S.
1645 394 2173 490 ATHANASIUS.
2207 426 2281 437 —
2310 393 2620 455 SPURIA.
3631 393 3803 450 {440

443 545 470 572 ‹‹
504 524 645 590 Quis
676 540 847 596 porro
878 524 955 579 sit
983 525 1204 579 Idatius
1236 524 1344 579 iste
1378 522 1622 579 minime
1651 528 1899 578 constat.
1936 523 2061 578 Duo
2091 523 2330 594 quidem
2364 528 2769 580 memorantur
2798 524 2965 580 Idatii
2997 525 3336 597 scriptores,
3369 522 3545 577 ambo
3576 520 3795 593 Hispa-

372 612 433 667 ni
460 612 651 679 ;\alter
681 614 1026 685 cognomine
1057 612 1278 678 Clarus,
1313 612 1411 683 qui
1444 612 1722 668 adversus
1752 611 2186 667 Priscillianum
2219 612 2474 680 scripsit,
2517 629 2584 668 ac
2612 612 2937 669 Theodosio
2985 615 3216 669 seniore
3267 616 3325 667 et
3379 609 3802 665 Valentiniano

370 700 799 772 imperantibus
830 703 981 755 diem
1016 702 1225 757 clausit
1253 706 1605 767 extremum,
1634 704 1782 756 teste
1810 700 2032 756 Isidoro
2063 717 2191 773 cap.
2228 703 2283 755 2.
2320 701 2478 756 Alter
2502 706 2591 756 est
2622 701 2845 756 ldatius
2877 701 3183 773 provinciae
3231 700 3514 756 Gallaeciaa
3564 698 3800 769 episco-

372 814 504 868 pus,
541 820 567 847 ››
590 798 1006 854 Chronicorum
1040 822 1067 849 α
1102 799 1371 869 scriptor,
1413 798 1766 853 Lemicensis
1794 815 1828 853 a
1857 798 2157 869 Sigcberto
2188 804 2446 866 vocatus,
2479 799 2576 870 qui
2610 800 2799 855 Leone
2828 799 3154 870 imperante
3186 798 3339 852 diem
3390 797 3556 853 obiit.
3602 796 3801 859 Prior,

375 888 655 942 adversus
686 887 1046 942 Marivadum
1080 888 1245 943 illum
1279 888 1592 943 diaconum
1627 887 1931 955 Arianum,
1965 886 2088 958 qui,
2123 892 2188 942 ut
2213 888 2295 942 ait
2324 887 2522 942 Victor
2555 886 2832 956 Vitensis,
2860 889 3147 943 Hunerico
3178 887 3295 959 regi
3327 884 3639 940 familiaris
3668 884 3802 940 fuit.

373 976 682 1046 scripsisse
739 977 975 1049 nequit;
1039 994 1143 1032 nec
1198 977 1377 1031 trium
1439 998 1467 1025 ››
1527 977 1805 1031 adversus
1859 976 2233 1031 Varimadum
2295 1000 2323 1026 «
2378 976 2665 1032 librorum
2724 980 2928 1031 auctor
2978 977 3130 1043 erit;
3166 977 3214 1031 si
3246 982 3442 1031 tamen
3477 974 3631 1029 idem
3668 973 3801 1043 ipse

376 1064 452 1120 sit
500 1064 860 1136 Maribadus,
891 1066 987 1137 qui
1020 1065 1391 1133 Varimadus,
1454 1070 1518 1119 ut
1573 1081 1704 1120 vero
1751 1063 1895 1119 satis
1942 1064 2131 1120 simile
2176 1070 2284 1119 est.
2334 1065 2513 1120 Alteri
2562 1080 2721 1138 ergo,
2762 1064 3117 1137 chronologo
3148 1064 3393 1133 scilicet,
3428 1061 3805 1132 probabilius

381 1154 756 1209 ascribuntur
785 1170 798 1208 :
833 1156 923 1209 cui
956 1154 1105 1210 Clari
1139 1155 1384 1210 fortasse
1416 1170 1625 1209 nomen
1656 1171 1690 1208 a
1720 1154 1998 1225 qu0piam
2031 1153 2269 1209 librario
2300 1152 2477 1208 fuerit
2506 1154 2822 1224 adjectum.
2858 1178 2881 1205 ι

456 1264 476 1290 α
513 1243 795 1298 Caeterum
829 1242 1141 1315 opinamur
1168 1248 1297 1299 octo
1326 1246 1558 1298 tantum
1591 1243 1813 1313 priores
1846 1241 2026 1296 libros
2051 1242 2122 1296 ad
2163 1242 2409 1297 [datium
2441 1241 2769 1314 pertinere;
2804 1258 2939 1297 nam
2983 1241 3292 1313 sequentia
3338 1239 3643 1311 opuscula,
3681 1254 3804 1309 quo

379 1330 660 1402 scriptore
690 1332 1013 1402 prodierint
1042 1332 1379 1402 ignoratur;
1410 1332 1624 1387 etenim
1657 1331 1750 1385 cui
1783 1331 1903 1385 sint
1931 1330 2280 1386 ascribenda
2309 1329 2510 1386 nullus
2539 1331 2738 1398 codex,
2772 1330 2972 1385 nullus
3021 1330 3273 1402 scriptor
3312 1328 3413 1400 qui
3462 1328 3521 1382 in
3584 1344 3806 1382 manus

379 1419 647 1475 inciderit
678 1425 927 1487 nostras,
960 1420 1199 1476 indicat.
1233 1422 1342 1475 Sed
1378 1420 1523 1475 liber
1551 1420 1653 1490 qui
1687 1424 2019 1492 postremus
2050 1420 2110 1475 in
2140 1418 2558 1491 manuscriptis
2607 1425 2665 1474 et
2692 1418 2751 1473 in
2804 1419 2968 1491 prius
3013 1417 3187 1474 editis
3217 1418 3486 1483 habetur,
3515 1416 3624 1471 hoc
3654 1416 3801 1470 titu-

378 1507 433 1563 lo
466 1524 478 1563 :
517 1531 545 1558 «
577 1508 656 1564 De
687 1508 970 1564 Trinitate
1000 1515 1056 1565 et
1080 1510 1151 1565 de
1179 1507 1396 1581 Spiritu
1431 1514 1656 1574 sancto,
1689 1531 1717 1557 «
1750 1512 1807 1563 et
1834 1508 1999 1564 hisce
2024 1508 2219 1564 verbis
2251 1507 2559 1564 inchoatur
2589 1525 2605 1562 :
2641 1528 2669 1557 »
2702 1508 2803 1563 His
2831 1508 2932 1579 qui
2965 1507 3177 1562 Filium
3207 1506 3310 1561 Dei
3351 1509 3615 1561 creatum
3670 1520 3803 1559 esse

376 1597 740 1668 proﬁtentur,
801 1620 822 1646 ι
875 1598 1045 1653 nobis
1096 1599 1323 1653 videtur
1369 1597 1677 1653 Athanasii
1724 1613 1874 1664 esse,
1926 1597 2193 1669 apprime
2238 1596 2393 1651 enim
2445 1596 2716 1652 convenit
2764 1612 2897 1651 cum
2952 1595 3085 1651 aliis
3133 1592 3461 1665 πολεμικοῖς
3506 1594 3629 1648 sive
3678 1598 3801 1663 sty-

373 1683 497 1739 lum
532 1689 756 1755 spectes
788 1685 906 1741 sive
937 1692 1286 1758 argumenta
1317 1703 1330 1742 :
1365 1702 1543 1756 quare
1574 1685 1727 1740 inter
1753 1701 2034 1757 germana
2063 1684 2366 1742 Athanasii
2397 1701 2573 1757 opera
2603 1690 2760 1740 tomo
2800 1684 2992 1756 primo
3038 1700 3218 1739 cusus
3262 1682 3393 1753 fuit,
3445 1682 3542 1737 ubi
3593 1682 3667 1737 de
3701 1681 3801 1735 illo

377 1773 586 1829 fusius.
618 1795 646 1825 »

1106 2048 1322 2170 DE
1418 2047 2074 2172 SANCTA
2154 2045 3070 2169 TRINITATE

1737 2255 2143 2340 LIBRI
2226 2254 2426 2339 XI.

955 2406 1123 2477 (Vide
1154 2408 1488 2477 Patrologiae
1517 2407 1734 2462 Latinae
1763 2409 1906 2460 tom.
1941 2404 2106 2476 LXII,
2138 2402 2249 2460 col.
2277 2403 2545 2471 237-307,
2580 2402 2639 2458 in
2666 2401 2880 2474 Vigilio
2906 2400 3237 2473 Tapsensi.)

956 2693 1025 2748 ΙΝ
1069 2692 1649 2749 DlSPUTATlONEM
1690 2691 1749 2747 S.
1793 2689 2176 2746 ATHANASII
2216 2689 2496 2745 CONTRA
2534 2687 2766 2744 ARIUM
2804 2686 3230 2743 ADMONITIO.

453 2811 657 2880 Vigilio
692 2813 950 2882 Tapsensi
978 2814 1075 2868 hoc
1102 2828 1232 2884 Opus
1253 2811 1483 2882 jamdiu
1511 2810 1809 2866 vindicavit
1859 2810 2121 2880 Georgius
2177 2806 2480 2864 Cassander
2530 2808 2591 2862 in
2636 2806 2770 2863 edit.
2825 2806 3013 2863 Colon.
3045 2821 3189 2861 anno
3222 2805 3384 2870 4555,
3434 2808 3485 2860 et
3509 2814 3639 2877 post
3674 2821 3800 2861 eum

376 2900 635 2957 druditus
666 2904 754 2956 vir
776 2902 1109 2972 Chi/'ﬂetius,
1140 2917 1211 2956 ex
1239 2908 1424 2972 aperto
1453 2901 1661 2956 scilicet
1691 2900 1865 2970 ipsius
1910 2899 2098 2969 Vigilii
2127 2898 2462 2964 testimonio,
2482 2898 2578 2968 qui
2605 2898 2665 2951 in
2695 2896 2840 2951 libro
2869 2911 2901 2949 v
2931 2895 3211 2950 adversus
3242 2893 3588 2965 Eutycbem,
3613 2910 3741 2965 cap.
3767 2895 3800 2947 2

380 2988 504 3046 haec
534 2988 694 3045 habet
726 3005 738 3043 :
773 2990 839 3044 Et
887 3007 1248 3062 quanquam,
1281 2990 1483 3061 inquit,
1516 2989 1584 3043 de
1615 2986 1996 3042 conciliorum
2028 2985 2273 3041 diversis
2314 2983 2740 3050 sanctionibus,
2788 2988 2845 3038 et
2897 2982 3205 3038 nominum
3255 2981 3526 3051 religiose
3575 2982 3797 3037 additis

381 3077 753 3145 novitatibus,
790 3078 1129 3149 plenissime
1160 3078 1218 3132 in
1251 3079 1333 3133 eis
1373 3077 1561 3140 libris,
1594 3092 1741 3148 quos
1772 3076 2051 3130 adversus
2080 3072 2423 3138 Sabellium,
2455 3072 2792 3138 Photinum,
2825 3075 2881 3126 et
2909 3071 3133 3137 Arium,
3167 3069 3277 3125 sub
3328 3069 3566 3125 nomine
3615 3070 3795 3124 Atha-

380 3166 530 3221 nasii
561 3171 841 3237 tanquam
875 3167 923 3222 si
956 3173 1265 3240 praesentes
1297 3182 1431 3222 cum
1465 3165 1851 3238 praesentibus
1892 3167 2151 3233 agerent,
2196 3162 2296 3216 ubi
2345 3162 2523 3216 etiam
2574 3160 2892 3232 cognitoris
2943 3175 3193 3232 persona
3238 3157 3472 3214 videtur
3528 3158 3795 3223 inducta,

384 3254 864 3325 conscripsimus,
897 3261 1003 3311 etc.
1040 3259 1280 3329 Hujusce
1308 3272 1432 3311 vero
1460 3256 1641 3326 aperis
1666 3254 1792 3310 duae
1817 3256 1943 3308 sunt
1972 3267 2071 3307 nec
2114 3251 2391 3307 modicum
2423 3251 2567 3306 inter
2605 3266 2665 3305 se
2693 3249 3079 3320 discrepantes
3116 3249 3331 3317 fama.
3366 3248 3530 3303 Prior
3555 3263 3685 3320 quae
3736 3250 3792 3302 in

367 3344 489 3398 rius
568 3345 730 3399 editis
758 3345 1049 3400 Athanasii
1073 3352 1367 3414 comparet,
1399 3344 1811 3399 altercationem
1861 3344 2033 3413 refert
2080 3341 2441 3396 Athanasium
2473 3341 2623 3395 inter
2664 3348 2719 3394 et
2768 3340 2966 3395 Arium
3011 3338 3189 3393 solum
3236 3353 3249 3391 :
3293 3339 3563 3408 posterior
3610 3339 3795 3410 priore

391 3431 556 3501 longe
584 3435 798 3488 auctior
820 3450 854 3487 a
885 3433 1158 3504 Cliifﬂetio
1188 3434 1334 3488 edita
1363 3434 1729 3501 disputationi
1762 3432 2047 3486 interserit
2074 3430 2377 3485 Sabellium
2407 3436 2458 3484 et
2488 3428 2822 3489 Photinum;
2852 3429 2911 3482 in
2945 3426 3054 3496 ﬁne
3100 3426 3291 3497 adjicit
3333 3427 3673 3481 sententiam
3708 3425 3796 3496 ju-

384 3520 523 3576 dicis
557 3522 739 3576 Probi.
771 3522 967 3577 Ambas
996 3523 1122 3577 illas
1144 3525 1386 3589 integras
1412 3521 1637 3576 reddere
1664 3522 1840 3575 visum
1868 3522 1995 3590 fuit.
2030 3520 2198 3573 Putat
2227 3517 2551 3587 Chi/’ﬂetius,
2594 3518 2836 3588 priorem
2864 3532 2901 3571 a
2937 3516 3170 3585 Vigilio,
3222 3523 3337 3569 tum
3382 3514 3586 3569 editam
3631 3515 3797 3585 fuisse

381 3625 503 3665 cum
530 3609 708 3665 adhuc
742 3611 1115 3667 Vandalorum
1136 3613 1271 3682 jugo
1298 3616 1663 3683 premeretur,
1694 3608 1932 3680 adeoque
1957 3609 2072 3680 ejus
2096 3615 2289 3663 auctor
2318 3607 2542 3677 agnosci
2594 3607 2763 3661 nollet
2788 3622 2808 3667 ;
2836 3606 3199 3676 posteriorem
3257 3619 3399 3671 vero,
3455 3619 3581 3658 cum
3637 3608 3794 3658 extra

386 3715 581 3755 eorum
610 3704 927 3772 potestatem
955 3710 1087 3757 esset
1116 3719 1135 3756 :
1166 3702 1364 3772 quippe
1394 3702 1450 3754 in
1476 3716 1584 3771 qua
1611 3715 1673 3753 se
1701 3708 1754 3754 et
1783 3699 2082 3753 Athanasii
2112 3712 2415 3769 personam
2439 3697 2761 3750 ementitum
2790 3711 2921 3761 esse,
2949 3702 3003 3749 et
3022 3694 3368 3749 Maribadum
3398 3709 3463 3747 ac
3484 3692 3800 3747 Palladium

390 3792 636 3845 Arianos
678 3792 899 3863 scriptis
931 3791 1093 3846 libris
1138 3790 1449 3863 confutasse
1494 3789 1683 3860 palam
1731 3790 2032 3859 proﬁtetur.
2066 3786 2172 3841 Sed
2219 3785 2408 3857 palam
2448 3792 2529 3840 est
2571 3784 2684 3840 hac
2728 3782 3083 3855 cunjeclando
3130 3789 3345 3837 tantum
3372 3781 3508 3837 dici.
3543 3784 3653 3838 Nec
3681 3798 3795 3853 quz

387 3894 557 3935 causa
584 3882 660 3936 sit
688 3884 862 3937 tanta:
890 3881 1035 3935 inter
1058 3884 1352 3953 utramque
1378 3881 1615 3948 formam
1643 3877 1943 3947 varietatis,
1974 3876 2107 3931 satis
2133 3882 2465 3945 compertum
2495 3874 2745 3928 habetur.

1108 4129 1781 4219 DISPU’I‘A'I‘IO
1842 4124 2414 4215 ATHANASII
2473 4122 2727 4211 CUM
2800 4121 3064 4208 ARIO

1633 4272 1900 4333 COBAM
1948 4271 2205 4333 PROBO
2247 4268 2544 4363 JUDICE.

1028 4416 1195 4487 (Vide
1227 4416 1546 4486 Patroloyiae
1578 4415 1793 4469 Latina:
1821 4417 1962 4468 tom.
2006 4414 2175 4479 LXII,
2206 4412 2314 4468 col.
2351 4412 2472 4480 155,
2504 4410 2565 4465 in
2596 4407 2807 4482 Vigilio
2834 4407 3163 4480 Tapsensi.)

1330 4687 1381 4764 A
1403 4676 2053 4766 LTERCA'I‘IO
2115 4678 2203 4764 S.
2269 4672 2857 4761 ATHANASH

1202 4836 1435 4894 Contra
1462 4830 1702 4903 Arium,
1737 4828 2076 4889 Sabellium
2109 4827 2207 4887 vel
2237 4826 2575 4886 Photinum
2609 4822 2955 4884 haereticos.

1739 4972 1901 5042 (Vide
1933 4972 2102 5037 ibid.,
2146 4969 2260 5027 col.
2297 4969 2446 5041 179.)
