4086 6214
292 302 441 363 MM
917 324 923 330 ’
1171 296 1481 360 PONTIF.
1531 296 1722 357 HOM.
1768 297 1867 356 ET
1913 291 2337 355 ATHANASII
2386 289 2817 355 EPISTOLIE.
3542 296 3696 357 1442

3269 440 3691 452 -—_——

1248 543 1324 602 1N
1373 541 1835 612 SEQUENTES
1882 538 2312 600 EPISTOLAS
2360 537 2753 599 MONITUM.

359 669 709 727 582-591
749 690 775 718 ‹‹
807 667 890 723 En
921 666 1050 732 tibi,
1082 666 1285 721 Lector
1311 662 1556 729 erudite,
1588 661 1857 718 sistimus
1888 660 2167 733 epistolas
2198 661 2489 716 variorum
2524 661 2864 732 pontificum
2898 663 2967 718 ad
2998 664 3408 734 Athanasium,
3440 670 3497 721 et
3527 667 3701 723 vicis-

287 758 401 814 sim
434 757 736 812 Athanasii
779 756 849 811 ad
899 753 1219 826 pontifices,
1252 753 1325 808 ab
1373 750 1576 808 otiosis
1625 749 1963 805 hominibus
2012 749 2393 821 conscriptas.
2430 754 2561 804 Duae
2615 750 2835 821 priores
2867 751 3059 807 Greece
3099 752 3331 824 jamdiu
3381 759 3609 811 exstant
3644 756 3703 810 in

288 846 590 903 codicibus
619 842 1056 910 Athanasianis,
1090 842 1279 914 iisque
1323 839 1712 913 perantiquis,
1745 843 1996 909 suntque
2038 838 2293 909 imperiti
2324 837 2565 893 Graeculi
2599 856 2745 911 opus
2778 858 2790 894 :
2828 857 2961 894 nam
2995 859 3122 913 ques
3155 842 3225 898 de
3254 842 3541 900 Trinitate
3572 843 3704 900 istic

290 935 698 1009 przedicantur,
736 930 1001 985 ἁσῦστατα
1032 930 1378 1003 plerumque
1408 935 1567 998 sunt,
1601 933 1656 983 et
1684 928 1755 983 ab
1801 927 2034 983 usitatis
2067 926 2385 983 Athanasio
2416 926 2692 998 loquendi
2726 929 2992 985 formulis
3024 948 3265 1002 prorsus
3294 932 3505 988 aliena.
3542 933 3705 988 Prior

286 1025 539 1097 epistola
568 1022 779 1078 Liberii
816 1022 887 1077 ad
932 1019 1340 1085 Athanasium,
1376 1017 1585 1074 mutila
1613 1016 1844 1072 videtur
1874 1016 2061 1087 initio,
2097 1021 2158 1071 ut
2190 1016 2412 1071 indicat
2442 1017 2619 1073 codex
2667 1018 3076 1089 Seguerianus,
3110 1020 3205 1091 qui
3238 1021 3411 1077 habet
3440 1024 3511 1077 ad
3544 1040 3703 1078 mar-

284 1114 506 1187 ginem,
542 1112 687 1180 ζήτει
718 1108 918 1184 ἀρχήν,
952 1126 1136 1180 quaere
1188 1109 1439 1163 initium.
1472 1107 1739 1162 Secunda
1771 1123 1895 1177 quae
1947 1109 2037 1162 est
2088 1104 2389 1161 Athanasii
2420 1106 2491 1160 ad
2540 1106 2858 1173 Liberium,
2891 1106 3113 1164 nullam
3164 1112 3396 1181 praefert
3442 1110 3700 1184 epistola

284 1206 557 1271 formam,
581 1201 681 1256 sed
703 1205 791 1255 est
820 1215 925 1253 ceu
958 1199 1155 1270 inepta
1184 1198 1473 1269 quaedam,
1498 1200 1556 1251 et
1576 1195 1895 1250 admodum
1928 1192 2225 1266 implicata
2255 1193 2389 1248 fidei
2421 1194 2724 1265 expositio.
2750 1195 2964 1266 Estque
2987 1202 3300 1269 utrumque
3326 1199 3700 1270 opusculum,

281 1297 347 1348 ut
376 1308 446 1346 ex
475 1289 667 1346 verbis
699 1289 1029 1358 conjectare
1074 1287 1229 1353 licet,
1262 1287 1334 1341 ab
1366 1285 1567 1340 eodem
1601 1284 1887 1355 scriptore
1917 1287 2239 1339 exaratum.
2271 1282 2452 1338 Nemo
2501 1287 2718 1352 autem,
2754 1288 2816 1338 ut
2847 1285 3070 1356 opinor,
3104 1286 3190 1341 vel
3221 1288 3516 1343 tantillum
3551 1289 3701 1359 peri-

290 1387 411 1449 tus,
445 1379 564 1434 haec
594 1381 697 1432 aut
725 1376 975 1441 Liberio,
1009 1380 1110 1430 aut
1155 1374 1473 1429 Athanasio
1504 1372 1952 1443 adjudicaturus
1982 1376 2089 1426 est.
2122 1371 2268 1426 Nam
2321 1376 2528 1442 praeter
2559 1370 2690 1443 styli
2734 1373 3187 1444 discrepantiam
3238 1375 3411 1447 plane
3467 1378 3703 1448 conspi-

284 1484 481 1533 cuam,
515 1483 630 1521 non
661 1465 805 1521 levis
836 1469 926 1520 est
960 1462 1103 1518 illud
1136 1461 1439 1530 momenti,
1474 1460 1626 1532 quod
1660 1460 1717 1514 in
1748 1464 1913 1515 tanta
1939 1476 2135 1515 rerum
2167 1459 2694 1515 ecclesiasticarum
2729 1462 3183 1531 perturbatione,
3218 1468 3438 1534 quanta
3469 1464 3706 1522 ineunte

289 1557 512 1613 Liberio
546 1555 978 1627 pontificatum,
1008 1553 1068 1607 in
1116 1556 1239 1608 toto
1270 1549 1600 1606 Christiano
1639 1550 1778 1605 orbe
1807 1550 2184 1617 versabatur;
2215 1564 2320 1604 nec
2352 1550 2423 1604 de
2454 1554 2786 1620 temporum
2819 1550 3169 1621 conditione,
3202 1570 3307 1608 nec
3354 1553 3425 1608 de
3472 1560 3703 1611 contro-

290 1645 497 1702 versiis
526 1641 851 1698 Catholicos
881 1640 1032 1696 inter
1060 1644 1118 1696 et
1145 1639 1414 1703 Arianos,
1444 1637 1660 1708 quibus
1689 1636 1895 1692 Oriens
1946 1636 2163 1708 pariter
2191 1641 2248 1692 et
2277 1636 2559 1692 Occidens
2603 1654 2669 1692 eo
2718 1641 2977 1709 tempore
3025 1640 3484 1712 conflagrabant,
3518 1642 3698 1698 ullam

295 1735 514 1791 faciant
543 1732 922 1787 mentionem.
957 1731 1018 1785 In
1050 1728 1144 1783 his
1175 1728 1354 1784 etiam
1403 1726 1525 1782 htBO
1578 1725 1828 1781 formula
1858 1742 1969 1780 usu
2001 1724 2158 1780 venit
2193 1741 2206 1781 :
2240 1726 2493 1797 Patrem,
2525 1725 2737 1781 Filium
2769 1731 2828 1782 et
2856 1727 3139 1796 Spiritum
3190 1735 3482 1800 sanctum,
3516 1748 3701 1787 unum

294 1840 424 1881 esse
456 1818 763 1889 ὑποστάσει,
796 1836 923 1891 quae
954 1818 1092 1873 licet
1120 1815 1427 1872 Athanasii
1459 1821 1719 1887 tempore
1752 1814 2013 1869 nondum
2047 1815 2370 1886 proscripta
2399 1819 2573 1882 esset,
2606 1833 2639 1870 a
2670 1820 2873 1871 sancto
2904 1821 3099 1872 tamen
3131 1819 3363 1874 doctore
3397 1837 3701 1891 nunquam

299 1916 637 1984 usurpatur.
670 1910 810 1964 Eam
861 1906 1247 1963 nihilominus
1278 1907 1336 1960 in
1368 1904 1635 1960 confesso
1664 1920 1813 1971 esse,
1842 1919 1909 1959 ac
1941 1903 2094 1958 inter
2123 1920 2266 1959 verae
2313 1902 2446 1959 fidei
2480 1904 2775 1961 clausulas
2826 1904 3015 1961 locum
3067 1906 3301 1975 habere,
3337 1913 3593 1964 statuere
3623 1908 3704 1964 vi-

295 2003 470 2057 detur
497 2000 594 2072 qui
628 1997 907 2054 ementito
945 1995 1149 2052 Liberii
1180 1998 1238 2050 et
1268 1992 1567 2049 Athanasii
1601 1992 1838 2047 nomine
1870 1992 1976 2047 has
2006 1991 2190 2047 edidit
2219 1992 2518 2063 epistolas.

368 2113 397 2140 ‹‹
431 2088 700 2158 Reliquas
730 2091 925 2141 autem
956 2082 1410 2156 epistolasfquze
1444 2082 1644 2136 Latine
1674 2085 1877 2153 postea
1909 2081 2377 2152 subsequuntur,
2402 2080 2678 2137 haesimus
2709 2081 3025 2153 aliquando
3055 2084 3241 2150 dubii,
3271 2101 3345 2138 an
3376 2085 3704 2155 ederemus,

296 2195 481 2235 necne
514 2196 527 2233 :
562 2177 699 2249 quia
730 2174 1031 2241 nimirum,
1062 2172 1316 2243 exceptis
1358 2170 1651 2242 prioribus
1683 2171 1936 2238 duabus,
1971 2168 2094 2225 alia;
2147 2186 2351 2225 omnes
2383 2188 2417 2225 a
2448 2170 2924 2226 Commelinianis
2970 2177 3027 2226 et
3077 2172 3523 2239 Parisiensibus,
3555 2177 3710 2247 quod

294 2266 518 2323 nullius
550 2263 740 2337 pretii,
773 2279 839 2317 ac
872 2278 942 2316 ne
974 2260 1366 2316 memorandis
1401 2258 1638 2329 quidem
1671 2258 1998 2327 videantur,
2034 2258 2580 2329 prastermittuntur.
2615 2259 2682 2313 Et
2722 2276 2862 2315 sane
2894 2262 3244 2317 commentis
3282 2267 3422 2317 sunt
3451 2268 3508 2318 et
3539 2280 3707 2318 men-

295 2355 482 2411 daciis
511 2369 811 2425 respersa),
843 2366 1027 2421 exque
1058 2348 1233 2404 variis
1276 2347 1422 2402 locis
1453 2346 1893 2416 consarcinata,
1930 2351 1993 2401 ut
2022 2363 2093 2401 ne
2126 2346 2394 2402 umbram
2427 2347 2663 2419 quidem
2693 2346 3051 2420 γνησιότητος
3084 2349 3353 2406 referant;
3387 2350 3603 2406 Verum
3637 2368 3709 2408 ne

296 2445 438 2518 quid
473 2444 530 2499 in
567 2447 765 2498 nostra
794 2440 1048 2495 editione
1080 2436 1263 2493 lector
1290 2439 1379 2491 vel
1412 2452 1481 2491 ex
1510 2435 1730 2507 spuriis
1762 2435 2145 2504 desideraret,
2179 2435 2370 2490 visum
2402 2441 2491 2491 est
2519 2452 2619 2491 eas
2650 2437 2842 2493 denuo
2876 2436 3193 2509 publicare.

376 2555 404 2586 ι
434 2532 503 2587 Ut
536 2535 727 2587 autem
765 2529 953 2601 primo
985 2530 1300 2598 conSpectu
1333 2526 1593 2580 advertct
1620 2523 1890 2579 eruditus
1920 2522 2120 2590 lector,
2145 2541 2259 2579 non
2292 2530 2433 2580 sunt
2460 2524 2663 2581 isthaec
2695 2525 2807 2581 nisi
2840 2526 3083 2599 laciniae,
3118 2544 3187 2583 ex
3217 2529 3459 2605 Historia
3486 2529 3711 2600 'I‘rz‘par-

299 2625 429 2689 (ita,
462 2638 530 2676 ex
561 2619 762 2675 multis
792 2616 1172 2690 synodalibus
1203 2613 1489 2686 epistolis,
1519 2618 1578 2668 et
1622 2612 1870 2669 decretis
1901 2612 2307 2681 conciliorum,
2342 2613 2478 2669 hinc
2510 2614 2644 2670 inde
2673 2620 2973 2687 excerpta},
3007 2620 3065 2671 et
3108 2634 3143 2671 a
3190 2616 3423 2672 falsario
3454 2618 3712 2689 quodam

300 2708 739 2774 consarcinatae,
771 2706 869 2778 qui
922 2710 984 2760 ut
1032 2704 1231 2760 fucum
1280 2702 1613 2774 legentibus
1663 2703 1897 2769 faceret,
1934 2701 2175 2757 nomina
2224 2719 2482 2775 persaepe
2529 2704 2766 2774 propria
2812 2704 3166 2772 immutavit,
3200 2721 3385 2761 annos
3424 2705 3713 2760 arbitratu

302 2817 433 2870 suo,
466 2804 523 2853 et
551 2796 823 2854 consules
853 2794 1147 2866 ascripsit.
1177 2794 1262 2849 Ad
1295 2791 1619 2863 marginem
1652 2807 1759 2847 nos
1789 2791 2085 2847 undenam
2125 2789 2349 2846 lacinias
2378 2792 2670 2863 ejusmodi
2710 2793 3012 2864 prodeant,
3046 2810 3151 2865 pro
3180 2792 3455 2849 facultate
3485 2793 3714 2865 signifi-

306 2889 590 2944 cavimus.

673 3098 1100 3160 ATHANASII
1146 3096 1247 3156 ET
1291 3094 1795 3167 QUORUMDAM
1845 3094 2346 3155 ROMANORUM
2392 3094 2868 3157 PONTlFlCUM
2917 3097 3343 3158 EPISTOLIE.

302 3201 575 3282 Διϐερίου,
634 3202 931 3295 ἐπισκόπου
986 3202 1223 3295 Ἱῖώμης,
1256 3198 1518 3266 ἐπιστολή
1540 3198 1684 3295 ,πρὸς
1734 3197 1953 3295 τρνοαύ-

408 3281 420 3295 ς
493 3279 590 3295 I.n
1061 3284 1156 3295 .-γε
1235 3270 1259 3295 ἓξ
1294 3283 1559 3295 ΛΑ.,---.-
1608 3284 1728 3295 μμ-..
1867 3269 1951 3295 -1-

2079 3199 2564 3295 biberitfpiac-opi
2601 3201 2820 3295 flagra;
2837 3202 3062 3295 epistola
3091 3204 3555 3295 ac'l’AtLhanasium
3594 3204 3715 3295 epi-

366 3268 463 3334 τὸν
493 3268 838 3345 ’Ailavaictov,
874 3273 957 3328 ὅτι
984 3268 1511 3345 τελειονᾶνθρωπον
1540 3268 1729 3326 ἔλαοεν
1762 3270 1790 3324 ὁ
1821 3269 1951 3331 Θεὸς

372 3350 579 3425 Λόγος.

373 3456 553 3508 Ἔστιν
586 3451 675 3506 οὖν
709 3453 844 3522 ἡμῖν
880 3452 914 3519 ἡ
962 3447 1258 3523 ὁμολογία,
1310 3445 1604 3517 ἐπιπόθητὲ
1654 3467 1747 3518 μοι
1789 3452 1953 3509 Ἀθα-

299 3542 470 3609 νασιε,
506 3540 682 3615 Λόγος
714 3542 870 3609 Θεοῦ,
928 3539 1053 3597 Υἱὸς
1101 3538 1236 3590 κατά
1267 3533 1448 3613 φύσιν,
1478 3533 1539 3589 ἐκ
1573 3539 1670 3589 τοῦ
1701 3538 1834 3589 Θεοῦ
1862 3534 1952 3588 καὶ

301 3632 515 3703 Πατρὸς
544 3628 844 3705 γεννηθεὶς,
878 3626 939 3681 οὐ
970 3626 1227 3692 κτισθεὶς,
1278 3622 1405 3678 ἀλλ’
1452 3624 1533 3678 ἀεὶ
1582 3620 1654 3677 ὢν
1697 3622 1953 3700 συνάναρ-

301 3739 404 3795 χος
444 3722 523 3789 τῷ
571 3721 688 3787 Θεῷ
734 3715 826 3769 καὶ
880 3712 1067 3787 Πατρὶ,
1114 3712 1205 3767 καὶ
1259 3711 1681 3774 ἀκαταπαύστως
1710 3713 1771 3766 τὸ
1802 3711 1953 3788 βασί-

301 3806 455 3863 λειον
491 3804 635 3881 ἔχων
669 3804 744 3866 εἰς
776 3803 902 3865 τοῦς
935 3800 1324 3872 ἀτελευτήτους
1352 3800 1571 3862 αἰῶνας.
1607 3801 1801 3873 Ἀμήν.
1853 3800 1955 3856 Καὶ

299 3898 365 3952 τὸ
399 3900 614 3967 Πνεῦμα
647 3891 703 3948 δὲ
734 3894 794 3947 τὸ
823 3893 978 3966 ἅγιον
1009 3891 1227 3961 ἀληθῶς
1272 3889 1322 3945 ἐν
1353 3894 1451 3945 τοῦ
1483 3893 1615 3944 Θεοῦ
1669 3889 1805 3944 κατὰ
1852 3888 1957 3967 φύ-

307 4008 388 4041 σιν
444 3992 513 4053 τῆ
545 3984 697 4061 φύσει
875 3982 1026 4051 Θεὸν,
1056 3980 1345 4056 ἀμέριστον
1380 3978 1439 4034 ἐκ
1488 3982 1621 4033 Θεοῦ
1678 3979 1812 4034 κατὰ
1862 3978 1956 4039 τὰς

306 4074 466 4149 ἁγίας
528 4072 755 4149 Γραφάς·
815 4074 913 4125 τοῦ
974 4069 1106 4125 εἶναι
1156 4068 1375 4137 ἀληθῶς
1430 4068 1520 4121 τὸν
1584 4066 1812 4141 Πατέρα,
1870 4066 1961 4120 καὶ

304 4165 405 4216 τοῦ
437 4160 571 4215 εἶναι
602 4159 828 4230 ἀληθῶσ
853 4159 944 4214 τὸν
980 4158 1126 4228 Υἱὸν,
1158 4156 1249 4211 καὶ
1296 4160 1394 4211 τοῦ
1452 4155 1585 4209 εἶναι
1634 4153 1854 4224 ἀληθῶς
1899 4153 1962 4208 τὸ

310 4253 465 4324 ἅγιον
520 4253 761 4320 Πνεῦμα,
816 4244 1040 4302 ἕκαστον
1102 4245 1279 4318 ὐνομα
1340 4245 1415 4317 μὴ
1480 4238 1960 4317 μεταϐαλλόμενον

308 4339 399 4394 ἐπὶ
448 4337 739 4410 ἀναθέματι
792 4335 852 4391 ἐκ
896 4343 996 4406 τῆς
1042 4333 1245 4395 οῗκείας
1276 4331 1665 4405 ἐπονομασίας·
1698 4335 1795 4386 τοῦ
1828 4333 1962 4386 εἶναι

308 4429 411 4496 τὴν
466 4424 676 4503 Τριάδα
724 4425 948 4495 ἀληθῶς
994 4420 1195 4500 Τριάδα
1245 4421 1296 4477 ἐν
1354 4426 1452 4495 μιᾷ
1500 4419 1732 4489 θεότητι,
1764 4420 1853 4473 καὶ
1911 4419 1962 4474 ἐν

320 4522 422 4590 μιᾷ
453 4514 698 4589 δυνάμει,
726 4514 817 4570 καὶ
850 4514 901 4569 ἐν
934 4518 1030 4587 μιᾷ
1052 4512 1225 4583 οὗσίᾳ,
1256 4511 1344 4565 καὶ
1399 4508 1450 4565 ἐν
1507 4514 1605 4583 μιᾷ
1654 4507 1961 4565 ὑποστάσει.

2135 3287 2361 3347 scopum
2382 3271 2936 3347 Alexandriaouod
2964 3274 3102 3330 Deus
3138 3276 3388 3341 Verbum,
3412 3271 3720 3347 perlectam

2130 3341 2405 3397 hominem
2436 3345 2809 3414 assumpserit.

2132 3448 2263 3504 Haec
2286 3449 2465 3520 igitur
2486 3454 2575 3505 est
2596 3453 2795 3505 nostra
2819 3450 3132 3521 confessio,
3149 3452 3520 3524 optatissime
3542 3450 3716 3507 Atha-

2065 3537 2216 3602 nasi,
2251 3536 2508 3593 Verbum
2565 3539 2663 3594 Dei
2719 3536 2897 3593 Filius
2947 3541 3272 3596 secundum
3324 3546 3619 3609 naturam,
3651 3556 3720 3596 ex

2069 3631 2179 3681 Deo
2199 3632 2256 3681 et
2278 3627 2445 3698 Patre
2475 3627 2727 3699 genitus,
2756 3645 2869 3682 non
2900 3634 3160 3696 creatus;
3196 3630 3293 3684 sed
3328 3645 3560 3698 semper
3590 3628 3718 3682 sine

2064 3713 2231 3769 initio
2258 3732 2375 3769 una
2405 3732 2536 3769 cum
2568 3715 2684 3770 Deo
2714 3720 2772 3770 et
2801 3715 2988 3786 Patre,
3013 3721 3069 3771 et
3098 3715 3225 3771 sine
3256 3716 3370 3770 fine
3401 3713 3715 3786 imperium

2066 3804 2291 3861 habens
2320 3822 2422 3876 per
2450 3804 2683 3860 infinita
2712 3805 2948 3861 saecula.
2984 3809 3189 3861 Amen.
3213 3806 3353 3861 Item
3379 3804 3720 3877 (credimus)

2068 3893 2353 3964 Spiritum
2387 3898 2659 3949 sanctum
2690 3910 2821 3949 vere
2851 3911 2921 3949 ex
2940 3894 3056 3949 Deo
3088 3895 3412 3949 secundum
3447 3898 3720 3948 naturam

2068 3985 2125 4036 et
2154 3986 2363 4036 natura
2384 3981 2592 4050 Deum,
2620 3981 2941 4037 indivisum
2965 3998 2998 4037 a
3027 3983 3136 4038 Deo
3167 3982 3492 4038 secundum
3525 3998 3723 4037 sacras

2071 4069 2432 4141 Scripturas;
2466 4070 2547 4124 ita
2605 4075 2670 4125 ut
2725 4070 2803 4125 sit
2850 4087 2979 4125 vere
3028 4070 3215 4139 Pater,
3248 4087 3380 4127 vere
3434 4070 3640 4135 Filius,
3669 4074 3727 4125 et

2075 4174 2203 4213 vere
2232 4157 2486 4230 Spiritus
2535 4163 2798 4229 sanctus,
2834 4159 3194 4231 vetitumque
3226 4164 3314 4215 est
3345 4160 3454 4216 sub
3485 4157 3726 4216 anathe-

2074 4247 2248 4303 matis
2278 4264 2450 4319 pinna
2488 4246 2792 4318 quodlibet
2837 4265 3047 4304 nomen
3081 4265 3115 4303 a
3144 4248 3381 4321 propria
3428 4248 3727 4320 significa-

2072 4334 2230 4390 tione
2260 4336 2610 4404 transferre;
2644 4336 2725 4392 ita
2768 4336 3114 4393 utTrinitas
3162 4337 3241 4393 sit
3285 4353 3416 4393 vero
3464 4336 3725 4392 Trinitas

2074 4423 2132 4479 in
2165 4441 2283 4480 una
2313 4424 2548 4491 deitate,
2581 4426 2639 4480 in
2688 4443 2805 4481 una
2850 4430 3158 4496 potestate,
3188 4426 3249 4481 in
3283 4443 3402 4482 una
3448 4426 3727 4493 essentia,

2075 4517 2133 4567 et
2161 4512 2219 4566 in
2254 4530 2370 4568 una
2418 4513 2771 4569 substantia.
2803 4513 3187 4587 Nequaquam
3241 4515 3396 4571 enim
3445 4515 3729 4571 dividitur

318 4585 410 4661 '06-
442 4608 545 4684 γὰρ
589 4585 861 4682 μερίζεται
912 4585 943 4658 ὁ.
998 4604 1119 4665 Υἱὸς
1175 4602 1235 4657 ἐκ
1272 4609 1374 4672 τῆς
1418 4606 1688 4675 πατρικῆς
1734 4600 1961 4654 ὑποστά-

2079 4599 2277 4670 Filius,
2311 4592 2493 4672 neque
2541 4600 2792 4673 Spiritus
2833 4585 3071 4659 sanctus
3102 4621 3135 4658 a
3165 4609 3408 4676 paterna
3456 4604 3731 4661 substan-

319 4716 479 4764 σεως,
532 4692 656 4750 οὐδὲ
701 4695 764 4749 τὸ
807 4697 1025 4765 Πνεῦμα
1073 4692 1136 4745 τὸ
1185 4691 1362 4765 ἅγιον,
1392 4697 1493 4759 τῆς
1524 4688 1848 4765 πληρούσης
1874 4688 1964 4742 τὸν

318 4781 542 4862 οὸρανὸν
592 4783 682 4838 καὶ
733 4784 833 4851 τὴν
872 4788 997 4857 γῆν.
1050 4782 1231 4836 Ἔστιν
1266 4778 1378 4845 οῦν,
1411 4778 1587 4840 καθὼς
1620 4782 1899 4852 προεῖπον,

318 4874 483 4949 Τριὰς
517 4872 567 4927 ἐν
605 4877 703 4945 μιᾷ
731 4870 1016 4925 ὑποστάσει
1057 4870 1130 4940 μή
1168 4866 1521 4943 μεριζομὲνη,
1560 4867 1648 4920 καὶ
1690 4870 1757 4939 τῇ
1808 4866 1970 4944 οῦφίᾳ

312 4960 396 5033 ἓν,
427 4962 516 5017 καὶ
544 4964 612 5035 τῇ
646 4960 863 5029 θεότητι
891 4955 971 5025 ἓν,
1001 4957 1091 5011 καὶ
1117 4960 1187 5029 τῇ
1219 4953 1443 5029 δυνάμει
1480 4952 1559 5028 ἓν,
1609 4956 1698 5009 καὶ
1746 4959 1814 5029 τῇ
1872 4956 1969 5031 βα..

318 5051 498 5122 σιλείᾳ
526 5050 598 5121 ἓν,
629 5047 716 5104 καί
749 5053 818 5121 τῇ
853 5046 1146 5120 δοξολογίᾳ
1171 5041 1248 5113 ἓν,
1281 5044 1369 5098 καὶ
1416 5048 1485 5117 τῇ
1531 5043 1697 5098 εἰκόνι
1744 5041 1824 5113 ἓν,
1879 5042 1967 5098 καί

316 5140 400 5213 τῷ
447 5140 715 5211 Πνεῦματι
767 5137 843 5192 ἓν·
899 5139 1117 5207 Πνεῦμα
1158 5133 1257 5209 γὰρ
1308 5133 1368 5187 οὐ
1422 5132 1714 5206 μερίζεται.
1747 5132 1968 5195 Ἀνάθε-

324 5250 399 5302 μα
418 5227 509 5282 οῦν
543 5226 686 5305 λέγω
720 5220 1027 5281 Σαϐελλίου
1058 5224 1121 5278 τὸ
1152 5220 1327 5298 δόγμα
1357 5222 1448 5276 καὶ
1488 5220 1728 5297 Ἀρείου,
1760 5220 1969 5283 καὶτὰς

318 5316 877 5392 προαπηγορευμὲνας
910 5312 1161 5388 αἱρέσεις,
1193 5311 1269 5372 εἰς
1303 5308 1526 5364 αἰωνίαν
1577 5308 1826 5378 κόλασιν,
1873 5330 1968 5363 xa-

314 5406 385 5462 τὰ
409 5406 508 5476 τὴν
536 5409 635 5460 τοῦ
668 5410 927 5479 Σωτῆρος
959 5402 1167 5479 φωνήν.
1199 5398 1374 5473 Ταύτῃ
1413 5395 1505 5453 οῦν
1551 5401 1621 5471 τῇ
1670 5395 1968 5472 ὁμολογίᾳ,

319 5492 521 5573 ἆδελφὲ
569 5491 866 5562 Ἀθανάσιε,
916 5494 987 5565 τῇ
1035 5486 1167 5564 οὔσῃ
1218 5486 1357 5563 μόνῃ
1405 5486 1496 5542 καὶ
1535 5485 1759 5557 ἀληθῶς
1790 5484 1964 5541 πίστει

396 5620 508 5698 (28)
538 5621 626 5678 Ita
652 5618 1067 5693 Seguerianus.
1100 5620 1165 5673 In
1196 5615 1395 5687 editis,
1420 5634 1487 5688 τῃ
1516 5612 1668 5695 φύσει
1703 5613 1891 5671 deest.

2079 4688 2179 4759 tia,
2214 4706 2339 4760 quae
2372 4689 2578 4761 implet
2628 4691 2835 4746 castum
2888 4697 2945 4746 et
2992 4698 3227 4748 terram.
3261 4694 3361 4750 Est
3411 4693 3611 4767 igitur,
3646 4691 3731 4747 uti

2078 4794 2259 4850 supra
2288 4779 2428 4847 dixi,
2452 4779 2705 4834 Trinitas
2736 4779 2794 4835 in
2818 4797 2937 4835 una
2962 4782 3331 4838 substantia:
3357 4789 3563 4854 estque
3585 4782 3733 4837 sub-

2078 4866 2299 4922 stantia
2323 4885 2528 4937 unum,
2553 4868 2763 4923 deitate
2786 4886 2990 4935 unum,
3018 4876 3301 4941 potestate
3325 4889 3531 4937 unum,
3551 4886 3730 4943 regno

2080 4972 2287 5025 unum,
2311 4955 2731 5027 gloriﬁcatione
2764 4974 2968 5026 unum,
2997 4959 3253 5030 imagine
3284 4976 3489 5027 unum,
3512 4959 3728 5031 Spiritu

2081 5061 2262 5099 unum
2293 5061 2306 5099 :
2340 5044 2596 5116 Spiritus
2627 5061 2883 5117 namque
2914 5063 3028 5102 non
3069 5047 3370 5104 dividitur.
3404 5048 3733 5103 Anathema

2078 5132 2261 5204 igitur
2290 5135 2603 5204 pronuntio
2637 5133 2696 5188 in
2728 5134 2964 5190 Sabellii
3001 5140 3059 5191 et
3087 5136 3205 5191 Arii
3237 5138 3474 5210 dogma,
3507 5150 3729 5190 necnon

2081 5222 2137 5276 in
2171 5227 2343 5277 antea
2364 5223 2718 5294 proscriptas
2748 5223 3017 5292 hwreses,
3047 5228 3118 5280 ad
3143 5226 3567 5297 sempiternum
3592 5240 3732 5294 sup-

2080 5309 2345 5380 plicium,
2370 5311 2541 5381 juxta
2587 5311 2904 5367 Salvatoris
2933 5329 3157 5369 vocem.
3210 5314 3269 5369 Si
3325 5313 3524 5386 igitur,
3558 5311 3736 5366 frater

2078 5398 2381 5466 Athanasi,
2414 5399 2471 5453 in
2508 5400 2612 5455 hac
2642 5400 3169 5471 confessione,quaa
3195 5401 3320 5456 sola
3345 5406 3403 5456 et
3423 5417 3556 5455 vera
3588 5399 3733 5454 fides

2080 5492 2171 5545 est
2190 5487 2249 5544 in
2270 5492 2474 5544 sancta
2489 5487 2776 5545 catholica
2790 5492 2850 5544 et
2867 5488 3189 5560 apostolica
3204 5488 3483 5558 Ecclesia,
3498 5502 3729 5545 mecum
