4086 6214
423 332 578 389 1443

1593 327 1654 382 S.
1703 316 2222 383 A'l‘HANASlUS.
2252 355 2328 365 —
2361 319 2671 386 SPURIA.

3691 329 3844 388 l4“

421 461 753 526 censentis;
805 471 1000 515 eoram
1042 458 1241 528 judice
1295 457 1408 512 Deo
1454 463 1510 512 et
1555 455 1807 524 Christo,
1847 470 2044 526 quaeso

2185 450 2234 506 ἐν
2266 457 2333 526 τῇ
2367 453 2489 529 ἁγίᾳ
2519 453 2787 529 καθολικῇ
2818 456 2905 510 καὶ
2933 455 3272 530 ἀποστολικῇ
3296 458 3596 530 Ἐκκλησία
3626 460 3672 514 εἰ
3700 461 3838 532 ὁμο-

424 551 568 605 mihi
617 549 929 615 rescribas,
962 548 1012 603 si
1058 548 1301 618 perinde
1340 554 1515 618 atque
1549 562 1652 600 nos
1687 546 1740 598 in
1775 561 1909 598 vera
1960 543 2071 597 ﬁde

423 640 674 705 sentias;
737 642 799 692 ut
855 636 1213 692 confidenter
1267 641 1322 690 et
1379 635 1506 690 sine
1559 631 1899 687 discrimine
1942 647 2068 702 quae

425 746 597 801 rogas
647 733 919 798 prmstare
971 725 1214 796 possim.
1250 724 1393 778 illud
1429 724 1601 778 etiam
1655 727 1708 777 te
1756 739 1871 779 non
1905 720 2067 792 igno-

422 834 548 872 rare
597 816 791 884 velim,
825 813 1056 878 dilecte,
1104 813 1388 868 nimirum
1439 811 1693 866 veritatis
1745 809 1916 876 ﬁlios,
1959 809 2066 862 im-

421 905 757 979 passibilem
812 904 1088 958 deitatem
1141 903 1422 976 confiteri,
1475 917 1700 956 necnon
1749 899 2064 954 adventum

419 995 590 1048 Verbi
632 998 689 1048 et
741 992 834 1047 Dei
887 992 943 1045 in
995 1007 1198 1058 carne;
1232 990 1331 1062 qui
1392 990 1711 1061 perfectum
1768 985 2064 1042 hominem

420 1083 744 1154 assumpsit
774 1082 899 1136 sine
932 1085 1186 1152 peccato,
1222 1083 1394 1133 natus
1429 1096 1494 1132 ex
1525 1078 1747 1149 Spiritu
1779 1081 1980 1130 sancto
2011 1079 2068 1130 et

419 1189 487 1227 ex
518 1172 701 1226 Maria
734 1170 988 1240 Virgine,
1015 1168 1337 1223 secundum
1371 1165 1717 1237 Evangelia:
1754 1165 1810 1220 in
1839 1163 2064 1218 Christo

419 1261 582 1317 Jesu.
615 1263 818 1315 Amen.

413 1510 565 1569 598
617 1507 804 1563 Sancti
853 1507 1042 1561 Patris
1089 1505 1282 1568 nostri,
1334 1505 1624 1559 Athanasii
1671 1503 2064 1573 archiepiscopi

484 1580 867 1647 Alexandrini,
902 1579 1226 1647 rescriptum
1273 1576 1343 1630 ad
1391 1576 1689 1640 Liberium,
1728 1576 1902 1629 Romae
1951 1575 2063 1643 epi-

481 1670 719 1723 scopum.
775 1649 924 1718 Quod
962 1650 1265 1723 perfectzim
1313 1647 1588 1701 hominem
1643 1648 1782 1701 Deus
1837 1647 2064 1700 Verbum

483 1721 844 1795 assiumpserit
869 1730 1097 1792 propter
1125 1721 1360 1774 salutem
1391 1723 1651 1774 nostram.

489 1929 651 1984 Unus
686 1932 832 1982 Deus
876 1923 1248 1988 immortalis,
1273 1921 1370 1992 qui
1405 1937 1507 1975 nec
1539 1919 1741 1986 videri,
1771 1935 1873 1974 nec
1901 1919 2062 1990 tangi

417 2023 624 2091 potest.
655 2037 678 2067 ι
711 2015 964 2086 Spiritus
1000 2035 1026 2060 ››
1057 2012 1210 2066 enim
1243 2032 1267 2061 ιι
1297 2016 1385 2064 est
1422 2011 1568 2064 Deus
1589 2009 1650 2062 ⁵³.
1681 2031 1706 2056 ι)
1744 2010 1868 2079 Ipse
1901 2007 2062 2062 nullo

412 2107 538 2161 loco
571 2110 758 2178 potest
790 2100 1226 2173 comprehendi,
1253 2115 1356 2153 nec
1388 2098 1541 2152 ullus
1571 2102 1658 2152 est
1691 2097 1851 2152 locus
1884 2114 1915 2150 a
1947 2113 2062 2167 quo

414 2195 584 2250 absit.
621 2194 805 2261 Hujus
839 2191 1085 2244 Verbum
1119 2186 1474 2242 immortalis
1503 2191 1593 2241 est
1625 2185 1933 2256 sapientia,
1969 2186 2060 2240 in-

417 2277 1212 2352 corruptibilis,invisibilis:
1250 2275 1433 2330 Filius
1465 2275 1908 2346 primogenitus,
1932 2292 2062 2345 ope-

418 2389 547 2428 rum
583 2371 797 2435 socius,
833 2366 1116 2438 principio
1167 2381 1392 2432 carens,
1425 2363 1534 2418 sub
1567 2369 1784 2417 tactum
1820 2380 1932 2417 non
1966 2380 2057 2417 ca-

416 2463 580 2525 dens,
617 2474 804 2529 noque
851 2454 1200 2528 principium
1245 2453 1462 2507 habens
1494 2453 1742 2520 dierum,
1776 2469 1962 2522 neque
1994 2453 2053 2506 ti-

420 2567 548 2606 nem
586 2549 709 2602 vitze
749 2550 1092 2627 exspectans
1125 2559 1136 2597 :
1174 2566 1199 2592 ‹‹
1234 2541 1443 2597 Omnia
1501 2557 1602 2612 per
1657 2541 1848 2612 ipsum
1911 2542 2060 2597 facta

416 2644 574 2707 sunt,
603 2642 658 2692 et
688 2636 814 2691 sine
847 2635 970 2706 ipso
1002 2634 1214 2687 factum
1249 2635 1340 2685 est
1368 2629 1598 2684 nihil“.
1630 2651 1644 2678 ›
1685 2630 1810 2699 Ipse
1841 2634 1929 2683 est
1959 2629 2059 2700 qui

417 2728 712 2784 hominem
744 2721 1084 2778 eﬁ'ormavit.
1120 2720 1222 2774 Hic
1266 2725 1354 2773 est
1407 2717 1504 2790 qui
1559 2719 1844 2772 rationem
1879 2717 2056 2772 fabri-

417 2817 612 2872 candae
672 2829 815 2867 arcae
864 2812 1253 2865 monstravit:
1289 2807 1382 2861 hic
1429 2811 1515 2861 est
1563 2807 1661 2877 qui
1716 2806 2058 2877 promissio-

416 2923 546 2961 nem
579 2903 739 2958 dedit
783 2899 1024 2955 Abrahzn
1059 2917 1070 2952 :
1105 2897 1199 2951 hic
1228 2902 1315 2951 est
1364 2895 1459 2968 qui
1509 2896 1828 2962 descendit,
1862 2901 1924 2950 ut
1964 2913 2058 2967 po-

417 2993 618 3065 pulum
653 2990 878 3046 salvum
909 2989 1140 3052 faceret,
1165 2986 1261 3056 qui
1296 2985 1471 3056 Moysi
1505 2983 1689 3055 legem
1723 2985 1882 3039 dedit
1916 3000 1928 3038 :
1964 2983 2058 3040 hic

414 3088 502 3138 est
533 3083 685 3136 Deus
719 3076 1028 3144 Abraham,
1063 3075 1213 3129 Deus
1249 3075 1426 3142 Isaac,
1458 3078 1516 3128 et
1546 3073 1699 3127 Deus
1729 3073 1930 3137 Jacob,
1957 3074 2056 3144 qui

2181 547 2396 618 φρονεῖς
2428 563 2542 614 μοι,
2577 543 2649 604 ὡς
2681 543 2766 598 ἐπὶ
2798 545 2968 617 κρίσει
3001 550 3135 599 Θεοῦ
3182 546 3271 600 καὶ
3330 549 3568 622 Χριστοῦ
3620 549 3833 623 γράψον

2183 650 2298 701 μοι,
2332 630 2378 685 εἰ
2428 631 2569 684 οὕτω
2620 638 2834 709 φρονεῖς
2879 633 3018 697 καθὰ
3064 633 3154 688 καὶ
3203 637 3386 706 ἡμεῖς,
3436 636 3524 689 καὶ
3557 637 3624 690 τά
3650 635 3752 690 ’ἶσα
3783 637 3830 691 ἐν

2178 721 2244 791 τῇ
2277 717 2514 792 ἀληθινῇ
2546 719 2740 774 πίστει·
2769 719 2860 775 ’ίνα
2889 721 3040 795 κάγὼ
3073 725 3344 784 πεποιθὼς
3386 723 3452 794 ὦ,
3500 722 3829 800 ἀδιακρέτως

2178 811 2299 880 περὶ
2349 809 2422 861 ὧν
2457 807 2627 878 ἀξιοῖς
2654 808 2891 865 κελεύειν
2929 829 3041 884 μοι·
3091 812 3180 866 καὶ
3227 817 3389 867 τοῦτο
3421 809 3479 868 δέ
3510 835 3568 868 σε
3600 816 3720 889 χρὴ
3755 815 3831 869 εἷ-

2178 892 2343 968 δέναι,
2374 896 2635 972 ἀγαπητέ,
2669 899 2752 954 δτι
2783 900 2839 953 οἱ
2869 899 2976 954 υἱοὶ
3023 907 3122 969 τῆς
3170 900 3450 972 ἀληθείας,
3500 903 3686 972 ἀπαθῆ
3736 905 3832 973 τήν

2178 985 2406 1055 θεότητα
2435 985 2792 1062 ὁμολογοῦσι,
2825 989 2913 1044 καὶ
2942 990 3038 1057 τὴν
3072 987 3326 1065 ἔνσαρκον
3377 989 3680 1064 ἐπιδημίαν
3735 999 3831 1047 τοῦ

2175 1074 2356 1148 Λόγου
2385 1076 2475 1129 καὶ
2507 1075 2661 1147 Θεοῦ,
2693 1077 2775 1131 ὃτι
2805 1077 3012 1133 τέλειον
3046 1081 3329 1155 ἄνθρωπον
3365 1075 3593 1135 ἀνέλαϐε
3642 1083 3830 1156 ’χωρὶς

2176 1163 2462 1237 ἁμαρτίας,
2505 1164 2595 1218 τὸν
2645 1167 2967 1240 γεννηθέντα
3013 1167 3073 1222 ἐκ
3116 1172 3428 1240 Πνεύματος
3477 1171 3637 1244 άγίου
3694 1173 3832 1244 (29),

2173 1253 2260 1306 καὶ
2311 1253 2518 1328 Μαρίας
2563 1260 2663 1323 τῆς
2721 1254 3009 1330 παρθένου,
3065 1260 3204 1312 κατὰ
3259 1257 3324 1312 τά
3379 1258 3714 1334 Εὖαγγέλια·
3779 1259 3831 1314 ἐν

2174 1342 2390 1416 Χριστῷ
2420 1344 2621 1412 Ἰησοῦ.
2675 1343 2868 1416 Ἀμήν.

2171 1507 2275 1558 Τοῦ
2323 1501 2384 1584 ,ἐν
2443 1501 2623 1584 ἁγίοις
2673 1503 2888 1584 ματρὸς
2942 1506 3102 1584 ἡμῴν
3146 1505 3501 1584 ,Ἄθάνασίοιη
3563 1507 3824 1584 ᾇρχιεπι-

2243 1572 2444 1654 σκόπου
2491 1572 2994 1654 ἰ’Δλεξανδρείαςζς
3041 1575 3415 1654 ἀντίγριιιμμα⁵
3485 1572 3676 1654 πρὸξ
3731 1589 3827 1634 Λι-

2244 1641 2490 1724 ϐέριοινμ
2525 1641 2817 1724 ἐπίσκοπον
2896 1645 3140 1724 Ῥᾠμηςῒ
3171 1641 3283 1724 ξδτὶ
3313 1641 3549 1704 ’τέλειον
3612 1649 3824 1724 ἄνθρωο

2241 1711 2634 1808 πόνιάνέλαϐεν
2669 1718 2697 1772 6
2728 1717 2856 1777 Θεὸς
2891 1711 3230 1794 Λόγὸςὺπὲρ
3262 1727 3362 1788 τῆς
3393 1722 3666 1797 ἡμετέρας
3687 1711 3827 1777 ᾚω-

2239 1809 2452 1863 τηριας.

2243 1923 2334 1983 Εἷς
2367 1922 2496 1984 Θεὸς
2532 1921 2812 1992 ἀθάνατος,
2846 1917 3096 1992 ἀόρατος,
3145 1922 3532 2001 ἆψηλάφητος·
3589 1951 3610 1975 α
3667 1931 3833 1981 ΙΙνεῦ-

2175 2032 2248 2083 μα
2274 2035 2308 2096 Ι»
2337 2012 2440 2086 γὰρ
2473 2036 2498 2061 ‹‹
2535 2012 2564 2064 6
2596 2011 2748 2079 Θεὸς,
2785 2035 2810 2059 »ι
2845 2009 3000 2072 οὗτος
3035 2013 3343 2087 ἀχώριστος
3389 2017 3526 2088 (30),
3565 2017 3641 2086 μή
3679 2013 3824 2090 ἔχων

2169 2099 2334 2154 τόπον
2391 2098 2528 2153 ὅπου
2587 2100 2687 2153 οὐκ
2745 2096 2907 2154 ἔστιν·
2968 2101 2996 2154 6
3052 2101 3249 2156 τούτου
3309 2103 3507 2176 Λόγος,
3565 2103 3828 2167 ἀθάνατος

2170 2189 2350 2266 σοφία,
2401 2186 2692 2265 ἄφθαρτος,
2745 2188 2998 2263 ἀόρατος,
3049 2189 3175 2251 Υἱὸς
3223 2192 3602 2265 πρωτότοκος,
3638 2215 3825 2269 συνερ·

2169 2279 2284 2352 γὸς,
2319 2275 2574 2351 ἄναρχος,
2607 2277 2990 2354 ἀψηλάφητος,
3029 2281 3167 2348 μήτε
3200 2280 3378 2354 ἀρχὴν
3399 2283 3622 2356 ἡμερῶν
3647 2281 3822 2357 ἔχων,

2175 2370 2313 2438 μήτε
2366 2366 2523 2426 τέλος
2578 2368 2721 2434 ζωῆς
2774 2363 3113 2438 προσδοκῶν.
3183 2393 3201 2417 ο
3242 2369 3338 2422 Διά
3380 2371 3576 2424 τούτου
3609 2370 3821 2445 ἐγένετο

2167 2457 2233 2510 τά
2260 2455 2448 2522 πάντα,
2479 2455 2567 2508 καὶ
2598 2456 2773 2530 χωρὶς
2807 2455 2971 2510 αὐτοῦ
3003 2455 3209 2531 ἐγένετο
3254 2454 3380 2512 οὐδὲ
3428 2455 3502 2514 ἔν.
3565 2483 3594 2510 ››
3652 2461 3820 2522 Αὐτὸς

2170 2546 2198 2599 6
2229 2543 2438 2605 πλάσας
2464 2545 2554 2599 τὸν
2585 2543 2890 2617 ἄνθρωπον·
2925 2545 3104 2614 οὗτος,
3136 2545 3164 2598 ὁ
3191 2547 3292 2614 τήν
3335 2541 3571 2601 κιϐωτὸν
3622 2545 3816 2619 δείξας,

2169 2631 2400 2694 πῶςτίνα
2455 2632 2697 2708 γένηται·
2760 2633 2916 2693 οὗτος
2973 2635 3001 2688 6
3049 2635 3146 2701 τὴν
3199 2633 3523 2710 ἐπαγγελίαν
3551 2634 3678 2698 δοὺς
3739 2643 3814 2709 τῷ

2171 2717 2403 2794 Ἀϐαάμ·
2458 2721 2614 2781 οὗτος
2663 2721 2691 2774 6
2734 2715 2969 2776 καταϐάς
3029 2721 3114 2776 ἐπὶ
3145 2722 3208 2776 τὸ
3237 2727 3402 2777 σῶσαι
3450 2725 3541 2778 τὸν
3599 2725 3752 2796 λαὸν,
3785 2728 3813 2779 ὁ

2169 2814 2338 2884 Μωσῇ
2387 2809 2479 2864 τὸν
2528 2809 2696 2881 νόμον
2749 2805 2895 2871 δούς·
2947 2809 3104 2872 οὗτος
3155 2812 3182 2865 6
3233 2812 3361 2874 Θεὸς
3417 2808 3692 2886 Ἀϐραάμ,
3727 2814 3813 2868 καὶ

2168 2899 2296 2960 Θεὸς
2345 2897 2541 2963 Ἰσαὰκ,
2596 2896 2686 2950 καὶ
2736 2897 2866 2959 Θεὸς
2898 2893 3112 2970 Ἰακὼϐ,
3146 2900 3174 2952 6
3207 2898 3258 2952 ἐν
3291 2903 3600 2977 προφήταις
3635 2902 3812 2968 λαλέ-

2169 3009 2284 3059 σας,
2317 2989 2345 3040 6
2394 2985 2702 3058 διαθέμενος
2742 2987 2839 3055 τὴν
2888 2985 3128 3042 Παλαιὰν
3179 2987 3267 3042 καὶ
3313 2989 3412 3055 τήν
3463 2991 3662 3058 Καινὴν
3698 3000 3816 3044 Δια-

2169 3079 2364 3147 θήκην,
2425 3076 2453 3128 6
2511 3077 2624 3148 (31)
2683 3073 2766 3129 ἐπ’
2809 3075 3050 3151 ἐσχάτων
3097 3080 3204 3130 τῶν
3254 3077 3480 3151 ἡμερῶν
3529 3079 3701 3152 σάρκα
3759 3079 3815 3132 ἐκ

416 3174 471 3228 in
509 3170 805 3244 prophetis
837 3168 1065 3222 locutus
1095 3171 1205 3232 est,
1242 3165 1340 3233 qui
1373 3164 1552 3220 Vetus
1579 3169 1632 3219 et
1665 3164 1884 3220 Novum
1921 3167 2054 3222 Tes-

2173 3164 2440 3240 Παρθένου
2470 3158 2678 3229 λαϐὼν,
2714 3165 2938 3234 θνητήν,
2973 3163 3071 3218 οὐκ
3099 3163 3257 3224 αὐτὸς
3290 3164 3361 3217 ὣν
3397 3166 3610 3235 θνητός·
3658 3167 3814 3220 ἀσθε-

416 3263 738 3315 tamentum
771 3256 1080 3328 disposuit,
1105 3255 1200 3326 qui
1237 3256 1293 3308 in
1327 3253 1662 3308 novissimis
1693 3255 1900 3310 diebus
1933 3272 2056 3310 car-

417 3365 546 3403 nem
607 3346 862 3416 sumpsit
919 3361 985 3398 ex
1036 3342 1292 3414 Virgine,
1357 3340 1681 3411 mortalem,
1752 3341 1885 3399 licet
1941 3361 2055 3398 non

411 3442 566 3493 esset
610 3429 747 3507 ipse
806 3430 1069 3486 mortalis
1117 3447 1129 3483 :
1186 3430 1504 3499 infirmam,
1537 3429 1668 3484 licet
1729 3447 1840 3486 non
1903 3435 2056 3488 esset

413 3527 538 3598 ipse
594 3525 865 3579 infirmus
901 3539 912 3576 :
949 3519 1120 3574 morti
1171 3519 1502 3586 obnoxiam,
1537 3518 1670 3573 licet
1732 3536 1844 3574 non
1903 3525 2056 3575 esset

407 3615 532 3688 ipse
569 3613 737 3669 morti
761 3610 1046 3666 obnoxius
1081 3626 1093 3663 :
1120 3607 1429 3672 visibilem,
1456 3607 1587 3661 licet
1611 3624 1723 3661 non
1747 3613 1900 3662 esset
1931 3609 2054 3680 ipse

406 3703 674 3760 visibilis.
709 3706 840 3772 Ipsa
890 3713 1178 3769 suspensa
1206 3701 1312 3764 est,
1349 3713 1461 3750 non
1502 3700 1695 3752 autem
1747 3696 1846 3752 ille
1879 3715 1890 3751 :
1925 3696 2053 3768 ipsa

403 3793 654 3866 sepulta,
692 3807 802 3845 non
840 3789 972 3843 ille:
1011 3787 1137 3858 ipsa
1169 3785 1459 3840 humanas
1489 3801 1692 3840 omnes
1725 3785 2048 3856 passiones,

399 3888 462 3937 ut
521 3881 694 3936 homo
754 3877 1060 3941 sustinuit,
1116 3891 1229 3928 non
1291 3877 1485 3928 autem
1547 3873 1664 3928 ille.
1700 3872 1797 3928 Ille
1857 3880 2050 3929 autem

399 3976 487 4026 est
536 3971 720 4024 virtus
770 3966 885 4030 Dei,
929 3966 980 4019 id
1035 3967 1122 4019 est
1170 3962 1342 4017 Deus.
1380 3961 1649 4027 Quicum
1701 3978 1767 4018 ea
1817 3979 1945 4034 qua:
1992 3963 2048 4018 in

400 4061 459 4115 in
501 4059 726 4113 inferno
777 4052 1118 4110 insolubilis
1165 4055 1330 4107 erant
1384 4050 1676 4118 solvisset,
1710 4050 2050 4122 imperium-

402 4165 512 4219 que
543 4145 756 4202 diaboli
788 4144 1110 4207 evertisset,
1142 4139 1404 4195 ascendit
1451 4156 1516 4194 eo
1549 4140 1701 4194 unde
1733 4139 2047 4195 descende-

401 4241 510 4305 rat,
545 4235 643 4307 qui
697 4251 907 4306 corpus
961 4247 1133 4287 suum
1185 4247 1218 4285 a
1269 4233 1454 4284 morte
1508 4229 1844 4296 excitatum,
1887 4232 2046 4300 post-

399 4342 575 4397 quam
637 4324 944 4379 liberasset
991 4339 1024 4377 a
1073 4325 1256 4374 morte
1307 4335 1422 4390 qua
1468 4315 1856 4385 detinebatur,
1894 4317 2047 4374 Patri

397 4413 628 4471 obtulit.
662 4415 721 4468 In
778 4411 878 4467 illo
924 4415 1153 4466 Patrem
1187 4406 1595 4478 intelligimus.
1631 4404 1755 4461 Una
1803 4407 1957 4460 enim
1989 4411 2046 4461 et

397 4503 520 4575 ipse
553 4518 645 4556 res
677 4505 766 4557 est
792 4500 1026 4566 deitate,
1065 4497 1296 4562 virtute,
1332 4495 1685 4564 substantia,
1719 4493 2040 4567 hypostasi,

2165 3257 2253 3326 νῆ’,
2315 3252 2413 3308 οὐκ
2463 3251 2619 3313 αὐτὸς
2677 3252 2921 3322 ἀσθενής·
2987 3251 3348 3330 ὀφειλομένην
3423 3256 3655 3326 θανάτῳ,
3717 3255 3813 3310 οὐκ

2166 3342 2323 3404 αὐτὸς
2372 3340 2744 3418 ὸφειλόμενος·
2801 3342 3026 3416 ὁρατήν,
3084 3341 3184 3396 οὐκ
3229 3341 3390 3404 αὐτὸς
3422 3343 3640 3415 ὁρατός·
3675 3346 3806 3415 αὕτη

2165 3431 2492 3507 ἐκρεμάσθη,
2545 3430 2643 3484 οὐκ
2687 3429 2865 3492 αὑτός·
2917 3430 3050 3502 αὕτη
3105 3431 3296 3510 ἐτάφη,
3330 3431 3428 3487 οὐκ
3459 3432 3638 3494 αὐτός.
3673 3434 3806 3504 αὕτη

2164 3519 2429 3575 πάντατά
2483 3518 2795 3594 ἀνθρώπινα
2841 3519 2984 3589 πάθη
3031 3521 3105 3581 ὡς
3155 3519 3439 3595 ἄνθρωπος
3502 3522 3805 3596 ὑπέμεινεν,

2163 3609 2262 3663 οὐκ
2316 3607 2497 3670 αὐτός·
2564 3606 2767 3668 ἐκεῖνος
2818 3605 2874 3662 δὲ
2927 3605 3151 3681 δύναμις
3192 3614 3346 3680 Θεοῦ,
3380 3611 3626 3664 τουτέστι
3656 3612 3806 3672 Θεὸς.

2162 3700 2224 3754 Ὁ
2252 3699 2316 3752 τά
2349 3696 2520 3752 αλυτα
2548 3700 2645 3750 τοῦ
2680 3694 2808 3767 ᾃδου
2842 3695 3030 3765 λύσας,
3062 3697 3150 3752 καὶ
3181 3699 3244 3752 τὸ
3293 3699 3488 3774 κράτος
3535 3703 3638 3754 τοῦ
3694 3697 3806 3754 δια-

2162 3782 2333 3841 ϐόλου
2363 3787 2727 3861 καταργήσας,
2766 3780 2928 3855 ἀνέϐη
2989 3786 3110 3850 ὅθεν
3167 3786 3256 3840 καὶ
3309 3782 3535 3856 κατέϐησ
3599 3787 3806 3862 ἐγείρας

2161 3874 2331 3929 έκεῖνο
2362 3875 2420 3927 τὸ
2472 3874 2655 3950 ταφὲν,
2706 3876 3040 3949 προσήνεγκε
3087 3879 3164 3946 τῷ
3216 3875 3407 3950 Πατρὶ,
3443 3873 3808 3952 ἐλευθερώσας

2160 3964 2221 4018 οὗ
2255 3963 2528 4038 ἐκρατεῖτο
2562 3960 2810 4026 θανάτοιν
2847 3963 2898 4018 ἐν
2939 3963 3117 4035 τούτῳ
3147 3966 3238 4018 τὸν
3293 3967 3502 4040 Πατέρα
3551 3971 3806 4039 νοοῦμεν,

2158 4049 2210 4107 ἕν
2263 4052 2364 4128 γάρ
2415 4051 2504 4106 καὶ
2551 4055 2711 4106 τοῦτο
2754 4051 2822 4124 τῇ
2872 4051 3106 4122 θεότητι,
3247 4049 3494 4125 δυνάμει,
3528 4057 3596 4128 τῇ
3631 4053 3804 4126 οὐσίᾳ,

2156 4145 2223 4216 τῇ
2276 4142 2562 4196 ὑποστάσει
2619 4144 2688 4211 τῇ
2750 4137 2896 4214 δόξῃ,
2957 4145 3032 4212 τῷ
3088 4141 3316 4215 ὀνόματι
3371 4146 3468 4196 τοῦ
3513 4147 3672 4214 Θεοῦ,
3719 4143 3805 4198 καὶ

2156 4230 2313 4286 αὐτὸν
2345 4230 2435 4285 τὸν
2468 4230 2587 4284 Υὶὸν
2623 4228 2674 4284 ἐν
2704 4235 2784 4302 τῷ
2832 4230 3021 4306 Πατρί.
3072 4230 3244 4292 Οὗτος
3279 4231 3306 4285 6
3341 4231 3474 4304 μετὰ
3504 4233 3568 4287 τὸ
3618 4227 3802 4286 λαϐεῖν

2152 4320 2250 4388 τήν
2286 4319 2455 4394 σάρκα
2485 4319 2696 4387 Ἰησοῦς
2729 4316 2975 4390 κληθεὶς,
3007 4318 3194 4382 καθότι
3225 4319 3314 4373 καὶ
3337 4319 3807 4394 ἅνθρωπος-τουτ-

2155 4407 2318 4478 έστιν,
2376 4402 2632 4462 ἀνέλαϐεν
2693 4405 2972 4481 ἄνθρωπον
3029 4406 3079 4461 ἐν
3115 4407 3311 4481 ἑαυτῷ,
3365 4433 3386 4458 ι
3425 4406 3478 4463 ἐν
3511 4410 3556 4481 ᾧ
3587 4415 3690 4463 πᾶν
3746 4411 3806 4464 τὸ

2104 4541 2120 4573 .‘
2154 4494 2438 4570 πλήρωμα
2464 4502 2562 4566 τῆς
2595 4495 2848 4566 θεότητος
2874 4495 3012 4550 οἰκεῖ
3043 4517 3231 4567 σωματ
3243 4499 3424 4558 11(6):.-
3449 4501 3653 4552 Τοῦτον
3677 4495 3806 4573 (χοι

396 4553 1164 4665 appellatione.
1193 4590 1248 4640 et
1277 4553 1332 4638 in
1367 4588 1536 4639 Patre
1572 4553 1781 4637 Filium
1800 4553 2044 4656 ‘quoque

2257 4553 2286 4570 ..
2365 4553 2374 4568 .
2521 4553 2560 4566 .-
2600 4553 2619 4560 ν
2741 4553 2752 4566 .
2837 4553 2846 4556 μ
3128 4553 3137 4567 .
3356 4553 3366 4558 -
3709 4553 3748 4573 Β

2173 4605 2252 4638 ιεν
2289 4584 2350 4638 06
2383 4581 2882 4660 διακεχωρισμένον
2911 4583 3018 4638 ἀπὸ
3045 4587 3144 4638 τοῦ
3178 4585 3409 4659 Πατρὸς,
3440 4585 3475 4653 ἢ
3518 4590 3618 4640 τοῦ
3650 4587 3804 4661 ἁγίου

396 4680 794 4753 agnoscimus.
828 4677 930 4732 Hic
979 4681 1067 4732 est
1111 4674 1212 4746 qui
1263 4678 1575 4746 postquam
1624 4672 2045 4743 assumpsisset

395 4771 841 4839 carnem,Jesus
869 4766 1198 4839 appellatus
1227 4770 1334 4831 est,
1361 4768 1648 4834 quatenus
1679 4767 1802 4817 erat
1833 4762 2040 4833 homo;

396 4862 505 4916 hoc
528 4865 636 4929 est,
665 4857 991 4930 assumpsit
1019 4855 1314 4910 hominem
1339 4852 1397 4907 in
1420 4851 1633 4923 seipso,
1658 4874 1684 4900 ‹‹
1718 4850 1776 4905 in
1810 4867 1922 4923 quo
1955 4853 2042 4907 in-

396 4949 617 5006 habitat
639 4948 832 5004 omnis
861 4945 1157 5018 plenitudo
1190 4941 1511 4998 divinitatis
1539 4940 1917 5011 corporaliter
1940 4942 2042 4995 ⁵⁵.»

394 5041 566 5095 Illum
599 5038 894 5094 credimus
937 5051 1041 5090 nec
1073 5051 1105 5087 a
1139 5037 1328 5102 Patre,
1362 5047 1466 5085 nec
1511 5047 1542 5084 a
1588 5030 1807 5100 Spiritu
1842 5036 2044 5087 sancto

393 5136 728 5203 separatum
765 5147 778 5185 :
812 5144 1001 5198 neque
1031 5133 1227 5180 tamen
1260 5122 1512 5177 dicimus
1553 5121 1777 5176 Patrem
1811 5122 2046 5176 descen-

391 5220 569 5286 disse,
601 5223 657 5274 et
710 5218 764 5272 in
819 5215 1056 5272 homine
1105 5211 1306 5268 fuisse.
1339 5210 1426 5265 Ita
1475 5225 1627 5264 unus
1676 5209 1831 5264 Deus
1879 5210 2046 5264 Pater

1015 5376 1059 5411 ⁶⁴
1088 5376 1254 5432 Joan.
1288 5389 1326 5443 ι,
1359 5371 1412 5427 3.
1489 5370 1534 5406 ⁸⁵
1565 5369 1784 5428 Coloss.
1820 5387 1881 5440 ιι,
1913 5371 1969 5428 9.

463 5382 508 5418 ⁵³
536 5384 706 5438 Joan.
740 5396 816 5448 ιν,
847 5377 937 5434 24.

387 5524 572 5672 ﬁgi?)
603 5525 689 5580 lta
735 5521 1146 5594 Seguerianus.
1194 5515 1368 5584 Editi,
1421 5530 1548 5571 vere
1598 5513 1775 5583 male,
1820 5511 1880 5567 ἐκ
1934 5513 2041 5570 Oa-

607 5666 773 5724 Forte
804 5662 1095 5739 άχώρητος
1107 5703 1118 5719 .

2157 4675 2489 4748 Πνεύματος²
2529 4671 2655 4729 οὐδὲ
2683 4675 2774 4729 τὸν
2807 4677 3016 4749 Πατέρα
3049 4672 3298 4750 λέγοντες
3349 4670 3805 4747 καταϐεϐηκέναι,

2153 4763 2240 4818 καὶ
2301 4763 2351 4818 ἐν
2411 4762 2675 4838 ἀνθρώπῳ
2732 4763 2997 4838 γενέσθαι.
3057 4763 3240 4826 Οὕτως
3293 4763 3368 4825 εἶς
3440 4766 3570 4826 Θεὸς
3621 4768 3803 4841 Πατὴρ

2153 4853 2538 4927 παντοκράτωρ
2597 4852 2723 4927 παρ’
2766 4853 2901 4924 ἡμῖν
2950 4853 3276 4918 πιστεύεται,
3322 4853 3410 4906 καὶ
3457 4851 3545 4908 διὰ
3575 4859 3738 4909 τοῦτο
3767 4857 3801 4924 ἡ

2153 4941 2327 5001 πίστις
2373 4941 2532 5012 ἡμῶν
2584 4939 2748 5009 ἐστιν,
2808 4940 2882 5001 εἷς
2933 4937 3026 4994 ἕνα
3071 4941 3198 4994 Θεὸν
3243 4940 3450 5017 Πατέρα
3499 4945 3801 5017 παντοκρά-

2152 5049 2306 5104 τορα,
2336 5029 2424 5083 καὶ
2454 5029 2527 5091 εἷς
2555 5029 2646 5083 τὸν
2679 5029 2799 5083 Υἱὸν
2831 5027 2995 5082 αὑτοῦ
3015 5029 3105 5083 τὸν
3136 5029 3328 5104 Κύριον
3378 5033 3540 5103 ἡμῶν
3595 5032 3802 5103 Ἰησοῦν

2153 5118 2408 5194 Χριστὸν,
2451 5119 2541 5172 καὶ
2576 5117 2648 5179 εἷς
2679 5117 2741 5172 τὸ
2773 5119 2924 5193 ἅγιον
2958 5123 3194 5188 Πνεῦμα.
3247 5121 3426 5174 Ταῦτα
3476 5117 3534 5174 δὲ
3584 5121 3637 5191 ἐξ
3692 5121 3804 5175 ἑνό-

2151 5228 2319 5277 τητος
2375 5213 2523 5280 μιᾶς,
2577 5203 2858 5279 δυνάμεως
2913 5212 3058 5280 μιᾶς,
3103 5206 3446 5270 ὑποστάσεως
3508 5216 3658 5282 μιᾶς,
3717 5210 3804 5264 o6-

2227 5514 2336 5586 (31)
2367 5513 2783 5587 Seguerianus,
2836 5511 2919 5568 ἐπ’
2959 5511 3213 5588 ἐσχάτου.
3270 5513 3442 5583 Editi,
3496 5511 3582 5568 ἐπ’
3636 5513 3801 5590 ἐσχά-

2151 5603 2258 5638 των
2269 5626 2282 5641 ,
