4086 6214
286 297 434 358 1445
1163 295 1474 354 PONTIF.
1521 294 1710 355 ROM.
1753 294 1853 353 E’l‘
1897 293 2326 354 ATHANASII
2373 292 2801 355 ElJIS'l‘OL/E.
3534 301 3683 363 H46

279 428 395 489 σίας
433 432 580 499 μιᾶς,
628 423 948 500 ὃοξολογίας
997 430 1143 497 μιᾶς,
1194 423 1514 499 κυριότητος
1568 429 1716 495 μιᾶς,
1772 424 1965 496 βασισλ

2081 425 2411 495 mnipotens
2443 444 2475 479 a
2508 426 2673 479 nubis
2706 427 2965 481 creditur
2995 428 3239 498 ideoque
3291 429 3433 484 ﬁdes
3491 439 3689 488 nostra

279 515 431 576 λείας
482 520 626 587 μιᾶς·
682 513 883 574 εἰκόνος
929 521 1027 582 τῆς
1072 510 1299 585 Τριάδος
1350 512 1663 584 ὁμοούσιοψ
1699 538 1725 561 ‹‹
1763 512 1839 564 Δι’
1871 509 1932 565 οὗ

2078 518 2152 582 st,
2211 514 2267 567 in
2327 531 2507 568 unum
2558 514 2739 568 Deum
2773 516 2999 570 Patrem
3032 517 3510 588 omnipotentem,
3544 526 3600 576 et
3630 523 3690 577 in

2046 602 2256 657 Filium
2281 603 2407 672 ejus
2439 602 2756 657 Dominum
2790 609 3059 659 nostrum
3091 605 3289 661 Jesum
3310 607 3694 674 Christum,et

2054 689 2111 743 in
2144 690 2425 760 Spiritum
2462 696 2751 745 sanctum.
2787 692 2915 746 Haec
2962 699 3155 748 autem
3187 712 3254 750 ex
3304 697 3522 753 unitate
3554 717 3694 768 una,

2044 780 2254 834 virtute
2315 796 2451 845 una,
2513 781 2845 835 substantia
2905 799 3041 848 una,
3102 783 3523 854 gloriﬁcatione
3558 806 3693 860 una,

282 866 634 943 ϐαλλομένου
690 868 764 931 εἷς
822 867 1116 946 ἀφθαρσίαν
1175 867 1263 921 καὶ
1331 866 1612 921 ἀθανασίαν
1677 866 1778 920 ὑπὸ
1836 871 1933 919 τοῦ

2076 867 2445 922 lominatione
2474 885 2609 938 una,
2645 885 2821 939 regno
2870 887 3008 937 uno,
3064 871 3339 943 imaginis
3396 875 3698 932 Trinitatis

282 964 440 1015 Θεοῦ.
476 960 673 1031 νΔμήν.
2046 956 2547 1011 consubstantiale
2580 974 2592 1010 :
2627 981 2651 1006 ‹‹
2685 957 2789 1011 Per
2813 975 2988 1027 quem
3021 961 3215 1014 omnia
3250 964 3397 1017 facta
3428 970 3566 1019 sunt
3594 967 3692 1020 55.»

285 1052 374 1107 lta
404 1056 461 1105 et
492 1051 687 1105 carnis
721 1049 1203 1104 resurrectionem
1237 1049 1555 1114 credimus,
1588 1048 1695 1101 hoc
1728 1051 1834 1113 est,
1871 1048 2129 1117 corporis
2162 1047 2711 1113 nostri,secundum
2746 1066 2944 1103 sacras
2976 1050 3699 1121 Scripturas,commutato

286 1157 354 1196 eo
384 1140 541 1210 quod
574 1137 952 1210 corruptibile
981 1138 1312 1194 et’mortale
1343 1142 1487 1208 erat,
1521 1138 1577 1190 in
1611 1134 2229 1204 incorruptibilitatem
2262 1141 2317 1189 et
2348 1136 2876 1202 immortalitatem,
2910 1155 3012 1208 per
3042 1146 3245 1194 Deum.
3278 1146 3486 1197 Amen.

277 606 346 658 τὰ
376 605 548 658 πάντα
598 602 825 677 ἐγένετο’
861 627 889 653 ››
934 602 1075 656 οὕτω
1121 605 1210 655 καὶ
1263 601 1458 674 σαρκὸς
1509 600 1789 654 ἀνάστασιν
1842 621 1931 653 πι-

280 693 539 765 στεύομεν
578 737 591 760 ,
644 691 909 758 τουτέστι,
965 688 1060 744 τοῖ’)
1119 692 1371 762 σώματος
1429 692 1589 762 ἡμῶν
1647 690 1782 742 κατὰ
1837 690 1932 750 τὰς

283 782 439 856 ἁγίας
496 780 726 857 Γραφᾶις,
757 785 853 834 τοῦ
900 782 1134 857 φθαρτοῦ
1182 777 1269 832 καὶ
1302 782 1502 848 θνητοῦ
1555 776 1717 832 αὐτοῦ
1781 798 1936 849 μετα-

286 1313 489 1383 Incipit
518 1310 811 1366 Athanasii
838 1308 1084 1380 epistola,
1118 1315 1171 1364 et
1200 1310 1589 1390 Egyptioruin
1616 1307 1950 1390 pontiﬁcum,
1984 1305 2054 1360 ad
2084 1305 2325 1390 litarcum
2353 1308 2561 1390 Papam
2602 1323 2701 1390 pro
2746 1310 3153 1380 exemplaribus
3196 1311 3411 1368 Nicaeni
3454 1317 3700 1388 concilii,

1321 1382 1451 1452 quia
1480 1378 1675 1434 Ariani
1702 1394 1891 1434 eorum
1918 1378 2259 1450 exemplaria
2288 1379 2667 1434 incenderant.

366 1507 612 1563 Domino
643 1512 933 1576 sancto,et
950 1507 1252 1578 apostolici
1283 1505 1558 1561 culminis
1592 1505 1943 1571 venerando,

296 1602 510 1663 Marco,
546 1602 758 1651 sanctae
792 1598 1064 1651 Romanis
1096 1601 1151 1651 et
1179 1595 1508 1668 apostolicae
1540 1595 1716 1660 sedis,
1776 1597 1949 1663 atque

297 1685 646 1741 universalis
705 1685 967 1740 Ecclesiae
1001 1702 1183 1757 papas,
1217 1684 1575 1740 Athanasius
1606 1688 1662 1737 et
1693 1680 1949 1737 universi

299 1775 700 1846 {Egyptiorum
734 1774 1014 1845 episcopi.

370 1866 457 1917 Ad
489 1880 587 1918 vos
647 1862 976 1934 pervenisse
1033 1879 1145 1916 non
1200 1863 1559 1927 dubitamus,
1620 1864 1839 1933 quanta
1898 1864 1954 1913 et

299 1952 497 2022 qualia
529 1952 597 2005 ad
634 1950 1010 2015 baereticis,et
1042 1951 1292 2005 maxime
1323 1951 1393 2004 ab
1424 1948 1953 2020 Arianis,quotidie

300 2042 579 2113 patimur.
613 2040 894 2104 Quoniam
928 2039 986 2093 in
1020 2043 1247 2093 tantum
1283 2039 1352 2093 ab
1410 2039 1493 2093 eis
1525 2038 1952 2108 persequimur,

303 2136 369 2183 ut
399 2129 575 2184 etiam
610 2130 796 2183 vivere
825 2130 946 2198 jam
983 2145 1086 2182 nos
1119 2128 1497 2182 taedeatznam
1533 2125 1773 2181 instanti
1804 2130 1956 2179 tem-

302 2234 461 2290 pore,
503 2219 719 2273 ‘subito
760 2223 817 2271 ct
848 2217 1136 2288 insperate
1167 2216 1225 2270 in
1262 2233 1365 2271 nos
1390 2216 1701 2281 irruentes,
1735 2230 1958 2284 nosque

298 2311 462 2377 juxta
494 2310 848 2378 praeceptum
882 2305 1134 2370 Domini,
1168 2304 1265 2375 qui
1300 2304 1379 2358 ait
1412 2321 1424 2359 :
1459 2304 1519 2355 Si
1544 2320 1631 2357 vos
1684 2304 1961 2373 persecuti

304 2398 516 2465 fuerint
544 2398 597 2448 in
621 2411 791 2448 unam
817 2393 1301 2465 civitatem,fugite
1324 2394 1382 2446 in
1402 2393 1571 2446 aliam
1597 2393 1660 2457 57;
1684 2391 1959 2462 fugiendo

310 2490 547 2557 propter
604 2483 828 2538 cladem
890 2480 1086 2553 populi
1122 2497 1219 2536 eos
1250 2480 1630 2545 declinantes,
1668 2496 1773 2534 nos
1802 2495 1958 2533 com-

310 2573 669 2645 prehendere
702 2589 813 2626 non
846 2570 1174 2636 valuerunt,
1192 2570 1289 2624 sed
1325 2570 1521 2623 omnia
1554 2575 1750 2624 nostra
1781 2568 1960 2640 depo-

310 2662 491 2733 pulati
518 2665 673 2715 sunt.
698 2661 757 2714 In
786 2665 1012 2715 tantum
1045 2659 1218 2713 etiam
1254 2662 1449 2713 nostro
1480 2662 1871 2725 vastaverunt,
1900 2662 1963 2711 ut

310 2766 416 2805 nec
439 2749 639 2819 libros,
667 2764 770 2802 nec
791 2748 1138 2801 vestimenta
1168 2746 1581 2816 ecclesiastica,
1605 2746 1835 2818 aliaque
1868 2763 1959 2800 or-

312 2843 721 2899 namenta,nec
744 2835 965 2905 reliqua
997 2835 1271 2890 utensilia
1302 2835 1470 2890 nobis
1503 2834 1960 2890 dimiserint.Li-

311 2929 449 2982 bros
483 2927 631 2982 599
666 2941 797 2981 vero
829 2929 1063 2979 nostros
1096 2941 1283 2995 usque
1316 2925 1388 2978 ad
1421 2924 1733 2979 minimum
1765 2924 1959 2979 incen-

306 3017 536 3085 dentes,
568 3031 672 3070 nec
706 3014 821 3069 iota
852 3030 1034 3067 unum
1071 3013 1488 3083 relinquentes,
1520 3018 1755 3085 propter
1812 3014 1961 3068 veri-

312 3105 447 3160 tatis
516 3105 711 3169 ﬁdem,
779 3103 1071 3158 Niczenam
1143 3103 1455 3173 synodum,
1514 3119 1630 3173 qua
1687 3101 1877 3157 clerus
1906 3106 1963 3157 et

313 3192 571 3265 populus
600 3192 995 3260 imbuebatur,
1015 3196 1070 3244 et
1102 3190 1352 3245 maxime
1377 3191 1502 3259 jam
1535 3190 1745 3245 imbuti
1776 3193 1960 3256 erant,

2058 1519 2307 1576 guarum
2341 1505 2734 1575 septuaginta,
2771 1506 2919 1561 tanti
2952 1512 3006 1561 et
3037 1513 3155 1562 tam
3189 1510 3522 1566 excellentis
3571 1529 3707 1567 con-

2060 1592 2173 1648 cilii
2234 1594 2440 1648 ﬁerent
2499 1595 2774 1665 capitula,
2826 1612 2953 1666 quae
2981 1613 3213 1652 omnem
3246 1598 3703 1657 Christianorum

2059 1681 2447 1736 informarent
2512 1683 2706 1737 orbem
2740 1729 2754 1754 ,
2814 1690 2870 1738 et
2925 1702 3135 1743 omnes
3187 1688 3295 1741 sub
3363 1691 3711 1746 sacerdotali

2062 1771 2320 1836 nomine,
2353 1775 2409 1825 et
2439 1770 2770 1827 Christiano
2801 1773 3098 1844 degentes,
3131 1792 3246 1829 una
3278 1776 3439 1843 ﬁdes,
3491 1783 3547 1832 et
3595 1797 3713 1835 una

2064 1860 2444 1915 sacerdotatis
2477 1868 2699 1932 regeret
2731 1878 2935 1917 norma
2965 1865 3098 1930 (32),
3127 1880 3230 1918 nec
3262 1866 3509 1936 quisque
3543 1885 3577 1922 a
3606 1884 3711 1924 suo

2066 1948 2376 2003 dissideret
2406 1950 2614 2021 capite.
2647 1949 2810 2004 Nunc
2842 1968 2998 2022 ergo,
3032 1952 3188 2023 quia,
3250 1960 3312 2007 ut
3369 1956 3710 2025 praedictum

2065 2041 2173 2102 est,
2196 2035 2419 2090 inimici
2451 2043 2664 2091 sanctae
2687 2038 3099 2103 Dei‘Ecclesiae,
3124 2045 3179 2095 et
3211 2043 3461 2098 maxime
3490 2045 3713 2114 Ariani,

2066 2142 2099 2179 a
2120 2124 2337 2194 quibus
2369 2124 2629 2195 quotidie
2655 2142 3061 2197 cxpugnamur
3083 2135 3139 2182 et
3158 2131 3717 2204 opprimimur,prae—

2069 2213 2187 2266 fata
2244 2213 2618 2283 septuaginta
2675 2214 2889 2268 Niczeni
2936 2216 3166 2270 concilii
3198 2219 3455 2287 capitula
3486 2238 3611 2291 qua:
3645 2225 3716 2278 de

2069 2300 2306 2371 praefata
2337 2302 2708 2371 synodojam
2770 2302 2938 2369 facta,
2992 2305 3236 2374 jubente
3284 2309 3527 2363 Domino
3585 2328 3714 2367 meo

2069 2388 2413 2458 Alexandro,
2473 2391 2736 2444 omnium
2800 2392 3205 2463 episcoporum
3264 2396 3493 2453 decreto
3524 2399 3713 2471 attuli,

2070 2494 2195 2548 quae
2226 2479 2401 2531 etiam
2447 2494 2639 2532 coram
2698 2480 2973 2534 omnibus
3032 2482 3263 2537 recitavi
3320 2490 3496 2556 atque
3554 2492 3715 2542 tran-

2071 2564 2300 2636 scripsi,
2356 2570 2491 2619 sunt
2518 2566 2656 2637 igne
2689 2568 3025 2633 combusta;
3060 2576 3332 2639 Optamus
3359 2579 3421 2628 ut
3450 2591 3482 2627 a
3514 2582 3716 2630 vcstraa

2072 2661 2285 2709 sanctae
2318 2654 2477 2708 sedis
2512 2655 2777 2710 Ecclesia:
2811 2657 3146 2722 autoritate,
3196 2676 3322 2730 qua:
3384 2669 3471 2717 est
3531 2670 3719 2720 mater

2071 2747 2127 2797 et
2158 2748 2334 2813 caput
2363 2743 2623 2797 omnium
2659 2743 3070 2810 Ecclesiarum,
3102 2763 3165 2801 ea
3199 2749 3268 2802 ad
3301 2752 3716 2808 correctionem

2072 2837 2129 2885 et
2156 2831 2570 2885 recreationem
2603 2830 2863 2886 ﬁdelium
2911 2833 3363 2892 orthodoxorum
3423 2842 3722 2912 percipere

2073 2938 2175 2991 per
2224 2925 2541 2991 praesentes
2571 2918 2792 2990 legatos
2824 2937 3169 2990 mereamur,
3207 2931 3497 2996 quatenus
3526 2935 3720 2986 vestra

2073 3008 2201 3064 fulti
2233 3010 2931 3081 auctoritate,vestrisque
2963 3012 3233 3083 precibus
3265 3015 3719 3083 roborati,illaasi

2071 3118 2104 3154 a
2128 3097 2465 3153 memoratis
2497 3098 2723 3153 aemulis
2754 3104 2967 3154 sancta:
3003 3102 3097 3154 Dei
3122 3102 3386 3159 Ecclesiae
3406 3111 3461 3160 et
3482 3108 3721 3173 nostris,

2072 3185 2627 3257 evadere,nobisque
2657 3188 3005 3243 commissos
3036 3206 3237 3247 eruere
3268 3194 3699 3269 valeamus(33)

313 3282 373 3336 in
401 3279 815 3335 contumeliam
839 3286 1097 3335 nostram
1121 3285 1176 3334 et
1198 3280 1461 3332 omnium
1481 3278 1963 3345 Christianorum,
1996 3262 2038 3328 Ο
2076 3276 2221 3330 Vere
2252 3275 2518 3330 novimus
2546 3276 2903 3345 apostolatus
2935 3279 3110 3334 vestri
3137 3297 3236 3336 cor
3291 3284 3480 3353 gratia
3536 3262 3725 3342 sancti

316 3371 725 3425 incenderunt.
759 3369 1120 3439 Quapropter
1152 3385 1479 3440 precamur,
1528 3372 1701 3423 Pater
1755 3368 1971 3424 beatis-

321 3460 491 3520 sime.
553 3464 688 3529 quia
722 3477 829 3512 non
865 3458 1203 3511 dubitamus
1238 3457 1391 3528 apud
1425 3474 1524 3514 vos
1557 3457 1818 3528 plenaria
1845 3473 1973 3513 esse

325 3547 541 3602 Nicmni
599 3546 825 3600 concilii
894 3545 1270 3616 exemplaria,
1329 3551 1391 3599 ut
1446 3546 1549 3600 illa
1608 3546 1799 3613 nobis,
1847 3563 1972 3617 qua:

327 3643 544 3692 sancta:
583 3636 995 3690 recordationis
1030 3634 1468 3703 praedecessoris
1496 3636 1669 3689 vestri
1701 3635 1976 3707 Sylvestri

330 3724 705 3791 t'ueruut,sub
740 3728 865 3777 tuta
900 3724 1143 3777 mittatis
1163 3723 1710 3794 stipulatione.Nam
1745 3725 1977 3793 quando

332 3814 616 3885 praedicta:
685 3813 904 3884 synodo
971 3829 1103 3865 cum
1170 3813 1397 3883 potiﬁce
1461 3817 1694 3880 nostro,
1752 3812 1809 3868 id
1867 3818 1978 3879 est,

330 3902 733 3957 Alexandrinae
769 3917 989 3971 magna:
1022 3900 1275 3954 civitatis
1326 3900 1618 3971 episcopo,
1670 3900 1729 3954 in
1787 3901 1981 3957 diaco-

329 3996 503 4045 natus
560 3989 935 4043 interfuimus
994 3988 1202 4057 ol‘ﬁcio,
1263 3988 1373 4043 sub
1419 3993 1626 4043 nostris
1663 3989 1979 4059 priesentiae

330 4077 798 4149 testimonio,per
832 4080 1028 4131 beatos
1050 4075 1521 4141 viros,Victorem
1554 4078 1891 4147 [Vitionem]
1925 4082 1983 4132 et

328 4166 697 4221 Vincentium
734 4163 1457 4237 presbyteros,apostolica3
1486 4165 1642 4219 sedis
1672 4164 1983 4236 apocrisia-

328 4254 661 4322 rios,missa
674 4260 812 4309 sunt
835 4252 1102 4325 praedicto
1126 4268 1283 4322 papae
1306 4251 1594 4323 Sylvestro
1617 4269 1749 4307 cum
1765 4252 1983 4325 astipu-

329 4343 545 4399 latione
569 4344 830 4397 subnexa
853 4340 1245 4412 capitulorum
1269 4340 1816 4413 septuaginta.Sane
1837 4359 1979 4413 prae-

328 4432 598 4488 sentibus
631 4431 816 4499 nobis,
877 4430 1172 4501 octoginta
1228 4429 1487 4500 capitula
1543 4430 1601 4484 in
1661 4436 1983 4486 memorata

329 4527 578 4577 tractata
608 4526 747 4577 sunt
778 4520 999 4590 synodo
1028 4517 1231 4583 semel,
1258 4522 1316 4573 et
1346 4517 1731 4590 quadraginta
1760 4537 1792 4574 a
1823 4520 1979 4574 Grae-

2079 3364 2329 3434 Spiritus
2386 3363 2444 3417 in
2502 3371 2733 3420 tantum
2785 3382 2913 3421 esse
2971 3384 3303 3434 accensum,
3354 3376 3419 3428 ut
3449 3375 3726 3431 omnibus

2083 3452 2380 3524 oppressis
2428 3454 2783 3509 succurratis
2816 3472 2829 3508 :
2866 3463 3083 3527 quanto
3131 3460 3319 3531 magis
3377 3463 3567 3530 nobis,
3627 3464 3727 3535 qui

2081 3542 2216 3597 licet
2259 3542 2451 3613 exigui
2484 3542 2728 3608 ordinis,
2757 3550 2951 3599 tamen
2984 3548 3157 3601 vestri
3189 3565 3415 3624 sumus,
3449 3551 3730 3624 vobisque
3754 3614 3767 3621 ,

2084 3632 2422 3687 obedientes
2454 3648 2586 3685 cum
2616 3633 2890 3688 omnibus
2923 3635 3090 3689 nobis
3122 3640 3480 3704 commissis,
3527 3646 3582 3695 et
3629 3658 3729 3695 su-

2088 3737 2240 3785 mus,
2260 3726 2314 3774 et
2340 3736 2467 3775 esse
2498 3738 2727 3791 semper
2756 3723 3187 3779 volumus.ldeo
3219 3727 3401 3791 decet,
3421 3732 3479 3782 et
3506 3734 3733 3799 oportet

2087 3827 2188 3864 vos
2221 3809 2386 3863 nobis
2419 3809 2539 3863 haec
2570 3826 2696 3879 qua:
2728 3826 3025 3881 rogamus,
3060 3818 3115 3867 et
3171 3813 3284 3869 alia
3342 3833 3467 3885 quae
3527 3834 3729 3872 neces-

2088 3898 2243 3953 saria
2281 3898 2451 3967 juxta
2480 3897 2826 3967 sapientiam
2860 3916 3033 3969 quam
3068 3901 3228 3956 vobis
3260 3904 3530 3973 praestitit
3552 3906 3731 3961 Altis-

2088 3987 2298 4052 simus,
2333 4002 2458 4040 esse
2508 3986 2911 4056 cognoveritis,
2971 3989 3193 4059 absque
3253 3991 3523 4047 tarditate
3584 4012 3731 4065 pra:-

2088 4082 2262 4139 stare,
2312 4079 2371 4127 ut
2403 4077 2573 4127 tanta:
2606 4073 2851 4129 miseriae
2883 4076 3183 4146 squalores
3213 4095 3246 4132 a
3277 4080 3534 4136 ﬁdelium
3565 4099 3730 4138 men-

2086 4162 2247 4217 tibus
2277 4162 2735 4233 detergantur,et
2765 4164 2933 4234 quasi
2953 4164 3164 4220 vulnus
3182 4167 3439 4238 corporis
3460 4169 3731 4240 inﬁxum,

2090 4250 2293 4307 auditu
2325 4254 2495 4304 tanta:
2548 4250 2793 4304 miseriae
2852 4253 3139 4323 obserato,
3200 4254 3440 4311 salutari
3497 4265 3736 4315 curetur

2089 4338 2375 4404 antidoto,
2438 4343 2500 4392 ut
2556 4336 2750 4393 divino
2781 4340 2906 4395 freti
2931 4342 3255 4411 juvamine,
3290 4351 3599 4419 vestraque
3630 4366 3733 4405 au-

2090 4427 2352 4485 ctoritate
2381 4431 2556 4498 atque
2587 4427 2799 4482 auxilio
2828 4430 3102 4495 roborati,
3130 4432 3563 4492 adversantium
3620 4442 3736 4494 ter-

2089 4515 2509 4591 giversationes
2564 4516 2805 4572 evadere
2863 4519 3182 4587 valeamus,
3227 4528 3395 4592 atque
3426 4525 3733 4584 inconfuso

328 4610 415 4666 cis
474 4610 669 4665 Graeca
726 4608 882 4663 dicta
922 4608 1141 4678 lingua,
1175 4612 1232 4661 et
1260 4607 1649 4677 quadraginta
1680 4625 1711 4661 a
1741 4607 1977 4677 Latinis,
2009 4626 2055 4689 Ι)
2087 4606 2269 4672 vultu,
2302 4622 2414 4659 non
2458 4605 2659 4659 fraude
2714 4607 3063 4677 cujusquam
3122 4610 3400 4679 perculsi,
3460 4614 3736 4671 assistere

328 4699 603 4756 similiter
629 4700 784 4754 dicta
811 4698 1015 4752 Latina
1046 4697 1262 4767 lingua.
1298 4696 1404 4750 Sed
1462 4697 1653 4751 visum
1712 4700 1800 4751 est
1856 4702 1976 4752 tre-

328 4789 517 4844 centis
571 4790 771 4842 decem
833 4791 889 4840 et
918 4789 1045 4839 octo
1081 4784 1367 4849 Patribus,
1402 4792 1603 4839 sancto
1635 4784 1851 4856 Spiritu
1886 4802 1974 4841 re-

327 4876 523 4950 pletis,
550 4876 605 4930 in
641 4875 915 4947 praedicto
946 4872 1189 4927 concilio
1222 4872 1609 4944 congregatis,
1643 4880 1700 4928 et
1733 4874 1982 4930 maxime

317 4968 450 5037 jam
483 4966 635 5020 dicto
668 4963 1012 5031 Alexandro,
1047 4968 1102 5017 et
1149 4961 1479 5032 apostolicae
1538 4963 1692 5018 sedis
1752 4964 1977 5035 apocri-

327 5055 548 5121 siariis,
584 5059 643 5106 ut
668 5054 862 5107 decem
896 5049 1151 5121 capitula
1182 5051 1583 5105 adunarentur
1615 5051 1768 5118 aliis,
1803 5058 1980 5123 atque

329 5142 605 5213 congruis
665 5141 724 5195 in
784 5141 925 5196 locis
974 5141 1386 5204 insererentur,
1417 5144 1473 5196 et
1503 5141 1573 5195 ad
1610 5142 1856 5196 formam
1889 5157 1978 5195 se-

332 5230 635 5304 ptuaginta
664 5229 1106 5301 discipulorum,
1138 5226 1225 5283 vel
1257 5228 1435 5284 totius
1464 5229 1623 5285 orbis
1652 5234 1815 5285 terrm
1865 5228 1977 5284 lin-

403 5422 445 5466 ⁶ε
474 5420 640 5477 Joan.
675 5436 714 5491 ι,
746 5420 798 5474 3.
875 5418 917 5456 ω
948 5418 1149 5474 Matth.
1180 5435 1236 5486 x,
1266 5419 1358 5476 22.

401 5617 512 5690 (32)
541 5617 600 5674 S.
635 5617 768 5683 Leo,
800 5630 892 5688 ep.
923 5614 1013 5671 84.

2086 4700 2295 4751 aeterno
2320 4694 2508 4764 judici
2542 4710 2889 4761 mereamur,
2917 4703 2972 4750 et
3004 4714 3198 4753 vocem
3231 4700 3430 4755 audire
3463 4703 3737 4775 inquien-

2084 4790 2200 4839 tem
2235 4800 2246 4837 :
2281 4785 2447 4853 Euge,
2480 4799 2627 4837 serve
2660 4783 2791 4838 bone
2822 4788 2870 4839 et
2913 4786 3116 4855 ﬁdelis,
3168 4791 3296 4860 quia
3350 4807 3517 4859 super
3560 4809 3738 4863 pauca

2087 4876 2248 4945 fuisti
2305 4873 2504 4943 ﬁdelis,
2564 4890 2737 4943 supra
2793 4877 2967 4930 multa
3020 4881 3073 4931 te
3100 4882 3461 4936 constituam.
3494 4882 3645 4937 Intra
3675 4884 3736 4938 in

2087 4963 2353 5034 gaudium
2386 4964 2610 5016 Domini
2640 4964 2723 5016 tui
2753 4963 2814 5017 ⁵⁸.

2160 5052 2226 5106 Et
2243 5051 2895 5122 subscriptio:0rantem
2929 5070 3029 5124 pro
3048 5054 3213 5111 nobis
3228 5063 3496 5113 sanctum
3512 5065 3741 5130 aposto-

2086 5142 2269 5195 latum
2304 5145 2559 5195 vestrum
2591 5138 2864 5212 longaevis
2892 5142 3177 5199 Dominus
3198 5151 3499 5202 conservet
3516 5150 3740 5219 tempo«

2089 5230 2275 5285 ribus.

1433 5417 1475 5456 ⁸⁸
1508 5417 1713 5473 Matth.
1747 5433 1880 5488 xxv,
1911 5418 2001 5487 21,
2031 5416 2122 5470 23.

2165 5613 2277 5688 (33)
2305 5612 2521 5670 Concil.
2554 5613 2880 5670 Romanum
2910 5629 3063 5671 anno
3090 5613 3220 5674 721.
