4086 6214
466 341 619 398 144⁸7

1610 334 1672 390 S.
1722 327 2247 393 A'I‘HANASIUS.
2286 367 2363 377 —
2402 332 2713 395 SPURIA.

3694 338 3819 398 1448

464 502 805 572 Rescriptum
858 497 1029 553 Marci
1080 510 1259 567 papa’,
1314 494 1379 548 de
1434 494 1695 548 missione
1750 494 2125 575 capitulorum
2179 494 2396 576 Νέᾳωηί
2450 474 2677 550 concilii
2730 496 3052 563 Athanasio,
3111 499 3166 550 ei
3194 495 3443 551 omnibus
3483 498 3820 568 .ﬂgyptiorum

2032 580 2314 636 episwpis.

537 685 799 743 Dominis
820 680 1248 739 venerabilibus
1272 677 1891 744 fratribus,Athanasie
1910 681 1966 732 et
1988 677 2113 732 uni-
2142 680 2196 744 Α
2226 678 2462 747 scrinio,
2493 680 2694 734 eadem
2729 697 2856 751 quas
2915 684 3130 734 sanetae
3188 679 3601 736 recordationis
3652 683 3825 752 prede-

462 776 647 832 versis
675 772 1075 846 Egyptiorum
1103 769 1414 841 episcopis,
1450 768 1680 822 Marcus
1731 772 1946 821 sanctae
2006 766 2113 821 Ro-

464 882 670 932 mana,
714 860 1157 933 apostolicaeque
1188 857 1354 913 Sedis
1384 860 1439 912 et
1473 854 1819 910 universalis
1848 853 2114 909 Ecclesiae

463 953 796 1025 epise0pus.

539 1040 730 1105 Uoleo,
766 1040 997 1103 fratres,
1029 1041 1087 1091 et
1114 1034 1364 1090 nimium
1394 1033 1705 1087 contristor
1737 1048 1912 1103 super
1967 1030 2114 1086 afﬂi-

464 1129 655 1185 ctione
714 1133 926 1195 vestra,
986 1125 1087 1179 sed
1147 1123 1359 1195 Oppido
1418 1120 1705 1184 consolor,
1759 1120 1913 1190 quod
1948 1122 2115 1173 vento

465 1219 685 1290 agitata
716 1233 829 1270 non
863 1214 1004 1269 estis
1039 1212 1286 1277 arundo,
1320 1210 1417 1264 sed
1457 1208 1591 1263 recti
1650 1208 1708 1261 in
1769 1208 1901 1275 fide,
1966 1207 2118 1260 inter

465 1323 668 1362 omnes
720 1302 1107 1376 procellarum
1142 1306 1194 1354 et
1230 1298 1530 1353 turbinum
1565 1297 1931 1361 afﬂictiones,
1965 1295 2117 1349 inter

461 1410 664 1448 omnes
694 1390 1154 1457 colluctationes,
1191 1388 1551 1441 incessanter
1608 1384 1962 1456 perduratis.
2010 1382 2113 1438 Le-

461 1483 572 1538 ctis
619 1496 754 1552 ergo
787 1477 1161 1535 fraternitatis
1192 1483 1394 1530 vestrae
1430 1474 1657 1538 litteris,
1694 1474 1947 1543 vigorem
1976 1488 2115 1527 con-

457 1570 688 1627 stantiae
719 1575 942 1633 vestrae,
970 1584 1146 1639 quam
1178 1565 1315 1620 olim
1353 1580 1719 1631 noveramus,
1743 1562 2110 1633 agnovimus.

457 1657 943 1731 Congratulantes
973 1656 1152 1721 vobis,
1188 1655 1340 1725 quod
1376 1655 1442 1707 ad
1478 1651 1927 1707 custodiendum
1988 1665 2113 1715 gre-

464 1764 620 1819 gem,
645 1745 1021 1819 pastoralem'
1054 1760 1254 1798 curam
1289 1742 1593 1813 vigilantes
1625 1737 2115 1810 insequimini.Ne

462 1837 609 1908 lupi,
646 1836 742 1907 qui
779 1837 887 1889 sub
922 1834 1113 1904 specie
1147 1831 1339 1885 ovium
1391 1829 1820 1889 subintrarunt,
1882 1824 2112 1881 bestiali

459 1926 678 1982 saevitia
737 1922 1034 1993 simplices
1084 1936 1348 1991 quasque
1378 1917 1716 1971 dilacerent.
1751 1914 1855 1980 Qui
1893 1932 2004 1969 non
2040 1915 2109 1969 ad

456 2015 562 2069 hoc
594 2013 1026 2073 subintrarunt,
1061 2016 1121 2062 ut
1154 2009 1348 2078 aliqua
1380 2005 1736 2060 correctione
1780 2004 2106 2075 proﬁciant,

453 2102 555 2157 sed
586 2106 649 2156 ut
677 2118 762 2169 ea,
793 2116 919 2170 qua?
950 2103 1088 2153 sunt
1119 2113 1279 2160 sana,
1314 2099 1711 2164 corrumpant.
1746 2095 2110 2163 Quapropter

453 2207 659 2245 moneo
690 2195 747 2244 et
780 2188 976 2242 hortor
1005 2185 1372 2239 dilectionem
1429 2188 1706 2249 vestram,
1767 2186 1828 2234 ut
1886 2182 2102 2235 bonum

453 2280 610 2350 quod
650 2276 928 2348 coepistis,
963 2272 1423 2329 adminiculante
1455 2271 1653 2324 divina
1683 2271 1889 2340 gratia,
1921 2286 2106 2340 usque

452 2369 513 2423 in
547 2368 719 2421 finem
756 2365 1068 2436 perducere
1120 2362 1420 2433 satagatis,
1475 2360 1731 2414 veritatis
1788 2374 1925 2412 voce
1984 2376 2102 2412 ma-

456 2459 629 2511 nente
687 2470 700 2510 :
738 2458 934 2508 Beatus
965 2452 1061 2522 qui
1086 2450 1512 2520 perseveraverit
1542 2450 1597 2502 in
1629 2448 1793 2517 ﬁnem
1820 2447 1910 2499 '3'.
1948 2446 2107 2501 Unde

453 2542 609 2598 enim
643 2544 809 2596 beata
840 2536 1289 2611 perseverantia,
1324 2535 1434 2591 nisi
1483 2537 1554 2590 de
1606 2536 1821 2590 virtute
1881 2534 2103 2606 patien-

453 2632 587 2687 tiae?
644 2631 789 2685 Nam
843 2631 1011 2698 juxta
1060 2625 1399 2699 Apostolum
1438 2643 1449 2680 :
1481 2624 1677 2679 Omnes
1708 2626 1805 2695 qui
1832 2624 2108 2678 voluerint

450 2724 542 2794 pie
570 2723 745 2775 vivere
766 2721 827 2772 in
849 2718 1085 2785 Christo,
1111 2717 1543 2786 persecutionem
1567 2715 1850 2784 patientur
1878 2713 1941 2765 ⁵ο.
1967 2712 2101 2775 Qua:

456 2826 570 2863 non
601 2810 657 2862 in
694 2824 760 2862 eo
792 2811 1021 2862 tantum
1082 2802 1478 2874 computanda
1529 2807 1636 2871 est,
1688 2801 1844 2873 quod
1901 2806 2104 2855 contra

452 2897 838 2954 Christianam
892 2895 1186 2966 pietatem,
1236 2898 1339 2947 aut
1371 2893 1540 2958 ferro,
1574 2895 1676 2946 aut
1704 2890 1941 2961 ignibus
1972 2889 2102 2961 agi-

452 2993 568 3053 tur,
603 2990 705 3041 aut
751 2983 1197 3055 quibuscunque
1256 2979 1585 3052 suppliciis,
1645 2994 1777 3033 cum
1832 2993 2101 3049 persecu-

453 3075 677 3130 tionum
712 3073 991 3129 saevitiam
1025 3069 1358 3142 suppleant,
1419 3070 1518 3125 sed
1586 3067 2103 3123 dissimilitudines

457 3180 710 3231 morum,
743 3167 800 3216 et
829 3160 1209 3215 contumaciae
1240 3158 1787 3226 inobedientium,et
1816 3154 2103 3227 maligna-

456 3267 587 3305 rum
610 3250 722 3304 tela
744 3245 1861 3320 linguarum,quibusconflictationibus
1878 3252 2105 3298 utcom-

458 3338 662 3393 munia
692 3353 923 3408 semper
954 3336 1216 3391 membra
1248 3335 1650 3407 pulsantur,ut
1680 3332 1841 3387 nulla
1873 3332 2102 3404 piorum

2224 768 2440 822 cessori
2497 785 2626 824 meo
2683 769 2976 841 Sylvestro
3033 774 3176 825 sunt
3207 770 3449 839 directa,
3482 771 3825 842 septuaginta,

2226 856 2379 911 sicut
2409 858 2807 927 signiﬁcastis,
2839 857 3098 929 capitula
3130 858 3481 915 invenimus.
3506 858 3632 930 Ipsa
3671 868 3826 914 autem

2225 946 2655 1017 vobis,propter
2682 949 3088 1002 auctoritatem
3122 953 3180 1003 et
3231 948 3707 1019 subscriptionem
3727 952 3827 1002 tan-

2225 1039 2420 1089 torum
2452 1034 2710 1099 Patrum,
2768 1041 2824 1090 et
2875 1037 3005 1106 ejus
3063 1037 3259 1108 magni
3321 1036 3571 1102 concilii,
3628 1036 3831 1090 minime

2226 1123 2521 1192 misimus,
2577 1124 2677 1178 sed
2739 1141 2837 1195 per
2883 1125 3108 1192 eadem,
3142 1142 3456 1197 coramque
3487 1124 3832 1197 apecrisiariis

2226 1213 2456 1278 vestris,
2488 1211 2601 1266 alia
2633 1212 2867 1282 similia,
2897 1213 3168 1275 eumdem
3205 1214 3833 1283 numerum,eademque

2225 1300 2417 1366 verba,
2449 1305 2506 1353 et
2531 1298 2720 1370 ipsam
2752 1299 3242 1371 subscriptionem
3275 1301 3651 1363 continentia,
3702 1300 3833 1355 vobis

2226 1386 2565 1453 rescribere,
2622 1392 2680 1442 et
2726 1388 2837 1441 sub
2870 1388 3024 1442 600
3054 1395 3213 1443 certa
3241 1388 3617 1460 stipulatione
3643 1394 3694 1442 et
3719 1405 3830 1443 con-

2229 1474 2553 1530 ﬁrmatione
2589 1476 2817 1530 mittere
2846 1476 3202 1530 curavimus.
3237 1477 3303 1531 Et
3331 1476 3466 1547 quis
3496 1482 3583 1533 est
3604 1476 3693 1548 qui
3745 1478 3832 1530 fra-

2225 1564 2413 1619 tribus
2444 1562 2584 1618 talia
2613 1578 2823 1633 negare
2852 1564 3237 1619 audeat?Nam
3271 1582 3385 1620 non
3420 1566 3676 1634 neganda
3698 1565 3833 1619 nobis

2226 1653 2345 1707 haec
2402 1652 2587 1707 sancti
2644 1652 2894 1723 Spiritus
2951 1652 3104 1707 dona
3160 1652 3449 1709 Dominus
3495 1654 3701 1718 docuit,
3753 1653 3832 1707 sed

2225 1742 2473 1796 fideliter
2528 1741 2864 1803 exercenda.
2922 1747 2979 1795 et
3038 1742 3316 1797 fratribus
3375 1743 3835 1811 contradenda,et

2224 1831 2483 1885 docenda
2513 1830 2816 1883 distribuit
2846 1830 2979 1900 (34).
3015 1830 3143 1885 Ηῑεο
3170 1831 3573 1901 apostolorum
3603 1832 3716 1884 viva
3742 1837 3835 1883 tra-

2223 1919 2387 1988 ditio,
2418 1918 2537 1973 haec
2567 1924 2655 1973 est
2687 1935 2817 1973 vera
2848 1919 3127 1988 charitas,
3162 1936 3288 1989 qua:
3341 1920 3704 1991 praedicanda
3747 1923 3836 1986 est,

2224 2014 2279 2064 et
2310 2008 2597 2079 praecipue
2628 2006 2925 2077 diligenda
2954 2024 3020 2061 ac
3053 2009 3500 2079 fovenda,atque
3532 2007 3837 2062 ﬁducialiter

2218 2099 2289 2150 ab
2322 2096 2597 2150 omnibus
2624 2096 3096 2150 tenenendazhmc
3129 2103 3404 2151 sanctast
3422 2096 3837 2169 apostolicama-

2217 2191 2305 2240 ter
2348 2185 2611 2238 omnium
2674 2183 3082 2249 licelesiarum,
3144 2184 3359 2239 Christi
3421 2186 3680 2251 Ecclesia,
3732 2201 3834 2254 quae

2219 2289 2320 2344 per
2350 2273 2767 2343 omnipotentis
2800 2272 2897 2326 Dei
2933 2273 3177 2344 gratiam
3216 2290 3249 2326 a
3277 2275 3515 2329 tramite
3546 2272 3833 2344 apostolica

2215 2361 2549 2416 traditionis
2582 2377 2885 2432 nunquam
2922 2378 3148 2416 errasse
3181 2363 3485 2433 probatur,
3535 2378 3635 2416 nec
3686 2361 3834 2416 hatre-

2217 2450 2465 2504 ticerum
2499 2450 2859 2504 novitatibus
2892 2450 3264 2520 depravanda
3295 2450 3628 2516 succubuit;
3669 2449 3754 2503 sed
3784 2454 3834 2502 ut

2215 2539 2273 2592 in
2305 2538 2540 2592 exordio
2572 2554 2840 2591 normam
2902 2537 3035 2591 fidei
3093 2537 3441 2593 Christianae
3491 2538 3732 2610 percepit
3777 2537 3833 2589 ab

2214 2626 2549 2681 auctoribus
2607 2625 2730 2681 suis
2791 2625 3189 2697 apostolorum
3235 2626 3454 2682 Christi
3488 2626 3830 2699 principibus,

2213 2715 2435 2771 illibata
2469 2716 2585 2769 fine
2614 2720 2790 2769 tenus
2824 2716 3377 2781 manet,secundum
3414 2715 3601 2787 ipsius
3632 2712 3829 2770 Domini

2210 2803 2523 2859 Salvatoris
2580 2802 2838 2858 divinam
2899 2803 3403 2875 pollicitationem,
3466 2804 3564 2875 qui
3622 2817 3827 2859 suorum

2211 2892 2634 2965 discipulorum
2668 2891 2913 2964 principi
2947 2892 3008 2947 in
3041 2892 3164 2948 suis
3196 2894 3351 2948 fatus
3380 2899 3473 2949 est
3502 2890 3828 2964 Evangeliis:

2211 2986 2389 3047 Petro,
2421 2980 2716 3053 inquiens,
2746 2998 2867 3036 ecce
2911 2980 3090 3036 Satan
3145 2984 3412 3052 expetivit
3473 2992 3531 3038 ut
3587 2981 3831 3038 cribraret

2212 3087 2320 3138 vos,
2379 3072 2520 3125 sicut
2578 3072 2677 3141 qui
2728 3071 2939 3125 cribrat
2993 3072 3237 3125 triticum
3271 3089 3288 3123 :
3319 3087 3423 3142 ego
3470 3076 3652 3127 autem
3677 3076 3834 3141 prole

2212 3163 2419 3231 rogavi,
2453 3165 2513 3214 ut
2554 3175 2664 3213 non
2720 3159 2936 3229 deﬁciat
2991 3160 3122 3229 ﬁdos
3177 3168 3289 3225 tua,
3349 3164 3402 3215 et
3463 3167 3524 3216 tu
3576 3156 3835 3230 aliquando

2211 3265 2502 3304 conversus
2530 3250 2795 3319 conﬁrma
2824 3252 3027 3319 fratres
3058 3252 3178 3303 tuos
3209 3249 3275 3302 ⁸ο.
3307 3250 3649 3304 Consideret
3671 3248 3839 3316 itaque

2211 3344 2405 3395 vestra
2437 3337 2723 3393 excellens
2754 3337 3085 3409 prudentia,
3121 3354 3300 3409 quam
3333 3337 3557 3393 bonum
3607 3337 3680 3393 sit
3733 3349 3836 3406 per-

458 3427 643 3499 portio
674 3424 1099 3481 conflictatione
1129 3423 1207 3478 sit
1238 3423 1438 3488 libera,
1475 3429 1537 3477 ut
1569 3438 1672 3476 nec
1703 3420 2109 3491 periculis,nec
2139 3412 2182 3477 C
2220 3426 2427 3481 sistere
2480 3426 2539 3478 in
2596 3423 3034 3494 dispensatione
3089 3425 3254 3480 vobis
3310 3425 3555 3494 credita,
3583 3430 3637 3480 et
3667 3425 3718 3478 in
3748 3421 3839 3475 ﬁde

455 3516 572 3571 otio
604 3522 857 3581 eareanl,
892 3530 997 3568 nec
1025 3512 1393 3567 labore.Nam
1428 3511 1568 3577 haec,
1602 3516 1659 3565 et
1686 3510 1884 3564 omnia
1916 3509 2106 3564 incre-

454 3616 649 3659 menta
665 3602 1053 3675 probabilium
1069 3600 1481 3669 studiorum,et
1496 3599 1550 3653 in
1567 3599 1650 3653 eis
1664 3597 1918 3669 usquein
1936 3597 2104 3651 ﬁnem

450 3690 1157 3766 perseverantium,atque
1188 3689 1350 3744 bona)
1374 3687 1689 3743 voluntatis
1719 3687 2099 3749 incrementa,

448 3784 517 3837 ad
577 3781 794 3837 Christi
855 3779 1105 3851 gratiam
1155 3794 1389 3850 semper
1418 3784 1557 3832 sunt
1586 3776 1905 3842 referenda,
1945 3780 2009 3829 ut
2042 3775 2101 3829 in

452 3872 731 3928 omnibus
763 3886 885 3941 qua:
918 3867 1330 3939 agimus,Deus
1362 3866 1521 3921 omni
1556 3865 1802 3937 perfecte
1831 3863 2102 3919 laudetur

446 3966 730 4031 tempore.
768 3963 844 4014 De
872 3957 1263 4028 capitulorum
1299 3972 1551 4026 namque
1581 3957 1822 4010 veritate
1878 3959 1934 4008 et
1992 3971 2100 4009 nu-

446 4066 607 4105 mero
654 4047 868 4102 Nicaeni
896 4045 1147 4112 concilii,
1181 4045 1395 4116 quibus
1428 4061 1527 4099 vos
1555 4044 1910 4110 interfuisse,
1946 4044 2098 4098 litte-

451 4138 532 4193 ris
561 4143 765 4192 vestrze
797 4134 1179 4191 fraternitatis
1208 4132 1610 4205 signiﬁcastis,
1643 4150 1675 4187 a
1707 4131 1944 4201 nostris,
1995 4131 2097 4202 qui

446 4242 559 4281 una
588 4226 891 4280 vobiscum
925 4224 1338 4289 interfuerunt,
1390 4220 1864 4294 diligentioribus
1900 4221 2095 4291 requi-

446 4314 693 4369 sivimus
728 4313 1233 4369 collocutionibus.
1267 4310 1373 4376 Qui
1406 4311 1505 4381 ita,
1540 4314 1603 4365 ut
1631 4316 1834 4365 vestra
1874 4313 2095 4364 testatae

446 4410 583 4459 sunt
633 4404 859 4472 litteras,
920 4419 1153 4457 omnem
1187 4400 1353 4457 nobis
1383 4400 1649 4456 ordinem
1679 4403 2093 4470 exposuerunt,

445 4498 501 4549 et
529 4498 783 4549 vestram
818 4490 1125 4564 epistolam
1159 4506 1261 4562 per
1289 4489 1488 4545 omnia
1515 4505 1709 4544 veram
1742 4504 1870 4543 esse
1900 4486 2095 4542 testati

443 4588 605 4647 sunt,
638 4599 750 4637 non
802 4586 867 4636 ut
915 4579 1135 4650 aliquid
1199 4577 1503 4633 sinistrum
1560 4582 1751 4632 vestra
1807 4593 1875 4631 ex
1933 4580 2094 4647 parte

443 4671 818 4736 arbitremur,
879 4668 977 4724 sed
1042 4685 1147 4722 nos
1204 4674 1260 4722 et
1288 4683 1410 4731 vos,
1444 4665 1693 4737 illosque
1722 4667 1945 4737 absque
1977 4665 2095 4721 ulla

440 4759 501 4813 in
534 4763 833 4830 posterum
869 4757 1213 4811 titubatione
1233 4772 1413 4810 unum
1438 4754 1654 4810 sentire
1676 4760 2096 4825 optaremus,et

443 4852 648 4903 sancta
680 4847 941 4901 Romana
972 4844 1248 4910 Ecclesia,
1283 4860 1408 4915 quae
1441 4860 1672 4912 semper
1715 4844 2092 4900 immaculata

442 4935 682 5003 mansit,
744 4941 799 4989 et
858 4933 1097 4988 Domino
1156 4932 1513 5004 providente,
1546 4937 1603 4986 et
1630 4933 1798 4987 beato
1829 4932 2091 5004 apostolo

442 5024 608 5079 Petro
635 5040 803 5095 opem
836 5023 1074 5086 ferente,
1108 5022 1165 5076 in
1199 5023 1395 5076 futuro
1455 5021 1730 5088 manebit,
1790 5022 1915 5077 sine
1972 5020 2095 5077 ulla

441 5113 847 5168 haereticorum
891 5111 1471 5177 insultatione,iirma
1499 5115 1555 5165 et
1585 5110 1901 5165 immobilis
1933 5111 2092 5165 omni

439 5207 703 5274 tempore
732 5202 1027 5274 persistet.
1062 5200 1164 5255 His
1194 5199 1394 5271 itaque
1452 5199 1723 5270 peractis,
1785 5199 2096 5271 diligenter

439 5292 826 5365 requirentes,
886 5292 944 5347 in
1001 5294 1203 5347 saneto
1248 5294 1457 5345 nostrae
1488 5293 1545 5344 et
1574 5287 1905 5360 apostolicae
1938 5289 2093 5346 sedis

2216 3520 2576 3584 recta,atque
2606 3512 2894 3567 haereticis
2924 3517 2981 3567 et
3008 3512 3236 3568 aemulis
3267 3513 3487 3569 Christi
3523 3526 3835 3585 repugnare,

2212 3609 2270 3660 et
2300 3618 2601 3674 nunquam
2635 3619 2667 3656 a
2698 3600 2958 3656 veritatis
2988 3602 3222 3657 tramite
3243 3602 3559 3658 declinare.
3584 3599 3836 3665 Quoniam

2213 3692 2498 3748 Dominus
2527 3697 2583 3746 et
2611 3690 2873 3746 Salvator
2894 3691 3181 3755 omnium,
3213 3692 3384 3761 cujus
3419 3693 3566 3746 fides
3596 3696 3698 3755 est,
3751 3685 3833 3759 qui

2211 3800 2314 3855 pro
2356 3783 2524 3839 nobis
2579 3782 2727 3836 mori
2758 3798 2872 3836 non
2905 3782 3215 3849 dubitaxit,
3249 3788 3305 3837 et
3338 3784 3572 3854 proprio
3604 3799 3702 3837 nos
3746 3794 3835 3833 sne

2210 3871 2498 3942 sanguine
2528 3870 2796 3939 redemit,
2822 3870 2921 3941 qui
2947 3869 3119 3925 fidem
3150 3870 3299 3925 beati
3334 3871 3489 3925 Petri
3550 3888 3657 3925 non
3708 3867 3834 3921 defe-

2209 3965 2433 4014 cturam
2495 3956 2784 4028 promisit,
2845 3962 2902 4011 et
2945 3957 3290 4011 confirmare
3321 3974 3457 4011 eum
3492 3957 3695 4011 fratres
3718 3967 3834 4008 suos

2207 4046 2537 4103 admonuit.
2563 4046 2723 4111 Quod
2756 4044 3109 4115 apostolicos
3140 4045 3445 4115 pontiﬁces
3478 4063 3617 4101 mea
3646 4040 3835 4113 exigui-

2205 4134 2343 4191 tatis
2402 4135 2855 4207 praedecessores
2912 4133 3272 4188 confidenter
3327 4134 3575 4197 fecisse,
3635 4144 3839 4201 semper

2206 4224 2433 4279 cunctis
2491 4228 2580 4278 est
2634 4222 2952 4291 cognitum.
2984 4221 3242 4285 Quorum
3288 4227 3346 4277 et
3378 4222 3674 4294 pusillitas
3707 4234 3836 4281 mea,

2206 4312 2340 4368 licet
2372 4313 2558 4384 impar
2577 4311 2654 4365 sit
2673 4316 2730 4365 et
2752 4311 2975 4379 inﬁma,
3000 4327 3103 4382 pro
3136 4316 3410 4381 suscepta
3442 4317 3636 4366 tamen
3667 4307 3838 4363 divina

2204 4402 2567 4474 dignatione,
2605 4399 2932 4455 ministerio
2985 4399 3305 4471 pedisequa
3349 4399 3516 4470 cupit
3563 4397 3831 4454 exsistere.

2203 4490 2300 4546 νω
2357 4490 2513 4546 enim
2573 4489 2684 4543 erit
2736 4489 2926 4556 nobis,
2987 4487 3087 4559 qui
3144 4487 3323 4558 hujus
3373 4486 3680 4543 ministerii
3706 4496 3834 4539 onus

2202 4586 2544 4651 susceptum
2572 4576 2938 4644 habemus,si
2970 4576 3271 4631 veritatem
3302 4575 3623 4631 Salvatoris
3674 4570 3833 4628 nostri

2200 4668 2339 4724 Jesu
2372 4666 2605 4733 Christi,
2639 4682 2815 4737 quam
2865 4664 3111 4737 apostoli
3166 4664 3648 4735 praedicaverunt,
3709 4676 3834 4733 prm-

2202 4757 2395 4812 dicare
2427 4754 2873 4827 neglexerimus.
2898 4753 2991 4807 Va
3024 4753 3198 4808 etiam
3231 4752 3342 4808 erit
3373 4752 3563 4819 nobis,
3595 4751 3645 4805 si
3674 4749 3832 4805 silen-

2202 4848 2284 4904 tio
2314 4848 2613 4903 veritatem
2646 4832 3136 4917 oppres‘serimus,
3173 4844 3272 4915 qui
3302 4860 3542 4916 erogare
3588 4856 3832 4897 nummu-

2200 4937 2689 5007 lariisjubernur,
2723 4935 2780 4988 id
2846 4938 2957 4996 est,
3017 4932 3378 4987 Christianos
3438 4930 3681 5003 populos
3735 4930 3830 4982 im-

2203 5027 2401 5091 buere,
2456 5030 2513 5079 et
2568 5023 2793 5078 docere.
2855 5021 3002 5087 Quid
3062 5022 3121 5075 in
3152 5020 3342 5092 ipsius
3389 5019 3604 5076 Christi
3660 5021 3831 5071 futuro

2202 5114 2413 5169 dicturi
2448 5129 2657 5167 sumus
2687 5110 2973 5178 examine,
2994 5110 3041 5164 si
3073 5109 3364 5165 sermonis
3394 5110 3522 5179 ejus
3554 5107 3829 5163 veritatem

2202 5201 2625 5259 confundimur
2679 5197 3037 5270 praedicare?
3065 5198 3215 5263 Quid
3247 5199 3359 5252 erit
3390 5198 3459 5253 de
3492 5197 3682 5263 nobis,
3712 5205 3829 5247 cum

2203 5292 2274 5348 de
2305 5288 2640 5347 commissis
2671 5286 2840 5343 nobis
2871 5285 3205 5354 animabus,
3231 5291 3290 5341 et
3318 5287 3389 5340 de
3419 5284 3608 5341 eflicio
3650 5294 3826 5339 susce-

516 5470 588 5506 σε’
617 5469 821 5527 Matth.
852 5485 1006 5539 xxw,
1038 5467 1127 5523 l3.
1204 5466 1247 5501 ⁵ο
1279 5470 1329 5520 II
1357 5465 1508 5521 Tim.
1542 5481 1629 5533 ιιι,
1660 5467 1746 5522 12.
1823 5468 1868 5503 ⁶⁰
1898 5472 2034 5525 Luc.
2065 5486 2101 5524 x

2234 5469 2328 5537 31,
2358 5468 2447 5523 32.

509 5649 622 5723 (34)
650 5648 876 5722 Agatho
907 5647 980 5704 ad
1009 5647 1208 5704 Const.
1235 5649 1599 5718 Augustum,
1630 5649 1742 5702 act.
1776 5644 1809 5700 4
1835 5646 2063 5704 concilii
2094 5663 2153 5706 vI
2180 5664 2310 5719 gen.
