4086 6214
346 397 495 453 ΜῦΒ

1251 395 1561 455 PONTIF.
1613 393 1799 453 RUM.
1844 393 1944 452 ET
1989 394 2409 455 A'l‘llANASll
2458 396 2879 457 EPISTOLIE.

3589 401 3744 459 1454

338 546 442 585 nes
473 529 736 584 omnium
783 528 1184 601 apostolorum
1216 546 1482 598 coronas,
1517 533 1984 599 cunctorumque
2014 532 2068 596 Α
2098 532 2211 582 tur.
2246 530 2404 595 Nam,
2452 531 2593 584 sicut
2622 532 2811 587 inuno
2836 547 3057 602 corpore
3100 535 3343 588 membra
3370 534 3549 589 multa
3577 534 3739 589 habe.

336 622 665 690 martyrum
700 616 947 689 palmas,
988 618 1087 690 qui
1124 635 1225 690 pro
1278 619 1525 673 fratrum
1582 635 1695 673 non
1753 618 1984 672 destru-

332 706 544 774 ctione,
579 706 680 761 sed
737 704 1177 761 conﬁrmatione
1234 709 1291 761 et
1348 704 1588 760 veritate
1639 705 1698 758 in
1756 702 1985 759 Christo

332 794 498 867 passi
530 799 689 850 sunt.

408 886 459 938 [ι.
497 884 611 941 Nos
633 900 791 956 ergo,
816 884 916 956 qui
940 883 1171 939 Domini
1206 882 1499 955 discipuli,
1521 888 1577 938 et
1607 882 1741 946 dici,
1776 886 1831 937 et
1859 897 1986 936 esse

333 974 631 1041 volumus,
664 977 893 1045 portare
924 990 1157 1029 crucem
1184 973 1423 1039 Christi,
1454 977 1511 1027 et
1542 972 1797 1044 compati
1824 971 1983 1025 fratri

333 1064 635 1133 debemus,
669 1071 722 1117 et
764 1080 877 1117 non
935 1061 1220 1133 persequi.
1271 1060 1630 1128 Subtrahite,
1690 1077 1983 1132 rogamus,

332 1158 502 1209 actus
523 1152 1027 1225 cogitationesque
1052 1170 1085 1207 a
1112 1150 1328 1207 talibus
1361 1150 1753 1218 nocumentis,
1788 1148 1838 1205 si
1869 1166 1983 1204 non

332 1242 516 1297 vultis
550 1242 738 1311 ipsam
773 1242 1072 1312 suscipere
1104 1241 1161 1296 in
1210 1258 1314 1297 vos
1347 1240 1646 1307 ultionem,
1706 1238 1985 1311 quoniam

339 1332 620 1387 talionem
653 1334 930 1400 meretur,
964 1330 1062 1401 qui
1093 1331 1253 1385 fratri
1289 1330 1511 1386 foveam
1548 1333 1857 1402 praeparat.
1917 1328 1987 1383 Et

333 1436 440 1474 vos
471 1420 673 1474 scitote
725 1420 1002 1491 deinceps
1031 1419 1187 1474 hunc
1222 1419 1337 1491 (37)
1386 1418 1637 1491 typhum
1684 1434 1800 1472 non
1857 1432 1986 1472 esse

337 1524 640 1579 passuros,
673 1511 738 1562 ut
766 1524 853 1575 ea,
889 1524 1016 1579 quae
1051 1509 1122 1563 ad
1182 1508 1331 1563 hanc
1361 1507 1691 1580 specialiter
1720 1509 1984 1562 sanctam

335 1597 628 1668 pertinent
652 1597 871 1665 sedem,
906 1595 1301 1667 sicutjudicia
1328 1597 1754 1669 episcoporum,
1788 1600 1845 1651 et
1862 1611 1985 1650 ma-

326 1688 491 1755 jores
522 1702 751 1755 causas,
774 1690 839 1740 ut
862 1685 1034 1756 paulo
1057 1686 1330 1757 superius
1363 1685 1719 1756 prielibatum
1749 1688 1858 1755 est,
1881 1700 1985 1739 vos

338 1774 644 1835 patiamini
685 1775 855 1829 nobis
879 1774 1228 1829 inconsultis
1258 1774 1533 1829 invadere
1564 1774 1781 1845 absque
1811 1772 1985 1827 vostri

334 1869 526 1918 status
562 1862 836 1935 periculo.
870 1865 979 1919 Sed
1017 1865 1065 1919 si
1116 1864 1246 1934 quis
1304 1864 1376 1918 ab
1429 1863 1711 1918 hodierna
1761 1861 1875 1927 die,
1927 1866 1986 1916 et

334 1954 615 2024 deinceps
645 1953 797 2008 602
821 1953 1163 2025 episcopum
1198 1958 1403 2025 praeter
1432 1953 1613 2021 hujus
1645 1957 1861 2006 sanctae
1891 1967 1982 2006 se-

335 2041 427 2096 dis
458 2041 808 2097 sententiam
843 2043 1143 2108 damnare,
1179 2048 1282 2097 aut
1314 2042 1551 2113 prOpria
1584 2040 1797 2112 pellere
1850 2040 1986 2095 sede

337 2132 802 2202 praasumpserit,
826 2132 974 2186 sciat
1026 2148 1087 2186 se
1136 2130 1668 2200 irrecuperabiliter
1716 2146 1845 2185 esse
1885 2130 1985 2184 da-

340 2226 630 2285 mnatum,
663 2225 720 2275 et
748 2220 979 2292 proprio
1010 2237 1204 2275 carere
1254 2220 1539 2291 perpetim
1578 2218 1813 2273 honore.
1849 2218 1986 2272 Eos-

340 2326 454 2379 que
494 2309 590 2378 qui
632 2311 855 2380 absque
890 2309 1064 2379 hujus
1097 2308 1251 2363 sedis
1299 2314 1439 2364 sunt
1469 2307 1638 2377 ejecti
1670 2307 1983 2376 sententia,

338 2396 428 2452 vel
460 2397 722 2453 damnati
755 2398 877 2453 sine
910 2398 1084 2468 hujus
1134 2401 1345 2453 sanctae
1404 2396 1559 2452 sedis
1615 2395 1983 2465 auctoritate,

339 2486 544 2541 scitote
564 2487 871 2558 pristinam
894 2488 1145 2558 recipere
1168 2486 1664 2552 communionem,
1697 2490 1753 2540 et
1784 2486 1840 2539 in
1864 2500 1987 2556 pro-

342 2575 486 2645 priis
516 2576 743 2631 restitui
767 2576 1027 2631 sedibus.
1063 2576 1350 2640 Quoniam
1382 2582 1437 2631 et
1470 2575 1632 2647 prius
1665 2592 1697 2629 a
1727 2580 1985 2643 tempore

340 2663 567 2719 scilicet
586 2664 983 2736 apostolorum
1016 2664 1138 2720 haec
1155 2666 1291 2720 huic
1322 2672 1533 2720 sanctae
1557 2662 1680 2719 sedi
1710 2677 1989 2718 concessa

341 2758 500 2807 sunt.
537 2754 603 2807 Et
634 2759 836 2825 postea
877 2754 935 2808 in
966 2759 1291 2809 memorata
1321 2754 1551 2809 Nicaana
1583 2753 1825 2824 synodo,
1858 2766 1986 2821 pro-

341 2846 474 2913 pter
504 2858 816 2912 pravorum
848 2842 1151 2898 hominum
1182 2842 1609 2908 intestationes,
1635 2846 1809 2912 atque
1867 2841 1985 2894 hae-

342 2929 656 2985 reticorum
689 2931 1145 3002 persecutiones,
1178 2930 1666 2986 etinsidiantium
1684 2928 1989 2983 molimina

342 3017 611 3085 fratrum,
645 3026 785 3075 sunt
814 3021 1176 3075 concorditer
1206 3021 1275 3075 ab
1300 3020 1575 3075 omnibus
1596 3018 1988 3083 corroborata,

345 3110 412 3160 ut
441 3108 632 3178 magis
666 3107 882 3179 singuli
909 3108 1269 3179 provideant,
1306 3124 1374 3161 ne
1406 3107 1547 3162 talia
1578 3108 1829 3161 audeant
1859 3122 1987 3176 per-

344 3199 609 3267 petrare;
645 3201 701 3252 et
730 3203 994 3263 caveant,
1028 3197 1076 3252 si
1112 3214 1224 3251 non
1278 3201 1512 3268 pr0pter
1558 3194 1871 3249 Dominum
1932 3199 1990 3249 et

345 3303 604 3341 amorem
640 3287 907 3357 fratrum,
931 3292 1128 3342 tamen
1161 3291 1395 3358 propter
1455 3286 1834 3358 opprobrium
1875 3284 1983 3339 ho-
2016 3270 2057 3335 C

347 3374 578 3429 minum
614 3376 881 3432 ruborem
912 3393 1110 3447 suum,
1135 3382 1308 3446 atque
1326 3375 1664 3432 canonicam
1684 3373 1986 3440 ultionem,

346 3462 554 3519 saltem
591 3465 707 3520 hinc
740 3465 947 3521 timore
973 3469 1029 3520 et
1058 3465 1406 3520 verecundia
1436 3480 1769 3535 compressa
1819 3462 1991 3518 silen-

345 3553 426 3606 tio
479 3555 954 3625 comprimantur,
1009 3559 1311 3625 amputato
1371 3552 1591 3608 scilicet
1640 3552 1815 3607 totius
1872 3552 1987 3623 (38)

343 3644 745 3715 uSurpationis
768 3660 1028 3699 excessu.
1052 3642 1196 3706 Quia
1219 3640 1418 3696 nullus
1435 3642 1604 3696 debet
1639 3658 1990 3712 praesumere

350 3753 481 3809 qua:
506 3733 617 3790 sibi
660 3750 773 3788 non
805 3732 1074 3788 videntur
1104 3748 1226 3787 esse
1258 3747 1552 3786 concessa.
1616 3732 1799 3796 Quam
1859 3728 1985 3785 cul-

352 3842 487 3899 pam
525 3821 860 3896 potuissetis
900 3821 1059 3876 nullo
1092 3822 1258 3875 modo
1290 3820 1563 3884 incidere,
1589 3820 1636 3873 si
1673 3820 1823 3873 unde
1852 3835 1988 3873 con-

353 3913 737 3972 secrationem
773 3911 1007 3966 bonoris
1038 3908 1324 3981 accipitis,
1372 3908 1507 3963 inde
1565 3908 1750 3980 legem
1809 3907 1990 3963 totius

346 4001 731 4061 observantia:
744 3998 1073 4055 sumeretis.
1100 4000 1167 4053 Et
1190 3997 1343 4054 beati
1365 3997 1515 4053 Petri
1538 3996 1784 4069 apostoli
1802 3998 1987 4065 sedes,

346 4110 477 4166 quae
512 4090 672 4145 vobis
706 4087 1085 4144 sacerdotalis
1118 4092 1302 4142 mater
1324 4094 1409 4141 est
1458 4086 1779 4156 dignitatis,
1840 4091 1993 4139 esset

358 4178 768 4238 ecclesiasticae
802 4178 1087 4247 magistra
1118 4176 1381 4231 rationis.
1446 4173 1627 4239 Unde,
1677 4173 1830 4227 sicut
1885 4190 1991 4228 nos

354 4268 608 4325 multum
632 4284 699 4323 ea
730 4284 855 4338 quas
888 4265 1051 4321 vobis
1085 4265 1174 4337 pie
1214 4267 1484 4335 recteque
1515 4267 1656 4317 sunt
1712 4267 1859 4326 acta,
1895 4262 1990 4317 ιω-

344 4359 595 4422 tiﬁcant,
629 4357 712 4411 ita
741 4355 989 4411 nimium
1024 4370 1091 4410 ea
1123 4371 1248 4425 quas
1281 4356 1419 4408 sunt
1447 4366 1750 4424 perperam
1807 4355 1991 4423 gesta,

347 4447 722 4502 contristent.
772 4443 1056 4509 Quoniam
1083 4458 1321 4498 necesse
1350 4445 1458 4510 est,
1512 4444 1644 4511 post
1676 4438 1993 4496 multarum

350 4534 561 4591 talium
594 4533 989 4604 experimenta
1019 4546 1356 4597 causarum,
1419 4529 1535 4584 haec
1569 4528 1626 4583 in
1688 4532 1992 4599 posterum

2094 634 2215 672 mus
2249 622 2435 674 ογηηεά
2464 625 2655 674 autem
2686 622 2932 676 membra
2960 637 3068 677 non
3094 621 3343 677 eumdem
3400 627 3587 678 actum
3637 625 3739 677 hil-

2097 708 2236 773 bent,
2262 709 2339 761 ita
2368 710 2538 764 multi
2566 726 2739 763 unum
2769 725 2963 780 corpus
2988 728 3175 766 sumus
3205 713 3263 766 in
3322 711 3555 768 Christo.
3616 712 3741 768 Sin-

2094 797 2215 864 guli
2244 805 2429 851 autem
2457 799 2600 853 alter
2619 800 2855 853 alterius
2878 800 3120 855 membra
3148 801 3527 857 "6.Contextio
3558 801 3739 857 totius

2097 885 2377 956 corporis;
2407 902 2583 940 unam
2634 888 2967 954 sanitatem,
3009 906 3187 944 unam
3239 889 3737 961 pulchritudinem

2098 974 2251 1028 facit.
2285 974 2351 1028 Et
2374 974 2491 1030 haec
2524 977 2759 1047 quidem
2783 977 3075 1032 contextio
3104 978 3286 1032 totius
3318 979 3576 1051 corporis
3606 996 3744 1035 una-

2099 1060 2421 1118 nimitatem
2440 1064 2696 1135 requirit,
2719 1065 2823 1120 sed
2850 1065 3140 1137 praecipue
3170 1067 3347 1138 exigit
3377 1068 3741 1123 concordiam

2095 1153 2491 1208 sacerdotum.
2525 1154 2749 1219 Quibus
2781 1159 2838 1208 et
2868 1154 2915 1209 si
2948 1154 3205 1226 dignitas
3264 1158 3591 1213 communis
3623 1175 3741 1214 non

2094 1244 2202 1308 est,
2234 1245 2428 1297 tamen
2479 1243 2619 1298 ordo
2660 1242 2947 1314 generalis
3005 1248 3112 1298 est.
3173 1244 3458 1308 Quoniam
3514 1250 3570 1301 et
3596 1247 3749 1303 inter

2094 1329 2471 1387 beatissimos
2494 1331 2802 1403 apostolos,
2837 1332 2896 1386 in
2950 1332 3339 1389 similitudine
3368 1332 3607 1391 honoris
3639 1335 3750 1390 fuit

2095 1420 2363 1490 quaedam
2396 1420 2675 1476 discretio
2710 1422 3038 1493 potestatis,
3072 1426 3127 1477 et
3156 1440 3289 1477 cum
3322 1422 3585 1478 omnium
3641 1441 3746 1496 par

2095 1512 2253 1564 esset
2282 1508 2508 1574 electio,
2544 1508 2641 1563 uni
2676 1513 2866 1565 tamen
2901 1511 3101 1564 datum
3139 1516 3200 1564 ut
3224 1511 3445 1567 caeteris
3480 1511 3746 1582 praeemi-

2096 1601 2278 1653 neret.
2313 1598 2392 1652 De
2425 1614 2540 1669 qua
2573 1598 2759 1653 forma
2788 1599 3215 1671 episcoporum,
3245 1600 3512 1671 quaedam
3546 1605 3746 1656 exorta

2095 1690 2185 1741 est
2217 1686 2536 1751 distinctio,
2565 1691 2621 1741 et
2652 1704 2866 1759 magna
2901 1686 3266 1742 ordinatione
3298 1687 3596 1759 provisum
3631 1694 3741 1756 est,

2098 1792 2166 1829 ne
2206 1792 2407 1831 omnes
2438 1776 2549 1830 sibi
2581 1776 2780 1831 omnia
2825 1776 3203 1841 vindicarent,
3265 1777 3365 1832 sed
3424 1782 3622 1833 essent
3680 1778 3739 1832 in

2095 1863 2349 1935 singulis
2382 1863 2696 1935 provinciis
2729 1863 2968 1935 singuli.
3031 1866 3287 1929 Quorum
3334 1864 3484 1920 inter
3534 1866 3741 1921 fratres

2097 1951 2410 2007 haberetur
2428 1953 2616 2023 prima
2639 1952 3013 2019 sententia,et
3026 1969 3259 2007 rursum
3282 1953 3525 2024 quidam
3549 1953 3607 2009 in
3622 1969 3749 2010 ma-

2088 2040 2317 2110 joribus
2344 2040 2546 2095 nribus
2566 2040 2892 2107 constituti,
2923 2039 3379 2097 sollicitudinem
3410 2043 3540 2113 ejus
3562 2042 3751 2098 susci-

2097 2133 2298 2200 perent
2329 2129 2695 2199 ampliorem,
2725 2147 2824 2201 per
2854 2147 3002 2201 quos
3044 2131 3114 2185 ad
3168 2147 3345 2185 unam
3396 2131 3549 2186 beati
3591 2131 3744 2187 Petri

2095 2218 2316 2283 sedem,
2376 2217 2721 2272 universalis
2773 2218 3035 2273 Ecclesia
3093 2235 3233 2273 cura
3293 2220 3630 2290 conﬂueret,
3689 2225 3745 2275 et

2097 2305 2242 2360 nihil
2276 2323 2526 2376 usquam
2560 2324 2593 2361 a
2618 2323 2724 2361 suo
2748 2308 2934 2379 capite
2964 2307 3296 2362 dissideret.
3324 2309 3429 2376 Qui
3462 2325 3598 2380 ergo
3631 2308 3742 2363 scit

2101 2412 2162 2449 se
2195 2394 2548 2465 quibusdam
2585 2396 2981 2467 praepositum,
3019 2412 3133 2451 non
3167 2397 3407 2453 moleste
3445 2397 3589 2453 ferat
3629 2397 3735 2452 ali-

2096 2499 2270 2551 quem
2304 2483 2412 2538 sibi
2452 2500 2578 2538 esse
2602 2483 2930 2555 praelatum,
2954 2484 3054 2540 sed
3104 2484 3519 2553 obedientiam,
3550 2503 3728 2557 quam

2095 2572 2293 2640 exigit,
2326 2572 2650 2644 etiamipse
2708 2574 2988 2644 rependat
3039 2574 3221 2630 Nolite
3277 2577 3461 2646 itaque
3516 2590 3728 2640 errare,

2093 2663 2301 2732 fratres
2321 2662 2429 2715 mei
2452 2660 2840 2729 dilectissimi;
2868 2661 3136 2718 doctrinis
3162 2665 3332 2718 variis
3361 2673 3413 2719 et
3442 2667 3731 2720 extraneis

2096 2751 2269 2805 nolite
2301 2750 2501 2806 abduci
2528 2751 2591 2819 ⁷⁷,
2626 2755 2685 2805 at
2715 2750 2983 2807 instituta
3031 2751 3429 2824 apostolorum
3488 2757 3544 2809 et
3589 2770 3731 2826 apo-

2097 2838 2434 2894 stolicorum
2493 2839 2768 2903 virorum,
2828 2856 3199 2911 canonesque
3268 2840 3575 2909 habentes,
3638 2842 3731 2898 his

2098 2927 2397 2991 fruamini,
2433 2927 2521 2981 his
2549 2927 2994 2999 circundemini,
3055 2928 3146 2983 his
3196 2929 3589 2998 delectemini,
3637 2931 3729 2987 his

2096 3015 2429 3086 armamini,
2465 3021 2523 3070 ut
2546 3016 2637 3072 his
2672 3016 2826 3085 freti,
2878 3018 3247 3085 circumdati,
3281 3018 3575 3088 delectati,
3634 3038 3729 3075 ar-

2099 3106 2239 3161 mati
2272 3112 2475 3161 contra
2513 3110 2722 3160 cuncta
2778 3105 3149 3161 inimicorum
3199 3107 3401 3177 jacula
3460 3108 3733 3164 resistere

2099 3195 2365 3250 \aleatis.
2390 3195 2542 3249 Satis
2569 3195 2724 3248 enim
2761 3194 3069 3265 indignum
3103 3202 3193 3250 est
3239 3213 3595 3268 quemquam
3657 3196 3743 3252 vel

2098 3284 2462 3358 pontiﬁcum,
2495 3283 2867 3338 velordinum
2885 3284 3371 3355 subsequentium
3389 3286 3537 3341 hanc
3571 3304 3744 3359 regu-

2097 3374 2215 3430 lam
2249 3375 2705 3444 refutare,quam
2734 3374 2883 3428 beati
2906 3376 3058 3429 Petri
3085 3376 3254 3430 fidem
3288 3375 3476 3431 velent
3498 3381 3554 3431 et
3576 3377 3741 3448 sequi

2098 3468 2154 3518 et
2184 3463 2407 3517 docere.
2442 3461 2690 3516 Multum
2726 3462 2882 3517 enim
2916 3463 3183 3519 convcnit
3207 3469 3270 3518 ut
3302 3468 3486 3518 totum
3530 3481 3742 3536 corpus

2098 3551 2446 3607 Ecclesiasin
2506 3551 2615 3605 hac
2648 3551 2889 3606 sibimet
2945 3553 3345 3607 observatione
3405 3554 3738 3618 concordet,

2098 3659 2225 3713 quae
2258 3640 2393 3695 inde
2422 3640 2827 3695 auctoritatem
2861 3640 3054 3708 habet,
3094 3640 3187 3696 ubi
3218 3640 3499 3695 Dominus
3544 3639 3742 3695 Eccle-

2099 3731 2200 3784 sia:
2232 3729 2411 3785 totius
2451 3728 2646 3800 posuit
2689 3728 3104 3800 principatum,
3132 3730 3358 3785 dicente
3390 3728 3691 3801 Scriptura
3726 3744 3740 3781 :

2099 3819 2389 3875 Ordinavit
2420 3820 2481 3873 in
2536 3834 2623 3872 me
2678 3818 2999 3873 charitatem
3059 3818 3126 3883 ⁷⁸,
3187 3819 3253 3873 Et
3298 3820 3477 3873 item:
3543 3817 3743 3874 Omnia

2100 3925 2222 3963 cum
2251 3907 2445 3962 ordine
2474 3906 2618 3975 ﬁant
2647 3907 2713 3962 "9.
2766 3907 3099 3977 Iterumque
3158 3905 3473 3961 Psalmista
3530 3905 3742 3979 prmdi-

2100 4000 2296 4051 cante:
2334 3994 2675 4049 Circumdate
2704 3994 2835 4049 Sion
2870 3996 2920 4049 et
2968 3994 3396 4065 complecti/nini
3422 4011 3566 4063 eam,
3618 4010 3748 4048 nar-

2100 4085 2309 4139 ratein
2366 4083 2616 4137 turribus
2647 4084 2784 4153 ejus.
2844 4084 3039 4138 Ponite
3068 4082 3230 4138 corda
3292 4088 3468 4139 vestra
3500 4086 3560 4139 in
3633 4083 3745 4139 vir-

2100 4177 2215 4227 tute
2270 4174 2407 4241 eius,
2469 4173 2818 4226 utenarretis
2880 4174 2937 4226 in
2962 4175 3257 4245 progenies
3312 4174 3568 4228 alteras:
3611 4188 3743 4245 quo-

2101 4263 2258 4316 niam
2287 4260 2376 4315 hic
2413 4269 2493 4315 est
2521 4262 2781 4315 Dominus
2834 4262 2972 4315 Deus
3022 4270 3204 4317 noster
3262 4264 3319 4317 in
3375 4266 3631 4327 scieram,
3692 4266 3746 4317 et

2102 4352 2222 4422 ipse
2252 4352 2397 4417 reget
2426 4366 2523 4405 nos
2556 4351 2617 4405 in
2648 4350 2855 4406 saecula
2875 4350 2938 4405 ⁸ο.
2966 4349 3151 4406 Officii
3184 4351 3337 4406 enim
3372 4351 3555 4407 nostri
3604 4367 3745 4406 con-

2103 4437 2478 4503 sideratione,
2541 4455 2653 4493 non
2718 4444 2805 4493 est
2835 4438 3001 4493 nobis
3033 4438 3424 4505 dissimulare,
3485 4456 3600 4495 non
3658 4441 3749 4493 est

2102 4526 2589 4591 tacereliberum,
2621 4528 2837 4598 quibus
2871 4528 3054 4598 major
3105 4527 3332 4584 cunctis
3379 4527 3747 4593 Christiana,

341 4622 656 4679 sollicitius
688 4619 1037 4693 prospici,et
1065 4617 1410 4691 diligentius
1436 4617 1765 4688 praecaveri,
1790 4621 1992 4687 quate-
2023 4636 2069 4700 ί)
2102 4616 2402 4688 religionis
2440 4616 2599 4671 zelus
2630 4616 2940 4683 incumbit,
2976 4633 3048 4672 ne
3106 4633 3208 4688 per
3262 4617 3748 4685 taciturnitatem,

351 4728 469 4767 nus
526 4727 593 4765 ea
636 4727 762 4781 qua
822 4714 957 4764 sunt
986 4708 1058 4763 ab
1089 4705 1371 4779 apostolis
1402 4721 1723 4777 eorumque
1756 4721 1987 4760 succes-

341 4800 585 4857 soribus
616 4803 860 4865 statuta,
902 4796 1063 4852 nulla
1120 4794 1343 4851 desidia
1402 4794 1795 4866 negligantur,
1829 4792 1989 4848 nulla

336 4889 708 4946 dissensione
746 4887 1056 4957 violentur,
1106 4884 1267 4940 nulla
1292 4883 1721 4939 concertatione
1754 4884 1987 4939 turben-

969 5132 1013 5167 ⁷⁷
1041 5124 1212 5181 Hebr.
1246 5139 1371 5193 xui,
1404 5124 1458 5180 9.

413 5127 458 5166 ⁷⁸
488 5128 652 5186 Rom.
683 5143 790 5196 xu,
837 5127 891 5183 5.
969 5132 1013 5167 ⁷⁷
1041 5124 1212 5181 Hebr.
1246 5139 1371 5193 xui,
1404 5124 1458 5180 9.
1563 5123 1607 5159 ⁷⁸
1638 5124 1805 5180 Cant.
1842 5137 1906 5189 II,
1930 5121 1981 5178 4.

418 5364 536 5438 (37)
568 5362 818 5420 Africani
844 5362 951 5418 PP.
995 5361 1054 5417 in
1086 5377 1178 5434 ep.
1210 5360 1281 5416 ad
1313 5357 1697 5416 Bonifacium.

2100 4709 2202 4761 aut
2243 4706 2454 4773 favere,
2490 4709 2592 4760 aut
2622 4706 2951 4760 consentire
3004 4705 3309 4761 videamur
3339 4707 3588 4762 fratrum
3630 4723 3705 4761 no
3728 4736 3749 4747 -

2098 4794 2413 4849 cumentis.
2474 4798 2684 4849 Datum
2717 4793 2989 4849 Kalendis
3020 4794 3309 4861 Octobris,
3341 4794 3634 4852 Feliciano
3689 4800 3744 4851 et

2102 4884 2480 4954 Maximiano,
2507 4882 2645 4938 viris
2675 4881 3046 4954 clarissimis,
3076 4884 3438 4943 consulibus.

2085 5120 2131 5159 π
2164 5122 2185 5179 Ι
2216 5122 2325 5179 Cor
2349 5137 2462 5189 xiv,
2489 5121 2574 5177 40.
2673 5120 2718 5157 ⁸ο
2741 5120 2893 5178 Psal.
2918 5137 3093 5191 XLVII,
3118 5121 3306 5176 13-15.

2191 5358 2305 5431 (38)
2333 5362 2390 5413 S.
2421 5357 2552 5422 Léo,
2584 5374 2673 5443 ep.
2705 5356 2794 5412 84.
