4086 6214
438 343 595 404 H55

1592 346 1655 406 8.
1714 339 2227 405 6t'l‘HANASlUS.
2251 370 2330 386 —
2360 339 2667 402 SPURlA.

3680 350 3816 411 H56

513 534 753 606 Epistula
784 534 1161 592 Orientalium
1188 537 1268 591 ad
1293 536 1505 593 Iulium
1530 550 1735 608 papam
1760 530 2111 608 causantium
2141 528 2291 608 quod
2310 530 2371 583 in
2399 530 2837 608 communionem
2864 531 3131 602 receperit
3158 530 3547 602 Athanasium,
3577 544 3630 591 et
3680 542 3818 593 cxte-

1717 619 1806 660 ros
1826 620 1957 675 quos
1984 603 2092 672 ipsi
2118 599 2543 657 damnaverunt.

513 730 756 787 Domino
804 732 1165 818 beatissimo,
1221 739 1280 787 et
1336 729 1662 787 honorabili
1710 726 1864 783 Patri
1903 723 2084 791 Julio,
2120 730 2172 793 Α
2202 722 2440 796 eligitis,
2465 729 2604 778 tunc
2631 724 2836 796 liquet,
2883 743 3030 798 quos
3079 742 3184 783 nos
3233 733 3472 801 perdere
3528 738 3719 807 vultis,
3777 742 3826 793 et

447 820 782 892 apostolicae
837 814 995 877 sedis
1053 820 1367 878 venerabili
1429 820 1719 892 episcopo,
1780 814 2088 879 Eusebius,

435 912 842 986 'Theogonius,
887 914 996 985 (39)
1036 913 1398 981 Theodorus,
1459 915 1516 966 et
1582 907 1912 973 Berinthus,
1974 921 2092 959 una

452 1017 586 1056 cum
651 1000 895 1074 reliquis
953 1003 1233 1058 fratribus
1317 998 1678 1072 coepiscopis
1736 993 1955 1050 nostris
2032 993 2093 1048 in

452 1089 765 1145 Antiochia
794 1091 1179 1162 congregatis.

528 1178 639 1250 (40)
698 1177 854 1234 Licet
911 1179 1061 1234 circa
1123 1194 1327 1234 omnes
1381 1175 1697 1232 Ecclesiam
1768 1174 2094 1229 Romanam

457 1268 717 1325 sciamus
763 1284 891 1325 esse
924 1268 1286 1338 muniﬁcam,
1335 1272 1391 1323 et
1447 1264 1827 1338 apostolicam
1890 1260 2098 1315 habere

457 1377 679 1427 curam,
710 1365 769 1416 et
797 1365 1041 1416 matrem
1092 1376 1323 1432 semper
1353 1358 1596 1413 existere
1625 1353 1878 1428 pietatis,
1911 1367 2098 1423 quan-

458 1465 634 1520 quam
685 1450 757 1503 ab
812 1449 1044 1504 Oriente
1104 1449 1175 1505 ad
1208 1464 1337 1503 eam
1402 1446 1808 1519 praedicatores
1866 1438 2098 1514 pietatis

458 1537 837 1603 advenerunt,
870 1542 1063 1593 tamen
1097 1543 1436 1607 Optaremus
1466 1552 1566 1590 vos
1600 1533 1905 1589 nobiscum
1955 1545 2095 1584 con-

458 1626 718 1693 cordare,
751 1631 807 1682 et
836 1642 985 1699 quos
1015 1644 1049 1682 a
1102 1625 1515 1682 communione
1570 1620 2010 1694 suspendimus,
2067 1633 2100 1671 a

456 1715 622 1771 vobis
652 1731 781 1772 esse
810 1730 1149 1787 suspensos.
1202 1715 1265 1769 Et
1297 1730 1441 1785 quos
1472 1713 1528 1767 in
1561 1711 1763 1767 ordine
1793 1707 2099 1764 conﬁrma-

459 1821 594 1859 mus
631 1803 1054 1876 episcoporum,
1079 1820 1111 1859 a
1141 1803 1302 1859 vobis
1332 1818 1462 1858 esse
1493 1801 1831 1861 ﬁrmandos,
1864 1812 1973 1850 nec
1992 1810 2098 1849 nos

461 1893 720 1950 secundo
751 1894 873 1948 loco
902 1892 1203 1947 habendos
1259 1907 1389 1946 cum
1426 1890 1497 1944 iis
1528 1889 1625 1961 qni
1685 1904 1754 1943 ex
1812 1885 1904 1940 his
1963 1900 2095 1955 par-

461 1984 621 2039 tibus
651 1982 722 2037 ad
755 1999 855 2038 vos
886 1998 1074 2053 usque
1103 1979 1563 2053 dogmatizantes
1595 1972 1837 2049 apostoli
1899 1987 2094 2044 perve-

460 2069 671 2128 nerint.
706 2069 821 2125 Nec
849 2069 1005 2125 enim
1041 2086 1144 2125 nos
1174 2068 1335 2124 vobis
1359 2066 1622 2123 reluctati
1647 2075 2095 2132 sumus,qunm-

458 2159 546 2214 vis
606 2159 713 2213 hoc
742 2174 912 2230 agere
943 2157 1360 2230 potuissemus,
1412 2154 1646 2227 quando
1680 2148 2038 2207 Novatianus
2067 2163 2101 2202 a

462 2247 723 2303 Romana
768 2245 973 2318 pulsus
1006 2255 1093 2300 est
1125 2246 1397 2301 Ecclesia.
1445 2242 1754 2309 Quoniam,
1808 2237 1890 2292 uti
1932 2238 2100 2308 juxta

458 2336 757 2409 vulgarem
835 2336 1321 2391 consuetudinem
1382 2331 1709 2404 loquamur,
1771 2327 2100 2384 inimicitias

456 2428 661 2497 quaem
712 2427 890 2482 omnis
917 2427 1018 2497 qui
1064 2426 1177 2480 vult
1235 2423 1484 2478 recedere
1529 2424 1596 2475 ab
1654 2417 1923 2474 amico“.
1987 2413 2099 2471 Nec

456 2514 702 2569 crimine
730 2530 926 2569 carere
957 2518 1165 2586 potest,
1219 2514 1313 2584 qui
1357 2510 1599 2566 alterius
1631 2502 2098 2562 excommunica-

456 2607 582 2659 tum
629 2603 853 2675 absque
892 2603 1021 2674 ejus
1072 2600 1326 2671 licentia,
1362 2616 1476 2671 quo
1541 2595 1953 2654 communione
2010 2595 2101 2646 est

460 2690 744 2764 privatus,
780 2692 838 2746 in
873 2690 1347 2747 communionem
1372 2685 1713 2758 susceperit,
1772 2680 2096 2737 canonibus

456 2778 636 2835 semel
676 2778 1045 2851 jubentibus,
1105 2775 1643 2833 excommunicatus
1694 2770 1764 2825 ab
1820 2768 1971 2837 aliis,
2026 2765 2099 2821 ab

457 2865 591 2923 aliis
619 2883 736 2922 non
795 2866 1168 2939 suscipiatur,
1228 2863 1556 2921 viventibus
1603 2859 1742 2923 illis,
1799 2875 1833 2913 a
1879 2856 2097 2929 quibus

455 2954 869 3011 communione
899 2955 1159 3028 privatus
1188 2970 1317 3010 esse
1346 2949 1727 3025 dignoscitur.
1762 2946 1874 3003 Nec
1903 2944 2095 3000 solum

455 3043 515 3099 in
550 3044 642 3100 his
664 3044 833 3100 nobis
856 3044 1274 3101 contumeliam
1300 3041 1594 3115 irrogatis,
1622 3039 1722 3095 sed
1738 3035 1982 3093 etiamin
2002 3035 2097 3091 his

455 3133 722 3204 quaedam
753 3132 996 3190 consilia
1029 3139 1227 3189 nostra
1257 3129 1593 3195 dissolvitis,
1628 3142 1815 3199 neque
1844 3140 1914 3180 ea
1944 3127 2097 3180 recte

453 3219 712 3275 deﬁnitis
759 3236 907 3275 esse.
944 3222 1095 3275 Sunt
1127 3236 1383 3291 namque
1429 3236 1463 3272 a
1511 3216 1700 3281 nobis,
1724 3219 1781 3269 et
1802 3212 2098 3268 maximea

452 3306 636 3362 totius
690 3307 944 3364 Orientis
1001 3307 1289 3380 episcopis
1361 3304 1656 3373 damnati,
1739 3300 2096 3357 Athanasius

448 3394 901 3467 Alexandrinus,
932 3395 1151 3452 Paulus
1189 3391 1899 3464 Constantinopolitanus,
1946 3390 2094 3445 Mar-

2203 831 2315 869 non
2363 819 2429 869 ut
2482 820 2645 886 pater
2694 815 2843 872 ﬁlios
2892 817 3105 874 fovere.
3146 818 3359 878 Dicunt
3400 827 3561 882 enim
3607 833 3665 883 et
3688 828 3823 883 sitir-

2203 909 2387 975 mant,
2420 909 2539 959 tam
2565 905 2719 960 cives
2751 905 3018 973 istorum,
3053 926 3231 981 quam
3254 919 3698 974 consacerdotes
3741 937 3825 977 eo.

2204 1011 2357 1060 rum,
2391 994 2496 1048 hos
2548 996 2734 1050 fovere
2762 1012 2865 1050 vos
2915 998 3081 1061 velle,
3139 998 3489 1075 homicidas,
3547 1023 3824 1065 sacrorum

2203 1082 2554 1154 templorum
2578 1100 2895 1153 eversores,
2916 1085 3208 1158 virginum
3241 1096 3630 1164 stupratores,
3662 1114 3826 1153 sacro-

2206 1191 2337 1229 rum
2362 1172 2648 1228 librorum
2679 1175 3039 1244 incensores,
3073 1172 3498 1254 sacrorumque
3554 1202 3827 1255 vasorum,

2206 1267 2262 1319 et
2289 1268 2625 1318 ceterorum
2648 1279 2947 1319 sacrorum
2974 1266 3433 1327 ministeriorum
3469 1274 3831 1346 fraudatores,

2209 1352 2535 1409 ofﬁciorum
2568 1351 2951 1423 neglectores,
2982 1354 3409 1428 imperatorum
3444 1363 3680 1430 inﬁdos.
3710 1383 3833 1440 gen-

2208 1443 2289 1499 tis
2312 1448 2369 1498 et
2400 1441 2598 1515 patriae
2633 1443 2982 1515 proditores,
3016 1450 3074 1501 et
3108 1446 3261 1504 inter
3290 1452 3629 1510 sacerdotes
3676 1457 3834 1512 maxi-

2209 1548 2364 1587 mam
2399 1534 2744 1603 generantes
2791 1531 3165 1600 discordiam,
3198 1553 3264 1592 eo
3320 1540 3475 1611 quod
3509 1543 3839 1600 substantia.

2208 1619 2390 1675 litatis
2427 1636 2645 1689 vocem,
2679 1636 2807 1692 qua:
2840 1620 3062 1693 scripta
3101 1641 3217 1680 non
3276 1627 3578 1685 invenitur
3632 1631 3687 1686 in
3720 1633 3834 1687 fidei

2206 1709 2494 1775 doctrina,
2556 1714 2897 1780 posuerunt.
2961 1712 3109 1776 Quid
3156 1714 3324 1787 plura
3363 1734 3711 1777 enumerare
3753 1738 3838 1777 ne-

2205 1813 2367 1855 cesse
2397 1803 2505 1864 est,
2541 1814 2671 1852 cum
2703 1803 2938 1870 propter
2976 1817 3076 1857 eos
3108 1803 3295 1872 nobis,
3320 1811 3379 1861 et
3408 1809 3643 1865 cunctis
3671 1811 3837 1882 regio~

2206 1888 2297 1942 nis
2319 1887 2498 1957 hujus
2527 1884 2951 1943 habitatoribus
2980 1889 3325 1960 scientibus,
3347 1898 3520 1953 tanta
3549 1898 3728 1953 caedes
3746 1899 3834 1953 ho-

2208 1976 2433 2030 minum
2467 1975 2544 2029 sit
2590 1981 2939 2047 perpetrata,
2976 1985 3039 2033 ut
3070 1981 3324 2053 amplius
3356 2001 3537 2057 quam
3570 1988 3725 2044 mille
3751 1989 3835 2044 ho-

2208 2065 2395 2120 mines
2426 2065 2544 2120 sint
2575 2067 2897 2135 prostrati?
2942 2067 3182 2125 Talibus
3213 2077 3410 2128 autem
3466 2076 3676 2143 favere,
3715 2078 3835 2148 quid

2210 2152 2368 2208 aliud
2399 2159 2506 2220 est,
2533 2170 2707 2223 quam
2726 2154 3043 2212 sceleribus
3073 2174 3273 2214 eorum
3289 2163 3629 2221 consentire
3656 2166 3683 2221 ?
3710 2166 3834 2222 Cum

2211 2262 2379 2299 ascra
2409 2245 2715 2314 Scriptura
2743 2245 2864 2300 hare
2897 2247 3222 2318 prohibeat,
3257 2254 3500 2310 dicens:
3540 2258 3655 2313 Non
3682 2259 3839 2313 solum

2207 2336 2304 2405 qui
2330 2335 2545 2405 faciunt
2571 2335 2873 2399 culpabiles
2904 2339 3173 2406 existunt,
3204 2341 3296 2397 sed
3324 2345 3494 2399 etiam
3520 2348 3620 2417 qui
3645 2362 3841 2403 comen-

2207 2425 2353 2477 tiunt
2397 2423 2730 2492 facientibus
2787 2424 2850 2477 3’.
2909 2425 3150 2483 Talibus
3207 2430 3363 2485 enim
3417 2450 3520 2489 vos
3580 2436 3841 2491 obsistere

2207 2512 2345 2567 totis
2378 2511 2598 2566 viribus
2624 2513 2934 2583 Optimum,
2972 2533 3040 2570 ne
3065 2515 3447 2576 involvamini
3484 2524 3735 2594 peccatis
3755 2541 3836 2580 co-

2210 2617 2362 2665 rum,
2398 2617 2466 2655 ne
2513 2602 3175 2661 excommunicationem
3234 2624 3441 2665 eorum
3496 2613 3834 2683 suscipiatis.

2206 2688 2376 2744 Tales
2407 2688 2558 2743 enim
2592 2707 2625 2743 a
2657 2690 2819 2745 vobis
2855 2692 3053 2762 procul
3077 2694 3331 2764 abjicite,
3364 2714 3438 2754 ne
3471 2705 3704 2772 propter
3729 2700 3833 2755 ani-

2206 2777 2531 2832 mositatem
2555 2776 2777 2849 populi,
2795 2779 3077 2853 sacrilega
3098 2783 3468 2842 dissensione
3500 2788 3835 2861 dispereant,

2204 2866 2398 2938 itaque
2428 2865 2714 2936 optimum
2750 2883 2851 2921 vos
2874 2867 3157 2941 improbis
3181 2872 3357 2943 probe
3383 2876 3675 2932 resistere.
3704 2879 3835 2942 Qua-

2204 2960 2440 3027 propter
2468 2955 2515 3009 si
2552 2954 2918 3026 neglexeritis
2950 2958 3263 3017 deturbare
3314 2978 3645 3033 perversos,
3674 2965 3835 3038 liquet

2206 3042 2359 3113 quod
2387 3059 2587 3097 eorum
2656 3044 2971 3115 protegatis
3026 3062 3301 3103 errorem.
3345 3050 3463 3105 Nec
3514 3069 3649 3108 vero
3696 3056 3835 3107 caret

2202 3130 2460 3202 scripulo
2490 3132 2787 3186 societatis
2815 3133 3073 3203 occultae,
3108 3135 3207 3207 qui
3245 3137 3560 3196 manifeste
3587 3140 3834 3197 facinori-

2204 3218 2316 3274 bus
2344 3219 2547 3274 disinit
2569 3220 2820 3275 obviare-
2865 3221 3038 3277 Decet
3073 3223 3229 3280 enim
3259 3242 3362 3282 vos
3386 3229 3459 3282 ad
3496 3231 3833 3302 arguendam

2205 3307 2548 3378 proterviam
2573 3307 3087 3382 eorum,linguam
3140 3317 3393 3370 vestram
3442 3334 3739 3386 exacuere,
3786 3320 3837 3373 et

2202 3395 2360 3451 velut
2381 3413 2705 3453 venenosos
2735 3414 2769 3453 a
2808 3399 2973 3454 vobis
3031 3400 3334 3472 repellere,
3377 3420 3451 3459 ne
3510 3422 3711 3461 eorum
3756 3421 3837 3460 ve~

450 3479 2095 3558 celiusAnciraa,AsclepiusGazae,Lucianusque[Lucius]
2127 3455 2169 3521 Ο
2205 3502 2353 3540 neno
2386 3503 2507 3551 vos,
2542 3486 2834 3558 vestrique
2877 3455 3134 3560 inaliqub
3156 3455 3530 3548 sauciemini.
3555 3495 3840 3551 Sut’ﬁciant

449 3573 936 3648 Adrianopolites,
960 3591 1061 3646 pro
1096 3573 1270 3630 certis
1317 3571 1685 3637 criminibus,
1745 3567 1961 3640 quibus
1989 3567 2097 3623 ad-

453 3663 690 3718 versarii
726 3667 865 3718 sunt
892 3664 1045 3736 apud
1107 3680 1213 3719 nos
1264 3660 1555 3733 inscripti,
1606 3674 1733 3730 quae
1788 3672 1890 3728 per
1946 3672 2096 3727 pra:-

449 3755 644 3808 sentes
701 3751 877 3823 hujus
932 3751 1189 3824 epistolas
1240 3750 1457 3806 latores
1520 3747 1718 3804 omnia
1774 3746 1883 3801 sub
1939 3749 2096 3801 certa

449 3841 729 3897 relatione
759 3846 959 3896 vestrae
993 3842 1353 3897 innotescere
1383 3855 1496 3895 non
1527 3834 1851 3893 omittimus
1879 3832 2093 3889 sancti-

453 3931 580 3987 tati.
613 3930 838 3995 Quibus
853 3930 1090 4002 agnitis,
1122 3930 1171 3984 si
1204 3927 1418 3984 nostris
1451 3923 1882 3999 placitismagis
1913 3940 2089 3995 quam

448 4037 650 4078 eorum
674 4019 1210 4076 machinationibus
1239 4016 1544 4084 assentire,
1576 4017 1632 4070 et
1653 4014 1948 4070 ordinatos
1969 4014 2090 4086 epi-

450 4130 658 4186 scopos
688 4115 746 4169 in
778 4116 1190 4169 damnatorum
1221 4110 1347 4166 loco
1366 4109 1599 4163 firmare
1615 4104 1851 4177 eligitis,
1888 4121 2088 4176 pacem

451 4204 779 4271 vobiscum,
802 4209 859 4259 et
883 4200 1358 4258 communionem
1417 4197 1630 4251 habere
1686 4194 1978 4250 volumus.
2030 4194 2087 4249 Si

443 4306 576 4347 vero
606 4292 776 4347 aliter
801 4290 1056 4364 egeritis,
1089 4294 1145 4345 et
1172 4289 1256 4344 eis
1279 4285 1532 4358 amplius
1551 4301 1726 4356 quam
1758 4283 1929 4339 nobis
1950 4299 2087 4338 con-

444 4379 660 4435 sentire
688 4381 841 4437 603
859 4377 1282 4451 judicaveritis,
1315 4372 1606 4430 contraria
1635 4370 2087 4437 celebrabimus,

444 4474 503 4524 et
531 4470 833 4527 vobiscum
869 4469 1143 4539 deinceps
1177 4483 1279 4521 nec
1338 4462 1700 4536 congregari,
1762 4478 1867 4516 nec
1925 4459 2087 4515 vobis

442 4558 697 4625 obedire,
731 4575 837 4613 nec
860 4557 1022 4615 vobis
1051 4556 1373 4627 vestrisque
1418 4554 1605 4608 favere
1658 4550 1951 4613 volumus,
1983 4550 2084 4604 sed

442 4663 546 4719 per
583 4663 689 4702 nos
719 4646 1005 4718 quidquid
1046 4643 1257 4701 melius
1287 4641 1636 4715 elegerimus
1661 4654 1829 4711 agere
1856 4639 2085 4694 conabi-

442 4753 594 4792 mur.
649 4736 797 4794 Nam
832 4733 1029 4790 nullus
1049 4737 1141 4790 est
1166 4732 1223 4788 in
1257 4732 1365 4788 hac
1414 4735 1576 4803 parte
1621 4733 1909 4782 terrarum
1946 4732 2080 4787 aeta-

2206 3572 2293 3628 has
2324 3574 2489 3629 vobis
2512 3574 2892 3646 querimoniae
2922 3582 3123 3632 contra
3144 3594 3242 3633 eos
3293 3579 3528 3647 delatae,
3576 3583 3834 3656 quoniam

2203 3662 2569 3733 derelinquat
2591 3679 2697 3718 nos
2714 3666 3301 3735 tempus,secundum
3324 3671 3479 3740 quod
3508 3671 3592 3725 ait
3613 3676 3834 3742 Aposto-

2203 3749 2317 3822 lus,
2353 3751 2399 3806 si
2433 3749 2791 3807 voluerimus
2824 3752 3086 3808 omnium
3119 3753 3572 3826 obloquentium
3624 3759 3832 3815 oblatas

2201 3845 2403 3895 contra
2458 3857 2557 3896 eos
2589 3841 2907 3911 producere
2942 3841 3233 3913 querelas,
3267 3847 3526 3903 maxime
3565 3865 3697 3903 cum
3728 3848 3833 3902 haec

2198 3927 2369 3984 nobis
2400 3928 2716 3993 sufﬁciant,
2748 3944 2875 4001 quae
2909 3932 3180 4001 superius
3211 3933 3363 3987 dicta
3408 3941 3568 3991 sunt.
3607 3936 3715 3993 Nec
3739 3953 3828 3990 no-

2200 4017 2291 4073 bis
2320 4034 2557 4073 necesse
2604 4017 2812 4073 iterum
2865 4035 3065 4073 eorum
3125 4021 3429 4094 divulgare
3481 4024 3659 4095 mala,
3708 4040 3827 4080 cum

2197 4105 2326 4177 ipsa
2357 4123 2460 4178 per
2509 4121 2570 4160 se
2602 4106 2907 4178 prodeant,
2930 4112 2985 4161 et
3017 4109 3267 4164 maxime
3296 4127 3505 4168 omnes
3534 4114 3830 4170 orientales

2196 4198 2377 4250 testes
2403 4211 2579 4265 super
2620 4210 2821 4250 eorum
2857 4196 3031 4250 malis
3080 4197 3353 4254 existant.
3409 4201 3467 4255 In
3530 4219 3629 4257 ore
3672 4205 3826 4270 enim,

2191 4284 2356 4355 juxta
2386 4283 2541 4355 quod
2590 4282 2872 4354 scriptum
2895 4290 3007 4354 est,
3038 4286 3275 4342 duorum
3302 4288 3387 4343 vel
3418 4292 3592 4345 trium
3625 4292 3829 4347 testium

2192 4371 2357 4427 stabit
2394 4387 2552 4427 mnue
2579 4371 2803 4427 verbum
2829 4373 2896 4426 ⁸³.
2924 4373 3151 4435 Quanto
3204 4378 3394 4441 magis
3456 4379 3513 4433 in
3576 4379 3827 4433 multitu-

2194 4461 2329 4515 dine
2365 4465 2657 4516 tantorum
2690 4462 3080 4530 sacerdolum,
3116 4464 3491 4535 pupulorum,
3537 4469 3824 4533 abbatum;

2193 4548 2275 4605 vel
2304 4549 2746 4613 monachorum,
2781 4552 2836 4604 et
2865 4550 3081 4621 scriptu
3106 4557 3161 4606 et
3192 4569 3326 4607 voce
3374 4561 3581 4609 contra
3629 4556 3823 4610 horum

2193 4638 2539 4710 pravitatem
2574 4638 2836 4709 quotidie
2865 4640 3361 4696 acclamantium?
3396 4642 3517 4699 Nos
3550 4661 3681 4698 vero
3730 4644 3819 4696 diu

2189 4727 2652 4799 exspectavimus
2673 4743 2771 4783 eos
2803 4743 2904 4797 per
2936 4727 3182 4784 multam
3236 4731 3607 4802 patientiam,
3643 4738 3706 4788 ut
3741 4734 3823 4786 fa-

438 4829 556 4881 tem
614 4824 858 4893 habens,
934 4824 1033 4897 qui
1096 4823 1322 4895 ignoret
1379 4820 1789 4893 praedictorum
1860 4815 2078 4872 volumi
2107 4823 2156 4888 Β
2185 4820 2381 4872 cerent
2408 4832 2569 4887 uvas,
2602 4816 2701 4872 sed
2733 4814 3179 4872 illiecontrario
3227 4819 3819 4876 feceruntlabruscas.

438 4931 513 4970 na
569 4915 964 4971 seductorum.
1039 4913 1279 4984 Pr0pter
1333 4927 1433 4965 eos
1492 4906 1647 4963 enim
1700 4904 1885 4961 multa
1940 4910 2080 4961 sunt

436 5005 591 5060 mala
640 5009 895 5077 peracta,
955 5001 1140 5059 multa
1176 4999 1425 5056 concilia
1482 4996 1726 5052 diversis
1782 4999 1840 5049 et
1907 5010 2076 5065 aspe-

432 5094 513 5150 ris
544 5093 908 5165 temporibus
963 5090 1272 5155 celebrata,
1333 5087 1530 5143 multae
1586 5082 2072 5153 machinationes,

431 5183 618 5240 multa
648 5182 819 5238 nobis
874 5178 1186 5254 opprobria
1236 5176 1420 5243 illata,
1455 5181 1513 5231 et
1557 5173 1675 5230 alia
1707 5172 1911 5242 multa,
1943 5189 2072 5243 quia

428 5288 775 5331 enumerare
796 5271 1143 5345 perlongum
1173 5272 1283 5327 est.
1330 5268 1499 5334 Nam,
1531 5264 1580 5322 si
1602 5263 1694 5320 his
1743 5263 2072 5321 consentire

492 5477 535 5513 ⁸¹
569 5477 732 5533 Prov.
764 5490 924 5541 xvm,
960 5473 1009 5527 1.
1105 5470 1152 5505 ⁸⁵
1178 5469 1346 5525 Rom.
1382 5485 1421 5537 ι,
1453 5468 1542 5522 35.

485 5656 600 5730 (39)
627 5654 971 5711 Theodorus
1000 5647 1358 5706 Perinthius.

2186 4905 2302 4960 Vos
2332 4921 2468 4975 ergo
2518 4921 2633 4959 non
2692 4904 2972 4975 optimum
3015 4906 3087 4960 de
3150 4912 3353 4962 caetero
3402 4908 3718 4981 negligere,
3771 4912 3823 4963 et

2186 4994 2415 5049 differre
2436 4992 2603 5059 tales,
2637 5010 2706 5048 ne
2736 4994 2910 5064 (quod
2958 4994 3112 5050 absit
3140 4995 3180 5066 l)
3239 5003 3562 5055 memorata
3589 4998 3820 5054 crimina

2185 5099 2385 5139 eorum
2417 5080 2847 5136 subimitemini
2900 5083 3320 5139 irrationaliter
3370 5086 3678 5159 episcopos
3725 5101 3816 5158 po-

2183 5177 2407 5227 nentes.
2447 5171 2560 5241 Ipsi
2581 5171 2761 5239 enim,
2786 5171 2896 5226 nisi
2922 5173 3043 5226 cito
3066 5174 3453 5244 corrigentur,
3485 5175 3657 5245 juxta
3673 5173 3812 5245 quod

2182 5265 2390 5320 beatus
2419 5260 2733 5333 Apostolus
2782 5266 3163 5335 protestetur,
3190 5263 3494 5321 Secundum
3545 5266 3811 5322 duritiam

1635 5466 1657 5501 ³
1679 5466 1885 5522 Matth.
1914 5480 2074 5533 xvm,
2100 5464 2185 5518 16.

2245 5642 2358 5715 (40)
2388 5643 2517 5696 Haec
2548 5655 2617 5695 ex
2647 5638 2895 5696 Historia
2926 5639 3239 5708 tripartito.
