4086 6214
307 342 459 400 1459

1461 336 1525 396 S.
1576 332 2101 394 A'I‘HANASIUS.
2129 364 2208 375 —-
2237 332 2543 392 SPURIA.

3573 336 3588 387 Ι
3608 330 3731 389 460

302 469 549 527 concilia
569 468 874 536 celebrari,
908 484 1011 523 nec
1033 467 1337 540 episcopos
1370 465 1654 521 damnari.
1701 467 1815 519 Aut
1853 480 1957 518 cur
1986 465 2039 531 Α
2070 468 2222 529 tum,
2254 480 2367 519 non
2403 461 2645 518 moleste
2678 462 2826 517 ferat
2855 461 3110 533 aliquem
3162 461 3274 516 sibi
3333 476 3461 516 esse
3518 460 3728 532 praeia-

301 562 358 616 in
387 559 798 632 praedictorum
832 557 957 613 loco
1011 558 1260 611 fratrum
1302 555 1449 610 alios
1506 554 1803 610 adulteros
1854 569 1953 624 po-

307 649 535 716 suistis,
592 653 911 719 antequam
976 663 1151 718 penes
1211 662 1339 716 nos,
1388 649 1491 699 aut
1546 642 1957 715 apocrisiarios

305 742 557 806 nostros,
593 753 792 792 eorum
836 752 1013 791 causa
1063 734 1338 790 canonice
1390 738 1546 789 esset
1602 732 1952 800 examinata,

305 829 600 896 ﬁnemque
634 825 955 897 perciperet
989 831 1231 878 rectum.
1273 822 1367 876 Isti
1392 822 1571 888 enim,
1605 820 1701 891 qui
1736 821 1807 875 ad
1841 836 1957 873 me-

307 921 593 971 moratam
655 913 919 985 rcgulam
981 928 1209 980 venere,
1267 911 1626 965 vocationem
1694 909 1954 963 videntes

299 1023 404 1060 vos
433 1022 465 1059 a
495 1004 787 1076 praedictis
821 1002 1184 1064 subtrahere,
1220 999 1557 1065 calumniis,
1607 997 1793 1052 multa
1851 997 1953 1049 ad-

299 1109 505 1149 versus
534 1109 634 1148 vos
684 1090 1085 1162 lacrymabilia
1136 1094 1193 1143 et
1235 1088 1533 1143 doloribus
1581 1086 1752 1157 plena
1810 1085 1952 1139 refe-

295 1190 453 1237 runt.
483 1184 837 1236 Accusantes
869 1195 968 1233 vos
994 1184 1051 1231 et
1081 1178 1361 1241 dicentes,
1408 1175 1592 1229 multa
1623 1192 1685 1229 se
1740 1175 1953 1243 impor-

295 1271 497 1327 tabilia
525 1288 557 1325 a
589 1269 752 1325 vobis
782 1285 911 1322 esse
946 1284 1171 1337 passos.
1235 1266 1349 1320 Vos
1408 1281 1543 1335 ergo
1605 1263 1954 1333 refugientes

298 1361 514 1425 venire,
567 1357 818 1428 illosque
878 1359 1311 1425 perseverantes
1368 1354 1425 1406 in
1509 1370 1641 1407 vera
1711 1351 1952 1413 ratione,

302 1465 560 1518 suasque
591 1446 918 1501 calumnias
951 1444 1362 1507 reclamantes,
1396 1459 1571 1512 super
1629 1441 1845 1511 quibus
1898 1445 1956 1494 et

303 1536 699 1607 Egyptiorum
752 1533 1007 1605 episc0pi
1062 1531 1268 1585 litteris
1330 1529 1494 1585 nobis
1556 1529 1753 1583 missis
1823 1544 1951 1598 pro-

305 1630 614 1687 testantur,
644 1623 789 1687 suis,
817 1621 961 1676 falsa
984 1637 1132 1686 esse,
1161 1637 1287 1692 quae
1315 1624 1515 1674 contra
1546 1617 1951 1683 Athanasium,

305 1730 557 1782 suosque
591 1716 905 1766 sectatores
928 1709 1360 1777 machinantur,
1408 1712 1735 1777 cunctaque
1792 1705 1951 1759 Aria-

2066 558 2215 619 tum,
2241 553 2342 607 sed
2374 550 2923 623 obtemperantiam,
2957 567 3135 622 quam
3165 551 3236 605 ab
3268 550 3403 605 aliis
3450 551 3727 621 requirit,

2065 641 2247 712 gratis
2295 646 2352 696 et
2416 641 2542 711 ipse
2597 640 2897 710 rependat.
2952 642 3320 710 Quapropter
3364 640 3726 711 increpando

2066 730 2229 785 vobis
2261 730 2472 784 scribo.
2495 729 2641 793 Quia
2670 746 2783 784 non
2817 733 2970 784 recte
3003 729 3303 783 tractastis
3333 728 3488 783 viros
3537 728 3725 782 incul-

2065 826 2252 891 patos,
2287 824 2343 873 et
2376 837 2408 871 a
2441 818 2607 873 nobis
2641 818 2883 872 minime
2904 818 3269 873 examinatos
3308 819 3378 872 de
3424 818 3552 872 suis
3616 818 3719 871 Ec-

2064 907 2255 962 clesiis
2302 906 2712 961 communione
2763 906 3020 978 privatos
3070 906 3372 977 pellenles,
3422 912 3479 960 et
3534 906 3721 961 eccle-

2064 995 2964 1067 siasticzedisciplinaeinjuriam
3019 995 3367 1067 irrogantes,
3428 996 3721 1050 constitu-

2067 1088 2308 1154 tumque
2366 1084 2579 1138 Nicaani
2630 1082 2860 1137 concilii
2911 1083 3154 1139 minime
3202 1088 3520 1147 servantes,
3581 1084 3721 1137 talia

2065 1172 2503 1243 indisciplinate
2533 1188 2701 1242 agere
2736 1188 2847 1226 non
2882 1172 3266 1229 formidastis.
3302 1173 3547 1235 Idcirco,
3570 1189 3715 1242 quo-

2066 1262 2223 1315 niam
2251 1262 2473 1315 dudum
2510 1259 2703 1315 venire
2726 1261 2909 1315 vocati
2945 1261 3245 1329 renuistis,
3283 1261 3452 1316 modo
3473 1262 3543 1315 ad
3593 1276 3721 1315 eer-

2066 1354 2188 1404 tum
2223 1350 2401 1412 diem,
2438 1350 2493 1402 id
2525 1354 2633 1413 est,
2667 1367 2738 1403 xv
2773 1350 2891 1404 Ital.
2943 1351 3309 1418 Novembris,
3359 1367 3459 1405 vos
3510 1352 3716 1405 iterum

2066 1438 2413 1510 regulariter
2440 1437 2672 1507 litteris,
2706 1438 3022 1509 missisque
3050 1456 3383 1505 evocemus,
3417 1444 3480 1493 ut
3524 1456 3715 1493 coram

2064 1528 2230 1581 vobis
2277 1527 2663 1582 ostendamus
2704 1544 2810 1582 nos
2842 1528 3069 1595 justam
3122 1528 3177 1582 in
3244 1545 3342 1583 eos
3406 1530 3720 1599 protulisse

2066 1617 2444 1685 sententiam,
2470 1621 2526 1670 et
2573 1617 2643 1670 de
2677 1623 2879 1671 caetero
2914 1634 3026 1671 non
3056 1616 3195 1671 talia
3226 1634 3356 1673 esse
3417 1634 3716 1687 passuros.

2065 1706 2167 1760 Est
2190 1705 2406 1759 etenim
2442 1705 2497 1759 in
2533 1706 2794 1777 antiquis
2813 1706 3084 1760 Ecclesia:
3115 1707 3353 1760 statutis
3396 1707 3714 1771 decretum,

309 1819 517 1858 norum
555 1800 889 1855 machinata
937 1797 1342 1868 blasphemiis.
1401 1795 1641 1850 Talibus
1702 1809 1954 1865 namque
1992 1828 2037 1891 B
2068 1800 2131 1848 ut
2187 1794 2283 1863 qui
2348 1793 2539 1847 aliena
2582 1794 2829 1858 invadit,
2874 1811 2985 1849 non
3018 1800 3180 1849 exeat
3209 1795 3562 1865 impunitus,
3615 1795 3713 1848 sed

310 1892 613 1962 ﬁgmentis
642 1889 827 1960 liquet
856 1904 952 1941 eos
978 1903 1105 1940 esse
1130 1884 1535 1955 inculpabiles,
1564 1899 1784 1953 vosque
1842 1881 1959 1935 cul-

308 1978 567 2051 pabiles:
602 1978 742 2048 quia
788 1977 837 2029 si
881 1978 951 2029 de
1001 1991 1133 2028 vera
1176 1972 1543 2028 conﬁderetis
1601 1970 1934 2025 innocentia

304 2066 465 2122 nullo
502 2068 668 2121 modo
700 2066 873 2135 ajum
906 2064 1063 2117 dicta
1092 2079 1191 2117 vos
1224 2062 1503 2116 canonica
1536 2058 1957 2113 subtraheretis

306 2153 662 2224 evocatione,
709 2170 837 2224 quas
893 2168 1004 2205 non
1066 2151 1282 2216 subito,
1322 2150 1419 2203 scd
1454 2148 1710 2219 spatiose
1734 2147 1958 2201 denun-

308 2244 452 2299 tiata
502 2247 590 2298 est
635 2259 648 2297 :
702 2242 801 2297 sed
847 2239 1005 2295 omni
1048 2239 1336 2293 subducta
1384 2237 1670 2308 apologia,
1738 2237 1960 2306 absque

312 2331 644 2388 tardatione
671 2330 891 2396 venire,
919 2333 976 2384 et
1034 2344 1242 2382 causas
1295 2327 1532 2381 reddere
1583 2323 1956 2380 festinaretis.

316 2421 540 2486 Quibus
572 2421 652 2475 ita
683 2418 883 2489 gestis,
918 2416 1125 2488 scripsi
1160 2415 1343 2482 vobis,
1377 2420 1433 2469 et
1463 2414 1738 2469 omnibus
1769 2413 1863 2483 qui
1899 2412 1959 2466 in

320 2509 629 2566 Antiochia
662 2512 863 2562 contra
893 2505 1270 2575 apostolicam
1302 2503 1759 2573 canonicamque
1790 2518 1958 2573 regu-

320 2599 434 2655 lam
460 2596 627 2653 nobis
658 2593 1007 2651 inconsultis
1031 2593 1554 2664 fueratis,arguens
1579 2608 1679 2645 vos
1704 2589 1956 2661 primum

319 2688 389 2743 de
437 2684 672 2757 injuriis
716 2682 1061 2748 litterarum,
1112 2682 1347 2735 demum
1408 2696 1512 2735 cur
1571 2677 1956 2733 Athanasium

274 2792 283 2801 '
315 2791 582 2848 quosque
611 2777 1039 2829 consectatores
1062 2771 1130 2825 ad
1167 2774 1420 2826 vestrum
1454 2768 1764 2824 concilium
1820 2783 1955 2822 con-

310 2865 625 2921 vocassetis
660 2881 673 2930 ;
706 2861 1029 2917 canonibus
1060 2858 1238 2914 semel
1274 2856 1766 2929 praecipientibus,
1813 2855 1957 2911 nihil

312 2961 477 3009 extra
511 2954 835 3008 Romanum
869 2948 1097 3004 decerni
1130 2948 1463 3019 pontiﬁcem
1500 2965 1513 3014 ;
1563 2946 1653 3000 cui
1706 2945 1844 3012 haec,
1902 2950 1959 3000 et

312 3045 535 3113 majora
567 3040 951 3096 Ecclesiarum
988 3038 1238 3109 negotia,
1272 3040 1388 3090 tam
1424 3035 1495 3091 ab
1527 3036 1655 3107 ipso
1692 3034 1952 3101 Domino,

310 3147 484 3203 quam
501 3131 571 3185 ab
587 3129 858 3184 omnibus
876 3126 1275 3181 universorum
1294 3123 1671 3179 conciliorum
1691 3123 1955 3177 Patribus

2067 1899 2198 1936 cum
2236 1881 2724 1953 multiplicatione
2755 1883 3041 1937 restituat.
3076 1883 3234 1937 Unde
3263 1888 3322 1938 et
3351 1882 3408 1937 in
3459 1884 3714 1953 Evange-

2069 1970 2145 2025 lio
2176 1970 2460 2041 scriptum
2495 1976 2582 2025 est
2607 1988 2620 2025 :
2645 1972 2801 2040 Quod
2828 1973 2877 2025 si
2897 1971 3121 2042 aliquid
3156 1971 3508 2042 defraudavi,
3558 1972 3719 2025 redde

2067 2060 2438 2130 quadruplum
2457 2060 2520 2114 εδ.
2557 2060 2615 2113 In
2648 2058 2772 2131 lege
2796 2076 3029 2131 quoque
3059 2065 3297 2114 cautum
3360 2065 3449 2115 est
3479 2078 3497 2111 :
3551 2061 3715 2114 Male-

2066 2148 2246 2202 dictus
2275 2150 2472 2214 omnis,
2506 2150 2603 2219 qui
2623 2152 2895 2219 transfert
2927 2152 3187 2203 terminos
3217 2151 3461 2219 proximi
3504 2152 3616 2216 sui,
3668 2160 3720 2204 et

2067 2237 2205 2291 dicet
2232 2238 2409 2292 omnis
2431 2242 2664 2308 populus
2685 2238 2749 2291 ⁸⁷.
2783 2240 2968 2292 Amen.
3002 2239 3188 2302 Quare
3221 2239 3402 2292 miror
3449 2254 3553 2292 vos
3602 2243 3719 2292 tam

2069 2329 2319 2383 audaces
2349 2345 2497 2393 esse,
2520 2334 2578 2383 et
2603 2333 2720 2383 tam
2756 2328 3157 2398 imprudenter
3188 2329 3401 2401 egisse,
3432 2334 3489 2383 et
3520 2328 3722 2382 termi-

2069 2433 2196 2483 nos,
2222 2418 2445 2487 acjura
2474 2417 2623 2471 beati
2658 2417 2807 2471 Petri
2841 2416 3239 2488 apostolorum
3284 2417 3571 2489 principis
3631 2418 3721 2469 in-

2068 2505 2308 2559 vasisse.
2341 2504 2438 2558 Sui
2463 2504 2641 2570 enim,
2670 2509 2732 2557 ut
2764 2502 2935 2575 paulo
2967 2502 3239 2573 superius
3269 2503 3717 2573 comprobatum

2067 2598 2174 2661 est,
2198 2593 2353 2663 juris
2382 2599 2524 2659 erat,
2562 2597 2625 2647 ut
2654 2593 2877 2663 absque
2906 2593 3034 2662 ejus
3067 2597 3282 2646 sanctae
3314 2590 3473 2646 sedis
3505 2596 3714 2646 aucto-

2068 2682 2236 2736 ritate
2271 2680 2468 2736 nullus
2522 2682 2756 2736 deberet
2802 2684 2903 2735 aut
2946 2680 3194 2736 concilia
3243 2679 3561 2744 celebrare,
3615 2684 3719 2733 aut

2066 2770 2370 2841 episcopos
2419 2771 2490 2824 ad
2548 2772 2837 2841 synodum
2888 2785 3223 2833 convocare,
3280 2768 3366 2822 vel
3433 2769 3716 2823 damnare

2065 2875 2185 2922 eos,
2218 2864 2319 2913 aut
2351 2859 2600 2930 propriis
2620 2858 2833 2929 pellere
2864 2858 3122 2921 sedibus,
3156 2862 3257 2912 aut
3303 2855 3449 2912 alios
3499 2858 3557 2911 in
3614 2874 3713 2912 eo-

2068 2965 2196 3002 rum
2228 2948 2352 3003 loco
2376 2948 2664 3013 ordinare,
2700 2965 2825 3019 quae
2856 2948 3054 3002 omnia
3098 2964 3197 3001 vos
3248 2951 3534 3002 temerare
3593 2963 3710 3001 non

2066 3036 2369 3091 timuistis.
2403 3037 2550 3100 Quid
2578 3053 2714 3108 ergo
2754 3036 2912 3091 aliud
2970 3041 3060 3090 est
3114 3037 3248 3090 talis
3306 3037 3712 3107 praesumptio,

2069 3128 2180 3181 nisi
2227 3128 2379 3199 quod
2433 3126 2834 3199 apostolorum
2885 3144 3246 3198 suorumque
3306 3142 3717 3182 successorum

312 3186 548 3287 speciali
584 3223 741 3282 sunt,
775 3220 973 3284 utjam
1007 3214 1224 3268 dictum
1252 3218 1361 3278 est,
1386 3211 1684 3284 privilegio
1720 3211 1953 3265 tradita.
1989 3186 2031 3249 Ο
2072 3186 2307 3271 decreta
2330 3186 2742 3287 transgredi,et
2773 3186 3238 3271 maledictionem
3272 3215 3724 3286 superiuscom-

314 3310 493 3363 Vobis
525 3322 661 3378 ergo
712 3303 1158 3375 refugientibus,
1211 3308 1267 3357 et
1311 3303 1380 3355 ad
1424 3300 1736 3356 concilium
1793 3301 1965 3354 toties

317 3395 646 3453 convocatis
678 3394 883 3447 adesse
916 3390 1267 3456 nolentibus,
1304 3389 1420 3445 illis
1470 3405 1698 3460 quoque
1750 3388 1805 3441 in
1860 3404 1967 3443 sua

319 3482 756 3546 reclamatione,
791 3486 847 3534 et
869 3482 1032 3549 justa
1064 3479 1287 3533 ratione
1346 3478 1821 3548 persistentibus,
1872 3493 1963 3529 ve-

319 3575 991 3643 straquecognoseentes
1040 3568 1308 3633 crimina,
1360 3571 1415 3621 et
1464 3565 1697 3619 illorum
1750 3567 1964 3633 justam

319 3662 719 3719 examinantes
751 3659 1056 3725 rationem,
1090 3671 1409 3726 omnesque
1442 3671 1540 3709 eos
1570 3654 1800 3708 Nicaeno
1830 3669 1966 3707 con-

319 3750 453 3807 cilio
486 3751 964 3820 cooperantes,et
1006 3744 1220 3800 nostris
1278 3742 1558 3815 apostolis
1599 3741 1967 3811 jussionibus

319 3841 813 3909 obtemperantes,
848 3835 1034 3889 visum
1058 3837 1146 3888 est
1177 3831 1365 3897 nobis,
1392 3848 1455 3885 ac
1498 3831 1765 3885 universo
1824 3847 1966 3884 con-

319 3928 471 3996 cilio,
507 3933 567 3980 ut
598 3942 703 3980 nos
734 3922 945 3978 divinis
979 3922 1299 3994 praeceptis,
1344 3926 1400 3975 et
1448 3919 1785 3992 apostolicis
1844 3935 1967 3973 mo-

320 4017 461 4071 nitis
493 4014 810 4079 informati,
845 4012 945 4082 qui
975 4029 1073 4082 pro
1106 4011 1366 4065 omnium
1404 4008 1787 4063 Ecclesiarum
1814 4013 1965 4063 statu

319 4104 571 4176 impigro
593 4101 833 4172 vigilare
857 4101 1138 4155 debemus
1161 4099 1395 4165 effectu,
1427 4098 1473 4152 si
1508 4098 1829 4169 quidquam
1883 4113 1969 4151 re-

323 4191 695 4266 prehensioni
747 4206 995 4261 usquam
1060 4187 1358 4242 invenitur
1410 4188 1746 4256 obnoxium,
1798 4185 1967 4241 celeri

324 4279 718 4338 sollicitudine
750 4278 821 4333 ab
859 4276 1197 4349 ignorantiie
1245 4274 1539 4347 imperitia
1595 4280 1695 4329 aut
1750 4292 1781 4329 a
1830 4292 1968 4345 prcc-

325 4367 681 4440 sumptionis
713 4364 1093 4436 usurpatione
1130 4380 1491 4419 rcvocemus.

402 4459 450 4512 1.
476 4458 577 4512 His
593 4455 787 4510 taliter
801 4452 1182 4509 consideratis
1204 4458 1378 4524 atque
1399 4451 1970 4522 discretis,tanquam

2074 3304 2446 3378 prebensam,
2476 3303 2683 3375 inlege
2705 3303 2887 3359 semel
2927 3310 3183 3370 cautam,
3235 3320 3413 3376 quam
3472 3303 3726 3375 populus

2076 3404 2190 3448 uno
2223 3410 2341 3453 ore.
2370 3410 2744 3465 consonaque
2771 3394 3150 3465 responsione
3176 3411 3277 3464 per
3305 3410 3489 3457 amen,
3540 3393 3599 3446 id
3640 3398 3729 3446 est

2077 3484 2197 3547 ﬁat,
2234 3480 2621 3547 conﬁrmavit,
2645 3482 2941 3553 suscipere
2962 3498 3077 3537 non
3119 3482 3405 3537 timuistis
3422 3481 3450 3535 ‘2
3472 3481 3732 3545 Necnon,

2078 3576 2143 3624 ut
2201 3587 2349 3635 reor,
2400 3569 2618 3623 talibus
2675 3568 3215 3642 transgressionum
3267 3570 3546 3625 funiculis
3599 3585 3729 3623 con-

2076 3658 2288 3728 stricti,
2324 3665 2616 3728 nostrum,
2668 3674 2739 3715 ne
2797 3663 2989 3713 vestra
3041 3659 3427 3731 proderentur
3474 3658 3721 3729 ﬂagitia,

2076 3745 2701 3811 examen'declinastis,
2730 3750 2786 3802 et
2816 3747 2887 3801 ad
2924 3747 3324 3819 supradictam
3366 3746 3727 3801 vocationem

2076 3835 2271 3890 venire
2293 3833 2629 3889 distulistis.
2665 3835 2814 3889 Sane
2848 3835 3230 3890 manifestum
3263 3840 3375 3901 est,
3405 3852 3578 3890 suum
3632 3850 3731 3889 eos

2078 3924 2337 3979 conﬁteri
2372 3923 2616 3993 crimen,
2649 3924 2748 3995 qui
2783 3923 2954 3979 toties
2985 3924 3202 3979 evocati
3235 3926 3461 3995 absque
3493 3923 3730 3978 inevita.

2080 4012 2177 4066 bili
2204 4029 2379 4067 causa
2402 4011 2595 4065 venire
2626 4010 3066 4080 distulerunt,et
3095 4013 3383 4083 purgandi
3407 4028 3468 4066 se
3522 4013 3729 4065 volun-

2078 4105 2195 4155 tate
2227 4116 2337 4154 non
2364 4104 2630 4154 utuntur.
2663 4101 2806 4155 Nam
2840 4100 2888 4155 si
2913 4102 2983 4156 de
3007 4100 3215 4156 vestris
3261 4100 3432 4156 dictis
3477 4102 3730 4156 conﬁde-

2081 4189 2242 4253 retis,
2276 4189 2535 4244 etiamin
2586 4190 2790 4245 faciem
2853 4190 3096 4261 probare
3154 4207 3267 4245 non
3326 4189 3728 4245 distulissetis.

2079 4276 2246 4332 Tales
2277 4277 2651 4334 insidiatores
2682 4278 2891 4350 spiritu
2939 4278 3319 4350 praevidentes
3379 4278 3567 4333 sancti
3628 4278 3731 4332 Pa-

2081 4370 2200 4421 tres
2233 4366 2287 4420 in
2326 4368 2516 4421 Nicaea
2546 4366 2905 4439 congregati,
2966 4367 3121 4439 leges
3179 4372 3534 4437 statuerunt,
3587 4384 3732 4439 quas

2084 4473 2187 4511 nos
2221 4474 2473 4512 canones
2506 4457 2895 4530 appellamus,
2932 4476 3001 4514 ne
3033 4458 3199 4513 facile
3220 4459 3387 4531 probi
3419 4460 3490 4513 ab
3516 4457 3730 4528 impro-

330 4547 592 4602 omnium
625 4560 822 4599 curam
858 4546 1147 4615 gerentes,
1172 4547 1406 4613 propter
1427 4539 1581 4595 sedis
1616 4539 1854 4611 propria:
1886 4540 1973 4593 di-
2008 4545 2051 4609 D
2085 4545 2173 4601 bis
2204 4546 2644 4601 damnarentur.
2686 4547 2724 4601 E
2768 4548 2984 4619 quibus
3039 4546 3352 4601 nonnullas
3412 4547 3730 4602 sententias

331 4632 1015 4709 gnitatcm,suscepimus
1034 4648 1130 4686 eos
1148 4632 1207 4685 in
1231 4630 1576 4693 orationem,
1611 4629 1975 4700 singulisque

330 4743 465 4782 eum
497 4722 838 4778 auctoritate
868 4720 1047 4790 hujus
1072 4725 1281 4774 sancta:
1306 4718 1460 4773 sedis
1491 4717 1685 4787 rebus,
1712 4720 1975 4789 proprias

332 4812 697 4870 reddidimus
739 4809 1025 4864 Ecclesiae
1066 4809 1178 4880 (43)
1232 4807 1509 4879 quoniam
1567 4806 1703 4860 huic
1760 4812 1973 4860 sancta:

331 4902 477 4969 sedi,
512 4905 745 4972 propter
777 4898 1130 4969 privatorum
1184 4897 1489 4952 hominum
1540 4895 1806 4963 insidias,
1850 4897 1974 4966 ipso

332 4992 572 5048 Domino
598 4988 960 5055 instituente,
997 4992 1052 5040 et
1084 4987 1302 5040 sanctis
1332 4983 1632 5056 apostolis,
1657 5000 1977 5055 eorumque

330 5077 769 5137 successoribus
800 5092 903 5147 per
952 5074 1187 5146 singula
1235 5073 1481 5129 concilia
1540 5074 1973 5141 roborantibus,

330 5171 438 5225 hoc
472 5182 703 5237 semper
734 5163 917 5233 licuit,
954 5162 1541 5235 licebitque,Domino
1574 5161 1975 5228 auxiliante,in

333 5260 699 5330 perpetuum.
737 5252 922 5318 Unde,
956 5252 1053 5323 qui
1087 5253 1198 5307 scit
1236 5269 1297 5306 se
1330 5250 1459 5307 aliis
1519 5266 1646 5305 esse
1698 5249 1977 5322 praeposi-

410 5456 454 5492 ⁸⁸
487 5456 623 5512 Luc.
655 5471 770 5525 x1x,
801 5454 856 5512 8.
878 5453 921 5487 ⁸⁷
950 5452 1121 5506 Deut.
1150 5464 1328 5516 xxvn,
1364 5448 1451 5505 17.

2085 4632 2180 4689 hic
2204 4633 2375 4688 inseri
2408 4635 2819 4705 judicavimus,
2854 4641 2916 4689 ut
2946 4640 3239 4690 tantorum
3269 4635 3508 4690 Patrum
3534 4641 3727 4690 aucto-

2088 4723 2501 4786 ritate.nostra
2542 4724 2915 4779 roboraretur
2970 4724 3236 4795 epistola.
3297 4728 3473 4794 atque
3530 4741 3733 4778 omnes

2088 4811 2413 4866 Orientales
2444 4812 2561 4867 sive
2595 4811 2955 4884 reliquarum
2990 4813 3245 4884 partium
3270 4812 3552 4883 episcopi,
3616 4811 3732 4866 haec

2087 4900 2411 4967 audientes,
2468 4902 2524 4955 in
2575 4905 2797 4955 tantam
2860 4902 3084 4955 foveam
3144 4918 3254 4955 non
3308 4901 3596 4968 incidant,
3668 4919 3734 4954 ne

2088 4988 2526 5043 damnationem
2609 5005 2637 5043 a
2727 4989 2997 5044 Patribus
3059 4990 3349 5044 decretam
3390 4990 3734 5060 percipiant.

2087 5077 2429 5147 Sequuntur
2487 5079 2641 5133 enim
2691 5094 2760 5133 ex
2842 5078 3116 5151 praedicto
3200 5077 3442 5133 concilio
3509 5077 3739 5133 Nicaenc

2088 5165 2237 5221 605
2296 5165 2574 5236 capitula,
2656 5166 2715 5221 id
2765 5170 2874 5233 est,
2955 5183 3113 5234 xvm,
3198 5184 3315 5235 XIX,
3383 5184 3500 5235 xxx,
3579 5184 3739 5235 XXIII,

2087 5269 2242 5322 xxvr,
2299 5271 2476 5325 xxvu,
2519 5271 2714 5325 xxvm,
2774 5271 3008 5323 xxxvm,
3095 5272 3211 5323 xu,
3267 5258 3327 5310 et
3390 5272 3446 5323 v,
3507 5272 3608 5320 vn,
3687 5259 3745 5310 et

415 5652 528 5722 (43)
558 5651 822 5707 Canones
854 5645 1282 5717 subsequentes
1322 5661 1390 5699 ex
1448 5643 1893 5703 Sardicensibus
1932 5651 1990 5705 et
2026 5663 2094 5705 ex
2115 5647 2247 5704 aliis
2277 5644 2663 5703 consarcinati
2695 5649 2852 5703 sunt.
