4086 6214
333 367 479 425 1461

1240 372 1544 430 PONTIF.
1601 375 1785 433 ΝΟΜ.
1838 376 1933 432 ET
1976 373 2401 433 ATHANASII
2448 374 2871 433 EPlSTOLxE.

3585 371 3743 431 1462

332 515 455 567 vni,
490 514 554 551 ac
606 515 677 563 LI,
738 515 834 569 ιιι,
865 517 979 568 Lm,
1036 518 1146 566 Liv,
1186 519 1273 570 LV,
1325 520 1454 572 LVII,
1507 521 1661 574 Lvm,
1722 523 1830 575 er,
1891 523 1978 572 1.x,
2010 511 2062 573 Α
2095 507 2378 573 tuendum
2409 507 2562 577 quod
2596 507 2718 577 ipse
2743 506 2903 574 juste
2933 503 3244 559 censuerit.
3280 505 3350 558 Et
3378 518 3603 566 omnes,
3636 504 3736 573 qui

336 604 447 655 LXI,
482 604 611 655 an,
646 604 809 643 van.

406 680 457 730 2.
493 677 560 731 Et
589 677 1074 751 omnes,episcopi
1106 680 1200 748 qui
1234 680 1289 735 in
1324 682 1673 752 quibusdam
1709 684 1982 751 graviori-

331 768 447 821 bus
481 766 813 835 pulsantur.
846 766 931 821 vel
963 769 1349 824 criminantur
1379 771 1594 839 causis,
1628 773 1853 843 quoties
1887 789 1979 826 ne-

335 870 500 908 cesse
535 853 949 918 fuerit,-libere
998 857 1374 927 apostolicam
1418 859 1710 930 appellent
1757 861 1976 915 sedem.

332 945 523 1012 Atque
556 942 625 995 ad
656 958 780 996 eam
815 946 981 1013 quasi
1015 946 1083 998 ad
1124 950 1364 1001 matrem
1416 949 1777 1017 confugiant,
1814 954 1875 1003 ut
1906 950 1978 1003 ab

329 1047 421 1093 ea,
455 1031 607 1084 sicut
638 1048 870 1102 semper
901 1033 1030 1098 fuit,
1065 1034 1153 1104 pie
1200 1035 1534 1102 fulciantur,
1569 1039 1978 1106 dcfendantur,

327 1124 387 1174 et
419 1119 949 1191 liberentur.Cujus
982 1122 1352 1192 dispositioni
1386 1142 1591 1180 omnes
1613 1128 1865 1196 majores
1896 1144 1981 1181 ec-

328 1208 691 1264 clesiasticas
715 1216 1010 1275 causas,et
1038 1212 1445 1284 episcoporum
1471 1216 1716 1285 judicia,
1737 1216 1978 1287 antiqua

324 1299 747 1370 apostolorum,
809 1317 1005 1355 eorum
1068 1317 1503 1369 successorum,
1557 1310 1731 1375 atque
1803 1323 1974 1360 cano-

328 1404 471 1442 num
508 1389 822 1443 auctoritas
855 1391 1187 1446 reservavit.
1213 1393 1497 1455 Quoniam
1526 1396 1841 1465 culpantur
1860 1395 1976 1467 epi-

328 1478 489 1546 scopi
524 1477 624 1548 qui
657 1477 827 1533 aliter
853 1495 987 1549 erga
1019 1481 1222 1535 fratres
1252 1483 1476 1553 egerint
1502 1500 1677 1554 quam
1711 1484 1975 1555 ejusdem

328 1566 487 1619 sedis
520 1582 675 1636 papae
708 1567 828 1621 fieri
864 1567 1161 1638 placuerit.

398 1656 450 1707 3.
488 1654 713 1709 Placuit
743 1662 810 1711 ut
840 1663 1147 1713 accusatus
1179 1659 1262 1714 vel
1305 1660 1606 1728 judicatus
1639 1678 1672 1715 a
1711 1678 1974 1733 compro-

320 1741 671 1798 vincialibus
701 1743 761 1797 in
793 1745 992 1816 aliqua
1023 1762 1203 1802 causa
1233 1748 1569 1819 episcOpus,
1605 1749 1847 1804 licenter
1873 1768 1974 1821 ap-

2090 596 2368 650 adversus
2392 600 2589 649 Patres
2619 599 2944 659 armantur,
2968 593 3217 647 infames
3247 609 3374 647 esse
3404 608 3733 646 censemus.

2089 684 2285 754 Neque
2317 701 2420 738 eos
2449 685 2548 754 qui
2581 700 2713 738 cum
2747 682 3003 736 inimicis
3035 685 3359 747 morantur,
3394 681 3464 735 ad
3498 697 3736 735 accusa-

2087 774 2303 827 tionem
2334 772 2429 825 vel
2459 774 2527 826 ad
2564 772 2962 826 testimonium
2996 771 3377 841 recipiendos.

2098 890 2103 895 ι
2165 867 2247 920 11.
2270 866 2501 921 Placuit
2523 870 2586 918 ut
2616 881 2848 934 semper
2877 864 2935 916 in
2968 861 3340 916 accusatione
3370 861 3736 926 clericorum,

2089 955 2276 1022 primo
2312 971 2579 1025 persona,
2612 954 2772 1017 fides,
2806 952 2945 1021 vita,
2978 956 3035 1005 et
3065 950 3425 1005 conversatio
3460 950 3735 1022 blasphe-

2089 1043 2378 1098 mantium
2415 1046 2833 1114 perscrutetur.
2856 1040 2999 1094 Nam
3028 1040 3170 1093 fides
3202 1056 3406 1094 omnes
3437 1044 3602 1094 actus
3634 1040 3735 1094 ho-

2090 1132 2265 1186 minis
2300 1132 2624 1203 praecedere
2655 1131 2825 1184 debet
2856 1145 2868 1184 :
2904 1128 3041 1199 quia
3074 1127 3310 1195 dubius,
3342 1128 3596 1183 infidelis
3627 1135 3733 1189 est,

2088 1238 2194 1276 nec
2224 1220 2306 1276 eis
2338 1221 2576 1275 omnino
2599 1235 2725 1273 esse
2756 1218 3125 1287 credendum,
3146 1219 3242 1286 qui
3274 1217 3537 1272 veritatis
3561 1217 3729 1272 fidem

2088 1309 2380 1380 ignorant,
2413 1324 2518 1362 nec
2564 1311 2717 1362 recte
2761 1305 3216 1361 conversationis
3256 1304 3430 1359 vitam
3463 1305 3686 1359 ducunt
3718 1324 3729 1372 ;

2088 1398 2366 1469 quoniam
2398 1398 2565 1466 tales,
2599 1401 2653 1450 et
2687 1395 2872 1461 facile,
2924 1400 2981 1449 et
3026 1395 3425 1449 indifferenter
3478 1393 3736 1449 lacerant

2087 1491 2144 1541 et
2171 1486 2560 1541 criminantur
2588 1490 2740 1540 recte
2770 1489 2827 1538 et
2856 1485 2946 1555 pie
2985 1484 3261 1539 viventes.
3300 1484 3433 1538 Ideo
3477 1483 3733 1553 suspicio

2087 1592 2289 1630 eorum
2323 1574 2690 1630 discutienda
2719 1580 2808 1629 est
2834 1573 3023 1644 primo
3054 1577 3111 1628 et
3141 1573 3502 1644 corrigenda.
3536 1572 3734 1643 Neque

2087 1664 2527 1719 accusatoribus
2576 1663 2887 1733 suspectis,
2922 1666 2979 1715 et
3006 1662 3077 1716 de
3134 1661 3509 1716 inimicorum
3560 1661 3732 1715 domo

2086 1752 2512 1824 prodeuntibus
2545 1752 2925 1807 credendum.

324 1829 522 1901 pellet,
546 1837 602 1885 et
622 1833 791 1940 adeat
813 1834 1143 1933 apOstolica:
1177 1836 1719 1937 sedispontiﬁcem.
1746 1841 1848 1939 Qui
1874 1844 1977 1894 aut
2005 1877 2053 1940 Β
2159 1843 2244 1896 12.
2278 1842 2437 1905 Quod
2478 1858 2591 1897 non
2652 1840 2777 1895 aliae
2827 1840 3285 1911 metropolitanae
3317 1839 3609 1907 Ecclesiae,
3644 1840 3729 1895 vel

324 1934 430 1990 per
459 1935 541 1985 se,
574 1925 674 1974 aut
707 1938 805 1992 per
834 1923 1079 1977 vicarios
1109 1942 1270 1989 suos,
1302 1927 1429 1995 ejus
1463 1928 1760 1982 retractari
1795 1945 1969 2000 nego-

321 2008 476 2062 tium
512 2016 796 2079 procuret.
825 2012 889 2064 Et
919 2013 1056 2066 dum
1082 2014 1527 2083 iteratojudicio
1555 2017 1811 2087 pontifex
1840 2034 1972 2072 cau-

322 2113 451 2151 sam
487 2098 627 2169 agit,
655 2098 853 2153 nullus
887 2100 1034 2154 alius
1066 2101 1120 2155 in
1156 2104 1284 2172 ejus
1316 2102 1440 2158 loco
1468 2109 1735 2176 ponatur,
1760 2111 1859 2160 aut
1883 2124 1970 2161 or-

320 2185 901 2260 dineturepisc0pus.
928 2190 1579 2263 Quoniam,quanquam
1603 2196 1968 2266 comprovin-

318 2274 569 2329 cialibus
600 2277 890 2348 episcopis
922 2281 1175 2335 accusati
1211 2296 1405 2335 coram
1435 2283 1655 2337 eisdem
1681 2284 1965 2354 pontiﬁci—

320 2364 431 2417 bus
464 2371 593 2419 acta
627 2367 873 2420 scrutari
911 2368 1097 2429 liceat,
1128 2387 1239 2424 non
1272 2374 1470 2425 tamen
1494 2372 1734 2426 delinire
1769 2373 1966 2427 incon-

321 2454 475 2506 sulto
512 2453 769 2509 Romano
804 2458 1075 2526 pontilice
1108 2458 1459 2527 permissum
1493 2465 1601 2514 est.
1624 2466 1765 2515 Cum
1798 2462 1966 2518 beato

320 2545 489 2595 Petro
520 2544 784 2612 apostolo
818 2563 929 2600 non
968 2547 1038 2601 ab
1070 2547 1184 2602 alio
1218 2564 1394 2619 quam
1443 2549 1516 2603 ab
1567 2550 1693 2620 ipso
1741 2552 1964 2605 dictum

316 2630 395 2684 sit
442 2629 683 2687 Domino
733 2650 745 2686 z
799 2636 1146 2707 Quaecunque
1188 2638 1446 2704 ligaveris
1513 2655 1685 2705 super
1735 2644 1963 2707 terram,

317 2724 479 2773 erunt
515 2720 689 2787 ligata
717 2726 766 2776 et
798 2726 857 2778 in
886 2726 1071 2786 caelis;
1103 2729 1153 2779 et
1182 2742 1517 2797 quascunque
1541 2729 1769 2782 solveris
1797 2745 1967 2800 super

317 2811 546 2877 terram,
579 2821 741 2865 erunt
771 2814 949 2867 soluta
977 2820 1025 2868 et
1058 2816 1111 2867 in
1144 2817 1294 2869 caelis
1316 2814 1378 2868 ⁸³.

393 2897 443 2950 4.
479 2898 534 2953 Si
579 2899 711 2969 quis
754 2903 1044 2972 putaverit
1077 2920 1138 2957 se
1167 2921 1201 2958 a
1232 2904 1678 2975 metropolitano
1709 2909 1961 2978 gravari,

316 2986 474 3056 apud
508 2988 814 3067 primatem
862 2992 1196 3059 diwceseos,
1244 2997 1344 3047 aut
1392 3011 1567 3065 penes
1616 2996 1963 3053 universalis

318 3075 650 3144 apostolicae
682 3078 942 3135 Ecclesia:
976 3097 1183 3152 papam
1206 3082 1524 3150 judicetur.

385 3165 877 3233 5..Accusatores,
923 3175 978 3224 et
1025 3172 1446 3239 accusationes,
1478 3190 1623 3243 quas
1668 3172 1824 3245 leges
1855 3190 1958 3228 sai-

315 3254 433 3308 culi
458 3272 569 3310 non
596 3258 910 3324 aseiscunt,
929 3265 987 3315 et
1008 3278 1114 3315 nos
1137 3261 1494 3317 unanimiter
1515 3265 1958 3331 submovemus,
1989 3240 2032 3305 ί]

317 3360 391 3397 ne
424 3344 523 3398 fiat
556 3345 880 3402 indistricta
911 3349 1249 3420 probatione
1290 3350 1585 3421 impietas,
1628 3369 1760 3407 cum
1809 3356 1963 3407 recta

313 3433 391 3487 sit
413 3434 624 3502 judicii
658 3436 712 3489 in
747 3436 1024 3492 electione
1054 3440 1363 3494 sententia.

383 3523 436 3576 6.
459 3523 665 3579 Nullus
697 3526 1005 3598 episcopus
1028 3526 1267 3582 alterius
1290 3529 1707 3599 parochianum
1742 3549 1958 3602 praesu-

315 3617 437 3665 mat
470 3614 735 3682 retinere,
770 3620 871 3669 aut
904 3616 1192 3684 ordinare,
1228 3618 1449 3689 absque
1477 3619 1605 3687 ejus
1636 3619 1954 3692 voluntate,

311 3700 403 3755 vel
450 3702 728 3772 judicare,
763 3704 922 3759 salva
972 3709 1167 3759 tamen
1208 3706 1266 3760 in
1315 3708 1590 3763 omnibus
1639 3710 1958 3780 apostolica

311 3791 692 3847 auctoritate:
727 3794 884 3864 quia,
910 3793 1061 3849 sicut
1080 3794 1246 3850 irrita
1264 3794 1374 3850 erit
1402 3797 1530 3866 ejus
1561 3798 1959 3864 ordinatio,ita

310 3884 371 3933 et
398 3880 778 3951 dijudicatio;
810 3884 1083 3953 quoniam
1116 3900 1425 3941 censemus
1458 3886 1680 3941 nullam
1713 3887 1956 3944 alterius

300 3969 526 4039 judicis
560 3970 669 4023 nisi
704 3971 791 4025 sui
821 3972 1111 4026 sententia
1138 3972 1320 4028 teneri
1353 3990 1366 4028 :
1403 3992 1537 4029 nam
1570 3976 1669 4046 qui
1701 3993 1834 4031 eum
1863 3993 1956 4032 or-

304 4058 512 4112 dinare
546 4076 654 4114 non
692 4061 897 4129 potuit,
930 4076 1035 4115 nec
1056 4061 1323 4131 judicare
1357 4063 1648 4118 ullatenus
1680 4064 1907 4135 poterit.

375 4150 425 4200 7.
464 4150 519 4203 Si
556 4152 687 4220 quis
718 4168 852 4221 erga
884 4152 1225 4222 episcopum
1279 4151 1366 4206 vel
1413 4159 1639 4208 actores
1689 4154 1953 4209 Ecclesiae

303 4254 368 4293 se
406 4239 701 4309 proprium
737 4240 947 4295 habere
973 4240 1283 4295 crediderit
1307 4240 1627 4311 negotium,
1653 4259 1766 4296 non
1792 4242 1955 4312 prius

306 4328 748 4398 adeatjudices,
779 4346 952 4400 quam
980 4330 1047 4384 ad
1083 4346 1182 4384 eos
1214 4329 1805 4394 recurrat,charitatis
1838 4337 1956 4386 stu-

305 4420 428 4483 dio,
452 4426 513 4473 ut
546 4420 817 4474 familiari
849 4420 1138 4491 colloquio
1166 4420 1501 4475 commoniti
1530 4436 1597 4475 ea
1627 4438 1831 4477 sanare
1861 4423 1955 4478 dc-

308 4510 503 4574 beant,
552 4527 681 4579 quae
713 4510 766 4562 in
804 4509 1227 4579 querimoniam
1279 4510 1670 4564 deducuntur.
1711 4512 1869 4577 Quod
1903 4513 1951 4567 si

307 4597 478 4652 aliter
507 4598 710 4668 egerit,
742 4598 1155 4653 communione
1185 4597 1461 4669 privetur.

378 4688 431 4739 8.
455 4687 632 4740 Nemo
667 4686 819 4756 ponti
834 4688 1002 4740 ticum
1030 4686 1302 4758 deinceps
1324 4687 1579 4758 aliquem
1612 4688 1949 4760 episcopum

305 4776 433 4829 suis
465 4775 849 4845 exspoliatum
886 4776 1189 4839 rebus,aut
1216 4793 1250 4829 a
1280 4777 1415 4831 sede
1438 4776 1699 4848 pulsum,
1724 4795 1950 4834 excom-

308 4865 609 4918 municare
640 4868 740 4917 aut
763 4862 1028 4933 judicare
1062 4865 1540 4937 praesumat,quia
1569 4884 1682 4922 non
1714 4871 1802 4922 est
1831 4868 1949 4938 pri-

307 4952 580 5021 vilegium
615 4969 730 5022 quo
763 4952 995 5019 spoliari
1034 4954 1216 5021 possit
1239 4955 1360 5022 jam
1396 4956 1671 5010 nudatus.

375 5044 430 5094 9.
486 5041 609 5094 Pari
659 5049 856 5095 tenore
905 5042 1294 5108 decernimus,
1344 5060 1453 5097 non
1509 5044 1663 5098 credi
1710 5060 1947 5100 accusa-

300 5132 434 5196 tori,
471 5130 563 5199 qui
592 5132 829 5183 absente
858 5132 1186 5183 advcrsario
1218 5148 1456 5187 causam
1488 5134 1949 5205 suggerit,atque

304 5220 615 5289 utriusque
667 5218 848 5289 partis
898 5218 1346 5287 discussionem,
1408 5236 1510 5275 nec
1560 5227 1947 5291 accusatores,

303 5308 394 5363 vel
430 5314 608 5362 testes
642 5306 894 5377 suscipi;
924 5307 1022 5377 qui
1058 5324 1169 5363 non
1199 5312 1340 5362 eunt
1366 5307 1581 5364 idonei.

376 5400 463 5452 10.
508 5396 749 5462 Placuit,
784 5402 847 5449 ut
878 5395 926 5450 si
976 5401 1284 5451 accusatus
1331 5397 1417 5453 vel
1469 5399 1781 5454 damnatus
1827 5400 1945 5471 epi-

295 5503 512 5559 scopus
543 5483 919 5558 appellaverit
951 5485 1275 5540 Romanum
1322 5487 1676 5558 pontiﬁcem,
1721 5489 1775 5543 id
1829 5494 1944 5545 sta-

367 5694 412 5729 ”
444 5693 649 5749 Matth.
682 5707 799 5761 xvx,
834 5692 920 5747 19.

2082 1931 2363 2001 primates
2403 1931 2540 1997 sint,
2567 1930 2678 1985 nisi
2709 1929 2814 1995 illi,
2846 1929 2941 1998 qui
2966 1930 3128 2002 prius
3153 1929 3434 2001 primates
3463 1933 3648 1999 erant,
3676 1933 3733 1984 et

2080 2025 2214 2090 post
2254 2020 2468 2075 Christi
2506 2021 2817 2075 adventum
2851 2018 3196 2073 auctoritate
3226 2017 3544 2090 apostolica
3564 2022 3621 2073 et
3641 2035 3727 2090 sy-

2081 2110 2297 2176 nodali,
2330 2109 2646 2180 primatum
2676 2108 2888 2162 habere
2915 2112 3274 2162 meruerunt.
3318 2106 3567 2178 Reliquae
3608 2124 3724 2162 non

2080 2198 2382 2268 primates,
2418 2198 2519 2251 sed
2554 2195 2900 2266 metrOpoles
2930 2200 3227 2260 vocentur,
3261 2212 3582 2268 eorumque
3611 2196 3726 2268 epi-

2078 2287 2236 2357 scopi
2281 2303 2395 2341 non
2449 2286 2785 2357 primatum,
2818 2285 2919 2340 sed
2964 2289 3066 2339 aut
3115 2286 3721 2356 metropolitanorum,

2079 2380 2181 2428 aut
2214 2375 2787 2445 archiepiscoporum
2822 2374 3057 2429 nomine
3089 2375 3373 2428 fruantur.

2153 2465 2233 2517 13.
2264 2464 2515 2519 Inl‘ames
2547 2479 2674 2518 esse
2704 2479 3014 2518 censemus
3044 2478 3269 2527 omnes,
3295 2463 3392 2533 qui
3426 2479 3593 2517 suam
3626 2466 3727 2516 aut

2076 2553 2471 2608 Christianam
2504 2552 2955 2624 praevaricantur
2992 2551 3201 2623 legem,
3236 2557 3336 2605 aut
3384 2549 3719 2605 canonicam

2076 2647 2437 2714 postponunt
2467 2642 2893 2697 auctoritatem.

2148 2732 2235 2786 14.
2286 2731 2453 2786 Salvo
2502 2732 2560 2785 in
2610 2730 2883 2785 omnibus
2920 2730 3198 2784 Romamn
3246 2727 3511 2782 Ecclesia:
3542 2726 3723 2798 privi-

2074 2820 2247 2891 legio,
2306 2820 2503 2874 nullus
2561 2819 3043 2889 metropolitanus
3100 2817 3322 2889 absque
3378 2820 3719 2872 ceterorum

2075 2906 2337 2961 omnium
2372 2905 2951 2977 comprovincialium
2983 2903 3390 2976 episcoporum
3442 2904 3715 2973 astantis,

2075 2995 2408 3066 aliquorum
2442 3012 2509 3049 ex
2538 2994 2654 3049 illis
2678 3010 2907 3059 causas,
2931 2993 3071 3062 quia
3099 2992 3274 3047 irrita
3305 2998 3493 3059 erunt,
3513 2993 3629 3049 imo
3660 2998 3718 3048 et

2073 3101 2311 3138 causam
2346 3084 2403 3137 in
2435 3084 2655 3155 synodo
2691 3100 2791 3154 pro
2825 3084 2971 3137 facto
3002 3082 3185 3136 dabit.

2146 3174 2230 3227 15.
2263 3173 2483 3227 Alienis
2515 3172 2807 3227 erroribut
2835 3171 3161 3243 {sociatum,
3189 3170 3279 3225 vel
3315 3187 3347 3224 a
3378 3171 3470 3225 sui
3502 3188 3711 3243 propo-

2072 3262 2167 3315 siti
2202 3262 2438 3316 tramite
2477 3261 2862 3329 recedentem,
2895 3265 2996 3314 aut
3043 3258 3225 3314 sacris
3267 3260 3590 3315 canonibus
3623 3260 3716 3314 in-

2072 3350 2459 3417 obedientem,
2493 3350 2788 3421 suscipere
2819 3365 2933 3404 non
2966 3365 3300 3420 possumus.
3337 3349 3450 3406 Nec
3483 3348 3718 3420 impete-

2072 3457 2131 3494 re
2162 3444 2313 3494 recte
2338 3441 2657 3506 credentes,
2702 3439 2786 3493 vel
2823 3442 3157 3494 sanctorum
3190 3442 3423 3493 Patrum
3457 3439 3716 3495 sanctio—

2070 3529 2246 3584 nibus
2277 3530 2745 3600 obtemperantes
2777 3527 3198 3599 permittimus.

2142 3618 2226 3675 16.
2260 3618 2568 3689 Peregrina
2591 3618 2818 3687 judicia
2864 3616 3119 3689 generali
3165 3616 3465 3671 sanctione
3516 3616 3712 3686 prohi-

2068 3707 2296 3763 bemus.
2321 3708 2467 3772 Quia
2500 3708 2804 3778 indignum
2833 3711 2922 3761 est
2952 3710 3017 3759 ut
3046 3705 3117 3759 ab
3149 3706 3363 3759 exteris
3385 3704 3705 3774 judicetur,

2065 3797 2166 3867 qui
2216 3795 2599 3867 provinciales
2647 3801 2705 3849 et
2746 3812 2779 3849 a
2810 3810 2871 3849 se
2902 3793 3116 3848 electos
3146 3793 3316 3846 debet
3360 3792 3571 3848 habere
3607 3793 3706 3863 ju-

2063 3883 2241 3939 dices.

2139 3974 2222 4026 17.
2257 3971 2426 4027 Salva
2456 3971 2784 4043 apostolicae
2816 3969 3079 4025 Ecclesiae
3107 3970 3469 4047 auctoritate,
3504 3969 3706 4026 nullus

2064 4062 2376 4132 episcopus
2409 4066 2570 4115 extra
2600 4077 2767 4115 suam
2799 4057 3151 4131 provinciam
3183 4059 3253 4113 ad
3278 4059 3570 4129 judicium
3603 4061 3705 4115 de-

2063 4154 2320 4209 vocetur.
2352 4150 2451 4203 sed
2482 4154 2680 4204 vocato
2730 4165 2796 4203 eo
2838 4148 3134 4213 canonice,
3165 4148 3223 4201 in
3277 4148 3399 4203 loco
3431 4149 3708 4205 omnibus

2064 4253 2319 4307 congruo
2351 4245 2605 4308 tempore
2628 4237 2913 4309 synodali,
2938 4238 3008 4291 ab
3031 4237 3306 4292 omnibus
3337 4237 3703 4308 comprovin-

2065 4326 2310 4381 cialibus
2358 4327 2648 4397 episcopis
2689 4326 2977 4395 audiatur,
3012 4326 3109 4397 qui
3161 4325 3470 4381 concilium
3530 4343 3709 4397 super

2064 4433 2220 4481 eum,
2281 4416 2741 4487 canonicamque
2786 4417 3041 4487 proferre
3088 4416 3303 4470 debent
3331 4415 3705 4471 sententiam.

2063 4504 2348 4567 Quoniam
2381 4505 2427 4559 si
2463 4505 2569 4559 hoc
2601 4505 2949 4567 minoribus,
2980 4509 3101 4558 tam
3132 4503 3359 4559 clericis
3392 4521 3569 4575 quam
3600 4504 3703 4559 lai-

2062 4594 2166 4660 cis,
2200 4610 2541 4649 concessum
2565 4599 2672 4659 est,
2697 4599 2912 4664 quanto
2946 4593 3132 4664 magis
3164 4594 3233 4647 de
3261 4593 3550 4664 episcopis
3578 4610 3704 4649 ser-

2060 4684 2182 4738 vari
2213 4683 2482 4738 convenit
2507 4683 2518 4737 l
2553 4683 2695 4737 Nam
2717 4682 2761 4737 si
2788 4682 2911 4753 ipse
2931 4681 3464 4753 metropolitanum,
3485 4684 3701 4754 autju-

2061 4772 2217 4828 dices
2267 4776 2572 4844 suspectos
2621 4771 2907 4838 habuerit,
2959 4775 3060 4825 aut
3114 4770 3374 4826 infensos
3430 4773 3700 4841 senserit,

1982 4857 1990 4865 ’
2061 4863 2213 4934 apud
2248 4864 2526 4933 primates
2556 4860 2887 4929 dimceseos,
2927 4866 3025 4914 aut
3055 4860 3208 4930 apud
3244 4860 3517 4916 Romanis
3548 4863 3701 4918 sedis

2059 4952 2360 5022 pontiﬁces
2385 4952 2708 5020 judicetur.

2132 5043 2215 5095 18.
2250 5042 2475 5095 Nemini
2501 5042 2571 5095 de
2604 5057 2667 5095 se
2696 5040 2960 5094 confesso
2990 5038 3147 5094 credi
3180 5043 3373 5112 potest
3399 5055 3575 5111 super
3596 5042 3702 5096 cri-

2060 5147 2190 5183 men
2228 5130 2507 5184 alienum.
2542 5129 2823 5195 Quoniam
2858 5129 2985 5198 ejus
3017 5132 3191 5199 atque
3239 5128 3431 5185 omnis
3458 5129 3537 5183 rei
3564 5146 3699 5200 pro-

2060 5223 2232 5277 fessio
2278 5222 2627 5293 periculosa,
2666 5225 2722 5276 et
2770 5220 2996 5275 admitti
3056 5221 3335 5277 adversus
3381 5219 3703 5291 quemlibet

2056 5327 2171 5365 non
2203 5312 2393 5366 debet.

2132 5402 2210 5453 1S).
2252 5403 2472 5455 Incerta
2522 5416 2690 5454 nemo
2741 5415 3000 5469 unquam
3053 5397 3389 5468 pontificum
3434 5396 3700 5465 judicare

2059 5494 2392 5560 praesumat.
2418 5488 2561 5552 Quia
2593 5487 2860 5558 quamvis
2892 5504 3021 5541 vera
3050 5488 3187 5553 sint,
3209 5504 3318 5542 non
3350 5494 3539 5541 tamen
3574 5504 3692 5543 cre-
