4060 6218
376 381 530 442 146⁸1

1532 384 1592 440 S.
1644 378 2162 440 ATIIANASIUS.
2190 410 2265 421 —
2296 376 2608 440 SPUItlA.

3623 387 3766 447 1464

373 513 586 583 denda,
616 513 726 570 nisi
760 532 886 588 quas
921 514 1248 571 manifestis
1269 513 1515 585 judieiis
1536 512 2011 584 comprobantur,
2045 511 2093 577 Α
2197 510 2287 565 28.
2321 510 2708 583 Detractorcs,
2741 513 2839 585 qui
2874 513 3072 570 divina
3100 515 3445 571 auctoritate
3477 516 3765 573 eradican-

374 600 484 658 nisi
518 619 645 675 qua:
678 603 988 660 manifesto
1012 603 1234 675 judicio
1268 603 1709 671 convincuntur,
1743 599 1855 655 nisi
1889 615 2014 670 qua:

367 691 679 763 judiciario
710 693 911 749 ordine
942 693 1333 766 publicentur.

442 781 532 836 20.
584 781 1032 838 Criminationes
1081 782 1368 852 majorum
1414 785 1550 835 natu
1604 794 1711 850 per
1751 776 1896 832 alios
1944 792 2015 829 nn

373 869 655 936 ﬁant,nisi
690 886 793 942 per
812 871 972 942 ipsos
997 872 1094 942 qui
1126 869 1371 924 crimina
1399 866 1791 937 intendunt,si
1818 871 2037 921 tamen‘

372 957 486 1031 ipsi
519 957 683 1031 digni
713 963 769 1014 et
800 957 1341 1031 irrcprehensibiles
1363 955 1759 1029 apparuerint,
1782 960 1839 1009 et
1869 954 2016 1008 actis

372 1047 678 1103 docuerint
698 1047 950 1120 publicis
975 1048 1237 1102 omnium
1271 1063 1331 1103 se
1361 1061 1555 1101 carere
1577 1042 1910 1115 suspicione
1931 1046 2016 1096 at-

376 1152 486 1208 que
518 1136 850 1203 inimicitia,
890 1140 945 1191 et
996 1133 1565 1207 irreprehensibilem
1618 1132 1791 1187 tidem
1840 1136 2016 1202 atque

373 1225 872 1281 conversationem
895 1225 1125 1280 ducere.

447 1315 535 1369 2t.
567 1315 633 1368 Et
662 1313 1035 1386 provincialis
1066 1313 1324 1385 synodus
1358 1313 1699 1365 retractetur
1729 1325 1830 1380 per
1858 1306 2016 1363 vica-

373 1401 491 1458 rios
520 1402 686 1457 urbis
716 1401 909 1457 Romae
938 1401 1216 1474 episcopi,
1251 1400 1299 1456 si
1330 1399 1454 1471 ipse
1485 1396 1819 1453 decreverit.

444 1493 534 1545 22.
569 1490 795 1547 Placuit
826 1495 949 1545 uta
996 1490 1443 1561 quibuscunque
1483 1486 1784 1558 judicibus
1830 1486 2012 1543 eccle-

372 1579 628 1635 siasticis
658 1581 728 1635 ad
761 1578 906 1635 alios
930 1578 1163 1651 judices
1191 1576 1640 1645 ecclesiasticos,
1667 1575 1760 1629 ubi
1795 1580 1883 1630 est
1911 1593 2017 1631 au-

371 1666 611 1723 ctoritus
659 1669 867 1738 major,
924 1667 1098 1723 fuerit
1145 1670 1544 1739 provocatum,
1576 1665 1872 1720 audientis
1902 1681 2015 1720 non

370 1760 634 1828 negetur.

2125 598 2182 653 di
2216 603 2375 668 sunt,
2406 603 2462 654 et
2494 601 2746 657 fautores
2778 601 3169 672 inimicorum,
3194 604 3267 659 ab
3298 603 3615 676 episcopali
3645 606 3770 662 sub-

2127 704 2429 743 movemus
2485 690 2875 746 accusatione.
2935 690 3217 747 Similiter
3280 708 3355 748 ne
3408 709 3767 751 summorum

2126 775 2417 848 quispiam
2473 776 2763 834 minorum
2815 779 3287 836 accusationibus
3331 780 3654 854 impetatur
3680 788 3772 841 aut

2125 863 2439 936 dispereat,
2472 882 2661 939 neque
2692 867 2749 922 in
2784 884 2844 922 re
2875 868 3055 924 dubia
3085 873 3241 924 certa
3270 869 3437 925 detur
3467 872 3770 937 sententia,

2127 968 2230 1008 nec
2258 952 2443 1008 ullum
2468 954 2783 1026 judicium,
2808 955 2919 1012 nisi
2952 959 3268 1029 prudenter
3291 957 3565 1014 habitum
3598 963 3772 1016 tenea-

2126 1045 2240 1097 tur.

2194 1133 2284 1188 29.
2318 1132 2470 1187 Pura
2499 1133 2569 1188 de
2601 1132 2693 1189 his
2718 1134 2847 1191 ideo
2877 1134 2972 1192 hic
3003 1152 3117 1190 non
3166 1135 3554 1203 inseruimus,
3591 1153 3659 1192 ne
3687 1155 3774 1192 va-

2125 1238 2321 1287 cuare,
2352 1221 2597 1277 vilemve
2630 1224 2813 1280 facere
2846 1224 3182 1295 praedictam
3238 1225 3533 1297 synodum
3566 1227 3773 1283 videre-

2127 1327 2281 1380 mur,
2306 1315 2408 1366 aut
2439 1310 2739 1367 fastidium
2771 1312 3103 1383 legentibus
3133 1313 3631 1386 audientibusque
3659 1332 3777 1388 pro-

2131 1400 2243 1455 lixa
2268 1400 2483 1456 faceret
2501 1400 2769 1473 epistola.
2791 1401 2847 1456 Si
2881 1402 3012 1473 quis
3043 1405 3237 1457 autem
3271 1402 3342 1457 de
3372 1401 3473 1459 his
3503 1402 3774 1474 ampliora

2127 1492 2302 1561 atqde
2333 1489 2767 1545 abundantiora
2796 1490 2945 1546 scire
2977 1489 3244 1563 voluerit,
3278 1490 3334 1545 in
3387 1507 3559 1546 sacro
3588 1496 3773 1547 nostro

2127 1579 2285 1634 sedis
2320 1577 2583 1634 Ecclesia:
2614 1578 2850 1648 scrinio,
2882 1583 2939 1634 et
2965 1596 3032 1635 ea
3081 1596 3209 1652 quae
3258 1579 3660 1651 praediximus,
3691 1580 3771 1634 in-

2125 1668 2323 1723 venire
2354 1666 2564 1739 poterit
2597 1685 2609 1722 :
2643 1683 2842 1722 verum
2876 1683 2970 1723 me
2998 1665 3209 1738 dicere,
3242 1667 3413 1723 testis
3453 1672 3547 1723 est
3581 1668 3771 1722 Divini~

2126 1762 2238 1813 tas.
2272 1761 2345 1811 De
2377 1756 2705 1828 receptione
2749 1772 2886 1810 vero
2940 1755 3119 1827 sedis,
3150 1760 3206 1811 et
3244 1756 3585 1825 sacerdotii,
3616 1762 3775 1828 atque

441 1846 532 1900 23.
566 1846 618 1899 Si
653 1844 787 1945 quis
822 1843 1307 1944 metropolitanus
1355 1844 1683 1943 episcopus,
1717 1844 1845 1945 nisi.
1864 1845 2015 1944 quod
2048 1879 2096 1945 Β
2129 1845 2388 1909 honoris,
2421 1861 2550 1917 quas
2581 1843 2811 1900 dixistis
2842 1844 3224 1900 Athanasium
3272 1846 3503 1916 absque
3553 1844 3770 1945 concilii

371 1935 441 1990 ad
468 1950 634 1989 suam
659 1932 1030 1989 solummodo
1056 1930 1347 2007 propriam
1376 1932 1622 2002 pertinet
1654 1932 2016 2005 parochiam,

375 2022 503 2077 sine
532 2020 776 2078 consilio
805 2025 864 2077 et
909 2021 1206 2077 voluntate
1253 2019 1516 2076 omnium
1560 2021 2019 2091 comprovincia-

374 2110 521 2166 lium
553 2111 963 2183 episcoporum
996 2110 1212 2179 aliquid
1244 2125 1412 2181 agere
1437 2111 1767 2175 tentaverit,
1797 2111 2018 2181 gradus

373 2199 467 2256 sui
499 2199 753 2272 periculo
782 2199 1134 2271 subjacebit,
1156 2203 1213 2256 et
1242 2202 1391 2271 quod
1424 2199 1625 2273 egerit,
1650 2199 1885 2257 irritum
1904 2199 2019 2256 erit

374 2293 434 2345 et
462 2289 847 2345 vacuum.Sed
875 2288 1159 2361 quidquid
1186 2289 1258 2344 de
1288 2287 1867 2360 comprovincialium
1900 2291 2017 2361 epi-

370 2393 682 2449 scOporum
713 2377 928 2445 causis,
975 2392 1337 2448 suarumque
1366 2377 1774 2444 Eeelesiarum,
1817 2383 1872 2434 et
1901 2378 2014 2434 cle-

365 2467 645 2537 ricorum,
679 2471 855 2538 atque
873 2465 1239 2523 saecularium
1273 2467 1688 2523 necessitatum
1720 2484 1888 2539 agere
1913 2473 2017 2525 aut

366 2556 674 2628 disponere
696 2571 933 2612 necesse
953 2555 1265 2626 fuerit,hoe
1282 2571 1412 2611 cum
1439 2558 1702 2611 omnium
1724 2573 2012 2614 consensu

368 2644 945 2718 comprovincialium
995 2651 1204 2718 agatur
1249 2645 1611 2718 pontificum.
1654 2651 1777 2703 Non
1818 2646 2015 2720 aliquo

370 2734 793 2791 dominationis
824 2734 998 2800 fastu,
1030 2735 1129 2790 sed
1164 2733 1495 2791 humillima
1526 2739 1584 2791 et
1611 2737 1881 2791 concordi
1915 2737 2013 2793 ad-

370 2821 824 2893 ministratione,
856 2821 1009 2878 sicut
1036 2822 1323 2879 Dominus
1352 2823 1429 2878 ait
1464 2840 1477 2879 :
1510 2824 1626 2879 Non
1674 2827 1801 2881 veni
1843 2827 2013 2881 mini-

368 2914 557 2983 strari,
589 2913 743 2968 606
771 2911 863 2967 sed
892 2912 1217 2967 ministrare
1262 2911 1327 2965 ⁸⁸.
1375 2915 1441 2967 Et
1484 2910 1622 2967 alibi
1658 2929 1671 2967 :
1705 2913 1810 2981 Qui
1839 2915 2018 2982 maior

367 3010 445 3057 est
475 3005 733 3071 vestrum,
765 3001 870 3055 erit
900 3000 1154 3055 minister
1181 3007 1355 3055 vester
1383 3001 1446 3067 9°,
1480 3004 1539 3055 et
1567 3000 1808 3072 reliqua.
1838 3002 2013 3057 Simi-

372 3089 508 3146 liter
532 3095 591 3145 et
620 3089 730 3161 ipsi
749 3088 1263 3161 comprovinciales
1283 3088 1539 3160 episcopi
1569 3106 1701 3145 cum
1729 3092 1855 3161 ejus
1877 3108 2013 3147 eon-

370 3176 525 3246 cilio,
550 3176 660 3232 nisi
693 3181 987 3247 quantum
1014 3178 1082 3231 ad
1118 3177 1382 3249 proprias
1412 3177 1661 3249 pertinet
1686 3179 2011 3251 parochias,

2128 1935 2358 1990 decreto
2388 1934 2707 2005 suscipere,
2741 1950 2854 1989 non
2903 1933 2986 1989 ita
3031 1933 3364 1989 invenimus
3411 1933 3576 1989 sicut
3629 1932 3771 1988 cala-

2129 2022 2333 2079 mniati
2359 2022 2522 2078 estis.
2546 2021 2656 2078 Sed
2681 2021 3071 2093 quorumdam
3095 2021 3512 2094 epis00porum
3544 2021 3775 2078 concilio

2125 2116 2302 2185 atque
2324 2112 2552 2167 decreto
2575 2111 2793 2184 recepit
2808 2111 3165 2182 suum.quod
3192 2109 3410 2181 injuste
3428 2109 3773 2183 perdiderat,

2124 2200 2540 2268 sacerdotium,
2566 2216 2631 2254 ac
2661 2199 2876 2255 resedit
2905 2199 2963 2253 in
2996 2199 3153 2254 sede.
3179 2198 3341 2264 Quod
3376 2215 3517 2254 eum
3550 2196 3771 2271 scripsi-

2124 2286 2376 2355 stis,non
2398 2300 2571 2359 posse
2587 2301 2720 2341 eum
2747 2302 2779 2340 a
2802 2285 3071 2358 pauciora
3102 2300 3347 2340 numero
3368 2285 3766 2358 episcOporum

2124 2374 2375 2441 restitui,
2426 2390 2600 2446 quam
2651 2373 2954 2445 depositus
2999 2373 3207 2442 fuerat,
3241 2389 3354 2428 non
3404 2373 3487 2429 ita
3531 2378 3635 2430 est.
3667 2372 3770 2428 Nec

2124 2465 2243 2521 haec
2274 2464 2476 2537 regula
2501 2464 2957 2520 orthodoxorum
2992 2467 3204 2520 sancta:
3234 2463 3510 2520 Ecclesiae
3542 2470 3629 2520 est
3654 2462 3766 2533 epi-

2124 2570 2457 2626 sc0porum,
2491 2554 2591 2610 sed
2640 2553 3008 2616 Arianorum.
3045 2552 3337 2608 sociorum
3374 2552 3651 2608 videlicet
3686 2568 3769 2607 ve-

2123 2648 2377 2699 strorum
2411 2642 2531 2698 haec
2578 2641 2931 2708 adinventio,
2965 2641 3035 2697 ad
3078 2640 3471 2713 perditionem
3502 2639 3772 2697 orthodo-

2122 2749 2329 2789 xorum
2360 2733 2768 2805 episcoporum
2810 2734 3075 2787 contexta
3102 2735 3209 2785 est.
3244 2730 3414 2801 Nam,
3455 2734 3523 2785 ut
3552 2728 3710 2785 vobis
3742 2744 3772 2782 a

2124 2822 2427 2878 veracibus
2457 2827 2546 2877 est
2574 2820 2824 2878 testibus
2873 2819 3141 2885 relatum,
3176 2819 3411 2889 quando
3461 2818 3769 2875 Antiochia

2123 2930 2226 2985 pro
2256 2912 2633 2968 damnatione
2664 2910 2797 2966 fidei
2822 2911 2893 2965 de
2913 2908 3533 2965 consubstantialitate
3561 2907 3770 2982 prolata

2124 3000 2321 3056 fuistis
2344 2999 2701 3073 congregati,
2734 2999 2866 3054 odio
2888 2996 3151 3071 praedicti
3188 2997 3487 3052 Athanasii
3520 2996 3667 3052 hanc
3695 3012 3771 3051 re-

2121 3088 2321 3162 gulam
2354 3087 2701 3161 protulistis,
2736 3104 2859 3159 qua:
2892 3085 3085 3141 nullas
3115 3086 3290 3141 habet
3318 3085 3500 3153 vires,
3543 3100 3645 3140 nec
3673 3084 3770 3139 ha-

2124 3179 2259 3234 bere
2290 3178 2519 3249 poterit.
2569 3176 2852 3241 Quoniam
2883 3190 2985 3231 nec
3009 3176 3083 3229 ab
3112 3174 3457 3231 orthodoxis
3495 3172 3768 3246 episcopis

369 3269 546 3337 agant
570 3265 739 3335 juxta
794 3269 1129 3320 sanctorum
1164 3265 1483 3321 constituta
1511 3270 1775 3332 Patrum,
1810 3272 1866 3323 et
1899 3286 2013 3324 uno
2044 3242 2087 3309 (ἶ
2123 3266 2234 3323 hoc
2264 3265 2572 3323 concilium
2599 3269 2790 3320 actum
2822 3269 2928 3328 est,
2964 3279 3068 3318 nec
3100 3262 3374 3318 Romanis
3405 3261 3679 3318 Ecclesiae
3698 3260 3765 3315 le-

366 3352 583 3418 animo,
600 3368 715 3406 uno
747 3368 869 3419 ore,
891 3352 1253 3408 concorditer
1276 3359 1481 3409 sancta
1508 3352 1868 3425 gloriﬁcatur
1891 3356 2015 3411 Tri-

367 3440 522 3496 nitas
552 3440 606 3494 in
642 3441 855 3496 saecula

436 3529 524 3583 24.
558 3529 807 3584 Caveant
828 3528 1061 3599 judiees
1092 3528 1379 3600 Ecclesiae,
1413 3547 1485 3586 ne
1532 3530 1769 3587 absente
1822 3550 1887 3588 eo
1915 3550 2013 3587 cu-

363 3617 467 3688 jus
513 3632 691 3673 causa
738 3615 1053 3672 ventilatur
1100 3616 1454 3673 sententiam
1510 3619 1824 3690 proferant,
1879 3621 2018 3693 quia

372 3705 539 3760 irrita
568 3704 698 3772 erit,
729 3709 786 3761 et
818 3704 1098 3761 rationem
1136 3722 1238 3777 pro
1270 3705 1496 3762 actione
1543 3707 1786 3762 reddent
1831 3707 1887 3763 in
1921 3726 2014 3781 sy-

373 3795 547 3858 nodo,
606 3798 683 3864 et,
734 3797 797 3848 ut
828 3793 1143 3866 proditoris
1192 3793 1506 3861 calumnia,
1550 3811 1654 3850 nec
1683 3813 1880 3852 eorum
1916 3813 2014 3869 po-

372 3886 496 3938 stea
526 3899 633 3937 vox
661 3882 954 3938 audiatur.
990 3886 1172 3937 Nemo
1201 3882 1358 3938 enim
1409 3883 1730 3940 debitorem
1763 3885 2018 3958 amplius

375 3976 569 4044 potest
598 3987 966 4043 cognoscere,
991 3988 1167 4043 quam
1202 3970 1297 4027 ille
1328 3970 1428 4043 qui
1463 3972 1741 4043 injuriam
1771 3977 2017 4046 ejusque

371 4061 659 4119 sustinuit
692 4060 1030 4131 nequitiam.

437 4152 596 4209 25.8i
618 4153 753 4226 quis
776 4169 955 4224 super
977 4153 1342 4224 quibuslibet
1367 4153 1712 4211 criminibus
1740 4154 2016 4212 clericum

369 4240 724 4313 pulsandum
757 4240 1071 4296 crediderit
1100 4241 1156 4296 in
1190 4242 1508 4313 provincia,
1530 4243 1586 4297 in
1615 4260 1733 4315 qua
1765 4243 1858 4300 ille
1888 4262 2019 4301 cou-

369 4330 528 4386 sistit
567 4329 669 4402 qui
702 4329 988 4399 pulsatur,
1032 4347 1172 4386 suas
1212 4336 1474 4386 exerceat
1519 4333 1869 4389 exactiones.
1905 4334 2018 4390 Nec

370 4418 667 4475 existimet
695 4418 793 4489 qui
844 4417 1119 4473 eumdem
1155 4423 1412 4487 accusat,
1455 4418 1617 4489 alibi,
1658 4431 1758 4475 aut
1786 4420 2018 4495 longius

372 4506 828 4579 protrahendum
863 4506 935 4561 ad
959 4505 1275 4576 judicium.
1329 4507 1415 4562 Illi
1448 4525 1579 4564 vero
1609 4509 1711 4579 qui
1750 4512 2017 4582 pulsatus

2123 3356 2278 3429 gatio
2305 3354 2585 3409 interfuit.
2610 3352 2948 3409 Canonibus
2978 3350 3480 3423 praecipientibus,
3502 3351 3628 3407 sine
3652 3350 3769 3421 ejus

2124 3443 2472 3500 auctoritate
2502 3440 2749 3497 concilia
2780 3439 2901 3495 ﬂeri
2936 3455 3049 3494 non
3081 3439 3314 3508 debere,
3348 3454 3459 3493 nec
3487 3437 3672 3493 ullum
3699 3455 3774 3491 ra-

2124 3538 2249 3588 tum
2281 3537 2371 3587 est
2399 3535 2499 3585 aut
2527 3530 2628 3586 erit
2664 3544 2925 3601 unquam
2957 3525 3295 3594 concilium,
3325 3528 3483 3597 quod
3517 3542 3629 3582 non
3660 3524 3763 3581 ful-

2126 3627 2248 3677 tum
2284 3620 2458 3675 fuerit
2485 3619 2615 3690 ejus
2645 3617 3010 3673 auctoritate.

2195 3711 2282 3764 30.
2319 3709 2503 3781 Igitur
2532 3708 2603 3764 de
2634 3707 2789 3780 fuga,
2815 3722 2993 3778 super
3021 3721 3137 3776 qua
3164 3703 3555 3760 Athanasium
3586 3720 3761 3776 repre-

2126 3797 2405 3863 henditis,
2440 3812 2552 3851 non
2587 3801 2739 3852 recte
2769 3795 2966 3868 agitis,
2988 3809 3120 3850 cum
3154 3792 3280 3865 ipse
3299 3792 3592 3849 Dominus
3622 3808 3773 3848 man-

2126 3888 2331 3943 datum
2362 3885 2473 3942 hoc
2504 3884 2672 3941 nobis
2702 3884 2962 3940 dederit:
2988 3883 3123 3939 Cum
3149 3884 3422 3954 persecuti
3450 3899 3545 3938 vos
3572 3882 3776 3954 fuerint

2126 3978 2184 4032 in
2216 3992 2329 4031 una
2357 3976 2607 4045 civitate,
2637 3974 2807 4046 fugite
2836 3974 2895 4029 in
2922 3973 3099 4028 aliam
3130 3972 3221 4024 ου’.
3244 3971 3315 4025 Et
3344 3970 3475 4042 ipse
3510 3971 3773 4026 Dominus

2128 4081 2230 4139 per
2246 4081 2365 4121 sem
2375 4065 2626 4135 elipeum
2649 4060 2983 4134 exemplum
3002 4060 3172 4117 nobis
3188 4059 3774 4115 demonstravit.Pha-

2128 4155 2277 4211 risazi
2309 4153 2623 4210 consilium
2647 4153 2907 4209 fecerunt
2939 4151 3220 4207 adversus
3248 4165 3408 4217 eum,
3434 4154 3504 4204 ut
3522 4165 3654 4205 eum
3682 4164 3767 4203 oc-

2127 4244 2386 4301 ciderent
2418 4261 2431 4299 :
2463 4242 2644 4299 Sciens
2696 4249 2875 4297 autem
2919 4242 3089 4303 Iesus,
3122 4240 3369 4294 discessit
3423 4239 3563 4293 inde
3608 4239 3671 4292 9'.
3711 4236 3771 4290 Et

2127 4332 2266 4389 alibi
2300 4349 2313 4387 :
2349 4334 2605 4388 Tulerunt
2654 4329 2864 4402 lapides
2894 4328 3091 4394 Judaei,
3122 4330 3181 4382 ut
3218 4328 3507 4382 mitterent
3551 4327 3612 4382 in
3638 4340 3769 4382 eum.

2124 4424 2280 4479 Jesus
2308 4427 2485 4477 autem
2519 4420 2800 4476 abscondit
2825 4434 2903 4487 se,
2933 4421 2987 4474 et
3013 4418 3188 4473 exivit
3216 4417 3281 4470 de
3309 4416 3514 4487 templo
3545 4415 3613 4471 ’³.
3660 4414 3722 4468 Et
3753 4429 3765 4465 :

2129 4512 2414 4567 Tmnsicns
2441 4526 2538 4581 per
2562 4508 2801 4565 medium
2826 4524 3017 4563 eorum
3047 4506 3298 4570 abiml,el
3323 4505 3407 4559 ita
3433 4504 3678 4560 discessit
3702 4501 3760 4554 ”.

373 4594 568 4661 fuerit,
599 4594 648 4651 si
673 4594 908 4665 judiees
944 4599 1250 4667 suspectos
1299 4596 1591 4667 habuerit,
1623 4598 1792 4655 liceat
1822 4603 2025 4674 appel-
2057 4605 2104 4670 D
2133 4599 2367 4656 Necnon
2388 4596 2731 4670 etdiscipuli
2753 4599 2985 4667 propter
3006 4591 3581 4649 metumJudmorum
3605 4605 3771 4645 reces-

377 4683 515 4739 lare.

438 4772 527 4826 26.
551 4770 836 4826 Primates
867 4774 1206 4827 accusatum
1231 4772 1616 4830 diseutientes
1645 4774 2016 4848 episcopum;

369 4878 485 4917 non
518 4864 652 4915 ante
681 4861 1031 4916 sententiam
1063 4862 1358 4933 proferant
1386 4865 1804 4937 damnationis,
1837 4885 2017 4940 quam

370 4946 697 5020 apostolica
728 4947 855 5003 freti
889 4950 1256 5017 auctoritate,
1289 4956 1390 5006 aut
1435 4970 1566 5007 reus
1602 4971 1702 5025 per
1730 4955 2015 5027 seipsum,

368 5041 472 5093 aut
496 5052 600 5109 per
628 5036 966 5092 innocentes
997 5043 1054 5094 et
1082 5039 1359 5096 canonice
1395 5042 1760 5099 examinatos
1791 5044 2017 5117 regula-

368 5125 507 5181 riter
540 5127 715 5180 testes
746 5124 1146 5181 convincatur.

434 5214 523 5269 27.
558 5213 790 5269 Irritam
822 5231 952 5271 esse
996 5216 1277 5285 injustam
1324 5217 1732 5290 episcoporum
1764 5221 2013 5279 damna-

363 5303 603 5370 tionem,
621 5301 837 5358 idcirco
859 5321 893 5359 a
914 5305 1134 5376 synodo
1162 5309 1529 5363 retractando
1563 5311 2011 5379 retractandam,

365 5393 445 5448 ita
475 5397 540 5448 ut
568 5409 849 5465 oppresso
878 5392 951 5448 ab
984 5394 1259 5449 omnibus
1284 5395 1340 5449 in
1374 5396 1601 5452 cunctis
1631 5398 2014 5455 subveniatur

364 5498 580 5538 CBUSIS.

437 5622 484 5697 δ”
526 5620 1016 5697 Matth.‘§x,‘_2§._
1058 5694 1079 5697 Α
1118 5623 1161 5658 ⁰⁰
1205 5624 1408 5697 Matth.
1465 5644 1626 5697 xxm,
1679 5629 1763 5683 11.

370 5693 414 5730 ⁸⁸
447 5693 585 5749 Luc.
620 5709 693 5761 xv,
725 5690 816 5749 30.
860 5690 937 5728 '9‘
963 5691 1016 5748 Ii
1048 5694 1172 5752 Cor.
1205 5711 1282 5767 x1,
1314 5696 1402 5752 33.

1866 5630 1937 5664 ⁰⁰⁶
1983 5629 2189 5687 Matth.
2239 5648 2294 5698 Χ,
2342 5631 2431 5685 23.

2128 4686 2610 4755 serunt,cc|autes
2638 4684 3081 4756 semetipsosh‘t
3110 4679 3328 4737 Paulus
3349 4680 3409 4735 in
3442 4684 3716 4734 Damasco
3740 4692 3769 4729 a

2130 4777 2388 4851 principe
2411 4776 2691 4847 quaesitus
2720 4773 2932 4845 gentis,
2957 4771 3027 4826 de
3050 4785 3216 4826 muro
3238 4769 3294 4823 in
3328 4770 3527 4839 sporta
3556 4765 3768 4839 positus

2127 4872 2239 4936 est,
2269 4875 2326 4924 et
2356 4880 2566 4919 manus
2598 4860 2907 4934 quaerentis
2937 4858 3141 4932 effugit
3158 4860 3226 4914 ".
3249 4858 3315 4913 Et
3345 4856 3444 4912 alii
3474 4852 3768 4929 quamplu-

2128 4956 2259 5012 rimi
2289 4963 2346 5011 et
2379 4950 2831 5008 innumerabiles
2860 4947 3070 5015 sancti,
3104 4953 3226 5004 tam
3257 4946 3315 5000 in
3347 4946 3541 5000 Veteri
3574 4944 3764 4999 Testa-

2126 5048 2344 5110 mento,
2368 5058 2544 5115 quam
2576 5040 2634 5096 in
2666 5039 2844 5108 Novo,
2869 5037 3088 5111 fugisse
3115 5037 3408 5109 leguntur.
3441 5033 3499 5089 Si
3532 5048 3665 5105 ergo
3694 5030 3767 5084 fu-

2123 5151 2257 5207 gam
2312 5128 2726 5205 improperatis
2775 5126 3157 5201 fugientibus,
3207 5123 3537 5181 erubescite
3585 5120 3765 5194 potius

2123 5222 2416 5296 persequi,
2444 5227 2501 5277 et
2530 5218 2814 5293 quiescite
2836 5216 3121 5285 insidiari,
3149 5214 3565 5288 quiescentque
3594 5207 3768 5266 conti-

2123 5329 2239 5367 nuo
2271 5312 2574 5383 fugientes.
2611 5307 2755 5362 Nam
2791 5305 2910 5361 sive
2942 5304 3243 5378 perimatis
3273 5316 3558 5372 eos,mors
3578 5300 3761 5353 contra

2121 5417 2224 5456 vos
2253 5414 2486 5471 semper
2513 5395 2800 5452 exclamat
2829 5411 2843 5450 :
2878 5394 2999 5449 sive
3029 5409 3235 5449 rursus
3262 5389 3467 5446 exsilia
3492 5400 3761 5471 superpo-

2123 5470 2527 5558 natis,ubique
2545 5486 2604 5540 in
2631 5500 2735 5540 vos
2757 5482 2893 5539 mali
2919 5483 3261 5538 memoriam
3284 5477 3575 5535 destinare
3590 5470 3758 5530 nosci-

2534 5628 2577 5664 ⁹¹
2628 5625 2833 5682 Matth.
2883 5642 2983 5693 xu,
3032 5625 3115 5679 15.
3218 5624 3262 5658 θ’
3308 5622 3475 5678 Joau.
3531 5612 3758 5679 vm,59.
