4060 6218
252 408 411 467 1465

1167 412 1474 474 PONTIF.
1523 414 1709 473 BOM.
1761 414 1858 475 ΕΤ
1898 416 2323 480 ATHANASII
2366 419 2796 482 EPISTOLIE.

3509 416 3662 477 1466

246 556 410 606 mur,
444 545 501 595 et
531 538 616 594 illi
648 540 919 613 patiendo
952 542 1063 599 sibi
1095 544 1591 617 proﬁciunt,unde
1622 549 1676 601 et
1707 545 1906 602 Domi-
1935 549 1989 615 Α
2018 549 2189 621 plena
2222 550 2602 623 inquisitione
2632 551 2943 607 discutere.
2977 552 3090 606 Nec
3121 551 3191 605 de
3214 548 3330 605 illis
3387 566 3511 617 quea
3566 548 3662 603 in-

244 645 371 685 nus
401 629 483 684 ait
512 645 525 686 :
554 630 732 687 Nolite
756 632 950 686 timere
980 648 1067 689 eos
1095 635 1192 706 qui
1224 635 1484 690 occidunt
1508 650 1723 704 corpus,
1782 638 1903 692 ani-

245 735 399 773 mam
456 723 640 774 autem
694 735 801 776 non
856 727 1079 792 possunt
1134 723 1415 791 occidere,-
1458 724 1550 780 scd
1568 727 1752 796 potius
1779 741 1904 781 eum

242 807 442 861 timete
472 811 566 878 qui
593 813 767 879 potest
787 824 984 881 corpus
1012 819 1062 866 et
1089 814 1332 868 animum
1360 814 1589 884 perdere
1616 815 1671 869 in
1702 814 1901 886 gehen-

238 910 382 948 num
413 894 478 948 9‘.
510 895 727 952 Multos
757 897 911 951 enim
947 898 1323 970 cognovimus
1356 900 1628 971 pessimis
1678 900 1898 957 machi-

240 982 590 1039 nationibus
656 984 874 1055 injuste
941 987 1256 1059 depositos.
1330 989 1461 1044 ideo
1528 1007 1900 1062 summepere

239 1069 419 1137 mihi,
482 1073 574 1127 cui
630 1072 752 1129 vice
810 1075 1206 1147 apostolorum
1244 1077 1526 1151 principis
1554 1078 1901 1136 universalis

235 1158 513 1216 Ecclesiae
546 1178 686 1218 cura
715 1163 1032 1219 commissa
1063 1169 1169 1232 est,
1229 1167 1675 1238 providendum;
1733 1170 1897 1224 auxi-

238 1247 429 1304 liante
461 1249 585 1321 ipso
610 1267 844 1306 summo
876 1254 1240 1325 apostolo,ne
1270 1254 1545 1329 deinceps
1576 1257 1712 1313 talia
1736 1257 1893 1314 ﬁant.

234 1336 464 1408 Nempe
496 1339 629 1394 huic
660 1346 877 1397 sanctae
932 1343 1056 1398 sedi
1117 1344 1355 1415 praefata
1408 1344 1710 1418 privilegia
1767 1346 1895 1403 ideo

234 1426 580 1497 specialiter
610 1434 748 1484 sunt
769 1432 1144 1496 concessa,de
1166 1434 1589 1506 congregandis
1611 1435 1895 1506 conciliis,

235 1519 359 1569 tam
396 1515 469 1572 de
517 1517 751 1587 iudiciis
807 1535 872 1573 ac
932 1521 1405 1578 restitutionibus
1464 1524 1895 1596 episcoporum,

233 1620 417 1674 quam
479 1604 548 1660 de
608 1605 861 1663 summis
909 1608 1301 1666 Ecclesiarum
1334 1611 1604 1682 negotiis,
1638 1617 1702 1666 ut
1730 1614 1800 1668 ab
1829 1630 1898 1668 ea

232 1694 1108 1766 omnesopprcssiauxilium,et
1130 1697 1346 1769 injuste
1376 1699 1636 1755 damnati
1668 1700 1898 1757 restitu-

234 1780 463 1836 tionem
497 1786 818 1851 sumant,et
846 1783 984 1840 talia
1014 1785 1085 1839 ab
1119 1786 1500 1857 improbis,ne
1531 1805 1896 1860 praesuman-

234 1871 337 1924 tur
369 1869 597 1940 absque
628 1870 866 1939 ultione,
922 1890 1028 1928 nec
1086 1880 1463 1931 exerceantur
1515 1878 1731 1947 absque
1789 1895 1895 1933 sua

235 1954 775 2013 damnatione.Non
806 1974 941 2029 ergo
972 1964 1125 2016 recte
1155 1962 1381 2032 egistis,
1401 1963 1554 2034 quod
1589 1964 1896 2034 praedictos

236 2042 456 2099 fratres
485 2044 824 2103 calumniati
857 2046 1254 2115 estis,dicente
1284 2049 1530 2107 Domino
1549 2067 1563 2107 :
1584 2051 1696 2108 Non
1724 2054 1897 2124 facies

232 2134 587 2189 calumniam
614 2138 870 2206 proximo
899 2141 1012 2207 tuo,
1042 2154 1141 2194 nec
1169 2140 1225 2194 vi
1252 2142 1526 2211 opprimes
1552 2157 1678 2196 cum
1698 2142 1892 2198 “.Non

234 2226 394 2277 recte
425 2222 627 2295 egistis
653 2225 809 2296 quod
844 2226 1010 2282 nobis
1040 2226 1390 2285 inconsultis
1412 2229 1725 2286 concilium
1753 2230 1897 2287 cele-

229 2310 477 2379 brastis,
508 2328 725 2385 eosque
758 2314 827 2369 ad
860 2315 1170 2371 concilium
1202 2316 1472 2382 vocastis,
1501 2324 1556 2372 ct
1614 2318 1895 2378 damnare

230 2401 1145 2473 praesumpsistis,canonibus,ut
1177 2404 1544 2478 praemissum
1577 2407 1892 2478 est,jubcn-

222 2488 391 2544 tibus
428 2489 573 2544 nihil
605 2508 673 2545 ex
704 2491 796 2546 his
828 2492 1053 2565 absque
1086 2492 1266 2564 hujus
1299 2499 1514 2550 sancta:
1547 2495 1704 2551 sedis
1752 2512 1889 2552 auo-

223 2577 470 2633 toritate
504 2578 624 2635 ﬁeri
659 2580 1015 2637 debere.Non
1052 2588 1205 2639 recte
1237 2582 1621 2656 egistis,quod
1653 2583 1889 2657 regula-

224 2665 365 2721 riter
402 2684 436 2722 a
470 2666 636 2722 nobis
666 2670 737 2724 ad
771 2670 1087 2726 concilium
1119 2674 1305 2729 vocati
1364 2672 1700 2731 distulistis.
1763 2675 1885 2733 Non

224 2761 379 2811 recte
417 2756 807 2829 egistis,quod
841 2759 911 2814 de
943 2759 1035 2815 his
1069 2763 1352 2816 rationem
1387 2763 1645 2832 reddere,
1668 2769 1733 2820 ut
1759 2781 1887 2822 ves-

227 2850 311 2898 tra
341 2861 488 2918 erga
518 2851 746 2912 eos,aut
776 2847 1122 2919 probaretur
1150 2855 1308 2906 recta
1335 2853 1754 2919 sententia,aut
1782 2854 1889 2910 im-

229 2937 727 3005 probareturmon
759 2938 1153 2995 venistis.Nec
1186 2940 1527 2998 rationalem
1564 2944 1887 3000 mandastis

226 3039 469 3080 causam
501 3029 737 3096 propter
767 3041 944 3097 quam
977 3025 1100 3083 hac
1130 3028 1428 3086 renuistis.
1462 3029 1563 3086 His
1593 3048 1729 3105 ergo
1760 3050 1883 3089 om-

226 3111 409 3167 nibus
439 3111 1148 3185 perpensis,manilestnm
1180 3121 1267 3172 est
1296 3133 1395 3173 vos
1425 3135 1555 3175 reos
1583 3120 1883 3193 exsistere,

223 3204 279 3255 et
306 3199 449 3256 illos
477 3200 820 3258 innocentes
851 3209 1238 3273 remanere,et
1258 3222 1356 3262 vos
1378 3211 1530 3263 recte
1553 3223 1884 3266 excommu-

225 3288 731 3361 nicatos,illosque
756 3292 913 3361 juste
936 3291 1394 3350 liberari.Noluit
1415 3311 1669 3367 namque
1690 3297 1883 3353 Domi-

224 3394 331 3432 nus
365 3382 492 3434 tam
513 3378 717 3434 leviter
733 3397 871 3436 suos
895 3381 1133 3438 tractari
1158 3382 1645 3449 ministros,sicut
1668 3386 1881 3457 facitis,

223 3471 318 3521 aut
346 3485 385 3522 ει
413 3466 581 3524 vobis
613 3468 877 3525 damnari
912 3486 926 3524 :
960 3471 1085 3537 sed,
1120 3470 1274 3527 sicut
1323 3479 1714 3530 memoratum
1770 3479 1880 3541 est,

222 3554 292 3609 ab
322 3555 439 3611 hac
469 3560 674 3614 sancta
694 3552 950 3629 sede,cui
974 3560 1271 3616 commissi
1294 3566 1562 3632 sunt,aut
1578 3576 1883 3620 suorcser-

223 3643 613 3716 varijudicio.
649 3648 743 3702 Ait
791 3646 948 3703 enim
1006 3670 1016 3698 :
1074 3649 1181 3717 Qui
1233 3666 1323 3706 vos
1373 3654 1738 3719 contristabit,
1799 3668 1884 3708 me

221 3735 569 3789 contristabit
598 3735 659 3789 9".
700 3735 804 3803 Qui
826 3738 1018 3807 fecerit
1048 3737 1196 3793 vobis
1221 3740 1518 3811 injuriam,
1551 3741 1778 3813 recipiet
1826 3740 1883 3797 id

224 3823 362 3893 quod
399 3824 590 3895 inique
616 3827 779 3894 gessit
806 3826 872 3880 ’3.
906 3826 976 3881 Et
1005 3832 1227 3897 quanta
1258 3844 1430 3900 pcena
1458 3834 1754 3902 exspectet
1783 3845 1883 3887 eos

226 3913 321 3981 qui
355 3912 597 3968 Domini
646 3912 1047 3970 scandalizent
1102 3915 1448 3989 discipulos,
1507 3918 1879 3991 Evangelium

225 4001 591 4056 sufﬁcienter
617 4001 872 4072 exponit,
908 4004 1004 4057 ubi
1037 4004 1109 4058 de
1138 4004 1676 4063 scandalizantilius
1704 4008 1880 4063 disci-

226 4087 395 4156 pulos
426 4087 706 4159 loquitur.
743 4090 887 4147 Nam
922 4091 1075 4161 quod
1109 4109 1143 4146 a
1169 4091 1333 4148 vobis
1362 4111 1478 4148 non
1533 4094 1655 4149 sint
1709 4095 1879 4151 dam-

230 4176 432 4245 nandi,
492 4178 594 4231 sed
654 4181 754 4232 aut
810 4178 883 4234 ab
945 4179 1052 4235 hac
1082 4186 1306 4247 sancta,
1343 4186 1405 4235 ut
1439 4184 1737 4252 prmfstum
1770 4187 1881 4247 est,

224 4267 395 4327 sedc,
455 4269 559 4319 aut
624 4266 738 4321 sibi
804 4268 1182 4338 reservandi,
1239 4267 1366 4340 ipse
1424 4270 1735 4327 manifeste
1785 4272 1885 4327 dat

222 4352 579 4423 exemplum,
612 4354 846 4424 quando
877 4361 1187 4426 peccantes
1218 4357 1574 4426 sacerdotes,
1627 4375 1879 4430 quorum

224 4435 414 4494 locum
476 4441 650 4495 modo
703 4439 764 4497 in
821 4448 1027 4498 sancta
1076 4443 1333 4499 Ecclesia
1364 4445 1623 4518 episcopi
1656 4452 1885 4511 tenent,

226 4542 337 4582 non
372 4546 475 4599 per
520 4528 729 4596 alium,
784 4531 873 4587 sed
926 4547 1027 4603 per
1079 4535 1431 4605 semetipsum
1488 4536 1776 4593 uendentes
1830 4531 1885 4593 ει

2011 655 2289 696 concessa
2318 646 2479 706 sunt,
2504 641 2621 698 ullo
2654 642 2825 697 modo
2848 641 3140 711 judicium
3179 655 3546 712 praesumere,
3572 638 3663 691 in-

2008 729 2346 799 terrogandi
2366 747 2432 786 ac
2449 731 2803 802 proponendi
2818 729 3208 800 audiendique
3226 727 3501 798 patientia
3517 742 3660 798 prte-

2009 815 2132 872 bita
2163 819 2310 872 601
2348 820 2420 873 ab
2451 836 2538 889 eo,
2574 826 2635 874 ut
2669 820 2746 874 ibi
2778 818 2928 874 actio
2963 818 3214 890 partium
3276 815 3527 870 limitata
3583 814 3661 869 sit

2010 905 2277 978 pleniter.
2329 908 2444 963 Nec
2478 909 2639 979 prius
2670 907 3037 979 litigantibus
3066 923 3175 962 sua
3203 904 3339 960 velit
3370 903 3660 959 sententia

2008 994 2260 1065 obviare,
2282 1013 2455 1068 quam
2493 996 2571 1051 illi
2606 997 2856 1068 peractis
2887 994 3317 1064 omnibus,jam
3351 991 3497 1047 nihil
3529 1008 3660 1046 am-

2008 1081 2162 1155 plius
2195 1083 2506 1140 habuerint
2535 1085 2592 1139 in
2627 1086 2945 1155 quaestione
2976 1084 3129 1156 quod
3163 1084 3512 1154 proponant.
3543 1081 3658 1135 Nec

2007 1178 2232 1243 oportet
2264 1190 2617 1246 quemquam
2647 1173 2903 1244 judicari
2925 1170 3311 1228 autdamnari
3344 1177 3657 1242 antequam

2006 1277 2146 1316 suos
2196 1268 2563 1319 accusatores
2609 1268 2925 1335 praesentes
2954 1261 3186 1327 habeat,
3218 1258 3529 1329 locumque
3558 1259 3655 1312 de-

2004 1349 2274 1406 l'endeudi
2307 1352 2553 1424 accipiat
2580 1353 2902 1423 spatiosum
2936 1350 3005 1404 ad
3040 1347 3331 1403 abluenda
3356 1346 3621 1401 crimina.

2073 1458 2163 1511 32.
2223 1457 2422 1513 Simile
2478 1458 2535 1512 in
2588 1460 2705 1529 jam
2745 1459 2860 1512 fata
2887 1456 3108 1528 synodo
3134 1458 3418 1509 statutum
3452 1456 3558 1518 est,
3593 1457 3659 1507 ut

2007 1547 2160 1603 ultra
2193 1546 2496 1617 provinciae
2526 1548 2810 1603 terminos
2868 1543 3186 1601 accusandi
3248 1541 3481 1596 licentia
3538 1558 3654 1595 non

2008 1635 2431 1707 progrediatur,
2490 1635 2602 1689 nisi
2659 1636 2725 1687 ad
2764 1633 2913 1687 hanc
2945 1630 3323 1702 apostolicam
3356 1628 3531 1683 fuerit
3560 1646 3656 1684 se-

2005 1724 2135 1779 dem
2170 1730 2564 1796 provocatum.
2597 1724 2680 1779 Ad
2712 1740 2884 1794 quam
2935 1737 3139 1777 omnes
3188 1720 3287 1790 qui
3348 1718 3654 1782 voluerint,

2005 1813 2185 1868 libere
2240 1818 2297 1868 et
2354 1814 2578 1884 absque
2609 1812 2726 1867 ullo
2757 1810 3177 1882 impedimento
3208 1808 3262 1861 in
3296 1806 3654 1879 quibusdam

1926 1918 1974 1983 Β
2007 1901 2249 1972 agendis
2280 1901 2573 1957 conﬂuere
2602 1902 2835 1956 debent.
2935 1960 2941 1965 δ

2075 2009 2165 2063 33.
2200 2007 2483 2065 Similiter
2510 2008 2568 2063 in
2604 2008 2835 2080 praefixa
2865 2005 3085 2078 synodo
3113 2009 3203 2061 est
3229 2004 3546 2067 decretum,
3581 2017 3654 2057 ne

2005 2098 2288 2167 suspecti,
2336 2096 2607 2162 infames,
2652 2095 2745 2150 vel
2776 2092 3098 2162 criminosi,
3131 2097 3232 2147 aut
3261 2090 3523 2163 gratiosi,
3555 2094 3656 2147 aut

2002 2182 2476 2251 calumniatores,
2508 2182 2595 2237 vel
2625 2184 2855 2245 attines,
2887 2188 2989 2237 aut
3014 2179 3300 2244 scelerati,
3332 2183 3432 2234 aut
3486 2177 3655 2234 facile

2002 2271 2299 2343 litigantes
2357 2271 2761 2342 suscipiantur
2815 2272 3204 2333 accusatores,
3240 2269 3339 2323 sed
3371 2268 3517 2322 tales
3546 2267 3649 2339 qui

2002 2361 2161 2415 omni
2194 2365 2432 2415 careant
2460 2358 2809 2430 suspicione.
2843 2358 2966 2421 Qua
2996 2356 3301 2413 columnas
3347 2373 3485 2411 suas
3536 2361 3649 2412 Do-

2002 2448 2200 2504 minus
2258 2447 2503 2504 tirmiter
2556 2453 2712 2503 stare
2760 2445 2962 2512 voluit,
2998 2463 3100 2500 ncc
3132 2463 3166 2500 a
3194 2445 3648 2516 quibuscunque

1999 2538 2088 2610 agi
2099 2538 2230 2593 tari.

2066 2643 2158 2700 34.
2190 2643 2473 2701 Similiter
2526 2644 2643 2700 fata
2701 2642 2907 2698 statuit
2958 2641 3237 2713 synodus,
3298 2643 3362 2694 ut
3419 2638 3646 2696 nullum

1997 2732 2289 2788 sententia
2318 2748 2431 2787 non
2464 2748 2497 2787 a
2528 2748 2635 2787 suo
2657 2731 2859 2803 judice
2889 2729 3042 2784 dicta
3071 2729 3449 2801 cons'ringat.
3480 2728 3646 2783 Judi-

1996 2836 2092 2876 ces
2149 2826 2340 2876 autem
2393 2820 2489 2876 alii
2524 2836 2651 2875 es=e
2683 2837 2794 2874 non
2828 2817 3177 2881 dt-bcnt,nisi
3211 2834 3357 2886 quos
3387 2817 3510 2888 ipse
3543 2816 3643 2887 qui

1992 2909 2298 2982 impetitur
2324 2909 2691 2983 elegerit,aut
2721 2924 2868 2980 quos
2898 2923 3005 2961 suo
3036 2923 3167 2961 cum
3203 2921 3486 2961 consensu
3522 2904 3643 2960 haec

1995 3006 2197 3057 sancta
2228 3000 2417 3064 sedes,
2448 3002 2552 3053 aut
2579 2999 2709 3067 ejus
2739 2995 3034 3068 primates,
3074 2992 3417 3048 auctoritate
3462 2991 3643 3064 hujus

1994 3093 2211 3146 sancta,
2267 3088 2426 3147 sedis
2481 3085 2888 3155 delegaverint.
2952 3085 3009 3139 in
3053 3082 3144 3138 his
3174 3086 3366 3137 autem
3402 3086 3455 3135 ct
3486 3079 3641 3148 aliis,

1993 3191 2120 3248 quae
2148 3179 2268 3231 tam
2300 3174 2361 3229 in
2394 3174 2501 3229 hac
2530 3176 2733 3228 sancta
2760 3172 2918 3235 sede,
2951 3186 3124 3242 quam
3157 3175 3213 3225 et
3242 3170 3315 3224 ab
3357 3168 3640 3240 apostolis

1912 3280 1956 3348 α
1990 3279 2311 3335 eorumque
2341 3261 2780 3318 successoribus
2811 3265 2950 3314 sunt
2980 3264 3222 3314 statuta.
3256 3258 3402 3313 nihil
3438 3259 3641 3348 praefa-

1989 3355 2068 3411 tis
2096 3352 2384 3425 episcopis
2416 3349 2809 3415 concessistis,
2866 3349 2965 3404 sed
3023 3347 3139 3403 vim
3191 3346 3276 3403 eis
3303 3346 3638 3415 inferentes,

1989 3443 2341 3515 injusthue,
2400 3445 2464 3495 ut
2519 3438 2789 3511 superius
2846 3431 3369 3493 Commemoratum
3401 3440 3509 3504 cst,
3542 3450 3642 3490 eos

1989 3532 2358 3598 damnantea,
2391 3528 2621 3602 aliquos
2651 3529 2922 3583 absentes
2953 3524 3442 3597 expulistis,quod
3478 3522 3641 3579 omni

1989 3620 2333 3677 Christianae
2392 3617 2653 3689 religioni
2715 3623 2805 3672 est
2829 3615 3159 3670 inimicum.
3194 3613 3256 3669 In
3287 3613 3504 3684 quibus
3534 3627 3641 3681 ap-

1990 3714 2156 3782 paret
2183 3709 2335 3781 quod
2370 3723 2476 3763 nec
2530 3705 2777 3762 Domino
2827 3721 2936 3760 sua
2991 3701 3268 3757 servastis
3320 3702 3479 3771 jura,
3536 3714 3645 3754 nec

1988 3798 2126 3853 huic
2183 3801 2398 3853 sanctae
2443 3794 2617 3850 matri
2646 3799 2704 3849 et
2730 3790 3061 3864 apostolicae
3091 3788 3378 3856 Ecclesia,
3414 3803 3542 3858 quae
3576 3791 3643 3841 ut

1990 3887 2394 3959 prwscriptum
2425 3888 2534 3951 est,
2567 3898 2674 3937 suo
2697 3879 2941 3951 judicio,
2976 3884 3081 3934 aut.
3108 3878 3245 3933 huic
3280 3876 3403 3932 sedi
3462 3874 3649 3931 voluit

1992 3975 2290 4035 reservari,
2352 3989 2423 4027 ne
2469 3992 2501 4025 τι
2535 3975 2648 4025 tam
2685 3970 2900 4042 pravis,
2933 3967 3086 4021 sicut
3110 3967 3270 4031 estis,
3308 3963 3644 4019 hominibus

1990 4065 2411 4119 damnarentur
2440 4064 2543 4114 aut
2570 4059 2940 4129 ejicerentur.
2976 4056 3035 4110 In
3066 4054 3157 4109 his
3214 4052 3489 4109 omnibus
3543 4069 3644 4108 vos

1989 4151 2203 4207 stultos
2259 4154 2317 4206 et
2373 4148 2844 4219 praevaricatores
2892 4143 3331 4211 Evangeliorum
3382 4149 3639 4197 etcano-

1993 4256 2135 4296 num
2166 4255 2315 4305 esse,
2351 4236 2496 4292 nulli
2527 4251 2670 4292 sane
2699 4234 3053 4307 sapientium
3086 4237 3173 4288 est
3203 4230 3637 4288 absconditum.

2060 4365 2149 4418 35.
2186 4369 2298 4416 Nec
2328 4361 2421 4416 his
2449 4358 2705 4415 contenti
2737 4359 2879 4414 estis
2928 4359 2985 4412 in
3043 4361 3235 4412 vestra
3296 4356 3638 4428 praevarica-

1988 4454 2165 4520 tione,
2225 4451 2325 4506 sed
2368 4450 2541 4505 etiam
2578 4448 2739 4516 prius
2770 4447 3042 4519 expulsos
3069 4462 3168 4500 eos
3199 4448 3256 4500 et
3283 4442 3408 4499 suis
3436 4459 3640 4513 exspo-

1995 4541 2166 4597 liatos
2190 4540 2364 4594 rebus
2389 4536 2638 4592 vocastis
2670 4540 2847 4607 atque
2878 4533 3224 4595 damnastis,
3259 4548 3390 4587 cum
3444 4530 3641 4586 nullus

225 4627 461 4672 ementes
521 4618 681 4690 ejecit
707 4618 774 4674 de
801 4621 1026 4691 templo,
1053 4628 1105 4676 et
1133 4638 1358 4678 mensas
1382 4627 1885 4683 nummulariorum
1914 4643 1961 4709 Ι)
1992 4628 2340 4703 regulariter
2369 4625 2741 4681 damnandus
2771 4623 2868 4689 sit,
2892 4622 3005 4679 nisi
3038 4621 3214 4709 fuerit
3240 4620 3568 4685 restitutus,
3588 4624 3645 4674 et

223 4706 400 4771 primo
427 4708 623 4762 evertit
647 4707 888 4777 ﬂagello,
919 4715 970 4764 et
995 4710 1159 4782 ejecit
1185 4710 1253 4766 de
1276 4713 1479 4783 templo
1507 4714 1573 4770 9°.
1628 4717 1698 4769 Et
1752 4714 1879 4786 ipsa

225 4790 360 4846 alibi
422 4794 501 4849 ait
562 4809 576 4850 :
636 4788 896 4851 Dominus
949 4799 1104 4853 stetit
1134 4801 1196 4854 in
1224 4799 1513 4872 Synagoga
1540 4801 1786 4871 deorum,
1818 4805 1876 4857 in

224 4880 403 4937 medio
432 4886 618 4938 autem
645 4882 774 4939 deos
799 4883 1067 4941 discernit
1096 4886 1112 4921 ¹
1144 4887 1216 4942 Et
1246 4888 1474 4960 reliqua
1534 4890 1696 4957 talia,
1756 4889 1880 4946 bis-

224 4982 337 5035 que
366 4968 602 5025 similia.
636 4971 708 5026 Et
736 4969 876 5027 alibi
903 4972 1059 5028 idem
1090 4973 1219 5045 ipse
1240 4976 1323 5031 ait
1355 4992 1369 5031 :
1402 4978 1579 5033 Nolite
1597 4977 1875 5049 judicare,

223 5058 281 5108 ut
314 5073 421 5112 non
449 5058 793 5121 iudicemini.
827 5059 1008 5117 Nolite
1034 5061 1419 5129 condemnare,
1468 5074 1529 5121 ut
1583 5083 1693 5122 non
1749 5083 1877 5123 con-

222 5141 576 5201 demnemini.
608 5150 674 5202 In
702 5162 808 5218 quo
834 5147 983 5204 enim
1011 5148 1216 5219 iudicio
1230 5152 1641 5222 judicaveritis,
1674 5155 1882 5222 iudica-

227 5228 335 5285 bim
344 5235 425 5288 ini
455 5235 497 5289 ³.

291 5320 378 5375 3|.
412 5325 777 5397 Quapropter
805 5341 919 5381 non
952 5330 1074 5383 tam
1104 5333 1347 5403 temere,
1382 5337 1446 5387 ut
1501 5349 1603 5390 vos
1661 5332 1874 5403 facitis,

227 5410 536 5483 quisquam
561 5430 727 5469 suam
754 5420 1072 5486 presumat
1092 5433 1356 5476 emovere
1376 5420 1878 5494 iniquitatem,sed

220 5495 580 5561 judicantem
602 5506 828 5573 oportet
850 5509 1066 5560 cuncta
1090 5505 1374 5579 rimari,et
1389 5510 1654 5566 ordinem
1679 5528 1875 5567 rerum

1987 4736 2099 4776 sua
2128 4716 2326 4773 omnia
2355 4716 2403 4770 ei
2457 4714 2687 4786 legibus
2742 4713 2863 4767 sint
2919 4708 3292 4781 integerrime
3347 4710 3637 4764 restituta.

1986 4811 2088 4863 Eat
2139 4821 2392 4876 namque
2450 4806 2508 4857 in
2559 4818 2712 4873 smpe
2735 4803 2861 4871 jam
2894 4800 3050 4855 dicta
3081 4806 3286 4854 sancta
3316 4798 3535 4868 synodo
3568 4798 3640 4851 ab

1985 4896 2261 4953 omnibus
2294 4890 2653 4949 unanimiter
2682 4891 3005 4956 decretum,
3038 4891 3097 4943 et
3126 4887 3474 4942 auctoritate
3503 4902 3637 4957 apo-

1985 4966 2192 5041 stolica
2222 4983 2578 5044 reboratum,
2626 4985 2692 5034 ut
2754 4978 2805 5034 si
2861 4976 2996 5050 quis
3052 4975 3463 5048 episcoporum
3516 4974 3643 5029 suis

1987 5072 2164 5128 fuerit
2218 5070 2395 5125 rebus
2451 5066 2832 5139 exspoliatus,
2863 5071 2922 5121 et
2954 5066 3009 5117 in
3044 5061 3416 5119 accusatione
3447 5059 3643 5133 pulsa-

1985 5166 2105 5226 tus,
2135 5157 2504 5215 ordinationc
2538 5155 2876 5226 pontiﬁcum
2910 5155 3137 5224 oportet
3165 5155 3223 5206 et
3276 5150 3444 5205 decet
3501 5165 3636 5203 san-

1987 5254 2144 5305 ctum
2208 5246 2573 5319 propositum
2625 5245 2813 5317 prima
2844 5245 3028 5298 fronte
3059 5245 3313 5303 certare;
3349 5242 3412 5292 ut
3441 5235 3640 5332 omnia

1987 5352 2116 5408 quae
2146 5351 2249 5409 per
2278 5331 2688 5406 suggestiones
2720 5329 3092 5385 inimicorum
3123 5340 3365 5419 suorum
3426 5329 3638 5419 amice:

1988 5407 2096 5492 rat,
2150 5407 2420 5496 legalitcr
2478 5420 2665 5494 primo
2724 5417 2997 5492 potestati
3045 5416 3173 5487 ejus
3204 5414 3275 5470 ab
3308 5407 3632 5466 honorabili

1987 5512 2233 5569 concilio
2264 5511 2752 5583 redintegrentur,
2777 5513 2834 5563 et
2860 5504 3069 5579 praesul
3102 5500 3443 5574 regulariter
3473 5498 3635 5570 prius

298 5636 572 5723 fidatth.
601 5642 778 5723 1,28“.
855 5642 900 5679 ⁹⁶
930 5643 1109 5702 Lavit.
1142 5662 1256 5714 xxx,
1284 5647 1373 5703 13.
1448 5648 1494 5685 9"
1524 5648 1664 5708 Luc.
1695 5668 1750 5723 χ,
1788 5653 1873 5709 16,

2026 5651 2243 5709 Coloss.
2273 5668 2360 5721 ιιι,
2389 5651 2480 5705 25.
2558 5650 2602 5685 ’9
2637 5646 2845 5704 Matth.
2871 5662 2986 5712 xxi,
3008 5645 3092 5700 12.
3174 5645 3188 5679 ¹
3227 5638 3629 5705 Psal.1.xxx1,t.

232 5701 255 5736 ³
282 5703 487 5766 Matth.
518 5701 707 5782 vu,'i,
736 5711 794 5767 2.
