4060 6218
407 322 430 378 1
447 320 559 379 46⁵7

1544 330 1604 388 S.
1656 333 2176 393 ATHANASIUS.
2206 364 2282 376 —
2313 333 2621 394 SPURIA.

3669 334 3686 386 1
3702 332 3808 388 468

405 457 582 510 statui
617 458 862 528 pristino
895 463 1188 528 reddatur,
1220 471 1275 518 et
1306 465 1426 535 ipse
1476 465 1756 535 depositis
1785 466 2051 534 {ordina-
2081 468 2137 532 Α
2166 469 2285 519 stra
2317 466 2584 521 consulta
2616 467 3090 534 rescriberemus,
3116 466 3171 520 in
3205 469 3432 521 tantum
3465 469 3533 519 ut
3563 465 3614 520 si
3645 466 3806 519 etiam

405 544 600 616 tisque
657 549 832 602 rebus
884 551 1029 612 suis,
1065 555 1200 605 tunc
1233 553 1300 605 ad
1327 557 1558 623 tempus
1593 553 1785 608 veniat
1815 555 1885 608 ad
1920 571 2055 608 cau-

406 649 556 688 sam.
591 637 656 689 Et
687 637 732 690 si
764 638 1022 707 itajuste
1053 642 1298 710 videtur,
1335 643 1737 696 accusantium
1793 644 2056 714 proposi-

407 724 668 779 tionibus
728 728 1094 797 respondeat.
1161 732 1345 794 Quare
1376 747 1510 802 ergo
1539 733 1886 803 transgressi
1915 732 2056 786 estis

407 813 690 868 terminos
748 815 1004 880 Patrum,
1059 819 1394 887 judicantes
1449 826 1503 873 et
1555 821 1904 875 damnantes
1959 838 2057 874 eos

407 917 556 972 quos
618 921 728 957 non
794 906 1123 961 debuistis?
1181 911 1366 972 Quare
1413 909 1728 978 judicastis
1778 927 1874 963 eos
1910 927 2057 980 quos

410 1007 518 1044 non
549 992 889 1063 regulariter
910 998 1461 1068 approbastis,quod
1485 999 1540 1052 in
1565 1000 1891 1066 Regnorum
1913 999 2057 1054 libro

407 1079 691 1143 scriptum
728 1087 812 1136 est
849 1101 860 1138 :
897 1087 1016 1137 Non.
1048 1087 1308 1155 quomodo
1343 1089 1484 1142 ridet
1515 1087 1689 1157 homo,
1723 1089 1868 1142 videt
1896 1089 2056 1154 Deus,

407 1187 540 1240 qum
577 1172 736 1226 homo
767 1173 909 1227 ridet
936 1175 990 1226 in
1023 1178 1326 1243 facientium
1356 1187 1540 1231 (uelem
1573 1180 1628 1230 in
1660 1178 1819 1231 corde
1851 1178 1989 1231 videt
2012 1180 2053 1230 ³.

411 1261 478 1313 Et
509 1260 566 1314 in
599 1261 1056 1330 Paralipomenis
1092 1282 1103 1317 :
1141 1265 1337 1319 Omnia
1361 1268 1532 1320 conia
1561 1272 1846 1321 scrutatur
1872 1269 2055 1337 meus,

407 1360 459 1404 et
517 1369 733 1406 omnem.
789 1355 1174 1422 cogitationem
1236 1360 1384 1410 novit
1417 1360 1454 1409 ⁴.
1501 1359 1565 1412 Et
1597 1358 1730 1411 alibi
1769 1357 2052 1428 scriptum

408 1444 497 1493 est
530 1457 541 1494 :
577 1442 692 1495 Non.
723 1450 892 1512 potest
922 1443 1160 1499 humano
1190 1446 1546 1501 condemnari
1575 1449 1847 1516 cxmnine,
1898 1463 2058 1518 quem

407 1529 547 1582 Deus
604 1545 702 1582 suo
751 1531 1218 1601 rcservntjudirio
1249 1535 1422 1587 5.11am
1454 1535 1644 1588 omnia
1682 1549 2056 1605 summopere

408 1619 782 1687 praecavenda
817 1627 1086 1684 sunt,ncc
1121 1624 1416 1676 accusatio
1447 1623 1854 1693 epismporum
1892 1621 2056 1676 facile

409 1707 496 1758 est
528 1705 880 1776 recipienda,
915 1707 1140 1762 dicente
1173 1709 1418 1764 Domino
1453 1727 1465 1764 :
1501 1713 1616 1766 Non.
1645 1713 1914 1782 suscipias
1967 1727 2058 1764 vo-

405 1808 518 1846 cem
549 1794 818 1848 mendacii
845 1796 884 1848 ⁸.
909 1796 972 1848 Et
1003 1798 1300 1868 apostolus
1333 1799 1525 1869 inquit
1557 1800 1596 1868 ⁷,
1618 1801 1894 1854 adversus
1926 1817 2052 1871 pre-

405 1881 702 1952 sbyterum
738 1883 1176 1952 inscriptionem
1214 1905 1322 1940 non
1378 1889 1768 1960 recipiendam
1833 1890 2056 1960 absque

407 1969 637 2023 duobus
687 1971 768 2024 vel
805 1972 993 2025 tribus
1024 1974 1247 2028 idoneis
1280 1978 1549 2031 testibus.
1585 1978 1642 2030 Si
1677 1977 1796 2031 haec
1827 1978 1896 2032 de
1929 1994 2056 2048 pre-

407 2059 675 2129 sbyteris,
730 2060 816 2114 vel
861 2063 1097 2116 caeteris
1155 2064 1423 2118 fidelibus
1481 2070 1619 2120 sunt
1669 2068 2057 2137 prmcavenda,

410 2153 628 2211 quanto
658 2150 846 2219 magis
880 2151 950 2205 de
980 2152 1312 2223 episcopis?
1345 2154 1569 2217 Quibus
1601 2155 2060 2226 cognitis,magis

405 2252 506 2290 vos
539 2237 827 2302 dominari
859 2238 1003 2294 velle
1039 2242 1417 2297 manifestum
1457 2248 1568 2310 est,
1603 2261 1776 2315 quam
1836 2261 2061 2300 consu-

411 2322 529 2379 lere
583 2326 876 2392 fidelibus,
937 2335 1038 2382 aut
1067 2335 1399 2386 sustentare
1431 2349 1548 2388 eos.
1582 2334 1726 2396 Quia
1757 2334 1942 2389 honor
1970 2335 2057 2388 in-

409 2413 511 2468 ﬂat
542 2415 610 2468 ad
644 2416 977 2486 superbiam
1001 2424 1056 2472 et
1107 2420 1260 2489 quod
1293 2422 1587 2490 provisum
1622 2423 1801 2477 estad
1828 2439 2062 2477 concor-

408 2501 784 2568 diam,tendit
813 2506 882 2559 ad
917 2506 1464 2564 noxiam.Decuerat
1493 2527 1746 2581 numque
1766 2528 1866 2566 vos
1890 2512 2062 2581 juxta

412 2591 684 2662 praefatae
718 2594 973 2664 regulas,
1007 2595 1054 2650 si
1089 2595 1307 2667 aliquid
1339 2599 1599 2670 egissent
1630 2611 1828 2654 contra
1885 2617 2057 2655 suum

412 2679 697 2745 ordinem,
737 2684 1010 2739 mandare
1042 2681 1209 2740 nobis
1241 2690 1299 2741 et
1330 2692 1660 2759 exspectare
1691 2688 1828 2759 quid
1859 2689 1927 2743 ad
1963 2705 2062 2743 ve-

2166 555 2700 628 quidquamfgrave
2741 556 3295 626 intolerandumque
3361 553 3807 612 commisissent.

2166 650 2367 698 nostra
2393 644 2786 716 exspectanda
2816 649 3149 715 censura,et
3178 643 3327 699 nihil
3347 644 3512 714 prius
3531 649 3637 697 aut
3666 642 3806 696 aliud

2165 732 2495 798 decernere,
2517 751 2692 804 quam
2728 735 2880 804 quod
2918 734 3088 788 nobis
3120 733 3345 805 placere
3376 731 3806 803 cognovissetis,

2163 821 2247 875 ita
2283 828 2344 875 ut
2375 841 2406 876 ει
2439 820 2658 892 regulis
2689 822 3030 893 praestitutis
3089 821 3253 876 nulla
3310 827 3412 876 aut
3467 820 3808 892 negligentia

2166 917 2267 964 aut
2327 911 2778 981 praesumptione
2836 911 3202 966 recederetis.
3237 913 3437 966 Cesset
3479 910 3808 980 hujusmodi

2167 1017 2367 1070 pressa
2398 1000 2746 1054 auctoritate
2778 999 3454 1071 praesumptio,vitentur
3483 999 3808 1069 hujusmodi

2168 1094 2536 1157 nocumenta,
2571 1088 2708 1159 quia
2739 1105 3106 1159 nequaquam
3141 1087 3281 1143 talia
3330 1088 3624 1158 patienter
3683 1089 3813 1140 ferre.

2167 1193 2486 1248 possumus
2544 1177 3037 1232 machinamenta.
3072 1178 3358 1240 Quoniam
3391 1175 3672 1231 convenit
3721 1194 3814 1229 nos

2167 1272 2544 1336 paternarum
2575 1267 2942 1322 sanctionum
2977 1266 3288 1338 diligentes
3343 1283 3472 1320 esse
3535 1266 3812 1319 custodes.

2168 1356 2371 1410 Merito
2427 1372 2682 1426 namque
2741 1372 2846 1410 nos
2895 1371 3074 1410 causa
3105 1355 3364 1427 respicit,
3398 1354 3447 1410 si
3479 1353 3717 1408 silentio
3746 1355 3813 1406 fa-

2165 1461 2403 1500 veamus
2434 1445 2635 1500 errori.

2233 1535 2328 1587 55.
2360 1535 2460 1588 Est
2491 1534 2734 1604 insuper
2767 1533 2819 1586 in
2855 1533 3129 1604 praedicta
3180 1537 3387 1588 sancta
3444 1532 3682 1586 Nicaeus
3734 1548 3813 1601 sy-

2166 1625 2316 1678 nodo
2347 1627 2659 1693 statutum,
2694 1629 2756 1675 ut
2789 1639 2958 1677 nemo
2989 1621 3298 1677 anathema
3323 1621 3382 1676 in
3414 1626 3623 1676 nostra
3651 1625 3817 1674 susci-

2165 1713 2360 1784 piatur
2390 1712 2780 1779 accusatione,
2819 1727 2922 1766 nec
2956 1710 3040 1765 illi
3073 1711 3174 1783 qui
3206 1727 3311 1766 nos
3344 1710 3403 1764 in
3454 1727 3570 1764 suo
3624 1708 3817 1763 nolunt

2165 1800 2418 1873 recipere
2477 1799 2713 1871 querela
2770 1800 2856 1856 vel
2889 1799 3260 1854 accusatione
3294 1816 3308 1854 :
3341 1816 3474 1853 cum
3513 1815 3624 1854 nos
3655 1815 3818 1868 super

2165 1890 2296 1944 illos
2327 1889 2587 1944 sciamus
2618 1907 2652 1944 a
2683 1889 2925 1944 Domino
2955 1888 3454 1956 constitutos,non
3487 1885 3627 1942 illos
3658 1902 3819 1956 super

2167 1996 2293 2034 nos.
2329 1979 2394 2032 Et
2425 1978 2578 2032 sicut
2610 1978 2798 2048 major
2829 1993 2942 2033 non
2977 1980 3169 2049 potest
3197 1993 3230 2031 a
3261 1977 3486 2031 minore
3545 1975 3814 2046 judicari,

2168 2084 2272 2123 nec
2305 2067 2385 2122 ita
2415 2065 2700 2138 colligari,
2735 2066 2873 2138 quia
2905 2069 3100 2120 ratum
3132 2069 3221 2120 est
3249 2082 3422 2120 omne
3480 2065 3644 2136 quod
3707 2080 3816 2116 ma-

2167 2173 2376 2228 gnum-
2408 2161 2514 2210 est.
2575 2158 2885 2210 Portamus
2945 2170 3122 2209 onera
3151 2154 3415 2208 omnium
3451 2153 3558 2224 qui
3585 2169 3816 2225 gravan-

2167 2243 2556 2315 tur;quinimo
2589 2243 2709 2297 haec
2743 2247 2934 2314 portat
2965 2242 3022 2296 in
3057 2242 3227 2297 nobis
3259 2242 3466 2296 beatus
3523 2240 3817 2312 apostolus

2169 2335 2398 2400 Petrus,
2430 2333 2596 2402 cujus
2626 2331 2747 2386 vice
2780 2331 3080 2402 fungimur
3109 2330 3415 2402 legatione,
3450 2335 3510 2384 et
3541 2331 3711 2400 cuius
3742 2345 3815 2382 re-

2168 2422 2306 2494 gula
2361 2421 2770 2487 informamur,
2832 2425 3122 2491 quatenus
3153 2419 3280 2490 ejus
3313 2418 3444 2474 fulti
3475 2418 3720 2482 auxilio,
3753 2418 3815 2472 ab

2169 2509 2446 2566 omnibus
2477 2525 2634 2564 nunc
2666 2514 2719 2564 et
2754 2509 2813 2564 in
2871 2513 3150 2580 perpetuo
3206 2513 3484 2563 tueamur
3544 2506 3812 2562 adversis.

2170 2600 2312 2654 Data
2343 2598 2465 2652 Kal.
2501 2597 2864 2663 Novembris,
2888 2596 3179 2652 Fcliciano
3209 2601 3268 2651 et
3298 2595 3659 2651 Maximiano
3689 2594 3816 2647 viris

2172 2686 2519 2744 clarissimis
2551 2687 2915 2742 consulibus.

801 2836 1053 2907 Epistola.
1088 2838 1379 2894 Athanasii
1406 2845 1454 2896 et
1484 2843 1864 2913 Egyptiorum
1893 2842 1964 2896 ad
1992 2842 2242 2897 eumdem
2267 2859 2473 2914 papam
2501 2841 2569 2896 de
2597 2840 3034 2912 oppressionibus
3072 2839 3428 2894 Arianorum.

480 2957 727 3012 Domino
759 2959 1132 3026 beatissimus,
1166 2966 1223 3018 et
1254 2963 1598 3020 honorabilii
1631 2971 1835 3022 sancto
1894 2966 2062 3021 Patre

411 3045 633 3102 Liberio
667 3064 848 3120 papae,
881 3049 1258 3117 Athanasius,
1290 3058 1346 3107 et
1377 3053 1630 3110 universi
1663 3055 2056 3128 [Egyptiorum

409 3133 690 3206 episcopi,
743 3137 799 3190 in
860 3155 1042 3192 unum
1103 3142 1376 3212 synodice
1434 3145 1583 3213 apud
1648 3143 2056 3200 Alexandriam

409 3225 762 3295 congregati.

481 3285 592 3381 (14)
623 3285 841 3369 vestrae
874 3316 1238 3398 beatissima:-
1281 3322 1648 3390 paternitatis
1668 3323 1807 3392 jura
1879 3337 2056 3393 penes
2087 3285 2130 3350 Ο

413 3404 590 3455 Deum
624 3401 745 3457 sint
777 3405 1261 3474 manifesta,dum
1297 3409 1808 3480 praedicationibus
1839 3410 2062 3466 scilicet

414 3490 772 3562 apostolicis,
806 3499 861 3548 et
912 3495 1192 3551 doctrinis
1243 3514 1386 3552 verae
1444 3499 1578 3553 fidei
1636 3498 1870 3554 cultura
1927 3499 2056 3553 uni-

411 3596 578 3635 versa
635 3581 853 3652 repleta
884 3583 960 3638 sit
985 3590 1158 3641 terra.
1193 3590 1303 3641 Per
1335 3587 1659 3642 divinorum
1695 3593 1890 3642 tamen
1923 3605 2057 3644 eru-

413 3668 690 3725 ditionem
734 3671 1122 3743 eloquiorum,
1179 3680 1372 3731 vestra
1431 3677 1754 3732 instruente
1801 3678 2060 3731 admoni-

411 3757 567 3812 tione
599 3759 1515 3833 exhortatoria,superaediﬁcatur
1543 3765 1866 3820 orthodoxa
1896 3764 2059 3819 Chri-

413 3848 488 3902 sti
521 3847 1122 3921 Ecclesia,apostolica
1151 3853 1518 3909 institutione
1551 3855 1813 3919 fundata,
1844 3859 1901 3910 et
1926 3870 1958 3908 a
1991 3854 2062 3907 fi-

415 3936 644 3992 delibus
675 3938 946 3994 Patribus
1005 3941 1340 3997 firmissime
1395 3943 1685 3997 roborata.
1742 3945 1825 3998 Ad
1883 3959 2058 4013 quam

415 4042 620 4081 omnes
651 4027 973 4084 beatissimi
1005 4030 1272 4102 apostoli,
1308 4031 1430 4102 pari
1466 4032 1700 4087 honoris
1726 4036 1784 4086 et
1811 4036 2062 4103 potesta-

418 4116 492 4170 tis
525 4117 816 4172 consortio
847 4119 1092 4188 praediti,
1130 4119 1478 4191 populorum
1536 4121 1774 4191 agmina
1829 4137 2062 4176 conver-

416 4207 624 4270 tentes,
683 4205 776 4275 pie
833 4212 1149 4278 sancteque
1205 4209 1276 4263 de
1332 4210 1588 4264 tenebris
1640 4211 1708 4264 ad
1743 4210 1958 4277 lumen,
1994 4211 2066 4264 de

415 4291 586 4363 lapsu
622 4294 690 4347 ad
719 4310 910 4348 veram
947 4296 1139 4366 tidem,
1174 4297 1244 4351 de
1273 4303 1460 4352 morte
1488 4299 1558 4352 ad
1589 4298 1765 4353 vitam
1799 4299 2064 4354 homines

417 4380 623 4435 divinae
658 4383 1188 4451 prmdostinationis
1217 4386 1401 4457 gratia
1433 4386 1749 4458 praescitos,
1801 4387 2067 4443 salutari—

415 4470 528 4525 bus
584 4471 886 4543 praaceptis
944 4491 1010 4529 ac
1070 4475 1308 4530 monitis
1359 4476 1773 4545 perduxerunt.
1807 4480 2064 4543 Quorum

417 4564 754 4615 sanctorum
805 4561 1200 4633 apostolorum
1255 4570 1447 4619 vestra
1507 4566 1834 4621 fraternitas
1889 4566 2068 4621 hono-

2170 2964 2506 3036 Apostolus,
2538 2965 2628 3019 sed
2654 2967 2887 3035 factores
2918 2963 3056 3030 legis
3101 2961 3565 3033 justi/imbuatur
3615 2963 3656 3016 ³.
3715 2959 3816 3014 Nos

2170 3055 2326 3111 enim
2385 3053 2506 3109 haec
2554 3053 2824 3108 meditari
2858 3051 3182 3123 cupientes,
3214 3056 3272 3106 et
3300 3066 3370 3105 ea
3399 3067 3530 3120 quae
3565 3067 3598 3105 a
3632 3054 3821 3105 sancta

2169 3145 2305 3199 sede
2335 3147 2546 3210 vestra,
2585 3141 2986 3213 apostolorum
3044 3156 3364 3210 eorumque
3415 3154 3814 3194 successorum

2169 3232 2578 3304 pradicatione
2633 3231 2786 3286 608
2844 3230 3232 3302 suscepimus,
3267 3234 3444 3298 atque
3474 3244 3608 3298 qua:
3639 3229 3694 3282 in
3727 3227 3817 3280 Ni-

2169 3337 2328 3375 czena
2359 3321 2579 3391 synodo
2603 3319 2877 3374 roborata
2936 3318 3315 3392 cognovimus
3373 3317 3715 3388 praedicare,
3768 3320 3816 3369 et

2167 3411 2516 3465 Arianorum
2573 3407 2994 3480 blasphemias,
3037 3413 3212 3478 atque
3241 3405 3490 3461 aliorum
3523 3405 3814 3460 haeretico-

2169 3516 2298 3553 rum
2333 3497 2648 3570 repellere:
2677 3499 2777 3568 qui
2807 3496 3070 3568 quotidie
3101 3496 3170 3550 ab
3206 3495 3294 3551 his
3327 3496 3816 3566 persequimur,et

2169 3587 2532 3642 damnationi
2565 3587 2875 3653 tradimur,
2898 3591 3071 3655 atque
3104 3583 3278 3638 morti
3308 3582 3815 3646 destinamur.0oa

2169 3676 2241 3731 de
2273 3693 2332 3731 re
2363 3681 2765 3748 precamur,ut
2792 3674 2999 3730 vestris
3029 3672 3696 3738 exhortationibus,tam
3727 3687 3818 3742 per

2169 3781 2272 3820 vos
2329 3781 2506 3835 quam
2557 3768 2616 3819 et
2645 3763 3054 3834 apocrisiarios
3083 3765 3306 3816 vestros
3330 3761 3698 3830 adjuvemur,
3733 3775 3816 3825 ne,

2171 3853 2312 3908 dum
2345 3852 2426 3906 illi
2461 3855 2736 3908 crescunt
2766 3857 2822 3907 et
2853 3869 2958 3906 nos
2983 3851 3330 3916 minuimur,
3364 3866 3498 3905 vera
3528 3849 3680 3905 ﬁdes
3734 3848 3817 3902 de-

2171 3946 2454 4008 struatur,
2513 3945 2570 3996 et
2625 3957 2826 3996 eorum
2887 3939 3125 3994 haeresis
3169 3937 3322 3993 ultra
3353 3938 3529 3993 fidem
3565 3943 3815 3994 nostram

2172 4035 2414 4086 crescat.
2449 4030 2733 4094 Quoniam
2765 4029 2943 4084 timeo
2974 4033 3061 4094 ut,
3091 4032 3404 4100 postquam
3439 4026 3817 4083 abundaverit

2171 4119 2475 4191 iniquitas,
2511 4118 2852 4190 refrigescat
2880 4117 3134 4173 charitas
3165 4117 3483 4171 multorum
3513 4117 3553 4171 9.
3579 4116 3685 4170 Pro
3715 4129 3820 4184 qua

2175 4226 2254 4275 re,
2290 4208 2478 4263 multa
2506 4213 2710 4263 vestrae
2743 4223 2918 4262 sacras
2950 4207 3248 4270 doctrinae,
3281 4210 3401 4259 tam
3435 4208 3592 4276 apud
3647 4204 3816 4258 Deum

2173 4315 2349 4369 quam
2383 4297 2538 4369 apud
2570 4300 2811 4351 cunctos
2843 4294 3294 4364 ﬁdeles,merces
3322 4298 3381 4348 et
3415 4294 3545 4348 laus
3578 4291 3818 4364 reposita

2173 4393 2282 4458 est,
2306 4388 2354 4442 si
2387 4392 2578 4442 vestra
2608 4391 2940 4440 resecentur
2967 4384 3332 4438 auctoritate.
3365 4382 3640 4436 Nostram
3671 4381 3814 4436 enim

2177 4477 2557 4546 ﬁdem,quam
2590 4493 2624 4529 a
2653 4474 2881 4529 sanbtis
2914 4473 3181 4527 Patribus
3214 4471 3550 4542 accepimus
3582 4477 3641 4524 et
3671 4479 3814 4524 tene-

2177 4583 2332 4634 mus,
2366 4570 2541 4635 atque
2569 4565 2867 4632 docemus,
2895 4562 3098 4617 subter
3127 4560 3509 4616 inseruimus.
3543 4559 3616 4614 Ut
3642 4560 3687 4614 si
3721 4557 3814 4612 ali-

417 4650 596 4703 randa
628 4666 878 4720 sequens
912 4653 1138 4718 merita,
1172 4657 1228 4708 et
1257 4655 1570 4724 perfectius
1601 4654 1853 4726 impleas
1884 4671 2069 4710 exem-
2100 4665 2144 4728 ι)
2176 4658 2307 4727 quis
2362 4656 2524 4711 vobis
2585 4655 2754 4711 aliter
2798 4671 2903 4711 nos
2934 4653 3188 4718 credere,
3219 4656 3322 4706 aut
3349 4653 3574 4716 docere,
3607 4654 3706 4706 aut
3731 4664 3814 4703 ac-

415 4737 529 4809 pla,
567 4737 878 4794 Ecclesium
927 4741 1022 4795 Dei
1083 4759 1311 4798 morum
1375 4743 1657 4814 probitate
1715 4752 1762 4798 et
1823 4749 2061 4800 actuum

414 4827 725 4883 sanctitate
783 4830 1149 4901 condecorat,
1205 4837 1262 4886 et
1317 4831 1430 4886 fide
1478 4831 2063 4899 sacra,Christianis-

416 4932 528 4988 que
561 4917 826 4972 moribus
860 4934 1099 4990 augens,
1134 4937 1259 4991 qua:
1292 4919 1414 4976 fieri
1447 4925 1556 4976 Deo
1608 4921 1814 4992 placita
1865 4922 2061 4992 praeci-

414 5008 526 5079 pit,
559 5008 772 5062 studiis
803 5008 1235 5079 pontificalibus
1266 5010 1664 5065 indesinenter
1705 5017 1979 5082 operatur
2008 5016 2064 5065 et

412 5098 659 5171 perficit,
709 5115 946 5154 servans
995 5098 1140 5169 legis
1171 5099 1379 5152 divina;
1411 5099 1686 5154 mandata
1720 5115 1731 5155 :
1766 5102 1914 5170 Quia
1951 5117 2057 5155 non

413 5190 548 5259 legis
577 5189 873 5254 auditores,
905 5191 1036 5244 iusti
1065 5195 1196 5243 sunt
1227 5188 1373 5260 apud
1404 5189 1595 5256 Deum,
1654 5190 1807 5245 sicut
1863 5195 2062 5246 narrat

484 5389 508 5460 it
536 5388 558 5443 Ι
588 5389 726 5460 Reg.
761 5405 875 5455 xvr,
906 5389 958 5442 7.

412 5459 432 5495 ⁹
462 5459 665 5516 Matth.
685 5459 850 5529 xxxv,
887 5461 971 5514 12.

1039 5389 1060 5422 ⁴
1088 5387 1108 5442 Ι
1141 5386 1328 5443 Paral.
1362 5405 1560 5454 xxvm,
1592 5391 1646 5443 9.

1723 5390 1745 5423 ⁸
1777 5389 1797 5443 l
1827 5389 1955 5445 Cor.
1989 5407 2064 5454 IV,
2095 5389 2149 5444 3.

2174 4746 2457 4810 conando,
2491 4749 2593 4800 aut
2621 4743 2993 4799 mussitando
3027 4740 3310 4807 retulerit,
3341 4739 3430 4795 vel
3467 4737 3814 4794 detrahendo

2173 4834 2405 4906 scriptis
2439 4832 2820 4902 mandaverit,
2855 4847 2957 4902 per
3003 4830 3157 4885 hanc
3214 4828 3521 4885 manifeste
3582 4844 3688 4882 nos
3742 4827 3814 4878 ita

2171 4924 2403 4979 credere
2431 4929 2487 4978 et
2517 4922 2722 4978 docere
2754 4919 3109 4993 agnoscatis.
3141 4919 3446 4976 Credimus
3479 4933 3732 4988 namque
3761 4915 3809 4968 in

2172 5029 2354 5067 unum
2389 5012 2569 5068 Deum
2601 5012 2830 5066 Patrem
2862 5003 3814 5080 omnipotentem,omniumvisibi-

2171 5100 2338 5170 lium,
2373 5117 2592 5156 necnon
2639 5105 2697 5156 et
2753 5097 3132 5154 invisibilium
3196 5098 3580 5153 conditorem.
3642 5095 3701 5149 Et
3757 5094 3807 5146 in

2171 5204 2353 5243 unum
2407 5186 2717 5242 Dominum
2751 5191 3018 5243 nostrum
3044 5185 3248 5241 Jesum
3279 5183 3575 5239 Christum
3609 5182 3806 5238 Filium

2225 5389 2247 5423 ⁶
2276 5387 2454 5443 Exod.
2487 5402 2642 5456 χχιιι,
2679 5387 2729 5441 1.
2805 5387 2825 5421 ⁷
2857 5385 2879 5440 I
2906 5383 3059 5440 Tim.
3091 5399 3148 5451 v,
3183 5382 3268 5437 19.
3344 5382 3366 5417 ⁸
3397 5381 3565 5436 Rom.
3616 5396 3676 5445 ιι,
3723 5377 3801 5432 13.

484 5659 596 5730 (lit)
631 5657 777 5714 Vide
805 5657 1054 5714 Victoris
1083 5655 1556 5728 Carthaginensis
1587 5658 1756 5730 epist.
1790 5660 1862 5715 ad
1893 5660 2261 5716 Theodorum
2295 5673 2527 5730 papam.
