4060 6218
268 354 425 416 14ϋ9

1170 357 1477 418 PONTIF.
1525 357 1716 417 ROM.
1765 358 1860 415 ET
1905 355 2339 416 ATHANASII
2388 350 2791 415 EPlS'l‘OL/E

3516 341 3676 400 I470

246 490 353 546 Dei
409 492 615 545 natum
669 503 739 545 ex
768 487 933 544 Patre
963 488 1352 561 unigenitum,
1386 489 1495 546 hoc
1525 493 1634 557 est,
1664 506 1733 547 ex
1761 489 1904 547 sub-
1934 492 1987 558 Α
2017 490 2090 543 tis
2120 490 2215 561 qui
2234 493 2565 560 prophetam
2592 486 2652 541 in
2680 484 2912 539 nomine
2941 496 3056 537 meo
3086 476 3474 533 mendacium:
3507 479 3672 529 erunt

244 577 475 632 stantia
505 574 692 632 Patris
729 592 742 631 :
774 575 956 631 Deum
990 594 1058 633 ex
1090 583 1226 645 Deo,
1278 576 1475 633 lumen
1534 579 1604 633 de
1662 576 1909 647 lumine,

244 665 438 721 Deum
494 681 696 720 verum
751 681 819 720 ex
877 670 986 720 Deo
1046 682 1200 736 vero,
1252 672 1450 722 natum
1485 684 1601 722 non
1624 671 1906 731 creatum,

244 752 626 821 homousion,
658 752 768 809 hoc
798 759 906 820 est,
938 755 1200 823 ejusdem
1234 771 1368 810 cum
1414 756 1580 810 Patre
1627 755 1907 810 substan-

243 843 369 899 tiae.
404 842 509 898 Per
540 858 714 913 quem
748 843 951 898 omnia
983 844 1135 899 facta
1164 848 1325 907 sunt,
1359 843 1613 899 cmlestia
1643 848 1701 899 et
1730 849 1907 899 terre-

243 933 416 988 stria.
439 932 543 996 Qui
580 938 814 1003 propter
848 949 952 988 nos
983 933 1269 1002 homines,
1291 938 1349 987 et
1376 937 1611 1005 propter
1642 938 1903 988 nostram

241 1019 503 1075 salutem
537 1020 841 1075 descendit
869 1022 939 1077 de
970 1020 1155 1076 cmlis.
1186 1022 1252 1076 Et
1284 1022 1624 1077 incarnatus
1679 1026 1788 1091 est,
1848 1025 1906 1074 et

240 1107 425 1165 homo
485 1110 696 1175 lactus,
756 1126 966 1180 passus
1017 1114 1125 1178 est,
1156 1115 1213 1166 et
1245 1110 1559 1166 resurrexit
1588 1111 1758 1165 tertia
1787 1109 1899 1165 die.

232 1196 523 1254 Ascendit
555 1198 608 1252 in
646 1197 1025 1265 cmlum,inde
1056 1204 1335 1255 venturus
1357 1199 1623 1270 judicare
1655 1198 1811 1254 vivos
1842 1203 1902 1254 et

234 1297 528 1342 mortuos.
564 1287 631 1342 Et
658 1287 715 1342 in
751 1288 1034 1360 Spiritum
1069 1292 1362 1343 sanctum.
1397 1288 1509 1343 Eos
1540 1292 1734 1343 autem
1797 1287 1897 1359 qui

225 1374 465 1443 dicunt,
524 1376 660 1431 Erat
714 1379 947 1448 tempus
978 1377 1212 1448 quando
1244 1394 1357 1433 non
1391 1382 1514 1431 erat
1546 1394 1559 1432 :
1590 1381 1667 1442 et,
1698 1376 1896 1433 Prius-

226 1480 422 1535 quam
452 1468 792 1519 nasceretur
819 1481 933 1520 non
965 1470 1091 1520 erat
1123 1483 1137 1520 :
1169 1471 1244 1535 et,
1278 1465 1385 1531 Qui
1417 1482 1486 1521 ex
1516 1464 1698 1520 nullis
1753 1466 1896 1522 sub-

224 1552 591 1608 sistentibus
621 1554 810 1609 factus
837 1558 1054 1624 est,aut
1081 1571 1150 1609 ex
1179 1554 1295 1609 alia
1325 1553 1661 1610 substantia
1680 1553 1765 1609 vel
1798 1571 1893 1609 es-

226 1639 665 1706 sentia,dicunt
689 1657 819 1698 esse
848 1641 1309 1711 convertibilem,
1342 1647 1515 1713 atque
1548 1643 1889 1698 mutabilem

227 1728 449 1784 Filium
484 1729 581 1786 Dei
617 1746 630 1785 :
663 1729 771 1785 hos
800 1730 1251 1787 anathematizat
1294 1730 1583 1787 catholica
1641 1737 1697 1787 et
1752 1748 1890 1804 apo-

222 1816 447 1874 stolica
501 1817 778 1873 Ecclesia.
832 1819 992 1873 Hanc
1023 1817 1409 1874 venerabilem
1443 1820 1619 1875 ﬁdem
1649 1821 1888 1876 trecenti

220 1906 477 1978 quidem
501 1906 697 1961 decem
728 1914 782 1962 et
811 1912 960 1973 octo,
992 1912 1049 1962 et
1080 1912 1478 1979 cognoverunt
1524 1913 1580 1963 et
1636 1908 1886 1980 amplexi

218 2000 455 2061 sunt,et
486 2002 876 2052 consonantes
904 2001 963 2052 et
994 1996 1302 2052 unanimes
1333 1996 1567 2068 scriptis
1597 1997 1886 2053 exclama-

218 2089 462 2139 verunt.
493 2084 603 2138 Sed
639 2084 831 2151 modo,
865 2084 1140 2157 quoniam
1173 2090 1371 2141 contra
1406 2086 1523 2140 hanc
1554 2102 1624 2140 ex
1672 2086 1888 2142 nostris

219 2170 373 2227 talia
424 2178 771 2245 exsurgunt,
817 2173 1016 2244 qualia
1046 2190 1159 2229 non
1191 2174 1424 2242 debent,
1455 2175 1646 2229 venite
1675 2180 1734 2230 et
1761 2191 1884 2242 vos,

217 2260 605 2325 dilectissimi
640 2262 870 2333 fratres,
902 2279 1034 2317 cum
1071 2268 1204 2329 Deo,
1239 2266 1297 2318 et
1339 2264 1764 2319 descendemus
1811 2265 1883 2318 ad

214 2350 647 2416 visitationem,
699 2350 757 2406 id
809 2356 916 2417 est,
951 2352 1387 2422 inquisitionem
1417 2368 1757 2407 sermonum
1790 2369 1885 2409 eo-

217 2456 386 2505 rum,
419 2444 478 2495 et
504 2440 939 2496 confundamus
972 2456 1072 2511 per
1117 2439 1595 2511 approbationem
1652 2441 1886 2497 verissi-

217 2545 385 2583 mam
440 2529 655 2584 ibidem
692 2528 925 2600 linguas
951 2545 1152 2584 eorum
1184 2527 1435 2584 elevatae
1465 2535 1666 2585 contra
1695 2529 1883 2587 scien-

215 2618 368 2672 tiam
404 2617 687 2689 unigeniti
721 2617 849 2673 Filii
882 2616 1388 2688 Dei,iniquitatem
1421 2617 1481 2681 in
1512 2616 1884 2675 altitudinem

217 2705 621 2761 humanitatis
650 2706 781 2777 ejus
831 2704 1138 2778 loquentes
1172 2722 1185 2760 :
1218 2707 1607 2778 Dirumpamus
1663 2706 1886 2763 vincula

213 2811 438 2864 eorum,
483 2810 586 2865 per
610 2793 874 2867 gladium
906 2792 1292 2866 spiritualem,
1327 2794 1479 2866 quod
1507 2799 1598 2850 est
1628 2794 1883 2852 Verbum

222 2882 353 2953 Dei,
402 2884 762 2954 projiciamus
815 2900 851 2939 a
905 2883 1062 2939 nobis
1102 2883 1304 2954 jugum
1360 2886 1607 2953 ipsorum
1668 2884 1733 2952 ιο,
1781 2900 1886 2957 per

213 2972 717 3044 expugnationem
736 2973 962 3044 profani
994 2987 1202 3028 sensus
1223 2972 1649 3028 illorum.’l‘unc
1665 2973 1882 3029 etenim

218 3061 353 3131 ipse
385 3075 619 3132 quoque
649 3061 916 3116 Dominus
950 3060 1203 3117 irridebit
1229 3076 1338 3127 eos,
1388 3070 1439 3116 et
1491 3062 1881 3132 subsannabit,

2014 578 2245 649 projecti
2275 579 2332 631 in
2365 578 2468 631 viis
2495 573 2830 644 Jerusalem,
2863 580 2913 625 et
2941 567 3272 625 conculcalio
3302 564 3549 619 omnium
3575 563 3668 633 pie

2018 668 2400 738 conﬁtentium
2424 681 2528 729 me,
2587 672 2638 719 et
2689 677 2797 717 non
2855 660 2961 714 erit
3017 658 3111 729 qui
3164 654 3393 723 sepeliet
3445 667 3534 706 eos
3596 651 3661 704 1³.

2017 755 2198 811 Nemo
2252 754 2407 810 enim
2468 751 2825 807 abscondere
2856 751 3047 820 potest
3074 743 3424 816 quihusdam
3459 739 3664 795 subre-

2019 843 2321 916 ptionibus
2351 838 2870 899 commendatitiis,
2894 836 3048 892 sicut
3076 850 3181 890 nec
3210 830 3363 887 foliis
3391 830 3478 884 ﬁci
3512 828 3664 884 anti-

2015 949 2168 1003 quus
2200 937 2602 1004 transgressor
2632 927 2901 1000 praecepti
2938 924 3119 979 Adam
3154 919 3366 993 potuit,
3413 918 3510 989 qui
3560 932 3663 989 per

2012 1021 2309 1092 propriam
2357 1020 2621 1090 linguam
2654 1013 3042 1071 inverecunde
3073 1010 3332 1066 nudatur
3362 1024 3375 1061 :
3410 1010 3660 1077 Laqueus

2009 1111 2163 1164 enim
2192 1110 2357 1177 fortis
2387 1109 2501 1163 viro
2533 1108 2687 1161 labia
2715 1109 2856 1174 ejus,
2880 1105 2932 1155 et
2961 1108 3152 1171 captus
3177 1098 3420 1169 propriis
3448 1109 3654 1149 sermo-

2008 1198 2190 1261 nibus,
2223 1202 2273 1252 et
2302 1214 2474 1266 opera
2506 1212 2771 1251 manuum
2802 1195 2938 1263 ejus,
2969 1188 3262 1244 retributio
3289 1192 3477 1241 autem
3509 1184 3658 1239 labo-

2006 1303 2136 1342 rum
2161 1288 2277 1357 ejus
2327 1285 2549 1341 dabitur
2582 1285 2655 1350 ei,
2713 1291 2763 1338 et
2820 1280 3122 1351 impietatis
3177 1276 3529 1347 reprehensio
3587 1273 3654 1327 ¹³.

2009 1376 2249 1447 Arguam
2278 1380 2353 1441 te,
2379 1373 2593 1446 inquit,
2621 1381 2673 1428 et
2698 1378 2941 1427 statuam
2972 1374 3166 1424 contra
3219 1366 3421 1436 faciem
3478 1367 3653 1429 tuam,

2004 1465 2335 1520 existimasti
2390 1464 2598 1534 inique,
2646 1459 2785 1533 quod
2832 1474 3000 1513 essem
3054 1457 3158 1512 tibi
3183 1454 3388 1511 similis
3418 1454 3481 1507 ¹⁸.
3515 1454 3655 1509 Pro-

2002 1562 2209 1625 pterea,
2243 1552 2399 1608 sicut
2428 1552 2572 1606 dicit
2601 1549 2887 1605 Dominus
2911 1547 2980 1602 ad
3017 1545 3273 1607 Gedeon,
3318 1542 3653 1613 deponamus

2001 1657 2093 1698 eos
2150 1642 2219 1697 ad
2271 1658 2473 1713 aquam
2504 1655 2646 1696 verse
2674 1638 3036 1705 discretionis,
3066 1638 3115 1690 et
3144 1633 3429 1705 probemus
3457 1647 3543 1686 eos
3574 1632 3654 1687 ibi

2000 1731 2252 1802 regulari
2277 1730 2692 1786 examinatione
2732 1730 2791 1782 in
2851 1727 3089 1796 illipsum
3143 1738 3338 1789 pronos
3393 1736 3651 1776 corruen-

1997 1824 2077 1876 tes
2138 1821 2203 1884 “5,
2262 1836 2364 1890 per
2413 1818 2807 1873 ostensionem
2868 1816 3026 1887 pravi
3062 1813 3389 1866 intellectus
3419 1826 3646 1875 eorum,

2001 1916 2197 1964 utrum
2231 1925 2301 1963 ne
2331 1909 2452 1963 sint
2481 1907 2635 1979 apud
2658 1922 2721 1962 se
2743 1904 3037 1976 sapientes
3068 1901 3245 1956 divini
3278 1900 3432 1955 verbi
3466 1898 3649 1954 scien-

2000 1999 2137 2053 tiam
2172 1999 2528 2070 ignorantes.
2562 1995 2846 2062 Quoniam
2879 1993 3140 2048 dicentes
3169 2007 3233 2045 se
3262 2006 3390 2045 esse
3420 1989 3649 2059 sapien-

1999 2091 2106 2153 tes,
2167 2085 2334 2143 stulti
2358 2085 2491 2142 facti
2522 2090 2680 2152 sunt,
2712 2089 2771 2139 et
2804 2087 3175 2138 mutaverunt
3202 2078 3444 2149 gloriam
3480 2080 3520 2113 ιθ
3551 2093 3647 2132 ca-

1998 2174 2224 2231 tholicae
2258 2174 2524 2231 Ecclesia
2557 2173 2792 2247 propria
2821 2172 3093 2237 novitate,
3120 2169 3238 2224 sive
3269 2184 3371 2238 per
3398 2184 3467 2222 ea
3519 2182 3646 2237 quas

1995 2262 2194 2318 illicito
2250 2263 2311 2318 in
2367 2263 2498 2333 ejus
2554 2261 2887 2317 defensione
2926 2262 3092 2330 gesta
3145 2260 3286 2312 sunt
3316 2253 3642 2310 hmrcticam

1996 2350 2421 2406 turbulentiam
2454 2350 2911 2412 introducentes,
2944 2346 3086 2400 illud
3120 2348 3516 2413 competenter
3572 2342 3643 2398 ad

1994 2456 2103 2495 nos
2132 2439 2633 2511 retinentes,quod
2668 2439 2814 2494 bene
2834 2437 2905 2492 ad
2935 2436 3139 2491 Jesum
3175 2434 3387 2489 Filium
3419 2431 3643 2487 Sit-uchi

1994 2526 2223 2585 dictum”
2246 2530 2364 2599 [est
2396 2544 2409 2584 :
2446 2529 2622 2598 Usque
2650 2527 2720 2582 ad
2748 2534 2975 2582 mortem
3004 2533 3158 2578 certa
3188 2538 3283 2590 pro
3312 2523 3557 2583 veritate,
3591 2527 3647 2575 et

1991 2619 2257 2675 Dominus
2283 2617 2556 2688 pugnabit
2581 2633 2684 2688 pro
2715 2623 2768 2671 te
2798 2617 2860 2669 ¹’¹.
2897 2614 3082 2681 Huius
3130 2611 3211 2667 rei
3267 2612 3455 2684 gratia
3510 2607 3642 2664 uni-

1992 2705 2233 2763 versalis
2278 2706 2443 2763 vobis
2489 2722 2524 2761 a
2552 2703 2779 2761 Christo
2808 2705 2944 2759 Jesu
2976 2701 3295 2758 commissa
3322 2704 3414 2755 est
3444 2696 3637 2754 Eccle-

1993 2795 2175 2861 sia,ut
2203 2811 2305 2867 pro
2337 2793 2613 2851 omnibus
2642 2792 3007 2856 laboretis,et
3036 2789 3260 2845 cunctis
3290 2804 3459 2859 opem
3492 2788 3640 2842 ferre

1992 2900 2108 2939 non
2141 2882 2450 2955 negligatis
2481 2900 2495 2939 :
2533 2883 2692 2951 Quia,
2722 2883 2855 2937 dum
2900 2881 3059 2952 fortis
3114 2879 3360 2934 armatus
3411 2875 3643 2933 custodit

1990 2974 2199 3028 atrium
2250 2989 2433 3040 suum,
2493 2973 2554 3027 in
2606 2987 2736 3042 pace
2788 2979 2917 3025 sunt
2945 2969 3132 3024 omnia
3160 2981 3287 3040 qua
3311 2965 3544 3038 possidet
3572 2965 3637 3018 ¹⁸.

1993 3061 2240 3133 Ideoque
2270 3065 2432 3117 tanta
2462 3065 2703 3133 urgente
2732 3062 3469 3127 necessitate,summopere
3491 3070 3644 3110 com-

206 3155 264 3204 et
328 3152 462 3203 tunc
518 3149 774 3220 loquetur
816 3150 886 3205 ad
915 3166 1002 3205 eos
1031 3152 1092 3206 in
1120 3152 1211 3206 ira
1241 3166 1364 3214 sua,
1397 3153 1450 3206 et
1480 3152 1536 3205 in
1563 3153 1757 3221 furore
1783 3166 1882 3206 suo
1992 3150 2226 3223 primite
2246 3154 2436 3205 vestra
2463 3166 2699 3205 summa
2727 3148 3072 3204 auctoritate
3101 3146 3364 3209 infestos,
3392 3143 3643 3199 relevate

207 3236 563 3293 conturbabit
590 3253 680 3293 eos
711 3240 791 3306 ¹¹;
824 3238 1149 3294 secundum
1181 3238 1417 3294 beatum
1445 3238 1869 3306 Jeremiam,di~
1904 3222 1948 3291 Ο
1986 3222 2319 3311 oppressos,
2339 3242 2406 3293 ut
2433 3238 2657 3309 absque
2687 3235 3135 3311 gravi,Domino
3165 3232 3505 3305 opitulante,
3527 3231 3642 3285 dif-

206 3342 355 3382 ccns
394 3343 407 3382 :
442 3325 605 3382 Falso
633 3327 905 3399 propheta
954 3329 1048 3383 isti
1102 3329 1488 3383 vaticinantur
1540 3329 1600 3383 in
1656 3329 1882 3384 nomine

212 3429 357 3471 meo.
418 3418 539 3471 Non
591 3417 742 3471 enim
799 3417 929 3471 misi
956 3432 1064 3484 eos,
1096 3420 1150 3472 et
1177 3431 1287 3473 non
1316 3418 1551 3488 pracepi
1579 3417 1679 3479 eis,
1711 3431 1882 3489 neque

208 3505 431 3560 locutus
457 3519 583 3559 sum
616 3503 691 3559 ad
720 3520 809 3560 eos
841 3521 860 3558 :
898 3506 1164 3560 visionem
1194 3505 1530 3571 mendacem,
1561 3508 1612 3560 et
1660 3504 1879 3560 divina-

203 3596 439 3663 tionem,
498 3601 552 3648 et
607 3592 1070 3666 fraudulentiam,
1102 3597 1154 3650 et
1180 3594 1553 3651 seductionem
1581 3595 1761 3651 cordis
1790 3602 1883 3656 sui

216 3681 557 3754 prophetarit
584 3681 754 3738 vobis.
786 3681 906 3740 Ideo
935 3682 1056 3740 haec
1080 3683 1214 3740 dicit
1242 3685 1506 3740 Dominus
1529 3683 1596 3739 de
1644 3684 1881 3756 prophe-

1990 3326 2266 3392 ﬁcultate,
2299 3326 2412 3399 ipsi
2437 3330 2736 3398 gratanter
2786 3325 2947 3380 omni
3005 3329 3265 3395 tempore
3311 3320 3641 3397 sacriﬁcare

1990 3431 2325 3472 mereamur
2354 3413 2539 3471 illaesi.
2570 3415 2639 3469 Et
2669 3413 3026 3484 subscriptio
3059 3430 3071 3468 :
3106 3412 3339 3466 [Etcrna
3368 3414 3424 3465 te
3453 3413 3643 3465 servet

1990 3503 2296 3576 Divinitas,
2329 3519 2432 3575 per
2462 3501 2679 3558 multos
2711 3518 2918 3567 annos,
2975 3500 3348 3556 sanctissime
3404 3498 3639 3554 Patrum

1989 3593 2180 3649 Pater.
2213 3598 2424 3650 Amen.

1350 3809 1688 3877 Rescriptum
1714 3808 1924 3864 Liberii
1947 3821 2114 3880 papae
2137 3806 2213 3862 ad
2243 3807 2490 3865 eosdem.

286 3910 679 3968 Dilectissimo
710 3911 831 3967 ﬁlio
862 3911 1266 3982 Albanasio,et
1291 3914 1564 3971 omnibus
1592 3914 1649 3971 in
1681 3931 1867 3971 unum

199 4000 604 4073 congregatis,
637 4005 696 4056 et
723 4002 795 4057 de
821 4000 1127 4057 Trinitatis
1162 4002 1275 4058 ﬁde
1308 4009 1460 4059 recte
1483 4004 1871 4060 sentientibus

208 4089 617 4161 Egyptiorum
649 4088 964 4161 episcopis,
1001 4089 1262 4146 Liberius
1292 4108 1461 4163 papa.

285 4178 397 4247 (45)
431 4176 580 4233 Olim
609 4182 667 4233 et
694 4178 767 4234 ab
801 4178 970 4233 initio
1000 4182 1223 4234 tantam
1258 4179 1626 4251 percepimus
1649 4196 1683 4234 a
1706 4178 1875 4235 beato

204 4265 376 4322 Petro
407 4265 805 4338 apostolorum
840 4265 1107 4338 principe
1130 4266 1430 4334 ﬁduciam,
1458 4273 1522 4323 ut
1553 4267 1875 4323 habeamus

204 4354 626 4409 auctoritatem
660 4371 764 4427 pro
796 4354 1109 4411 universali
1150 4354 1409 4410 Ecclesia
1438 4357 1508 4410 ad
1542 4360 1761 4411 rectam
1782 4356 1879 4413 de-

206 4444 563 4498 fendendam
598 4443 1090 4516 ﬁdem,quatenus
1112 4443 1259 4499 nulli
1294 4443 1464 4499 liceat
1487 4448 1710 4500 statum
1742 4462 1872 4502 san-
1902 4448 1948 4512 D

201 4537 314 4587 etas
351 4530 613 4588 Ecclesiae
645 4548 1010 4589 commovere
1042 4533 1113 4588 ad
1173 4532 1468 4589 laesionem
1528 4538 1684 4590 recte
1741 4550 1863 4591 cre-

205 4620 506 4687 dentium,
563 4622 785 4693 absque
832 4621 927 4677 sui
958 4621 1218 4694 periculo
1249 4621 1507 4678 honoris.
1542 4621 1863 4694 Epistolam

206 4708 512 4780 siquidem
544 4714 799 4766 vestram
830 4711 1117 4782 nobisque
1146 4711 1450 4778 directam,
1472 4715 1610 4767 ante
1640 4728 1746 4767 nos
1776 4727 1863 4767 re-

207 4797 381 4852 citari
417 4796 1112 4867 fecimus,tribulationes
1133 4804 1191 4856 et
1211 4800 1667 4872 persecutiones,
1719 4816 1866 4872 quas

206 4902 316 4959 pro
348 4890 503 4942 recta
532 4886 647 4943 ﬁde
678 4886 971 4962 patimini,
995 4887 1412 4945 intelleximus.
1436 4890 1621 4960 Super
1651 4889 1867 4960 quibus

203 4979 265 5030 et
290 4990 399 5030 nos
420 4991 539 5031 una
560 4977 861 5033 vobiscum
884 4977 1347 5045 condolemus,et
1370 4977 1635 5034 laborare
1660 4994 1763 5050 pro
1776 4995 1869 5034 vo-

207 5063 325 5131 bis,
361 5067 428 5118 ut
454 5068 619 5136 pater
650 5082 753 5138 pro
786 5064 949 5133 ﬁliis,
983 5065 1168 5138 parati
1198 5083 1426 5122 sumus.
1481 5066 1676 5121 Fidem
1732 5083 1867 5124 vero

205 5150 428 5206 Nicaeui
457 5152 689 5211 concilii
710 5153 769 5210 in
793 5154 997 5210 eadem
1019 5154 1267 5227 epistola
1283 5160 1500 5212 rectam
1520 5153 1866 5228 reperimus,

276 5367 322 5402 ¹⁰
356 5366 507 5423 Psal.
535 5384 599 5433 ιι,
631 5368 685 5423 3.
767 5369 809 5406 ί¹
843 5369 994 5423 Ibid.
1026 5369 1080 5437 4,
1110 5370 1167 5424 5.
1246 5369 1291 5405 ¹²
1315 5370 1532 5426 Jerem.
1564 5385 1678 5438 xw,
1712 5370 1895 5426 14-16.

204 5438 251 5479 ιδ
280 5441 451 5496 Rom.
485 5456 527 5510 ι,
556 5439 649 5507 22,
681 5439 775 5495 23.
855 5441 898 5477 ⁸⁷
930 5439 1104 5497 Eceli.
1135 5457 1216 5510 ιν,
1241 5442 1333 5498 33.
1413 5442 1455 5477 ¹⁸
1486 5442 1626 5499 Luc.
1659 5458 1742 5511 xx,
1768 5442 1863 5500 21.

278 5669 394 5741 (45)
428 5668 566 5737 Leo,
595 5669 767 5742 epist.
794 5671 886 5727 2t.

1979 3930 2161 3985 super
2190 3930 2307 3985 qua
2336 3919 2392 3970 et
2423 3919 2533 3970 Deo
2558 3913 2777 3985 gratias
2809 3913 3138 3968 uberrimas
3172 3910 3500 3967 retulimus.
3526 3908 3633 3963 Pro

1982 4020 2099 4075 qua
2130 4019 2241 4057 non
2275 4002 2642 4058 solummodo
2670 4003 3101 4074 persecutiones
3122 4007 3172 4056 et
3211 4001 3509 4072 passiones
3541 4014 3635 4052 su-

1982 4091 2202 4146 stinere
2229 4091 2525 4147 vobiscum
2553 4091 2735 4162 parati
2769 4091 3107 4155 sumus,sed
3130 4089 3304 4143 etiam
3325 4087 3373 4143 si
3396 4103 3634 4142 necesse

1984 4180 2179 4247 fuerit,
2203 4180 2347 4235 mori
2382 4196 2483 4251 pro
2514 4178 2727 4234 Christi
2762 4180 3080 4244 nomine,in
3113 4182 3397 4249 quantum
3434 4180 3634 4231 nostra

1985 4268 2131 4324 sinit
2161 4267 2466 4338 fragilitas,
2501 4285 2615 4323 non
2651 4267 3004 4339 reapuimus.
3061 4268 3243 4338 igitur
3292 4265 3629 4338 prmdictum

1985 4360 2359 4422 sanctum,ut
2385 4355 2656 4427 legimus,
2674 4356 2988 4412 concilium
3019 4355 3282 4411 deﬁnivit
3310 4354 3630 4419 Niczenum,

1977 4446 2092 4517 (46)
2124 4444 2298 4502 aliam
2331 4445 2505 4500 ﬁdem
2540 4445 2682 4500 nulli
2716 4444 2886 4501 licere
2919 4445 3173 4517 proferre
3218 4449 3320 4499 aut
3376 4441 3625 4498 conscri-

1979 4535 2139 4606 bere,
2172 4534 2261 4590 vel
2292 4551 2662 4608 componere,
2696 4540 2797 4591 aut
2825 4539 3051 4606 sapere,
3086 4534 3168 4588 vel
3202 4534 3408 4589 docere
3439 4533 3627 4599 aliter,

1974 4641 2082 4680 nec
2111 4624 2438 4696 quidquam
2472 4625 2527 4679 in
2556 4626 2667 4681 ﬁde
2697 4624 2917 4680 sentire
2947 4628 3048 4679 aut
3081 4622 3511 4694 proferre,quod
3543 4622 3630 4676 his

1972 4718 2208 4769 Patrum
2244 4713 2462 4786 regulis
2492 4714 2675 4786 possit
2700 4713 2951 4769 obviare.
2986 4712 3092 4777 Qui
3126 4716 3317 4767 autem
3357 4728 3633 4782 praesum,

1976 4802 2155 4875 pserit
2182 4802 2359 4857 aliam
2395 4803 2568 4858 ﬁdem
2602 4819 2968 4874 componere,
2992 4808 3095 4856 aut
3125 4800 3492 4873 prel‘erre.vel
3527 4801 3626 4856 do-

1975 4906 2126 4961 cere,
2150 4897 2250 4946 aut
2272 4891 2500 4947 tradere
2521 4892 2680 4947 aliud
2713 4890 3066 4960 symbolum,
3086 4890 3156 4944 ad
3185 4889 3339 4943 viam
3370 4888 3630 4945 veritatis

1977 4982 2232 5035 converti
2289 4979 2762 5036 desiderantibus
2806 4981 2877 5035 de
2904 4994 3254 5052 quacunque
3285 4977 3511 5043 haeresi,
3544 4976 3628 5033 vel

1978 5084 2047 5124 ex
2075 5068 2293 5124 Judteis
2325 5074 2428 5124 aut
2458 5069 2703 5141 paganis
2733 5068 3097 5125 Christianos
3122 5083 3184 5124 se
3216 5067 3339 5122 ﬁeri
3390 5065 3629 5122 volenti-

1977 5157 2110 5227 bus;
2130 5156 2188 5213 hi
2224 5158 2271 5213 si
2302 5157 2559 5231 episcopi
2587 5158 2807 5213 fuerint
2836 5162 2937 5213 aut
2968 5155 3472 5223 clerici,alienalos
3502 5154 3601 5227 qui

1976 5360 2023 5408 έ³
2054 5371 2218 5428 Prov.
2249 5389 2326 5443 v1,
2356 5374 2409 5441 2,
2441 5374 2494 5429 3.
2577 5373 2620 5409 lt
2650 5373 2799 5430 Psal.
2833 5390 2985 5439 χιιι,
3014 5372 3106 5428 2t.
3186 5372 3230 5413 ιδ
3257 5369 3620 5435 ιῐυᾶίοινιῐνίιο

2042 5674 2157 5744 (46)
2184 5675 2266 5731 Ex
2295 5691 2457 5732 conc.
2492 5676 2759 5738 Lateran.
2791 5693 2946 5733 anno
2973 5677 3100 5747 649,
3134 5674 3337 5732 multa.
