4060 6218
419 347 570 409 1471
1590 352 1654 410 S.
1704 348 2111 410 ATHANASll

2218 381 2333 406 .—
2362 348 2667 410 SPURIA.
3672 347 3799 403 ΗΕ

428 480 562 535 dem
596 482 900 554 episcopos
931 484 1003 539 ab
1036 485 1399 556 episcopatu,
1434 484 1676 540 clericos
1708 500 1739 537 a
1770 483 1943 538 clero.
2003 480 2065 536 Si
2097 483 2151 547 Α
2181 486 2340 536 sunt.
2402 482 2697 551 Scriptum
2753 485 2844 537 est
2871 479 3028 536 enim
3056 480 3118 536 in
3148 477 3403 536 Jeremia
3432 502 3445 531 :
3479 475 3801 531 Probatorem

425 569 579 625 609
632 586 768 626 vero
817 588 947 628 mon
969 572 1107 642 ichi,
1142 579 1243 628 aut
1272 573 1401 629 laici
1436 573 1668 640 fuerint,
1701 569 2075 627 anathemate
2179 570 2312 625 dedi
2337 575 2391 626 et
2417 572 2480 626 in
2503 564 2702 644 popqu
2727 586 2849 627 meo
2876 570 3178 637 robustum,
3208 574 3264 625 et
3289 570 3425 624 scies
3472 572 3525 621 et
3575 565 3801 638 probabis

412 647 611 714 teriri.
648 660 1006 715 Protestalur
1032 662 1186 717 enim
1222 664 1428 718 beatus
1462 661 1790 734 Apostolus,
1822 660 2021 715 dicens
2056 676 2069 715 :
2180 663 2333 716 viam
2365 677 2555 718 eorum
2582 663 2646 717 ³⁷.
2680 660 2866 717 Multa
2894 676 3146 732 namque
3176 658 3342 716 nobis
3374 655 3698 714 necessaria
3728 662 3800 709 est

423 748 635 820 Siquis
663 754 861 815 certat,
908 767 1017 805 non
1071 756 1382 817 coronatur,
1428 752 1539 805 nisi
1595 752 1839 821 legitime
1895 757 2070 804 certa-
2180 748 2498 821 vigilantia,
2559 754 2616 806 et
2660 754 2822 805 tanta
2852 750 3058 805 divina:
3091 747 3388 820 sapientia:
3422 744 3670 814 rimatio,
3698 759 3799 814 qua

422 840 565 893 verit
624 839 685 892 '9.
720 839 783 893 Et
820 838 1031 894 iterum
1068 839 1349 895 Dominus
1380 840 1463 895 ait
1495 858 1508 896 :
1542 842 1650 909 Qui
1675 848 1855 894 autem
1886 854 2069 910 perse-
2181 839 2407 895 occulta
2439 840 2809 895 tenebrarum
2845 837 3061 894 revelat
3087 839 3160 894 ad
3218 835 3661 908 requisitionem
3712 832 3800 887 hu-

418 928 691 982 verarerit
721 943 891 998 usque
922 930 977 981 in
1008 929 1193 998 ﬁnem,
1228 928 1317 983 hic
1344 930 1535 983 salvus
1562 931 1667 984 erit
1697 930 1760 982 2°.
1788 926 2071 983 Videlicet
2174 927 2437 998 jusmodi
2461 929 2628 994 rei,et
2652 921 3803 999 scrutationem,quaalatetquodammodo

416 1015 837 1071 certaminibus
869 1018 1052 1071 sacris
1076 1018 1389 1088 propositis
1410 1016 1712 1088 nobis,pro
1735 1015 2071 1070 defensione
2178 1020 2237 1071 et
2266 1017 2667 1085 absconditur,
2700 1016 2909 1088 vixque
2933 1012 3479 1087 comprehenditur,
3509 1009 3703 1067 dolosa
3727 1027 3804 1065 ex-

417 1103 709 1158 catbolicaa
742 1104 1372 1176 Ecclesia),magnaque
1403 1105 1592 1160 salute
1614 1121 1679 1159 ex
1708 1105 1818 1159 hoc
1839 1109 2071 1175 sperata
2180 1104 2395 1161 sistens
2428 1104 2671 1171 malitia,
2705 1121 2808 1176 pro
2840 1119 2908 1161 eo
2934 1103 3087 1175 quod
3124 1102 3237 1159 sibi
3290 1101 3571 1174 pietatem
3628 1097 3807 1154 callide

416 1191 489 1246 ab
521 1192 784 1246 omnium
816 1193 1100 1249 bonorum
1124 1195 1322 1247 dature
1354 1195 1487 1261 Deo,
1507 1210 1618 1250 non
1646 1194 1917 1247 deficiant
1947 1208 2071 1247 ma-
2180 1193 2537 1260 blandiatur,
2586 1199 2649 1248 ut
2704 1192 2895 1249 valeat
2923 1190 3314 1249 scrutantium
3348 1193 3609 1245 mentem
3638 1186 3806 1243 latere.

422 1298 532 1335 nus
566 1281 1171 1348 nostrte,dilcctissimi
1209 1283 1543 1354 fratres,per
1568 1282 1931 1338 occasionem
1966 1297 2069 1335 cu-
2178 1282 2339 1347 Quod
2377 1283 2579 1354 utique
2609 1281 2801 1337 sciens
2821 1282 3030 1337 beatus
3060 1279 3400 1353 Apostolus,
3421 1279 3509 1334 ait
3532 1296 3545 1332 :
3567 1281 3699 1334 Nam
3727 1277 3809 1330 hu-

412 1370 659 1441 juslibet
690 1369 925 1425 desidia:
957 1370 1277 1438 dissolutas,
1320 1373 1416 1427 sed
1482 1373 1688 1427 fratres
1743 1371 2071 1425 efficiamur
2168 1370 2415 1443 jusmodi
2440 1371 2901 1443 pseudoapostoli,
2932 1374 2985 1426 et
3028 1369 3277 1441 operarii
3322 1368 3566 1433 subdoti,
3622 1365 3813 1434 transfi-

418 1475 522 1530 per
550 1458 795 1529 gratiam
832 1458 1263 1532 Domini,atque
1294 1461 1561 1514 virtutem
1598 1458 1868 1532 potentiae
1897 1459 2065 1530 ejus:
2175 1465 2384 1532 gurant
2438 1477 2496 1516 sc
2550 1463 2610 1516 in
2666 1461 2934 1533 apostolos
2966 1459 3180 1518 Christi
3202 1458 3270 1513 ³⁸.
3305 1458 3420 1513 Sed
3450 1472 3569 1512 non
3600 1455 3808 1510 mirum,

420 1550 705 1618 Quoniam
732 1549 966 1618 perfecit
995 1548 1153 1618 pedes
1184 1558 1391 1604 nostros
1445 1553 1710 1621 tanquam
1764 1563 2066 1615 cervorum,
2179 1551 2458 1622 quoniam
2493 1554 2550 1606 et
2579 1552 2694 1622 ipse
2721 1552 2964 1606 Satanas
2989 1551 3357 1620 transﬁgurat
3378 1563 3440 1602 se
3468 1546 3619 1601 velut
3668 1560 3811 1616 auge.

421 1640 473 1692 et
518 1652 685 1706 super
730 1638 948 1692 excelsa
983 1637 1209 1691 firmius
1239 1638 1445 1693 statuit
1472 1639 1539 1702 ³1,
1575 1654 1676 1710 per
1705 1637 2068 1692 intellectum
2182 1642 2267 1696 tu;
2296 1641 2436 1694 lucis
2464 1641 2608 1696 “Et
2636 1640 2767 1695 ideo
2798 1657 2915 1696 non
2948 1637 3162 1695 mirum
3188 1638 3237 1695 εἰ
3269 1653 3388 1693 non
3424 1634 3678 1691 ministri
3704 1635 3812 1703 ejus

423 1741 672 1780 summie
702 1726 829 1794 ejus
860 1725 1247 1781 humanitatis
1269 1731 1503 1799 propter
1520 1731 1775 1783 nostram
1796 1724 2068 1794 salutem,
2180 1729 2704 1801 transﬂgurantur,
2735 1728 2893 1785 velut
2920 1726 3176 1784 ministri
3224 1725 3505 1799 justitiaa,
3566 1721 3813 1797 quoniam

429 1814 681 1868 maxime
707 1818 900 1868 tamen
935 1813 1218 1869 habentes
1248 1813 1585 1886 impositam
1616 1820 1954 1871 sanctorum
1984 1818 2070 1869 ιθ·
2106 1847 2151 1911 Β
2181 1817 2318 1873 finis
2378 1818 2707 1874 secundum
2768 1834 2946 1890 opera
2973 1832 3198 1873 eorum.
3233 1814 3348 1871 Sed
3377 1817 3439 1870 et
3468 1812 3740 1868 Dominus
3766 1811 3813 1863 in

426 1902 606 1957 stium
641 1903 855 1958 nubem
892 1920 904 1957 :
940 1904 1291 1974 Disponentes
1318 1920 1449 1972 ergo
1477 1920 1637 1960 omne
1663 1903 2078 1975 pondus,etcir-
2106 1898 2150 1911 ”
2183 1905 2294 1961 hoc
2325 1906 2722 1977 prmmuniens
2754 1922 2881 1971 nos,
2913 1906 2995 1962 ait
3025 1922 3039 1960 :
3072 1902 3349 1961 Attendite
3369 1918 3406 1958 a
3435 1902 3598 1973 falsis
3623 1898 3821 1972 prophe.

425 1997 783 2048 cumstantem
799 1991 1243 2047 adversariorum
1274 1994 1591 2057 novitatem,
1611 2009 1717 2065 per
1744 1994 2075 2065 patientiam
2185 1998 2273 2063 tis,
2308 1996 2407 2067 qui
2433 1995 2661 2051 veniunt
2689 1995 2761 2051 ad
2790 2011 2880 2051 vos
2909 1996 2969 2050 in
2996 1994 3315 2050 vestimento
3344 1991 3558 2059 ovium,
3587 1991 3817 2044 intrinse-

426 2097 718 2137 curramus
744 2082 1069 2152 aspicientes
1100 2083 1158 2137 in
1187 2085 1466 2137 auctorem
1515 2082 1662 2152 ﬁdei,
1721 2086 1775 2137 et
1828 2097 2078 2138 consum-
2183 2102 2280 2142 cus
2308 2094 2491 2141 autem
2520 2088 2648 2141 sunt
2679 2084 2799 2157 lupi
2826 2099 3074 2156 rapaces.
3107 2083 3147 2139 A
3188 2082 3474 2153 fructibus
3528 2095 3709 2136 eorum
3756 2093 3821 2131 oo-

427 2174 693 2226 matorcm
719 2171 904 2226 Jesum
932 2170 1454 2243 ”,qui,propositio
1485 2171 1654 2227 nobis
1686 2176 1923 2244 propter
1939 2186 2074 2226 eum
2183 2174 2451 2245 gnoscetis
2505 2188 2598 2229 eos
2647 2173 2713 2226 ³ο.
2746 2173 2895 2245 Ergo
2925 2172 2983 2227 in
3015 2170 3276 2243 idipsum
3307 2185 3380 2225 ex
3410 2172 3537 2224 toto
3568 2166 3727 2222 corde
3756 2164 3818 2218 ie-

431 2258 976 2331 negotio,Spiritum
1010 2275 1128 2313 suis
1149 2259 1409 2315 veritatis
1431 2260 1722 2315 condonet
1741 2259 2073 2331 loquentem
2186 2266 2382 2318 rentes
2410 2265 2547 2317 ante
2577 2260 2778 2317 omnia
2806 2277 2984 2332 super
3004 2259 3108 2315 tali
3139 2258 3466 2331 quaestione
3497 2254 3818 2327 deprecatio-

429 2348 489 2403 in
523 2347 711 2417 nobis,
744 2352 920 2419 atque
952 2347 1352 2420 perhibentem
1410 2348 1701 2421 magnalia
1759 2348 1914 2415 fidei,
1977 2365 2080 2421 per
2188 2367 2345 2419 nem,
2378 2354 2437 2406 et
2464 2348 2724 2405 dicentes
2753 2366 2888 2405 cum
2934 2348 3114 2405 David
3149 2365 3163 2404 :
3195 2348 3391 2404 Bercta
3445 2345 3629 2403 oculos
3679 2356 3819 2409 me“.

431 2437 752 2493 doctrinam
808 2441 1143 2492 sanctorum
1189 2438 1601 2509 Patrum,quos
1630 2438 1946 2495 adversarii
1979 2454 2076 2494 ca-
2185 2449 2238 2496 et
2288 2439 2652 2496 considerabo
2678 2437 2975 2494 mirabilia
3002 2438 3068 2494 de
3097 2439 3224 2512 lege
3250 2440 3378 2492 tua.
3412 2437 3661 2492 Lucerna
3687 2430 3818 2487 enim

434 2525 804 2582 lumniantur
831 2525 1179 2596 quotidie.ln
1203 2527 1502 2599 prophetis
1522 2544 1778 2600 namque
1806 2528 2075 2584 habetur:
2189 2531 2413 2601 pedibus
2442 2532 2582 2586 meis
2610 2530 2834 2586 verbum
2859 2538 3031 2597 tuum,
3064 2530 3310 2596 Domine,
3343 2535 3397 2584 et
3425 2526 3617 2582 (umeri
3638 2521 3819 2580 semitis

434 2616 674 2687 Propter
698 2615 829 2670 Sion
858 2630 967 2670 non
996 2616 1200 2681 tacebo,
1247 2624 1300 2669 et
1345 2621 1570 2699 propter
1621 2618 1924 2674 Jerusalem
1969 2632 2083 2671 non
2188 2622 2330 2677 meis
2362 2622 2431 2688 ³ί,
2463 2619 2742 2692 quoniam
2766 2619 2953 2692 ipsius
2982 2624 3093 2686 est,
3125 2618 3277 2673 sicut
3324 2618 3411 2671 ait
3468 2617 3672 2670 beatus
3725 2617 3820 2664 Da-

437 2708 735 2778 quicscam,
791 2703 960 2759 donec
1003 2705 1324 2774 egrediatur
1358 2709 1417 2760 ut
1445 2706 1703 2776 splendor
1725 2711 1918 2764 Justus
1941 2706 2081 2777 ejus,
2192 2708 2306 2766 niel
2340 2709 2620 2781 propheta
2652 2709 2974 2781 :Sapientia
3000 2715 3055 2763 et
3080 2704 3352 2780 fortitudo
3383 2705 3491 2761 dat
3518 2701 3821 2773 sapientiam

433 2799 485 2852 et
514 2794 772 2851 Salvator
796 2794 917 2864 ejus
945 2799 1005 2849 ut
1046 2795 1254 2865 lampas
1308 2795 1644 2851 accendatur
1699 2795 1763 2848 23.
1824 2795 2083 2850 Profecto
2190 2798 2555 2868 sapientibus,
2587 2803 2639 2855 et
2665 2800 2956 2855 scientiam
2984 2795 3429 2866 intelligentibus
3477 2793 3819 2863 disciplinam.

437 2883 723 2940 catholica
754 2883 1029 2953 Ecclesia,
1054 2900 1178 2954 qua:
1210 2901 1343 2939 vera
1371 2883 1637 2940 consistit
1667 2884 1828 2953 Sion,
1859 2890 1917 2939 et
1945 2882 2084 2938 civi-
2194 2891 2311 2962 ιρδε
2363 2889 2566 2945 revelat
2600 2887 2876 2960 pro/unda
2905 2892 2956 2943 et
2984 2886 3324 2955 abscondita,
3359 2893 3413 2940 et
3436 2885 3592 2939 novit
3622 2883 3677 2935 in
3703 2883 3824 2933 tuo

437 2977 530 3029 tas
547 2966 774 3027 Christi
806 2969 1081 3027 oculorum
1114 2972 1291 3045 ragis,
1320 2988 1421 3044 per
1447 2990 1735 3029 annorum
1768 2973 1959 3046 spatia
1987 2989 2087 3027 ex-
2199 2981 2312 3036 bris
2339 2980 2651 3045 constituta,
2682 2987 2737 3034 et
2764 2980 2864 3033 tua:
2888 2995 3015 3033 cum
3043 2993 3104 3034 eo
3132 2980 3229 3033 est.
3296 2975 3439 3042 Quia
3497 2972 3824 3043 sapientiam,

442 3064 700 3135 pugnata
730 3061 800 3115 ab
831 3060 1277 3116 adversantibus
1305 3063 1479 3118 verbo
1528 3062 1684 3129 ﬁdei,
1744 3064 1841 3134 qui
1901 3076 2089 3133 neque
2198 3066 2412 3138 inquit,
2468 3072 2521 3121 et
2576 3064 2956 3137 fortitudinem
3013 3062 3217 3120 dedisti
3268 3061 3438 3127 mihi,
3499 3064 3553 3116 et
3581 3053 3829 3115 ostendisti

445 3156 629 3206 Deum
671 3149 901 3217 timent,
938 3165 1124 3221 neque
1154 3149 1449 3207 hominem
1480 3155 1832 3216 reverentur,
1863 3151 1964 3207 sed
1999 3151 2090 3204 in-
2134 3214 2170 3227 η
2206 3156 2363 3223 mihi,
2396 3169 2520 3227 quae
2548 3157 2741 3225 rogavi
2765 3159 2815 3210 te
2841 3154 2906 3209 ³⁸.
2939 3156 3079 3209 Cum
3110 3168 3219 3225 ope
3248 3149 3453 3206 divina
3484 3145 3826 3214 uniuscujus-

452 3255 685 3295 cassum
721 3237 1175 3309 perducentibus
1206 3228 1333 3310 pias
1390 3245 1449 3296 et
1501 3241 1816 3297 canonicas
1871 3241 1944 3296 de
1990 3239 2099 3295 hoc
2127 3214 2172 3282 θ
2206 3259 2320 3316 que
2352 3214 2954 3316 personie'descripta,
2986 3214 3186 3298 eorum
3248 3238 3352 3311 qui
3413 3254 3519 3310 pro
3583 3229 3828 3291 novitatis

450 3327 625 3384 verbo
683 3326 1001 3391 doctrinas,
1035 3327 1173 3382 dum
1207 3344 1237 3383 a
1269 3329 1508 3384 diversis
1538 3330 1832 3401 tantisque
1858 3328 2099 3401 scripto.
2206 3336 2540 3389 commento
2598 3331 2853 3387 accusati
2911 3332 2982 3386 de
3037 3327 3351 3385 venerabili
3412 3328 3615 3382 nostro
3639 3318 3827 3379 scrinio

453 3423 509 3473 et
539 3415 664 3472 sine
695 3416 935 3488 scripto,
984 3418 1504 3474 contestationibus
1564 3418 1786 3474 invitati
1851 3418 2102 3474 fuissent

455 3504 740 3576 corrigere
790 3504 1085 3576 propriam
1116 3510 1172 3559 et
1200 3522 1232 3560 a
1262 3521 1324 3561 se
1354 3505 1567 3578 pellere
1596 3506 1884 3562 haeresim.
1918 3506 2099 3563 Sicuti

454 3599 512 3651 et
536 3610 638 3666 per
666 3593 1016 3648 anteriorem
1049 3592 1440 3665 cognitionem
1474 3594 1831 3651 luculentius
1860 3596 2100 3651 demon-

452 3688 703 3740 stratum
738 3686 844 3747 est,
876 3685 997 3735 tam
1032 3696 1133 3753 per
1160 3681 1410 3752 libellos,
1444 3699 1619 3755 quam
1652 3700 1754 3756 per
1783 3687 2105 3757 suggestio-

452 3790 559 3830 nes
591 3771 1211 3828 reverendissimorum
1240 3775 1633 3842 sacerdotum,
1691 3780 1750 3830 et
1803 3777 2105 3833 venerabi-

458 3862 603 3918 liuni
656 3860 962 3925 abbatum,
1011 3861 1286 3933 Apostolo
1312 3867 1670 3934 protestante
1701 3864 1891 3934 nobis,
1920 3875 1980 3921 ut
2010 3867 2101 3922 ho-

463 3954 668 4009 minem
699 3951 1175 4022 ha’reticum,post
1201 3955 1443 4024 primam
1474 3956 1521 4009 et
1552 3955 1851 4011 secundum
1891 3971 2105 4028 correp-

462 4047 687 4110 tioncm,
745 4043 952 4097 evitare
1001 4042 1309 4098 debeamus.
1366 4045 1631 4111 Scientes,
1664 4046 1791 4116 quia
1820 4046 2111 4102 subversas

459 4140 537 4193 est
566 4132 901 4203 huiusmodi,
933 4140 983 4187 ct
1012 4132 1247 4204 deliquit
1273 4136 1501 4204 prorrio
1531 4133 1744 4206 judicio
1789 4135 2114 4194 condemna'

458 4229 545 4281 ius
578 4223 827 4279 2“tNullo
862 4224 1029 4279 modo
1061 4229 1290 4294 oportet
1321 4239 1426 4279 nos
1457 4224 1733 4298 deinceps
1765 4229 1954 4282 tacere
2010 4231 2112 4283 aut

461 4315 781 4388 quiescere,
813 4328 885 4367 ne
915 4328 1151 4384 quoquo
1183 4313 1355 4368 modo
1386 4311 1571 4386 iniqui
1596 4314 1956 4385 judicemur,
1987 4316 2110 4372 odi-

462 4403 641 4461 hilem
678 4408 788 4457 Deo
819 4405 1039 4473 partem
1072 4400 1801 4475 amplectentos.Quoniam
1825 4405 2111 4476 scriptum

473 4499 563 4549 est
595 4511 608 4550 ε
641 4493 831 4548 Zelavi
855 4492 915 4546 in
967 4491 1342 4563 peccatoribus
1395 4508 1584 4564 pacem
1635 4501 1985 4565 peccatorum
2040 4496 2115 4549 vi-

2205 3421 2766 3486 obsecundantibus,
2799 3423 2858 3476 et
2882 3418 3054 3476 nobis
3108 3415 3517 3474 ordinabiliter
3567 3406 3829 3470 oﬁ'erenti-

2208 3513 2341 3579 bus,
2399 3509 2673 3565 solertius
2726 3508 3127 3577 intendamus,
3189 3507 3271 3561 ita
3300 3510 3366 3560 ut
3395 3504 3499 3577 qui
3531 3503 3651 3559 haec
3703 3513 3828 3571 prs:-

2210 3599 2569 3673 sumpserint
2598 3597 2978 3671 praevaricati,
3040 3596 3298 3670 primum
3358 3593 3598 3667 quidem
3659 3587 3829 3658 subje-

2212 3695 2382 3748 ceant
2427 3688 2652 3759 judicio
2708 3685 2953 3743 terribili
3004 3683 3421 3756 omnipotentis
3482 3682 3604 3745 Dei,
3652 3675 3834 3734 deinde

2212 3783 2408 3835 autem
2440 3776 2910 3849 qualemcunque
2938 3773 3189 3845 regalem
3224 3769 3686 3844 indignationem
3709 3779 3836 3820 reve-

2215 3872 2471 3925 reantur.
2506 3866 2614 3922 Per
2642 3881 2818 3943 quam
2851 3863 3143 3935 siquidem
3176 3860 3465 3934 episcopi,
3515 3858 3615 3931 qui
3668 3850 3833 3911 clerici

2215 3957 2452 4024 fuerint,
2511 3971 2545 4010 a
2601 3953 2695 4010 sui
2754 3942 3082 4019 Sacerdotii,
3142 3950 3263 4006 sive
3304 3966 3339 4004 a
3370 3948 3463 4004 sui
3496 3945 3633 4004 cieri
3662 3942 3837 4000 ordine

2218 4047 2408 4103 modis
2436 4043 2713 4100 omnibus
2741 4040 3097 4096 excidant.Si
3130 4042 3325 4094 autem
3376 4035 3651 4115 monachi
3698 4035 3836 4094 sunt,

2216 4136 2619 4207 segregantur,
2672 4133 2732 4185 et
2768 4127 2943 4186 alieni
2973 4127 3093 4184 sint
3122 4144 3156 4182 a
3184 4125 3308 4182 suis
3342 4124 3505 4181 locis.
3539 4124 3635 4179 Sin
3667 4122 3837 4175 autem

2216 4224 2588 4297 dignitatem,
2619 4224 2721 4276 aut
2750 4216 3070 4291 cingulum,
3098 4220 3201 4271 aut
3257 4213 3533 4270 militiam
3592 4208 3840 4297 habeant.

2220 4294 2519 4369 nudentur
2576 4309 2681 4364 eis.
2744 4307 2908 4373 Quod
2942 4305 2991 4361 si
3027 4303 3257 4377 privati,
3289 4301 3339 4359 si
3370 4302 3612 4374 quidem
3644 4294 3841 4354 nobiles

2219 4400 2572 4469 consistunt,
2603 4412 2846 4455 suarum
2878 4392 3339 4450 substantiarum
3385 4387 3841 4463 proscriptionem

2223 4489 2537 4564 patiantur.
2572 4487 2674 4544 Sin
2720 4489 2913 4542 autem
2982 4480 3268 4556 ignobiles
3334 4479 3683 4539 consistunt,
3746 4486 3842 4529 non

473 4586 607 4642 dens
654 4585 719 4640 9‘.
756 4587 821 4639 Et
851 4583 1082 4639 dicatur
1109 4582 1281 4637 etiam
1314 4582 1384 4637 de
1418 4582 1584 4637 nobis
1617 4599 1630 4639 ε
1663 4583 1976 4639 Sacerdotes
2008 4584 2118 4640 mei
2145 4585 2192 4650 Π
2224 4578 2416 4636 solum
2448 4577 2504 4633 in
2538 4592 2778 4648 corpore
2824 4572 3223 4636 verberantur,
3282 4569 3383 4626 sed
3443 4566 3613 4624 exilio
3666 4576 3845 4650 perpe-

471 4679 911 4745 contempserunt
940 4688 1117 4727 meam
1141 4674 1332 4744 legem,
1355 4675 1406 4727 et
1450 4672 1765 4744 polluerunt
1793 4673 2116 4728 sanctuaria

471 4782 618 4832 mea,
652 4765 798 4818 inter
824 4771 1073 4817 sanctum
1102 4764 1153 4816 et
1178 4764 1473 4834 pro/anum
1502 4778 1607 4816 non
1641 4760 1879 4817 habuere
1904 4760 2113 4816 distan-

471 4857 634 4920 tiam,
665 4856 715 4908 et
748 4853 890 4908 inter
916 4851 1185 4923 pollutum
1241 4854 1289 4907 et
1345 4850 1611 4906 mundum
1663 4866 1772 4906 non
1828 4850 2116 4906 intellexe-

472 4949 626 4998 runt’
648 4941 690 4996 ⁸.
723 4941 834 4996 Sed
866 4957 1215 5013 consurgere
1247 4957 1353 4996 nos
1381 4939 1652 4996 convenit
1680 4956 1812 4995 cum
1846 4939 2121 5007 Deo,con-

473 5030 680 5087 sistere
712 5034 996 5102 prompte,
1031 5030 1339 5086 inciuentes
1370 5047 1531 5085 arma
1559 5029 1810 5100 Spiritus
1840 5029 2122 5084 adversus

480 5119 868 5192 malignantes
926 5126 1127 5175 contra
1184 5120 1358 5175 ﬁdem
1418 5119 1567 5188 ejus,
1619 5125 1682 5173 ut
1729 5117 2123 5190 approbemus

480 5209 737 5283 Spiritus
768 5209 1081 5282 sapienter,
1112 5209 1170 5265 id
1200 5214 1305 5279 est,
1339 5209 1511 5265 verba
1539 5223 1760 5276 eorum,
1795 5206 1844 5263 si
1887 5221 1955 5262 ex
2014 5205 2124 5260 Deo

2224 4675 2324 4724 tuo
2377 4666 2757 4737 castigentur,
2817 4666 2882 4718 ut
2936 4676 3141 4717 omnes
3168 4659 3378 4714 timore
3412 4656 3509 4713 Dei
3534 4649 3845 4727 compressi,

2224 4761 2284 4815 et
2311 4754 2672 4813 comminata
2697 4752 2781 4809 eis
2811 4750 2991 4823 digna
3020 4747 3311 4821 supplicia
3357 4749 3704 4810 reverentes,
3750 4740 3843 4794 im—

2228 4844 2502 4902 mobilem
2538 4848 2595 4899 et
2625 4843 2749 4899 sine
2779 4838 3114 4896 turbatione
3146 4852 3343 4909 pacem
3376 4839 3709 4891 sanctarum
3760 4824 3843 4883 Dci

2228 4933 2621 4991 Ecclesiarum
2648 4928 3004 4986 custodiant.
3040 4931 3181 4982 Data
3210 4942 3309 4980 vui
3356 4923 3472 4981 Kal.
3530 4919 3708 4983 Junii,
3763 4920 3844 4971 As-

2230 5023 2416 5095 clepio
2483 5027 2539 5078 et
2611 5019 2861 5076 Deodato
2925 5014 3363 5072 venerabilibus
3427 5029 3577 5070 coss.
3612 5004 3831 5095 Explicit

2231 5091 2429 5169 Gloria
2456 5109 2685 5167 Christo
2712 5111 2853 5164 Jesu
2923 5104 3163 5163 Domino
3226 5108 3447 5161 nostro.
3517 5101 3629 5156 Pax
3687 5091 3846 5152 vobis.

2239 5204 2445 5258 Amen.

553 5446 596 5481 ‘9
627 5445 675 5500 Il
706 5444 856 5500 Tim.
890 5460 952 5507 ιι,
983 5444 1036 5496 5.
1116 5442 1161 5476 ²⁰
1195 5439 1394 5497 Matth.
1428 5456 1483 5509 χ,
1508 5441 1599 5493 22.
1677 5440 1721 5474 ²¹
1758 5437 1909 5493 Psal.
1940 5454 2077 5504 xvn,
2110 5476 2111 5484 η

2278 5434 2325 5509 ’3
2358 5433 2531 5509 sebr-
2556 5449 2658 5499 ιιι,
2683 5431 2811 5509 1&-
2868 5429 2932 5509 1’
2944 5429 3072 5509 .189.-
3098 5443 3229 5509 ιιξιει,
3256 5428 3333 5509 ¹;.
3362 5424 3431 5509 .’.‘
3456 5424 3563 5509 ἶιῖἱι·
3587 5412 3844 5509 ιιὲνὲἑλξὲ

479 5518 525 5553 ³⁸
557 5518 709 5573 Psal.
747 5533 879 5585 Lxu,
911 5516 964 5570 3.

476 5590 518 5626 ⁸⁸
553 5588 707 5647 Psal.
739 5582 934 5654 cxviu,
968 5586 1053 5654 18,
1088 5584 1209 5641 105.
1284 5583 1331 5618 ³³
1361 5583 1504 5639 Dan.
1539 5598 1601 5654 ιι,
1627 5583 1719 5649 21,
1749 5582 1840 5636 22.

1117 5473 1157 5476 ’⁷
1195 5473 1394 5497 "Ianua.
1429 5473 1483 5509 δ’
1509 5473 1599 5493 ωω.
1712 5473 1717 5474 ⁷
1758 5473 1779 5492 ι
1803 5473 1909 5493 σαι.
1940 5473 2077 5504 AVII,
2110 5476 2111 5484 ι

1043 5512 1089 5547 ²⁶
1119 5511 1322 5568 Ezech.
1356 5527 1494 5573 xxii,
1690 5510 1733 5544 ⁸⁷
1762 5510 1977 5565 Jerem.
2008 5525 2086 5577 v1,

2284 5505 2329 5542 ³⁸
2356 5473 2811 5573 Evasi-3337
2867 5502 2914 5538 ω
2942 5473 3229 5557 ΙὶῖίἨῘὶῗ
3258 5473 3335 5533 ’ὅθ
3362 5473 3841 5557 Meliten—inata
