  <div class='ocr_page' id='page_1' title='image "/cluster/home/n/w/nwhite01/storage/ocr_20150623/28/hvd.32044052794351/742.png"; bbox 0 0 4060 6218; ppageno 0'>
   <div class='ocr_carea' id='block_1_1' title="bbox 266 363 414 423">
    <p class='ocr_par' dir='ltr' id='par_1_1' title="bbox 266 363 414 423">
     <span class='ocr_line' id='line_1_1' title="bbox 266 363 414 423; baseline -0.007 -3"><span class='ocrx_word' id='word_1_1' title='bbox 266 363 414 423; x_wconf 57' lang='grc'><strong>1473</strong></span> 
     </span>
    </p>
   </div>
   <div class='ocr_carea' id='block_1_2' title="bbox 1145 362 2777 429">
    <p class='ocr_par' dir='ltr' id='par_1_2' title="bbox 1145 362 2777 429">
     <span class='ocr_line' id='line_1_2' title="bbox 1145 362 2777 429; baseline 0.004 -7"><span class='ocrx_word' id='word_1_2' title='bbox 1145 363 1453 424; x_wconf 83' lang='lat' dir='ltr'><strong>PONTIF.</strong></span> <span class='ocrx_word' id='word_1_3' title='bbox 1501 362 1686 425; x_wconf 74' lang='lat' dir='ltr'><strong>ROM.</strong></span> <span class='ocrx_word' id='word_1_4' title='bbox 1736 363 1834 422; x_wconf 83' lang='lat' dir='ltr'><strong>ET</strong></span> <span class='ocrx_word' id='word_1_5' title='bbox 1877 366 2301 426; x_wconf 75' lang='lat' dir='ltr'><strong>A&#39;l‘llANASll</strong></span> <span class='ocrx_word' id='word_1_6' title='bbox 2348 368 2777 429; x_wconf 70' lang='lat' dir='ltr'><strong>EPlSTtlL/E.</strong></span> 
     </span>
    </p>
   </div>
   <div class='ocr_carea' id='block_1_3' title="bbox 3509 381 3667 441">
    <p class='ocr_par' dir='ltr' id='par_1_3' title="bbox 3509 381 3667 441">
     <span class='ocr_line' id='line_1_3' title="bbox 3509 381 3667 441; baseline 0.013 -2"><span class='ocrx_word' id='word_1_7' title='bbox 3509 381 3667 441; x_wconf 72' lang='lat' dir='ltr'><strong>14H</strong></span> 
     </span>
    </p>
   </div>
   <div class='ocr_carea' id='block_1_4' title="bbox 798 525 3117 599">
    <p class='ocr_par' dir='ltr' id='par_1_4' title="bbox 798 525 3117 599">
     <span class='ocr_line' id='line_1_4' title="bbox 798 525 3117 599; baseline 0.005 -19"><span class='ocrx_word' id='word_1_8' title='bbox 798 526 1046 597; x_wconf 80' lang='lat' dir='ltr'><strong>Epistola</strong></span> <span class='ocrx_word' id='word_1_9' title='bbox 1076 528 1455 598; x_wconf 54' lang='lat' dir='ltr'><strong>ﬂgyptiomm</strong></span> <span class='ocrx_word' id='word_1_10' title='bbox 1484 528 1811 599; x_wconf 74' lang='lat' dir='ltr'><strong>pontiﬁcum</strong></span> <span class='ocrx_word' id='word_1_11' title='bbox 1838 526 1908 581; x_wconf 84' lang='lat' dir='ltr'><strong>ad</strong></span> <span class='ocrx_word' id='word_1_12' title='bbox 1935 527 2168 581; x_wconf 79' lang='lat' dir='ltr'><strong>Felicem</strong></span> <span class='ocrx_word' id='word_1_13' title='bbox 2193 525 2258 583; x_wconf 82' lang='lat' dir='ltr'><strong>de</strong></span> <span class='ocrx_word' id='word_1_14' title='bbox 2288 529 2736 598; x_wconf 68' lang='lat' dir='ltr'><strong>infestationibus</strong></span> <span class='ocrx_word' id='word_1_15' title='bbox 2764 533 3117 592; x_wconf 76' lang='lat' dir='ltr'><strong>Arianorum.</strong></span> 
     </span>
    </p>
   </div>
   <div class='ocr_carea' id='block_1_5' title="bbox 347 623 3662 708">
    <p class='ocr_par' dir='ltr' id='par_1_5' title="bbox 347 623 3662 708">
     <span class='ocr_line' id='line_1_5' title="bbox 347 623 3662 708; baseline 0.006 -29"><span class='ocrx_word' id='word_1_16' title='bbox 347 623 588 679; x_wconf 88' lang='lat' dir='ltr'><strong>Domino</strong></span> <span class='ocrx_word' id='word_1_17' title='bbox 613 630 703 679; x_wconf 89' lang='lat' dir='ltr'><strong>ter</strong></span> <span class='ocrx_word' id='word_1_18' title='bbox 734 624 1090 693; x_wconf 86' lang='lat' dir='ltr'><strong>beatissimo,</strong></span> <span class='ocrx_word' id='word_1_19' title='bbox 1122 630 1180 680; x_wconf 90' lang='lat' dir='ltr'><strong>et</strong></span> <span class='ocrx_word' id='word_1_20' title='bbox 1209 625 1536 681; x_wconf 79' lang='lat' dir='ltr'><strong>honorabili</strong></span> <span class='ocrx_word' id='word_1_21' title='bbox 1566 632 1768 683; x_wconf 89' lang='lat' dir='ltr'><strong>sancto</strong></span> <span class='ocrx_word' id='word_1_22' title='bbox 1798 626 1906 681; x_wconf 86' lang='lat' dir='ltr'><strong>Pa-</strong></span> <span class='ocrx_word' id='word_1_23' title='bbox 1938 629 1994 695; x_wconf 77' lang='grc' dir='ltr'><strong>Α</strong></span> <span class='ocrx_word' id='word_1_24' title='bbox 2022 641 2130 680; x_wconf 90' lang='lat' dir='ltr'><strong>nos</strong></span> <span class='ocrx_word' id='word_1_25' title='bbox 2160 642 2364 697; x_wconf 82' lang='lat' dir='ltr'><strong>capere</strong></span> <span class='ocrx_word' id='word_1_26' title='bbox 2397 628 2638 698; x_wconf 62' lang='lat' dir='ltr'><strong>possint,</strong></span> <span class='ocrx_word' id='word_1_27' title='bbox 2673 629 2789 684; x_wconf 89' lang='lat' dir='ltr'><strong>sint</strong></span> <span class='ocrx_word' id='word_1_28' title='bbox 2818 632 3077 702; x_wconf 90' lang='lat' dir='ltr'><strong>incensa,</strong></span> <span class='ocrx_word' id='word_1_29' title='bbox 3104 636 3389 708; x_wconf 84' lang='lat' dir='ltr'><strong>nobisque</strong></span> <span class='ocrx_word' id='word_1_30' title='bbox 3410 641 3662 698; x_wconf 87' lang='lat' dir='ltr'><strong>sublata.</strong></span> 
     </span>
    </p>
   </div>
   <div class='ocr_carea' id='block_1_6' title="bbox 266 713 1909 787">
    <p class='ocr_par' dir='ltr' id='par_1_6' title="bbox 266 713 1909 787">
     <span class='ocr_line' id='line_1_6' title="bbox 266 713 1909 787; baseline 0.001 -19"><span class='ocrx_word' id='word_1_31' title='bbox 266 713 342 768; x_wconf 90' lang='lat' dir='ltr'><strong>tri</strong></span> <span class='ocrx_word' id='word_1_32' title='bbox 374 713 545 769; x_wconf 87' lang='lat' dir='ltr'><strong>Felici</strong></span> <span class='ocrx_word' id='word_1_33' title='bbox 566 719 778 768; x_wconf 72' lang='lat' dir='ltr'><strong>sanctae</strong></span> <span class='ocrx_word' id='word_1_34' title='bbox 797 715 954 769; x_wconf 88' lang='lat' dir='ltr'><strong>sedis</strong></span> <span class='ocrx_word' id='word_1_35' title='bbox 975 714 1306 786; x_wconf 76' lang='lat' dir='ltr'><strong>apostolicae</strong></span> <span class='ocrx_word' id='word_1_36' title='bbox 1324 716 1486 770; x_wconf 84' lang='lat' dir='ltr'><strong>urbis</strong></span> <span class='ocrx_word' id='word_1_37' title='bbox 1511 715 1703 771; x_wconf 63' lang='lat' dir='ltr'><strong>Roma:</strong></span> <span class='ocrx_word' id='word_1_38' title='bbox 1717 730 1909 787; x_wconf 69' lang='lat' dir='ltr'><strong>papae;</strong></span> 
     </span>
    </p>
   </div>
   <div class='ocr_carea' id='block_1_7' title="bbox 268 802 1914 874">
    <p class='ocr_par' dir='ltr' id='par_1_7' title="bbox 268 802 1914 874">
     <span class='ocr_line' id='line_1_7' title="bbox 268 802 1914 874; baseline 0.002 -18"><span class='ocrx_word' id='word_1_39' title='bbox 268 802 652 871; x_wconf 77' lang='lat' dir='ltr'><strong>Athanasius,</strong></span> <span class='ocrx_word' id='word_1_40' title='bbox 687 802 939 857; x_wconf 82' lang='lat' dir='ltr'><strong>universi</strong></span> <span class='ocrx_word' id='word_1_41' title='bbox 988 803 1413 874; x_wconf 63' lang='lat' dir='ltr'><strong>Egyptiorum,</strong></span> <span class='ocrx_word' id='word_1_42' title='bbox 1459 803 1822 860; x_wconf 82' lang='lat' dir='ltr'><strong>Thebaidam</strong></span> <span class='ocrx_word' id='word_1_43' title='bbox 1857 808 1914 859; x_wconf 86' lang='lat' dir='ltr'><strong>et</strong></span> 
     </span>
    </p>
   </div>
   <div class='ocr_carea' id='block_1_8' title="bbox 270 891 1912 964">
    <p class='ocr_par' dir='ltr' id='par_1_8' title="bbox 270 891 1912 964">
     <span class='ocr_line' id='line_1_8' title="bbox 270 891 1912 964; baseline 0.001 -20"><span class='ocrx_word' id='word_1_44' title='bbox 270 892 581 963; x_wconf 83' lang='lat' dir='ltr'><strong>Libyorum</strong></span> <span class='ocrx_word' id='word_1_45' title='bbox 609 891 889 963; x_wconf 81' lang='lat' dir='ltr'><strong>episcopi,</strong></span> <span class='ocrx_word' id='word_1_46' title='bbox 921 891 978 946; x_wconf 90' lang='lat' dir='ltr'><strong>in</strong></span> <span class='ocrx_word' id='word_1_47' title='bbox 1013 897 1216 947; x_wconf 87' lang='lat' dir='ltr'><strong>sancta</strong></span> <span class='ocrx_word' id='word_1_48' title='bbox 1246 892 1641 947; x_wconf 74' lang='lat' dir='ltr'><strong>Alexandrina</strong></span> <span class='ocrx_word' id='word_1_49' title='bbox 1689 892 1912 964; x_wconf 81' lang='lat' dir='ltr'><strong>synodo</strong></span> 
     </span>
    </p>
   </div>
   <div class='ocr_carea' id='block_1_9' title="bbox 267 978 973 1050">
    <p class='ocr_par' dir='ltr' id='par_1_9' title="bbox 267 978 973 1050">
     <span class='ocr_line' id='line_1_9' title="bbox 267 978 973 1050; baseline 0.003 -18"><span class='ocrx_word' id='word_1_50' title='bbox 267 980 463 1050; x_wconf 87' lang='lat' dir='ltr'><strong>gratia</strong></span> <span class='ocrx_word' id='word_1_51' title='bbox 495 978 587 1034; x_wconf 80' lang='lat' dir='ltr'><strong>Dei</strong></span> <span class='ocrx_word' id='word_1_52' title='bbox 619 980 973 1050; x_wconf 81' lang='lat' dir='ltr'><strong>congregati.</strong></span> 
     </span>
    </p>
   </div>
   <div class='ocr_carea' id='block_1_10' title="bbox 344 1067 1920 1141">
    <p class='ocr_par' dir='ltr' id='par_1_10' title="bbox 344 1067 1920 1141">
     <span class='ocr_line' id='line_1_10' title="bbox 344 1067 1920 1141; baseline 0.001 -20"><span class='ocrx_word' id='word_1_53' title='bbox 344 1067 550 1122; x_wconf 85' lang='lat' dir='ltr'><strong>Vestro</strong></span> <span class='ocrx_word' id='word_1_54' title='bbox 599 1076 801 1123; x_wconf 87' lang='lat' dir='ltr'><strong>sancto</strong></span> <span class='ocrx_word' id='word_1_55' title='bbox 840 1068 1212 1139; x_wconf 82' lang='lat' dir='ltr'><strong>suggerimus</strong></span> <span class='ocrx_word' id='word_1_56' title='bbox 1272 1068 1647 1141; x_wconf 80' lang='lat' dir='ltr'><strong>apostolatui,</strong></span> <span class='ocrx_word' id='word_1_57' title='bbox 1701 1073 1766 1123; x_wconf 89' lang='lat' dir='ltr'><strong>ut</strong></span> <span class='ocrx_word' id='word_1_58' title='bbox 1816 1084 1920 1123; x_wconf 82' lang='lat' dir='ltr'><strong>no-</strong></span> 
     </span>
    </p>
   </div>
   <div class='ocr_carea' id='block_1_11' title="bbox 272 1156 1916 1230">
    <p class='ocr_par' dir='ltr' id='par_1_11' title="bbox 272 1156 1916 1230">
     <span class='ocr_line' id='line_1_11' title="bbox 272 1156 1916 1230; baseline 0.001 -20"><span class='ocrx_word' id='word_1_59' title='bbox 272 1156 407 1221; x_wconf 89' lang='lat' dir='ltr'><strong>stri,</strong></span> <span class='ocrx_word' id='word_1_60' title='bbox 441 1168 604 1211; x_wconf 83' lang='lat' dir='ltr'><strong>more</strong></span> <span class='ocrx_word' id='word_1_61' title='bbox 628 1156 819 1225; x_wconf 90' lang='lat' dir='ltr'><strong>solito,</strong></span> <span class='ocrx_word' id='word_1_62' title='bbox 851 1156 1308 1213; x_wconf 92' lang='lat' dir='ltr'><strong>sollicitudinem</strong></span> <span class='ocrx_word' id='word_1_63' title='bbox 1348 1173 1545 1230; x_wconf 81' lang='lat' dir='ltr'><strong>gerere</strong></span> <span class='ocrx_word' id='word_1_64' title='bbox 1566 1156 1916 1230; x_wconf 81' lang='lat' dir='ltr'><strong>dignemini,</strong></span> 
     </span>
    </p>
   </div>
   <div class='ocr_carea' id='block_1_12' title="bbox 260 1245 1918 1319">
    <p class='ocr_par' dir='ltr' id='par_1_12' title="bbox 260 1245 1918 1319">
     <span class='ocr_line' id='line_1_12' title="bbox 260 1245 1918 1319; baseline 0 -19"><span class='ocrx_word' id='word_1_65' title='bbox 260 1246 442 1316; x_wconf 79' lang='lat' dir='ltr'><strong>juxta</strong></span> <span class='ocrx_word' id='word_1_66' title='bbox 490 1251 742 1300; x_wconf 86' lang='lat' dir='ltr'><strong>vestram</strong></span> <span class='ocrx_word' id='word_1_67' title='bbox 791 1245 1313 1317; x_wconf 89' lang='lat' dir='ltr'><strong>prudentissimam</strong></span> <span class='ocrx_word' id='word_1_68' title='bbox 1366 1245 1739 1319; x_wconf 79' lang='lat' dir='ltr'><strong>sapientiam,</strong></span> <span class='ocrx_word' id='word_1_69' title='bbox 1791 1261 1918 1318; x_wconf 51' lang='lat' dir='ltr'><strong>quae.</strong></span> 
     </span>
    </p>
   </div>
   <div class='ocr_carea' id='block_1_13' title="bbox 270 1333 1917 1407">
    <p class='ocr_par' dir='ltr' id='par_1_13' title="bbox 270 1333 1917 1407">
     <span class='ocr_line' id='line_1_13' title="bbox 270 1333 1917 1407; baseline 0 -19"><span class='ocrx_word' id='word_1_70' title='bbox 270 1334 556 1390; x_wconf 89' lang='lat' dir='ltr'><strong>omnibus</strong></span> <span class='ocrx_word' id='word_1_71' title='bbox 584 1333 711 1389; x_wconf 88' lang='lat' dir='ltr'><strong>luce</strong></span> <span class='ocrx_word' id='word_1_72' title='bbox 741 1333 960 1391; x_wconf 88' lang='lat' dir='ltr'><strong>clarius</strong></span> <span class='ocrx_word' id='word_1_73' title='bbox 991 1335 1303 1390; x_wconf 86' lang='lat' dir='ltr'><strong>manifesta</strong></span> <span class='ocrx_word' id='word_1_74' title='bbox 1349 1340 1455 1402; x_wconf 89' lang='lat' dir='ltr'><strong>est,</strong></span> <span class='ocrx_word' id='word_1_75' title='bbox 1509 1335 1649 1407; x_wconf 87' lang='lat' dir='ltr'><strong>quia</strong></span> <span class='ocrx_word' id='word_1_76' title='bbox 1685 1340 1917 1406; x_wconf 85' lang='lat' dir='ltr'><strong>aposto-</strong></span> 
     </span>
    </p>
   </div>
   <div class='ocr_carea' id='block_1_14' title="bbox 272 1421 1922 1494">
    <p class='ocr_par' dir='ltr' id='par_1_14' title="bbox 272 1421 1922 1494">
     <span class='ocr_line' id='line_1_14' title="bbox 272 1421 1922 1494; baseline 0.001 -17"><span class='ocrx_word' id='word_1_77' title='bbox 272 1421 410 1478; x_wconf 85' lang='lat' dir='ltr'><strong>licia</strong></span> <span class='ocrx_word' id='word_1_78' title='bbox 438 1428 634 1478; x_wconf 85' lang='lat' dir='ltr'><strong>vostra</strong></span> <span class='ocrx_word' id='word_1_79' title='bbox 682 1422 977 1478; x_wconf 73' lang='lat' dir='ltr'><strong>beatitudo</strong></span> <span class='ocrx_word' id='word_1_80' title='bbox 1023 1422 1345 1479; x_wconf 80' lang='lat' dir='ltr'><strong>visceribus</strong></span> <span class='ocrx_word' id='word_1_81' title='bbox 1395 1429 1710 1491; x_wconf 89' lang='lat' dir='ltr'><strong>commota,</strong></span> <span class='ocrx_word' id='word_1_82' title='bbox 1744 1439 1922 1494; x_wconf 87' lang='lat' dir='ltr'><strong>super</strong></span> 
     </span>
    </p>
   </div>
   <div class='ocr_carea' id='block_1_15' title="bbox 272 1510 1921 1580">
    <p class='ocr_par' dir='ltr' id='par_1_15' title="bbox 272 1510 1921 1580">
     <span class='ocr_line' id='line_1_15' title="bbox 272 1510 1921 1580; baseline 0 -14"><span class='ocrx_word' id='word_1_83' title='bbox 272 1510 660 1566; x_wconf 85' lang='lat' dir='ltr'><strong>tribulatione</strong></span> <span class='ocrx_word' id='word_1_84' title='bbox 691 1517 910 1580; x_wconf 89' lang='lat' dir='ltr'><strong>nostra,</strong></span> <span class='ocrx_word' id='word_1_85' title='bbox 946 1528 1053 1568; x_wconf 91' lang='lat' dir='ltr'><strong>nos</strong></span> <span class='ocrx_word' id='word_1_86' title='bbox 1078 1528 1281 1568; x_wconf 91' lang='lat' dir='ltr'><strong>omnes</strong></span> <span class='ocrx_word' id='word_1_87' title='bbox 1321 1513 1549 1566; x_wconf 79' lang='lat' dir='ltr'><strong>hortata</strong></span> <span class='ocrx_word' id='word_1_88' title='bbox 1579 1516 1670 1568; x_wconf 91' lang='lat' dir='ltr'><strong>est</strong></span> <span class='ocrx_word' id='word_1_89' title='bbox 1698 1511 1770 1568; x_wconf 90' lang='lat' dir='ltr'><strong>ad</strong></span> <span class='ocrx_word' id='word_1_90' title='bbox 1803 1512 1921 1566; x_wconf 91' lang='lat' dir='ltr'><strong>tui-</strong></span> 
     </span>
    </p>
   </div>
   <div class='ocr_carea' id='block_1_16' title="bbox 276 1598 1920 1672">
    <p class='ocr_par' dir='ltr' id='par_1_16' title="bbox 276 1598 1920 1672">
     <span class='ocr_line' id='line_1_16' title="bbox 276 1598 1920 1672; baseline 0 -18"><span class='ocrx_word' id='word_1_91' title='bbox 276 1599 502 1654; x_wconf 87' lang='lat' dir='ltr'><strong>tionem</strong></span> <span class='ocrx_word' id='word_1_92' title='bbox 532 1598 826 1655; x_wconf 68' lang='lat' dir='ltr'><strong>catbolicaa</strong></span> <span class='ocrx_word' id='word_1_93' title='bbox 857 1605 915 1655; x_wconf 90' lang='lat' dir='ltr'><strong>et</strong></span> <span class='ocrx_word' id='word_1_94' title='bbox 942 1599 1274 1672; x_wconf 76' lang='lat' dir='ltr'><strong>apostolicae</strong></span> <span class='ocrx_word' id='word_1_95' title='bbox 1312 1600 1602 1669; x_wconf 66' lang='lat' dir='ltr'><strong>Ecclesiae,</strong></span> <span class='ocrx_word' id='word_1_96' title='bbox 1634 1601 1695 1656; x_wconf 89' lang='lat' dir='ltr'><strong>iu</strong></span> <span class='ocrx_word' id='word_1_97' title='bbox 1737 1615 1920 1656; x_wconf 90' lang='lat' dir='ltr'><strong>unum</strong></span> 
     </span>
    </p>
   </div>
   <div class='ocr_carea' id='block_1_17' title="bbox 272 1688 1925 1761">
    <p class='ocr_par' dir='ltr' id='par_1_17' title="bbox 272 1688 1925 1761">
     <span class='ocr_line' id='line_1_17' title="bbox 272 1688 1925 1761; baseline -0.001 -18"><span class='ocrx_word' id='word_1_98' title='bbox 272 1688 611 1756; x_wconf 88' lang='lat' dir='ltr'><strong>convenire,</strong></span> <span class='ocrx_word' id='word_1_99' title='bbox 667 1694 723 1742; x_wconf 90' lang='lat' dir='ltr'><strong>et</strong></span> <span class='ocrx_word' id='word_1_100' title='bbox 770 1688 842 1742; x_wconf 91' lang='lat' dir='ltr'><strong>de</strong></span> <span class='ocrx_word' id='word_1_101' title='bbox 892 1694 1090 1744; x_wconf 89' lang='lat' dir='ltr'><strong>nostra</strong></span> <span class='ocrx_word' id='word_1_102' title='bbox 1142 1689 1419 1744; x_wconf 87' lang='lat' dir='ltr'><strong>canonice</strong></span> <span class='ocrx_word' id='word_1_103' title='bbox 1457 1688 1838 1761; x_wconf 78' lang='lat' dir='ltr'><strong>oppressione</strong></span> <span class='ocrx_word' id='word_1_104' title='bbox 1867 1692 1925 1744; x_wconf 88' lang='lat' dir='ltr'><strong>et</strong></span> 
     </span>
    </p>
   </div>
   <div class='ocr_carea' id='block_1_18' title="bbox 274 1776 1923 1841">
    <p class='ocr_par' dir='ltr' id='par_1_18' title="bbox 274 1776 1923 1841">
     <span class='ocr_line' id='line_1_18' title="bbox 274 1776 1923 1841; baseline 0.001 -11"><span class='ocrx_word' id='word_1_105' title='bbox 274 1792 310 1830; x_wconf 91' lang='lat' dir='ltr'><strong>u</strong></span> <span class='ocrx_word' id='word_1_106' title='bbox 325 1776 1071 1841; x_wconf 88' lang='lat' dir='ltr'><strong>nanimitertractare,dum</strong></span> <span class='ocrx_word' id='word_1_107' title='bbox 1094 1782 1322 1833; x_wconf 87' lang='lat' dir='ltr'><strong>constat</strong></span> <span class='ocrx_word' id='word_1_108' title='bbox 1343 1794 1449 1834; x_wconf 91' lang='lat' dir='ltr'><strong>nos</strong></span> <span class='ocrx_word' id='word_1_109' title='bbox 1472 1794 1587 1833; x_wconf 90' lang='lat' dir='ltr'><strong>una</strong></span> <span class='ocrx_word' id='word_1_110' title='bbox 1603 1794 1737 1833; x_wconf 89' lang='lat' dir='ltr'><strong>cum</strong></span> <span class='ocrx_word' id='word_1_111' title='bbox 1757 1778 1923 1832; x_wconf 91' lang='lat' dir='ltr'><strong>beato</strong></span> 
     </span>
    </p>
   </div>
   <div class='ocr_carea' id='block_1_19' title="bbox 272 1863 1925 1936">
    <p class='ocr_par' dir='ltr' id='par_1_19' title="bbox 272 1863 1925 1936">
     <span class='ocr_line' id='line_1_19' title="bbox 272 1863 1925 1936; baseline 0.001 -18"><span class='ocrx_word' id='word_1_112' title='bbox 272 1863 463 1919; x_wconf 88' lang='lat' dir='ltr'><strong>Paulo</strong></span> <span class='ocrx_word' id='word_1_113' title='bbox 494 1865 755 1935; x_wconf 82' lang='lat' dir='ltr'><strong>apostolo</strong></span> <span class='ocrx_word' id='word_1_114' title='bbox 784 1864 986 1920; x_wconf 89' lang='lat' dir='ltr'><strong>eadem</strong></span> <span class='ocrx_word' id='word_1_115' title='bbox 1009 1865 1503 1936; x_wconf 88' lang='lat' dir='ltr'><strong>compassibiliter</strong></span> <span class='ocrx_word' id='word_1_116' title='bbox 1520 1866 1709 1921; x_wconf 88' lang='lat' dir='ltr'><strong>dicere</strong></span> <span class='ocrx_word' id='word_1_117' title='bbox 1743 1881 1757 1920; x_wconf 90' lang='lat'><strong>:</strong></span> <span class='ocrx_word' id='word_1_118' title='bbox 1793 1865 1925 1933; x_wconf 81' lang='lat' dir='ltr'><strong>Quis</strong></span> 
     </span>
    </p>
   </div>
   <div class='ocr_carea' id='block_1_20' title="bbox 274 1952 1926 2024">
    <p class='ocr_par' dir='ltr' id='par_1_20' title="bbox 274 1952 1926 2024">
     <span class='ocr_line' id='line_1_20' title="bbox 274 1952 1926 2024; baseline 0.002 -19"><span class='ocrx_word' id='word_1_119' title='bbox 274 1954 625 2023; x_wconf 79' lang='lat' dir='ltr'><strong>inﬁrmatur,</strong></span> <span class='ocrx_word' id='word_1_120' title='bbox 674 1955 724 2007; x_wconf 78' lang='lat' dir='ltr'><strong>et</strong></span> <span class='ocrx_word' id='word_1_121' title='bbox 768 1969 863 2022; x_wconf 84' lang='lat' dir='ltr'><strong>ego</strong></span> <span class='ocrx_word' id='word_1_122' title='bbox 910 1969 1020 2008; x_wconf 81' lang='lat' dir='ltr'><strong>non</strong></span> <span class='ocrx_word' id='word_1_123' title='bbox 1068 1954 1373 2024; x_wconf 80' lang='lat' dir='ltr'><strong>inﬁrmor‘l</strong></span> <span class='ocrx_word' id='word_1_124' title='bbox 1403 1955 1535 2022; x_wconf 79' lang='lat' dir='ltr'><strong>Quis</strong></span> <span class='ocrx_word' id='word_1_125' title='bbox 1578 1952 1926 2008; x_wconf 69' lang='lat' dir='ltr'><strong>scandaliza-</strong></span> 
     </span>
    </p>
   </div>
   <div class='ocr_carea' id='block_1_21' title="bbox 270 2041 1926 2114">
    <p class='ocr_par' dir='ltr' id='par_1_21' title="bbox 270 2041 1926 2114">
     <span class='ocr_line' id='line_1_21' title="bbox 270 2041 1926 2114; baseline 0.001 -18"><span class='ocrx_word' id='word_1_126' title='bbox 270 2046 395 2107; x_wconf 85' lang='lat' dir='ltr'><strong>tur,</strong></span> <span class='ocrx_word' id='word_1_127' title='bbox 425 2050 481 2095; x_wconf 79' lang='lat' dir='ltr'><strong>et</strong></span> <span class='ocrx_word' id='word_1_128' title='bbox 510 2056 605 2109; x_wconf 77' lang='lat' dir='ltr'><strong>ego</strong></span> <span class='ocrx_word' id='word_1_129' title='bbox 630 2058 737 2095; x_wconf 84' lang='lat' dir='ltr'><strong>non</strong></span> <span class='ocrx_word' id='word_1_130' title='bbox 764 2057 896 2096; x_wconf 86' lang='lat' dir='ltr'><strong>uror</strong></span> <span class='ocrx_word' id='word_1_131' title='bbox 919 2041 1010 2097; x_wconf 69' lang='lat'><strong>&#39;3?</strong></span> <span class='ocrx_word' id='word_1_132' title='bbox 1040 2046 1479 2114; x_wconf 85' lang='lat' dir='ltr'><strong>Satagentes,ne</strong></span> <span class='ocrx_word' id='word_1_133' title='bbox 1509 2043 1707 2114; x_wconf 76' lang='lat' dir='ltr'><strong>aliqua</strong></span> <span class='ocrx_word' id='word_1_134' title='bbox 1740 2043 1810 2097; x_wconf 91' lang='lat' dir='ltr'><strong>de</strong></span> <span class='ocrx_word' id='word_1_135' title='bbox 1832 2042 1926 2109; x_wconf 88' lang='lat' dir='ltr'><strong>iis,</strong></span> 
     </span>
    </p>
   </div>
   <div class='ocr_carea' id='block_1_22' title="bbox 275 2128 1931 2200">
    <p class='ocr_par' dir='ltr' id='par_1_22' title="bbox 275 2128 1931 2200">
     <span class='ocr_line' id='line_1_22' title="bbox 275 2128 1931 2200; baseline 0.001 -17"><span class='ocrx_word' id='word_1_136' title='bbox 275 2146 421 2200; x_wconf 78' lang='lat' dir='ltr'><strong>quae</strong></span> <span class='ocrx_word' id='word_1_137' title='bbox 464 2128 628 2185; x_wconf 86' lang='lat' dir='ltr'><strong>vobis</strong></span> <span class='ocrx_word' id='word_1_138' title='bbox 675 2129 904 2185; x_wconf 71' lang='lat' dir='ltr'><strong>creditae</strong></span> <span class='ocrx_word' id='word_1_139' title='bbox 951 2136 1093 2186; x_wconf 86' lang='lat' dir='ltr'><strong>sunt</strong></span> <span class='ocrx_word' id='word_1_140' title='bbox 1143 2130 1588 2187; x_wconf 85' lang='lat' dir='ltr'><strong>rationabilibus</strong></span> <span class='ocrx_word' id='word_1_141' title='bbox 1632 2130 1858 2196; x_wconf 89' lang='lat' dir='ltr'><strong>ovibus,</strong></span> <span class='ocrx_word' id='word_1_142' title='bbox 1896 2147 1931 2185; x_wconf 86' lang='lat' dir='ltr'><strong>a</strong></span> 
     </span>
    </p>
   </div>
   <div class='ocr_carea' id='block_1_23' title="bbox 275 2217 1926 2291">
    <p class='ocr_par' dir='ltr' id='par_1_23' title="bbox 275 2217 1926 2291">
     <span class='ocr_line' id='line_1_23' title="bbox 275 2217 1926 2291; baseline 0.001 -18"><span class='ocrx_word' id='word_1_143' title='bbox 275 2217 497 2273; x_wconf 82' lang='lat' dir='ltr'><strong>bestiis</strong></span> <span class='ocrx_word' id='word_1_144' title='bbox 527 2218 811 2290; x_wconf 87' lang='lat' dir='ltr'><strong>capiatur.</strong></span> <span class='ocrx_word' id='word_1_145' title='bbox 846 2219 1175 2285; x_wconf 89' lang='lat' dir='ltr'><strong>Ideo,Pater</strong></span> <span class='ocrx_word' id='word_1_146' title='bbox 1202 2218 1561 2284; x_wconf 88' lang='lat' dir='ltr'><strong>beatissime,</strong></span> <span class='ocrx_word' id='word_1_147' title='bbox 1602 2221 1742 2291; x_wconf 88' lang='lat' dir='ltr'><strong>quia</strong></span> <span class='ocrx_word' id='word_1_148' title='bbox 1772 2236 1926 2274; x_wconf 89' lang='lat' dir='ltr'><strong>sem-</strong></span> 
     </span>
    </p>
   </div>
   <div class='ocr_carea' id='block_1_24' title="bbox 270 2308 1928 2379">
    <p class='ocr_par' dir='ltr' id='par_1_24' title="bbox 270 2308 1928 2379">
     <span class='ocr_line' id='line_1_24' title="bbox 270 2308 1928 2379; baseline 0.001 -20"><span class='ocrx_word' id='word_1_149' title='bbox 270 2322 384 2378; x_wconf 86' lang='lat' dir='ltr'><strong>per</strong></span> <span class='ocrx_word' id='word_1_150' title='bbox 414 2311 817 2362; x_wconf 89' lang='lat' dir='ltr'><strong>antecessores</strong></span> <span class='ocrx_word' id='word_1_151' title='bbox 848 2308 1057 2373; x_wconf 82' lang='lat' dir='ltr'><strong>nostri,</strong></span> <span class='ocrx_word' id='word_1_152' title='bbox 1091 2311 1148 2362; x_wconf 91' lang='lat' dir='ltr'><strong>et</strong></span> <span class='ocrx_word' id='word_1_153' title='bbox 1185 2324 1292 2363; x_wconf 84' lang='lat' dir='ltr'><strong>nos</strong></span> <span class='ocrx_word' id='word_1_154' title='bbox 1322 2324 1355 2362; x_wconf 91' lang='lat' dir='ltr'><strong>a</strong></span> <span class='ocrx_word' id='word_1_155' title='bbox 1387 2313 1576 2363; x_wconf 90' lang='lat' dir='ltr'><strong>vestra</strong></span> <span class='ocrx_word' id='word_1_156' title='bbox 1604 2308 1928 2379; x_wconf 89' lang='lat' dir='ltr'><strong>apostolica</strong></span> 
     </span>
    </p>
   </div>
   <div class='ocr_carea' id='block_1_25' title="bbox 268 2395 1926 2463">
    <p class='ocr_par' dir='ltr' id='par_1_25' title="bbox 268 2395 1926 2463">
     <span class='ocr_line' id='line_1_25' title="bbox 268 2395 1926 2463; baseline 0 -12"><span class='ocrx_word' id='word_1_157' title='bbox 268 2402 487 2451; x_wconf 84' lang='lat' dir='ltr'><strong>sancta</strong></span> <span class='ocrx_word' id='word_1_158' title='bbox 517 2395 652 2451; x_wconf 90' lang='lat' dir='ltr'><strong>sede</strong></span> <span class='ocrx_word' id='word_1_159' title='bbox 684 2395 968 2451; x_wconf 82' lang='lat' dir='ltr'><strong>auxilium</strong></span> <span class='ocrx_word' id='word_1_160' title='bbox 1004 2395 1333 2463; x_wconf 87' lang='lat' dir='ltr'><strong>hausimus,</strong></span> <span class='ocrx_word' id='word_1_161' title='bbox 1365 2400 1423 2451; x_wconf 87' lang='lat' dir='ltr'><strong>et</strong></span> <span class='ocrx_word' id='word_1_162' title='bbox 1470 2396 1657 2452; x_wconf 88' lang='lat' dir='ltr'><strong>nostri</strong></span> <span class='ocrx_word' id='word_1_163' title='bbox 1686 2413 1788 2452; x_wconf 93' lang='lat' dir='ltr'><strong>vos</strong></span> <span class='ocrx_word' id='word_1_164' title='bbox 1820 2396 1926 2451; x_wconf 88' lang='lat' dir='ltr'><strong>ha-</strong></span> 
     </span>
    </p>
   </div>
   <div class='ocr_carea' id='block_1_26' title="bbox 268 2483 1923 2557">
    <p class='ocr_par' dir='ltr' id='par_1_26' title="bbox 268 2483 1923 2557">
     <span class='ocr_line' id='line_1_26' title="bbox 268 2483 1923 2557; baseline 0.001 -18"><span class='ocrx_word' id='word_1_165' title='bbox 268 2484 416 2539; x_wconf 89' lang='lat' dir='ltr'><strong>bere</strong></span> <span class='ocrx_word' id='word_1_166' title='bbox 445 2500 647 2538; x_wconf 89' lang='lat' dir='ltr'><strong>curam</strong></span> <span class='ocrx_word' id='word_1_167' title='bbox 682 2483 970 2553; x_wconf 87' lang='lat' dir='ltr'><strong>novimus,</strong></span> <span class='ocrx_word' id='word_1_168' title='bbox 1005 2485 1303 2557; x_wconf 67' lang='lat' dir='ltr'><strong>prafatam</strong></span> <span class='ocrx_word' id='word_1_169' title='bbox 1336 2485 1492 2540; x_wconf 70' lang='grc'><strong>611)</strong></span> <span class='ocrx_word' id='word_1_170' title='bbox 1541 2484 1923 2557; x_wconf 86' lang='lat' dir='ltr'><strong>apostolicam</strong></span> 
     </span>
    </p>
   </div>
   <div class='ocr_carea' id='block_1_27' title="bbox 267 2573 1925 2645">
    <p class='ocr_par' dir='ltr' id='par_1_27' title="bbox 267 2573 1925 2645">
     <span class='ocr_line' id='line_1_27' title="bbox 267 2573 1925 2645; baseline 0.001 -18"><span class='ocrx_word' id='word_1_171' title='bbox 267 2579 339 2628; x_wconf 81' lang='lat' dir='ltr'><strong>et</strong></span> <span class='ocrx_word' id='word_1_172' title='bbox 369 2589 666 2628; x_wconf 84' lang='lat' dir='ltr'><strong>summam</strong></span> <span class='ocrx_word' id='word_1_173' title='bbox 715 2573 1063 2645; x_wconf 84' lang='lat' dir='ltr'><strong>expetimus,</strong></span> <span class='ocrx_word' id='word_1_174' title='bbox 1106 2574 1277 2645; x_wconf 81' lang='lat' dir='ltr'><strong>juxta</strong></span> <span class='ocrx_word' id='word_1_175' title='bbox 1326 2590 1619 2629; x_wconf 90' lang='lat' dir='ltr'><strong>canonum</strong></span> <span class='ocrx_word' id='word_1_176' title='bbox 1671 2573 1925 2640; x_wconf 89' lang='lat' dir='ltr'><strong>decreta,</strong></span> 
     </span>
    </p>
   </div>
   <div class='ocr_carea' id='block_1_28' title="bbox 269 2661 1924 2735">
    <p class='ocr_par' dir='ltr' id='par_1_28' title="bbox 269 2661 1924 2735">
     <span class='ocr_line' id='line_1_28' title="bbox 269 2661 1924 2735; baseline 0 -18"><span class='ocrx_word' id='word_1_177' title='bbox 269 2661 505 2726; x_wconf 86' lang='lat' dir='ltr'><strong>sedem,</strong></span> <span class='ocrx_word' id='word_1_178' title='bbox 538 2666 604 2716; x_wconf 89' lang='lat' dir='ltr'><strong>ut</strong></span> <span class='ocrx_word' id='word_1_179' title='bbox 631 2662 768 2717; x_wconf 91' lang='lat' dir='ltr'><strong>inde</strong></span> <span class='ocrx_word' id='word_1_180' title='bbox 813 2661 1096 2718; x_wconf 82' lang='lat' dir='ltr'><strong>auxilium</strong></span> <span class='ocrx_word' id='word_1_181' title='bbox 1145 2662 1472 2734; x_wconf 83' lang='lat' dir='ltr'><strong>capiamus;</strong></span> <span class='ocrx_word' id='word_1_182' title='bbox 1520 2664 1676 2718; x_wconf 90' lang='lat' dir='ltr'><strong>unde</strong></span> <span class='ocrx_word' id='word_1_183' title='bbox 1704 2663 1924 2735; x_wconf 66' lang='lat' dir='ltr'><strong>praede-</strong></span> 
     </span>
    </p>
   </div>
   <div class='ocr_carea' id='block_1_29' title="bbox 270 2749 1927 2824">
    <p class='ocr_par' dir='ltr' id='par_1_29' title="bbox 270 2749 1927 2824">
     <span class='ocr_line' id='line_1_29' title="bbox 270 2749 1927 2824; baseline 0.001 -19"><span class='ocrx_word' id='word_1_184' title='bbox 270 2765 548 2806; x_wconf 88' lang='lat' dir='ltr'><strong>cessores</strong></span> <span class='ocrx_word' id='word_1_185' title='bbox 596 2749 781 2805; x_wconf 87' lang='lat' dir='ltr'><strong>nostri</strong></span> <span class='ocrx_word' id='word_1_186' title='bbox 830 2750 1227 2807; x_wconf 83' lang='lat' dir='ltr'><strong>ordinationes</strong></span> <span class='ocrx_word' id='word_1_187' title='bbox 1294 2757 1352 2807; x_wconf 86' lang='lat' dir='ltr'><strong>ct</strong></span> <span class='ocrx_word' id='word_1_188' title='bbox 1403 2752 1700 2824; x_wconf 84' lang='lat' dir='ltr'><strong>dogmata,</strong></span> <span class='ocrx_word' id='word_1_189' title='bbox 1750 2757 1927 2823; x_wconf 88' lang='lat' dir='ltr'><strong>atque</strong></span> 
     </span>
    </p>
   </div>
   <div class='ocr_carea' id='block_1_30' title="bbox 269 2836 1924 2912">
    <p class='ocr_par' dir='ltr' id='par_1_30' title="bbox 269 2836 1924 2912">
     <span class='ocr_line' id='line_1_30' title="bbox 269 2836 1924 2912; baseline 0.001 -18"><span class='ocrx_word' id='word_1_190' title='bbox 269 2836 718 2895; x_wconf 84' lang='lat' dir='ltr'><strong>sublevationes</strong></span> <span class='ocrx_word' id='word_1_191' title='bbox 748 2844 1068 2895; x_wconf 88' lang='lat' dir='ltr'><strong>traxerunt.</strong></span> <span class='ocrx_word' id='word_1_192' title='bbox 1105 2840 1189 2895; x_wconf 78' lang='lat' dir='ltr'><strong>Ad</strong></span> <span class='ocrx_word' id='word_1_193' title='bbox 1220 2855 1345 2895; x_wconf 89' lang='lat' dir='ltr'><strong>eam</strong></span> <span class='ocrx_word' id='word_1_194' title='bbox 1378 2856 1611 2911; x_wconf 87' lang='lat' dir='ltr'><strong>quoque</strong></span> <span class='ocrx_word' id='word_1_195' title='bbox 1654 2842 1821 2912; x_wconf 88' lang='lat' dir='ltr'><strong>quasi</strong></span> <span class='ocrx_word' id='word_1_196' title='bbox 1852 2841 1924 2895; x_wconf 90' lang='lat' dir='ltr'><strong>ad</strong></span> 
     </span>
    </p>
   </div>
   <div class='ocr_carea' id='block_1_31' title="bbox 270 2927 1925 2999">
    <p class='ocr_par' dir='ltr' id='par_1_31' title="bbox 270 2927 1925 2999">
     <span class='ocr_line' id='line_1_31' title="bbox 270 2927 1925 2999; baseline 0.001 -17"><span class='ocrx_word' id='word_1_197' title='bbox 270 2932 532 2983; x_wconf 84' lang='lat' dir='ltr'><strong>matrem</strong></span> <span class='ocrx_word' id='word_1_198' title='bbox 584 2928 962 2995; x_wconf 87' lang='lat' dir='ltr'><strong>recurrimus,</strong></span> <span class='ocrx_word' id='word_1_199' title='bbox 996 2932 1062 2983; x_wconf 89' lang='lat' dir='ltr'><strong>ut</strong></span> <span class='ocrx_word' id='word_1_200' title='bbox 1091 2927 1220 2999; x_wconf 89' lang='lat' dir='ltr'><strong>ejus</strong></span> <span class='ocrx_word' id='word_1_201' title='bbox 1252 2928 1533 2984; x_wconf 89' lang='lat' dir='ltr'><strong>uberibus</strong></span> <span class='ocrx_word' id='word_1_202' title='bbox 1572 2929 1925 2999; x_wconf 87' lang='lat' dir='ltr'><strong>nutrismur,</strong></span> 
     </span>
    </p>
   </div>
   <div class='ocr_carea' id='block_1_32' title="bbox 269 3016 1927 3095">
    <p class='ocr_par' dir='ltr' id='par_1_32' title="bbox 269 3016 1927 3095">
     <span class='ocr_line' id='line_1_32' title="bbox 269 3016 1927 3095; baseline 0.001 -24"><span class='ocrx_word' id='word_1_203' title='bbox 269 3016 565 3095; x_wconf 79' lang='lat' dir='ltr'><strong>quoniam</strong></span> <span class='ocrx_word' id='word_1_204' title='bbox 583 3034 698 3072; x_wconf 91' lang='lat' dir='ltr'><strong>non</strong></span> <span class='ocrx_word' id='word_1_205' title='bbox 721 3022 910 3089; x_wconf 80' lang='lat' dir='ltr'><strong>potest</strong></span> <span class='ocrx_word' id='word_1_206' title='bbox 933 3022 1117 3073; x_wconf 89' lang='lat' dir='ltr'><strong>mater</strong></span> <span class='ocrx_word' id='word_1_207' title='bbox 1133 3016 1394 3073; x_wconf 83' lang='lat' dir='ltr'><strong>oblivisci</strong></span> <span class='ocrx_word' id='word_1_208' title='bbox 1417 3016 1703 3074; x_wconf 81' lang='lat' dir='ltr'><strong>infantem</strong></span> <span class='ocrx_word' id='word_1_209' title='bbox 1727 3034 1927 3088; x_wconf 89' lang='lat' dir='ltr'><strong>suum,</strong></span> 
     </span>
    </p>
   </div>
   <div class='ocr_carea' id='block_1_33' title="bbox 274 3104 1928 3162">
    <p class='ocr_par' dir='ltr' id='par_1_33' title="bbox 274 3104 1928 3162">
     <span class='ocr_line' id='line_1_33' title="bbox 274 3104 1928 3162; baseline -0.001 -1"><span class='ocrx_word' id='word_1_210' title='bbox 274 3105 384 3161; x_wconf 86' lang='lat' dir='ltr'><strong>Sic</strong></span> <span class='ocrx_word' id='word_1_211' title='bbox 415 3111 472 3160; x_wconf 90' lang='lat' dir='ltr'><strong>et</strong></span> <span class='ocrx_word' id='word_1_212' title='bbox 509 3122 610 3162; x_wconf 89' lang='lat' dir='ltr'><strong>vos</strong></span> <span class='ocrx_word' id='word_1_213' title='bbox 659 3105 837 3161; x_wconf 89' lang='lat' dir='ltr'><strong>nolite</strong></span> <span class='ocrx_word' id='word_1_214' title='bbox 885 3104 1147 3161; x_wconf 90' lang='lat' dir='ltr'><strong>oblivisci</strong></span> <span class='ocrx_word' id='word_1_215' title='bbox 1196 3122 1304 3162; x_wconf 90' lang='lat' dir='ltr'><strong>nos</strong></span> <span class='ocrx_word' id='word_1_216' title='bbox 1347 3106 1511 3161; x_wconf 83' lang='lat' dir='ltr'><strong>vobis</strong></span> <span class='ocrx_word' id='word_1_217' title='bbox 1562 3106 1928 3162; x_wconf 83' lang='lat' dir='ltr'><strong>commissos.</strong></span> 
     </span>
    </p>
   </div>
   <div class='ocr_carea' id='block_1_34' title="bbox 277 3193 1929 3268">
    <p class='ocr_par' dir='ltr' id='par_1_34' title="bbox 277 3193 1929 3268">
     <span class='ocr_line' id='line_1_34' title="bbox 277 3193 1929 3268; baseline 0.001 -20"><span class='ocrx_word' id='word_1_218' title='bbox 277 3193 576 3259; x_wconf 85' lang='lat' dir='ltr'><strong>Quoniam</strong></span> <span class='ocrx_word' id='word_1_219' title='bbox 628 3211 742 3249; x_wconf 90' lang='lat' dir='ltr'><strong>non</strong></span> <span class='ocrx_word' id='word_1_220' title='bbox 790 3193 1014 3250; x_wconf 88' lang='lat' dir='ltr'><strong>levibus</strong></span> <span class='ocrx_word' id='word_1_221' title='bbox 1063 3210 1169 3250; x_wconf 89' lang='lat' dir='ltr'><strong>nos</strong></span> <span class='ocrx_word' id='word_1_222' title='bbox 1221 3194 1445 3250; x_wconf 90' lang='lat' dir='ltr'><strong>inimici</strong></span> <span class='ocrx_word' id='word_1_223' title='bbox 1502 3194 1688 3251; x_wconf 89' lang='lat' dir='ltr'><strong>nostri</strong></span> <span class='ocrx_word' id='word_1_224' title='bbox 1734 3194 1929 3268; x_wconf 90' lang='lat' dir='ltr'><strong>impli-</strong></span> 
     </span>
    </p>
   </div>
   <div class='ocr_carea' id='block_1_35' title="bbox 2022 714 3666 793">
    <p class='ocr_par' dir='ltr' id='par_1_35' title="bbox 2022 714 3666 793">
     <span class='ocr_line' id='line_1_35' title="bbox 2022 714 3666 793; baseline 0.013 -27"><span class='ocrx_word' id='word_1_225' title='bbox 2022 714 2146 779; x_wconf 89' lang='lat' dir='ltr'><strong>Qua</strong></span> <span class='ocrx_word' id='word_1_226' title='bbox 2193 715 2264 769; x_wconf 91' lang='lat' dir='ltr'><strong>de</strong></span> <span class='ocrx_word' id='word_1_227' title='bbox 2307 732 2368 770; x_wconf 90' lang='lat' dir='ltr'><strong>re</strong></span> <span class='ocrx_word' id='word_1_228' title='bbox 2418 717 2524 771; x_wconf 92' lang='lat' dir='ltr'><strong>hac</strong></span> <span class='ocrx_word' id='word_1_229' title='bbox 2589 718 2824 773; x_wconf 86' lang='lat' dir='ltr'><strong>inventa</strong></span> <span class='ocrx_word' id='word_1_230' title='bbox 2887 723 3207 793; x_wconf 88' lang='lat' dir='ltr'><strong>occasione,</strong></span> <span class='ocrx_word' id='word_1_231' title='bbox 3269 728 3666 786; x_wconf 72' lang='lat' dir='ltr'><strong>indifferenter</strong></span> 
     </span>
    </p>
   </div>
   <div class='ocr_carea' id='block_1_36' title="bbox 2021 805 3656 883">
    <p class='ocr_par' dir='ltr' id='par_1_36' title="bbox 2021 805 3656 883">
     <span class='ocr_line' id='line_1_36' title="bbox 2021 805 3656 883; baseline 0.012 -28"><span class='ocrx_word' id='word_1_232' title='bbox 2021 808 2180 856; x_wconf 84' lang='lat' dir='ltr'><strong>omni</strong></span> <span class='ocrx_word' id='word_1_233' title='bbox 2230 805 2507 859; x_wconf 73' lang='lat' dir='ltr'><strong>canonica</strong></span> <span class='ocrx_word' id='word_1_234' title='bbox 2564 810 2622 860; x_wconf 90' lang='lat' dir='ltr'><strong>et</strong></span> <span class='ocrx_word' id='word_1_235' title='bbox 2668 808 2986 877; x_wconf 87' lang='lat' dir='ltr'><strong>apostolica</strong></span> <span class='ocrx_word' id='word_1_236' title='bbox 3034 818 3359 883; x_wconf 84' lang='lat' dir='ltr'><strong>postposita</strong></span> <span class='ocrx_word' id='word_1_237' title='bbox 3408 820 3656 873; x_wconf 79' lang='lat' dir='ltr'><strong>auctori-</strong></span> 
     </span>
    </p>
   </div>
   <div class='ocr_carea' id='block_1_37' title="bbox 2022 893 3662 976">
    <p class='ocr_par' dir='ltr' id='par_1_37' title="bbox 2022 893 3662 976">
     <span class='ocr_line' id='line_1_37' title="bbox 2022 893 3662 976; baseline 0.012 -32"><span class='ocrx_word' id='word_1_238' title='bbox 2022 894 2160 957; x_wconf 86' lang='lat' dir='ltr'><strong>tate,</strong></span> <span class='ocrx_word' id='word_1_239' title='bbox 2194 908 2300 946; x_wconf 92' lang='lat' dir='ltr'><strong>nos</strong></span> <span class='ocrx_word' id='word_1_240' title='bbox 2329 893 2381 946; x_wconf 92' lang='lat' dir='ltr'><strong>vi</strong></span> <span class='ocrx_word' id='word_1_241' title='bbox 2431 910 2463 947; x_wconf 91' lang='lat' dir='ltr'><strong>a</strong></span> <span class='ocrx_word' id='word_1_242' title='bbox 2515 895 2785 966; x_wconf 87' lang='lat' dir='ltr'><strong>propriis,</strong></span> <span class='ocrx_word' id='word_1_243' title='bbox 2830 898 2987 953; x_wconf 83' lang='lat' dir='ltr'><strong>vobis</strong></span> <span class='ocrx_word' id='word_1_244' title='bbox 3041 900 3410 976; x_wconf 83' lang='lat' dir='ltr'><strong>inconsultis,</strong></span> <span class='ocrx_word' id='word_1_245' title='bbox 3462 907 3662 965; x_wconf 87' lang='lat' dir='ltr'><strong>illicite</strong></span> 
     </span>
    </p>
   </div>
   <div class='ocr_carea' id='block_1_38' title="bbox 2023 979 3663 1056">
    <p class='ocr_par' dir='ltr' id='par_1_38' title="bbox 2023 979 3663 1056">
     <span class='ocr_line' id='line_1_38' title="bbox 2023 979 3663 1056; baseline 0.013 -24"><span class='ocrx_word' id='word_1_246' title='bbox 2023 979 2321 1050; x_wconf 87' lang='lat' dir='ltr'><strong>expellunt</strong></span> <span class='ocrx_word' id='word_1_247' title='bbox 2350 982 2865 1056; x_wconf 79' lang='lat' dir='ltr'><strong>sedibus,ovesque</strong></span> <span class='ocrx_word' id='word_1_248' title='bbox 2897 988 3066 1044; x_wconf 90' lang='lat' dir='ltr'><strong>nobis</strong></span> <span class='ocrx_word' id='word_1_249' title='bbox 3096 1007 3129 1044; x_wconf 91' lang='lat' dir='ltr'><strong>a</strong></span> <span class='ocrx_word' id='word_1_250' title='bbox 3158 993 3385 1049; x_wconf 86' lang='lat' dir='ltr'><strong>Christo</strong></span> <span class='ocrx_word' id='word_1_251' title='bbox 3418 995 3663 1054; x_wconf 88' lang='lat' dir='ltr'><strong>Domino</strong></span> 
     </span>
    </p>
   </div>
   <div class='ocr_carea' id='block_1_39' title="bbox 2025 1066 3662 1146">
    <p class='ocr_par' dir='ltr' id='par_1_39' title="bbox 2025 1066 3662 1146">
     <span class='ocr_line' id='line_1_39' title="bbox 2025 1066 3662 1146; baseline 0.011 -24"><span class='ocrx_word' id='word_1_252' title='bbox 2025 1066 2346 1137; x_wconf 89' lang='lat' dir='ltr'><strong>apostolica</strong></span> <span class='ocrx_word' id='word_1_253' title='bbox 2376 1069 2723 1123; x_wconf 83' lang='lat' dir='ltr'><strong>commissas</strong></span> <span class='ocrx_word' id='word_1_254' title='bbox 2764 1073 2972 1140; x_wconf 76' lang='lat' dir='ltr'><strong>gratia,</strong></span> <span class='ocrx_word' id='word_1_255' title='bbox 3028 1078 3330 1143; x_wconf 76' lang='lat' dir='ltr'><strong>invadunt,</strong></span> <span class='ocrx_word' id='word_1_256' title='bbox 3381 1085 3662 1146; x_wconf 84' lang='lat' dir='ltr'><strong>gradibus</strong></span> 
     </span>
    </p>
   </div>
   <div class='ocr_carea' id='block_1_40' title="bbox 2027 1155 3666 1230">
    <p class='ocr_par' dir='ltr' id='par_1_40' title="bbox 2027 1155 3666 1230">
     <span class='ocr_line' id='line_1_40' title="bbox 2027 1155 3666 1230; baseline 0.013 -22"><span class='ocrx_word' id='word_1_257' title='bbox 2027 1155 2255 1227; x_wconf 88' lang='lat' dir='ltr'><strong>privaut</strong></span> <span class='ocrx_word' id='word_1_258' title='bbox 2285 1163 2380 1212; x_wconf 89' lang='lat' dir='ltr'><strong>:et</strong></span> <span class='ocrx_word' id='word_1_259' title='bbox 2407 1159 2563 1229; x_wconf 89' lang='lat' dir='ltr'><strong>quod</strong></span> <span class='ocrx_word' id='word_1_260' title='bbox 2598 1161 2915 1224; x_wconf 85' lang='lat' dir='ltr'><strong>pessimum</strong></span> <span class='ocrx_word' id='word_1_261' title='bbox 2955 1172 3060 1230; x_wconf 86' lang='lat' dir='ltr'><strong>est,</strong></span> <span class='ocrx_word' id='word_1_262' title='bbox 3095 1172 3153 1219; x_wconf 85' lang='lat' dir='ltr'><strong>et;</strong></span> <span class='ocrx_word' id='word_1_263' title='bbox 3200 1170 3477 1225; x_wconf 88' lang='lat' dir='ltr'><strong>omnibus</strong></span> <span class='ocrx_word' id='word_1_264' title='bbox 3504 1174 3666 1229; x_wconf 89' lang='lat' dir='ltr'><strong>Chri-</strong></span> 
     </span>
    </p>
   </div>
   <div class='ocr_carea' id='block_1_41' title="bbox 2028 1242 3661 1317">
    <p class='ocr_par' dir='ltr' id='par_1_41' title="bbox 2028 1242 3661 1317">
     <span class='ocr_line' id='line_1_41' title="bbox 2028 1242 3661 1317; baseline 0.012 -19"><span class='ocrx_word' id='word_1_265' title='bbox 2028 1242 2238 1299; x_wconf 88' lang='lat' dir='ltr'><strong>stianis</strong></span> <span class='ocrx_word' id='word_1_266' title='bbox 2291 1243 2516 1316; x_wconf 72' lang='lat' dir='ltr'><strong>legibus</strong></span> <span class='ocrx_word' id='word_1_267' title='bbox 2574 1246 2903 1314; x_wconf 85' lang='lat' dir='ltr'><strong>inimicum,</strong></span> <span class='ocrx_word' id='word_1_268' title='bbox 2956 1252 3277 1311; x_wconf 89' lang='lat' dir='ltr'><strong>interlicere</strong></span> <span class='ocrx_word' id='word_1_269' title='bbox 3347 1259 3661 1317; x_wconf 89' lang='lat' dir='ltr'><strong>decertant.</strong></span> 
     </span>
    </p>
   </div>
   <div class='ocr_carea' id='block_1_42' title="bbox 2028 1335 3669 1407">
    <p class='ocr_par' dir='ltr' id='par_1_42' title="bbox 2028 1335 3669 1407">
     <span class='ocr_line' id='line_1_42' title="bbox 2028 1335 3669 1407; baseline 0.013 -20"><span class='ocrx_word' id='word_1_270' title='bbox 2028 1335 2147 1388; x_wconf 82' lang='lat' dir='ltr'><strong>Vos</strong></span> <span class='ocrx_word' id='word_1_271' title='bbox 2175 1348 2312 1405; x_wconf 82' lang='lat' dir='ltr'><strong>ergo</strong></span> <span class='ocrx_word' id='word_1_272' title='bbox 2346 1339 2409 1389; x_wconf 92' lang='lat' dir='ltr'><strong>ut</strong></span> <span class='ocrx_word' id='word_1_273' title='bbox 2437 1351 2668 1407; x_wconf 88' lang='lat' dir='ltr'><strong>semper</strong></span> <span class='ocrx_word' id='word_1_274' title='bbox 2694 1344 2895 1393; x_wconf 69' lang='lat' dir='ltr'><strong>vestra:</strong></span> <span class='ocrx_word' id='word_1_275' title='bbox 2922 1342 3044 1395; x_wconf 89' lang='lat' dir='ltr'><strong>sedi</strong></span> <span class='ocrx_word' id='word_1_276' title='bbox 3077 1350 3289 1399; x_wconf 64' lang='lat' dir='ltr'><strong>sanctae</strong></span> <span class='ocrx_word' id='word_1_277' title='bbox 3307 1353 3669 1407; x_wconf 87' lang='lat' dir='ltr'><strong>consuetudo</strong></span> 
     </span>
    </p>
   </div>
   <div class='ocr_carea' id='block_1_43' title="bbox 2030 1421 3666 1507">
    <p class='ocr_par' dir='ltr' id='par_1_43' title="bbox 2030 1421 3666 1507">
     <span class='ocr_line' id='line_1_43' title="bbox 2030 1421 3666 1507; baseline 0.013 -32"><span class='ocrx_word' id='word_1_278' title='bbox 2030 1421 2159 1489; x_wconf 88' lang='lat' dir='ltr'><strong>fuit,</strong></span> <span class='ocrx_word' id='word_1_279' title='bbox 2193 1423 2664 1492; x_wconf 82' lang='lat' dir='ltr'><strong>periclitantibus</strong></span> <span class='ocrx_word' id='word_1_280' title='bbox 2694 1429 3346 1503; x_wconf 75' lang='lat' dir='ltr'><strong>subvenite.oppressos</strong></span> <span class='ocrx_word' id='word_1_281' title='bbox 3377 1440 3666 1507; x_wconf 87' lang='lat' dir='ltr'><strong>roborate,</strong></span> 
     </span>
    </p>
   </div>
   <div class='ocr_carea' id='block_1_44' title="bbox 2031 1510 3670 1596">
    <p class='ocr_par' dir='ltr' id='par_1_44' title="bbox 2031 1510 3670 1596">
     <span class='ocr_line' id='line_1_44' title="bbox 2031 1510 3670 1596; baseline 0.014 -33"><span class='ocrx_word' id='word_1_282' title='bbox 2031 1510 2329 1566; x_wconf 88' lang='lat' dir='ltr'><strong>tribulatis</strong></span> <span class='ocrx_word' id='word_1_283' title='bbox 2362 1528 2600 1567; x_wconf 89' lang='lat' dir='ltr'><strong>manum</strong></span> <span class='ocrx_word' id='word_1_284' title='bbox 2628 1516 2918 1585; x_wconf 71' lang='lat' dir='ltr'><strong>porrigite,</strong></span> <span class='ocrx_word' id='word_1_285' title='bbox 2971 1518 3225 1591; x_wconf 88' lang='lat' dir='ltr'><strong>taliaque</strong></span> <span class='ocrx_word' id='word_1_286' title='bbox 3259 1526 3577 1596; x_wconf 87' lang='lat' dir='ltr'><strong>prohibete,</strong></span> <span class='ocrx_word' id='word_1_287' title='bbox 3611 1536 3670 1586; x_wconf 87' lang='lat' dir='ltr'><strong>et</strong></span> 
     </span>
    </p>
   </div>
   <div class='ocr_carea' id='block_1_45' title="bbox 2032 1597 3672 1686">
    <p class='ocr_par' dir='ltr' id='par_1_45' title="bbox 2032 1597 3672 1686">
     <span class='ocr_line' id='line_1_45' title="bbox 2032 1597 3672 1686; baseline 0.015 -35"><span class='ocrx_word' id='word_1_288' title='bbox 2032 1597 2188 1669; x_wconf 84' lang='lat' dir='ltr'><strong>leges</strong></span> <span class='ocrx_word' id='word_1_289' title='bbox 2222 1599 2523 1671; x_wconf 87' lang='lat' dir='ltr'><strong>imponite,</strong></span> <span class='ocrx_word' id='word_1_290' title='bbox 2559 1609 2622 1656; x_wconf 93' lang='lat' dir='ltr'><strong>ut</strong></span> <span class='ocrx_word' id='word_1_291' title='bbox 2659 1607 2977 1675; x_wconf 84' lang='lat' dir='ltr'><strong>apostolica</strong></span> <span class='ocrx_word' id='word_1_292' title='bbox 3006 1609 3291 1681; x_wconf 87' lang='lat' dir='ltr'><strong>doctrina,</strong></span> <span class='ocrx_word' id='word_1_293' title='bbox 3324 1631 3452 1686; x_wconf 66' lang='lat' dir='ltr'><strong>quae</strong></span> <span class='ocrx_word' id='word_1_294' title='bbox 3482 1618 3540 1672; x_wconf 90' lang='lat' dir='ltr'><strong>in</strong></span> <span class='ocrx_word' id='word_1_295' title='bbox 3560 1624 3672 1676; x_wconf 90' lang='lat' dir='ltr'><strong>Deo</strong></span> 
     </span>
    </p>
   </div>
   <div class='ocr_carea' id='block_1_46' title="bbox 2032 1688 3676 1769">
    <p class='ocr_par' dir='ltr' id='par_1_46' title="bbox 2032 1688 3676 1769">
     <span class='ocr_line' id='line_1_46' title="bbox 2032 1688 3676 1769; baseline 0.015 -29"><span class='ocrx_word' id='word_1_296' title='bbox 2032 1691 2142 1758; x_wconf 80' lang='lat' dir='ltr'><strong>est,</strong></span> <span class='ocrx_word' id='word_1_297' title='bbox 2177 1688 2290 1742; x_wconf 89' lang='lat' dir='ltr'><strong>cito</strong></span> <span class='ocrx_word' id='word_1_298' title='bbox 2337 1690 2409 1744; x_wconf 91' lang='lat' dir='ltr'><strong>ad</strong></span> <span class='ocrx_word' id='word_1_299' title='bbox 2455 1690 2740 1747; x_wconf 86' lang='lat' dir='ltr'><strong>victorum</strong></span> <span class='ocrx_word' id='word_1_300' title='bbox 2788 1694 3082 1762; x_wconf 85' lang='lat' dir='ltr'><strong>judicium</strong></span> <span class='ocrx_word' id='word_1_301' title='bbox 3145 1702 3457 1769; x_wconf 87' lang='lat' dir='ltr'><strong>perducere</strong></span> <span class='ocrx_word' id='word_1_302' title='bbox 3489 1708 3676 1764; x_wconf 89' lang='lat' dir='ltr'><strong>valeat</strong></span> 
     </span>
    </p>
   </div>
   <div class='ocr_carea' id='block_1_47' title="bbox 2034 1781 3676 1867">
    <p class='ocr_par' dir='ltr' id='par_1_47' title="bbox 2034 1781 3676 1867">
     <span class='ocr_line' id='line_1_47' title="bbox 2034 1781 3676 1867; baseline 0.015 -37"><span class='ocrx_word' id='word_1_303' title='bbox 2034 1781 2555 1867; x_wconf 74' lang='lat' dir='ltr'><strong>nostrum,nosque</strong></span> <span class='ocrx_word' id='word_1_304' title='bbox 2587 1782 2979 1852; x_wconf 84' lang='lat' dir='ltr'><strong>apostolorum</strong></span> <span class='ocrx_word' id='word_1_305' title='bbox 3016 1787 3275 1861; x_wconf 87' lang='lat' dir='ltr'><strong>principe</strong></span> <span class='ocrx_word' id='word_1_306' title='bbox 3314 1794 3676 1867; x_wconf 74' lang='lat' dir='ltr'><strong>sulfragante</strong></span> 
     </span>
    </p>
   </div>
   <div class='ocr_carea' id='block_1_48' title="bbox 2034 1864 3677 1954">
    <p class='ocr_par' dir='ltr' id='par_1_48' title="bbox 2034 1864 3677 1954">
     <span class='ocr_line' id='line_1_48' title="bbox 2034 1864 3677 1954; baseline 0.013 -35"><span class='ocrx_word' id='word_1_307' title='bbox 2034 1864 2219 1934; x_wconf 85' lang='lat' dir='ltr'><strong>Petro,</strong></span> <span class='ocrx_word' id='word_1_308' title='bbox 2252 1868 2324 1921; x_wconf 84' lang='lat' dir='ltr'><strong>ab</strong></span> <span class='ocrx_word' id='word_1_309' title='bbox 2353 1866 2799 1924; x_wconf 87' lang='lat' dir='ltr'><strong>imminentibus</strong></span> <span class='ocrx_word' id='word_1_310' title='bbox 2833 1874 3106 1941; x_wconf 85' lang='lat' dir='ltr'><strong>periculis</strong></span> <span class='ocrx_word' id='word_1_311' title='bbox 3128 1875 3373 1936; x_wconf 89' lang='lat' dir='ltr'><strong>liberare</strong></span> <span class='ocrx_word' id='word_1_312' title='bbox 3402 1864 3535 1954; x_wconf 45' lang='lat' dir='ltr'><strong>(48f.</strong></span> <span class='ocrx_word' id='word_1_313' title='bbox 3570 1885 3677 1942; x_wconf 87' lang='lat' dir='ltr'><strong>No-</strong></span> 
     </span>
    </p>
   </div>
   <div class='ocr_carea' id='block_1_49' title="bbox 2036 1953 3677 2039">
    <p class='ocr_par' dir='ltr' id='par_1_49' title="bbox 2036 1953 3677 2039">
     <span class='ocr_line' id='line_1_49' title="bbox 2036 1953 3677 2039; baseline 0.015 -32"><span class='ocrx_word' id='word_1_314' title='bbox 2036 1953 2226 2009; x_wconf 91' lang='lat' dir='ltr'><strong>vimus</strong></span> <span class='ocrx_word' id='word_1_315' title='bbox 2256 1971 2511 2026; x_wconf 88' lang='lat' dir='ltr'><strong>namque</strong></span> <span class='ocrx_word' id='word_1_316' title='bbox 2543 1956 2599 2010; x_wconf 89' lang='lat' dir='ltr'><strong>in</strong></span> <span class='ocrx_word' id='word_1_317' title='bbox 2625 1958 2750 2028; x_wconf 87' lang='lat' dir='ltr'><strong>jam</strong></span> <span class='ocrx_word' id='word_1_318' title='bbox 2773 1962 2921 2013; x_wconf 83' lang='lat' dir='ltr'><strong>facta</strong></span> <span class='ocrx_word' id='word_1_319' title='bbox 2944 1962 3165 2018; x_wconf 76' lang='lat' dir='ltr'><strong>Nicamn</strong></span> <span class='ocrx_word' id='word_1_320' title='bbox 3193 1970 3413 2039; x_wconf 81' lang='lat' dir='ltr'><strong>synodo</strong></span> <span class='ocrx_word' id='word_1_321' title='bbox 3442 1989 3677 2036; x_wconf 67' lang='lat' dir='ltr'><strong>genera-</strong></span> 
     </span>
    </p>
   </div>
   <div class='ocr_carea' id='block_1_50' title="bbox 2038 2040 3676 2135">
    <p class='ocr_par' dir='ltr' id='par_1_50' title="bbox 2038 2040 3676 2135">
     <span class='ocr_line' id='line_1_50' title="bbox 2038 2040 3676 2135; baseline 0.015 -40"><span class='ocrx_word' id='word_1_322' title='bbox 2038 2040 2171 2135; x_wconf 82' lang='lat' dir='ltr'><strong>liter</strong></span> <span class='ocrx_word' id='word_1_323' title='bbox 2209 2059 2340 2099; x_wconf 89' lang='lat' dir='ltr'><strong>esse</strong></span> <span class='ocrx_word' id='word_1_324' title='bbox 2385 2045 2705 2107; x_wconf 83' lang='lat' dir='ltr'><strong>decretum.</strong></span> <span class='ocrx_word' id='word_1_325' title='bbox 2759 2053 2820 2101; x_wconf 90' lang='lat' dir='ltr'><strong>ut.</strong></span> <span class='ocrx_word' id='word_1_326' title='bbox 2867 2049 3062 2105; x_wconf 89' lang='lat' dir='ltr'><strong>nullus</strong></span> <span class='ocrx_word' id='word_1_327' title='bbox 3126 2057 3366 2122; x_wconf 81' lang='lat' dir='ltr'><strong>passim,</strong></span> <span class='ocrx_word' id='word_1_328' title='bbox 3414 2076 3676 2135; x_wconf 82' lang='lat' dir='ltr'><strong>vageque</strong></span> 
     </span>
    </p>
   </div>
   <div class='ocr_carea' id='block_1_51' title="bbox 2036 2131 3675 2224">
    <p class='ocr_par' dir='ltr' id='par_1_51' title="bbox 2036 2131 3675 2224">
     <span class='ocr_line' id='line_1_51' title="bbox 2036 2131 3675 2224; baseline 0.014 -39"><span class='ocrx_word' id='word_1_329' title='bbox 2036 2131 2363 2202; x_wconf 88' lang='lat' dir='ltr'><strong>episcopos,</strong></span> <span class='ocrx_word' id='word_1_330' title='bbox 2407 2139 2509 2187; x_wconf 84' lang='lat' dir='ltr'><strong>aut</strong></span> <span class='ocrx_word' id='word_1_331' title='bbox 2542 2137 2951 2207; x_wconf 64' lang='lat' dir='ltr'><strong>praesumptive</strong></span> <span class='ocrx_word' id='word_1_332' title='bbox 2978 2140 3355 2208; x_wconf 86' lang='lat' dir='ltr'><strong>lacerare,aut</strong></span> <span class='ocrx_word' id='word_1_333' title='bbox 3375 2131 3675 2224; x_wconf 74' lang='lat' dir='ltr'><strong>accusare,</strong></span> 
     </span>
    </p>
   </div>
   <div class='ocr_carea' id='block_1_52' title="bbox 2037 2220 3675 2307">
    <p class='ocr_par' dir='ltr' id='par_1_52' title="bbox 2037 2220 3675 2307">
     <span class='ocr_line' id='line_1_52' title="bbox 2037 2220 3675 2307; baseline 0.012 -34"><span class='ocrx_word' id='word_1_334' title='bbox 2037 2226 2096 2273; x_wconf 85' lang='lat' dir='ltr'><strong>et</strong></span> <span class='ocrx_word' id='word_1_335' title='bbox 2142 2220 2243 2289; x_wconf 88' lang='lat' dir='ltr'><strong>qui</strong></span> <span class='ocrx_word' id='word_1_336' title='bbox 2292 2237 2403 2275; x_wconf 89' lang='lat' dir='ltr'><strong>non</strong></span> <span class='ocrx_word' id='word_1_337' title='bbox 2452 2226 2591 2275; x_wconf 89' lang='lat' dir='ltr'><strong>sunt</strong></span> <span class='ocrx_word' id='word_1_338' title='bbox 2635 2232 2798 2277; x_wconf 71' lang='lat' dir='ltr'><strong>recta:</strong></span> <span class='ocrx_word' id='word_1_339' title='bbox 2852 2228 2978 2280; x_wconf 70' lang='lat' dir='ltr'><strong>tidei</strong></span> <span class='ocrx_word' id='word_1_340' title='bbox 3032 2231 3113 2282; x_wconf 87' lang='lat' dir='ltr'><strong>vel</strong></span> <span class='ocrx_word' id='word_1_341' title='bbox 3163 2234 3325 2286; x_wconf 82' lang='lat' dir='ltr'><strong>bonm</strong></span> <span class='ocrx_word' id='word_1_342' title='bbox 3386 2241 3535 2307; x_wconf 64' lang='lat' dir='ltr'><strong>vitm,</strong></span> <span class='ocrx_word' id='word_1_343' title='bbox 3588 2220 3675 2296; x_wconf 79' lang='lat' dir='ltr'><strong>vel</strong></span> 
     </span>
    </p>
   </div>
   <div class='ocr_carea' id='block_1_53' title="bbox 2036 2308 3671 2391">
    <p class='ocr_par' dir='ltr' id='par_1_53' title="bbox 2036 2308 3671 2391">
     <span class='ocr_line' id='line_1_53' title="bbox 2036 2308 3671 2391; baseline 0.017 -32"><span class='ocrx_word' id='word_1_344' title='bbox 2036 2308 2203 2360; x_wconf 69' lang='lat' dir='ltr'><strong>clarae</strong></span> <span class='ocrx_word' id='word_1_345' title='bbox 2253 2311 2739 2373; x_wconf 84' lang='lat' dir='ltr'><strong>conversationis,</strong></span> <span class='ocrx_word' id='word_1_346' title='bbox 2809 2312 3093 2371; x_wconf 80' lang='lat' dir='ltr'><strong>infamare</strong></span> <span class='ocrx_word' id='word_1_347' title='bbox 3158 2331 3492 2391; x_wconf 64' lang='lat' dir='ltr'><strong>prmsumnt.</strong></span> <span class='ocrx_word' id='word_1_348' title='bbox 3563 2329 3671 2385; x_wconf 89' lang='lat' dir='ltr'><strong>Sed</strong></span> 
     </span>
    </p>
   </div>
   <div class='ocr_carea' id='block_1_54' title="bbox 2036 2396 3675 2488">
    <p class='ocr_par' dir='ltr' id='par_1_54' title="bbox 2036 2396 3675 2488">
     <span class='ocr_line' id='line_1_54' title="bbox 2036 2396 3675 2488; baseline 0.016 -40"><span class='ocrx_word' id='word_1_349' title='bbox 2036 2396 2198 2467; x_wconf 90' lang='lat' dir='ltr'><strong>prius</strong></span> <span class='ocrx_word' id='word_1_350' title='bbox 2229 2398 2275 2451; x_wconf 91' lang='lat' dir='ltr'><strong>si</strong></span> <span class='ocrx_word' id='word_1_351' title='bbox 2298 2413 2435 2468; x_wconf 88' lang='lat' dir='ltr'><strong>erga</strong></span> <span class='ocrx_word' id='word_1_352' title='bbox 2463 2398 2881 2469; x_wconf 79' lang='lat' dir='ltr'><strong>episcopos,vel</strong></span> <span class='ocrx_word' id='word_1_353' title='bbox 2912 2410 3179 2462; x_wconf 88' lang='lat' dir='ltr'><strong>auctores</strong></span> <span class='ocrx_word' id='word_1_354' title='bbox 3210 2410 3475 2469; x_wconf 65' lang='lat' dir='ltr'><strong>Ecclesiae</strong></span> <span class='ocrx_word' id='word_1_355' title='bbox 3509 2419 3675 2488; x_wconf 87' lang='lat' dir='ltr'><strong>quis-</strong></span> 
     </span>
    </p>
   </div>
   <div class='ocr_carea' id='block_1_55' title="bbox 2036 2486 3674 2562">
    <p class='ocr_par' dir='ltr' id='par_1_55' title="bbox 2036 2486 3674 2562">
     <span class='ocr_line' id='line_1_55' title="bbox 2036 2486 3674 2562; baseline 0.015 -24"><span class='ocrx_word' id='word_1_356' title='bbox 2036 2501 2211 2555; x_wconf 89' lang='lat' dir='ltr'><strong>quam</strong></span> <span class='ocrx_word' id='word_1_357' title='bbox 2244 2502 2482 2541; x_wconf 87' lang='lat' dir='ltr'><strong>causam</strong></span> <span class='ocrx_word' id='word_1_358' title='bbox 2530 2486 2817 2555; x_wconf 87' lang='lat' dir='ltr'><strong>habuerit,</strong></span> <span class='ocrx_word' id='word_1_359' title='bbox 2852 2508 2950 2547; x_wconf 85' lang='lat' dir='ltr'><strong>eos</strong></span> <span class='ocrx_word' id='word_1_360' title='bbox 2999 2509 3131 2549; x_wconf 90' lang='lat' dir='ltr'><strong>cum</strong></span> <span class='ocrx_word' id='word_1_361' title='bbox 3181 2497 3467 2559; x_wconf 89' lang='lat' dir='ltr'><strong>charitate</strong></span> <span class='ocrx_word' id='word_1_362' title='bbox 3507 2486 3674 2562; x_wconf 84' lang='lat' dir='ltr'><strong>man-</strong></span> 
     </span>
    </p>
   </div>
   <div class='ocr_carea' id='block_1_56' title="bbox 2035 2576 3671 2666">
    <p class='ocr_par' dir='ltr' id='par_1_56' title="bbox 2035 2576 3671 2666">
     <span class='ocr_line' id='line_1_56' title="bbox 2035 2576 3671 2666; baseline 0.015 -38"><span class='ocrx_word' id='word_1_363' title='bbox 2035 2580 2200 2629; x_wconf 85' lang='lat' dir='ltr'><strong>suete</strong></span> <span class='ocrx_word' id='word_1_364' title='bbox 2249 2576 2571 2666; x_wconf 84' lang='lat' dir='ltr'><strong>conveniat,</strong></span> <span class='ocrx_word' id='word_1_365' title='bbox 2623 2581 2686 2630; x_wconf 89' lang='lat' dir='ltr'><strong>ut</strong></span> <span class='ocrx_word' id='word_1_366' title='bbox 2733 2578 2805 2632; x_wconf 86' lang='lat' dir='ltr'><strong>ab</strong></span> <span class='ocrx_word' id='word_1_367' title='bbox 2861 2582 2945 2635; x_wconf 89' lang='lat' dir='ltr'><strong>eis</strong></span> <span class='ocrx_word' id='word_1_368' title='bbox 2992 2583 3203 2639; x_wconf 88' lang='lat' dir='ltr'><strong>vulnus</strong></span> <span class='ocrx_word' id='word_1_369' title='bbox 3251 2592 3406 2646; x_wconf 90' lang='lat' dir='ltr'><strong>unde</strong></span> <span class='ocrx_word' id='word_1_370' title='bbox 3456 2596 3671 2666; x_wconf 88' lang='lat' dir='ltr'><strong>agitur,</strong></span> 
     </span>
    </p>
   </div>
   <div class='ocr_carea' id='block_1_57' title="bbox 2036 2665 3676 2744">
    <p class='ocr_par' dir='ltr' id='par_1_57' title="bbox 2036 2665 3676 2744">
     <span class='ocr_line' id='line_1_57' title="bbox 2036 2665 3676 2744; baseline 0.016 -29"><span class='ocrx_word' id='word_1_371' title='bbox 2036 2667 2187 2716; x_wconf 89' lang='lat' dir='ltr'><strong>recte</strong></span> <span class='ocrx_word' id='word_1_372' title='bbox 2217 2668 2478 2717; x_wconf 87' lang='lat' dir='ltr'><strong>sanetur.</strong></span> <span class='ocrx_word' id='word_1_373' title='bbox 2515 2665 2635 2719; x_wconf 91' lang='lat' dir='ltr'><strong>Aut</strong></span> <span class='ocrx_word' id='word_1_374' title='bbox 2664 2666 2807 2729; x_wconf 88' lang='lat' dir='ltr'><strong>ipse,</strong></span> <span class='ocrx_word' id='word_1_375' title='bbox 2842 2670 2887 2722; x_wconf 91' lang='lat' dir='ltr'><strong>si</strong></span> <span class='ocrx_word' id='word_1_376' title='bbox 2921 2685 3090 2725; x_wconf 89' lang='lat' dir='ltr'><strong>secus</strong></span> <span class='ocrx_word' id='word_1_377' title='bbox 3121 2676 3320 2744; x_wconf 90' lang='lat' dir='ltr'><strong>egerit,</strong></span> <span class='ocrx_word' id='word_1_378' title='bbox 3372 2665 3676 2740; x_wconf 86' lang='lat' dir='ltr'><strong>accusator</strong></span> 
     </span>
    </p>
   </div>
   <div class='ocr_carea' id='block_1_58' title="bbox 2035 2752 3671 2829">
    <p class='ocr_par' dir='ltr' id='par_1_58' title="bbox 2035 2752 3671 2829">
     <span class='ocr_line' id='line_1_58' title="bbox 2035 2752 3671 2829; baseline 0.014 -23"><span class='ocrx_word' id='word_1_379' title='bbox 2035 2752 2588 2807; x_wconf 84' lang='lat' dir='ltr'><strong>excommunicetur.</strong></span> <span class='ocrx_word' id='word_1_380' title='bbox 2622 2753 2781 2816; x_wconf 87' lang='lat' dir='ltr'><strong>Quod</strong></span> <span class='ocrx_word' id='word_1_381' title='bbox 2815 2756 2861 2810; x_wconf 91' lang='lat' dir='ltr'><strong>si</strong></span> <span class='ocrx_word' id='word_1_382' title='bbox 2894 2758 2968 2812; x_wconf 91' lang='lat' dir='ltr'><strong>ab</strong></span> <span class='ocrx_word' id='word_1_383' title='bbox 2998 2760 3081 2814; x_wconf 91' lang='lat' dir='ltr'><strong>eis</strong></span> <span class='ocrx_word' id='word_1_384' title='bbox 3114 2763 3255 2817; x_wconf 86' lang='lat' dir='ltr'><strong>nihil</strong></span> <span class='ocrx_word' id='word_1_385' title='bbox 3289 2774 3443 2822; x_wconf 89' lang='lat' dir='ltr'><strong>recte</strong></span> <span class='ocrx_word' id='word_1_386' title='bbox 3474 2774 3671 2829; x_wconf 80' lang='lat' dir='ltr'><strong>value-</strong></span> 
     </span>
    </p>
   </div>
   <div class='ocr_carea' id='block_1_59' title="bbox 2035 2839 3672 2931">
    <p class='ocr_par' dir='ltr' id='par_1_59' title="bbox 2035 2839 3672 2931">
     <span class='ocr_line' id='line_1_59' title="bbox 2035 2839 3672 2931; baseline 0.016 -38"><span class='ocrx_word' id='word_1_387' title='bbox 2035 2839 2454 2931; x_wconf 78' lang='lat' dir='ltr'><strong>ritpercipere,</strong></span> <span class='ocrx_word' id='word_1_388' title='bbox 2489 2846 2627 2897; x_wconf 91' lang='lat' dir='ltr'><strong>tunc</strong></span> <span class='ocrx_word' id='word_1_389' title='bbox 2661 2843 2846 2914; x_wconf 88' lang='lat' dir='ltr'><strong>primo</strong></span> <span class='ocrx_word' id='word_1_390' title='bbox 2878 2863 3143 2905; x_wconf 89' lang='lat' dir='ltr'><strong>summos</strong></span> <span class='ocrx_word' id='word_1_391' title='bbox 3171 2853 3340 2909; x_wconf 85' lang='lat' dir='ltr'><strong>adeat</strong></span> <span class='ocrx_word' id='word_1_392' title='bbox 3373 2858 3672 2931; x_wconf 79' lang='lat' dir='ltr'><strong>primates,</strong></span> 
     </span>
    </p>
   </div>
   <div class='ocr_carea' id='block_1_60' title="bbox 2035 2927 3675 3007">
    <p class='ocr_par' dir='ltr' id='par_1_60' title="bbox 2035 2927 3675 3007">
     <span class='ocr_line' id='line_1_60' title="bbox 2035 2927 3675 3007; baseline 0.015 -25"><span class='ocrx_word' id='word_1_393' title='bbox 2035 2932 2092 2983; x_wconf 90' lang='lat' dir='ltr'><strong>et</strong></span> <span class='ocrx_word' id='word_1_394' title='bbox 2121 2927 2231 3000; x_wconf 82' lang='lat' dir='ltr'><strong>ipsi</strong></span> <span class='ocrx_word' id='word_1_395' title='bbox 2272 2934 2534 3000; x_wconf 89' lang='lat' dir='ltr'><strong>tempore</strong></span> <span class='ocrx_word' id='word_1_396' title='bbox 2580 2947 2838 3003; x_wconf 84' lang='lat' dir='ltr'><strong>congruo</strong></span> <span class='ocrx_word' id='word_1_397' title='bbox 2889 2940 3165 2995; x_wconf 83' lang='lat' dir='ltr'><strong>canonice</strong></span> <span class='ocrx_word' id='word_1_398' title='bbox 3211 2958 3310 2997; x_wconf 89' lang='lat' dir='ltr'><strong>eos</strong></span> <span class='ocrx_word' id='word_1_399' title='bbox 3359 2927 3675 3007; x_wconf 82' lang='lat' dir='ltr'><strong>convocare</strong></span> 
     </span>
    </p>
   </div>
   <div class='ocr_carea' id='block_1_61' title="bbox 2036 3017 3675 3101">
    <p class='ocr_par' dir='ltr' id='par_1_61' title="bbox 2036 3017 3675 3101">
     <span class='ocr_line' id='line_1_61' title="bbox 2036 3017 3675 3101; baseline 0.014 -30"><span class='ocrx_word' id='word_1_400' title='bbox 2036 3017 2351 3071; x_wconf 89' lang='lat' dir='ltr'><strong>debebunt.</strong></span> <span class='ocrx_word' id='word_1_401' title='bbox 2383 3019 2487 3081; x_wconf 88' lang='lat' dir='ltr'><strong>Qui</strong></span> <span class='ocrx_word' id='word_1_402' title='bbox 2521 3017 2569 3073; x_wconf 92' lang='lat' dir='ltr'><strong>si</strong></span> <span class='ocrx_word' id='word_1_403' title='bbox 2604 3025 2706 3074; x_wconf 87' lang='lat' dir='ltr'><strong>aut</strong></span> <span class='ocrx_word' id='word_1_404' title='bbox 2735 3021 2858 3077; x_wconf 88' lang='lat' dir='ltr'><strong>suis</strong></span> <span class='ocrx_word' id='word_1_405' title='bbox 2909 3029 3084 3081; x_wconf 82' lang='lat' dir='ltr'><strong>rebus</strong></span> <span class='ocrx_word' id='word_1_406' title='bbox 3131 3031 3458 3101; x_wconf 84' lang='lat' dir='ltr'><strong>exspoliati,</strong></span> <span class='ocrx_word' id='word_1_407' title='bbox 3510 3043 3611 3091; x_wconf 89' lang='lat' dir='ltr'><strong>aut</strong></span> <span class='ocrx_word' id='word_1_408' title='bbox 3640 3057 3675 3096; x_wconf 92' lang='lat' dir='ltr'><strong>a</strong></span> 
     </span>
    </p>
   </div>
   <div class='ocr_carea' id='block_1_62' title="bbox 2039 3105 3674 3198">
    <p class='ocr_par' dir='ltr' id='par_1_62' title="bbox 2039 3105 3674 3198">
     <span class='ocr_line' id='line_1_62' title="bbox 2039 3105 3674 3198; baseline 0.015 -40"><span class='ocrx_word' id='word_1_409' title='bbox 2039 3105 2290 3177; x_wconf 87' lang='lat' dir='ltr'><strong>prepriis</strong></span> <span class='ocrx_word' id='word_1_410' title='bbox 2323 3106 2561 3161; x_wconf 84' lang='lat' dir='ltr'><strong>sedibus</strong></span> <span class='ocrx_word' id='word_1_411' title='bbox 2591 3110 2781 3179; x_wconf 85' lang='lat' dir='ltr'><strong>ejecti,</strong></span> <span class='ocrx_word' id='word_1_412' title='bbox 2814 3117 2916 3166; x_wconf 90' lang='lat' dir='ltr'><strong>aut</strong></span> <span class='ocrx_word' id='word_1_413' title='bbox 2941 3114 3214 3185; x_wconf 81' lang='lat' dir='ltr'><strong>exsiliati,</strong></span> <span class='ocrx_word' id='word_1_414' title='bbox 3268 3120 3355 3175; x_wconf 85' lang='lat' dir='ltr'><strong>vel</strong></span> <span class='ocrx_word' id='word_1_415' title='bbox 3387 3130 3674 3198; x_wconf 69' lang='lat' dir='ltr'><strong>op,»ressi,</strong></span> 
     </span>
    </p>
   </div>
   <div class='ocr_carea' id='block_1_63' title="bbox 2040 3194 3676 3278">
    <p class='ocr_par' dir='ltr' id='par_1_63' title="bbox 2040 3194 3676 3278">
     <span class='ocr_line' id='line_1_63' title="bbox 2040 3194 3676 3278; baseline 0.012 -30"><span class='ocrx_word' id='word_1_416' title='bbox 2040 3198 2140 3248; x_wconf 90' lang='lat' dir='ltr'><strong>aut</strong></span> <span class='ocrx_word' id='word_1_417' title='bbox 2182 3194 2383 3266; x_wconf 87' lang='lat' dir='ltr'><strong>inique</strong></span> <span class='ocrx_word' id='word_1_418' title='bbox 2432 3196 2662 3250; x_wconf 84' lang='lat' dir='ltr'><strong>tractati</strong></span> <span class='ocrx_word' id='word_1_419' title='bbox 2713 3198 2952 3267; x_wconf 77' lang='lat' dir='ltr'><strong>fuerint,</strong></span> <span class='ocrx_word' id='word_1_420' title='bbox 3005 3203 3192 3273; x_wconf 91' lang='lat' dir='ltr'><strong>primo</strong></span> <span class='ocrx_word' id='word_1_421' title='bbox 3268 3219 3569 3278; x_wconf 80' lang='lat' dir='ltr'><strong>eruantur,</strong></span> <span class='ocrx_word' id='word_1_422' title='bbox 3618 3194 3676 3273; x_wconf 77' lang='lat' dir='ltr'><strong>et;</strong></span> 
     </span>
    </p>
   </div>
   <div class='ocr_carea' id='block_1_64' title="bbox 282 3281 3675 3361">
    <p class='ocr_par' dir='ltr' id='par_1_64' title="bbox 282 3281 3675 3361">
     <span class='ocr_line' id='line_1_64' title="bbox 282 3281 3675 3361; baseline 0.004 -25"><span class='ocrx_word' id='word_1_423' title='bbox 282 3288 621 3353; x_wconf 88' lang='lat' dir='ltr'><strong>cuerunt,et</strong></span> <span class='ocrx_word' id='word_1_424' title='bbox 647 3282 906 3353; x_wconf 86' lang='lat' dir='ltr'><strong>quotidie</strong></span> <span class='ocrx_word' id='word_1_425' title='bbox 929 3283 1116 3339; x_wconf 87' lang='lat' dir='ltr'><strong>facere</strong></span> <span class='ocrx_word' id='word_1_426' title='bbox 1146 3282 1932 3355; x_wconf 87' lang='lat' dir='ltr'><strong>moliunturaftlictionibus,</strong></span> <span class='ocrx_word' id='word_1_427' title='bbox 1980 3281 2315 3361; x_wconf 89' lang='lat' dir='ltr'><strong>canonice</strong></span> <span class='ocrx_word' id='word_1_428' title='bbox 2364 3283 2768 3355; x_wconf 84' lang='lat' dir='ltr'><strong>restituantur,</strong></span> <span class='ocrx_word' id='word_1_429' title='bbox 2834 3294 3010 3361; x_wconf 88' lang='lat' dir='ltr'><strong>atque</strong></span> <span class='ocrx_word' id='word_1_430' title='bbox 3052 3295 3250 3350; x_wconf 88' lang='lat' dir='ltr'><strong>omnia</strong></span> <span class='ocrx_word' id='word_1_431' title='bbox 3316 3299 3427 3354; x_wconf 91' lang='lat' dir='ltr'><strong>sibi</strong></span> <span class='ocrx_word' id='word_1_432' title='bbox 3477 3305 3675 3361; x_wconf 89' lang='lat' dir='ltr'><strong>subla-</strong></span> 
     </span>
    </p>
   </div>
   <div class='ocr_carea' id='block_1_65' title="bbox 279 3358 3676 3460">
    <p class='ocr_par' dir='ltr' id='par_1_65' title="bbox 279 3358 3676 3460">
     <span class='ocr_line' id='line_1_65' title="bbox 279 3358 3676 3460; baseline 0.004 -33"><span class='ocrx_word' id='word_1_433' title='bbox 279 3375 347 3428; x_wconf 86' lang='lat' dir='ltr'><strong>et</strong></span> <span class='ocrx_word' id='word_1_434' title='bbox 375 3371 831 3443; x_wconf 88' lang='lat' dir='ltr'><strong>apprehendere,</strong></span> <span class='ocrx_word' id='word_1_435' title='bbox 865 3387 931 3427; x_wconf 89' lang='lat' dir='ltr'><strong>ac</strong></span> <span class='ocrx_word' id='word_1_436' title='bbox 959 3372 1071 3443; x_wconf 73' lang='grc'><strong>(47)</strong></span> <span class='ocrx_word' id='word_1_437' title='bbox 1106 3371 1276 3428; x_wconf 81' lang='lat' dir='ltr'><strong>ferris</strong></span> <span class='ocrx_word' id='word_1_438' title='bbox 1320 3388 1426 3427; x_wconf 91' lang='lat' dir='ltr'><strong>nos</strong></span> <span class='ocrx_word' id='word_1_439' title='bbox 1472 3371 1794 3444; x_wconf 83' lang='lat' dir='ltr'><strong>constringi</strong></span> <span class='ocrx_word' id='word_1_440' title='bbox 1824 3373 1934 3427; x_wconf 64' lang='lat' dir='ltr'><strong>mi-</strong></span> <span class='ocrx_word' id='word_1_441' title='bbox 1965 3358 2007 3423; x_wconf 86' lang='lat' dir='ltr'>C</span> <span class='ocrx_word' id='word_1_442' title='bbox 2140 3370 2252 3441; x_wconf 80' lang='grc'>(49)</span> <span class='ocrx_word' id='word_1_443' title='bbox 2299 3371 2668 3460; x_wconf 81' lang='lat' dir='ltr'><strong>integerrime</strong></span> <span class='ocrx_word' id='word_1_444' title='bbox 2720 3375 2806 3429; x_wconf 86' lang='lat' dir='ltr'><strong>eis</strong></span> <span class='ocrx_word' id='word_1_445' title='bbox 2860 3358 3086 3447; x_wconf 78' lang='lat' dir='ltr'><strong>legibus</strong></span> <span class='ocrx_word' id='word_1_446' title='bbox 3131 3384 3470 3445; x_wconf 88' lang='lat' dir='ltr'><strong>reddantur.</strong></span> <span class='ocrx_word' id='word_1_447' title='bbox 3525 3358 3676 3460; x_wconf 58' lang='lat' dir='ltr'><strong>Qun.</strong></span> 
     </span>
    </p>
   </div>
   <div class='ocr_carea' id='block_1_66' title="bbox 276 3460 1928 3533">
    <p class='ocr_par' dir='ltr' id='par_1_66' title="bbox 276 3460 1928 3533">
     <span class='ocr_line' id='line_1_66' title="bbox 276 3460 1928 3533; baseline -0.002 -14"><span class='ocrx_word' id='word_1_448' title='bbox 276 3469 523 3523; x_wconf 74' lang='lat' dir='ltr'><strong>nentur.</strong></span> <span class='ocrx_word' id='word_1_449' title='bbox 558 3461 669 3516; x_wconf 86' lang='lat' dir='ltr'><strong>nisi</strong></span> <span class='ocrx_word' id='word_1_450' title='bbox 701 3477 904 3516; x_wconf 85' lang='lat' dir='ltr'><strong>eorum</strong></span> <span class='ocrx_word' id='word_1_451' title='bbox 947 3462 1388 3517; x_wconf 81' lang='lat' dir='ltr'><strong>consentiamus</strong></span> <span class='ocrx_word' id='word_1_452' title='bbox 1425 3460 1742 3529; x_wconf 87' lang='lat' dir='ltr'><strong>erroribus,</strong></span> <span class='ocrx_word' id='word_1_453' title='bbox 1775 3462 1928 3533; x_wconf 89' lang='lat' dir='ltr'><strong>quod</strong></span> 
     </span>
    </p>
   </div>
   <div class='ocr_carea' id='block_1_67' title="bbox 272 3549 1929 3622">
    <p class='ocr_par' dir='ltr' id='par_1_67' title="bbox 272 3549 1929 3622">
     <span class='ocr_line' id='line_1_67' title="bbox 272 3549 1929 3622; baseline -0.002 -14"><span class='ocrx_word' id='word_1_454' title='bbox 272 3566 656 3622; x_wconf 87' lang='lat' dir='ltr'><strong>nequaquam</strong></span> <span class='ocrx_word' id='word_1_455' title='bbox 688 3549 851 3604; x_wconf 89' lang='lat' dir='ltr'><strong>vobis</strong></span> <span class='ocrx_word' id='word_1_456' title='bbox 898 3549 1248 3606; x_wconf 88' lang='lat' dir='ltr'><strong>inconsultis</strong></span> <span class='ocrx_word' id='word_1_457' title='bbox 1296 3565 1466 3621; x_wconf 89' lang='lat' dir='ltr'><strong>agere</strong></span> <span class='ocrx_word' id='word_1_458' title='bbox 1513 3549 1929 3617; x_wconf 65' lang='lat' dir='ltr'><strong>pra-ruminas.</strong></span> 
     </span>
    </p>
   </div>
   <div class='ocr_carea' id='block_1_68' title="bbox 278 3637 1932 3709">
    <p class='ocr_par' dir='ltr' id='par_1_68' title="bbox 278 3637 1932 3709">
     <span class='ocr_line' id='line_1_68' title="bbox 278 3637 1932 3709; baseline -0.001 -14"><span class='ocrx_word' id='word_1_459' title='bbox 278 3640 622 3696; x_wconf 82' lang='lat' dir='ltr'><strong>Canonibus</strong></span> <span class='ocrx_word' id='word_1_460' title='bbox 654 3638 872 3709; x_wconf 86' lang='lat' dir='ltr'><strong>quippe</strong></span> <span class='ocrx_word' id='word_1_461' title='bbox 894 3638 1245 3706; x_wconf 83' lang='lat' dir='ltr'><strong>jubentibus</strong></span> <span class='ocrx_word' id='word_1_462' title='bbox 1270 3638 1491 3709; x_wconf 85' lang='lat' dir='ltr'><strong>absque</strong></span> <span class='ocrx_word' id='word_1_463' title='bbox 1512 3637 1772 3694; x_wconf 85' lang='lat' dir='ltr'><strong>Romano</strong></span> <span class='ocrx_word' id='word_1_464' title='bbox 1795 3654 1932 3709; x_wconf 88' lang='lat' dir='ltr'><strong>pon-</strong></span> 
     </span>
    </p>
   </div>
   <div class='ocr_carea' id='block_1_69' title="bbox 278 3726 1929 3794">
    <p class='ocr_par' dir='ltr' id='par_1_69' title="bbox 278 3726 1929 3794">
     <span class='ocr_line' id='line_1_69' title="bbox 278 3726 1929 3794; baseline -0.001 -10"><span class='ocrx_word' id='word_1_465' title='bbox 278 3729 443 3785; x_wconf 80' lang='lat' dir='ltr'><strong>tifice</strong></span> <span class='ocrx_word' id='word_1_466' title='bbox 472 3743 579 3782; x_wconf 91' lang='lat' dir='ltr'><strong>nos</strong></span> <span class='ocrx_word' id='word_1_467' title='bbox 610 3727 681 3781; x_wconf 90' lang='lat' dir='ltr'><strong>de</strong></span> <span class='ocrx_word' id='word_1_468' title='bbox 715 3726 1040 3794; x_wconf 86' lang='lat' dir='ltr'><strong>majoribus</strong></span> <span class='ocrx_word' id='word_1_469' title='bbox 1069 3727 1264 3781; x_wconf 88' lang='lat' dir='ltr'><strong>causis</strong></span> <span class='ocrx_word' id='word_1_470' title='bbox 1297 3726 1443 3781; x_wconf 91' lang='lat' dir='ltr'><strong>nihil</strong></span> <span class='ocrx_word' id='word_1_471' title='bbox 1494 3726 1705 3782; x_wconf 90' lang='lat' dir='ltr'><strong>debere</strong></span> <span class='ocrx_word' id='word_1_472' title='bbox 1733 3727 1929 3783; x_wconf 83' lang='lat' dir='ltr'><strong>decer-</strong></span> 
     </span>
    </p>
   </div>
   <div class='ocr_carea' id='block_1_70' title="bbox 284 3816 1929 3888">
    <p class='ocr_par' dir='ltr' id='par_1_70' title="bbox 284 3816 1929 3888">
     <span class='ocr_line' id='line_1_70' title="bbox 284 3816 1929 3888; baseline 0 -14"><span class='ocrx_word' id='word_1_473' title='bbox 284 3834 450 3874; x_wconf 87' lang='lat' dir='ltr'><strong>nere.</strong></span> <span class='ocrx_word' id='word_1_474' title='bbox 488 3817 742 3888; x_wconf 89' lang='lat' dir='ltr'><strong>Ideoque</strong></span> <span class='ocrx_word' id='word_1_475' title='bbox 786 3817 858 3870; x_wconf 90' lang='lat' dir='ltr'><strong>ad</strong></span> <span class='ocrx_word' id='word_1_476' title='bbox 899 3816 1265 3887; x_wconf 88' lang='lat' dir='ltr'><strong>propositum</strong></span> <span class='ocrx_word' id='word_1_477' title='bbox 1316 3823 1701 3887; x_wconf 85' lang='lat' dir='ltr'><strong>recurrentes,</strong></span> <span class='ocrx_word' id='word_1_478' title='bbox 1751 3824 1811 3873; x_wconf 89' lang='lat' dir='ltr'><strong>et</strong></span> <span class='ocrx_word' id='word_1_479' title='bbox 1855 3819 1929 3874; x_wconf 86' lang='lat' dir='ltr'><strong>ad</strong></span> 
     </span>
    </p>
   </div>
   <div class='ocr_carea' id='block_1_71' title="bbox 282 3905 1931 3977">
    <p class='ocr_par' dir='ltr' id='par_1_71' title="bbox 282 3905 1931 3977">
     <span class='ocr_line' id='line_1_71' title="bbox 282 3905 1931 3977; baseline -0.001 -14"><span class='ocrx_word' id='word_1_480' title='bbox 282 3907 554 3963; x_wconf 78' lang='lat' dir='ltr'><strong>brevium</strong></span> <span class='ocrx_word' id='word_1_481' title='bbox 579 3909 975 3977; x_wconf 89' lang='lat' dir='ltr'><strong>properantes,</strong></span> <span class='ocrx_word' id='word_1_482' title='bbox 1008 3910 1212 3960; x_wconf 72' lang='lat' dir='ltr'><strong>vestris</strong></span> <span class='ocrx_word' id='word_1_483' title='bbox 1256 3905 1587 3977; x_wconf 67' lang='lat' dir='ltr'><strong>apostolicae</strong></span> <span class='ocrx_word' id='word_1_484' title='bbox 1635 3907 1793 3963; x_wconf 88' lang='lat' dir='ltr'><strong>sedis</strong></span> <span class='ocrx_word' id='word_1_485' title='bbox 1824 3907 1931 3962; x_wconf 85' lang='lat' dir='ltr'><strong>im-</strong></span> 
     </span>
    </p>
   </div>
   <div class='ocr_carea' id='block_1_72' title="bbox 285 3992 1933 4068">
    <p class='ocr_par' dir='ltr' id='par_1_72' title="bbox 285 3992 1933 4068">
     <span class='ocr_line' id='line_1_72' title="bbox 285 3992 1933 4068; baseline 0 -18"><span class='ocrx_word' id='word_1_486' title='bbox 285 3995 593 4068; x_wconf 89' lang='lat' dir='ltr'><strong>ploramus</strong></span> <span class='ocrx_word' id='word_1_487' title='bbox 623 3992 927 4048; x_wconf 83' lang='lat' dir='ltr'><strong>auxilium.</strong></span> <span class='ocrx_word' id='word_1_488' title='bbox 978 3993 1145 4057; x_wconf 85' lang='lat' dir='ltr'><strong>Quia,</strong></span> <span class='ocrx_word' id='word_1_489' title='bbox 1198 4000 1263 4048; x_wconf 88' lang='lat' dir='ltr'><strong>ut</strong></span> <span class='ocrx_word' id='word_1_490' title='bbox 1310 3994 1631 4065; x_wconf 88' lang='lat' dir='ltr'><strong>credimus,</strong></span> <span class='ocrx_word' id='word_1_491' title='bbox 1674 4011 1789 4050; x_wconf 90' lang='lat' dir='ltr'><strong>non</strong></span> <span class='ocrx_word' id='word_1_492' title='bbox 1832 4000 1933 4050; x_wconf 91' lang='lat' dir='ltr'><strong>de-</strong></span> 
     </span>
    </p>
   </div>
   <div class='ocr_carea' id='block_1_73' title="bbox 287 4081 1937 4158">
    <p class='ocr_par' dir='ltr' id='par_1_73' title="bbox 287 4081 1937 4158">
     <span class='ocr_line' id='line_1_73' title="bbox 287 4081 1937 4158; baseline -0.002 -17"><span class='ocrx_word' id='word_1_493' title='bbox 287 4085 488 4158; x_wconf 82' lang='lat' dir='ltr'><strong>spexit</strong></span> <span class='ocrx_word' id='word_1_494' title='bbox 516 4084 671 4140; x_wconf 90' lang='lat' dir='ltr'><strong>Deus</strong></span> <span class='ocrx_word' id='word_1_495' title='bbox 706 4098 904 4156; x_wconf 90' lang='lat' dir='ltr'><strong>preces</strong></span> <span class='ocrx_word' id='word_1_496' title='bbox 935 4098 1067 4138; x_wconf 89' lang='lat' dir='ltr'><strong>cum</strong></span> <span class='ocrx_word' id='word_1_497' title='bbox 1102 4082 1375 4155; x_wconf 84' lang='lat' dir='ltr'><strong>lacrymis</strong></span> <span class='ocrx_word' id='word_1_498' title='bbox 1414 4082 1526 4138; x_wconf 90' lang='lat' dir='ltr'><strong>sibi</strong></span> <span class='ocrx_word' id='word_1_499' title='bbox 1555 4081 1782 4138; x_wconf 90' lang='lat' dir='ltr'><strong>oblatas</strong></span> <span class='ocrx_word' id='word_1_500' title='bbox 1810 4100 1937 4138; x_wconf 88' lang='lat' dir='ltr'><strong>scr-</strong></span> 
     </span>
    </p>
   </div>
   <div class='ocr_carea' id='block_1_74' title="bbox 293 4171 1940 4242">
    <p class='ocr_par' dir='ltr' id='par_1_74' title="bbox 293 4171 1940 4242">
     <span class='ocr_line' id='line_1_74' title="bbox 293 4171 1940 4242; baseline -0.001 -14"><span class='ocrx_word' id='word_1_501' title='bbox 293 4190 503 4230; x_wconf 83' lang='lat' dir='ltr'><strong>vorum</strong></span> <span class='ocrx_word' id='word_1_502' title='bbox 536 4189 801 4242; x_wconf 88' lang='lat' dir='ltr'><strong>suorum,</strong></span> <span class='ocrx_word' id='word_1_503' title='bbox 852 4172 953 4227; x_wconf 91' lang='lat' dir='ltr'><strong>sed</strong></span> <span class='ocrx_word' id='word_1_504' title='bbox 999 4172 1072 4226; x_wconf 91' lang='lat' dir='ltr'><strong>ob</strong></span> <span class='ocrx_word' id='word_1_505' title='bbox 1106 4171 1163 4225; x_wconf 91' lang='lat' dir='ltr'><strong>id</strong></span> <span class='ocrx_word' id='word_1_506' title='bbox 1212 4186 1314 4225; x_wconf 90' lang='lat' dir='ltr'><strong>vos</strong></span> <span class='ocrx_word' id='word_1_507' title='bbox 1366 4171 1940 4242; x_wconf 67' lang='lat' dir='ltr'><strong>praedecessoresque</strong></span> 
     </span>
    </p>
   </div>
   <div class='ocr_carea' id='block_1_75' title="bbox 286 4258 1940 4333">
    <p class='ocr_par' dir='ltr' id='par_1_75' title="bbox 286 4258 1940 4333">
     <span class='ocr_line' id='line_1_75' title="bbox 286 4258 1940 4333; baseline -0.002 -15"><span class='ocrx_word' id='word_1_508' title='bbox 286 4268 538 4326; x_wconf 86' lang='lat' dir='ltr'><strong>vestros,</strong></span> <span class='ocrx_word' id='word_1_509' title='bbox 563 4260 916 4333; x_wconf 88' lang='lat' dir='ltr'><strong>apostolicos</strong></span> <span class='ocrx_word' id='word_1_510' title='bbox 962 4258 1227 4315; x_wconf 89' lang='lat' dir='ltr'><strong>videlicet</strong></span> <span class='ocrx_word' id='word_1_511' title='bbox 1275 4258 1553 4330; x_wconf 62' lang='lat' dir='ltr'><strong>praesules</strong></span> <span class='ocrx_word' id='word_1_512' title='bbox 1601 4259 1658 4313; x_wconf 92' lang='lat' dir='ltr'><strong>in</strong></span> <span class='ocrx_word' id='word_1_513' title='bbox 1691 4259 1940 4315; x_wconf 90' lang='lat' dir='ltr'><strong>summi-</strong></span> 
     </span>
    </p>
   </div>
   <div class='ocr_carea' id='block_1_76' title="bbox 287 4346 1940 4420">
    <p class='ocr_par' dir='ltr' id='par_1_76' title="bbox 287 4346 1940 4420">
     <span class='ocr_line' id='line_1_76' title="bbox 287 4346 1940 4420; baseline -0.002 -14"><span class='ocrx_word' id='word_1_514' title='bbox 287 4351 433 4407; x_wconf 85' lang='lat' dir='ltr'><strong>tatis</strong></span> <span class='ocrx_word' id='word_1_515' title='bbox 465 4366 596 4406; x_wconf 89' lang='lat' dir='ltr'><strong>arce</strong></span> <span class='ocrx_word' id='word_1_516' title='bbox 624 4349 947 4409; x_wconf 81' lang='lat' dir='ltr'><strong>constituit.</strong></span> <span class='ocrx_word' id='word_1_517' title='bbox 998 4348 1381 4420; x_wconf 89' lang='lat' dir='ltr'><strong>omniumque</strong></span> <span class='ocrx_word' id='word_1_518' title='bbox 1421 4346 1809 4403; x_wconf 88' lang='lat' dir='ltr'><strong>Ecclesiarum</strong></span> <span class='ocrx_word' id='word_1_519' title='bbox 1839 4364 1940 4403; x_wconf 91' lang='lat' dir='ltr'><strong>cu-</strong></span> 
     </span>
    </p>
   </div>
   <div class='ocr_carea' id='block_1_77' title="bbox 290 4435 1943 4510">
    <p class='ocr_par' dir='ltr' id='par_1_77' title="bbox 290 4435 1943 4510">
     <span class='ocr_line' id='line_1_77' title="bbox 290 4435 1943 4510; baseline -0.002 -14"><span class='ocrx_word' id='word_1_520' title='bbox 290 4456 421 4496; x_wconf 90' lang='lat' dir='ltr'><strong>ram</strong></span> <span class='ocrx_word' id='word_1_521' title='bbox 442 4439 658 4495; x_wconf 89' lang='lat' dir='ltr'><strong>habere</strong></span> <span class='ocrx_word' id='word_1_522' title='bbox 686 4438 979 4510; x_wconf 63' lang='lat' dir='ltr'><strong>praecepit,</strong></span> <span class='ocrx_word' id='word_1_523' title='bbox 1016 4442 1083 4492; x_wconf 88' lang='lat' dir='ltr'><strong>ut</strong></span> <span class='ocrx_word' id='word_1_524' title='bbox 1113 4435 1284 4492; x_wconf 88' lang='lat' dir='ltr'><strong>nobis</strong></span> <span class='ocrx_word' id='word_1_525' title='bbox 1312 4436 1691 4505; x_wconf 77' lang='lat' dir='ltr'><strong>succum-etis,</strong></span> <span class='ocrx_word' id='word_1_526' title='bbox 1716 4452 1943 4509; x_wconf 88' lang='lat' dir='ltr'><strong>nosque</strong></span> 
     </span>
    </p>
   </div>
   <div class='ocr_carea' id='block_1_78' title="bbox 292 4525 1943 4599">
    <p class='ocr_par' dir='ltr' id='par_1_78' title="bbox 292 4525 1943 4599">
     <span class='ocr_line' id='line_1_78' title="bbox 292 4525 1943 4599; baseline -0.003 -14"><span class='ocrx_word' id='word_1_527' title='bbox 292 4533 554 4596; x_wconf 85' lang='lat' dir='ltr'><strong>tuentes;</strong></span> <span class='ocrx_word' id='word_1_528' title='bbox 596 4526 812 4599; x_wconf 90' lang='lat' dir='ltr'><strong>quibus</strong></span> <span class='ocrx_word' id='word_1_529' title='bbox 862 4541 1035 4582; x_wconf 89' lang='lat' dir='ltr'><strong>omne</strong></span> <span class='ocrx_word' id='word_1_530' title='bbox 1067 4525 1474 4598; x_wconf 88' lang='lat' dir='ltr'><strong>episcoporum</strong></span> <span class='ocrx_word' id='word_1_531' title='bbox 1524 4525 1815 4597; x_wconf 89' lang='lat' dir='ltr'><strong>judicium</strong></span> <span class='ocrx_word' id='word_1_532' title='bbox 1856 4529 1943 4582; x_wconf 90' lang='lat' dir='ltr'><strong>est</strong></span> 
     </span>
    </p>
   </div>
   <div class='ocr_carea' id='block_1_79' title="bbox 293 4613 1941 4684">
    <p class='ocr_par' dir='ltr' id='par_1_79' title="bbox 293 4613 1941 4684">
     <span class='ocr_line' id='line_1_79' title="bbox 293 4613 1941 4684; baseline -0.003 -10"><span class='ocrx_word' id='word_1_533' title='bbox 293 4615 704 4684; x_wconf 86' lang='lat' dir='ltr'><strong>commissum,</strong></span> <span class='ocrx_word' id='word_1_534' title='bbox 770 4613 1022 4670; x_wconf 88' lang='lat' dir='ltr'><strong>liberare</strong></span> <span class='ocrx_word' id='word_1_535' title='bbox 1075 4613 1147 4670; x_wconf 86' lang='lat' dir='ltr'><strong>ab</strong></span> <span class='ocrx_word' id='word_1_536' title='bbox 1212 4613 1484 4670; x_wconf 86' lang='lat' dir='ltr'><strong>hostibus</strong></span> <span class='ocrx_word' id='word_1_537' title='bbox 1548 4613 1764 4670; x_wconf 90' lang='lat' dir='ltr'><strong>nostris</strong></span> <span class='ocrx_word' id='word_1_538' title='bbox 1826 4629 1941 4669; x_wconf 90' lang='lat' dir='ltr'><strong>non</strong></span> 
     </span>
    </p>
   </div>
   <div class='ocr_carea' id='block_1_80' title="bbox 2037 3458 3679 3550">
    <p class='ocr_par' dir='ltr' id='par_1_80' title="bbox 2037 3458 3679 3550">
     <span class='ocr_line' id='line_1_80' title="bbox 2037 3458 3679 3550; baseline 0.017 -38"><span class='ocrx_word' id='word_1_539' title='bbox 2037 3458 2218 3550; x_wconf 18' lang='lat' dir='ltr'><strong>niam,</strong></span> <span class='ocrx_word' id='word_1_540' title='bbox 2264 3458 2608 3531; x_wconf 84' lang='lat' dir='ltr'><strong>priusquam</strong></span> <span class='ocrx_word' id='word_1_541' title='bbox 2701 3463 2820 3518; x_wconf 63' lang='lat' dir='ltr'><strong>haec</strong></span> <span class='ocrx_word' id='word_1_542' title='bbox 2877 3466 3054 3537; x_wconf 80' lang='lat' dir='ltr'><strong>ﬁant,</strong></span> <span class='ocrx_word' id='word_1_543' title='bbox 3132 3476 3197 3525; x_wconf 88' lang='lat' dir='ltr'><strong>ut</strong></span> <span class='ocrx_word' id='word_1_544' title='bbox 3259 3474 3316 3529; x_wconf 92' lang='lat' dir='ltr'><strong>in</strong></span> <span class='ocrx_word' id='word_1_545' title='bbox 3404 3458 3679 3550; x_wconf 66' lang='lat' dir='ltr'><strong>praedicto</strong></span> 
     </span>
    </p>
   </div>
   <div class='ocr_carea' id='block_1_81' title="bbox 2037 3547 3675 3645">
    <p class='ocr_par' dir='ltr' id='par_1_81' title="bbox 2037 3547 3675 3645">
     <span class='ocr_line' id='line_1_81' title="bbox 2037 3547 3675 3645; baseline 0.016 -44"><span class='ocrx_word' id='word_1_546' title='bbox 2037 3547 2419 3601; x_wconf 88' lang='lat' dir='ltr'><strong>constitutum</strong></span> <span class='ocrx_word' id='word_1_547' title='bbox 2452 3553 2543 3603; x_wconf 89' lang='lat' dir='ltr'><strong>est</strong></span> <span class='ocrx_word' id='word_1_548' title='bbox 2569 3550 2839 3619; x_wconf 90' lang='lat' dir='ltr'><strong>concilio,</strong></span> <span class='ocrx_word' id='word_1_549' title='bbox 2883 3571 2986 3609; x_wconf 91' lang='lat' dir='ltr'><strong>nec</strong></span> <span class='ocrx_word' id='word_1_550' title='bbox 3029 3562 3304 3617; x_wconf 89' lang='lat' dir='ltr'><strong>canonice</strong></span> <span class='ocrx_word' id='word_1_551' title='bbox 3352 3547 3675 3645; x_wconf 84' lang='lat' dir='ltr'><strong>convocari,</strong></span> 
     </span>
    </p>
   </div>
   <div class='ocr_carea' id='block_1_82' title="bbox 2038 3633 3678 3715">
    <p class='ocr_par' dir='ltr' id='par_1_82' title="bbox 2038 3633 3678 3715">
     <span class='ocr_line' id='line_1_82' title="bbox 2038 3633 3678 3715; baseline 0.018 -29"><span class='ocrx_word' id='word_1_552' title='bbox 2038 3651 2142 3689; x_wconf 85' lang='lat' dir='ltr'><strong>nec</strong></span> <span class='ocrx_word' id='word_1_553' title='bbox 2172 3633 2442 3707; x_wconf 89' lang='lat' dir='ltr'><strong>distringi</strong></span> <span class='ocrx_word' id='word_1_554' title='bbox 2476 3652 2509 3690; x_wconf 87' lang='lat' dir='ltr'><strong>a</strong></span> <span class='ocrx_word' id='word_1_555' title='bbox 2539 3652 2911 3709; x_wconf 81' lang='lat' dir='ltr'><strong>quocumque</strong></span> <span class='ocrx_word' id='word_1_556' title='bbox 2957 3653 3221 3714; x_wconf 88' lang='lat' dir='ltr'><strong>possunt.</strong></span> <span class='ocrx_word' id='word_1_557' title='bbox 3254 3653 3538 3714; x_wconf 88' lang='lat' dir='ltr'><strong>Quoniam</strong></span> <span class='ocrx_word' id='word_1_558' title='bbox 3574 3633 3678 3715; x_wconf 76' lang='lat' dir='ltr'><strong>nec</strong></span> 
     </span>
    </p>
   </div>
   <div class='ocr_carea' id='block_1_83' title="bbox 2037 3722 3677 3808">
    <p class='ocr_par' dir='ltr' id='par_1_83' title="bbox 2037 3722 3677 3808">
     <span class='ocr_line' id='line_1_83' title="bbox 2037 3722 3677 3808; baseline 0.015 -30"><span class='ocrx_word' id='word_1_559' title='bbox 2037 3722 2235 3778; x_wconf 61' lang='lat' dir='ltr'><strong>saeculi</strong></span> <span class='ocrx_word' id='word_1_560' title='bbox 2266 3722 2420 3793; x_wconf 82' lang='lat' dir='ltr'><strong>leges</strong></span> <span class='ocrx_word' id='word_1_561' title='bbox 2453 3723 2571 3777; x_wconf 60' lang='lat' dir='ltr'><strong>haec</strong></span> <span class='ocrx_word' id='word_1_562' title='bbox 2622 3726 2741 3780; x_wconf 86' lang='lat' dir='ltr'><strong>lieri</strong></span> <span class='ocrx_word' id='word_1_563' title='bbox 2796 3731 3160 3799; x_wconf 90' lang='lat' dir='ltr'><strong>permittunt,</strong></span> <span class='ocrx_word' id='word_1_564' title='bbox 3210 3746 3430 3808; x_wconf 84' lang='lat' dir='ltr'><strong>quanto</strong></span> <span class='ocrx_word' id='word_1_565' title='bbox 3480 3743 3677 3803; x_wconf 90' lang='lat' dir='ltr'><strong>minus</strong></span> 
     </span>
    </p>
   </div>
   <div class='ocr_carea' id='block_1_84' title="bbox 2039 3812 3677 3893">
    <p class='ocr_par' dir='ltr' id='par_1_84' title="bbox 2039 3812 3677 3893">
     <span class='ocr_line' id='line_1_84' title="bbox 2039 3812 3677 3893; baseline 0.014 -26"><span class='ocrx_word' id='word_1_566' title='bbox 2039 3812 2448 3867; x_wconf 68' lang='lat' dir='ltr'><strong>ecclesiastica:</strong></span> <span class='ocrx_word' id='word_1_567' title='bbox 2470 3812 2498 3867; x_wconf 86' lang='lat'><strong>?</strong></span> <span class='ocrx_word' id='word_1_568' title='bbox 2529 3813 2811 3870; x_wconf 86' lang='lat' dir='ltr'><strong>Similiter</strong></span> <span class='ocrx_word' id='word_1_569' title='bbox 2839 3825 2896 3872; x_wconf 92' lang='lat' dir='ltr'><strong>et</strong></span> <span class='ocrx_word' id='word_1_570' title='bbox 2930 3836 2964 3873; x_wconf 91' lang='lat' dir='ltr'><strong>a</strong></span> <span class='ocrx_word' id='word_1_571' title='bbox 3005 3826 3358 3893; x_wconf 86' lang='lat' dir='ltr'><strong>supradictis</strong></span> <span class='ocrx_word' id='word_1_572' title='bbox 3408 3831 3677 3891; x_wconf 90' lang='lat' dir='ltr'><strong>Patribus</strong></span> 
     </span>
    </p>
   </div>
   <div class='ocr_carea' id='block_1_85' title="bbox 2041 3901 3679 3995">
    <p class='ocr_par' dir='ltr' id='par_1_85' title="bbox 2041 3901 3679 3995">
     <span class='ocr_line' id='line_1_85' title="bbox 2041 3901 3679 3995; baseline 0.007 -40"><span class='ocrx_word' id='word_1_573' title='bbox 2041 3906 2132 3957; x_wconf 91' lang='lat' dir='ltr'><strong>est</strong></span> <span class='ocrx_word' id='word_1_574' title='bbox 2177 3901 2479 3956; x_wconf 79' lang='lat' dir='ltr'><strong>deﬁnitum</strong></span> <span class='ocrx_word' id='word_1_575' title='bbox 2530 3910 2941 3971; x_wconf 84' lang='lat' dir='ltr'><strong>consonanter,</strong></span> <span class='ocrx_word' id='word_1_576' title='bbox 2984 3914 3048 3964; x_wconf 90' lang='lat' dir='ltr'><strong>ut</strong></span> <span class='ocrx_word' id='word_1_577' title='bbox 3093 3912 3141 3966; x_wconf 89' lang='lat' dir='ltr'><strong>si</strong></span> <span class='ocrx_word' id='word_1_578' title='bbox 3192 3917 3504 3988; x_wconf 88' lang='lat' dir='ltr'><strong>quisquam</strong></span> <span class='ocrx_word' id='word_1_579' title='bbox 3555 3923 3679 3995; x_wconf 84' lang='lat' dir='ltr'><strong>epi.</strong></span> 
     </span>
    </p>
   </div>
   <div class='ocr_carea' id='block_1_86' title="bbox 2042 3992 3680 4080">
    <p class='ocr_par' dir='ltr' id='par_1_86' title="bbox 2042 3992 3680 4080">
     <span class='ocr_line' id='line_1_86' title="bbox 2042 3992 3680 4080; baseline 0.015 -34"><span class='ocrx_word' id='word_1_580' title='bbox 2042 4006 2311 4080; x_wconf 86' lang='lat' dir='ltr'><strong>scopum,</strong></span> <span class='ocrx_word' id='word_1_581' title='bbox 2343 3994 2444 4044; x_wconf 87' lang='lat' dir='ltr'><strong>aut</strong></span> <span class='ocrx_word' id='word_1_582' title='bbox 2475 3992 3118 4062; x_wconf 67' lang='lat' dir='ltr'><strong>nietropolitaiium,aut</strong></span> <span class='ocrx_word' id='word_1_583' title='bbox 3145 3992 3680 4080; x_wconf 82' lang='lat' dir='ltr'><strong>comprovinciales,</strong></span> 
     </span>
    </p>
   </div>
   <div class='ocr_carea' id='block_1_87' title="bbox 2044 4078 3679 4158">
    <p class='ocr_par' dir='ltr' id='par_1_87' title="bbox 2044 4078 3679 4158">
     <span class='ocr_line' id='line_1_87' title="bbox 2044 4078 3679 4158; baseline 0.018 -28"><span class='ocrx_word' id='word_1_584' title='bbox 2044 4086 2136 4134; x_wconf 86' lang='lat' dir='ltr'><strong>vet</strong></span> <span class='ocrx_word' id='word_1_585' title='bbox 2175 4078 2407 4147; x_wconf 81' lang='lat' dir='ltr'><strong>judices</strong></span> <span class='ocrx_word' id='word_1_586' title='bbox 2443 4092 2744 4151; x_wconf 81' lang='lat' dir='ltr'><strong>suspectos</strong></span> <span class='ocrx_word' id='word_1_587' title='bbox 2794 4081 3084 4158; x_wconf 89' lang='lat' dir='ltr'><strong>habuerit,</strong></span> <span class='ocrx_word' id='word_1_588' title='bbox 3134 4098 3384 4150; x_wconf 89' lang='lat' dir='ltr'><strong>vestram</strong></span> <span class='ocrx_word' id='word_1_589' title='bbox 3417 4078 3679 4158; x_wconf 85' lang='lat' dir='ltr'><strong>sanctam</strong></span> 
     </span>
    </p>
   </div>
   <div class='ocr_carea' id='block_1_88' title="bbox 2049 4166 3686 4255">
    <p class='ocr_par' dir='ltr' id='par_1_88' title="bbox 2049 4166 3686 4255">
     <span class='ocr_line' id='line_1_88' title="bbox 2049 4166 3686 4255; baseline 0.009 -35"><span class='ocrx_word' id='word_1_590' title='bbox 2049 4166 2366 4220; x_wconf 81' lang='lat' dir='ltr'><strong>Romanam</strong></span> <span class='ocrx_word' id='word_1_591' title='bbox 2401 4166 2771 4239; x_wconf 78' lang='lat' dir='ltr'><strong>interpellent</strong></span> <span class='ocrx_word' id='word_1_592' title='bbox 2802 4172 3015 4240; x_wconf 83' lang='lat' dir='ltr'><strong>sedem,</strong></span> <span class='ocrx_word' id='word_1_593' title='bbox 3052 4177 3143 4231; x_wconf 92' lang='lat' dir='ltr'><strong>cui</strong></span> <span class='ocrx_word' id='word_1_594' title='bbox 3177 4181 3247 4233; x_wconf 89' lang='lat' dir='ltr'><strong>ab</strong></span> <span class='ocrx_word' id='word_1_595' title='bbox 3280 4181 3408 4255; x_wconf 84' lang='lat' dir='ltr'><strong>ipso</strong></span> <span class='ocrx_word' id='word_1_596' title='bbox 3439 4186 3686 4246; x_wconf 67' lang='lat' dir='ltr'><strong>Domino</strong></span> 
     </span>
    </p>
   </div>
   <div class='ocr_carea' id='block_1_89' title="bbox 2049 4254 3685 4346">
    <p class='ocr_par' dir='ltr' id='par_1_89' title="bbox 2049 4254 3685 4346">
     <span class='ocr_line' id='line_1_89' title="bbox 2049 4254 3685 4346; baseline 0.018 -40"><span class='ocrx_word' id='word_1_597' title='bbox 2049 4259 2304 4346; x_wconf 87' lang='lat' dir='ltr'><strong>potestas</strong></span> <span class='ocrx_word' id='word_1_598' title='bbox 2335 4254 2575 4346; x_wconf 84' lang='lat' dir='ltr'><strong>ligandi,</strong></span> <span class='ocrx_word' id='word_1_599' title='bbox 2609 4274 2675 4312; x_wconf 82' lang='lat' dir='ltr'><strong>ac</strong></span> <span class='ocrx_word' id='word_1_600' title='bbox 2705 4254 3317 4337; x_wconf 76' lang='lat' dir='ltr'><strong>absolvendi,speciali</strong></span> <span class='ocrx_word' id='word_1_601' title='bbox 3339 4278 3425 4328; x_wconf 88' lang='lat' dir='ltr'><strong>est</strong></span> <span class='ocrx_word' id='word_1_602' title='bbox 3457 4277 3685 4346; x_wconf 85' lang='lat' dir='ltr'><strong>privile-</strong></span> 
     </span>
    </p>
   </div>
   <div class='ocr_carea' id='block_1_90' title="bbox 2049 4342 3685 4433">
    <p class='ocr_par' dir='ltr' id='par_1_90' title="bbox 2049 4342 3685 4433">
     <span class='ocr_line' id='line_1_90' title="bbox 2049 4342 3685 4433; baseline 0.017 -38"><span class='ocrx_word' id='word_1_603' title='bbox 2049 4342 2142 4414; x_wconf 88' lang='lat' dir='ltr'><strong>gio</strong></span> <span class='ocrx_word' id='word_1_604' title='bbox 2172 4358 2349 4413; x_wconf 87' lang='lat' dir='ltr'><strong>super</strong></span> <span class='ocrx_word' id='word_1_605' title='bbox 2391 4343 2539 4399; x_wconf 88' lang='lat' dir='ltr'><strong>alios</strong></span> <span class='ocrx_word' id='word_1_606' title='bbox 2587 4363 2879 4404; x_wconf 78' lang='lat' dir='ltr'><strong>concessa.</strong></span> <span class='ocrx_word' id='word_1_607' title='bbox 2938 4352 3065 4421; x_wconf 86' lang='lat' dir='ltr'><strong>Ipsa</strong></span> <span class='ocrx_word' id='word_1_608' title='bbox 3117 4357 3271 4412; x_wconf 89' lang='lat' dir='ltr'><strong>enim</strong></span> <span class='ocrx_word' id='word_1_609' title='bbox 3330 4342 3685 4433; x_wconf 36' lang='lat' dir='ltr'><strong>(50)_tirma-</strong></span> 
     </span>
    </p>
   </div>
   <div class='ocr_carea' id='block_1_91' title="bbox 2051 4434 3684 4529">
    <p class='ocr_par' dir='ltr' id='par_1_91' title="bbox 2051 4434 3684 4529">
     <span class='ocr_line' id='line_1_91' title="bbox 2051 4434 3684 4529; baseline 0.02 -47"><span class='ocrx_word' id='word_1_610' title='bbox 2051 4436 2315 4529; x_wconf 74' lang='lat' dir='ltr'><strong>mentum</strong></span> <span class='ocrx_word' id='word_1_611' title='bbox 2379 4448 2418 4529; x_wconf 76' lang='lat' dir='ltr'><strong>a</strong></span> <span class='ocrx_word' id='word_1_612' title='bbox 2485 4434 2844 4529; x_wconf 45' lang='lat' dir='ltr'><strong>Deo-ﬁxum</strong></span> <span class='ocrx_word' id='word_1_613' title='bbox 2918 4446 2976 4495; x_wconf 89' lang='lat' dir='ltr'><strong>ct</strong></span> <span class='ocrx_word' id='word_1_614' title='bbox 3040 4442 3342 4505; x_wconf 87' lang='lat' dir='ltr'><strong>immobile</strong></span> <span class='ocrx_word' id='word_1_615' title='bbox 3407 4458 3684 4529; x_wconf 89' lang='lat' dir='ltr'><strong>percepit,</strong></span> 
     </span>
    </p>
   </div>
   <div class='ocr_carea' id='block_1_92' title="bbox 2051 4518 3684 4602">
    <p class='ocr_par' dir='ltr' id='par_1_92' title="bbox 2051 4518 3684 4602">
     <span class='ocr_line' id='line_1_92' title="bbox 2051 4518 3684 4602; baseline 0.02 -32"><span class='ocrx_word' id='word_1_616' title='bbox 2051 4519 2327 4592; x_wconf 83' lang='lat' dir='ltr'><strong>quoniam</strong></span> <span class='ocrx_word' id='word_1_617' title='bbox 2376 4518 2565 4592; x_wconf 84' lang='lat' dir='ltr'><strong>ipsam</strong></span> <span class='ocrx_word' id='word_1_618' title='bbox 2620 4524 2865 4581; x_wconf 88' lang='lat' dir='ltr'><strong>formam</strong></span> <span class='ocrx_word' id='word_1_619' title='bbox 2934 4530 3336 4592; x_wconf 85' lang='lat' dir='ltr'><strong>universorum</strong></span> <span class='ocrx_word' id='word_1_620' title='bbox 3380 4518 3684 4602; x_wconf 71' lang='lat' dir='ltr'><strong>titulorum</strong></span> 
     </span>
    </p>
   </div>
   <div class='ocr_carea' id='block_1_93' title="bbox 2050 4607 3685 4692">
    <p class='ocr_par' dir='ltr' id='par_1_93' title="bbox 2050 4607 3685 4692">
     <span class='ocr_line' id='line_1_93' title="bbox 2050 4607 3685 4692; baseline 0.018 -29"><span class='ocrx_word' id='word_1_621' title='bbox 2050 4607 2480 4664; x_wconf 85' lang='lat' dir='ltr'><strong>lucidissimam</strong></span> <span class='ocrx_word' id='word_1_622' title='bbox 2553 4612 2829 4667; x_wconf 77' lang='lat' dir='ltr'><strong>Dominus</strong></span> <span class='ocrx_word' id='word_1_623' title='bbox 2891 4615 3064 4675; x_wconf 86' lang='lat' dir='ltr'><strong>Jesus</strong></span> <span class='ocrx_word' id='word_1_624' title='bbox 3157 4623 3426 4686; x_wconf 85' lang='lat' dir='ltr'><strong>Christus</strong></span> <span class='ocrx_word' id='word_1_625' title='bbox 3490 4649 3685 4692; x_wconf 86' lang='lat' dir='ltr'><strong>veram</strong></span> 
     </span>
    </p>
   </div>
   <div class='ocr_carea' id='block_1_94' title="bbox 290 4697 3690 4781">
    <p class='ocr_par' dir='ltr' id='par_1_94' title="bbox 290 4697 3690 4781">
     <span class='ocr_line' id='line_1_94' title="bbox 290 4697 3690 4781; baseline 0.005 -19"><span class='ocrx_word' id='word_1_626' title='bbox 290 4705 629 4778; x_wconf 82' lang='lat' dir='ltr'><strong>negligatis.</strong></span> <span class='ocrx_word' id='word_1_627' title='bbox 665 4703 810 4761; x_wconf 81' lang='lat' dir='ltr'><strong>Nam</strong></span> <span class='ocrx_word' id='word_1_628' title='bbox 841 4703 1064 4758; x_wconf 85' lang='lat' dir='ltr'><strong>scimus</strong></span> <span class='ocrx_word' id='word_1_629' title='bbox 1096 4702 1154 4757; x_wconf 92' lang='lat' dir='ltr'><strong>in</strong></span> <span class='ocrx_word' id='word_1_630' title='bbox 1188 4702 1420 4758; x_wconf 66' lang='lat' dir='ltr'><strong>Nicaeae</strong></span> <span class='ocrx_word' id='word_1_631' title='bbox 1451 4718 1666 4773; x_wconf 86' lang='lat' dir='ltr'><strong>magna</strong></span> <span class='ocrx_word' id='word_1_632' title='bbox 1716 4703 1939 4775; x_wconf 83' lang='lat' dir='ltr'><strong>synodo</strong></span> <span class='ocrx_word' id='word_1_633' title='bbox 1976 4709 2016 4773; x_wconf 73' lang='grc' dir='ltr'><strong>ι)</strong></span> <span class='ocrx_word' id='word_1_634' title='bbox 2048 4697 2432 4769; x_wconf 88' lang='lat' dir='ltr'><strong>apostolicam</strong></span> <span class='ocrx_word' id='word_1_635' title='bbox 2464 4701 2772 4756; x_wconf 88' lang='lat' dir='ltr'><strong>constituit</strong></span> <span class='ocrx_word' id='word_1_636' title='bbox 2801 4706 3019 4763; x_wconf 85' lang='lat' dir='ltr'><strong>sedem.</strong></span> <span class='ocrx_word' id='word_1_637' title='bbox 3060 4711 3188 4781; x_wconf 88' lang='lat' dir='ltr'><strong>Ipsa</strong></span> <span class='ocrx_word' id='word_1_638' title='bbox 3218 4721 3307 4770; x_wconf 89' lang='lat' dir='ltr'><strong>est</strong></span> <span class='ocrx_word' id='word_1_639' title='bbox 3337 4719 3491 4776; x_wconf 91' lang='lat' dir='ltr'><strong>enim</strong></span> <span class='ocrx_word' id='word_1_640' title='bbox 3524 4739 3690 4781; x_wconf 89' lang='lat' dir='ltr'><strong>sacer</strong></span> 
     </span>
    </p>
   </div>
   <div class='ocr_carea' id='block_1_95' title="bbox 292 4790 1940 4864">
    <p class='ocr_par' dir='ltr' id='par_1_95' title="bbox 292 4790 1940 4864">
     <span class='ocr_line' id='line_1_95' title="bbox 292 4790 1940 4864; baseline -0.003 -14"><span class='ocrx_word' id='word_1_641' title='bbox 292 4799 684 4851; x_wconf 87' lang='lat' dir='ltr'><strong>trecentorum</strong></span> <span class='ocrx_word' id='word_1_642' title='bbox 719 4793 920 4848; x_wconf 88' lang='lat' dir='ltr'><strong>decem</strong></span> <span class='ocrx_word' id='word_1_643' title='bbox 950 4798 1009 4847; x_wconf 88' lang='lat' dir='ltr'><strong>et</strong></span> <span class='ocrx_word' id='word_1_644' title='bbox 1036 4797 1163 4847; x_wconf 92' lang='lat' dir='ltr'><strong>octo</strong></span> <span class='ocrx_word' id='word_1_645' title='bbox 1193 4791 1713 4864; x_wconf 86' lang='lat' dir='ltr'><strong>episcoporum,ab</strong></span> <span class='ocrx_word' id='word_1_646' title='bbox 1746 4790 1940 4846; x_wconf 82' lang='lat' dir='ltr'><strong>omni-</strong></span> 
     </span>
    </p>
   </div>
   <div class='ocr_carea' id='block_1_96' title="bbox 294 4880 1941 4951">
    <p class='ocr_par' dir='ltr' id='par_1_96' title="bbox 294 4880 1941 4951">
     <span class='ocr_line' id='line_1_96' title="bbox 294 4880 1941 4951; baseline -0.002 -13"><span class='ocrx_word' id='word_1_647' title='bbox 294 4884 406 4938; x_wconf 86' lang='lat' dir='ltr'><strong>bus</strong></span> <span class='ocrx_word' id='word_1_648' title='bbox 438 4883 804 4937; x_wconf 89' lang='lat' dir='ltr'><strong>concorditer</strong></span> <span class='ocrx_word' id='word_1_649' title='bbox 825 4896 953 4936; x_wconf 86' lang='lat' dir='ltr'><strong>esse</strong></span> <span class='ocrx_word' id='word_1_650' title='bbox 974 4880 1457 4943; x_wconf 82' lang='lat' dir='ltr'><strong>roboratum,non</strong></span> <span class='ocrx_word' id='word_1_651' title='bbox 1490 4880 1698 4935; x_wconf 90' lang='lat' dir='ltr'><strong>debere</strong></span> <span class='ocrx_word' id='word_1_652' title='bbox 1720 4881 1941 4951; x_wconf 79' lang='lat' dir='ltr'><strong>absque</strong></span> 
     </span>
    </p>
   </div>
   <div class='ocr_carea' id='block_1_97' title="bbox 296 4967 1941 5044">
    <p class='ocr_par' dir='ltr' id='par_1_97' title="bbox 296 4967 1941 5044">
     <span class='ocr_line' id='line_1_97' title="bbox 296 4967 1941 5044; baseline -0.002 -17"><span class='ocrx_word' id='word_1_653' title='bbox 296 4972 541 5027; x_wconf 81' lang='lat' dir='ltr'><strong>Romani</strong></span> <span class='ocrx_word' id='word_1_654' title='bbox 578 4970 865 5044; x_wconf 79' lang='lat' dir='ltr'><strong>pontiﬁcis</strong></span> <span class='ocrx_word' id='word_1_655' title='bbox 895 4967 1187 5024; x_wconf 73' lang='lat' dir='ltr'><strong>sententia</strong></span> <span class='ocrx_word' id='word_1_656' title='bbox 1216 4968 1463 5023; x_wconf 90' lang='lat' dir='ltr'><strong>concilia</strong></span> <span class='ocrx_word' id='word_1_657' title='bbox 1501 4967 1803 5031; x_wconf 85' lang='lat' dir='ltr'><strong>celebrari,</strong></span> <span class='ocrx_word' id='word_1_658' title='bbox 1833 4983 1941 5024; x_wconf 89' lang='lat' dir='ltr'><strong>nec</strong></span> 
     </span>
    </p>
   </div>
   <div class='ocr_carea' id='block_1_98' title="bbox 290 5055 1941 5133">
    <p class='ocr_par' dir='ltr' id='par_1_98' title="bbox 290 5055 1941 5133">
     <span class='ocr_line' id='line_1_98' title="bbox 290 5055 1941 5133; baseline -0.002 -17"><span class='ocrx_word' id='word_1_659' title='bbox 290 5061 601 5133; x_wconf 87' lang='lat' dir='ltr'><strong>episcopos</strong></span> <span class='ocrx_word' id='word_1_660' title='bbox 652 5060 953 5128; x_wconf 88' lang='lat' dir='ltr'><strong>damnare,</strong></span> <span class='ocrx_word' id='word_1_661' title='bbox 1002 5055 1139 5112; x_wconf 92' lang='lat' dir='ltr'><strong>licet</strong></span> <span class='ocrx_word' id='word_1_662' title='bbox 1180 5055 1302 5111; x_wconf 65' lang='lat' dir='ltr'><strong>base</strong></span> <span class='ocrx_word' id='word_1_663' title='bbox 1361 5057 1640 5129; x_wconf 81' lang='lat' dir='ltr'><strong>synodica</strong></span> <span class='ocrx_word' id='word_1_664' title='bbox 1685 5055 1941 5127; x_wconf 91' lang='lat' dir='ltr'><strong>capitula</strong></span> 
     </span>
    </p>
   </div>
   <div class='ocr_carea' id='block_1_99' title="bbox 292 5145 1938 5222">
    <p class='ocr_par' dir='ltr' id='par_1_99' title="bbox 292 5145 1938 5222">
     <span class='ocr_line' id='line_1_99' title="bbox 292 5145 1938 5222; baseline -0.002 -17"><span class='ocrx_word' id='word_1_665' title='bbox 292 5150 410 5205; x_wconf 87' lang='lat' dir='ltr'><strong>alia</strong></span> <span class='ocrx_word' id='word_1_666' title='bbox 438 5149 742 5222; x_wconf 88' lang='lat' dir='ltr'><strong>complura</strong></span> <span class='ocrx_word' id='word_1_667' title='bbox 773 5145 1224 5221; x_wconf 87' lang='lat' dir='ltr'><strong>pernecessaria,</strong></span> <span class='ocrx_word' id='word_1_668' title='bbox 1258 5146 1330 5200; x_wconf 92' lang='lat' dir='ltr'><strong>ab</strong></span> <span class='ocrx_word' id='word_1_669' title='bbox 1363 5145 1669 5212; x_wconf 66' lang='lat' dir='ltr'><strong>haereticis,</strong></span> <span class='ocrx_word' id='word_1_670' title='bbox 1703 5145 1803 5216; x_wconf 92' lang='lat' dir='ltr'><strong>qui</strong></span> <span class='ocrx_word' id='word_1_671' title='bbox 1832 5161 1938 5201; x_wconf 86' lang='lat' dir='ltr'><strong>nos</strong></span> 
     </span>
    </p>
   </div>
   <div class='ocr_carea' id='block_1_100' title="bbox 288 5231 1938 5309">
    <p class='ocr_par' dir='ltr' id='par_1_100' title="bbox 288 5231 1938 5309">
     <span class='ocr_line' id='line_1_100' title="bbox 288 5231 1938 5309; baseline -0.003 -16"><span class='ocrx_word' id='word_1_672' title='bbox 288 5238 548 5309; x_wconf 81' lang='lat' dir='ltr'><strong>quotidie</strong></span> <span class='ocrx_word' id='word_1_673' title='bbox 579 5238 857 5293; x_wconf 84' lang='lat' dir='ltr'><strong>infestant</strong></span> <span class='ocrx_word' id='word_1_674' title='bbox 885 5240 941 5291; x_wconf 85' lang='lat' dir='ltr'><strong>et</strong></span> <span class='ocrx_word' id='word_1_675' title='bbox 972 5234 1214 5308; x_wconf 90' lang='lat' dir='ltr'><strong>perdere</strong></span> <span class='ocrx_word' id='word_1_676' title='bbox 1262 5232 1552 5302; x_wconf 89' lang='lat' dir='ltr'><strong>nituntur,</strong></span> <span class='ocrx_word' id='word_1_677' title='bbox 1587 5238 1652 5289; x_wconf 89' lang='lat' dir='ltr'><strong>ut</strong></span> <span class='ocrx_word' id='word_1_678' title='bbox 1707 5231 1938 5288; x_wconf 80' lang='lat' dir='ltr'><strong>facilius</strong></span> 
     </span>
    </p>
   </div>
   <div class='ocr_carea' id='block_1_101' title="bbox 362 5377 1501 5449">
    <p class='ocr_par' dir='ltr' id='par_1_101' title="bbox 362 5377 1501 5449">
     <span class='ocr_line' id='line_1_101' title="bbox 362 5377 1501 5449; baseline -0.005 -10"><span class='ocrx_word' id='word_1_679' title='bbox 362 5384 409 5421; x_wconf 80' lang='grc'><strong>³³</strong></span> <span class='ocrx_word' id='word_1_680' title='bbox 440 5383 489 5440; x_wconf 87' lang='lat' dir='ltr'><strong>Il</strong></span> <span class='ocrx_word' id='word_1_681' title='bbox 516 5384 644 5441; x_wconf 85' lang='lat' dir='ltr'><strong>Cor.</strong></span> <span class='ocrx_word' id='word_1_682' title='bbox 677 5400 752 5449; x_wconf 71' lang='grc' dir='ltr'><strong>ιι,</strong></span> <span class='ocrx_word' id='word_1_683' title='bbox 781 5381 872 5436; x_wconf 83' lang='grc'><strong>29.</strong></span> <span class='ocrx_word' id='word_1_684' title='bbox 946 5380 994 5416; x_wconf 76' lang='grc'>⁸⁴</span> <span class='ocrx_word' id='word_1_685' title='bbox 1022 5377 1230 5436; x_wconf 86' lang='lat' dir='ltr'><strong>Matth.</strong></span> <span class='ocrx_word' id='word_1_686' title='bbox 1261 5394 1379 5448; x_wconf 77' lang='lat' dir='ltr'><strong>xw,</strong></span> <span class='ocrx_word' id='word_1_687' title='bbox 1414 5377 1501 5433; x_wconf 89' lang='grc'><strong>18.</strong></span> 
     </span>
    </p>
   </div>
   <div class='ocr_carea' id='block_1_102' title="bbox 356 5527 1851 5674">
    <p class='ocr_par' dir='ltr' id='par_1_102' title="bbox 356 5527 1851 5674">
     <span class='ocr_line' id='line_1_102' title="bbox 356 5527 1851 5674; baseline -0.006 -83"><span class='ocrx_word' id='word_1_688' title='bbox 356 5535 472 5674; x_wconf 52' lang='grc' dir='ltr'><strong>ἕω)</strong></span> <span class='ocrx_word' id='word_1_689' title='bbox 494 5534 828 5607; x_wconf 87' lang='lat' dir='ltr'><strong>Stephanus</strong></span> <span class='ocrx_word' id='word_1_690' title='bbox 864 5529 1135 5587; x_wconf 88' lang='lat' dir='ltr'><strong>Dorensis</strong></span> <span class='ocrx_word' id='word_1_691' title='bbox 1165 5527 1237 5585; x_wconf 87' lang='lat' dir='ltr'><strong>ad</strong></span> <span class='ocrx_word' id='word_1_692' title='bbox 1266 5529 1584 5611; x_wconf 74' lang='lat' dir='ltr'><strong>Martinam</strong></span> <span class='ocrx_word' id='word_1_693' title='bbox 1618 5542 1851 5610; x_wconf 77' lang='lat' dir='ltr'><strong>papam.</strong></span> 
     </span>
     <span class='ocr_line' id='line_1_103' title="bbox 382 5597 1851 5674; baseline -0.004 -12"><span class='ocrx_word' id='word_1_694' title='bbox 382 5608 466 5674; x_wconf 71' lang='grc'><strong>48)</strong></span> <span class='ocrx_word' id='word_1_695' title='bbox 494 5606 755 5662; x_wconf 85' lang='lat' dir='ltr'><strong>Habetur</strong></span> <span class='ocrx_word' id='word_1_696' title='bbox 784 5605 841 5658; x_wconf 91' lang='lat' dir='ltr'><strong>in</strong></span> <span class='ocrx_word' id='word_1_697' title='bbox 873 5602 1045 5674; x_wconf 90' lang='lat' dir='ltr'><strong>epist.</strong></span> <span class='ocrx_word' id='word_1_698' title='bbox 1074 5602 1292 5659; x_wconf 88' lang='lat' dir='ltr'><strong>decret.</strong></span> <span class='ocrx_word' id='word_1_699' title='bbox 1324 5600 1465 5658; x_wconf 77' lang='lat' dir='ltr'><strong>Julii</strong></span> <span class='ocrx_word' id='word_1_700' title='bbox 1494 5604 1700 5657; x_wconf 88' lang='lat' dir='ltr'><strong>contra</strong></span> <span class='ocrx_word' id='word_1_701' title='bbox 1729 5597 1851 5656; x_wconf 80' lang='lat' dir='ltr'><strong>One</strong></span> 
     </span>
    </p>
   </div>
   <div class='ocr_carea' id='block_1_103' title="bbox 382 5597 1931 5678">
    <p class='ocr_par' dir='ltr' id='par_1_103' title="bbox 382 5597 1931 5678">
     <span class='ocr_line' id='line_1_104' title="bbox 382 5597 1931 5678; baseline -0.005 -16"><span class='ocrx_word' id='word_1_702' title='bbox 382 5597 466 5678; x_wconf 64' lang='lat'><strong>48)</strong></span> <span class='ocrx_word' id='word_1_703' title='bbox 494 5597 755 5678; x_wconf 75' lang='lat' dir='ltr'><strong>[labetur</strong></span> <span class='ocrx_word' id='word_1_704' title='bbox 784 5605 841 5658; x_wconf 91' lang='lat' dir='ltr'><strong>in</strong></span> <span class='ocrx_word' id='word_1_705' title='bbox 873 5602 1045 5678; x_wconf 81' lang='lat' dir='ltr'><strong>epist.</strong></span> <span class='ocrx_word' id='word_1_706' title='bbox 1074 5602 1292 5659; x_wconf 88' lang='lat' dir='ltr'><strong>decret.</strong></span> <span class='ocrx_word' id='word_1_707' title='bbox 1324 5600 1465 5658; x_wconf 84' lang='lat' dir='ltr'><strong>Julii</strong></span> <span class='ocrx_word' id='word_1_708' title='bbox 1494 5597 1711 5657; x_wconf 76' lang='lat' dir='ltr'><strong>contra</strong></span> <span class='ocrx_word' id='word_1_709' title='bbox 1729 5597 1931 5656; x_wconf 89' lang='lat' dir='ltr'><strong>Orien-</strong></span> 
     </span>
    </p>
   </div>
   <div class='ocr_carea' id='block_1_104' title="bbox 286 5674 948 5751">
    <p class='ocr_par' dir='ltr' id='par_1_104' title="bbox 286 5674 948 5751">
     <span class='ocr_line' id='line_1_105' title="bbox 286 5674 948 5751; baseline -0.008 -15"><span class='ocrx_word' id='word_1_710' title='bbox 286 5674 576 5751; x_wconf 49' lang='lat' dir='ltr'><strong>tales&#39;pro</strong></span> <span class='ocrx_word' id='word_1_711' title='bbox 605 5674 948 5732; x_wconf 86' lang='lat' dir='ltr'><strong>Athanasio.</strong></span> 
     </span>
    </p>
   </div>
   <div class='ocr_carea' id='block_1_105' title="bbox 2046 4786 3687 4875">
    <p class='ocr_par' dir='ltr' id='par_1_105' title="bbox 2046 4786 3687 4875">
     <span class='ocr_line' id='line_1_106' title="bbox 2046 4786 3687 4875; baseline 0.016 -32"><span class='ocrx_word' id='word_1_712' title='bbox 2046 4793 2262 4852; x_wconf 76' lang='lat' dir='ltr'><strong>vertex,</strong></span> <span class='ocrx_word' id='word_1_713' title='bbox 2295 4786 2349 4840; x_wconf 91' lang='lat' dir='ltr'><strong>in</strong></span> <span class='ocrx_word' id='word_1_714' title='bbox 2384 4803 2500 4858; x_wconf 90' lang='lat' dir='ltr'><strong>quo</strong></span> <span class='ocrx_word' id='word_1_715' title='bbox 2529 4805 2732 4844; x_wconf 78' lang='lat' dir='ltr'><strong>omnes</strong></span> <span class='ocrx_word' id='word_1_716' title='bbox 2768 4798 3091 4865; x_wconf 83' lang='lat' dir='ltr'><strong>vertuntur,</strong></span> <span class='ocrx_word' id='word_1_717' title='bbox 3143 4810 3574 4875; x_wconf 86' lang='lat' dir='ltr'><strong>sustentantur,</strong></span> <span class='ocrx_word' id='word_1_718' title='bbox 3608 4813 3687 4870; x_wconf 88' lang='lat' dir='ltr'><strong>le-</strong></span> 
     </span>
    </p>
   </div>
   <div class='ocr_carea' id='block_1_106' title="bbox 2047 4876 3688 4971">
    <p class='ocr_par' dir='ltr' id='par_1_106' title="bbox 2047 4876 3688 4971">
     <span class='ocr_line' id='line_1_107' title="bbox 2047 4876 3688 4971; baseline 0.017 -41"><span class='ocrx_word' id='word_1_719' title='bbox 2047 4876 2639 4971; x_wconf 30' lang='lat' dir='ltr'><strong>vanturLetnsicutin</strong></span> <span class='ocrx_word' id='word_1_720' title='bbox 2671 4878 2899 4937; x_wconf 85' lang='lat' dir='ltr'><strong>Christo</strong></span> <span class='ocrx_word' id='word_1_721' title='bbox 2942 4886 3278 4961; x_wconf 81' lang='lat' dir='ltr'><strong>Christiani,</strong></span> <span class='ocrx_word' id='word_1_722' title='bbox 3327 4902 3383 4950; x_wconf 91' lang='lat' dir='ltr'><strong>et</strong></span> <span class='ocrx_word' id='word_1_723' title='bbox 3412 4898 3471 4954; x_wconf 92' lang='lat' dir='ltr'><strong>in</strong></span> <span class='ocrx_word' id='word_1_724' title='bbox 3505 4907 3688 4971; x_wconf 86' lang='lat' dir='ltr'><strong>petra,</strong></span> 
     </span>
    </p>
   </div>
   <div class='ocr_carea' id='block_1_107' title="bbox 2047 4964 3687 5048">
    <p class='ocr_par' dir='ltr' id='par_1_107' title="bbox 2047 4964 3687 5048">
     <span class='ocr_line' id='line_1_108' title="bbox 2047 4964 3687 5048; baseline 0.017 -29"><span class='ocrx_word' id='word_1_725' title='bbox 2047 4964 2104 5020; x_wconf 93' lang='lat' dir='ltr'><strong>id</strong></span> <span class='ocrx_word' id='word_1_726' title='bbox 2138 4971 2225 5020; x_wconf 87' lang='lat' dir='ltr'><strong>est</strong></span> <span class='ocrx_word' id='word_1_727' title='bbox 2254 4964 2502 5033; x_wconf 89' lang='lat' dir='ltr'><strong>Christo,</strong></span> <span class='ocrx_word' id='word_1_728' title='bbox 2547 4966 2770 5038; x_wconf 79' lang='lat' dir='ltr'><strong>Petrus,</strong></span> <span class='ocrx_word' id='word_1_729' title='bbox 2814 4971 2958 5027; x_wconf 83' lang='lat' dir='ltr'><strong>Petri</strong></span> <span class='ocrx_word' id='word_1_730' title='bbox 2993 4988 3345 5037; x_wconf 87' lang='lat' dir='ltr'><strong>renovantur</strong></span> <span class='ocrx_word' id='word_1_731' title='bbox 3374 4964 3638 5045; x_wconf 65' lang='lat' dir='ltr'><strong>Ecclesia</strong></span> 
     </span>
    </p>
   </div>
   <div class='ocr_carea' id='block_1_108' title="bbox 2049 5052 3694 5133">
    <p class='ocr_par' dir='ltr' id='par_1_108' title="bbox 2049 5052 3694 5133">
     <span class='ocr_line' id='line_1_109' title="bbox 2049 5052 3694 5133; baseline 0.016 -25"><span class='ocrx_word' id='word_1_732' title='bbox 2049 5055 2124 5109; x_wconf 83' lang='lat' dir='ltr'><strong>Tu</strong></span> <span class='ocrx_word' id='word_1_733' title='bbox 2168 5069 2224 5109; x_wconf 77' lang='lat' dir='ltr'><strong>es</strong></span> <span class='ocrx_word' id='word_1_734' title='bbox 2286 5052 2464 5117; x_wconf 87' lang='lat' dir='ltr'><strong>enim.</strong></span> <span class='ocrx_word' id='word_1_735' title='bbox 2537 5054 2689 5110; x_wconf 89' lang='lat' dir='ltr'><strong>sicut</strong></span> <span class='ocrx_word' id='word_1_736' title='bbox 2754 5057 3011 5118; x_wconf 86' lang='lat' dir='ltr'><strong>divinum</strong></span> <span class='ocrx_word' id='word_1_737' title='bbox 3096 5072 3378 5127; x_wconf 87' lang='lat' dir='ltr'><strong>veraciter</strong></span> <span class='ocrx_word' id='word_1_738' title='bbox 3443 5080 3694 5133; x_wconf 88' lang='lat' dir='ltr'><strong>testatur</strong></span> 
     </span>
    </p>
   </div>
   <div class='ocr_carea' id='block_1_109' title="bbox 2046 5141 3689 5224">
    <p class='ocr_par' dir='ltr' id='par_1_109' title="bbox 2046 5141 3689 5224">
     <span class='ocr_line' id='line_1_110' title="bbox 2046 5141 3689 5224; baseline 0.018 -29"><span class='ocrx_word' id='word_1_739' title='bbox 2046 5141 2366 5213; x_wconf 87' lang='lat' dir='ltr'><strong>eloquium,</strong></span> <span class='ocrx_word' id='word_1_740' title='bbox 2401 5151 2594 5198; x_wconf 77' lang='lat' dir='ltr'><strong>Petrus</strong></span> <span class='ocrx_word' id='word_1_741' title='bbox 2623 5144 2688 5211; x_wconf 69' lang='lat'><strong>3‘,</strong></span> <span class='ocrx_word' id='word_1_742' title='bbox 2720 5155 2778 5201; x_wconf 90' lang='lat' dir='ltr'><strong>et</strong></span> <span class='ocrx_word' id='word_1_743' title='bbox 2807 5166 2983 5222; x_wconf 86' lang='lat' dir='ltr'><strong>super</strong></span> <span class='ocrx_word' id='word_1_744' title='bbox 3031 5154 3476 5217; x_wconf 76' lang='lat' dir='ltr'><strong>fundamentum</strong></span> <span class='ocrx_word' id='word_1_745' title='bbox 3524 5171 3689 5224; x_wconf 84' lang='lat' dir='ltr'><strong>tuum</strong></span> 
     </span>
    </p>
   </div>
   <div class='ocr_carea' id='block_1_110' title="bbox 2045 5230 3690 5319">
    <p class='ocr_par' dir='ltr' id='par_1_110' title="bbox 2045 5230 3690 5319">
     <span class='ocr_line' id='line_1_111' title="bbox 2045 5230 3690 5319; baseline 0.016 -33"><span class='ocrx_word' id='word_1_746' title='bbox 2045 5230 2315 5286; x_wconf 72' lang='lat' dir='ltr'><strong>Ecclesia:</strong></span> <span class='ocrx_word' id='word_1_747' title='bbox 2345 5231 2658 5300; x_wconf 89' lang='lat' dir='ltr'><strong>columma,</strong></span> <span class='ocrx_word' id='word_1_748' title='bbox 2691 5235 2746 5289; x_wconf 92' lang='lat' dir='ltr'><strong>id</strong></span> <span class='ocrx_word' id='word_1_749' title='bbox 2779 5244 2889 5306; x_wconf 87' lang='lat' dir='ltr'><strong>est,</strong></span> <span class='ocrx_word' id='word_1_750' title='bbox 2932 5243 3209 5316; x_wconf 83' lang='lat' dir='ltr'><strong>episcOpi,</strong></span> <span class='ocrx_word' id='word_1_751' title='bbox 3242 5250 3341 5319; x_wconf 90' lang='lat' dir='ltr'><strong>qui</strong></span> <span class='ocrx_word' id='word_1_752' title='bbox 3378 5251 3690 5313; x_wconf 87' lang='lat' dir='ltr'><strong>Ecclesiam</strong></span> 
     </span>
    </p>
   </div>
   <div class='ocr_carea' id='block_1_111' title="bbox 2117 5528 2682 5670">
    <p class='ocr_par' dir='ltr' id='par_1_111' title="bbox 2117 5528 2682 5670">
     <span class='ocr_line' id='line_1_112' title="bbox 2117 5528 2682 5670; baseline 0.011 -88"><span class='ocrx_word' id='word_1_753' title='bbox 2117 5528 2231 5670; x_wconf 52' lang='lat'><strong>249)</strong></span> <span class='ocrx_word' id='word_1_754' title='bbox 2261 5529 2396 5585; x_wconf 84' lang='lat' dir='ltr'><strong>Adr.</strong></span> <span class='ocrx_word' id='word_1_755' title='bbox 2430 5530 2561 5587; x_wconf 90' lang='lat' dir='ltr'><strong>coll.</strong></span> <span class='ocrx_word' id='word_1_756' title='bbox 2593 5532 2682 5589; x_wconf 85' lang='lat'><strong>35.</strong></span> 
     </span>
     <span class='ocr_line' id='line_1_113' title="bbox 2138 5600 2682 5670; baseline 0.011 -15"><span class='ocrx_word' id='word_1_757' title='bbox 2138 5602 2230 5667; x_wconf 88' lang='grc'><strong>50)</strong></span> <span class='ocrx_word' id='word_1_758' title='bbox 2260 5600 2502 5670; x_wconf 89' lang='lat' dir='ltr'><strong>Sergius</strong></span> <span class='ocrx_word' id='word_1_759' title='bbox 2534 5604 2682 5670; x_wconf 84' lang='lat' dir='ltr'><strong>Cypr</strong></span> 
     </span>
    </p>
   </div>
   <div class='ocr_carea' id='block_1_112' title="bbox 2044 5600 3687 5728">
    <p class='ocr_par' dir='ltr' id='par_1_112' title="bbox 2044 5600 3687 5728">
     <span class='ocr_line' id='line_1_114' title="bbox 2044 5600 3687 5728; baseline 0.013 -73"><span class='ocrx_word' id='word_1_760' title='bbox 2044 5685 2085 5723; x_wconf 68' lang='grc' dir='ltr'>Π</span> <span class='ocrx_word' id='word_1_761' title='bbox 2115 5600 2230 5726; x_wconf 53' lang='grc' dir='ltr'><strong>ἓῗο)</strong></span> <span class='ocrx_word' id='word_1_762' title='bbox 2260 5600 2502 5728; x_wconf 61' lang='lat' dir='ltr'><strong>Sergius</strong></span> <span class='ocrx_word' id='word_1_763' title='bbox 2534 5604 2904 5681; x_wconf 82' lang='lat' dir='ltr'><strong>Cypri,cpist.</strong></span> <span class='ocrx_word' id='word_1_764' title='bbox 2940 5612 3009 5669; x_wconf 90' lang='lat' dir='ltr'><strong>ad</strong></span> <span class='ocrx_word' id='word_1_765' title='bbox 3044 5613 3264 5675; x_wconf 86' lang='lat' dir='ltr'><strong>Theod.</strong></span> <span class='ocrx_word' id='word_1_766' title='bbox 3291 5636 3500 5694; x_wconf 86' lang='lat' dir='ltr'><strong>papam</strong></span> <span class='ocrx_word' id='word_1_767' title='bbox 3525 5640 3687 5687; x_wconf 77' lang='lat' dir='ltr'><strong>cons,</strong></span> 
     </span>
     <span class='ocr_line' id='line_1_115' title="bbox 2189 5672 2633 5728; baseline 0.005 -2"><span class='ocrx_word' id='word_1_768' title='bbox 2189 5672 2328 5727; x_wconf 77' lang='lat' dir='ltr'><strong>ncil.</strong></span> <span class='ocrx_word' id='word_1_769' title='bbox 2412 5678 2633 5728; x_wconf 84' lang='lat' dir='ltr'><strong>aternn.</strong></span> 
     </span>
    </p>
   </div>
   <div class='ocr_carea' id='block_1_113' title="bbox 2115 5672 2633 5733">
    <p class='ocr_par' dir='ltr' id='par_1_113' title="bbox 2115 5672 2633 5733">
     <span class='ocr_line' id='line_1_116' title="bbox 2115 5672 2633 5733; baseline 0.015 -8"><span class='ocrx_word' id='word_1_770' title='bbox 2115 5672 2328 5727; x_wconf 91' lang='lat' dir='ltr'><strong>concil.</strong></span> <span class='ocrx_word' id='word_1_771' title='bbox 2366 5672 2633 5733; x_wconf 46' lang='lat' dir='ltr'><strong>Laterani</strong></span> 
     </span>
    </p>
   </div>
  </div>
