4060 6218
408 388 560 448 M75

1569 378 1633 440 S.
1680 375 2198 439 A'I‘HANASIUS.
2231 409 2306 425 -—
2337 380 2650 444 SPUltlA.

3673 383 3833 442 H76

410 522 723 585 sustinere,
774 524 831 574 et
891 515 1142 590 propriis
1191 516 1452 571 humeris
1514 518 1744 584 portare
1811 511 2044 576 debent,
2074 511 2346 578 Aeidem
2369 520 2582 571 sanctae
2615 516 2739 572 sedi
2778 520 2983 573 vestrae
3032 517 3092 571 in
3148 516 3428 572 honorem
3480 518 3823 572 beatissimi

409 614 551 666 sunt
604 606 953 664 conﬁrmati.
1008 605 1254 677 Tibique
1319 603 1510 659 claves
1559 601 1720 674 regni
1769 599 2048 655 ccelorum

408 697 726 762 commisit,
759 701 935 767 atque
966 694 1167 766 ligare,
1190 699 1245 750 et
1277 692 1497 748 solvere
1529 689 1889 763 potestative,
1922 703 2049 757 quas.

407 787 654 844 interra
695 790 751 841 et
781 801 906 856 quae
954 801 1011 837 1n
1066 782 1228 838 cmlis
1304 788 1459 851 sunt,
1507 777 1918 853 promulgavit.
1964 776 2049 830 Tu

404 876 785 948 profanarum
810 873 1123 940 heresum,
1155 877 1212 927 et
1240 870 1666 942 impetitorum,
1715 874 1892 939 atque
1920 882 2049 920 om-

403 964 568 1019 nium
602 961 1004 1018 infestantium
1045 960 1363 1033 dcpositor,
1414 963 1469 1014 et
1518 957 1809 1029 princeps,
1843 958 1901 1010 et
1944 954 2036 1010 do-

404 1059 546 1119 ctor,
605 1056 898 1123 caputque
949 1050 1212 1105 omnium
1273 1047 1602 1104 orthodoxae
1661 1043 1934 1100 doctrina:
1994 1048 2051 1100 et

402 1141 794 1197 immaculatze
848 1140 980 1194 tidei
1047 1139 1301 1194 exsistis.
1376 1136 1555 1208 Igitur
1622 1152 1693 1190 ne
1757 1131 2050 1204 despicias

400 1235 640 1288 Patrum
670 1235 928 1296 tuorum,
963 1228 1148 1293 Pater,
1174 1226 1470 1299 pietatem,
1495 1225 1828 1294 bonamque
1858 1223 2045 1275 inten-

401 1321 642 1376 tionem.
690 1320 758 1375 Et
820 1319 973 1373 sicut
1037 1316 1124 1372 illi
1205 1316 1401 1371 Patres
1450 1318 1507 1369 et
1592 1313 2046 1385 praedecessores

399 1415 634 1465 nostros
675 1425 708 1463 a
756 1405 960 1462 multis
1006 1406 1402 1460 liberaverunt
1448 1399 1930 1474 oppressionibus
1988 1404 2048 1456 et

400 1496 710 1569 angustiis,
743 1495 825 1550 ita
855 1511 963 1549 nos
992 1493 1237 1549 liberare
1268 1490 1547 1562 digneris.
1581 1490 1726 1545 Nam
1751 1488 1862 1543 fuit
1891 1504 2045 1544 sem-

401 1602 505 1659 per
527 1589 728 1641 vestrze
758 1588 971 1640 sanctze
1003 1588 1060 1637 et
1105 1580 1435 1654 apostolicae
1485 1579 1609 1635 sedi
1663 1578 1918 1645 licentia,
1951 1577 2044 1632 in-

394 1677 558 1748 juste
610 1676 921 1729 damnatos
968 1671 1057 1726 vel
1107 1669 1663 1738 excommunicatos,
1703 1665 2046 1740 potestative

403 1781 514 1821 sua
560 1763 904 1819 auctoritate
955 1762 1280 1828 restituere,
1328 1765 1384 1813 et
1428 1775 1538 1813 sua
1574 1758 1660 1813 eis
1689 1754 1888 1812 omnia
1918 1755 2055 1812 red-.

2163 598 2331 655 Petri.
2370 603 2606 659 Patrum
2639 606 2871 660 decreta
2899 603 3250 677 peculiarem
3298 604 3627 660 decrevisse
3650 621 3821 661 reve-

2161 688 2411 743 rentiam
2448 690 2570 755 Dei,
2602 708 2704 762 pro
2754 692 2928 747 rebus
2980 690 3352 762 inquirendis
3394 696 3572 762 atque
3620 692 3825 747 deter-

2162 776 2478 845 minandis,
2528 796 2676 852 quas
2724 779 2972 836 sollicite
3031 782 3196 836 decet
3238 782 3513 852 justeque
3558 782 3637 836 ab
3684 780 3823 854 ipso

2160 864 2475 934 prmsulum
2547 867 2868 923 examinari
2931 869 3144 924 vertice
3202 869 3548 941 apostolico,
3641 870 3826 940 cujus

2158 952 2488 1010 sollicitudo
2518 972 2751 1028 semper
2784 956 2895 1011 fuit
2923 960 2980 1011 et
3023 960 3116 1013 est
3162 962 3282 1012 tam
3317 962 3473 1012 mala
3523 957 3821 1012 damnare

2158 1058 2333 1113 quam
2399 1045 2644 1116 probare
2684 1045 2999 1101 laudanda.
3063 1046 3350 1112 Quoniam
3400 1045 3819 1101 humillimum

2156 1137 2345 1188 vestro
2376 1133 2692 1205 apostolico
2723 1134 2965 1190 culmini
2999 1133 3397 1205 persolventes
3428 1134 3822 1206 obsequium,

2156 1226 2221 1279 ut
2266 1221 2392 1293 ipse
2439 1222 2724 1279 Dominus
2791 1224 3085 1297 praecepit,
3164 1228 3503 1280 sanctorum
3570 1225 3824 1280 decreta

2156 1310 2394 1369 Patrum
2469 1316 2823 1379 statuerunt,
2886 1328 3023 1369 cum
3093 1311 3370 1385 lacrymis
3427 1311 3823 1385 suggerimus

2155 1402 2311 1472 quod
2356 1402 2483 1458 sine
2530 1402 2753 1475 gemitu
2818 1402 3014 1458 cordis
3062 1401 3303 1458 reticere
3352 1419 3469 1458 non
3516 1402 3821 1477 valemus.

2153 1493 2301 1546 Nam
2348 1489 2410 1545 iu
2475 1495 2706 1546 tantum
2776 1507 2810 1546 a
2868 1490 3344 1563 persecutoribus
3411 1496 3632 1546 saneta:
3710 1492 3823 1547 Dei

2153 1577 2424 1634 Ecclesiae
2507 1578 2842 1650 nostrisque
2909 1578 3169 1634 inimicis
3238 1578 3675 1651 persequimur,
3750 1585 3824 1635 ut

2153 1668 2303 1723 6“
2341 1667 2528 1740 magis
2579 1684 2685 1725 nos
2714 1666 2923 1736 vivere,
2971 1683 3151 1740 quam
3184 1666 3333 1723 mori
3364 1670 3595 1723 tedeat.
3640 1667 3819 1724 Unde

2153 1775 2268 1830 prae
2299 1759 2577 1814 omnibus
2610 1757 2946 1826 fatemur,in
2978 1763 3208 1814 tantum
3238 1774 3339 1814 cor
3367 1773 3498 1814 esse
3531 1763 3817 1814 nostrum

401 1854 556 1919 dere,
590 1858 647 1907 et
674 1852 806 1906 illos
838 1851 937 1923 qui
986 1867 1084 1904 eos
1134 1848 1621 1915 condemnarunt,
1670 1851 1773 1900 aut
1808 1860 2040 1900 excom-
2072 1872 2120 1938 B
2150 1847 2544 1910 vulneratum,
2580 1852 2645 1902 ut
2674 1847 3080 1921 propheticum
3128 1846 3296 1902 illum
3328 1846 3635 1918 planctum
3665 1863 3813 1903 exo-

397 1942 863 2005 municaverunt,
907 1938 1222 2012 apostolico
1269 1937 1476 2009 punire
1517 1934 1851 2007 privilegio:
1887 1933 2039 1988 sicut

394 2031 571 2087 etiam
603 2030 818 2085 nostris
849 2034 903 2084 et
927 2026 1397 2083 antecessoribus
1427 2024 1808 2097 cognovimus
1837 2027 2034 2078 actum

396 2119 781 2193 temporibus.
816 2123 991 2172 Porro
1024 2120 1079 2171 et
1108 2115 1216 2186 ipsi
1254 2114 1553 2186 primates,
1582 2111 1686 2184 qui
1732 2112 2032 2184 episcopo-

395 2226 526 2264 rum
557 2214 615 2264 et
645 2222 1014 2262 summorum
1047 2202 1574 2259 ecclesiasticorum
1616 2217 1824 2257 causas
1853 2200 2037 2257 susci-

392 2315 529 2370 pere
592 2297 825 2362 debent,
896 2295 953 2349 in
1023 2294 1255 2365 praaﬁxa
1319 2291 1551 2347 Nicaena
1610 2289 1830 2363 synodo
1897 2298 2031 2346 sunt

393 2386 767 2453 dinumerati,
801 2402 872 2440 ne
901 2386 962 2438 in
1010 2389 1308 2455 posterum
1340 2397 1411 2435 ex
1454 2380 1563 2436 hoc
1610 2377 1900 2435 contentio
1930 2379 2035 2434 cri-

394 2481 574 2532 retur.
607 2475 721 2547 (51)
756 2474 801 2529 Ο
831 2470 1205 2529 sanctissime
1244 2470 1409 2525 Pater
1439 2469 1698 2533 Patrum,
1752 2467 2033 2523 abscinde

394 2562 792 2637 blasphemiae
821 2567 878 2617 et
898 2559 1245 2633 jactantiam
1295 2556 1739 2629 vaniloquorum
1787 2562 1846 2612 et
1868 2556 2030 2612 ‘insi-

392 2652 681 2709 diantium
750 2648 1173 2714 infestationes,
1245 2663 1353 2702 nos
1418 2653 1476 2702 et
1541 2650 1748 2701 tratres
1798 2652 2028 2701 nostros

391 2741 1053 2815 opprimentium,atque
1081 2736 1316 2807 perdere
1345 2735 1687 2803 volentium,
1714 2734 1815 2805 qui
1838 2735 1905 2789 ad
1928 2750 2030 2790 vos

390 2830 558 2903 quasi
591 2830 663 2884 ad
693 2834 871 2900 caput
900 2825 1295 2897 confugimus,
1320 2830 1385 2878 ut
1414 2827 1603 2877 vestro
1620 2821 1844 2879 suﬂ‘ulti
1870 2822 2030 2878 auxi-

388 2918 466 2975 lio
495 2918 831 2983 liberemur,
865 2919 922 2970 et
949 2913 1111 2968 vobis
1134 2910 1418 2983 nobisque
1438 2910 1651 2967 Christi
1681 2910 2030 2967 commissas

390 3024 524 3064 oves
589 3024 623 3061 a
695 3004 968 3077 luporum
1040 3019 1158 3071 ore,
1234 2997 1480 3057 Domino
1548 2998 2026 3068 adminiculante,

388 3100 703 3168 antequam
730 3091 1148 3164 deglutiantur,
1200 3090 1521 3162 rapiamus.
1559 3089 1673 3144 Nec
1721 3088 1874 3144 enim
1916 3088 2028 3160 (52)

394 3186 480 3240 fas
524 3188 613 3238 est
655 3180 990 3253 supplicum
1058 3179 1388 3250 apostolicae
1437 3177 1593 3234 sedis
1637 3178 1877 3248 scripto,
1926 3184 2027 3233 aut

393 3273 520 3329 sine
540 3270 776 3341 scripto,
810 3285 1008 3341 preces
1056 3268 1252 3323 oblata
1300 3267 1617 3337 despicere,
1667 3267 1768 3321 sed
1800 3272 1862 3321 ut
1890 3282 2029 3321 cou-

396 3360 579 3427 decet,
613 3366 670 3414 et
700 3356 1076 3430 privilegium
1125 3362 1325 3410 vestra:
1375 3355 1532 3411 sedis
1573 3361 1682 3421 est,
1715 3360 1771 3410 et
1812 3372 1940 3423 nos,
1972 3357 2028 3409 et

390 3448 474 3507 illi
509 3445 925 3504 canonicaliter
951 3461 1356 3511 convocemur,
1403 3449 1460 3498 et
1496 3449 1631 3499 ante
1675 3461 1778 3500 vos
1828 3444 1899 3500 de
1926 3461 2026 3500 uo-

391 3538 530 3596 stris
561 3535 987 3607 objectionibus
1033 3533 1311 3589 canonice
1351 3549 1484 3587 cum
1534 3534 1693 3587 omni
1743 3532 2028 3605 probitate

389 3632 812 3685 concertemus.
866 3623 1027 3678 Sicut
1083 3622 1535 3695 praedecessores
1607 3622 1789 3677 nostri
1848 3638 2024 3694 penes

384 3722 610 3773 vestros
643 3717 904 3769 fecerunt
933 3716 1361 3778 antecessores,
1389 3714 1446 3766 et
1474 3709 1629 3765 sicut
1656 3711 1936 3767 canonica
1964 3712 2023 3766 in

386 3805 664 3879 praedicta
727 3807 931 3858 sancta
978 3801 1199 3873 synodo
1283 3801 1495 3855 docent
1559 3801 1896 3869 constituta,
1964 3806 2024 3857 et

381 3892 563 3950 veluti
619 3891 833 3965 paleati
883 3890 1043 3946 verbi
1108 3906 1210 3962 per
1272 3888 1663 3945 ventilabrum
1732 3889 2020 3945 canonice

380 3981 831 4040 examinationis
877 3979 1109 4052 plenam
1156 3978 1586 4051 purgationem,
1630 3978 1689 4032 in
1720 3979 2018 4034 communi

377 4071 767 4128 consistentes
797 4067 1108 4138 auditorio,
1143 4067 1213 4123 de
1246 4067 1495 4122 maturis
1535 4073 1590 4121 et
1622 4067 2018 4123 nutrientibus

376 4159 673 4217 catholicae
716 4157 986 4214 Ecclesiae
1034 4157 1432 4228 dogmatibus,
1475 4172 1603 4227 qua:
1669 4158 2021 4213 confirmant

377 4265 477 4304 cor
506 4246 782 4314 hominis,
818 4262 916 4318 per
940 4245 1444 4318 participationem
1478 4250 1851 4316 paternarum
1886 4263 2015 4301 cono

378 4353 694 4410 sequamur
726 4335 1186 4391 institutionum.
1207 4333 1318 4405 (53)
1349 4334 1623 4405 Antiquis
1651 4336 1807 4390 enim
1841 4352 2015 4407 regu-

376 4426 450 4483 lis
481 4427 772 4483 sancitum
806 4430 913 4492 est,
948 4428 1014 4478 ut
1045 4422 1351 4494 quidquid,
1377 4424 1646 4492 quamvis
1686 4423 1742 4478 in
1776 4425 2016 4482 remotis

377 4520 481 4572 aut
514 4515 569 4571 in
590 4513 929 4587 longinquis
952 4511 1157 4584 positis
1178 4511 1512 4582 provinciis,
1543 4527 1721 4583 super
1784 4514 2012 4585 episco-

2153 1940 2407 2008 ptemus,
2440 1936 2701 1992 dicentes
2737 1954 2751 1992 :
2787 1936 2918 2004 Quis
2946 1936 3101 1991 dabit
3117 1936 3291 2009 capiti
3318 1952 3438 1991 meo
3463 1944 3820 2008 aquam,aul

2145 2027 2317 2081 oculis
2344 2026 2552 2081 nostris
2579 2027 2788 2096 fontem
2833 2026 3233 2099 lucrymarum,
3281 2028 3347 2080 ut
3390 2024 3640 2080 sedentes
3683 2026 3818 2096 plo-

2143 2131 2328 2171 remus
2357 2115 2445 2170 die
2474 2131 2538 2170 ac
2565 2115 2722 2170 docte
2750 2115 2795 2149 ³⁸
2823 2114 2852 2169 ‘I
2882 2118 3023 2170 Ecce
3048 2114 3206 2170 enim
3247 2128 3406 2180 oves,
3456 2130 3587 2185 qua:
3618 2112 3814 2169 nimis

2144 2204 2518 2274 infestantur,
2551 2208 2728 2275 atque
2757 2220 2791 2257 a
2808 2202 3001 2274 pravis
3028 2201 3287 2258 amoveri
3308 2200 3652 2257 hominibus
3674 2202 3803 2257 im-

2144 2292 2463 2365 pelluntur.
2505 2290 2972 2347 Christianorum
3022 2306 3158 2345 vero
3210 2305 3379 2345 voces
3425 2306 3493 2345 ac
3539 2289 3809 2362 gemitus

2141 2382 2550 2454 episcoporum
2586 2380 2755 2453 longe
2786 2380 3012 2451 lateque
3050 2382 3348 2446 resonant,
3380 2379 3673 2434 novitates
3700 2378 3803 2435 in—

2140 2475 2415 2545 surgunt,
2444 2470 2753 2527 calumnia:
2784 2475 3077 2533 crescunt,
3101 2470 3431 2542 persecutio
3461 2475 3800 2541 grassatur,

2139 2561 2388 2633 perditio
2419 2560 2483 2615 ﬁt
2512 2560 2884 2632 populorum.
2920 2562 3192 2613 Vestrum
3223 2563 3314 2613 est
3343 2557 3515 2614 nobis
3546 2574 3795 2613 manum

2139 2649 2454 2722 porrigere,
2488 2650 2652 2703 vobis
2699 2649 2852 2703 enim
2904 2647 3203 2702 commissi
3251 2663 3477 2713 sumus,
3528 2654 3799 2701 vestrum

2137 2742 2228 2793 est
2257 2752 2364 2792 nos
2394 2735 2705 2791 defendere
2742 2739 2920 2806 atque
2961 2734 3229 2800 liberare,
3281 2737 3673 2805 nostrumque
3702 2742 3800 2789 est

2137 2842 2170 2882 a
2200 2825 2365 2881 vobis
2392 2824 2683 2880 auxilium
2706 2829 2993 2896 expetere,
3021 2828 3079 2878 et
3106 2822 3317 2879 vestris
3344 2838 3550 2894 parere
3570 2822 3796 2894 jussio

2138 2912 2339 2968 nibus.
2378 2912 2488 2967 Pro
2520 2911 2700 2967 nimio
2729 2927 2866 2983 ergo
2896 2909 3118 2980 dolore,
3158 2914 3335 2981 atque
3382 2910 3608 2982 gemitu
3660 2927 3795 2966 om-

2138 3001 2303 3056 nium
2353 3017 2480 3073 qua:
2546 3016 2653 3056 nos
2719 3000 3000 3056 infestant
3068 2999 3398 3055 necessario
3466 2999 3789 3065 recordari,

2137 3092 2419 3164 vobisque
2463 3091 2799 3164 significare
2855 3090 3191 3164 nequimus.
3250 3090 3385 3146 Ideo
3432 3090 3657 3146 almum
3690 3108 3793 3147 ve-

2141 3186 2329 3236 strum
2362 3197 2672 3237 exoramus
2704 3179 3119 3251 apostolatum,
3154 3184 3217 3235 ut
3246 3195 3426 3251 super
3454 3178 3549 3234 his
3579 3178 3795 3252 legem,

2140 3287 2270 3342 qua:
2301 3271 2357 3325 in
2386 3276 2708 3326 memorata
2736 3269 2969 3325 Nicena
3015 3270 3236 3342 synodo
3267 3274 3358 3325 est
3397 3269 3795 3343 promulgata,

2136 3361 2404 3432 quamvis
2435 3359 2844 3432 praedictorum
2866 3358 3365 3426 insidiatorum,et
3394 3358 3647 3416 aliorum
3674 3377 3791 3415 ma-

2133 3447 2327 3506 lorum
2355 3448 2687 3516 hominum,
2717 3465 2830 3519 quo
2863 3446 3094 3504 facilius
3139 3446 3445 3520 episcopos
3472 3448 3577 3504 Dei
3611 3449 3790 3505 mini-

2133 3544 2288 3594 stros
2313 3536 2547 3594 valeant
2576 3536 2920 3609 illaqueare,
2969 3540 3060 3592 est
3104 3536 3411 3601 sutfocata,
3443 3539 3733 3610 reparetis
3771 3556 3787 3597 :

2132 3632 2189 3683 et
2216 3644 2345 3697 qua:
2376 3626 2705 3683 necessaria
2739 3627 2858 3681 fore
2887 3626 3263 3698 cognoscitis,
3304 3631 3509 3683 vestra
3563 3633 3785 3684 sanctae

2131 3715 2290 3772 sedis
2317 3716 2661 3772 auctoritate
2689 3732 2793 3770 nos
2813 3719 3175 3786 cunctosque
3195 3714 3404 3770 fratres
3426 3714 3784 3783 iut’ormetis,

2133 3809 2197 3860 ut
2227 3803 2515 3860 malorum
2546 3804 2791 3860 insidias
2821 3803 3155 3875 hominum,
3183 3809 3383 3860 vestra
3410 3803 3544 3860 fulti
3574 3810 3783 3861 aucto-

2130 3894 2297 3950 ritate
2326 3893 2513 3963 illaesi,
2551 3894 2791 3950 Domino
2821 3893 3166 3966 opitulante,
3183 3894 3426 3950 evadere
3455 3893 3783 3959 valeamus,

2129 3982 2268 4054 quia
2299 3982 2548 4038 insidias
2578 3981 2854 4054 luporum
2884 3982 3220 4056 praevidere,
3262 3999 3378 4040 non
3408 3985 3607 4040 ovium
3643 3987 3781 4057 (54),

2127 4073 2227 4129 sed
2261 4076 2559 4144 pastorum
2593 4071 2944 4128 cst.Scimus
2974 4071 3131 4128 enim
3162 4073 3319 4145 quod
3348 4073 3407 4129 id
3435 4090 3675 4148 semper
3689 4091 3781 4130 ve-

2126 4166 2258 4216 stris
2292 4161 2440 4216 sedis
2480 4159 2781 4231 prazsulcs,
2808 4159 2995 4231 primo
3025 4161 3512 4232 apostoli,deinde
3543 4180 3779 4219 succes-

2124 4265 2289 4304 sores
2319 4265 2521 4304 eorum
2555 4248 2951 4320 fecerunt.(55)
2982 4247 3097 4304 Vos
3113 4248 3464 4307 universalis
3483 4251 3779 4317 Ecclesia,

2124 4346 2182 4395 et
2214 4338 2466 4394 maxime
2496 4338 2903 4410 episcoporum
2934 4339 3035 4410 qui
3073 4339 3230 4395 oculi
3276 4340 3510 4397 Domini
3543 4349 3785 4415 propter

2121 4424 2667 4497 contemplationem
2701 4431 2757 4480 et
2786 4424 3242 4497 speculationem
3264 4434 3777 4495 vocantur,curam

2122 4532 2342 4588 gerere,
2388 4532 2456 4570 ac
2494 4515 2565 4570 de
2620 4514 2972 4571 revelatione
3017 4520 3076 4571 et
3120 4515 3249 4588 lege
3293 4522 3498 4573 nostra
3543 4518 3783 4574 assidue

376 4622 582 4678 porum
618 4603 872 4677 querelis
903 4607 1004 4656 aut
1050 4600 1521 4657 accusationibus
1567 4608 1854 4673 ageretur,
1902 4620 2018 4660 non
2047 4597 2095 4663 D
2125 4605 2378 4678 cogitare
2408 4605 2819 4670 debetis,sicut
2848 4604 3131 4677 scriptum
3156 4612 3264 4662 est:
3298 4608 3504 4664 Beatus
3532 4610 3637 4680 qui
3660 4626 3781 4664 me-

375 4693 539 4765 prius
567 4692 937 4747 tractandum
971 4689 1057 4745 vel
1084 4689 1488 4761 accipiendum
1526 4695 1699 4757 esset,
1733 4708 1908 4763 quam
1940 4694 2013 4750 ad

375 4781 647 4837 notitiam
696 4779 862 4836 almae
907 4778 1063 4834 sedis
1112 4784 1317 4833 vestrae
1363 4777 1572 4834 fuisset
1618 4781 2013 4851 pronuntiatio

370 4871 546 4937 facta,
579 4886 697 4942 qua
738 4869 1158 4933 inﬁrmaretur,
1207 4871 1310 4921 aut
1358 4868 1711 4925 firmaretur.
1760 4870 2014 4943 Indeque

369 4963 674 5015 sumerent
704 4973 994 5021 normam,
1030 4957 1185 5011 unde
1218 4955 1482 5012 Ecclesia:
1520 4974 1826 5029 sumpsere
1853 4975 2015 5016 exor-

370 5049 534 5105 dium
557 5046 1007 5121 praadicationis,
1058 5062 1131 5102 ne
1176 5046 1397 5117 passim
1445 5045 1518 5102 ab
1567 5046 2013 5107 insidiatoribus

368 5137 652 5195 columnae
677 5141 1070 5193 averterentur
1118 5135 1403 5191 Ecclesiae.
1437 5139 1669 5191 Certum
1718 5142 1809 5193 est
1855 5140 2012 5198 enim

433 5323 480 5359 ³⁸
505 5322 722 5380 Jerem.
754 5337 832 5391 ιι,
867 5321 918 5376 1.
992 5318 1038 5355 ³⁸
1067 5315 1223 5375 Psal.
1255 5334 1296 5385 ι,
1324 5317 1379 5373 2.

432 5486 544 5559 (51)
575 5487 735 5546 Idem
762 5484 1014 5559 Sergius.

453 5552 544 5631 52)
574 5552 1066 5631 Martinus'papa,
1094 5552 1338 5631 ibidem;

452 5623 543 5701 53}
576 5631 686 5687 PP.
719 5623 986 5703 Afric.'_in'
1032 5623 1125 5700 ep.
1175 5627 1246 5682 ad
1296 5623 1516 5682 Theod.
1568 5644 1781 5703 papam
1839 5647 2002 5689 conc.

399 5701 625 5759 ateran.
659 5719 797 5759 ann.
829 5701 957 5756 649.

2121 4695 2334 4752 ditatur
2363 4696 2421 4749 in
2455 4695 2570 4763 lege
2600 4694 2820 4750 Domini
2845 4692 2937 4749 die
2962 4710 3028 4749 ac
3074 4699 3229 4750 nocte
3256 4695 3325 4761 ³⁸,
3357 4696 3493 4760 Quas
3522 4698 3777 4753 medita-

2120 4784 2225 4853 tio,
2256 4802 2371 4840 non
2402 4783 2649 4840 lectione
2699 4800 2800 4854 per
2853 4784 3100 4855 figuram
3158 4784 3487 4841 litterarum
3538 4794 3773 4843 tantum

2122 4878 2453 4946 conspecta,
2485 4873 2585 4928 sed
2621 4872 2904 4928 uberaute
2946 4873 3004 4928 in
3053 4872 3217 4929 vobis
3249 4873 3461 4930 Christi
3494 4877 3687 4948 gratia
3716 4877 3775 4931 in

2118 4967 2310 5020 vestra
2344 4959 2717 5034 cognoscitur
2754 4961 3111 5018 conscientia
3156 4961 3545 5020 immobiliter
3572 4965 3772 5032 insita,

2120 5057 2177 5109 et
2206 5053 2544 5109 nullatenus
2572 5051 2644 5106 de
2673 5056 2868 5108 vestro
2900 5052 3075 5108 corde
3108 5053 3413 5109 recedente
3444 5054 3574 5126 lege
3604 5056 3771 5112 Chri-

2122 5141 2197 5200 sti
2230 5140 2328 5199 Dei
2348 5145 2705 5213 sacrosanta,
2755 5140 2908 5197 sicut
2936 5141 2996 5196 in
3052 5141 3265 5197 Psalmi
3321 5142 3466 5199 dicit
3515 5143 3774 5218 Prophe-

2190 5484 2302 5561 (54)
2331 5485 2505 5561 Cone.
2536 5506 2601 5546 nr
2630 5486 2795 5546 Rom.
2824 5486 2935 5547 sub
2963 5484 3333 5561 Symmacho.

2188 5560 2303 5636 (55)
2334 5560 2548 5636 Victor.
2585 5561 2783 5618 Carth.
2815 5578 2907 5634 ep.
2939 5560 3020 5618 ad
3042 5561 3263 5618 Theod.
3313 5575 3553 5636 papam,
3609 5561 3767 5621 unde

2119 5633 2306 5689 multa
2335 5632 2450 5688 huc
2481 5632 2712 5691 invecta
2741 5632 2902 5690 sunt.
