4060 6218
248 356 393 413 M77

1124 350 1429 410 PONTIF.
1478 346 1666 409 ΝΟΜ.
1720 349 1814 407 E'l‘
1859 345 2278 408 ATllANASIl
2327 346 2753 407 EPISTOLIE.

3490 351 3644 413 1478

271 505 305 541 a
330 503 343 539 :
370 482 438 539 0s
458 484 606 556 justi
631 482 995 538 meditabitur
1036 482 1385 554 sapientiam,
1417 484 1466 535 et
1502 479 1704 552 lingua
1760 480 1880 549 eius
1910 495 1963 556 Α
1994 495 2214 547 versos,
2244 476 2390 534 nihil
2422 477 2579 533 aliud
2611 484 2700 534 est
2720 495 2899 550 quam
2922 480 3132 536 fovere.
3159 480 3274 536 Nec
3295 488 3450 538 caret
3480 500 3642 539 scru-
3686 508 3691 512 ι

257 574 511 644 loquetur
522 571 817 643 judicium,
851 571 944 626 tea:
967 572 1067 627 Dei
1095 571 1212 642 ejus
1268 571 1328 624 in
1383 569 1542 625 corde
1588 570 1761 640 ipsius
1808 569 1880 636 ³⁷,

244 680 358 719 non
390 667 756 726 atramento,
790 660 890 715 sed
924 658 1136 731 spiritu
1173 658 1266 713 Dei
1298 658 1407 711 vivi
1435 658 1644 714 vestris
1674 658 1733 713 in
1790 675 1883 714 ar-

243 753 403 807 canis
437 748 798 820 conscripta,
830 765 1016 819 neque
1046 747 1103 802 in
1134 746 1352 803 tabulis
1385 746 1632 819 lapideis
1665 747 1765 803 sed
1826 748 1883 802 in

242 837 464 895 tabulis
493 836 687 891 cordis
718 835 1073 903 carnalibus,
1098 834 1254 890 sicut
1283 834 1605 891 beatissimi
1638 833 1885 907 apostoli

242 925 405 983 Pauli
437 925 507 981 ad
535 924 866 980 Corinthios
899 923 1081 980 missa
1109 941 1214 978 nos
1245 924 1413 978 docet
1436 923 1714 995 Epistola.
1749 923 1886 987 Qui-

246 1018 354 1072 bus
386 1013 707 1086 praemissis
738 1013 1143 1084 signiﬁcamus
1159 1011 1275 1067 Deo
1300 1010 1524 1084 placita
1541 1011 1890 1067 fraternitati

245 1109 451 1160 vestrae
482 1103 574 1157 dze
604 1103 855 1174 septimo
874 1101 1264 1158 Kalendarum
1288 1104 1711 1173 Augustarum,
1736 1100 1891 1155 indi-

246 1192 459 1250 ctionis
490 1196 733 1263 quartis,
753 1196 1013 1247 nostram
1036 1189 1429 1246 humilitatem
1454 1188 1652 1245 divina
1682 1189 1892 1262 gratia,

247 1298 355 1337 suo
390 1286 455 1336 ut
486 1280 760 1352 praecepit
788 1295 1030 1335 munere
1044 1279 1450 1352 praeveniente,
1486 1277 1695 1335 vestris
1725 1294 1894 1335 sanc-

246 1371 322 1426 tis
354 1387 422 1425 ac
457 1371 567 1425 Deo
598 1368 795 1442 dignis
827 1368 1117 1441 precibus,
1157 1368 1216 1422 in
1245 1372 1450 1422 sancta
1484 1366 1744 1422 Romana
1801 1383 1893 1423 ec-

249 1458 432 1514 clesia
461 1456 819 1529 pontificalis
849 1457 1091 1512 honoris
1141 1455 1440 1528 accepisse
1497 1455 1894 1512 consecratio-

250 1563 383 1603 nem
418 1552 475 1601 et
504 1545 737 1616 stolam,
768 1544 1276 1617 inquodignitatis
1310 1545 1544 1618 fastigio
1560 1545 1751 1601 utDeo
1772 1561 1900 1600 om-

254 1634 560 1707 nipotente
591 1633 882 1688 altissimo
944 1649 1235 1705 regamur,
1270 1639 1327 1688 et
1384 1651 1417 1688 a
1476 1632 1649 1690 malis
1704 1633 1900 1688 omni-

253 1726 363 1779 bus
397 1721 735 1777 liberemur.
771 1720 844 1776 Ut
874 1738 991 1776 non
1023 1720 1386 1777 sacerdotale
1416 1738 1626 1778 nomen
1646 1725 1898 1778 tantum.

254 1813 355 1868 sed
381 1810 595 1867 Christi
628 1809 860 1866 Domini
894 1809 1081 1866 nostri
1110 1809 1214 1864 Dei
1246 1814 1585 1882 protegente
1615 1809 1829 1865 auxilio
1847 1813 1907 1864 et

258 1904 541 1958 meritum
577 1902 923 1970 habeamus,
954 1902 1164 1957 vestris
1196 1902 1415 1956 sanctis
1449 1918 1513 1956 ac
1570 1906 1684 1957 Deo
1743 1916 1904 1956 acce-

257 1991 581 2065 ptabililms
600 2009 707 2047 nos
720 1991 1197 2047 commendantes
1210 1989 1909 2063 orationibus,poscimus

261 2086 561 2153 quatenus
590 2086 648 2134 et
676 2079 886 2135 vestris
916 2077 1430 2151 deprecationibus
1454 2095 1559 2150 pro
1608 2079 1778 2135 nobis
1834 2078 1907 2134 ad

265 2171 451 2225 Deum
483 2168 685 2225 eﬂ'usis
719 2168 954 2233 muniti,
987 2171 1047 2223 et
1095 2166 1530 2223 eruditionibus
1588 2166 1759 2223 bonis
1814 2167 1908 2222 in-

256 2254 502 2321 structi,
533 2253 695 2327 digni
726 2254 1055 2310 effieiamur
1102 2270 1235 2309 cum
1268 2252 1428 2309 omni
1475 2254 1647 2310 nobis
1691 2255 1908 2326 populo

256 2344 593 2401 Christiano
635 2342 950 2399 commisso
980 2341 1169 2410 illaesi,
1204 2343 1428 2414 protegi
1447 2341 1771 2398 velamento
1806 2342 1893 2397 di-

256 2434 416 2489 vino.
449 2432 534 2488 Ad
560 2432 977 2488 salutationem
1006 2448 1143 2505 ergo
1172 2435 1375 2488 vestrae
1398 2436 1615 2487 sanctae
1645 2437 1704 2487 et
1732 2431 1913 2487 hono-

259 2523 459 2579 randae
477 2520 887 2590 fraternitatis,
910 2521 1033 2576 vice
1052 2524 1273 2589 nostra,
1299 2519 1683 2576 Benedictum
1713 2519 1912 2575 humi-

259 2611 374 2667 lem
404 2614 673 2667 nostrum
690 2610 926 2665 fratrem
944 2614 1204 2665 vestrum
1217 2608 1645 2681 episcopum,et
1665 2608 1914 2665 Alexan-

260 2701 441 2757 drum
474 2699 903 2772 presbyterum,
933 2698 1268 2771 Crispinum
1300 2714 1535 2770 quoque
1567 2696 1912 2767 diaconum,

267 2795 498 2847 vestros
530 2789 782 2845 famulos
812 2786 1515 2860 destinavimus.Propter
1533 2803 1683 2859 quos
1712 2790 1917 2859 postu-

266 2879 468 2935 lamus
499 2876 749 2934 celerius
773 2877 944 2933 nobis
974 2894 1008 2932 a
1038 2880 1233 2932 vestra
1251 2875 1615 2932 beatitudine
1640 2874 1917 2947 persolvi,

269 2972 334 3024 ut
361 2967 582 3024 vestris
612 2966 1120 3023 cohortationibus
1150 2965 1427 3033 roborati,
1452 2962 1914 3037 vestrisregulis,

270 3055 535 3112 inimicis
566 3054 837 3110 videlicet
857 3053 1236 3126 compressis,
1268 3051 1593 3120 informati,
1654 3052 1726 3108 ad
1787 3068 1916 3125 pro-

265 3146 432 3219 prias
455 3145 775 3217 prudenter
801 3144 1084 3200 consolati
1114 3142 1415 3198 valeamus
1444 3140 1722 3198 ecclesias
1780 3147 1916 3198 ante

1992 568 2130 640 pulo
2170 568 2469 623 societatis
2513 567 2772 635 occultae,
2804 568 2900 638 qui
2926 568 3236 625 manifesto
3269 571 3511 627 facinori
3544 573 3645 627 de-

1995 658 2139 714 sinit
2192 658 2446 715 obviare.
2491 657 2802 714 Manifesta
2854 662 2964 728 est,
3016 660 3227 716 Doctor
3271 662 3647 718 sanctissime

1995 763 2287 802 venenosa
2317 751 2658 818 serpentum
2687 748 2813 802 sine
2839 747 3216 820 simplicitate
3245 750 3483 819 astutia,
3506 751 3649 806 dum

1997 835 2313 891 manifesta
2341 840 2430 890 est
2459 833 2659 890 dolosa
2705 836 3077 892 inimicorum
3113 837 3361 895 fallacia.
3395 839 3653 895 Succur-

2000 924 2130 989 rite,
2164 940 2530 995 quaesumus,
2565 927 2885 995 Oppressis,
2918 925 3158 982 liberate
3208 944 3313 984 nos
3352 928 3425 984 de
3475 945 3654 985 manu

2000 1011 2504 1084 persequentium,
2543 1018 2605 1065 ut
2635 1028 2766 1066 cum
2803 1014 2968 1068 beato
3007 1014 3115 1069 Job
3147 1016 3395 1073 cantatis
3429 1034 3441 1071 :
3478 1020 3653 1073 Bene-

1999 1101 2165 1157 dictio
2189 1101 2431 1172 periluri
2475 1117 2640 1171 super
2668 1117 2753 1156 me
2785 1103 3048 1171 veniebat,
3080 1113 3132 1159 et
3160 1120 3253 1159 cor
3292 1105 3475 1163 viduae
3522 1123 3653 1162 con-

2001 1190 2210 1245 solatus
2239 1205 2384 1254 sum,
2408 1189 2640 1260 justitiu
2670 1190 2903 1245 indutus
2929 1208 3073 1260 sum,
3105 1196 3158 1247 et
3185 1195 3381 1249 υθείίυί
3407 1211 3517 1262 me,
3547 1197 3653 1250 sic-

2002 1283 2062 1333 ut
2093 1280 2405 1334 vestimento
2451 1287 2504 1333 et
2546 1278 2872 1349 diademate,
2892 1280 3105 1351 judicio
3150 1297 3289 1337 meo.
3326 1281 3523 1338 Oculus
3568 1286 3657 1355 fui

2003 1381 2157 1434 caeco,
2188 1376 2241 1422 et
2269 1383 2367 1435 pes
2393 1366 2613 1422 claudo.
2644 1373 2816 1423 Pater
2851 1386 3003 1423 eram
3039 1386 3369 1442 pauperum,
3399 1388 3655 1427 causam-

2005 1471 2108 1527 que
2123 1472 2288 1527 quam
2308 1456 2637 1525 nesciebam,
2656 1455 3082 1525 diligentissime
3103 1461 3658 1531 iuvestigabamﬂon-

2008 1547 2250 1601 terebam
2274 1544 2447 1599 motas
2471 1545 2672 1615 iniqui,
2693 1553 2744 1601 et
2764 1547 2837 1600 de
2856 1545 3105 1602 dentibus
3124 1564 3313 1603 eorum
3334 1552 3659 1621 au/erebam

2004 1632 2253 1706 pra’dam
2273 1632 2338 1701 ³⁸,
2372 1638 2429 1688 et
2460 1632 2699 1705 reliqua.
2732 1633 2849 1690 Nos
2879 1634 3057 1704 enim,
3090 1654 3238 1708 quos
3269 1644 3371 1694 tua
3401 1640 3660 1695 maxima

2011 1727 2307 1793 exspectat
2346 1738 2507 1792 cura,
2540 1722 2595 1777 id
2644 1726 2752 1790 est,
2786 1723 3042 1796 episcopi
3094 1742 3317 1796 omnes,
3373 1729 3661 1801 praecipue
3762 1772 3770 1783 .

2010 1815 2179 1865 tuum
2213 1810 2497 1865 debemus
2548 1811 2753 1865 mereri
2795 1812 3113 1881 judicium,
3144 1821 3197 1870 et
3249 1833 3361 1871 non
3412 1817 3483 1872 ab
3533 1818 3663 1874 aliis

2018 1898 2301 1954 devorari.
2334 1897 2531 1954 Merito
2562 1915 2697 1971 ergo
2729 1916 2835 1955 nos
2865 1902 3196 1958 sacerdotes
3225 1904 3455 1961 Domini
3488 1923 3667 1964 causa

2018 1986 2282 2059 respicit,
2305 1987 2352 2042 si
2385 1986 2619 2043 silentio
2642 1989 2753 2060 (56)
2779 1991 3074 2045 faveamus
3106 1996 3306 2048 errori.
3340 1994 3398 2050 Si
3431 1996 3664 2065 quidem

2018 2076 2409 2147 corripiantur
2458 2075 2818 2147 hujusmodi,
2856 2095 2959 2133 nec
3007 2078 3085 2135 sit
3128 2080 3376 2136 liberum
3425 2085 3510 2139 eis
3566 2100 3668 2157 pro

2017 2163 2317 2219 voluntate
2345 2163 2558 2219 habere
2589 2163 2903 2236 judicium,
2935 2166 3279 2240 desinatque
3324 2171 3547 2229 novitas
3580 2174 3670 2229 in-

2020 2270 2246 2309 cessere
2290 2257 2660 2319 vetustatem,
2694 2255 2926 2309 desinat
2975 2256 3361 2314 Ecclesiarum
3411 2263 3668 2332 quietem

2021 2342 2368 2413 inquietudo
2401 2342 2656 2397 turbare.
2687 2342 2832 2398 Nam
2865 2361 3068 2401 omnes
3109 2348 3560 2420 metropolitani,
3582 2351 3673 2408 vel

2022 2430 2229 2502 reliqui
2257 2430 2539 2502 episcopi,
2574 2447 2681 2485 sua
2713 2431 2847 2487 odia
2878 2438 2979 2487 aut
3007 2433 3294 2492 vindictas
3322 2436 3382 2492 in
3415 2438 3673 2512 reliquos

2023 2521 2331 2592 episcopos
2361 2535 2627 2575 exercere
2656 2537 2767 2575 non
2792 2520 3038 2577 valeant.
3065 2524 3198 2580 Ideo
3228 2527 3577 2584 nominatim
3612 2529 3673 2586 in

2021 2608 2253 2665 Nicaeae
2294 2608 2516 2680 synodo
2564 2608 2825 2680 expressi
2872 2615 3012 2666 sunt
3062 2612 3365 2684 primates,
3398 2615 3499 2686 qui
3533 2616 3672 2672 reli-

2024 2714 2176 2771 quos
2207 2696 2513 2768 episcopos
2544 2697 2746 2751 audire
2776 2701 2832 2752 et
2861 2698 3128 2768 judicare
3157 2701 3424 2773 debeant,
3450 2720 3521 2759 ne
3551 2704 3675 2762 ulla

2026 2788 2187 2842 fraus
2219 2786 2277 2840 in
2319 2784 2546 2853 judicio
2593 2785 2998 2858 episcoporum
3049 2790 3238 2859 possit
3284 2790 3525 2849 irruere.
3558 2794 3675 2852 Vos

2024 2891 2159 2946 ergo
2193 2872 2294 2946 qui
2324 2872 2382 2927 in
2417 2890 2651 2929 summo
2682 2873 2918 2946 speculo
2951 2877 3152 2947 gratia:
3194 2878 3293 2934 Dei
3325 2880 3468 2936 estis
3501 2883 3677 2955 depo-

2025 2964 2143 3031 siti,
2169 2961 2467 3018 attendere
2489 2979 2608 3025 eos,
2633 2966 2690 3018 et
2719 2962 3047 3035 opprimere
3069 2973 3315 3037 oportet,
3348 2969 3447 3040 qui
3484 2971 3538 3026 in
3566 2972 3676 3028 fra-

2022 3056 2142 3107 tres
2193 3049 2510 3106 seditiones
2534 3051 2640 3119 (57)
2671 3055 2728 3105 et
2775 3053 3054 3108 scandala
3102 3055 3376 3113 excitant.
3425 3059 3679 3132 Ideoque

2025 3156 2357 3222 exoramus,
2390 3143 2455 3193 ut
2495 3139 2734 3194 minime
2783 3140 3118 3212 despiciatis
3169 3143 3524 3203 humilitatis
3571 3166 3676 3206 no-

264 3234 523 3291 hiemem
557 3232 803 3289 Domino
858 3233 1114 3305 propitio
1167 3247 1448 3288 remeare.
1506 3231 1771 3289 Vestrum
1826 3235 1917 3286 est
1945 3231 1988 3297 C
2028 3233 2182 3295 stras,
2214 3232 2271 3284 et
2301 3228 2566 3283 omnium
2594 3227 2976 3284 Orientalium
3008 3231 3461 3291 orthodoxorum
3491 3254 3678 3294 sacer-

273 3324 520 3396 quippe,
564 3322 732 3378 Pater
761 3321 1155 3390 sanctissime,
1189 3319 1471 3376 canonica
1528 3318 1914 3375 instructions

271 3412 531 3469 sollicite
561 3410 946 3467 ecclesastica:
1002 3408 1215 3482 regulae
1250 3407 1784 3479 adversantibus,et
1802 3408 1914 3462 fra-

268 3507 432 3557 trum
461 3500 904 3556 insidiatoribus
933 3499 1188 3564 obviare,
1212 3515 1317 3553 nec
1338 3497 1676 3570 permittere
1688 3496 1918 3552 noviter

271 3590 386 3647 dici
422 3589 579 3661 quod
613 3593 852 3645 Patrum
876 3586 1300 3644 venerabilium
1334 3585 1655 3642 auctoritas
1677 3585 1918 3640 omnino

270 3696 387 3736 non
425 3678 674 3734 censuit.
708 3678 825 3734 Nos
857 3679 1013 3734 enim
1047 3676 1302 3732 humiles
1347 3677 1541 3744 corde,
1600 3674 1919 3747 sapientes,

267 3769 587 3840 adjuvante
611 3767 1011 3839 Domino,quae
1042 3769 1199 3822 recta
1219 3769 1361 3821 sunt
1391 3781 1506 3819 uno
1527 3762 1759 3820 vinculo
1790 3764 1923 3819 cha-

271 3857 467 3913 ritatis
495 3855 797 3912 vobiscum
828 3871 1036 3911 sumus
1067 3852 1388 3921 constricti,
1420 3869 1617 3908 veram
1647 3851 1823 3907 ﬁdem
1854 3868 1922 3907 ac

270 3945 621 4019 religionem
653 3943 1001 4000 catholicam
1043 3943 1100 3997 in
1125 3942 1405 3997 omnibus
1454 3941 1693 3998 fortiter
1720 3940 1922 3997 defen-

269 4040 492 4091 santes.
537 4032 871 4089 Studiosius
931 4032 1130 4104 itaque
1189 4048 1222 4086 a
1265 4029 1581 4087 Catholicis
1637 4029 1923 4101 improbis

271 4124 457 4196 probe
489 4122 759 4177 resistere
789 4120 1096 4176 nitendum
1129 4124 1237 4188 est,
1266 4135 1339 4174 ne
1394 4121 1716 4189 torpentes,
1770 4116 1924 4172 desi-

272 4213 367 4269 dia
385 4210 677 4284 oppressi,
710 4208 893 4282 culpae
905 4206 1326 4264 taciturnitatis
1346 4210 1655 4262 teneamur
1666 4203 1922 4276 obnoxii,

271 4308 330 4357 et
385 4299 562 4373 quasi
620 4299 871 4355 favorem
896 4297 1304 4369 impendentes
1351 4295 1709 4367 judicemur.
1762 4292 1927 4350 Unde

277 4391 507 4448 dictum
536 4392 653 4446 est:
684 4386 1007 4460 Negligere,
1039 4403 1171 4442 cum
1186 4384 1380 4459 possis
1396 4384 1768 4440 deturbatere
1794 4398 1925 4455 per-

2024 3318 2250 3384 dotum,
2283 3321 2342 3371 et
2384 3316 2734 3388 populorum
2781 3317 3126 3375 afflictiones
3158 3327 3213 3376 et
3243 3323 3674 3396 damnationes,

2026 3423 2158 3462 cum
2184 3404 2457 3477 lacrymis
2482 3405 2730 3462 oblatas.
2754 3406 2859 3461 Sed
2884 3406 3037 3462 sicut
3063 3406 3381 3465 luminaria
3403 3413 3676 3471 universo

2026 3494 2268 3561 mundo,
2296 3493 2538 3549 verbum
2561 3493 2687 3549 vitae
2717 3494 3053 3563 retinentes,
3073 3496 3437 3557 introductus
3461 3504 3680 3558 exstin-

2026 3583 2188 3656 guite
2210 3583 2481 3638 tenebras
2504 3581 3063 3640 nefandissimorum
3089 3585 3520 3657 insidiatorum,
3536 3595 3680 3647 tem-

2028 3671 2267 3743 poribus
2298 3669 2474 3725 etiam
2506 3668 2722 3724 nostris
2770 3672 3090 3740 procaciter
3112 3673 3472 3743 germinatas
3495 3691 3508 3729 :
3534 3692 3680 3748 qua-

2028 3763 2204 3818 tenus
2236 3757 2499 3813 tunditus
2530 3756 2817 3811 exstincta
2855 3755 3192 3827 bujusmodi
3227 3758 3495 3832 caligine,
3529 3762 3680 3818 luci-

2031 3850 2117 3903 fer
2148 3846 2315 3902 nobis
2342 3843 2713 3917 resplendeat
2738 3862 2842 3916 per
2860 3861 2982 3912 vos,
3005 3846 3378 3903 sanctissime
3408 3852 3598 3917 Pater,
3623 3854 3684 3907 et

2032 3934 2362 4007 dogmatica
2395 3931 2658 3988 definitio
2707 3931 2923 4003 ubique
2954 3949 3157 3989 omnes
3204 3934 3529 4004 laetiﬁcans,
3560 3956 3681 4011 qua.

2030 4024 2268 4097 gloriosi
2296 4026 2481 4078 sancti
2503 4025 2703 4076 Patres
2733 4038 2836 4092 per
2857 4022 3088 4094 propria
3120 4023 3383 4094 piissime
3403 4027 3681 4097 dogmata

2032 4113 2090 4167 in
2147 4117 2370 4167 aeterna:
2416 4110 2827 4185 vitaeiirmam
2880 4109 3273 4167 hereditatem
3331 4115 3681 4185 praedicasse

2033 4204 2376 4256 noscuntur.
2407 4199 2479 4254 Et
2507 4197 2859 4269 subscriptio
2884 4214 2896 4254 :
2934 4198 3288 4256 Incolumem
3320 4208 3395 4270 te,
3419 4208 3478 4259 et
3505 4204 3681 4261 bene-

2033 4290 2314 4364 placitum
2356 4293 2489 4358 Deo,
2521 4287 2894 4343 sanctissime
2942 4288 3110 4344 Pater
3133 4289 3389 4360 Patrum,
3414 4300 3679 4351 orantem

2034 4397 2138 4454 pro
2171 4378 2340 4434 nobis
2375 4376 2654 4433 Dominus
2685 4375 2979 4431 custodiat
3008 4376 3067 4432 in
3099 4394 3307 4434 aevum.
3341 4386 3549 4438 Amen.

1436 4528 1776 4599 Rescriptum
1802 4525 1998 4581 Felicis
2024 4539 2184 4595 papae
2211 4523 2283 4578 ad
2305 4520 2519 4578 eosdem

346 4660 505 4717 012
533 4654 1060 4715 Reverendissimis
1092 4660 1270 4727 atque
1297 4652 1699 4710 dilectissimis
1718 4649 1918 4706 fratri-
1948 4664 1995 4729 ι)
2026 4649 2170 4705 tiam
2228 4647 2484 4720 Spiritus
2540 4646 2749 4717 sancti,
2782 4653 2839 4701 et
2896 4646 3011 4703 Deo
3070 4646 3355 4721 placitum
3414 4651 3679 4711 studium

276 4750 390 4805 bus
421 4746 763 4817 Athanasio,
798 4749 856 4801 et
885 4744 1172 4800 universis
1201 4741 1625 4816 zEgyptiorum,
1658 4739 1914 4795 Thebai-

278 4840 437 4906 dam,
473 4837 904 4909 Libyorumque
934 4831 1224 4904 episcopis
1253 4832 1315 4887 in
1347 4834 1552 4886 sancta
1580 4827 1922 4883 Alexandri-

279 4944 355 4983 na
387 4926 609 4997 synodo
639 4921 1032 4995 congregatis,
1063 4919 1223 4978 Felix
1253 4918 1420 4975 alma;
1452 4919 1727 4975 Romanis
1761 4915 1924 4972 urbis

270 5021 329 5071 et
363 5012 713 5070 universalis
744 5009 1012 5066 Ecclesia
1042 5009 1380 5082 episcopus,
1412 5011 1471 5064 et
1512 5011 1718 5063 sancta
1750 5021 1918 5077 syno-

273 5103 409 5169 dus,
440 5119 569 5174 quas
600 5102 659 5156 in
691 5101 898 5156 urbem
928 5098 1175 5155 Romam
1206 5095 1497 5164 convenit,
1558 5095 1620 5150 in
1674 5092 1921 5150 Domino

275 5189 555 5247 salutem.

344 5286 581 5338 Sacram
612 5283 864 5335 vestram
895 5276 1232 5349 synodicam
1262 5274 1576 5348 epistolam
1621 5289 1727 5346 per
1780 5288 1919 5345 gra-

2025 4736 2440 4806 conscriptam,
2473 4739 2678 4790 vestrae
2723 4752 2757 4788 a
2798 4735 2915 4790 Deo
2948 4735 3302 4795 honoranda:
3350 4742 3682 4801 sanctitatis

2030 4825 2219 4899 gratia
2253 4825 2505 4879 libenter
2535 4822 2926 4894 suscepimus,
2961 4831 3135 4897 atque
3165 4827 3451 4886 instanter
3480 4837 3683 4888 nostra

2030 4918 2090 4970 in
2122 4914 2344 4987 synodo
2376 4912 2616 4968 recitare
2658 4928 2760 4984 per
2788 4913 3021 4983 singula
3042 4916 3354 4989 jussimus,
3388 4924 3447 4975 et
3475 4937 3683 4978 omnes

2029 5003 2252 5060 intente
2309 5003 2438 5073 ejus
2492 5000 2764 5073 colligere
2818 5002 2993 5058 verba
3051 5010 3453 5078 prazoepimus.
3496 5010 3686 5083 Super

2030 5109 2158 5165 qua:
2188 5092 2328 5147 dum
2369 5090 2552 5145 laetari
2583 5090 2971 5161 sperabamus
3001 5098 3059 5148 et
3088 5094 3493 5166 cupiebamus,
3525 5114 3681 5155 versa

2026 5189 2103 5238 est
2134 5181 2194 5236 in
2225 5180 2432 5235 luctum
2479 5180 2701 5235 cithara
2740 5182 2929 5235 nostra
2945 5180 3012 5247 39,
3045 5186 3103 5236 et
3130 5184 3393 5240 cantatio
3440 5184 3500 5239 in
3552 5185 3682 5257 plo-

2028 5270 2410 5333 rationem,et
2424 5269 2665 5324 omnino
2694 5267 2876 5325 totius
2902 5270 3106 5342 synodi
3131 5273 3416 5344 gaudium
3441 5272 3504 5329 in
3536 5291 3677 5330 mm-

343 5459 389 5495 ³⁷
419 5457 574 5516 Psal.
607 5472 768 5523 xxix,
797 5455 888 5517 30.
919 5453 977 5509 3i
997 5496 1008 5507 .
1031 5454 1076 5489 ³⁸
1105 5452 1214 5510 Job
1243 5470 1397 5519 χχιχ,
1430 5452 1620 5509 13-17.
1654 5452 1700 5488 δ’
1728 5449 1839 5507 Job
1870 5465 2001 5519 xxx,
2027 5449 2115 5504 31.

346 5531 463 5605 (56)
486 5531 563 5586 Ex
593 5527 765 5601 epist.
798 5527 823 5580 1
858 5524 1150 5582 Ctelestini
1182 5526 1203 5581 Ι
1233 5526 1305 5581 ad
1336 5525 1552 5582 Gallos.

353 5699 466 5775 (57)
489 5698 770 5771 Stephan.
807 5696 1109 5765 Durensis,
1140 5697 1212 5753 ad
1247 5696 1537 5770 synodum
1568 5696 2027 5756 Lateranensem
2060 5706 2214 5745 anno
2241 5688 2367 5745 649.
