4060 6218
411 320 566 376 14⁸79

1569 313 1610 375 S
1677 311 2197 375 A'l‘llANASlUS.
2230 345 2305 358 —
2335 312 2646 375 SPURIA.

3685 325 3699 371 ι
3715 316 3848 374 4ηᾌο

406 470 599 508 rorem
658 450 1007 506 translatum
1070 454 1179 520 est,
1214 448 1352 518 quia
1412 464 1523 502 non
1583 448 1877 517 decuerat,
1913 450 1976 501 ut
2022 446 2055 501 ii
2087 449 2143 515 Α
2174 445 2233 501 in
2263 445 2534 502 volumen
2576 446 2901 501 litterarum
2937 452 3262 503 vestrarum
3304 448 3710 518 comperimus
3748 468 3848 502 re-

405 541 504 613 qui
539 555 751 611 corpus
773 538 885 607 (58)
916 535 1126 592 Christi
1161 534 1423 607 quotidie
1466 534 1701 607 preprio
1741 534 2061 590 coniiciunt

406 646 527 697 ore,
578 632 802 683 tantam
855 629 1192 699 paterentur
1242 623 1730 695 persecutionem.
1773 622 2059 689 Quoniam

407 716 687 773 Dominus
741 718 890 769 Deus
937 718 1136 768 noster
1166 711 1414 766 salutem
1470 710 1779 783 providens
1828 710 2060 783 generis

405 804 672 867 humani,
709 801 1007 856 mandavit
1054 799 1491 872 persecutiones
1546 814 1661 852 non
1696 796 1840 865 fieri,
1876 812 2062 868 neque

406 892 817 949 ﬂuctuationes
863 889 1086 949 inferri,
1120 891 1223 942 aut
1272 886 1515 942 invideri
1569 885 1967 942 laborantibus
2000 885 2059 939 in

404 998 545 1054 agro
605 978 860 1046 Domini,
908 992 1098 1048 neque
1153 976 1589 1048 dispensatores
1642 975 1834 1046 magni
1884 972 2061 1046 Regis

403 1070 620 1135 vexari,
655 1072 757 1123 aut
785 1066 1017 1139 expelli.
1052 1064 1363 1134 Quicscite,
1401 1063 1588 1132 inquit
1618 1069 1817 1118 sancta
1848 1078 2061 1134 magna

403 1159 633 1214 Nicmna
684 1156 965 1230 synodus,
999 1159 1056 1209 et
1091 1152 1270 1209 nolite
1319 1151 1588 1225 persequi
1643 1168 1742 1206 eos
1791 1151 1889 1222 qui
1941 1150 2057 1206 Deo

402 1248 655 1321 perfecte
702 1244 1059 1307 ministrant,
1092 1248 1150 1297 et
1197 1242 1427 1296 sincera
1474 1240 1772 1295 voluntate
1818 1238 2059 1310 superni

402 1337 503 1393 Dei
548 1335 824 1390 mandata
855 1330 1214 1399 custodiunt,
1248 1335 1305 1384 et
1343 1330 1561 1385 nostris
1590 1328 1821 1401 legibus
1851 1329 2056 1399 subju-

404 1429 636 1498 gantur.
672 1424 816 1489 Quia
866 1437 973 1476 nec
1022 1422 1180 1475 decet
1232 1435 1337 1474 nec
1371 1419 1510 1474 ordo
1562 1418 1803 1490 patitur,
1839 1421 1900 1472 ut
1943 1417 2056 1472 ini-

402 1516 499 1586 qui
559 1518 615 1568 et
668 1509 934 1566 carnales
983 1508 1317 1581 spirituales
1367 1511 1816 1579 persequantur.
1851 1505 2057 1561 Omnis

400 1603 556 1658 enim
592 1600 690 1674 qui
740 1598 963 1655 resistit
1010 1596 1206 1659 alicui,
1242 1611 1397 1650 nunc
1444 1595 1741 1663 vertendo,
1777 1611 1933 1649 nunc
1961 1609 2053 1650 ce-

398 1692 574 1748 lando
633 1688 963 1754 veritatem,
1005 1685 1284 1740 mentitur
1342 1684 1623 1738 adversus
1671 1699 1800 1738 eum
1851 1686 2057 1738 contra

399 1796 573 1852 quem
602 1779 812 1848 litigat.
846 1777 914 1830 Et
944 1776 1041 1846 qui
1090 1775 1338 1829 infestus
1369 1777 1458 1827 est
1489 1770 1685 1837 alicui,
1708 1770 1908 1826 omnia
1939 1771 2052 1826 sic-

401 1875 464 1925 ut
514 1868 702 1924 hostis
760 1866 902 1937 agit,
955 1869 1012 1919 et
1068 1864 1310 1934 insuper
1356 1860 1516 1931 loqui
1567 1860 1884 1916 contendit.
1942 1859 2054 1916 Vos

401 1958 555 2015 enim
590 1970 900 2011 monemus
951 1954 1159 2007 fratres
1192 1952 1244 2004 in
1281 1949 1537 2021 speculis
1566 1965 1694 2004 esse
1725 1948 1956 2015 debere,
1989 1952 2056 2004 ut

398 2048 456 2102 in
491 2049 776 2118 quantum
807 2058 937 2098 esse
970 2040 1214 2111 potestis
1248 2044 1300 2095 et
1325 2038 1609 2094 Dominus
1642 2036 1926 2092 auxilium
1961 2037 2056 2092 de-

397 2133 565 2202 derit,
599 2130 817 2187 talibus
866 2132 1065 2183 nostra
1114 2125 1433 2196 apostolica
1464 2131 1772 2196 vestraque
1804 2125 2052 2180 auctori-

398 2226 516 2278 tate
575 2219 887 2287 resistatis,
922 2232 1027 2272 nec
1087 2215 1399 2286 quisquam
1456 2218 1711 2269 vestrum
1765 2230 1798 2268 a
1858 2214 2055 2268 fratris

400 2310 619 2366 auxilio
669 2325 730 2363 se
779 2305 1111 2369 subtrahat,
1146 2305 1244 2359 sed
1299 2321 1401 2374 pro
1454 2304 1675 2358 viribus
1728 2302 2056 2358 adminicu-

396 2401 520 2455 lum
549 2401 800 2471 przcstet.
822 2394 1108 2462 Quoniam
1139 2393 1272 2448 licet
1296 2392 1462 2464 pauci
1496 2391 1649 2458 sitis,
1674 2391 1723 2446 si
1747 2392 2057 2447 unanimes

401 2488 648 2549 fueritis,
694 2484 1056 2549 nullatenus,
1098 2482 1342 2553 justitia
1394 2481 1778 2553 suffragante,
1817 2480 2057 2537 Domino

400 2593 634 2651 quoque
665 2589 831 2647 opem
879 2574 1119 2641 ferente,
1153 2570 1574 2643 superabimini
1613 2586 1625 2623 :
1661 2570 1804 2638 Quia
1831 2572 2055 2640 [imicu-

400 2670 484 2723 lus
517 2665 721 2738 triplex
764 2662 996 2733 difﬁcile
1044 2663 1326 2731 rumpitur
1348 2659 1412 2711 ⁸ο.
1447 2659 1591 2713 Nam
1627 2660 1674 2713 si
1708 2659 1918 2714 officiis
1951 2676 2055 2714 sa-

398 2756 700 2813 cularibus
733 2753 840 2821 (59)
876 2750 1136 2806 humana
1166 2748 1256 2804 lex
1287 2748 1577 2814 subvenit,
1613 2752 1833 2820 quanto
1868 2749 2058 2821 magis

397 2840 832 2907 ecclesiasticis,
884 2844 941 2894 et
1001 2837 1233 2893 Domini
1293 2836 1722 2903 sacerdotibus,
1776 2836 2057 2893 maxime-

401 2950 514 3006 que
572 2929 968 3004 pontiticibus,
1015 2927 1113 2998 qui
1177 2924 1413 2998 pupillis
1466 2923 1767 2980 oculorum
1834 2925 2059 2980 Domini

403 3020 797 3093 appellantur,
832 3014 1029 3069 divina
1078 3018 1252 3086 atque
1297 3012 1577 3068 canonica
1611 3012 1701 3068 lex
1753 3013 2061 3086 suffragari

406 3110 621 3166 debet?
651 3106 745 3161 Ait
794 3104 948 3160 enim
982 3103 1243 3158 divinum
1280 3102 1348 3156 de
1386 3102 1677 3174 episc0pis
1707 3100 2003 3174 eloquium
2043 3121 2059 3161 ς

2170 536 2511 599 tractemus,
2571 537 2629 588 et
2692 531 2809 588 alia
2865 531 3150 589 nonnulla
3207 533 3488 589 instantis
3547 537 3847 608 temporis

2171 621 2498 675 necessaria
2533 625 2707 693 prout
2737 621 2940 694 petitis
2980 638 3292 693 ponamus.

2242 709 2354 781 (6‘2)
2390 710 2438 764 1.
2471 710 2573 765 Est
2613 727 2868 782 namque
2912 711 3209 784 synodicis
3240 711 3541 766 decretum
3594 710 3847 768 institu-

2168 796 2266 866 tis,
2300 801 2364 853 ut
2392 815 2562 854 nemo
2608 799 2948 871 episcopum
3006 815 3185 871 penes
3239 802 3551 857 saeculares
3576 800 3848 857 arbitros

2169 891 2423 958 accuset,
2452 887 2550 943 sed
2585 888 2655 943 ad
2688 904 2956 944 summos
2986 887 3288 961 primates.

2237 976 2291 1030 2.
2322 975 2383 1030 Si
2415 977 2550 1048 quis
2596 978 2877 1033 adversus
2927 977 3266 1050 episcopum
3311 994 3552 1034 causam
3605 980 3843 1035 habue-

2170 1063 2263 1133 rit,
2296 1080 2412 1119 non
2453 1063 2795 1137 prius-alios
2828 1065 3134 1138 episcopos
3165 1067 3353 1133 adeat,
3392 1070 3455 1120 ut
3486 1082 3622 1123 eum
3658 1085 3848 1123 accu-

2169 1157 2276 1220 set,
2309 1169 2484 1225 quam
2523 1153 2889 1208 familiariter
2925 1154 2977 1210 ei
3033 1171 3199 1210 suam
3252 1155 3468 1210 indicet
3501 1156 3847 1227 querelam,

2168 1245 2225 1296 et
2253 1242 2325 1296 ab
2365 1257 2432 1298 eo
2467 1242 2693 1313 justam
2743 1242 3238 1312 emendationem,
3271 1247 3372 1298 aut
3418 1245 3847 1301 rationabilem

2170 1330 2451 1402 percipiat
2492 1330 2955 1400 excusationem,
2991 1332 3120 1405 ipsa
3152 1348 3257 1388 nos
3308 1330 3641 1389 instruente
3685 1335 3849 1390 veri-

2164 1422 2282 1473 tate
2311 1436 2325 1475 :
2361 1418 2422 1474 Si
2440 1421 2739 1492 peccaverit
2768 1422 2828 1476 in
2859 1428 2909 1477 te
2934 1422 3113 1492 frater
3164 1426 3312 1488 tuus,
3343 1421 3479 1477 vade
3522 1432 3574 1479 el
3616 1425 3849 1496 corripe

2164 1523 2291 1564 eum
2320 1509 2465 1564 inter
2490 1512 2545 1564 te
2571 1513 2625 1565 et
2664 1510 2849 1575 ipsum
2897 1510 3099 1566 solum.
3131 1511 3198 1567 Si
3227 1518 3276 1565 le
3302 1525 3417 1566 non
3444 1511 3709 1578 audierit,
3740 1512 3849 1567 ad-

2164 1597 2293 1653 hibe
2318 1597 2452 1654 duos
2498 1599 2586 1654 vel
2615 1606 2721 1654 (res
2754 1604 2949 1655 tecum.
2983 1600 3047 1654 Et
3075 1600 3128 1653 si
3155 1616 3266 1655 non
3310 1599 3573 1668 audierit,
3607 1603 3701 1656 dic
3732 1602 3844 1657 Ec-

2162 1686 2349 1743 clesia?
2369 1686 2438 1753 ‘9,
2470 1686 2525 1741 id
2562 1690 2673 1755 est,
2709 1703 2919 1743 accusa
2949 1702 3086 1744 eum
3122 1687 3377 1760 publice,
3409 1692 3466 1743 et
3495 1705 3608 1744 non
3640 1688 3844 1761 priva-

2161 1775 2290 1843 tim,
2320 1778 2376 1829 et
2408 1774 2655 1847 reliqua.

2232 1864 2284 1918 3.
2320 1863 2374 1917 Si
2408 1864 2542 1936 quis
2582 1863 2920 1936 episcopum
2954 1863 3200 1937 posthac
3244 1864 3490 1937 elegerit
3521 1882 3837 1933 accusare,

2163 1953 2416 2008 summis
2444 1952 2797 2025 primatibus
2816 1953 3224 2026 episcoporum
3254 1970 3424 2009 suam
3452 1954 3672 2009 indicet
3691 1971 3837 2009 cau-

2164 2058 2312 2109 sam,
2344 2045 2402 2096 et
2431 2059 2547 2096 non
2580 2041 2985 2112 saecularibus,
3010 2042 3111 2115 qui
3142 2042 3334 2115 magis
3367 2043 3439 2098 ad
3472 2059 3678 2114 pacem
3710 2043 3837 2115 (63)

2165 2147 2337 2200 quam
2386 2130 2455 2185 ad
2501 2130 2793 2201 judicium
2849 2147 2950 2186 ens
3008 2135 3308 2202 revocent,
3345 2135 3409 2186 ut
3452 2131 3713 2186 charitas
3770 2132 3829 2186 in

2165 2219 2441 2275 omnibus
2487 2223 2545 2275 et
2583 2219 2654 2274 ab
2702 2220 2981 2275 omnibus
3012 2219 3396 2275 custodiatur.
3431 2220 3491 2274 Si
3546 2222 3835 2292 primates

2165 2315 2532 2364 accusatores
2564 2308 2969 2381 episcoporum
3003 2325 3139 2364 cum
3181 2308 3266 2365 eis
3310 2308 3622 2381 pacificare
3654 2310 3832 2364 fami-

2165 2396 2384 2452 liariter
2415 2396 2659 2451 minime
2710 2397 3024 2468 potuerint,
3059 2401 3200 2452 tunc
3226 2400 3514 2477 .tempore
3562 2396 3828 2469 legitimo

2165 2501 2264 2540 eos
2294 2485 2366 2539 ad
2416 2485 2703 2557 synodum
2756 2484 3036 2540 canonice
3067 2490 3471 2556 convocatam,
3506 2502 3621 2541 non
3673 2485 3833 2540 infra

2168 2577 2417 2644 angusta
2446 2578 2712 2644 tempora
2739 2573 3016 2629 canonice
3050 2578 3385 2641 convocent,
3419 2579 3477 2627 et
3517 2592 3629 2628 non
3669 2575 3829 2646 priu-

2167 2677 2376 2733 squam
2416 2661 2501 2716 eis
2551 2678 2652 2733 per
2682 2660 2899 2733 scripta
2932 2661 3267 2734 significent
3294 2663 3434 2733 quid
3485 2662 3829 2734 opponitur,

2169 2755 2234 2805 ut
2289 2750 2359 2805 ad
2419 2750 2866 2821 responsionem
2928 2750 3234 2822 praeparati
3292 2751 3629 2806 adveniant.
3682 2751 3831 2806 Nam

2168 2839 2218 2895 si
2247 2843 2350 2894 aut
2378 2838 2451 2906 vi,
2486 2843 2588 2894 aut
2616 2839 2826 2894 timore
2856 2838 3047 2910 ejecti,
3081 2843 3185 2895 aut
3235 2838 3362 2895 suis
3412 2840 3591 2895 rebus
3621 2856 3829 2911 exspo-

2166 2927 2291 2983 liati
2350 2927 2586 2992 fuerint,
2622 2943 2728 2983 nec
2780 2927 3061 2984 canonice
3116 2927 3343 2983 evocari
3401 2929 3471 2983 ad
3533 2929 3828 3000 synodum

2170 3020 2439 3089 possunt,
2463 3031 2569 3071 nec
2599 3016 2950 3088 respondere
2979 3015 3210 3070 aemulis
3241 3016 3481 3093 debent,
3506 3023 3830 3089 antequam

2174 3105 2450 3161 canonice
2496 3105 2900 3172 restituantur,
2935 3110 2991 3160 et
3023 3122 3129 3160 sua
3182 3104 3267 3160 eis
3316 3105 3518 3161 omnia
3564 3104 3837 3178 legaliter

405 3200 513 3268 Qui
547 3213 639 3253 vos
691 3195 895 3263 tangit,
930 3195 1110 3263 tangit
1158 3192 1439 3262 pupillam
1490 3192 1637 3246 oculi
1683 3193 1799 3247 mei
1817 3192 1886 3248 ⁴¹.
1919 3192 1985 3246 Et
2015 3201 2065 3254 si
2096 3175 2139 3242 C
2179 3195 2517 3251 reddantur.

400 3286 711 3345 saeculares
740 3281 1010 3338 homines
1036 3281 1295 3335 humana
1330 3278 1736 3351 multipliciter
1767 3280 2068 3353 exploran-

2246 3285 2295 3339 4.
2331 3283 2391 3338 Si
2424 3282 2556 3354 quis
2587 3281 2995 3354 episcoporum
3038 3282 3163 3338 suis
3210 3283 3385 3337 fuerit
3414 3282 3592 3337 rebus
3623 3299 3836 3354 exspo-

398 3382 499 3433 tur
529 3375 673 3446 lege,
708 3377 767 3428 ct
796 3368 1211 3443 rcquisitiones
1253 3374 1429 3440 atque
1478 3369 1725 3423 induciae
1761 3369 1876 3424 illis
1908 3368 2065 3425 ωυι-
2171 3372 2370 3441 liatus,
2404 3376 2506 3427 aut
2535 3388 2567 3425 a
2607 3389 2715 3426 sua
2764 3370 3022 3428 Ecclesia
3049 3371 3101 3426 vi
3133 3376 3236 3428 aut
3262 3372 3475 3427 timore
3522 3371 3829 3444 expulsus,

399 3470 595 3522 torum
633 3459 922 3517 mensium
957 3458 1381 3523 conceduntur,
1415 3473 1483 3509 ne
1520 3457 1738 3527 injuste
1770 3458 2058 3512 damnen-

398 3559 528 3621 tur;
562 3555 777 3626 quanto
813 3566 885 3603 ma
910 3546 999 3619 gis
1031 3546 1343 3618 episcopis,
1376 3546 1472 3616 qui
1509 3545 1892 3617 proximiores
1918 3539 2061 3602 sunt

397 3644 536 3715 Deo,
577 3647 635 3697 et
690 3655 866 3710 super
920 3652 1019 3691 eos
1078 3638 1218 3689 sunt
1277 3633 1604 3697 constituti,
1642 3632 1936 3706 positique
1993 3634 2054 3690 in

396 3730 629 3789 cmiesti
668 3728 902 3792 militia,
938 3741 1063 3797 quae
1125 3722 1452 3795 impensius
1514 3722 1891 3794 ponderanda
1939 3728 2049 3792 est,

394 3827 771 3892 temporaque
802 3819 941 3870 sunt
985 3811 1357 3868 concedenda
1406 3809 1589 3865 multo
1640 3810 1944 3881 ampliora,
1977 3827 2050 3867 ne

394 3927 430 3967 ιι
458 3908 810 3983 quibusdam
857 3906 1172 3977 graventur
1210 3904 1313 3956 aut
1361 3898 1795 3971 opprimantur,
1826 3898 1912 3955 vel
1942 3915 2047 3954 su-

392 3999 514 4056 bito
545 3998 896 4055 damnentur
922 3991 1055 4064 (60).
1090 3988 1481 4059 Inspiciamus
1530 4003 1688 4060 ergo,
1734 3986 2045 4057 adjuvante

397 4089 510 4145 Deo
542 4092 600 4144 et
630 4088 832 4141 sancto
865 4078 1127 4153 apostolo
1164 4081 1355 4141 Petro.
1390 4094 1491 4149 per
1522 4092 1690 4145 quem
1723 4080 1780 4130 et
1810 4081 2042 4148 aposto-

390 4175 547 4231 latus
598 4178 655 4229 et
701 4171 1077 4245 episcopatus
1119 4167 1179 4222 in
1211 4165 1438 4221 Christo
1485 4166 1658 4236 ccepit
1716 4165 2041 4233 exordium,

393 4280 567 4334 quam
602 4261 799 4334 plures
831 4274 980 4329 saepe
1019 4258 1384 4313 emerserunt
1428 4270 1638 4318 causae,
1662 4270 1790 4324 quae
1820 4252 1878 4307 in
1912 4253 2039 4325 qui-

393 4353 642 4409 busdam
689 4366 805 4404 non
855 4350 1022 4402 erant
1052 4360 1261 4411 causae,
1287 4342 1386 4397 sed
1420 4341 1686 4398 crimina.
1722 4341 1867 4405 Quia
1915 4358 2038 4398 ma-

393 4441 504 4514 gis,
538 4446 604 4496 ut
650 4436 1065 4509 comperimus,
1099 4431 1404 4503 iniquitate
1437 4430 1715 4486 fratribus
1763 4435 1903 4486 sunt
1933 4430 2040 4486 im-

2170 3462 2321 3534 quod
2354 3461 2511 3517 omni
2543 3460 2876 3516 Christiano
2911 3459 3131 3517 nomini
3161 3464 3252 3516 est
3286 3460 3622 3531 inimicum,
3656 3477 3827 3530 apor-

2168 3554 2249 3606 tet
2277 3553 2330 3604 et
2361 3552 2521 3605 decet
2541 3550 2948 3622 episcoporum
2972 3549 3346 3622 praepositum
3375 3566 3611 3622 semper
3633 3548 3827 3621 prima

2167 3638 2354 3695 fronte
2399 3638 2713 3694 sollicitum
2772 3655 2922 3707 esse,
2973 3642 3040 3693 ut
3089 3638 3308 3707 omnia,
3341 3654 3471 3711 qua:
3524 3638 3575 3693 ei
3627 3637 3821 3693 ablata

2163 3733 2327 3794 sunt,
2362 3728 2628 3801 potestati
2675 3728 2803 3799 ejus
2847 3726 3113 3800 legaliter
3140 3727 3479 3794 reddantur,
3514 3732 3575 3782 et
3602 3726 3815 3799 praesul

2162 3817 2323 3889 prius
2356 3816 2718 3872 restituatur.
2751 3816 2823 3870 Et
2854 3820 3055 3889 postea
3084 3833 3199 3871 non
3231 3815 3451 3883 statim,
3484 3815 3584 3870 sed
3618 3815 3717 3870 diu
3754 3820 3810 3869 et

2158 3920 2260 3976 per
2306 3904 2563 3976 spatiosa
2613 3909 2894 3975 tempora,
2931 3903 3055 3959 suis
3101 3903 3449 3976 potestative
3497 3902 3810 3975 depositis,

2154 3993 2225 4048 ad
2260 4009 2425 4048 suam
2477 3992 2888 4047 necessitatem
2921 3991 3284 4065 praeparatis,
3316 3991 3387 4047 ad
3427 3995 3667 4063 tempus
3714 4007 3812 4041 ve-

2155 4082 2278 4138 niat
2305 4082 2376 4137 ad
2408 4099 2669 4137 causam.
2705 4082 2771 4136 Et
2803 4083 2848 4137 si
2874 4081 3039 4152 juste
3084 4080 3274 4136 visum
3330 4080 3528 4143 fuerit.
3560 4097 3805 4135 accusa-

2151 4171 2378 4227 toribus
2409 4170 2760 4241 respondeat
2791 4169 2936 4225 suis.

2219 4259 2274 4313 5.
2308 4259 2462 4314 Nulli
2510 4257 2715 4313 infami
2748 4258 2863 4329 (64)
2893 4260 3069 4329 atque
3113 4256 3393 4329 sacrilego
3426 4256 3498 4312 de
3543 4273 3809 4327 quocun-

2150 4363 2263 4419 qun
2309 4347 2481 4402 liceat
2530 4347 2786 4417 negotio,
2818 4346 3099 4401 adversus
3147 4344 3489 4418 religiosum
3522 4344 3805 4401 Christia-

2150 4452 2312 4503 num,
2348 4435 2618 4507 quamvis
2646 4434 2892 4490 humilis
2930 4432 3274 4505 servilisque
3302 4449 3560 4505 persona
3590 4433 3690 4497 sit,
3720 4439 3803 4486 te-

393 4533 617 4602 posntaa,
650 4543 824 4600 quam
875 4523 1174 4579 charitate.
1210 4520 1280 4575 Et
1308 4524 1373 4575 ut
1398 4519 1468 4574 de
1499 4523 1706 4575 caetero
1754 4517 2036 4575 sollicitu-
2071 4537 2114 4603 ι)
2145 4523 2487 4580 stimonium
2520 4524 2732 4587 dicere,
2770 4539 2872 4578 nec
2903 4523 2974 4578 de
3005 4521 3285 4594 quaelibet
3332 4522 3564 4579 actione
3590 4522 3680 4577 vel
3714 4523 3803 4576 in-

393 4620 466 4674 do
499 4619 594 4684 sit,
629 4633 700 4672 ne
737 4614 876 4669 talia
926 4610 1252 4677 devenient,
1287 4607 1540 4680 capitula
1589 4608 1878 4679 quaedam,
1911 4625 2036 4681 quae

393 4724 428 4763 a
457 4704 677 4762 sanctis
711 4702 1000 4765 Patribus,
1034 4706 1149 4754 tam
1203 4699 1259 4753 in
1309 4696 1543 4753 Nicaeus
1586 4697 1827 4768 synodo,
1859 4714 2037 4769 quam

390 4795 451 4852 in
485 4795 592 4851 hac
623 4793 760 4850 sede
791 4790 1109 4846 constituta
1137 4791 1296 4851 sunt,
1337 4802 1641 4858 ponamus.
1668 4785 1890 4851 Quibus
1924 4786 2036 4840 fra-

391 4888 510 4940 tres
539 4887 594 4938 et
624 4877 949 4953 coepiscopi
984 4876 1164 4933 nostri
1200 4874 1349 4939 fulti,
1382 4874 1630 4929 insidias
1662 4873 2035 4929 inimicorum

390 4973 637 5030 Domino
669 4967 985 5025 auxiliante
1017 4966 1244 5021 valeant
1274 4963 1535 5030 evadere,
1559 4967 1619 5018 et
1648 4966 1819 5034 prout
1851 4962 2039 5018 Domi-

391 5079 503 5118 nus
533 5058 759 5117 dederit
789 5072 979 5130 posse,
1007 5052 1376 5127 paucioribus
1399 5053 1505 5115 (61)
1533 5054 1826 5107 tantorum
1862 5051 2039 5108 malo-

391 5168 521 5210 rum
545 5149 739 5208 verbis
764 5146 1066 5203 imitemur
1089 5143 1526 5215 compendium,
1553 5146 1611 5196 et
1630 5141 1878 5196 strictim
1909 5158 2036 5213 quae

2145 4614 2463 4684 scriptione
2493 4610 2892 4667 Christianum
2928 4610 3229 4683 impetere.

2216 4702 2270 4756 6.
2306 4701 2362 4756 Si
2396 4701 2529 4773 quis
2579 4699 2891 4772 episcopus
2938 4699 3200 4772 legitime
3231 4706 3569 4771 accusatus,
3600 4706 3653 4754 et
3702 4716 3804 4753 su-

2146 4790 2409 4861 pradicto
2437 4788 2640 4844 ordine
2671 4788 2741 4843 ad
2789 4787 3102 4843 concilium
3136 4788 3415 4843 canonice
3446 4792 3806 4845 convocatus

2145 4877 2339 4943 fuerit,
2370 4877 2594 4949 absque
2644 4875 3032 4949 trepidatione
3082 4877 3162 4932 ire
3209 4876 3466 4933 debebit.
3505 4878 3577 4933 Et
3624 4878 3671 4933 si
3720 4878 3807 4930 ire

2146 4982 2261 5022 non
2322 4964 2576 5038 potuerit
2605 4965 2740 5037 (65),
2774 4981 2879 5038 pro
2936 4982 3000 5021 se
3059 4964 3315 5037 legatum
3376 4966 3447 5021 ad
3509 4967 3801 5039 synodum

2145 5054 2362 5111 mittat.

2212 5145 2269 5199 7.
2293 5141 2479 5199 Nullae
2506 5158 2696 5199 causae
2722 5159 2757 5198 a
2779 5143 3086 5214 judicibus
3113 5141 3530 5200 ecclesiasticis
3553 5144 3798 5200 audian-

461 5299 507 5334 ιο
534 5294 721 5354 Eccle.
752 5308 831 5361 ιν,
866 5292 952 5347 12.
982 5288 1026 5324 ⁸¹
1057 5287 1295 5345 Zachar.
1330 5302 1395 5355 ιι,
1428 5284 1482 5340 8.
1512 5283 1561 5319 ⁴²
1591 5283 1799 5343 Matth.
1827 5301 1990 5359 xvm,
2016 5286 2200 5346 15-17.

458 5433 568 5505 (58)
601 5433 934 5505 Hieronym.
967 5426 1137 5505 epist.
1172 5423 1245 5505 ad
1278 5419 1693 5493 Nepotianum.

455 5493 566 5573 (59)
598 5505 652 5558 3.
687 5493 858 5575 Greg.
892 5493 1143 5575 cpi-120,
1174 5493 1216 5549 l.
1247 5508 1348 5548 vn.

457 5571 573 5650 (60)
603 5571 937 5650 lnnocfep.

460 5641 571 5721 (61)
602 5649 801 5703 lnnoc.
835 5641 928 5716 ep.
956 5641 1013 5696 7.

2237 5420 2309 5476 62

2237 5493 2308 5547 63

2236 5565 2307 5619 64

2215 5636 2310 5707 (65

2357 5419 2553 5477 Carth.
2586 5434 2671 5489 ιιι,
2704 5434 2756 5474 c.
2786 5418 2840 5472 9.

2360 5491 2556 5548 Carth.
2588 5506 2670 5559 ιν,
2700 5506 2751 5546 c.
2782 5491 2873 5546 26.

2360 5564 2438 5619 Ex
2470 5561 2718 5618 Aniano.

2357 5636 2497 5691 Adr.
2527 5651 2579 5691 ο.
2610 5634 2646 5688 5
2674 5637 2735 5690 et
2766 5633 2850 5689 11.

2215 5420 2234 5649 Ξ

2310 5420 2329 5708 ἓ
