4060 6218
302 330 454 390 1481

1230 332 1450 392 PONT.
1502 335 1687 393 ΝΟΜ.
1737 333 1835 392 E'l‘
1880 334 2298 395 A'I‘HANASII
2356 338 2780 398 EPISTOLIE.

3548 344 3571 401 1
3585 344 3701 401 482

294 466 417 530 tur,
453 478 580 535 qua
612 461 840 535 legibus
870 478 985 518 non
1019 462 1414 535 continentur,
1447 464 1533 520 vel
1567 482 1690 535 quae
1749 462 1946 536 prohi-
1981 468 2036 533 Α
2066 467 2220 524 dicta
2247 469 2479 526 Nicaena
2507 470 2727 542 synodo
2758 473 2895 527 sunt
2923 470 3245 527 constituti.
3279 473 3505 543 Reliqui
3552 490 3705 537 vero,

297 550 435 606 bitas
464 567 595 607 esse
624 555 968 608 noscuntur.

372 644 426 696 8.
451 642 508 696 Si
539 642 674 713 quis
701 641 869 698 aliter
897 659 1013 699 non
1045 641 1416 714 acquieverit,
1450 642 1563 698 nisi
1606 647 1671 698 ut
1726 642 1951 714 episco-

300 746 443 801 pum
501 735 754 800 accuset,
781 748 962 803 supra
988 736 1184 788 taxato
1213 731 1322 788 hoc
1352 737 1548 788 tenore
1578 748 1750 805 agere
1778 732 1951 787 debe-

301 820 409 883 bit,
441 820 580 891 quia
608 821 775 876 aliter
804 828 929 877 rata
961 838 1071 877 non
1106 825 1296 893 potest
1326 821 1617 877 accusatio
1648 822 1947 876 exsistere.

300 909 466 964 Tunc
496 910 685 980 primo
716 910 972 966 accusati
1004 927 1236 966 causam
1270 914 1572 966 accusator
1624 911 1736 981 (66)
1793 908 1948 979 apud

296 997 580 1066 primates
611 999 886 1054 canonice
916 999 1307 1056 deferat.Nam
1338 998 1798 1054 acommunione
1814 1013 1947 1068 pro-

296 1084 570 1142 hibeatur
599 1088 1051 1159 accusatus,nisi
1082 1088 1153 1143 ad
1185 1088 1500 1144 electorum
1524 1086 1819 1158 judicium
1850 1102 1944 1141 ca-

295 1174 504 1231 nonice
534 1182 880 1233 convocatus
910 1176 1064 1232 infra
1093 1182 1212 1232 tres
1267 1181 1369 1232 aut
1425 1193 1544 1244 sex,
1601 1174 1688 1231 vel
1749 1174 1947 1246 plures

294 1278 528 1320 menses
558 1281 662 1336 pro
694 1265 818 1321 suis
848 1265 1133 1321 rationem
1165 1265 1502 1321 redditurus
1530 1264 1725 1320 venire
1756 1263 1944 1318 distu-

293 1351 449 1410 lerit.
481 1353 642 1418 Quod
676 1356 727 1411 si
758 1356 1004 1427 probare
1036 1355 1288 1426 potuerit
1317 1356 1467 1426 quod
1517 1353 1782 1420 voluerit,
1842 1352 1945 1409 sed

294 1458 409 1497 non
471 1444 729 1515 potuerit
783 1445 938 1500 613
998 1444 1216 1511 venire,
1274 1442 1420 1499 nihil
1478 1442 1532 1498 ei
1561 1442 1809 1497 nocebit.
1844 1440 1945 1497 Ille

288 1548 445 1598 vero,
480 1532 581 1604 qui
610 1534 686 1603 vi,
720 1538 824 1590 aut
856 1533 1065 1590 timore
1098 1551 1131 1589 a
1160 1533 1297 1589 sede
1325 1530 1555 1604 pulsus,
1575 1535 1677 1587 aut
1705 1530 1830 1588 suis
1861 1546 1947 1586 re-

292 1621 404 1677 bus
434 1622 792 1694 exspoliatus
823 1623 1018 1690 fuerit,
1052 1640 1166 1679 non
1200 1623 1362 1695 prius
1391 1626 1630 1678 vocetur
1658 1621 1729 1676 ad
1771 1636 1944 1692 syno-

292 1710 643 1782 dum,quam
673 1712 725 1767 ei
757 1712 957 1768 omnia
985 1712 1216 1783 legibus
1249 1708 1947 1782 redintegrentur(67).Et

290 1799 498 1898 tandiu
527 1799 584 1854 in
616 1801 753 1856 sede
783 1801 1013 1873 propria
1045 1800 1285 1873 paciﬁca
1308 1803 1369 1900 et
1398 1798 1743 1905 potestative
1802 1814 1945 1905 eun-
1974 1840 2020 1905 Β

291 1894 386 1942 cta
442 1888 763 1959 disponens
793 1890 1069 1959 resideat,
1104 1888 1362 1962 quandiu
1396 1887 1699 1959 expulsus,
1730 1886 1817 1941 vel
1844 1902 1941 1942 ex-

286 1975 574 2046 spoliatus
605 1993 800 2033 carere
828 1978 989 2033 visus
1019 1983 1108 2033 est
1162 1977 1359 2032 rebus.
1418 1977 1562 2031 Cum
1618 1978 1810 2029 autem
1868 1972 1940 2027 ad

277 2064 573 2133 judicium
623 2066 863 2137 venerit,
916 2068 965 2122 si
996 2066 1243 2121 voluerit
1272 2070 1329 2120 et
1358 2079 1595 2120 necesse
1625 2062 1817 2129 fuerit,
1853 2061 1939 2116 in-

286 2152 468 2207 ducias
500 2154 552 2208 ei
582 2155 799 2225 petenti
832 2173 866 2211 a
897 2155 1165 2210 Patribus
1195 2155 1526 2210 constitutae
1557 2153 1782 2223 absque
1830 2151 1939 2205 im-

289 2242 625 2313 pedimento
682 2245 1096 2312 concedantur,
1145 2249 1202 2299 et
1224 2244 1455 2314 judices
1485 2260 1518 2297 a
1548 2258 1612 2297 se
1642 2240 1805 2296 electi
1837 2240 1940 2294 tri-

288 2332 640 2397 buantur,ut
668 2335 728 2389 in
759 2334 884 2391 loco
917 2336 1072 2390 unde
1101 2339 1190 2390 est
1220 2333 1315 2389 ille
1345 2334 1443 2404 qui
1474 2336 1805 2400 accusatur,
1838 2333 1951 2384 aut

285 2421 333 2477 si
367 2422 507 2478 alibi
540 2422 787 2493 alicujus
816 2424 1137 2480 temerariae
1188 2422 1588 2479 multitudinis
1645 2420 1761 2475 vim
1816 2434 1938 2474 me-

284 2511 484 2582 tuerit,
518 2511 711 2568 locum
741 2513 855 2568 sibi
884 2529 1210 2586 congruum
1241 2513 1438 2584 eligat,
1472 2528 1587 2584 quo
1618 2509 1840 2580 absque
1872 2508 1941 2563 ti-

285 2620 448 2659 more
468 2604 688 2671 suos,si
713 2605 1033 2662 necessitas
1055 2604 1476 2677 expOposcerit,
1498 2606 1679 2657 testes
1700 2600 1937 2667 habere,

279 2700 336 2749 et
365 2696 589 2766 absque
617 2695 1039 2767 impedimento
1059 2712 1228 2752 suam
1251 2693 1559 2751 carnonice
1581 2690 1935 2747 sententiam

284 2786 451 2841 [inire
479 2785 688 2842 valeat.

348 2876 405 2932 9.
439 2876 588 2939 Quia
619 2875 806 2931 multa
838 2891 940 2947 per
968 2876 1407 2947 subreptionem
1440 2872 1667 2929 evenire
1724 2868 1933 2937 solent,

275 2964 389 3035 (68)
424 2962 536 3019 illis
567 2964 922 3020 testiﬁcandi
957 2963 1044 3020 vel
1077 2963 1389 3020 accusandi
1420 2962 1655 3019 licentia
1686 2961 1931 3031 denege-

272 3049 498 3121 tur,qui
531 3050 870 3105 Christianae
901 3050 1201 3123 religionis
1220 3055 1276 3107 et
1296 3051 1553 3106 nominis
1581 3048 1931 3121 dignitatem

272 3143 332 3193 ct
362 3155 482 3194 sua:
513 3138 661 3211 legis
690 3140 777 3195 vel
809 3140 900 3195 sui
933 3140 1215 3212 prepositi
1246 3156 1539 3211 normam,
1568 3142 1667 3195 aut
1699 3134 1928 3210 regula-

270 3226 414 3281 riter
443 3226 756 3298 prohibita,
790 3225 1167 3298 neglexerint.

348 3316 434 3370 10.
468 3314 719 3370 Multum
750 3315 1051 3387 derogatio
1082 3314 1375 3386 praevalet,
1400 3314 1632 3384 quando
1684 3313 1925 3382 deroga-

269 3408 332 3459 to
389 3402 667 3458 creditur.
699 3402 832 3459 Iden
863 3404 1036 3458 variis
1066 3403 1526 3459 detractionibus
1555 3408 1729 3472 atque
1761 3415 1927 3454 accu-

266 3491 601 3547 sationibus
631 3508 748 3547 non
779 3492 944 3547 decet
972 3492 1085 3563 (69)
1116 3491 1453 3547 labefactari
1486 3486 1925 3561 primatem,sed

266 3582 460 3653 magis
489 3585 730 3636 Patrum
762 3581 977 3653 regulis
1009 3582 1290 3648 roborari,
1324 3597 1429 3636 nec
1461 3579 1628 3635 facile
1677 3584 1780 3634 aut
1831 3578 1925 3631 in-

267 3670 603 3725 differenter
659 3669 957 3741 suscipere
1014 3669 1418 3726 accusationes
1466 3671 1802 3741 praesumat,
1836 3664 1923 3720 di-

268 3764 439 3813 cente
468 3759 714 3814 Domino
750 3776 763 3814 :
795 3758 914 3814 Non
954 3760 1225 3830 suscipias
1280 3774 1461 3813 vocem
1516 3756 1793 3812 mendacii
1844 3755 1923 3822 ‘3;

269 3849 376 3903 sed
437 3848 600 3920 prius
658 3848 904 3920 probare
953 3848 1123 3903 debet
1154 3848 1548 3918 suspicionem
1580 3856 1633 3901 et
1664 3861 1924 3929 causam,

267 3941 376 3991 aut
406 3953 522 4007 quo
553 3937 748 3992 animo
781 3936 891 3992 hoc
922 3937 1093 3992 faciat
1122 3942 1180 3992 et
1201 3936 1579 4008 postmodum
1605 3938 1923 4006 suscipere,

267 4023 412 4095 quia
442 4024 703 4080 veritatis
744 4024 1188 4096 professionem,
1222 4024 1699 4096 propinquitatis,
1732 4023 1926 4078 inimi-

267 4114 443 4179 citiae,
475 4113 726 4183 timoris,
760 4114 998 4180 amoris,
1032 4113 1150 4168 odii
1181 4117 1239 4167 et
1268 4111 1609 4183 cupiditatis
1657 4111 1925 4179 intentio,

265 4201 580 4274 impedire,
611 4205 668 4257 et
696 4202 943 4259 adversa
972 4201 1251 4255 fratribus
1286 4201 1541 4270 irrogare
1570 4198 1737 4256 solet.

345 4292 431 4346 11.
468 4291 576 4362 (70)
609 4290 873 4347 Persona
905 4289 1308 4345 accusantium
1341 4287 1488 4343 tales
1518 4304 1646 4343 esse
1693 4288 1927 4353 debent,

268 4394 524 4451 quarum
558 4378 703 4433 ﬁdes
732 4382 790 4433 et
818 4377 1181 4434 conversatio
1213 4380 1270 4431 et
1297 4376 1416 4431 vita
1472 4375 1814 4446 probabilis,
1873 4380 1930 4432 et

267 4468 491 4537 absque
547 4466 1000 4539 reprehensione
1056 4466 1152 4534 sit,
1209 4470 1267 4522 et
1322 4482 1449 4536 quas
1507 4463 1667 4520 omni
1696 4470 1931 4521 careant

2065 556 2164 625 qui
2216 557 2692 629 metrepolitanas
2721 559 2833 629 (71)
2865 565 3061 614 tenent
3090 560 3707 632 sedes,archiepiscopi

2063 652 2364 716 vocantur,
2396 651 2593 702 etnon
2630 648 2929 716 primates,
2964 647 3121 703 salva
3153 649 3210 703 in
3242 648 3518 703 omnibus
3573 666 3708 720 apo-

2062 733 2277 789 stolica:
2336 735 2493 788 sedis
2553 736 2855 805 dignitate,
2915 753 3040 807 quae
3087 738 3158 791 ab
3189 736 3316 808 ipso
3350 738 3593 792 Domino
3628 748 3715 792 est

2060 838 2355 893 concessa,
2389 828 2445 877 et
2471 828 2670 893 postea
2698 841 2733 879 a
2761 825 2981 879 sanctis
3012 825 3281 880 Patribus
3314 826 3608 881 roborata.

2132 914 2218 969 13.
2250 914 2443 969 Primo
2475 929 2707 985 semper
2736 915 2792 969 in
2827 915 2984 971 omni
3015 917 3418 987 episcoporum
3468 935 3708 973 accusa-

2057 1001 2233 1068 tione,
2276 1020 2542 1075 persona,
2601 1004 2716 1059 vita
2773 1008 2830 1059 et
2886 1005 3246 1060 conversatio
3298 1007 3706 1061 accusantium

2056 1090 2407 1147 enucleatim
2439 1092 2789 1163 inquiratur,
2823 1099 2878 1148 et
2900 1094 3274 1164 postmodum
3309 1110 3377 1148 ea
3406 1111 3533 1165 qua:
3566 1095 3713 1164 obji-

2055 1180 2311 1249 ciuntur,
2348 1181 2595 1237 fideliter
2623 1186 3065 1252 pertractentur.
3101 1182 3387 1246 Quoniam
3431 1183 3578 1237 nihil
3609 1184 3709 1237 ali-

2054 1273 2145 1325 ter
2201 1270 2323 1325 fieri
2373 1271 2567 1339 debet,
2601 1270 2712 1326 nisi
2744 1270 3147 1342 impetitorum
3180 1271 3343 1341 prius
3374 1273 3709 1343 requiratur

2056 1358 2219 1426 lidcs,
2252 1360 2671 1431 personze,vita
2697 1364 2753 1414 et
2784 1365 2950 1415 actus
2984 1359 3398 1426 discutiantur,
3420 1362 3557 1431 quia
3591 1378 3704 1416 non

2054 1446 2222 1503 debet
2247 1464 2558 1519 pravorum
2593 1452 2694 1503 aut
2725 1448 3136 1503 insidiantium
3168 1447 3475 1504 hominum
3509 1451 3703 1520 perni-

2054 1536 2141 1592 cie
2168 1537 2285 1592 vita
2314 1536 2555 1593 lacerari
2588 1537 3008 1593 innocentium.
3047 1540 3194 1593 Sane
3225 1538 3544 1610 szepissime
3576 1540 3714 1598 boni

2055 1641 2089 1679 a
2119 1624 2292 1681 malis
2323 1626 2884 1698 persequuntur,qui
2910 1644 3022 1682 non
3055 1632 3291 1683 cessant
3318 1627 3442 1682 suis
3474 1627 3711 1686 calami.

2053 1714 2271 1770 tatibus
2301 1715 2432 1771 aliis
2462 1716 2757 1787 derogare.
2795 1716 2927 1771 Ideo
2957 1732 3333 1788 summopere
3386 1717 3707 1788 praeviden-

2053 1804 2194 1857 dum
2227 1807 2337 1872 est,
2372 1819 2443 1858 ne
2473 1803 2593 1858 haec
2626 1805 2786 1859 fiant.

2121 1893 2208 1946 14.
2240 1891 2449 1947 Nullus
2479 1909 2707 1960 servus,
2754 1893 2867 1965 (72)
2926 1893 3124 1948 nullus
3180 1893 3447 1959 libertus,
3511 1894 3708 1950 nullus

2050 1982 2290 2050 infidus,
2324 1982 2521 2038 nullus
2551 1983 2896 2038 criminibus
2929 1984 3209 2054 irretitus,
3244 1983 3444 2039 nullus
3485 1983 3706 2037 calum-

2053 2073 2261 2140 niator,
2284 2071 2482 2128 nullus
2505 2072 2603 2143 qui
2632 2071 2957 2128 inimicitiis
2988 2073 3206 2139 studet,
3231 2072 3431 2127 nullus
3462 2072 3560 2143 qui
3594 2073 3703 2126 fre-

2051 2165 2297 2232 quenter
2325 2159 2534 2231 litigat,
2568 2165 2625 2215 et
2653 2161 2724 2215 ad
2757 2162 3122 2216 causandum
3149 2161 3239 2215 vel
3271 2162 3697 2216 detrahendum

2049 2254 2139 2305 est
2169 2249 2379 2316 facilis,
2414 2248 2577 2304 nulla
2608 2249 2843 2304 infamis
2874 2266 3143 2321 persona,
3175 2265 3399 2305 necnon
3458 2255 3514 2303 et
3576 2251 3706 2304 uni-

2048 2338 2197 2392 versi
2258 2354 2405 2409 quos
2429 2337 2500 2392 ad
2533 2338 2831 2393 causanda
2864 2337 3095 2409 publice
3126 2337 3374 2393 crimina
3401 2337 3557 2408 leges
3590 2356 3702 2408 pu-

2048 2425 2199 2481 blice
2228 2444 2344 2481 non
2374 2424 2715 2493 admittunt,
2748 2426 3121 2497 permittatur
3177 2427 3481 2498 episcopos
3536 2442 3704 2480 accu-

2048 2532 2196 2570 sare.
2248 2514 2534 2579 Quoniam
2591 2520 2957 2571 accusatores
3009 2522 3067 2570 et
3098 2515 3518 2582 accusationes,
3552 2530 3701 2585 quas

2047 2603 2205 2675 leges
2236 2603 2431 2659 saeculi
2463 2620 2579 2658 non
2612 2604 2920 2675 recipiunt,
2953 2621 3069 2674 qua
3098 2604 3320 2659 ratione
3376 2604 3700 2659 sacerdota-

2046 2693 2119 2748 lis
2170 2709 2267 2748 eas
2301 2693 2556 2763 recipere
2586 2692 2795 2748 debeat
2823 2694 2964 2748 ordo
2997 2693 3252 2749 invenire
3285 2701 3695 2763 nequeo,'cum

2046 2780 2166 2835 haec
2196 2785 2252 2835 et
2280 2780 2337 2834 in
2369 2780 2595 2835 Nicaena
2625 2781 2846 2853 synodo
2866 2780 3159 2852 prohibita
3175 2780 3378 2848 sint,et
3396 2779 3480 2834 illi
3504 2779 3695 2850 magis

2044 2870 2115 2925 ab
2146 2868 2422 2936 istis,non
2454 2868 2552 2925 isti
2584 2870 2654 2925 ab
2688 2869 2805 2924 illis
2826 2868 3083 2939 judicari
3114 2869 3523 2935 debeant,cum
3543 2872 3692 2939 Apo-

2043 2957 2228 3013 stolus
2286 2957 2438 3012 dicat
2473 2975 2484 3013 :
2521 2957 2844 3029 Spiritualis
2864 2959 3084 3029 judice:
3115 2960 3330 3029 omnia,
3363 2958 3475 3030 ipse
3503 2973 3623 3014 vero
3653 2973 3689 3011 a

2038 3048 2257 3102 nemine
2278 3047 2567 3118 judicatur
2596 3048 2659 3102 “.

2110 3136 2196 3190 15.
2230 3135 2513 3206 Hzeretici,
2546 3153 2579 3191 a
2610 3135 2826 3206 quibus
2858 3135 3107 3192 nimium
3140 3135 3547 3207 opprimimur,
3590 3152 3682 3193 rx-

1946 3206 1989 3273 C
2027 3224 2580 3294 communicatique,
2638 3224 2967 3290 homicidas,
3025 3225 3135 3295 (73)
3180 3206 3465 3293 malefici,
3498 3225 3676 3293 fures,

2034 3312 2328 3385 sacrilegi,
2360 3313 2907 3384 raptores,venefici,
2941 3311 3284 3379 adulteri,et
3314 3313 3412 3384 qui
3445 3318 3678 3384 raptum

2036 3401 2296 3467 fecerint,
2330 3400 2415 3457 vel
2449 3401 2660 3457 falsum
2688 3402 3090 3458 testimonium
3124 3402 3399 3469 dixerint,
3432 3419 3535 3457 seu
3580 3402 3685 3469 qui

2034 3491 2106 3545 ad
2164 3490 2470 3562 sortilegos
2524 3506 2841 3561 magosque
2898 3506 2960 3547 se
3016 3488 3386 3557 contulerint,
3436 3490 3685 3546 nullate-

2034 3596 2148 3634 nus
2178 3580 2249 3635 ad
2282 3579 2737 3648 accusationem,
2779 3578 2867 3635 vel
2924 3579 2995 3634 ad
3054 3579 3456 3635 testimonium
3515 3585 3690 3635 erunt

2035 3670 2102 3725 ad
2115 3667 2401 3723 mittendi.

2108 3759 2193 3812 16.
2226 3758 2348 3812 Non
2380 3756 2458 3811 ita
2492 3756 2549 3811 in
2609 3754 3024 3811 ecclesiasticis
3081 3756 3193 3828 (74)
3249 3756 3539 3827 agendum
3600 3760 3691 3810 est

2037 3847 2287 3919 negotiis
2318 3845 2471 3901 sicut
2502 3846 2561 3900 in
2593 3844 2992 3900 szecularibus.
3017 3844 3159 3899 Nam
3195 3845 3252 3898 in
3284 3844 3686 3913 saecularibus,

2034 3941 2345 4008 postquam
2376 3934 2604 4006 legibus
2632 3937 2894 4003 vocatus,
2925 3941 2981 3987 et
3010 3933 3068 3987 in
3103 3933 3221 3989 foro
3253 3934 3546 3989 decertare
3576 3950 3684 3988 eue-

2035 4026 2120 4096 pit
2150 4023 2385 4095 aliquis,
2420 4040 2535 4078 non
2565 4022 2701 4077 licet
2729 4026 2862 4077 ante
2894 4026 3186 4092 peractam
3237 4038 3476 4077 causam
3528 4037 3686 4076 rece‘

2038 4116 2192 4169 dere.
2258 4114 2316 4166 In
2375 4109 2786 4166 ecclesiasticis
2843 4126 2996 4179 vero,
3029 4111 3187 4165 dicta
3215 4127 3394 4166 causa
3422 4111 3689 4166 recedere

2037 4201 2190 4267 licet,
2225 4201 2275 4255 si
2309 4216 2545 4255 necesse
2577 4199 2879 4264 fuerit,aut
2909 4199 2957 4255 si
2992 4215 3053 4255 se
3085 4200 3432 4271 pra'gravari
3460 4199 3686 4254 viderit.

2109 4290 2194 4345 17.
2229 4289 2719 4358 Quotiescumque
2748 4289 2856 4357 (75)
2918 4287 3229 4359 episcopus
3290 4305 3467 4360 super
3517 4288 3692 4343 certis

2039 4383 2351 4437 accusatur
2398 4377 2763 4445 criminibus,
2799 4377 2849 4432 si
2879 4376 3024 4432 tales
3053 4376 3268 4432 fuerint
3298 4382 3691 4449 accusatores,

2039 4469 2138 4540 qui
2163 4469 2324 4538 juste
2355 4471 2410 4523 et
2440 4465 2716 4522 canonice
2746 4465 2925 4536 recipi
2978 4465 3248 4531 debeant,
3311 4464 3574 4537 legitima
3631 4466 3691 4520 in

270 4556 629 4629 suspicione.
664 4557 811 4623 Quia
837 4562 893 4612 et
922 4557 1053 4626 hoc,
1085 4560 1141 4613 te
1172 4558 1550 4627 prmsente,ut
1580 4555 1725 4611 bene
1756 4556 1930 4625 nosti,
1965 4564 2011 4629 D
2042 4558 2263 4631 synodo
2322 4572 2427 4611 suo
2484 4556 2542 4610 in
2604 4560 2860 4626 tempore
2908 4558 3283 4626 congregata,
3312 4555 3384 4609 ab
3414 4554 3693 4609 omnibus

267 4648 331 4701 in
366 4645 599 4701 Nicaena
630 4647 874 4716 synodo,
910 4649 1151 4717 propter
1176 4643 1466 4700 malorum
1499 4643 1806 4699 hominum
1838 4644 1925 4699 in-

268 4736 643 4791 festationem
671 4735 743 4790 ab
773 4735 1050 4791 omnibus
1076 4738 1166 4791 est
1195 4733 1531 4799 definitum,
1560 4732 1697 4788 licet
1724 4750 1925 4805 pravo-

270 4840 406 4878 rum
440 4823 746 4879 hominum
776 4821 1011 4879 insidiis
1043 4822 1163 4878 sint
1192 4821 1313 4878 haec
1355 4825 1412 4878 et
1458 4820 1569 4877 alia
1626 4821 1928 4894 complura

272 4911 487 4967 deleta.

344 5003 432 5058 4‘3.
468 5002 750 5059 Primates
779 5000 887 5073 illi,
920 5005 978 5057 et
1008 5017 1123 5058 non
1151 5000 1250 5057 alii
1280 5005 1440 5069 sunt,
1474 5016 1647 5072 quem
1678 5000 1737 5055 in
1785 5018 1925 5073 pras-

341 5182 390 5218 ⁸³
421 5181 593 5239 Exod.
626 5196 789 5251 χχιιι,
824 5182 873 5237 1.
953 5181 1000 5216 ⁴⁴
1028 5181 1051 5237 Ι
1082 5180 1210 5238 Cor.
1245 5196 1308 5249 ιι,
1342 5180 1430 5237 15.

352 5378 463 5451 (66)
493 5377 686 5435 Carth.
720 5394 807 5444 III,
834 5374 889 5433 7.

352 5446 467 5555 $22.2
498 5451 664 5555 λὶοεηο
784 5451 896 5532 θυι)
926 5446 1293 5555 εγιῆωξσξιῆ

372 5523 466 5589 68)
496 5522 759 5578 Anianus
788 5522 846 5577 in
879 5538 928 5577 c.
965 5520 1016 5586 1,
1045 5525 1088 5575 t.
1117 5523 1173 5586 7,
1207 5522 1243 5575 Ι.
1281 5521 1365 5591 16,
1398 5523 1521 5577 cod.
1556 5520 1775 5581 'I‘b'eod.

353 5569 469 5666 (ξδὀό
496 5569 935 5666 ὒὲἱιῖἓεῖῖέόῑεῒ.
967 5569 1352 5665 ἱιέιῖιὶᾔιηίὲιὸεἷέ

356 5663 466 5738 (70)
495 5665 738 5722 Adrian.
771 5663 818 5720 4⁷
833 5670 890 5721 et
919 5665 1005 5721 15.

565 5793 825 5851 ΡΑτιιοι..
860 5792 972 5852 Gs.
1016 5787 1287 5852 XXVIII.

2037 4646 2314 4705 canonice
2345 4644 2638 4709 audiatur,
2673 4643 2774 4714 qui
2805 4648 2945 4699 sunt
2978 4644 3034 4698 in
3068 4643 3382 4715 provinciis
3412 4643 3693 4716 episcopi.

2035 4736 2199 4802 Quod
2233 4735 2280 4789 si
2314 4731 2558 4805 legitimi
2590 4748 2705 4787 non
2740 4732 2955 4787 fuerint
2984 4737 3374 4799 accusatores,
3409 4750 3524 4788 non
3560 4732 3694 4787 fati-

2036 4830 2203 4898 getur
2233 4824 2566 4893 episcopus,
2602 4820 2739 4891 quia
2772 4821 3105 4877 sacerdotes
3136 4822 3208 4876 ad
3242 4820 3694 4877 sacrificandum

2034 4928 2237 4969 vacare
2268 4911 2503 4977 debent,
2536 4926 2651 4965 non
2684 4910 2755 4965 ad
2813 4908 3188 4981 litigandum.
3248 4910 3362 4966 Nec
3418 4908 3525 4980 illi,
3588 4921 3696 4983 qui

2034 5000 2230 5057 throni
2288 4998 2385 5054 Dei
2445 5002 2745 5069 vocantur,
2777 5014 3093 5069 pravorum
3117 4998 3425 5055 hominum
3456 4996 3692 5055 insidiis

2115 5380 2226 5455 (71)
2261 5378 2497 5455 Adrian.
2529 5371 2636 5437 col.
2668 5376 2739 5455 23
2768 5386 2826 5438 et
2858 5374 2943 5438 15.

2114 5454 2226 5529 (72)
2256 5454 2449 5529 Carth.
2480 5470 2595 5529 vn,
2608 5470 2662 5529 c.
2695 5454 2750 5508 2.

2136 5523 2228 5596 73)
2258 5527 2393 5581 Adr.
2426 5523 2535 5580 col.
2567 5525 2658 5579 63.

2136 5601 2227 5665 74)
2261 5599 2395 5663 Leo,
2424 5612 2516 5667 ep.
2548 5597 2640 5651 54.

2137 5672 2229 5744 75)
2261 5669 2401 5725 Adr.
2431 5668 2523 5727 27.

2114 5533 2132 5743 ἓ

3346 5785 3420 5862 ᾖ
