4002 6206
360 338 513 396 1483

1533 335 1596 395 S.
1643 335 2163 396 ATHANASIUS.
2202 366 2274 381 —
2308 335 2616 398 SPURIA.

3608 337 3757 396 “84

351 469 574 524 turbari
608 470 840 536 debent,
874 470 974 525 sed
1007 468 1186 525 libere
1230 468 1456 525 Christo
1517 471 1757 526 Domino
1808 472 1997 526 famu-
2031 473 2080 535 Α
2115 474 2262 524 ctam
2296 472 2495 525 sedem
2528 469 2999 543 interpellaverit,
3028 474 3127 525 aut
3158 469 3269 525 sibi
3316 468 3757 524 defensatriccm

352 558 478 612 lari.

419 648 512 701 18.
569 648 917 718 Quanquam
987 647 1441 719 provincialibus
1508 648 1828 721 episcopis,
1884 669 1999 707 una

346 752 478 790 cum
510 752 710 791 eorum
748 736 1192 807 metropolitano
1252 754 1368 792 sum
1424 738 1732 809 provincia
1792 756 2000 796 causas

346 826 775 897 episcoporum;
830 824 1001 879 liceat
1029 825 1368 881 charitative
1398 830 1453 881 et
1484 828 1849 885 concorditer
1879 830 1999 902 agi-

345 919 503 981 tare;
538 930 653 969 non
690 919 905 979 tamen,
944 913 1098 969 sicut
1128 914 1184 968 in
1220 915 1516 986 praedicta,
1582 921 1638 971 te
1694 923 1998 989 prasente,

349 1002 737 1059 constitutum
776 1007 864 1057 est
896 1004 1137 1076 synodo,
1174 1003 1305 1059 licet
1334 1005 1596 1076 delinire,
1629 1007 1851 1079 absque
1884 1007 1999 1063 Ro-

351 1092 508 1147 mani
572 1092 868 1163 pontificis
926 1094 1288 1149 auctoritate.
1324 1095 1482 1159 Quod
1521 1095 1568 1150 si
1603 1112 1772 1151 secus
1803 1114 1836 1152 a
1868 1097 2001 1168 qui-

353 1182 599 1237 busdam
634 1185 1054 1252 praesumptum
1090 1182 1284 1249 fuerit,
1318 1182 1429 1253 ipsi
1463 1184 1559 1256 qui
1594 1184 1703 1240 hoc
1735 1190 2002 1257 egerunt;

353 1288 471 1327 suae
502 1270 980 1342 praasumptionis
1011 1271 1341 1343 suscipiant
1371 1273 1754 1329 damnum.Et
1784 1258 2006 1346 illi,qu1

350 1361 422 1415 ab
454 1360 539 1414 eis
573 1375 877 1431 perperam
937 1360 1428 1416 excommunicati
1463 1366 1563 1417 aut
1596 1364 1856 1419 damnati
1889 1346 2007 1420 fue-

350 1449 486 1511 rint.
522 1448 866 1504 auctoritate
898 1448 1073 1518 hujus
1102 1455 1314 1505 sanctas
1347 1451 1523 1519 sedis,
1558 1456 1613 1507 et
1659 1453 1811 1507 beati
1860 1471 2003 1525 pra:-

348 1536 597 1608 ceptoris
657 1537 838 1591 nostri
903 1536 1171 1609 clavigeri
1202 1539 1352 1594 Petri
1386 1543 1674 1611 potestate
1704 1541 2004 1597 solvantur

347 1632 522 1698 atque
554 1625 961 1681 restituantur.
996 1628 1126 1698 Ipse
1157 1627 1311 1683 enim
1343 1628 1425 1684 ait
1480 1628 1764 1686 Dominus
1799 1648 1811 1685 :
1847 1632 2001 1699 Quae-

343 1731 556 1787 cunque
584 1714 810 1771 solveris
837 1731 1001 1788 super
1030 1720 1254 1785 terram,
1277 1722 1441 1773 erunt
1471 1720 1653 1775 soluta
1682 1728 1733 1775 et
1764 1723 1820 1775 in
1852 1724 2003 1777 terra

345 1814 398 1860 et
430 1807 487 1859 in
516 1804 675 1859 caelis
706 1803 769 1858 ⁸⁵.

417 1895 502 1948 19.
528 1894 641 1965 (76)
664 1893 899 1958 Quoties
922 1894 1178 1965 episcopi
1202 1911 1263 1950 se
1287 1912 1315 1950 a
1340 1896 1461 1952 suis
1494 1898 1993 1970 comprovinciali-

347 1982 571 2050 bus,vel
602 2000 635 2038 a
666 1982 1115 2055 metropolitano
1147 1986 1478 2055 putaverint
1510 1989 1878 2058 przegravari,
1898 1994 1996 2043 aut

349 2088 446 2127 eos
477 2078 781 2143 suspectos
814 2072 1145 2140 habuerint,
1182 2089 1311 2127 mox
1346 2074 1668 2130 Romanam
1702 2076 1997 2147 appellent

350 2162 567 2216 sedem.
601 2162 681 2215 Ad
717 2176 894 2230 quam
927 2175 1025 2215 eos
1057 2161 1279 2231 absque
1310 2161 1428 2215 ulla
1485 2163 1835 2230 detentione,
1898 2168 1999 2219 aut

351 2266 590 2305 suarum
637 2265 832 2304 rerum
866 2249 1421 2317 ablatione,obedire
1453 2250 1719 2307 liceat.Et
1752 2255 1890 2308 dum
1924 2255 1993 2308 ad

353 2340 687 2409 praedictam
720 2339 1039 2392 Romanam
1076 2344 1321 2403 matrem
1355 2341 1774 2410 appellaverint
1808 2342 1999 2398 Eccle-

349 2429 517 2493 siam,
552 2433 655 2482 aut
684 2428 756 2482 ab
789 2443 855 2482 ea
915 2443 977 2481 se
1034 2427 1221 2481 audiri
1278 2430 1739 2500 expoposcerint,
1801 2431 1999 2487 nullus

346 2534 468 2582 eos,
529 2521 632 2570 aut
687 2516 1212 2583 excommunicare,
1259 2522 1360 2569 aut
1392 2534 1591 2571 eorum
1626 2536 1716 2573 res
1749 2521 1997 2591 auferre,

347 2611 449 2660 aut
479 2604 737 2674 aliquam
772 2604 888 2657 vim
920 2603 1133 2658 inferre
1164 2605 1245 2658 eis
1292 2611 1627 2674 przesumat.
1684 2614 1997 2678 antequam

345 2694 553 2749 horum
617 2709 795 2747 causa
854 2692 1099 2745 Romani
1133 2694 1427 2763 pontificis
1459 2695 1801 2750 auctoritate
1835 2698 1999 2752 tinia-

344 2788 455 2836 tur.
477 2782 637 2845 Quod
672 2781 719 2835 si
752 2781 918 2835 aliter
950 2797 982 2834 a
1012 2796 1308 2851 quoquam
1344 2789 1769 2854 praesumptum
1804 2785 1997 2855 fuerit,

347 2870 491 2925 nihil
523 2870 652 2934 erit,
685 2870 784 2923 sed
818 2870 1042 2923 viribus
1074 2870 1313 2924 carebit.
1351 2874 1494 2924 Nam
1547 2887 1650 2926 nec
1709 2873 1816 2928 hoc
1873 2892 1999 2946 per-

351 2976 546 3032 peram
582 2959 1014 3029 praesumimus,
1050 2959 1149 3012 sed
1183 2963 1239 3013 et
1268 2959 1463 3029 ipsum
1494 2959 1551 3013 in
1585 2960 1810 3015 Nicaana
1837 2980 2003 3033 syno-

351 3049 423 3104 do
473 3048 880 3108 constitutum,
939 3052 996 3101 et
1048 3050 1444 3102 antecessores
1502 3054 1730 3104 nostros
1788 3053 1999 3123 egisse,

354 3138 521 3201 bene,
582 3135 887 3196 Athanasi,
951 3139 1125 3199 nosti,
1160 3137 1391 3205 quando
1424 3140 1482 3190 tu
1517 3142 1575 3191 et
1608 3138 1820 3193 Paulus
1850 3140 1999 3194 Con-

2109 560 2397 623 asciverit,
2460 562 2640 615 donec
2663 559 2955 629 judicium
2991 560 3061 614 de
3092 575 3158 614 eo
3190 563 3402 614 nostris
3434 559 3761 628 apostolica

2110 647 2497 713 auctoritatis,
2532 648 2639 703 hoc
2669 654 2779 714 est,
2813 647 3095 720 principis
3152 647 3553 720 apostolorum
3617 647 3757 701 Petri

2110 742 2403 805 agnoscat.
2461 737 2605 803 Quia
2657 737 2844 792 solum
2878 738 3144 792 Christus
3173 741 3344 792 Jesus
3376 736 3516 790 huic
3548 741 3759 790 sancte

2111 826 2254 894 sedi,
2315 827 2369 879 id
2425 832 2513 881 est
2556 826 2909 897 apostolicae,
2945 826 3051 880 hoc
3084 826 3269 881 facere
3301 825 3627 880 commisit.
3662 824 3761 879 L’t-

2114 919 2241 984 pote
2272 915 2547 985 quoniam
2582 916 2763 981 solus,
2801 919 2973 986 atque
3006 932 3119 986 pra:
3151 914 3425 969 omnibus
3486 915 3760 984 pra-latus

2112 1004 2384 1074 princeps
2413 1003 2807 1075 apostolorum
2841 1004 3095 1059 creditus
3126 1009 3235 1072 est,
3265 1008 3437 1073 atque
3472 1003 3766 1073 percipere

2117 1091 2376 1146 meruita
2397 1093 2543 1163 Rege
2574 1109 2777 1164 regum
2800 1092 3026 1147 Christo
3058 1091 3246 1147 claves
3280 1091 3439 1163 regni
3464 1092 3763 1145 cmlorum.

2183 1181 2273 1235 20.
2309 1181 2387 1236 De
2419 1180 2672 1237 induciis
2699 1198 2829 1236 vero
2861 1180 3268 1252 episcoporum
3318 1197 3499 1251 super
3548 1178 3763 1250 quibus

2115 1269 2782 1338 consuluistis,diversas
2814 1288 2846 1324 a
2877 1269 3144 1324 Patribus
3176 1268 3406 1340 regulas
3436 1268 3769 1322 invenimus

2117 1360 2692 1422 institutas.Quidam
2726 1359 2879 1414 enim
2901 1359 2971 1413 ad
2998 1356 3334 1429 repellanda
3362 1357 3763 1428 impetitorum

2114 1449 2606 1518 machinamenta,
2640 1452 2696 1503 et
2726 1465 2859 1504 suas
2890 1447 3300 1519 praeparandus
3331 1445 3767 1517 responsiones,

2112 1542 2169 1594 et
2198 1543 2377 1593 testes
2407 1537 2923 1604 confirmandos,et
2954 1534 3199 1591 concilia
3229 1535 3645 1605 episcoporum
3681 1538 3769 1587 at-

2112 1643 2224 1699 que
2252 1626 2571 1682 amicorum
2605 1626 2933 1696 quaerenda,
2968 1641 3189 1679 annum
3222 1629 3324 1679 aut
3375 1639 3474 1678 sex
3532 1638 3771 1677 menses

2112 1717 2545 1771 mundaverunt
2604 1714 2879 1782 concedi;
2934 1713 3175 1784 quidam
3204 1718 3394 1767 autem
3428 1727 3683 1775 annum,
3711 1711 3765 1764 in

2026 1841 2070 1904 Β
2112 1824 2225 1877 quo
2255 1804 2494 1877 plurimi
2526 1803 3100 1859 concordant.Minus
3124 1820 3258 1859 vero
3281 1819 3458 1872 quam
3486 1819 3588 1855 se:
3616 1818 3773 1855 men-

2104 1911 2195 1950 ses
2228 1912 2340 1949 non
2378 1893 2589 1965 reperi,
2632 1893 2772 1963 quia
2819 1909 2852 1946 a
2910 1891 3073 1946 laicis
3134 1892 3251 1944 haec
3313 1890 3545 1944 indulta
3608 1893 3771 1954 sunt,

2105 1989 2324 2054 quanto
2373 1983 2559 2053 magis
2594 1980 2819 2036 Domini
2852 1979 3297 2035 sacerdotibus?
3328 1983 3472 2032 Nam
3508 1984 3565 2032 et
3600 1996 3635 2032 a
3665 1994 3769 2032 no-

2107 2074 2244 2127 stris
2276 2070 2948 2140 antecessoribus,atque
2971 2068 3213 2139 reliquis
3238 2068 3461 2123 sanctis
3489 2066 3765 2121 Patribus

2110 2162 2405 2216 multoties
2434 2159 2748 2214 inhibitum
2783 2165 2968 2219 est,ne
2998 2158 3132 2227 quis
3170 2156 3392 2211 Domini
3426 2156 3759 2210 sacerdoti-

2109 2253 2217 2304 bus
2251 2249 2637 2303 detractiones
2670 2248 2905 2317 irroget,
2940 2251 3158 2317 quanto
3196 2245 3384 2316 magis
3444 2246 3771 2298 accusatio-

2112 2356 2211 2394 nes
2274 2355 2387 2392 non
2443 2354 2509 2391 ex
2551 2336 2740 2389 radice
2773 2334 3076 2389 charitatis
3108 2333 3413 2405 prolatas?
3444 2333 3766 2399 Quiescite,

2110 2429 2405 2499 inquiunt,
2438 2430 2493 2480 et
2524 2424 2702 2479 nolite
2735 2424 2999 2495 persequi
3035 2440 3154 2488 eos,
3187 2424 3281 2492 qui
3336 2423 3452 2477 Deo
3516 2422 3767 2492 perfecte

2114 2517 2471 2577 ministrant,
2533 2530 2782 2583 quorum
2844 2513 3205 2566 orationibus
3263 2517 3320 2565 et
3352 2517 3586 2565 terrena
3619 2510 3772 2565 bella

2111 2606 2406 2665 sedantur,
2438 2608 2493 2657 et
2522 2602 2913 2657 recedentium
2949 2617 2982 2655 a
3015 2606 3123 2655 Deo
3156 2599 3499 2671 angelorun.
3530 2598 3771 2669 pellun-

2110 2700 2208 2749 tur
2265 2694 2559 2757 incursus,
2620 2692 2834 2762 quippe
2891 2706 3093 2745 omnes
3153 2690 3470 2749 demones,
3506 2689 3603 2758 qui
3638 2704 3777 2741 cor-

2112 2782 2262 2854 rupti
2297 2787 2698 2851 sunt,precum
2735 2779 3077 2833 assiduitate
3110 2777 3770 2833 confunduntlnducize

2111 2888 2365 2942 namque
2399 2887 2508 2925 non
2543 2869 2651 2924 sub
2685 2872 2933 2939 angusto
2961 2872 3242 2937 tempore,
3276 2868 3372 2920 sed
3419 2866 3530 2920 sub
3594 2864 3769 2936 longo

2111 2961 2297 3033 spatio
2343 2958 2723 3013 concedenda
2752 2962 2907 3021 sunt,
2943 2961 3006 3009 ut
3036 2955 3287 3010 accusati
3323 2972 3383 3009 se
3417 2970 3769 3025 praeparare,

2110 3056 2167 3105 et
2198 3048 2498 3104 universos
2530 3046 3057 3101 communicatores
3086 3043 3144 3098 in
3178 3042 3495 3115 provinciis
3546 3041 3771 3114 positos

2114 3138 2442 3201 convenire,
2499 3142 2555 3191 et
2592 3139 2771 3189 testes
2803 3149 3148 3205 praeparare,
3180 3139 3355 3203 atque
3386 3136 3594 3186 contra
3627 3129 3771 3184 insi-

357 3222 944 3293 stantinopolitanus,
1004 3202 1306 3293 Asclepius
1362 3226 1541 3291 Gazae,
1597 3230 1654 3280 et
1711 3227 2003 3282 Lucianus
2036 3202 2078 3267 (ἶ
2119 3227 2371 3281 diatores
2406 3239 2467 3279 se
2498 3223 2745 3295 pleniter
2776 3202 3002 3276 armare
3033 3202 3276 3275 valeant.

357 3310 1188 3381 [LuciusjAdrianopolites,ab
1209 3312 1497 3383 episc0pis
1515 3313 1904 3369 Orientalibus
1922 3316 2009 3370 in-

356 3399 625 3454 consulto
644 3404 859 3454 sanctae
879 3401 1173 3455 memoriae
1187 3400 1340 3456 Julio
1363 3403 1782 3472 praedecessore
1807 3409 2006 3462 nostro

356 3487 617 3543 damnati
644 3488 807 3553 estis,
841 3492 897 3542 et
918 3489 989 3542 ad
1021 3506 1178 3554 eum,
1211 3490 1374 3557 quasi
1408 3491 1477 3545 ad
1512 3492 1694 3547 totius
1720 3493 1877 3548 orbis
1910 3512 2004 3549 ca-

354 3581 479 3648 put,
513 3583 578 3631 ut
607 3592 839 3647 semper
869 3576 1003 3630 huic
1036 3581 1247 3631 sancite
1281 3578 1402 3632 sedi
1436 3579 1655 3633 licitum
1694 3581 1819 3651 fuit,
1866 3599 2002 3638 con-

350 3666 604 3737 fugistis.
632 3665 873 3735 Cognita
903 3680 1102 3719 eorum
1137 3666 1417 3736 nequitia,
1443 3670 1500 3722 et
1529 3673 1721 3723 vestra
1744 3671 2001 3739 justitia,

348 3772 449 3810 vos
481 3754 540 3809 in
571 3754 982 3809 communione
1014 3756 1291 3825 suscepit,
1326 3759 1382 3808 et
1424 3757 1686 3811 omnium
1740 3763 2000 3816 vestrum

349 3860 551 3898 curam
609 3860 838 3913 gerens,
900 3848 1137 3914 propter
1192 3844 1347 3899 sedis
1380 3846 1623 3916 proprias
1656 3847 2001 3919 dignitatem

346 3948 485 3985 suas
517 3931 768 4002 singulis
800 3932 1050 3986 reddens
1082 3931 1387 3995 Ecclesiae,
1419 3934 1811 3990 Orientalibus
1858 3937 2001 3992 scri-

346 4020 482 4089 psit,
516 4019 762 4089 culpans
794 4036 892 4073 eos
923 4020 1074 4089 quod
1113 4036 1223 4073 non
1260 4025 1411 4074 recte
1442 4025 1812 4091 tractassent,
1846 4025 1999 4080 viros

347 4106 734 4177 inculpabiles
765 4109 835 4162 de
867 4108 991 4161 suis
1022 4107 1295 4162 Ecclesiis
1325 4108 1760 4178 expellentes,ct
1790 4114 2001 4167 consti-

346 4199 477 4249 tuta
501 4196 715 4251 Nicaani
749 4196 975 4251 concilii
1011 4196 1254 4250 minime
1286 4202 1764 4254 conservantes.E
1786 4201 2000 4271 quibus

348 4284 415 4337 ad
438 4289 659 4339 certum
683 4285 836 4339 diem
874 4284 1186 4340 nonnullos
1217 4285 1452 4340 sibimet
1482 4288 1685 4342 adesse
1711 4290 1997 4362 praecepit,

347 4377 413 4427 ut
442 4373 511 4427 de
544 4374 758 4428 talibus
804 4374 1360 4444 praesumptionibus
1416 4379 1629 4429 certam
1693 4378 2002 4433 redderent

345 4461 655 4530 rationem,
679 4468 735 4516 et
767 4479 959 4517 coram
995 4462 1078 4516 eis
1110 4463 1691 4531 ostenderet.justum
1728 4482 1788 4520 se
1821 4481 2001 4537 super

2184 3316 2272 3368 21.
2304 3313 2545 3368 Judices
2574 3311 2752 3376 enim,
2785 3315 2839 3365 et
2870 3315 3237 3364 accusatores
3278 3307 3427 3362 tales
3482 3324 3612 3362 esse
3668 3309 3775 3361 de-

2114 3405 2271 3473 bent,
2306 3402 2403 3473 qui
2429 3401 2699 3467 omnium
2734 3403 2967 3453 careant
2996 3397 3351 3468 suspicione,
3382 3401 3439 3450 et
3469 3412 3535 3449 ex
3572 3397 3774 3450 radice

2114 3491 2417 3548 cbaritatis
2450 3506 2618 3543 suam
2669 3488 3005 3541 desiderent
3065 3502 3328 3558 promere
3386 3487 3772 3539 sententiam.

2118 3582 2213 3636 llis
2246 3581 2423 3652 igitur
2454 3584 2571 3633 tam
2601 3576 3065 3647 legaliter,quam
3101 3579 3167 3629 et
3186 3576 3466 3629 canonice
3500 3576 3772 3645 prolatis.

2112 3673 2286 3726 etiam
2321 3668 2583 3723 omnium
2616 3665 3082 3720 Christianorum
3112 3664 3492 3719 reverentiam
3514 3682 3776 3733 congau-

2111 3760 2245 3814 dere
2277 3756 2670 3829 deposcimus,
2704 3753 2952 3825 spiritali
2985 3753 3382 3807 intercedente
3429 3753 3771 3817 dilectione,

2111 3854 2167 3903 et
2214 3848 2422 3902 timore
2453 3844 2777 3911 Dominico,
2812 3858 2913 3913 per
2942 3858 3114 3913 quem
3150 3841 3407 3896 humana
3440 3848 3776 3896 removetur

2109 3936 2373 4003 otiensin,
2397 3940 2451 3989 et
2482 3932 2869 3989 Ecclesiarum
2904 3931 3208 3986 aediﬁcatio
3244 3931 3605 4001 praeponitur
3636 3931 3771 3984 uni-

2109 4026 2387 4091 versis,ut
2419 4022 2601 4091 magis
2636 4020 2890 4074 universi
2926 4019 3362 4073 aedificationem
3397 4020 3644 4073 fratrum
3683 4020 3773 4073 la—

2112 4116 2517 4184 borent,quam
2552 4111 2619 4165 ad
2656 4108 3409 4178 damnationem,quoniam
3446 4109 3525 4161 ait
3562 4109 3769 4162 Domi-

2110 4220 2222 4256 nus
2259 4221 2268 4256 :
2308 4204 2362 4255 In
2398 4201 2493 4254 hoc
2519 4207 2835 4270 cognoscent
2867 4213 3071 4261 omnes,
3106 4198 3236 4267 quia
3266 4199 3375 4250 mei
3417 4198 3548 4250 estis
3597 4198 3771 4250 disci-

2104 4292 2248 4363 puli,
2306 4294 2358 4345 si
2416 4289 2760 4343 dilectionem
2821 4286 3123 4339 habueritis
3172 4284 3241 4338 ad
3270 4285 3507 4338 invicem
3538 4285 3603 4336 ‘5.
3635 4284 3770 4337 Jam

2109 4379 2265 4433 enim
2302 4379 2543 4431 formam
2579 4375 2870 4437 dedimus,
2906 4378 2960 4426 et
2992 4391 3023 4426 a
3069 4374 3598 4444 praadecessoribus
3658 4390 3775 4426 no-

2110 4468 2249 4521 stris
2307 4468 2501 4520 datam
2562 4480 2687 4517 esse
2719 4461 3118 4533 cognovimus,
3152 4466 3219 4515 ut
3247 4461 3295 4516 si
3322 4460 3456 4531 quis
3489 4478 3552 4514 se
3585 4478 3771 4531 agno-

344 4551 428 4605 eis
475 4550 787 4619 protulisse
820 4552 1135 4605 decretum.
1171 4551 1631 4607 Determinatum
1686 4559 1775 4608 est
1803 4555 2001 4621 etiam,
2034 4567 2078 4631 D
2109 4556 2255 4611 verit
2282 4552 2698 4619 Christianum,
2732 4550 2877 4605 illud
2910 4556 3117 4616 servet,
3149 4549 3302 4620 quod
3351 4548 3423 4603 ab
3483 4548 3776 4619 apostolis

344 4656 457 4693 non
493 4639 631 4693 talia
660 4639 935 4711 deinceps
963 4642 1168 4695 tratres
1199 4657 1326 4695 esse
1358 4658 1653 4711 passuros.
1676 4644 1739 4696 Et
1776 4643 1886 4699 nisi
1922 4646 1993 4699 ab

342 4727 689 4796 hujusmodi
748 4729 1302 4799 praesumptionibus
1333 4736 1649 4799 cessarent,
1684 4749 1716 4785 α
1748 4734 1997 4804 propriis

343 4832 471 4871 esse
504 4817 788 4886 gradibus
819 4834 917 4872 eos
949 4818 1433 4872 recessuros.Tibi
1468 4819 1623 4873 enim
1658 4819 1835 4892 hujus
1867 4839 1998 4877 san-

343 4910 445 4985 ctae
477 4905 635 4959 sedis
668 4905 1049 4975 privilegio,et
1074 4911 1131 4959 tu
1167 4912 1221 4960 et
1253 4908 1458 4962 fratres
1491 4908 1574 4962 tui
1611 4911 1875 4980 proprias
1909 4928 1996 4965 re-

344 4994 584 5064 cepistis
616 4993 1074 5058 Ecclesias,cum
1109 4995 1384 5050 omnibus
1415 4997 1485 5050 ad
1519 5013 1619 5052 vos
1653 4998 1995 5069 pertinenti-

344 5082 475 5136 bus.
516 5082 614 5135 His
645 5083 799 5137 enim
833 5087 885 5138 et
916 5083 1045 5138 aliis
1079 5101 1251 5154 quam
1290 5084 1561 5155 plurimis
1607 5087 1993 5152 documentis,

344 5170 722 5226 manifestum
773 5176 881 5235 est,
916 5171 1144 5225 nullum
1180 5173 1467 5238 damnari,
1504 5178 1603 5229 aut
1634 5175 1757 5230 suis
1787 5192 1995 5249 exspo-

342 5257 474 5315 liari
507 5259 681 5316 rebus
707 5260 916 5317 debere
946 5262 1309 5333 episcopum,
1343 5263 1497 5317 6h!
1528 5264 1628 5334 qui
1662 5264 1812 5320 hanc
1864 5283 1997 5322 san-

2106 4644 2371 4701 noscitur
2427 4658 2555 4695 esse
2614 4640 2919 4701 traditum,
2980 4639 3207 4692 dicente
3239 4637 3501 4707 apostolo
3540 4637 3770 4691 Paulo:

2105 4736 2165 4788 Si
2194 4734 2311 4804 quis
2342 4732 2489 4786 vobis
2519 4728 2955 4787 annuntz’avcrit.
2995 4731 3207 4797 prieter
3263 4743 3428 4797 quam
3486 4726 3631 4795 quod
3684 4743 3777 4779 ar-

2104 4823 2344 4892 cepistis,
2405 4818 2701 4872 anathema
2753 4817 2823 4871 sit
2853 4816 2911 4866 ‘7.
2951 4814 3219 4868 Christus
3250 4814 3405 4867 enim
3446 4816 3539 4867 Dei
3579 4814 3765 4867 Filius

2106 4910 2393 4965 Dominus
2424 4912 2640 4970 noster,
2677 4906 2933 4959 humano
2957 4902 3149 4974 generi
3206 4901 3441 4972 propria
3495 4902 3777 4972 passione

2106 4999 2350 5053 salutem
2387 4995 2789 5067 plenissimam
2825 4991 3192 5056 condonavit,
3225 4995 3289 5044 ut
3325 5007 3432 5045 nos
3464 4990 3769 5044 liberaret.

2107 5088 2178 5141 Ut
2207 5088 2255 5142 si
2284 5087 2341 5139 in
2379 5088 2602 5139 tantum
2640 5100 2747 5137 nos
2779 5080 2999 5146 dilexit,
3034 5084 3097 5133 ut
3127 5080 3299 5134 etiam
3336 5082 3575 5148 proprio
3626 5081 3773 5133 Filio

2106 5192 2213 5232 suo
2245 5192 2359 5230 non
2393 5172 2778 5245 parceret,sed
2805 5181 2914 5241 ‘pro
2948 5168 3117 5223 nobis
3146 5167 3427 5222 omnibus
3451 5167 3621 5222 illum
3650 5175 3769 5222 tra-

2106 5266 2288 5329 deret,
2323 5268 2385 5318 ut
2414 5278 2522 5319 nos
2558 5261 2851 5329 liberaret,
2882 5263 2947 5313 ut
2975 5257 3115 5329 quid
3149 5272 3254 5312 nos
3297 5272 3411 5312 non
3457 5255 3769 5329 diligimus

412 5470 692 5528 “Matth.
726 5488 837 5543 xvx,
875 5474 972 5540 19;
1006 5488 1163 5539 xvm,
1200 5472 1284 5526 18.
1363 5472 1407 5507 ⁸⁸
1436 5473 1603 5529 Joan.
1639 5491 1764 5546 xm,
1799 5478 1887 5532 35.
1964 5478 2008 5511 ‘7
2040 5476 2225 5532 Galat.
2260 5492 2304 5545 ι,
2335 5466 2389 5531 8.

417 5650 527 5719 (76)
562 5650 704 5705 Item
735 5667 803 5705 ex
832 5650 1105 5706 Adriano.
