4002 6206
218 350 367 410 1485
1354 352 1535 414 Vl'l‘A
1582 352 1909 413 SANC'I‘IE
1951 352 2453 415 SYNCLE'I‘IC/E
3471 364 3624 423 M86

213 481 440 551 fratres,
470 484 571 537 aut
594 497 693 538 eos
724 482 1346 553 temerejudicamus?
1377 500 1509 539 cum
1543 484 1857 555 praedictus
1888 489 1942 552 Α
1973 485 2129 539 enim
2183 485 2327 540 banc
2384 487 2806 558 prmterierunt,
2858 505 2971 544 non
3023 493 3253 546 tantum
3303 492 3420 547 laesi
3464 495 3620 552 deci-

213 569 369 624 dicat
399 568 715 642 Apostolus
769 588 780 626 :
831 571 1014 628 Nolite
1054 571 1319 642 judicare
1358 573 1615 637 invicem,
1644 571 1739 627 sed
1768 572 1865 628 hoc
1974 573 2173 629 dentes
2205 593 2239 629 a
2279 576 2746 632 corroboratione
2777 595 2904 649 sua,
2954 579 3055 634 sed
3107 578 3455 651 insipientim
3504 601 3623 637 suae

210 662 395 731 magis
419 662 700 733 judicale,
733 679 804 717 ne
846 665 1066 733 ponatis
1120 661 1515 736 oﬂ'endiculum
1562 666 1738 735 fratri
1779 663 1864 718 vel
1972 662 2409 734 dereliquerunt
2438 664 2711 720 omnibus
2746 667 3109 735 memoriam,
3144 672 3209 723 ut
3260 668 3375 737 his,
3409 671 3623 740 quibus

210 749 536 805 scandalum
566 750 629 806 ⁸⁸.
662 750 808 806 Nam
841 750 890 807 si
940 751 1025 806 illi
1074 751 1172 823 qui
1220 752 1428 807 fratres
1468 751 1740 823 diligunt,
1795 768 1864 806 ex
1973 759 2373 823 peccaverunt,
2400 754 2833 811 minimelatere
2856 757 3220 828 potuissent:
3247 757 3437 814 Gloria
3464 761 3616 814 enim

213 838 330 893 Deo
362 839 1503 912 natisunt,etvidentDominum:quid
1529 858 1665 912 ergo
1690 845 1864 896 erunt
1969 848 2020 895 et
2069 842 2398 896 contumelia
2454 844 2510 896 in
2570 844 2801 914 loquela,
2862 854 2911 899 et
2962 847 3020 899 in
3105 847 3300 917 lingua
3376 849 3618 903 hominis

214 927 299 981 illi
336 928 437 1000 qui
468 945 566 984 eos
598 934 1050 1001 persequuntur,
1083 934 1138 985 et
1176 946 1275 985 ωε
1321 929 1699 997 detrahendo,
1738 947 1862 985 ma-
1971 945 2126 983 casus
2171 930 2324 985 illius
2370 934 2446 985 est
2486 931 2550 985 ⁵³.
2614 933 2865 1004 Ideoque
2923 936 3273 991 conveniens
3325 948 3408 991 est
3468 937 3619 992 hanc

213 1017 535 1083 cbinando,
585 1018 938 1085 accusando,
999 1017 1349 1084 intestando,
1406 1019 1686 1073 damnare
1742 1035 1863 1073 mo-

210 1104 486 1160 liuntur?
538 1106 596 1162 Si
648 1105 733 1161 illi
784 1106 888 1161 filii
940 1106 1056 1177 Dei,
1102 1106 1302 1177 procul
1350 1107 1526 1162 dubio
1573 1106 1678 1161 lilii
1728 1112 1866 1162 sunt

210 1194 457 1263 diaboli,
492 1196 593 1267 qui
630 1199 695 1250 ut
726 1211 955 1267 semper
1000 1198 1139 1250 sicut
1191 1197 1269 1251 leo
1314 1198 1541 1266 rugiens
1586 1197 1861 1263 circumit,

207 1299 464 1353 quaerens
511 1298 671 1355 quem
720 1284 941 1339 devoret
989 1283 1052 1352 ‘9,
1084 1283 1164 1338 ita
1198 1285 1402 1339 fratres
1452 1287 1861 1357 insequuntur,

209 1377 275 1426 ut
326 1373 589 1443 perdant.
642 1372 748 1435 Qui
777 1389 911 1428 vero
961 1373 1237 1444 adjuvare
1284 1373 1491 1427 fratres
1540 1373 1858 1446 refugiunt,

213 1466 407 1532 majus
437 1468 813 1535 peccatorum
848 1480 1005 1519 onus
1036 1464 1373 1535 acquirunt,
1406 1468 1461 1518 et
1497 1463 1737 1519 fraterni
1769 1481 1862 1520 so-

204 1551 333 1606 latii
386 1552 467 1607 rei
489 1551 781 1608 exsistunt
814 1569 827 1608 :
863 1552 969 1623 Vw,
1019 1551 1209 1625 inquit
1256 1551 1566 1623 PrOpheta,
1620 1554 1717 1624 qui
1763 1570 1863 1625 po-

206 1646 327 1695 tum
356 1642 450 1697 dat
497 1644 672 1698 amico
726 1658 842 1709 suo,
874 1658 1110 1697 miscens
1144 1642 1224 1713 [et
1260 1657 1419 1696 suum
1448 1642 1511 1696 ⁵ο.
1546 1642 1615 1697 Et
1646 1642 1860 1698 iterum
1972 1640 2123 1696 velli.
2157 1642 2308 1697 Licet
2341 1659 2591 1712 namque
2624 1643 2693 1698 de
2738 1643 2829 1699 bis
2872 1643 3041 1715 plura
3075 1650 3130 1700 et
3157 1647 3615 1717 pernecessaria,

206 1730 683 1801 sapientissimus
712 1730 985 1786 Salomon
1019 1730 1100 1786 ait
1144 1746 1156 1786 :
1194 1731 1463 1799 Quoniam
1489 1732 1588 1803 qui
1619 1731 1864 1802 loquitur
1972 1747 2101 1802 quin
2134 1731 2191 1785 in
2225 1731 2473 1786 decretis
2517 1732 2674 1787 sedis
2722 1732 3073 1803 apostolicae,
3117 1738 3173 1789 et
3223 1735 3294 1789 ab
3340 1736 3623 1806 apostolis

207 1822 405 1891 iniqua
434 1836 543 1876 non
570 1826 741 1892 potest
790 1820 980 1889 tutere,
1012 1836 1110 1875 nec
1154 1822 1441 1891 praeturiet
1488 1822 1649 1876 illum
1678 1823 1860 1877 corri-
1891 1860 1937 1923 Β
1970 1836 2291 1891 eorumque
2323 1820 2761 1877 successoribus
2793 1822 3011 1877 nostris
3034 1821 3280 1878 ubilibet
3298 1825 3619 1895 praedeces-

1972 1019 2442 1087 ostentationem,
2477 1025 2534 1075 et
2563 1021 3077 1093 reprehensionem
3113 1023 3346 1079 illorum
3402 1027 3619 1081 nostris

1972 1108 2200 1163 actibus
2232 1108 2429 1179 inseri,
2466 1126 2537 1164 ne
2570 1110 2812 1166 ulterius
2841 1113 2964 1182 jam
2998 1112 3139 1167 talia
3170 1114 3495 1185 patiamini,
3526 1132 3615 1169 se-

1974 1197 2337 1252 minantibus
2368 1199 2451 1253 eis
2482 1199 2723 1266 zizania,
2778 1203 2836 1254 et
2867 1200 3160 1270 scandala,
3214 1202 3316 1256 sed
3341 1201 3522 1257 laetari
3558 1204 3615 1257 in

1973 1285 2182 1341 ofﬁciis
2204 1291 2259 1341 et
2280 1288 2653 1358 dogmatibus
2682 1289 2889 1343 vestris
2921 1290 3620 1362 mereamini.lgitureru-

1971 1374 2211 1430 bescant
2243 1375 2398 1442 talia,
2423 1380 2478 1431 et
2511 1375 2847 1447 hujnsmodi
2900 1377 3240 1449 blaspheme
3273 1380 3620 1435 subtrahere

1972 1464 2269 1531 festinent,
2306 1464 2352 1519 si
2390 1464 2682 1520 noluerint
2712 1483 2745 1520 a
2768 1467 3113 1521 sacerdotali
3148 1471 3346 1523 nostro
3379 1468 3620 1541 collegio

1971 1552 2288 1624 segregari,
2316 1557 2371 1608 et
2393 1570 2425 1608 a
2455 1553 2633 1608 totius
2665 1553 2979 1609 Christiani
3015 1556 3212 1627 populi
3244 1559 3518 1613 societate
3540 1558 3622 1612 di-

198 1911 363 1980 picns
403 1909 698 1979 judicium.
745 1912 807 1965 In
850 1910 1273 1980 cogitationibus
1319 1926 1443 1980 ergo
1494 1910 1652 1981 impii
1682 1912 1861 1967 inter-

201 2001 421 2066 rogatio
450 2001 577 2054 erit.
609 2000 941 2054 Sermonum
971 2003 1158 2053 autem
1206 1999 1359 2055 illius
1395 1998 1469 2054 ad
1497 2001 1670 2055 Deum
1698 2015 1860 2071 pra?-

204 2089 511 2159 meditatio,
550 2088 627 2145 ad
674 2091 1076 2160 correptione":
1126 2090 1490 2161 iniquitatum
1534 2090 1713 2156 illius,
1766 2092 1864 2162 qui

198 2178 433 2233 auribus
466 2178 581 2233 zeli
617 2177 773 2233 audit
820 2181 1035 2245 omnia,
1076 2187 1127 2233 et
1172 2180 1445 2234 tumultus
1493 2196 1861 2234 murmuran-

197 2268 343 2321 tium
376 2284 483 2322 non
513 2267 872 2322 ubscondetur
901 2268 968 2321 ³³.
1022 2268 1146 2322 Haec
1188 2268 1344 2323 enim
1379 2269 1426 2323 si
1460 2267 1730 2338 amplecti
1764 2284 1859 2323 vo-

196 2355 476 2423 luissent,
513 2355 743 2428 proprio
774 2361 830 2411 et
860 2373 1002 2411 sano
1029 2372 1229 2423 sensu,
1274 2356 1343 2411 ad
1378 2357 1691 2427 reprobum
1725 2372 1860 2411 sen-

198 2461 338 2500 sum
374 2444 614 2500 minime
648 2445 1007 2513 laberentur,
1043 2446 1140 2500 sed
1173 2462 1275 2517 per
1306 2445 1407 2501 Dei
1441 2445 1707 2501 timorem
1737 2464 1856 2501 ser-

199 2549 448 2589 monum
504 2550 747 2590 suorum
821 2537 1212 2606 praecaventes
1272 2534 1628 2601 custodiam,
1701 2535 1858 2605 piam

201 2627 542 2678 sanctorum
573 2622 812 2678 Patrum
844 2622 1246 2679 definitionem
1279 2623 1407 2678 sine
1438 2624 1689 2695 quadam
1722 2641 1862 2694 prae-

204 2710 544 2783 sumptione
584 2712 918 2767 nocumenti
968 2711 1201 2783 utrique
1250 2715 1683 2777 conservarent,
1712 2728 1858 2783 quo-

208 2805 369 2856 niam
424 2799 565 2855 dicit
620 2817 852 2856 sacrum
901 2800 1197 2871 eloquium
1246 2817 1259 2855 :
1312 2799 1617 2855 Consilium
1661 2800 1859 2854 bonum

211 2889 555 2943 conservabit
613 2898 686 2957 te,
747 2897 799 2944 et
858 2905 1007 2945 mens
1060 2889 1199 2943 bona
1257 2889 1519 2944 custodiet
1549 2896 1605 2943 te
1628 2888 1691 2941 δ’.
1730 2888 1855 2942 Non

210 2978 371 3032 enim
404 2977 474 3031 de
505 2977 765 3033 fontibus
793 2976 1109 3034 salutiferis
1141 2976 1520 3049 spiritualiter
1550 2977 1621 3031 ad
1656 2975 1855 3047 acqui-

200 3068 480 3121 sitionem
514 3070 739 3122 aeterna:
771 3067 896 3121 vitae
930 3067 1431 3138 procedunt,lalcs
1463 3071 1853 3139 accusatores,

186 3160 249 3210 et
282 3156 662 3226 detractores,
694 3160 869 3226 atque
900 3155 1027 3210 ideo
1077 3159 1471 3226 competenter
1512 3171 1617 3210 nos
1649 3154 1853 3209 beatus

1972 1909 2204 1964 soribus
2237 1913 2455 1964 statuta
2483 1908 2882 1975 inveniuntur,
2916 1912 3104 1967 dicere
3154 1917 3208 1968 et
3256 1914 3621 1970 conscribere

1972 1997 2392 2069 potuissemus,
2425 2002 2619 2053 tamen
2672 1999 2883 2055 melius
2940 2001 3105 2056 nobis
3157 2000 3347 2057 visum
3392 2013 3501 2069 est,
3558 2009 3621 2058 ut

1969 2086 2275 2158 epistolam
2308 2087 2565 2143 oratione
2596 2087 2961 2144 claudamus.
3019 2089 3173 2145 Deus
3223 2090 3618 2162 omnipotens,

1969 2179 2025 2230 et
2059 2193 2213 2231 unus
2246 2175 2582 2248 unigenitus
2614 2176 2793 2232 Filius
2841 2183 2897 2233 et
2934 2177 3195 2234 Salvator
3220 2184 3417 2235 noster
3443 2180 3619 2235 Jesus

1970 2264 2257 2334 Christus,
2290 2264 2452 2320 vobis
2484 2264 2703 2321 tribuat
2734 2266 3205 2334 incitamentum,
3242 2274 3305 2323 ut
3344 2269 3620 2323 omnibus

1970 2353 2251 2409 fratribus
2280 2357 2337 2408 et
2366 2353 2725 2426 coepiscopis
2760 2356 2997 2423 nostris,
3026 2355 3479 2427 quinuscunque
3514 2358 3620 2410 tri-

1971 2441 2369 2497 bulationibus
2421 2441 2847 2511 laborantibus,
2884 2445 3019 2499 totis
3068 2447 3427 2500 succurratis
3483 2445 3621 2499 viri-

1970 2532 2101 2601 bus,
2154 2539 2211 2585 et
2259 2547 2393 2585 cum
2446 2530 2531 2586 eis
2579 2531 3022 2604 compatientes,
3066 2548 3302 2590 crucem
3356 2534 3619 2605 ejusdem

1967 2619 2198 2675 Domini
2240 2619 2557 2675 Salvatoris
2587 2620 2850 2691 portatis,
2879 2625 2941 2675 ut
2972 2622 3086 2676 veri
3120 2621 3307 2693 ipsius
3347 2621 3618 2693 discipuli

1968 2726 2156 2764 coram
2190 2708 2461 2764 omnibus
2493 2709 2885 2780 apppareatis.
2911 2709 2979 2765 Ut
3009 2714 3064 2765 et
3084 2727 3205 2776 vos,
3231 2718 3281 2765 et
3304 2710 3403 2781 qui
3426 2710 3617 2765 vobis-

1967 2813 2099 2851 cum
2133 2801 2291 2865 sunt,
2324 2796 2417 2851 hic
2437 2800 2491 2851 et
2514 2796 2570 2851 in
2604 2798 2799 2852 futuro
2835 2798 3078 2854 meliora
3112 2798 3617 2871 possideatis,qua:

1965 2888 2151 2942 oculus
2186 2903 2291 2940 non
2323 2885 2481 2953 vidit,
2513 2902 2610 2941 nec
2638 2887 2794 2941 auris
2826 2887 3059 2955 audivit,
3092 2904 3191 2942 nec
3218 2889 3273 2942 in
3304 2904 3396 2943 cor
3437 2887 3615 2943 homi-

1964 2978 2052 3030 nis
2084 2976 2617 3044 uscenderunt,qua’
2668 2978 2998 3046 preparavit
3056 2976 3194 3031 Deus
3256 2976 3615 3045 diligentibus

1961 3085 2017 3119 se
2048 3065 2109 3117 ³⁵.
2153 3064 2260 3118 Per
2293 3063 2608 3118 Dominum
2631 3067 2896 3119 nostrum
2937 3065 3139 3120 Jesum
3167 3065 3485 3135 Christum,
3513 3082 3616 3137 per

1964 3168 2139 3224 quem
2171 3157 2226 3207 ct
2268 3168 2402 3207 cum
2452 3168 2569 3223 quo
2618 3153 3000 3224 omnipotenti
3054 3158 3167 3209 Deo
3216 3154 3370 3209 Patri
3426 3152 3616 3225 gloria

190 3243 414 3299 Paulus
462 3244 763 3316 apostolus
813 3244 1152 3310 admonens,
1188 3243 1270 3298 ait
1301 3261 1314 3300 :
1356 3244 1475 3299 Non
1503 3242 1693 3298 debere
1716 3243 1845 3313 plus
1877 3229 1918 3295 C
1958 3242 2017 3296 in
2045 3240 2259 3297 saecula
2290 3239 2657 3296 saeculorum.
2684 3244 2882 3296 Amen.
2936 3241 3139 3297 Valere
3167 3260 3266 3298 vos
3310 3246 3465 3315 opto,
3493 3242 3613 3297 fra-

180 3349 398 3405 'apere,
435 3350 603 3404 quam
655 3342 864 3404 Oportet
911 3349 1125 3404 sapere,
1152 3333 1251 3388 sed
1294 3348 1486 3404 sapere
1531 3332 1600 3386 ad
1641 3332 1845 3387 sobrie-
1956 3335 2076 3386 tres
2106 3329 2457 3386 charissimi.
2492 3329 2636 3385 Data
2664 3330 2864 3385 Idibus
2897 3329 3217 3400 Februarii,
3256 3331 3524 3405 Agathio,
3557 3335 3614 3387 et

179 3426 357 3477 talem
392 3423 433 3457 ⁵⁸
485 3422 544 3477 in
578 3421 916 3478 deﬁnitione
975 3421 1209 3492 pietatis
1267 3421 1677 3493 perdurantes.
1738 3420 1846 3484 Qui
1955 3419 2212 3487 Juliano,
2245 3419 2384 3475 viris
2415 3418 2785 3490 clarissimis,
2814 3419 3175 3476 consulibus.

254 3583 765 3652 “Rom.x1v,13.
842 3582 1086 3637 “IPet.
1121 3600 1176 3651 v,
1206 3582 1260 3637 8.
1338 3581 1841 3652 5°Habac.u,15.

1999 3582 2131 3655 Sap.
2168 3599 2206 3651 1,
2247 3581 2393 3637 8-l0.
2471 3581 2516 3616 ⁸³
2550 3581 2716 3637 Prov.
2751 3597 2812 3650 it,
2848 3582 2935 3637 11.
3012 3583 3057 3617 ⁸³
3090 3583 3254 3638 Rom.
3299 3599 3400 3654 xu,
3433 3584 3483 3637 3.
3563 3584 3610 3619 ⁸⁸

189 3656 380 3712 Eccle.
414 3672 469 3725 v,
506 3657 588 3711 15.
668 3655 711 3689 ⁸⁵
744 3657 763 3710 Ι
794 3658 919 3709 Cor.
962 3670 1023 3722 ll,
1053 3655 1107 3708 9.

994 3951 1143 4007 615
1188 3950 1260 4006 ΙΝ
1297 3949 1526 4005 VITAM
1568 3950 1823 4006 ΒΕΑΤίΕ
1863 3947 2325 4006 SYNCLETICAE
2363 3945 2786 4003 ADMONITIO.

263 4086 448 4140 Vitam
481 4084 647 4138 beatae
679 4082 1007 4155 Syncleticae
1051 4085 1507 4154 antiquissimum
1556 4098 1668 4138 esse
1713 4098 1845 4154 opus
1873 4081 2098 4136 suadent
2131 4080 2273 4134 Vitae
2307 4081 2539 4135 Patrum
2576 4080 2673 4134 lib.
2708 4096 2742 4134 v
2769 4091 2820 4135 et
2847 4097 2923 4147 v1,
2959 4082 3107 4148 apud
3139 4084 3502 4155 Rosweidum,
3544 4087 3599 4141 et

176 4177 325 4244 ipse
352 4189 483 4227 sane
511 4173 933 4243 antiquissimae,
967 4173 1117 4227 circa
1161 4177 1377 4226 sextum
1425 4172 1686 4228 sarculum
1740 4173 1931 4226 Latine
1982 4169 2269 4225 translata:
2286 4185 2307 4231 ,ο
2338 4169 2435 4222 ubi
2480 4169 2762 4237 complura
2791 4170 3019 4225 subinde
3048 4181 3341 4227 occurrunt
3368 4190 3439 4229 ea:
3477 4176 3595 4230 Vita

182 4264 364 4318 beatae
393 4261 714 4333 Syncletieae
741 4264 1015 4314 mutuata.
1048 4261 1184 4331 Ejus
1210 4265 1456 4315 auctores
1485 4262 1631 4314 varii
1651 4262 2031 4329 assignantur,
2063 4274 2134 4313 ex
2168 4272 2397 4328 quorum
2424 4273 2656 4312 numero
2686 4258 3042 4325 Athanasius,
3074 4261 3174 4331 qui
3200 4269 3260 4315 ut
3286 4264 3343 4317 vi
3370 4267 3421 4317 et
3450 4278 3595 4333 pra?-

177 4353 390 4407 stantia
419 4352 664 4405 nominis
694 4350 905 4405 caeteris
936 4350 1090 4418 longe
1118 4351 1398 4404 antecellit
1429 4367 1446 4401 :
1479 4349 1605 4403 inde
1631 4365 1763 4403 sane
1794 4347 2061 4415 contingit
2091 4355 2169 4407 ut.
2204 4347 2463 4415 neglectis
2492 4362 2628 4415 pene
2657 4347 2808 4413 aliis,
2838 4349 3037 4417 quibus
3066 4351 3274 4414 potiori
3300 4352 3450 4421 forte
3468 4353 3600 4422 jure

174 4448 281 4496 hoc
302 4441 625 4510 opusculum
643 4438 1031 4505 tribueretur,a
1056 4438 1253 4492 multis
1267 4452 1366 4492 nec
1387 4438 1725 4507 ignobilibus
1746 4436 2108 4507 scriptaribus
2139 4436 2441 4489 Athanasio
2463 4436 2797 4490 ascribatur.
2818 4436 2922 4491 Nec
2942 4439 3421 4505 praetermittenda
3438 4440 3599 4495 Nice-

175 4531 354 4601 phori
385 4529 601 4583 Callisti
629 4526 793 4581 verba
827 4526 926 4581 tib.
967 4542 1089 4591 vui,
1116 4541 1162 4580 c.
1199 4527 1266 4579 40
1300 4542 1312 4578 :
1344 4525 1450 4592 Τὴν
1485 4523 1783 4578 Ἀντωνίου
1814 4544 1859 4600 φη

1969 4522 2135 4599 ποφίαν
2170 4523 2198 4575 ὁ
2219 4521 2286 4575 τὰ
2314 4522 2487 4575 πάντα
2518 4518 2733 4596 ἄριστος
2767 4522 3093 4590 Ἀθανάσιος,
3126 4523 3213 4577 καὶ
3244 4525 3389 4597 αὐτῷ
3423 4523 3602 4605 διαφε-

185 4616 395 4689 ρόντως
458 4613 810 4691 φιλούμενος,
840 4613 975 4687 πρὸς
1036 4611 1232 4674 λεπτὸς
1292 4613 1581 4686 ἱστορήσας
1630 4608 1874 4680 ἐξέδωκε·
1922 4612 2017 4671 τὰς
2079 4610 2212 4682 μετὰ
2260 4608 2532 4680 δαιμόνων
2575 4609 2751 4671 πάλας
2783 4609 2967 4680 αὐτοῦ,
3000 4612 3211 4673 καὶτὰς
3243 4612 3599 4688 ἐξευρημένας

180 4703 411 4775 τέχνας“
444 4700 590 4771 αὗτῷ
637 4700 751 4753 κατ’
783 4698 980 4768 αὐτῶν,
1013 4696 1099 4751 καὶ
1147 4698 1213 4751 τὰ
1261 4696 1430 4752 λοιπὰ
1474 4702 1571 4751 τοῦ
1625 4698 1745 4771 βίου
1786 4697 2057 4771 τεράστια,
2090 4695 2180 4750 καὶ
2230 4696 2383 4749 πάνθ’
2412 4692 2606 4749 ἕκαστα
2638 4692 2955 4769 διαγράψαςο
2989 4696 3063 4758 ὡς
3096 4696 3221 4772 ὅρον
3265 4698 3397 4752 εἶναι
3433 4721 3600 4772 μονα-

188 4789 350 4858 δικῆς
408 4786 686 4849 πολιτείας
738 4788 801 4841 τὸ
858 4785 1211 4861 σύγγραμμα.
1246 4791 1433 4840 Ὀποῖα
1492 4783 1558 4853 δὴ
1606 4788 1634 4839 ὁ
1684 4784 1845 4847 αὐτὸς
1898 4784 2210 4844 ’ΔΘανάσιος
2264 4783 2358 4837 κάν
2408 4787 2487 4854 τῷ
2536 4782 2639 4857 βίῳ
2690 4782 3071 4857 Συγκλητικῆς
3121 4782 3357 4859 ἔπραξεν·
3394 4785 3598 4861 ἀνδρῶν

192 4879 292 4950 μὶν
326 4876 605 4931 πθλιτείαν
639 4876 898 4947 ἐντεῦθεν,
931 4879 1197 4950 γυναικῶν
1231 4871 1278 4928 δ’
1310 4874 1506 4937 ἐκεῖθεν
1544 4874 1838 4945 ὑποτιθεὶς,

1994 4872 2045 4926 ἐν
2097 4871 2375 4943 πλάσματι
2423 4870 2746 4945 διηγήσεως.
2794 4873 2858 4928 Id
2906 4879 3001 4937 est,
3056 4877 3293 4930 Antonii
3342 4877 3602 4948 philoso-

185 4970 388 5041 phiam
424 4968 509 5021 vir
536 4967 708 5038 longe
740 4966 1269 5037 praetentissimus
1300 4964 1679 5034 Athanasius,
1700 4964 1798 5034 qui
1823 4964 1997 5019 etiam
2027 4963 2140 5034 ipsi
2164 4963 2274 5016 fuit
2296 4961 2700 5029 cbarissimus,
2728 4962 2992 5032 pluribus
3016 4966 3371 5036 descriptam
3397 4967 3602 5037 edidit,

184 5057 655 5127 conscripsitque
685 5059 812 5125 ejus
846 5054 1157 5109 adversum
1190 5056 1484 5108 damones
1515 5053 2082 5123 certamina.quasve
2104 5054 2259 5105 artes
2282 5050 2352 5104 ad
2387 5052 2544 5120 ipsos
2575 5050 2955 5105 debellandos
2988 5053 3602 5122 adinvenerit,necnon

186 5145 305 5202 alia
338 5144 466 5198 vitae
499 5142 659 5198 illius
692 5142 956 5214 prodigia
989 5141 1323 5197 minutatim
1357 5146 1628 5197 enarrata
1661 5157 1673 5196 :
1708 5141 1852 5196 adeo
1884 5144 1948 5195 ut
1978 5140 2125 5195 liber
2154 5138 2251 5193 ille
2291 5138 2364 5194 sit
2396 5138 2565 5209 quasi
2596 5137 2722 5192 vitae
2756 5140 3094 5195 monasticae
3131 5157 3358 5197 norma.
3393 5142 3604 5217 Cujus-

188 5236 350 5290 modi
382 5235 524 5289 item
556 5238 696 5288 sunt
725 5248 851 5303 quae
883 5232 1039 5287 idem
1071 5230 1429 5287 Athanasius
1459 5230 1771 5302 descripsit
1798 5230 1857 5285 in
1884 5230 2004 5284 vita
2034 5227 2373 5301 Syncleticze
2411 5244 2422 5281 :
2456 5228 2514 5280 in
2546 5225 2736 5297 priore
2768 5228 3005 5298 quidem
3040 5228 3185 5285 libro
3216 5229 3473 5285 virorum
3520 5230 3604 5285 vi-

184 5323 359 5379 vendi
394 5322 714 5387 rationem;
751 5321 811 5375 in
842 5320 1107 5391 sequenti
1141 5336 1273 5375 vero
1307 5318 1622 5374 mulierum
1655 5334 2005 5390 proponens,
2040 5316 2206 5388 quasi
2240 5316 2351 5371 sub
2386 5316 2571 5370 forma
2617 5315 2995 5371 narrationis.
3032 5318 3302 5373 Praeterea
3331 5318 3390 5372 in
3419 5316 3604 5373 codice

186 5416 453 5469 Vaticano
481 5412 608 5475 8'25,
642 5413 768 5465 teste
801 5410 1083 5464 Holstenio
1116 5410 1173 5463 in
1230 5408 1628 5463 animadversis
1658 5408 1726 5461 ad
1757 5408 2205 5478 Martyrologium
2239 5406 2561 5469 Romanum,
2607 5403 2724 5460 hac
2769 5407 2882 5459 vita
2909 5406 3197 5459 Athanasii
3233 5420 3433 5460 nomen
3456 5420 3606 5476 prte-

172 5505 287 5573 fert
316 5519 334 5554 :
368 5500 688 5569 itemque‘in
725 5497 1035 5553 biblothecz
1065 5497 1432 5552 Scorialensis
1461 5496 1784 5567 exemplari,
1819 5495 1963 5565 quod
2004 5502 2279 5549 memorat
2308 5494 2629 5548 Alexander
2658 5494 2979 5548 Barvoetius
3027 5494 3087 5547 in
3133 5494 3416 5564 cathalogo
3456 5494 3609 5549 illius

180 5591 566 5657 Bibliothecae,
595 5588 666 5643 ad
695 5588 851 5656 cuius
874 5588 1033 5658 ﬁdem
1074 5588 1249 5644 David
1281 5588 1545 5644 Colvillus
1590 5587 1845 5641 Latinam
1869 5586 2379 5657 interpretationem
2426 5600 2585 5638 suam
2634 5581 2953 5651 adornavit,
2998 5583 3201 5639 editam
3257 5602 3291 5639 a
3338 5584 3611 5642 Bollando

175 5664 247 5739 ad
275 5682 311 5735 5
338 5680 619 5739 Januarii.
653 5679 772 5734 Haec
799 5678 1286 5761 quantulacunque
1312 5679 1425 5733 sint
1455 5677 1786 5744 testimonia,
1818 5676 2010 5747 exigui
2037 5678 2133 5730 aut
2162 5672 2380 5731 nullius
2416 5672 2676 5729 momenti
2702 5671 3035 5730 videbuntur
3062 5674 3135 5731 iis
3166 5678 3263 5747 qui
3288 5674 3371 5731 vel
3400 5675 3607 5748 primo-
