4002 6206
222 372 253 431 1
270 370 381 431 489
1367 365 1549 425 VlTA

221 500 328 556 λιν.
360 493 697 555 Ἐπιϐαντων
751 495 809 552 δὲ
838 498 1013 553 αὐτῶν
1058 502 1124 571 τῇ
1158 498 1338 573 χώρᾳ,
1369 496 1457 551 καὶ
1497 517 1561 568 με

220 610 311 651 τες
341 596 441 658 τῆς
471 590 665 664 φήμης
697 587 763 643 τά
810 587 1130 661 πράγματα,
1180 585 1528 664 φιλοφρόνως
1576 582 1749 656 ᾤκουν
1795 582 1884 637 αὐ-

219 681 346 749 τήν.
380 677 460 732 Ilii
492 677 696 747 πλήθει
737 674 794 731 δὲ
820 674 1014 748 δήμων
1050 677 1386 750 συνέχαιρον,
1422 675 1543 728 οὕτε
1586 676 1691 745 μὴν
1725 672 1877 741 οἲκης

228 768 413 839 μάτων
474 765 775 838 ἐθαύμαζον
854 767 1126 840 μέγεθος·
1188 764 1365 819 πίστιν
1428 762 1484 818 δὲ
1545 762 1883 837 μονότροπον

222 854 467 929 εὑρόντες
520 855 614 909 σὺν
669 853 951 928 εἰλικρινεῖ
997 854 1198 929 ἀγάπῃ,
1251 851 1495 928 δευτέραν
1547 851 1723 907 ἔθεντο
1780 850 1878 918 τὴν

222 944 427 999 οἰκείαν
459 951 560 1014 τῆς
597 944 870 1015 μετοικίας
1285 948 1291 954 ’

290 1036 346 1089 5.
379 1038 473 1088 Ἠν
534 1029 593 1087 δὲ
650 1032 740 1087 καὶ
790 1037 869 1104 τῷ
924 1034 1069 1106 γένει
1125 1026 1485 1104 περίϐλεπτος
1542 1032 1576 1098 ἡ
1644 1027 1880 1102 μακαρία

220 1120 600 1197 Συγκλητική,
634 1121 722 1175 καὶ
751 1124 870 1181 τοῖς
902 1118 1095 1181 ἄλλοις
1129 1117 1184 1174 δέ
1232 1125 1345 1181 τοῖς
1388 1120 1523 1173 κατά
1550 1118 1637 1172 τὸν
1672 1116 1875 1188 κόσμον

226 1215 482 1281 τερπνοῖς
530 1207 923 1282 νομιζομένοις
977 1207 1331 1280 ἐκεκόσμητο.
1394 1214 1576 1282 Παρῆν
1639 1203 1696 1259 δὲ
1743 1204 1891 1277 αὐτῇ.

216 1299 311 1353 καὶ
366 1296 575 1375 ἀδελφή
629 1298 889 1375 ὁμόφρων
940 1298 1073 1369 ἅμα,
1120 1297 1209 1351 καὶ
1256 1294 1479 1373 ἀδελφοὶ
1512 1293 1632 1362 δύο,
1685 1314 1878 1367 σεμνο-

214 1386 369 1460 τάτῳ
398 1386 487 1441 καὶ
529 1386 682 1441 αὐτοὶ
733 1384 1049 1461 ἀναχθέντες
1105 1384 1228 1459 βίῳ·
1274 1386 1348 1439 ὧν
1382 1386 1409 1439 6
1445 1384 1539 1457 μὲν
1588 1384 1683 1454 εἷς,
1730 1382 1780 1438 έν
1810 1384 1879 1453 τῇ

216 1474 448 1549 παιδικῇ
511 1474 705 1547 ἡλικίᾳ
751 1474 1057 1550 τυγχάνων,
1118 1474 1422 1549 ἀπεγένετο·
1482 1476 1510 1529 6
1570 1471 1625 1528 δὲ
1674 1470 1875 1547 ἕτερος,

220 1560 416 1627 ἐπιϐὰς
460 1566 695 1638 πέμπτῳ
747 1565 835 1620 καὶ
887 1565 1114 1637 εἰκοστῷ
1164 1562 1291 1633 ἔτει,
1342 1565 1486 1638 παρά
1522 1568 1629 1618 τῶν
1677 1561 1875 1639 γονέων

215 1655 294 1717 ιίς
327 1654 507 1729 γάμον
554 1652 937 1731 παρεκαλεῖτο·
988 1654 1077 1709 καὶ
1127 1652 1525 1728 πάντων’πρὸς
1572 1653 1633 1707 τὸ
1687 1650 1877 1721 ζητού-

216 1765 385 1816 μενον
446 1743 923 1813 εὐτρεπισθέντων.
974 1742 1062 1797 καὶ
1109 1746 1214 1797 τῶν
1275 1742 1325 1812 ἐξ
1376 1741 1554 1802 ἔθνους
1611 1735 1876 1813 συμϐολι-

1750 362 1924 423 ΟΤΛΞ
1970 362 2503 423 SYNCLETlC/E.

1664 488 1878 573 λύρόν-
1908 493 1964 559 Α
1992 500 2428 552 concesserunt.
2464 496 2587 560 Quo
2618 510 2752 550 cum
2783 492 3204 566 pervenissent,
3238 507 3303 546 ac
3350 506 3442 546 res
3482 490 3643 562 ipsas

3491 361 3649 426 1490

1993 584 2151 639 fama
2182 586 2436 654 majores
2464 582 3316 657 comperissent,libentissime
3346 580 3519 635 isthic
3550 597 3640 636 se-

1993 673 2096 728 des
2128 677 2480 739 statuerunt,
2512 674 2636 729 Non
2666 672 2753 727 illi
2785 673 2853 728 de
2883 670 3081 743 populi
3130 669 3459 741 frequentia
3496 686 3638 742 gau-

1992 761 2226 830 debant,
2264 780 2369 818 nec
2399 764 2612 818 aedium
2644 761 3092 834 amplitudinem
3116 759 3502 826 mirabantur,
3537 760 3640 815 sed

1993 852 2258 906 unanimi
2291 854 2404 908 ﬁde
2435 853 2782 923 sinceraque
2812 850 3094 906 charitate
3138 852 3386 921 reperta,
3419 848 3637 906 incola-

1989 941 2076 995 tui
2104 942 2354 1012 patriam
2388 943 2795 1013 posthabuere.

2057 1031 2113 1083 5.
2149 1034 2284 1085 Erat
2332 1047 2502 1102 porro
2552 1032 2723 1087 beata
2751 1028 3075 1102 Syncletica
3122 1044 3256 1083 cum
3309 1044 3519 1099 genere
3567 1028 3635 1082 il-

1989 1119 2215 1185 lustris,
2248 1124 2374 1175 tum
2407 1120 2537 1175 aliis
2568 1138 2695 1191 qua:
2726 1121 2878 1175 inter
2904 1118 3033 1173 vita:
3056 1118 3364 1173 commoda
3393 1134 3633 1190 compu-

1989 1215 2189 1266 tantur
2222 1212 2528 1267 instructa.
2584 1214 2719 1267 Erat
2762 1210 2848 1265 illi
2897 1226 3063 1265 soror
3111 1225 3230 1263 una
3272 1225 3514 1265 concors
3563 1226 3629 1265 ac

1990 1302 2253 1371 ejusdem
2288 1301 2493 1368 animi,
2544 1305 2601 1355 et
2652 1301 2863 1357 fratres
2912 1300 3052 1365 duo,
3090 1297 3205 1370 ipsi
3256 1313 3489 1369 quoque
3518 1298 3637 1354 vita

1986 1389 2404 1445 honestissima
2454 1390 2706 1454 educati,
2739 1404 2990 1459 quorum
3021 1386 3167 1442 alter
3195 1390 3424 1442 aetatem
3456 1402 3636 1459 agens

1987 1478 2271 1550 puerilem
2319 1478 2473 1533 diem
2518 1477 2703 1544 obiit;
2751 1476 2901 1532 alter
2942 1492 3078 1533 vero
3126 1474 3226 1531 ubi
3286 1474 3632 1530 vicesimum

1986 1567 2256 1639 quintum
2288 1566 2481 1639 attigit
2511 1582 2755 1637 annum,
2788 1583 2821 1620 a
2873 1563 3217 1636 parentibus
3273 1565 3344 1619 ad
3394 1564 3632 1635 nuptias

1986 1657 2316 1713 destinatus
2346 1660 2454 1713 est.
2488 1656 2754 1727 Cumque
2784 1658 2979 1711 essent
3007 1653 3295 1709 omniaad
3320 1652 3379 1708 id
3412 1654 3629 1725 negotii

1985 1751 2207 1818 parata,
2237 1745 2651 1818 pactionesque
2681 1745 2751 1800 de
2784 1760 2945 1800 more
2975 1747 3173 1799 essent
3220 1742 3407 1813 factze,
3440 1741 3627 1798 evola-

209 1838 325 1888 κῶν
377 1830 808 1905 ἐκτελουμένων,
860 1830 1072 1901 ἀπέπτη
1130 1832 1157 1885 ὁ
1208 1832 1326 1893 νέος
1376 1830 1556 1905 ὥσπερ
1597 1828 1780 1905 ὄρνεον
1816 1830 1865 1884 ἐκ

1985 1836 2065 1891 vit
2093 1835 2433 1891 adolescens
2449 1839 2732 1905 tanquam
2767 1834 2890 1889 avis
2913 1847 2981 1887 ex
3009 1832 3321 1903 laqueis,et
3350 1848 3628 1903 sponsam

219 1922 464 1999 βρόχων,
517 1920 862 1996 ἀνταλλαγήν
909 1921 1277 1993 ποιησάμενος
1322 1927 1421 1989 τῆς
1466 1919 1706 1993 ἐπιγείου
1737 1918 1869 1992 νύμ-

204 2033 282 2089 φη
297 2032 345 2079 ς,
378 2012 479 2079 τὴν
508 2011 741 2084 ἄμωμον
776 2008 864 2064 καί
896 2008 1179 2083 ἐλευθέραν
1210 2014 1317 2063 τῶν
1353 2009 1516 2085 ἁγίων
1551 2006 1795 2065 σύνοδον.

276 2103 334 2158 6.
368 2098 516 2169 Αὕτη
572 2097 629 2152 δὲ
679 2098 755 2153 ἔτι
790 2098 840 2153 ἐν
892 2104 1011 2159 ταῖς
1061 2100 1339 2173 πατρῴαις
1370 2096 1630 2174 ἀγκάλαις
1662 2097 1868 2173 τυγχά-

202 2210 401 2258 νουσα,
446 2186 696 2266 ιριλοθείᾳ
731 2189 824 2260 μὶν
874 2189 937 2242 τὸ
984 2192 1197 2263 πρῶτον
1244 2189 1343 2256 τὴν
1390 2188 1574 2263 ψυχὴν
1624 2188 1865 2256 ἠσκεῖτο·

204 2278 299 2333 καὶ
337 2278 443 2353 οὐχ
488 2277 631 2331 οὕτω
662 2277 755 2338 τὰς
804 2282 899 2331 τοῦ
944 2278 1198 2349 σώματος
1247 2276 1558 2349 ἐπιμελείας
1605 2277 1865 2346 ἐποιεῖτο,

214 2368 292 2428 ὡς
323 2368 416 2428 τὰς
445 2372 546 2436 τῆς
579 2365 788 2444 φύσεως
821 2367 993 2441 ὁρμὰς
1028 2365 1297 2443 ἐπετήρει.

284 2460 340 2513 7.
374 2458 470 2510 Ἦν
502 2456 606 2531 γάρ
657 2456 746 2509 καὶ
778 2456 912 2509 κατὰ
956 2456 1018 2509 τὸ
1068 2460 1225 2528 σῶμα
1273 2454 1760 2531 περικαλλεστάτη,
1794 2456 1868 2517 ὡς

215 2545 311 2598 καὶ
368 2542 615 2605 πολλοὺς
672 2543 808 2617 αὐτῇ
878 2551 1186 2619 μνηστῆρας
1246 2545 1519 2619 προσιέναι
1576 2544 1710 2598 κατά
1765 2546 1864 2613 τὴν

214 2634 442 2707 πρώτην
486 2632 724 2701 ἠλικίαν·
771 2636 933 2687 τοῦτο
980 2634 1073 2703 μέν
1128 2634 1231 2688 ὑπὸ
1277 2640 1377 2702 τῆς
1424 2634 1732 2709 περιουσίας
1780 2630 1865 2688 δε-

216 2721 602 2793 λεαζομένους,
650 2726 810 2776 τοῦτο
860 2719 916 2775 δὲ
966 2732 1052 2775 καί
1105 2723 1208 2776 ὑπὸ
1244 2730 1344 2791 τῆς
1391 2728 1498 2777 τῶν
1532 2724 1735 2795 γονέων
1771 2742 1865 2777 κο-

212 2810 536 2878 σμιότητος,
570 2811 658 2864 καὶ
688 2811 825 2885 πρὸς
858 2809 943 2864 ἐπὶ
986 2810 1200 2872 τούτοις
1248 2812 1333 2865 ὑπ’
1361 2812 1529 2879 αὐτῆς
1567 2818 1667 2880 τῆς
1698 2811 1865 2886 κόρης

207 2903 311 2953 τοῦ
343 2897 587 2961 κάλλους
618 2897 1031 2971 έξαπτομένους.
1068 2900 1164 2953 Καὶ
1212 2904 1341 2973 γοῦν
1391 2900 1441 2954 οἱ
1486 2906 1663 2974 γονεῖς
1696 2900 1865 2972 ἀσμέ-

205 3009 321 3049 νως
369 2988 769 3063 προετρέποντο
815 2989 916 3057 τήν
962 2989 1081 3042 νέαν
1141 2988 1214 3050 είς
1274 2990 1471 3064 γάμον,
1521 2988 1650 3043 αὐτὸ
1702 2994 1861 3044 τοῦτο

208 3076 539 3152 έπείγοντες,
569 3077 643 3138 ὡς
678 3076 728 3147 ἐξ
754 3076 921 3146 αὐτῆς
951 3079 1050 3147 τήν
1088 3082 1185 3133 τοῦ
1230 3079 1414 3153 γένους
1468 3076 1733 3154 διαδοχὴν
1768 3078 1861 3133 αὖ·

200 3170 325 3227 τοῖς
356 3165 720 3243 φυλαχθῆναι.
755 3168 818 3223 Ἣ
850 3163 908 3221 δὲ
955 3168 1185 3244 σώφρων
1228 3168 1317 3221 καὶ
1366 3168 1583 3242 γενναία
1627 3167 1707 3240 τῷ
1736 3188 1862 3246 φρο-

201 3257 436 3326 νήματι,
486 3252 734 3317 ούδόλως
784 3255 1081 3319 συνετίθετο
1128 3262 1245 3318 ταῖς
1295 3257 1568 3319 τοιαύταις
1618 3262 1723 3311 τῶν
1764 3278 1860 3331 γο-

199 3345 345 3398 νέων
404 3338 785 3416 συμϐουλίαις·
831 3342 977 3398 ἀλλά
1031 3346 1204 3420 γάμον
1264 3345 1533 3400 ἀκούουσα
1572 3347 1858 3418 κοσμικὸν,

201 3432 386 3508 γάμον
443 3434 585 3487 θεῖον
643 3432 957 3505 ἐφαντάζετο
992 3452 1003 3465 ·
1064 3433 1153 3487 καὶ
1222 3433 1469 3497 πολλοὺς
1549 3442 1861 3510 μνηστῆρας

204 3525 529 3596 παρορῶσα,
592 3520 667 3582 εἷς
722 3520 885 3594 μόνον
934 3522 1025 3576 τὸν
1080 3521 1328 3597 οὐράνιον
1376 3524 1602 3599 νυμφίον
1655 3524 1771 3600 εἶχε
1798 3525 1861 3579 τὸ

204 3612 405 3679 νεῦμα.

285 3700 337 3751 8.
373 3696 470 3750 Καὶ
501 3697 565 3765 ἦν
603 3693 733 3751 ἰδεῖν
761 3702 863 3766 τῆς
916 3696 1178 3773 μακαρίας
1228 3696 1438 3770 Θέκλης
1489 3700 1714 3774 γνησίαν
1760 3722 1861 3773 μα-

206 3787 462 3861 θήτριαν,
492 3791 608 3847 τοῖς
653 3784 838 3847 αὐτοῖς
888 3786 1054 3855 αὐτὴν
1106 3787 1378 3859 ἑπομένην
1422 3786 1731 3865 διδάγμασι.
1766 3790 1862 3844 Καὶ

203 3876 316 3948 γὰρ
346 3878 455 3929 τῶν
486 3872 581 3929 ’δύο
612 3874 685 3936 είς
720 3876 967 3949 μνηστὴρ
1018 3876 1085 3944 ἦν
1137 3878 1164 3929 6
1195 3878 1442 3950 Χριστὸς,
1476 3879 1565 3932 καὶ
1610 3878 1766 3941 αὐτὸς
1798 3882 1862 3947 ἦν

200 3968 318 4017 τῶν
369 3962 689 4039 ἀμφοτέρων
741 3966 1106 4041 νυμφαγωγὸς
1164 3966 1399 4028 Παῦλος·
1461 3968 1613 4040 οἶμαι
1675 3966 1730 4022 δὲ
1776 3970 1865 4023 καὶ

200 4054 300 4107 τὸν
336 4051 579 4124 θάλαμον
640 4052 825 4115 αὐταῖς
878 4054 953 4125 μὴ
1013 4052 1381 4109 ἐναλλάττειν·
1435 4056 1507 4117 είς
1535 4059 1633 4132 γάρ
1680 4057 1866 4132 αὐταῖς

200 4142 409 4203 παστὸς
441 4143 475 4209 ἠ
509 4140 827 4211 Ἐκκλησία,
880 4142 969 4196 καὶ
1014 4143 1041 4195 ὁ
1092 4142 1250 4204 αὐτὸς
1297 4140 1462 4199 Δαῦὶδ
1518 4131 1756 4217 μελῳδεῖ
1787 4131 1869 4200 ἐπ’

200 4230 532 4306 ἀμφοτέρων
589 4230 650 4283 τά
698 4231 873 4303 σεμνά
919 4232 1008 4284 καὶ
1063 4237 1181 4294 θεῖα
1228 4226 1459 4305 ᾅσματα.
1514 4234 1609 4287 Καὶ
1664 4237 1765 4309 γὰρ
1815 4235 1865 4288 ἐν

203 4314 519 4390 κυμϐάλοις
571 4319 796 4393 εὐήχοις
842 4320 1026 4395 τέρπει
1074 4320 1170 4381 τὰς
1223 4326 1337 4393 Θεῷ
1385 4322 1721 4385 ἀνατεθείσας
1768 4328 1866 4397 ψυ-

208 4408 341 4483 χάς,
374 4407 460 4461 καὶ
495 4406 546 4461 έν
578 4409 881 4480 τυμπάνοις
912 4408 999 4462 καὶ
1047 4407 1096 4462 ἐν
1145 4406 1507 4485 δεκαχόρδοις
1540 4411 1868 4486 ψαλτηρίοις

204 4496 310 4563 τήν
362 4493 709 4565 τελειοτάτην
770 4493 917 4566 ᾠδὴν
981 4498 1304 4569 ἀναπέμπει.
1366 4502 1591 4573 Μαριάμ
1647 4499 1703 4556 δὲ
1749 4507 1867 4563 τοῖς

1980 1926 2314 1979 terrestrem
2365 1932 2498 1979 cum
2550 1922 2846 1994 inculpato
2916 1921 3215 1991 liberoque
3284 1925 3623 1977 sanctorum

1982 2018 2131 2068 cmtu
2163 2013 2565 2069 commutavit.

2050 2104 2101 2157 6.
2138 2108 2272 2174 Ipsa
2298 2119 2468 2173 porro
2509 2102 2649 2156 dum
2684 2100 2942 2172 paternis
2991 2098 3184 2154 adhuc
3236 2099 3391 2155 ulnis
3440 2100 3625 2155 heare-

1979 2196 2089 2261 ret,
2117 2192 2235 2259 jam
2268 2191 2525 2262 primum
2558 2191 2823 2245 animum
2856 2190 3156 2245 exercebat
3187 2188 3242 2243 in
3278 2204 3473 2243 amore
3504 2190 3624 2255 Dei,

1980 2297 2083 2336 nec
2112 2284 2336 2335 tantam
2368 2278 2627 2350 corporis
2657 2294 2882 2345 curam,
2929 2282 3208 2348 quantam
3240 2276 3422 2331 animi
3455 2279 3623 2334 moti-

1979 2370 2090 2425 bus
2111 2368 2495 2425 observandis
2526 2367 2987 2422 sollicitudinem
3021 2366 3291 2437 ponebat.

2046 2461 2099 2513 7.
2132 2459 2266 2513 Erat
2297 2472 2552 2527 namque
2597 2457 2782 2511 forma
2828 2456 3089 2527 corporis
3141 2455 3620 2528 elegantissima;

1977 2549 2121 2603 adeo
2154 2552 2218 2602 ut
2248 2548 2357 2602 sub
2381 2546 2633 2617 primam
2666 2544 3119 2600 adolescentiam
3169 2545 3341 2599 multi
3389 2546 3460 2601 ad
3492 2563 3621 2603 eam

1977 2638 2316 2693 accederent
2345 2636 2522 2707 proci,
2557 2635 2770 2706 partim
2802 2634 3031 2705 opibus,
3068 2634 3279 2706 partim
3313 2640 3623 2704 parentum

1977 2727 2260 2799 dignitate
2292 2724 2640 2797 permoti,ad
2671 2724 2792 2778 haec
2819 2722 3024 2795 puellae
3058 2722 3493 2793 pulchritudine
3524 2742 3619 2780 ac-

1975 2815 2153 2870 censi.
2190 2813 2307 2885 [psi
2330 2830 2561 2885 quoque
2591 2816 2860 2885 parentes
2892 2812 3513 2883 placidejuvenculam
3546 2816 3617 2870 ad

1976 2904 2210 2975 nuptias
2254 2903 2644 2959 hortabantur
2673 2922 2691 2957 :
2723 2918 2791 2958 ea
2839 2906 3031 2957 mente
3078 2901 3389 2971 instantes,
3436 2909 3501 2959 ut
3552 2920 3621 2961 ex

1971 2991 2073 3048 illa
2102 2992 2214 3048 sibi
2244 2992 2474 3063 generis
2520 2990 2814 3046 successio
2865 2994 3216 3061 superesset.
3269 2994 3340 3046 At
3387 2992 3487 3047 illa
3518 3011 3621 3065 pu-

1973 3083 2103 3138 dica
2132 3085 2190 3137 et
2220 3080 2417 3136 animo
2447 3096 2750 3153 generosa,
2800 3079 3135 3135 nullatenus
3179 3080 3471 3151 ejusmodi
3515 3100 3616 3155 pa-

1972 3174 2208 3228 rentum
2254 3169 2517 3226 consiliis
2563 3169 3045 3241 obtemperabat;
3098 3169 3363 3242 quinimo
3399 3173 3616 3229 auditis

1974 3258 2288 3315 mundanis
2320 3258 2563 3330 nuptiis,
2588 3258 2817 3314 divinas
2848 3259 3177 3331 cogitabat:
3210 3276 3275 3315 ac
3307 3261 3523 3318 multos
3546 3263 3614 3318 il-

1969 3349 2057 3405 los
2089 3348 2419 3420 despiciens
2450 3364 2675 3420 procos,
2705 3348 2765 3403 in
2798 3364 2985 3404 unum
3015 3346 3306 3406 ccelestem
3328 3367 3610 3423 sponsum

1970 3442 2117 3495 nutu
2144 3443 2200 3495 et
2230 3438 2426 3494 animo
2455 3437 2873 3510 propendebat.

2043 3708 2096 3761 8.
2130 3706 2341 3762 Videre
2372 3708 2495 3762 erat
2526 3706 2704 3761 beatae
2734 3705 2960 3762 Theclae
2990 3722 3330 3777 germanam
3364 3708 3626 3781 discipu-

1974 3795 2115 3864 lam,
2147 3796 2349 3850 eadem
2383 3810 2559 3865 quam
2592 3794 2695 3849 illa
2723 3794 3077 3850 documenta
3106 3799 3627 3866 sequentem.Am-

1975 3884 2185 3938 barum
2220 3898 2476 3954 namque
2511 3899 2666 3937 unus
2697 3883 3001 3953 pronubus
3024 3888 3148 3938 erat
3178 3884 3627 3957 Christus,idem

1976 3973 2284 4027 ambarum
2318 3970 2755 4042 paranymphus
2778 3970 2953 4027 Palus
2986 3988 2997 4026 :
3034 3972 3177 4043 quin
3209 3989 3411 4029 earum
3438 3974 3625 4031 thala-

1980 4076 2143 4115 mum
2176 4058 2321 4114 nihil
2352 4060 2648 4115 diversum
2681 4060 2932 4115 arbitror
2964 4078 2976 4116 :
3011 4060 3084 4116 iis
3116 4062 3273 4117 enim
3295 4065 3627 4120 communis

1977 4153 2142 4205 torus
2172 4147 2453 4206 Ecclesia.
2486 4150 2733 4219 Ipseque
2763 4148 2942 4204 David
2994 4150 3065 4205 de
3116 4155 3385 4222 utraque,
3429 4153 3629 4223 gravia

1978 4238 2290 4309 divinaque
2317 4235 2547 4292 cantica
2578 4236 2933 4293 modulatur.
2962 4239 3022 4292 In
3054 4237 3339 4309 cymbalis
3371 4257 3627 4313 namque

1980 4327 2123 4383 bene
2151 4327 2500 4382 sonantibus
2532 4325 2786 4382 oblectat
2811 4326 3039 4381 animas
3088 4332 3198 4383 Deo
3230 4335 3622 4398 consecratas,

1978 4416 2111 4472 etin
2144 4416 2439 4487 tympanis
2470 4432 2536 4472 ac
2568 4416 2947 4471 decachordis
2996 4417 3288 4487 psalteriis
3328 4419 3623 4489 perfectis-

1980 4506 2198 4561 simum
2246 4505 2459 4561 occinit
2512 4522 2764 4561 carmen.
2812 4506 2997 4561 Maria
3047 4522 3179 4562 vero
3226 4508 3409 4563 sacris
3462 4508 3622 4565 hisce

208 4586 382 4659 ἰεροῖς
431 4585 644 4645 τούτοις
699 4586 895 4659 γάμοις
951 4586 1046 4646 τὰς
1104 4588 1423 4661 χορευτρίας
1482 4589 1712 4663 εἰσάγει,
1773 4590 1862 4646 λέ-

1985 4594 2194 4666 nuptiis
2226 4594 2467 4649 choreas
2514 4594 2739 4649 inducit
2787 4594 3107 4650 dicentium
3143 4596 3467 4652 :Cantemus
3510 4603 3618 4655 Do-

209 4694 432 4747 γουσα.
493 4679 745 4745 ’¹ᾼσωμεν
824 4678 903 4744 τῷ
962 4674 1187 4749 Κυρίῳ·
1250 4674 1476 4747 ἐνδόξως
1545 4680 1648 4753 γὰρ
1707 4676 1860 4734 δεδό-

209 4766 419 4835 ξασται.
455 4762 552 4815 Καὶ
604 4763 670 4816 τά
719 4756 826 4835 ὄψα
874 4760 932 4816 δὲ
984 4761 1080 4817 τοῦ
1131 4764 1275 4827 θείου
1320 4763 1536 4821 δείπνου
1567 4770 1721 4822 κοινά
1748 4775 1864 4832 τοῖς

210 4851 565 4923 ἑστιωμένοις
600 4869 613 4881 ·
677 4851 939 4914 Γεύσασοε
1010 4853 1132 4926 γάρ,
1192 4852 1280 4907 καὶ
1333 4851 1477 4909 ⁸ίδετε
1510 4900 1523 4924 ,
1579 4857 1661 4911 ὅτι
1720 4878 1861 4933 χρη-

206 4940 336 5001 στὸς
371 4941 399 4994 6
452 4938 665 5015 Κύριος.
720 4939 816 4994 Καὶ
863 4942 897 5009 ἡ
947 4945 1052 4995 τῶν
1104 4947 1381 5019 νυμφικῶν
1434 4942 1491 4998 δὲ
1538 4946 1720 5008 αὐταῖς
1768 4969 1861 5003 πε-

207 5024 571 5101 ριϐλημάτων
635 5028 732 5101 μία
789 5050 870 5091 τις
932 5030 1068 5107 ὑφή.
1129 5033 1279 5084 Ὅσοι
1340 5034 1441 5107 γὰρ
1503 5034 1576 5096 εἰς
1634 5038 1861 5111 Χριστὸν

206 5114 606 5187 ἐϐαπτίσθησαν
664 5163 678 5187 ,
756 5118 987 5193 Χριστὸν
1081 5116 1394 5175 ένεδύσαντο
1437 5165 1449 5177 .
1527 5124 1861 5199 Ὀμότροπος

207 5207 303 5262 οὖν
338 5205 525 5268 αὐταῖς
556 5209 618 5274 ἦν
654 5209 688 5275 ἡ
722 5207 859 5280 πρὸς
905 5205 1097 5281 Κύριον
1149 5207 1351 5283 ἀγάπη·
1402 5215 1509 5264 τῶν
1554 5213 1654 5287 γὰρ
1688 5214 1861 5270 αὐτῶν

207 5299 462 5369 ἠξιοῦντο
496 5292 735 5371 δωρεῶν·
770 5293 914 5350 ἀλλά
944 5295 1032 5349 καὶ
1081 5302 1194 5357 τοῖς
1224 5297 1405 5359 αὐτοῖς
1456 5298 1655 5373 ἀγῶσιν
1690 5302 1862 5373 ἡμιλ-

210 5386 411 5442 λῶντο.
446 5384 519 5438 Τὰ
551 5385 645 5456 μὲν
678 5385 779 5459 γάρ
797 5391 897 5453 τῆς
924 5384 1189 5460 μακαρίας
1218 5384 1426 5457 Θέκλης
1460 5386 1634 5442 οὐδενὶ
1668 5391 1866 5467 ἠγνόη-

211 5495 302 5530 ται
347 5471 634 5549 μαρτύρια,
695 5472 771 5529 ὡς
824 5471 912 5527 διὰ
959 5473 1128 5548 πυρὸς
1177 5474 1264 5528 καὶ
1311 5476 1514 5547 θηρίων
1565 5478 1860 5543 ἀτιθάσσων

297 5698 341 5734 ⁸⁵
367 5697 548 5756 Exod.
582 5713 673 5756 xv.
706 5700 758 5756 1.
834 5698 877 5736 ⁸⁷
908 5698 1062 5757 Psal.
1095 5715 1294 5770 min,
1323 5700 1376 5756 9.
1416 5700 1458 5735 ⁸⁸
1489 5700 1675 5774 Galat,
1711 5722 1795 5778 ιιι,
1826 5706 1917 5762 27.

1971 4700 2161 4745 mmo;
2204 4682 2460 4754 gloriosae
2510 4685 2659 4739 enim
2707 4685 3095 4754 magniﬁcatus
3143 4689 3223 4739 est
3272 4687 3336 4742 ⁵⁸.
3386 4686 3625 4743 Fercula

1974 4789 2209 4845 quoque
2258 4772 2465 4827 divinae
2517 4789 2715 4843 coenae,
2780 4773 3117 4829 communia
3176 4773 3551 4846 epulantibus
3608 4794 3621 4832 :

1972 4866 2203 4919 Gustata
2230 4861 2407 4931 enim,
2459 4862 2668 4931 inquit,
2702 4870 2751 4917 et
2784 4862 2959 4918 videte
3009 4865 3273 4933 quoniam
3316 4866 3504 4921 suavi:
3548 4874 3626 4923 est

1974 4952 2235 5007 Dominus
2286 4950 2349 5005 ⁵⁷.
2401 4950 2683 5007 Praeterea
2731 4950 3097 5023 sponsalium
3143 4953 3622 5012 indumentorum

1976 5057 2091 5095 una
2121 5039 2355 5111 utrique
2386 5043 2615 5095 textura
2645 5044 2767 5095 erat
2793 5058 2805 5096 :
2833 5042 3171 5114 Quicumque
3193 5043 3347 5099 enim
3373 5047 3431 5099 in
3464 5044 3618 5100 Chri‘

1973 5140 2059 5185 sto
2095 5130 2373 5201 baptz‘zatz‘
2400 5137 2547 5195 sunt,
2584 5131 2869 5186 Christum
2900 5132 3205 5187 induerunt
3244 5134 3309 5189 ⁵⁸.
3348 5134 3455 5189 Par
3484 5134 3624 5191 item

1971 5219 2088 5273 illis
2119 5234 2256 5289 erga
2284 5218 2592 5273 Dominum
2626 5219 3131 5289 charitas,eisdem
3169 5222 3387 5293 quippe
3419 5239 3621 5279 mune-

1975 5309 2137 5362 ribus
2169 5313 2385 5362 ornatae
2416 5312 2578 5360 erant
2612 5325 2624 5362 :
2663 5310 2777 5363 imo
2803 5311 2981 5365 etiam
3031 5310 3239 5365 iisdem
3289 5312 3625 5366 certamini-

1978 5398 2083 5451 bus
2116 5397 2565 5451 contendebant.
2593 5397 2661 5450 Et
2690 5398 2928 5467 quidem
2955 5400 3133 5454 beatae
3152 5398 3373 5454 Thecla:
3405 5401 3626 5456 nemini

1974 5486 2242 5558 ignotum
2276 5486 2620 5556 martyrium
2654 5490 2711 5542 et
2737 5488 3053 5560 cruciatus,
3086 5490 3240 5559 quod
3275 5505 3378 5562 per
3430 5488 3622 5559 ignem
