  <div class='ocr_page' id='page_1' title='image "/cluster/home/n/w/nwhite01/storage/ocr_20150623/28/hvd.32044052794351/752.png"; bbox 0 0 4002 6206; ppageno 0'>
   <div class='ocr_carea' id='block_1_1' title="bbox 228 393 381 453">
    <p class='ocr_par' dir='ltr' id='par_1_1' title="bbox 228 393 381 453">
     <span class='ocr_line' id='line_1_1' title="bbox 228 393 381 453; baseline 0 -1"><span class='ocrx_word' id='word_1_1' title='bbox 228 393 257 452; x_wconf 82' lang='grc'><strong>1</strong></span> <span class='ocrx_word' id='word_1_2' title='bbox 272 393 381 453; x_wconf 67' lang='grc'>493</span> 
     </span>
    </p>
   </div>
   <div class='ocr_carea' id='block_1_2' title="bbox 1355 387 2492 452">
    <p class='ocr_par' dir='ltr' id='par_1_2' title="bbox 1355 387 2492 452">
     <span class='ocr_line' id='line_1_2' title="bbox 1355 387 2492 452; baseline -0.005 0"><span class='ocrx_word' id='word_1_3' title='bbox 1355 390 1542 452; x_wconf 74' lang='lat' dir='ltr'>Vl&#39;l‘A</span> <span class='ocrx_word' id='word_1_4' title='bbox 1589 387 1917 449; x_wconf 63' lang='lat' dir='ltr'>SANC&#39;I‘IE</span> <span class='ocrx_word' id='word_1_5' title='bbox 1962 387 2492 448; x_wconf 70' lang='lat' dir='ltr'>SYNCLETICIE.</span> 
     </span>
    </p>
   </div>
   <div class='ocr_carea' id='block_1_3' title="bbox 3474 386 3631 445">
    <p class='ocr_par' dir='ltr' id='par_1_3' title="bbox 3474 386 3631 445">
     <span class='ocr_line' id='line_1_3' title="bbox 3474 386 3631 445; baseline 0.006 -1"><span class='ocrx_word' id='word_1_6' title='bbox 3474 386 3631 445; x_wconf 73' lang='lat' dir='ltr'>M94</span> 
     </span>
    </p>
   </div>
   <div class='ocr_carea' id='block_1_4' title="bbox 223 516 1871 594">
    <p class='ocr_par' dir='ltr' id='par_1_4' title="bbox 223 516 1864 594">
     <span class='ocr_line' id='line_1_4' title="bbox 223 516 1864 594; baseline -0.002 -20"><span class='ocrx_word' id='word_1_7' title='bbox 223 521 321 589; x_wconf 75' lang='grc' dir='ltr'>τὴν</span> <span class='ocrx_word' id='word_1_8' title='bbox 353 524 525 575; x_wconf 79' lang='grc' dir='ltr'>πᾶσαν</span> <span class='ocrx_word' id='word_1_9' title='bbox 553 538 820 591; x_wconf 89' lang='grc' dir='ltr'>κοσμησιν</span> <span class='ocrx_word' id='word_1_10' title='bbox 874 518 1118 583; x_wconf 71' lang='grc' dir='ltr'>ἀπέθετο·</span> <span class='ocrx_word' id='word_1_11' title='bbox 1152 518 1273 582; x_wconf 78' lang='grc' dir='ltr'>ἔθος</span> <span class='ocrx_word' id='word_1_12' title='bbox 1332 516 1435 593; x_wconf 76' lang='grc' dir='ltr'>γὰρ</span> <span class='ocrx_word' id='word_1_13' title='bbox 1490 522 1611 580; x_wconf 87' lang='grc' dir='ltr'>ταῖς</span> <span class='ocrx_word' id='word_1_14' title='bbox 1658 516 1864 594; x_wconf 80' lang='grc' dir='ltr'>γυναιξὶ</span> 
     </span>
    </p>
   </div>
   <div class='ocr_carea' id='block_1_5' title="bbox 1990 516 3634 594">
    <p class='ocr_par' dir='ltr' id='par_1_5' title="bbox 1990 516 3634 591">
     <span class='ocr_line' id='line_1_5' title="bbox 1990 516 3634 591; baseline 0.001 -18"><span class='ocrx_word' id='word_1_15' title='bbox 1990 516 2226 590; x_wconf 73' lang='lat' dir='ltr'>Signum</span> <span class='ocrx_word' id='word_1_16' title='bbox 2256 521 2448 573; x_wconf 88' lang='lat' dir='ltr'>autem</span> <span class='ocrx_word' id='word_1_17' title='bbox 2477 516 2623 573; x_wconf 87' lang='lat' dir='ltr'>illud</span> <span class='ocrx_word' id='word_1_18' title='bbox 2653 517 3069 587; x_wconf 88' lang='lat' dir='ltr'>erat,animum</span> <span class='ocrx_word' id='word_1_19' title='bbox 3099 518 3228 590; x_wconf 83' lang='lat' dir='ltr'>ejus</span> <span class='ocrx_word' id='word_1_20' title='bbox 3248 518 3408 573; x_wconf 91' lang='lat' dir='ltr'>omni</span> <span class='ocrx_word' id='word_1_21' title='bbox 3433 533 3634 591; x_wconf 84' lang='lat' dir='ltr'>super-</span> 
     </span>
    </p>
   </div>
   <div class='ocr_carea' id='block_1_6' title="bbox 223 604 1868 684">
    <p class='ocr_par' dir='ltr' id='par_1_6' title="bbox 223 604 1868 684">
     <span class='ocr_line' id='line_1_6' title="bbox 223 604 1868 684; baseline -0.003 -19"><span class='ocrx_word' id='word_1_22' title='bbox 223 610 427 683; x_wconf 78' lang='grc' dir='ltr'>κόσμον</span> <span class='ocrx_word' id='word_1_23' title='bbox 456 608 642 664; x_wconf 86' lang='grc' dir='ltr'>καλεῖν</span> <span class='ocrx_word' id='word_1_24' title='bbox 672 609 772 678; x_wconf 73' lang='grc' dir='ltr'>τὴν</span> <span class='ocrx_word' id='word_1_25' title='bbox 803 608 989 684; x_wconf 86' lang='grc' dir='ltr'>τρίχα.</span> <span class='ocrx_word' id='word_1_26' title='bbox 1027 604 1319 681; x_wconf 65' lang='grc' dir='ltr'>Σύμϐολον</span> <span class='ocrx_word' id='word_1_27' title='bbox 1372 604 1429 662; x_wconf 76' lang='grc' dir='ltr'>δὲ</span> <span class='ocrx_word' id='word_1_28' title='bbox 1459 607 1524 676; x_wconf 75' lang='grc' dir='ltr'>ἧν</span> <span class='ocrx_word' id='word_1_29' title='bbox 1556 607 1620 662; x_wconf 87' lang='grc' dir='ltr'>τὸ</span> <span class='ocrx_word' id='word_1_30' title='bbox 1649 606 1868 683; x_wconf 87' lang='grc' dir='ltr'>γινόμε-</span> 
     </span>
    </p>
   </div>
   <div class='ocr_carea' id='block_1_7' title="bbox 220 694 1869 773">
    <p class='ocr_par' dir='ltr' id='par_1_7' title="bbox 220 694 1869 773">
     <span class='ocr_line' id='line_1_7' title="bbox 220 694 1869 773; baseline 0.003 -20"><span class='ocrx_word' id='word_1_31' title='bbox 220 719 310 753; x_wconf 92' lang='grc' dir='ltr'>νον</span> <span class='ocrx_word' id='word_1_32' title='bbox 343 702 441 753; x_wconf 72' lang='grc' dir='ltr'>τοῦ</span> <span class='ocrx_word' id='word_1_33' title='bbox 471 697 757 773; x_wconf 75' lang='grc' dir='ltr'>ἀπὲριττον</span> <span class='ocrx_word' id='word_1_34' title='bbox 784 697 874 751; x_wconf 84' lang='grc' dir='ltr'>καὶ</span> <span class='ocrx_word' id='word_1_35' title='bbox 904 697 1137 771; x_wconf 77' lang='grc' dir='ltr'>καθαρὰν</span> <span class='ocrx_word' id='word_1_36' title='bbox 1178 698 1275 764; x_wconf 79' lang='grc' dir='ltr'>τὴν</span> <span class='ocrx_word' id='word_1_37' title='bbox 1330 696 1514 770; x_wconf 68' lang='grc' dir='ltr'>ψυχὴν</span> <span class='ocrx_word' id='word_1_38' title='bbox 1568 694 1733 764; x_wconf 76' lang='grc' dir='ltr'>αὐτῆς</span> <span class='ocrx_word' id='word_1_39' title='bbox 1780 715 1869 771; x_wconf 83' lang='grc' dir='ltr'>γε·</span> 
     </span>
    </p>
   </div>
   <div class='ocr_carea' id='block_1_8' title="bbox 221 784 1869 863">
    <p class='ocr_par' dir='ltr' id='par_1_8' title="bbox 221 784 1869 863">
     <span class='ocr_line' id='line_1_8' title="bbox 221 784 1869 863; baseline -0.003 -21"><span class='ocrx_word' id='word_1_40' title='bbox 221 788 499 863; x_wconf 81' lang='grc' dir='ltr'>γενῆσθαι.</span> <span class='ocrx_word' id='word_1_41' title='bbox 530 784 662 841; x_wconf 84' lang='grc' dir='ltr'>Τότε</span> <span class='ocrx_word' id='word_1_42' title='bbox 697 785 790 859; x_wconf 74' lang='grc' dir='ltr'>μὲν</span> <span class='ocrx_word' id='word_1_43' title='bbox 825 785 917 840; x_wconf 79' lang='grc' dir='ltr'>οὗν</span> <span class='ocrx_word' id='word_1_44' title='bbox 946 789 1160 861; x_wconf 89' lang='grc' dir='ltr'>πρῶτον</span> <span class='ocrx_word' id='word_1_45' title='bbox 1191 784 1397 856; x_wconf 79' lang='grc' dir='ltr'>ἠξιώθη</span> <span class='ocrx_word' id='word_1_46' title='bbox 1420 791 1521 853; x_wconf 83' lang='grc' dir='ltr'>τῆς</span> <span class='ocrx_word' id='word_1_47' title='bbox 1543 789 1869 860; x_wconf 83' lang='grc' dir='ltr'>παρθενικῆς</span> 
     </span>
    </p>
   </div>
   <div class='ocr_carea' id='block_1_9' title="bbox 218 876 615 954">
    <p class='ocr_par' dir='ltr' id='par_1_9' title="bbox 218 876 615 954">
     <span class='ocr_line' id='line_1_9' title="bbox 218 876 615 954; baseline -0.003 -22"><span class='ocrx_word' id='word_1_48' title='bbox 218 876 615 954; x_wconf 79' lang='grc' dir='ltr'>προσηγορίας.</span> 
     </span>
    </p>
   </div>
   <div class='ocr_carea' id='block_1_10' title="bbox 292 965 1867 1044">
    <p class='ocr_par' dir='ltr' id='par_1_10' title="bbox 292 965 1867 1044">
     <span class='ocr_line' id='line_1_10' title="bbox 292 965 1867 1044; baseline -0.007 -11"><span class='ocrx_word' id='word_1_49' title='bbox 292 977 379 1033; x_wconf 70' lang='grc'>42.</span> <span class='ocrx_word' id='word_1_50' title='bbox 413 979 588 1030; x_wconf 82' lang='grc' dir='ltr'>Πᾶσαν</span> <span class='ocrx_word' id='word_1_51' title='bbox 621 970 679 1027; x_wconf 74' lang='grc' dir='ltr'>δὲ</span> <span class='ocrx_word' id='word_1_52' title='bbox 727 973 826 1042; x_wconf 76' lang='grc' dir='ltr'>τὴν</span> <span class='ocrx_word' id='word_1_53' title='bbox 860 971 1040 1027; x_wconf 75' lang='grc' dir='ltr'>οὐσίαν</span> <span class='ocrx_word' id='word_1_54' title='bbox 1074 972 1240 1041; x_wconf 80' lang='grc' dir='ltr'>αὐτῆς</span> <span class='ocrx_word' id='word_1_55' title='bbox 1278 976 1395 1032; x_wconf 82' lang='grc' dir='ltr'>τοῖς</span> <span class='ocrx_word' id='word_1_56' title='bbox 1448 974 1698 1044; x_wconf 80' lang='grc' dir='ltr'>πτωχοῖς</span> <span class='ocrx_word' id='word_1_57' title='bbox 1750 965 1867 1023; x_wconf 90' lang='grc' dir='ltr'>δια-</span> 
     </span>
    </p>
   </div>
   <div class='ocr_carea' id='block_1_11' title="bbox 216 1057 1867 1139">
    <p class='ocr_par' dir='ltr' id='par_1_11' title="bbox 216 1057 1867 1139">
     <span class='ocr_line' id='line_1_11' title="bbox 216 1057 1867 1139; baseline -0.004 -20"><span class='ocrx_word' id='word_1_58' title='bbox 216 1064 468 1138; x_wconf 87' lang='grc' dir='ltr'>νείμασα,</span> <span class='ocrx_word' id='word_1_59' title='bbox 526 1057 697 1139; x_wconf 70' lang='grc' dir='ltr'>ἔλεγεσ</span> <span class='ocrx_word' id='word_1_60' title='bbox 748 1059 1001 1138; x_wconf 70' lang='grc' dir='ltr'>Μεγάλου</span> <span class='ocrx_word' id='word_1_61' title='bbox 1055 1062 1146 1134; x_wconf 67' lang='grc' dir='ltr'>μὲν</span> <span class='ocrx_word' id='word_1_62' title='bbox 1192 1060 1433 1132; x_wconf 81' lang='grc' dir='ltr'>ἠξίωμαι</span> <span class='ocrx_word' id='word_1_63' title='bbox 1489 1058 1775 1131; x_wconf 85' lang='grc' dir='ltr'>ὀνόματος’</span> <span class='ocrx_word' id='word_1_64' title='bbox 1806 1058 1867 1111; x_wconf 90' lang='grc' dir='ltr'>Τί</span> 
     </span>
    </p>
   </div>
   <div class='ocr_carea' id='block_1_12' title="bbox 220 1144 1866 1226">
    <p class='ocr_par' dir='ltr' id='par_1_12' title="bbox 220 1144 1866 1226">
     <span class='ocr_line' id='line_1_12' title="bbox 220 1144 1866 1226; baseline -0.004 -17"><span class='ocrx_word' id='word_1_65' title='bbox 220 1151 279 1209; x_wconf 72' lang='grc' dir='ltr'>δὲ</span> <span class='ocrx_word' id='word_1_66' title='bbox 335 1149 703 1208; x_wconf 79' lang='grc' dir='ltr'>ἀνταποδώσω</span> <span class='ocrx_word' id='word_1_67' title='bbox 761 1150 973 1220; x_wconf 75' lang='grc' dir='ltr'>ἐπάξιον</span> <span class='ocrx_word' id='word_1_68' title='bbox 1032 1155 1112 1222; x_wconf 73' lang='grc' dir='ltr'>τῷ</span> <span class='ocrx_word' id='word_1_69' title='bbox 1171 1146 1567 1226; x_wconf 69' lang='grc' dir='ltr'>δωρησαμένῳ,</span> <span class='ocrx_word' id='word_1_70' title='bbox 1602 1146 1700 1201; x_wconf 79' lang='grc' dir='ltr'>οὐκ</span> <span class='ocrx_word' id='word_1_71' title='bbox 1730 1144 1866 1222; x_wconf 79' lang='grc' dir='ltr'>ἔχω.</span> 
     </span>
    </p>
   </div>
   <div class='ocr_carea' id='block_1_13' title="bbox 218 1233 1865 1317">
    <p class='ocr_par' dir='ltr' id='par_1_13' title="bbox 218 1233 1865 1317">
     <span class='ocr_line' id='line_1_13' title="bbox 218 1233 1865 1317; baseline -0.004 -21"><span class='ocrx_word' id='word_1_72' title='bbox 218 1242 286 1304; x_wconf 74' lang='grc' dir='ltr'>Εἰ</span> <span class='ocrx_word' id='word_1_73' title='bbox 315 1242 418 1317; x_wconf 75' lang='grc' dir='ltr'>γὰρ</span> <span class='ocrx_word' id='word_1_74' title='bbox 453 1240 542 1297; x_wconf 70' lang='grc' dir='ltr'>ἐπὶ</span> <span class='ocrx_word' id='word_1_75' title='bbox 591 1244 699 1295; x_wconf 87' lang='grc' dir='ltr'>τῶν</span> <span class='ocrx_word' id='word_1_76' title='bbox 732 1239 886 1301; x_wconf 81' lang='grc' dir='ltr'>ἐκτὸς</span> <span class='ocrx_word' id='word_1_77' title='bbox 926 1239 1285 1314; x_wconf 75' lang='grc' dir='ltr'>πραγμάτων,</span> <span class='ocrx_word' id='word_1_78' title='bbox 1334 1233 1509 1293; x_wconf 65' lang='grc' dir='ltr'>ἕνεκεν</span> <span class='ocrx_word' id='word_1_79' title='bbox 1560 1235 1865 1309; x_wconf 80' lang='grc' dir='ltr'>ἀξιώματος</span> 
     </span>
    </p>
   </div>
   <div class='ocr_carea' id='block_1_14' title="bbox 220 1320 1867 1407">
    <p class='ocr_par' dir='ltr' id='par_1_14' title="bbox 220 1320 1867 1407">
     <span class='ocr_line' id='line_1_14' title="bbox 220 1320 1867 1407; baseline -0.003 -24"><span class='ocrx_word' id='word_1_80' title='bbox 220 1331 477 1407; x_wconf 76' lang='grc' dir='ltr'>φθαρτοῦ,</span> <span class='ocrx_word' id='word_1_81' title='bbox 508 1334 677 1384; x_wconf 78' lang='grc' dir='ltr'>πᾶσαν</span> <span class='ocrx_word' id='word_1_82' title='bbox 712 1329 910 1384; x_wconf 75' lang='grc' dir='ltr'>ἑαυτῶν</span> <span class='ocrx_word' id='word_1_83' title='bbox 943 1330 1041 1397; x_wconf 72' lang='grc' dir='ltr'>τήν</span> <span class='ocrx_word' id='word_1_84' title='bbox 1075 1326 1257 1382; x_wconf 68' lang='grc' dir='ltr'>οὐσίαν</span> <span class='ocrx_word' id='word_1_85' title='bbox 1292 1320 1690 1382; x_wconf 64' lang='grc' dir='ltr'>ἀποϐάλλουσν</span> <span class='ocrx_word' id='word_1_86' title='bbox 1712 1323 1867 1398; x_wconf 83' lang='grc' dir='ltr'>πόσῳ</span> 
     </span>
    </p>
   </div>
   <div class='ocr_carea' id='block_1_15' title="bbox 222 1411 1869 1491">
    <p class='ocr_par' dir='ltr' id='par_1_15' title="bbox 222 1411 1869 1491">
     <span class='ocr_line' id='line_1_15' title="bbox 222 1411 1869 1491; baseline -0.004 -18"><span class='ocrx_word' id='word_1_87' title='bbox 222 1416 436 1491; x_wconf 74' lang='grc' dir='ltr'>μᾶλλον</span> <span class='ocrx_word' id='word_1_88' title='bbox 493 1416 612 1491; x_wconf 75' lang='grc' dir='ltr'>ἐμὲ,</span> <span class='ocrx_word' id='word_1_89' title='bbox 660 1416 929 1488; x_wconf 70' lang='grc' dir='ltr'>τοσαύτης</span> <span class='ocrx_word' id='word_1_90' title='bbox 981 1416 1297 1487; x_wconf 79' lang='grc' dir='ltr'>ἀξιωθεῖσαν</span> <span class='ocrx_word' id='word_1_91' title='bbox 1347 1414 1596 1491; x_wconf 74' lang='grc' dir='ltr'>χάριτος,</span> <span class='ocrx_word' id='word_1_92' title='bbox 1637 1413 1736 1468; x_wconf 77' lang='grc' dir='ltr'>οὐκ</span> <span class='ocrx_word' id='word_1_93' title='bbox 1765 1411 1869 1489; x_wconf 82' lang='grc' dir='ltr'>ἄρα</span> 
     </span>
    </p>
   </div>
   <div class='ocr_carea' id='block_1_16' title="bbox 216 1499 1866 1581">
    <p class='ocr_par' dir='ltr' id='par_1_16' title="bbox 216 1499 1866 1581">
     <span class='ocr_line' id='line_1_16' title="bbox 216 1499 1866 1581; baseline -0.004 -19"><span class='ocrx_word' id='word_1_94' title='bbox 216 1504 326 1563; x_wconf 69' lang='grc' dir='ltr'>ἴδει</span> <span class='ocrx_word' id='word_1_95' title='bbox 389 1507 523 1581; x_wconf 86' lang='grc' dir='ltr'>μετά</span> <span class='ocrx_word' id='word_1_96' title='bbox 565 1511 674 1562; x_wconf 85' lang='grc' dir='ltr'>τῶν</span> <span class='ocrx_word' id='word_1_97' title='bbox 723 1504 1099 1579; x_wconf 70' lang='grc' dir='ltr'>νομιζομένων</span> <span class='ocrx_word' id='word_1_98' title='bbox 1168 1503 1522 1580; x_wconf 81' lang='grc' dir='ltr'>ὑπαρχόντων</span> <span class='ocrx_word' id='word_1_99' title='bbox 1572 1499 1866 1579; x_wconf 74' lang='grc' dir='ltr'>προδοῦναι</span> 
     </span>
    </p>
   </div>
   <div class='ocr_carea' id='block_1_17' title="bbox 216 1588 1867 1671">
    <p class='ocr_par' dir='ltr' id='par_1_17' title="bbox 216 1588 1867 1671">
     <span class='ocr_line' id='line_1_17' title="bbox 216 1588 1867 1671; baseline -0.004 -20"><span class='ocrx_word' id='word_1_100' title='bbox 216 1596 308 1652; x_wconf 77' lang='grc' dir='ltr'>καῖ</span> <span class='ocrx_word' id='word_1_101' title='bbox 361 1597 424 1651; x_wconf 85' lang='grc' dir='ltr'>τὸ</span> <span class='ocrx_word' id='word_1_102' title='bbox 481 1600 675 1669; x_wconf 86' lang='grc' dir='ltr'>σῶμα;</span> <span class='ocrx_word' id='word_1_103' title='bbox 733 1595 793 1649; x_wconf 85' lang='grc' dir='ltr'>Τί</span> <span class='ocrx_word' id='word_1_104' title='bbox 842 1593 899 1650; x_wconf 74' lang='grc' dir='ltr'>δὲ</span> <span class='ocrx_word' id='word_1_105' title='bbox 944 1594 1091 1671; x_wconf 72' lang='grc' dir='ltr'>λέγω</span> <span class='ocrx_word' id='word_1_106' title='bbox 1141 1592 1394 1666; x_wconf 76' lang='grc' dir='ltr'>κτήμάτα</span> <span class='ocrx_word' id='word_1_107' title='bbox 1441 1594 1475 1662; x_wconf 73' lang='grc' dir='ltr'><strong>ἢ</strong></span> <span class='ocrx_word' id='word_1_108' title='bbox 1527 1596 1686 1666; x_wconf 89' lang='grc' dir='ltr'>σῶμα</span> <span class='ocrx_word' id='word_1_109' title='bbox 1743 1588 1867 1646; x_wconf 80' lang='grc' dir='ltr'>δοῦ-</span> 
     </span>
    </p>
   </div>
   <div class='ocr_carea' id='block_1_18' title="bbox 220 1680 1867 1760">
    <p class='ocr_par' dir='ltr' id='par_1_18' title="bbox 220 1680 1867 1760">
     <span class='ocr_line' id='line_1_18' title="bbox 220 1680 1867 1760; baseline -0.003 -20"><span class='ocrx_word' id='word_1_110' title='bbox 220 1706 330 1758; x_wconf 87' lang='grc' dir='ltr'>ναι,</span> <span class='ocrx_word' id='word_1_111' title='bbox 387 1683 601 1740; x_wconf 78' lang='grc' dir='ltr'>πάντων</span> <span class='ocrx_word' id='word_1_112' title='bbox 662 1683 825 1739; x_wconf 79' lang='grc' dir='ltr'>αὐτοῦ</span> <span class='ocrx_word' id='word_1_113' title='bbox 886 1683 1283 1760; x_wconf 85' lang='grc' dir='ltr'>ὐπαρχόντων;</span> <span class='ocrx_word' id='word_1_114' title='bbox 1342 1686 1445 1737; x_wconf 79' lang='grc' dir='ltr'>Τοῦ</span> <span class='ocrx_word' id='word_1_115' title='bbox 1511 1681 1612 1758; x_wconf 70' lang='grc' dir='ltr'>γὰρ</span> <span class='ocrx_word' id='word_1_116' title='bbox 1672 1680 1867 1756; x_wconf 79' lang='grc' dir='ltr'>Κυρίου</span> 
     </span>
    </p>
   </div>
   <div class='ocr_carea' id='block_1_19' title="bbox 216 1770 1864 1849">
    <p class='ocr_par' dir='ltr' id='par_1_19' title="bbox 216 1770 1864 1849">
     <span class='ocr_line' id='line_1_19' title="bbox 216 1770 1864 1849; baseline -0.002 -20"><span class='ocrx_word' id='word_1_117' title='bbox 216 1776 253 1844; x_wconf 74' lang='grc' dir='ltr'>ἡ</span> <span class='ocrx_word' id='word_1_118' title='bbox 286 1781 359 1849; x_wconf 74' lang='grc' dir='ltr'>γῆ</span> <span class='ocrx_word' id='word_1_119' title='bbox 391 1774 482 1829; x_wconf 81' lang='grc' dir='ltr'>καὶ</span> <span class='ocrx_word' id='word_1_120' title='bbox 535 1774 598 1829; x_wconf 87' lang='grc' dir='ltr'>τὸ</span> <span class='ocrx_word' id='word_1_121' title='bbox 643 1773 926 1849; x_wconf 81' lang='grc' dir='ltr'>πλήρωμα</span> <span class='ocrx_word' id='word_1_122' title='bbox 970 1773 1160 1843; x_wconf 84' lang='grc' dir='ltr'>αὐτῆς.</span> <span class='ocrx_word' id='word_1_123' title='bbox 1215 1772 1312 1826; x_wconf 82' lang='grc' dir='ltr'>Διά</span> <span class='ocrx_word' id='word_1_124' title='bbox 1364 1770 1568 1827; x_wconf 77' lang='grc' dir='ltr'>τούτων</span> <span class='ocrx_word' id='word_1_125' title='bbox 1634 1772 1727 1844; x_wconf 76' lang='grc' dir='ltr'>μὲν</span> <span class='ocrx_word' id='word_1_126' title='bbox 1757 1773 1864 1825; x_wconf 89' lang='grc' dir='ltr'>τῶν</span> 
     </span>
    </p>
   </div>
   <div class='ocr_carea' id='block_1_20' title="bbox 1979 606 3632 679">
    <p class='ocr_par' dir='ltr' id='par_1_20' title="bbox 1979 606 3632 679">
     <span class='ocr_line' id='line_1_20' title="bbox 1979 606 3632 679; baseline 0.002 -18"><span class='ocrx_word' id='word_1_127' title='bbox 1979 606 2205 663; x_wconf 84' lang='lat' dir='ltr'>ﬂuitate</span> <span class='ocrx_word' id='word_1_128' title='bbox 2260 622 2509 662; x_wconf 90' lang='lat' dir='ltr'>vacuum</span> <span class='ocrx_word' id='word_1_129' title='bbox 2567 623 2633 662; x_wconf 94' lang='lat' dir='ltr'>ac</span> <span class='ocrx_word' id='word_1_130' title='bbox 2688 625 2898 679; x_wconf 87' lang='lat' dir='ltr'>purum</span> <span class='ocrx_word' id='word_1_131' title='bbox 2933 608 3204 664; x_wconf 73' lang='lat' dir='ltr'>effectum</span> <span class='ocrx_word' id='word_1_132' title='bbox 3232 606 3433 663; x_wconf 88' lang='lat' dir='ltr'>fuisse.</span> <span class='ocrx_word' id='word_1_133' title='bbox 3467 608 3632 664; x_wconf 91' lang='lat' dir='ltr'>Tunc</span> 
     </span>
    </p>
   </div>
   <div class='ocr_carea' id='block_1_21' title="bbox 1979 696 3570 770">
    <p class='ocr_par' dir='ltr' id='par_1_21' title="bbox 1979 696 3570 770">
     <span class='ocr_line' id='line_1_21' title="bbox 1979 696 3570 770; baseline 0 -18"><span class='ocrx_word' id='word_1_134' title='bbox 1979 700 2174 753; x_wconf 87' lang='lat' dir='ltr'>autem</span> <span class='ocrx_word' id='word_1_135' title='bbox 2206 696 2467 769; x_wconf 90' lang='lat' dir='ltr'>primum</span> <span class='ocrx_word' id='word_1_136' title='bbox 2498 696 2741 769; x_wconf 82' lang='lat' dir='ltr'>virginis</span> <span class='ocrx_word' id='word_1_137' title='bbox 2771 696 3164 770; x_wconf 75' lang='lat' dir='ltr'>appellatione</span> <span class='ocrx_word' id='word_1_138' title='bbox 3194 696 3434 769; x_wconf 80' lang='lat' dir='ltr'>dignata</span> <span class='ocrx_word' id='word_1_139' title='bbox 3461 702 3570 754; x_wconf 89' lang='lat' dir='ltr'>est.</span> 
     </span>
    </p>
   </div>
   <div class='ocr_carea' id='block_1_22' title="bbox 2056 962 3632 1040">
    <p class='ocr_par' dir='ltr' id='par_1_22' title="bbox 2056 962 3632 1040">
     <span class='ocr_line' id='line_1_22' title="bbox 2056 962 3632 1040; baseline 0.004 -24"><span class='ocrx_word' id='word_1_140' title='bbox 2056 962 2143 1016; x_wconf 82' lang='grc'>12.</span> <span class='ocrx_word' id='word_1_141' title='bbox 2178 962 2498 1033; x_wconf 76' lang='lat' dir='ltr'>Postquam</span> <span class='ocrx_word' id='word_1_142' title='bbox 2534 962 2843 1020; x_wconf 77' lang='lat' dir='ltr'>facultates</span> <span class='ocrx_word' id='word_1_143' title='bbox 2872 981 3011 1021; x_wconf 82' lang='lat' dir='ltr'>suas</span> <span class='ocrx_word' id='word_1_144' title='bbox 3040 964 3399 1038; x_wconf 85' lang='lat' dir='ltr'>pauperibus</span> <span class='ocrx_word' id='word_1_145' title='bbox 3429 982 3632 1040; x_wconf 88' lang='lat' dir='ltr'>eroga-</span> 
     </span>
    </p>
   </div>
   <div class='ocr_carea' id='block_1_23' title="bbox 1976 1051 3628 1128">
    <p class='ocr_par' dir='ltr' id='par_1_23' title="bbox 1976 1051 3628 1128">
     <span class='ocr_line' id='line_1_23' title="bbox 1976 1051 3628 1128; baseline 0.002 -21"><span class='ocrx_word' id='word_1_146' title='bbox 1976 1055 2157 1119; x_wconf 88' lang='lat' dir='ltr'>verat,</span> <span class='ocrx_word' id='word_1_147' title='bbox 2194 1051 2275 1105; x_wconf 96' lang='lat' dir='ltr'>ait</span> <span class='ocrx_word' id='word_1_148' title='bbox 2308 1068 2321 1106; x_wconf 91' lang='lat'><strong>:</strong></span> <span class='ocrx_word' id='word_1_149' title='bbox 2357 1051 2570 1124; x_wconf 90' lang='lat' dir='ltr'>Magno</span> <span class='ocrx_word' id='word_1_150' title='bbox 2600 1052 2979 1109; x_wconf 84' lang='lat' dir='ltr'>cohonestata</span> <span class='ocrx_word' id='word_1_151' title='bbox 3008 1071 3139 1109; x_wconf 87' lang='lat' dir='ltr'>sum</span> <span class='ocrx_word' id='word_1_152' title='bbox 3173 1056 3408 1111; x_wconf 85' lang='lat' dir='ltr'>nomine</span> <span class='ocrx_word' id='word_1_153' title='bbox 3442 1072 3454 1111; x_wconf 89' lang='lat'>:</span> <span class='ocrx_word' id='word_1_154' title='bbox 3488 1056 3628 1128; x_wconf 89' lang='lat' dir='ltr'>quid</span> 
     </span>
    </p>
   </div>
   <div class='ocr_carea' id='block_1_24' title="bbox 1982 1141 3631 1217">
    <p class='ocr_par' dir='ltr' id='par_1_24' title="bbox 1982 1141 3631 1217">
     <span class='ocr_line' id='line_1_24' title="bbox 1982 1141 3631 1217; baseline 0.002 -20"><span class='ocrx_word' id='word_1_155' title='bbox 1982 1143 2179 1197; x_wconf 87' lang='lat' dir='ltr'>autem</span> <span class='ocrx_word' id='word_1_156' title='bbox 2212 1157 2315 1213; x_wconf 91' lang='lat' dir='ltr'>pro</span> <span class='ocrx_word' id='word_1_157' title='bbox 2348 1141 2555 1197; x_wconf 88' lang='lat' dir='ltr'>merito</span> <span class='ocrx_word' id='word_1_158' title='bbox 2582 1141 2939 1198; x_wconf 82' lang='lat' dir='ltr'>benefactori</span> <span class='ocrx_word' id='word_1_159' title='bbox 2969 1144 3280 1215; x_wconf 82' lang='lat' dir='ltr'>rependam</span> <span class='ocrx_word' id='word_1_160' title='bbox 3312 1161 3427 1200; x_wconf 92' lang='lat' dir='ltr'>non</span> <span class='ocrx_word' id='word_1_161' title='bbox 3484 1163 3631 1217; x_wconf 86' lang='lat' dir='ltr'>sup-</span> 
     </span>
    </p>
   </div>
   <div class='ocr_carea' id='block_1_25' title="bbox 1975 1228 3630 1307">
    <p class='ocr_par' dir='ltr' id='par_1_25' title="bbox 1975 1228 3630 1307">
     <span class='ocr_line' id='line_1_25' title="bbox 1975 1228 3630 1307; baseline 0.004 -23"><span class='ocrx_word' id='word_1_162' title='bbox 1975 1229 2145 1301; x_wconf 86' lang='lat' dir='ltr'>petit.</span> <span class='ocrx_word' id='word_1_163' title='bbox 2174 1228 2321 1285; x_wconf 88' lang='lat' dir='ltr'>Nam</span> <span class='ocrx_word' id='word_1_164' title='bbox 2353 1228 2402 1285; x_wconf 91' lang='lat' dir='ltr'>si</span> <span class='ocrx_word' id='word_1_165' title='bbox 2430 1229 2489 1284; x_wconf 89' lang='lat' dir='ltr'>in</span> <span class='ocrx_word' id='word_1_166' title='bbox 2520 1230 2773 1287; x_wconf 77' lang='lat' dir='ltr'>externis</span> <span class='ocrx_word' id='word_1_167' title='bbox 2806 1233 3406 1306; x_wconf 86' lang='lat' dir='ltr'>rebus,corruptibilis</span> <span class='ocrx_word' id='word_1_168' title='bbox 3437 1234 3630 1307; x_wconf 87' lang='lat' dir='ltr'>digni-</span> 
     </span>
    </p>
   </div>
   <div class='ocr_carea' id='block_1_26' title="bbox 1974 1317 3631 1394">
    <p class='ocr_par' dir='ltr' id='par_1_26' title="bbox 1974 1317 3631 1394">
     <span class='ocr_line' id='line_1_26' title="bbox 1974 1317 3631 1394; baseline 0.004 -20"><span class='ocrx_word' id='word_1_169' title='bbox 1974 1317 2113 1374; x_wconf 86' lang='lat' dir='ltr'>tatis</span> <span class='ocrx_word' id='word_1_170' title='bbox 2144 1318 2594 1387; x_wconf 76' lang='lat' dir='ltr'>causa,f0rtuna3</span> <span class='ocrx_word' id='word_1_171' title='bbox 2625 1336 2830 1376; x_wconf 87' lang='lat' dir='ltr'>omnes</span> <span class='ocrx_word' id='word_1_172' title='bbox 2861 1322 3232 1390; x_wconf 88' lang='lat' dir='ltr'>amittuntur,</span> <span class='ocrx_word' id='word_1_173' title='bbox 3256 1327 3476 1394; x_wconf 88' lang='lat' dir='ltr'>quanto</span> <span class='ocrx_word' id='word_1_174' title='bbox 3507 1340 3631 1380; x_wconf 89' lang='lat' dir='ltr'>ma-</span> 
     </span>
    </p>
   </div>
   <div class='ocr_carea' id='block_1_27' title="bbox 1976 1406 3628 1486">
    <p class='ocr_par' dir='ltr' id='par_1_27' title="bbox 1976 1406 3628 1486">
     <span class='ocr_line' id='line_1_27' title="bbox 1976 1406 3628 1486; baseline 0.005 -25"><span class='ocrx_word' id='word_1_175' title='bbox 1976 1406 2067 1479; x_wconf 91' lang='lat' dir='ltr'>gis</span> <span class='ocrx_word' id='word_1_176' title='bbox 2099 1423 2190 1462; x_wconf 95' lang='lat' dir='ltr'>me</span> <span class='ocrx_word' id='word_1_177' title='bbox 2222 1411 2384 1463; x_wconf 90' lang='lat' dir='ltr'>tanta</span> <span class='ocrx_word' id='word_1_178' title='bbox 2416 1408 2690 1464; x_wconf 79' lang='lat' dir='ltr'>donatam</span> <span class='ocrx_word' id='word_1_179' title='bbox 2721 1410 2930 1481; x_wconf 88' lang='lat' dir='ltr'>gratia,</span> <span class='ocrx_word' id='word_1_180' title='bbox 2962 1411 3125 1467; x_wconf 85' lang='lat' dir='ltr'>decet</span> <span class='ocrx_word' id='word_1_181' title='bbox 3154 1410 3348 1483; x_wconf 90' lang='lat' dir='ltr'>ipsum</span> <span class='ocrx_word' id='word_1_182' title='bbox 3393 1430 3628 1486; x_wconf 79' lang='lat' dir='ltr'>corpus,</span> 
     </span>
    </p>
   </div>
   <div class='ocr_carea' id='block_1_28' title="bbox 1979 1495 3630 1571">
    <p class='ocr_par' dir='ltr' id='par_1_28' title="bbox 1979 1495 3630 1571">
     <span class='ocr_line' id='line_1_28' title="bbox 1979 1495 3630 1571; baseline 0.003 -19"><span class='ocrx_word' id='word_1_183' title='bbox 1979 1511 2115 1552; x_wconf 89' lang='lat' dir='ltr'>cum</span> <span class='ocrx_word' id='word_1_184' title='bbox 2176 1495 2269 1552; x_wconf 88' lang='lat' dir='ltr'>his</span> <span class='ocrx_word' id='word_1_185' title='bbox 2300 1496 2471 1553; x_wconf 91' lang='lat' dir='ltr'>bonis</span> <span class='ocrx_word' id='word_1_186' title='bbox 2501 1497 2591 1569; x_wconf 88' lang='lat' dir='ltr'>(ut</span> <span class='ocrx_word' id='word_1_187' title='bbox 2621 1499 2922 1571; x_wconf 81' lang='lat' dir='ltr'>putantur)</span> <span class='ocrx_word' id='word_1_188' title='bbox 2954 1501 3224 1557; x_wconf 78' lang='lat' dir='ltr'>tradere?</span> <span class='ocrx_word' id='word_1_189' title='bbox 3251 1500 3401 1567; x_wconf 85' lang='lat' dir='ltr'><strong>Quid</strong></span> <span class='ocrx_word' id='word_1_190' title='bbox 3432 1505 3630 1558; x_wconf 90' lang='lat' dir='ltr'>autem</span> 
     </span>
    </p>
   </div>
   <div class='ocr_carea' id='block_1_29' title="bbox 1978 1582 3634 1660">
    <p class='ocr_par' dir='ltr' id='par_1_29' title="bbox 1978 1582 3634 1660">
     <span class='ocr_line' id='line_1_29' title="bbox 1978 1582 3634 1660; baseline 0.004 -21"><span class='ocrx_word' id='word_1_191' title='bbox 1978 1583 2107 1640; x_wconf 91' lang='lat' dir='ltr'>dico</span> <span class='ocrx_word' id='word_1_192' title='bbox 2139 1582 2447 1641; x_wconf 79' lang='lat' dir='ltr'>facultates</span> <span class='ocrx_word' id='word_1_193' title='bbox 2470 1589 2526 1640; x_wconf 89' lang='lat' dir='ltr'>et</span> <span class='ocrx_word' id='word_1_194' title='bbox 2545 1602 2757 1658; x_wconf 90' lang='lat' dir='ltr'>corpus</span> <span class='ocrx_word' id='word_1_195' title='bbox 2777 1587 2891 1659; x_wconf 87' lang='lat' dir='ltr'>ipsi</span> <span class='ocrx_word' id='word_1_196' title='bbox 2906 1587 3231 1660; x_wconf 86' lang='lat' dir='ltr'>dari,cujus</span> <span class='ocrx_word' id='word_1_197' title='bbox 3248 1594 3389 1644; x_wconf 89' lang='lat' dir='ltr'>sunt</span> <span class='ocrx_word' id='word_1_198' title='bbox 3407 1590 3634 1646; x_wconf 74' lang='lat' dir='ltr'>omnia?</span> 
     </span>
    </p>
   </div>
   <div class='ocr_carea' id='block_1_30' title="bbox 1976 1673 3631 1751">
    <p class='ocr_par' dir='ltr' id='par_1_30' title="bbox 1976 1673 3631 1751">
     <span class='ocr_line' id='line_1_30' title="bbox 1976 1673 3631 1751; baseline 0.004 -22"><span class='ocrx_word' id='word_1_199' title='bbox 1976 1673 2147 1743; x_wconf 90' lang='lat' dir='ltr'>Nam,</span> <span class='ocrx_word' id='word_1_200' title='bbox 2208 1675 2434 1729; x_wconf 79' lang='lat' dir='ltr'>Domini</span> <span class='ocrx_word' id='word_1_201' title='bbox 2488 1684 2563 1731; x_wconf 77' lang='lat' dir='ltr'>est</span> <span class='ocrx_word' id='word_1_202' title='bbox 2618 1679 2764 1732; x_wconf 83' lang='lat' dir='ltr'>terra</span> <span class='ocrx_word' id='word_1_203' title='bbox 2808 1681 2861 1733; x_wconf 89' lang='lat' dir='ltr'>et</span> <span class='ocrx_word' id='word_1_204' title='bbox 2883 1676 3173 1749; x_wconf 80' lang='lat' dir='ltr'>plenitudo</span> <span class='ocrx_word' id='word_1_205' title='bbox 3200 1681 3318 1749; x_wconf 76' lang='lat' dir='ltr'>ejus</span> <span class='ocrx_word' id='word_1_206' title='bbox 3345 1679 3409 1734; x_wconf 69' lang='grc' dir='ltr'>δι.</span> <span class='ocrx_word' id='word_1_207' title='bbox 3442 1681 3631 1751; x_wconf 88' lang='lat' dir='ltr'>Atque</span> 
     </span>
    </p>
   </div>
   <div class='ocr_carea' id='block_1_31' title="bbox 1975 1762 3630 1840">
    <p class='ocr_par' dir='ltr' id='par_1_31' title="bbox 1975 1762 3630 1840">
     <span class='ocr_line' id='line_1_31' title="bbox 1975 1762 3630 1840; baseline 0.004 -22"><span class='ocrx_word' id='word_1_208' title='bbox 1975 1778 2078 1836; x_wconf 90' lang='lat' dir='ltr'>per</span> <span class='ocrx_word' id='word_1_209' title='bbox 2108 1762 2232 1818; x_wconf 82' lang='lat' dir='ltr'>haec</span> <span class='ocrx_word' id='word_1_210' title='bbox 2260 1762 2454 1834; x_wconf 89' lang='lat' dir='ltr'>verba,</span> <span class='ocrx_word' id='word_1_211' title='bbox 2477 1763 2873 1822; x_wconf 86' lang='lat' dir='ltr'>humilitatem</span> <span class='ocrx_word' id='word_1_212' title='bbox 2905 1768 3134 1840; x_wconf 88' lang='lat' dir='ltr'>adepta,</span> <span class='ocrx_word' id='word_1_213' title='bbox 3165 1769 3511 1840; x_wconf 87' lang='lat' dir='ltr'>quietem,et</span> <span class='ocrx_word' id='word_1_214' title='bbox 3537 1784 3630 1824; x_wconf 91' lang='lat' dir='ltr'>so-</span> 
     </span>
    </p>
   </div>
   <div class='ocr_carea' id='block_1_32' title="bbox 218 1850 1871 1958">
    <p class='ocr_par' dir='ltr' id='par_1_32' title="bbox 218 1855 1865 1940">
     <span class='ocr_line' id='line_1_32' title="bbox 218 1855 1865 1940; baseline -0.003 -22"><span class='ocrx_word' id='word_1_215' title='bbox 218 1861 406 1937; x_wconf 74' lang='grc' dir='ltr'>λόγων</span> <span class='ocrx_word' id='word_1_216' title='bbox 459 1864 557 1933; x_wconf 78' lang='grc' dir='ltr'>τήν</span> <span class='ocrx_word' id='word_1_217' title='bbox 608 1862 1107 1940; x_wconf 75' lang='grc' dir='ltr'>ταπεινοφροσύνην</span> <span class='ocrx_word' id='word_1_218' title='bbox 1182 1855 1673 1935; x_wconf 73' lang='grc' dir='ltr'>ὲγκνμϐωσαμένη,</span> <span class='ocrx_word' id='word_1_219' title='bbox 1731 1856 1865 1929; x_wconf 75' lang='grc' dir='ltr'>ἡσύ-</span> 
     </span>
    </p>
   </div>
   <div class='ocr_carea' id='block_1_33' title="bbox 1990 1850 2603 1958">
    <p class='ocr_par' dir='ltr' id='par_1_33' title="bbox 1990 1850 2603 1925">
     <span class='ocr_line' id='line_1_33' title="bbox 1990 1850 2603 1925; baseline 0.005 -18"><span class='ocrx_word' id='word_1_220' title='bbox 1990 1850 2232 1908; x_wconf 76' lang='lat' dir='ltr'>.itariam</span> <span class='ocrx_word' id='word_1_221' title='bbox 2263 1851 2377 1925; x_wconf 83' lang='lat' dir='ltr'>egit</span> <span class='ocrx_word' id='word_1_222' title='bbox 2408 1852 2603 1910; x_wconf 88' lang='lat' dir='ltr'>vitam.</span> 
     </span>
    </p>
   </div>
   <div class='ocr_carea' id='block_1_34' title="bbox 228 1956 417 2028">
    <p class='ocr_par' dir='ltr' id='par_1_34' title="bbox 228 1956 417 2028">
     <span class='ocr_line' id='line_1_34' title="bbox 228 1956 417 2028; baseline 0.011 -22"><span class='ocrx_word' id='word_1_223' title='bbox 228 1971 307 2028; x_wconf 87' lang='grc' dir='ltr'>χα</span> <span class='ocrx_word' id='word_1_224' title='bbox 312 1956 395 2021; x_wconf 87' lang='grc' dir='ltr'>ζεν</span> <span class='ocrx_word' id='word_1_225' title='bbox 405 1996 417 2008; x_wconf 94' lang='grc'>.</span> 
     </span>
    </p>
   </div>
   <div class='ocr_carea' id='block_1_35' title="bbox 297 2035 1866 2114">
    <p class='ocr_par' dir='ltr' id='par_1_35' title="bbox 297 2035 1866 2114">
     <span class='ocr_line' id='line_1_35' title="bbox 297 2035 1866 2114; baseline -0.003 -17"><span class='ocrx_word' id='word_1_226' title='bbox 297 2043 385 2097; x_wconf 89' lang='grc'>13.</span> <span class='ocrx_word' id='word_1_227' title='bbox 443 2041 542 2095; x_wconf 87' lang='grc' dir='ltr'>Ἦν</span> <span class='ocrx_word' id='word_1_228' title='bbox 605 2040 699 2113; x_wconf 70' lang='grc' dir='ltr'>μὲν</span> <span class='ocrx_word' id='word_1_229' title='bbox 755 2037 846 2095; x_wconf 77' lang='grc' dir='ltr'>οὖν</span> <span class='ocrx_word' id='word_1_230' title='bbox 901 2038 991 2094; x_wconf 85' lang='grc' dir='ltr'>καὶ</span> <span class='ocrx_word' id='word_1_231' title='bbox 1052 2038 1103 2094; x_wconf 82' lang='grc' dir='ltr'>ἐν</span> <span class='ocrx_word' id='word_1_232' title='bbox 1155 2044 1272 2101; x_wconf 81' lang='grc' dir='ltr'>ταῖς</span> <span class='ocrx_word' id='word_1_233' title='bbox 1332 2041 1618 2114; x_wconf 81' lang='grc' dir='ltr'>πατρικαῖς</span> <span class='ocrx_word' id='word_1_234' title='bbox 1671 2035 1866 2099; x_wconf 85' lang='grc' dir='ltr'>αὐλαῖς</span> 
     </span>
    </p>
   </div>
   <div class='ocr_carea' id='block_1_36' title="bbox 223 2123 1875 2206">
    <p class='ocr_par' dir='ltr' id='par_1_36' title="bbox 223 2123 1875 2206">
     <span class='ocr_line' id='line_1_36' title="bbox 223 2123 1875 2206; baseline -0.001 -23"><span class='ocrx_word' id='word_1_235' title='bbox 223 2131 428 2192; x_wconf 76' lang='grc' dir='ltr'>ἱκανῶς</span> <span class='ocrx_word' id='word_1_236' title='bbox 486 2133 961 2206; x_wconf 85' lang='grc' dir='ltr'>προγυμνασθεῖσα</span> <span class='ocrx_word' id='word_1_237' title='bbox 1008 2134 1123 2190; x_wconf 85' lang='grc' dir='ltr'>τοῖς</span> <span class='ocrx_word' id='word_1_238' title='bbox 1169 2127 1377 2190; x_wconf 69' lang='grc' dir='ltr'>πόνοις*</span> <span class='ocrx_word' id='word_1_239' title='bbox 1427 2127 1518 2181; x_wconf 80' lang='grc' dir='ltr'>καὶ</span> <span class='ocrx_word' id='word_1_240' title='bbox 1565 2124 1617 2182; x_wconf 76' lang='grc' dir='ltr'>ἐν</span> <span class='ocrx_word' id='word_1_241' title='bbox 1649 2126 1784 2200; x_wconf 80' lang='grc' dir='ltr'>αὐτῇ</span> <span class='ocrx_word' id='word_1_242' title='bbox 1816 2123 1875 2181; x_wconf 72' lang='grc' dir='ltr'>δὲ</span> 
     </span>
    </p>
   </div>
   <div class='ocr_carea' id='block_1_37' title="bbox 222 2214 1873 2293">
    <p class='ocr_par' dir='ltr' id='par_1_37' title="bbox 222 2214 1873 2293">
     <span class='ocr_line' id='line_1_37' title="bbox 222 2214 1873 2293; baseline -0.002 -20"><span class='ocrx_word' id='word_1_243' title='bbox 222 2217 295 2293; x_wconf 63' lang='grc' dir='ltr'>τῇ</span> <span class='ocrx_word' id='word_1_244' title='bbox 335 2217 485 2292; x_wconf 79' lang='grc' dir='ltr'>ἀκμῇ</span> <span class='ocrx_word' id='word_1_245' title='bbox 533 2221 631 2272; x_wconf 72' lang='grc' dir='ltr'>τοῦ</span> <span class='ocrx_word' id='word_1_246' title='bbox 674 2214 895 2272; x_wconf 80' lang='grc' dir='ltr'>σταδίου</span> <span class='ocrx_word' id='word_1_247' title='bbox 950 2216 1202 2293; x_wconf 83' lang='grc' dir='ltr'>ἀχθεῖσα,</span> <span class='ocrx_word' id='word_1_248' title='bbox 1259 2216 1562 2291; x_wconf 78' lang='grc' dir='ltr'>προέκοπτε</span> <span class='ocrx_word' id='word_1_249' title='bbox 1599 2221 1717 2278; x_wconf 84' lang='grc' dir='ltr'>ταῖς</span> <span class='ocrx_word' id='word_1_250' title='bbox 1751 2214 1873 2292; x_wconf 85' lang='grc' dir='ltr'>ἀρε-</span> 
     </span>
    </p>
   </div>
   <div class='ocr_carea' id='block_1_38' title="bbox 219 2303 1872 2382">
    <p class='ocr_par' dir='ltr' id='par_1_38' title="bbox 219 2303 1872 2382">
     <span class='ocr_line' id='line_1_38' title="bbox 219 2303 1872 2382; baseline -0.001 -20"><span class='ocrx_word' id='word_1_251' title='bbox 219 2312 362 2369; x_wconf 84' lang='grc' dir='ltr'>ταῖς.</span> <span class='ocrx_word' id='word_1_252' title='bbox 394 2309 549 2364; x_wconf 89' lang='grc' dir='ltr'>Ὅσοι</span> <span class='ocrx_word' id='word_1_253' title='bbox 583 2307 679 2379; x_wconf 76' lang='grc' dir='ltr'>μὲν</span> <span class='ocrx_word' id='word_1_254' title='bbox 713 2306 804 2361; x_wconf 78' lang='grc' dir='ltr'>οὖν</span> <span class='ocrx_word' id='word_1_255' title='bbox 832 2304 1190 2382; x_wconf 79' lang='grc' dir='ltr'>ἀγυμνάστως</span> <span class='ocrx_word' id='word_1_256' title='bbox 1236 2305 1324 2360; x_wconf 81' lang='grc' dir='ltr'>καὶ</span> <span class='ocrx_word' id='word_1_257' title='bbox 1377 2303 1654 2366; x_wconf 70' lang='grc' dir='ltr'>ἀσκέπτως</span> <span class='ocrx_word' id='word_1_258' title='bbox 1707 2324 1872 2378; x_wconf 80' lang='grc' dir='ltr'>προσ-</span> 
     </span>
    </p>
   </div>
   <div class='ocr_carea' id='block_1_39' title="bbox 220 2392 1873 2469">
    <p class='ocr_par' dir='ltr' id='par_1_39' title="bbox 220 2392 1873 2469">
     <span class='ocr_line' id='line_1_39' title="bbox 220 2392 1873 2469; baseline 0 -20"><span class='ocrx_word' id='word_1_259' title='bbox 220 2394 394 2465; x_wconf 78' lang='grc' dir='ltr'>ἦλθον</span> <span class='ocrx_word' id='word_1_260' title='bbox 440 2400 521 2469; x_wconf 80' lang='grc' dir='ltr'>τῷ</span> <span class='ocrx_word' id='word_1_261' title='bbox 570 2396 698 2469; x_wconf 84' lang='grc' dir='ltr'>θείῳ</span> <span class='ocrx_word' id='word_1_262' title='bbox 743 2393 923 2468; x_wconf 71' lang='grc' dir='ltr'>τούτῳ</span> <span class='ocrx_word' id='word_1_263' title='bbox 976 2394 1277 2469; x_wconf 77' lang='grc' dir='ltr'>μυστηρίῳ,</span> <span class='ocrx_word' id='word_1_264' title='bbox 1328 2392 1597 2469; x_wconf 75' lang='grc' dir='ltr'>ἀπέτυχον</span> <span class='ocrx_word' id='word_1_265' title='bbox 1637 2398 1736 2448; x_wconf 79' lang='grc' dir='ltr'>τοῦ</span> <span class='ocrx_word' id='word_1_266' title='bbox 1778 2398 1873 2465; x_wconf 86' lang='grc' dir='ltr'>ζη-</span> 
     </span>
    </p>
   </div>
   <div class='ocr_carea' id='block_1_40' title="bbox 221 2480 1872 2560">
    <p class='ocr_par' dir='ltr' id='par_1_40' title="bbox 221 2480 1872 2560">
     <span class='ocr_line' id='line_1_40' title="bbox 221 2480 1872 2560; baseline -0.001 -22"><span class='ocrx_word' id='word_1_267' title='bbox 221 2483 512 2557; x_wconf 68' lang='grc' dir='ltr'>τουμένου,</span> <span class='ocrx_word' id='word_1_268' title='bbox 587 2486 663 2558; x_wconf 80' lang='grc' dir='ltr'>μὴ</span> <span class='ocrx_word' id='word_1_269' title='bbox 739 2486 1218 2560; x_wconf 83' lang='grc' dir='ltr'>προθεωρήσαντες</span> <span class='ocrx_word' id='word_1_270' title='bbox 1292 2483 1359 2538; x_wconf 74' lang='grc' dir='ltr'>τὰ</span> <span class='ocrx_word' id='word_1_271' title='bbox 1428 2485 1554 2546; x_wconf 81' lang='grc' dir='ltr'>καθ’</span> <span class='ocrx_word' id='word_1_272' title='bbox 1626 2480 1872 2537; x_wconf 61' lang='grc' dir='ltr'>ἕκαστον</span> 
     </span>
    </p>
   </div>
   <div class='ocr_carea' id='block_1_41' title="bbox 222 2568 1875 2650">
    <p class='ocr_par' dir='ltr' id='par_1_41' title="bbox 222 2568 1875 2650">
     <span class='ocr_line' id='line_1_41' title="bbox 222 2568 1875 2650; baseline -0.001 -23"><span class='ocrx_word' id='word_1_273' title='bbox 222 2572 408 2650; x_wconf 84' lang='grc' dir='ltr'>ὣσπερ</span> <span class='ocrx_word' id='word_1_274' title='bbox 441 2571 498 2627; x_wconf 76' lang='grc' dir='ltr'>δὲ</span> <span class='ocrx_word' id='word_1_275' title='bbox 529 2574 581 2628; x_wconf 73' lang='grc' dir='ltr'>οἳ</span> <span class='ocrx_word' id='word_1_276' title='bbox 613 2570 920 2650; x_wconf 76' lang='grc' dir='ltr'>ὁδοιπορεῖν</span> <span class='ocrx_word' id='word_1_277' title='bbox 978 2571 1270 2645; x_wconf 72' lang='grc' dir='ltr'>μέλλοντες</span> <span class='ocrx_word' id='word_1_278' title='bbox 1319 2576 1426 2627; x_wconf 88' lang='grc' dir='ltr'>τῶν</span> <span class='ocrx_word' id='word_1_279' title='bbox 1460 2568 1688 2650; x_wconf 74' lang='grc' dir='ltr'>ἐφοδίων</span> <span class='ocrx_word' id='word_1_280' title='bbox 1730 2576 1875 2647; x_wconf 89' lang='grc' dir='ltr'>πρῶ-</span> 
     </span>
    </p>
   </div>
   <div class='ocr_carea' id='block_1_42' title="bbox 222 2658 1872 2739">
    <p class='ocr_par' dir='ltr' id='par_1_42' title="bbox 222 2658 1872 2739">
     <span class='ocr_line' id='line_1_42' title="bbox 222 2658 1872 2739; baseline -0.001 -22"><span class='ocrx_word' id='word_1_281' title='bbox 222 2683 319 2718; x_wconf 89' lang='grc' dir='ltr'>τον</span> <span class='ocrx_word' id='word_1_282' title='bbox 375 2661 775 2739; x_wconf 79' lang='grc' dir='ltr'>φροντίζουσιν,</span> <span class='ocrx_word' id='word_1_283' title='bbox 833 2660 1005 2722; x_wconf 73' lang='grc' dir='ltr'>οὕτως</span> <span class='ocrx_word' id='word_1_284' title='bbox 1060 2661 1149 2716; x_wconf 85' lang='grc' dir='ltr'>καὶ</span> <span class='ocrx_word' id='word_1_285' title='bbox 1206 2659 1364 2730; x_wconf 73' lang='grc' dir='ltr'>αὕτη,</span> <span class='ocrx_word' id='word_1_286' title='bbox 1410 2660 1591 2736; x_wconf 86' lang='grc' dir='ltr'>ὣσπερ</span> <span class='ocrx_word' id='word_1_287' title='bbox 1634 2658 1872 2737; x_wconf 75' lang='grc' dir='ltr'>ἐφοδίοις</span> 
     </span>
    </p>
   </div>
   <div class='ocr_carea' id='block_1_43' title="bbox 227 2746 1871 2825">
    <p class='ocr_par' dir='ltr' id='par_1_43' title="bbox 227 2746 1871 2825">
     <span class='ocr_line' id='line_1_43' title="bbox 227 2746 1871 2825; baseline -0.001 -20"><span class='ocrx_word' id='word_1_288' title='bbox 227 2751 469 2825; x_wconf 67' lang='grc' dir='ltr'>ἑαυτὴν,ο</span> <span class='ocrx_word' id='word_1_289' title='bbox 499 2755 616 2812; x_wconf 87' lang='grc' dir='ltr'>τοῖς</span> <span class='ocrx_word' id='word_1_290' title='bbox 666 2749 836 2805; x_wconf 81' lang='grc' dir='ltr'>πάλαι</span> <span class='ocrx_word' id='word_1_291' title='bbox 885 2749 1072 2811; x_wconf 82' lang='grc' dir='ltr'>πόνοις</span> <span class='ocrx_word' id='word_1_292' title='bbox 1121 2748 1493 2822; x_wconf 74' lang='grc' dir='ltr'>εὖτρεπίσασα,</span> <span class='ocrx_word' id='word_1_293' title='bbox 1549 2746 1719 2811; x_wconf 81' lang='grc' dir='ltr'>ἀδεῶς</span> <span class='ocrx_word' id='word_1_294' title='bbox 1773 2749 1871 2818; x_wconf 75' lang='grc' dir='ltr'>τήν</span> 
     </span>
    </p>
   </div>
   <div class='ocr_carea' id='block_1_44' title="bbox 220 2837 1871 2915">
    <p class='ocr_par' dir='ltr' id='par_1_44' title="bbox 220 2837 1871 2915">
     <span class='ocr_line' id='line_1_44' title="bbox 220 2837 1871 2915; baseline -0.002 -20"><span class='ocrx_word' id='word_1_295' title='bbox 220 2838 315 2895; x_wconf 68' lang='grc' dir='ltr'>ἐπὶ</span> <span class='ocrx_word' id='word_1_296' title='bbox 372 2840 439 2893; x_wconf 70' lang='grc' dir='ltr'>τὰ</span> <span class='ocrx_word' id='word_1_297' title='bbox 495 2839 603 2894; x_wconf 81' lang='grc' dir='ltr'>ἂνω</span> <span class='ocrx_word' id='word_1_298' title='bbox 661 2838 879 2915; x_wconf 82' lang='grc' dir='ltr'>πορείαν</span> <span class='ocrx_word' id='word_1_299' title='bbox 932 2837 1246 2908; x_wconf 73' lang='grc' dir='ltr'>ἐποιήσατο·</span> <span class='ocrx_word' id='word_1_300' title='bbox 1318 2839 1386 2893; x_wconf 71' lang='grc' dir='ltr'>τὰ</span> <span class='ocrx_word' id='word_1_301' title='bbox 1456 2839 1557 2914; x_wconf 64' lang='grc' dir='ltr'>γὰρ</span> <span class='ocrx_word' id='word_1_302' title='bbox 1635 2838 1710 2900; x_wconf 85' lang='grc' dir='ltr'>εἷς</span> <span class='ocrx_word' id='word_1_303' title='bbox 1780 2838 1871 2893; x_wconf 83' lang='grc' dir='ltr'>τὸν</span> 
     </span>
    </p>
   </div>
   <div class='ocr_carea' id='block_1_45' title="bbox 219 2926 1871 3002">
    <p class='ocr_par' dir='ltr' id='par_1_45' title="bbox 219 2926 1871 3002">
     <span class='ocr_line' id='line_1_45' title="bbox 219 2926 1871 3002; baseline 0.001 -20"><span class='ocrx_word' id='word_1_304' title='bbox 219 2927 566 3002; x_wconf 79' lang='grc' dir='ltr'>ἀπαρτισμὸν</span> <span class='ocrx_word' id='word_1_305' title='bbox 619 2934 719 2996; x_wconf 80' lang='grc' dir='ltr'>τῆς</span> <span class='ocrx_word' id='word_1_306' title='bbox 778 2926 953 2990; x_wconf 80' lang='grc' dir='ltr'>οἰκίας</span> <span class='ocrx_word' id='word_1_307' title='bbox 1002 2927 1445 3002; x_wconf 74' lang='grc' dir='ltr'>προαποθεμὲνη,</span> <span class='ocrx_word' id='word_1_308' title='bbox 1522 2926 1871 3002; x_wconf 83' lang='grc' dir='ltr'>ὀχυρώτατον</span> 
     </span>
    </p>
   </div>
   <div class='ocr_carea' id='block_1_46' title="bbox 218 3014 1875 3091">
    <p class='ocr_par' dir='ltr' id='par_1_46' title="bbox 218 3014 1875 3091">
     <span class='ocr_line' id='line_1_46' title="bbox 218 3014 1875 3091; baseline 0 -20"><span class='ocrx_word' id='word_1_309' title='bbox 218 3016 321 3071; x_wconf 75' lang='grc' dir='ltr'>τὸν</span> <span class='ocrx_word' id='word_1_310' title='bbox 381 3017 574 3085; x_wconf 73' lang='grc' dir='ltr'>ἑαυτῆς</span> <span class='ocrx_word' id='word_1_311' title='bbox 618 3014 842 3089; x_wconf 74' lang='grc' dir='ltr'>ἐξετέλει</span> <span class='ocrx_word' id='word_1_312' title='bbox 888 3014 1119 3091; x_wconf 74' lang='grc' dir='ltr'>πύργον.</span> <span class='ocrx_word' id='word_1_313' title='bbox 1180 3015 1279 3070; x_wconf 82' lang='grc' dir='ltr'>Καὶ</span> <span class='ocrx_word' id='word_1_314' title='bbox 1320 3015 1384 3070; x_wconf 88' lang='grc' dir='ltr'>τὸ</span> <span class='ocrx_word' id='word_1_315' title='bbox 1441 3016 1535 3089; x_wconf 71' lang='grc' dir='ltr'>μὲν</span> <span class='ocrx_word' id='word_1_316' title='bbox 1585 3018 1704 3079; x_wconf 76' lang='grc' dir='ltr'>καθ’</span> <span class='ocrx_word' id='word_1_317' title='bbox 1733 3017 1875 3072; x_wconf 77' lang='grc' dir='ltr'>ἱστο-</span> 
     </span>
    </p>
   </div>
   <div class='ocr_carea' id='block_1_47' title="bbox 222 3098 1870 3182">
    <p class='ocr_par' dir='ltr' id='par_1_47' title="bbox 222 3098 1870 3182">
     <span class='ocr_line' id='line_1_47' title="bbox 222 3098 1870 3182; baseline -0.001 -22"><span class='ocrx_word' id='word_1_318' title='bbox 222 3104 350 3182; x_wconf 83' lang='grc' dir='ltr'>ρίαν</span> <span class='ocrx_word' id='word_1_319' title='bbox 381 3109 488 3160; x_wconf 87' lang='grc' dir='ltr'>τῶν</span> <span class='ocrx_word' id='word_1_320' title='bbox 520 3103 837 3178; x_wconf 75' lang='grc' dir='ltr'>οἷ’κημάτων</span> <span class='ocrx_word' id='word_1_321' title='bbox 869 3103 999 3175; x_wconf 91' lang='grc' dir='ltr'>ποίη</span> <span class='ocrx_word' id='word_1_322' title='bbox 1012 3125 1085 3176; x_wconf 89' lang='grc' dir='ltr'>μα</span> <span class='ocrx_word' id='word_1_323' title='bbox 1115 3102 1174 3159; x_wconf 79' lang='grc' dir='ltr'>ἐκ</span> <span class='ocrx_word' id='word_1_324' title='bbox 1200 3108 1305 3158; x_wconf 89' lang='grc' dir='ltr'>τῶν</span> <span class='ocrx_word' id='word_1_325' title='bbox 1340 3098 1529 3175; x_wconf 79' lang='grc' dir='ltr'>ἔξωθεν</span> <span class='ocrx_word' id='word_1_326' title='bbox 1581 3104 1725 3160; x_wconf 80' lang='grc' dir='ltr'>ὑλῶν</span> <span class='ocrx_word' id='word_1_327' title='bbox 1775 3126 1870 3159; x_wconf 89' lang='grc' dir='ltr'>κα-</span> 
     </span>
    </p>
   </div>
   <div class='ocr_carea' id='block_1_48' title="bbox 215 3191 1868 3269">
    <p class='ocr_par' dir='ltr' id='par_1_48' title="bbox 215 3191 1868 3269">
     <span class='ocr_line' id='line_1_48' title="bbox 215 3191 1868 3269; baseline -0.001 -20"><span class='ocrx_word' id='word_1_328' title='bbox 215 3195 625 3263; x_wconf 76' lang='grc' dir='ltr'>τασκευάζεται·</span> <span class='ocrx_word' id='word_1_329' title='bbox 659 3192 793 3264; x_wconf 63' lang='grc' dir='ltr'>αὕτη</span> <span class='ocrx_word' id='word_1_330' title='bbox 830 3191 887 3247; x_wconf 74' lang='grc' dir='ltr'>δὲ</span> <span class='ocrx_word' id='word_1_331' title='bbox 915 3193 977 3247; x_wconf 90' lang='grc' dir='ltr'>τὸ</span> <span class='ocrx_word' id='word_1_332' title='bbox 1009 3192 1243 3248; x_wconf 80' lang='grc' dir='ltr'>ἐναντίον</span> <span class='ocrx_word' id='word_1_333' title='bbox 1289 3192 1602 3264; x_wconf 60' lang='grc' dir='ltr'>πεποίηκεν</span> <span class='ocrx_word' id='word_1_334' title='bbox 1649 3193 1712 3248; x_wconf 78' lang='grc' dir='ltr'>οὑ</span> <span class='ocrx_word' id='word_1_335' title='bbox 1768 3194 1868 3269; x_wconf 76' lang='grc' dir='ltr'>γὰρ</span> 
     </span>
    </p>
   </div>
   <div class='ocr_carea' id='block_1_49' title="bbox 2056 2034 3631 2110">
    <p class='ocr_par' dir='ltr' id='par_1_49' title="bbox 2056 2034 3631 2110">
     <span class='ocr_line' id='line_1_49' title="bbox 2056 2034 3631 2110; baseline -0.001 -16"><span class='ocrx_word' id='word_1_336' title='bbox 2056 2039 2142 2095; x_wconf 88' lang='grc'>13.</span> <span class='ocrx_word' id='word_1_337' title='bbox 2176 2039 2241 2094; x_wconf 91' lang='lat' dir='ltr'>In</span> <span class='ocrx_word' id='word_1_338' title='bbox 2274 2035 2533 2110; x_wconf 83' lang='lat' dir='ltr'>paternis</span> <span class='ocrx_word' id='word_1_339' title='bbox 2557 2051 2699 2092; x_wconf 89' lang='lat' dir='ltr'>sane</span> <span class='ocrx_word' id='word_1_340' title='bbox 2728 2034 2972 2107; x_wconf 83' lang='lat' dir='ltr'>aedibus,</span> <span class='ocrx_word' id='word_1_341' title='bbox 2997 2036 3126 2106; x_wconf 91' lang='lat' dir='ltr'>jam</span> <span class='ocrx_word' id='word_1_342' title='bbox 3157 2038 3292 2092; x_wconf 86' lang='lat' dir='ltr'>ante</span> <span class='ocrx_word' id='word_1_343' title='bbox 3339 2053 3456 2093; x_wconf 91' lang='lat' dir='ltr'>non</span> <span class='ocrx_word' id='word_1_344' title='bbox 3505 2053 3631 2093; x_wconf 91' lang='lat' dir='ltr'>mo-</span> 
     </span>
    </p>
   </div>
   <div class='ocr_carea' id='block_1_50' title="bbox 1984 2122 3636 2198">
    <p class='ocr_par' dir='ltr' id='par_1_50' title="bbox 1984 2122 3636 2198">
     <span class='ocr_line' id='line_1_50' title="bbox 1984 2122 3636 2198; baseline -0.001 -14"><span class='ocrx_word' id='word_1_345' title='bbox 1984 2128 2177 2184; x_wconf 88' lang='lat' dir='ltr'>dicam</span> <span class='ocrx_word' id='word_1_346' title='bbox 2234 2122 2750 2182; x_wconf 86' lang='lat' dir='ltr'>exercitationibus</span> <span class='ocrx_word' id='word_1_347' title='bbox 2796 2140 3035 2196; x_wconf 89' lang='lat' dir='ltr'>operam</span> <span class='ocrx_word' id='word_1_348' title='bbox 3085 2125 3344 2196; x_wconf 88' lang='lat' dir='ltr'>dederat,</span> <span class='ocrx_word' id='word_1_349' title='bbox 3378 2129 3636 2198; x_wconf 88' lang='lat' dir='ltr'>tuncque</span> 
     </span>
    </p>
   </div>
   <div class='ocr_carea' id='block_1_51' title="bbox 1982 2212 3636 2285">
    <p class='ocr_par' dir='ltr' id='par_1_51' title="bbox 1982 2212 3636 2285">
     <span class='ocr_line' id='line_1_51' title="bbox 1982 2212 3636 2285; baseline -0.001 -13"><span class='ocrx_word' id='word_1_350' title='bbox 1982 2216 2043 2273; x_wconf 92' lang='lat' dir='ltr'>in</span> <span class='ocrx_word' id='word_1_351' title='bbox 2074 2215 2248 2273; x_wconf 87' lang='lat' dir='ltr'>stadii</span> <span class='ocrx_word' id='word_1_352' title='bbox 2281 2214 2540 2271; x_wconf 90' lang='lat' dir='ltr'>medium</span> <span class='ocrx_word' id='word_1_353' title='bbox 2571 2217 2722 2283; x_wconf 85' lang='lat' dir='ltr'>acta,</span> <span class='ocrx_word' id='word_1_354' title='bbox 2753 2212 3071 2270; x_wconf 80' lang='lat' dir='ltr'>virtutibus</span> <span class='ocrx_word' id='word_1_355' title='bbox 3101 2214 3458 2285; x_wconf 84' lang='lat' dir='ltr'>proﬁciebat.</span> <span class='ocrx_word' id='word_1_356' title='bbox 3492 2215 3636 2272; x_wconf 84' lang='lat' dir='ltr'>Con-</span> 
     </span>
    </p>
   </div>
   <div class='ocr_carea' id='block_1_52' title="bbox 1982 2302 3634 2376">
    <p class='ocr_par' dir='ltr' id='par_1_52' title="bbox 1982 2302 3634 2376">
     <span class='ocr_line' id='line_1_52' title="bbox 1982 2302 3634 2376; baseline -0.001 -14"><span class='ocrx_word' id='word_1_357' title='bbox 1982 2310 2076 2362; x_wconf 90' lang='lat' dir='ltr'>tra</span> <span class='ocrx_word' id='word_1_358' title='bbox 2096 2321 2231 2361; x_wconf 89' lang='lat' dir='ltr'>vero</span> <span class='ocrx_word' id='word_1_359' title='bbox 2252 2306 2542 2376; x_wconf 87' lang='lat' dir='ltr'>quotquot</span> <span class='ocrx_word' id='word_1_360' title='bbox 2568 2302 2790 2374; x_wconf 87' lang='lat' dir='ltr'>absque</span> <span class='ocrx_word' id='word_1_361' title='bbox 2811 2302 3222 2359; x_wconf 86' lang='lat' dir='ltr'>exercitatione</span> <span class='ocrx_word' id='word_1_362' title='bbox 3243 2312 3296 2359; x_wconf 89' lang='lat' dir='ltr'>et</span> <span class='ocrx_word' id='word_1_363' title='bbox 3315 2303 3634 2376; x_wconf 87' lang='lat' dir='ltr'>incogitan-</span> 
     </span>
    </p>
   </div>
   <div class='ocr_carea' id='block_1_53' title="bbox 1984 2391 3633 2465">
    <p class='ocr_par' dir='ltr' id='par_1_53' title="bbox 1984 2391 3633 2465">
     <span class='ocr_line' id='line_1_53' title="bbox 1984 2391 3633 2465; baseline -0.001 -14"><span class='ocrx_word' id='word_1_364' title='bbox 1984 2395 2105 2451; x_wconf 87' lang='lat' dir='ltr'>tius</span> <span class='ocrx_word' id='word_1_365' title='bbox 2134 2394 2207 2449; x_wconf 88' lang='lat' dir='ltr'>ad</span> <span class='ocrx_word' id='word_1_366' title='bbox 2232 2393 2343 2449; x_wconf 87' lang='lat' dir='ltr'>hoc</span> <span class='ocrx_word' id='word_1_367' title='bbox 2373 2391 2637 2448; x_wconf 91' lang='lat' dir='ltr'>divinum</span> <span class='ocrx_word' id='word_1_368' title='bbox 2668 2391 3015 2464; x_wconf 81' lang='lat' dir='ltr'>mysterium</span> <span class='ocrx_word' id='word_1_369' title='bbox 3049 2392 3393 2461; x_wconf 87' lang='lat' dir='ltr'>accedunt,a</span> <span class='ocrx_word' id='word_1_370' title='bbox 3424 2410 3633 2465; x_wconf 91' lang='lat' dir='ltr'>propo-</span> 
     </span>
    </p>
   </div>
   <div class='ocr_carea' id='block_1_54' title="bbox 1983 2479 3632 2555">
    <p class='ocr_par' dir='ltr' id='par_1_54' title="bbox 1983 2479 3632 2555">
     <span class='ocr_line' id='line_1_54' title="bbox 1983 2479 3632 2555; baseline -0.001 -15"><span class='ocrx_word' id='word_1_371' title='bbox 1983 2484 2096 2541; x_wconf 89' lang='lat' dir='ltr'>sito</span> <span class='ocrx_word' id='word_1_372' title='bbox 2125 2482 2416 2549; x_wconf 80' lang='lat' dir='ltr'>excidunt,</span> <span class='ocrx_word' id='word_1_373' title='bbox 2451 2480 2588 2553; x_wconf 91' lang='lat' dir='ltr'>quia</span> <span class='ocrx_word' id='word_1_374' title='bbox 2615 2480 2813 2536; x_wconf 89' lang='lat' dir='ltr'>animo</span> <span class='ocrx_word' id='word_1_375' title='bbox 2858 2479 3093 2553; x_wconf 86' lang='lat' dir='ltr'>singula</span> <span class='ocrx_word' id='word_1_376' title='bbox 3148 2498 3264 2537; x_wconf 91' lang='lat' dir='ltr'>non</span> <span class='ocrx_word' id='word_1_377' title='bbox 3323 2498 3632 2555; x_wconf 83' lang='lat' dir='ltr'>prospexe-</span> 
     </span>
    </p>
   </div>
   <div class='ocr_carea' id='block_1_55' title="bbox 1984 2569 3630 2643">
    <p class='ocr_par' dir='ltr' id='par_1_55' title="bbox 1984 2569 3630 2643">
     <span class='ocr_line' id='line_1_55' title="bbox 1984 2569 3630 2643; baseline -0.002 -14"><span class='ocrx_word' id='word_1_378' title='bbox 1984 2578 2137 2629; x_wconf 87' lang='lat' dir='ltr'>rant.</span> <span class='ocrx_word' id='word_1_379' title='bbox 2197 2573 2267 2627; x_wconf 80' lang='lat' dir='ltr'>At</span> <span class='ocrx_word' id='word_1_380' title='bbox 2316 2569 2438 2636; x_wconf 86' lang='lat' dir='ltr'>illa,</span> <span class='ocrx_word' id='word_1_381' title='bbox 2472 2569 2970 2641; x_wconf 88' lang='lat' dir='ltr'>quemadmodum</span> <span class='ocrx_word' id='word_1_382' title='bbox 3003 2570 3104 2642; x_wconf 87' lang='lat' dir='ltr'>qui</span> <span class='ocrx_word' id='word_1_383' title='bbox 3136 2571 3245 2626; x_wconf 89' lang='lat' dir='ltr'>iter</span> <span class='ocrx_word' id='word_1_384' title='bbox 3277 2571 3630 2643; x_wconf 87' lang='lat' dir='ltr'>suscipiunt,</span> 
     </span>
    </p>
   </div>
   <div class='ocr_carea' id='block_1_56' title="bbox 1981 2657 3636 2733">
    <p class='ocr_par' dir='ltr' id='par_1_56' title="bbox 1981 2657 3636 2733">
     <span class='ocr_line' id='line_1_56' title="bbox 1981 2657 3636 2733; baseline -0.002 -15"><span class='ocrx_word' id='word_1_385' title='bbox 1981 2662 2238 2718; x_wconf 84' lang='lat' dir='ltr'>vaticum</span> <span class='ocrx_word' id='word_1_386' title='bbox 2270 2659 2459 2733; x_wconf 89' lang='lat' dir='ltr'>primo</span> <span class='ocrx_word' id='word_1_387' title='bbox 2489 2658 2601 2715; x_wconf 90' lang='lat' dir='ltr'>sibi</span> <span class='ocrx_word' id='word_1_388' title='bbox 2633 2657 3047 2731; x_wconf 75' lang='lat' dir='ltr'>provident,ita</span> <span class='ocrx_word' id='word_1_389' title='bbox 3071 2675 3174 2714; x_wconf 89' lang='lat' dir='ltr'>ceu</span> <span class='ocrx_word' id='word_1_390' title='bbox 3203 2659 3636 2731; x_wconf 81' lang='lat' dir='ltr'>viatico,pristi-</span> 
     </span>
    </p>
   </div>
   <div class='ocr_carea' id='block_1_57' title="bbox 1985 2748 3635 2816">
    <p class='ocr_par' dir='ltr' id='par_1_57' title="bbox 1985 2748 3635 2816">
     <span class='ocr_line' id='line_1_57' title="bbox 1985 2748 3635 2816; baseline -0.002 -10"><span class='ocrx_word' id='word_1_391' title='bbox 1985 2751 2078 2806; x_wconf 88' lang='lat' dir='ltr'>nis</span> <span class='ocrx_word' id='word_1_392' title='bbox 2104 2749 2408 2806; x_wconf 87' lang='lat' dir='ltr'>laboribus</span> <span class='ocrx_word' id='word_1_393' title='bbox 2435 2748 2772 2816; x_wconf 83' lang='lat' dir='ltr'>exercitata,</span> <span class='ocrx_word' id='word_1_394' title='bbox 2805 2751 2973 2803; x_wconf 88' lang='lat' dir='ltr'>caute</span> <span class='ocrx_word' id='word_1_395' title='bbox 3002 2748 3155 2804; x_wconf 74' lang='lat'>618</span> <span class='ocrx_word' id='word_1_396' title='bbox 3187 2754 3246 2804; x_wconf 86' lang='lat' dir='ltr'>et</span> <span class='ocrx_word' id='word_1_397' title='bbox 3274 2765 3478 2805; x_wconf 87' lang='lat' dir='ltr'>secure</span> <span class='ocrx_word' id='word_1_398' title='bbox 3523 2749 3635 2805; x_wconf 90' lang='lat' dir='ltr'>iter</span> 
     </span>
    </p>
   </div>
   <div class='ocr_carea' id='block_1_58' title="bbox 1982 2838 3636 2912">
    <p class='ocr_par' dir='ltr' id='par_1_58' title="bbox 1982 2838 3636 2912">
     <span class='ocr_line' id='line_1_58' title="bbox 1982 2838 3636 2912; baseline -0.003 -15"><span class='ocrx_word' id='word_1_399' title='bbox 1982 2840 2056 2897; x_wconf 82' lang='lat' dir='ltr'>ad</span> <span class='ocrx_word' id='word_1_400' title='bbox 2089 2856 2345 2912; x_wconf 89' lang='lat' dir='ltr'>superna</span> <span class='ocrx_word' id='word_1_401' title='bbox 2374 2838 2640 2910; x_wconf 82' lang='lat' dir='ltr'>ingressa</span> <span class='ocrx_word' id='word_1_402' title='bbox 2672 2841 2760 2893; x_wconf 89' lang='lat' dir='ltr'>est</span> <span class='ocrx_word' id='word_1_403' title='bbox 2790 2853 2805 2892; x_wconf 90' lang='lat'><strong>:</strong></span> <span class='ocrx_word' id='word_1_404' title='bbox 2835 2839 3176 2908; x_wconf 60' lang='lat' dir='ltr'>praeparatis</span> <span class='ocrx_word' id='word_1_405' title='bbox 3206 2838 3422 2910; x_wconf 89' lang='lat' dir='ltr'>quippe</span> <span class='ocrx_word' id='word_1_406' title='bbox 3451 2838 3636 2896; x_wconf 90' lang='lat' dir='ltr'>omni-</span> 
     </span>
    </p>
   </div>
   <div class='ocr_carea' id='block_1_59' title="bbox 1983 2926 3636 3001">
    <p class='ocr_par' dir='ltr' id='par_1_59' title="bbox 1983 2926 3636 3001">
     <span class='ocr_line' id='line_1_59' title="bbox 1983 2926 3636 3001; baseline -0.001 -16"><span class='ocrx_word' id='word_1_407' title='bbox 1983 2929 2096 2985; x_wconf 89' lang='lat' dir='ltr'>bus</span> <span class='ocrx_word' id='word_1_408' title='bbox 2117 2946 2244 3001; x_wconf 71' lang='lat' dir='ltr'>quze</span> <span class='ocrx_word' id='word_1_409' title='bbox 2264 2930 2462 2984; x_wconf 80' lang='lat' dir='ltr'>essent</span> <span class='ocrx_word' id='word_1_410' title='bbox 2480 2927 2553 2983; x_wconf 90' lang='lat' dir='ltr'>ad</span> <span class='ocrx_word' id='word_1_411' title='bbox 2584 2926 3000 2983; x_wconf 82' lang='lat' dir='ltr'>exstruendam</span> <span class='ocrx_word' id='word_1_412' title='bbox 3032 2927 3273 2982; x_wconf 89' lang='lat' dir='ltr'>domum</span> <span class='ocrx_word' id='word_1_413' title='bbox 3303 2928 3470 2997; x_wconf 86' lang='lat' dir='ltr'>satis,</span> <span class='ocrx_word' id='word_1_414' title='bbox 3500 2944 3636 2983; x_wconf 87' lang='lat' dir='ltr'>mu-</span> 
     </span>
    </p>
   </div>
   <div class='ocr_carea' id='block_1_60' title="bbox 1984 3014 3634 3088">
    <p class='ocr_par' dir='ltr' id='par_1_60' title="bbox 1984 3014 3634 3088">
     <span class='ocr_line' id='line_1_60' title="bbox 1984 3014 3634 3088; baseline 0 -15"><span class='ocrx_word' id='word_1_415' title='bbox 1984 3018 2340 3075; x_wconf 83' lang='lat' dir='ltr'>nitissimam</span> <span class='ocrx_word' id='word_1_416' title='bbox 2371 3018 2580 3072; x_wconf 86' lang='lat' dir='ltr'>turrim</span> <span class='ocrx_word' id='word_1_417' title='bbox 2611 3015 2724 3072; x_wconf 78' lang='lat' dir='ltr'>sibi</span> <span class='ocrx_word' id='word_1_418' title='bbox 2754 3014 3194 3083; x_wconf 88' lang='lat' dir='ltr'>absolvit.Quod</span> <span class='ocrx_word' id='word_1_419' title='bbox 3229 3021 3455 3088; x_wconf 90' lang='lat' dir='ltr'>spectat</span> <span class='ocrx_word' id='word_1_420' title='bbox 3477 3016 3634 3073; x_wconf 88' lang='lat' dir='ltr'>enim</span> 
     </span>
    </p>
   </div>
   <div class='ocr_carea' id='block_1_61' title="bbox 1980 3102 3634 3175">
    <p class='ocr_par' dir='ltr' id='par_1_61' title="bbox 1980 3102 3634 3175">
     <span class='ocr_line' id='line_1_61' title="bbox 1980 3102 3634 3175; baseline -0.001 -13"><span class='ocrx_word' id='word_1_421' title='bbox 1980 3106 2198 3163; x_wconf 69' lang='lat' dir='ltr'>aedium</span> <span class='ocrx_word' id='word_1_422' title='bbox 2229 3108 2610 3175; x_wconf 87' lang='lat' dir='ltr'>structuram,</span> <span class='ocrx_word' id='word_1_423' title='bbox 2633 3108 2869 3160; x_wconf 81' lang='lat' dir='ltr'>externa</span> <span class='ocrx_word' id='word_1_424' title='bbox 2896 3102 3006 3159; x_wconf 84' lang='lat' dir='ltr'>illae</span> <span class='ocrx_word' id='word_1_425' title='bbox 3034 3105 3282 3161; x_wconf 90' lang='lat' dir='ltr'>materia</span> <span class='ocrx_word' id='word_1_426' title='bbox 3309 3105 3634 3162; x_wconf 83' lang='lat' dir='ltr'>conﬁciun-</span> 
     </span>
    </p>
   </div>
   <div class='ocr_carea' id='block_1_62' title="bbox 1982 3192 3634 3264">
    <p class='ocr_par' dir='ltr' id='par_1_62' title="bbox 1982 3192 3634 3264">
     <span class='ocr_line' id='line_1_62' title="bbox 1982 3192 3634 3264; baseline -0.001 -12"><span class='ocrx_word' id='word_1_427' title='bbox 1982 3199 2081 3252; x_wconf 91' lang='lat' dir='ltr'>tur</span> <span class='ocrx_word' id='word_1_428' title='bbox 2112 3212 2125 3250; x_wconf 89' lang='lat'>:</span> <span class='ocrx_word' id='word_1_429' title='bbox 2155 3199 2215 3252; x_wconf 90' lang='lat' dir='ltr'>at</span> <span class='ocrx_word' id='word_1_430' title='bbox 2240 3193 2342 3250; x_wconf 89' lang='lat' dir='ltr'>illa</span> <span class='ocrx_word' id='word_1_431' title='bbox 2369 3192 2663 3251; x_wconf 88' lang='lat' dir='ltr'>contraria</span> <span class='ocrx_word' id='word_1_432' title='bbox 2692 3193 2862 3264; x_wconf 91' lang='lat' dir='ltr'>plane</span> <span class='ocrx_word' id='word_1_433' title='bbox 2888 3192 3128 3263; x_wconf 82' lang='lat' dir='ltr'>ratione,</span> <span class='ocrx_word' id='word_1_434' title='bbox 3162 3210 3279 3250; x_wconf 92' lang='lat' dir='ltr'>non</span> <span class='ocrx_word' id='word_1_435' title='bbox 3332 3199 3634 3251; x_wconf 81' lang='lat' dir='ltr'>externam</span> 
     </span>
    </p>
   </div>
   <div class='ocr_carea' id='block_1_63' title="bbox 218 3257 1871 3358">
    <p class='ocr_par' dir='ltr' id='par_1_63' title="bbox 218 3257 1868 3357">
     <span class='ocr_line' id='line_1_63' title="bbox 218 3257 1868 3357; baseline -0.001 -19"><span class='ocrx_word' id='word_1_436' title='bbox 218 3282 326 3344; x_wconf 74' lang='grc' dir='ltr'>τὰς</span> <span class='ocrx_word' id='word_1_437' title='bbox 358 3257 548 3353; x_wconf 61' lang='grc' dir='ltr'>ἔξωόεν</span> <span class='ocrx_word' id='word_1_438' title='bbox 580 3281 714 3343; x_wconf 70' lang='grc' dir='ltr'>ὕλας</span> <span class='ocrx_word' id='word_1_439' title='bbox 746 3257 1060 3357; x_wconf 71' lang='grc' dir='ltr'>συνήγαγεν,</span> <span class='ocrx_word' id='word_1_440' title='bbox 1092 3277 1239 3335; x_wconf 84' lang='grc' dir='ltr'>ἀλλά</span> <span class='ocrx_word' id='word_1_441' title='bbox 1272 3257 1487 3354; x_wconf 73' lang='grc' dir='ltr'>μᾶλλον</span> <span class='ocrx_word' id='word_1_442' title='bbox 1533 3281 1626 3343; x_wconf 75' lang='grc' dir='ltr'>τὰς</span> <span class='ocrx_word' id='word_1_443' title='bbox 1671 3257 1868 3336; x_wconf 67' lang='grc' dir='ltr'>ἔσωθεν</span> 
     </span>
    </p>
   </div>
   <div class='ocr_carea' id='block_1_64' title="bbox 1990 3257 3639 3358">
    <p class='ocr_par' dir='ltr' id='par_1_64' title="bbox 1990 3257 3639 3358">
     <span class='ocr_line' id='line_1_64' title="bbox 1990 3257 3639 3358; baseline 0 -16"><span class='ocrx_word' id='word_1_444' title='bbox 1990 3286 2293 3343; x_wconf 88' lang='lat' dir='ltr'>materiam</span> <span class='ocrx_word' id='word_1_445' title='bbox 2325 3257 2918 3358; x_wconf 45' lang='lat' dir='ltr'>colligit,imo-potius</span> <span class='ocrx_word' id='word_1_446' title='bbox 2949 3257 3237 3341; x_wconf 83' lang='lat' dir='ltr'>internam</span> <span class='ocrx_word' id='word_1_447' title='bbox 3268 3285 3444 3357; x_wconf 77' lang='lat' dir='ltr'>ejioit.</span> <span class='ocrx_word' id='word_1_448' title='bbox 3480 3286 3639 3342; x_wconf 91' lang='lat' dir='ltr'>Bona</span> 
     </span>
    </p>
   </div>
   <div class='ocr_carea' id='block_1_65' title="bbox 220 3366 1872 3446">
    <p class='ocr_par' dir='ltr' id='par_1_65' title="bbox 220 3366 1872 3446">
     <span class='ocr_line' id='line_1_65' title="bbox 220 3366 1872 3446; baseline -0.001 -18"><span class='ocrx_word' id='word_1_449' title='bbox 220 3372 476 3428; x_wconf 78' lang='grc' dir='ltr'>ἐκένωσε.</span> <span class='ocrx_word' id='word_1_450' title='bbox 510 3372 593 3428; x_wconf 84' lang='grc' dir='ltr'><strong>Τὰ</strong></span> <span class='ocrx_word' id='word_1_451' title='bbox 620 3371 720 3446; x_wconf 71' lang='grc' dir='ltr'>γὰρ</span> <span class='ocrx_word' id='word_1_452' title='bbox 751 3372 1015 3446; x_wconf 76' lang='grc' dir='ltr'>χρήματα</span> <span class='ocrx_word' id='word_1_453' title='bbox 1055 3370 1250 3439; x_wconf 70' lang='grc' dir='ltr'>ἑαυτῆς</span> <span class='ocrx_word' id='word_1_454' title='bbox 1300 3366 1558 3425; x_wconf 70' lang='grc' dir='ltr'>διοιδοῦσα</span> <span class='ocrx_word' id='word_1_455' title='bbox 1602 3375 1721 3433; x_wconf 86' lang='grc' dir='ltr'>τοῖς</span> <span class='ocrx_word' id='word_1_456' title='bbox 1779 3370 1872 3426; x_wconf 69' lang='grc' dir='ltr'>πί-</span> 
     </span>
    </p>
   </div>
   <div class='ocr_carea' id='block_1_66' title="bbox 212 3456 1872 3534">
    <p class='ocr_par' dir='ltr' id='par_1_66' title="bbox 212 3456 1872 3534">
     <span class='ocr_line' id='line_1_66' title="bbox 212 3456 1872 3534; baseline 0 -20"><span class='ocrx_word' id='word_1_457' title='bbox 212 3481 366 3529; x_wconf 71' lang='grc' dir='ltr'>νῃσι,</span> <span class='ocrx_word' id='word_1_458' title='bbox 399 3459 487 3513; x_wconf 84' lang='grc' dir='ltr'>καὶ</span> <span class='ocrx_word' id='word_1_459' title='bbox 516 3456 890 3514; x_wconf 74' lang='grc' dir='ltr'>καταλιποῦσα</span> <span class='ocrx_word' id='word_1_460' title='bbox 921 3459 1086 3534; x_wconf 71' lang='grc' dir='ltr'>ὀργὴν</span> <span class='ocrx_word' id='word_1_461' title='bbox 1119 3458 1209 3512; x_wconf 67' lang='grc' dir='ltr'>καὶ</span> <span class='ocrx_word' id='word_1_462' title='bbox 1241 3457 1620 3531; x_wconf 72' lang='grc' dir='ltr'>μνησικακίαν,</span> <span class='ocrx_word' id='word_1_463' title='bbox 1653 3460 1872 3514; x_wconf 82' lang='grc' dir='ltr'>ἀπωσα-</span> 
     </span>
    </p>
   </div>
   <div class='ocr_carea' id='block_1_67' title="bbox 221 3544 1871 3624">
    <p class='ocr_par' dir='ltr' id='par_1_67' title="bbox 221 3544 1871 3624">
     <span class='ocr_line' id='line_1_67' title="bbox 221 3544 1871 3624; baseline -0.001 -21"><span class='ocrx_word' id='word_1_464' title='bbox 221 3548 366 3621; x_wconf 69' lang='grc' dir='ltr'>μένη</span> <span class='ocrx_word' id='word_1_465' title='bbox 418 3544 476 3602; x_wconf 74' lang='grc' dir='ltr'>δὲ</span> <span class='ocrx_word' id='word_1_466' title='bbox 522 3547 612 3602; x_wconf 87' lang='grc' dir='ltr'>καὶ</span> <span class='ocrx_word' id='word_1_467' title='bbox 656 3546 855 3624; x_wconf 81' lang='grc' dir='ltr'>φθόνον</span> <span class='ocrx_word' id='word_1_468' title='bbox 902 3546 990 3602; x_wconf 85' lang='grc' dir='ltr'>καὶ</span> <span class='ocrx_word' id='word_1_469' title='bbox 1050 3544 1387 3624; x_wconf 72' lang='grc' dir='ltr'>φιλοδοξίαν,</span> <span class='ocrx_word' id='word_1_470' title='bbox 1418 3545 1747 3621; x_wconf 83' lang='grc' dir='ltr'>ᾠκοδόμησε</span> <span class='ocrx_word' id='word_1_471' title='bbox 1772 3549 1871 3618; x_wconf 79' lang='grc' dir='ltr'>τὴν</span> 
     </span>
    </p>
   </div>
   <div class='ocr_carea' id='block_1_68' title="bbox 217 3635 1875 3714">
    <p class='ocr_par' dir='ltr' id='par_1_68' title="bbox 217 3635 1875 3714">
     <span class='ocr_line' id='line_1_68' title="bbox 217 3635 1875 3714; baseline -0.002 -21"><span class='ocrx_word' id='word_1_472' title='bbox 217 3635 403 3693; x_wconf 83' lang='grc' dir='ltr'>οἰκίαν</span> <span class='ocrx_word' id='word_1_473' title='bbox 437 3636 633 3706; x_wconf 74' lang='grc' dir='ltr'>ἑαυτῆς</span> <span class='ocrx_word' id='word_1_474' title='bbox 665 3635 752 3691; x_wconf 71' lang='grc' dir='ltr'>ἐπὶ</span> <span class='ocrx_word' id='word_1_475' title='bbox 783 3636 882 3705; x_wconf 76' lang='grc' dir='ltr'>τὴν</span> <span class='ocrx_word' id='word_1_476' title='bbox 909 3635 1130 3710; x_wconf 68' lang='grc' dir='ltr'>πέτραν,</span> <span class='ocrx_word' id='word_1_477' title='bbox 1161 3636 1230 3705; x_wconf 74' lang='grc' dir='ltr'>ἧς</span> <span class='ocrx_word' id='word_1_478' title='bbox 1260 3637 1555 3714; x_wconf 72' lang='grc' dir='ltr'>περιφανὴς</span> <span class='ocrx_word' id='word_1_479' title='bbox 1586 3638 1614 3692; x_wconf 87' lang='grc' dir='ltr'>ὁ</span> <span class='ocrx_word' id='word_1_480' title='bbox 1666 3636 1875 3712; x_wconf 82' lang='grc' dir='ltr'>πύργος</span> 
     </span>
    </p>
   </div>
   <div class='ocr_carea' id='block_1_69' title="bbox 217 3722 952 3799">
    <p class='ocr_par' dir='ltr' id='par_1_69' title="bbox 217 3722 952 3799">
     <span class='ocr_line' id='line_1_69' title="bbox 217 3722 952 3799; baseline -0.003 -17"><span class='ocrx_word' id='word_1_481' title='bbox 217 3725 318 3782; x_wconf 77' lang='grc' dir='ltr'>καὶ</span> <span class='ocrx_word' id='word_1_482' title='bbox 351 3724 685 3799; x_wconf 78' lang='grc' dir='ltr'>ἀγείμαστος</span> <span class='ocrx_word' id='word_1_483' title='bbox 716 3727 752 3793; x_wconf 81' lang='grc' dir='ltr'>ἡ</span> <span class='ocrx_word' id='word_1_484' title='bbox 786 3722 952 3780; x_wconf 84' lang='grc' dir='ltr'>οἰκία.</span> 
     </span>
    </p>
   </div>
   <div class='ocr_carea' id='block_1_70' title="bbox 306 3817 1875 3899">
    <p class='ocr_par' dir='ltr' id='par_1_70' title="bbox 306 3817 1875 3899">
     <span class='ocr_line' id='line_1_70' title="bbox 306 3817 1875 3899; baseline -0.001 -20"><span class='ocrx_word' id='word_1_485' title='bbox 306 3825 390 3878; x_wconf 81' lang='grc'>14.</span> <span class='ocrx_word' id='word_1_486' title='bbox 424 3822 525 3879; x_wconf 78' lang='grc' dir='ltr'>Καὶ</span> <span class='ocrx_word' id='word_1_487' title='bbox 571 3821 624 3876; x_wconf 89' lang='grc' dir='ltr'>τί</span> <span class='ocrx_word' id='word_1_488' title='bbox 673 3820 860 3877; x_wconf 83' lang='grc' dir='ltr'>πολλὰ</span> <span class='ocrx_word' id='word_1_489' title='bbox 906 3820 1089 3898; x_wconf 78' lang='grc' dir='ltr'>λέγω;</span> <span class='ocrx_word' id='word_1_490' title='bbox 1143 3817 1457 3897; x_wconf 73' lang='grc' dir='ltr'>ὑπερέϐαινε</span> <span class='ocrx_word' id='word_1_491' title='bbox 1493 3824 1595 3899; x_wconf 83' lang='grc' dir='ltr'>γάρ</span> <span class='ocrx_word' id='word_1_492' title='bbox 1645 3820 1733 3877; x_wconf 76' lang='grc' dir='ltr'>διὰ</span> <span class='ocrx_word' id='word_1_493' title='bbox 1768 3825 1875 3877; x_wconf 85' lang='grc' dir='ltr'>τῶν</span> 
     </span>
    </p>
   </div>
   <div class='ocr_carea' id='block_1_71' title="bbox 222 3907 1874 3988">
    <p class='ocr_par' dir='ltr' id='par_1_71' title="bbox 222 3907 1874 3988">
     <span class='ocr_line' id='line_1_71' title="bbox 222 3907 1874 3988; baseline -0.001 -21"><span class='ocrx_word' id='word_1_494' title='bbox 222 3912 421 3987; x_wconf 87' lang='grc' dir='ltr'>ἀρχῶν</span> <span class='ocrx_word' id='word_1_495' title='bbox 474 3911 564 3966; x_wconf 81' lang='grc' dir='ltr'>καὶ</span> <span class='ocrx_word' id='word_1_496' title='bbox 609 3911 707 3973; x_wconf 85' lang='grc' dir='ltr'>τάς</span> <span class='ocrx_word' id='word_1_497' title='bbox 750 3909 801 3964; x_wconf 83' lang='grc' dir='ltr'>ἐν</span> <span class='ocrx_word' id='word_1_498' title='bbox 841 3907 944 3983; x_wconf 71' lang='grc' dir='ltr'>ἕξει</span> <span class='ocrx_word' id='word_1_499' title='bbox 975 3914 1072 3979; x_wconf 77' lang='grc' dir='ltr'>τοῦ</span> <span class='ocrx_word' id='word_1_500' title='bbox 1107 3913 1376 3985; x_wconf 75' lang='grc' dir='ltr'>μονήρους</span> <span class='ocrx_word' id='word_1_501' title='bbox 1413 3911 1533 3988; x_wconf 84' lang='grc' dir='ltr'>βίου</span> <span class='ocrx_word' id='word_1_502' title='bbox 1560 3911 1874 3988; x_wconf 75' lang='grc' dir='ltr'>τυγχανού-</span> 
     </span>
    </p>
   </div>
   <div class='ocr_carea' id='block_1_72' title="bbox 218 3997 1872 4077">
    <p class='ocr_par' dir='ltr' id='par_1_72' title="bbox 218 3997 1872 4077">
     <span class='ocr_line' id='line_1_72' title="bbox 218 3997 1872 4077; baseline 0.001 -23"><span class='ocrx_word' id='word_1_503' title='bbox 218 4020 344 4060; x_wconf 85' lang='grc' dir='ltr'>σας.</span> <span class='ocrx_word' id='word_1_504' title='bbox 390 4002 591 4075; x_wconf 79' lang='grc' dir='ltr'>’Ώσπερ</span> <span class='ocrx_word' id='word_1_505' title='bbox 638 4000 739 4075; x_wconf 67' lang='grc' dir='ltr'>γὰρ</span> <span class='ocrx_word' id='word_1_506' title='bbox 784 3998 852 4053; x_wconf 78' lang='grc' dir='ltr'>τὰ</span> <span class='ocrx_word' id='word_1_507' title='bbox 903 3997 1227 4077; x_wconf 69' lang='grc' dir='ltr'>εὐφυέστατα</span> <span class='ocrx_word' id='word_1_508' title='bbox 1266 4005 1373 4054; x_wconf 88' lang='grc' dir='ltr'>τῶν</span> <span class='ocrx_word' id='word_1_509' title='bbox 1427 3997 1678 4069; x_wconf 88' lang='grc' dir='ltr'>παιδίων,</span> <span class='ocrx_word' id='word_1_510' title='bbox 1712 3999 1788 4055; x_wconf 83' lang='grc' dir='ltr'>ἔτι</span> <span class='ocrx_word' id='word_1_511' title='bbox 1821 4000 1872 4055; x_wconf 80' lang='grc' dir='ltr'>ἐν</span> 
     </span>
    </p>
   </div>
   <div class='ocr_carea' id='block_1_73' title="bbox 219 4083 1874 4160">
    <p class='ocr_par' dir='ltr' id='par_1_73' title="bbox 219 4083 1874 4160">
     <span class='ocr_line' id='line_1_73' title="bbox 219 4083 1874 4160; baseline -0.001 -15"><span class='ocrx_word' id='word_1_512' title='bbox 219 4093 349 4149; x_wconf 86' lang='grc' dir='ltr'>ταῖς</span> <span class='ocrx_word' id='word_1_513' title='bbox 400 4083 699 4150; x_wconf 73' lang='grc' dir='ltr'>συλλαϐαῖς</span> <span class='ocrx_word' id='word_1_514' title='bbox 753 4083 904 4156; x_wconf 74' lang='grc' dir='ltr'>ὄντα,</span> <span class='ocrx_word' id='word_1_515' title='bbox 950 4086 1294 4160; x_wconf 79' lang='grc' dir='ltr'>ἁμιλλῶνται</span> <span class='ocrx_word' id='word_1_516' title='bbox 1335 4093 1451 4150; x_wconf 89' lang='grc' dir='ltr'>τοῖς</span> <span class='ocrx_word' id='word_1_517' title='bbox 1483 4087 1534 4142; x_wconf 82' lang='grc' dir='ltr'>ἐν</span> <span class='ocrx_word' id='word_1_518' title='bbox 1567 4088 1758 4160; x_wconf 72' lang='grc' dir='ltr'>ἡλικίᾳ</span> <span class='ocrx_word' id='word_1_519' title='bbox 1784 4089 1874 4144; x_wconf 83' lang='grc' dir='ltr'>καὶ</span> 
     </span>
    </p>
   </div>
   <div class='ocr_carea' id='block_1_74' title="bbox 222 4174 1874 4252">
    <p class='ocr_par' dir='ltr' id='par_1_74' title="bbox 222 4174 1874 4252">
     <span class='ocr_line' id='line_1_74' title="bbox 222 4174 1874 4252; baseline 0.001 -20"><span class='ocrx_word' id='word_1_520' title='bbox 222 4174 407 4232; x_wconf 71' lang='grc' dir='ltr'>πλείω</span> <span class='ocrx_word' id='word_1_521' title='bbox 454 4177 652 4252; x_wconf 87' lang='grc' dir='ltr'>χρόνον</span> <span class='ocrx_word' id='word_1_522' title='bbox 704 4175 892 4252; x_wconf 70' lang='grc' dir='ltr'>ἔχουσι</span> <span class='ocrx_word' id='word_1_523' title='bbox 940 4176 1086 4250; x_wconf 81' lang='grc' dir='ltr'>παρὰ</span> <span class='ocrx_word' id='word_1_524' title='bbox 1133 4182 1249 4239; x_wconf 90' lang='grc' dir='ltr'>τοῖς</span> <span class='ocrx_word' id='word_1_525' title='bbox 1314 4174 1679 4239; x_wconf 58' lang='grc' dir='ltr'>διδασκάλοις</span> <span class='ocrx_word' id='word_1_526' title='bbox 1731 4178 1874 4233; x_wconf 78' lang='grc' dir='ltr'>οὕτω</span> 
     </span>
    </p>
   </div>
   <div class='ocr_carea' id='block_1_75' title="bbox 220 4264 1875 4342">
    <p class='ocr_par' dir='ltr' id='par_1_75' title="bbox 220 4264 1875 4342">
     <span class='ocr_line' id='line_1_75' title="bbox 220 4264 1875 4342; baseline 0.001 -23"><span class='ocrx_word' id='word_1_527' title='bbox 220 4265 319 4319; x_wconf 78' lang='grc' dir='ltr'>καὶ</span> <span class='ocrx_word' id='word_1_528' title='bbox 371 4264 530 4338; x_wconf 69' lang='grc' dir='ltr'>αὕτη,</span> <span class='ocrx_word' id='word_1_529' title='bbox 584 4267 776 4335; x_wconf 81' lang='grc' dir='ltr'>ζέουσα</span> <span class='ocrx_word' id='word_1_530' title='bbox 816 4269 895 4337; x_wconf 82' lang='grc' dir='ltr'>τῷ</span> <span class='ocrx_word' id='word_1_531' title='bbox 942 4264 1228 4338; x_wconf 78' lang='grc' dir='ltr'>πνεύματι,</span> <span class='ocrx_word' id='word_1_532' title='bbox 1279 4265 1580 4342; x_wconf 73' lang='grc' dir='ltr'>παρέτρεχε</span> <span class='ocrx_word' id='word_1_533' title='bbox 1625 4267 1720 4329; x_wconf 86' lang='grc' dir='ltr'>τάς</span> <span class='ocrx_word' id='word_1_534' title='bbox 1752 4266 1875 4323; x_wconf 79' lang='grc' dir='ltr'>λοι-</span> 
     </span>
    </p>
   </div>
   <div class='ocr_carea' id='block_1_76' title="bbox 222 4352 361 4427">
    <p class='ocr_par' dir='ltr' id='par_1_76' title="bbox 222 4352 361 4427">
     <span class='ocr_line' id='line_1_76' title="bbox 222 4352 361 4427; baseline -0.022 -18"><span class='ocrx_word' id='word_1_535' title='bbox 222 4352 333 4415; x_wconf 76' lang='grc' dir='ltr'>πάς</span> <span class='ocrx_word' id='word_1_536' title='bbox 342 4399 361 4427; x_wconf 43' lang='grc' dir='ltr'>ζ</span> 
     </span>
    </p>
   </div>
   <div class='ocr_carea' id='block_1_77' title="bbox 307 4441 1875 4518">
    <p class='ocr_par' dir='ltr' id='par_1_77' title="bbox 307 4441 1875 4518">
     <span class='ocr_line' id='line_1_77' title="bbox 307 4441 1875 4518; baseline 0.003 -22"><span class='ocrx_word' id='word_1_537' title='bbox 307 4444 391 4498; x_wconf 89' lang='grc'>15.</span> <span class='ocrx_word' id='word_1_538' title='bbox 418 4441 517 4496; x_wconf 88' lang='grc' dir='ltr'>Τὸν</span> <span class='ocrx_word' id='word_1_539' title='bbox 554 4443 648 4514; x_wconf 74' lang='grc' dir='ltr'>μὲν</span> <span class='ocrx_word' id='word_1_540' title='bbox 691 4442 783 4498; x_wconf 78' lang='grc' dir='ltr'>οὗν</span> <span class='ocrx_word' id='word_1_541' title='bbox 844 4441 1153 4518; x_wconf 82' lang='grc' dir='ltr'>ἔμπρακτον</span> <span class='ocrx_word' id='word_1_542' title='bbox 1212 4442 1380 4513; x_wconf 77' lang='grc' dir='ltr'>αὐτῆς</span> <span class='ocrx_word' id='word_1_543' title='bbox 1438 4443 1527 4497; x_wconf 80' lang='grc' dir='ltr'>καί</span> <span class='ocrx_word' id='word_1_544' title='bbox 1584 4443 1875 4514; x_wconf 86' lang='grc' dir='ltr'>ἀσκητικὸν</span> 
     </span>
    </p>
   </div>
   <div class='ocr_carea' id='block_1_78' title="bbox 234 4528 1876 4610">
    <p class='ocr_par' dir='ltr' id='par_1_78' title="bbox 234 4528 1876 4610">
     <span class='ocr_line' id='line_1_78' title="bbox 234 4528 1876 4610; baseline 0.004 -26"><span class='ocrx_word' id='word_1_545' title='bbox 234 4530 357 4604; x_wconf 81' lang='grc' dir='ltr'>βίον</span> <span class='ocrx_word' id='word_1_546' title='bbox 406 4529 583 4605; x_wconf 69' lang='grc' dir='ltr'>λέγειν</span> <span class='ocrx_word' id='word_1_547' title='bbox 640 4528 1029 4605; x_wconf 81' lang='grc' dir='ltr'>ἀδυνατοῦμεν,</span> <span class='ocrx_word' id='word_1_548' title='bbox 1098 4530 1316 4607; x_wconf 79' lang='grc' dir='ltr'>ἐπείπερ</span> <span class='ocrx_word' id='word_1_549' title='bbox 1382 4530 1506 4587; x_wconf 73' lang='grc' dir='ltr'>οὐδὲ</span> <span class='ocrx_word' id='word_1_550' title='bbox 1580 4535 1876 4610; x_wconf 81' lang='grc' dir='ltr'>συνεχώρει</span> 
     </span>
    </p>
   </div>
   <div class='ocr_carea' id='block_1_79' title="bbox 1985 3372 3635 3448">
    <p class='ocr_par' dir='ltr' id='par_1_79' title="bbox 1985 3372 3635 3448">
     <span class='ocr_line' id='line_1_79' title="bbox 1985 3372 3635 3448; baseline -0.001 -17"><span class='ocrx_word' id='word_1_551' title='bbox 1985 3375 2202 3448; x_wconf 90' lang='lat' dir='ltr'>quippe</span> <span class='ocrx_word' id='word_1_552' title='bbox 2231 3392 2340 3431; x_wconf 87' lang='lat' dir='ltr'>sua</span> <span class='ocrx_word' id='word_1_553' title='bbox 2369 3372 2609 3447; x_wconf 90' lang='lat' dir='ltr'>elargita</span> <span class='ocrx_word' id='word_1_554' title='bbox 2648 3372 3027 3445; x_wconf 85' lang='lat' dir='ltr'>pauperibus,</span> <span class='ocrx_word' id='word_1_555' title='bbox 3061 3374 3326 3446; x_wconf 88' lang='lat' dir='ltr'>deposita</span> <span class='ocrx_word' id='word_1_556' title='bbox 3354 3375 3460 3445; x_wconf 90' lang='lat' dir='ltr'>ira,</span> <span class='ocrx_word' id='word_1_557' title='bbox 3480 3374 3635 3446; x_wconf 86' lang='lat' dir='ltr'>inju-</span> 
     </span>
    </p>
   </div>
   <div class='ocr_carea' id='block_1_80' title="bbox 1983 3462 3635 3537">
    <p class='ocr_par' dir='ltr' id='par_1_80' title="bbox 1983 3462 3635 3537">
     <span class='ocr_line' id='line_1_80' title="bbox 1983 3462 3635 3537; baseline -0.001 -16"><span class='ocrx_word' id='word_1_558' title='bbox 1983 3465 2326 3537; x_wconf 87' lang='lat' dir='ltr'>riarumque</span> <span class='ocrx_word' id='word_1_559' title='bbox 2356 3463 2660 3529; x_wconf 89' lang='lat' dir='ltr'>memoria,</span> <span class='ocrx_word' id='word_1_560' title='bbox 2692 3463 2938 3534; x_wconf 82' lang='lat' dir='ltr'>depulsa</span> <span class='ocrx_word' id='word_1_561' title='bbox 2967 3462 3189 3520; x_wconf 87' lang='lat' dir='ltr'>invidia</span> <span class='ocrx_word' id='word_1_562' title='bbox 3218 3467 3276 3519; x_wconf 91' lang='lat' dir='ltr'>et</span> <span class='ocrx_word' id='word_1_563' title='bbox 3306 3463 3501 3536; x_wconf 58' lang='lat' dir='ltr'>gloria</span> <span class='ocrx_word' id='word_1_564' title='bbox 3530 3480 3635 3520; x_wconf 89' lang='lat' dir='ltr'>cu-</span> 
     </span>
    </p>
   </div>
   <div class='ocr_carea' id='block_1_81' title="bbox 1984 3551 3630 3627">
    <p class='ocr_par' dir='ltr' id='par_1_81' title="bbox 1984 3551 3630 3627">
     <span class='ocr_line' id='line_1_81' title="bbox 1984 3551 3630 3627; baseline -0.001 -17"><span class='ocrx_word' id='word_1_565' title='bbox 1984 3554 2245 3627; x_wconf 87' lang='lat' dir='ltr'>piditate,</span> <span class='ocrx_word' id='word_1_566' title='bbox 2278 3554 2520 3610; x_wconf 88' lang='lat' dir='ltr'>domum</span> <span class='ocrx_word' id='word_1_567' title='bbox 2553 3568 2722 3608; x_wconf 89' lang='lat' dir='ltr'>suam</span> <span class='ocrx_word' id='word_1_568' title='bbox 2780 3551 3089 3609; x_wconf 70' lang='lat' dir='ltr'>aediﬁcavit</span> <span class='ocrx_word' id='word_1_569' title='bbox 3145 3569 3325 3626; x_wconf 88' lang='lat' dir='ltr'>supra</span> <span class='ocrx_word' id='word_1_570' title='bbox 3379 3557 3630 3624; x_wconf 88' lang='lat' dir='ltr'>petram,</span> 
     </span>
    </p>
   </div>
   <div class='ocr_carea' id='block_1_82' title="bbox 1984 3640 3631 3716">
    <p class='ocr_par' dir='ltr' id='par_1_82' title="bbox 1984 3640 3631 3716">
     <span class='ocr_line' id='line_1_82' title="bbox 1984 3640 3631 3716; baseline -0.002 -16"><span class='ocrx_word' id='word_1_571' title='bbox 1984 3644 2155 3715; x_wconf 86' lang='lat' dir='ltr'>cujus</span> <span class='ocrx_word' id='word_1_572' title='bbox 2186 3642 2497 3716; x_wconf 90' lang='lat' dir='ltr'>splendida</span> <span class='ocrx_word' id='word_1_573' title='bbox 2517 3641 2698 3698; x_wconf 90' lang='lat' dir='ltr'>turris</span> <span class='ocrx_word' id='word_1_574' title='bbox 2726 3646 2870 3710; x_wconf 88' lang='lat' dir='ltr'>erat,</span> <span class='ocrx_word' id='word_1_575' title='bbox 2886 3644 2944 3696; x_wconf 89' lang='lat' dir='ltr'>et</span> <span class='ocrx_word' id='word_1_576' title='bbox 2970 3640 3154 3698; x_wconf 80' lang='lat' dir='ltr'>nullis</span> <span class='ocrx_word' id='word_1_577' title='bbox 3181 3641 3631 3713; x_wconf 89' lang='lat' dir='ltr'>tempestatibus</span> 
     </span>
    </p>
   </div>
   <div class='ocr_carea' id='block_1_83' title="bbox 1983 3731 2252 3789">
    <p class='ocr_par' dir='ltr' id='par_1_83' title="bbox 1983 3731 2252 3789">
     <span class='ocr_line' id='line_1_83' title="bbox 1983 3731 2252 3789; baseline -0.011 0"><span class='ocrx_word' id='word_1_578' title='bbox 1983 3731 2252 3789; x_wconf 85' lang='lat' dir='ltr'>obnoxia.</span> 
     </span>
    </p>
   </div>
   <div class='ocr_carea' id='block_1_84' title="bbox 2057 3817 3627 3892">
    <p class='ocr_par' dir='ltr' id='par_1_84' title="bbox 2057 3817 3627 3892">
     <span class='ocr_line' id='line_1_84' title="bbox 2057 3817 3627 3892; baseline -0.001 -16"><span class='ocrx_word' id='word_1_579' title='bbox 2057 3822 2145 3877; x_wconf 84' lang='grc'>14.</span> <span class='ocrx_word' id='word_1_580' title='bbox 2174 3821 2283 3876; x_wconf 86' lang='lat' dir='ltr'>Sed</span> <span class='ocrx_word' id='word_1_581' title='bbox 2315 3819 2455 3892; x_wconf 90' lang='lat' dir='ltr'>quid</span> <span class='ocrx_word' id='word_1_582' title='bbox 2487 3817 2674 3874; x_wconf 89' lang='lat' dir='ltr'>multa</span> <span class='ocrx_word' id='word_1_583' title='bbox 2702 3818 2875 3875; x_wconf 82' lang='lat' dir='ltr'>dico?</span> <span class='ocrx_word' id='word_1_584' title='bbox 2917 3819 3214 3890; x_wconf 85' lang='lat' dir='ltr'>superavit</span> <span class='ocrx_word' id='word_1_585' title='bbox 3268 3820 3486 3892; x_wconf 90' lang='lat' dir='ltr'>quippe</span> <span class='ocrx_word' id='word_1_586' title='bbox 3539 3820 3627 3875; x_wconf 88' lang='lat' dir='ltr'>vel</span> 
     </span>
    </p>
   </div>
   <div class='ocr_carea' id='block_1_85' title="bbox 1984 3908 3630 3982">
    <p class='ocr_par' dir='ltr' id='par_1_85' title="bbox 1984 3908 3630 3982">
     <span class='ocr_line' id='line_1_85' title="bbox 1984 3908 3630 3982; baseline -0.001 -17"><span class='ocrx_word' id='word_1_587' title='bbox 1984 3910 2112 3982; x_wconf 87' lang='lat' dir='ltr'>ipso</span> <span class='ocrx_word' id='word_1_588' title='bbox 2171 3908 2355 3978; x_wconf 89' lang='lat' dir='ltr'>initio,</span> <span class='ocrx_word' id='word_1_589' title='bbox 2412 3925 2511 3964; x_wconf 88' lang='lat' dir='ltr'>eas</span> <span class='ocrx_word' id='word_1_590' title='bbox 2558 3925 2683 3980; x_wconf 81' lang='lat' dir='ltr'>quae</span> <span class='ocrx_word' id='word_1_591' title='bbox 2713 3908 3048 3965; x_wconf 68' lang='lat' dir='ltr'>monasticae</span> <span class='ocrx_word' id='word_1_592' title='bbox 3076 3908 3203 3964; x_wconf 65' lang='lat' dir='ltr'>vitae</span> <span class='ocrx_word' id='word_1_593' title='bbox 3233 3914 3630 3966; x_wconf 85' lang='lat' dir='ltr'>assueverant.</span> 
     </span>
    </p>
   </div>
   <div class='ocr_carea' id='block_1_86' title="bbox 1984 3996 3631 4070">
    <p class='ocr_par' dir='ltr' id='par_1_86' title="bbox 1984 3996 3631 4070">
     <span class='ocr_line' id='line_1_86' title="bbox 1984 3996 3631 4070; baseline -0.001 -15"><span class='ocrx_word' id='word_1_594' title='bbox 1984 3998 2148 4055; x_wconf 87' lang='lat' dir='ltr'>Sicut</span> <span class='ocrx_word' id='word_1_595' title='bbox 2176 3998 2333 4053; x_wconf 89' lang='lat' dir='ltr'>enim</span> <span class='ocrx_word' id='word_1_596' title='bbox 2364 3997 2530 4070; x_wconf 90' lang='lat' dir='ltr'>pueri</span> <span class='ocrx_word' id='word_1_597' title='bbox 2587 3996 2687 4067; x_wconf 92' lang='lat' dir='ltr'>qui</span> <span class='ocrx_word' id='word_1_598' title='bbox 2743 3997 2965 4053; x_wconf 88' lang='lat' dir='ltr'>acriore</span> <span class='ocrx_word' id='word_1_599' title='bbox 3021 4002 3162 4054; x_wconf 86' lang='lat' dir='ltr'>sunt</span> <span class='ocrx_word' id='word_1_600' title='bbox 3210 3997 3433 4069; x_wconf 84' lang='lat' dir='ltr'>ingenii</span> <span class='ocrx_word' id='word_1_601' title='bbox 3487 3997 3631 4065; x_wconf 90' lang='lat' dir='ltr'>acie,</span> 
     </span>
    </p>
   </div>
   <div class='ocr_carea' id='block_1_87' title="bbox 1986 4085 3630 4160">
    <p class='ocr_par' dir='ltr' id='par_1_87' title="bbox 1986 4085 3630 4160">
     <span class='ocr_line' id='line_1_87' title="bbox 1986 4085 3630 4160; baseline -0.002 -16"><span class='ocrx_word' id='word_1_602' title='bbox 1986 4087 2256 4160; x_wconf 81' lang='lat' dir='ltr'>quamvis</span> <span class='ocrx_word' id='word_1_603' title='bbox 2278 4086 2469 4143; x_wconf 89' lang='lat' dir='ltr'>adhuc</span> <span class='ocrx_word' id='word_1_604' title='bbox 2486 4087 2544 4141; x_wconf 89' lang='lat' dir='ltr'>in</span> <span class='ocrx_word' id='word_1_605' title='bbox 2567 4085 2807 4158; x_wconf 78' lang='lat' dir='ltr'>syllabis</span> <span class='ocrx_word' id='word_1_606' title='bbox 2830 4090 3153 4157; x_wconf 89' lang='lat' dir='ltr'>versentur,</span> <span class='ocrx_word' id='word_1_607' title='bbox 3177 4102 3311 4142; x_wconf 89' lang='lat' dir='ltr'>cum</span> <span class='ocrx_word' id='word_1_608' title='bbox 3333 4087 3406 4142; x_wconf 86' lang='lat' dir='ltr'>iis</span> <span class='ocrx_word' id='word_1_609' title='bbox 3435 4092 3630 4143; x_wconf 87' lang='lat' dir='ltr'>tamen</span> 
     </span>
    </p>
   </div>
   <div class='ocr_carea' id='block_1_88' title="bbox 1985 4174 3634 4247">
    <p class='ocr_par' dir='ltr' id='par_1_88' title="bbox 1985 4174 3634 4247">
     <span class='ocr_line' id='line_1_88' title="bbox 1985 4174 3634 4247; baseline -0.001 -14"><span class='ocrx_word' id='word_1_610' title='bbox 1985 4176 2368 4244; x_wconf 85' lang='lat' dir='ltr'>contendunt,</span> <span class='ocrx_word' id='word_1_611' title='bbox 2430 4174 2533 4247; x_wconf 89' lang='lat' dir='ltr'>qui</span> <span class='ocrx_word' id='word_1_612' title='bbox 2580 4181 2638 4231; x_wconf 89' lang='lat' dir='ltr'>et</span> <span class='ocrx_word' id='word_1_613' title='bbox 2664 4179 2832 4231; x_wconf 74' lang='lat' dir='ltr'>actate</span> <span class='ocrx_word' id='word_1_614' title='bbox 2863 4177 3115 4247; x_wconf 82' lang='lat' dir='ltr'>majores</span> <span class='ocrx_word' id='word_1_615' title='bbox 3144 4180 3286 4232; x_wconf 89' lang='lat' dir='ltr'>sunt</span> <span class='ocrx_word' id='word_1_616' title='bbox 3313 4194 3380 4232; x_wconf 89' lang='lat' dir='ltr'>ac</span> <span class='ocrx_word' id='word_1_617' title='bbox 3410 4175 3634 4232; x_wconf 89' lang='lat' dir='ltr'>diutius</span> 
     </span>
    </p>
   </div>
   <div class='ocr_carea' id='block_1_89' title="bbox 1986 4263 3633 4338">
    <p class='ocr_par' dir='ltr' id='par_1_89' title="bbox 1986 4263 3633 4338">
     <span class='ocr_line' id='line_1_89' title="bbox 1986 4263 3633 4338; baseline -0.001 -15"><span class='ocrx_word' id='word_1_618' title='bbox 1986 4266 2300 4338; x_wconf 87' lang='lat' dir='ltr'>magistros</span> <span class='ocrx_word' id='word_1_619' title='bbox 2326 4266 2793 4337; x_wconf 79' lang='lat' dir='ltr'>frequentarunt,</span> <span class='ocrx_word' id='word_1_620' title='bbox 2820 4265 2904 4320; x_wconf 90' lang='lat' dir='ltr'>ita</span> <span class='ocrx_word' id='word_1_621' title='bbox 2931 4269 2989 4320; x_wconf 92' lang='lat' dir='ltr'>et</span> <span class='ocrx_word' id='word_1_622' title='bbox 3017 4263 3120 4320; x_wconf 90' lang='lat' dir='ltr'>illa</span> <span class='ocrx_word' id='word_1_623' title='bbox 3149 4265 3359 4336; x_wconf 85' lang='lat' dir='ltr'>spiritu</span> <span class='ocrx_word' id='word_1_624' title='bbox 3409 4266 3633 4322; x_wconf 81' lang='lat' dir='ltr'>fervens</span> 
     </span>
    </p>
   </div>
   <div class='ocr_carea' id='block_1_90' title="bbox 1985 4352 2765 4426">
    <p class='ocr_par' dir='ltr' id='par_1_90' title="bbox 1985 4352 2765 4426">
     <span class='ocr_line' id='line_1_90' title="bbox 1985 4352 2765 4426; baseline -0.004 -15"><span class='ocrx_word' id='word_1_625' title='bbox 1985 4360 2226 4411; x_wconf 63' lang='lat' dir='ltr'>caeteras</span> <span class='ocrx_word' id='word_1_626' title='bbox 2259 4360 2389 4426; x_wconf 90' lang='lat' dir='ltr'>post</span> <span class='ocrx_word' id='word_1_627' title='bbox 2417 4369 2481 4410; x_wconf 90' lang='lat' dir='ltr'>se</span> <span class='ocrx_word' id='word_1_628' title='bbox 2509 4352 2765 4426; x_wconf 89' lang='lat' dir='ltr'>reliquit.</span> 
     </span>
    </p>
   </div>
   <div class='ocr_carea' id='block_1_91' title="bbox 2058 4443 3634 4515">
    <p class='ocr_par' dir='ltr' id='par_1_91' title="bbox 2058 4443 3634 4515">
     <span class='ocr_line' id='line_1_91' title="bbox 2058 4443 3634 4515; baseline 0.001 -16"><span class='ocrx_word' id='word_1_629' title='bbox 2058 4445 2143 4500; x_wconf 87' lang='grc'>15.</span> <span class='ocrx_word' id='word_1_630' title='bbox 2176 4444 2488 4500; x_wconf 82' lang='lat' dir='ltr'>Actuosam</span> <span class='ocrx_word' id='word_1_631' title='bbox 2540 4443 2740 4515; x_wconf 89' lang='lat' dir='ltr'>itaque</span> <span class='ocrx_word' id='word_1_632' title='bbox 2794 4447 2852 4498; x_wconf 90' lang='lat' dir='ltr'>et</span> <span class='ocrx_word' id='word_1_633' title='bbox 2904 4443 3212 4499; x_wconf 87' lang='lat' dir='ltr'>asceticam</span> <span class='ocrx_word' id='word_1_634' title='bbox 3265 4443 3446 4501; x_wconf 89' lang='lat' dir='ltr'>vitam</span> <span class='ocrx_word' id='word_1_635' title='bbox 3504 4445 3634 4515; x_wconf 86' lang='lat' dir='ltr'>ejus</span> 
     </span>
    </p>
   </div>
   <div class='ocr_carea' id='block_1_92' title="bbox 1984 4532 3635 4604">
    <p class='ocr_par' dir='ltr' id='par_1_92' title="bbox 1984 4532 3635 4604">
     <span class='ocr_line' id='line_1_92' title="bbox 1984 4532 3635 4604; baseline -0.001 -15"><span class='ocrx_word' id='word_1_636' title='bbox 1984 4549 2257 4590; x_wconf 90' lang='lat' dir='ltr'>enarrare</span> <span class='ocrx_word' id='word_1_637' title='bbox 2298 4549 2415 4588; x_wconf 92' lang='lat' dir='ltr'>non</span> <span class='ocrx_word' id='word_1_638' title='bbox 2446 4532 2726 4603; x_wconf 87' lang='lat' dir='ltr'>valemus,</span> <span class='ocrx_word' id='word_1_639' title='bbox 2759 4533 2992 4604; x_wconf 90' lang='lat' dir='ltr'>quando</span> <span class='ocrx_word' id='word_1_640' title='bbox 3023 4532 3254 4589; x_wconf 90' lang='lat' dir='ltr'>nullum</span> <span class='ocrx_word' id='word_1_641' title='bbox 3285 4533 3520 4591; x_wconf 85' lang='lat' dir='ltr'>admisit</span> <span class='ocrx_word' id='word_1_642' title='bbox 3548 4534 3635 4588; x_wconf 87' lang='lat' dir='ltr'>vi-</span> 
     </span>
    </p>
   </div>
   <div class='ocr_carea' id='block_1_93' title="bbox 223 4617 1871 4698">
    <p class='ocr_par' dir='ltr' id='par_1_93' title="bbox 223 4617 1871 4698">
     <span class='ocr_line' id='line_1_93' title="bbox 223 4617 1871 4698; baseline 0.002 -24"><span class='ocrx_word' id='word_1_643' title='bbox 223 4618 352 4674; x_wconf 75' lang='grc' dir='ltr'>τινὰ</span> <span class='ocrx_word' id='word_1_644' title='bbox 379 4618 573 4674; x_wconf 72' lang='grc' dir='ltr'>τούτου</span> <span class='ocrx_word' id='word_1_645' title='bbox 606 4620 799 4689; x_wconf 80' lang='grc' dir='ltr'>θεατὴν</span> <span class='ocrx_word' id='word_1_646' title='bbox 846 4620 1111 4697; x_wconf 73' lang='grc' dir='ltr'>γενέσθαι.</span> <span class='ocrx_word' id='word_1_647' title='bbox 1167 4617 1311 4676; x_wconf 72' lang='grc' dir='ltr'>Οὐδέ</span> <span class='ocrx_word' id='word_1_648' title='bbox 1349 4620 1450 4696; x_wconf 72' lang='grc' dir='ltr'>γὰρ</span> <span class='ocrx_word' id='word_1_649' title='bbox 1497 4623 1736 4698; x_wconf 75' lang='grc' dir='ltr'>κήρυκας</span> <span class='ocrx_word' id='word_1_650' title='bbox 1768 4626 1871 4678; x_wconf 88' lang='grc' dir='ltr'>τῶν</span> 
     </span>
    </p>
   </div>
   <div class='ocr_carea' id='block_1_94' title="bbox 1990 4617 3635 4698">
    <p class='ocr_par' dir='ltr' id='par_1_94' title="bbox 1990 4620 3635 4694">
     <span class='ocr_line' id='line_1_94' title="bbox 1990 4620 3635 4694; baseline 0.001 -16"><span class='ocrx_word' id='word_1_651' title='bbox 1990 4628 2056 4678; x_wconf 73' lang='grc' dir='ltr'>ιω</span> <span class='ocrx_word' id='word_1_652' title='bbox 2088 4639 2209 4679; x_wconf 60' lang='lat' dir='ltr'>suae</span> <span class='ocrx_word' id='word_1_653' title='bbox 2239 4627 2645 4694; x_wconf 88' lang='lat' dir='ltr'>spectatorem.</span> <span class='ocrx_word' id='word_1_654' title='bbox 2678 4620 2874 4692; x_wconf 85' lang='lat' dir='ltr'>Neque</span> <span class='ocrx_word' id='word_1_655' title='bbox 2904 4621 3061 4677; x_wconf 87' lang='lat' dir='ltr'>enim</span> <span class='ocrx_word' id='word_1_656' title='bbox 3091 4637 3287 4677; x_wconf 89' lang='lat' dir='ltr'>rerum</span> <span class='ocrx_word' id='word_1_657' title='bbox 3319 4639 3353 4677; x_wconf 91' lang='lat' dir='ltr'><strong>a</strong></span> <span class='ocrx_word' id='word_1_658' title='bbox 3381 4640 3445 4679; x_wconf 82' lang='lat' dir='ltr'>se</span> <span class='ocrx_word' id='word_1_659' title='bbox 3488 4640 3635 4693; x_wconf 72' lang='lat' dir='ltr'>prae-</span> 
     </span>
    </p>
   </div>
   <div class='ocr_carea' id='block_1_95' title="bbox 225 4705 1876 4785">
    <p class='ocr_par' dir='ltr' id='par_1_95' title="bbox 225 4705 1876 4785">
     <span class='ocr_line' id='line_1_95' title="bbox 225 4705 1876 4785; baseline 0.003 -24"><span class='ocrx_word' id='word_1_660' title='bbox 225 4706 402 4777; x_wconf 79' lang='grc' dir='ltr'>αὖτῆς</span> <span class='ocrx_word' id='word_1_661' title='bbox 448 4705 947 4785; x_wconf 79' lang='grc' dir='ltr'>ἀνδραγαθηματων</span> <span class='ocrx_word' id='word_1_662' title='bbox 1003 4705 1194 4777; x_wconf 72' lang='grc' dir='ltr'>ἤθεάεν</span> <span class='ocrx_word' id='word_1_663' title='bbox 1247 4709 1382 4763; x_wconf 77' lang='grc' dir='ltr'>εἶναι</span> <span class='ocrx_word' id='word_1_664' title='bbox 1426 4707 1553 4771; x_wconf 71' lang='grc' dir='ltr'>τοὺς</span> <span class='ocrx_word' id='word_1_665' title='bbox 1585 4710 1876 4785; x_wconf 88' lang='grc' dir='ltr'>παρόντας.</span> 
     </span>
    </p>
   </div>
   <div class='ocr_carea' id='block_1_96' title="bbox 229 4795 1877 4874">
    <p class='ocr_par' dir='ltr' id='par_1_96' title="bbox 229 4795 1877 4874">
     <span class='ocr_line' id='line_1_96' title="bbox 229 4795 1877 4874; baseline 0 -21"><span class='ocrx_word' id='word_1_666' title='bbox 229 4798 359 4872; x_wconf 71' lang='grc' dir='ltr'>Οὐχ</span> <span class='ocrx_word' id='word_1_667' title='bbox 405 4795 578 4859; x_wconf 71' lang='grc' dir='ltr'>οὕτως</span> <span class='ocrx_word' id='word_1_668' title='bbox 625 4797 730 4872; x_wconf 79' lang='grc' dir='ltr'>γὰρ</span> <span class='ocrx_word' id='word_1_669' title='bbox 772 4799 834 4851; x_wconf 85' lang='grc' dir='ltr'>τὸ</span> <span class='ocrx_word' id='word_1_670' title='bbox 884 4796 1192 4870; x_wconf 73' lang='grc' dir='ltr'>εὖπράττειν</span> <span class='ocrx_word' id='word_1_671' title='bbox 1245 4796 1570 4874; x_wconf 73' lang='grc' dir='ltr'>ἐφυόντιζεν,</span> <span class='ocrx_word' id='word_1_672' title='bbox 1622 4797 1745 4854; x_wconf 78' lang='grc' dir='ltr'>ὅσον</span> <span class='ocrx_word' id='word_1_673' title='bbox 1776 4807 1877 4870; x_wconf 87' lang='grc' dir='ltr'>τῆς</span> 
     </span>
    </p>
   </div>
   <div class='ocr_carea' id='block_1_97' title="bbox 223 4879 1877 4962">
    <p class='ocr_par' dir='ltr' id='par_1_97' title="bbox 223 4879 1877 4962">
     <span class='ocr_line' id='line_1_97' title="bbox 223 4879 1877 4962; baseline 0.002 -22"><span class='ocrx_word' id='word_1_674' title='bbox 223 4884 428 4940; x_wconf 62' lang='grc' dir='ltr'>τούτου</span> <span class='ocrx_word' id='word_1_675' title='bbox 478 4883 725 4962; x_wconf 78' lang='grc' dir='ltr'>φυλακῆς</span> <span class='ocrx_word' id='word_1_676' title='bbox 766 4905 824 4940; x_wconf 91' lang='grc' dir='ltr'>τε</span> <span class='ocrx_word' id='word_1_677' title='bbox 879 4885 966 4941; x_wconf 76' lang='grc' dir='ltr'>καὶ</span> <span class='ocrx_word' id='word_1_678' title='bbox 1016 4879 1245 4961; x_wconf 74' lang='grc' dir='ltr'>κρυϐῆς.</span> <span class='ocrx_word' id='word_1_679' title='bbox 1294 4889 1463 4940; x_wconf 77' lang='grc' dir='ltr'>Τοῦτο</span> <span class='ocrx_word' id='word_1_680' title='bbox 1516 4883 1573 4940; x_wconf 76' lang='grc' dir='ltr'>δὲ</span> <span class='ocrx_word' id='word_1_681' title='bbox 1614 4886 1782 4942; x_wconf 80' lang='grc' dir='ltr'>ἐποίει</span> <span class='ocrx_word' id='word_1_682' title='bbox 1815 4888 1877 4944; x_wconf 78' lang='grc' dir='ltr'>οὗ</span> 
     </span>
    </p>
   </div>
   <div class='ocr_carea' id='block_1_98' title="bbox 226 4972 1876 5051">
    <p class='ocr_par' dir='ltr' id='par_1_98' title="bbox 226 4972 1876 5051">
     <span class='ocr_line' id='line_1_98' title="bbox 226 4972 1876 5051; baseline 0.005 -25"><span class='ocrx_word' id='word_1_683' title='bbox 226 4973 417 5051; x_wconf 69' lang='grc' dir='ltr'>φθόνῳ</span> <span class='ocrx_word' id='word_1_684' title='bbox 465 4974 829 5048; x_wconf 82' lang='grc' dir='ltr'>συνεχομένη,</span> <span class='ocrx_word' id='word_1_685' title='bbox 880 4972 1025 5029; x_wconf 83' lang='grc' dir='ltr'>ἀλλὰ</span> <span class='ocrx_word' id='word_1_686' title='bbox 1055 4973 1169 5044; x_wconf 64' lang='grc' dir='ltr'>θείᾳ</span> <span class='ocrx_word' id='word_1_687' title='bbox 1198 4973 1383 5048; x_wconf 73' lang='grc' dir='ltr'>χάριτι</span> <span class='ocrx_word' id='word_1_688' title='bbox 1411 4975 1876 5051; x_wconf 76' lang='grc' dir='ltr'>συγκροτουμὲνη.</span> 
     </span>
    </p>
   </div>
   <div class='ocr_carea' id='block_1_99' title="bbox 223 5061 1877 5140">
    <p class='ocr_par' dir='ltr' id='par_1_99' title="bbox 223 5061 1877 5140">
     <span class='ocr_line' id='line_1_99' title="bbox 223 5061 1877 5140; baseline 0.002 -24"><span class='ocrx_word' id='word_1_689' title='bbox 223 5062 306 5120; x_wconf 85' lang='grc' dir='ltr'>Τὸ</span> <span class='ocrx_word' id='word_1_690' title='bbox 336 5062 438 5137; x_wconf 86' lang='grc' dir='ltr'>γάρ</span> <span class='ocrx_word' id='word_1_691' title='bbox 472 5063 732 5137; x_wconf 79' lang='grc' dir='ltr'>Κυριακὸν</span> <span class='ocrx_word' id='word_1_692' title='bbox 768 5061 940 5117; x_wconf 70' lang='grc' dir='ltr'>ἐκεῖνο</span> <span class='ocrx_word' id='word_1_693' title='bbox 971 5062 1107 5116; x_wconf 80' lang='grc' dir='ltr'>κατᾶ</span> <span class='ocrx_word' id='word_1_694' title='bbox 1137 5066 1260 5115; x_wconf 78' lang='grc' dir='ltr'>νοῦν</span> <span class='ocrx_word' id='word_1_695' title='bbox 1301 5061 1454 5140; x_wconf 66' lang='grc' dir='ltr'>ἔφερε</span> <span class='ocrx_word' id='word_1_696' title='bbox 1477 5062 1542 5139; x_wconf 57' lang='lat' dir='ltr'>{Ii</span> <span class='ocrx_word' id='word_1_697' title='bbox 1556 5085 1649 5137; x_wconf 78' lang='grc' dir='ltr'>μα,</span> <span class='ocrx_word' id='word_1_698' title='bbox 1695 5067 1758 5119; x_wconf 87' lang='grc' dir='ltr'>τὸ</span> <span class='ocrx_word' id='word_1_699' title='bbox 1789 5064 1877 5121; x_wconf 78' lang='grc' dir='ltr'>λέ-</span> 
     </span>
    </p>
   </div>
   <div class='ocr_carea' id='block_1_100' title="bbox 223 5148 1877 5228">
    <p class='ocr_par' dir='ltr' id='par_1_100' title="bbox 223 5148 1877 5228">
     <span class='ocr_line' id='line_1_100' title="bbox 223 5148 1877 5228; baseline 0.003 -24"><span class='ocrx_word' id='word_1_700' title='bbox 223 5171 351 5226; x_wconf 79' lang='grc' dir='ltr'>γον,</span> <span class='ocrx_word' id='word_1_701' title='bbox 383 5151 457 5212; x_wconf 83' lang='grc' dir='ltr'>ὡς</span> <span class='ocrx_word' id='word_1_702' title='bbox 482 5148 624 5207; x_wconf 75' lang='grc' dir='ltr'>Εἶ’τι</span> <span class='ocrx_word' id='word_1_703' title='bbox 658 5150 744 5205; x_wconf 76' lang='grc' dir='ltr'>ἐὰν</span> <span class='ocrx_word' id='word_1_704' title='bbox 777 5154 911 5224; x_wconf 79' lang='grc' dir='ltr'>ποιῇ</span> <span class='ocrx_word' id='word_1_705' title='bbox 944 5152 977 5220; x_wconf 80' lang='grc' dir='ltr'>ἠ</span> <span class='ocrx_word' id='word_1_706' title='bbox 1012 5148 1157 5221; x_wconf 79' lang='grc' dir='ltr'>δεξιά</span> <span class='ocrx_word' id='word_1_707' title='bbox 1186 5171 1304 5221; x_wconf 86' lang='grc' dir='ltr'>σου,</span> <span class='ocrx_word' id='word_1_708' title='bbox 1333 5152 1407 5224; x_wconf 75' lang='grc' dir='ltr'>μὴ</span> <span class='ocrx_word' id='word_1_709' title='bbox 1442 5153 1633 5225; x_wconf 86' lang='grc' dir='ltr'>γνώτω</span> <span class='ocrx_word' id='word_1_710' title='bbox 1730 5153 1877 5228; x_wconf 88' lang='grc' dir='ltr'>ἀρισ-</span> 
     </span>
    </p>
   </div>
   <div class='ocr_carea' id='block_1_101' title="bbox 222 5237 1879 5317">
    <p class='ocr_par' dir='ltr' id='par_1_101' title="bbox 222 5237 1879 5317">
     <span class='ocr_line' id='line_1_101' title="bbox 222 5237 1879 5317; baseline 0.003 -24"><span class='ocrx_word' id='word_1_711' title='bbox 222 5237 357 5314; x_wconf 85' lang='grc' dir='ltr'>τερά</span> <span class='ocrx_word' id='word_1_712' title='bbox 390 5259 504 5295; x_wconf 90' lang='grc' dir='ltr'>σου.</span> <span class='ocrx_word' id='word_1_713' title='bbox 537 5238 724 5301; x_wconf 72' lang='grc' dir='ltr'>Οὕτως</span> <span class='ocrx_word' id='word_1_714' title='bbox 757 5240 850 5313; x_wconf 72' lang='grc' dir='ltr'>μὲν</span> <span class='ocrx_word' id='word_1_715' title='bbox 885 5237 1223 5294; x_wconf 84' lang='grc' dir='ltr'>λανθάνουσα</span> <span class='ocrx_word' id='word_1_716' title='bbox 1255 5238 1478 5309; x_wconf 70' lang='grc' dir='ltr'>ἐξετελει</span> <span class='ocrx_word' id='word_1_717' title='bbox 1508 5262 1572 5317; x_wconf 69' lang='lat' dir='ltr'>1p</span> <span class='ocrx_word' id='word_1_718' title='bbox 1603 5242 1879 5316; x_wconf 72' lang='grc' dir='ltr'>πρέποντα</span> 
     </span>
    </p>
   </div>
   <div class='ocr_carea' id='block_1_102' title="bbox 222 5325 728 5403">
    <p class='ocr_par' dir='ltr' id='par_1_102' title="bbox 222 5325 728 5403">
     <span class='ocr_line' id='line_1_102' title="bbox 222 5325 728 5403; baseline 0.002 -22"><span class='ocrx_word' id='word_1_719' title='bbox 222 5348 252 5382; x_wconf 90' lang='grc' dir='ltr'>τ</span> <span class='ocrx_word' id='word_1_720' title='bbox 262 5330 308 5399; x_wconf 84' lang='grc' dir='ltr'>ᾦ</span> <span class='ocrx_word' id='word_1_721' title='bbox 340 5325 570 5403; x_wconf 69' lang='grc' dir='ltr'>ἓπαγγὲλ</span> <span class='ocrx_word' id='word_1_722' title='bbox 579 5348 683 5401; x_wconf 89' lang='grc' dir='ltr'>ματ</span> <span class='ocrx_word' id='word_1_723' title='bbox 693 5348 728 5383; x_wconf 94' lang='grc' dir='ltr'>ι.</span> 
     </span>
    </p>
   </div>
   <div class='ocr_carea' id='block_1_103' title="bbox 303 5413 1874 5491">
    <p class='ocr_par' dir='ltr' id='par_1_103' title="bbox 303 5413 1874 5491">
     <span class='ocr_line' id='line_1_103' title="bbox 303 5413 1874 5491; baseline 0.002 -19"><span class='ocrx_word' id='word_1_724' title='bbox 303 5417 389 5472; x_wconf 84' lang='grc'>16.</span> <span class='ocrx_word' id='word_1_725' title='bbox 422 5415 561 5471; x_wconf 82' lang='grc' dir='ltr'>’Δπὸ</span> <span class='ocrx_word' id='word_1_726' title='bbox 622 5413 679 5471; x_wconf 69' lang='grc' dir='ltr'>δὲ</span> <span class='ocrx_word' id='word_1_727' title='bbox 726 5418 826 5485; x_wconf 74' lang='grc' dir='ltr'>τῆς</span> <span class='ocrx_word' id='word_1_728' title='bbox 886 5414 1110 5491; x_wconf 86' lang='grc' dir='ltr'>πρώτης</span> <span class='ocrx_word' id='word_1_729' title='bbox 1167 5413 1409 5486; x_wconf 81' lang='grc' dir='ltr'>ἡλικίας,</span> <span class='ocrx_word' id='word_1_730' title='bbox 1468 5417 1557 5472; x_wconf 86' lang='grc' dir='ltr'>καὶ</span> <span class='ocrx_word' id='word_1_731' title='bbox 1613 5417 1719 5481; x_wconf 86' lang='grc' dir='ltr'>’ἐως</span> <span class='ocrx_word' id='word_1_732' title='bbox 1775 5427 1874 5490; x_wconf 80' lang='grc' dir='ltr'>τῆς</span> 
     </span>
    </p>
   </div>
   <div class='ocr_carea' id='block_1_104' title="bbox 227 5502 1877 5585">
    <p class='ocr_par' dir='ltr' id='par_1_104' title="bbox 227 5502 1877 5585">
     <span class='ocr_line' id='line_1_104' title="bbox 227 5502 1877 5585; baseline 0.002 -25"><span class='ocrx_word' id='word_1_733' title='bbox 227 5504 593 5579; x_wconf 83' lang='grc' dir='ltr'>ἀκμαστικῆς,</span> <span class='ocrx_word' id='word_1_734' title='bbox 642 5504 705 5561; x_wconf 82' lang='grc' dir='ltr'>οὖ</span> <span class='ocrx_word' id='word_1_735' title='bbox 757 5504 923 5578; x_wconf 90' lang='grc' dir='ltr'>μόνον</span> <span class='ocrx_word' id='word_1_736' title='bbox 973 5525 1174 5568; x_wconf 86' lang='grc' dir='ltr'>παντος</span> <span class='ocrx_word' id='word_1_737' title='bbox 1220 5502 1411 5580; x_wconf 88' lang='grc' dir='ltr'>ἀνδρὸς</span> <span class='ocrx_word' id='word_1_738' title='bbox 1459 5509 1748 5585; x_wconf 80' lang='grc' dir='ltr'>συντυχίαν</span> <span class='ocrx_word' id='word_1_739' title='bbox 1780 5510 1877 5565; x_wconf 87' lang='grc' dir='ltr'>ἀπ-</span> 
     </span>
    </p>
   </div>
   <div class='ocr_carea' id='block_1_105' title="bbox 306 5721 1361 5797">
    <p class='ocr_par' dir='ltr' id='par_1_105' title="bbox 306 5721 1361 5797">
     <span class='ocr_line' id='line_1_105' title="bbox 306 5721 1361 5797; baseline -0.002 -16"><span class='ocrx_word' id='word_1_740' title='bbox 306 5722 347 5760; x_wconf 87' lang='grc'>⁶¹</span> <span class='ocrx_word' id='word_1_741' title='bbox 379 5721 533 5782; x_wconf 83' lang='lat' dir='ltr'>Psal.</span> <span class='ocrx_word' id='word_1_742' title='bbox 564 5738 727 5797; x_wconf 80' lang='lat' dir='ltr'>mn,</span> <span class='ocrx_word' id='word_1_743' title='bbox 760 5723 814 5783; x_wconf 88' lang='grc'>1.</span> <span class='ocrx_word' id='word_1_744' title='bbox 886 5723 933 5761; x_wconf 78' lang='grc'>⁶²</span> <span class='ocrx_word' id='word_1_745' title='bbox 960 5722 1168 5782; x_wconf 85' lang='lat' dir='ltr'>Matth.</span> <span class='ocrx_word' id='word_1_746' title='bbox 1199 5739 1276 5793; x_wconf 79' lang='lat' dir='ltr'>v1,</span> <span class='ocrx_word' id='word_1_747' title='bbox 1307 5723 1361 5779; x_wconf 90' lang='lat'>3.</span> 
     </span>
    </p>
   </div>
   <div class='ocr_carea' id='block_1_106' title="bbox 1988 4709 3636 4783">
    <p class='ocr_par' dir='ltr' id='par_1_106' title="bbox 1988 4709 3636 4783">
     <span class='ocr_line' id='line_1_106' title="bbox 1988 4709 3636 4783; baseline 0.001 -17"><span class='ocrx_word' id='word_1_748' title='bbox 1988 4712 2140 4767; x_wconf 89' lang='lat' dir='ltr'>clare</span> <span class='ocrx_word' id='word_1_749' title='bbox 2169 4716 2468 4783; x_wconf 89' lang='lat' dir='ltr'>gestarum</span> <span class='ocrx_word' id='word_1_750' title='bbox 2498 4726 2792 4781; x_wconf 65' lang='lat' dir='ltr'>praacones</span> <span class='ocrx_word' id='word_1_751' title='bbox 2821 4726 2951 4766; x_wconf 86' lang='lat' dir='ltr'>esse</span> <span class='ocrx_word' id='word_1_752' title='bbox 2978 4709 3208 4766; x_wconf 90' lang='lat' dir='ltr'>volebat</span> <span class='ocrx_word' id='word_1_753' title='bbox 3236 4726 3336 4767; x_wconf 91' lang='lat' dir='ltr'>eos</span> <span class='ocrx_word' id='word_1_754' title='bbox 3383 4712 3485 4783; x_wconf 91' lang='lat' dir='ltr'>qui</span> <span class='ocrx_word' id='word_1_755' title='bbox 3533 4713 3636 4768; x_wconf 88' lang='lat' dir='ltr'>ad-</span> 
     </span>
    </p>
   </div>
   <div class='ocr_carea' id='block_1_107' title="bbox 1988 4800 3638 4872">
    <p class='ocr_par' dir='ltr' id='par_1_107' title="bbox 1988 4800 3638 4872">
     <span class='ocr_line' id='line_1_107' title="bbox 1988 4800 3638 4872; baseline 0 -16"><span class='ocrx_word' id='word_1_756' title='bbox 1988 4804 2303 4856; x_wconf 89' lang='lat' dir='ltr'>erant.lmo</span> <span class='ocrx_word' id='word_1_757' title='bbox 2336 4814 2440 4854; x_wconf 89' lang='lat' dir='ltr'>nec</span> <span class='ocrx_word' id='word_1_758' title='bbox 2473 4802 2694 4854; x_wconf 86' lang='lat' dir='ltr'>tantam</span> <span class='ocrx_word' id='word_1_759' title='bbox 2726 4801 2879 4854; x_wconf 85' lang='lat' dir='ltr'>recte</span> <span class='ocrx_word' id='word_1_760' title='bbox 2907 4800 3440 4871; x_wconf 89' lang='lat' dir='ltr'>agendi,quantum</span> <span class='ocrx_word' id='word_1_761' title='bbox 3472 4806 3638 4872; x_wconf 87' lang='lat' dir='ltr'>gesta</span> 
     </span>
    </p>
   </div>
   <div class='ocr_carea' id='block_1_108' title="bbox 1988 4886 3637 4961">
    <p class='ocr_par' dir='ltr' id='par_1_108' title="bbox 1988 4886 3637 4961">
     <span class='ocr_line' id='line_1_108' title="bbox 1988 4886 3637 4961; baseline 0 -16"><span class='ocrx_word' id='word_1_762' title='bbox 1988 4905 2097 4945; x_wconf 88' lang='lat' dir='ltr'>sua</span> <span class='ocrx_word' id='word_1_763' title='bbox 2108 4886 2909 4945; x_wconf 86' lang='lat' dir='ltr'>occultandisollicitudinem</span> <span class='ocrx_word' id='word_1_764' title='bbox 2931 4887 3357 4944; x_wconf 87' lang='lat' dir='ltr'>habebat.lllud</span> <span class='ocrx_word' id='word_1_765' title='bbox 3380 4905 3637 4961; x_wconf 86' lang='lat' dir='ltr'>namque</span> 
     </span>
    </p>
   </div>
   <div class='ocr_carea' id='block_1_109' title="bbox 1992 4976 3665 5050">
    <p class='ocr_par' dir='ltr' id='par_1_109' title="bbox 1992 4976 3665 5050">
     <span class='ocr_line' id='line_1_109' title="bbox 1992 4976 3665 5050; baseline 0.001 -17"><span class='ocrx_word' id='word_1_766' title='bbox 1992 4977 2357 5033; x_wconf 86' lang='lat' dir='ltr'>Dominicum</span> <span class='ocrx_word' id='word_1_767' title='bbox 2389 4976 2613 5032; x_wconf 87' lang='lat' dir='ltr'>dictum</span> <span class='ocrx_word' id='word_1_768' title='bbox 2645 4977 2704 5032; x_wconf 88' lang='lat' dir='ltr'>in</span> <span class='ocrx_word' id='word_1_769' title='bbox 2738 4981 2930 5032; x_wconf 85' lang='lat' dir='ltr'>mente</span> <span class='ocrx_word' id='word_1_770' title='bbox 2962 4978 3230 5033; x_wconf 88' lang='lat' dir='ltr'>versabat</span> <span class='ocrx_word' id='word_1_771' title='bbox 3260 4994 3273 5033; x_wconf 89' lang='lat'><strong>:</strong></span> <span class='ocrx_word' id='word_1_772' title='bbox 3304 4980 3368 5033; x_wconf 77' lang='lat' dir='ltr'>Si</span> <span class='ocrx_word' id='word_1_773' title='bbox 3395 4978 3527 5050; x_wconf 78' lang='lat' dir='ltr'>quid</span> <span class='ocrx_word' id='word_1_774' title='bbox 3554 4981 3636 5050; x_wconf 79' lang='lat' dir='ltr'>fe-</span> <span class='ocrx_word' id='word_1_775' title='bbox 3662 5012 3665 5013; x_wconf 53' lang='grc' dir='ltr'>ν</span> 
     </span>
    </p>
   </div>
   <div class='ocr_carea' id='block_1_110' title="bbox 1986 5066 3638 5139">
    <p class='ocr_par' dir='ltr' id='par_1_110' title="bbox 1986 5066 3638 5139">
     <span class='ocr_line' id='line_1_110' title="bbox 1986 5066 3638 5139; baseline 0 -16"><span class='ocrx_word' id='word_1_776' title='bbox 1986 5070 2126 5123; x_wconf 66' lang='lat' dir='ltr'>ceri:</span> <span class='ocrx_word' id='word_1_777' title='bbox 2154 5066 2379 5123; x_wconf 67' lang='lat' dir='ltr'>dextera</span> <span class='ocrx_word' id='word_1_778' title='bbox 2409 5071 2530 5136; x_wconf 78' lang='lat' dir='ltr'>tua,</span> <span class='ocrx_word' id='word_1_779' title='bbox 2551 5066 2607 5120; x_wconf 75' lang='lat' dir='ltr'>id</span> <span class='ocrx_word' id='word_1_780' title='bbox 2636 5068 2843 5122; x_wconf 77' lang='lat' dir='ltr'>nesciat</span> <span class='ocrx_word' id='word_1_781' title='bbox 2870 5068 3104 5122; x_wconf 76' lang='lat' dir='ltr'>sinistra</span> <span class='ocrx_word' id='word_1_782' title='bbox 3132 5076 3228 5122; x_wconf 77' lang='lat' dir='ltr'>tua</span> <span class='ocrx_word' id='word_1_783' title='bbox 3256 5068 3323 5121; x_wconf 71' lang='grc'>⁸⁵³.</span> <span class='ocrx_word' id='word_1_784' title='bbox 3344 5074 3533 5139; x_wconf 80' lang='lat' dir='ltr'>Atque</span> <span class='ocrx_word' id='word_1_785' title='bbox 3558 5068 3638 5124; x_wconf 85' lang='lat' dir='ltr'>ita</span> 
     </span>
    </p>
   </div>
   <div class='ocr_carea' id='block_1_111' title="bbox 1986 5153 3370 5228">
    <p class='ocr_par' dir='ltr' id='par_1_111' title="bbox 1986 5153 3370 5228">
     <span class='ocr_line' id='line_1_111' title="bbox 1986 5153 3370 5228; baseline 0.002 -19"><span class='ocrx_word' id='word_1_786' title='bbox 1986 5153 2174 5212; x_wconf 87' lang='lat' dir='ltr'>latens</span> <span class='ocrx_word' id='word_1_787' title='bbox 2206 5155 2587 5228; x_wconf 77' lang='lat' dir='ltr'>professionis</span> <span class='ocrx_word' id='word_1_788' title='bbox 2615 5171 2735 5212; x_wconf 66' lang='lat' dir='ltr'>sua:</span> <span class='ocrx_word' id='word_1_789' title='bbox 2764 5156 2957 5212; x_wconf 87' lang='lat' dir='ltr'>oflicia</span> <span class='ocrx_word' id='word_1_790' title='bbox 2984 5154 3370 5227; x_wconf 81' lang='lat' dir='ltr'>persolvebat.</span> 
     </span>
    </p>
   </div>
   <div class='ocr_carea' id='block_1_112' title="bbox 2061 5421 3638 5493">
    <p class='ocr_par' dir='ltr' id='par_1_112' title="bbox 2061 5421 3638 5493">
     <span class='ocr_line' id='line_1_112' title="bbox 2061 5421 3638 5493; baseline 0.002 -16"><span class='ocrx_word' id='word_1_791' title='bbox 2061 5423 2147 5478; x_wconf 88' lang='grc'>16.</span> <span class='ocrx_word' id='word_1_792' title='bbox 2180 5423 2226 5477; x_wconf 84' lang='grc' dir='ltr'><strong>Α</strong></span> <span class='ocrx_word' id='word_1_793' title='bbox 2278 5422 2469 5493; x_wconf 89' lang='lat' dir='ltr'>prima</span> <span class='ocrx_word' id='word_1_794' title='bbox 2490 5421 2561 5477; x_wconf 92' lang='lat' dir='ltr'>ad</span> <span class='ocrx_word' id='word_1_795' title='bbox 2585 5421 2844 5478; x_wconf 87' lang='lat' dir='ltr'>adultam</span> <span class='ocrx_word' id='word_1_796' title='bbox 2877 5426 3250 5488; x_wconf 70' lang='lat' dir='ltr'>mtatem,non</span> <span class='ocrx_word' id='word_1_797' title='bbox 3273 5423 3444 5479; x_wconf 92' lang='lat' dir='ltr'>modo</span> <span class='ocrx_word' id='word_1_798' title='bbox 3465 5440 3638 5480; x_wconf 88' lang='lat' dir='ltr'>omne</span> 
     </span>
    </p>
   </div>
   <div class='ocr_carea' id='block_1_113' title="bbox 1988 5511 3643 5585">
    <p class='ocr_par' dir='ltr' id='par_1_113' title="bbox 1988 5511 3643 5585">
     <span class='ocr_line' id='line_1_113' title="bbox 1988 5511 3643 5585; baseline 0.002 -18"><span class='ocrx_word' id='word_1_799' title='bbox 1988 5511 2099 5568; x_wconf 89' lang='lat' dir='ltr'>viri</span> <span class='ocrx_word' id='word_1_800' title='bbox 2130 5513 2493 5569; x_wconf 86' lang='lat' dir='ltr'>consortium</span> <span class='ocrx_word' id='word_1_801' title='bbox 2526 5511 2871 5581; x_wconf 89' lang='lat' dir='ltr'>declinavit;</span> <span class='ocrx_word' id='word_1_802' title='bbox 2903 5513 3005 5569; x_wconf 88' lang='lat' dir='ltr'>sed</span> <span class='ocrx_word' id='word_1_803' title='bbox 3035 5511 3214 5567; x_wconf 87' lang='lat' dir='ltr'>etiam</span> <span class='ocrx_word' id='word_1_804' title='bbox 3245 5512 3496 5583; x_wconf 63' lang='lat' dir='ltr'>aequales</span> <span class='ocrx_word' id='word_1_805' title='bbox 3529 5513 3643 5585; x_wconf 84' lang='lat' dir='ltr'>ple-</span> 
     </span>
    </p>
   </div>
  </div>
