4002 6206
387 378 539 436 1495

1545 384 1607 441 S.
1658 379 2173 441 .tTllANASlL‘S.
2203 411 2274 422 —-
2309 379 2614 439 SPUllIA.

3607 378 3742 437 H96

381 523 635 578 rumque
664 523 802 562 suas
833 507 1177 579 refugiebat,
1210 509 1370 565 hisce
1400 509 1630 565 duabus
1686 511 1756 564 de
1815 510 2029 577 causis,

2173 527 2352 582 ›ευγεν,
2383 503 2529 562 ἀλλά
2558 506 2647 562 καὶ
2676 507 2770 570 τὰς
2803 507 3117 584 ὁμοφύλους
3147 507 3211 561 τὰ
3240 506 3420 562 πολλὰ
3466 516 3742 582 παρῃτεῖτο,

385 595 476 650 vel
508 596 735 651 scilicet
766 612 837 652 ne
867 597 1110 667 gloriam
1142 599 1365 654 eximia:
1392 599 1822 654 exercitationis
1854 600 2029 654 refer-

384 689 490 751 ret,
524 684 610 740 vel
645 702 713 740 ne
745 686 1023 756 corporali
1061 687 1404 743 necessitate
1433 705 1467 743 a
1495 688 1732 743 virtutis
1762 688 2032 742 exercitio

387 772 747 828 avelleretur.

460 879 544 933 17.
579 879 672 933 Sic
703 895 838 949 ergo
870 879 1092 950 primos
1122 881 1302 936 animi
1364 882 1620 953 impetus
1669 882 2034 950 observabat,

388 982 600 1021 cavens
628 983 697 1021 ne
726 969 1019 1038 corporeis
1051 969 1380 1024 traheretur
1407 970 1852 1041 cupiditatibus.
1889 970 2034 1024 Nam

390 1055 578 1109 instar
605 1055 825 1110 arboris
855 1055 1227 1121 luxuriantis,
1263 1076 1454 1112 ramos
1507 1060 1886 1113 abscindebat
1943 1058 2035 1111 in-

390 1144 1011 1215 fructuosos,sciteque
1043 1147 1346 1200 amovebat
1375 1147 1822 1218 erumpentesin
1842 1149 2038 1200 animo

393 1231 664 1303 spinosas
688 1233 1108 1294 fruticationes,
1130 1250 1232 1304 per
1253 1235 1544 1304 jejunium
1581 1235 1798 1290 scilicet
1827 1240 1885 1288 et
1911 1252 2040 1288 ora-

393 1322 632 1376 tionem.
664 1322 824 1384 Quod
859 1322 905 1376 si
937 1321 1018 1376 vel
1054 1323 1294 1392 paulum
1354 1323 1599 1394 singulm
1660 1323 2038 1394 pullularent,

395 1410 571 1465 variis
621 1410 911 1465 afﬁciebat
969 1412 1179 1482 pcenis,
1241 1411 1535 1483 nullisque
1595 1429 1707 1466 non
1742 1411 2042 1466 laboribus

395 1515 608 1568 corpus
641 1501 993 1554 macerabat.
1025 1500 1138 1554 Nec
1169 1501 1313 1554 satis
1338 1507 1462 1555 erat
1493 1500 1576 1555 illi
1639 1502 1802 1572 panis
1861 1499 2042 1554 absti-

398 1588 614 1659 nentia,
646 1605 773 1660 qua:
801 1590 887 1642 vel
919 1605 1069 1658 aqua
1101 1588 1443 1660 parcissime
1474 1590 1768 1644 utebatur.

483 1854 1045 1944 [8.0uandoeunque
1068 1860 1260 1910 autem
1290 1855 1540 1910 infestus
1573 1854 1755 1944 hostis
1785 1872 1916 1909 cum
1953 1854 2052 1944 illa
2084 1881 2130 1944 Β

408 1943 862 2007 conflictaretur,
895 1943 1334 2014 quamprimum
1370 1960 1471 2012 per
1500 1943 1820 1998 orationem
1856 1943 2050 1997 Domi-

405 2048 546 2086 num
583 2048 756 2085 suum
792 2033 1030 2086 vocabat
1061 2033 1117 2085 in
1151 2032 1506 2098 subsidium,
1541 2047 1646 2086 nec
1677 2032 1801 2086 sola
1846 2048 2050 2103 corpo-

405 2120 484 2175 ris
506 2120 915 2174 exercitatione
947 2121 1240 2174 nitebatur
1268 2120 1455 2174 leonis
1489 2121 1772 2191 impetum
1806 2121 2054 2192 compri-

406 2224 582 2262 mere.
616 2208 729 2263 Nee
759 2225 920 2262 mora
975 2209 1123 2262 facta
1180 2207 1430 2279 supplici
1495 2208 1694 2263 aderat
1751 2207 2051 2277 Dominus,

402 2296 776 2367 fugiebatque
808 2297 1197 2350 adversarius.
1231 2295 1582 2366 Plerumque
1613 2304 1801 2350 tamen
1837 2296 2054 2350 accide-

401 2385 518 2452 bat,
553 2388 617 2438 ut
648 2385 872 2439 diutius
904 2385 1150 2440 instaret
1183 2385 1388 2452 hostis,
1423 2402 1525 2439 nec
1585 2385 1868 2438 Dominus
1927 2401 2051 2439 sce-

399 2472 612 2530 lestum
673 2473 1058 2544 prapulsaret,
1104 2477 1164 2527 ut
1188 2489 1254 2528 eo
1288 2479 1454 2545 pacto
1489 2473 1803 2527 virtutibus
1836 2473 2052 2527 instru-

399 2567 497 2617 ctis
533 2563 742 2616 animae
769 2562 1238 2616 exercitationem
1273 2566 1527 2632 augeret.
1566 2563 1693 2631 Ipsa
1724 2578 1854 2616 vero
1887 2563 2052 2632 quasi

400 2652 552 2706 facta
580 2651 863 2706 donorum
895 2653 1251 2720 accessione,
1285 2650 1434 2704 vires
1467 2651 1804 2705 resumebat
1833 2651 1904 2704 ad
1961 2651 2049 2703 vi-

401 2741 641 2796 ctoriam
679 2743 1112 2813 reportandam.
1145 2741 1341 2812 Neque
1374 2745 1498 2796 erat
1528 2740 1578 2794 ei
1610 2741 1774 2805 satis,
1810 2756 1871 2795 se
1903 2742 2054 2795 cibo~

404 2847 536 2886 rum
586 2830 832 2902 penuria
863 2846 1383 2898 macerare,verum
1418 2828 1594 2884 etiam
1625 2830 1697 2884 ad
1730 2829 1928 2884 omnia
1955 2846 2052 2884 vo-

400 2917 658 2991 luptaria
688 2919 884 2975 studia
904 2919 1128 2976 aditum
1151 2919 1264 2975 sibi
1285 2918 2053 2975 intercludebat.Furl'uroso

403 3008 697 3080 siquidem
727 3025 877 3081 pane
904 3009 1264 3077 vescebatur,
1290 3025 1443 3082 aqua
1472 3023 1622 3079 saepe
1655 3023 1895 3079 prorsus
1926 3008 2056 3064 abs-

404 3096 647 3168 tinebat,
678 3097 846 3154 humi
875 3099 1098 3154 cubans
1127 3097 1470 3155 identidem.
1503 3097 1772 3161 Quandiu
1832 3095 2050 3152 bellum

404 3185 668 3254 instaret,
727 3187 946 3243 talibus
1004 3186 1104 3243 illa
1161 3187 1294 3243 telis
1342 3187 1634 3243 utebatur.
1669 3185 1828 3242 Scuti
1859 3203 1923 3242 ac
1953 3185 2050 3242 teli

405 3273 530 3331 loco
560 3279 684 3332 erat
709 3275 795 3331 illi
827 3276 1029 3346 oratio,
1063 3276 1242 3332 lorica
1271 3293 1339 3333 ex
1365 3276 1500 3346 fide,
1532 3292 1634 3346 spe
1665 3281 1722 3331 et
1770 3275 2054 3331 cbaritate

405 3370 728 3435 compacta.
785 3365 1032 3421 Przeibat
1085 3365 1360 3422 omnibus
1402 3366 1567 3433 fides,
1601 3381 1727 3435 quae
1788 3365 2059 3421 univrsos

411 3454 618 3510 animae
673 3452 834 3510 illius
882 3455 1310 3526 constringeret
1339 3454 1638 3510 articulos.
1673 3455 1888 3509 Aderat
1919 3455 2057 3509 item

413 3541 802 3616 eleemosyna,
853 3543 898 3598 si
957 3559 1071 3599 non
1105 3548 1258 3612 actu,
1292 3543 1499 3599 saltem
1533 3543 1828 3615 proposito
1860 3547 1917 3598 et
1960 3559 2061 3598 vo-

412 3629 659 3687 luntate.

489 3825 573 3881 19.
608 3826 709 3883 His
739 3826 938 3898 itaque
969 3828 1135 3897 parta
1164 3826 1236 3882 de
1289 3825 1456 3881 hoste
1503 3824 1763 3891 victoria,
1823 3825 2064 3880 modum

419 3918 540 3990 ipsa
572 3917 906 3990 asperrimas
949 3916 1349 3973 exercitationi
1379 3917 1680 3988 {ponebat,
1738 3916 1916 3988 idque
1967 3915 2070 3972 illa

417 4006 826 4077 prmstabatme
853 4005 1159 4061 confestim
1179 4006 1489 4061 deficerent
1508 4005 1766 4077 corporis
1787 4004 2067 4060 membra:

419 4096 575 4166 quod
606 4111 748 4151 sane
781 4100 1026 4166 accepta:
1058 4095 1243 4150 cladis
1277 4093 1485 4151 fuisset
1515 4094 1822 4151 indicium.
1885 4093 2070 4150 Colla-

420 4184 697 4239 bentibus
757 4201 1012 4256 namque
1043 4184 1244 4251 armis,
1279 4201 1406 4255 quas
1439 4200 1574 4256 spes
1602 4188 1870 4256 superest
1901 4182 2073 4238 militi

419 4274 486 4327 ad
521 4272 787 4344 praelium
819 4274 1288 4344 capessendum?
1345 4275 1534 4338 Quare
1588 4271 1856 4328 nonnulli
1915 4276 2073 4354 sunt,

419 4361 518 4432 qui
579 4377 709 4417 cum
762 4378 824 4417 se
855 4362 1170 4417 immodice
1201 4367 1257 4417 et
1286 4361 1714 4417 inconsiderate
1743 4361 1936 4416 inedia
1967 4362 2073 4416 ab-

422 4450 837 4522 sumpsissent,
861 4451 1069 4506 lethale
1091 4451 1200 4505 sibi
1226 4451 1440 4505 vulnus
1463 4448 1809 4514 intulerunt,
1832 4454 1887 4502 et
1908 4449 2074 4519 quasi

424 4555 555 4594 cum
583 4540 910 4595 adversario
933 4539 1205 4611 congredi
1232 4539 1645 4608 detrectarent,
1681 4538 1737 4592 in
1762 4537 2074 4609 perniciem

2141 595 2241 651 δύο
2270 596 2476 650 τούτων
2537 592 2709 665 ἕνεκα,
2740 599 2774 665 ἢ
2814 602 2909 651 τοῦ
2945 599 3019 668 μη
3054 595 3373 666 δοξασθῆναι
3401 599 3468 667 τῇ
3502 593 3742 671 ὑπερϐολῇ

2139 693 2238 754 τῆς
2267 687 2564 757 ἀσκήσεως,
2591 687 2626 755 ἢ
2659 690 2754 740 τοῦ
2791 687 2864 758 μὴ
2900 687 3232 760 ὑποσυρῆναι
3289 692 3387 752 τῆς
3442 685 3627 760 ἀρετῆς
3677 685 3748 742 διὰ

2140 775 2240 842 τὴν
2271 776 2585 846 σωματικὴν
2619 775 2805 850 χρείαν
2817 817 2829 832 .

2215 883 2303 936 47.
2337 881 2523 943 Οὕτως
2553 883 2645 953 μὲν
2681 881 2771 936 οὖν
2802 883 2895 944 τάς
2939 883 3157 957 πρώτας
3215 886 3309 951 τῆς
3354 887 3538 958 ιᾲυχῆς
3591 879 3749 938 ἐπιϐο-

2147 968 2245 1032 λάς
2279 973 2702 1043 παρετήρει,μή
2766 977 3127 1046 συγχωροῦσα
3192 973 3375 1031 αὐταῖς
3427 973 3755 1045 συγκαῆἑλκε-

2149 1071 2266 1122 σθαι
2297 1065 2414 1120 ταῖς
2460 1066 2797 1132 σωματικαῖς
2849 1061 3181 1132 ἐπιθυμίαις·
3237 1060 3416 1135 ῶσπερ
3464 1059 3519 1115 δὲ
3566 1059 3755 1136 δένδρον

2148 1148 2558 1220 καθυλομανοῦν
2608 1150 2982 1225 περιετὲμνετο
3024 1152 3130 1204 τῶν
3165 1151 3416 1224 ἀκάρπων
3449 1148 3675 1217 κλάδων,
3708 1151 3760 1203 τὰ

2155 1236 2532 1311 βλαστήματα·
2590 1239 2685 1299 τάς
2747 1239 2841 1309 μὲν
2892 1240 2994 1312 γαρ
3044 1237 3370 1300 ἀκανθώδεις
3411 1242 3510 1306 τῆς
3553 1236 3761 1298 διανοίας

2151 1324 2394 1402 ἐκφύσεις
2428 1330 2682 1402 ἀφῃρεῖτο
2713 1325 2801 1381 διά
2830 1348 2885 1381 τε
2913 1334 3012 1394 τῆς
3043 1328 3291 1397 νηστείας
3339 1327 3429 1380 καὶ
3478 1330 3575 1395 τῆς
3620 1347 3761 1399 προσ-

2154 1421 2346 1488 ευχῆς.
2409 1416 2503 1468 Καὶ
2554 1415 2598 1468 εἷ
2655 1415 2832 1490 βραχύ
2880 1437 2929 1469 τι
2977 1413 3200 1469 ἕκαστον
3231 1415 3438 1469 τούτων
3471 1416 3766 1488 προέκοπτε,

2154 1503 2408 1564 ποικίλας
2442 1503 2625 1565 αὐτοῖς
2657 1505 2748 1566 τὰς
2771 1504 3038 1579 τιμωρίας
3071 1504 3389 1581 προσέφερε,
3415 1501 3505 1557 διά
3531 1501 3766 1557 παντοδα-

2156 1597 2272 1646 πῶν
2304 1591 2479 1645 πόνων
2509 1593 2570 1646 τὸ
2602 1597 2758 1666 σῶμα
2808 1597 3176 1668 κακουχοῦσα.
3229 1593 3304 1650 Οὐ
3349 1593 3518 1664 μόνον
3579 1593 3672 1665 γάρ

2157 1685 2252 1735 τοῦ
2285 1681 2448 1754 ἄρτου
2480 1680 2814 1757 λιμαγχονίᾳ
2843 1682 3087 1758 ἠρκεῖτο,
3121 1679 3265 1737 ἀλλά
3317 1703 3378 1757 γε
3433 1680 3526 1734 καὶ
3579 1685 3642 1753 τῇ
3693 1685 3771 1733 τοῦ

2158 1767 2350 1831 ὕδατος
2380 1767 2443 1824 ὀλ
2457 1767 2677 1844 ιγοδείᾳ.

2235 1862 2318 1915 18.
2349 1859 2615 1928 Ὀπηνίκα
2649 1859 2742 1932 μὲν
2774 1859 3020 1931 πόλεμος
3051 1864 3147 1913 τοῦ
3195 1858 3394 1934 ἐχθροῦ
3450 1859 3588 1933 πρὸς
3633 1857 3772 1925 αὐτὴν

2161 1953 2551 2021 συνεκροτεῖτο,
2583 1950 3010 2021 προηγουμένως
3059 1949 3150 2020 μὲν
3209 1950 3300 2002 τὸν
3357 1949 3554 2015 ἑαυτῆς
3603 1945 3776 2000 Δεσπό-

2158 2058 2256 2106 την
2293 2034 2363 2090 δι’
2394 2036 2560 2111 εὐχῆς
2595 2035 2773 2091 ἐκάλει
2820 2039 2954 2111 πρὸς
3015 2037 3356 2111 συμμαχίαψ
3414 2034 3486 2090 οὗ
3544 2036 3642 2109 γάρ
3695 2036 3777 2108 ἡρ-

2162 2131 2308 2179 κεῖτο
2338 2126 2436 2193 τὴν
2492 2126 2668 2198 ὁρμήν
2729 2130 2824 2179 τοῦ
2878 2125 3097 2187 λέοντος
3158 2121 3335 2178 σϐέσαι
3387 2122 3532 2198 ψιλῇ
3563 2124 3777 2191 ἀσκήσει.

2163 2213 2264 2269 Καὶ
2295 2213 2438 2289 παρά
2474 2215 2566 2287 μὲν
2597 2221 2695 2283 τῆς
2729 2213 2930 2276 ἱκεσίας
2978 2221 3154 2290 παρῆν
3205 2215 3232 2268 ὁ
3280 2213 3500 2288 Κύριος,
3559 2213 3643 2266 καὶ
3697 2212 3781 2265 ἀπ-

2164 2299 2470 2376 εδίδρασκεν
2502 2303 2529 2356 ὁ
2561 2301 2850 2376 πολέμιος·
2884 2301 3155 2364 πολλάκις
3189 2300 3246 2357 δὲ
3271 2303 3358 2357 καὶ
3393 2301 3641 2377 ἐχρόνιζι
3666 2300 3779 2375 πρὸς

2161 2395 2260 2460 τήν
2297 2393 2480 2466 μάχην
2516 2392 2544 2445 ὁ
2576 2391 2792 2466 ἐχθρὸς,
2827 2391 2916 2446 καὶ
2947 2393 2975 2446 ὁ
3034 2390 3231 2466 Κύριος
3280 2391 3378 2446 οὐκ
3414 2391 3654 2462 ἠμύνετο
3705 2390 3781 2443 τὸν

2163 2478 2535 2552 παλαμναῖον,
2570 2480 2713 2552 αὐτῷ
2757 2480 2936 2552 τούτῳ
2965 2488 3064 2549 τῆς
3097 2480 3342 2554 ἐναρέτου
3390 2483 3584 2553 ψυχῆς
3630 2478 3783 2532 εἰσαύ-

2165 2569 2266 2637 ξων
2315 2569 2414 2636 τήν
2461 2568 2780 2643 γυμνασίαν.
2828 2569 2975 2638 Αῧτη
3027 2563 3084 2623 δὲ
3135 2568 3313 2641 ὥσπερ
3366 2570 3649 2643 προσθήκη
3694 2570 3782 2619 τῶν

2165 2654 2379 2731 δώρων,
2412 2656 2498 2711 ἐπὶ
2528 2657 2716 2714 πλεῖον
2749 2656 3064 2732 ἐκρατύνετο
3096 2659 3169 2719 εἷς
3200 2659 3296 2724 τήν
3326 2659 3466 2710 κατά
3487 2661 3584 2710 τοῦ
3614 2654 3786 2728 ἐχθροῦ

2163 2744 2340 2814 νίκην.
2375 2746 2451 2802 Οὐ
2513 2747 2676 2818 μόνον
2731 2749 2831 2822 γάρ
2879 2748 3098 2820 ἠρκεῖτο
3150 2751 3266 2807 ταῖς
3303 2743 3643 2819 ὀλιγοδείαις
3694 2748 3782 2795 τῶν

2163 2837 2378 2908 τροφῶν
2413 2834 2602 2903 ἐαυτήν
2635 2839 2916 2908 νεκροῦσα,
2949 2833 3092 2890 ἀλλά
3121 2855 3182 2904 γε
3212 2835 3299 2887 καὶ
3347 2839 3455 2888 τῶν
3514 2834 3630 2894 καθ’
3677 2829 3786 2898 ἡδο-

2164 2921 2260 2990 νὴν
2323 2919 2694 2995 διαιτημάτων
2755 2923 3008 2998 ἐπειρᾶτο
3067 2921 3263 2997 εἷ’ργειν
3324 2923 3547 2991 ἑαυτήν.

2169 3011 2261 3084 μὶν
2318 3012 2420 3088 γὰρ
2480 3011 2727 3085 πιτυρίαν
2785 3010 2992 3080 ἤσθιεν
3050 3011 3196 3086 ὕδωρ
3257 3009 3311 3065 δέ
3357 3009 3633 3071 πολλάκις
3687 3006 3790 3062 0'35-

2165 3099 2310 3162 όλως
2343 3096 2631 3172 ἐλάμϐανεο
2659 3101 2747 3154 καὶ
2780 3101 3065 3175 ἐχαμεύνει
3098 3097 3154 3154 δὲ
3182 3099 3284 3162 ἓως
3313 3100 3488 3161 τινός.
3535 3101 3675 3157 "Em;
3706 3098 3784 3167 μὲν

3608 2926 3785 2992 ’Ἃρνον

2164 3189 2255 3244 οὖν
2285 3195 2650 3266 συνεκροτεῖτο
2683 3191 2710 3244 ὁ
2742 3188 3292 3261 πόλεμος,τοιο·3τοις
3313 3188 3516 3249 ’ὀπλοις
3551 3186 3792 3261 ἐκέχρητο

2167 3279 2336 3354 εὖχῆν
2374 3280 2464 3352 μὲν
2495 3277 2786 3351 ἐνδυομένη
2822 3278 2935 3332 ἀντὶ
2967 3277 3140 3332 ὅπλου
3172 3280 3258 3332 καὶ
3291 3281 3487 3352 ουρεοῦ
3519 3275 3792 3345 ἐνδυομένη

2168 3369 2203 3436 ἡ
2236 3365 2293 3421 δέ
2323 3366 2714 3444 περικεφαλαία
2744 3365 2909 3435 αὐτῆς
2941 3367 3005 3434 ἦν
3042 3365 3098 3419 ἐκ
3154 3366 3384 3426 πίστεως
3440 3365 3535 3418 καὶ
3597 3358 3796 3419 ἐλπίδος

2169 3454 2259 3510 καί
2289 3455 2503 3530 ἀγάπης
2562 3457 2938 3529 συγκραθεῖσα.
2998 3456 3059 3509 Ἢ
3118 3455 3222 3530 γὰρ
3278 3453 3458 3515 πίστις
3527 3456 3797 3528 προηγεῖτο

2170 3545 2407 3611 πάντων,
2435 3543 2598 3605 ὅλους
2629 3543 2798 3612 αὐτῆς
2828 3543 2952 3605 τοὺς
2997 3543 3204 3618 ἀρμοὺς
3261 3542 3659 3619 συσφίγγουσα.
3714 3543 3804 3593 Πα-

2174 3639 2273 3710 ρῆν
2307 3630 2362 3688 δὲ
2393 3633 2483 3687 καὶ
2514 3635 2547 3702 ἡ
2583 3632 2950 3705 ἐλεημοσύνη,
2986 3631 3030 3687 εί
3082 3632 3169 3686 καὶ
3208 3633 3281 3704 μὴ
3314 3633 3349 3700 ἡ
3382 3633 3502 3686 κατ’
3537 3629 3800 3704 ἐνέργειαν,

2173 3719 2300 3777 ἀλλ’
2334 3722 2425 3776 οὖν
2457 3743 2517 3796 γε
2546 3725 2580 3791 ἠ
2609 3722 2745 3776 κατά
2769 3721 3044 3794 πρόθεσιν.

2248 3831 2336 3885 19.
2372 3828 2468 3884 Διά
2494 3827 2701 3884 τούτων
2736 3826 2826 3882 οὖν
2859 3829 3023 3896 ἧτταν
3056 3825 3417 3898 ὑπομένοντος
3450 3829 3552 3880 τοῦ
3604 3820 3802 3898 ἐχοροῦ,

2175 3917 2265 3972 καὶ
2342 3917 2477 3986 αὖτή
2555 3916 2872 3993 ἐπικούφιζε
2943 3923 3044 3985 τῆς
3123 3913 3460 3990 δριμυτάτης
3525 3913 3798 3981 ἀσκήσεως.

2176 4011 2346 4062 Τοῦτο
2379 4005 2435 4060 δὲ
2490 4006 2660 4060 ἐποίει
2716 4005 2854 4081 πρὸς
2913 4006 2975 4058 τὸ
3037 4005 3114 4077 μή
3162 4003 3372 4077 ἀθρόως
3406 4001 3720 4070 διαλυθῆναι
3747 4001 3801 4053 τὶ

2177 4093 2274 4150 τοῦ
2305 4095 2556 4168 σώματος
2620 4093 2784 4166 μὲλη·
2833 4093 3002 4162 ἥττης
3049 4092 3150 4166 γάρ
3198 4095 3261 4160 ἦν
3310 4096 3470 4145 τοῦτο
3502 4092 3799 4162 τεκμήριον.

2182 4186 2304 4241 Τῶν
2361 4185 2462 4258 γάρ
2513 4181 2699 4236 ὅπλων
2743 4181 3144 4255 συμπεσόντων,
3195 4181 3324 4234 ποία
3381 4179 3541 4240 ἐλπίς
3584 4178 3687 4232 ἐστι
3739 4181 3803 4244 τῷ

2184 4273 2485 4346 στρατιώτῃ
2543 4271 2618 4332 εἴς
2677 4270 2968 4343 πόλεμον;
3029 4271 3176 4329 Τινὲς
3232 4273 3382 4343 γοῦν,
3430 4268 3678 4340 ἆιμέτρως
3729 4263 3799 4317 καῖ

2183 4359 2539 4432 ἀνεξετάστως
2595 4363 2662 4433 τῇ
2724 4359 2901 4430 ἀσιτίᾳ
2973 4357 3192 4419 ἑαυτοὺς
3263 4354 3802 4424 καταδαπανήσαντες,

2184 4449 2395 4525 καιρίαν
2427 4449 2636 4502 ἑαυτοῖς
2667 4449 2766 4517 την
2799 4446 3022 4522 πληγὴν
3069 4447 3357 4521 ἐπήγαγονο
3422 4445 3603 4519 ὣσπερ
3661 4441 3712 4497 δὲ
3762 4441 3801 4493 ἓν

2187 4539 2506 4614 παραιτήσει
2563 4542 2660 4592 τοῦ
2711 4536 3008 4600 ἀντιπάλου
3054 4535 3362 4610 γενόμενοι,
3421 4531 3643 4592 ἑαυτοὺς
3696 4551 3802 4584 κιτ-

427 4645 489 4683 se
509 4628 902 4698 conjecerunt.
924 4629 1047 4684 Non
1071 4629 1153 4684 sic
1183 4628 1284 4682 illa
1310 4628 1460 4684 219
1496 4627 1722 4698 agebat,
1756 4627 1854 4681 sed
1889 4626 2060 4681 consi'

2189 4612 2455 4704 ἑφθειραν.
2492 4625 2637 4695 Αὕτη
2673 4622 2729 4679 δὲ
2776 4625 2886 4700 οὐχ
2927 4612 3098 4684 οὕτως
3151 4621 3426 4695 ἔπραττεν,
3476 4620 3622 4675 ἀλλά
3663 4618 3805 4671 πάντα

428 4717 626 4770 derate
647 4718 864 4783 omnia,
901 4718 980 4772 ita
1001 4722 1066 4771 ut
1095 4723 1331 4772 strenue
1361 4733 1495 4771 cum
1527 4715 1694 4771 hoste
1726 4715 1998 4787 precibus
2023 4719 2082 4769 et

427 4804 832 4861 exercitatione
855 4804 1081 4860 munita
1103 4805 1489 4870 dimicaret,et
1508 4805 1577 4859 ad
1602 4803 2079 4874 tranquillitatem

429 4892 677 4964 propriae
708 4893 837 4948 navi
869 4895 1316 4965 procurandam,
1342 4892 1602 4964 corporis
1631 4908 1830 4946 curam
1863 4895 2078 4964 ageret.

422 4982 734 5036 Enimvero
797 4986 986 5037 nautae
1045 4984 1248 5037 oborta
1278 4985 1628 5053 tempestate
1657 4985 1713 5036 et
1743 4979 2016 5053 procella,
2048 4998 2082 5037 a

2194 4716 2328 4788 μετά
2359 4712 2674 4790 διακρίσεως
2707 4712 2896 4768 ἐποίει·
2931 4711 3019 4767 καῖ
3048 4718 3125 4783 τῷ
3188 4712 3280 4784 μὶν
3342 4710 3527 4785 ἐχθρῷ
3584 4704 3802 4784 σφοδρῶς

2190 4801 2279 4859 διά
2331 4823 2389 4858 τε
2443 4807 2548 4857 τῶν
2610 4803 2786 4879 εὐχῶν
2841 4801 2930 4856 καὶ
2982 4809 3081 4870 τῆς
3153 4801 3432 4870 ἀσκήσεως
3492 4799 3800 4870 timui/ﬁt?

2189 4893 2324 4969 πρὸς
2380 4889 2437 4946 δὲ
2491 4893 2588 4960 τήν
2646 4889 2888 4966 γαλήνην
2947 4898 3048 4960 τῆς
3100 4888 3300 4950 ο’κείας
3345 4887 3477 4957 νηὸς
3508 4883 3800 4958 ἐπεμελεῖτο

2186 4985 2286 5038 τοῦ
2314 4980 2587 5052 σώματος.
2625 4979 2721 5033 Καὶ
2777 4980 2880 5054 γάρ
2941 4980 2991 5032 οἱ
3051 4976 3491 5050 ναπιλλὸμενοι,
3557 4977 3800 5050 laudm:

425 5071 553 5126 cibo
587 5070 905 5136 abstinent,
943 5070 1226 5143 quidquid
1257 5072 1398 5127 artis
1431 5074 1487 5126 et
1518 5069 1736 5142 peritia:
1762 5069 1934 5140 inest,
1981 5086 2078 5140 pe-

421 5159 606 5215 riculo
663 5159 736 5215 ob
793 5159 992 5215 oculos
1048 5159 1302 5216 versanti
1333 5162 1729 5232 opponentes;
1767 5164 2075 5230 postquam

421 5253 618 5304 autem
649 5247 974 5304 incolumes
1002 5254 1335 5315 evaserunt,
1369 5254 1510 5304 tunc
1539 5249 1812 5303 secundae
1867 5249 2079 5304 salutis

423 5337 882 5394 sollicitudinem
915 5337 1155 5402 habent,
1191 5354 1296 5392 nec
1328 5341 1514 5392 totum
1542 5336 1663 5390 illis
1695 5341 1930 5408 tempus
1960 5337 2079 5392 elu-

421 5427 636 5482 ctando
669 5426 815 5482 mari
846 5431 904 5481 et
935 5426 1102 5481 aestui
1134 5426 1472 5490 insumitur,
1507 5425 1606 5480 sed
1644 5426 1794 5480 aeris
1852 5426 2076 5480 sereni-

423 5520 746 5582 tatem,eeu
781 5514 1186 5570 brevissimam
1221 5514 1474 5585 quietem
1507 5518 1562 5568 et
1593 5513 2074 5585 tranquillitatem

426 5603 721 5674 accipiunt
753 5620 767 5659 :
801 5617 988 5673 neque
1017 5607 1213 5657 tamen
1245 5602 1326 5656 ita
1355 5603 1480 5656 sine
1529 5601 1920 5658 sollicitudine
1976 5604 2075 5660 de-

426 5695 593 5762 gunt,
655 5705 843 5760 neque
875 5704 936 5743 se
968 5688 1084 5744 alto
1115 5705 1322 5745 somno
1354 5689 1540 5762 abripi
1573 5689 1895 5762 patiuntur,
1932 5709 2073 5764 pras-

2187 5069 2276 5126 καὶ
2315 5066 2594 5130 κλύδωνος
2625 5063 3047 5133 καταλαϐόντος,
3106 5067 3278 5120 ασιοοι
3334 5063 3664 5135 διαμένουσι,
3719 5065 3798 5112 πὶ·

2187 5180 2280 5214 σαν
2309 5159 2408 5225 τὴν
2440 5159 2565 5232 παρ’
2597 5155 2797 5211 ἑαυτῶν
2829 5156 3030 5230 τέχνην
3078 5160 3156 5226 τῷ
3212 5156 3318 5230 πρὸ
3377 5151 3668 5230 ὀνροαλμῶν
3713 5171 3802 5202 κιν-

2189 5246 2332 5320 δύνῳ
2363 5245 2736 5309 ἀντιτιθέντες·
2771 5246 3006 5314 ὁπηνικα
3039 5243 3095 5299 δὲ
3123 5244 3332 5318 τύχωσι
3388 5246 3482 5297 τοῦ
3543 5245 3654 5311 ζῇν,
3699 5236 3796 5289 τότε

2184 5343 2284 5407 τῆς
2326 5332 2575 5410 δευτέρας
2609 5333 2880 5406 σωτηρίας
2928 5339 3208 5388 ποιοῦνται
3256 5334 3354 5400 τήν
3410 5326 3676 5406 φροντίδι·
3727 5324 3794 5376 καῖ

2186 5427 2294 5502 οὐχ
2325 5425 2462 5486 ἅπας
2489 5425 2664 5478 αὐτῶν
2696 5425 2722 5477 ὁ
2753 5424 2952 5500 χρόνος
2982 5424 3117 5498 πρὸς
3150 5425 3237 5476 τὸν
3275 5419 3438 5475 σάλον
3469 5427 3567 5488 τῆς
3622 5415 3792 5468 θαλάσ-

2185 5536 2283 5586 σης
2332 5512 2797 5569 καταναλίσκεται·
2863 5512 3043 5586 ὣσπερ
3094 5508 3150 5564 δὲ
3208 5509 3511 5564 ἀνάπαυλαν
3569 5504 3786 5580 δέχονται

2182 5608 2291 5661 τῶν
2315 5602 2495 5658 πόνων
2523 5602 2621 5670 τήν
2659 5602 3004 5676 βραχυτάτην
3033 5599 3299 5676 γαλήνην·
3340 5599 3429 5653 καὶ
3478 5593 3589 5652 οὐδ’
3641 5592 3783 5648 οὕτως

2185 5691 2502 5768 ἀμερίμνως
2535 5687 2832 5768 διαγουσιν,
2874 5689 2996 5746 οὕτε
3045 5690 3152 5762 μὴν
3211 5688 3360 5760 ὕπνῳ
3417 5687 3563 5763 βαθεῖ
3615 5677 3780 5745 καθέλ-
