4002 6206
242 403 390 463 1497

1373 405 1550 464 VI'I‘A
1602 404 1932 464 SANC'l‘rE
1977 400 2505 463 SYNCLETICIE.

3486 386 3641 450 M98

236 557 441 605 κονται,
476 542 663 609 πεῖραν
712 536 1007 613 ἐσχηκότες
1064 543 1171 592 τῶν
1230 536 1596 608 ἀπελθόντων,
1654 536 1742 591 καὶ
1802 535 1877 591 ἕν-

1998 537 2300 594 teritorum
2333 533 2750 613 experimento,
2787 532 3232 598 l‘ulurorumque
3279 523 3640 598 praescientia

235 646 385 680 νοιαν
415 621 786 699 λαμϐάνοντες
814 631 922 682 τῶν
959 625 1290 699 μελλόντων.
1326 626 1389 683 Et
1418 628 1516 702 γὰρ
1547 627 1635 681 καὶ
1685 626 1713 679 ὁ
1764 646 1881 701 χει-

243 715 359 787 μὼν
395 713 674 786 ἐκόπασεν,
708 713 833 771 ἀλλ’
863 717 898 785 ἡ
931 714 1169 771 θάλασσα
1206 716 1268 769 ου
1322 714 1642 788 μεμείωται’
1693 714 1783 769 καὶ
1838 714 1882 768 εἰ

237 803 491 878 παρῆλθε
544 805 607 858 τὸ
667 801 932 879 δεύτερον,
992 803 1117 860 ἀλλ’
1147 803 1299 877 ὅμως
1326 804 1388 858 τὸ
1418 807 1633 879 πρῶτον
1661 802 1882 877 [τρίτον]

244 892 478 967 μένει·εἷ
506 893 594 948 καὶ
625 893 686 947 τὸ
711 892 996 969 γενόμενον
1024 894 1376 969 κεχώρισται,
1411 890 1556 948 ἀλλά
1583 892 1645 946 τὸ
1692 896 1881 946 ποιοῦν

237 981 514 1058 πάρεστιν.
566 981 753 1044 Οὕτως
800 983 891 1037 οὗν
944 982 1033 1037 καὶ
1064 981 1150 1037 ἐπὶ
1180 987 1274 1037 τοῦ
1305 980 1594 1058 παρόντος,
1628 981 1675 1035 εἶ
1704 980 1790 1036 καὶ
1820 982 1881 1035 τὸ

237 1075 453 1143 πνεῦμα
480 1076 579 1139 τῆς
610 1070 896 1143 ἐπιθυμίας
927 1068 1256 1142 ἀπήλασται,
1288 1068 1414 1125 ἀλλ’
1459 1068 1611 1142 ὅμως
1646 1070 1672 1123 ὁ
1732 1068 1877 1139 ἐξου-

237 1159 436 1229 σιάζων
464 1158 659 1213 τούτου
690 1158 751 1215 οὐ
789 1159 993 1233 μακρὰν
1037 1160 1320 1235 τυγχάνει.
1379 1161 1535 1221 Ὅθεν
1590 1155 1673 1212 δεῖ
1728 1155 1878 1213 ἀδια-

234 1246 477 1309 λείπτως
508 1246 903 1323 προσεύχεσθαι
938 1245 1026 1303 διὰ
1055 1248 1115 1303 τὸ
1145 1243 1397 1303 ἀϐέϐαιον
1445 1254 1545 1316 τῆς
1606 1246 1883 1317 Θαλάσσης

232 1339 327 1393 καὶ
354 1337 454 1405 τήν
488 1335 735 1412 ἁλμυρὰν
766 1341 863 1391 τοῦ
894 1336 1094 1414 ἐχθροῦ
1122 1336 1329 1394 κακίαν.
1360 1338 1425 1394 Ἡ
1477 1334 1567 1391 οῦν
1626 1336 1878 1410 μακαρία,

234 1422 477 1498 ἀκριϐῶς
509 1423 680 1481 εἰδυῖα
706 1425 769 1481 τὸ
815 1426 983 1503 παρὸν
1035 1425 1085 1481 έν
1135 1427 1215 1499 τῷ
1267 1426 1369 1502 βίῳ
1407 1422 1731 1497 κλυδώνιον,
1789 1424 1879 1481 καὶ

235 1509 626 1588 προϐλέπουσα
676 1514 770 1577 τάς
828 1520 933 1570 τῶν
992 1516 1311 1589 πνευμάτων
1372 1514 1558 1585 ζάλας,
1605 1512 1882 1587 ἐπιμελῶς

236 1604 305 1675 ἧν
339 1603 652 1673 οἷακίζουσα
678 1603 742 1659 τὸ
764 1600 908 1682 ’ίδιον
942 1602 1143 1683 σκάφος
1171 1608 1240 1679 τῇ
1299 1603 1376 1667 είς
1434 1604 1560 1660 θεὸν
1620 1599 1879 1675 εὐσεϐείᾳ·

236 1693 328 1752 καὶ
357 1694 459 1768 γάρ
498 1691 831 1769 ἀχείμαστον
879 1692 1008 1748 αὐτὸ
1053 1697 1133 1766 τῷ
1179 1692 1437 1768 σωτηρίῳ
1484 1690 1663 1766 λιμένι
1722 1712 1885 1768 προσ-

239 1786 501 1859 ώρμισεν,
534 1784 769 1858 ἄγκυραν
797 1782 1203 1863 ἀσφαλεστάτην
1248 1783 1349 1852 τὴν
1395 1783 1470 1845 εἱς
1517 1782 1645 1839 Θεὸν
1704 1781 1881 1837 πίστιν

237 1874 464 1946 θεμένη.

304 1964 395 2018 20.
429 1959 817 2023 Ἀποστολικὸς
852 1960 946 2035 μὲν
990 1961 1080 2016 οῦν
1130 1959 1299 2029 αότῆς
1358 1960 1386 2015 ὁ
1447 1959 1586 2035 βίος,
1639 1956 1726 2014 διά
1782 1959 1877 2014 πί-

234 2072 401 2111 στεως
433 2050 523 2105 καὶ
578 2048 964 2123 ἀκτημοσόνης
1011 2048 1460 2128 συσριγγόμενος,
1514 2044 1591 2104 ἔτι
1649 2069 1712 2124 γε
1771 2049 1879 2122 μὴν

235 2140 420 2214 ἀγάπῃ
481 2138 571 2193 καὶ
621 2137 1089 2215 ταπεινοφροσόιῃ
1151 2134 1502 2211 διαλάμπων.
1571 2136 1715 2207 Αὕτη
1784 2142 1881 2192 τοῦ

235 2228 511 2301 σωτηρίου
570 2226 736 2304 λόγου
793 2229 893 2295 τὴν
951 2229 1140 2300 πρᾶξιν
1221 2225 1533 2297 ἆξετέλεσεν.
1617 2221 1884 2296 Ἐπιδήσύ

233 2317 338 2393 γάρ
396 2315 481 2370 ἐπὶ
540 2313 741 2371 ἀσπίδα
802 2315 893 2370 καὶ
980 2314 1316 2391 βασιλίσκον,
1390 2314 1478 2369 καὶ
1547 2314 1650 2369 ἰπὶ·
1710 2320 1879 2369 πᾶσαν

234 2407 337 2472 τήν
381 2402 607 2477 δόναμιν
656 2409 754 2461 τοῦ
812 2399 1032 2480 ἔχθροῦ.
1091 2403 1319 2466 Οίκείως
1378 2403 1513 2474 αὕοη
1572 2403 1771 2473 ἤκουσε
1799 2403 1879 2458 τό·

236 2491 337 2562 Εῦ,
396 2490 559 2549 δοῦλε
624 2493 784 2569 ἀγαθέ
857 2492 944 2547 καὶ
1024 2492 1196 2547 πιστέ·
1271 2490 1358 2546 ἐπὶ
1415 2490 1614 2568 ὀλίγων
1667 2493 1735 2561 ἧς
1792 2514 1883 2547 πι-

237 2583 389 2651 στὸς,
441 2580 525 2635 ἐπὶ
584 2579 809 2635 πολλῶν
869 2602 927 2634 σε
990 2582 1330 2651 καταστήσω.
1408 2581 1486 2637 Τὸ
1563 2578 1621 2635 δὲ
1695 2580 1881 2655 ῥητὸν,

238 2669 287 2725 εἰ
346 2672 434 2725 καὶ
492 2675 598 2726 τῶν
660 2667 875 2745 δωρεῶν
937 2670 1206 2745 ἀνάγεται,
1263 2668 1389 2725 ἀλλ’
1446 2668 1600 2740 ὅμως
1660 2668 1885 2733 ἐνταῦθα

234 2759 484 2828 νοείσθω,
543 2759 616 2820 ὡς
644 2762 761 2813 ’Ὁτι
796 2758 1048 2829 ἐνίκησας
1094 2759 1186 2812 τὸν
1233 2755 1421 2813 ἔνυλον
1474 2757 1741 2831 πόλεμον,
1792 2758 1882 2814 καὶ

232 2848 375 2903 κατὰ
404 2852 499 2903 τοῦ
528 2846 698 2902 ἀῢλου
731 2845 787 2902 δὲ
818 2847 1074 2923 τρόπαιον
1131 2847 1343 2917 πήξεις,
1401 2846 1536 2920 ἐμοῦ
1596 2846 1883 2923 ὑπερασπί-

235 2942 427 3007 ζοντος
457 2958 573 2993 σου.
611 2937 897 2991 Γνώτωσαν
924 2937 986 2991 τὸ
1041 2937 1267 3011 μέγεθος
1296 2943 1397 3005 τῆς
1428 2935 1660 2997 πίστεως
1691 2936 1745 2990 αἱ
1779 2936 1882 2991 ὑπὸ

227 3030 331 3081 τοῦ
363 3026 686 3103 θεράποντός
737 3047 841 3099 μου
894 3023 1111 3080 [Ιαόλου
1143 3024 1386 3100 ῥηθεῖσαι
1420 3024 1585 3100 ἀρχαὶ
1616 3025 1705 3078 καὶ
1736 3023 1882 3095 ἐξου-

228 3113 364 3169 σίαν
424 3116 645 3184 νικήσας
686 3114 786 3190 γάρ
836 3115 931 3175 τάς
997 3112 1231 3175 ἐναντίας
1284 3110 1559 3186 δυτάμεις,
1615 3133 1881 3188 προσομι-

229 3200 424 3272 λήσεις
457 3202 546 3255 καὶ
573 3207 692 3264 ταῖς
720 3201 1041 3276 κρείττοσιν.

1995 624 2289 680 instructi.
2324 622 2467 677 Nam
2502 620 2609 677 etsi
2641 606 2961 692 tempestas
2992 617 3194 672 sedata
3225 613 3325 678 sit,
3375 616 3435 668 at
3481 628 3642 667 mare

1994 713 2373 768 imminutum
2410 728 2522 765 non
2560 709 2686 779 fuit,
2720 716 2777 765 et
2807 708 2854 763 si
2900 705 3226 762 secundum
3274 701 3638 775 praeterierit,

1992 802 2230 859 tertium
2262 804 2526 856 remanet
2559 815 2572 853 :
2606 814 2671 853 ac
2702 796 2750 853 si
2782 796 2937 869 quod
2973 793 3187 849 accidit
3219 795 3508 847 remotum
3529 794 3641 858 est,

1991 908 2191 946 verum
2224 890 2388 944 adest
2422 888 2581 943 illius
2612 904 2809 943 causa.
2841 886 2935 939 Sic
2952 883 3127 939 etiam
3160 881 3221 937 in
3256 897 3318 937 re
3347 876 3642 953 praesenti,

1992 980 2102 1036 etsi
2130 979 2377 1051 spiritus
2408 975 2893 1046 concupiscentiae
2940 972 3149 1046 pulsus
3203 970 3331 1036 fuit,
3382 972 3640 1024 attamen

1993 1070 2148 1124 haud
2184 1067 2384 1139 procul
2414 1071 2504 1122 est
2533 1067 2582 1121 is
2626 1066 2735 1121 sub
2781 1065 2951 1135 cujus
3001 1062 3222 1117 ditione
3270 1062 3379 1115 est.
3425 1058 3639 1122 Quam-

1991 1159 2188 1214 obrem
2227 1156 2621 1211 indesinenter
2653 1152 3039 1219 orandum,ob
3073 1148 3254 1204 maris
3285 1145 3638 1202 instabilita-

1992 1252 2109 1303 tem
2141 1251 2196 1299 et
2228 1244 2661 1316 salsuginosam
2698 1239 2917 1296 inimici
2958 1237 3306 1310 nequitiam.
3338 1238 3510 1289 Beata
3540 1232 3622 1305 igi

1993 1336 2411 1407 turilla,gnara
2438 1337 2854 1406 tempestatum
2876 1331 3055 1401 hujus
3084 1324 3647 1399 vitae,prospiciens-v

1994 1442 2105 1498 que
2136 1431 2439 1481 ventorum
2474 1421 2776 1494 procellas,
2797 1417 3072 1475 naviculas
3104 1434 3223 1473 suae
3246 1411 3643 1489 gubernacula

1993 1516 2205 1588 pietate
2238 1529 2375 1585 erga
2408 1514 2590 1569 Deum
2629 1529 2736 1567 sua
2779 1509 3086 1582 dirigebat,
3129 1520 3379 1577 eamque
3425 1520 3459 1559 a
3487 1507 3637 1558 tem-

1994 1608 2218 1677 pestate
2252 1600 2606 1658 incolumem
2631 1600 2702 1655 ad
2755 1598 3070 1654 salutarem
3106 1600 3338 1668 portum
3373 1591 3507 1649 fecit
3534 1607 3637 1661 ap-

1993 1691 2227 1765 pellere,
2262 1690 2567 1763 posuitque
2606 1687 2921 1744 anchoram
2954 1684 3341 1752 tutissimam,
3374 1681 3547 1738 ﬁdem
3580 1679 3638 1735 in

1993 1781 2219 1837 Jesum.

2058 1959 2147 2012 20.
2184 1954 2505 2030 Apostolica
2529 1960 2652 2011 erat
2681 1953 2842 2010 illius
2886 1953 3024 2020 vita,
3058 1952 3172 2008 fide
3208 1953 3265 2006 et
3310 1947 3640 2005 voluntaria

1992 2050 2336 2121 paupertate
2380 2044 2717 2112 constricta,
2782 2041 3063 2099 charitate
3110 2037 3408 2112 refulgens
3460 2041 3637 2104 atque

1990 2136 2345 2193 humilitate.
2382 2135 2515 2207 Ipsa
2546 2133 2822 2190 salutaris
2852 2130 3141 2188 sermonis
3189 2145 3337 2201 opus
3368 2126 3590 2199 peregit
3620 2143 3633 2182 :

1990 2227 2304 2283 Ambulatis
2323 2224 2504 2290 enim,
2535 2223 2932 2295 inquit,super
2960 2220 3203 2291 aspidem
3232 2226 3285 2273 el
3313 2215 3636 2272 basiliscum

1990 2320 2039 2371 el
2069 2331 2230 2385 super
2258 2329 2471 2369 omnem
2500 2312 2758 2367 virtutem
2806 2311 3024 2365 inimici
3053 2310 3118 2362 ⁸³.
3170 2306 3452 2363 Audierat
3494 2319 3635 2385 sane

1990 2395 2117 2466 ipsa
2136 2383 2483 2462 hujusmodi
2523 2406 2721 2446 vocem
2754 2406 2766 2443 :
2803 2390 2966 2461 Euge,
3014 2404 3170 2443 serve
3201 2386 3334 2442 bone
3359 2394 3410 2440 et
3438 2383 3635 2455 ﬁdelis,

1991 2485 2121 2555 quia
2148 2498 2316 2553 super
2340 2497 2528 2553 pauca
2553 2479 2715 2551 fuisti
2740 2478 2938 2550 ﬁdelis,
2964 2493 3128 2550 super
3154 2476 3333 2531 multa
3359 2477 3411 2530 te
3439 2471 3637 2529 consli-

1991 2581 2147 2628 luam
2172 2572 2239 2627 “.
2272 2572 2406 2636 Quae
2438 2569 2676 2642 quidem
2710 2567 2999 2624 sententia
3046 2566 3181 2622 licet
3230 2568 3515 2621 referatur
3560 2562 3630 2616 ad

1992 2662 2167 2727 dona,
2200 2665 2456 2715 attamen
2490 2658 2597 2713 hoc
2628 2656 2751 2713 loco
2777 2656 2861 2712 sic
2893 2654 3253 2727 intelligatur
3284 2670 3296 2708 :
3331 2651 3473 2719 Quia
3504 2666 3635 2705 cor-

1993 2748 2177 2822 porali
2205 2747 2388 2804 vicisti
2421 2746 2638 2820 praelio,
2672 2745 2845 2802 etiam
2875 2744 2947 2800 de
2972 2742 3262 2816 spirituali
3283 2739 3520 2796 victoria
3541 2754 3633 2793 me

1992 2836 2312 2893 auxiliante
2343 2839 2625 2907 tropaeum
2656 2833 2866 2905 eriges.
2900 2832 3173 2897 Noscant,
3207 2828 3341 2885 fidei
3372 2833 3485 2883 tum
3510 2844 3632 2883 ma-

1990 2924 2361 2997 gnitudinem
2394 2922 2759 2996 principatus
2788 2925 2845 2976 et
2874 2923 3233 2992 potestatesa
3261 2915 3480 2973 famulo
3503 2932 3632 2971 meo

1992 3013 2169 3071 Paulo
2201 3015 2529 3069 memoratas
2563 3028 2577 3068 :
2612 3027 2746 3065 nam
2791 3026 2918 3081 quas
2973 3008 3262 3080 superasti
3311 3004 3632 3064 contrarias

1989 3104 2328 3175 potestates,
2361 3115 2494 3156 cum
2529 3097 3032 3170 praestantioribus
3066 3094 3406 3154 versaberis.

303 3294 395 3347 21.
426 3290 614 3352 Οὕτως
648 3291 742 3363 μὲν
777 3290 868 3343 οῦν
913 3291 1032 3344 καθ’
1088 3290 1281 3359 ἑαυτὴν
1340 3290 1713 3366 ἀναχωροῦσα,
1770 3294 1877 3345 τῶν

2055 3297 2145 3352 2t.
2181 3296 2266 3351 Ad
2299 3295 2456 3351 hunc
2484 3310 2620 3367 ergo
2647 3295 2887 3352 modum
2919 3293 3181 3350 solitaria
3212 3293 3631 3357 secedens,bo-

226 3379 444 3455 ἀγαθῶν
494 3376 666 3454 ἔργων
711 3377 1092 3454 τελεσιουργὸς
1136 3379 1359 3455 ἐγίνετο.
1416 3384 1520 3434 Τοῦ
1569 3377 1627 3435 δὲ
1674 3379 1879 3457 χρόνου

223 3467 545 3544 προϊόντος,
577 3467 668 3522 καὶ
697 3472 805 3523 τῶν
835 3465 1039 3543 ἀρετῶν
1071 3467 1238 3538 αὐτῆς
1285 3469 1582 3535 ἀνθουσῶν,
1614 3472 1649 3539 ἡ
1683 3467 1880 3525 εὐωδία

222 3561 339 3611 τῶν
362 3555 761 3611 εὐκλεεστάτων
809 3556 977 3625 αὐτῆς
1009 3555 1188 3610 πόνων
1242 3556 1318 3615 εἷς
1368 3556 1616 3620 πολλοὺς
1674 3554 1877 3613 διέϐαι-

221 3665 334 3700 νεν.
392 3642 555 3700 Οὐδὲν
609 3644 734 3720 γὰρ,
795 3645 949 3722 φησὶ,
1006 3646 1239 3722 κρυπτὸν
1297 3644 1328 3700 ὅ
1382 3645 1444 3700 οὐ
1500 3649 1876 3723 φανερωθήσε-

221 3723 343 3791 ταιξ
401 3731 528 3791 Οἶδε
579 3734 683 3808 γὰρ
730 3733 758 3787 ὁ
807 3732 939 3795 Θεὸς
968 3733 1097 3795 τοὺς
1127 3732 1285 3805 αὐτὸν
1318 3734 1636 3811 ἀγαπῶντας
1665 3736 1755 3790 καὶ
1808 3734 1880 3790 δι’

228 3823 428 3883 ἑαυτοῦ
492 3821 777 3895 κηρύττειν
855 3822 990 3897 πρὸς
1048 3818 1332 3898 διόρθωσιν
1390 3828 1495 3877 τῶν
1552 3824 1875 3882 ἀκουόντων.

223 3910 365 3966 Τότε
397 3912 489 3984 μὲν
525 3909 618 3966 οῦν
648 3914 717 3985 τῇ
754 3909 1014 3986 βουλήσει
1043 3916 1141 3965 τοῦ
1186 3911 1494 3986 κρείττονος
1524 3911 1751 3988 ἤρξαντό
1792 3935 1875 3969 τι-

224 4020 319 4062 νες
358 3994 753 4074 παραϐάλλειν,
785 4000 877 4054 καὶ
903 4000 1037 4075 πρὸς
1069 3997 1368 4074 οἰκοδομὴν
1401 4000 1598 4055 οἰκείαν
1645 4003 1741 4064 τάς
1797 4002 1875 4057 ἐν·

222 4087 432 4159 τεύξεις
490 4094 782 4152 ποιεῖσθαιο
841 4088 930 4142 καὶ
976 4087 1077 4165 γὰρ
1130 4084 1219 4143 διά
1264 4093 1371 4143 τῶν
1435 4088 1614 4164 λόγων
1664 4090 1731 4144 τά
1779 4096 1874 4145 τοῦ

228 4176 356 4253 βίου
412 4175 577 4245 αὐτῆς
624 4174 1053 4252 ἐμπορευόμεναι
1118 4174 1205 4231 ἐπὶ
1252 4176 1423 4233 πλέον
1481 4179 1872 4255 προσήγγιζον,

225 4263 555 4342 ὠφελεῖσθαι
616 4261 969 4340 βουλόμεναι.
1003 4266 1148 4320 Κατά
1198 4265 1300 4340 γάρ
1330 4267 1428 4335 τήν
1486 4268 1688 4340 συνήθη
1744 4268 1873 4322 ἀκο-

225 4353 451 4417 λουθίαν
487 4352 840 4417 ἐπυνθάνοντο
871 4352 1037 4423 αὐτῆς
1068 4352 1339 4430 λέγουσαν
1399 4358 1520 4417 Πῶς
1571 4353 1655 4410 δεῖ
1702 4357 1875 4427 σωθῆ-

222 4462 351 4511 ναι;
412 4444 447 4511 ἡ
509 4439 585 4512 δὲ,
644 4441 928 4513 στενάξασα
997 4442 1153 4519 βαρὺ,
1212 4442 1301 4498 καὶ
1360 4440 1605 4520 δακρύων
1656 4442 1871 4514 πλῆθος

221 4532 440 4608 ἀφεῖσα,
474 4529 551 4592 είς
608 4530 800 4599 ἑαυτήν
852 4530 1075 4606 ἐχώρει,
1118 4530 1207 4585 καὶ
1263 4528 1442 4606 ὣσπερ
1493 4528 1583 4587 διὰ
1625 4536 1735 4587 τῶν
1780 4530 1870 4589 δα-

1987 3385 2078 3441 nis
2108 3384 2381 3457 operibus
2411 3384 2669 3440 vacabat.
2706 3384 2768 3438 In
2810 3384 2936 3439 dies
2966 3387 3162 3439 autem
3211 3399 3342 3438 cum
3389 3382 3631 3438 virtutes

1986 3474 2147 3530 illius
2174 3474 2465 3542 ﬂorerent,
2499 3473 2690 3529 bonus
2711 3474 2856 3529 odor
2888 3471 3471 3545 praeclarissimorum
3503 3472 3631 3541 ejus

1988 3562 2256 3619 laborum
2289 3563 2360 3618 ad
2395 3560 2613 3617 multos
2646 3561 2965 3634 permeavit
2997 3578 3010 3616 :
3040 3561 3192 3617 Nihil
3221 3559 3628 3631 enim,inquit,

1987 3660 2064 3708 est
2106 3652 2375 3708 occultum
2422 3652 2563 3723 quod
2609 3668 2719 3707 non
2763 3651 3036 3706 reveletur
3080 3650 3145 3704 ⁸⁵.
3192 3647 3349 3705 Solet
3415 3649 3629 3721 quippe

1986 3739 2141 3795 Deus
2165 3757 2264 3796 eos
2296 3740 2397 3811 qui
2429 3756 2493 3795 se
2523 3739 2797 3813 diligunt,
2831 3738 3008 3794 etiam
3042 3754 3143 3810 per
3188 3753 3317 3794 sese
3347 3741 3516 3793 notos
3548 3737 3629 3791 fa-

1986 3829 2212 3894 cere,ad
2246 3829 2661 3884 correctionem
2681 3829 3053 3899 fructumque
3074 3823 3628 3882 audientium.Tunc

1984 3918 2167 3990 igitur
2195 3934 2261 3972 ex
2297 3916 2476 3971 divini
2509 3915 2780 3971 Numinis
2824 3914 3088 3984 consilio,
3139 3918 3435 3986 cmperunt
3479 3929 3628 3969 non-

1987 4006 2158 4060 nulla:
2198 4004 2358 4059 illam
2394 4004 2576 4071 adire,
2604 4010 2660 4059 et
2689 4004 2760 4059 ad
2795 4002 3108 4059 utilitatem
3141 4020 3304 4058 suam
3337 4001 3627 4074 colloquia

1984 4112 2114 4148 cum
2148 4111 2216 4149 ea
2248 4093 2508 4159 miscere,
2541 4111 2609 4148 ex
2639 4092 2947 4164 colloquiis
2977 4091 3132 4148 enim
3165 4092 3292 4147 vitae
3337 4091 3494 4146 illius
3534 4107 3625 4146 ra-

1982 4184 2198 4237 tionem
2233 4181 2525 4238 lucrantes
2551 4182 2767 4253 sazpius
2796 4181 3169 4250 accedebant,
3195 4181 3486 4253 profectus
3508 4197 3631 4235 am-

1984 4271 2185 4344 plioris
2216 4271 2718 4343 percupidaaNam
2752 4288 2855 4343 pro
2888 4276 3117 4342 recepto
3155 4287 3313 4325 more
3344 4270 3630 4343 rogabant

1981 4375 2108 4414 eam
2137 4375 2150 4414 τ
2174 4377 2291 4431 qua
2321 4359 2413 4413 via
2435 4357 2682 4414 salutem
2702 4358 2978 4430 consequi
3000 4358 3355 4430 oportet.llla
3377 4357 3631 4430 graviter

1980 4447 2392 4519 ingemiscens,
2430 4464 2642 4519 magna
2672 4448 2856 4503 ell'usa
2886 4447 2935 4501 vi
2963 4446 3375 4519 lacrymarum,
3399 4461 3518 4502 rem
3540 4463 3631 4501 se-

1980 4553 2111 4591 cum
2145 4536 2635 4609 perpendebat,ac
2655 4537 2825 4607 quasi
2851 4553 2951 4608 per
2978 4534 3270 4609 lacrymas
3293 4536 3627 4606 respondis-

220 4620 407 4694 κρῦων
442 4620 540 4688 τὴν
598 4618 883 4695 ἀπόκρισιν
931 4620 1300 4692 ποιησαμένη,
1361 4616 1607 4695 δευτέραν
1664 4624 1875 4691 σιωπήν

1989 4632 2071 4680 set
2104 4626 2622 4697 interrogantibus.
2656 4626 2713 4679 in
2746 4624 2982 4681 silentio
3014 4625 3223 4680 iterum
3274 4641 3336 4680 se
3366 4625 3657 4681 contine-7

222 4708 407 4779 ἤσκει.
438 4710 503 4764 Αἱ
537 4706 613 4780 δὲ,
650 4708 1022 4779 συνελθοῦσαι,
1056 4703 1337 4778 ἐϐιάζοντο
1396 4708 1582 4765 λαλεῖν
1618 4709 1785 4779 αὐτὴν
1810 4712 1877 4766 τὰ

227 4796 491 4874 μεγαλεῖα
516 4802 611 4853 τοῦ
668 4801 824 4853 Θεοῦ’
882 4798 972 4852 καὶ
1031 4797 1135 4874 γὰρ
1197 4796 1494 4871 ἐθαύμαζον
1551 4798 1653 4854 ὑπὸ
1706 4800 1876 4874 μόνης

220 4892 328 4956 τῆς
396 4887 519 4948 θέας
589 4884 1122 4958 καταπληττόμεναν
1183 4886 1272 4941 καὶ
1331 4885 1483 4950 αὗθις
1534 4887 1872 4960 παρεκάλουν

226 4974 399 5044 αὐτὴν
432 4974 771 5052 φθέγξασθαι.
833 4974 956 5030 Ἐπί
987 4974 1131 5032 πολὺ
1163 4971 1222 5029 δὲ
1270 4981 1373 5044 τῆς
1406 4975 1669 5051 μακαρίας
1700 4972 1876 5032 ἐκϐια-

225 5064 487 5137 ζομένης,
552 5063 685 5135 μετά
716 5062 915 5139 χρόνον
945 5062 1148 5132 ἱκανὸν,
1180 5062 1399 5133 πολλῆς
1431 5064 1667 5139 ἡσυχίας
1721 5086 1873 5140 γενο-

227 5155 425 5227 μένης,
483 5156 710 5225 ταπεινῇ
764 5156 833 5226 τῇ
884 5157 1037 5230 φωνῇ
1089 5154 1152 5209 τὸ
1210 5154 1473 5232 γραφικόν
1532 5152 1703 5209 ἐκεῖνο
1770 5154 1870 5233 ἔφη

223 5243 380 5317 ῥῆμα
410 5241 493 5297 τό³
553 5242 643 5309 Mi;
677 5240 926 5311 ἐκσιάζου
984 5243 1209 5312 πένητα’
1266 5243 1492 5318 πτωχὸς
1547 5244 1649 5319 γάρ
1707 5242 1870 5300 ἐστιν.

218 5332 290 5388 Al
325 5328 382 5386 δὶ
412 5333 676 5406 παροῦσαι
721 5329 963 5404 ἀσμένως
1015 5330 1078 5385 τὸ
1132 5330 1284 5406 ῥῆμα
1341 5328 1640 5404 δεξάμεναι,
1693 5328 1872 5405 ὣσπερ

226 5419 454 5494 μελιτος
483 5420 573 5474 καὶ
620 5417 816 5495 κηρίου
863 5418 1318 5494 ἀπογευσάμεναι,
1376 5419 1465 5475 ἐπι
1521 5418 1714 5475 πλεῖον
1768 5428 1870 5491 τῆς

222 5510 549 5582 ἑρωτήσεως
598 5507 832 5583 εἴχοντο·
884 5507 972 5562 καὶ
1022 5505 1215 5563 λοιπὸν
1275 5505 1362 5563 διά
1425 5512 1534 5563 τῶν
1591 5513 1867 5588 γραφικῶν

1986 4715 2101 4769 but.
2140 4714 2249 4771 Illa:
2278 4731 2411 4770 vero
2445 4732 2556 4770 una
2579 4715 2691 4770 vim
2727 4715 3126 4770 atierebantut
3147 4714 3478 4786 loqueretur
3500 4730 3627 4768 ma-

1984 4804 2178 4873 gnalia
2209 4803 2306 4858 Dei
2334 4829 2348 4869 ς
2382 4808 2547 4859 erant
2576 4803 2730 4858 enim
2763 4802 2887 4858 solo
2914 4804 2994 4858 rei
3027 4802 3357 4874 spectaculo
3389 4808 3629 4874 stupore

1985 4892 2663 4962 perculsre.Rursnmque
2697 4891 2981 4963 rogabant
3018 4908 3144 4946 eam
3180 4896 3241 4945 ut
3272 4889 3625 4963 loqueretur.

1986 4980 2349 5051 Demumque
2381 4979 2434 5033 vi
2478 4978 2804 5052 compulsa,
2858 4984 2992 5051 post
3035 4979 3301 5035 diuturni
3346 4982 3628 5053 temporis

1984 5068 2236 5139 quietem
2270 5084 2337 5122 ac
2368 5066 2688 5135 silentium,
2733 5067 2941 5123 humili
2973 5084 3109 5123 voce
3139 5084 3265 5123 eam
3315 5069 3629 5141 Scripturae

1985 5153 2225 5227 protulit
2272 5154 2625 5210 sententiam
2660 5172 2672 5210 :
2706 5155 2782 5211 Ne
2810 5158 2985 5225 lacius
3026 5157 3349 5213 violentiam
3393 5158 3631 5229 pauperi

1984 5246 2139 5315 inops
2168 5245 2316 5298 enim
2345 5251 2428 5299 est
2454 5243 2643 5299 “.Hoc
2675 5243 2894 5299 dictum
2930 5243 3037 5299 illae
3068 5245 3314 5300 libenter
3338 5245 3625 5316 excipien-

1982 5338 2089 5397 tes,
2124 5332 2294 5403 qunsi
2327 5331 2437 5387 mel
2469 5337 2527 5387 et
2560 5333 2750 5387 l‘avnm
2784 5333 3625 5405 degustassent,vehementius

1981 5422 2282 5478 instabant
2312 5422 3053 5494 interrogando,vocabulis
3086 5423 3359 5493 deinceps
3387 5438 3454 5476 ex
3478 5423 3625 5478 Scri-

1983 5509 2455 5583 pturamutuatis
2474 5510 2763 5582 urgebant
2799 5510 3190 5582 dicebantque
3207 5510 3318 5565 illi:
3338 5508 3517 5566 Graiis
3537 5526 3622 5567 ac-

299 5706 345 5741 ⁶³
374 5705 525 5762 Psal.
558 5721 649 5774 xc,
676 5707 780 5776 t3;
815 5706 952 5763 Luc.
978 5723 1034 5777 x,
1069 5707 1155 5761 19.
1232 5707 1278 5741 ⁶⁴
1306 5706 1511 5763 Matth.
1543 5720 1672 5780 xxv,
1699 5708 1790 5781 21,
1819 5707 1877 5764 2E

1989 5709 2033 5744 ⁸⁸
2060 5706 2267 5766 Matth.
2298 5725 2355 5775 ι,
2384 5708 2472 5762 26.
2549 5708 2594 5742 ⁸⁸
2626 5706 2788 5763 Prov.
2819 5722 2958 5776 un,
2986 5707 3079 5762 22.
