4002 6206
272 376 418 437 1501

1412 377 1591 437 Vl'l‘A
1639 374 1967 435 SANC'NE
2009 372 2534 435 SYNCLETICE.

3525 365 3548 421 1
3562 364 3679 426 502

266 508 366 565 λον
400 505 458 562 δὲ
516 507 650 582 πρὸς
706 508 796 562 τὸν
843 503 1126 577 διάϐολον,
1170 508 1254 563 ὅτι
1303 508 1420 562 Ἐὰν
1468 508 1562 579 μὶν
1623 505 1909 584 σωφρόνως

2033 505 2399 577 insipienter)
2431 506 2766 572 vixerimus,
2799 502 3173 560 tricenarium
3221 498 3427 556 saltem
3470 513 3679 553 conse-

265 594 509 671 (μᾶλλον
559 595 618 651 δὲ
668 596 940 674 ἀφρόνως)
975 598 1286 673 βιώσωμεν,
1317 596 1410 650 κᾶν
1463 600 1557 651 τοῦ
1602 598 1923 666 τριακοστοῦ

264 687 578 760 ἀξιούμεθα*
633 687 721 742 καὶ
780 686 879 762 γάρ
926 708 1112 761 φησιν,
1164 687 1238 749 ὡς
1289 692 1431 740 πᾶσα
1477 687 1513 754 ἠ
1564 682 1778 739 Παλαιᾶ
1820 690 1920 751 τῆς

262 773 622 837 παιδοποιίας
682 772 882 851 εἶ’χετο.
912 777 1153 830 Γνωστὸν
1211 776 1301 829 οὗν
1363 774 1499 829 ἔστω
1551 775 1650 842 τήν
1690 773 1918 847 γνώμην

260 863 465 934 ταύτην
525 868 621 918 τοῦ
680 864 883 940 ἐχθροῦ
938 864 1093 919 εἶναι.
1127 865 1188 921 Ὁ
1236 864 1337 938 γὰρ
1397 863 1457 918 ἐκ
1498 867 1605 917 τῶι
1661 862 1919 933 μειζόνων

267 952 356 1027 ἐπὶ
389 954 455 1008 τὰ
483 952 690 1008 ἐλάττω
734 952 1000 1028 ἀγόμενος
1045 953 1149 1007 ὑπὸ
1196 950 1292 1007 τοῦ
1344 950 1583 1006 ἐναντίου
1637 948 1918 1026 βάλλε-ξατο

266 1040 448 1116 ὥσπερ
506 1041 609 1116 γὰρ
667 1042 1005 1116 στρατιώτης
1065 1040 1255 1118 φυγὰς,
1318 1041 1345 1093 6
1401 1044 1563 1093 τοῦτο
1620 1036 1747 1105 δρᾶς
1801 1035 1919 1110 κρί-

263 1150 432 1185 νεται*
465 1130 553 1184 γαὶ
586 1129 696 1204 οὐχ
724 1130 807 1184 ὅτι
839 1130 975 1205 πρὸς
1022 1131 1121 1198 τὴν
1170 1128 1380 1184 ἐλάττω
1426 1127 1698 1203 στρατείαν
1745 1125 1919 1199 κεχώ-

263 1240 419 1295 ρηκε,
452 1219 780 1295 συγγνώμης
832 1219 1094 1290 ἀξιοῦται·
1130 1217 1256 1272 ἀλλ’
1306 1217 1390 1271 ὅτι
1435 1215 1659 1289 ἀπέδρα,
1692 1217 1792 1283 τήν
1841 1234 1920 1268 τι-

262 1307 475 1383 μωρίαν
527 1302 814 1379 λαμϐάνει.
851 1313 947 1372 Δεῖ,
992 1306 1106 1375 οῦν,
1156 1307 1336 1370 καθὼς
1386 1311 1673 1375 προεῖπον,
1704 1304 1763 1357 ἐκ
1806 1307 1914 1356 τῶν

258 1396 566 1453 ἐλαττόνων
600 1395 686 1451 ἐπὶ
716 1396 783 1451 τὰ
814 1398 928 1470 (78)
958 1390 1323 1469 προσϐαίνειν.
1360 1396 1460 1452 Καὶ
1492 1398 1651 1449 τοῦτο
1683 1394 1711 1446 6
1750 1390 1913 1446 Ἀπό-

259 1484 459 1547 στολος
494 1482 752 1549 διδάσκει,
787 1485 861 1547 ὡς
910 1489 1027 1539 Τῶν
1085 1480 1303 1548 ὄπισθεν
1364 1482 1913 1553 ἐπιλανθανομένους,

254 1580 378 1636 τοῖς
439 1572 739 1648 ἔμπροσθεν
808 1572 1198 1628 ἐπεκτείνεσθαι
1273 1575 1411 1648 χρή.
1473 1576 1563 1625 Δεῖ
1632 1568 1723 1625 οὖν
1786 1568 1914 1630 τοὺς

254 1663 359 1730 τήν
388 1658 713 1717 έκατοντάδα
758 1659 1113 1737 κρατοῦντας,
1146 1660 1347 1731 ταύτην
1398 1659 1474 1721 εἷς
1519 1658 1741 1719 ἑαυτοὺς
1789 1657 1913 1710 ἀνα-

2034 610 2286 666 quemur
2314 611 2326 649 ε
2364 611 2619 666 namque
2650 595 2852 659 aiunt;
2886 593 3037 647 Tota
3056 591 3148 645 lex
3169 593 3333 644 vetus
3362 587 3673 642 liberorum

2031 683 2462 754 susceptionem
2500 683 2866 754 praedicabat.
2898 678 3130 735 Noverit
3174 694 3310 750 ergo
3341 676 3442 747 qui
3475 676 3530 729 in
3565 676 3678 730 ista

1990 762 2005 774 ’
2031 776 2299 826 versatur
2327 773 2637 839 sententia,
2668 787 2796 827 eam
2830 769 3051 825 inimici
3100 784 3250 822 esse.
3302 770 3445 819 Nam
3477 765 3571 835 qui
3606 781 3676 820 ex

2032 862 2356 929 majoribus
2386 862 2454 915 ad
2489 862 2713 915 minora
2744 861 2989 924 devenit,
3016 858 3086 911 ab
3109 854 3442 910 adversario
3474 853 3673 924 dejici-

2028 954 2143 1011 tur,
2178 954 2354 1019 atque
2384 948 2571 1002 instar
2603 949 2805 1003 militis
2837 947 3150 1017 transfugae
3187 944 3488 1014 judicatur
3523 957 3541 1021 :_
3571 958 3673 995 nec

2029 1037 2169 1109 quia
2198 1038 2267 1092 ad
2303 1038 2639 1093 inferiorem
2674 1037 2916 1091 militam
2938 1034 3170 1090 transiit
3199 1032 3367 1087 venia
3395 1032 3668 1099 donatur,

2028 1128 2125 1180 sed
2163 1127 2303 1197 quia
2332 1127 2579 1195 aufugit,
2616 1143 2815 1196 pmnas
2845 1126 2961 1178 dat.
2996 1121 3451 1194 Oportetigitur,
3486 1124 3549 1173 ut
3572 1137 3670 1174 su-

2028 1218 2225 1285 perius
2255 1215 2395 1285 dixi,
2431 1232 2465 1270 a
2493 1216 2819 1270 minoribus
2853 1211 3119 1285 progredi
3152 1211 3221 1265 ad
3257 1209 3550 1264 ulteriora.
3584 1208 3672 1263 Id-

2027 1319 2140 1374 que
2171 1303 2337 1358 docet
2360 1303 2673 1375 Apostolus
2708 1321 2720 1359 :
2756 1309 2900 1374 Quae
2929 1305 3074 1356 retro
3100 1303 3228 1354 sunt
3273 1298 3671 1362 obliviscentes,

2023 1395 2103 1446 ad
2130 1408 2201 1446 ea
2226 1408 2346 1462 quae
2375 1396 2502 1447 sunt
2522 1394 2713 1463 priora
2743 1392 3021 1447 cxtendite
3049 1405 3139 1444 vos
3166 1388 3348 1442 7°.Par
3375 1390 3464 1441 est
3493 1386 3673 1457 igitur

2024 1496 2122 1535 eos
2153 1482 2250 1551 qui
2283 1482 2682 1535 centenarium
2716 1480 3042 1541 obtinuere,
3092 1476 3258 1532 illum
3292 1476 3362 1531 ad
3395 1490 3458 1530 se
3489 1473 3667 1529 revol-

2022 1585 2178 1633 vere,
2214 1585 2320 1624 nec
2352 1571 2669 1625 terminum
2709 1585 2953 1624 numero
2994 1566 3260 1622 dare.Ait
3288 1564 3445 1619 enim
3480 1580 3492 1618 :
3537 1563 3673 1618 Cum

2023 1658 2267 1727 feceritis
2296 1660 2507 1727 omnia,
2539 1659 2703 1714 dicite
2739 1676 2751 1713 :
2786 1658 2939 1712 Servi
2956 1656 3181 1711 inutiles
3208 1670 3396 1708 sumus
3423 1654 3488 1706 τ’.

255 1748 518 1817 κυκλοῦν,
548 1750 637 1804 καὶ
695 1749 861 1825 πέρας
925 1752 1000 1822 μή
1061 1747 1268 1805 διδόναι
1323 1754 1402 1821 τῷ
1458 1748 1697 1823 ἀριθμῷ.
1731 1745 1874 1816 Φησὶ
1932 1743 2057 1819 γὰρ,
2108 1744 2190 1798 δτι
2240 1752 2335 1801 “Av
2388 1748 2659 1817 ποιήσητε
2705 1745 2772 1801 τὰ
2816 1743 3281 1821 προστεταγμένα,
3331 1737 3535 1811 εἴπατε,
3583 1738 3665 1794 ὅτι

263 1838 465 1893 Δοῦλοι
494 1837 709 1914 ἀχρεῖοί
740 1838 919 1911 ἐσμεν.

331 1931 422 1984 24.
456 1933 547 1982 Δεῖ
603 1926 693 1982 οὗν
747 1929 895 2000 ἡμᾶς
947 1927 1040 1989 τὰς
1087 1928 1150 1982 τὸ
1200 1926 1518 2004 ἐπάγγελμα
1564 1930 1725 1981 τοῦτο
1757 1924 1909 1980 ἐπαν-

2089 1928 2178 1981 24.
2204 1928 2342 1997 (78”)
2368 1927 2702 1999 Nositaque
2731 1943 2859 1997 quae
2883 1923 3219 1995 hujusmodi
3244 1921 3661 1995 professionem

257 2014 562 2092 ῃρημένας,
612 2018 967 2093 σωφροσύνην
1018 2018 1116 2084 τήν
1170 2017 1245 2079 είς
1293 2016 1457 2092 ἄκρον
1503 2014 1774 2091 κατέχειν.
1811 2013 1906 2068 Καὶ

259 2106 363 2180 γὰρ
406 2105 496 2160 καὶ
545 2105 690 2181 παρὰ
728 2110 848 2167 ταῖς
898 2109 1137 2178 κοσμικῇ
1187 2102 1338 2160 δοκεῖ
1375 2104 1696 2183 σωφροσύνη
1746 2102 1906 2157 πολι-

255 2193 525 2263 τεύεσθαι,
582 2192 729 2248 ἀλλὰ
785 2192 1147 2270 συμπάρεστιν
1207 2194 1394 2255 αὐταῖς
1447 2193 1534 2248 καὶ
1608 2191 1907 2271 ἀφροσύνη,

260 2280 351 2338 διὰ
410 2283 472 2336 τὸ
523 2288 641 2344 ταῖς
692 2280 903 2344 ἄλλαις,
943 2282 1139 2346 πάσαις
1199 2283 1502 2353 αἰσθήσεσιν
1562 2282 1906 2355 ἁμαρτάνειν.

263 2371 368 2424 Καὶ
422 2370 521 2446 γὰρ
584 2371 778 2447 ὁρῶσιν
839 2371 1118 2447 ἀπρεπῶς,
1174 2372 1263 2425 καὶ
1334 2369 1566 2445 γελῶσιν
1643 2370 1910 2430 ἀτάκτως.

259 2464 451 2532 Ἡμεῖς
501 2455 580 2525 δὲ,
634 2457 870 2531 μάλιστα
931 2459 1022 2514 καὶ
1076 2459 1241 2514 ταῦτα
1296 2458 1574 2536 ἀφέμεναι,
1635 2453 1911 2513 ἐπαναϐῶ-

266 2568 362 2620 μεν
399 2554 516 2609 ταῖς
562 2548 796 2620 ἀρεταῖς,
828 2549 916 2602 καὶ
965 2548 1070 2603 ἀπὸ
1115 2546 1221 2602 τῶν
1275 2545 1572 2625 ὀφθαλμῶν
1622 2545 1908 2623 ἀφέλωμεν

259 2634 361 2703 τὴν
426 2635 652 2708 ματαίαν
708 2634 1021 2713 φαντασίαν.
1085 2636 1185 2691 Καὶ
1246 2636 1347 2711 γάρ
1404 2657 1565 2711 φησιν
1614 2637 1647 2705 ἡ
1700 2636 1907 2710 Γραφή-

260 2724 331 2781 Oi
392 2723 669 2801 ὀφθαλμοί
699 2746 795 2779 σου
826 2723 959 2801 ὀρθὰ
988 2724 1353 2800 βλεπέτωσαν·
1386 2724 1475 2779 καὶ
1529 2726 1627 2794 τὴν
1661 2722 1909 2799 γλῶτταν

258 2812 497 2867 κωλύειν
572 2817 678 2866 τῶν
753 2812 1016 2867 τοιούτων
1096 2815 1552 2887 ἁμαρτημάτων.
1620 2813 1909 2885 Ἀθέμιτον

257 2901 363 2976 γὰρ
393 2901 454 2954 τὸ
483 2905 590 2954 τῶν
625 2900 808 2972 ὕμνων
839 2897 1067 2977 ὄργανον
1118 2900 1321 2976 αἰσχρὰ
1349 2903 1637 2978 προφέρειν
1750 2923 1906 2973 ματα.

259 2989 338 3043 Οὐ
400 2989 565 3061 μόνον
636 2986 694 3043 δὲ
760 2988 935 3064 λέγειν
997 2988 1130 3044 αὐτὰ
1186 2992 1569 3064 παραιτητέον,
1625 2988 1769 3046 ἀλλὰ
1822 2997 1910 3044 καί

260 3076 503 3134 ἀκούειν.

335 3169 426 3222 25.
475 3171 652 3221 Ταῦτα
700 3165 756 3222 δὲ
806 3164 1061 3221 ἀδύνατον
1122 3165 1429 3244 φυλάττειν,
1481 3166 1566 3222 ἐὰν
1612 3172 1729 3229 ταῖς
1776 3188 1912 3244 προ-

2018 2015 2692 2087 suscepimus,debamus
2716 2014 3054 2088 pudicitiam
3077 2019 3274 2069 tenere
3304 2026 3659 2083 snpremam.

2018 2104 2162 2158 Nam
2197 2105 2346 2175 apud
2381 2104 2691 2161 saeculares
2713 2121 2946 2176 quoque
2967 2103 3215 2159 feminas
3243 2101 3474 2155 videtur
3495 2100 3665 2171 pudi-

2020 2193 2157 2248 citia
2187 2194 2444 2260 versari;
2478 2199 2537 2249 at
2562 2194 2713 2249 inest
2765 2193 2885 2248 illis
2936 2191 3293 2263 insipientia,
3344 2188 3485 2260 quia
3529 2188 3663 2243 aliis

2021 2283 2298 2338 omnibus
2337 2282 2609 2338 sensibus
2638 2282 2917 2337 labuntur
2958 2286 3017 2336 et
3051 2284 3310 2353 peccant.
3360 2276 3667 2349 Aspiciunt

2019 2371 2173 2426 enim
2212 2371 2635 2441 indecenter,ac
2668 2371 2858 2427 rident
2889 2368 3213 2425 ell‘use.Nos
3242 2383 3375 2423 vero
3396 2367 3517 2421 haec
3539 2367 3666 2437 ipsa

2021 2460 2311 2532 praecipue
2334 2459 3017 2530 abjicientcs,virtutibus
3045 2458 3453 2521 ascendamus,
3486 2459 3665 2527 atque

2020 2550 2092 2606 ab
2110 2548 2295 2605 oculis
2317 2549 2653 2604 auferamus
2676 2548 2907 2603 inanem
2928 2546 3200 2619 quamvis
3230 2547 3377 2603 62]
3416 2544 3664 2617 phanta-

2022 2639 2190 2693 siam.
2224 2636 2525 2710 Siquidem
2559 2639 2642 2692 ait
2688 2637 2988 2708 Scriptura
3023 2654 3035 2691 :
3071 2635 3227 2692 Oculi
3271 2636 3362 2690 tui
3407 2642 3549 2689 recta
3581 2634 3662 2687 vi-

2019 2727 2183 2783 deant
2212 2728 2276 2780 ⁷².
2313 2725 2593 2798 Linguam
2628 2741 2859 2798 quoque
2907 2724 3219 2797 reprimere
3275 2723 3558 2779 debemus
3589 2721 3660 2776 ab

2021 2814 2309 2887 ejusmodi
2340 2814 2592 2887 peccatis
2620 2814 2791 2870 Nefas
2820 2813 2974 2868 enim
2998 2817 3087 2868 est
3109 2817 3174 2867 ut
3204 2812 3551 2885 hymnorum
3578 2825 3662 2863 or-

2022 2921 2238 2977 ganum
2270 2904 2441 2959 verba
2471 2901 2665 2975 turpia
2709 2902 2981 2974 proferat.
3030 2902 3108 2956 Ea
3155 2917 3287 2956 vero
3339 2916 3450 2956 non
3503 2897 3660 2953 dictu

2024 2994 2218 3060 modo,
2250 2994 2347 3048 sed
2383 2992 2585 3047 auditu
2620 2997 2758 3048 sunt
2787 2991 3135 3063 respuenda.

2091 3174 2181 3229 25.
2214 3173 2328 3247 (79)
2371 3174 2497 3228 llaec
2540 3176 2736 3228 autem
2786 3187 3011 3228 servare
3059 3185 3175 3226 non
3225 3167 3510 3235 valemus,
3546 3165 3660 3222 nisi

258 3252 414 3317 όδοις
472 3260 716 3330 συνεχῶς
775 3256 1062 3331 χρώμεθα.
1123 3257 1219 3309 Διά
1270 3256 1373 3332 γὰρ
1441 3261 1547 3309 τῶν
1610 3255 1909 3327 αἰσθήσεων

2023 3264 2163 3319 dum
2196 3263 2255 3318 in
2287 3261 2582 3333 publicum
2600 3259 3380 3333 progredimurconsiderate
3393 3273 3661 3328 agamus.

257 3346 450 3416 ἡμῶν,
478 3344 573 3399 κᾶν
635 3346 711 3416 μὴ
768 3343 1116 3419 βουλώμεθα,
1152 3345 1203 3399 οἱ
1251 3343 1477 3399 κλέπται
1528 3344 1741 3400 εἰσίασι.
1785 3350 1909 3407 Πῶς

257 3434 367 3508 γὰρ
417 3430 635 3487 δύναται
687 3433 859 3502 οἶκος,
910 3437 1113 3487 καπνοῦ
1163 3432 1222 3487 ἐκ
1266 3438 1373 3487 τῶν
1433 3429 1621 3505 ἔξωθεν
1662 3433 1907 3505 κινηθέν-

253 3542 377 3592 τος,
434 3521 523 3575 καὶ
570 3525 676 3575 τῶν
740 3518 971 3597 θυρίδων
1033 3520 1360 3596 ἀνοιγεισῶν,
1417 3524 1491 3593 μὴ
1547 3522 1904 3594 μελαίνεσθαι.

258 3608 592 3685 Ἀναγκαίως
640 3608 729 3664 οὖν
782 3614 1153 3683 παραιτεῖσθαι
1218 3612 1480 3683 προσήκει
1526 3611 1621 3672 τὰς
1684 3610 1758 3672 εἷς
1812 3614 1909 3678 τήν

256 3698 461 3773 ἀγορὰν
496 3695 863 3774 προελεύσεις.
902 3698 966 3755 El
998 3698 1100 3773 γὰρ
1132 3696 1365 3772 ἐπαχθὲς
1415 3699 1501 3752 καῖ
1557 3698 1692 3775 βαρὺ
1742 3700 1908 3774 ἡγού-

260 3788 398 3858 μεθα
444 3784 714 3864 ἀδελφοὺς
762 3785 851 3840 καὶ
898 3792 1078 3863 γονεῖς
1125 3786 1365 3861 γυμνοὺς
1415 3788 1716 3855 θεάσασθαι,
1755 3789 1907 3861 πόσῳ

260 3874 478 3947 μᾶλλον
548 3870 842 3936 ἐπιϐλαϐές
888 3878 1023 3947 ἡμῖν
1082 3874 1228 3930 ἔσται
1313 3884 1583 3951 θεωρῆσαι
1647 3876 1732 3932 ἐπὶ
1796 3882 1905 3933 τῶν

257 3963 532 4019 πλατειῶν
583 3964 709 4025 τοὺς
754 3964 1011 4039 ἀπρεπῶς
1052 3965 1522 4040 γεγυμνωμένους,
1564 3964 1641 4021 ἔτι
1686 3988 1746 4042 γε
1797 3968 1905 4039 μὴν

255 4054 347 4107 καὶ
408 4052 680 4109 ἀκόλαστα
737 4052 956 4127 ῥήματα
1031 4051 1321 4129 λέγονταςς
1372 4056 1466 4110 Ἐκ
1523 4055 1728 4109 τούτων
1802 4058 1905 4131 γὰρ

254 4137 539 4214 συμϐαίνει
596 4139 781 4212 ἀηδεῖς
835 4142 924 4197 καὶ
971 4139 1270 4215 λοιμώδεις
1336 4144 1624 4221 φαντασίας
1672 4147 1902 4220 προτέρα

257 4232 473 4305 χεσθαι.

326 4323 418 4375 26.
466 4319 730 4389 Ὀπηνίκα
778 4315 834 4373 δὶ
881 4318 971 4372 καὶ
1029 4317 1103 4379 εἰς
1145 4317 1269 4381 τοὺς
1314 4316 1495 4382 οἶᾌιους
1543 4322 1730 4385 ἑαυτὰς
1778 4325 1904 4378 καθ-

253 4408 544 4484 εέρξωμεν,
579 4405 704 4462 οὐδὲ
764 4406 877 4462 ἐκεῖ
932 4405 1224 4483 ὀφείλομεν
1285 4404 1430 4484 ἔχειν
1477 4411 1540 4465 τὸ
1585 4410 1904 4488 ἀμέριμνον,

251 4496 384 4553 ἀλλ’
437 4496 751 4571 ἀγρυπνεῖν·
809 4497 1110 4572 γέγραπται
1166 4497 1289 4572 γάρ·
1342 4504 1684 4573 Γρηγορεῖτε.
1738 4504 1903 4557 ’Όσον

255 4582 315 4640 δέ
366 4585 559 4647 ἑαυτὰς
611 4584 1020 4662 ἀσφαλιζόμεοα
1061 4586 1196 4661 πρὸς
1245 4586 1618 4663 σωφροσύνην,
1650 4595 1905 4645 τοσοῦτον

2022 3352 2130 3407 Per
2159 3369 2370 3408 sensus
2404 3351 2556 3406 enim
2592 3356 2844 3419 nostros,
2877 3350 3048 3405 nobis
3096 3348 3270 3403 etiam
3319 3345 3536 3409 invitis,
3568 3345 3661 3399 in-

2018 3440 2364 3513 grediuntur
2395 3440 2571 3496 fures.
2616 3439 2917 3505 Quomodo
2966 3453 3221 3507 namque
3263 3437 3471 3490 domus
3500 3435 3662 3489 fumo

2018 3530 2381 3585 extrinsecus
2411 3528 2645 3583 admoto
2688 3527 2899 3599 poterit
2940 3542 3051 3580 non
3084 3524 3377 3597 denigrari
3399 3523 3426 3577 ‘?
3456 3526 3665 3588 Quam-

2017 3619 2215 3674 obrem
2250 3618 2581 3673 necessario
2611 3616 2880 3672 convenit
2926 3620 2990 3668 ut
3020 3631 3053 3668 a
3100 3613 3455 3685 profectibus
3486 3612 3541 3664 in
3578 3610 3661 3665 fo-

2018 3725 2147 3762 rum
2181 3707 2602 3763 abstineamus.
2635 3706 2775 3760 Nam
2818 3704 2865 3759 si
2901 3704 3211 3759 molestum
3241 3706 3298 3755 et
3325 3716 3498 3772 grave
3523 3715 3661 3754 cen-

2019 3813 2216 3851 semus
2248 3796 2441 3850 videre
2471 3796 2678 3849 fratres
2709 3799 2811 3848 aut
2841 3796 3111 3862 parentes
3159 3805 3399 3861 corpore
3446 3787 3657 3853 nudos,

2018 3891 2241 3956 quanto
2273 3886 2462 3955 magis
2494 3883 2728 3937 noxium
2766 3882 2934 3935 nobis
2964 3881 3199 3949 erit,eos
3222 3878 3280 3932 in
3308 3877 3515 3948 plateis
3537 3893 3661 3947 spe-

2018 3980 2174 4028 ctare
2205 3974 2303 4043 qui
2334 3973 2668 4026 indecenter
2695 3970 3071 4025 denudantur
3103 3973 3493 4039 praetereaque
3523 3982 3656 4036 pro-

2018 4064 2212 4117 ferunt
2241 4062 2539 4132 impudica
2563 4060 2839 4115 verbaEx
2874 4058 2967 4113 bis
2994 4058 3147 4112 enim
3181 4056 3371 4111 solent
3401 4052 3658 4111 molestae

2015 4158 2071 4205 et
2104 4151 2388 4222 pestiferae
2419 4147 2738 4219 phantasia:
2770 4148 3002 4202 exoriri.

2084 4331 2174 4383 26.
2208 4329 2448 4394 Quando
2479 4331 2670 4381 autem
2705 4326 2865 4381 domi
2910 4342 3016 4380 nos
3063 4323 3440 4387 recludimus,
3493 4337 3567 4376 ne
3597 4320 3663 4373 il-

2017 4418 2091 4474 lie
2121 4416 2356 4489 quidem
2397 4417 2678 4472 debemus
2710 4414 3240 4469 sinesollicitudine
3269 4412 3509 4479 versari,
3540 4413 3659 4470 imo

2016 4508 2190 4562 etiam
2224 4505 2562 4574 invigilare;
2596 4505 2882 4575 scriptum
2915 4504 3069 4556 enim
3129 4508 3221 4558 est
3253 4520 3265 4556 :
3308 4503 3543 4571 Vigilare
3588 4504 3655 4557 ⁷³.

2017 4598 2243 4661 Quanto
2274 4600 2466 4649 autem
2502 4594 2690 4665 magis
2722 4591 3261 4648 confirmaverimus
3293 4608 3397 4646 nos
3426 4591 3483 4645 in
3517 4595 3660 4645 tem-

254 4672 606 4751 δριμυτέροις
663 4655 1040 4748 σῦναπτόμεθα
1099 4655 1410 4751 λογισμοῖς.
1462 4678 1521 4735 Ὀ
1554 4655 1678 4753 γὰρ
1735 4700 1904 4754 προσ-

2023 4684 2302 4755 perantia,
2351 4688 2512 4737 tanto
2564 4699 2697 4736 rum
2764 4680 3162 4736 acerbioribus
3208 4679 3658 4751 cogitationibus

256 4764 388 4832 θεὶς,
469 4764 623 4840 φησὶ,
699 4768 920 4839 γνῶσιν,
996 4764 1348 4838 προστίθησιν
1433 4764 1675 4843 ἄλγημα.
1744 4770 1901 4824 Ὃσον

252 4854 358 4928 γὰρ
390 4852 790 4927 προκόπτουσιν
825 4852 877 4906 οἱ
928 4850 1180 4923 ἀθληταὶ,
1209 4859 1464 4909 τοσοῦτον
1519 4856 1727 4928 μείζοσι
1781 4879 1900 4912 συν-

250 4942 514 4997 άπτονται
573 4941 1015 5016 ἀνταγωνισταῖς.
1060 4943 1208 5011 "Oper
1261 4942 1427 4997 πόσον
1506 4945 1756 5013 ἀνέπτής.
1814 4949 1903 5002 καὶ

254 5030 356 5086 οὐκ
413 5029 763 5104 ὀλιγωρήσῃς
820 5029 957 5105 πρὸς
1018 5030 1085 5083 τὶ
1138 5030 1532 5104 παρόντα.’ῐ“’ἒ,ν
1581 5032 1768 5089 ἕωλον
1815 5037 1903 5091 καὶ

253 5120 566 5195 ἔμπρακτον
615 5118 868 5189 πορνείαν
925 5117 1216 5188 ἐνίκησας;
1262 5122 1359 5189 τὴν
1428 5120 1517 5176 διὰ
1563 5128 1671 5177 τῶν
1720 5124 1905 5195 αἰσθή-

252 5231 389 5265 σεων
451 5207 647 5284 ἐχθρός
705 5229 787 5261 σοι
846 5209 1130 5282 προθήσει.
1190 5211 1358 5266 ’Όταν
1418 5207 1475 5265 δὲ
1541 5212 1628 5266 καὶ
1702 5214 1903 5284 ταύτης

256 5298 483 5366 σεαυτὴν
538 5294 808 5364 κωλύσῃς,
858 5294 908 5350 ἐν
975 5300 1090 5357 τοῖς
1162 5298 1297 5351 κατά
1367 5295 1603 5354 διάνοιαν
1673 5304 1903 5379 χωρίοις

325 5452 372 5486 ⁷ο
404 5449 655 5523 Philipp.
690 5466 776 5517 ιιι,
811 5450 899 5506 13.
975 5450 1017 5485 τί
1049 5450 1186 5505 Luc.
1219 5467 1357 5517 xvu,
1391 5453 1478 5507 10.

330 5618 777 5692 (78)]ξιοίᾶίεεε
804 5618 1036 5692 videtur
1061 5618 1405 5692 vocabulum
1444 5620 1631 5692 μείζω.
1663 5624 1805 5682 Εωτ

328 5689 469 5764 (78')
499 5689 789 5747 Roswrid.
823 5690 881 5745 in
915 5689 1047 5746 Viti:
1077 5691 1186 5746 PP.
1221 5689 1261 5746 Ι.
1284 5707 1338 5762 v,
1371 5694 1425 5761 4,
1447 5689 1545 5748 ⁷41.

1553 5454 1600 5488 ⁷³
1627 5454 1790 5512 Prov.
1822 5474 1901 5526 ιν,
1932 5461 2023 5516 25.

2013 4773 2499 4827 conﬂictabimur.
2542 4771 2684 4825 Nam
2734 4772 2831 4840 qui
2878 4768 3038 4824 addit
3084 4771 3391 4835 scientiam,
3445 4768 3655 4839 inquit,

2012 4862 2165 4916 addi!
2193 4862 2433 4915 dolorem
2463 4861 2525 4914 ⁷⁸.
2580 4861 2646 4913 Et
2675 4858 2906 4913 athleta:
2944 4875 3058 4928 quo
3104 4858 3292 4927 magis
3326 4858 3655 4928 proficiunt,

2014 4970 2080 5005 eo
2114 4950 2437 5020 majoribus
2459 4966 2588 5003 cum
2616 4947 3002 5015 anlagonistis
3029 4947 3461 5001 conﬂictantur.
3480 4952 3659 5003 Cerne

2014 5058 2080 5093 ex
2111 5040 2345 5111 quantis
2365 5037 2814 5105 ovolaveris,nec
2846 5036 3203 5108 negligenter
3231 5040 3284 5089 te.
3316 5052 3482 5108 geres
3507 5037 3662 5091 circa

2016 5127 2340 5199 praesentia.
2378 5124 2732 5179 Materialem
2767 5129 2824 5178 et
2866 5130 3161 5179 externam
3217 5125 3656 5180 fornicationem

2015 5216 2275 5271 devicisti
2304 5215 2331 5268 ‘I
2361 5232 2486 5269 eam
2524 5231 2652 5285 qum
2685 5229 2787 5284 per
2816 5230 3025 5268 sensus
3050 5219 3347 5268 exercetur
3377 5213 3478 5268 tibi
3513 5212 3660 5281 adji-

2014 5307 2092 5363 cit
2119 5305 2418 5361 inimicus.
2452 5305 2714 5375 Cumque
2754 5303 2826 5357 ab
2875 5302 2982 5357 hac
3032 5302 3206 5357 etiam
3254 5307 3308 5356 te
3359 5301 3659 5356 continue-

2104 5460 2150 5495 ⁷³
2184 5457 2390 5515 Matth.
2421 5472 2576 5523 xxiv,
2607 5456 2696 5511 42.
2772 5456 2817 5492 ⁷⁸
2847 5454 3031 5512 Eccle.
3066 5472 3105 5523 ι,
3140 5455 3225 5509 18.

2086 5628 2205 5700 (79)
2237 5629 2301 5683 In
2331 5628 2471 5683 Viti:
2504 5630 2614 5682 PP.
2650 5625 2689 5692 l,
2722 5642 2776 5692 ν,
2812 5626 2898 5695 11,
2929 5624 3016 5680 32.
