4002 6206
294 353 446 412 1503

1457 359 1521 416 8.
1569 360 2092 421 ATHANASIUS.
2120 393 2197 406 —-
2229 363 2539 426 SPURIA.

3554 363 3580 422 1
3591 361 3710 422 504

298 483 379 537 ris
411 482 603 538 adhuc
635 483 693 538 in
718 485 1069 555 cogitatione
1119 503 1221 542 ceu
1275 488 1332 541 in
1380 503 1629 543 caverna
1677 488 1818 544 latet
1847 490 1946 546 bo-

2097 491 2388 568 μφωλεύει,
2421 495 2512 548 τὸν
2563 491 2728 550 ἅϋλόν
2784 514 2866 548 σοι
2918 499 3078 547 κινῶν
3129 491 3395 564 πόλεμον.
3431 491 3707 565 Πρόσωπα

303 571 436 638 stis,
483 577 539 626 et
581 573 886 644 spirituale
935 575 1040 629 tibi
1112 576 1329 630 bellum
1373 579 1642 633 concitat.
1695 579 1945 634 Decoros

300 661 453 716 enim
483 661 702 732 vultus,
735 662 1156 735 indecoresque
1187 665 1392 736 ﬁgura,
1435 672 1628 722 vetera
1659 667 1948 740 colloquia

301 750 569 821 suggerit
599 750 683 806 eis
715 767 842 821 quze
871 752 1130 808 solitario
1171 754 1394 810 vivunt.
1431 757 1540 810 Sed
1574 774 1686 812 non
1721 737 1948 829 oportet
1975 737 1993 750 ’

301 839 572 894 assentiri
619 839 1151 911 phantasmatibus,
1203 843 1342 914 quia
1387 845 1673 917 scriptum
1718 852 1806 901 est
1839 864 1850 901 :
1884 849 1948 902 Si

302 928 544 999 Spiritus
565 932 892 1000 potestatem
921 932 1169 986 habentis
1187 934 1485 989 ascenderit
1503 951 1669 1007 super
1697 937 1948 1002 te,tocum

303 1021 457 1072 tuum
489 1035 558 1074 ne
586 1019 867 1075 dimiseris
903 1021 964 1072 ⁷⁵.
1002 1022 1059 1075 In
1105 1021 1263 1077 hisee
1293 1040 1550 1094 namque
1605 1025 1780 1080 rebus
1810 1041 1946 1080 con-

298 1123 509 1163 sensus
541 1112 772 1163 estc'um
799 1110 1060 1165 saeculari
1085 1111 1462 1168 fornicatione
1493 1114 1946 1185 comparandus:

301 1199 550 1252 Potentes
581 1196 759 1266 enim,
795 1198 1002 1267 inquit,
1032 1203 1279 1270 pote-nter
1297 1210 1566 1258 tormenta
1593 1204 1945 1273 patientur“.

302 1287 577 1357 Magnum
600 1286 782 1357 igitur
806 1293 895 1341 est
926 1277 1207 1344 adversus
1243 1291 1642 1347 fornicationis
1674 1292 1947 1364 spiritum

298 1381 613 1430 certamen.
651 1373 913 1445 Illudque
944 1381 1000 1430 et
1021 1383 1197 1448 caput
1218 1379 1506 1436 malorum
1537 1381 1852 1436 adversarii
1875 1383 1947 1436 ad

302 1464 510 1518 anima;
542 1462 880 1534 perniciem.
915 1466 1076 1528 Quod
1116 1466 1369 1522 innuens
1414 1472 1619 1526 beatus
1649 1471 1758 1526 Job
1789 1470 1946 1526 dice-

304 1553 406 1608 bat
435 1553 508 1607 de
537 1551 769 1607 diabolo
793 1569 807 1607 :
844 1553 950 1621 Qui
979 1555 1138 1611 habet
1167 1558 1422 1612 virtutem
1452 1560 1511 1612 in
1542 1559 1800 1615 umbilico
1827 1576 1952 1616 ven-

303 1643 406 1696 tris
434 1642 498 1697 ⁷⁷.

369 1731 460 1784 27.
497 1729 699 1785 Multis
727 1730 924 1802 itaque
952 1733 1251 1805 variisque
1299 1736 1590 1792 machinis
1638 1737 1947 1792 stimulum

2053 580 2154 655 γὰρ
2187 579 2426 658 εὐπρεπῆ
2467 583 2557 637 καὶ
2610 581 2835 656 ὁμιλίας
2883 582 3136 658 ἀρχαίας,
3167 582 3258 635 καὶ
3295 579 3709 655 ἡσυχαζοόσαις

2055 674 2422 746 παρεισφέρει.
2457 678 2546 726 Δεῖ
2604 670 2694 726 οὖν
2749 673 2825 744 μή
2887 670 3358 745 συγκατατίθεσθαι
3406 675 3531 729 τοῖς
3583 690 3712 744 φαν-

2053 755 2308 830 τάσμασι·
2359 758 2652 834 γέγραπται
2713 761 2839 834 γάρ,
2899 760 2972 819 ὡς
3033 761 3152 814 Ἐὰν
3207 763 3420 831 πνεῦμα
3477 761 3578 811 τοῦ
3639 757 3718 827 EE-

2057 847 2401 916 ουσιάζοντος
2459 844 2630 922 ἀναϐῇ
2688 847 2774 902 ἐπὶ
2847 849 2923 919 σε,
2982 847 3150 902 τόπον
3208 869 3302 902 σου
3384 848 3461 918 μή

2052 940 2112 990 Ἡ
2143 936 2243 1011 γὰρ
2290 939 2428 1012 πρὸς
2472 942 2637 992 ταῦτα
2685 938 3093 1012 συγκατάθεσις,
3126 933 3432 1014 ἐφάμιλλός
3481 934 3593 988 ἐστι

2054 1030 2293 1099 κοσμικῇ
2377 1027 2617 1102 πορνείᾳ·
2706 1028 2929 1081 Δυνατοὶ
3007 1026 3130 1100 γάρ,
3217 1023 3372 1102 φησῖ,
3466 1020 3718 1082 δυνατῶς

2057 1113 2462 1185 ἐτασθήσονται.
2526 1117 2704 1191 Μέγας
2769 1114 2858 1170 οὖν
2911 1117 2938 1169 6
2996 1116 3129 1189 πρὸς
3189 1114 3252 1167 τὸ
3326 1116 3543 1183 πνεῦμα
3621 1118 3726 1178 τῆς

2056 1202 2308 1280 πορνείας
2367 1204 2530 1279 ἀγών.
2573 1206 2642 1258 Τὸ
2699 1206 2798 1280 γάρ
2859 1204 2910 1259 ἐν
2980 1209 3166 1263 κακοῖς
3239 1200 3541 1278 κεφάλαιον
3623 1203 3726 1253 τοῦ

2057 1291 2258 1369 ἐχθροῦ
2287 1294 2421 1368 πρὸς
2460 1293 2735 1348 ἀπώλειαν
2777 1295 2986 1367 ψυχῆς,
3010 1289 3170 1346 τοῦτό
3217 1289 3350 1345 ἐστι.
3385 1289 3482 1345 Καὶ
3543 1292 3721 1341 τοῦτο

2057 1381 2425 1454 αἰνιττόμενος
2466 1383 2494 1437 6
2531 1383 2797 1456 μακάριος
2828 1376 2974 1451 Ἰὼϐ,
3011 1379 3166 1454 ἔλεγε
3195 1378 3331 1450 πρὸς
3379 1377 3475 1432 τὸν
3527 1371 3731 1430 διάϐο-

2058 1468 2177 1526 λονο
2210 1473 2266 1524 Ὁ
2289 1467 2431 1546 ἔχων
2463 1471 2559 1539 τήν
2592 1467 2816 1543 δύναμιν
2847 1468 2928 1524 ἐπ’
2959 1467 3214 1547 ὀμφαλοῦ
3244 1467 3500 1546 γαστρός.

3543 847 3712 922 ἀφῇςο

2706 1028 2929 1081 Δυνατοὶ
3007 1026 3130 1100 γάρ,
3217 1023 3372 1102 φησῖ,

2126 1741 2216 1796 27.
2267 1740 2509 1803 Πολλαῖς
2559 1741 2652 1813 μὶν
2706 1739 2796 1794 οῦν
2845 1741 2934 1794 καὶ
2979 1738 3258 1817 διαφόροις
3317 1743 3604 1812 μηχαναῖς
3657 1736 3728 1790 τὸ

302 1818 709 1874 fornicationis
769 1819 1048 1876 admonet
1090 1820 1359 1879 diabolus
1404 1824 1739 1881 hominibus
1786 1825 1949 1880 Chri-

2097 1833 2156 1898 ῆς
2187 1828 2442 1904 πορνείας
2473 1830 2691 1905 κὲντρον
2723 1834 2864 1884 κινεῖ
2892 1830 2920 1884 6
2971 1823 3231 1888 διάϐολος
3277 1826 3415 1880 κατᾶ
3459 1829 3569 1879 τῶν
3625 1846 3729 1901 φι-

2217 1917 2228 1928 .
2445 1919 2456 1928 .
2591 1919 2601 1928 .
2815 1923 2858 1928 _
2897 1915 2998 1928 η,
3231 1920 3254 1928 ..
3417 1914 3430 1928 .
3510 1913 3523 1928 .
3586 1912 3600 1928 ι

300 1912 458 1964 stum
490 1906 891 1979 diligentibus.
925 1910 1076 1975 Quin
1122 1911 1297 1966 etiam
1349 1930 1498 1984 saepe
1547 1915 1804 1970 nefarius
1852 1914 1949 1972 ille

299 1999 589 2052 veterator
618 1995 908 2051 faternum
939 2013 1198 2054 amorem
1247 2002 1660 2057 transmutavit
1687 2002 1747 2058 in
1779 2020 1947 2060 suam

301 2084 846 2142 malitiam.Etenim
867 2086 1123 2159 virgines
1146 2105 1274 2161 quis
1296 2092 1555 2163 nuptias,
1582 2109 1710 2164 quea
1741 2092 1945 2149 luxum

305 2188 540 2230 omnem
573 2174 772 2230 seaculi
816 2175 1104 2247 fugerant,
1157 2195 1258 2250 per
1299 2180 1620 2236 fraternum
1671 2183 1947 2238 affectum

303 2262 703 2336 supplantavit
734 2280 747 2319 :
783 2264 1142 2337 insuperque
1166 2269 1485 2325 monachos
1519 2271 1616 2342 qui
1649 2272 1849 2328 omnia
1875 2273 1954 2328 fo-

303 2353 663 2409 nicationum
695 2369 910 2424 genera
935 2359 992 2410 et
1020 2355 1133 2426 ipsi
1184 2359 1581 2430 profugerant,
1629 2359 1954 2417 vulneravit

304 2458 371 2497 ac
403 2442 630 2514 decepit
653 2459 754 2513 per
774 2443 1112 2516 religiosum
1144 2446 1650 2518 colloquium.Hoc
1680 2454 1770 2506 est
1793 2450 1950 2506 enim

311 2531 537 2585 inimici
588 2531 922 2601 artiﬁcium,
973 2533 1180 2590 alienis
1223 2551 1286 2590 se
1333 2537 1620 2606 obtegere,
1667 2555 1776 2594 sua
1822 2556 1954 2596 vero

311 2619 642 2675 clanculum
674 2620 1004 2677 obtrudere:
1060 2623 1326 2680 Ostendit
1359 2643 1604 2696 granum
1653 2627 1953 2695 frumenti,

312 2708 512 2780 ibique
543 2710 823 2781 supponit
852 2710 1224 2782 laqueum.Et
1251 2730 1382 2769 vero
1415 2715 1666 2772 arbitror
1695 2717 1766 2772 de
1796 2717 1957 2773 hisce

313 2797 502 2852 dicere
534 2798 847 2853 Dominum
884 2817 896 2854 :
931 2801 1038 2868 Qui
1066 2801 1292 2857 veniunt
1321 2802 1392 2857 ad
1425 2819 1513 2858 vos
1544 2806 1607 2860 in
1637 2807 1958 2863 vestimento

323 2889 525 2954 ovium,
560 2889 892 2944 intrinsecus
930 2897 1110 2946 autem
1130 2899 1258 2946 sunt
1289 2892 1406 2963 lupi
1443 2909 1665 2966 rapaces
1693 2895 1758 2950 ⁷⁸.

385 3068 474 3122 28.
508 3067 653 3131 Quid
687 3084 824 3141 ergo
857 3070 926 3124 ad
959 3068 1068 3125 hoc
1090 3071 1424 3142 agendum?
1453 3073 1652 3128 Simus
1667 3073 1959 3146 prudentes

317 3159 457 3211 sicut
485 3167 778 3227 serpentes,
811 3162 859 3213 et
889 3159 1161 3231 simplices
1189 3163 1332 3216 sieut
1379 3162 1646 3220 columbae
1673 3164 1717 3199 7°
1745 3181 1758 3218 :
1792 3162 1959 3218 calli-

2053 2895 2207 2968 ,ὑμᾶς
2264 2893 2315 2950 ἐν
2370 2891 2628 2966 ἐνδύμασι
2685 2887 2993 2969 προϐάτων,
3051 2888 3241 2947 ἔσωθεν
3315 2887 3373 2944 δὲ.
3435 2889 3540 2943 εἰσι

2059 1916 2369 1992 λοχρίστων
2434 1919 2754 1993 ἀνθρώπων.
2815 1915 3089 1978 Πολλάκις
3158 1920 3287 1991 γοῦν
3345 1914 3434 1969 καὶ
3497 1912 3730 1988 ἀγάπην

2059 2004 2356 2083 ἀδελφικὴν
2418 2008 2756 2080 μεθώρμισεν
2792 2008 2820 2062 ὁ
2867 2001 3153 2083 κακόφρων
3215 2003 3290 2065 είς
3347 2004 3444 2071 τήν
3506 2001 3724 2056 οἰκείαν

2057 2094 2268 2150 κακίαν.
2330 2097 2431 2150 Καὶ
2503 2096 2606 2170 γάρ
2681 2097 2976 2172 παρθένους
3046 2094 3315 2170 φυγοόσας
3381 2093 3563 2165 γάμον
3632 2090 3736 2144 καὶ

2059 2183 2344 2262 φαντασίαν
2398 2191 2567 2239 πᾶσαν
2633 2183 2776 2260 βίου,
2828 2181 2916 2238 διά
2975 2182 3209 2258 σχέσεως
3264 2179 3566 2256 ἀδελφικῆς
3621 2179 3736 2232 ὑπ-

2061 2271 2322 2327 εσκέλισε·
2362 2273 2451 2327 καὶ
2505 2272 2783 2348 μοναχοὺς
2834 2269 2890 2326 δὲ
2938 2269 3158 2346 ἔτρωσε,
3190 2275 3292 2325 πᾶν
3339 2270 3521 2322 ὁτιοῦν
3571 2265 3731 2320 ἀπο-

2061 2361 2328 2439 φυγόντας
2360 2363 2449 2416 καὶ
2480 2361 2673 2423 αὐτοὺς
2721 2361 2979 2436 πορνικὸν
3027 2366 3246 2435 σχῆμα⁶
3283 2356 3426 2413 ἀλλά
3474 2357 3565 2411 καὶ
3629 2357 3736 2410 αὖ·

2059 2449 2186 2512 τοὺς
2237 2449 2483 2522 ἠπάτησε
2533 2448 2603 2505 δι’
2641 2445 2904 2512 εὐλαϐοῦς
2955 2447 3197 2522 ὁμιλίας.
3230 2452 3401 2500 Τοῦτο
3459 2446 3566 2520 γὰρ
3618 2448 3731 2498 τοῦ

2063 2538 2264 2615 ἐχθροῦ
2322 2535 2501 2614 ἔργον,
2533 2540 2616 2612 τὸ,
2676 2537 3098 2617 άμφιενν·5μενον
3165 2537 3231 2591 τὰ
3285 2533 3576 2610 ἀλλότρια,
3647 2533 3734 2587 τὰ

2064 2627 2238 2682 οἰκεῖα
2304 2625 2676 2691 λανθανόντως
2747 2621 3172 2702 προϐάλλεσθαι.
3230 2623 3473 2678 Δείκνυσι
3556 2621 3734 2676 σίτου

2063 2716 2280 2787 κόκκον,
2311 2717 2402 2771 καὶ
2443 2715 2759 2786 ὑποτίθησιν
2817 2713 2965 2786 αὐτῷ
3014 2710 3237 2789 παγίδα.
3279 2712 3443 2784 Οἶμαι
3507 2708 3566 2764 δὲ
3630 2708 3736 2764 καὶ

2063 2806 2154 2861 τὸν
2206 2805 2403 2882 Κύριον
2453 2807 2577 2879 περὶ
2613 2804 2810 2860 τούτου
2858 2801 3054 2878 λέγειν,
3101 2803 3178 2864 ὡς
3228 2803 3525 2876 Ἔρχονται
3575 2800 3741 2870 πρὸς

3627 2887 3740 2943 123-

2066 3004 2152 3038 κοι
2187 2979 2442 3059 ἅρπαγες.

2135 3076 2224 3128 28.
2285 3072 2353 3129 Τί
2410 3069 2499 3126 οὖν
2553 3071 2691 3148 πρὸς
2765 3073 2926 3125 τοῦτο
3004 3071 3364 3140 ποιήσωμεν;
3424 3065 3745 3138 Γενώμεθα

2071 3161 2328 3240 φρόνιμοι
2383 3161 2510 3216 ὡσεὶ
2589 3156 2765 3239 ὄφεις,
2812 3159 2902 3215 καὶ
2958 3157 3196 3233 ἀκέραιοι
3250 3157 3323 3219 ὡς
3384 3154 3748 3230 περιστεραὶ,

315 3246 456 3300 dum
491 3252 691 3302 contra
720 3246 959 3318 laqueos
981 3250 1106 3320 ejus
1127 3250 1472 3307 adhibentes
1493 3251 1802 3308 consilium
1823 3252 1957 3324 (80).

2097 3234 2372 3327 πανοῦργον
2430 3249 2564 3305 κατὰ
2612 3256 2713 3318 τῆς
2745 3245 2974 3323 παγίδος
3021 3246 3184 3301 αὐτοῦ
3239 3249 3513 3304 κινοῦντες
3559 3241 3744 3316 λογι-

317 3335 463 3391 Nam
494 3335 638 3391 illud
665 3354 678 3392 :
712 3340 889 3393 Estote
916 3337 1210 3408 prudentes
1237 3343 1384 3397 sicut
1413 3347 1711 3414 serpentes,
1738 3342 1962 3398 dictum

320 3427 429 3493 est,
463 3429 529 3478 ut
554 3423 768 3479 diaboli
800 3425 968 3480 nobis
999 3426 1255 3499 impetus
1289 3445 1401 3484 non
1435 3428 1673 3486 lateant.
1707 3431 1852 3485 Nam
1885 3429 1962 3485 si-

320 3512 458 3569 mile
487 3529 555 3568 ex
586 3513 765 3568 simili
797 3514 1140 3571 citissimam
1173 3521 1475 3588 comparat
1504 3517 1821 3574 notionem.
1852 3518 1964 3573 Co-

319 3601 533 3658 lumbaa
552 3618 690 3658 vero
722 3601 1071 3674 simplicitas
1099 3605 1358 3660 ostendit
1404 3607 1656 3676 puritate
1699 3606 1963 3662 actionis.

321 3692 506 3749 Omne
536 3691 718 3764 igitur
738 3692 958 3747 bonum
982 3709 1130 3765 opus
1179 3693 1458 3750 consistet
1480 3696 1536 3750 in
1563 3697 1699 3767 fuga
1729 3697 1970 3751 deterio-

323 3781 424 3838 ris.
460 3783 761 3848 Quomodo
792 3785 988 3838 autem
1036 3783 1329 3855 fugiemus
1379 3786 1533 3855 quod
1582 3784 1969 3857 ignoramus?

324 3872 712 3937 Quamobrem
748 3875 975 3942 oportet
1007 3876 1071 3927 ut
1106 3872 1400 3929 intellecta
1430 3874 1653 3929 inimici
1685 3874 1967 3945 nequitia,

326 3978 636 4019 caveamus
668 3961 738 4016 ab
770 3962 898 4031 ejus
929 3962 1270 4034 perniciosis
1329 3963 1820 4019 machinamentis
1847 3981 1859 4032 ;
1893 3964 1974 4018 ait

327 4050 532 4106 enim:
569 4051 794 4106 Circuit.
857 4066 1108 4121 quwrens
1159 4067 1317 4121 quem
1364 4051 1579 4107 devoret
1631 4052 1694 4106 ⁸ο.
1744 4053 1808 4106 Et
1834 4065 1974 4108 esca

327 4144 447 4213 eius
468 4141 649 4196 electae
679 4141 746 4194 ⁸¹.
799 4141 1000 4211 Itaque
1049 4156 1279 4212 semper
1323 4140 1682 4212 vigilandum
1736 4145 1844 4196 est.
1878 4141 1972 4196 Si-

329 4230 563 4302 quidem
599 4246 700 4300 per
728 4233 995 4285 externas
1027 4247 1116 4285 res
1147 4230 1472 4302 impugnat,
1496 4234 1554 4285 et
1585 4247 1686 4302 per
1716 4230 1976 4286 internas

330 4319 712 4390 cogitationes
748 4319 989 4390 subigit.
1025 4323 1090 4372 Et
1121 4319 1352 4390 quidem
1387 4320 1519 4391 plus
1552 4323 1720 4376 nocet
1749 4337 1851 4391 per
1887 4319 1976 4374 in-

330 4408 547 4465 teriora
582 4433 596 4477 ;
625 4426 759 4464 nam
794 4409 892 4464 diu
927 4412 1218 4480 noctuque
1251 4408 1634 4480 spiritualiter
1663 4409 1905 4465 accedit.

2075 3339 2231 3412 σμόν·
2263 3339 2327 3393 τὸ
2361 3339 2453 3412 μὲν
2487 3339 2613 3412 γὰρ,
2646 3336 2853 3391 Γίνεσθε
2884 3335 3144 3413 φρόνιμοι
3183 3333 3312 3388 ὡσεὶ
3361 3327 3533 3410 ὄφεις,
3567 3330 3745 3405 εἴρη-

2072 3449 2158 3482 ται
2190 3426 2327 3503 πρὸς
2357 3426 2420 3482 τὸ
2455 3427 2530 3500 μὴ
2567 3424 2843 3489 λανθάνειν
2871 3426 3020 3496 ἡμᾶς
3048 3424 3144 3484 τὰς
3185 3421 3356 3496 ὁρμάς
3385 3424 3481 3490 τοῦ
3531 3417 3741 3474 διαϐό-

2075 3517 2196 3573 λου.
2222 3517 2300 3573 Τὸ
2319 3517 2418 3591 γάρ
2441 3515 2633 3588 ὅμοιον
2667 3515 2726 3568 ἐκ
2742 3518 2838 3568 τοῦ
2861 3513 3058 3585 ὁμοίου
3079 3510 3337 3587 ταχίστην
3363 3515 3602 3563 ποιεῖται
3629 3513 3744 3579 τήν

2077 3602 2390 3678 διάγνωσιν.
2422 3604 2497 3659 Τὸ
2547 3601 2605 3657 δὲ
2655 3601 2902 3674 άκέραιον
2959 3606 3059 3669 τῆς
3117 3603 3431 3672 περιστερᾶς
3489 3593 3753 3651 δείκνυσι

2075 3695 2138 3748 τὸ
2165 3693 2395 3767 καθαρὸν
2426 3699 2524 3761 τῆς
2555 3691 2818 3767 πράξεως.
2854 3695 2961 3743 Πᾶν
3014 3688 3106 3761 μὲν
3167 3685 3256 3741 οὖν
3310 3685 3506 3760 ἀγαθὸν
3569 3683 3750 3759 ἔργον

2079 3783 2132 3838 ἐν
2165 3783 2420 3860 ἀποφυγῇ
2479 3777 2624 3836 ἔσται
2673 3783 2769 3834 τοῦ
2821 3776 3090 3853 χείρονος.
3125 3779 3245 3837 Πῶς
3299 3772 3354 3829 δὲ
3403 3773 3678 3860 φύγωμεν
3714 3775 3747 3828 ὃ

2085 3872 2159 3945 μή
2219 3857 2482 3942 οἶδαμεν;
2517 3875 2606 3924 Δεῖ
2666 3866 2757 3923 οὖν
2814 3867 3134 3940 magne
3194 3863 3396 3919 ἔννοιαν
3453 3857 3750 3923 λαϐούσας

2079 3965 2176 4014 τοῦ
2206 3959 2408 4035 ἐχθροῦ
2436 3959 2534 4026 τήν
2566 3955 2868 4027 δεινότητα,
2901 3953 3257 4033 φυλάττεσθαι
3312 3952 3416 4006 άπὸ
3462 3953 3566 4019 τῆς
3610 3953 3752 4006 τοῦ·

2081 4071 2176 4103 του
2235 4047 2676 4123 κακομηχανίαςο
2733 4045 2863 4123 φησὶ
2921 4043 3043 4119 γάρ·
3101 4047 3192 4104 Ὃς
3244 4041 3489 4114 περιάγει
3555 4045 3749 4108 ζητῶν

2082 4139 2196 4192 τίνα
2252 4135 2506 4210 καταπίῃ.
2569 4135 2670 4192 Καὶ
2748 4134 2815 4187 τὰ
2895 4131 3160 4207 βρώματα
3236 4132 3400 4183 αὐτοῦ
3483 4127 3748 4184 ἐκλεκτά.

2087 4226 2211 4282 Δέον
2247 4226 2336 4280 οῦν
2369 4226 2595 4280 πάντοτε
2625 4227 2946 4298 γρηγορεῖν.
2988 4220 3084 4276 Καὶ
3115 4219 3214 4295 γάρ
3247 4215 3335 4272 διὰ
3380 4223 3490 4271 τῶν
3541 4216 3748 4287 ἔξωθεν

2086 4314 2417 4390 πραγμάτων
2475 4312 2730 4384 πολεμεῖ,
2781 4311 2868 4365 καὶ
2928 4307 3015 4364 διὰ
3069 4313 3177 4362 τῶν
3246 4304 3395 4361 ἔνδον
3458 4306 3755 4380 λογισμῶν

2089 4402 2338 4477 δαμάζει.
2372 4401 2468 4456 Καὶ
2501 4399 2666 4455 πλέον
2715 4396 2802 4453 διὰ
2849 4403 2956 4452 τῶν
3019 4393 3189 4452 ἔνδον·
3221 4395 3309 4450 καὶ
3365 4395 3469 4470 γὰρ
3529 4393 3752 4470 νύκτωρ

2087 4493 2176 4548 καὶ
2213 4494 2329 4566 μεθ’
2359 4492 2566 4566 ἡμέραν
2597 4487 2778 4549 ἀΰλως
2808 4485 3186 4562 προσέρχεται.

401 4597 492 4650 29.
527 4596 848 4666 Cujusnam
883 4601 1019 4669 ergo
1049 4595 1130 4652 rei
1162 4599 1250 4651 est
1282 4612 1429 4666 opus
1460 4596 1530 4650 ad
1575 4595 1684 4651 hoc
1713 4595 1959 4651 bellum'

2160 4592 2249 4646 29.
2283 4589 2446 4650 Τίνος
2500 4587 2590 4642 οῦν
2645 4585 2804 4662 χρεία
2862 4584 2998 4660 πρὸς
3045 4583 3138 4636 τὸν
3184 4582 3422 4658 παρόντα
3454 4581 3750 4653 πόλεμοη

333 4685 486 4741 622
521 4685 777 4756 profecto
809 4683 1096 4741 laboriosa
1144 4683 1554 4740 exercitatione
1589 4690 1646 4738 et
1674 4683 1835 4753 puris
1853 4700 1981 4755 pre-

335 4775 520 4832 cibus.
557 4775 628 4830 Et
656 4773 776 4829 haec
811 4775 1045 4846 quidem
1077 4774 1422 4846 generaliter
1452 4774 1510 4829 in
1552 4772 1711 4828 omni
1742 4772 1987 4828 exitiosa

333 4863 686 4937 cogitatione
718 4869 858 4918 sunt
893 4863 1168 4920 remedia.
1201 4863 1419 4919 Verum
1451 4877 1686 4919 necesse
1717 4866 1804 4917 est
1822 4861 1986 4917 insu-

334 4970 438 5026 per
471 4953 869 5026 peculiaribus
903 4954 1258 5026 quibusdam
1291 4953 1374 5008 uti
1423 4951 1703 5019 consiliis,
1739 4951 1811 5006 ad
1843 4968 1988 5023 prm-

334 5047 563 5100 sentem
583 5041 791 5098 anima:
813 5047 1036 5114 pestem
1060 5042 1463 5114 depellendam
1493 5057 1505 5096 :
1531 5047 1705 5113 atque
1733 5039 1992 5096 instante

337 5132 687 5206 turpissima
718 5131 1070 5204 cogitatione
1102 5132 1152 5187 ei
1186 5148 1475 5204 opponere
1510 5131 1821 5187 contraria.
1846 5131 1988 5188 Nam

333 5223 382 5279 si
417 5223 475 5277 in
509 5221 745 5294 regione
772 5222 983 5276 mentis
1011 5221 1249 5277 formosi
1273 5220 1467 5277 vultus
1487 5220 1800 5292 phantasia
1823 5220 1994 5275 exstio

331 5307 491 5376 terit,
525 5307 584 5362 id
615 5305 841 5362 ratione
873 5305 1282 5379 castigandum
1310 5309 1560 5376 oportet,
1591 5322 1716 5377 quae
1751 5303 1992 5360 simula-

415 5464 460 5498 ’³⁸
487 5460 673 5518 Eccle.
702 5479 758 5531 Χ,
791 5462 879 5516 14.

957 5464 1000 5496 τε
1030 5465 1160 5533 Sap.
1196 5479 1270 5530 v1,
1292 5464 1347 5516 7.

345 5533 389 5571 δι
423 5534 639 5590 Habac.
675 5551 719 5601 ι,
753 5535 840 5588 16.

1413 5475 1416 5478 ‘
1459 5462 1501 5494 τί
1529 5461 1658 5515 Job.
1691 5477 1804 5528 XL.,
1842 5461 1928 5514 11.

422 5689 531 5761 (88)
565 5689 631 5745 In
656 5688 790 5746 Vitis
818 5689 933 5746 pp.
964 5687 1004 5742 ι.
1035 5703 1114 5756 γι,
1147 5687 1198 5758 ι,
1229 5686 1283 5741 2.

2060 5459 2103 5494 ⁷⁸
2136 5456 2342 5514 Matth.
2376 5473 2474 5524 vn,
2511 5456 2595 5511 15.

2094 4679 2297 4750 Δῆλον,
2329 4679 2402 4740 ὡς
2461 4676 2739 4746 ἀσκήσεως
2801 4673 3060 4729 ἐπιπόνου
3108 4671 3198 4726 καὶ
3241 4672 3474 4745 καθαρᾶς
3505 4690 3752 4744 προσευο

2096 4775 2228 4844 γῆς.
2262 4765 2436 4823 Ἀλλά
2462 4769 2628 4820 ταῦτα
2664 4763 2755 4836 μὶν
2798 4765 3028 4836 γενικῶς
3079 4759 3165 4814 ἐπὶ
3219 4759 3417 4819 παντὸς
3466 4757 3756 4832 λογισμοῦ

2098 4835 2346 4930 όλεϐρίου
2395 4835 2728 4929 ἀλεξητήρια
2774 4835 2995 4929 πέφυκε·
3030 4847 3113 4903 δεῖ
3175 4846 3232 4903 δὲ
3280 4849 3366 4902 καὶ
3419 4845 3620 4908 ἷδικαῖς
3673 4869 3756 4900 τι-

2099 4969 2178 5001 σιν
2240 4943 2468 5005 ἐννοίαις
2528 4942 2832 5019 χρήσασθαι
2888 4939 3024 5014 πρὸς
3077 4939 3139 4991 τὸ
3195 4938 3286 4989 τὸν
3348 4935 3594 5012 παρόντα
3650 4944 3756 5002 τῆς

2101 5039 2285 5110 ψυχῆς
2336 5033 2531 5106 λοιμὸν
2586 5031 2919 5092 ἀπώσασθαι·
2969 5025 3060 5081 καὶ
3129 5022 3449 5084 ἰπελθόντος
3512 5029 3612 5078 τοῦ
3671 5024 3756 5077 αἱ-

2101 5124 2327 5200 σχίστου
2387 5121 2682 5196 λογισμοῦ,
2742 5116 3132 5192 ἀνθυποφέρειν
3217 5115 3359 5184 αὖτῷ
3404 5114 3471 5167 τά
3523 5111 3756 5166 ἐναντία.

2103 5196 2174 5272 Eii.
2200 5213 2298 5288 γὰρ
2330 5210 2543 5286 γένοιτο
2573 5208 2623 5263 ἐν
2655 5213 2771 5269 τοῖς
2823 5206 2958 5262 κατὰ
3007 5203 3244 5259 διάνοιαν
3290 5203 3520 5278 χωρίοις
3578 5196 3756 5272 ὅψεως

2106 5302 2407 5377 εὐπρεποῦς
2440 5297 2721 5377 φαντασία,
2752 5300 2831 5367 τῷ
2863 5293 3017 5369 λόγῳ
3054 5293 3117 5347 τὸ
3166 5293 3336 5368 παρὸν
3383 5293 3754 5364 τιμωρητέον,

2709 5453 2754 5488 ⁷³
2786 5451 2992 5509 Matth.
3025 5467 3083 5515 κ,
3119 5449 3206 5505 16.
3322 5448 3368 5482 ⁸ο
3402 5451 3420 5500 1
3454 5451 3578 5501 Pet.
3611 5464 3665 5514 ν,
3697 5448 3747 5506 8,
