4002 6206
431 369 459 425 1
469 363 581 421 507

1603 360 1667 417 S.
1714 354 2324 419 ATHANASIUS.—
2361 356 2668 424 SPURIA.

3681 363 3811 426 {503

429 513 599 564 nem;
632 496 743 552 hoc
771 502 861 551 est
890 511 904 551 :
944 492 1099 564 Vade,
1128 494 1295 551 vende
1324 498 1507 550 omnia
1536 510 1657 563 qua
1687 495 1869 559 habes,
1901 496 1954 546 et
1999 495 2057 548 ιιι

2186 489 2461 556 συλλαϐὰς
2489 494 2852 575 παρείληφας,
2878 497 2969 552 καὶ
3026 496 3216 558 ἁπλῶς
3273 494 3319 550 εἰ
3375 500 3490 550 τῶν
3552 494 3808 568 ὀνομάτων

426 585 794 659 pauperibus,-
845 588 896 640 et
946 586 1091 651 veni,
1143 599 1365 655 sequere
1418 600 1505 638 me
1559 583 1626 636 3’.
1678 583 2073 652 Arhitrorque,

426 675 541 731 nisi
573 675 871 745 prolessus
902 672 1124 740 fuisset,
1159 688 1220 726 se
1251 688 1319 727 ea
1350 671 1555 727 fecisse
1584 671 1655 726 de
1684 671 1900 742 quibus
1950 671 2073 724 lue-

423 770 517 820 rat
570 766 984 832 interrogatus,
1046 777 1417 831 nequaqumn
1461 761 1654 831 ipsum
1689 761 1760 813 ad
1785 759 2072 814 bonorum

425 851 853 910 abdicationem
886 851 1206 905 invitasset.
1237 856 1361 915 Qua
1388 850 1543 905 enim
1577 849 1799 904 ratione
1855 846 2072 902 valuis-

421 948 511 998 set
552 943 624 998 ad
656 939 964 996 lectionem
995 939 1287 1005 accedere,
1318 938 1418 1009 qui
1451 938 1777 1008 ignorasset
1808 936 1923 991 vim
1952 936 2071 1008 syl-

420 1031 621 1088 labaru
632 1046 685 1085 in
701 1029 730 1084 τ

487 1209 575 1264 33.
608 1208 766 1264 Bona
790 1206 991 1279 itaque
1020 1209 1110 1262 est
1135 1204 1468 1261 voluntaria
1496 1206 1812 1276 paupertas
1842 1202 1915 1257 iis
1965 1200 2067 1272 qui

414 1299 701 1353 virtutum
732 1294 1214 1352 consuetudinem
1249 1294 1400 1349 nacti
1432 1293 1742 1348 sunt.Nam
1770 1290 2067 1361 superﬂua

418 1388 618 1443 omnia
646 1402 782 1441 cum
806 1385 1145 1454 abjecerint,
1179 1383 1251 1438 ad
1285 1382 1600 1438 Dominum
1632 1385 1958 1446 vertuntur,
1983 1378 2067 1433 di-

415 1478 618 1531 vinum
648 1475 758 1530 hoc
787 1473 1082 1545 eloquium
1117 1490 1263 1544 pura
1294 1476 1484 1527 mente
1515 1469 1828 1543 psallentes
1864 1486 1877 1523 :
1910 1468 2063 1524 623

419 1565 586 1623 Oculi
611 1566 786 1620 nostri
815 1565 876 1618 in
903 1566 954 1617 te
980 1566 1204 1633 sperant
1235 1578 1254 1616 :
1284 1566 1335 1616 et
1362 1569 1420 1615 tu
1448 1560 1545 1614 das
1570 1576 1751 1615 escam
1778 1558 2065 1627 diligenti-

420 1654 515 1710 bus
542 1656 613 1720 te,
639 1655 701 1708 in
729 1658 972 1723 tempore
999 1655 1299 1721 opportuno
1329 1649 1394 1704 ⁸³.

2185 578 2236 634 ἐν
2269 578 2373 652 ἕξει
2403 582 2654 659 γέγονας,
2688 583 2843 662 δεῦρο
2890 584 3081 640 λοιπὸν
3133 586 3224 639 καὶ
3281 583 3369 639 ἐπὶ
3406 584 3513 653 τήν
3568 583 3808 639 relaturi-

2180 690 2280 739 την
2358 672 2681 747 ἀνάγνωσιψ
2751 674 3045 730 τουτέστιν·
3098 677 3324 748 ’⁷Υπαγε,
3393 670 3663 743 πώλησόν
3733 696 3808 728 σου

2179 759 2247 813 τὰ
2326 760 2670 837 ὑπάρχοντα,
2726 765 2816 818 καὶ
2902 761 3058 838 δεῦρο
3142 762 3429 818 ἀκολούθει
3525 784 3660 834 μοι.
3730 764 3805 817 Καὶ

2143 847 2322 923 ιτάχα
2354 850 2531 922 οἶμαι,
2563 852 2640 914 ὡς
2671 852 2716 906 εί
2759 854 2836 925 μὴ
2885 854 2953 909 τὰ
3001 852 3341 923 ἐξετασθέντα
3393 853 3466 921 ἦν
3521 851 3808 927 ὑποσχόμε-

2177 957 2275 999 νος
2305 940 2681 1012 πεποιηκέναι,
2714 941 2813 996 οὐκ
2842 941 2901 996 ἃν
2934 941 3090 997 αὐτὸν
3144 940 3231 995 ἐπὶ
3283 942 3385 1010 τήν
3444 941 3806 1012 ἆκτημοσῦνην

2177 1029 2566 1102 προετρέψατο.
2610 1034 2734 1092 Πῶς
2788 1032 2890 1105 γὰρ
2943 1031 3001 1085 ἃν
3062 1028 3294 1100 ἠδύνατο
3351 1029 3497 1104 πρὸς
3534 1030 3805 1103 ἀνάγνωσιν

2178 1115 2441 1190 ὁρμῆσαι,
2471 1119 2571 1186 τήν
2602 1123 2709 1173 τῶν
2744 1114 3032 1174 συλλαϐῶν
3066 1120 3271 1195 ἀγνοῶν
3304 1115 3542 1190 δύναμιν
3569 1137 3585 1186 ;

2246 1207 2336 1261 33.
2381 1205 2531 1275 Καλή
2564 1206 2655 1261 οὖν
2688 1210 2722 1277 ἠ
2757 1207 3108 1281 ἁκτημοσύνη
3153 1213 3270 1270 τοῖς
3316 1206 3367 1262 ἐν
3420 1204 3532 1279 ἕξει
3582 1211 3685 1261 τῶν
3729 1229 3808 1261 κα-

2177 1290 2289 1347 λῶν
2347 1295 2751 1369 γεγενημένοις’
2804 1296 3017 1361 πάντων
3077 1298 3181 1371 γὰρ
3232 1301 3341 1351 τῶν
3403 1300 3673 1370 περιττῶν
3726 1300 3808 1363 τήν

2176 1376 2459 1452 ἀποϐολὴν
2500 1386 2882 1457 ποιησάμενοι,
2931 1386 3068 1461 πρὸς
3114 1386 3204 1440 τὸν
3257 1385 3461 1460 Κύριον
3508 1384 3722 1462 φέρουσι
3759 1385 3810 1438 τὸ

2174 1476 2361 1543 νεῦμα,
2398 1473 2461 1528 τὸ
2518 1478 2660 1537 θεῖον
2710 1474 2878 1529 ἐκεῖνο
2930 1472 3148 1545 ᾅδοντες
3200 1473 3387 1551 λόγιον
3446 1474 3715 1549 καθαρῶς,
3761 1476 3812 1528 τὶ

2176 1557 2333 1635 λέγον
2365 1578 2379 1592 ⁸
2438 1562 2500 1615 Οἱ
2568 1561 2846 1640 ὀφθαλμοὶ
2926 1566 3085 1636 ἡμῶν
3170 1563 3306 1637 πρὸς
3384 1563 3450 1618 σὲ
3527 1561 3808 1631 ἐλπίζουσι·

2171 1650 2262 1703 καὶ
2337 1649 2400 1704 σὺ
2473 1648 2634 1713 δίδως
2705 1652 2805 1721 τὴν
2880 1652 3088 1730 τροφὴν
3162 1657 3278 1714 τοῖς
3350 1650 3609 1728 ἁγαπῶσί
3666 1671 3719 1705 σε
3764 1650 3806 1705 ἐν

2174 1737 2439 1814 εὐκαιρίᾳ.

488 1831 864 1885 34.Ρι·ωὶθι·θιι
894 1843 1174 1899 magnum
1207 1827 1343 1882 hinc
1373 1826 1750 1882 commodum
1782 1825 2057 1892 referunt;

2242 1830 2330 1885 34.
2365 1827 2588 1923 ’Ἄλλους
2633 1850 2692 1885 τε
2738 1829 2901 1885 πάλιν
2952 1828 3197 1903 μεγάλην
3246 1828 3525 1909 ὠφέλειαν
3576 1828 3805 1905 deripit-

418 1936 551 1975 cum
581 1922 738 1975 enim
772 1919 842 1973 ad
868 1922 1202 1973 terrestrem
1234 1916 1576 1971 thesaurum
1624 1914 1891 1970 animum
1950 1929 2065 1968 non

417 2007 731 2080 appellant,
790 2022 1037 2076 regnum
1094 2004 1371 2061 caelorum
1432 2004 1709 2068 induunt,
1756 2001 2067 2074 palamque

414 2096 577 2152 illam
608 2113 642 2151 a
672 2094 977 2168 psalmista
1023 2093 1234 2149 Davide
1289 2094 1656 2149 decantatam
1713 2090 2063 2146 sententiam

414 2192 816 2257 exsequuntur
857 2200 871 2240 :
921 2185 983 2241 Ut
1026 2184 1344 2255 jumentum
1372 2182 1556 2253 factus
1585 2197 1710 2235 sum
1738 2179 1886 2251 apud
1913 2182 1968 2234 te
1994 2179 2061 2234 “.

416 2275 563 2331 Nam
593 2274 1061 2344 sicutjumenta,
1094 2288 1215 2342 quas
1247 2287 1420 2326 suum
1453 2286 1598 2341 opus
1632 2269 1869 2337 obeunt,
1921 2266 2063 2323 solis

414 2365 486 2420 ad
548 2363 725 2419 vitam
785 2360 1130 2417 necessariis
1167 2359 1463 2437 alimentis
1490 2364 1763 2414 contenta
1790 2364 1949 2426 sunt,
1983 2358 2063 2411 ila

405 2451 773 2525 paupertatis
803 2454 1116 2515 amatores,
1150 2466 1321 2504 usum
1378 2448 1634 2519 pecunias
1690 2446 1856 2519 quasi
1913 2444 2061 2501 nihil

414 2545 707 2613 reputant,
751 2539 1053 2609 soliusque
1081 2537 1406 2609 quotidiani
1435 2536 1695 2593 alimenti
1727 2552 1905 2590 causa
1934 2551 2060 2590 cor-

411 2646 648 2701 poream
679 2633 946 2684 exercent
975 2644 1231 2697 operam.
1275 2626 1343 2681 Hi
1400 2631 1601 2682 tenent
1659 2625 1793 2679 ﬁdei
1851 2627 2059 2678 funda-

412 2722 678 2774 mentum
709 2734 721 2773 :
756 2718 828 2773 ad
858 2732 959 2772 eos
986 2731 1242 2786 namque
1268 2716 1492 2770 dictum
1528 2715 1638 2769 fuit
1659 2732 1692 2769 a
1721 2713 2061 2779 Domino,ut

409 2806 641 2863 solliciti
657 2823 771 2861 non
784 2809 981 2861 essent
997 2804 1055 2860 in
1076 2803 1785 2867 crastinum:et,volalil£a
1804 2804 1925 2857 cadi
1944 2818 2057 2857 non

410 2904 617 2961 serunt,
648 2910 824 2965 neque
850 2896 1079 2959 metunt,
1112 2896 1165 2947 et
1194 2897 1360 2947 Pater
1385 2892 1617 2947 cwlestis
1642 2893 1821 2961 pascit
1849 2891 1952 2945 illa
1989 2892 2053 2949 ⁸⁸.

412 2984 513 3039 His
534 2983 666 3039 freti
690 2980 1059 3038 sermonibus
1078 2981 1256 3051 (Deus
1279 2996 1531 3051 namque
1551 2986 1640 3036 est
1659 2982 1759 3051 qui
1776 2981 2056 3053 loquitur)

412 3072 592 3128 libere
619 3077 676 3128 et
705 3072 983 3127 audacter
1013 3069 1180 3125 illum
1213 3068 1525 3141 Scriptura:
1549 3086 1745 3125 vocem
1796 3087 2053 3142 pronun-

412 3161 564 3217 tiant
593 3176 607 3216 :
641 3159 869 3216 Credidi
894 3163 1121 3231 propter
1147 3160 1287 3229 quod
1313 3158 1521 3214 locutus
1549 3175 1671 3213 sum
1702 3159 1765 3215 ⁸⁸.

483 3410 690 3467 35.Sed
713 3414 770 3466 et
798 3409 987 3465 hostis
1008 3426 1042 3465 a
1072 3411 1431 3481 paupertatis
1461 3410 1704 3481 hujusce
1735 3408 2058 3466 cultoribus

404 3499 642 3557 facilius
672 3502 983 3571 superatur
1017 3514 1030 3554 :
1065 3514 1177 3553 non
1212 3498 1386 3554 habet
1440 3501 1596 3556 enim
1657 3516 1773 3569 quo
1829 3503 2055 3555 noceat.

412 3595 554 3646 Nam
614 3587 870 3644 maxima
896 3604 1031 3659 pars
1063 3586 1464 3643 molestiarum
1496 3591 1552 3643 et
1574 3588 1965 3643 tentationum
1995 3588 2055 3642 in

408 3677 747 3733 facultatum
761 3676 999 3747 jactura
1022 3675 1475 3739 versatur.0uod
1496 3676 1653 3732 enim
1684 3676 1883 3732 damni
1912 3692 2055 3748 pau-

407 3766 648 3837 peribus
678 3765 890 3821 inferat
922 3782 1036 3821 non
1069 3764 1262 3821 habet.
1290 3774 1379 3821 An
1410 3764 1628 3837 praedia
1679 3763 2055 3821 incenderet?

408 3871 524 3910 non
577 3854 813 3911 adsunt.
861 3853 1139 3910 Jumenta
1165 3853 1559 3911 interﬁceret?
1588 3854 1749 3911 nulla
1776 3860 1919 3912 sunt
1947 3856 2053 3913 eis.

406 3942 785 3999 Charissimis
817 3942 1090 3999 noceret?
1118 3959 1318 3998 verum
1350 3943 1481 4000 istis
1530 3960 1761 4015 quoque
1811 3944 2053 4017 longum

406 4033 531 4087 vale
586 4030 877 4086 dixerunt.
917 4032 1014 4086 Est
1044 4031 1223 4103 igitur
1252 4037 1566 4104 paupertas
1598 4034 1918 4091 maximum
1949 4035 2051 4092 ad-

405 4136 611 4177 versus
641 4119 866 4175 hostem
897 4118 1252 4191 supplicium
1275 4138 1342 4177 ac
1372 4122 1663 4194 pretiosus
1692 4125 1901 4182 animae
1932 4129 2055 4186 the-

405 4226 639 4266 saurus.
1216 4232 1221 4235 '

473 4299 562 4353 36.
596 4301 878 4354 Caeterum
910 4302 1124 4369 quanto
1168 4305 1482 4371 paupertas
1539 4303 1940 4362 admirabilior
1990 4313 2053 4365 et

399 4387 470 4443 ad
529 4386 805 4444 virtutem
865 4388 1233 4459 praestantior
1272 4394 1381 4455 est,
1408 4395 1569 4446 tanto
1602 4396 1860 4463 pecuniae
1886 4413 2052 4452 amor

400 4475 473 4531 ad
504 4476 708 4530 vitium
741 4476 902 4547 pejor
930 4481 989 4531 et
1018 4476 1339 4548 ﬂagitiosor
1394 4485 1485 4533 est
1534 4497 1546 4535 :
1608 4497 1856 4554 vereque
1912 4501 2048 4541 eum

2171 1936 2373 1971 τονται’
2411 1919 2486 1990 μή
2521 1916 2741 1993 ἔχοντες
2770 1920 2873 1995 γὰρ
2903 1921 2995 1974 τὸν
3027 1925 3152 1974 νοῦν
3184 1921 3324 1992 πρὸς
3362 1920 3458 1974 τὸν
3521 1918 3575 1974 ἐν
3721 1931 3803 1988 er,-

2175 2006 2391 2081 σαυρὸν,
2419 2007 2518 2075 τήν
2574 2007 2810 2083 οὐρανῶν
2862 2007 3137 2083 βασιλείαν
3192 2008 3599 2085 ἁμφιέννυνταϋ
3629 2008 3713 2062 καὶ
3752 2008 3804 2061 τὸ

2175 2092 2277 2147 ὑπὸ
2331 2097 2431 2147 τοῦ
2490 2092 2743 2166 ὑμνῳδοῦ
2801 2090 2966 2150 Δαῦὶδ
3012 2095 3163 2171 ῥῆμα
3213 2095 3497 2151 ἐκτελοῦσι
3532 2096 3803 2172 modum}:

2175 2179 2353 2255 λέγον·
2417 2179 2707 2254 Κτηνώδης
2762 2182 3019 2259 ἐγενήθην
3077 2184 3223 2259 παρᾶ
3279 2184 3387 2242 σοί.
3444 2187 3650 2253 ’Ὠσπερ
3717 2184 3803 2258 γὶρ

2171 2268 2237 2323 τὰ
2269 2269 2555 2345 ὑποζύγια,
2586 2272 2685 2339 τήν
2718 2269 2857 2326 ἰδίαν
2890 2271 3142 2348 ἐργασίαν
3173 2272 3509 2346 ποιούμενα,
3539 2279 3657 2334 ταῖς
3685 2272 3803 2345 apti;

2170 2357 2232 2411 τὸ
2295 2362 2390 2431 ζῇν
2444 2366 2671 2436 τροφαῖς
2738 2360 2927 2423 1κόναις
2988 2362 3294 2437 ἀρκοῦνται·
3331 2361 3483 2417 οὕτω
3514 2361 3604 2415 καὶ
3650 2362 3699 2415 οἱ
3723 2364 3806 2429 τῆς

2172 2447 2555 2519 ἀκτημοσύνης
2589 2447 2829 2524 ἐργάται,
2858 2451 2958 2519 τήν
3012 2450 3106 2523 μὶν
3153 2455 3251 2506 τοῦ
3305 2450 3580 2527 ἀργυρίου
3628 2457 3801 2525 χρῆσιν

2169 2535 2245 2597 ὡς
2278 2533 2445 2608 μηδὲν
2478 2537 2638 2591 οὖσαν
2691 2537 3021 2613 λογίζονται,
3055 2539 3193 2613 πρὸς
3243 2538 3425 2612 μόνην
3483 2538 3544 2594 δὲ
3587 2540 3681 2607 τὴν
3724 2537 3803 2615 i?'

2169 2626 2372 2699 ἥμερον
2400 2628 2608 2702 τροφὴν
2638 2627 2736 2694 τὴν
2766 2623 2855 2681 διὰ
2881 2632 2979 2681 τοῦ
3008 2627 3259 2701 σώματος
3299 2627 3562 2703 ἐργασίαν
3606 2631 3801 2682 ποιοῦν-

2165 2734 2274 2769 ται.
2308 2714 2468 2768 Οὗτοι
2499 2721 2600 2784 τῆς
2631 2714 2864 2777 πίστέως
2895 2716 2993 2784 τήν
3022 2713 3265 2791 κρηπῖδα
3317 2717 3638 2791 κατέχουσν

2166 2800 2358 2864 αὐτοὺς
2389 2803 2493 2878 γὰρ
2528 2801 2736 2878 εἴρηται
2765 2804 2910 2880 παρὰ
2936 2808 3034 2859 τοῦ
3074 2803 3269 2878 Κυρίου
3297 2805 3363 2859 τὸ
3417 2808 3498 2877 μή
3554 2806 3794 2880 μεριμνᾷν

2164 2891 2287 2966 περὶ
2342 2898 2443 2960 τῆς
2500 2888 2705 2967 αὔριον·
2737 2892 2826 2946 καὶ
2886 2892 2993 2960 δτι,
3021 2893 3096 2947 Τὰ
3147 2894 3366 2948 πετεινᾶ
3419 2897 3527 2949 τοῦ
3586 2893 3793 2964 ούρανοῦ

2165 2978 2226 3033 ού
2280 2980 2507 3055 σπείρει,
2540 2978 2665 3035 οὐδὲ
2714 2979 2932 3055 θερίζει,
2986 2982 3073 3036 καὶ
3131 2982 3160 3035 6
3220 2983 3406 3056 Πατὴρ
3472 2983 3501 3036 6
3563 2981 3788 3057 οὐράνιος

2159 3068 2341 3146 τρέφει
2399 3068 2550 3125 αὐτά.
2608 3069 2832 3131 Τούτοις
2885 3075 3003 3131 τοῖς
3056 3068 3246 3145 λόγοις
3298 3070 3606 3148 ἐθάῥρησαν
3657 3070 3788 3137 (Θεὸς

2160 3156 2261 3233 γὰρ
2320 3158 2348 3211 6
2410 3154 2715 3230 λαλήσας),
2777 3157 3337 3233 πεπαῤῥησιασμένιυς
3402 3159 3468 3213 τὸ
3546 3157 3785 3236 γραιρικὸν

2165 3244 2333 3300 ἐκεῖνο
2382 3247 2702 3323 φθέγγονται
2745 3245 2917 3322 ῥῆμα,
2970 3247 3032 3301 τὸ
3074 3246 3254 3323 λέγον·
3304 3248 3651 3320 Ἐπίστευσα,
3679 3244 3789 3301 δι“ὂ

2166 3332 2432 3405 ἐλάλησα.

2235 3427 2324 3480 35.
2358 3424 2456 3478 Καὶ
2489 3423 2518 3478 6
2550 3422 2747 3499 ἐχθρὸς
2776 3420 2834 3479 δὲ
2862 3423 2951 3479 ἐπὶ
2979 3429 3085 3479 τῶν
3118 3424 3447 3498 ἀκτημόνων
3493 3422 3663 3480 πλέον
3706 3424 3791 3493 ἠτ-

2161 3518 2338 3569 τᾶται·
2370 3534 2425 3567 τι
2449 3515 2554 3589 γὰρ
2587 3510 2789 3589 βλάψῃ,
2822 3512 2925 3568 οὐκ
2963 3509 3100 3589 ἔχει.
3131 3513 3202 3571 Δί
3251 3515 3357 3589 γὰρ
3410 3512 3661 3569 πλεῖσται
3702 3516 3792 3566 τῶν

2165 3600 2352 3657 λυπῶν
2400 3602 2491 3657 καὶ
2535 3606 2642 3656 τῶν
2691 3607 3007 3678 πειρασμῶν
3056 3602 3109 3658 ἐν
3156 3608 3272 3666 ταῖς
3340 3603 3649 3681 ἁφαιρέσεσι
3699 3606 3787 3656 τῶν

2163 3689 2467 3767 χρημάτων
2499 3690 2758 3767 γίνονται.
2790 3691 2850 3745 Τί
2882 3692 2985 3768 γὰρ
3034 3688 3151 3768 ἔχει
3199 3699 3427 3762 ποιῆσαι
3485 3697 3605 3753 τοῖς
3646 3692 3786 3759 ἐκτή-

2168 3800 2323 3854 μοσιν
2356 3800 2370 3849 ;
2404 3779 2503 3835 οὐκ
2532 3778 2669 3856 ἔχει.
2702 3781 2890 3857 Χωρία
2919 3780 3193 3855 ἐμπρῆσαι
3219 3800 3234 3851 ;
3267 3781 3331 3837 ού
3362 3783 3783 3857 πάρεστιν.Ὑποο

2164 3868 2317 3943 ζύγια
2370 3873 2620 3947 φθεῖραις
2673 3866 2799 3924 ἀλλ’
2856 3867 2983 3925 οὑδὲ
3034 3875 3200 3926 ταῦτα
3246 3868 3463 3945 ἔχουσι.
3513 3868 3782 3927 Φιλτῶιοις

2161 3955 2433 4030 adiacent;
2483 3955 2628 4013 ἀλλά
2684 3959 2773 4013 καὶ
2825 3958 3041 4021 τούτοις
3101 3960 3307 4035 μακρὰν
3366 3959 3581 4035 χαίρειν
3627 3958 3776 4013 εἷπον.

2159 4045 2362 4101 Οὐκοῦν
2397 4046 2618 4121 μεγίστη
2650 4048 2786 4102 κατὰ
2828 4051 2924 4102 τοῦ
2966 4047 3168 4124 ἐχθροῦ
3210 4048 3455 4124 τιμωρία
3501 4048 3591 4102 καὶ
3633 4043 3779 4100 πολύ-

2156 4154 2319 4207 τιμος
2348 4134 2416 4209 τῇ
2442 4138 2595 4210 ψυχῇ
2628 4134 2897 4212 Θησαυρὸς
2998 4137 3371 4210 ἀκτημοσύνη.

2228 4316 2316 4371 36.
2348 4314 2514 4370 ’Ὀσον
2551 4315 2643 4385 μὲν
2694 4311 2784 4368 οὖν
2834 4312 2968 4383 αὕτη
3024 4316 3304 4386 θαυμαστὴ
3361 4318 3455 4370 καὶ
3506 4315 3774 4391 ὑπέρογκος

2158 4401 2234 4465 εἷς
2268 4403 2483 4478 ἀρετὴν,
2515 4407 2771 4458 τοσοῦτον
2817 4401 2892 4465 εἷς
2941 4402 3125 4458 κακίαν
3175 4403 3357 4481 φαύλη
3401 4405 3494 4459 καὶ
3546 4403 3773 4479 μοχθηρᾶ

2157 4492 2191 4560 ἦ
2225 4488 2575 4567 φιλαργυρίαι
2608 4492 2698 4546 καὶ
2748 4491 2970 4561 ἀληθῶς
3011 4493 3050 4546 ὁ.
3088 4492 3363 4554 θεσπέσιος
3409 4492 3624 4553 Παῦλος
3669 4491 3770 4564 περῖ

399 4563 634 4619 divinus
688 4564 1004 4635 Apostolus
1056 4564 1221 4635 dixit,
1278 4581 1407 4622 esse
1462 4569 1726 4624 omnium
1759 4572 2046 4630 malorum

2170 4579 2354 4653 ταύτης
2385 4576 2620 4653 εἴρηκεν
2653 4580 2726 4642 ὡς
2756 4579 2967 4634 πάντων
3001 4580 3165 4648 αὐτὴν
3224 4582 3332 4635 τῶν
3390 4587 3573 4636 κακῶν
3621 4580 3770 4635 αἰτίαν

399 4668 635 4708 causam
669 4652 731 4706 ⁸⁷.
768 4656 912 4708 Nam
946 4653 1279 4709 divitiarum
1328 4655 1643 4727 cupiditas,
1695 4660 2040 4731 perjurium,

398 4741 643 4809 furtum,
706 4740 929 4813 rapina,
963 4742 1289 4810 l'ornicatio,
1336 4743 1572 4814 invidia,
1605 4749 1807 4817 caedes,
1841 4750 2043 4808 odium

398 4828 745 4898 fraternum,
772 4829 1012 4897 bellum,
1045 4831 1391 4901 idololatria,
1424 4836 1684 4903 avaritia,
1720 4837 2045 4912 horumque

398 4919 641 4987 surculi,
675 4918 1019 4992 hypocrisis,
1051 4920 1330 4989 adulatio,
1362 4923 1670 4994 cachinni;
1703 4928 1922 4999 omnia,
1953 4930 2043 4984 in-

397 5007 1067 5078 quam,isthaec,causam
1102 5016 1157 5065 et
1187 5011 1467 5080 originem
1500 5012 1710 5071 habere
1739 5016 2042 5075 avaritiam

394 5093 456 5152 in
488 5095 755 5152 conlesso
787 5103 893 5153 est.
920 5094 1239 5169 Undejure
1267 5098 1429 5154 illam
1463 5103 1765 5171 pomnium
1799 5111 2044 5163 matrem

394 5187 687 5245 malorum
743 5188 1059 5267 Apostolus
1112 5190 1453 5247 nominavit.
1486 5193 1601 5249 Nec
1631 5194 1823 5251 solum
1854 5198 1928 5252 ab
1957 5198 2044 5254 eis

2153 4669 2307 4723 εἶναι.
2350 4668 2642 4740 Ἐπιθυμία
2692 4670 2797 4744 γὰρ
2838 4673 2937 4723 τοῦ
2984 4667 3250 4731 πλούτου,
3282 4669 3556 4745 ἐπιορκία,
3587 4668 3766 4736 κλοπὴ,

2152 4757 2389 4832 ἁρπαγὴ,
2418 4756 2664 4829 πορνεία,
2696 4758 2914 4835 φθόνος,
2952 4755 3298 4836 μισαδελφία,
3329 4759 3599 4832 πόλεμος,
3629 4755 3765 4813 εἰδω-

2153 4843 2467 4920 λολατρεία,
2524 4843 2831 4916 πλεονεξία,
2889 4847 2978 4900 καὶ
3036 4848 3092 4901 αἱ
3147 4844 3494 4925 παραφυάδες
3563 4846 3763 4913 τούτων,

2153 4933 2456 5009 ὑπόκρισις,
2503 4935 2781 5007 κολακεία,
2808 4934 3142 5010 κατάγελως
3189 4935 3398 4991 πάντων
3450 4935 3543 4991 οῦν
3583 4935 3761 4991 τούτων

2151 5022 2297 5077 αἰτία
2327 5021 2688 5097 ὡμολόγηται
2719 5026 2754 5094 ἠ
2786 5024 3137 5101 φιλαργυρία.
3168 5027 3321 5080 Ὅθεν
3353 5023 3575 5087 δικαίως
3618 5024 3759 5089 αὐτὴν

2150 5111 2364 5164 πάντων
2421 5115 2529 5165 τῶν
2588 5118 2765 5167 κακῶν
2802 5116 3009 5190 μητερα
3039 5115 3067 5168 ὁ
3096 5113 3431 5176 ⁷Απόστολος
3490 5104 3757 5185 ὠνόμασεν.

2152 5198 2224 5254 Οὐ
2260 5198 2424 5271 μόνον
2460 5196 2517 5255 δὲ
2545 5202 2574 5256 ὁ
2603 5203 2733 5264 Θεὸς
2759 5201 2984 5265 τούτους
3009 5209 3350 5278 τιμωρεῖται·
3384 5201 3528 5258 ἀλλά
3582 5223 3638 5277 γε
3687 5200 3756 5254 ιιιῖ

460 5383 737 5475 οξψιιιπ.
769 5401 887 5453 xrx,
917 5387 1007 5442 21.
1083 5388 1129 5424 ⁸³
1160 5388 1310 5446 Psal.
1345 5404 1525 5458 cxuv,
1562 5392 1646 5447 15.
1722 5394 1769 5429 ⁸⁴
1799 5393 1947 5452 Psal.
1981 5412 2057 5452 1.x:

2184 5398 2274 5453 23.
2350 5398 2395 5435 εδ
2425 5398 2626 5456 Matth.
2658 5417 2736 5472 v1,
2766 5401 2858 5457 26.
2932 5400 2978 5438 ⁸⁸
3008 5400 3159 5458 Psal.
3184 5419 3312 5475 cxv,
3347 5402 3429 5457 10.
3506 5402 3549 5438 ετ
3580 5402 3599 5458 Ι
3626 5400 3749 5456 Tim.

390 5469 469 5526 vi,
504 5458 589 5512 10.

462 5658 575 5731 (82)
607 5661 673 5717 In
707 5662 838 5718 l’iu‘s
866 5664 975 5720 PP.
1009 5663 1049 5719 1.
1078 5680 1158 5734 v1,
1191 5666 1243 5734 4,
1274 5664 1365 5723 23.
