4002 6206
226 340 383 399 1509

227 467 440 532 οἷ’κοθεν
498 467 684 530 ἒάυτὸς
742 466 1181 546 καταφθείρουσιν
1218 485 1231 498 ·

228 578 410 633 ροντες
442 558 540 625 τὴν
574 555 782 627 κακίαν,
815 557 914 611 οὐκ
956 555 1143 632 ἔχουσι
1173 555 1331 612 τέλος
1375 561 1469 610 τοῦ
1501 558 1726 621 σκοποῦ,
1760 550 1878 615 ὅθεν

230 648 451 709 ἆνίατας
481 648 662 709 αὐτοις
762 646 978 721 πληγή.
1012 648 1072 704 Ὀ
1124 643 1291 719 μηδὲν
1344 642 1486 721 ἔχων
1543 642 1741 719 ὀλίγων
1775 640 1885 695 ἐπι-

230 742 415 809 θυμεῖ·
469 735 558 790 καὶ
610 736 794 811 τυχὼν
843 735 1082 803 τούτων,
1134 739 1241 789 τῶν
1292 734 1559 790 πλειόνων
1619 730 1879 808 ὀρέγεται·

219 824 453 885 Ἐκατὸν
485 825 775 901 χρυσίνους
804 821 945 900 ἔχει,
975 824 1063 878 καὶ
1096 822 1352 899 γλίχεται
1379 828 1486 878 τῶν
1536 821 1760 896 χιλίων·
1794 817 1883 873 καὶ

227 916 438 971 τούτων
468 914 797 990 εὐπορήσας,
828 914 963 990 πρὸς
1016 912 1233 989 ἄπειρον
1280 914 1427 990 φέρει
1458 912 1520 966 τὸ
1560 915 1749 983 νεῦμα.
1786 908 1882 964 Καὶ

230 1004 399 1075 οὕτω,
437 1004 513 1077 μή
548 1005 688 1075 (82")
721 1000 937 1078 ἔχοντες
960 1003 1157 1057 ἑαυτῶν
1185 1008 1372 1071 στῆναι
1402 1002 1463 1055 τὸ
1490 999 1757 1065 τέλος,ἀεὶ
1790 1019 1883 1052 πε-

227 1094 348 1149 νίαν
390 1091 695 1170 ἀδύρονται.
747 1092 907 1164 Φέρει
956 1088 1014 1145 δὲ
1068 1093 1096 1161 ἡ
1142 1089 1472 1168 φιλαργυρία
1524 1090 1640 1162 μεθ’
1686 1089 1881 1157 εαυτῆς

229 1183 317 1238 ἀεὶ
371 1183 463 1237 τὸν
494 1180 705 1260 φθόνον.
741 1180 958 1256 Φθείρει
991 1177 1048 1234 δὲ
1078 1179 1167 1233 καὶ
1200 1179 1355 1239 οὗτος
1386 1182 1599 1254 πρῶτον
1630 1177 1720 1231 τὸν
1750 1199 1884 1247 κτη-

230 1275 491 1344 σάμενον.
524 1273 727 1344 Ὥσπερ
760 1270 863 1344 γὰρ
894 1271 930 1339 ἡ
965 1265 1154 1343 ἔχιδνα
1182 1268 1492 1343 γεννωμένη
1525 1271 1740 1342 πρῶτον
1786 1268 1886 1334 τὴν

234 1359 381 1416 ἰδίαν
419 1361 627 1435 μητέρα
674 1358 898 1435 φθείρει,
948 1356 1073 1428 πρὶν
1121 1355 1179 1411 ἂν
1231 1353 1434 1417 ἄλλους
1484 1352 1747 1429 ἀδικήσῃ·
1800 1353 1888 1409 οῦ-

231 1470 316 1504 τω
346 1448 434 1504 καὶ
466 1449 495 1503 ὁ
540 1446 732 1525 φθόνος
782 1446 872 1501 τὸν
921 1446 1260 1518 κτησάμενον
1311 1442 1717 1518 καταμαραίνει,
1761 1444 1884 1518 πρὶν

234 1539 297 1594 ἂν
332 1539 460 1599 τοὺς
492 1537 551 1593 ἐκ
579 1536 836 1611 γειτόνων
870 1533 1194 1608 διανεμηθῇ.

311 1719 402 1774 37.
435 1713 582 1790 Μέγα
618 1735 683 1783 ην
735 1718 951 1788 χρῆμα,
984 1710 1029 1766 εἰ
1075 1711 1367 1773 τοσούτους
1413 1709 1723 1784 ἠδυνάμεθα
1765 1712 1892 1766 ὑπο-

240 1807 420 1878 μένειν
453 1804 674 1870 πόνους,
728 1804 1009 1871 ζητοῦντες
1055 1801 1119 1855 τὸ
1162 1798 1386 1873 δόκιμον
1432 1800 1709 1876 ἀργύριον,
1741 1801 1891 1863 ὅσοις

236 1895 562 1964 ἀνηκέστοις
611 1890 1022 1967 περιπίπτουσιν
1075 1889 1127 1943 οἱ
1152 1892 1247 1943 τοῦ
1282 1887 1509 1961 ματαίου
1551 1884 1761 1962 κόσμου
1793 1900 1889 1959 θη-

237 1982 399 2060 ραταί
434 2028 446 2039 .
499 1980 737 2055 Ναυάγια
786 1977 1132 2051 ὑπομένουσι,
1168 1977 1564 2053 ’πειρατηρίοις
1622 1999 1893 2054 προσομι-

238 2072 425 2138 λοῦσι,
483 2069 703 2145 λῃσταῖς
759 2068 893 2123 κατὰ
942 2074 1047 2142 γῆς
1105 2065 1549 2141 περιπίπτουσίν·
1608 2067 1893 2142 ἀνέχονται

240 2162 440 2217 λοιπὸν
488 2157 658 2228 ζάλης
716 2157 806 2212 καὶ
855 2156 1175 2228 πνευμάτων
1227 2155 1437 2231 βιαίων*
1488 2156 1578 2210 καὶ
1622 2154 1893 2218 πολλάκις

244 2248 644 2322 κερδαίνοντες,
684 2244 914 2315 πένητας
946 2245 1165 2306 ἑαυτοὺς
1206 2243 1467 2321 φάσκουσι
1497 2242 1585 2299 διὰ
1611 2245 1738 2306 τοὺς
1772 2257 1899 2321 φθο-

239 2342 466 2393 νοῦντας
501 2382 513 2394 .
544 2340 732 2408 Ἡμεῖς
782 2330 840 2388 δὲ
896 2330 1141 2394 οὐδόλως
1184 2337 1290 2387 τῶν
1337 2332 1598 2387 τοιούτων
1635 2330 1894 2387 κινδύνων

242 2426 676 2498 κατατολμῶχιεν
705 2424 838 2498 ὑπὲρ
869 2426 965 2477 τοῦ
996 2420 1259 2492 ἀληθινοῦ
1290 2419 1535 2495 κέρδους.
1570 2421 1631 2476 Εἴ
1680 2419 1737 2476 δὲ
1766 2441 1899 2476 ποτε

240 2518 335 2571 καὶ
370 2519 567 2590 μικροῦ
613 2534 760 2567 τινος
812 2511 1224 2587 εὐπορήσωμεν,
1264 2509 1635 2586 μεγαλύνομεν
1685 2510 1896 2580 ἑαυτάς,

241 2602 677 2675 ἐπιδεικνύμεναι
719 2605 823 2662 τοῖς
868 2600 1195 2675 ἀνθρὼποις’
1228 2598 1317 2653 καὶ
1365 2598 1636 2661 πολλάκις
1685 2596 1809 2654 οὐδὲ
1837 2598 1898 2653 τὸ

238 2693 566 2770 γιγνόμενον
608 2690 949 2768 προφέρομεν
1001 2688 1075 2750 είς
1134 2685 1408 2762 διήγησινο
1468 2688 1664 2752 εὐθέως
1714 2686 1770 2743 δὲ
1809 2687 1898 2743 καὶ

241 2784 303 2837 ’ὸν
335 2778 602 2852 δοκοῦμεν
654 2785 924 2852 σπινθῆρα
973 2775 1146 2832 καλοῦ
1196 2774 1365 2851 ἔχειν,
1401 2777 1503 2831 ὑπὸ
1552 2781 1649 2831 τοῦ
1698 2776 1900 2853 ἐχθροῦ

238 2866 632 2942 κλεπτόμεθα.
683 2867 928 2922 Κάκεῖνοι
979 2862 1056 2938 δὲ,
1115 2862 1302 2920 πολλὰ
1354 2862 1739 2941 κερδαίνοντες,
1796 2870 1902 2921 τῶν

239 2958 513 3016 πλειόνων
569 2956 805 3034 ἐφίενται
839 2975 851 2988 ’
906 2955 995 3009 καὶ
1051 2954 1118 3009 τὰ
1172 2953 1265 3026 μὲν
1325 2954 1563 3029 παρόντα
1612 2955 1688 3017 ὡς
1746 2953 1898 3010 οὐδὲν

240 3052 557 3125 ἡγοῦνται,
615 3046 750 3122 πρὸς
810 3042 868 3099 δὲ
923 3044 990 3099 τὸ.
1049 3043 1125 3115 μὴ
1183 3043 1423 3118 παρόντα
1479 3042 1849 3099 ἆποτείνονται
1885 3063 1896 3076 ·

237 3141 438 3209 Ἡμεῖς
473 3134 550 3199 δὲ,
579 3135 668 3188 καὶ
704 3130 872 3206 μηδὲν
924 3130 1147 3207 ἔχουσαι
1187 3136 1293 3186 τῶν
1348 3131 1715 3205 ζητουμένων,
1749 3130 1903 3188 οὐδὲν

241 3225 481 3299 θέλομεν
535 3224 865 3293 κτήσασθαι·
923 3221 1013 3275 καὶ
1069 3219 1249 3275 πενίαν
1308 3219 1541 3295 ἐσχάτην
1600 3225 1849 3276 νοσοῦσαι
1883 3263 1897 3289 ,
1930 3202 1973 3269 C

240 3314 517 3375 πλουσίας
574 3312 761 3373 ἑαυτὰς
821 3308 1253 3386 άναγορεύομει.
1312 3308 1486 3364 Καλὸν
1546 3307 1637 3364 οὖν
1696 3310 1785 3364 τὸν
1844 3307 1901 3364 εὖ

242 3406 558 3478 πράττοντα
591 3396 785 3473 μηδενὶ
818 3396 1167 3474 ἀναγγέλλειν
1196 3416 1208 3428 ·
1247 3395 1459 3471 μᾶλλον
1516 3397 1616 3474 γὰρ
1650 3398 1701 3452 οἱ
1730 3396 1905 3453 τοιοῦ-

242 3514 336 3549 τοι
369 3491 834 3564 ζημιωθήσονται·
859 3486 949 3542 καὶ
976 3487 1080 3562 γὰρ
1111 3486 1139 3540 ὃ
1164 3483 1410 3541 δοκοῦσιν
1440 3484 1584 3562 ἔχειν
1619 3487 1905 3563 ἀρθήσεται

247 3584 346 3637 ἀπ’
375 3580 574 3635 αὐτῶν.

324 3760 416 3815 38.
452 3761 629 3812 Πᾶσαν
680 3754 772 3810 οὗν
819 3750 1059 3822 σπουδὴν
1109 3749 1228 3807 δέον
1274 3750 1452 3816 θέσθαι
1505 3752 1636 3828 ὑπὲρ
1681 3756 1744 3808 τὸ
1786 3752 1910 3808 λαν-

245 3848 426 3901 θάνειν
481 3845 545 3900 τὸ
587 3839 802 3919 κέρδος.
835 3843 898 3895 Ol
956 3839 1014 3895 δὲ
1040 3840 1108 3895 τὰ
1155 3841 1354 3895 έαυτῶν
1403 3842 1801 3917 κατορθώματα
1832 3840 1911 3898 δι-

244 3935 557 4008 ηγούμενοι
590 3930 960 4007 πειράσθωσαν
997 3929 1086 4005 βαῖ
1116 3930 1183 3984 τὰ
1213 3928 1304 3983 σὺν
1337 3928 1519 3992 αὐτοῖς
1553 3929 1912 4004 ἐλαττώματα

247 4023 458 4097 λέγειν·
511 4021 557 4075 εἰ
605 4018 663 4075 δὲ
707 4024 874 4074 ταῦτα
917 4017 1265 4092 κρύπτουσιν,
1296 4015 1467 4073 ἕνεκεν
1497 4023 1595 4073 τοῦ
1631 4019 1706 4091 μὴ
1766 4019 1910 4094 παρᾶ

244 4117 362 4167 τῶν
393 4109 699 4165 ἀκουόντων
728 4110 1024 4183 ψεχθῆναι,
1066 4105 1210 4162 πολὺ
1258 4104 1470 4179 μᾶλλον
1523 4106 1696 4162 ἐκεῖνα
1745 4109 1912 4184 φυλα-

245 4199 433 4268 κτέον,
459 4199 534 4261 ὡς
561 4198 622 4254 ἐκ
648 4202 744 4253 τοῦ
774 4201 907 4252 Θεοῦ
941 4194 1360 4271 ἀλλοτριοῦντα.
1394 4195 1492 4249 Καὶ
1535 4201 1662 4271 γοῦν
1716 4198 1767 4250 οἱ
1796 4216 1913 4252 κατ’

250 4289 452 4364 ἀρετὴν
499 4285 739 4363 βιοῦντες
783 4287 845 4341 τὸ
898 4282 1163 4339 ἀνάπαλιν
1194 4288 1438 4350 ποιοῦσι,
1469 4284 1558 4337 καὶ
1600 4284 1666 4339 τὰ
1709 4288 1914 4362 σμικρὰ

250 4380 458 4433 ἑαυτῶν
490 4377 799 4448 πταίσματα
834 4375 967 4446 μετᾶ
996 4374 1084 4428 καὶ
1138 4374 1457 4449 προσθήκης
1504 4374 1578 4426 ὧν
1613 4373 1710 4429 οὐκ
1752 4370 1913 4450 ’ἐπρα-

250 4468 374 4536 ξαν,
432 4463 836 4536 ἔκδιηγοῦνται,
895 4463 994 4530 τήν
1052 4459 1205 4533 δόξαν
1254 4466 1359 4516 τῶν
1420 4462 1718 4537 ἀνθρώπων
1783 4464 1914 4518 ἀπο-

1368 333 1555 399 νΙΤΑ
1598 332 1928 396 ΒΑΝΟΤιΕ
1970 330 2491 394 SYNCLETICzE.

1285 460 1572 541 ἀκόρεστον
1633 464 1734 541 γὰρ
1793 462 1882 541 φέο

2012 469 2143 520 )eus
2174 482 2374 537 pmnas
2408 466 2635 536 repetit,
2671 483 2869 521 verum
2903 464 3012 539 ipsi
3044 468 3427 542 sibimetipsis
3458 472 3633 528 inter-

3479 342 3633 402 1510

1992 555 2139 610 itum
2172 561 2397 625 parant.
2433 557 2574 610 Cum
2631 556 2749 610 sint
2799 555 2956 611 enim
3012 557 3330 615 insatiabili
3376 561 3635 635 nequitia

1992 643 2237 716 praediti,
2267 644 2496 700 nullum
2519 645 2733 700 habent
2766 646 3044 717 propositi
3070 647 3634 723 finem,proiudeque

1988 735 2337 792 insanabilis
2367 735 2519 792 inest
2549 736 2664 792 illis
2696 736 2882 809 plaga.
2912 738 3018 802 Qui
3049 738 3192 795 nihil
3221 740 3420 811 habet,
3452 761 3639 816 pauca

1993 824 2321 891 desiderat;
2355 842 2482 895 quae
2517 832 2740 891 nactus,
2778 825 2941 896 plura
2971 828 3350 900 concupiscit.
3383 830 3630 888 Centuzn

1994 927 2203 967 aureus
2233 911 2427 982 habet,
2460 912 2619 967 mille
2647 913 2898 985 expetit:
2927 915 3029 970 bus
3060 923 3431 985 consecutus,
3462 920 3518 975 in
3550 921 3636 976 in-

1994 998 2225 1053 finitum
2258 1000 2515 1055 extendit
2544 1002 2945 1072 cupiditatem.
2978 1004 3183 1076 Sicque
3228 1008 3462 1077 quando
3514 1013 3633 1064 ter-

1997 1085 2225 1141 minum
2259 1087 2370 1143 sibi
2402 1090 2754 1144 constituere
2786 1108 2899 1145 non
2932 1097 3198 1162 possunt,
3232 1101 3632 1166 paupertatem

1996 1190 2227 1246 semper
2256 1175 2762 1247 deplorant.All‘ert
2784 1184 2978 1233 autem
3004 1197 3234 1253 semper
3253 1200 3450 1239 secum
3475 1202 3642 1241 amor

1995 1264 2254 1335 pecunia:
2287 1264 2582 1322 invidiam.
2615 1266 2743 1321 Haec
2775 1284 2905 1322 vero
2938 1268 3271 1339 hujusmodi
3304 1277 3392 1327 est
3424 1278 3486 1328 ut
3522 1274 3640 1346 pri-

1996 1366 2158 1404 mum
2183 1349 2495 1406 habentem
2528 1369 2589 1407 se
2612 1351 2928 1409 interimat.
2954 1356 3455 1420 Quemadmodum
3481 1361 3640 1417 enim

1995 1438 2200 1509 viperae
2232 1441 2518 1496 nascendo
2550 1442 2713 1512 prius
2737 1448 2952 1498 matres
2984 1443 3279 1512 occidunt,
3303 1463 3479 1519 quam
3512 1449 3644 1507 aliis

1997 1532 2264 1599 noceant,
2298 1529 2383 1584 sie
2414 1534 2470 1585 et
2523 1530 2739 1586 invidia
2793 1550 2854 1587 se
2912 1534 3309 1604 russidentem
3369 1539 3645 1597 tabefacit

1996 1618 2345 1691 priusquam
2377 1620 2601 1677 vicinos
2634 1622 2927 1677 absumat.

2067 1708 2157 1761 37.
2194 1709 2299 1779 (83)
2356 1709 2705 1765 Praeclarum
2759 1715 2915 1766 esset
2964 1712 3012 1767 si
3065 1716 3150 1769 tot
3206 1713 3434 1773 labores
3496 1719 3646 1777 ferre

2002 1813 2331 1868 possemus,
2383 1800 2697 1868 quaerendo
2750 1801 3063 1872 probatum
3116 1802 3258 1859 illud
3310 1813 3642 1879 argentum,

2004 1891 2146 1957 quot
2175 1887 2556 1957 gravissimos
2585 1889 2857 1958 subeant,
2909 1891 3011 1961 qui
3059 1891 3214 1948 hunc
3258 1896 3644 1954 vanissimam

1999 1981 2289 2030 venantur
2309 1977 2620 2031 mundum.
2640 1977 2944 2033 Sustineat
2971 1981 3290 2051 naufragia,
3324 1983 3645 2054 piratarum

2004 2062 2319 2119 discrimen
2353 2065 2657 2132 adeunt,in
2686 2071 2841 2121 terra
2871 2067 3137 2123 incidunt
3168 2069 3224 2124 in
3249 2069 3522 2144 latrones,
3548 2075 3648 2130 de-

2005 2165 2289 2205 cumanos
2313 2150 2547 2219 fluctus,
2571 2158 2768 2208 ventos
2793 2153 3339 2214 vehementissimus
3359 2160 3649 2218 tolerant:

2006 2254 2071 2292 ae
2118 2237 2467 2311 plerumque
2519 2248 2681 2313 parto
2729 2241 2912 2310 lucro,
2951 2261 3231 2316 pauperes
3280 2264 3406 2303 sese
3447 2251 3654 2307 dicunt

2006 2324 2334 2382 invidorum
2368 2343 2568 2384 causa.
2601 2333 2674 2385 At
2712 2347 2817 2386 nos
2857 2349 2959 2402 pro
2988 2349 3123 2388 vero
3155 2351 3220 2390 ac
3248 2352 3526 2408 germano
3557 2339 3653 2394 lu-

2007 2428 2103 2469 cro
2134 2414 2424 2483 ejusmodi
2455 2416 2713 2488 pericula
2741 2419 2903 2473 adire
2941 2436 3182 2491 prorsus
3232 2424 3652 2482 detractamus.

2008 2502 2169 2565 Quod
2194 2503 2244 2558 si
2267 2502 2483 2575 aliquid
2522 2504 2736 2560 nostris
2759 2506 2932 2561 rebus
2960 2510 3403 2578 accesseritmos
3428 2515 3657 2586 magni-

2008 2595 2114 2650 ﬁce
2145 2593 2483 2651 hominibus
2523 2596 2926 2667 ostendamus,
2957 2615 3062 2654 nec
3096 2617 3224 2656 raro
3256 2604 3411 2673 quod
3441 2621 3512 2660 ne
3551 2606 3662 2660 fuit

2009 2684 2617 2756 quidemjaetabunde
2641 2703 2947 2743 narramus
2974 2703 2986 2741 :
3016 2689 3167 2745 unde
3183 2692 3372 2747 evenit
3393 2697 3453 2748 ut
3481 2711 3657 2766 quam

2011 2779 2278 2836 videmur
2307 2773 2523 2830 habere
2551 2773 2871 2831 scintillam
2892 2776 3211 2843 boni,l'urte
3248 2780 3470 2840 inimici
3495 2787 3661 2842 amit-

2010 2872 2227 2922 tamus.
2247 2864 2313 2919 Et
2331 2862 2413 2917 illi
2438 2864 2671 2935 quidem
2692 2862 2876 2920 multa
2897 2865 3104 2922 luerati
3128 2867 3296 2939 plura
3327 2877 3613 2944 appetunt
3642 2893 3656 2945 ;

2012 2951 2321 3027 praesentia
2350 2968 2452 3024 pro
2484 2950 2664 3007 nihilo
2700 2952 2933 3021 habent,
2970 2958 3026 3009 et
3047 2956 3119 3010 ad
3151 2973 3214 3012 ea
3246 2975 3372 3030 quae
3406 2979 3517 3017 non
3551 2962 3654 3018 ha-

2011 3044 2152 3099 bent
2201 3041 2400 3096 animo
2446 3041 2827 3096 contendunt.
2885 3042 3001 3098 Nos
3049 3049 3244 3101 autem
3288 3049 3520 3107 etiamsi
3565 3052 3659 3107 ni-

2011 3132 2095 3188 hil
2153 3147 2355 3187 eorum
2404 3147 2534 3201 quae
2584 3132 2800 3201 requiri
2857 3132 3047 3189 solent
3105 3134 3450 3208 habeamus,
3510 3142 3655 3199 nihil

2012 3221 2283 3279 volumus
2320 3235 2656 3290 comparare
2690 3237 2702 3275 :
2737 3224 2795 3275 et
2840 3237 2973 3276 cum
3025 3233 3283 3282 extrema
3324 3226 3658 3289 laboremus

2012 3313 2375 3382 paupertate,
2419 3324 2528 3363 nos
2573 3307 2781 3364 divites
2827 3309 3232 3381 praedicamus.
3291 3315 3487 3388 Operae
3528 3337 3659 3391 pre-

2011 3398 2160 3454 tium
2199 3396 2379 3469 igitur
2411 3401 2518 3463 est,
2551 3413 2684 3451 eum
2716 3397 2817 3469 qui
2851 3399 2994 3454 bene
3027 3400 3166 3473 agit,
3200 3403 3257 3459 id
3294 3407 3513 3463 nemini
3564 3426 3660 3465 re-

2016 3484 2461 3549 nuntiare.Quin
2492 3485 2668 3539 etiam
2694 3485 3263 3557 quiejusmodisunt
3294 3493 3661 3564 injacturam

2017 3575 2275 3632 incident
2307 3593 2319 3630 :
2351 3589 2488 3629 nam
2519 3575 2675 3645 quod
2705 3575 2975 3632 videntur
3006 3578 3218 3638 habere
3262 3583 3559 3642 auferetur
3589 3587 3660 3643 ab

2017 3665 2102 3721 eis
2130 3664 2195 3718 ⁸⁸.

2089 3753 2245 3809 624
2273 3752 2362 3806 38.
2388 3750 2559 3807 Omni
2591 3752 2788 3823 itaque
2825 3753 3020 3809 studio
3052 3771 3256 3813 curare
3289 3759 3571 3818 debemus
3602 3766 3667 3817 ut

2017 3842 2198 3898 lateat
2251 3841 2483 3896 lucrum
2533 3845 2821 3895 nostrum.
2883 3842 2991 3908 Qui
3047 3860 3179 3900 vero
3236 3864 3344 3903 sua
3395 3850 3671 3921 praclare

2018 3936 2185 4003 gesta
2240 3945 2511 3984 enarrare
2570 3927 2786 3998 solent,
2845 3929 2987 3985 vitia
3044 3948 3277 4006 quoque
3319 3936 3392 3992 iis
3423 3942 3671 4010 conjun-

2020 4025 2112 4074 cta
2160 4016 2494 4073 renuntiare
2547 4018 2824 4072 studeant
2881 4035 2894 4074 :
2949 4022 3103 4091 quod
3156 4023 3205 4078 si
3255 4023 3525 4098 vituperii
3567 4046 3674 4084 au-

2021 4107 2304 4162 dientium
2377 4104 2707 4160 declinandi
2775 4123 2952 4163 causa
3026 4109 3147 4166 hazc
3215 4114 3424 4186 celant,
3484 4115 3672 4172 multo

2023 4194 2212 4266 magis
2242 4193 2345 4248 illa
2370 4195 2595 4265 aperire
2625 4196 2948 4251 cavendum
2980 4203 3087 4269 est,
3113 4202 3268 4271 quod
3299 4219 3366 4258 ea
3397 4220 3489 4259 res
3521 4205 3675 4261 aDei

2022 4283 2313 4339 consortio
2367 4285 2610 4338 revocet.
2655 4274 2878 4339 Etenim
2914 4286 3014 4357 qui
3046 4287 3224 4344 vitam
3276 4308 3409 4347 cum
3460 4295 3675 4351 virtute

2024 4372 2362 4439 instituunt,
2395 4370 2730 4442 oppositum
2763 4378 2943 4444 agunt
2969 4392 2981 4430 :
3008 4392 3215 4447 parvos
3246 4379 3513 4437 seililicet
3534 4399 3673 4440 suos

2022 4462 2247 4533 lapsus,
2271 4460 2566 4531 adjunctis
2594 4460 2663 4515 iis
2696 4479 2823 4532 qua:
2851 4480 2918 4517 ne
2951 4466 3376 4524 commiserunt
3408 4471 3671 4544 quidem,

249 4550 572 4615 ϐάλλοντες·
621 4553 688 4608 τὰ
742 4551 919 4625 μέντοι
972 4551 1142 4625 ἀγαθὰ
1182 4549 1527 4625 κρύπτοντες,
1555 4550 1692 4625 πρὸς
1744 4552 1894 4629 ἀσφά·

2020 4557 2314 4612 enarrant.
2347 4550 2569 4619 abjecta
2621 4549 2843 4605 scilicet
2893 4549 3199 4610 hominum
3240 4556 3465 4628 gloria;
3521 4559 3674 4617 bona

251 4643 408 4699 λειαν
435 4648 536 4711 τῆς
586 4644 774 4716 ψυχῆς
808 4684 823 4698 .
876 4641 1079 4712 ’Ὠσπερ
1131 4637 1234 4712 γὰρ
1266 4638 1532 4712 θησαυρὸς
1582 4641 1908 4716 φανερωθείς

252 4731 588 4802 σπινίζεται,
648 4728 791 4784 οὕτω
847 4727 938 4782 καὶ
1000 4729 1160 4801 ἇιρετὶΙ
1223 4726 1598 4802 γνωριζομένη
1659 4727 1747 4780 καὶ
1807 4726 1904 4796 δη-

255 4818 623 4894 μοσιευομένη
682 4817 988 4895 ἀφανίζεται
1022 4834 1034 4847 ·
1099 4814 1278 4889 ὥσπερ
1333 4815 1434 4889 γὰρ
1495 4815 1661 4889 κηρὸς
1724 4815 1907 4870 λύεται

252 4910 365 4964 ἀπὸ
394 4907 691 4983 προσώπου
748 4906 941 4980 πυρὸς,
997 4905 1141 4959 οὕτω
1188 4904 1278 4958 καὶ
1327 4905 1479 4979 ψυχή
1533 4904 1636 4958 ἀπὸ
1678 4903 1905 4959 ἐπαίνων

252 4997 530 5073 διαχεῖται
558 4997 647 5073 καὶ
677 4990 982 5051 ἀποϐάλλει
1013 4995 1103 5048 τὸν
1131 4992 1309 5050 τόνον.

283 5074 287 5079 θ
453 5085 550 5141 Καὶ
578 5070 643 5139 τό
688 5084 930 5140 ἐναντίον
984 5079 1041 5136 δὲ
1070 5082 1275 5136 τούτων
1308 5081 1472 5136 πάλιν
1526 5078 1692 5136 ἔσται*
1727 5082 1772 5137 εἴ
1804 5084 1908 5159 γάρ

252 5180 289 5246 ἡ
324 5175 594 5251 θερμότης
626 5172 782 5230 ἔλυσε
832 5174 922 5228 τὸν
971 5170 1163 5254 κηρὸν,
1196 5173 1230 5241 ἡ
1281 5170 1435 5244 ψύξις
1468 5169 1569 5245 ἄρα
1615 5172 1715 5239 τήν
1749 5171 1909 5242 πῆξιν

326 5373 371 5409 ⁸⁸
404 5372 538 5429 Luc.
570 5387 693 5439 vm,
728 5371 821 5426 18.

351 5445 471 5513 82¹>
484 5514 487 5515 ν
499 5441 769 5515 Goteler.,
796 5441 1062 5515 Χρυσουν,

351 5445 471 5513 82¹>
499 5444 769 5510 Goteler.,
796 5444 1062 5515 Χρυσουν,

328 5444 446 5590 ί83)
477 5514 540 5571 In
573 5514 711 5571 Viti:
737 5514 846 5570 PP.
880 5512 918 5569 1.
949 5527 1006 5581 v,
1041 5511 1129 5583 10,
1153 5509 1245 5579 70,
1276 5512 1335 5566 et
1363 5525 1440 5579 v1,
1466 5508 1520 5576 4,
1545 5508 1635 5565 24.

2021 4656 2151 4695 vero
2182 4638 2496 4706 occultant,
2547 4638 2616 4692 ad
2667 4639 2876 4693 animas
2929 4644 3303 4700 securitatem
3354 4647 3487 4719 (84).
3520 4648 3669 4705 Nam

2018 4727 2171 4784 sicut
2200 4728 2516 4782 thesaurus
2550 4727 2985 4799 manifestatus,
3007 4731 3333 4803 minuitur;
3369 4736 3453 4792 sic
3483 4738 3671 4795 virtus

2016 4819 2217 4889 agnita
2246 4820 2302 4870 et
2331 4815 2649 4887 publicata,
2701 4816 2989 4872 aboletur.
3042 4820 3107 4874 Et
3140 4822 3293 4879 sicut
3323 4841 3453 4885 cera
3481 4825 3671 4900 lique-

2017 4906 2187 4961 scita
2219 4905 2361 4959 facie
2392 4904 2565 4978 ignis,
2604 4903 2682 4958 ita
2713 4904 2908 4960 anima
2943 4907 3217 4966 laudibus
3249 4912 3669 4988 dilﬂuit,vigo-

2020 5010 2260 5064 remque
2288 4992 2524 5047 amittit.

2088 5083 2176 5137 39.
2212 5087 2548 5152 Rursusque
2579 5086 2781 5137 contra
2812 5083 3037 5140 eveniet
3070 5102 3083 5141 :
3116 5104 3249 5143 nam
3285 5091 3331 5145 si
3368 5092 3527 5149 calor
3554 5092 3668 5149 sol-

2018 5171 2100 5227 vit
2129 5187 2341 5237 ceram,
2377 5169 2561 5241 frigus
2590 5170 2926 5243 compinget
2959 5191 2972 5228 :
3006 5175 3056 5229 si
3101 5176 3231 5235 laus
3274 5179 3530 5253 vigorem
3561 5197 3667 5238 au-

2078 5438 2191 5511 (84)
2237 5436 2336 5495 va.
2369 5439 2485 5492 pp.
2518 5433 2555 5490 1.
2593 5452 2647 5504 v,
2673 5434 2728 5509 3,
2763 5435 2855 5493 ις).
