4002 6206
447 292 597 350 1511

1606 285 1670 348 S.
1717 285 2236 351 ATHANASIUS.
2267 324 2343 334 —
2373 290 2683 354 SPURlA.

3656 306 3770 367 1512

447 437 559 490 fert
591 427 818 492 animm,
852 437 992 477 sane
1029 418 1406 491 opprobrium
1439 423 1492 474 ct
1523 418 1877 474 contumelia
1906 420 2068 475 virtu-

2202 418 2364 474 αὐτοῦ
2393 423 2697 491 ποιήσεται·
2732 424 2819 478 καὶ
2852 424 2896 478 εί
2947 423 3157 488 ἔπαινος
3213 426 3504 504 ἀραιρεῖται
3548 435 3630 484 τεῦ
3653 434 3772 489 τίνοι)

446 528 566 577 tem
599 518 726 588 ejus
757 513 1069 582 adaugent.
1102 508 1199 562 Ait
1227 508 1380 562 enim
1417 525 1429 563 :
1465 507 1699 564 Gaudete
1744 511 1795 563 et
1822 509 2087 575 exultate,

445 629 571 670 cum
603 623 762 664 omne
808 601 1158 659 mendacium
1206 600 1453 655 homines
1505 600 1755 655 dixerint
1801 599 2088 655 adversum

443 719 535 759 vos
570 701 634 753 3°.
666 698 733 751 Et
762 695 874 749 alio
901 693 1024 747 loco
1059 707 1070 744 :
1107 693 1173 744 In
1219 691 1585 744 tribulatione
1613 689 1863 744 dilatasti
1911 706 1993 744 me
2023 690 2086 743 9°.

445 796 777 856 Iterumque
811 801 823 838 :
857 783 1260 853 Improperium
1293 780 1630 850 exspectavit
1660 780 1854 833 anima.
1886 795 2006 833 mea
2035 784 2088 833 et

443 879 727 934 miseriam
752 875 819 927 θί.
850 875 1131 926 Sexcenta
1161 885 1392 940 quoque
1420 867 1532 922 alia
1565 867 1904 938 hujusmodi
1937 867 2090 922 bona

444 986 510 1024 ex
561 961 879 1036 Scripturis
917 959 1102 1015 sacris
1149 957 1354 1012 animae
1403 956 1702 1028 provenire
1749 955 1916 1011 facile
1961 955 2086 1010 ani-

445 1055 845 1114 madvertitur.

428 1235 431 1238 ’
512 1236 600 1291 40.
635 1229 903 1288 Εεῐέιιιιθ
932 1225 1172 1282 tristitia
1201 1222 1382 1292 utilis,
1415 1228 1471 1279 et
1501 1227 1589 1279 est
1617 1221 1859 1279 tristitia
1888 1223 2085 1278 exitio-

441 1342 525 1381 sa.
554 1324 632 1378 Ad
654 1317 957 1376 tristitiam
990 1314 1192 1370 utilem
1225 1312 1345 1367 haec
1378 1312 1704 1384 pertinent:
1731 1311 1802 1366 de
1833 1310 2084 1382 propriis

440 1412 693 1486 peccatis
743 1402 1145 1480 ingemiscere,
1200 1402 1457 1472 itemque
1508 1402 1579 1455 de
1634 1399 1880 1472 proximi
1920 1399 2083 1470 igno-

440 1502 649 1569 rantia,
680 1505 881 1555 cavere
913 1509 985 1550 ne
1013 1509 1046 1548 a
1077 1491 1374 1564 proposito
1397 1490 1760 1555 excidemus,
1794 1488 1894 1544 sed
1913 1487 2085 1544 attin-

438 1597 606 1665 gatur
631 1583 1056 1661 perfectissima
1078 1580 1465 1636 bonitas.Haac
1487 1578 1686 1650 itaque
1707 1581 1848 1634 sunt
1875 1578 2079 1650 genui-

440 1698 525 1736 nae
556 1677 807 1734 tristitia:
837 1687 1071 1746 genera.
1103 1670 1205 1724 Est
1233 1685 1402 1740 porro
1433 1668 1694 1738 quaedam
1726 1666 1840 1722 alia
1869 1666 1940 1720 ab
1973 1665 2079 1721 ini-

442 1769 590 1823 mico
620 1743 866 1821 inducta
899 1758 1158 1824 tristitia,
1192 1775 1318 1829 quae
1363 1757 1510 1812 solet
1539 1773 1674 1812 eum
1704 1755 1875 1811 dictis
1905 1771 2077 1827 gene-
2110 1743 2156 1808 Β

438 1859 599 1914 ribus
648 1851 955 1927 pullulare.
1001 1849 1145 1906 Nam
1180 1854 1238 1901 et
1284 1846 1408 1918 ipse
1463 1845 1764 1901 tristitiam
1814 1845 2080 1900 immittit

437 1942 817 2002 absurditatis
868 1940 1119 2012 plenam,
1167 1935 1263 1992 cui
1307 1935 1516 1991 acedize
1566 1951 1776 1991 nomen
1818 1934 2079 1989 indidere

437 2034 724 2093 nonnulli.
757 2031 866 2088 Sed
891 2027 1231 2100 hujusmodi
1263 2026 1536 2097 spiritum
1569 2028 1792 2096 epertet
1820 2023 2080 2079 oratione

434 2123 755 2198 praesertim
788 2126 844 2176 et
873 2118 1237 2191 psalmorum
1269 2120 1441 2170 cantu
1474 2113 1781 2187 depellere.

505 2216 592 2270 41.
625 2213 742 2268 Nos
775 2210 971 2281 itaque
1005 2207 1169 2262 bonis
1199 2209 1512 2276 occupatas
1543 2204 1720 2274 curis,
1753 2219 1869 2258 non
1901 2218 2076 2274 opor-

434 2311 515 2361 tet
544 2303 836 2359 aestimare
887 2296 1223 2371 quempiam
1273 2295 1332 2348 in
1385 2295 1490 2349 hac
1535 2295 1656 2349 vita
1685 2310 1882 2349 carere
1911 2292 2073 2348 solli-

433 2391 814 2449 citudinibus.
863 2389 955 2443 Ait
1003 2384 1548 2454 enim‘Scriptura;
1593 2384 1761 2438 Omne
1806 2391 1966 2453 caput
2013 2383 2070 2437 in

432 2483 638 2552 labore,
653 2484 705 2534 et
734 2493 890 2534 omne
917 2491 1008 2530 cor
1036 2476 1096 2529 in
1117 2489 1344 2528 maerore
1374 2473 1441 2526 9³.
1461 2473 1580 2528 Una
1609 2471 1729 2526 haec
1762 2469 2068 2538 sententia,

429 2568 684 2640 Spiritus
714 2569 953 2621 sanctus
985 2560 1296 2632 descripsit
1338 2577 1472 2615 cum
1507 2560 1912 2627 monasticam,
1943 2563 2068 2612 tum

429 2657 768 2712 saecularem
800 2653 1002 2708 vitam.
1027 2651 1170 2706 Nam
1202 2666 1304 2722 per
1333 2648 1589 2704 laborem
1615 2648 1843 2720 capilis,
1869 2664 2068 2703 mona-

429 2747 639 2803 sticam
671 2743 1012 2801 adumbrat:
1039 2739 1248 2812 capitis
1279 2739 1436 2795 enim
1459 2743 1545 2794 est
1567 2755 1764 2810 regere
1797 2738 2069 2810 :Sapien-

426 2839 513 2901 tis,
547 2834 761 2906 inquit,
793 2833 963 2896 oculi,
997 2832 1057 2885 in
1086 2829 1261 2901 capite
1285 2828 1402 2899 ejus
1431 2828 1514 2883 ’3:
1547 2827 1747 2898 Itaque
1778 2827 2068 2898 perspica-

425 2925 532 2989 cia,
570 2928 634 2978 ut
662 2921 932 2988 arbitror,
957 2920 1015 2974 in
1049 2917 1148 2973 illo
1183 2917 1414 2973 residet.
1442 2915 1548 2972 Per
1577 2916 1835 2972 laborem
1868 2920 2066 2971 autem

427 3012 986 3078 indicatur,omnem
1013 3009 1286 3062 virtutem
1309 3005 1738 3077 germinantem
1764 3003 2067 3060 laboribus

2197 509 2295 576 τήν
2325 511 2530 585 ψυχὴν,
2563 509 2775 574 πάντως
2824 512 3128 588 ὀνειδισμὸς
3175 515 3262 569 καὶ
3309 511 3460 593 ὕϐρις
3503 518 3571 581 εἷς
3601 520 3771 596 μὲγεῧος

2198 596 2363 666 αὐτὴν
2421 607 2521 668 τῆς
2578 601 2774 678 ἀρετῆς
2832 600 2951 678 ἄγαι
2987 625 2999 636 ·
3063 605 3289 660 Χαίοετε
3343 607 3466 681 γάρ,
3534 609 3666 685 emi,
3708 613 3770 664 καῖ

2197 684 2549 761 ἀγαλλιᾶσθε,
2607 689 2684 743 ὅτ’
2741 691 2801 744 ’ἀν
2860 698 2962 746 πᾶν
3013 689 3207 764 ψεῦδος
3267 690 3454 747 εἷίπωσι
3508 684 3613 757 καθ’
3661 697 3772 767 ὑμῶν

2197 776 2248 829 οἱ
2281 776 2575 852 ἄνθρωποι.
2626 780 2721 833 Καὶ
2769 779 3022 856 ἀλλαχοῦ
3072 801 3253 857 φησιν·
3307 784 3390 838 Ἑν
3439 783 3606 857 θλίψει
3649 785 3773 839 inli-

2194 864 2349 928 τυνάς
2414 888 2524 939 με.
2585 867 2680 922 Καὶ
2755 868 2917 924 πάλιν
2955 889 2966 901 ·
3027 868 3365 943 Ὀνειδισμὸν
3446 871 3776 947 προσεδόκησεν

2487 977 2591 1028 μου
2637 957 2724 1010 καὶ
2777 959 3172 1034 ταλαιπωρίαν.
3226 960 3323 1014 Καὶ
3373 959 3515 1015 ἄλλα
3559 960 3610 1016 δὲ
3652 963 3776 1037 μυρία

2196 1042 2368 1118 ἀγαθά
2395 1051 2616 1100 τοιαῦτα
2673 1046 2730 1101 ἐκ
2783 1053 2890 1101 τῶν
2949 1048 3118 1124 ἁγίων
3173 1054 3396 1127 Γραφῶν
3446 1049 3635 1124 ἐστιτῇ

2195 1130 2638 1208 προσοδευόμενα
2669 1134 2969 1199 θεάσασθαι.
3649 1136 3652 1138 ⁷

2265 1225 2353 1280 40.
2385 1223 2537 1279 Ἔστι
2587 1223 2731 1295 λύπη
2784 1225 3091 1303 ἐπωφελής,
3137 1226 3228 1282 καὶ
3276 1225 3388 1282 ἔστι
3437 1227 3576 1299 λύπη
3626 1231 3780 1306 e05?)-

2193 1311 2369 1373 ποιός.
2400 1317 2506 1382 Τῆς
2539 1313 2632 1386 μὶν
2666 1311 2757 1368 οῦν
2788 1315 3076 1390 χρησίμης
3130 1313 3310 1387 λύπης
3339 1318 3402 1372 τὸ
3445 1319 3535 1390 μὲν
3566 1316 3662 1372 ἐστι
3687 1321 3781 1392 περὶ

2189 1403 2296 1453 τῶν
2354 1401 2565 1455 οἰκείων
2627 1404 2901 1479 ἁμαρτιῶν
2960 1403 3180 1458 στένειν
3219 1406 3282 1460 τὸ
3331 1403 3390 1460 δὲ
3435 1407 3521 1461 καὶ
3565 1407 3672 1482 περὶ
3710 1415 3784 1476 τῆς

2187 1494 2294 1544 τῶν
2349 1489 2584 1561 πλησίον
2642 1491 2932 1567 ἀγνωσίας·
2983 1493 3046 1548 τὸ
3097 1491 3154 1549 δὲ
3200 1496 3335 1570 πρὸς
3360 1495 3428 1550 τὸ
3478 1496 3550 1568 μή
3588 1494 3780 1551 ἐκπεσεῖν

2185 1585 2285 1647 τῆς
2323 1579 2646 1653 προθέσεως
2690 1582 2752 1636 τὸ
2794 1578 2968 1636 δὲκαὶ
3017 1583 3348 1660 ἀφικνεῖσθαι
3390 1589 3488 1639 τοῦ
3515 1582 3683 1645 τέλους
3707 1594 3783 1648 τίς

2186 1665 2562 1741 ἀγαθωσύνης.
2597 1675 2770 1724 Ταῦτα
2820 1672 2913 1744 μὲν
2967 1669 3057 1727 οὗν
3104 1680 3203 1743 τῆς
3247 1675 3477 1748 γνησίας
3516 1675 3599 1728 καὶ
3626 1675 3785 1749 ἀγαθῆς

2188 1753 2457 1827 λύπηςτά
2485 1756 2624 1829 εἴδη.
2675 1759 2773 1814 Καὶ
2823 1759 2968 1832 ἄλλη
3021 1758 3076 1816 δέ
3123 1783 3210 1824 τις
3257 1761 3434 1834 λύπη,
3485 1769 3579 1818 τοῦ
3624 1762 3784 1839 ἐχθροῦ

2191 1844 2600 1920 ὑποτιθεμένου,
2648 1850 2768 1918 ἥτις
2811 1849 3030 1912 ταύταις
3076 1851 3448 1930 προσφύεσθαι
3496 1850 3647 1908 οἶδεν.
3690 1854 3786 1923 Ἐμ-

2188 1929 2381 1989 ϐάλλει
2440 1939 2543 2012 γὰρ
2590 1938 2678 1992 καὶ
2725 1938 2885 2001 αὐτὸς
2937 1937 3116 2008 λύπην
3167 1938 3397 2014 ἀλογίας
3445 1943 3649 2014 pes-:12?
3676 1940 3784 2013 ἤπερ

2187 2022 2274 2078 καί
2305 2022 2504 2095 ἀκηδία
2533 2027 2670 2102 πρός
2705 2049 2866 2082 τινων
2917 2028 3248 2101 ὠνόμασται.
3304 2036 3398 2084 Δεῖ
3446 2031 3535 2085 οὖν
3577 2035 3717 2084 τοῦτο
3739 2031 3786 2084 τὸ

2185 2117 2396 2187 πνεῦμα
2425 2113 2562 2190 εὐχῇ
2600 2115 2833 2188 μάλιστα
2863 2113 3149 2172 ἀποσοϐεῖν
3183 2118 3270 2173 καὶ
3302 2117 3616 2192 ψαλμῳδίᾳ.

2256 2205 2342 2259 41.
2376 2206 2495 2260 Τῶν
2525 2203 2615 2259 οὖν
2660 2206 2870 2281 ἀγαθῶν
2923 2212 3198 2282 μεριμνῶν
3244 2207 3519 2284 ἐχομένας
3565 2211 3714 2281 ἡμὴ,
3740 2208 3786 2262 οὗ

2183 2292 2293 2366 χρὴ
2328 2288 2528 2348 οἴεσθαί
2555 2315 2675 2348 τινα
2705 2293 2755 2348 ἐν
2787 2300 2866 2367 τῷ
2901 2295 3003 2371 βίῳ
3045 2293 3336 2374 ἀφρόντιδα
3361 2299 3524 2352 εἶναι.
3557 2298 3685 2364 φησί
3708 2300 3784 2372 γὰρ

2181 2381 2216 2448 ἡ
2251 2383 2456 2459 Γραφή·
2519 2388 2669 2437 Πᾶσα
2719 2381 2928 2461 κεφαλὴ
2990 2383 3065 2446 εἷς
3121 2385 3302 2458 πόνον,
3357 2387 3456 2441 καὶ
3512 2393 3646 2442 πᾶσα
3685 2410 3787 2464 καρ-

2183 2465 2270 2522 δία
2315 2469 2389 2532 εἰς
2438 2469 2644 2542 λύπην.
2708 2474 2791 2531 Ἐν
2840 2473 2916 2527 ἑνὶ
2966 2472 3116 2549 λόγῳ
3159 2475 3222 2530 τὸ
3253 2477 3407 2550 ἅγιον
3459 2481 3664 2548 Πνεῦμα
3691 2499 3788 2530 συν·

2181 2557 2380 2632 ἑγραψε
2429 2559 2520 2615 τόν
2559 2582 2618 2615 τε
2677 2563 2889 2637 μονήρη
2953 2561 3069 2636 βίον
3118 2563 3206 2616 καὶ
3249 2565 3342 2618 τὸν
3399 2565 3668 2637 κοσμικόν.
3714 2566 3790 2619 Διὶ

2183 2646 2277 2718 μὲν
2311 2648 2415 2722 γὰρ
2447 2653 2542 2702 τοῦ
2573 2649 2742 2704 πόνου
2770 2657 2868 2719 τῆς
2898 2650 3161 2724 κεφαλῆς,
3193 2653 3283 2707 τὸν
3331 2656 3549 2729 μονήρη
3597 2655 3786 2710 αἰνίττε-

2178 2756 2264 2789 ται
2319 2736 2543 2813 τρόπον·
2599 2738 2807 2817 κεφαλή
2867 2740 2965 2815 γὰρ
3021 2742 3083 2795 τὸ
3122 2743 3502 2817 ἡγεμονεῦον·
3559 2746 3662 2799 Τοῦ
3705 2743 3786 2819 γὰρ

2179 2830 2369 2902 σοφοῦ,
2428 2829 2612 2904 φησὶν,
2672 2830 2723 2883 οἱ
2782 2827 3059 2907 ὀφθαλμοί
3117 2830 3168 2885 ὲν
3223 2830 3291 2906 τῇ
3339 2831 3558 2909 κεφαλῇ
3609 2833 3787 2888 αὐτοῦ.

2178 2914 2255 2971 Τὸ
2285 2913 2374 2970 οὖν
2417 2913 2745 2991 διορατικὸν,
2778 2918 2854 2980 ὡς
2894 2917 3068 2990 οἶμαι,
3120 2918 3170 2974 ἐν
3216 2919 3350 2994 αὐτῇ
3402 2922 3674 2996 τυγχάνει.
3701 2922 3782 2976 Τὸν

2178 2999 2236 3058 δὲ
2279 3003 2439 3059 πόνον
2498 3005 2612 3060 εἶπε
2645 3003 2831 3077 ,διότι
2879 3013 3022 3061 πᾶσα
3069 3007 3262 3082 ἀρετῆς
3309 3007 3522 3083 βλάστη
3559 3008 3615 3064 ἐκ
3640 3009 3788 3063 πόνων

420 3099 662 3155 absolvi.
696 3099 803 3154 Per
835 3113 1140 3153 maerorem
1173 3095 1386 3160 cordis,
1410 3093 1744 3150 instabilem
1775 3098 1830 3149 et
1859 3109 2066 3149 mrum-

2185 3099 2552 3168 κατορθοῦται.
2586 3097 2683 3150 Διά
2713 3093 2770 3150 δὲ
2797 3103 2896 3165 τῆς
2927 3095 2977 3150 ἐν
3002 3099 3070 3170 τῇ
3101 3094 3292 3172 καρδίᾳ
3322 3096 3528 3168 λύπης,
3560 3098 3618 3152 τὸ
3658 3096 3788 3152 ἄστα-

425 3205 627 3243 nosam
660 3185 1028 3243 saecularium
1062 3183 1458 3242 conditionem
1491 3182 1864 3256 signiﬁcavit.
1889 3181 2070 3238 Aiunt

423 3279 640 3348 quippe
687 3273 976 3339 nonnulli,
1009 3290 1108 3330 cor
1136 3289 1264 3328 esse
1310 3272 1404 3326 iraa
1449 3288 1514 3327 ac
1561 3271 1814 3327 tristitiae
1845 3271 2065 3327 sedem.

427 3373 569 3420 Dum
603 3382 717 3420 non
749 3363 1085 3428 laudantur,
1117 3361 1314 3416 animo
1347 3365 1592 3416 moerent
1627 3378 1639 3416 :
1675 3359 1862 3415 aliena
1893 3376 2068 3432 appe-

420 3460 629 3526 tentes,
664 3453 1085 3510 contabescunt
1108 3468 1120 3506 :
1147 3451 1206 3505 in
1237 3456 1516 3522 egestate,
1536 3449 1920 3522 indignantur
1942 3467 1955 3505 :
1981 3450 2067 3505 di-

417 3542 574 3598 vitiis
602 3541 896 3608 instructi,
922 3539 1245 3604 insaniunt,
1280 3555 1349 3593 ne
1382 3539 1574 3594 somni
1607 3539 1845 3610 quidem
1874 3539 2066 3595 locum

418 3631 490 3687 ob
522 3647 722 3686 curam
755 3628 1202 3699 custodiamque
1233 3627 1577 3682 tacultatum
1619 3626 1993 3698 reperientes.

488 3721 575 3775 42.
610 3720 694 3775 Ne
725 3719 921 3790 itaque
969 3718 1166 3772 animo
1216 3716 1597 3787 deeipiamur,
1634 3733 1743 3772 neu
1779 3716 2063 3783 dicamus,

417 3826 516 3866 eas
538 3827 664 3882 quin
687 3809 746 3863 in
771 3807 980 3864 saeculo
1002 3809 1312 3862 versantur
1327 3810 1591 3876 expertes
1613 3822 1888 3860 curarum
1915 3823 2062 3863 esse.

418 3900 583 3954 Forte
616 3898 796 3965 enim,
829 3897 878 3952 si
920 3899 1124 3950 mutuo
1157 3894 1546 3961 conferamur,
1583 3893 1714 3965 plus
1747 3911 1924 3966 quam
1958 3912 2063 3952 nos

417 3987 818 4043 molestiarum
842 3985 1060 4040 habent
1080 3988 1136 4039 et
1163 3982 1402 4038 laboris.
1427 3982 1698 4038 Mulieres
1732 3999 1986 4054 namque
2003 3984 2062 4040 in

416 4076 659 4141 mundo,
682 4074 905 4146 ingenti
938 4076 1003 4127 ut
1032 4071 1353 4144 plurimum
1385 4071 1516 4126 odio
1549 4071 1876 4126 habentur:
1913 4089 2064 4144 aegre

412 4172 469 4220 et
499 4163 824 4237 periculose
856 4164 1110 4235 pariunt,
1142 4161 1202 4216 in
1235 4162 1383 4216 lacte
1414 4161 1918 4218 subministrando
1954 4163 2063 4217 mi-

415 4272 541 4310 sere
572 4253 928 4318 cruciantur,
955 4269 1091 4307 cum
1123 4251 1543 4322 aagrotantibus
1574 4251 1900 4307 infantibus
1946 4269 2064 4310 una

413 4350 696 4418 azgrotant
720 4363 731 4400 :
757 4350 936 4417 atque
965 4344 1086 4398 haec
1109 4343 1405 4398 sustinent
1429 4342 1553 4397 sine
1576 4342 1769 4414 aliquo
1791 4341 2059 4398 laborum

411 4436 681 4490 termino.
717 4435 1000 4506 Suscepta
1028 4449 1284 4505 namque
1315 4431 1506 4504 proles
1555 4437 1654 4487 aut
1691 4432 1902 4488 mutila
1931 4450 2060 4488 cor-

411 4544 547 4600 pore
578 4533 686 4597 est,
718 4531 820 4582 aut
853 4525 1025 4582 malis
1056 4526 1345 4581 instructa
1399 4524 1682 4591 moribus,
1715 4526 2057 4596 parentibus

409 4641 608 4681 necem
644 4624 1036 4680 machinatur.
1069 4628 1201 4680 Haec
1233 4640 1368 4680 cum
1412 4623 1693 4688 sciamus,
1728 4638 1798 4677 ne
1830 4622 2056 4678 inesce-

411 4722 545 4760 mur
574 4706 646 4760 ab
677 4704 935 4775 inimico,
960 4705 1128 4776 quasi
1159 4705 1275 4760 vita
1305 4703 1592 4775 ejusmodi
1624 4702 1942 4774 tranquilla
1961 4721 2058 4759 cu-

411 4795 611 4866 risque
643 4810 825 4849 vacua
855 4793 952 4849 sit.
986 4794 1049 4848 In
1082 4798 1248 4865 partu
1298 4793 1514 4864 quippe
1542 4793 1594 4847 vi
1628 4791 1928 4848 doloribus
1957 4809 2054 4849 ex-

410 4884 834 4954 stinguuntur;
869 4881 919 4937 si
952 4899 1066 4937 non
1100 4882 1350 4953 pariant,
1375 4879 1696 4938 sterilitatis
1718 4885 1775 4935 et
1799 4879 2058 4937 infecun-

411 4973 611 5029 ditatis
644 4972 954 5045 opprobrio
985 4973 1424 5028 contabeseunt.
1581 4973 1585 4977 ’

479 5063 568 5116 43.
606 5063 731 5116 llaec
773 5061 936 5118 vobis
984 5062 1134 5127 dico,
1186 5065 1251 5116 ut
1290 5060 1460 5115 nobis
1492 5059 1564 5115 ab
1597 5060 1928 5116 adversario
1959 5077 2056 5117 ca-

406 5168 666 5209 veamus.
701 5151 899 5223 Neque
929 5167 1060 5207 vero
1092 5150 1314 5205 cunctis
1344 5149 1699 5205 conveniunt
1727 5167 1855 5221 quae
1903 5151 2058 5207 dicta

405 5245 564 5311 sunt,
587 5240 688 5297 sed
722 5239 796 5295 iis
828 5239 1110 5295 duntaxat
1131 5238 1230 5309 qui
1263 5238 1444 5293 vitam
1476 5237 1729 5309 amplexi
1760 5242 1901 5292 sunt
1927 5255 2056 5295 mo-

2175 3203 2266 3238 τον
2294 3183 2382 3236 καὶ
2417 3185 2696 3260 μοχθηρὸν
2749 3182 3021 3255 ἐδήλωσεν
3053 3186 3208 3254 ἦθος.
3254 3191 3446 3259 Θυμοῦ
3478 3187 3581 3263 γὰρ
3611 3187 3688 3242 καὶ
3716 3186 3794 3241 λύ-

2175 3291 2286 3341 πης
2317 3271 2656 3348 οἰκητήριον,
2689 3274 2788 3343 τήν
2836 3271 3056 3349 καρδίαν
3095 3275 3236 3336 τινὲς
3286 3271 3513 3352 ἔφασαν·
3550 3277 3623 3349 μὴ
3669 3274 3793 3343 δοξα-

2179 3359 2398 3434 ζόμενοι
2433 3404 2448 3431 ,
2509 3361 2802 3418 λυποῦνται
2837 3381 2850 3392 '
2905 3367 3014 3418 τῶν
3089 3362 3393 3440 ἀλλοτρίων
3459 3365 3795 3442 ὀρεγόμενοι,

2173 3452 2452 3520 τήκονται·
2513 3451 2818 3525 πενόμενοι,
2880 3449 3237 3526 δυσφοροῦσι·
3289 3452 3670 3523 πλουτοῦντες,
3721 3455 3790 3508 ἐκ·

2179 3539 2479 3612 μαίνονται,
2515 3537 2602 3596 διὰ
2629 3542 2726 3610 τήν
2757 3545 2864 3596 τῶν
2895 3541 3176 3618 παρόντων
3211 3541 3461 3619 φυλακήν
3500 3542 3637 3619 μηδὲ
3655 3543 3794 3599 ὕπνου

2173 3630 2548 3704 τυγχάνοντες.

2245 3720 2332 3775 42.
2367 3720 2460 3788 Μὴ
2495 3716 2584 3773 οὖν
2634 3721 2797 3791 ἡμεῖς
2847 3721 3204 3795 ὑποσυρῶμεν
3253 3726 3332 3793 τῷ
3363 3725 3694 3800 φρονήματι,
3721 3719 3791 3776 lio

2174 3826 2364 3881 γουσαι
2394 3807 2522 3870 τοὺς
2555 3807 2606 3863 ἐν
2637 3813 2717 3880 τῷ
2747 3807 2940 3882 κόσμῳ
2971 3809 3302 3886 ἀμερίμνους
3331 3813 3643 3888 τυγχάνειν.
3665 3813 3794 3884 Τάχα

2173 3897 2275 3970 γὰρ
2309 3896 2382 3958 ὡς
2416 3897 2549 3972 πρὸς
2596 3896 2871 3972 σύγκρισιν
2928 3896 3140 3970 μᾶλλον
3186 3901 3346 3972 ἡμῶν
3395 3904 3653 3956 κοπιῶσι.
3680 3902 3789 3958 Ταῖς

2174 3981 2231 4038 δὲ
2260 3985 2496 4059 γυναιξὶν
2555 3985 2629 4040 ὡς
2688 3985 2880 4040 ἐπίπαν
2946 3986 3157 4062 μεγάλη
3211 3987 3259 4043 ἐν
3301 3993 3380 4061 τῷ
3430 3988 3792 4061 κόσμῳὴἀπ-

2174 4073 2376 4147 ἑχθειαο
2434 4074 2674 4129 τίκτουσι
2733 4076 2835 4151 γὰρ
2887 4074 3146 4151 χαλεπῶς
3180 4077 3268 4131 καὶ
3303 4077 3679 4145 ἐπικινδύνως,
3721 4075 3792 4129 καὶ

2170 4160 2512 4233 τληπαθοῦσι
2571 4164 2704 4237 πρὸς
2759 4165 2857 4232 τήν
2915 4163 3413 4244 γαλακτοτροφίαν,
3472 4165 3563 4221 καί
3612 4170 3792 4220 νοσοῦσι

2169 4256 2285 4313 τοῖς
2319 4249 2557 4314 παιδίοις
2591 4256 2920 4307 συννοσοῦσι⁹
2955 4252 3042 4309 καὶ
3071 4259 3238 4309 ταῦτα
3277 4256 3633 4328 ὑπομένουσι,
3663 4253 3793 4312 τέλος

2169 4345 2266 4394 τοῦ
2291 4341 2465 4395 κόπου
2512 4343 2586 4413 μὴ
2644 4340 2886 4417 ἔχουσαι.
2920 4342 2988 4399 Ἢ
3017 4344 3116 4419 γὰρ
3147 4345 3209 4398 τὸ
3259 4349 3418 4417 σῶμα
3460 4331 3720 4420 πτιρόῦται
3745 4343 3794 4395 τὶ

2169 4432 2455 4500 κυηθὲντα,
2505 4432 2540 4500 ἢ
2591 4432 2964 4508 κακοφροσύνῃ
3013 4433 3310 4508 ἀναχθέντα
3357 4431 3650 4513 δολοφονεῖ
3690 4432 3792 4490 τοὺς

2167 4521 2535 4595 γεννήσαντας.
2567 4524 2741 4575 Ταῦτα
2789 4519 2878 4574 οὖν
2930 4519 3145 4588 εἰδυῖαι,
3183 4525 3258 4595 μὴ
3311 4521 3682 4596 δελεασθῶμεν
3708 4521 3790 4576 ὑπὸ

2164 4611 2260 4660 τοῦ
2309 4605 2530 4683 ἐχθροῦ,
2562 4607 2636 4669 ὡς
2695 4607 2882 4664 ἀνέτου
2939 4606 3028 4664 καὶ
3087 4610 3392 4686 ἀμερίμνου
3442 4612 3788 4687 τυγχάνοντος

2165 4699 2261 4749 τοῦ
2297 4695 2436 4770 βίου.
2476 4701 2741 4751 Γεννῶσαι
2795 4697 2887 4769 μὲν
2921 4697 3044 4772 γὰρ,
3098 4695 3186 4752 διὰ
3215 4704 3319 4754 τῶν
3350 4721 3536 4754 πονων
3571 4696 3787 4776 φθείρον-

2164 4804 2271 4839 ται*
2311 4785 2386 4857 μή
2418 4784 2696 4839 τίκτουσαι
2727 4783 2804 4855 δὲ,
2839 4786 2912 4848 ὡς
2962 4792 3165 4862 στεῖραι
3211 4788 3300 4844 καὶ
3333 4788 3519 4864 ἄγονοι
3579 4789 3675 4842 ὑπὸ
3701 4789 3785 4839 τῶν

2170 4871 2490 4946 ὀνειδισμῶν
2516 4880 2773 4944 τήκονται
2788 4918 2800 4933 ,

2239 5056 2325 5110 43.
2357 5052 2535 5110 Ταῦτα
2565 5050 2622 5108 δὲ
2669 5054 2796 5126 ὑμῖν
2845 5051 2990 5131 λέγω
3021 5054 3155 5132 πρὸς
3183 5055 3245 5112 τὸ
3292 5053 3673 5134 ἀσφαλίζεσθαι
3701 5051 3784 5108 ἀπὸ

2168 5143 2430 5201 ἐναντίου.
2463 5145 2540 5202 Οὐ
2591 5149 2722 5199 πᾶσι
2772 5141 2829 5199 δὲ
2877 5145 3104 5224 πέφυκεν
3156 5145 3390 5223 ἁρμόδια
3424 5149 3493 5201 τὰ
3527 5146 3784 5223 λεγόμενα,

2167 5233 2312 5291 ἀλλὰ
2349 5234 2535 5309 μόνοις
2563 5239 2682 5299 τοῖς
2729 5234 2820 5291 τὸν
2875 5238 3086 5312 μονήρη
3123 5236 3236 5313 βίον
3283 5235 3581 5300 ἐθέλουσιν.

475 5442 520 5476 ⁸9
552 5439 756 5497 Matth.
786 5455 842 5509 ν,
877 5438 961 5492 12.
1039 5435 1082 5471 9°
1113 5433 1263 5490 Psal.
1297 5451 1374 5501 ιν,
1403 5434 1455 5488 2.
1535 5437 1576 5470 οι
1611 5434 1764 5490 Psal.
1800 5450 1989 5506 vam,
2021 5440 2068 5492 2:

2189 5439 2234 5474 ⁹²
2265 5437 2374 5492 Isa.
2409 5452 2447 5505 ι,
2478 5435 2534 5492 5.
2611 5436 2655 5471 ⁸³
2683 5435 2867 5493 Eccle.
2907 5450 2968 5506 ιι,
3005 5437 3094 5492 Ut.

477 5625 590 5699 (es)
621 5625 722 5680 Vit.
761 5624 867 5680 ρρ.
901 5622 942 5680 ι.
981 5639 1036 5692 v,
1070 5621 1279 5689 10,71.
