4002 6206
262 377 420 439 1513

1402 373 1584 439 νιΤΑ
1630 376 1726 437 SA
1741 376 1964 436 ΝΟΤιΕ
2005 372 2530 438 δῗΝϐίιΕΤΙΟιΕ.

3524 377 3680 439 1514

262 508 367 585 γάρ
395 513 513 570 τοῖς
547 509 708 578 ζώοις
740 509 802 564 οὐ
836 511 936 582 μία
962 510 1161 587 τροφὴ,
1193 508 1364 570 οὕτως
1397 506 1522 563 οὐδὲ
1551 514 1668 569 τοῖς
1702 507 1906 582 ἀνθρώ-

2043 507 2332 564 iasticam.
2365 509 2875 574 Quemadmodum
2907 511 3065 567 enim
3098 529 3213 568 non
3248 528 3365 567 una
3410 514 3500 566 est
3549 510 3677 565 ani-

264 618 389 659 ποις
421 598 449 651 ὁ
483 597 642 659 αὐτὸς
677 596 841 675 λόγος
876 598 1156 676 συμφέρει⁸
1193 598 1272 655 Οὐ
1303 595 1383 652 δεῖ
1437 597 1541 672 γὰρ
1591 599 1740 652 οἶνον
1792 594 1912 650 νὲον

270 685 481 761 βαλεῖν,
540 686 726 763 φησὶν,
788 686 864 749 εἰς
929 686 1125 749 ἀσκοὺς
1183 685 1472 748 παλαιούς.
1534 685 1758 747 Ἀλλως
1812 685 1915 760 γὰρ

266 774 546 830 ἑστιῶνται
578 777 629 830 οἱ
660 775 887 851 θεωρίας
920 775 1009 832 καὶ
1038 777 1291 851 γνώσεως
1325 774 1750 852 ἐμφορούμενοι,
1803 774 1915 829 ἒτὲ-

269 885 379 940 ρως
412 861 469 919 δὶ
499 865 551 918 οἱ
583 864 905 935 ἀσκητικῆς·
938 864 1028 919 καὶ
1060 871 1362 939 πρακτικῆς
1389 863 1803 940 ἁπογευόμενοι,
1827 862 1915 917 καὶ

266 957 406 1031 πρὸς
458 951 683 1027 δύναμιν
731 955 783 1008 οἱ
838 954 972 1009 κατά
1022 955 1114 1008 τὸν
1138 954 1346 1027 κόσμον
1375 950 1915 1028 δικαιοπραγοῦντες.

266 1045 473 1118 ’Ὠσπερ
520 1042 620 1118 γὰρ
666 1047 767 1097 τῶν
808 1042 959 1111 ζώων
985 1043 1101 1096 τινα
1135 1045 1231 1115 μὶν
1263 1039 1372 1097 ἔστι
1398 1046 1652 1118 χερσαῖα,
1710 1042 1831 1095 τινὰ
1860 1038 1918 1094 δὶ

264 1128 483 1206 ἔνυδρα,
532 1131 654 1186 τινὰ
700 1129 757 1186 δὲ
782 1130 976 1201 πτηνά’
1010 1130 1183 1192 οὕτως
1212 1130 1301 1185 καὶ
1333 1132 1383 1185 οἱ
1416 1132 1476 1185 ἄν
1490 1132 1699 1206 θρωποι
1733 1130 1784 1185 οἱ
1821 1130 1915 1202 μὲν

265 1221 360 1274 τὸν
398 1218 561 1293 μὲσοο
598 1221 712 1296 βίον
743 1222 1066 1296 κατέχουσιν
1100 1221 1174 1282 ὡς
1203 1219 1271 1273 τὰ
1308 1224 1555 1295 χερσαῖα·
1589 1219 1640 1273 οἱ
1695 1215 1753 1273 δὲ
1781 1220 1919 1293 πρὸς

264 1311 336 1364 τὰ
397 1310 502 1383 ὕψη
564 1308 974 1378 ἐνατενίζουσιν,
1033 1309 1107 1371 ὡς
1163 1309 1231 1363 τὰ
1285 1309 1519 1363 πετεινά⁶
1580 1308 1632 1362 οἱ
1690 1304 1748 1362 δὲ
1800 1313 1917 1369 τοῖς

268 1396 427 1453 ὕδασι
457 1403 564 1453 τῶν
599 1399 878 1473 ἁμαρτιῶν
912 1397 1013 1453 είσι
1041 1396 1470 1470 κεκαλυμμένοι,
1502 1396 1578 1458 ὡς
1612 1397 1663 1451 οἱ
1711 1395 1917 1472 ἰχθύες⁸

270 1486 470 1551 Ἦλθον
547 1488 670 1563 γάρ,
748 1487 934 1565 φησὶν,
1006 1486 1082 1549 είς
1138 1487 1205 1541 τά
1266 1486 1405 1562 βάθη
1466 1488 1564 1554 τῆς
1625 1482 1919 1555 Θαλάσσης,

270 1596 364 1651 καί
422 1575 671 1651 καταιγὶς
736 1575 1082 1630 κατεπόντισὲ
1141 1595 1228 1647 με.
1291 1573 1386 1628 Καὶ
1444 1572 1667 1644 τοιαύτη
1732 1573 1825 1645 μὲν
1884 1575 1919 1641 ἡ

268 1668 381 1719 τῶν
418 1664 569 1733 ζώων
602 1662 781 1740 φύσις·
815 1665 979 1736 ἡμεῖς
1006 1659 1082 1731 δὲ,
1136 1662 1212 1724 ὡς
1258 1662 1403 1717 ἀετοὶ
1459 1663 1919 1740 πτεροφυήσασαι,

271 1752 362 1808 ἐπὶ
392 1753 459 1807 τὰ
491 1751 801 1826 ὑψηλότερα
833 1747 1132 1824 ἐπιϐῶμεν,
1174 1751 1265 1806 καὶ
1304 1753 1770 1823 καταπατήσωμεν
1830 1748 1920 1805 λέ-

2026 596 2272 651 malium
2303 613 2472 664 esca;
2506 598 2586 653 ita
2620 615 2725 654 nec
2754 599 3098 656 hominibus
3129 617 3284 656 unus
3316 615 3508 655 sermo
3529 615 3685 654 com-

2026 685 2172 755 petit
2199 701 2212 738 :
2242 690 2365 742 Non
2398 693 2612 757 oportet
2636 688 2815 755 enim,
2847 687 3061 761 inquit,
3094 691 3287 745 vinum
3314 703 3517 745 novum
3560 690 3683 743 mit-

2027 776 2138 828 tere
2196 776 2253 828 in
2317 778 2462 830 utres
2523 782 2724 832 veteres
2756 779 2819 832 ".
2852 779 2897 833 A
2920 777 3413 851 contemplatione
3441 778 3591 834 625
3629 780 3687 832 et

2026 862 2271 917 scientia
2305 864 2501 935 repleti
2537 872 2693 927 sunt.
2728 867 2898 922 aliter
2926 867 3025 937 qui
3058 867 3369 923 asceticam
3397 870 3456 922 et
3483 871 3682 921 actuo-

2027 965 2154 1006 sam
2185 951 2363 1006 vitam
2397 953 2876 1023 degustamuth
2907 956 3006 1026 qui
3038 955 3095 1010 in
3128 955 3338 1011 saeculo
3372 971 3475 1026 pro
3508 953 3683 1009 facul-

2026 1043 2143 1094 tate
2166 1040 2466 1110 justitiam
2498 1041 2720 1097 colunt.
2752 1043 2820 1097 Et
2849 1044 3347 1114 quemadmodum
3380 1041 3680 1107 animalia,

2028 1130 2295 1199 quaedam
2327 1131 2624 1187 terrestria
2641 1134 3074 1203 sunt,quaedam
3108 1132 3675 1203 aquatilia,qumdam

2025 1217 2318 1286 volatilia;
2353 1220 2437 1274 sic
2468 1226 2524 1274 et
2555 1220 2841 1289 homines,
2864 1221 2963 1276 alii
2995 1222 3244 1277 mediam
3276 1226 3477 1277 tenent
3501 1220 3679 1290 viam,

2030 1312 2092 1359 ut
2126 1308 2455 1370 terrestria;
2489 1307 2587 1361 alii
2620 1310 2691 1363 ad
2722 1308 2947 1364 excelsa
2978 1311 3263 1370 feruntur,
3298 1316 3360 1364 ut
3389 1308 3680 1377 volatilia;

2030 1393 2127 1448 alii
2162 1394 2220 1448 in
2256 1395 2427 1466 aquis
2460 1397 2731 1451 vitiorum
2766 1397 3018 1452 demersi
3047 1405 3206 1464 sunt,
3244 1405 3525 1471 tanquam
3554 1397 3680 1469 pis-

2030 1499 2146 1537 ces.
2202 1483 2296 1537 Ait
2353 1485 2509 1539 enim
2543 1501 2557 1539 :
2596 1486 2742 1539 Veni
2771 1487 2831 1539 in
2859 1485 3213 1541 altitudinem
3242 1488 3432 1557 maris,
3464 1495 3516 1541 et
3545 1495 3683 1541 tem-

2028 1579 2212 1642 pestas
2244 1572 2509 1628 demersit
2539 1590 2626 1628 me
2655 1574 2717 1627 ³⁵.
2752 1574 2882 1630 Haec
2910 1580 3000 1629 est
3030 1581 3240 1630 natura
3289 1573 3635 1631 animalium
3673 1591 3688 1633 :

2032 1676 2138 1714 nos
2170 1665 2367 1716 autem
2400 1661 2734 1732 aquilarum
2768 1663 2955 1717 instar
2981 1662 3092 1720 alis
3121 1663 3445 1733 instructa,
3480 1663 3690 1720 altiora

2034 1754 2322 1818 petamus,
2355 1755 2411 1803 et
2440 1750 2850 1806 conculcemus
2881 1751 3106 1807 leonem
3140 1758 3198 1807 et
3239 1752 3551 1808 draconem
3609 1754 3686 1808 σοι

272 1863 405 1897 οντα
431 1842 522 1896 καὶ
558 1839 839 1917 δράκοντα·
874 1840 965 1896 καί
993 1846 1090 1895 τοῦ
1120 1862 1250 1896 ποτε
1282 1840 1549 1916 ἄρχοντος
1605 1844 1695 1894 νῦν
1752 1837 1921 1915 ἄρξω-

2043 1852 2189 1890 nunc
2221 1836 2269 1890 ei
2305 1837 2664 1909 imperemus
2696 1838 2794 1909 qui
2828 1845 2961 1894 ante
2991 1839 3318 1912 imperabat
3348 1841 3538 1897 nobis.
3563 1842 3689 1898 Hac

274 1952 393 2003 μεν.
427 1935 597 1985 Τοῦτο
628 1927 687 1984 δὲ
710 1932 1014 2002 ποιήσομεν
1047 1928 1134 1984 ἐὰν
1174 1928 1311 1999 ὅλην
1335 1930 1535 1984 ἑαυτῶν
1565 1928 1665 1997 τὴν
1686 1925 1924 1983 διάνοιαν

267 2018 355 2092 τῷ
389 2025 607 2094 Σωτῆρι
639 2018 981 2096 προσενέγκω
991 2040 1106 2091 μεν.

349 2111 438 2165 44.
470 2105 647 2163 Ἀλλὰ
677 2107 799 2162 ὅσον
845 2110 1009 2181 ἡμεῖς
1057 2105 1444 2184 κορυφούμεθα
1493 2105 1627 2181 πρὸς
1670 2106 1735 2160 τὰ
1791 2104 1924 2179 ὕψη,

271 2196 525 2258 κάκεῖνος
555 2193 867 2268 ἐμποδίζειν
919 2201 1165 2270 πειρᾶται
1198 2191 1286 2248 διὰ
1314 2198 1421 2248 τῶν
1459 2192 1607 2248 ἰδίων
1656 2192 1923 2267 παγίδων.

275 2286 378 2340 Καὶ
407 2285 459 2339 τί
494 2305 628 2361 μεγα
658 2281 802 2360 ἔχειν
844 2286 991 2356 ἡμᾶς
1039 2282 1367 2343 ἀντιπάλους
1416 2282 1552 2358 πρὸς
1608 2282 1671 2335 τὸ
1729 2282 1922 2356 ἀγαθὸν

277 2374 560 2447 ὁρμώσας,
611 2372 749 2427 ὅπου
797 2393 859 2447 γε
902 2372 990 2427 καὶ
1040 2372 1178 2448 πρὸς
1207 2370 1274 2425 τὰ
1304 2369 1495 2438 εὐτελῆ
1528 2367 1805 2447 φθονοῦσι,
1836 2369 1925 2423 καὶ

275 2467 410 2538 γοῦν
437 2462 564 2524 τοὺς
621 2462 725 2516 ὑπὸ
773 2463 872 2529 τὴν
933 2467 1036 2535 γῆν
1086 2460 1459 2533 τεθαμμένους
1510 2459 1811 2531 θησαυροὺς
1864 2457 1926 2511 οὐ

274 2555 623 2627 συγχωροῦσι
656 2545 952 2621 λαμϐάνειν
985 2549 1324 2622 ἀνθρώπους.
1382 2546 1449 2604 tbi
1492 2548 1583 2601 οὗν
1640 2547 1728 2601 καὶ
1790 2548 1924 2622 πρὸς

268 2641 376 2708 τήν
406 2637 599 2714 γη’ίνην
632 2637 918 2716 φαντασίαν
952 2637 1296 2706 ἀντίκεινται,
1327 2636 1483 2708 πόσῳ
1527 2633 1739 2708 μᾶλλον
1791 2636 1927 2710 πρὸς

273 2729 381 2798 τήν
413 2733 520 2783 τῶν
555 2726 797 2803 οὐρανῶν
831 2725 1105 2803 βασιλείαν
1135 2727 1489 2803 φθονήσουσιν
1521 2743 1533 2792 ;

351 2820 439 2872 45.
474 2822 565 2871 Δεῖ
600 2815 691 2870 οὖν
748 2817 866 2870 κατ’
911 2814 1086 2869 αὐτῶν
1133 2813 1401 2875 παντοίως
1447 2813 1783 2882 ὁπλίζεσθαι·
1836 2813 1926 2867 καὶ

278 2908 389 2981 γάρ
420 2905 511 2959 καὶ
542 2903 730 2975 ἔξωθεν
765 2902 1155 2969 εἰσελαύνουσι,
1187 2904 1275 2957 καὶ
1309 2898 1461 2957 οὐδὲν
1493 2903 1656 2971 ἧττον
1715 2901 1774 2957 ἐκ
1818 2907 1925 2957 τῶν

279 2992 479 3064 ἔξωθεν
535 2998 829 3049 κινοῦνται.
884 2993 980 3047 Καὶ
1034 2994 1068 3061 ἡ
1119 2992 1295 3066 ψυχὴ,
1339 2991 1576 3067 καθάπερ
1615 2995 1759 3060 ναῦς,
1799 2993 1930 3046 ποτὲ

287 3086 386 3157 μὶν
418 3083 520 3138 ὑπὸ
565 3083 673 3138 τὼν
704 3078 893 3152 ἔξωθεν
940 3085 1242 3157 τρικυμιῶν
1288 3079 1750 3149 καταποντίζεται,
1798 3081 1929 3135 ποτὲ

284 3170 347 3227 δὲ
377 3172 483 3226 ὐπὸ
512 3179 611 3240 τῆς
644 3167 854 3234 ἔνδοθεν
888 3169 1102 3231 ἀντλίας
1157 3164 1495 3244 ὑποϐρύχιος
1548 3169 1767 3245 γίνεται.
1829 3168 1927 3223 Καὶ

2036 1939 2209 1994 porro
2241 1924 2727 1995 praestabimus,si
2763 1930 2942 1981 totam
2976 1932 3231 1982 mentem
3266 1932 3527 1984 nostram
3560 1928 3685 1984 Sal-

2032 2012 2217 2067 vatori
2249 2013 2658 2068 oblulerimus.

2105 2101 2192 2154 44.
2227 2101 2336 2156 Sed
2373 2118 2487 2173 quo
2520 2101 2706 2174 magis
2735 2103 2807 2157 ad
2844 2102 3072 2159 excelsa
3126 2105 3561 2177 consurgimus,
3619 2122 3686 2162 eo

2036 2191 2225 2261 magis
2274 2190 2371 2245 ille
2402 2207 2506 2262 per
2531 2190 2772 2262 laqueos
2806 2209 2945 2248 suos
2976 2192 3259 2265 impedire
3287 2199 3549 2250 conatur.
3583 2196 3686 2251 Eo-

2036 2280 2176 2349 quid
2209 2294 2489 2350 magnum
2522 2279 2570 2334 si
2603 2281 2772 2335 nobis
2804 2289 2943 2336 sunt
2971 2282 3444 2354 adversarii,qua:
3476 2284 3547 2339 ad
3583 2286 3685 2339 bo-

2035 2384 2178 2421 num
2224 2367 2543 2433 tendimus,
2604 2369 2834 2437 quando
2892 2369 2950 2423 in
3006 2369 3222 2427 vilibus
3277 2371 3451 2426 etiam
3513 2372 3688 2428 rebus

2037 2454 2342 2509 invident?
2400 2455 2551 2510 Sane
2593 2455 2904 2512 thesauros
2936 2456 2992 2511 in
3023 2462 3181 2513 terra
3212 2460 3544 2515 reconditos
3572 2476 3686 2515 non

2035 2545 2365 2599 concedunt
2395 2543 2733 2599 hominibus
2764 2546 3010 2601 auferre.
3044 2546 3102 2601 Si
3132 2561 3268 2617 ergo
3325 2546 3385 2601 in
3442 2548 3691 2606 terrenis

2036 2632 2416 2688 facultatibus
2458 2633 2773 2689 adversarii
2805 2640 2963 2705 sunt,
2996 2641 3216 2707 quanto
3248 2637 3439 2710 magis
3468 2638 3689 2696 invide-

2038 2723 2187 2778 bunt
2220 2739 2463 2795 regnum
2497 2723 2822 2779 caelorum?

2106 2814 2194 2867 45.
2226 2814 2338 2882 (86)
2370 2815 2757 2878 Quamobrem
2786 2831 2958 2870 omne
2988 2815 3235 2871 telorum
3268 2833 3454 2889 genus
3484 2819 3686 2875 adver-

2036 2919 2139 2957 sus
2171 2901 2305 2957 illos
2334 2907 2426 2958 est
2454 2904 2917 2959 assumendum:
2953 2921 3087 2960 nam
3115 2909 3173 2959 et
3201 2905 3562 2963 extrinsecus
3592 2926 3685 2965 ae-

2037 2990 2271 3054 cedunt,
2306 2996 2364 3045 et
2395 2990 2556 3046 intus
2585 2998 3041 3046 commoventur.
3101 2994 3426 3065 Animaque
3486 3002 3687 3053 nostra

2037 3081 2200 3136 navis
2258 3082 2462 3150 instar,
2528 3083 2699 3137 modo
2755 3082 3099 3138 decumanis
3129 3082 3402 3141 ﬂuctibus
3432 3088 3685 3144 exterius

2040 3168 2422 3241 demergitur;
2456 3170 2629 3225 modo
2659 3170 2733 3224 ab
2764 3169 3018 3225 interiori
3052 3173 3283 3227 sentina
3310 3189 3597 3244 aquarum
3628 3176 3685 3232 vi

280 3265 417 3336 γοῦν
477 3260 567 3314 καὶ
618 3262 784 3332 ἡμεῖς
832 3260 965 3314 ποτὲ
1023 3259 1116 3331 μὲν
1169 3255 1261 3313 διὰ
1441 3235 1592 3319 ἐκτὸς
1620 3262 1926 3332 πρακτικῶν

2043 3235 2407 3328 deprimitur.
2444 3259 2511 3312 Et
2537 3275 2643 3313 nos
2672 3258 2969 3314 interdum
3003 3276 3105 3331 per
3133 3235 3417 3332 exteriora
3446 3269 3687 3335 peccata

282 3350 699 3424 ἁμαρτημάτων
759 3347 1142 3419 ἀπολλύμεθα,
1200 3346 1333 3401 ποτε
1389 3343 1447 3401 δὲ
1503 3345 1592 3401 διὰ
1635 3350 1742 3400 τῶν
1776 3343 1925 3401 ἔνδον

280 3437 572 3513 λογισμῶν
624 3436 1010 3514 ἀφανιζόμεθα.
1065 3440 1155 3491 Δεῖ
1201 3436 1292 3489 οὗν
1342 3435 1431 3490 καὶ
1460 3436 1556 3497 τὰς
1602 3430 1791 3505 ἔξωθεν
1821 3440 1931 3489 τῶν

275 3528 598 3600 πνευμάνων
647 3525 924 3601 ἐπιτηρεῖν
982 3518 1316 3599 προσϐολὰς,
1370 3524 1457 3578 καὶ
1515 3524 1610 3585 τὰς
1642 3521 1792 3579 ἔνδον
1819 3530 1926 3579 τῶν

280 3615 569 3690 λογισμῶν
619 3612 883 3685 ἐξαντλεῖν
920 3612 1270 3689 ἀκαθαρσίας,
1300 3613 1525 3667 πάντοτε
1555 3610 1612 3668 δὲ
1639 3619 1927 3688 γρηγορεῖν

275 3704 421 3781 πρὸς
450 3702 576 3766 τοὺς
609 3702 935 3777 λογισμούς*
987 3706 1231 3778 συνεχῶς
1279 3701 1382 3776 γὰρ
1431 3700 1756 3779 ἐφίστανται.
1808 3701 1928 3758 Ἐπὶ

281 3793 383 3867 μὲν
413 3799 533 3855 ταῖς
578 3790 766 3863 ἔξωθεν
824 3790 1160 3865 τρικυμίαις,
1224 3790 1481 3865 βοώντων
1537 3794 1644 3845 τῶν
1701 3795 1928 3861 ναυτῶν,

276 3881 554 3943 πολλάκις
586 3884 621 3952 ἡ
655 3880 896 3953 σωτηρία
927 3877 1016 3934 διὰ
1043 3884 1150 3934 τῶν
1181 3877 1479 3955 ἆγγυτάτων
1531 3879 1741 3934 πλοίων
1790 3880 1928 3955 γίνε-

276 3991 391 4026 ται·
453 3971 508 4025 αἱ
566 3966 623 4025 δὶ
674 3968 911 4038 ἀντλίαι,
968 3968 1058 4023 καὶ
1118 3968 1484 4040 κοιμωμὲνων
1524 3967 1794 4030 πολλάκις
1820 3973 1929 4023 τῶν

279 4057 623 4133 πλωτήρων,
653 4058 743 4113 καὶ
774 4057 1162 4133 ήσυχαζούσης
1207 4064 1309 4125 τῆς
1359 4055 1654 4126 θαλάσσης,
1703 4058 1931 4129 ἐπισυμ-

281 4143 550 4216 ϐαίνουσι,
581 4146 671 4201 καὶ
699 4144 971 4207 πολλάκις
1004 4144 1198 4206 αὐτοὺς
1228 4146 1565 4199 θανατοῦσιν·

357 4239 446 4293 46.
481 4240 571 4289 Δεῖ
617 4231 708 4289 οὖν
756 4232 1157 4308 ἐπιπονωτέραν
1208 4234 1477 4287 ποιεῖσθαι
1515 4233 1649 4307 πρὸς
1678 4232 1804 4294 τοὺς
1835 4230 1931 4287 λο-

280 4321 517 4399 γισμοὺς
546 4322 646 4390 τὴν
677 4319 937 4378 διάνοιαν.
971 4323 1027 4375 '0
1074 4323 1174 4397 γὰρ
1225 4320 1442 4397 ἐχθρὸς,
1491 4318 1727 4395 καθάπερ
1784 4322 1931 4375 οἶκον

280 4413 386 4480 τήν
420 4412 603 4487 ψυχὴν
629 4409 873 4466 καθελεῖν
906 4410 1262 4486 βουλόμενος,
1293 4411 1328 4479 ἦ
1382 4409 1488 4464 ἀπὸ
1516 4414 1622 4464 τῶν
1664 4408 1932 4483 θεμελίων

284 4506 524 4555 ποιεῖται
556 4498 723 4569 αὐτῆς
754 4501 850 4567 τήν
885 4502 1114 4568 πτῶσιν,
1141 4499 1176 4567 ἢ
1210 4498 1316 4553 ἀπὸ
1352 4505 1454 4567 τῆς
1500 4497 1705 4575 ὀροφῆς
1762 4498 1934 4573 ἀρχό-

2037 3345 2096 3399 in
2118 3345 2430 3416 perniciem
2463 3345 2958 3418 imus,aliquando
2976 3346 3222 3405 internis
3238 3349 3693 3422 cogitationibus

2038 3433 2445 3505 opprimimur.
2480 3434 2760 3490 Convenit
2786 3436 2970 3507 igitur
2997 3451 3128 3492 cum
3162 3444 3432 3495 externos
3489 3456 3693 3497 cavere

2037 3523 2355 3593 spirituum
2385 3522 2663 3594 impetus,
2695 3527 2822 3578 tum
2856 3524 3120 3581 internas
3150 3528 3567 3599 cogitationum
3601 3547 3695 3585 ex-

2037 3613 2273 3669 haurire
2305 3613 2692 3685 impuritates.
2727 3615 2971 3686 Semper
3001 3618 3157 3671 enim
3209 3619 3488 3674 adversus
3536 3621 3694 3691 cogi-

2039 3704 2291 3757 tationes
2348 3701 2814 3775 advigilandum,
2875 3704 3112 3759 assidue
3158 3722 3416 3777 namque
3448 3707 3695 3763 instant.

2037 3790 2186 3845 Dum
2220 3791 2531 3845 decumani
2564 3790 2779 3862 quippe
2810 3792 3025 3847 fluctus
3046 3794 3301 3848 exterius
3344 3793 3691 3867 insurgunt,

2042 3878 2436 3934 clamantibus
2467 3880 2686 3950 nautis,
2719 3896 2821 3951 per
2850 3881 3113 3951 proxima
3139 3882 3369 3954 navigia
3400 3882 3563 3938 salus
3606 3886 3689 3938 af-

2044 3968 2244 4022 fertur.
2266 3974 2339 4021 At
2368 3968 2608 4023 sentinae
2635 3968 3068 4025 dormientibus
3099 3970 3444 4043 plerumque
3471 3971 3694 4038 nautis,

2041 4054 2360 4126 tranquillo
2392 4054 2559 4123 mari,
2596 4055 2771 4111 undis
2801 4071 3008 4112 navem
3040 4057 3308 4129 implent,
3340 4075 3407 4114 ao
3435 4075 3541 4115 neo
3571 4059 3694 4131 opi-

2042 4149 2253 4199 nantes
2285 4143 2646 4200 interimunt.

2115 4234 2205 4287 46.
2239 4232 2458 4288 Grandi
2489 4233 2691 4304 itaque
2724 4233 2920 4289 labore
2976 4235 3260 4292 adversus
3317 4237 3702 4309 cogitationes

2042 4322 2407 4393 vigilandum
2432 4324 2628 4378 animo
2653 4323 3053 4380 est.lnimicus
3073 4325 3227 4380 enim
3247 4330 3503 4382 animam
3520 4327 3699 4399 veluti

2044 4412 2283 4465 domum
2319 4418 2574 4465 evertere
2604 4411 2866 4482 cupiens,
2900 4417 3004 4466 aut
3029 4429 3063 4467 a
3122 4413 3521 4470 fundamentis
3574 4416 3697 4471 rui-

2049 4516 2183 4555 nam
2223 4499 2333 4570 ipsi
2367 4506 2557 4569 parat,
2590 4503 2692 4553 aut
2721 4516 2756 4554 a
2778 4505 2931 4555 tecto
2961 4500 3248 4571 incipiens
3277 4506 3460 4556 totam
3496 4502 3699 4569 diruit,

292 4609 474 4661 μενος,
525 4594 695 4643 πᾶσαν
748 4586 914 4656 αὐτὴν
961 4586 1273 4664 καταφέρει,
1328 4589 1363 4656 ἢ
1412 4584 1623 4641 καὶδιὰ
1651 4591 1756 4640 τῶν
1787 4585 1926 4659 θυρί-

2048 4593 2148 4642 aut
2180 4603 2280 4658 per
2309 4588 2602 4642 fenestras
2633 4586 2939 4658 ingressus
2969 4589 3157 4659 primo
3215 4589 3701 4659 patremfamilias

290 4675 401 4731 δων
436 4675 715 4744 εἰσελθὼν,
743 4680 958 4751 πρῶτον
992 4676 1085 4730 τὸν
1146 4672 1533 4746 οἷκοδεσπότην
1594 4672 1802 4747 δεσμεῖ,
1847 4674 1939 4729 καὶ

292 4766 470 4828 οὕτως
501 4769 781 4841 χειροῦται
809 4766 878 4819 τὰ
906 4764 1078 4819 πάντα
1142 4762 1407 4837 Θεμέλιος
1443 4764 1537 4836 μὲν
1570 4764 1660 4819 οὖν
1716 4763 1826 4818 ἐστι
1875 4766 1944 4820 τὰ

292 4854 437 4909 καλά
471 4850 620 4930 ἔργα,
652 4852 830 4930 ὀροφή
866 4849 924 4906 δὶ
951 4855 985 4921 ἡ
1017 4851 1218 4920 πίστις,
1277 4849 1488 4928 θυρίδες
1546 4849 1603 4906 δὲ
1645 4854 1698 4906 αἱ
1750 4852 1939 4924 uiceri-

292 4964 424 5004 σεις.
460 4942 557 4997 Διά
585 4944 799 4997 πάντων
831 4939 889 4995 ὂὶ
915 4940 1150 5015 πολεμεῖ
1178 4942 1206 4995 ὁ
1239 4940 1458 5016 ἐχθρός.
1499 4944 1653 5004 Ὅθεν
1700 4941 1940 5020 πολυόφ-

294 5031 508 5106 θαλμον
542 5028 624 5086 δεῖ
653 5032 784 5086 εἶναι
815 5031 908 5085 τὸν
940 5032 1177 5100 σωθῆναι
1233 5029 1589 5105 βουλόμενον.
1648 5029 1757 5085 Οὐκ
1813 5028 1942 5107 ἔχο-

296 5143 393 5196 μεν
422 5120 724 5176 ὶνταῦθατὸ
753 5118 1214 5198 ἀμέριμνον-φησὶ
1236 5119 1339 5194 γὰρ
1370 5121 1404 5188 ἡ
1431 5120 1636 5196 Γραφή·
1656 5119 1941 5176 Βλεπὲτω-

301 5212 331 5266 ὁ
364 5209 607 5280 ἑστηκὼς
642 5209 717 5282 μὴ
750 5206 902 5282 πέσῃ.

372 5302 464 5356 47.
499 5299 585 5355 Ἐν
618 5295 813 5370 ἀδήλῳ
842 5295 1106 5369 πλέομεν
1158 5295 1397 5360 θάλασσα
1425 5296 1525 5373 γὰρ
1575 5297 1603 5349 ὁ
1639 5297 1754 5371 βίος
1783 5303 1944 5374 ἡμῶν

2052 4680 2275 4752 alligat,
2308 4685 2365 4735 et
2394 4680 2480 4734 sic
2509 4679 2771 4735 omnium
2805 4679 3041 4751 potitur.
3076 4681 3546 4738 Fundamentum
3585 4682 3703 4737 ita.

2050 4785 2161 4839 que
2218 4773 2358 4824 sunt
2413 4769 2559 4823 bona
2591 4784 2790 4839 opera,
2816 4772 3037 4823 tectum
3070 4769 3235 4833 fides,
3273 4770 3537 4825 l'enestrie
3566 4785 3702 4825 sen-

2051 4875 2174 4913 sus.
2207 4861 2312 4912 Per
2341 4856 2460 4911 haec
2490 4857 2688 4911 omnia
2716 4856 2935 4912 bellum
2964 4862 3153 4913 movet
3172 4860 3545 4915 adversarius
3564 4859 3699 4931 (87).

2051 4944 2437 5011 Quamobrem
2474 4944 2675 4999 multis
2733 4946 2921 5001 oculis
2984 4947 3160 5002 habet
3214 4964 3364 5019 opus
3418 4947 3521 5018 qui
3578 4947 3705 5003 vult

2051 5034 2301 5089 salutem
2352 5033 2650 5104 consequi.
2676 5034 2874 5106 Neque
2902 5035 3058 5090 enim
3092 5034 3186 5091 hic
3215 5052 3532 5107 possumus
3562 5052 3704 5091 cura

2049 5130 2109 5178 et
2137 5121 2532 5178 sollicitudine
2562 5124 2725 5178 vacui
2757 5139 2908 5190 esse,
2942 5125 3024 5179 ait
3079 5125 3296 5197 quippe
3350 5126 3652 5197 Scriptura
3684 5140 3697 5178 :

2052 5214 2158 5282 Qui
2177 5216 2286 5267 stat
2316 5212 2503 5267 videat
2533 5229 2600 5268 ne
2628 5214 2795 5269 cadat
2822 5214 2886 5248 "-

2122 5303 2209 5358 47.
2248 5302 2307 5357 ln
2339 5301 2589 5357 obscuro
2623 5300 2969 5375 navigamus
3002 5321 3017 5361 :
3048 5302 3164 5359 vita
3193 5302 3410 5375 quippe
3439 5306 3639 5358 nostra
3663 5318 3698 5357 a

365 5480 411 5516 “
435 5478 641 5536 Matth.
672 5495 750 5546 Ix,
783 5476 871 5535 17.
948 5476 994 5512 ⁸⁸
1019 5474 1171 5532 Psal.
1204 5492 1398 5547 uvm,
1426 5477 1481 5532 3.
1558 5478 1603 5513 "
1631 5478 1783 5537 Psal.
1816 5498 1908 5554 xc,

2105 5480 2150 5519 ’τ
2180 5482 2201 5538 Ι
2229 5479 2357 5538 Cor.
2388 5498 2444 5549 ι,
2479 5482 2567 5537 12.

373 5656 491 5732 (87)
522 5655 627 5716 νει.
650 5656 766 5712 pp.
799 5653 839 5713 1.
872 5671 927 5727 v,
960 5654 1048 5727 ιι,
1076 5653 1170 5713 33.

586 5784 854 5849 Panos.
901 5782 1013 5848 Gn.
1054 5781 1333 5845 XXVIII.

2128 5658 2242 5732 (se)
2277 5659 2381 5718 va.
2408 5659 2523 5716 PP.
2555 5659 2596 5715 1.
2626 5675 2683 5730 v,
2718 5659 2807 5730 ιι,
2835 5659 2926 5715 34.
