4002 6206
347 281 501 345 1515

1505 285 1569 339 S.
1616 277 2140 339 A'l‘llANASlUS.
2173 309 2228 318 --
2269 273 2577 338 SPURIA.

3576 283 3698 343 1516

343 433 507 472 sacro
539 419 772 471 cantore
803 414 1018 470 Davide
1049 430 1207 469 mare
1238 419 1326 469 est
1356 411 1665 484 appellata.
1726 411 1783 465 ln
1843 407 1985 462 mari

2105 406 2207 460 ὑπὸ
2236 411 2331 460 τοῦ
2361 408 2510 481 ἱεροῦ
2541 407 2749 480 ψάλτου
2782 402 2945 462 Δαϐἲδ
2996 405 3225 484 εἶ’ρηται.
3276 409 3446 466 Ἀλλᾶ
3491 419 3578 480 τῆς
3617 415 3693 468 θα.

346 525 514 576 porro
571 505 686 561 alia
743 505 865 560 loca
896 509 1034 560 sunt
1064 509 1314 576 petra-sa,
1348 501 1462 558 alia
1493 500 1772 558 monstris
1805 499 1994 569 plena,

345 595 458 651 alia
489 595 822 668 tranquilla.
855 595 971 650 Nos
1004 595 1060 649 in
1093 591 1407 664 tranquilla
1439 591 1620 647 maris
1650 595 1808 662 parte
1842 587 1993 642 vide-

347 701 480 738 mur
510 681 1129 756 navigare;saeculares
1163 698 1292 736 vero
1325 677 1666 752 periculosis
1699 679 1752 731 in
1784 674 1991 748 plagis.

343 774 459 829 Nos
493 773 742 828 interdiu
778 772 1183 844 navigamus,a
1215 769 1334 826 sole
1357 768 1603 841 justitiae
1641 765 1777 822 recti
1811 770 1866 818 et
1896 765 1994 819 dc-

343 863 536 929 ducti;
572 862 654 916 illi
687 865 863 917 noctu
896 861 1225 933 ignorantia
1254 863 1490 914 ferente.
1545 858 1657 913 Sed
1711 853 1996 925 contingit

341 955 688 1026 plerumque
721 958 783 1009 ut
813 952 1133 1022 saecularis,
1169 952 1226 1005 in
1261 955 1607 1022 tempestate
1639 965 1704 1003 ac
1739 943 1993 1001 tenebris

339 1043 615 1110 existens,
676 1042 982 1098 clamando
1013 1045 1070 1096 et
1101 1039 1393 1111 vigilando
1427 1054 1631 1093 navem
1689 1037 1994 1090 conservet

341 1150 548 1200 suam;
596 1151 701 1188 nos
750 1148 881 1187 vcro
914 1149 1015 1204 per
1045 1129 1333 1185 incuriam
1365 1126 1682 1200 tranquillo
1715 1125 1859 1180 mari
1895 1124 1992 1178 de-

341 1239 696 1295 mergamur,
729 1221 948 1277 amisso
967 1218 1214 1292 justitiaa
1245 1217 1425 1274 clavo.

416 1432 501 1485 48.
536 1431 640 1498 Qui
667 1433 776 1484 stat
805 1428 1003 1500 igitur,
1043 1426 1220 1481 videat
1266 1442 1334 1479 ne
1379 1423 1556 1479 cadat.
1619 1420 1726 1484 Qui
1786 1417 1995 1474 cecidit

341 1523 495 1576 enim
533 1537 708 1574 unam
741 1519 913 1573 habet
943 1534 1167 1583 curam,
1204 1522 1266 1569 ut
1297 1515 1519 1570 scilicet
1550 1514 1833 1579 resurgat.
1883 1507 1988 1572 Qui

339 1626 472 1664 Vero
517 1615 654 1675 stat,
685 1611 882 1662 caveat
907 1606 1019 1661 sibi
1054 1622 1124 1659 ne
1155 1605 1344 1658 cadat.
1383 1602 1531 1656 Varii
1562 1615 1818 1668 namque
1851 1601 1992 1651 sunt

340 1699 648 1762 casus.0ui
676 1695 1010 1751 ceciderunt
1039 1694 1194 1748 enim
1233 1710 1344 1746 non
1379 1690 1530 1745 ultra
1560 1687 1798 1760 quidem
1831 1689 1991 1739 stant

2107 492 2310 566 λάσσης
2343 497 2409 550 τὰ
2441 497 2537 570 μέν
2561 496 2662 552 εἶσι
2695 495 2969 573 πετρώδη,
3001 499 3068 552 τὰ
3099 495 3156 553 δὲ
3186 498 3272 552 καὶ
3307 501 3501 573 θηρίων
3520 500 3700 576 πλήρη,

2103 584 2220 638 τινὰ
2252 582 2308 639 δὲ
2337 585 2426 639 καὶ
2457 583 2689 661 γαληναὶ.
2720 588 2909 659 Ἡμεῖς
2947 586 2998 641 έν
3047 591 3128 658 τῷ
3175 586 3402 662 γαληνῷ
3455 590 3589 662 μέρει
3628 599 3704 658 τῆς

2106 671 2382 745 θαλάσσης
2411 671 2674 748 δοκοῦμεν
2710 675 2892 731 πλέειν
2925 677 2975 730 οἱ
3011 673 3067 730 δὲ
3097 677 3352 749 κοσμικοὶ
3387 676 3436 731 ἐν
3489 677 3703 733 κινδυνώ-

2106 758 2235 815 δεσι·
2293 763 2380 816 καὶ
2429 765 2593 836 ἡμεῖς
2656 766 2749 837 μὲν
2809 765 3018 841 ἡμέρας
3049 762 3290 836 πλέομεν
3329 767 3430 820 ὑπὸ
3456 771 3547 821 τοῦ
3574 768 3706 835 ἡλίου

2102 857 2201 920 τῆς
2236 849 2582 923 δικαιοσύνης
2615 851 2997 928 ὁδηγούμενοι,
3033 853 3226 908 ἐκεῖνοι
3258 852 3313 908 δὲ
3363 855 3414 908 ἐν
3443 857 3600 922 νυκτὶ,
3630 857 3707 912 ὑπὸ

2103 946 2200 1009 τῆς
2247 941 2512 1017 ἀγνωσίας
2573 943 2882 1020 φερόμενοι.
2946 941 3106 997 Ἀλλ’
3155 940 3429 1019 ἐνδέχεται
3477 943 3709 1007 πολλάκις

2101 1029 2192 1083 τὸν
2240 1032 2503 1103 κοσμικὸν
2555 1029 2608 1086 ἐν
2660 1036 2896 1107 χειμῶνι
2944 1033 3032 1086 καὶ
3083 1033 3134 1088 ἐν
3183 1033 3360 1088 σκότει
3391 1035 3710 1108 τυγχάνοντα,

2109 1119 2381 1194 βοήσαντα
2420 1119 2506 1174 καὶ
2539 1119 2978 1195 ἀγρυπνήσαντα,
3011 1127 3177 1176 σῶσαι
3211 1123 3272 1176 τὸ
3307 1123 3497 1176 εαυτοῦ
3526 1122 3709 1196 σκάφος

2101 1210 2248 1279 ἡμᾶς
2296 1205 2353 1263 δὲ
2385 1207 2435 1263 έν
2485 1209 2718 1284 γαλήνῃ,
2754 1210 2856 1265 ὑπὸ
2885 1210 3142 1284 ἀμελείας
3179 1212 3517 1286 βυθισθῆναι,
3546 1213 3600 1266 τὸ
3627 1233 3711 1281 πη-

2104 1293 2293 1352 δάλιον
2325 1305 2425 1367 τῆς
2455 1295 2801 1369 δικαιοσύνης
2834 1299 3078 1377 ἀφέντας.

2176 1435 2262 1488 48.
2320 1431 2578 1487 Βλεπέτω
2634 1434 2708 1486 ὧν
2767 1434 2795 1488 ὁ
2849 1436 3060 1504 στήκων
3127 1436 3204 1506 μή
3281 1435 3440 1507 πέσῃ.
3511 1436 3568 1490 Ὀ
3637 1436 3713 1505 μὶν

2099 1523 2199 1595 γὰρ
2231 1521 2407 1574 πεσὼν
2465 1522 2590 1593 μίαν
2639 1521 2754 1596 ἔχει
2804 1521 3082 1598 φροντίδα,
3129 1528 3226 1577 τοῦ
3273 1524 3582 1590 ἀναστῆναι’
3621 1521 3718 1577 ὁδὶ

2101 1612 2314 1679 στήκων
2385 1608 2734 1687 φυλαττέσθω
2805 1616 2902 1665 τοῦ
2971 1613 3047 1683 μὴ
3100 1617 3303 1668 πεσεῖν.
3358 1613 3457 1667 Καὶ
3525 1611 3618 1686 γὰρ
3668 1612 3718 1666 τὰ

2102 1701 2517 1774 παραπτώματα
2549 1697 2799 1775 διάφορα·
2835 1702 2886 1754 οἱ
2941 1702 3035 1772 μὶν
3067 1701 3167 1775 γὰρ
3211 1702 3469 1760 πεσόντες
3513 1706 3601 1754 τοῦ
3643 1702 3719 1770 μὲν

339 1788 537 1852 erecti;
570 1788 669 1841 sed
703 1793 898 1840 tamcn
918 1787 1324 1856 jacentes,uon
1360 1780 1612 1835 multum
1641 1780 1987 1847 acceperunt

2101 1789 2312 1855 στήκειν
2364 1786 2697 1860 ἐστέρηνται·
2750 1788 2984 1861 κείμενοι
3034 1787 3111 1854 δὲ,
3145 1789 3207 1843 ού
3237 1789 3375 1843 πάνυ
3407 1811 3460 1842 τι
3510 1784 3715 1856 E51161}-

341 1878 563 1931 damni.
598 1876 703 1941 Qui
737 1881 854 1930 stat
887 1880 1106 1937 autem,
1142 1889 1211 1926 ne
1244 1871 1528 1941 despiciat
1557 1885 1690 1922 eum
1745 1866 1844 1936 qui
1905 1863 1986 1918 la-

343 1985 485 2039 psus
543 1972 650 2034 est,
698 1967 794 2020 sed
833 1963 1170 2019 reformidet
1199 1979 1271 2016 ne
1302 1962 1595 2030 collapsus
1625 1964 1681 2011 et
1712 1957 1834 2026 ipse
1868 1971 1994 2025 per-

343 2064 454 2123 eat,
492 2073 630 2112 neve
681 2058 736 2110 in
786 2054 1049 2110 altiorem
1110 2068 1172 2107 se
1229 2051 1560 2122 voraginem
1627 2046 1991 2119 praecipitet:

344 2147 442 2201 ubi
475 2148 620 2200 forte
650 2147 944 2212 continget
975 2149 1036 2197 ut
1067 2142 1221 2212 putei
1258 2139 1650 2212 profunditate
1680 2134 1993 2190 clamorem

341 2241 676 2306 superante,
711 2253 780 2289 ne
813 2238 1002 2303 petere
1033 2231 1270 2302 quidem
1306 2228 1490 2300 possit
1521 2224 1825 2281 auxilium.
1848 2222 1992 2276 Nam

343 2325 497 2380 626
521 2327 726 2394 justus
756 2323 837 2377 ait
868 2338 881 2375 :
914 2326 992 2379 Ne
1021 2320 1301 2374 absorbcat
1347 2334 1434 2371 me
1489 2313 1844 2386 profundum,
1902 2325 1994 2364 ne-

341 2431 442 2484 que
499 2421 693 2483 urgeat
727 2427 890 2482 super
917 2425 1002 2464 me
1029 2419 1220 2480 putans
1251 2423 1306 2461 os
1338 2422 1499 2459 suum
1528 2403 1591 2456 ³⁸.
1628 2403 1734 2468 Qui
1768 2401 1995 2472 primus

340 2502 567 2571 cecidit,
589 2497 1100 2570 mansit.Prospice
1129 2497 1233 2551 tibi
1268 2513 1339 2550 ne
1361 2490 1992 2563 delapsus,belluarum

341 2593 508 2648 cibus
540 2593 772 2646 evadas.
806 2589 912 2655 Qui
943 2590 1096 2644 cadit
1127 2587 1337 2642 domus
1371 2585 1520 2638 fores
1569 2599 1684 2636 non
1733 2581 1989 2634 obserat.

340 2687 450 2753 Tu,
499 2685 762 2756 inquam,
795 2680 1131 2735 nullatenus
1160 2677 1473 2740 dormites;
1507 2673 1605 2726 sed
1641 2685 1874 2740 semper
1903 2668 1990 2721 di-

344 2777 542 2831 vinum
604 2773 746 2828 illud
803 2771 1025 2825 dictum
1085 2766 1432 2821 modulare:
1476 2762 1753 2817 litamina
1810 2759 1992 2813 oculos

342 2884 486 2924 meos
513 2883 582 2920 ne
610 2878 855 2934 unquam
884 2859 1227 2914 obdormt'am
1259 2860 1315 2910 in
1350 2861 1516 2908 morte
1546 2853 1608 2904 9°.
1641 2849 1830 2920 Vigila
1851 2865 1989 2903 con-

342 2958 505 3012 tinue
537 2959 772 3027 propter
799 2966 933 3005 eum
966 2948 1065 3019 qui
1094 2952 1373 3017 tanquam
1406 2942 1495 2997 leo
1527 2941 1704 3011 rugit.

412 3074 499 3128 49.
533 3071 722 3126 Verba
750 3067 954 3124 isthaec
984 3067 1040 3118 in
1078 3065 1186 3118 hoc
1217 3067 1358 3117 sunt
1387 3060 1576 3127 utilia,
1612 3063 1677 3112 ut
1727 3074 1838 3111 non
1897 3073 1989 3110 ex-

2107 1896 2220 1930 σαν.
2255 1876 2311 1928 '0
2343 1872 2400 1928 δὲ
2431 1876 2598 1937 ἑστὼς
2633 1877 2708 1948 μὴ
2743 1876 3062 1946 εὐτελιζέτω
3089 1879 3181 1931 τὸν
3231 1877 3572 1948 πεπτωκότα,
3615 1877 3720 1931 ἀλλ’

2106 1964 2290 2017 ἑαυτὸν
2325 1959 2617 2040 φοϐείσθω,
2655 1967 2728 2037 μή
2759 1966 2935 2019 πεσὼν
2979 1963 3267 2043 διαφθαρῇ,
3316 1967 3410 2020 καὶ
3462 1967 3536 2027 εἷς
3581 1966 3723 2019 κατώο

2100 2072 2256 2127 τερον
2307 2050 2518 2127 ἀπέλθῃ
2584 2049 2800 2128 βόθρον.
2858 2054 3020 2116 Εἰκὸς
3076 2056 3198 2130 γὰρ,
3247 2057 3337 2108 καὶ
3388 2062 3486 2124 τῆς
3514 2061 3723 2127 κραυγῆς

2103 2141 2432 2211 ἡττηθείσης
2465 2143 2568 2195 ὑπὸ
2597 2147 2690 2196 τοῦ
2725 2143 2921 2217 βάθους
2948 2148 3045 2197 τοῦ
3076 2145 3326 2220 φρέατος,
3376 2145 3455 2215 μή
3500 2144 3721 2217 βοήθειαν

2103 2230 2340 2298 αἰτῆσαι.
2402 2231 2546 2300 Φησὶ
2597 2232 2698 2306 γὰρ
2750 2232 2778 2284 ὁ
2829 2228 3055 2294 δίκαιος·
3092 2234 3180 2300 Μὴ
3209 2233 3522 2286 καταπιέτω
3555 2253 3616 2303 με
3644 2232 3720 2305 βυ-

2103 2319 2218 2380 θὸς,
2283 2315 2423 2391 μηδὲ
2471 2319 2717 2394 συσχέτω
2793 2319 2872 2374 ἐπ’
2932 2319 3028 2391 ἐμὲ
3085 2321 3252 2395 φρέαρ
3308 2321 3376 2374 τὸ
3436 2320 3603 2390 στόμα
3647 2318 3724 2372 αὐ-

2099 2411 2216 2464 τοῦ.
2275 2408 2334 2462 Ὁ
2393 2412 2608 2480 πρῶτος
2666 2408 2841 2462 πεσὼν
2903 2404 3132 2482 ἔμεινεν.
3193 2412 3328 2484 Ὅρα
3387 2409 3623 2470 σεαυτὸν,
3654 2409 3716 2478 μὴ

2100 2497 2413 2550 καταπεσὼν
2445 2496 2629 2550 καὶσὺ
2662 2497 2813 2567 θοίνη
2865 2498 3069 2572 θηρίων
3117 2499 3257 2572 γένῃ.
3312 2499 3370 2551 Ὀ
3423 2499 3592 2551 πεσὼν
3638 2496 3720 2549 οὐκ

2101 2584 2446 2662 ἀσφαλίζεται
2500 2587 2600 2653 τήν
2653 2586 2835 2660 θύραν·
2898 2586 2960 2639 σὺ
3027 2584 3084 2640 δὶ
3143 2585 3412 2658 μηδόλως
3471 2585 3719 2657 νυστάξῃς·

2100 2671 2226 2726 ἀλλ’
2257 2674 2336 2728 ἀεὶ
2367 2675 2429 2728 τὸ
2461 2679 2600 2736 θεῖον
2630 2673 2800 2728 ἐκέῖνο
2856 2672 3089 2746 μελῴδει
3159 2675 3345 2747 ῥητὸν,
3408 2675 3472 2728 τὸ
3523 2675 3718 2751 φάσκον-

2101 2763 2347 2816 Φώτισον
2395 2762 2523 2824 τοὺς
2571 2761 2886 2838 ὀφθαλμούς
2945 2785 3072 2833 μου,
3127 2766 3200 2834 μή
3245 2784 3380 2818 ποτε
3407 2764 3629 2817 ὑπνώσω
3657 2762 3718 2822 εἰς

2099 2849 2344 2907 Θάνατον.
2398 2851 2682 2926 Ἀγρύπνει
2733 2848 2790 2905 δὲ
2837 2849 3096 2921 διηνεκῶς
3147 2850 3234 2906 διὰ
3279 2854 3373 2906 τὸν
3431 2852 3718 2928 ὠρυόμενον

2099 2937 2312 2996 λέοντα.

2171 3074 2257 3129 49.
2289 3077 2463 3127 Ταῦτα
2491 3074 2557 3128 τὰ
2601 3072 2818 3149 ῥήματι
2866 3072 3111 3129 συντελεῖ
3155 3073 3290 3150 πρὸς
3335 3074 3403 3129 τὸ
3453 3076 3530 3147 μὴ
3588 3075 3719 3144 ὑπερ-

337 3163 632 3218 tollamur.
669 3158 771 3222 Qui
807 3155 1035 3219 cecidit,
1065 3153 1110 3206 si
1140 3156 1509 3206 convertatur
1539 3153 1597 3202 et
1625 3146 1987 3217 ingemiscat,

2105 3161 2364 3235 αἴρεσθαι.
2423 3163 2484 3218 Ὀ
2541 3163 2714 3216 πεσὼν
2782 3162 2832 3216 ἐν
2882 3168 2961 3234 τῷ
3002 3146 3313 3239 ἐπιστρέψαι
3361 3146 3462 3218 καὶί
3507 3162 3719 3232 στενάξαι

338 3249 586 3304 salutem
621 3243 1014 3300 nanciscetur.
1051 3239 1323 3309 Prospice
1353 3238 1481 3305 tibi,
1513 3253 1636 3305 quae
1671 3241 1812 3288 stas.
1876 3233 1990 3286 Du-

342 3339 471 3410 plex
521 3336 623 3391 tibi
687 3332 935 3389 formido
979 3331 1179 3393 instat,
1214 3333 1316 3382 aut
1346 3327 1565 3382 scilicet
1596 3343 1666 3380 ne
1700 3325 1767 3378 nd
1799 3330 1994 3378 vetera

335 3426 666 3494 revertaris,
700 3425 759 3478 in
793 3428 851 3476 te
884 3423 1143 3475 irruente
1201 3425 1436 3488 propter
1489 3416 1815 3472 socordiam
1877 3415 1988 3468 ini-

333 3517 506 3584 mico,
535 3519 635 3569 aut
657 3527 728 3567 ne
759 3512 912 3576 inter
941 3510 1295 3564 currendum
1329 3505 1744 3576 supplanteris.
1778 3505 1990 3558 Adver-

335 3609 529 3663 sarius
561 3606 778 3677 quippe
810 3606 1008 3656 noster
1036 3599 1328 3664 diabolus,
1361 3597 1445 3652 vel
1497 3613 1529 3652 a
1581 3601 1741 3667 tergo
1801 3597 1866 3650 ad
1927 3610 1991 3649 se

335 3696 640 3770 pertrahit,
673 3709 806 3748 cum
838 3690 1151 3746 tardiorem
1184 3702 1540 3759 segnemque
1571 3685 1827 3739 animam
1861 3700 1989 3738 con.

337 3785 609 3857 spexerit.
643 3782 779 3845 Quze
812 3781 858 3834 si
894 3779 1161 3833 videatur
1207 3776 1458 3847 diligens
1516 3791 1581 3829 ac
1639 3778 1874 3828 strenua
1929 3772 1987 3826 in

335 3873 588 3928 ascetica
618 3868 944 3937 vita,calide
967 3872 1023 3920 et
1041 3865 1263 3920 occulte
1285 3863 1468 3935 serpit
1499 3880 1598 3934 per
1627 3862 1988 3936 superbiam,

335 3969 510 4032 atque
565 3960 650 4014 ita
699 3957 968 4011 funditus
1002 3954 1190 4026 perdit
1219 3969 1370 4008 eam.
1409 3952 1532 4005 Hazc
1563 3951 1833 4005 illecebra
1863 3969 1985 4005 cm-

334 4051 496 4104 nium
529 4047 818 4102 malorum
845 4043 1116 4098 ultimum
1136 4046 1222 4096 est
1242 4057 1306 4095 ac
1326 4040 1807 4110 supremum.Per
1824 4039 1982 4094 illam

331 4138 601 4194 diabolus
633 4137 893 4206 dejectus
926 4133 1052 4200 l‘uit,
1089 4149 1188 4203 per
1217 4131 1482 4184 eamdem
1517 4129 1820 4184 hominum
1867 4131 1983 4184 for-

329 4228 594 4283 tissimos
624 4240 956 4296 expugnare
998 4227 1200 4277 tentat.
1262 4220 1763 4284 Quemadmodum
1827 4221 1979 4274 enim

329 4317 725 4373 strenuissimi
783 4314 1017 4378 milites,
1081 4316 1386 4383 postquam
1441 4310 1668 4365 minora
1697 4310 1811 4365 tela
1841 4327 1981 4365 con-

330 4409 733 4478 sumpserunt,
768 4403 817 4458 si
850 4402 1041 4458 adhuc
1073 4405 1321 4472 urgeant
1347 4399 1681 4462 adversarii,
1735 4400 1980 4454 fortissi-

2101 3252 2424 3319 σωθήσεται.
2456 3251 2596 3324 ’Ὁρα
2627 3250 2688 3306 σὺ
2721 3252 2916 3320 σαυτὴν
2947 3253 2981 3321 ἡ
3017 3254 3304 3322 στήκουσα.
3351 3251 3588 3312 Διπλοῦς
3636 3251 3722 3324 γὰρ

2104 3360 2186 3392 σοι
2219 3340 2246 3393 ὁ
2279 3333 2447 3416 φόϐος
2475 3338 2753 3407 έπέκειται,
2853 3345 2950 3394 τοῦ
2986 3342 3059 3413 μή
3113 3340 3431 3415 ἐπιστρέψαι
3490 3342 3618 3417 πρὸς
3667 3339 3723 3394 τεὶ

2103 3429 2324 3503 ἀρχαῖα,
2360 3424 2430 3481 δι’
2461 3427 2752 3504 ὀλιγωρίας
2786 3449 2868 3483 σοι
2899 3427 2994 3483 τοῦ
3030 3430 3231 3504 ἐχθροῦ
3249 3429 3719 3505 προσπεσόπτος,ἧ

2100 3521 2195 3570 τοῦ
2230 3519 2303 3588 μὴ
2335 3517 2635 3591 τρέχουσαν
2669 3516 3036 3586 σκελισθῆναι.
3085 3522 3138 3571 Ὁ
3188 3518 3290 3593 γὰρ
3340 3517 3540 3593 ἐχθρὸς
3581 3521 3719 3588 ἡμῶν

2101 3600 2351 3660 διάϐολοι
2383 3605 2417 3674 ἢ
2452 3601 2665 3660 ὄπισθεν
2696 3602 2840 3661 ἕλκει
2871 3607 3009 3681 πρὸς
3059 3606 3270 3672 ἑαυτὸν,
3321 3608 3558 3677 ὁπηνίκα
3607 3608 3718 3680 βραο

2101 3691 2242 3749 δεῖαν
2298 3694 2386 3748 καὶ
2445 3695 2655 3770 νωθρὰν
2700 3696 2798 3763 τήν
2846 3697 3029 3771 ψυχήν
3082 3696 3355 3766 θεάσηται·
3408 3697 3446 3764 ἢ
3483 3693 3716 3750 δοκοῦσαν

2097 3782 2263 3851 αὐτὴν
2325 3780 2615 3837 σπουδαίαν
2676 3783 2805 3837 εἶναι
2854 3783 2944 3838 καὶ
3003 3783 3253 3838 ἐπίπονον
3304 3784 3442 3859 πρὸς
3494 3785 3717 3854 ἄσκησιν,

2099 3871 2465 3948 ἐπεισέρχεται
2500 3869 2710 3934 λεπτῶς
2741 3872 2829 3926 καὶ
2860 3873 3247 3948 κεκρυμμένως
3299 3869 3387 3927 διὰ
3439 3880 3538 3940 τῆς
3578 3873 3717 3942 ὕπερο

2097 3961 2348 4034 ηφανίας³
2404 3961 2490 4015 καὶ
2541 3961 2712 4023 οὕτως
2745 3959 3037 4036 αὔτανδρον
3095 3963 3195 4031 τὴν
3226 3963 3411 4037 ψυχήν
3445 3960 3715 4016 ἀπύλλυσι.

2093 4055 2262 4104 ’1ὀῦτο
2311 4051 2370 4104 τὸ
2427 4049 2596 4104 ὅπλον
2659 4048 2885 4125 ἔσχατον
2946 4051 3034 4105 καὶ
3064 4051 3493 4128 κορυφαιότατον
3526 4051 3716 4105 πάντων

2096 4138 2204 4193 ἐστῖ
2235 4144 2340 4192 τῶν
2373 4143 2572 4193 κακῶν.
2607 4139 2690 4208 Ἐξ
2722 4138 2885 4193 αὐτοῦ
2918 4141 2945 4192 ὁ
3005 4134 3261 4200 διάϐολος
3307 4134 3715 4208 καταϐέϐληται,

2093 4227 2178 4281 καὶ
2239 4225 2308 4281 δι’
2355 4227 2522 4282 αὐτοῦ
2558 4227 2683 4288 τοὺς
2717 4225 3113 4302 δυνατωτέρους
3145 4232 3251 4282 τῶν
3285 4228 3583 4303 ἀνθρώπων
3614 4248 3713 4281 πει·

2093 4323 2246 4389 ρᾶται
2305 4321 2600 4390 καθαιρεῖν.
2661 4319 2861 4389 ’Ὠσπερ
2921 4319 3024 4392 γὰρ
3057 4317 3108 4370 οἱ
3142 4314 3438 4372 δεινότατοι
3470 4322 3574 4372 τῶν
3629 4336 3712 4370 πο-

2093 4404 2387 4477 λεμιστῶν,
2419 4409 2552 4478 μετὰ
2580 4406 2642 4459 τὸ
2676 4403 2974 4473 δαπανῆσαι
3004 4406 3069 4460 τὰ
3111 4404 3408 4479 λεπτότερα
3465 4405 3618 4482 βέλη,
3664 4406 3715 4457 τὸ

330 4511 494 4550 mum
527 4493 816 4558 omnium,
851 4489 1198 4545 machaeram
1235 4486 1477 4551 scilicet,
1509 4488 1787 4549 educunt;
1815 4488 1896 4542 ita
1925 4501 1983 4542 et

2101 4498 2380 4562 τηνικαῦτα
2445 4490 2521 4548 ἔτι
2591 4493 3024 4569 ἐπικρατούντων
3081 4499 3188 4548 τῶν
3251 4500 3543 4570 μαχητῶν,
3597 4514 3713 4567 προ.

329 4582 596 4638 diabolus
633 4585 940 4652 postquam
975 4582 1195 4649 priores
1229 4577 1461 4646 laqueos
1485 4576 1978 4648 suosinsumpsit,

328 4679 456 4728 tum
486 4673 724 4726 demum
759 4673 1054 4741 postremo
1088 4667 1271 4721 utitur
1300 4665 1512 4737 gladio,
1546 4666 1824 4720 nimirum
1875 4683 1942 4720 su
1965 4697 1980 4706 ‹

330 4762 548 4835 perbia.
609 4759 856 4823 Quinam
915 4763 1112 4812 autem
1144 4758 1301 4811 fuere
1334 4757 1556 4828 priores
1587 4758 1714 4827 ejus
1745 4756 1982 4827 laquei?

327 4853 479 4907 Sane
507 4849 664 4922 gula,
698 4847 989 4917 voluptas,
1022 4845 1421 4900 fornicatio.Hi
1459 4862 1714 4916 namque
1748 4847 1978 4916 potissi-

329 4955 491 4995 mum
551 4938 798 5008 spiritus
849 4934 1166 5005 juvenilem
1228 4939 1453 4989 aetatem
1496 4937 1777 4989 infestant
1810 4951 1821 4989 :
1860 4934 1981 4990 haec

325 5030 787 5098 consequuntur.
811 5024 1072 5092 pecuniae
1095 5023 1525 5090 amor,avaritia
1547 5029 1601 5078 et
1626 5023 1717 5077 his
1740 5023 1976 5078 similia.

325 5121 538 5176 Misera
568 5133 704 5189 ergo
735 5116 952 5178 anima,
988 5115 1083 5168 ubi
1122 5114 1294 5168 hosce
1345 5115 1587 5185 laqueos
1646 5115 1976 5178 declinavit,

323 5218 635 5286 postquam
669 5213 928 5262 ventrem
959 5208 1270 5276 continuit,
1297 5215 1602 5278 postquam
1634 5209 1814 5262 vnnlri
1845 5210 1979 5263 sub-

318 5303 506 5372 jectas
536 5296 892 5369 cupiditates
925 5311 1027 5367 per
1057 5293 1400 5366 pudicitiam
1433 5296 1768 5365 transilivit,
1821 5303 1977 5368 post-

397 5588 441 5625 "
472 5585 625 5643 Psal.
660 5600 851 5650 vam,
886 5585 973 5638 16.
1051 5584 1095 5619 ⁹⁹
1127 5583 1276 5638 Psal.
1307 5601 1410 5652 xu,
1441 5587 1491 5639 4.

2091 4578 2392 4637 ϐάλλονται
2424 4584 2522 4650 τὴν
2551 4582 2903 4658 ἴσχυροτέραν
2951 4583 3163 4638 πάντων
3218 4585 3512 4658 μάχαιραν·
3563 4583 3714 4641 οὕτως

2089 4673 2176 4727 καὶ
2212 4673 2238 4724 ὁ
2272 4668 2551 4739 διάϐολος,
2585 4674 2719 4744 μετὰ
2761 4673 2823 4726 τὸ
2872 4677 3061 4748 πρῶτα
3108 4672 3272 4727 αὐτοῦ
3318 4670 3710 4740 ἀποδαπανῆσαι

2091 4759 2374 4834 ἄγκιστρα,
2405 4759 2525 4814 τότε
2555 4765 2633 4831 τῷ
2663 4759 2958 4832 τελευταιῳ
2997 4766 3192 4836 χρᾶται
3243 4761 3401 4838 ξίφει,
3452 4765 3518 4834 τῇ
3571 4762 3711 4833 ύπερ-

2091 4849 2303 4925 ηφανίᾳ.
2365 4849 2510 4910 Τίνες
2579 4846 2635 4903 δὲ
2681 4849 2814 4918 ἦσαν
2877 4847 3038 4902 αὑτοῦ
3104 4849 3158 4902 αἱ
3204 4854 3412 4925 πρῶται
3474 4846 3706 4924 παγὶδεξ;

2091 4936 2294 5006 Δῆλον,
2329 4936 2404 4998 ὡς
2443 4935 2865 5012 γαστριμαργία,
2900 4934 3213 5013 φιληδονία,
3267 4937 3507 5006 πορνεία.
3556 4941 3709 4991 Ταῦτα

2087 5025 2186 5100 γὰρ
2223 5023 2456 5097 μάλιστα
2505 5025 2570 5079 τᾶ
2601 5025 2880 5097 πνεύματα
2911 5024 2998 5079 ἐπὶ
3046 5029 3153 5079 τῶν
3211 5031 3541 5101 νεωτερικῶν
3598 5021 3705 5092 ﬁli-

2087 5119 2219 5168 κιὼν
2297 5109 2700 5186 συμϐαίνουσιν.
2770 5112 3163 5176 Ἐπακολουθεῖ
3228 5111 3284 5169 δὲ
3336 5113 3548 5174 τούτοις
3600 5111 3707 5190 φιλ·

2089 5206 2338 5281 αργυρία,
2372 5205 2767 5275 πλεονέξία,καὶ
2798 5205 2862 5258 τὰ
2891 5204 3104 5267 τούτοις
3135 5205 3320 5278 ὅμοια.
3355 5207 3416 5262 Ἠ
3450 5204 3543 5260 οὖν
3564 5201 3709 5265 ἀθλία

2088 5295 2263 5370 ψυχὴ,
2298 5293 2422 5350 ὅταν
2454 5293 2660 5349 τούτων
2701 5297 2808 5347 τῶν
2849 5295 3032 5348 παθῶν
3071 5291 3440 5368 περιγένηται,
3492 5289 3707 5361 ὁπηνίκα
