4002 6206
220 355 374 419 1517

1383 358 1560 423 VITA
1610 360 1937 424 SANCTJE
1981 359 2491 425 SYNCLETICE

3480 358 3636 425 1518

212 489 444 564 γαστρὸς
500 490 768 566 κρατήσῃ,
816 490 905 546 ὅτε
949 492 1038 546 καὶ
1084 491 1179 554 τὰς
1227 491 1620 569 ὑπογαστρίους
1664 490 1865 562 ἡδονὰς

1986 513 2162 567 quam
2213 501 2518 568 argentum
2554 495 2849 567 despexit;
2900 499 3040 550 tunc
3091 494 3380 551 malorum
3432 496 3636 552 artifex

216 575 581 654 ὑπερπηδήσῃ
631 584 698 654 τῇ
749 579 1060 653 σεμνότητι,
1111 581 1202 636 ὅτε
1260 580 1517 658 ἀργυρίου
1576 602 1816 660 καταφρο
1851 616 1872 625 -

214 668 376 741 νήσῃ·
425 667 548 723 τότε
594 669 931 745 πανταχόθεν
964 672 991 724 ὁ
1024 670 1331 748 κακόφρων,
1385 672 1704 746 ἀπορηθεὶς,
1747 672 1876 726 ὑπο-

214 752 410 811 ϐάλλει
441 759 510 830 τῇ
551 760 705 833 ψυχῇ
757 756 983 814 ἅτικτον
1038 758 1269 830 κίνησιν·
1308 760 1585 834 μεγεθύνει
1631 760 1733 835 γὰρ
1781 758 1873 813 αύ-

211 847 315 914 τῆν
374 845 630 922 ἀπρεπῶς
687 848 821 902 κατὰ
876 846 983 902 τῶν
1041 847 1289 925 ἀδελφῶν
1351 846 1678 922 ἐπαίρεσθαι.
1732 847 1875 924 Βαρῦ

212 935 305 989 καὶ
341 932 588 1011 ὀλέθριον
614 940 776 991 τοῦτο
801 940 896 990 τοῦ
927 936 1132 1012 Ξχθροῦ
1154 936 1215 991 τὸ
1247 934 1874 1013 δηλητήριονᾘολλοὺς

211 1022 428 1099 ἀθρόως
487 1023 539 1078 ἐν
593 1024 773 1097 τούτῳ
832 1025 1081 1086 σκοτίσας
1142 1020 1438 1080 κατέϐαλεν
1475 1069 1488 1082 .
1548 1020 1874 1082 ἷΥποὸάλλει

208 1113 315 1189 γὰρ
345 1117 413 1186 τῇ
445 1112 599 1189 ψυχῇ
645 1112 852 1168 ἔννοιαν
902 1113 1061 1168 νόθον
1111 1113 1201 1168 καὶ
1253 1113 1652 1192 θανατηφόρον.
1688 1120 1874 1169 Κατει-

209 1200 441 1279 ληιρὲναι
494 1204 598 1279 γὰρ
646 1200 804 1258 αὑτὸν
855 1203 1102 1281 φαηθτάζει
1154 1204 1220 1257 τὰ
1270 1203 1416 1278 παρὰ
1473 1209 1590 1265 τοῖς
1639 1202 1873 1265 πολλοῖς

206 1290 664 1364 ἀγνοούμενα,καὶ
695 1291 777 1346 ὅτι
802 1290 852 1347 ἐν
888 1290 1160 1363 νηστείαις
1193 1287 1533 1366 ὑπερϐάλλει
1558 1311 1570 1323 ⁸
1607 1293 1696 1347 καὶ
1726 1289 1874 1362 πλῆ-

205 1383 304 1442 θος
364 1379 508 1452 αὐτῷ
563 1378 1066 1457 ἀνδραγαθημάτων
1115 1382 1481 1457 προστίθησι·
1545 1381 1759 1437 πάντων
1818 1379 1875 1436 δὲ

210 1469 290 1521 ὧν
322 1467 563 1545 ἥμαρτεν
592 1468 667 1531 είς
696 1468 874 1540 λήθην
906 1470 1064 1525 αὐτὸν
1099 1471 1268 1548 φέρει,
1303 1471 1440 1543 πρὸς
1493 1471 1552 1525 τὸ
1604 1471 1739 1524 κατᾶ
1766 1474 1874 1524 τῶν

210 1557 481 1613 συνόντων
524 1556 852 1634 ἐπαίρεσθαι.
900 1558 1250 1615 Ὑποκλέπτει
1293 1561 1396 1633 γὰρ
1447 1560 1612 1614 αὐτοῦ
1669 1558 1729 1614 ἐκ
1776 1563 1873 1613 τοῦ

208 1651 312 1700 νοῦ
366 1646 433 1701 τὰ
485 1644 967 1721 πλημμελήματα·
1002 1648 1064 1703 ού
1109 1649 1242 1723 πρὸς
1294 1647 1560 1726 ὠφέλειαν
1613 1645 1671 1702 δὲ
1709 1646 1872 1702 αὐτοῦ

206 1739 376 1790 τοῦτο
405 1740 573 1803 ποιεῖ,
610 1733 755 1790 ἀλλὰ
783 1736 919 1811 πρὸς
945 1738 1007 1791 τὸ
1061 1738 1136 1810 μὴ
1188 1734 1481 1807 δυνηθῆναι
1515 1736 1672 1792 αὐτὸν
1706 1737 1873 1791 εἰπεῖν

1987 584 2081 640 ille
2122 585 2191 639 ad
2244 584 2549 656 angustias
2598 583 2860 655 undique
2905 584 3197 651 redactus,
3234 584 3634 640 inordinatum

1987 678 2209 729 motum
2260 674 2467 727 anima:
2525 672 2782 743 subjicit,
2815 671 3097 743 inﬂatque
3149 671 3308 727 illam
3361 678 3422 727 ut
3466 673 3633 727 inde-

1985 766 2182 817 center
2211 762 2485 817 adversus
2528 777 2757 815 sorores
2806 760 3097 816 ell'eratur.
3132 766 3310 815 Atrox
3340 766 3398 817 et
3428 762 3632 817 exitio-

1986 867 2115 905 sum
2149 856 2237 905 est
2270 849 2377 905 hoc
2407 850 2723 905 adversarii
2770 849 3046 903 toxicum.
3078 848 3290 904 Multos
3321 850 3633 921 derepente
3726 864 3735 867 ‘

1985 940 2241 995 tenebris
2272 940 2485 994 eﬂiiSos
2533 947 2639 993 hac
2691 938 2911 993 ratione
2961 938 3289 1009 prostravit.
3320 937 3629 1010 Cogitatio-

1984 1045 2113 1085 nem
2161 1030 2316 1084 enim
2368 1027 2630 1101 spuriam
2665 1045 2730 1083 ac
2788 1027 3056 1082 lethulem
3093 1028 3294 1081 animai
3344 1027 3626 1098 suggerit,

1989 1125 2051 1173 ut
2107 1135 2315 1189 nempe
2374 1119 2485 1173 sibi
2538 1118 2800 1172 videatur
2847 1134 2915 1171 ea
2963 1116 3454 1187 comprehendere
3501 1132 3631 1187 qua;

1985 1209 2156 1263 multi
2218 1209 2522 1279 ignorant,
2583 1212 2755 1278 atque
2816 1207 2870 1259 in
2934 1205 3172 1275 iejuniis
3230 1203 3629 1260 antecellere:

1987 1305 2137 1353 recte
2170 1299 2451 1353 factorum
2485 1296 2944 1350 mulititudinem
2967 1294 3187 1363 objicit,
3211 1292 3474 1347 omnium
3508 1309 3636 1364 pec-

1983 1392 2247 1442 catorum
2309 1385 2658 1441 oblivionem
2720 1384 2960 1452 inducit,
3006 1391 3067 1437 ut
3115 1383 3396 1436 adversus
3444 1382 3635 1437 socios

1983 1476 2254 1532 efferatur
2286 1475 2501 1530 animo.
2537 1473 2821 1529 Subducit
2855 1489 2923 1527 ex
2951 1477 3141 1527 mente
3185 1470 3398 1525 delicta
3428 1487 3441 1525 :
3476 1472 3629 1539 quod

1986 1582 2098 1620 non
2151 1578 2219 1619 an
2271 1566 2397 1632 ejus
2432 1562 2742 1617 utilitatem
2799 1566 3064 1632 praestat;
3097 1561 3197 1615 sed
3258 1575 3328 1614 ne
3377 1561 3635 1630 proferre

1984 1653 2169 1725 possit
2200 1649 2608 1707 medicinalem
2640 1649 2798 1704 illam
2825 1665 3021 1705 vocem
3047 1666 3060 1704 :
3090 1650 3208 1703 Ἰἰὀί
3226 1649 3332 1704 soli
3356 1651 3630 1720 peceavi‘,

1980 1744 2248 1798 miserere
2278 1742 2407 1806 mei,
2439 1741 2667 1796 Domine
2688 1739 2730 1772 ²·
2763 1740 2870 1794 Sed
2916 1754 2989 1793 ne
3039 1737 3193 1793 sinet
3222 1754 3354 1793 eum
3388 1739 3579 1794 dicere
3611 1754 3625 1792 :

207 1825 315 1891 τὴν
346 1824 594 1899 ἱατρικήν
625 1824 832 1894 ἐκείνην
882 1826 1086 1903 φωνήν,
1134 1827 1219 1897 τὸ,
1262 1827 1361 1901 Eoi
1395 1827 1547 1898 μόνῳ
1595 1825 1863 1902 ἥμαρτον.

1981 1830 2286 1901 Conﬁtebor
2325 1829 2445 1895 tibi,
2480 1829 2725 1896 Domine,
2756 1829 2816 1882 in
2859 1830 2963 1882 toto
3006 1827 3169 1882 corde
3196 1842 3316 1883 meo
3336 1828 3378 1881 ³.
3412 1826 3627 1882 Verum

211 1911 443 1982 ἐλέησόν
506 1933 572 1981 με
605 1953 616 1966 .
679 1909 811 1968 Οὔτε
873 1916 984 1986 μὴν
1040 1916 1386 1990 συγχωρήσει
1444 1914 1591 1985 αὐτῷ
1643 1912 1818 1989 λέγειν
1848 1955 1863 1982 ,

214 2000 733 2078 Ἐξομολογήσομαί
789 2023 915 2071 σοι,
976 2002 1159 2076 Κύριε,
1218 2001 1268 2057 ἐν
1328 2001 1431 2076 ὅλῃ
1485 2000 1680 2079 καρδίᾳ
1742 2022 1866 2074 μου.

213 2088 379 2148 Ἀλλ’
436 2090 616 2164 ὥσπερ
660 2091 818 2153 αὐτὸς
876 2093 1011 2147 κατὰ
1069 2090 1308 2147 διάνοιαν
1354 2091 1470 2147 εἷπε
1514 2090 1595 2146 τόο
1630 2087 1867 2162 Ἀναϐή-

216 2200 430 2253 σομαι,
487 2179 576 2234 καὶ
634 2181 874 2252 θήσομαι
931 2181 1023 2234 τὸν
1085 2179 1276 2257 θρόνον
1339 2202 1443 2253 μου
1477 2201 1490 2213 ·
1550 2180 1723 2242 οὕτως
1780 2179 1870 2233 καὶ

208 2273 406 2324 τοῦτον
463 2270 714 2347 φαντάζει
770 2269 846 2331 εἰς
906 2269 1081 2345 ἀρχάς
1136 2289 1194 2323 τε
1241 2268 1330 2323 καὶ
1376 2265 1870 2344 πρωτοκαθεδρίας,

209 2354 292 2414 ἔτι
352 2355 410 2412 δὲ
462 2354 832 2424 διδασκαλίας,
893 2356 981 2412 καὶ
1037 2357 1283 2430 ἰαμάτων
1343 2354 1601 2419 ἐκδόσεις.
1663 2358 1725 2412 Ἠ
1777 2354 1869 2411 οὖν

209 2447 393 2509 υῦτως
443 2445 775 2519 ἀπατωμένη
828 2447 982 2522 ψυχὴ
1037 2446 1307 2523 φθείρεται
1364 2447 1454 2500 καὶ
1514 2441 1868 2514 ἀπόλλυται,

219 2534 459 2610 δυσιάτῳ
486 2533 635 2591 ἕλκει
666 2534 959 2612 πληγεῖσα.

286 2629 377 2682 50.
418 2626 484 2683 Τί
514 2623 607 2680 οὖν
639 2623 723 2680 δεῖ
749 2630 945 2695 ποιεῖν,
975 2623 1082 2680 τῶν
1113 2623 1375 2681 τοιούτων
1418 2622 1700 2699 λογισμῶν
1732 2643 1871 2699 παρ-

211 2716 390 2771 όντων
421 2734 434 2784 ;
463 2712 856 2776 ’Δδιαλείπτως
892 2714 1119 2787 μελετᾷν
1148 2715 1213 2769 τὸ
1258 2715 1401 2768 θεῖον
1450 2714 1623 2768 ἐκεῖνο
1655 2712 1870 2788 λόγιον,

209 2805 347 2880 ὅπερ
371 2806 400 2858 ὁ
434 2803 697 2879 μακάριος
743 2798 908 2857 Δαϐὶδ
961 2798 1109 2873 ἐϐόα,
1157 2802 1333 2878 λέγων
1366 2802 1448 2858 τό·
1497 2803 1633 2878 Ἐγὼ
1665 2799 1724 2856 δὲ
1754 2802 1871 2875 εἶμι

208 2892 458 2965 σκώληξ,
515 2892 604 2947 καὶ
664 2891 764 2948 οὐκ
827 2893 1132 2970 ἄνθρωπος.
1192 2892 1289 2947 Καὶ
1350 2892 1401 2947 ἐν
1463 2893 1629 2966 ὲτὲρῳ
1690 2891 1871 2969 φησίν.

209 2982 361 3058 Ἐγὼ
392 2980 450 3037 δέ
479 2981 592 3055 εἰμι
641 2987 713 3057 γῆ
763 2982 853 3036 καὶ
904 2978 1127 3043 σποδός.
1158 2984 1278 3038 Ἔτι
1307 3003 1367 3057 γε
1419 2982 1526 3054 μὴν
1557 2981 1647 3035 καὶ
1677 2980 1740 3035 τὸ
1771 2984 1870 3035 τοῦ

204 3070 434 3128 Ἡσαΐου
465 3070 888 3145 ἀκουέτωρῆμα
914 3070 978 3125 τὸ
1021 3069 1204 3146 λέγον,
1254 3071 1327 3132 ὡς
1368 3076 1516 3124 Πᾶσα
1549 3067 1869 3141 δικαιοσύνη

206 3162 500 3238 ἀνθρώπου
548 3161 622 3223 ὡς
677 3159 838 3236 ῥάκος
888 3160 1331 3233 ἀποκαθημὲνης.
1366 3158 1464 3214 Καὶ
1514 3158 1558 3214 εἷ
1611 3158 1705 3231 μὶν
1742 3160 1867 3213 ἀνα-

206 3217 473 3327 χωρούσῃ
499 3250 618 3304 καθ’
648 3217 842 3318 ἑαυτήν
877 3248 927 3303 οἱ
957 3217 1220 3324 λογισμοὶ
1241 3246 1389 3303 οὗτοι
1421 3217 1865 3322 παρεισέλθωσιν,
1901 3217 1943 3282 C

205 3341 264 3396 iv
297 3334 563 3413 κοινοϐίῳ
595 3339 943 3415 εἶσερχὲσθω·
977 3337 1355 3414 ἁναγκαζέσθω
1395 3335 1453 3393 δὲ
1496 3338 1587 3393 καὶ
1618 3334 1864 3409 δεύτερον

207 3429 409 3493 ἐσθίειν
468 3435 569 3498 τῆς
628 3426 858 3503 ἡμέρας,
907 3425 960 3482 εἶ’
1008 3448 1069 3503 γε
1119 3425 1189 3482 δι’
1240 3422 1550 3503 ὑπερϐολὴν
1582 3426 1864 3496 ἀσκήσεως

200 3518 393 3591 τούτῳ
438 3515 582 3573 ἑάλω
629 3515 710 3588 τῷ
755 3517 932 3581 πάθει*
983 3516 1073 3570 καὶ
1110 3516 1256 3592 παρὰ
1300 3520 1408 3570 τῶν
1456 3513 1763 3585 συνηλίκων
1807 3511 1865 3569 δὲ

205 3606 574 3679 ἐπιτιμάσθω,
634 3605 722 3660 καὶ
771 3602 1134 3675 ὀνειδιζὲσθω,
1180 3604 1270 3659 καὶ
1331 3604 1668 3678 ἐπιτιμάσθω
1726 3625 1861 3680 σφο-

204 3694 378 3773 δρῶς,
412 3695 488 3757 ὡς
521 3691 689 3769 μηδὲν
742 3692 877 3769 μέγα
906 3694 1234 3767 πράττουσα’
1268 3698 1439 3747 πᾶσαν
1471 3690 1528 3747 δὲ
1570 3692 1861 3766 ὑπηρεσίαν

200 3785 490 3842 ποιείσθω.
520 3784 980 3858 Προσαγὲσθωσαν
1015 3779 1073 3837 δὲ
1101 3783 1189 3836 καί
1225 3781 1334 3857 βίοι
1374 3781 1543 3857 ἁγίων
1591 3781 1862 3856 ἐξοχώτα-

198 3894 293 3928 τοι
324 3873 401 3936 εἰς
436 3873 709 3948 ἐξήγησιν⁸
738 3870 1109 3946 πειράσθωσαν
1138 3867 1195 3925 δὲ
1246 3872 1302 3925 αἱ
1346 3869 1695 3934 συνελθοῦσαι
1744 3869 1861 3925 ἐπι-

196 3962 399 4018 τείνειν
433 3963 634 4016 ὲαυτῶν
662 3959 788 4022 τοὺς
838 3959 1038 4021 πόνους
1085 3960 1222 4031 πρὸς
1271 3960 1496 4029 ἄσκησιν
1544 3960 1639 4021 τὰς
1670 3958 1861 4034 ὀλίγας

198 4054 439 4128 ἡμέρας,
473 4051 606 4126 πρὸς
630 4050 692 4104 τὸ
739 4047 970 4120 ἐκείνην,
1021 4049 1355 4121 θεασαμένην
1408 4049 1468 4103 τὸ
1503 4049 1723 4124 μέγεθος
1754 4053 1860 4104 τῶν

200 4142 433 4218 ἀρετῶν,
466 4139 725 4196 ἐλάττονα
755 4136 843 4193 καὶ
875 4137 1068 4207 ἑαυτὴν
1095 4138 1364 4212 ἡγεῖσθαι.

279 4233 370 4287 51.
406 4233 734 4307 Προηγεῖται
769 4224 827 4282 δὲ
872 4228 970 4295 τῆς
1022 4226 1184 4281 νόσου
1230 4226 1431 4296 ταύτης
1462 4223 1645 4302 ἕτερον
1676 4224 1862 4295 κακὰν,

202 4323 241 4389 ἡ
274 4320 549 4394 παρακοή’
582 4317 698 4372 ὅθεν
729 4313 818 4371 διὰ
846 4320 942 4370 τοῦ
989 4315 1228 4371 ἐναντίου
1256 4322 1355 4384 τῆς
1407 4315 1671 4384 ὑπακοῆς,
1706 4312 1863 4370 δυνα-

200 4408 300 4463 τὸν
331 4409 431 4477 τήν
482 4403 838 4476 σηπεδονώδη
883 4406 1059 4478 νομὴν
1109 4412 1211 4473 τῆς
1259 4407 1441 4481 ψυχῆς
1484 4405 1862 4480 περικαθᾶῳαυ

202 4496 450 4564 Ὑπακοή
481 4496 608 4571 γὰρ,
639 4493 823 4572 φησὶν,
858 4493 989 4569 ὑπὲρ
1021 4492 1220 4548 θυσίαν.

1980 1918 2134 1974 sicut
2192 1917 2289 1972 ille
2346 1920 2542 1973 mente
2600 1915 2825 1971 dixerat
2872 1932 2885 1971 :
2937 1915 3267 1982 Ascendam,
3318 1925 3376 1971 et
3424 1932 3629 1988 ponam

1978 2009 2236 2065 thronum
2283 2009 2543 2077 meum‘;
2577 2006 2660 2063 ita
2691 2006 2849 2061 hunc
2898 2023 3130 2078 quoque
3179 2022 3323 2063 vane
3377 2008 3631 2064 concitat

1980 2099 2052 2153 ad
2085 2097 2471 2169 principatus,
2508 2097 2579 2150 ad
2635 2096 2855 2168 primos
2884 2111 3218 2164 consessus,
3269 2096 3527 2168 itemque
3556 2096 3629 2152 ad

1982 2185 2336 2258 magisteria,
2369 2189 2427 2240 et
2456 2185 2527 2239 ad
2578 2186 2818 2240 morbos
2869 2185 3112 2239 curandi
3161 2184 3456 2240 virtutem.
3490 2184 3627 2240 Ani-

1981 2291 2077 2330 ma
2105 2275 2304 2345 itaque
2343 2274 2413 2329 ad
2456 2272 2614 2328 hunc
2646 2274 2883 2328 modum
2916 2273 3313 2328 circumventa
3342 2273 3401 2328 in
3435 2274 3629 2347 perni-

1979 2365 2127 2419 ciem
2176 2367 2234 2418 et
2279 2361 2519 2417 exitium
2570 2362 2709 2427 ruit,
2743 2360 2835 2417 vix
2878 2360 3129 2417 sanabili
3177 2378 3455 2434 percussa
3502 2362 3627 2419 vul-

1980 2468 2136 2508 nere.

2050 2630 2139 2684 50.
2173 2629 2321 2695 Quid
2352 2628 2532 2699 igitur
2563 2627 2920 2684 instantibus
2950 2627 3290 2700 bujusmodi
3322 2629 3623 2702 cogitatio-

1982 2718 2159 2773 nibus
2176 2718 2467 2790 agendum
2480 2718 2508 2772 Ἰ
2529 2717 2929 2773 [ndesinenter
2945 2717 3346 2773 meditandum
3360 2718 3625 2775 divinum

1982 2806 2127 2861 illud
2160 2807 2483 2873 oraculum,
2510 2807 2662 2875 quod
2686 2808 2892 2861 beatus
2928 2806 3097 2861 David
3129 2806 3249 2862 alta
3276 2823 3412 2863 voce
3442 2809 3627 2879 profe-

1982 2898 2149 2951 rebat
2180 2912 2192 2950 :
2230 2897 2334 2965 Ego
2371 2912 2492 2950 sum
2521 2896 2720 2950 vermis
2748 2900 2803 2949 et
2832 2910 2944 2949 non
2973 2895 3130 2950 homo
3152 2896 3191 2951 ⁵.
3226 2895 3296 2950 Et
3341 2896 3453 2952 alio
3500 2895 3626 2952 loco

1984 2984 2197 3040 dicitur
2221 3002 2232 3038 :
2269 2986 2377 3053 Ego
2407 2992 2588 3040 autem
2618 3000 2740 3038 sum
2768 2993 2921 3038 terra
2949 2993 3001 3039 et
3029 2977 3170 3039 cinis
3189 2984 3230 3038 ⁸.
3269 2990 3627 3057 lnsuperqne

1990 3074 2213 3129 celebre
2240 3074 2385 3128 illud
2423 3072 2581 3127 Isaias
2613 3072 2834 3128 dictum
2872 3089 2886 3128 :
2922 3072 3109 3127 Omnis
3128 3073 3355 3144 justitia
3389 3074 3630 3129 hominis

1982 3167 2125 3219 sicut
2148 3179 2369 3235 pannus
2399 3162 2821 3218 menstruam".
2848 3163 3008 3228 Quod
3038 3163 3084 3217 si
3113 3162 3497 3234 cogitationes
3527 3162 3631 3219 hu-

1974 3255 2238 3326 jusmodi
2271 3252 2614 3309 adoriantur
2661 3269 2789 3308 eam
2821 3270 2948 3325 qua:
2997 3254 3463 3309 anachoreticam
3495 3253 3630 3308 iniit

1975 3345 2176 3413 vitam,
2218 3343 2581 3416 ingrediatur
2627 3341 2728 3398 illa
2775 3342 2833 3398 in
2883 3343 3235 3411 coenobium,
3269 3348 3627 3415 cogaturque

1976 3433 2068 3489 bis
2097 3433 2156 3487 in
2189 3434 2280 3488 die
2311 3432 2636 3495 comedere,
2665 3432 2712 3486 si
2747 3431 2982 3503 quidem
3017 3432 3090 3486 ob
3122 3430 3366 3486 nimiam
3394 3431 3620 3486 ascesin

1974 3523 2094 3577 sive
2145 3520 2463 3593 jejunium,
2524 3520 2798 3575 inciderit
2850 3520 2907 3573 in
2968 3519 3306 3591 hujusmodi
3367 3519 3550 3575 vitum
3602 3537 3617 3576 :

1973 3618 2098 3666 tum
2133 3610 2205 3665 ab
2235 3608 2558 3680 aequalibus
2605 3608 2958 3679 increpetur,
2993 3625 3058 3663 ac
3088 3607 3458 3664 contumeliis
3488 3609 3614 3663 affi-

1972 3701 2183 3767 ciatur,
2216 3715 2283 3754 ao
2314 3699 2361 3753 si
2392 3714 2599 3768 parum
2634 3698 2711 3752 sit
2740 3699 2893 3768 quod
2928 3695 3025 3752 illa
3055 3698 3239 3769 egerit
3269 3714 3282 3751 :
3315 3696 3617 3769 quodlibet

1973 3790 2145 3844 obeat
2175 3787 2592 3850 ministerium,
2625 3786 2944 3841 offerantur
2974 3786 3084 3857 ipsi
3117 3786 3249 3841 vita;
3276 3793 3612 3841 sanctorum

1973 3878 2185 3950 pietate
2233 3876 2641 3931 eminentium.
2676 3875 2971 3930 Conentur
2997 3874 3231 3930 sodales
3278 3876 3407 3946 ejus
3453 3874 3615 3931 labo-

1972 3982 2094 4022 rem
2127 3965 2448 4037 disciplinaa
2481 3981 2600 4020 sua
2629 3962 2853 4035 aliquot
2882 3962 3089 4019 diebus
3120 3979 3360 4035 augere;
3395 3968 3461 4019 ut
3487 3980 3616 4019 cer-

1973 4071 2116 4111 nens
2140 4055 2288 4111 621
2323 4054 2600 4108 virtutum
2634 4052 3052 4125 praestantiam,
3080 4069 3142 4109 se
3172 4051 3475 4108 minimam
3499 4070 3620 4109 om-

1973 4144 2134 4199 nium
2166 4143 2479 4199 existimet.

2036 4230 2130 4286 51.
2164 4231 2327 4286 Hunc
2359 4247 2530 4302 porro
2569 4230 2838 4287 morbum
2874 4231 3149 4302 praecedit
3199 4230 3355 4287 aliud
3386 4232 3619 4301 vitium,

1973 4320 2458 4391 inobsequentia:
2492 4319 2593 4374 sed
2640 4334 2743 4390 per
2787 4319 3142 4376 contrariam
3176 4320 3618 4391 obsequentium

1974 4409 2166 4482 putrid
2179 4426 2275 4464 um
2309 4408 2517 4463 anima:
2543 4410 2713 4464 ulcus
2742 4424 2946 4464 curare
2975 4408 3270 4464 valemus:
3307 4408 3622 4467 Obedientia

1974 4499 2152 4568 enim,
2184 4499 2399 4571 inquit,
2430 4514 2596 4569 super
2622 4498 3023 4569 sacriﬁcium“.

280 4587 371 4640 52.
405 4588 495 4639 Δεῖ
544 4582 635 4637 οὖν
686 4585 957 4660 καθαιρεῖν
1004 4580 1163 4658 ὅγκον
1214 4578 1374 4652 δόξης
1429 4582 1479 4636 ἐν
1533 4588 1726 4658 καιρῷ,
1776 4604 1865 4638 και

2040 4588 2131 4642 52.
2192 4587 2557 4659 Quapropter
2612 4586 2884 4642 convenit
2954 4586 3141 4658 gloria
3197 4604 3305 4643 suo
3361 4592 3624 4661 tempore

205 4674 448 4729 ἐπαινεῖν
499 4670 556 4727 δὲ
602 4671 766 4728 πάλιν
811 4671 900 4727 καὶ
946 4672 1236 4744 θαυμάζειν
1290 4670 1342 4725 ἐν
1391 4675 1582 4745 καιρῷ.
1636 4672 1699 4726 Εἰ
1756 4673 1860 4749 γὰρ

205 4762 429 4837 ἀμελὴς
473 4761 563 4817 καὶ
611 4762 793 4837 νωθρᾶ
842 4761 1035 4837 εὐρεθῇ
1062 4762 1096 4830 ἡ
1148 4760 1325 4835 ψυχὴ,
1377 4758 1453 4815 ἔτι
1502 4781 1564 4835 γε
1615 4762 1721 4833 μὴν
1772 4761 1861 4816 καὶ

210 4854 590 4927 ὑποναρκοῦσα
639 4849 715 4912 εἷς
762 4851 861 4919 τὴν
912 4853 1011 4903 τοῦ
1059 4848 1232 4904 καλοῦ
1279 4848 1586 4923 προκοπήν,
1631 4848 1861 4904 ἐπαινεῖν

205 4940 414 5011 ταύτην
462 4941 745 5015 προσήκει·
796 4936 887 4992 καί
930 4936 991 4991 εἷ’
1034 4937 1227 5014 μικρὸν
1277 4939 1486 5008 ποιήσει
1518 4957 1567 4991 τι
1597 4938 1861 5014 χρηστὸν,

207 5029 501 5102 θαυμάζειν
579 5028 668 5083 καὶ
752 5032 1119 5102 μεγεθοποιεῖν
1191 5023 1309 5081 δέον
1382 5025 1548 5097 αύτήν
1642 5025 1736 5081 Καί
1799 5027 1867 5082 τὰ

212 5116 426 5196 σφοδρὰ
475 5117 563 5172 καὶ
612 5116 945 5192 ἀπάνθρωπα
989 5113 1451 5187 πλημμελήματα
1482 5115 1555 5178 ὡς
1602 5114 1868 5191 ἐλάχιστα

208 5208 302 5263 καὶ
349 5204 616 5279 οὐδαμινὰ
666 5205 911 5260 λεκτέοι·
965 5206 993 5259 ὁ
1042 5204 1146 5279 γὰρ
1194 5197 1476 5270 διάϐολος,
1528 5202 1865 5279 βουλόμενος

210 5295 387 5352 πάντα
463 5293 846 5372 διαστρέφειν,
908 5292 994 5347 ἐπὶ
1068 5292 1162 5365 μὲν
1236 5295 1344 5346 τῶν
1405 5289 1708 5347 σπουδαίων
1776 5293 1866 5348 καὶ

213 5386 527 5455 ἁσκητικῶν
578 5382 832 5459 κρύπτειν
881 5388 1131 5459 πειρᾶται
1171 5385 1240 5436 τὰ
1284 5381 1663 5457 προγεγονότα
1693 5383 1867 5455 ἀμαρ-

1972 4676 2251 4741 adimere,
2299 4676 2627 4745 iterumque
2684 4691 2790 4730 suo
2851 4680 3112 4747 tempore
3160 4675 3398 4731 laudare
3447 4682 3622 4748 atque

1973 4763 2272 4818 admirari.
2301 4763 2357 4819 Si
2394 4763 2548 4818 enim
2594 4763 2791 4817 anima
2836 4762 3137 4835 negligens
3187 4764 3502 4837 segnisque
3531 4766 3621 4820 in-

1972 4852 2258 4921 veniatur,
2283 4857 2338 4906 et
2365 4852 2435 4907 ad
2471 4851 2792 4922 profectum
2825 4852 3051 4908 desidia
3081 4858 3328 4925 torpeat,
3357 4856 3626 4911 convenit

1973 4958 2096 4997 eam
2121 4940 2359 4995 laudare
2384 4958 2397 4994 :
2421 4946 2478 4995 et
2507 4941 2555 4994 si
2581 4939 2821 5012 paulum
2848 4940 2988 5011 quid
3012 4942 3146 4996 boni
3170 4942 3494 5009 admiserit,
3520 4944 3625 4999 mi-

1975 5029 2088 5085 rari
2123 5027 2282 5083 illam
2314 5032 2370 5082 et
2401 5028 2598 5100 magni
2650 5029 2836 5083 facere
2889 5035 3135 5100 oportet.
3168 5031 3379 5087 Gravia
3425 5038 3622 5089 autem

1975 5124 2032 5172 et
2061 5118 2346 5171 immania
2393 5115 2626 5187 delicta,
2663 5116 2905 5171 minima
2954 5119 3288 5191 nulliusque
3341 5123 3623 5177 momenti

1975 5206 2243 5261 dicenda.
2278 5204 2556 5260 Diabolus
2606 5206 2820 5278 quippe
2864 5208 2965 5278 qui
2997 5208 3196 5263 omnia
3243 5214 3500 5265 evertere
3526 5226 3622 5265 co-

1978 5300 2170 5360 natur,
2204 5294 2428 5349 sedulis
2466 5298 2523 5349 et
2553 5295 2883 5350 exercitatis
2927 5296 3190 5352 admissa
3234 5303 3470 5367 peccata
3497 5298 3625 5354 vult
3724 5322 3740 5338 ·

1977 5384 2290 5454 occultare,
2314 5400 2429 5455 quo
2460 5383 2519 5438 in
2551 5383 2636 5439 eis
2676 5384 3012 5457 superbiam
3044 5385 3349 5457 adaugent.
3383 5385 3627 5444 Novitiis

289 5623 308 5659 ¹
341 5620 496 5680 Psal.
527 5621 664 5695 L,_3.
742 5619 950 5695 ’Psal.
1000 5636 1080 5684 γι,
1128 5620 1196 5695 3:
1244 5635 1325 5685 Ix,
1379 5620 1465 5675 M.
1540 5617 1744 5676 8Psal.
1786 5635 1865 5675 cx.

1981 5661 1983 5669 ,
2058 5618 2081 5653 ⁸
2109 5619 2218 5672 iss.
2268 5634 2384 5686 νιν,
2438 5619 2523 5673 ili.
2601 5619 2624 5655 ⁸
2653 5617 2805 5672 Paul.
2834 5635 2953 5688 XXI,
2981 5620 3038 5673 7.
3113 5619 3135 5655 ⁸
3164 5619 3307 5677 Gen.
3339 5637 3499 5695 xvm,
3531 5626 3624 5686 27.

213 5696 236 5733 ’³
268 5695 383 5752 lea.
420 5710 567 5765 LXIV,
600 5693 654 5749 6.
730 5695 750 5728 ⁸
783 5694 803 5749 l
837 5693 973 5767 Reg.
1002 5710 1095 5759 xv,
1124 5693 1215 5746 22.
