4002 6206
361 301 515 362 1519

360 524 628 578 universa
673 532 909 590 peccata
958 522 1029 576 ob
1079 523 1280 577 oculos
1328 521 1558 591 statuit,
1591 539 1705 592 quo
1737 521 2009 592 despera-

352 613 575 668 tionem
607 612 932 684 ingenerat.
965 611 1108 667 Huic
1156 609 1418 684 suggerit
1446 628 1459 666 :
1495 610 1623 665 Tibi
1655 627 1780 680 qua:
1833 609 2008 664 forni-

353 707 482 757 cata
509 717 592 767 es,
617 717 742 772 quae
777 700 942 755 venia
972 700 1403 771 exspectanda?
1433 698 1614 754 Alteri
1649 698 1791 753 dicit
1818 715 1830 753 :
1857 697 2005 752 Cum

353 796 516 846 tanta
547 790 788 846 avaritia
818 789 1089 854 tenearis,
1112 790 1229 844 ﬁeri
1267 789 1463 860 nequit
1497 795 1559 843 ut
1591 787 1841 842 salutem
1877 804 2011 842 con-

355 896 618 951 sequare.
654 879 935 933 Caeterum
969 878 1196 933 animas
1229 879 1384 934 hunc
1437 879 1493 932 in
1547 877 1786 933 modum
1822 875 2007 946 agita-

355 973 466 1035 tas,
501 969 608 1024 hac
647 968 870 1023 ratione
923 967 1135 1039 hisque
1185 967 1374 1022 verbis
1424 972 1648 1039 oportet
1695 965 2004 1021 consolari.

358 1057 517 1113 Raab
552 1055 824 1112 meretrix
854 1056 986 1126 fuit,
1017 1057 1115 1111 sed
1149 1073 1252 1128 per
1300 1056 1473 1110 {idem
1524 1060 1692 1110 nacta
1729 1060 1817 1110 est
1847 1053 2006 1110 salu—

359 1151 476 1202 tem
515 1164 526 1200 :
564 1144 780 1200 Paulus
836 1150 1172 1217 persecutor
1201 1151 1345 1215 erat,
1373 1150 1428 1199 et
1468 1150 1658 1199 tamen
1699 1161 1800 1198 vas
1853 1142 2002 1198 elec-

358 1237 533 1292 tionis
566 1237 805 1290 ell‘ectus
843 1238 932 1290 est
966 1253 978 1290 :
1014 1233 1318 1289 Matthznus
1367 1233 1720 1305 publicanus
1772 1237 1915 1302 erat,
1949 1236 2008 1288 at

358 1343 528 1382 nemo
558 1329 779 1398 quanta
808 1325 994 1396 gratia
1025 1324 1275 1379 donatus
1308 1323 1383 1379 sit
1411 1325 1676 1396 ignorat:
1715 1322 1859 1378 latro
1890 1322 2005 1377 fur-

356 1417 432 1472 tis
463 1420 520 1471 et
551 1414 805 1470 caidibus
833 1413 1063 1469 deditus
1087 1419 1229 1482 erat,
1257 1414 1352 1468 sed
1385 1419 1576 1468 tamen
1613 1413 1836 1484 primus
1869 1429 2001 1483 ape-

355 1505 474 1560 ruit
505 1508 733 1577 portam
769 1502 1045 1574 paradisi.
1082 1501 1180 1558 llis
1229 1501 1406 1572 igitur
1455 1500 1896 1567 animadversis,
1933 1517 2004 1556 ne

359 1595 618 1650 animum
655 1591 1040 1663 despondeas.

420 1703 510 1758 53.
540 1700 646 1757 Ubi
678 1705 873 1755 autem
923 1703 1058 1770 apta
1099 1698 1526 1769 commodeque
1576 1697 1693 1753 illis
1742 1697 2004 1754 remedia

1527 299 1589 358 S.
1639 293 2163 359 ATHANASILTS.
2194 333 2267 342 —
2303 297 2608 362 SPUBIA.

360 439 552 488 autem
604 432 915 488 animabus
964 449 1089 503 qua:
1137 448 1324 504 nuper
1375 432 1652 487 virtutem
1714 432 2002 497 adierunt,
2037 438 2089 500 Α
2120 432 2386 502 τηματα·

3621 307 3781 367 ιεεο

2441 433 2540 501 τὴν
2591 433 2693 510 γὰρ
2755 433 3121 513 ὑπερηφανίαν
3180 436 3404 508 αὐξῆσαι
3465 436 3732 512 βούλεται
3766 459 3778 469 ·

2119 517 2206 573 ἐπὶ
2239 517 2295 574 δὲ
2336 521 2443 575 τῶν
2495 520 2773 592 νεηλύδων
2821 523 2908 578 καὶ
2959 525 3283 601 ἀκροπαγῶν
3333 530 3557 602 ψυχῶν,
3605 529 3782 582 πάντα

2116 607 2182 691 τὰ
2220 610 2588 682 ἁμαρτήματα
2636 611 2809 666 αὐτῶν
2860 613 2967 687 πρὸ
3015 612 3311 691 ὀφθαλμῶν
3354 614 3596 684 τίθησιν.
3645 621 3780 686 Ἐμ-

2119 690 2312 752 ϐἀλλει
2371 697 2474 773 γὰρ
2543 699 2678 775 αὐτῇ
2731 700 2835 772 ὅτι,
2896 703 2991 756 Σοὶ
3051 690 3382 778 πορνευσάσῃ
3440 704 3570 758 ποία
3627 702 3782 757 ἔσται

2118 787 2417 862 συγγνώμη
2455 807 2467 857 ;
2496 789 2593 842 Καὶ
2624 793 2692 863 τῇ
2727 789 2868 864 ἄλλη
2914 790 3097 868 φησίν·
3132 789 3286 846 Οὕτω
3317 813 3414 846 σου
3445 791 3786 861 πλεονεκτηο

2118 873 2305 947 σοὶσης,
2340 874 2596 932 ἀδύνατόν
2647 899 2704 933 σε
2752 879 3024 952 σωτηρίας
3074 886 3260 956 τυχεῖν
3293 924 3305 936 .
3340 881 3449 942 Τὰς
3499 879 3593 935 οὖν
3631 880 3784 935 οὕτω

2117 962 2476 1036 σαλευομένας
2535 967 2714 1042 ψυχὰς
2771 970 3185 1043 παραμυθητέον
3241 969 3412 1030 οὕτως
3454 990 3466 1002 ·
3535 967 3619 1024 δεῖ
3678 971 3786 1045 Ti;

2116 1052 2250 1126 πρὸς
2281 1049 2442 1116 αὐτὰς
2477 1055 2620 1110 οὕτω
2651 1055 2848 1131 λέγειν·
2912 1053 3075 1111 Ῥαὰϐ
3105 1059 3279 1128 πόρνη
3311 1061 3400 1127 ἦν,
3433 1057 3564 1114 ἀλλ’
3592 1058 3786 1128 ἐσώθη

2117 1139 2204 1195 διὰ
2234 1141 2486 1205 πίστεως
2543 1143 2756 1207 Παῦλος
2809 1143 3045 1216 διώκτης
3098 1149 3189 1217 ἦν,
3224 1146 3365 1201 ἀλλὰ
3395 1151 3585 1209 σκεῦος
3619 1147 3789 1201 ἐκκο-

2115 1238 2219 1306 γῆς
2269 1230 2472 1307 γέγονε’
2517 1235 2791 1295 Ματοαῖος
2844 1233 3099 1302 τελώνης
3153 1237 3242 1304 ἦν,
3289 1235 3417 1291 ἀλλ’
3458 1233 3646 1297 οὐδεὶς
3682 1238 3789 1303 τήν

2114 1319 2274 1394 χάριν
2333 1321 2526 1376 τούτου
2583 1322 2784 1397 ἀγνοεῖ·
2839 1324 2925 1377 καὶ
2985 1325 3012 1378 ὁ
3063 1321 3264 1398 λῃστής
3314 1323 3476 1379 ἐσύλα
3526 1325 3618 1379 καὶ
3659 1325 3794 1402 Egeri-

2112 1429 2280 1479 νευεν,
2331 1408 2474 1466 ἀλλὰ
2523 1416 2739 1487 πρῶτος
2788 1414 2887 1482 τὴν
2940 1412 3101 1487 Θῦραν
3154 1413 3344 1486 ἀνέῳξε
3373 1419 3469 1468 τοῦ
3502 1412 3790 1490 παραδεί-

2114 1517 2229 1556 σου.
2262 1498 2481 1561 Τούτοις
2515 1497 2604 1554 οὖν
2656 1501 3046 1572 ἐνατενίζουσα,
3081 1504 3156 1574 μή
3204 1502 3448 1578 ἀπογνῷς
3476 1511 3579 1572 τῆς
3614 1525 3788 1558 σεαυ-

2110 1591 2211 1654 τῆς
2242 1589 2452 1663 ψυχῆςο

2177 1695 2268 1749 53.
2297 1694 2444 1750 Ἐπεὶ
2485 1692 2542 1749 δὲ
2583 1701 2750 1752 ταῦτα
2794 1697 3012 1759 ταύταις
3063 1697 3306 1772 εὑρήσεις
3358 1695 3629 1771 ἁρμόδια,
3687 1696 3786 1754 δεῖ

350 1791 663 1854 inveneris,
697 1806 800 1859 par
846 1787 917 1842 iis
949 1804 1074 1858 quaa
1107 1786 1385 1859 superbia
1415 1791 1597 1858 captaa
1645 1791 1785 1840 sunt
1831 1785 1990 1841 adhi-

2113 1780 2195 1835 καὶ
2245 1787 2352 1836 τῶν
2408 1783 2475 1858 τῇ
2521 1784 2853 1862 ὑπερηφανίᾳ
2910 1785 3283 1859 ἁλισκομένων
3342 1789 3617 1842 ποιεῖσθαι
3673 1787 3786 1843 αὑ-

350 1879 538 1935 benda
569 1878 790 1932 curatio
811 1882 918 1948 est.
946 1876 1031 1930 Ita
1053 1892 1307 1947 namque
1328 1892 1456 1930 eam
1489 1874 1703 1946 alloqui
1730 1881 1992 1946 oportet:

352 1970 642 2032 Quorsum
675 1965 901 2021 inflaris
923 1964 949 2018 ‘I
981 1967 1060 2018 An
1093 1965 1233 2035 quia
1281 1981 1485 2018 carnes
1536 1981 1646 2018 non
1699 1963 1997 2018 comedis?

353 2058 452 2114 alii
485 2075 556 2112 ne
586 2056 802 2127 piscem
851 2054 1089 2126 quidem
1131 2053 1344 2108 vident.
1377 2053 1537 2115 Quod
1572 2053 1619 2107 si
1653 2053 1781 2107 vino
1813 2053 1997 2107 absti-

354 2164 477 2212 nes,
512 2145 733 2215 respice
763 2141 908 2198 alios
941 2143 1042 2212 qui
1073 2158 1142 2196 ne
1173 2140 1299 2196 oleo
1331 2141 1563 2208 quidem
1603 2145 1870 2194 utuntur.
1903 2140 1996 2196 Je-

345 2238 528 2308 junas
577 2250 762 2304 usque
793 2232 862 2286 ad
896 2247 1191 2302 vesperam
1217 2230 1244 2284 ‘I
1293 2229 1584 2284 nonnullae
1617 2231 1764 2284 duos
1813 2233 2000 2284 tresve

349 2327 475 2382 dies
507 2325 565 2379 in
596 2322 710 2378 cibi
763 2321 1122 2376 abstinentia
1171 2319 1527 2390 transigunt.
1562 2318 1825 2373 Forsitan
1859 2318 1999 2388 quia

348 2399 700 2472 balneonon
737 2409 918 2465 uteris
956 2408 1133 2463 altius
1165 2407 1367 2480 sapis?
1417 2407 1587 2461 multi
1639 2423 1768 2461 cum
1819 2407 1994 2462 etiam

345 2505 694 2577 aagrotarent
725 2497 1064 2554 nullatenus
1093 2513 1158 2552 co
1180 2501 1318 2552 sunt
1351 2497 1460 2550 usi.
1485 2496 1561 2551 Te
1592 2496 1834 2550 fortasse
1868 2495 1994 2549 ideo

343 2590 677 2659 admiraris,
721 2588 859 2660 quia
906 2587 964 2640 in
1017 2590 1198 2641 matta
1251 2585 1472 2640 dormis
1531 2591 1589 2639 et
1647 2585 1704 2639 in
1764 2584 1993 2638 cilicino

341 2677 709 2738 stramento?
741 2675 849 2730 Alii
883 2681 1080 2731 autem
1113 2674 1349 2729 assidue
1385 2674 1545 2729 humi
1575 2675 1812 2743 cubant,
1837 2674 1991 2743 quod

341 2767 573 2825 etiamsi
632 2772 691 2820 tu
743 2767 981 2834 faceres,
1030 2780 1142 2818 non
1192 2762 1387 2833 magni
1435 2762 1572 2832 quid
1622 2769 1776 2816 esset
1808 2779 1819 2816 :
1857 2767 1994 2816 sunt

337 2858 493 2914 enim
527 2857 623 2928 qui
659 2854 833 2911 etiam
867 2853 976 2910 sibi
1022 2851 1248 2923 lapides
1280 2852 1680 2921 subjeceruut.
1718 2867 1785 2906 ne
1820 2851 1994 2920 rebus

339 2945 711 3003 naturalibus
755 2959 890 2999 cum
924 2941 1219 3012 voluptate
1260 2940 1611 2994 fruerentur.
1645 2940 1755 2993 Alii
1810 2945 1992 2994 totum

344 3040 568 3092 noctem
629 3031 903 3104 suspensi
955 3035 1384 3100 transegerunt.
1419 3028 1529 3083 Sed
1587 3028 1818 3082 etiamsi
1874 3028 1995 3082 haec

345 3125 543 3180 omnia
571 3123 932 3194 designares,
957 3136 1021 3174 ac
1054 3134 1387 3188 snpremam
1420 3117 1686 3172 omnium
1720 3116 1992 3172 exercita-

346 3212 563 3268 tionem
595 3211 933 3281 attingeres,
960 3225 1032 3262 ne
1059 3223 1336 3278 magnum
1371 3206 1588 3277 sapias.
1624 3206 1844 3259 Etenim
1879 3208 1991 3259 da:-

347 3318 549 3357 mones
582 3299 749 3370 plura
780 3314 957 3369 quam
983 3302 1045 3351 tu
1076 3295 1473 3367 prastiterunt
1499 3300 1556 3348 et
1585 3298 1865 3364 praestant
1896 3293 1993 3350 ho-

344 3390 572 3462 dieque.
608 3388 753 3442 Nam
806 3403 989 3457 neque
1031 3384 1360 3451 comedunt,
1395 3401 1581 3454 neque
1627 3384 1857 3453 bibunt,
1893 3399 1991 3438 ne-

344 3496 456 3552 que
487 3476 780 3534 connubia
806 3475 1031 3544 ineunt,
1061 3489 1164 3527 nec
1199 3473 1500 3528 dormiunt
1535 3490 1546 3540 ;
1581 3473 1697 3526 imo
1725 3472 1900 3527 etiam
1934 3472 1992 3527 in

341 3569 554 3626 eremis
586 3568 826 3639 degunt,
861 3564 910 3619 si
956 3564 1099 3618 forte
1149 3566 1212 3617 tu
1265 3561 1323 3615 in
1373 3560 1651 3631 spelunca
1695 3561 1989 3632 habitans,

345 3655 543 3730 magni
577 3655 713 3727 quid
752 3657 1026 3726 praestare
1056 3650 1162 3705 tibi
1193 3649 1461 3705 videaris.

408 3764 497 3818 54.
523 3763 619 3818 Sic
649 3761 825 3832 igitur
875 3755 1290 3829 similibusque
1311 3756 1634 3810 rationibus
1668 3755 1991 3826 poterimus

338 3852 664 3908 contrarios
712 3865 916 3904 curare
966 3846 1224 3913 morbos,
1255 3844 1721 3916 desperationem
1772 3850 1828 3898 et
1875 3861 1987 3898 su-

335 3942 624 4014 perbiam.
686 3937 848 3994 Sicut
914 3936 1069 3990 enim
1145 3932 1298 4006 ignis
1359 3932 1784 3988 vehementiore
1844 3933 1985 3988 ﬂatu

332 4030 655 4102 dissipatus
683 4024 1098 4096 exstinguitur,
1124 4037 1477 4092 rursumque
1499 4020 1638 4075 ﬂatu
1666 4021 1984 4078 destitutus

331 4121 633 4186 emoritur,
667 4117 750 4172 ita
779 4119 836 4169 et
865 4113 1048 4167 virtus
1090 4129 1191 4182 per
1239 4109 1576 4181 superbiam
1607 4109 1816 4176 evolat,
1852 4110 1985 4166 licet

330 4207 737 4264 exercitatione
782 4200 1117 4258 vehementi
1165 4199 1326 4254 culta
1372 4199 1586 4253 fuerit:
1630 4216 1982 4269 rursumque

329 4295 561 4353 incuria
589 4294 807 4350 bonum
846 4288 1264 4359 corrumpitur,
1298 4288 1532 4357 quando
1583 4287 1655 4340 ad
1713 4287 1978 4343 atﬂatum

329 4386 585 4457 Spiritus
617 4381 804 4439 sancti
837 4395 949 4435 non
974 4393 1275 4432 movemus
1299 4375 1708 4445 nosmetipsos.
1740 4375 1980 4432 Gladius

327 4481 537 4530 acutus
578 4472 742 4528 facile
785 4487 820 4525 a
867 4466 1059 4538 lapide
1104 4464 1511 4535 conlringitur,
1546 4464 1976 4536 vehemensque

2105 1871 2202 1938 την
2233 1874 2331 1941 τὴν
2370 1875 2672 1948 θεραπείαν.
2718 1876 2946 1930 Φὰσκειν
2994 1876 3094 1952 γὰρ
3141 1875 3221 1931 δεῖ
3265 1879 3397 1951 πρὸς
3441 1877 3642 1948 αὐτην·
3711 1879 3786 1934 Τί

2105 1966 2385 2036 φυσιοὺσαι
2421 1981 2433 2030 ;
2469 1965 2556 2024 Ὡς
2587 1965 2715 2038 κρέα
2768 1965 2841 2037 μή
2895 1963 3144 2028 ἐσθίουσα
3185 1985 3198 2031 ;
3233 1963 3397 2021 ἄλλοι
3436 1965 3566 2020 οὖδέ
3599 1966 3786 2041 ἰχθὺν

2107 2049 2296 2123 ὁρῶσι.
2351 2051 2445 2105 Καὶ
2501 2053 2545 2106 εἷ
2594 2052 2737 2106 οἶνον
2791 2052 2852 2106 οὐ
2900 2054 3097 2117 πίνεις,
3144 2055 3438 2124 σκόπησον,
3471 2055 3551 2114 ὡς
3602 2055 3786 2109 ἄλλοι

2107 2134 2227 2192 οὔτε
2259 2137 2440 2194 ἔλαιον
2487 2140 2776 2198 ἐσθίουσιν.
2807 2145 2952 2204 Ἕως
3004 2143 3104 2216 ὀψὲ
3149 2142 3423 2212 νηστεύεις
3455 2162 3471 2212 ;
3507 2142 3692 2199 ἄλλαι
3725 2142 3790 2198 εἰ

2107 2225 2202 2281 δύο
2252 2228 2341 2282 καὶ
2386 2236 2528 2301 τρεῖς
2578 2230 2786 2306 ἡμέρας
2841 2231 3195 2286 συνάπτουσιν
3242 2233 3436 2287 ἄσιτοι.
3486 2231 3655 2287 Ἀλλ’
3691 2232 3784 2287 ὅτι

2106 2315 2168 2370 οὐ
2201 2313 2339 2391 λούῃ
2376 2319 2516 2392 μέγα
2565 2325 2779 2396 φρονεῖς
2817 2340 2830 2389 ;
2865 2318 3068 2376 πολλοὶ
3099 2320 3188 2375 καὶ
3220 2317 3310 2375 διὰ
3353 2317 3524 2384 πάθος
3577 2342 3787 2395 σωμα-

2102 2406 2251 2459 τικὸν
2286 2403 2398 2460 οὐδ’
2437 2407 2583 2470 ὅλως
2631 2408 2811 2481 τούτῳ
2863 2409 3185 2484 ἐχρήσαντο.
3240 2407 3412 2466 Ἀλλὰ
3457 2413 3777 2482 θαυμάζεις

2104 2495 2350 2563 σεαυτὴν,
2386 2495 2467 2550 ὅτι
2516 2496 2568 2550 ἐν
2619 2495 2902 2573 χαραόρίῳ
2950 2496 3247 2562 καθεῦδεις.
3298 2498 3385 2552 καὶ
3432 2497 3484 2552 ἐν
3534 2500 3778 2575 τριχίνη

2101 2587 2361 2657 στρωμνῇ
2396 2601 2411 2652 ;
2444 2582 2608 2640 ἄλλαι
2642 2583 2700 2640 δὲ
2729 2591 3061 2660 χαμετδνοῦσι
3091 2584 3373 2657 διηνεκῶς.
3407 2585 3559 2643 Ἀλλ’
3590 2587 3643 2642 εἰ
3679 2591 3777 2643 καὶ

2099 2677 2262 2727 τοῦτο
2319 2676 2623 2746 ποιήσειας,
2682 2673 2836 2729 οὐδὶν
2897 2677 3054 2748 μέγαν
3103 2681 3244 2737 τινὲς
3289 2676 3392 2750 γὰρ
3441 2677 3530 2730 καὶ
3577 2675 3781 2739 λίθους

2101 2761 2315 2823 ἑαυταῖς
2351 2758 2651 2832 ὑπέϐαλον,
2694 2763 2832 2837 πρὸς
2879 2765 2940 2817 τὸ
2976 2764 3052 2836 μή
3081 2766 3199 2827 καθ’
3229 2761 3432 2833 ἡδονήν
3460 2769 3571 2819 τῶν
3606 2787 3779 2843 φυσι-

2102 2854 2208 2904 κῶν
2243 2856 2447 2924 τυχεῖν“
2483 2849 2647 2906 ἄλλοι
2682 2849 2739 2905 δὲ
2786 2851 2873 2905 καὶ
2915 2851 3212 2926 ἐκρέμασαν
3261 2852 3482 2915 ἑαυτοὺς
3519 2850 3592 2906 δι’
3625 2853 3780 2924 ὅλης

2101 2945 2198 3006 τῆς
2244 2939 2452 3000 νυκτός,
2495 2937 2648 2995 Ἀλλ’
2699 2939 2745 2993 εἷ
2784 2940 2874 2993 καὶ
2925 2944 3092 2994 ταῦτα
3133 2941 3305 2994 πάντα
3331 2942 3645 3010 ποιήσειας,
3685 2943 3778 2996 καὶ

2103 3027 2200 3095 τήν
2235 3027 2536 3099 ἀκροτάτην
2590 3025 2814 3098 ἄσκησιν
2853 3015 3232 3094 ἐπιτελέσειας,
3271 3030 3348 3101 μὴ
3387 3030 3529 3103 μέγα
3560 3033 3779 3107 φρονή-

2107 3136 2225 3188 σῃς·
2261 3116 2347 3170 καὶ
2380 3116 2483 3191 γὰρ
2513 3117 2579 3170 τὰ
2627 3113 2881 3189 δαιμόνια
2927 3116 3101 3173 πλείω
3149 3123 3255 3172 τῶν
3291 3115 3397 3172 σῶν
3427 3122 3778 3188 πεποιήκασι

2105 3205 2194 3258 καὶ
2242 3210 2510 3259 ποιοῦσιν·
2547 3202 2669 3260 οὔτε
2712 3206 2812 3282 γὰρ
2843 3206 3128 3274 ἐσθίουσιν,
3166 3203 3288 3261 οὔτε
3334 3207 3604 3276 πίνουσιν,
3646 3207 3780 3264 οὗτε

2101 3298 2390 3368 γαμοῦσιν,
2449 3291 2570 3349 οὔτε
2629 3295 2904 3349 ὑπνοῦσιν·
2964 3294 3111 3350 ἀλλᾶ
3169 3296 3258 3350 καὶ
3307 3295 3359 3349 ἐν
3422 3296 3621 3370 ἐρήμῳ
3687 3295 3775 3353 δι-

2101 3381 2345 3454 άγουσιν,
2378 3379 2430 3437 εἴ
2454 3404 2516 3458 γε
2544 3382 2634 3437 καὶ
2663 3383 2714 3437 ἐν
2762 3383 3017 3456 σπηλαίῳ
3048 3383 3268 3439 οἶκοῦσα
3317 3384 3493 3447 δοκεῖς
3534 3385 3680 3462 μέγα
3711 3407 3774 3443 τε

2100 3491 2297 3526 ποιειν.

2169 3739 2257 3792 54.
2292 3737 2454 3793 Οὕτω
2511 3738 2606 3810 μὶν
2639 3736 2754 3807 οὖν,
2786 3738 2874 3792 καὶ
2925 3738 2982 3793 ἐκ
3027 3739 3288 3794 τοιούτων
3324 3737 3636 3814 λογισμῶν,
3671 3739 3769 3797 δυο

2095 3826 2251 3880 νατὸν
2309 3826 2550 3880 ἰάσασθαι
2596 3827 2662 3881 τὰ
2708 3827 2921 3883 ἐναντία
2977 3830 3143 3898 πάθη·
3197 3831 3297 3899 τήν
3344 3849 3404 3883 τε
3443 3828 3768 3905 ἀπόγνωσιν

2097 3912 2239 3989 λέγω
2270 3915 2357 3969 καὶ
2404 3915 2504 3984 τήν
2547 3916 2936 3991 ὑπερηφανίαν.
2982 3921 3183 3991 Ὥσπερ
3233 3917 3336 3994 γὰρ
3381 3915 3636 3994 σφοδρῶς
3675 3919 3765 3975 ἐκ-

2094 4004 2410 4079 φυσὼμενον
2469 4009 2578 4079 πῦρ
2613 4049 2628 4074 ,
2691 4003 3210 4080 διασκορπιζὸμενον
3271 4005 3606 4075 ἀπόλλυται,
3669 4010 3762 4062 καὶ

2095 4095 2169 4164 μὴ
2201 4092 2368 4166 τυχὸν
2401 4089 2458 4146 δὲ
2506 4092 2818 4166 πνεύματος
2847 4092 3013 4148 πάλιν
3061 4095 3348 4171 φθείρεται·
3405 4095 3552 4150 οὕτω
3597 4099 3692 4150 καὶ
3724 4102 3760 4166 ἡ

2089 4180 2251 4256 ἀρετή
2287 4181 2577 4257 ἀφίπταται
2629 4180 2698 4236 δι’
2752 4181 3065 4256 ὑπεροψίαν,
3098 4181 3192 4238 κᾶν
3242 4182 3462 4252 πολλὴν
3517 4183 3758 4262 σφοδρό-

2086 4291 2222 4339 τητα
2248 4269 2522 4339 ἀσκήσεως
2559 4266 2719 4345 λάϐῃ·
2756 4272 2845 4325 καὶ
2897 4271 3169 4349 φθείρεται
3222 4270 3280 4327 δὲ
3310 4271 3473 4326 πάλιν
3524 4274 3575 4344 ἐξ
3615 4275 3758 4346 ἀμες

2089 4356 2233 4419 λείας
2283 4359 2345 4413 τὸ
2398 4358 2585 4427 καλὸν,
2640 4361 2763 4414 ὅταν
2821 4357 2950 4432 μηδ’
2981 4357 3124 4422 ὅλως
3170 4365 3477 4435 κινήσωμεν
3524 4363 3756 4425 ἑαυτοὺς

2085 4448 2218 4521 πρὸς
2270 4447 2527 4519 ῥιπισμὸν
2585 4453 2683 4502 τοῦ
2739 4448 2882 4503 Θείου
2934 4449 3282 4522 υνεύματος.
3333 4452 3596 4526 Μαχαιρα
3647 4447 3751 4506 ἕπ-

329 4561 645 4633 diseiplina
692 4565 748 4615 et
795 4554 1149 4622 exercitatio,
1183 4551 1339 4608 brevi
1391 4569 1491 4621 per
1535 4554 1871 4623 superbiam
1922 4555 1978 4609 in

2113 4556 2261 4606 .xpioc
2296 4533 2491 4611 ῥᾳδίως
2524 4535 2627 4590 ὑπὸ
2662 4534 2818 4600 λίθου
2847 4540 3192 4613 κατάγνυται’
3235 4539 3325 4593 καὶ
3378 4537 3605 4609 ἄσκησις
3641 4541 3754 4595 ἐπι-

324 4652 566 4709 exitium
603 4649 738 4704 ruit.
773 4648 1137 4718 Quapropter
1164 4641 1396 4714 expedit
1421 4641 1677 4696 animam
1714 4643 1974 4712 undique

327 4740 580 4805 munire,
632 4755 698 4794 ac
747 4751 1083 4807 supremam
1136 4732 1363 4787 ascesiu
1414 4748 1447 4786 a
1491 4731 1776 4801 superbiai
1828 4737 1970 4786 aestu

323 4834 626 4900 perustam
658 4826 963 4881 demittere
1010 4823 1068 4876 in
1123 4820 1399 4876 umbrosa
1442 4818 1612 4874 loca:
1648 4819 1970 4874 interdum-

323 4935 436 4991 que
475 4915 774 4988 superﬂua
821 4917 1147 4984 amputare,
1182 4926 1297 4981 quo
1349 4909 1512 4963 radix
1559 4913 1814 4978 vegetior
1845 4909 1968 4963 efﬁ—

321 5009 528 5064 ciatur.

387 5189 477 5243 55.
509 5186 615 5250 Qui
665 5201 796 5241 vero
845 5178 1250 5252 desperatione
1301 5177 1549 5246 capitur,
1582 5177 1969 5248 compellatur

265 5317 268 5322 .
317 5275 606 5348 praedictis
623 5290 762 5345 argu
775 5274 982 5326 mentis
997 5285 1062 5324 su
1077 5284 1233 5320 rsum
1257 5267 1510 5320 tendere.
1527 5267 1845 5336 Animaqui
1858 5283 1966 5336 ppe

317 5382 446 5436 qua:
468 5371 630 5420 terrae
655 5362 915 5428 inhaeret,
931 5358 1061 5412 vilis
1082 5357 1420 5425 abjeclaque
1442 5360 1551 5409 est.
1571 5355 1721 5409 Sane
1747 5356 1966 5426 agrico-

315 5453 502 5508 larum
544 5449 944 5514 solertissimi,
971 5462 1104 5500 cum
1139 5442 1391 5498 viderint
1438 5442 1698 5513 plantam
1731 5449 1964 5500 tenuem

312 5545 370 5596 et
399 5539 900 5609 inﬁrmam,.large
931 5536 1195 5606 irrigant.
1230 5529 1534 5599 multaque
1565 5531 1965 5588 sollicitudine

311 5629 526 5697 fovent,
561 5633 624 5685 ut
653 5630 1036 5700 augmentum
1084 5620 1350 5691 accipiat.
1384 5618 1621 5681 Quoties
1674 5627 1869 5677 autem
1901 5623 1961 5678 in

2079 4623 2343 4697 τεταμένη
2395 4624 2678 4696 συντόμως
2710 4624 2768 4679 ἐκ
2813 4631 2909 4680 τοῦ
2956 4626 3445 4704 ὑπερηφανεύεσθαι
3493 4628 3750 4685 amens-

2080 4734 2206 4769 ται.
2267 4715 2422 4769 ’Όθεν
2479 4715 2746 4788 προσήκει
2803 4716 3136 4790 πανταχόθεν
3194 4713 3585 4791 ἀσφαλίζεσθαι
3637 4720 3742 4786 τήν

2079 4803 2286 4876 ψυχὴν,
2332 4802 2419 4856 καὶ
2464 4803 2561 4869 την
2616 4801 2917 4879 ἀκροτάτην
2973 4803 3197 4873 ἄσκησιν
3230 4805 3290 4858 ἐκ
3328 4810 3427 4859 τοῗι
3458 4805 3744 4869 καύσωνος

2077 4894 2174 4959 τῆς
2239 4890 2601 4968 ὑπερηφανίας
2678 4894 3091 4965 περικαιομένην
3173 4893 3548 4966 ὑποκὰμπτειν
3604 4917 3743 4971 προς

2076 4979 2202 5042 τοὺς
2261 4977 2510 5041 σκιώδεις
2568 4979 2790 5048 τόπους,
2850 4977 2958 5045 ἔσθ’
3016 4981 3105 5038 ὅτε
3151 4983 3242 5038 καὶ
3291 4982 3636 5055 περιτέμνειν
3675 4986 3742 5039 τὶ

2077 5069 2318 5145 περιττὰ,
2370 5069 2506 5143 πρὸς
2553 5069 2615 5122 τὸ
2670 5071 2769 5137 τήν
2819 5069 2966 5145 ῥίζαν
3023 5070 3405 5146 εὑθαλεστέραν
3465 5074 3737 5146 γενέσθαι,

2145 5179 2235 5232 55.
2295 5175 2393 5228 Τὸν
2450 5173 2506 5228 δὲ
2560 5178 2628 5247 τῇ
2689 5176 2991 5251 ἀπογνώσει
3054 5175 3414 5251 ἁλισκόμενον
3475 5181 3732 5254 ἀνωρεπῆ

2081 5265 2352 5340 βιάζεσθαι
2414 5269 2586 5317 ποιεῖν
2640 5270 2755 5326 τοῖς
2805 5267 3230 5342 προειρημένοις
3273 5265 3591 5343 λογισμοῖς.
3634 5269 3732 5323 Καὶ

2073 5353 2173 5427 γὰρ
2222 5349 2426 5430 σφόδρα
2459 5353 2491 5420 ἡ
2524 5353 2676 5426 ψυχὴ
2729 5355 3084 5427 χαμαιπετὴς
3129 5355 3408 5431 τυγχάνει.
3467 5357 3568 5410 Καὶ
3599 5361 3730 5431 γοῦν

2072 5445 2178 5496 τῶν
2221 5436 2503 5514 γεηπόνων
2553 5439 2603 5492 οἱ
2656 5440 2885 5516 ἄριστοι,
2923 5439 3135 5496 ἐπειδὰν
3188 5446 3349 5520 φυτὸν
3407 5444 3588 5520 βραχῦ
3635 5445 3727 5499 καὶ

2058 5531 2284 5608 ’ἀσθενὲς
2341 5527 2653 5597 Θεάσωνται,
2712 5530 2993 5600 ποτίζουσι
3053 5529 3318 5605 δαψιλῶς,
3373 5533 3465 5587 καὶ
3526 5533 3721 5606 ἐπεμεο

2026 5649 2030 5651 -
2073 5619 2222 5680 λείας
2258 5615 2471 5686 πολλῆς
2502 5615 2872 5694 ἀξιοῦο-ιπρὸς
2918 5619 2980 5674 τὸ
3026 5619 3344 5691 αὐξηθῆναι.
3379 5620 3631 5678 Ἐπειδὰν
3664 5620 3723 5677 δί
