4002 6206
231 412 380 472 1591

1376 413 1561 472 νΙΤΑ
1609 410 1935 471 8ΑΝΟΤίΕ
1981 409 2514 470 SYNCLl‘Z'l‘ltlz‘E.

3492 411 3518 470 ‘l
3530 411 3646 470 822

229 539 285 595 ὲν
318 539 470 618 φυτῷ
499 540 751 617 π’ρόωρον
807 539 1045 617 βλάστην
1097 543 1412 614 θεάσωνται,
1462 541 1864 616 περιτὲμνουσιν

1994 539 2192 612 planta
2221 542 2633 613 conspexerint
2665 558 2975 613 praecocem
3001 541 3328 608 surculum,
3348 541 3646 614 superflua

227 629 386 684 αὐτοὶ
443 632 508 684 τὰ
553 631 794 704 περιττά
855 629 1005 707 φιλεῖ
1047 631 1149 705 γὰρ
1198 635 1365 686 ταῦτα
1425 630 1662 703 ἑτοίμως
1692 627 1880 704 ξηραί-

222 730 430 781 νεσθαι.
465 719 560 772 Καὶ
594 717 790 792 ἰατρῶν
852 716 908 773 δὲ
957 717 1141 780 παῖδες
1191 725 1339 782 τινάς
1396 720 1487 791 μὶν
1534 723 1641 772 τῶν
1693 716 1876 793 ἀρρώ-

222 828 364 861 στων
413 807 668 884 τρέφουσι
709 804 999 881 διαψιλῶς,
1031 808 1118 862 καὶ
1170 808 1304 883 πρὸς
1335 808 1627 883 περίπατον
1653 806 1878 881 προτρὲ-

219 915 434 951 πονταισ
487 895 705 972 ἑτέρους
751 893 809 951 δὶ
854 894 1205 970 δεσμεύοντες
1235 897 1449 959 ἀσίτους
1485 896 1570 951 ἐπὶ
1603 895 1746 950 πολὺ
1777 917 1874 972 φυ-

223 983 534 1042 λάττουσιν.

291 1103 382 1156 56.
417 1101 654 1175 Φανιρὸν
703 1099 793 1155 οὖν
850 1100 1014 1169 ἔστιν,
1074 1102 1147 1163 ὡς
1209 1101 1461 1176 μέγιστον
1515 1101 1566 1155 ἐν
1615 1106 1802 1162 κακοῖς
1833 1103 1867 1170 ἡ

223 1189 568 1267 ὑπερηφανία
624 1189 900 1265 τυγχάνει·
951 1191 1041 1244 καὶ
1088 1195 1248 1245 τοῦτο
1293 1188 1554 1245 δείκνυσιν
1611 1190 1777 1258 αὐτῆς
1807 1189 1870 1243 τὸ

222 1278 488 1343 ἆναντίον,
540 1281 574 1347 ἡ
632 1278 1120 1357 ταπεινοφροσύνη.
1187 1280 1452 1354 Δυσχερὲς
1514 1277 1622 1333 ἐστι
1669 1280 1868 1348 κτήσα-

221 1367 348 1431 σθαί
401 1388 523 1423 τινα
568 1369 666 1436 τήν
716 1367 1237 1445 ταπεινοφροσύνην.
1301 1368 1360 1424 Εἰ
1416 1370 1490 1439 μή
1524 1369 1623 1443 γάρ
1653 1389 1736 1428 τις
1768 1366 1868 1419 πά-

214 1477 321 1528 σης
354 1454 514 1529 δόξης
543 1457 695 1518 ἐκτὸς
725 1457 967 1531 γένηται,
997 1457 1193 1511 τούτου
1231 1462 1328 1510 τοῦ
1362 1461 1634 1531 θησαυροῦ
1681 1461 1865 1530 τυχεῖν

215 1546 285 1600 οὐ
335 1543 640 1615 δυνήσεται.
700 1544 852 1599 Οὕτω
913 1542 969 1598 δέ
1017 1544 1126 1599 ἐστι
1191 1543 1400 1619 μεγάλη
1455 1547 1488 1613 ἡ
1520 1564 1871 1620 ταπεινοφρο-

215 1634 377 1704 σύνη,
411 1633 485 1695 ὡς
517 1635 690 1696 πάσας
717 1634 814 1695 τὰς
844 1633 1036 1708 ἀρετὰς
1072 1640 1353 1706 μιμεῖσθαι
1390 1631 1564 1689 δοκεῖν
1608 1633 1700 1687 τὸν
1754 1630 1868 1687 διά-

215 1718 414 1790 ϐολον,
443 1723 646 1792 ταύτην
681 1720 738 1776 δὶ
762 1721 904 1794 μηδὲ
923 1720 1119 1777 εἷ’δέναι
1153 1724 1202 1776 τί
1233 1720 1377 1784 δλῶς
1413 1722 1572 1779 ἐστίν.
1607 1719 1782 1782 Εἶδὼς
1814 1719 1871 1775 δὲ

217 1812 390 1880 αὐτῆς
443 1813 506 1867 τὸ
561 1811 798 1890 ἀσφαλὲς
841 1812 929 1866 καὶ
993 1809 1204 1885 ἑδραῖον
1264 1813 1290 1866 ὁ
1340 1809 1662 1878 ἀπόστολος,
1697 1831 1870 1884 προσ-

1989 646 2229 700 quaeque
2261 632 2641 697 detruncant;
2672 632 2860 685 solent
2889 631 3179 702 siquidem
3215 630 3323 685 illm
3353 631 3464 686 cito
3491 647 3644 685 ares-

1989 734 2136 774 cere.
2172 719 2378 773 Medici
2412 726 2604 773 autem
2643 719 2794 776 628
2828 725 3177 790 aegrotorum
3210 719 3357 775 alios
3395 718 3644 790 largiore

1986 807 2113 861 cibo
2147 807 2332 876 alunt,
2364 813 2420 862 et
2450 809 2519 862 ad
2570 808 3098 863 deambulationem
3158 809 3439 876 invitant;
3498 807 3642 863 alios

1985 896 2209 952 vinctos
2237 897 2458 952 diutius
2491 899 2546 952 in
2585 898 2942 953 abstinentia
2971 898 3252 953 detinent.

2053 1103 2144 1156 56.
2180 1102 2376 1158 Palam
2411 1103 2588 1175 igitur
2617 1106 2706 1158 est
2758 1102 3045 1158 malorum
3107 1118 3450 1174 supremum
3511 1117 3641 1158 esse

1980 1191 2316 1262 superbiam
2375 1210 2385 1246 :
2440 1192 2702 1262 illudque
2733 1193 3076 1262 comprobat
3105 1193 3323 1246 bonum
3357 1192 3468 1262 ipsi
3499 1207 3636 1246 con-

1977 1280 2223 1333 trarium
2260 1281 2580 1334 humilitas.
2613 1285 2769 1334 Hanc
2805 1297 2972 1350 porro
2997 1281 3228 1351 assequi
3253 1279 3490 1334 difficile
3519 1283 3631 1334 est.

1982 1368 2097 1422 Nisi
2129 1369 2281 1422 enim
2313 1369 2444 1437 quis
2471 1369 2701 1423 inanem
2737 1384 2969 1423 omnem
3031 1368 3274 1438 gloriam
3333 1367 3634 1437 abjecerlti

1980 1457 2135 1511 hunc
2184 1457 2441 1511 nancisci
2498 1459 2836 1511 thesaurum
2874 1475 2987 1511 non
3023 1457 3253 1511 valebit.
3285 1457 3385 1510 Est
3415 1456 3634 1527 quippe

1979 1547 2123 1600 adeo
2159 1561 2370 1616 magna
2403 1549 2588 1599 virtus
2623 1546 2948 1606 humilitas,
2982 1553 3047 1600 ut
3078 1545 3348 1599 diabolus
3399 1550 3635 1599 caeteras

1981 1635 2217 1706 quidem
2264 1635 2504 1689 virtutes
2537 1635 2764 1688 videtur
2793 1635 3036 1698 imitari,
3072 1634 3221 1688 hanc
3253 1633 3386 1688 vero
3413 1633 3637 1689 nesciat

1978 1723 2113 1794 quid
2148 1725 2386 1778 omnino
2420 1723 2515 1776 sit.
2552 1723 2798 1778 Proinde
2830 1724 2958 1793 ejus
3008 1724 3356 1778 soliditatem
3409 1721 3632 1776 stabili-

1981 1818 2272 1882 tatemque
2325 1829 2456 1866 cum
2512 1814 2685 1867 sciret
2727 1813 3047 1883 apostolus,
3082 1813 3342 1883 praecipit
3373 1812 3540 1866 nobis
3569 1815 3634 1866 ut

213 1901 398 1956 τάττει
476 1902 614 1974 ἡμῖν
681 1901 883 1970 ταύτην
960 1895 1434 1974 ἐγκομϐώσασθαι,
1509 1899 1598 1953 καὶ
1669 1899 1864 1961 πάντας

1982 1900 2294 1956 induamus
2327 1901 2715 1956 humilitatem
2749 1904 2787 1967 θ,
2815 1907 3139 1974 cunctaque
3171 1901 3334 1956 utilia
3363 1907 3624 1973 agentes,

215 1994 510 2052 ποιοῦντας
556 1991 623 2043 τὰ
671 1987 952 2067 ἐπωφελῆ,
1001 1988 1201 2058 ταύτην
1253 1983 1696 2063 περιϐάλλεσθαι.
1763 1985 1864 2040 Κᾶν

213 2099 276 2134 τε
305 2079 408 2154 γὰρ
437 2077 729 2147 νηστεύης,
760 2078 856 2132 κᾶν
886 2099 946 2131 τε
1006 2077 1190 2150 ἐλεῇς,
1242 2077 1338 2130 κᾶν
1383 2097 1441 2130 τε
1489 2073 1762 2148 διδάσκῃς·
1823 2075 1869 2129 εἴ

219 2163 278 2222 δὲ
318 2168 406 2221 καὶ
455 2167 684 2244 σώφρων
741 2166 1019 2241 τυγχάνῃς
1071 2166 1160 2220 καὶ
1193 2166 1433 2229 συνετὸς,
1468 2164 1630 2219 πάλιν
1661 2163 1862 2232 ταύτην

217 2253 330 2309 ἀντί
362 2252 580 2328 τοιχίου
611 2252 882 2328 ἀρῥαγοῦς
912 2258 1117 2324 σεαυτῷ
1159 2252 1524 2328 παράστησον.
1578 2253 1865 2328 Σφιγγὲτω

218 2363 314 2397 σου
371 2342 459 2397 καὶ
510 2344 783 2418 συνεχέτω
829 2363 925 2396 σου
973 2343 1067 2404 τὰς
1116 2342 1305 2417 ἀρετὰς
1353 2341 1484 2406 αὕτη
1531 2343 1565 2409 ἡ
1594 2339 1862 2410 καλλίστη

213 2435 320 2486 τῶν
379 2433 599 2486 ἁπασῶν
639 2433 860 2506 ἀρετῶν,
922 2433 957 2500 ἡ
1015 2430 1506 2508 ταπεινοφροσύνῃ.
1564 2431 1718 2505 Ὀρᾷς
1775 2429 1864 2483 καὶ

212 2521 310 2590 τὴν
341 2524 449 2575 τῶν
500 2519 664 2596 ἁγίων
715 2524 881 2593 τριῶν
925 2516 1133 2574 παίδων
1186 2518 1542 2592 ὑμνολογίαν,
1577 2518 1726 2579 ὅπως
1757 2522 1865 2571 τῶν

217 2608 403 2665 ἄλλων
438 2610 638 2683 ἀρετῶν
672 2608 734 2663 οὐ
761 2607 899 2662 πάνυ
929 2629 981 2664 τι
1017 2607 1508 2681 μνημονεύσαντες,
1528 2607 1657 2668 τοὺς
1678 2627 1868 2660 ταπει-

218 2699 344 2759 νοὺς
377 2696 468 2751 σὺν
499 2703 616 2759 τοῖς
649 2698 878 2770 ὑμνοῦσι
909 2699 1505 2773 συγκατηριθμήσαντο,
1544 2697 1618 2768 μή
1655 2695 1870 2769 εἰρηκὸ-

217 2808 304 2849 τες
337 2789 620 2864 σώφρονας
651 2787 686 2855 ἢ
717 2786 852 2856 ἀκτή
865 2807 1050 2858 μονας,
1084 2790 1284 2858 ’Ὠσπερ
1315 2786 1415 2862 γὰρ
1451 2783 1710 2839 ἀδύνατον
1737 2789 1864 2840 ναῦν

218 2875 394 2952 χωρίς
420 2874 574 2945 ἥλων
602 2877 1114 2945 κατασκευασθῆναι,
1149 2875 1322 2936 οὕτως
1345 2871 1604 2928 ἀδύνατον
1625 2875 1863 2943 σῶθῆναι

220 2964 396 3040 χωρὶς
428 2964 947 3042 ταπεινοφροσύνης.

289 3083 379 3138 57.
412 3084 528 3136 ’Ὁτι
562 3077 620 3134 δὲ
651 3079 824 3154 ἀγαθὴ
858 3080 946 3134 καὶ
981 3081 1250 3155 σωτήριος
1298 3079 1549 3157 πέφυκεν,
1583 3079 1610 3131 ὁ
1644 3078 1864 3152 Κύριος,

219 3169 356 3244 πρὸς
407 3167 723 3244 ἀνθρώπους
777 3168 1086 3240 οἰκονομίαν
1139 3167 1391 3244 πληρῶν,
1441 3168 1608 3236 αὐτὴν
1653 3168 1863 3243 ἠμφιά-

1979 2006 2104 2044 eam
2141 1992 2290 2043 velut
2321 1990 2597 2045 amictum
2636 1992 3066 2045 circumdemus
3100 1991 3267 2045 nobis
3296 2008 3309 2045 :
3339 1991 3458 2045 sive
3480 1991 3629 2062 jeju-

1978 2095 2100 2145 nes,
2126 2079 2246 2133 sive
2271 2080 2731 2134 misericordiam
2755 2096 3043 2145 exerceas,
3069 2079 3188 2134 sive
3209 2080 3437 2134 doceas.
3463 2080 3622 2144 Quod

1977 2168 2024 2222 si
2057 2173 2389 2238 temperans
2419 2174 2474 2222 et
2507 2169 2762 2238 prudens
2794 2170 2893 2233 sis,
2927 2185 3055 2222 eam
3088 2169 3192 2223 tibi
3223 2170 3465 2224 admove
3521 2185 3625 2223 ceu

1977 2257 2364 2311 fortissimum
2401 2257 2962 2327 murum,Astriugat
2996 2259 3412 2328 contineatque
3444 2261 3624 2312 virtu-

1974 2349 2061 2400 tes
2097 2352 2226 2399 tuas
2259 2348 2524 2400 omnium
2555 2345 2833 2400 virtutum
2869 2345 3356 2416 praestantissima
3387 2345 3630 2400 humili-

1975 2434 2385 2504 tas.(88)Vides
2403 2434 2581 2488 trium
2605 2449 2913 2504 puerorum
2933 2435 3404 2500 canticum,quod
3423 2450 3633 2504 nempe

1976 2522 2224 2576 aliarum
2293 2522 2573 2576 virtutum
2645 2523 2938 2576 mentione
3000 2523 3090 2576 vix
3148 2526 3320 2586 facta,
3380 2523 3633 2578 humiles

1976 2611 2261 2681 hymnum
2293 2610 2661 2665 cantantium
2693 2610 2868 2665 choro
2899 2612 3415 2666 annumeraverint
3445 2612 3632 2680 ‘°,non

1976 2701 2316 2755 memoratis
2349 2700 2814 2770 temperantibus
2845 2704 2902 2753 et
2948 2701 3310 2770 paupertatis
3371 2702 3631 2769 amanti-

1976 2788 2106 2843 bus.
2169 2790 2670 2854 Quemadmodum
2725 2789 2881 2842 enim
2915 2788 3278 2859 impossibile
3307 2795 3394 2844 est
3425 2807 3628 2844 navem

1975 2879 2101 2931 sine
2131 2878 2308 2932 clavis
2344 2876 2634 2939 fabricari,
2672 2878 2749 2930 ita
2782 2894 2887 2931 nec
2918 2875 3179 2932 valemus
3208 2878 3458 2932 salutem
3492 2895 3630 2932 con-

1976 2968 2140 3037 sequi
2174 2968 2295 3021 sine
2325 2965 2672 3020 humilitate.

2043 3083 2134 3135 57.
2165 3081 2311 3144 Quia
2341 3097 2472 3135 vero
2507 3080 2778 3151 prieclara
2809 3079 2908 3134 illa
2939 3084 3028 3134 est
3057 3084 3113 3134 et
3166 3079 3463 3149 salutaris,
3522 3086 3627 3134 Do-

1978 3171 2174 3226 minus
2234 3187 2400 3224 suam
2462 3186 2596 3241 erga
2639 3170 2907 3224 homines
2937 3170 3317 3224 ceconomiam
3353 3170 3627 3241 implens,

221 3259 578 3331 μαθήτευσον.
612 3259 789 3334 Ἀρχή
824 3279 909 3313 σοι
940 3258 1028 3312 καὶ
1061 3256 1216 3319 τέλος
1246 3262 1354 3312 τῶν
1383 3257 1598 3331 ἀγαθῶν
1627 3260 1661 3326 ἡ
1685 3277 1864 3310 ταπει-

1982 3276 2078 3312 seu
2114 3259 2472 3321 incarnatus,
2506 3275 2631 3312 eam
2666 3257 2878 3310 induit.
2913 3257 3004 3311 Ait
3048 3257 3264 3329 quippe
3297 3274 3309 3312 :
3346 3260 3542 3314 Discite
3597 3276 3632 3312 (ι

217 3365 372 3402 σατο.
407 3345 552 3416 Φησὶ
593 3344 715 3421 γάρ’
763 3347 973 3409 Μάθετε
1020 3346 1110 3400 ἀπ’
1161 3345 1319 3418 ἐμοῦ,
1377 3344 1459 3399 ὅτι
1517 3344 1687 3420 πρᾶός
1751 3343 1863 3416 εἶμι

214 3434 304 3488 καὶ
335 3436 583 3495 ταπεινὸς
613 3437 682 3507 τῇ
714 3432 927 3510 καρδίᾳ.
974 3437 1115 3508 ’Όρα
1171 3433 1252 3495 τίς
1310 3435 1338 3488 ὁ
1389 3432 1584 3508 λέγων,
1640 3430 1864 3493 τελείως

213 3524 522 3600 νοφροσύνη
552 3519 798 3597 γινισθω.
851 3518 1123 3598 Φρόνησιν
1171 3521 1314 3597 λέγω
1357 3521 1552 3596 [λέγει]
1581 3522 1862 3588 ταπεινὴν,

213 3610 277 3665 οὐ
308 3613 500 3686 σχῆμα
535 3610 719 3683 μόνον,
751 3612 840 3665 τὸν
876 3609 1022 3671 ἐντὸς
1053 3608 1336 3686 ἄνθρωπον
1367 3610 1675 3664 αἰνίττεται·
1727 3609 1864 3662 ἀκο-

215 3699 474 3770 λουθήσει
504 3700 606 3775 γὰρ
636 3699 814 3771 τούτῳ
843 3699 930 3753 καὶ
957 3699 986 3752 ὁ
1033 3699 1211 3761 ἐκτός.
1270 3701 1448 3760 Πάσας
1496 3699 1588 3760 τὰς
1641 3697 1864 3759 ἐντολὰς

217 3788 562 3858 πεποίηκας;
595 3786 754 3845 Οἶδεν
783 3789 811 3842 ὁ
863 3787 1075 3861 Κύριος·
1115 3787 1241 3842 ἀλλ’
1272 3786 1430 3848 αὐτός
1479 3807 1562 3841 σοι
1622 3785 1865 3842 ἐντέλλε-

213 3899 303 3933 ται
359 3877 521 3932 πάλιν
586 3878 764 3954 ἀρχὴν
842 3874 1091 3937 δουλείας
1166 3870 1486 3948 λαμϐάνεινο
1545 3875 1678 3952 φησί
1736 3875 1860 3950 γάρ’

214 3969 376 4021 Ὅταν
451 3967 625 4021 πάντα
705 3966 994 4036 ποιήσητε,
1076 3961 1276 4018 εἷίπατε⁸
1371 3962 1566 4018 Δοῦλοι
1645 3963 1860 4038 ἀχρεῖοι

216 4055 394 4128 ἔσμεν.

281 4174 371 4228 58.
406 4172 468 4228 Ἠ
509 4167 598 4225 οὖν
655 4167 1120 4247 ταπεινοφροσύνη
1182 4172 1542 4242 κατορθοῦται
1601 4165 1670 4222 δι’
1729 4166 1862 4221 ὀνει-

210 4259 446 4334 δισμῶν,
524 4257 594 4314 δι’
669 4254 898 4331 ὕϐρεων,
976 4255 1064 4312 διὰ
1141 4255 1385 4332 πληγῶν·
1469 4254 1559 4310 ἵνα
1631 4254 1859 4330 ἀκούσης

212 4350 400 4429 ἄφρων
455 4349 544 4404 καὶ
605 4348 812 4422 μωρὸς.
872 4347 1038 4417 πένης
1079 4346 1168 4400 καὶ
1217 4346 1463 4421 πτωχὸς,
1497 4344 1718 4414 ἀσθενὴς
1768 4344 1858 4400 καὶ

209 4437 458 4506 εὐτελὴς,
514 4435 846 4510 ἀπρόκοπος,
906 4435 956 4489 ἐν
1019 4433 1222 4511 ἔργοις,
1256 4434 1452 4510 ἄλογος
1500 4432 1550 4488 ἐν
1585 4439 1854 4509 προφορᾷ,

210 4524 407 4599 ἄτιμος
461 4524 513 4580 ἰν
567 4523 717 4594 εἷ’δει,
769 4527 992 4594 ἀσθενὴς
1047 4523 1099 4578 ἐν
1151 4521 1397 4596 δυνάμει.
1428 4528 1603 4577 Ταῦτα
1630 4530 1729 4592 τῆς
1758 4545 1857 4577 τα-

209 4613 640 4692 πεινοφροσύνης
673 4615 737 4669 τὰ
767 4618 946 4691 νεῦρα.
980 4617 1156 4668 Ταῦτα
1179 4615 1206 4668 ὁ
1236 4612 1433 4687 Κύριος
1466 4613 1625 4685 ἡμῶν
1657 4610 1858 4681 ἤκουσε
1893 4644 1936 4707 D

211 4704 302 4760 καὶ
337 4705 584 4761 πέπονθε.
648 4703 988 4779 Σαμαρείτην
1046 4701 1148 4779 γὰρ
1177 4701 1336 4757 αὐτὸν
1371 4701 1520 4756 εἶπαν
1550 4701 1637 4756 καὶ
1671 4699 1859 4774 δαιμό-

209 4815 322 4848 νιον
373 4790 588 4869 ἔχοντα.
643 4791 850 4848 Δούλου
913 4792 1126 4869 μορφὴν
1186 4788 1498 4868 ἀνείληφεν,
1576 4790 1857 4866 ἐραπίσθη,

207 4881 458 4958 πληγαῖς
487 4881 709 4956 ᾐκίσθη.

279 5001 373 5054 59.
411 5002 501 5052 Δεῖ
549 4994 641 5051 οῦν
694 4996 784 5051 καὶ
841 4999 988 5068 ἡμᾶς
1053 4998 1330 5068 μιμεῖσθαι
1387 4998 1486 5064 τήν
1549 4994 1854 5068 ἔμπρακτον

197 5086 405 5157 ταύτην
463 5084 984 5163 ταπεινοφροσύνην.
1033 5083 1152 5138 Eiet
1216 5085 1307 5156 μὶν
1349 5083 1439 5137 οὖν
1473 5106 1612 5145 τινες
1641 5085 1728 5138 καὶ
1771 5082 1858 5138 διὰ

195 5180 311 5230 τῶν
346 5175 496 5237 ἐκτὸς
530 5176 830 5250 σχημάτων
868 5173 1306 5247 ὑποκρινόμενοι,
1339 5175 1427 5228 καὶ
1475 5179 1854 5235 ταπτινοῦντες

200 5264 451 5332 ἑαυτοὺς,
484 5264 632 5336 αῦτῷ
659 5263 839 5334 τούτῳ
871 5259 1024 5332 δόξαν
1077 5264 1409 5338 θηρώμενοι·
1461 5262 1586 5318 ἀλλ’
1641 5264 1699 5318 ἐκ
1747 5267 1853 5317 τῶν

198 5358 428 5430 καρπῶν
481 5353 944 5429 ἐπιγινώσκονταιο
1007 5350 1096 5405 καὶ
1155 5352 1257 5426 γὰρ
1315 5351 1652 5414 ἐπιπολαίως
1702 5347 1854 5426 ὑϐρι-

283 5538 306 5593 Ι
340 5537 488 5593 Petr.
517 5553 570 5600 v,
599 5537 654 5592 5.
735 5536 778 5572 ¹⁰
808 5539 952 5590 Dan.
985 5551 1068 5602 ιιι,
1099 5535 1188 5589 87.

1269 5537 1309 5571 ¹¹
1348 5535 1551 5591 Matth.
1576 5553 1655 5603 ιι,
1685 5537 1771 5592 29.

282 5715 401 5790 (88)
437 5719 542 5775 re.
572 5719 683 5775 PP.
715 5717 755 5774 ι.
786 5734 842 5788 ν,
871 5717 961 5790 45,
995 5718 1083 5774 48.
1115 5718 1354 5776 Doroth.
1386 5722 1539 5778 Doct.
1573 5721 1625 5776 4.

1975 3365 2062 3402 me
2107 3350 2238 3418 quia
2266 3350 2418 3402 mitis
2447 3363 2569 3401 sum
2597 3351 2648 3399 et
2679 3347 2908 3401 humilis
2937 3346 3094 3400 corde
3126 3348 3186 3398 “.
3224 3349 3468 3402 Attende
3498 3348 3631 3419 quis

1976 3438 2053 3490 sit
2083 3437 2181 3508 qui
2216 3435 2494 3506 loquitur,
2525 3442 2769 3506 estoque
2801 3436 3094 3506 perfectus
3143 3435 3491 3506 discipulus.
3546 3438 3632 3492 Sit

1976 3527 2079 3580 tibi
2134 3524 2434 3579 humilitas
2481 3523 2834 3596 principium
2873 3523 3127 3595 ﬁnisque
3153 3525 3459 3578 virtutum.
3488 3525 3628 3580 Sen-

1976 3631 2103 3668 sum
2139 3614 2320 3668 animi
2350 3612 2490 3667 dicit
2517 3612 2822 3681 humilem,
2859 3629 2971 3666 non
3007 3612 3190 3666 solam
3225 3612 3499 3682 speciem,
3527 3614 3625 3667 sed

1974 3703 2310 3758 interiorem
2343 3702 2538 3755 innuit
2571 3701 2862 3755 hominem
2891 3717 2903 3754 :
2930 3717 3061 3755 eum
3099 3717 3350 3770 namque
3380 3701 3628 3756 exterior

1973 3797 2380 3863 consequetur.
2441 3790 2650 3845 Omnia
2706 3794 2990 3860 praecepta
3046 3787 3330 3844 servasti?
3376 3789 3431 3843 Id
3465 3790 3626 3844 novit

1974 3881 2276 3936 Dominus.
2315 3879 2520 3933 Verum
2557 3878 2680 3949 ipse
2712 3877 2818 3932 tibi
2850 3877 3116 3948 praecipit
3148 3881 3211 3931 ut
3269 3876 3621 3948 principium

1972 3968 2270 4025 servitutis
2327 3984 2530 4021 rursus
2587 3983 2892 4030 assumas;
2953 3967 3036 4020 ait
3090 3966 3244 4020 enim
3281 3983 3293 4020 :
3325 3967 3460 4020 Cum
3507 3967 3626 4022 haec

1970 4061 2155 4112 omnia
2181 4058 2445 4129 feceritis,
2477 4055 2640 4110 dicite
2673 4074 2690 4108 :
2723 4055 2876 4110 Servi
2907 4056 3135 4109 inutiles
3165 4071 3352 4108 sumus
3379 4055 3442 4108 ¹².

2038 4173 2126 4227 58.
2163 4171 2477 4227 Humilitas
2509 4171 2698 4240 itaque
2729 4175 3027 4226 exercetur
3084 4187 3185 4242 per
3239 4170 3617 4243 imprOperia,

1969 4278 2072 4334 per
2127 4259 2532 4326 contumelias,
2593 4276 2693 4331 per
2722 4258 2960 4331 plagas;
2992 4263 3058 4313 ut
3086 4257 3291 4314 audias
3322 4275 3527 4314 amens
3557 4262 3623 4313 et

1968 4351 2206 4420 stultus,
2241 4367 2460 4422 pauper
2490 4354 2543 4405 et
2570 4349 2762 4420 inops,
2794 4348 3062 4403 inﬁrmus
3094 4352 3148 4402 et
3177 4346 3330 4414 vilis,
3363 4348 3622 4403 inconsi~

1968 4441 2205 4496 deratus
2239 4439 2296 4493 in
2329 4439 2627 4510 operibus,
2659 4437 2901 4492 rationis
2931 4453 3136 4508 expers
3199 4437 3255 4491 in
3309 4436 3621 4508 loquendo,

1969 4530 2154 4584 forma
2211 4527 2607 4600 despicabilis,
2672 4525 2883 4581 debilis
2915 4525 3155 4581 viribus.
3191 4525 3256 4580 Hi
3293 4531 3432 4580 sunt
3463 4526 3621 4583 nervi

1966 4617 2340 4672 humilitatis.
2379 4617 2505 4670 Han
2539 4615 2822 4670 Dominus
2852 4618 3048 4669 noster
3076 4613 3318 4680 audivit,
3342 4613 3463 4670 haec
3495 4631 3624 4686 pas-

1970 4724 2072 4762 sus
2103 4706 2362 4761 est.Nam
2399 4703 2824 4759 Samaritanum
2860 4719 2991 4758 eum
3026 4701 3379 4770 diceb'ant,et
3407 4703 3620 4758 dmino-

1968 4797 2130 4851 nium
2166 4795 2497 4850 habentem.
2524 4799 2558 4846 Α
2573 4791 2862 4862 ssumpsit
2888 4792 3133 4847 formam
3167 4791 3342 4862 servi,
3359 4791 3622 4866 colaphis

1967 4901 2150 4940 caesus
2183 4888 2290 4952 est,
2326 4882 2629 4955 plagisque
2661 4880 3100 4936 dehonestatus.

2035 4999 2330 5070 59.0pem
2365 4998 2612 5069 pretium
2649 4997 2847 5067 itaque
2877 5002 2968 5052 est
2990 5001 3054 5051 ut
3077 5013 3222 5053 vera:
3245 5013 3350 5051 nos
3383 4994 3622 5051 humili-

1964 5090 2099 5143 tatis
2118 5087 2308 5142 aemuli
2346 5087 2810 5150 simus.Quidam
2843 5087 2998 5141 enim
3033 5092 3174 5141 sunt
3198 5086 3297 5158 qui
3327 5092 3624 5141 externam

1966 5176 2219 5247 speciem
2281 5176 2635 5231 humilitatis
2694 5174 3119 5238 ementiuntur,
3180 5181 3354 5246 atque
3402 5191 3466 5230 eo
3499 5173 3627 5244 ipso

1965 5265 2210 5336 gloriam
2246 5272 2632 5336 aucupantur.
2669 5265 2778 5318 Sed
2814 5281 2881 5318 ex
2925 5265 3209 5319 fructibus
3265 5278 3627 5334 cognoscun-

1965 5354 2177 5410 tur;ch
2213 5356 2508 5409 levissima
2536 5355 2753 5425 quippe
2789 5353 3005 5424 injuria
3037 5352 3626 5422 aﬂ'ecti,nequaquam

1854 5537 1900 5573 ¹²
1932 5537 2071 5593 Luc.
2104 5553 2244 5604 xvu,
2284 5538 2368 5592 10.
