4002 6206
318 338 472 399 1523

1452 334 1514 397 S.
1562 334 2086 397 ATHANASIUS.
2114 365 2195 381 —
2223 334 2531 398 SPURIA.

3573 334 3730 394 1524

317 472 636 540 sustinent,
667 472 1098 545 confestimque
1127 487 1231 527 ceu
1263 475 1563 542 serpentes
1597 468 1754 524 virus
1798 483 1970 524 suum

2093 464 2318 533 σθέντες,
2353 462 2451 520 οῦκ
2479 461 2729 540 ἤνεγκανο
2764 464 2908 521 ἀλλά
2936 465 3184 539 παραυτά
3217 462 3397 537 ὥσπερ
3444 458 3600 540 ὄφεις
3640 465 3729 517 τὸν

316 567 614 616 evomunt.

385 652 475 704 68.
507 653 581 706 De
614 651 989 706 sermonibus
1018 650 1310 721 ejusmodi
1341 664 1573 704 summa
1602 646 1973 702 exsultabant

318 756 446 811 quae
473 745 884 805 convenerant,
916 739 1226 811 adhueque
1285 737 1752 808 perseverabant,
1813 734 1974 790 nulla

315 828 604 883 bonorum
660 828 925 883 satietate
982 828 1261 882 admissa.
1317 826 1427 896 (89)
1478 822 1972 894 lterumqueillas

316 915 485 970 beata
517 914 693 987 Virgo
725 915 809 971 sic
839 916 1180 987 alloquitur.
1215 915 1489 986 Magnum
1543 917 1633 967 est
1679 917 1971 966 certamen

317 1003 392 1058 iis
422 1003 520 1075 qui
548 1004 836 1060 accedunt
866 1006 937 1059 ad
973 1003 1461 1074 Deum,laborque
1492 1001 1699 1072 ingens
1730 1000 1784 1054 in
1816 1000 1973 1070 prin-

318 1091 492 1162 cipio,
525 1091 733 1147 exinde
762 1108 898 1147 vero
930 1091 1212 1163 gaudium
1261 1089 1573 1145 ineffabile.
1625 1087 1770 1142 Nam
1832 1102 1973 1159 que-

320 1179 699 1235 madmodum
723 1181 820 1251 qui
843 1180 1036 1252 ignem
1056 1176 1799 1249 excitarevolunt,primum
1816 1177 1975 1229 tumo

319 1267 667 1322 inﬁciuntur
688 1284 753 1322 ac
782 1268 1067 1339 lacrymas
1088 1266 1384 1332 emittunt,
1408 1282 1592 1337 eoque
1614 1266 1787 1319 modo
1808 1269 1975 1335 opta-

319 1354 396 1410 tts
429 1355 755 1428 potiuntur;
776 1356 856 1411 ait
882 1357 1037 1411 enim
1070 1373 1082 1410 :
1108 1355 1249 1411 Deus
1276 1363 1460 1409 noster
1486 1354 1629 1423 ignis
1658 1367 1978 1409 consumens

316 1448 395 1500 est
427 1445 504 1511 ¹²ς
538 1443 616 1499 ita
647 1445 917 1500 convenit
948 1461 1053 1499 nos
1086 1459 1319 1515 quoque
1352 1443 1615 1497 divinum
1670 1442 1862 1512 ignem
1917 1441 1976 1495 in

319 1532 489 1588 nobis
550 1534 864 1588 accendere
918 1549 1049 1587 cum
1113 1531 1387 1601 lacrymis
1442 1537 1501 1586 et
1556 1529 1788 1585 labore.
1851 1534 1979 1600 lpse

319 1620 612 1691 siquidem
672 1620 957 1676 Dominus
1006 1621 1089 1676 ait
1120 1638 1133 1674 :
1170 1622 1355 1690 Ignem
1386 1621 1509 1675 veni
1532 1622 1749 1675 mittere
1777 1620 1838 1674 in
1870 1626 1978 1674 ter-

320 1726 441 1765 ram
474 1711 538 1764 ".
576 1711 642 1766 Et
674 1725 815 1766 sane
847 1711 1110 1782 quidam,
1144 1726 1276 1765 cum
1309 1709 1457 1764 fumi
1503 1708 1831 1764 molestiam
1890 1712 1978 1763 to-

322 1800 630 1873 lerassent,
667 1819 781 1858 non
814 1802 1207 1858 accenderunt
1235 1801 1452 1871 ignem,
1481 1816 1547 1854 eo
1580 1799 1731 1871 quod
1760 1797 1979 1871 patien-

324 1890 413 1946 tite
445 1896 644 1947 essent
674 1898 959 1964 expertes,
992 1907 1094 1946 seu
1132 1890 1325 1962 potius
1373 1889 1527 1961 quod
1585 1904 1787 1944 eorum
1845 1903 1982 1957 erga

322 1984 502 2035 Deum
535 1981 780 2037 affectus
809 1979 1019 2036 debilis
1048 1985 1107 2035 et
1137 1979 1409 2034 infirmus
1440 1982 1617 2035 esset.

390 2071 481 2124 61.
517 2070 907 2134 Quamobrem
941 2068 1199 2124 charitas
1230 2067 1450 2139 grande
1508 2066 1804 2121 cimelium
1865 2069 1976 2121 est:

321 2160 392 2215 de
423 2175 540 2230 qua
569 2157 691 2213 haec
722 2157 978 2212 affirmat
1006 2155 1404 2225 Apostolus:Si
1433 2171 1636 2211 omnes
1669 2153 1977 2209 facultates

319 2246 710 2312 distribueris,
745 2250 801 2300 et
826 2262 1039 2317 corpus
1088 2244 1413 2315 subegeris,
1472 2243 1812 2298 charitatem
1870 2260 1975 2297 au-

317 2343 435 2392 tem
493 2351 607 2390 non
667 2334 964 2401 habueris,
997 2336 1183 2389 factus
1222 2350 1283 2388 es
1315 2333 1473 2388 velut
1496 2350 1574 2388 ms
1604 2349 1843 2403 sonans,
1875 2339 1977 2388 aut

317 2423 653 2498 cymbalum
680 2424 941 2479 tinniens
963 2424 1247 2494 “.ingens
1268 2422 1467 2493 itaque
1488 2422 1704 2477 bonum
1730 2426 1819 2479 est
1839 2423 1973 2477 cha-

318 2514 485 2579 ritas,
519 2512 877 2586 proindeque
901 2513 1105 2583 ingens
1134 2510 1351 2565 malum
1384 2515 1473 2566 est
1502 2511 1802 2565 iracundia
1838 2528 1849 2566 :
1885 2517 1969 2565 to-

316 2606 441 2658 tam
472 2602 631 2656 enim
663 2601 922 2655 animam
957 2600 1109 2656 029
1143 2599 1397 2655 tenebris
1428 2599 1695 2659 eti‘undit,
1730 2600 1788 2653 in
1838 2600 1969 2654 t'eri-

317 2693 498 2744 tatem
558 2687 726 2742 vertit
776 2692 833 2740 et
865 2686 1084 2741 ratione
1115 2686 1321 2757 privat.
1358 2685 1637 2741 Dominus
1669 2702 1836 2757 porro
1866 2704 1969 2741 un-

320 2778 630 2849 dequaque
683 2780 895 2830 nostris
926 2790 1123 2829 curam
1158 2774 1366 2829 salutis
1401 2791 1600 2847 agens,
1634 2774 1972 2831 nullatenus

320 2863 630 2933 concessit,
663 2869 729 2919 ut
759 2863 846 2917 vel
879 2862 1189 2918 minimum
1223 2862 1363 2934 quid
1395 2863 1452 2917 in
1483 2863 1679 2919 anima
1704 2864 1972 2937 prmsidio

317 2972 565 3012 vacuum
602 2954 1215 3010 maneret.Libidinem
1248 2954 1501 3009 concitat
1530 2954 1835 3010 inimicus?
1868 2960 1971 3009 Do-

320 3046 519 3100 minus
552 3060 657 3099 nos
682 3044 1072 3115 temperantia
1102 3041 1483 3098 munivit.Sed
1508 3042 1605 3098 ille
1635 3044 1970 3115 superbiam

320 3134 515 3204 parit?
542 3150 656 3188 non
690 3132 861 3205 longe
893 3134 1058 3188 abest
1087 3132 1412 3188 humilitas.
1438 3131 1648 3188 Odium
1683 3134 1972 3190 inseruit?

2081 557 2283 612 ἑαυτῶν
2315 556 2396 610 ἱὸν
2423 554 2671 627 ὲξέμεσαν
2682 592 2693 608 .

2149 648 2239 701 60.
2268 645 2390 700 Ἐπὶ
2414 650 2530 706 τοῖς
2581 642 2765 720 λόγοις
2824 641 2884 699 δὲ
2910 644 3126 705 τούτοις
3154 641 3514 717 ἠγαλλιῶντο
3554 644 3611 697 αἱ
3641 664 3731 698 συ-

2078 732 2364 788 νελθοῦσαι
2413 727 2639 810 σφόδρα,
2689 732 2779 787 καὶ
2827 732 2992 787 πάλιν
3044 732 3537 806 προσεκαρτέρουν,
3568 731 3730 806 κόρον

2079 828 2187 877 τῶν
2218 824 2429 898 ἀγαθῶν
2481 823 2557 894 μὴ
2609 817 3004 895 λαμϐάνουσαι.
3059 819 3156 875 Καὶ
3206 818 3370 874 πάλιν
3405 821 3543 895 πρὸς
3574 820 3734 881 αὐτας

2083 914 2267 989 ἔλεγεν
2298 917 2332 983 ἡ
2369 914 2624 991 μακαρία.
2659 914 2832 989 Ἀγών
2876 913 2984 968 ἐστι
3033 911 3207 975 πολῦς
3248 918 3367 974 τοῖς
3417 932 3734 987 προσερχο-

2087 1004 2271 1075 μένοις
2300 1007 2414 1073 Θεῷ
2438 1003 2526 1057 καὶ
2558 1002 2727 1064 κόπος
2756 1002 2822 1056 τὰ
2849 1006 3060 1079 πρῶτα,
3098 998 3290 1066 ,ἔπειτα
3336 998 3393 1055 δὲ
3441 1001 3592 1075 χαρά
3639 1000 3735 1054 ἀν-

2084 1090 2432 1166 εκδιήγητος.
2492 1095 2692 1167 ’Ὠσπερ
2744 1092 2847 1166 γὰρ
2899 1091 2951 1144 οἱ
3000 1095 3107 1165 πῦρ
3156 1089 3342 1163 ἐξάψαι
3400 1088 3739 1164 βουλόμενοι

2083 1187 2299 1255 πρῶτον
2327 1180 2673 1249 καπνίζονται
2702 1180 2793 1234 καὶ
2824 1177 3135 1255 δακρύουσι,
3166 1180 3252 1232 καὶ
3286 1177 3462 1241 οὕτως
3494 1182 3599 1232 τοῦ
3641 1184 3742 1247 ζη-

2081 1272 2349 1343 τουμένου
2396 1270 2743 1345 τυγχάνουσι’
2804 1268 2893 1323 καὶ
2939 1268 3042 1344 γάρ
3086 1287 3269 1344 φησιν·
3318 1268 3380 1325 ὐ
3406 1266 3539 1329 Θεὸς
3573 1269 3738 1340 ἡμῶν

2084 1363 2191 1433 πῦρ
2223 1356 2633 1413 καταναλίσκον·
2669 1357 2812 1412 οὕτω
2843 1354 2925 1412 δεῖ
2953 1356 3043 1410 καὶ
3075 1359 3224 1428 ἡμᾶς
3249 1356 3313 1410 τὸ
3340 1362 3482 1419 θεῖον
3518 1360 3630 1429 πῦρ
3662 1355 3741 1417 εἷς

2086 1445 2306 1508 ἑαυτοὺς
2340 1445 2523 1521 ἐξάψαι
2575 1446 2708 1519 μετά
2750 1443 2995 1521 δακρύων
3049 1444 3139 1499 καὶ
3187 1444 3380 1500 κόπου.
3426 1444 3601 1505 Αὐτὸς
3631 1445 3741 1518 γάρ

2087 1555 2247 1611 φησιν
2282 1536 2309 1589 ὁ
2338 1533 2554 1607 Κύριος⁸
2588 1538 2699 1610 Πῦρ
2729 1533 2899 1603 ἦλθον
2937 1532 3121 1609 βαλεῖ)
3173 1531 3259 1586 ἐπὶ
3306 1533 3406 1600 τήν
3450 1539 3582 1606 γῆν.
3638 1531 3742 1585 Καί

2084 1644 2225 1685 τινες
2259 1620 2329 1678 δι’
2360 1622 2659 1698 ὀλιγωρίαν
2689 1628 2785 1678 τοῦ
2822 1623 2915 1695 μὲν
2946 1626 3149 1676 καπνοῦ
3195 1620 3518 1696 ἠνέσχοντο,
3567 1621 3630 1674 τὸ
3679 1618 3740 1675 6‘s

2086 1710 2193 1788 πῦρ
2242 1713 2341 1767 οῦκ
2396 1712 2618 1785 ἐξῆψαν,
2676 1710 2766 1767 διεῖ⁵
2810 1712 2873 1765 τὸ
2925 1711 3299 1786 μακροθυμίας
3355 1709 3554 1771 αὐτοὺς
3587 1708 3742 1770 ἐκτὸς

2090 1803 2247 1868 εἶναι,
2278 1802 2367 1856 καὶ
2404 1800 2615 1875 μᾶλλον
2647 1800 2821 1855 αὐτῶν
2853 1801 2952 1868 τήν
2984 1799 3106 1875 περὶ
3142 1802 3197 1853 τὸ
3225 1801 3365 1853 θεῖον
3400 1799 3591 1873 σχίσιν
3639 1798 3742 1853 ἀσ-

2091 1891 2214 1959 θενῆ
2247 1890 2336 1944 καὶ
2369 1886 2610 1966 ἀμυδρὰν
2640 1888 2949 1964 τυγχάνειν.

2158 2069 2248 2123 (ii.
2280 2068 2432 2121 Ὅθεν
2469 2061 2607 2141 μέγα
2635 2064 2926 2138 κειμήλιον
2958 2067 2994 2133 ἡ
3037 2063 3244 2139 ἀγάπη·
3294 2063 3384 2118 καὶ
3432 2062 3562 2138 περὶ
3610 2063 3745 2116 11'3-

2084 2178 2184 2226 της
2242 2153 2298 2211 δὲ
2330 2150 2806 2227 διαϐεϐαιούμενος
2838 2155 2865 2209 6
2897 2151 3234 2214 Ἀπόστολος
3266 2149 3469 2228 ἔλεγεν,
3497 2152 3577 2213 ὡς
3610 2152 3739 2205 Ἐἆν

2084 2247 2255 2299 πάντα
2310 2244 2378 2299 τὰ
2432 2244 2747 2320 ὑπάρχοντα
2804 2240 3104 2315 διανείμῃς,
3163 2240 3251 2295 καὶ
3300 2243 3361 2295 τὸ
3400 2245 3564 2312 σῶμα
3601 2240 3739 2294 ὑπο-

2083 2334 2302 2408 πιάσγ,ς,
2336 2332 2548 2408 ἀγάπην
2583 2331 2639 2387 δὲ
2666 2333 2743 2405 μὴ
2778 2330 2933 2408 ἔχῃς,
2964 2333 3191 2406 γέγονας
3224 2329 3433 2405 χαλκὸς
3458 2330 3617 2405 ἠχῶν
3640 2327 3735 2382 καὶ

2081 2417 2365 2495 κύμϐαλον
2408 2419 2703 2491 ἀλαλάζον.
2741 2422 2898 2494 Μέγα
2928 2418 3018 2474 οῦν
3053 2417 3103 2472 ὲν
3151 2420 3376 2493 ἀγαθοῖς
3425 2421 3461 2486 ἡ
3517 2417 3732 2491 ἀγάπη,

2081 2511 2155 2572 ὡς
2186 2511 2274 2565 καὶ
2308 2508 2478 2564 δεινὸν
2512 2509 2563 2564 ἒν
2594 2514 2781 2570 κακοῖς
2814 2509 2843 2561 ὁ
2874 2507 3072 2579 θυμός*
3100 2512 3270 2561 πᾶσαν
3323 2507 3425 2580 γὰρ
3470 2507 3572 2573 τήν
3622 2508 3731 2577 (ira-

2081 2602 2189 2676 χὴν
2248 2599 2495 2660 σκοτίσας
2552 2603 2640 2653 καί
2700 2598 3104 2673 ἀποθηριώσας,
3165 2596 3238 2657 εἷς
3285 2594 3515 2669 ἀλογίαν
3551 2596 3725 2673 φέρει.

2077 2690 2137 2745 Ὀ
2190 2685 2247 2743 δὲ
2296 2688 2515 2763 Κύριος,
2565 2687 2871 2761 πανταχόσε
2916 2693 3016 2755 τῆς
3066 2684 3338 2753 σωτηρίας
3395 2686 3562 2756 ἡμῶν
3620 2705 3727 2751 κηο

2082 2775 2333 2851 δόμενος,
2367 2774 2480 2831 οὐδ’
2512 2774 2661 2838 ’ὀλως
2691 2776 3037 2851 συνεχώρησε
3071 2774 3248 2850 βραχύ
3276 2795 3328 2828 τι
3370 2773 3603 2835 ἀσκεπὶς
3634 2776 3731 2841 τίς

2081 2871 2286 2942 ψυχῆς.
2322 2866 2577 2942 Λαγνείαν
2608 2870 2746 2920 κινεῖ
2793 2867 2821 2920 6
2870 2862 3107 2939 ὲχθρός;
3152 2861 3474 2940 σωφροσύνῃ
3522 2863 3676 2934 ἡμᾶς
3706 2862 3734 2915 6

2083 2955 2277 3031 Κύριος
2337 2954 2596 3011 ὡπλισεν.
2646 2952 3031 3031 Ὑπερηφανίαν
3078 2957 3269 3027 γεννᾷς
3323 2949 3519 3020 ἀλλ’ἢ
3552 2970 3735 3005 ταπει-

2082 3042 2382 3122 νοφροσύνη
2446 3042 2507 3097 οὐ
2568 3042 2774 3119 μακρὰν
2828 3040 3112 3117 τυγχάνει.
3163 3045 3332 3101 Μῖσος
3365 3038 3732 3117 “actionem;

2087 3132 2211 3189 ἀλλ’
2242 3136 2277 3203 ἡ
2312 3134 2488 3209 ἀγάπη
2522 3132 2575 3188 ἐν
2611 3131 2759 3205 μέσῳ
2789 3131 3129 3208 παρίσταται.
3156 3133 3286 3184 Ὅσα
3317 3129 3409 3184 οῦν
3453 3130 3484 3183 6
3536 3128 3741 3204 ἐχθρὸς

320 3202 380 3276 in
411 3222 603 3277 medio
632 3222 748 3277 sita
779 3202 871 3276 est
899 3221 1175 3277 charitas.
1207 3223 1507 3293 Quotquot
1565 3223 1803 3277 demum
1860 3222 1976 3279 tela

2093 3224 2207 3278 καθ’
2236 3202 2395 3295 ἡμων
2428 3202 2566 3277 κινεῖ
2599 3202 2759 3297 βέλη,
2790 3202 3037 3276 πλείοσιν
3069 3222 3217 3292 ἡμᾶς
3255 3218 3284 3272 ὁ
3312 3217 3511 3293 Κύριος
3542 3202 3745 3277 ὅπλοις

321 3310 380 3364 iu
440 3326 547 3365 nos
604 3309 800 3364 vibrat
829 3311 1220 3377 adversarius,
1256 3310 1526 3381 pluribus
1556 3328 1663 3368 nos
1693 3312 1981 3368 Dominus

320 3397 502 3453 armis
533 3398 945 3463 communivit,
977 3414 1111 3453 cum
1142 3399 1213 3453 ad
1249 3399 1500 3455 salutem
1534 3406 1817 3467 nostram,
1854 3405 1979 3455 tum

320 3486 393 3541 ad
424 3501 560 3541 eum
592 3486 1036 3541 destruendum.

390 3575 646 3631 62.lnter
679 3575 831 3631 mala
866 3576 1187 3631 maximum
1221 3580 1312 3632 est
1360 3576 1665 3633 iracundia
1714 3577 1929 3633 malum
1965 3595 1978 3633 :

325 3667 416 3721 Ira
442 3667 610 3731 enim,
647 3666 859 3736 inquit,
892 3668 1010 3721 viri
1032 3667 1307 3735 justitiam
1338 3668 1436 3722 Dei
1464 3685 1574 3722 non
1603 3672 1869 3739 aperatur
1916 3670 1977 3720 ιδ.

326 3757 738 3828 lmperandum
770 3757 970 3828 itaque
999 3764 1083 3813 est
1110 3758 1218 3825 illi,
1252 3760 1393 3830 quia
1424 3760 1479 3813 iu
1512 3763 1775 3831 tempore
1819 3759 1982 3814 utilis

326 3847 451 3903 visa
478 3850 570 3902 est
602 3864 614 3901 :
647 3847 936 3918 siquidem
972 3848 1142 3903 irasci
1164 3854 1222 3903 et
1250 3848 1603 3905 commoveri
1634 3854 1837 3905 contra
1866 3852 1980 3904 de-

329 3951 532 3991 mones
555 3937 804 4005 exitedit.
840 3942 911 3989 At
941 3937 997 3990 in
1034 3937 1329 3993 hominem
1390 3938 1766 3994 vehementer
1817 3955 1979 3994 com-

330 4024 543 4080 moveri
605 4041 977 4097 nequaquam
1011 4027 1300 4095 convenit,
1334 4026 1471 4082 licet
1502 4027 1598 4082 ille
1630 4027 1981 4099 peccaverit;

325 4130 526 4170 verum
560 4115 629 4169 ad
693 4115 1159 4186 resipisceutiam
1194 4116 1469 4171 reducere
1511 4116 1677 4171 illum
1734 4123 1982 4189 oportet,

326 4220 461 4259 cum
495 4204 698 4259 sedata
731 4203 1024 4259 fueritirze
1059 4205 1435 4276 perturbatio.

396 4293 564 4348 63.At
592 4292 751 4348 enim
783 4293 956 4348 irasci
989 4294 1234 4349 fortasse
1265 4294 1464 4350 minus
1522 4294 1741 4350 malum
1805 4294 1985 4351 videri

329 4381 537 4452 possit,
590 4381 863 4436 simultas
913 4398 1045 4437 vero
1076 4388 1134 4437 et
1164 4382 1513 4452 injuriarum
1545 4385 1829 4441 memoria
1857 4400 1983 4439 om-

332 4466 492 4524 nium
524 4468 938 4540 gravissimum
969 4477 1075 4524 est.
1114 4470 1202 4525 [ra
1233 4472 1451 4542 quippe
1482 4487 1582 4527 ceu
1619 4473 1835 4535 fumus,
1884 4474 1982 4527 ubi

2088 3309 2450 3390 ἠσφαλίσατο,
2482 3310 2617 3385 πρός
2648 3331 2705 3365 τε
2729 3315 2828 3379 τήν
2862 3312 3022 3382 ἡμῶν
3052 3306 3323 3381 σωτηρίαν
3354 3308 3447 3362 καὶ
3479 3308 3619 3382 πρὸς
3641 3310 3741 3375 τήν

2090 3398 2296 3455 ἰκείνου
2326 3399 2691 3454 κατάπτωσιν.

2160 3579 2250 3633 62.
2285 3576 2455 3631 Κακὸν
2491 3574 2584 3647 μὶν
2618 3572 2670 3629 ἐν
2702 3579 2891 3635 κακοῖς
2911 3574 2939 3628 6
2969 3572 3161 3646 θυμός.
3198 3572 3361 3647 Ὀργὴ
3393 3572 3524 3647 γὰρ,
3549 3573 3740 3646 φησὶν,

2089 3661 2284 3740 ἀνδρὸς
2313 3662 2659 3733 δικαιοσύνην
2688 3667 2822 3718 Θεοῦ
2851 3661 2912 3717 ού
2941 3661 3344 3735 κατεργάζεται.
3379 3661 3472 3715 Aci
3502 3660 3597 3714 οὖν
3646 3660 3741 3713 αύ-

2088 3754 2181 3809 τὸν
2209 3757 2479 3829 ἠνιοχεῖψ
2509 3751 2594 3807 ὅτι
2625 3751 2675 3806 ἐν
2706 3756 2880 3827 καιρῴ
2908 3754 3186 3827 χρήσιμος
3218 3747 3396 3827 ὤφθη
3433 3750 3737 3821 θυμοῦσθαι

2089 3844 2190 3918 γὰρ
2211 3843 2300 3898 καὶ
2333 3848 2593 3905 κινεῖσθαι
2623 3842 2757 3896 κατὰ
2782 3844 2892 3895 τῶν
2934 3838 3207 3913 δαιμόνων
3253 3839 3540 3916 συμφέρει.
3596 3837 3740 3909 Πρὸς

2092 3930 2150 3988 δὲ
2208 3934 2489 4005 ἄνθρωπον
2551 3927 2799 4007 σφοδρῶς
2857 3930 3115 3984 κινεῖσθαι
3183 3926 3247 3982 ού
3304 3928 3597 4003 προσήκει,
3646 3925 3745 3979 κᾶν

2093 4023 2405 4099 ἁμαρτήσας
2432 4019 2693 4095 τυγχάνῃ·
2728 4016 3062 4095 ἐπιστρέφειν
3097 4014 3155 4071 δὲ
3183 4016 3344 4071 αὐτὸν
3379 4012 3463 4071 δεῖ
3497 4015 3635 4088 μετὰ
3679 4015 3745 4067 τὸ

2091 4111 2393 4167 παύσασθαι
2423 4110 2487 4165 τὸ
2514 4112 2611 4179 τῆς
2644 4107 2815 4183 ὀργῆς
2848 4110 3038 4171 πάθος.

2162 4292 2251 4347 63.
2288 4287 2384 4343 Καὶ
2422 4287 2485 4342 τὸ
2518 4286 2612 4360 μὲν
2676 4284 2983 4360 ὀργίζεσθαι
3033 4283 3105 4344 ὡς
3166 4280 3217 4336 ὲν
3267 4286 3459 4343 κακοῖς
3492 4278 3739 4336 ἔλαττον·

2091 4381 2126 4449 ἡ
2174 4376 2232 4433 δὲ
2281 4375 2611 4451 μνησικακία
2665 4374 2878 4429 πάντων
2942 4372 3052 4427 ἐστὶ
3103 4369 3388 4447 βαρυτέρα.
3429 4371 3492 4427 Ὁ
3520 4370 3626 4446 γὰρ
3657 4382 3732 4433 ου

2098 4470 2197 4540 μὸς
2231 4466 2412 4541 ὥσπερ
2441 4465 2641 4526 καπνὸς
2673 4463 2809 4537 πρὸς
2854 4459 3041 4537 ὀλίγον
3094 4460 3343 4525 θολώσας
3389 4460 3492 4528 τήν
3550 4463 3739 4534 ψυχήν

331 4556 402 4610 ad
464 4554 632 4612 breve
662 4563 897 4629 tempus
926 4558 1188 4614 animam
1222 4560 1611 4627 conturbavit,
1646 4561 1937 4616 evanescit
1970 4579 1976 4617 :

2093 4554 2388 4612 διαλύεται·
2423 4558 2457 4624 ἡ
2490 4551 2548 4609 δὲ
2595 4551 2941 4626 μνησικακία,
2993 4548 3172 4625 ὣσπερ
3222 4548 3629 4623 ἑναποπαγεῖσα
3672 4552 3740 4621 τῇ

333 4648 393 4699 at
424 4642 774 4713 iujuriarum
811 4646 1091 4701 memoria
1123 4648 1289 4718 quasi
1345 4647 1554 4703 animas
1614 4648 1730 4704 alte
1788 4650 1984 4717 inﬁxa,

335 4730 470 4787 feris
527 4748 656 4787 eam
707 4733 1114 4789 immaniorem
1145 4735 1344 4789 efﬁcit.
1377 4740 1523 4791 Nam
1557 4736 1719 4791 canis
1748 4737 1987 4808 quidem

335 4823 541 4874 contra
570 4820 905 4892 quempiam
940 4822 1348 4890 saviens,esca
1380 4822 1681 4887 deliuitua,
1713 4824 1858 4878 iram
1890 4826 1989 4879 de-

331 4908 501 4980 ponit
534 4925 546 4963 :
582 4907 827 4980 aliaeque
859 4909 1064 4964 bellua:
1105 4911 1528 4967 consuetudine
1584 4911 1993 4967 demulcentur

330 5002 389 5053 et
445 4998 814 5061 cicurantur;
851 5000 948 5053 sed
984 4998 1079 5068 qui
1111 5000 1458 5070 injuriarum
1496 5001 1775 5057 memoria
1808 5018 1993 5056 corre-

328 5090 465 5159 ptus
496 5093 605 5155 est,
669 5105 779 5141 non
842 5087 1230 5144 cohortatioui
1287 5092 1629 5162 acquiescit,
1689 5109 1805 5147 non
1862 5092 1991 5147 cibo

328 5175 650 5240 emollitur,
703 5192 888 5245 neque
911 5180 1147 5248 ten-lpus
1179 5178 1377 5233 omnia
1408 5179 1751 5249 immutans,
1788 5180 1991 5251 hujus-

327 5264 483 5320 modi
517 5265 788 5319 morbum
820 5266 1127 5321 curaverit.
1160 5267 1226 5321 Hi
1280 5283 1416 5339 ergo
1475 5273 1819 5327 cunctorum
1883 5270 1991 5323 im-

406 5464 451 5499 "
482 5462 660 5519 Hebr.
691 5480 795 5533 xu,
827 5463 918 5518 29.
1001 5465 1047 5501 ιι
1074 5463 1213 5520 Luc.
1243 5480 1345 5534 xu,
1378 5465 1466 5522 49.

403 5639 517 5713 (89)
553 5642 652 5699 Vit.
688 5650 798 5702 PP.
830 5643 870 5701 Ι.
900 5661 956 5712 v,
983 5646 1035 5713 3,
1076 5644 1157 5700 16.

1548 5466 1634 5522 ¹⁸Ι
1664 5472 1790 5523 Cor.
1823 5483 1946 5539 xm,
1976 5467 2030 5524 3.

2096 4649 2273 4721 ψυχῇ,
2306 4643 2499 4720 θηρίου
2530 4642 2696 4709 αὐτὴν
2748 4638 3048 4716 δεινοτέραν
3097 4643 3262 4693 ποιεῖ’
3307 4636 3396 4692 καὶ
3436 4636 3587 4692 κύων
3623 4638 3739 4709 μὲν,

2094 4735 2229 4790 κατά
2257 4754 2403 4795 τινος
2436 4731 2706 4805 ἐκμανεὶς,
2742 4730 2842 4785 ὑπὸ
2870 4736 2972 4798 τῆς
3012 4733 3219 4805 τροφῆς
3270 4725 3591 4797 θωπευθεὶς,
3646 4747 3741 4797 με·

2095 4818 2422 4878 ταϐάλλεται
2473 4827 2571 4890 τῆς
2625 4818 2821 4895 ὀργῆς·
2864 4816 2954 4872 καὶ
3002 4813 3180 4872 τᾶλλα
3228 4812 3286 4869 δὲ
3315 4814 3479 4889 θηρία
3512 4814 3619 4869 ὑπὸ
3646 4821 3745 4883 τῆς

2096 4910 2377 4982 συνηθείας
2431 4907 2785 4982 μειλίσσεται·
2838 4907 2867 4961 6
2927 4903 2983 4960 δέ
3032 4925 3091 4981 γε
3137 4908 3205 4978 τῇ
3256 4903 3591 4977 μνησικακίᾳ
3618 4924 3747 4979 κραο

2096 4999 2358 5074 τούμενος
2391 4997 2452 5052 ού
2484 4994 2818 5073 παρακλήσει
2868 4994 3124 5065 πείθεται,
3175 4993 3235 5047 ού
3283 4994 3463 5070 τροφῇ
3520 4990 3747 5066 πραύνε-

2096 5110 2207 5161 ται,
2238 5088 2360 5142 οὕτε
2394 5087 2502 5160 μὴν
2531 5087 2558 5141 ὁ
2588 5085 2758 5139 πάντα
2801 5079 3157 5157 μεταεάλλων
3209 5081 3409 5157 χρόνος
3455 5080 3522 5137 τὸ
3579 5080 3749 5141 πάθος

2096 5177 2294 5233 τούτου
2359 5175 2567 5231 ἰάσατο.
2631 5171 2791 5227 Οῦτοι
2850 5171 2941 5226 οῦν
3002 5166 3341 5226 ἀσεϐέστατοι
3393 5170 3613 5223 πάντων
3650 5169 3747 5224 εἰσὶ

2101 5265 2190 5321 καὶ
2247 5264 2611 5339 ἀνομώτατοι.
2672 5260 2749 5319 Ού
2806 5261 2909 5336 γὰρ
2969 5258 3299 5314 ὑπακούουσι
3341 5262 3439 5313 τοῦ
3484 5264 3749 5333 Σωτῆρος

2109 5466 2154 5504 ⁸⁸
2182 5465 2304 5523 Jac.
2337 5481 2378 5535 ι,
2403 5464 2493 5519 20.
