4002 6206
294 421 442 480 1525

1433 417 1618 479 ἯΊἈ
1661 415 1987 477 ΞᾹΝΟΤΑΞ
2030 416 2552 477 ΞΥΝΟΙΕΊῚΟᾹΞ.

3535 415 3690 478 1526

293 550 566 626 λέγοντος,
598 548 675 611 ὡς
720 552 945 623 Ὕπαγε,
996 551 1212 621 πρῶτον
1259 544 1591 622 διαλλαγηθι
1639 549 1720 617 τῷ
1775 542 1933 600 ἀδεΛο

2051 546 2297 618 piissimi
2331 552 2556 604 suntet
2603 546 2961 620 iniquissimi
2997 566 3009 616 ;
3044 564 3159 603 non
3207 547 3363 604 enim
3410 548 3693 605 Salvatori

292 643 376 719 φῷ
453 658 583 694 σου·
640 637 732 694 καὶ
792 634 936 693 οὕτω
1004 636 1240 713 πρόσαγε
1295 637 1358 691 τὸ
1425 633 1599 711 δῶρόν
1659 654 1790 689 σου’
1851 635 1941 688 καὶ

293 728 564 805 ἀλλαχοῦ·
619 728 708 797 Μή
758 724 1046 795 ἐπιδυέτω,
1077 725 1263 804 φησὶν,
1316 727 1344 780 ὁ
1386 724 1548 795 ¹ἥλιος
1596 723 1682 780 ἰπὶ
1735 743 1939 799 παρορ-

291 816 479 894 γισμῷ
511 817 689 891 ὑμῶν.

358 998 451 1053 6i.
485 991 665 1051 Καλδν
700 995 795 1066 μὲν
827 991 919 1048 οὗν
952 994 1013 1048 τὸ
1048 993 1125 1066 μή
1158 992 1492 1069 ὀργισθῆναι·
1527 990 1573 1045 εἰ
1613 988 1672 1045 δὲ
1714 989 1803 1045 καὶ
1850 990 1939 1064 γὲ-

288 1104 470 1153 νηται,
505 1080 633 1137 οὐδὲ
685 1079 879 1155 μὲτρον
921 1101 1006 1135 σοι
1056 1080 1267 1156 ἡμέρας
1306 1079 1442 1156 πρὸς
1490 1079 1553 1134 τὸ
1597 1080 1769 1140 πάθος
1818 1099 1941 1157 συντ

290 1171 596 1249 ιχώρησεν,
630 1171 747 1226 εἷπε
797 1171 897 1246 γὰρ
964 1170 1040 1243 μὴ
1103 1167 1347 1224 ἐπιδῦναι
1393 1169 1485 1223 τὸν
1534 1166 1724 1237 ἥλιον.
1766 1167 1841 1222 Σὺ
1886 1164 1944 1222 δὲ

291 1260 512 1337 ἐκδέχῃ,
542 1257 648 1322 ’έως
681 1259 742 1314 ἂν
772 1259 801 1314 ὁ
825 1264 929 1321 πᾶς
962 1279 1057 1313 σου
1106 1257 1306 1334 χρόνος
1354 1255 1469 1330 δύῃ.
1506 1257 1621 1313 Οὐκ
1671 1254 1819 1317 οἶδας
1868 1256 1942 1310 εἰ-

286 1356 428 1406 πεῖν’
490 1351 673 1423 Ἀρκεῖ
722 1351 791 1423 τῇ
850 1348 1038 1424 ἡμέρᾳ
1095 1350 1130 1417 ἡ
1186 1346 1348 1402 κακία
1405 1346 1592 1415 αὐτῆς.
1650 1345 1710 1399 Τί
1766 1350 1940 1417 μισεῖς

284 1441 380 1494 τὸν
414 1439 731 1509 λυπήσαντα
759 1434 1044 1507 ἄνθρωπον
1071 1456 1085 1506 ;
1116 1436 1227 1491 Οὐκ
1250 1436 1409 1497 αὐτὸς
1457 1436 1523 1504 ἦν
1574 1435 1602 1488 ὁ
1659 1431 1940 1504 ἀδικήσας,

287 1526 416 1583 ἀλλ’
448 1529 477 1582 ὁ
510 1522 793 1588 διάϐολος.
826 1525 1073 1597 Μίσησον
1101 1526 1199 1593 τήν
1230 1525 1409 1594 νόσον,
1438 1524 1527 1579 καὶ
1583 1525 1658 1597 μὴ
1712 1524 1803 1579 τὸν
1851 1544 1942 1577 νο-

288 1621 508 1673 σοῦντα’
558 1617 620 1671 Τί
677 1615 916 1692 ἐγκαυχᾷ
967 1614 1019 1669 ἰν
1077 1613 1260 1685 κακίᾳ,
1320 1610 1547 1682 δυνατὲ,
1608 1612 1737 1688 Περὶ
1786 1612 1938 1683 ὑμῶν

285 1711 453 1762 τοῦτο
485 1706 514 1760 ὁ
545 1703 765 1779 ψαλμὸς
817 1698 1062 1773 ἐϐόησεν·
1119 1701 1377 1774 Ἀνομίαν
1427 1701 1551 1777 γὰρ,
1585 1700 1767 1779 φησὶν,
1802 1698 1937 1770 ὃλην

283 1797 389 1865 τὴν
420 1794 652 1871 ἡμίραψ
682 1791 949 1858 τουτέστι,
978 1791 1151 1846 πάντα
1177 1792 1268 1846 τὸν
1317 1798 1419 1860 τῆς
1471 1796 1616 1860 ζωῆς
1664 1811 1761 1845 σου
1809 1784 1941 1865 χρό-

284 1906 380 1940 νον
412 1882 738 1959 παρακούεις
765 1886 864 1937 τοῦ
908 1880 1209 1954 νομοθέτου
1236 1883 1333 1936 τοῦ
1365 1878 1643 1954 λὲγοντος·
1679 1880 1773 1947 Μὴ
1822 1878 1937 1933 ἐπι-

286 1931 736 2041 signa;
774 1931 860 2025 se
915 1931 1414 2045 έζῑῗέιᾎιρξρέιζμῷ
1443 1931 1623 2039 ἰμῶᾷ
1682 1931 1825 2037 φέρι
1858 1964 1937 2039 δι,
1976 1931 2017 1995 Β

284 2063 367 2125 ὡς
424 2058 665 2117 ’Δδικίαν
721 2057 1011 2134 ἐλογίσατο
1072 2060 1107 2127 ἡ
1167 2056 1391 2133 γλῶσσά
1465 2078 1598 2111 σου·
1658 2055 1721 2111 ού
1796 2056 1940 2131 παύῃ

282 2150 390 2227 γὰρ
425 2148 766 2226 βλασφημῶν
797 2148 888 2203 τὸν
920 2144 1154 2224 ἀδελφόν
1207 2167 1322 2203 σου.
1352 2147 1506 2201 Ὅθεν
1558 2143 1739 2201 δικαία
1786 2166 1869 2200 σοι
1900 2148 1935 2215 ἠ

279 2238 529 2315 τιμωρία
558 2239 684 2314 παρ’
714 2236 878 2292 αὐτοῦ
922 2239 1017 2290 τοῦ
1046 2232 1327 2308 Ὑμνῳδοῦ
1381 2234 1440 2289 ἐκ
1483 2238 1582 2289 τοῦ
1630 2234 1938 2307 Πνεύματος

280 2328 666 2407 προσφέρεται·
728 2327 827 2381 Διὰ
893 2322 1056 2380 τούτο
1113 2324 1235 2400 γὰρ,
1297 2323 1483 2402 φησὶν,
1543 2326 1571 2379 ὁ
1626 2324 1757 2385 Θεὸς
1815 2333 1940 2387 καθ-

283 2417 403 2473 ελεῖ
452 2438 510 2471 σε
567 2416 642 2477 εἰς
691 2413 876 2481 τέλος,
936 2412 1145 2469 ἐκτίλαι
1230 2433 1303 2467 σε
1360 2412 1450 2466 καὶ
1529 2411 1938 2484 μεταναστεῖηαί

282 2527 347 2561 σε
396 2505 505 2560 ἀπὸ
562 2501 921 2576 σκηνώματός
981 2522 1099 2569 σου,
1149 2500 1240 2555 καὶ
1314 2501 1377 2554 τὸ
1455 2499 1671 2576 ῥίζωμὰ
1726 2521 1822 2555 σου
1880 2499 1939 2554 ἐκ

280 2602 395 2671 γῆς
457 2595 691 2665 ζώντων.
725 2595 908 2650 Ταῦτα
957 2595 1035 2663 τῷ
1095 2590 1413 2663 μνησικάκῳ
1460 2589 1528 2643 τὰ
1575 2586 1740 2661 δῶρα·
1771 2593 1937 2644 ταῦτα

280 2691 385 2752 τῆς
414 2682 603 2744 κακίας
632 2681 700 2736 τὰ
728 2676 957 2745 ἔπαθλα.

356 2866 447 2920 65.
486 2859 853 2924 Φυλάττεσθαι
884 2856 975 2913 οὗν
1023 2854 1141 2912 δὲον
1188 2856 1294 2914 ἀπὸ
1345 2855 1718 2930 μνησικακίας·
1750 2852 1937 2911 πολλά

276 2951 387 3027 γὰρ
437 2949 573 3023 αὐτῇ
630 2945 992 3011 ἀκολουθοῦσι
1051 2941 1218 3016 δεινὰ,
1248 2942 1465 3021 φθόνος,
1497 2942 1669 3015 λύπη,
1699 2941 1932 2999 καταλα-

280 3038 402 3095 λιά.
461 3035 847 3114 Θανατηφόρος
877 3031 1146 3104 ὴτούτων
1207 3031 1387 3103 κακία,
1418 3031 1514 3086 κᾶν
1577 3035 1743 3108 μικρὰ
1798 3029 1932 3106 δοκῇ

277 3126 594 3203 τυγχάνειν.
626 3129 800 3180 Ταῦτα
861 3123 956 3197 μὲν
1015 3122 1120 3198 γὰρ
1177 3119 1359 3196 ὥσπερ
1422 3119 1558 3197 βὲλη
1610 3118 1783 3176 λεπτά
1836 3126 1933 3177 τοῦ

280 3216 490 3292 ἐχθροῦ
543 3214 895 3290 τυγχάνουσι.
925 3212 1023 3267 Καὶ
1081 3208 1352 3272 πολλάκις
1405 3212 1472 3265 τά
1518 3210 1624 3265 ἀπὸ
1672 3208 1934 3284 διπόμου

2051 637 2458 707 obsequuntur
2482 636 2565 692 sic
2611 637 2866 708 loquenti
2901 655 2914 694 :
2951 637 3091 693 Vade
3142 640 3300 709 prius
3343 639 3697 694 reconciliari

2049 727 2223 795 fratri
2262 730 2354 782 tuo
2403 745 2419 780 :
2466 729 2652 797 sicque
2693 727 2834 799 oﬂer
2898 743 3095 782 manus
3152 731 3307 781 tuum
3368 727 3430 761 ¹“¹’
3464 726 3532 782 Et
3582 727 3696 783 alio

2052 812 2226 869 loco:
2277 814 2395 881 Sol,
2441 814 2656 885 inquit,
2705 831 2816 870 non
2868 815 3077 871 occidat
3134 831 3299 887 super
3342 815 3695 872 iracundiam

2052 907 2284 958 vestram
2321 904 2383 958 ³⁸.

2120 993 2190 1047 64
2243 993 2442 1065 Operae
2490 993 2740 1064 pretium
2789 993 2971 1065 igitur
3016 999 3104 1050 est
3135 1010 3250 1051 non
3281 995 3453 1051 irasci
3489 1011 3503 1050 :
3538 996 3695 1066 quod

2052 1082 2101 1136 si
2131 1086 2328 1137 tamen
2362 1083 2414 1136 id
2451 1082 2777 1153 contigerit,
2812 1100 2884 1138 ne
2915 1084 3088 1139 unius
3135 1086 3370 1155 quidem
3416 1084 3530 1139 diei
3561 1101 3695 1156 spa-

2052 1170 2199 1225 tium
2234 1171 2336 1226 tibi
2371 1171 2653 1227 cnncessit
2686 1172 2756 1226 nd
2791 1172 2967 1227 animi
3004 1165 3227 1227 motum
3278 1172 3647 1229 retinendum
3677 1188 3690 1228 :

2053 1260 2325 1331 praecepit
2353 1261 2508 1315 enim
2543 1278 2613 1315 ne
2644 1260 2728 1315 sol
2780 1262 3025 1316 occidat.
3077 1262 3158 1316 Tu
3208 1278 3341 1317 vero
3385 1263 3695 1333 procrasti-

2054 1365 2179 1417 nas,
2212 1348 2394 1404 donec
2425 1355 2613 1403 totum
2646 1350 2774 1403 vita:
2821 1356 2935 1404 tuae
2983 1356 3218 1421 tempus
3261 1351 3555 1406 occiderit.
3585 1351 3696 1406 Ne-

2052 1437 2169 1491 scis
2204 1437 2313 1491 hoc
2344 1437 2536 1492 dicere
2570 1454 2583 1491 :
2616 1438 2837 1508 Sufﬁcit
2864 1438 2954 1494 die
2983 1439 3207 1494 malitia
3234 1455 3338 1494 sua
3362 1440 3429 1493 ’9.
3462 1439 3577 1494 Cur
3601 1440 3699 1496 ho-

2054 1525 2269 1579 minem
2302 1525 2435 1580 odio
2487 1526 2687 1593 habes,
2736 1526 2832 1591 qui
2882 1532 2937 1581 te
2986 1526 3254 1582 molestia
3304 1527 3541 1583 affecit?
3569 1528 3695 1583 Non

2051 1612 2175 1685 ipse
2206 1615 2313 1668 tibi
2348 1614 2627 1684 injuriam
2661 1615 2876 1686 intulit,
2910 1616 3013 1671 sed
3047 1617 3340 1672 diabolus.
3373 1616 3515 1673 0dio
3549 1617 3698 1673 habe

2050 1704 2479 1774 aegritudinem;
2507 1721 2619 1759 non
2654 1720 2872 1775 aegrum
2912 1721 2924 1759 :
2960 1704 3101 1774 Quid
3127 1704 3399 1777 gloriaris
3448 1709 3506 1762 in
3539 1708 3695 1762 mati—

2048 1794 2147 1862 tia,
2178 1796 2276 1865 qui
2299 1803 2485 1864 potens
2535 1811 2591 1849 es
2644 1795 2735 1850 9°?
2766 1800 2838 1849 De
2867 1802 2921 1850 te
2961 1796 3069 1850 hoc
3116 1795 3427 1852 Psalmista
3475 1797 3692 1853 clama-

2050 1881 2128 1936 vit
2161 1899 2174 1936 :
2206 1883 2263 1938 In
2295 1884 2593 1954 iniquitate
2621 1882 2798 1950 enim,
2830 1883 3039 1955 inquit,
3071 1889 3183 1940 tota
3210 1885 3299 1941 die
3319 1886 3362 1920 ²¹
3396 1903 3409 1953 ;
3445 1886 3551 1941 hoc
3581 1891 3691 1953 est,

2049 1975 2170 2026 toto
2188 1973 2313 2026 vita:
2330 1976 2445 2027 tua:
2459 1977 2722 2042 tempore
2744 1989 2857 2026 non
2887 1973 3077 2028 obtem
3088 1989 3257 2043 peras
3271 1972 3691 2045 legislatoridi-

2049 2064 2201 2116 centi
2236 2079 2248 2115 :
2281 2062 2395 2116 Non
2425 2060 2641 2116 occidat
2669 2060 2759 2115 sol
2782 2077 2947 2130 super
2966 2061 3320 2117 iracundiam
3338 2064 3695 2119 vestram.Ait

2048 2155 2245 2204 autem
2272 2167 2285 2205 :
2319 2149 2617 2217 Iniustiam
2636 2152 2893 2219 cogitavit
2921 2150 3116 2218 lingua
3146 2154 3241 2205 tua
3265 2150 3461 2205 ".Nou
3496 2167 3694 2208 cessas

2050 2237 2284 2293 fratrem
2318 2244 2484 2292 tuum
2518 2239 2805 2293 incessere
2825 2238 3167 2294 maledictis.
3203 2240 3390 2303 Quare
3418 2241 3694 2295 meritum

2049 2326 2151 2380 tibi
2180 2325 2538 2397 supplicium
2561 2326 2634 2381 ab
2664 2327 2791 2398 ipso
2823 2325 3137 2382 Psalmista
3159 2343 3228 2382 ex
3248 2326 3466 2399 Spiritu
3492 2335 3696 2384 sancto

2048 2415 2421 2469 renuntiatur
2454 2440 2468 2480 ;
2500 2416 2827 2487 Propterea,
2861 2413 3078 2487 inquit,
3113 2416 3251 2470 Deus
3289 2414 3524 2472 destruet
3553 2420 3606 2473 te
3636 2418 3698 2472 in

2045 2504 2231 2574 ﬁnem,
2262 2508 2313 2559 et
2343 2506 2616 2573 emigrare
2643 2503 2805 2574 faciet
2832 2503 2967 2559 tede
3010 2504 3360 2559 tabernaculo
3384 2513 3497 2572 tuo,
3528 2514 3580 2560 et
3608 2522 3694 2561 ra-

2046 2593 2235 2649 dicem
2266 2597 2420 2648 tuam
2447 2594 2515 2648 de
2544 2600 2695 2647 terra
2741 2595 3041 2648 viventium
3092 2593 3160 2647 ³³.
3194 2593 3322 2649 Haec
3369 2598 3509 2649 sunt
3538 2594 3693 2649 dona

2044 2698 2249 2737 eorum
2280 2682 2382 2753 qui
2431 2681 2777 2737 memoriam
2830 2682 3085 2737 retinent
3132 2682 3505 2752 injurisrum.
3560 2682 3690 2739 Haec

2044 2768 2365 2825 simultatis
2398 2769 2655 2843 praemia.

2113 2860 2202 2913 65.
2253 2860 2572 2915 Caveamus
2619 2875 2756 2932 ergo
2822 2860 2893 2915 ab
2960 2859 3313 2929 injuriarum
3381 2861 3683 2917 memoria.

2043 2946 2227 3002 Multa
2276 2949 2494 3020 quippe
2540 2955 2985 3020 consequuntur
3041 2964 3171 3003 eam
3220 2947 3394 3015 mala,
3445 2949 3686 3013 invidia,

2045 3036 2303 3103 tristitia,
2337 3036 2698 3093 obtrectatio.
2732 3036 3017 3092 Lethifera
3044 3042 3133 3092 est
3177 3036 3388 3093 horum
3440 3038 3685 3104 malitia,

2044 3123 2179 3181 licet
2212 3126 2435 3181 modica
2470 3126 2752 3181 videatur.
2799 3125 3020 3180 Etenim
3072 3125 3275 3181 isthmc
3322 3134 3461 3182 sunt
3511 3129 3690 3183 veluti

2046 3213 2273 3269 minora
2304 3213 2525 3269 inimici
2578 3212 2708 3269 tela.
2766 3213 3117 3285 Plerumque
3160 3219 3355 3271 tamen
3386 3216 3599 3272 accidit
3628 3222 3695 3272 ut

283 3302 568 3381 μαχαίρας
625 3301 714 3357 καὶ
777 3301 1020 3375 μείζονος
1096 3298 1279 3376 ξίφους
1335 3297 1637 3375 τραύματα,
1683 3299 1773 3353 οἷά
1824 3298 1933 3354 ἐστι

2051 3302 2289 3358 vulnera
2318 3321 2421 3374 per
2447 3302 2708 3375 gladium
2743 3302 3079 3375 ancipitem,
3129 3307 3187 3358 et
3234 3304 3558 3360 maximum
3590 3323 3694 3361 en-

279 3392 512 3466 πορνεία
558 3390 648 3446 καὶ
694 3388 1000 3461 πλεονεξία,
1031 3387 1121 3443 καὶ
1171 3386 1353 3465 φόνος,
1383 3386 1607 3457 ἰάθησαν
1666 3385 1933 3450 πολλάκις

2051 3408 2173 3447 sem
2205 3392 2447 3456 inﬂicta,
2481 3390 2814 3461 cujusmodi
2852 3395 3014 3458 sunt,
3064 3391 3394 3460 fornicatio,
3429 3396 3694 3462 avaritia,

281 3479 379 3537 διὰ
432 3486 529 3536 τοῦ
586 3479 863 3550 σωτηρίου
920 3476 1207 3555 φαρμάκου
1260 3483 1359 3546 τῆς
1411 3475 1715 3548 μετανοίας·
1776 3477 1933 3549 ὑπερ-

2051 3479 2458 3541 bomicidium.
2520 3479 2760 3535 salutari
2804 3480 3155 3552 poenitentia
3224 3481 3449 3536 medela
3492 3489 3698 3539 curata

280 3569 494 3646 ηφανία
533 3567 613 3638 δὲ,
643 3569 679 3638 ἢ
734 3565 1083 3641 μνησικακία,
1114 3566 1149 3634 ἢ
1181 3562 1509 3634 καταλαλιά,
1540 3565 1719 3640 ὥσπερ
1772 3566 1933 3639 μικρᾶ

2051 3567 2264 3624 fuerint
2294 3585 2307 3624 :
2342 3569 2619 3640 superbia
2644 3586 2798 3634 vero,
2845 3568 3198 3639 injuriarum
3246 3571 3548 3635 memoria,
3580 3574 3684 3628 ob-

284 3657 557 3716 δοκοῦντα
587 3658 721 3713 εἶναι
756 3655 916 3733 βέλη,
950 3654 1324 3719 λανθανόντως
1366 3653 1600 3723 ἀνεῖλαν,
1633 3655 1768 3710 κατά
1829 3659 1933 3712 τῶν

2051 3658 2335 3723 tractatio,
2368 3676 2494 3731 qua:
2529 3675 2628 3729 pro
2680 3658 2945 3713 minimis
2992 3656 3125 3713 telis
3180 3658 3490 3725 habentur,
3539 3659 3693 3716 clam

282 3746 659 3823 καιριωτέρων
700 3753 801 3815 τῆς
846 3748 1032 3820 ψυχῆς
1085 3743 1291 3818 μορίων
1350 3744 1602 3818 παγέντα.
1651 3745 1831 3800 Ταῦτα
1879 3741 1933 3799 δὲ

2051 3747 2623 3818 interemerint,ipsis
2656 3747 3040 3802 nobilioribus
3071 3745 3279 3802 animus
3303 3747 3566 3818 partibus
3594 3748 3693 3805 de-

283 3835 354 3893 ού
382 3840 463 3908 τῷ
496 3834 701 3909 μεγέθει
733 3834 941 3910 ἀναιρεῖ
965 3839 1065 3901 τῆς
1111 3831 1362 3907 πληγῆς,
1391 3829 1539 3887 ἀλλά
1592 3836 1662 3906 τῇ
1709 3830 1933 3906 ἀμελείᾳ

2051 3838 2182 3892 fixa.
2222 3841 2351 3891 Haec
2371 3840 2567 3890 autem
2596 3852 2709 3891 non
2724 3836 3006 3906 gravitate
3027 3833 3283 3890 Vulneris
3306 3835 3688 3901 interﬁciunt,

280 3930 397 3981 τῶν
439 3922 775 4002 τρωθέντων
811 3922 885 3984 ὠς
922 3918 1154 3995 μηδενὸς
1208 3920 1308 3995 γάρ
1368 3915 1537 3974 ὄντων
1596 3922 1933 3999 καταφρονή-

2051 3926 2143 3981 sed
2195 3925 2421 3981 incuria
2474 3922 2867 3989 vulneratum,
2937 3923 3038 3994 qui
3084 3939 3217 3978 cum
3267 3924 3686 3981 detractionem

281 4035 477 4077 σαντες
507 4020 609 4083 τῆς
637 4032 697 4067 τε
744 4008 1078 4071 καταλαλιᾶς
1103 4009 1193 4064 καὶ
1241 4009 1348 4066 τῶν
1400 4008 1633 4078 λοιπῶν,
1660 4010 1796 4064 κατὰ
1845 4032 1934 4081 μι-

277 4104 416 4179 κρὸν
451 4103 541 4158 ὑπ’
571 4101 745 4157 αὐτῶν
780 4097 1164 4178 διεφθάρησαν.

356 4194 451 4248 66.
489 4189 630 4265 Βαρὺ
687 4188 779 4245 οὖν
834 4188 924 4243 καὶ
982 4186 1268 4263 μοχθηρὸν
1312 4189 1348 4256 ἠ
1397 4184 1723 4241 καταλαλιαί
1754 4187 1932 4265 τροφὴ

275 4280 385 4357 γὰρ
442 4279 532 4335 καὶ
591 4278 873 4335 ἀνάπαυλά
924 4297 1086 4332 τινων
1118 4276 1413 4351 ἀνθρώπων
1442 4274 1725 4351 τυγχάνει.
1770 4275 1843 4330 Σὺ
1877 4273 1936 4331 δὲ

281 4371 365 4443 μὴ
398 4365 667 4445 παραδέξῃ
693 4368 862 4437 ἀκοήν
898 4365 1147 4440 ματαίαν,
1184 4365 1260 4438 μὴ
1307 4364 1415 4420 τῶν
1470 4363 1776 4440 ἀλλοτρίων
1832 4386 1925 4420 και

276 4463 393 4514 κῶν
427 4455 643 4534 δοχεῖον
663 4457 808 4533 γένῃ.
827 4456 1142 4532 ’Δπὲριττον
1176 4458 1399 4509 σεαυτοῦ
1426 4456 1526 4522 τὴν
1551 4455 1735 4529 ψυχήν
1767 4476 1933 4529 παρα-

277 4546 524 4615 σκεύαζε.
557 4542 951 4617 Ὑποδεξαμὲνη
1010 4544 1113 4617 γὰρ
1171 4543 1271 4611 τὴν
1330 4539 1546 4613 δυσώδη
1591 4547 1699 4597 τῶν
1751 4542 1933 4618 λόγων

2045 4032 2178 4071 cum
2212 4012 2452 4085 reliquis
2482 4012 2638 4068 vitiis
2663 4011 2829 4067 nihili
2866 4011 3432 4083 peudant,paulatim
3468 4030 3569 4084 per
3589 4012 3688 4069 illa

2047 4109 2308 4175 pereunt.

2112 4192 2201 4247 66.
2234 4196 2417 4247 Grave
2447 4190 2623 4262 igitur
2652 4195 2710 4245 et
2730 4188 3127 4261 perniciosum
3145 4189 3448 4262 quidpiam
3480 4191 3687 4248 estob«

2045 4280 2332 4350 tractatio,
2363 4297 2487 4351 qua:
2517 4278 2683 4335 cibus
2714 4284 2800 4335 est
2827 4295 2894 4335 ac
2926 4277 3102 4334 veluti
3140 4278 3371 4350 requies
3401 4295 3684 4351 quorum-

2045 4371 2177 4426 dam
2214 4369 2541 4425 nominum.
2593 4369 2680 4423 Tu
2726 4384 2858 4424 vero
2901 4384 2971 4423 ne
3020 4367 3277 4439 excipias
3326 4367 3685 4426 auditionem

2045 4457 2282 4525 malum,
2312 4475 2383 4514 ne
2413 4457 2661 4513 aliorum
2696 4457 2985 4513 malorum
3019 4473 3085 4512 ac
3122 4455 3395 4513 vitiorum
3429 4463 3685 4530 recepta-

2041 4547 2240 4603 culum
2272 4548 2502 4602 evadas.
2524 4546 2793 4601 Animam
2833 4550 2994 4600 tuam
3024 4545 3235 4601 reddas
3255 4546 3573 4618 superﬂuie
3592 4564 3683 4603 va-

274 4635 628 4712 ἆκαθαρσίαν,
659 4630 889 4704 κηλίδας
917 4635 987 4707 τῇ
1021 4631 1160 4707 εύχῇ
1203 4652 1303 4686 σου
1351 4631 1634 4704 προσάξεις
1686 4629 1775 4687 διὰ
1817 4637 1924 4688 τῶν

2051 4653 2232 4692 :uam.
2267 4635 2324 4691 Si
2358 4651 2606 4707 namque
2635 4634 2899 4707 putidum
2931 4650 3270 4690 sermonum
3304 4633 3558 4691 illuviem
3589 4636 3684 4691 ad-

276 4725 591 4800 λογισμῶν,
617 4723 708 4778 καὶ
740 4720 989 4783 ἀναιτίως
1023 4722 1270 4794 μισήσει,
1299 4718 1427 4783 τοὺς
1477 4719 1922 4796 ἐντυγχάνοντας.

274 4806 687 4890 Καταϐαφείσης
718 4814 823 4886 γάρ
850 4829 945 4863 σου
971 4814 1071 4878 τῆς
1104 4806 1271 4876 ἀκοῆς
1304 4808 1405 4862 ὑπὸ
1457 4813 1556 4877 τῆς
1603 4811 1708 4862 τῶν
1755 4829 1923 4863 κακο-

273 4900 593 4977 λογούντων
640 4896 1047 4973 ἀπανθρωπίας,
1082 4898 1315 4972 ἀγεννῶς
1374 4902 1532 4952 πᾶσιν
1584 4895 1919 4960 ἐνατενίσεις·

272 4989 514 5064 καθάπερ
547 4990 578 5045 ὁ
611 4985 920 5067 ὀφθαλμὸς,
960 4987 1218 5061 χρώματι
1269 4985 1652 5062 ἀκρατέστερον
1707 4985 1921 5063 προλη-

273 5081 447 5159 φθεὶς,
477 5077 791 5155 ἀδιάκριτον
849 5074 964 5151 ἔχει
1018 5074 1143 5150 περὶ
1171 5074 1237 5129 τὰ
1267 5075 1516 5150 ὁρώμενα
1569 5075 1668 5144 τήν
1719 5097 1919 5154 φαντα-

271 5168 412 5225 σίαν.

341 5350 433 5404 67.
471 5349 561 5401 Δεῖ
619 5340 710 5399 οὗν
780 5338 1139 5420 φυλάττεσθαι
1212 5341 1310 5408 τὴν
1370 5340 1619 5416 γλῶτταν
1678 5341 1766 5396 καὶ
1821 5344 1920 5412 τήν

271 5438 466 5506 ἀκοὴν,
496 5434 634 5509 πρὸς
663 5433 727 5487 τὸ
761 5434 901 5506 μήτε
926 5429 1100 5507 λέγειν
1134 5451 1185 5485 τι
1215 5436 1485 5504 τοιοῦτον,
1522 5433 1661 5503 μήτε
1707 5430 1924 5487 ἀκούειν

273 5526 565 5599 ἐμπαθῶς.
625 5522 927 5597 Γέγραπται
984 5520 1129 5595 γὰρ,
1190 5520 1263 5581 ὡς
1322 5521 1409 5588 Μὴ
1468 5519 1637 5588 ἀκοὴν
1696 5520 1920 5592 ματαίαν

346 5746 385 5779 ⁸⁷
418 5742 628 5801 Matth.
656 5756 716 5811 v,
747 5740 837 5797 24.
918 5740 961 5776 ιθ
994 5738 1204 5812 Ephee,
1242 5757 1319 5807 ιν,
1339 5741 1431 5807 26,
1511 5740 1554 5777 ιθ
1583 5739 1789 5798 Matth.
1819 5757 1893 5811 v1,
1923 5742 1933 5795 ε

2093 5742 2138 5777 ²⁰
2167 5741 2319 5799 Psal.
2352 5758 2426 5810 LI,
2462 5743 2509 5797 1.
2587 5742 2631 5777 ἰ
2665 5740 2811 5797 ibid.

2035 4725 2288 4791 miseris,
2325 4723 2584 4780 maculas
2617 4723 2862 4780 orationi
2895 4728 3006 4778 tuae
3035 4739 3309 4796 asperges
3340 4740 3443 4797 per
3471 4723 3679 4796 hujus-

2035 4814 2193 4870 modi
2224 4813 2623 4883 cogitationes,
2657 4818 2715 4868 et
2744 4814 2968 4884 absque
2998 4829 3177 4869 causa
3204 4813 3398 4870 oderis
3445 4830 3545 4870 eos
3575 4814 3677 4886 qui

2032 4910 2221 4960 tecum
2256 4909 2577 4959 versantur.
2628 4903 2784 4958 630
2837 4903 3083 4958 Imbutis
3130 4919 3385 4975 namque
3431 4905 3676 4962 auribus

2033 4995 2149 5049 tuis
2180 4995 2640 5049 obtrectatorum
2684 4990 3138 5059 inhumanitate,
3171 4991 3441 5047 illiberali
3476 4994 3671 5049 animo

2032 5086 2276 5137 cunctos
2296 5080 2574 5150 aspicies:
2607 5079 3105 5151 quemadmodum
3131 5080 3338 5136 oculus
3359 5079 3671 5136 vehemen-

2031 5171 2175 5225 tiore
2205 5176 2519 5240 occupatus
2550 5168 2759 5237 colore,
2791 5169 3100 5224 obscuram
3126 5168 3302 5225 habet
3330 5184 3524 5224 rerum
3548 5185 3673 5240 per-

2032 5259 2378 5330 ceptionem.

2101 5349 2191 5401 67.
2228 5346 2467 5418 Oportet
2501 5345 2677 5419 igitur
2706 5345 2967 5418 linguam
3020 5361 3306 5417 auresque
3352 5344 3673 5413 custodire,

2034 5453 2105 5490 ne
2132 5435 2274 5507 quid
2307 5436 2599 5506 ejusmodi
2632 5435 2880 5491 libenter
2926 5434 3237 5490 audiamus
3268 5432 3355 5489 vel
3388 5433 3673 5490 dicamus.

2032 5524 2332 5596 Scriptum
2366 5541 2618 5596 namque
2666 5529 2757 5580 est
2789 5541 2803 5580 :
2835 5524 2959 5579 Non
2986 5524 3289 5595 suscipietis
3337 5523 3674 5580 auditionem

2896 5741 2943 5777 ²²
2970 5740 3114 5796 ibid.
3149 5742 3200 5797 4·
3279 5741 3325 5785 ³³
3355 5741 3497 5798 ibid.
3526 5742 3581 5797 7.
