4002 6206
271 315 423 374 1527

276 463 479 501 vanam
511 446 554 479 "
592 463 610 500 :

277 536 422 592 hunc
449 534 816 605 persequebar
853 535 918 590 ³⁸.
964 537 1130 605 Apud
1165 535 1534 590 Psalmistam
1570 551 1801 606 quoque
1825 535 1916 588 di-

267 625 422 678 citur
455 640 467 678 :
505 625 569 680 Ut
598 639 706 677 non
741 625 1007 693 loquatur
1035 638 1092 678 os
1123 640 1307 678 meum
1339 640 1506 694 Opera
1535 624 1822 676 hominum
1853 624 1914 676 ³⁸.

267 712 381 767 Nos
414 728 544 766 vero
575 711 750 765 etiam
783 727 851 765 ea
897 727 1027 781 qua:
1059 727 1171 765 non
1206 716 1345 766 sunt
1395 728 1570 782 opera
1600 709 1916 781 loquimur.

267 801 468 872 Itaque
501 817 615 855 non
647 800 999 854 credendum
1036 799 1375 867 huiusmodi
1411 800 1919 864 sermonibus,neo

269 904 466 944 tamen
499 888 820 942 damnandi
852 888 950 958 qui
985 887 1119 940 talia
1151 886 1494 958 loquuntur.
1523 886 1921 958 Verumjuxta

269 978 523 1033 divinam
558 977 919 1047 Scripturam
952 975 1006 1030 id
1043 977 1320 1039 l'acias,id
1354 977 1516 1031 dicas
1550 993 1560 1030 :
1596 978 1708 1043 Ego
1736 980 1921 1031 autem

270 1070 412 1122 sicut
440 1065 640 1120 surdus
667 1081 774 1121 non
801 1065 1113 1132 audiebam,
1154 1074 1203 1120 et
1232 1066 1376 1120 sicut
1423 1069 1610 1119 mutus
1659 1082 1768 1120 non
1799 1082 1922 1136 ape-

272 1157 422 1211 riens
443 1171 498 1210 os
526 1170 708 1209 meum
737 1155 800 1208 ³⁷.

342 1247 431 1300 68.
482 1250 607 1300 Νοη
658 1245 822 1299 decet
869 1243 1051 1298 laatari
1099 1244 1170 1298 de
1238 1244 1496 1299 hominis
1565 1244 1918 1314 calamitate,

274 1334 542 1408 quamvis
575 1335 866 1388 maximus
897 1334 974 1388 sit
1003 1338 1288 1403 peccator.
1322 1334 1568 1400 Quidam
1599 1334 1918 1400 enim,cum

275 1423 614 1495 quempiam
649 1423 844 1476 vident
876 1419 1075 1492 ﬂagris
1106 1421 1357 1484 caedi,vel
1387 1423 1442 1476 in
1478 1439 1763 1477 carcerem
1789 1440 1922 1477 con-

268 1513 395 1584 jici,
430 1513 696 1584 imperite
722 1513 1087 1582 proverbium
1141 1510 1284 1565 illud
1337 1511 1612 1565 saeculare
1665 1529 1918 1582 pronun-

275 1602 424 1657 tiant
459 1618 471 1656 :
507 1601 609 1668 Qui
637 1601 783 1655 male
812 1602 1090 1666 straverit,
1124 1602 1322 1654 misere
1365 1600 1615 1655 caenabit.
1667 1601 1752 1654 Tu
1783 1615 1920 1671 ergo

276 1708 402 1762 quae
435 1691 612 1760 probe
647 1689 746 1743 tibi
779 1706 870 1743 res
903 1689 1181 1755 stravisti,
1227 1690 1470 1744 conﬁdis
1503 1695 1558 1743 te
1605 1688 1922 1760 tranquille

275 1785 536 1835 acturam
565 1777 691 1832 vitae
722 1783 976 1848 tempus.
1030 1778 1240 1846 Ecquid
1273 1778 1555 1832 faciemus
1605 1779 1655 1832 ei
1705 1778 1801 1848 qui
1835 1779 1918 1831 af-

275 1867 472 1922 ﬁrmat
506 1882 686 1921 unum
719 1872 992 1921 eventum
1024 1882 1151 1921 esse
1192 1867 1355 1936 justo
1404 1872 1461 1920 et
1508 1866 1795 1936 peccatori
1827 1866 1872 1900 ²⁸
1893 1864 1920 1918 ‘l

275 1955 403 2011 Una
432 1955 647 2026 quippe
678 1955 848 2010 nobis
880 1955 974 2010 hic
1023 1960 1112 2009 est
1141 1955 1267 2010 vitae
1320 1955 1598 2012 conditio.
1653 1957 1922 2027 quamvis

277 2044 571 2099 diversum
605 2049 898 2099 sectemur
920 2044 1279 2098 institutum.

357 2133 450 2188 69.
503 2132 627 2188 Non
681 2132 813 2186 licet
861 2133 994 2186 odio
1033 2132 1246 2187 habere
1298 2132 1590 2187 inimicos.
1640 2132 1925 2188 Dominus

286 2220 442 2277 enim
476 2222 585 2276 hoc
618 2221 786 2276 nobis
814 2237 948 2276 voce
982 2221 1215 2292 propria
1237 2220 1545 2290 jussit.Ait
1573 2222 1727 2276 enim
1764 2239 1776 2275 :
1809 2223 1926 2277 Non

275 2311 450 2366 solum
479 2326 566 2366 eos
595 2313 691 2381 qui
719 2326 810 2365 vos
834 2309 1078 2380 diligunt
1107 2310 1322 2379 diligite
1353 2327 1366 2364 :
1400 2311 1496 2365 hoc
1541 2313 1690 2365 enim
1733 2320 1783 2366 et
1809 2327 1928 2382 pec-

281 2408 485 2456 catores
514 2407 564 2454 et
590 2400 876 2470 publicani
893 2401 1106 2468 faciunt
1136 2399 1429 2454 29.Bonum
1455 2400 1610 2455 enim
1636 2417 1748 2454 non
1783 2405 1924 2465 arte,

278 2505 392 2543 non
426 2488 744 2543 certamine
766 2487 987 2558 indiget
1018 2492 1082 2542 ut
1104 2491 1528 2558 captetur,nai‘n
1562 2489 1631 2542 ad
1666 2505 1726 2542 se
1750 2488 1929 2542 trahit

279 2583 585 2643 amantes;
619 2575 837 2631 malum
871 2593 1002 2632 vero
1036 2577 1233 2631 divina
1267 2577 1534 2632 doctrina
1563 2594 1712 2647 opus
1754 2576 1929 2632 habet

283 2671 348 2720 ut
377 2665 702 2735 abolentur,
735 2670 911 2736 atque
943 2665 1138 2720 labore
1171 2664 1374 2720 multo.
1410 2665 1642 2720 Scilicet
1683 2682 1926 2736 regnum

288 2753 568 2809 caelorum
611 2770 726 2808 non
759 2758 849 2808 est
889 2753 1298 2825 languidorum
1367 2753 1773 2825 segniumque,
1825 2755 1924 2808 sed

277 2842 690 2898 violentorum.

348 2933 440 2988 70.
471 2931 976 2997 Quemadmodum
1012 2947 1147 3002 ergo
1181 2948 1296 2986 non
1328 2929 1463 2986 licet
1493 2931 1763 2986 inimicos
1795 2932 1926 2987 odio

277 3021 508 3088 habere;
531 3021 612 3076 ita
630 3037 815 3091 neque
838 3020 1198 3091 negligentes
1229 3026 1285 3073 et
1309 3021 1504 3091 pigros
1538 3022 1733 3090 fugere
1757 3038 1926 3092 opor-

275 3115 360 3164 tet
388 3113 445 3164 et
465 3109 1101 3172 subsannare.0uidam
1137 3113 1277 3162 sunt
1307 3108 1403 3179 qui
1430 3108 1580 3163 hanc
1612 3110 1926 3180 Scriptura:

275 3197 627 3254 sententiam
661 3197 770 3251 sibi
794 3199 1093 3268 prol'eruot
1127 3215 1139 3252 :
1175 3199 1308 3252 Cum
1329 3201 1520 3252 sancto
1550 3207 1769 3252 sanctus
1790 3200 1920 3262 eris,
1954 3182 1995 3249 C

273 3293 469 3341 etcum
493 3301 744 3356 peruerso
775 3302 888 3340 una
921 3290 1198 3342 convertes
1216 3286 1924 3359 3°.Propterea,inquiunt,

275 3373 533 3442 fugimus
567 3378 918 3444 peccatores,
955 3391 1024 3428 ne
1055 3375 1126 3428 ab
1158 3375 1242 3429 eis
1287 3381 1704 3444 pervertamur.
1762 3376 1825 3429 Hi
1858 3393 1925 3431 ex

274 3461 455 3518 animi
486 3461 819 3532 ignorantia
850 3479 1020 3517 secus
1051 3479 1113 3517 se
1162 3467 1392 3531 gerunt.
1447 3463 1626 3518 Jubet
1676 3481 1924 3534 namque

277 3551 536 3623 Spiritus
584 3555 844 3617 sanctus,
901 3568 1013 3605 non
1064 3551 1304 3621 quidem
1350 3557 1413 3605 ut
1451 3569 1583 3607 cum
1640 3553 1924 3624 perversis

276 3645 708 3709 pervertamur;
745 3640 842 3694 sed
879 3644 942 3694 ut
961 3657 1029 3693 ex
1051 3643 1311 3694 tortuosa
1343 3639 1434 3695 via
1464 3641 1530 3694 ad
1567 3646 1781 3695 rectam
1816 3659 1921 3698 nos

275 3734 707 3784 convertemus.
766 3730 882 3785 Una
927 3737 1201 3784 convertes
1247 3728 1404 3783 enim
1457 3729 1764 3800 significat,
1806 3747 1923 3785 una

272 3817 471 3873 trahes
503 3817 697 3890 ipsum
732 3817 804 3872 ad
837 3826 908 3882 te,
944 3835 975 3870 a
1006 3817 1264 3873 sinistris
1296 3817 1367 3872 ad
1399 3817 1619 3874 dextra.

338 3995 429 4048 71.
463 3996 600 4050 Tria
629 4000 768 4050 sunt
799 3994 1221 4050 sententiarum
1271 4011 1483 4066 genere.
1532 3997 1687 4051 circa
1730 3996 1920 4052 homi-

271 4100 412 4138 num
433 4084 612 4138 vitam
651 4100 663 4138 ε
701 4100 951 4155 quarum
988 4084 1173 4152 prima
1194 4090 1282 4137 est
1303 4101 1550 4139 summas
1571 4085 1920 4151 malitiae;se-

269 4173 459 4227 cunda
491 4174 691 4228 medias
725 4171 1096 4236 conditionis,
1131 4189 1256 4243 quea
1299 4173 1468 4242 quasi
1500 4179 1806 4243 utramque
1837 4190 1920 4228 re-

271 4261 468 4332 spicit,
502 4267 706 4332 estque
738 4261 1042 4331 utriusque
1084 4260 1409 4332 particeps;
1447 4261 1618 4316 tertia
1648 4262 1714 4315 ad
1754 4279 1914 4317 sum-

276 4365 440 4405 mum
472 4348 983 4420 contemplationis
1015 4354 1284 4418 acta,non
1320 4350 1489 4405 modo
1522 4366 1584 4404 se
1618 4351 1744 4420 ipsa
1775 4368 1915 4406 con-

274 4439 551 4510 stringit;
585 4439 682 4494 sed
717 4439 891 4493 etiam
929 4438 1071 4492 duas
1119 4443 1249 4508 post
1299 4455 1360 4492 se
1411 4438 1628 4509 positas
1674 4447 1918 4494 conatur

1439 317 1502 374 S.
1550 313 2075 374 ATHANASIUS.
2101 343 2180 357 —
2211 316 2518 378 SPURIA.

661 450 740 514 et,
791 446 1170 501 Detrahentem
1226 455 1429 502 secreto
1485 447 1740 516 proximo
1795 461 1909 513 svo,

2040 441 2431 516 παραδέξασθαι·
2493 448 2604 519 καὶ,
2657 449 2757 502 Τὸν
2843 449 3252 524 ραταλαλοῦντα
3337 451 3512 528 λάθρα
3598 459 3684 524 τῷ

3532 322 3688 385 4528

2029 531 2266 602 πλησίον
2353 535 2554 608 αὐτοῦ,
2637 542 2827 592 τοῦτον
2908 536 3222 610 ἐξεδίωκον.
3283 543 3373 597 Ἐν
3463 539 3523 596 δὲ
3604 548 3689 613 τῷ

2029 620 2334 694 Ψαλμῳδῷ
2394 645 2575 702 φησιν·
2635 628 2824 688 ’Όπως
2884 626 2944 681 ἃν
3007 630 3082 699 μὴ
3140 626 3356 703 λαλήσῃ
3387 632 3446 684 τὸ
3508 631 3690 703 στόμα

2033 731 2136 782 μου
2194 712 2258 764 τὰ
2318 708 2444 787 ἔργα
2499 715 2606 768 τῶν
2665 715 2989 788 ἀνθρώπων.
3019 718 3210 789 Ἡμεῖς
3263 715 3319 771 δὲ
3369 720 3458 772 καὶ
3506 721 3572 773 τὰ
3604 722 3687 792 μή

2028 793 2154 873 ἔργα
2183 797 2479 873 λαλοῦμεν.
2525 804 2649 856 Δέον
2701 803 2791 858 οὖν
2851 805 2926 876 μὴ
2979 805 3242 860 πιστεύειν
3283 812 3399 863 τοῖς
3447 809 3690 882 λεγομὲ-

2027 907 2164 952 νοις,
2197 891 2334 960 μήτε
2370 891 2476 961 μὴν
2508 891 2840 966 κατακρίνειν
2873 893 2998 954 τοὺς
3049 891 3324 967 λέγοντας·
3361 894 3507 949 ἀλλὰ
3551 897 3693 950 uti

2025 976 2124 1043 τὴν
2178 977 2320 1039 θείαν
2373 981 2586 1057 Γραφήν
2653 986 2828 1035 ποιεῖν
2868 982 2955 1034 καὶ
3005 980 3206 1055 λέγειν’
3255 984 3399 1058 Ἐγὼ
3449 982 3506 1039 δὲ
3556 985 3692 1040 ὡσεὶ

2024 1064 2209 1142 κωφὸς
2267 1065 2366 1120 οὐκ
2429 1065 2654 1137 ἤκουον,
2703 1068 2790 1123 καὶ
2851 1069 2979 1124 ὡσεὶ
3038 1070 3244 1133 ἄλαλος
3303 1072 3403 1126 οὐκ
3444 1074 3686 1149 ἀνοίγων

2025 1152 2088 1207 τὸ
2116 1154 2289 1226 στόμα
2323 1176 2447 1227 μου.

2099 1245 2187 1298 68.
2223 1243 2294 1297 Οὐ
2327 1241 2408 1298 δεῖ
2437 1244 2523 1299 ἐπὶ
2571 1252 2823 1324 συμφορᾷ
2875 1246 3162 1322 ἀνθρώπου
3219 1249 3550 1326 ἐπιχαίρειν,
3579 1253 3688 1306 κᾶν

2028 1331 2166 1385 πάνυ
2197 1331 2524 1408 ἁμαρτωλὸς
2559 1335 2796 1411 ὑπάρχῃ.
2830 1337 2980 1399 Τινὲς
3034 1337 3126 1410 μὲν
3175 1337 3300 1414 γὰρ,
3353 1341 3690 1413 Θεασάμενω

2032 1421 2421 1493 μαστιζόμενον
2453 1424 2486 1491 ἢ
2517 1422 2970 1500 φυλακιζόμενον,
3003 1425 3229 1498 ἀμαθῶς
3259 1429 3358 1495 τὴν
3406 1433 3689 1502 κοσμικὴν

2029 1507 2238 1578 ἐκείνην
2311 1511 2608 1583 παροιμίαν
2681 1509 2896 1589 ἔφασαν,
2955 1515 3056 1582 τὴν
3137 1513 3420 1590 λέγουσαν,
3481 1518 3561 1579 ὡς
3621 1520 3693 1575 Ὀ

2028 1599 2269 1670 στρώσας
2339 1603 2520 1661 κακῶς
2575 1599 2985 1673 ταλαιπωρήσει
3047 1601 3097 1657 ἐν
3155 1609 3233 1675 τῷ
3284 1602 3485 1676 δείπνῳ
3541 1610 3690 1679 (90).

2031 1684 2106 1738 Σὺ
2162 1685 2276 1757 οὖν,
2334 1689 2367 1756 ἡ
2429 1687 2610 1750 καλῶς
2667 1689 2948 1765 στρώσασα
3023 1691 3183 1764 ἑαυτῇ
3238 1694 3301 1746 τὰ
3358 1695 3689 1768 πράγματα,

2028 1774 2241 1850 θαρῥεῖς
2299 1776 2667 1847 ἀναπαυθῆναι
2725 1777 2775 1832 ἐν
2835 1784 2914 1850 τῷ
2967 1780 3108 1854 βίῳ;
3158 1783 3254 1835 Καὶ
3283 1782 3333 1836 τί
3374 1786 3690 1856 ποιήσομεν

2028 1864 2118 1917 τὸν
2166 1861 2392 1940 λεγοντα
2447 1867 2542 1933 ὡς,
2575 1870 2667 1922 "Ev
2725 1867 3037 1940 συνάντημα
3092 1873 3172 1940 τῷ
3212 1867 3404 1942 δικαίῳ
3456 1873 3552 1926 καὶ
3598 1878 3692 1944 τῷ

2032 1954 2344 2027 ἁμαρτωλῷ
2370 1982 2383 2022 ;
2416 1956 2479 2010 Ἥ
2511 1954 2614 2030 γὰρ
2646 1954 2872 2020 ἐνταῦθα
2900 1962 3060 2029 ἡμῶν
3095 1955 3340 2032 διαγωγὴ
3397 1960 3493 2032 μία
3544 1961 3692 2032 ini,

2031 2041 2126 2095 κᾶν
2161 2039 2416 2118 διάφορον
2449 2041 2726 2098 πολιτείαν
2760 2042 3000 2120 ἔχωμεν.

2104 2133 2192 2185 69.
2229 2131 2305 2188 Οὐ
2339 2129 2420 2186 δεῖ
2454 2138 2625 2204 μισεῖν
2677 2133 2803 2195 τοὺς
2851 2133 3102 2209 ἐχθρούς.
3137 2135 3233 2190 Καὶ
3293 2137 3393 2210 γὰρ
3425 2138 3453 2191 ὁ
3489 2138 3700 2211 Κύριος

2032 2222 2100 2291 τῇ
2164 2216 2276 2289 ὶδιᾳ
2334 2225 2486 2294 φωνῇ
2543 2227 2704 2275 τοῦτο
2760 2225 2894 2295 ἡμῖν
2929 2225 3239 2296 προσέταξε.
3273 2227 3415 2295 Φησὶ
3445 2228 3574 2302 γὰρ,
3608 2229 3695 2289 ὡς

2039 2308 2130 2375 Μὴ
2198 2308 2359 2379 μόνον
2423 2309 2551 2371 τοὺς
2623 2310 2936 2386 ἀγαπῶντας
3006 2313 3283 2388 ἀγαπᾶτε’
3339 2320 3502 2369 τοῦτο
3579 2319 3696 2392 Ti?

2034 2396 2122 2450 καὶ
2155 2397 2206 2450 οἱ
2263 2397 2580 2472 ἁμαρτωλοὶ
2629 2400 2718 2453 καὶ
2774 2401 2825 2454 οἱ
2881 2399 3117 2455 τελῶναι
3174 2403 3520 2460 ποιοῦσι.Τὸ
3579 2406 3696 2481 γὰρ

2034 2483 2202 2539 καλὸν
2233 2485 2293 2540 οὐ
2326 2483 2494 2540 δεῖται
2527 2488 2729 2562 τέχνης
2758 2490 2846 2542 καὶ
2879 2489 3088 2565 ἀγῶνος
3121 2491 3256 2566 πρὸς
3289 2495 3479 2567 θήραν·

2035 2574 2138 2648 γὰρ
2171 2573 2448 2652 ἐφέλκεται
2479 2575 2604 2637 τοὺς
2637 2576 3054 2651 ἀγαπῶντας-τὸ
3085 2577 3143 2634 δὲ
3173 2580 3375 2657 φαῦλον
3409 2589 3510 2650 τῆς
3544 2585 3702 2645 θείας

2038 2659 2387 2724 διδασκαλίας
2406 2664 2601 2739 χρῄζει
2633 2666 2766 2739 πρὸς
2791 2665 3204 2740 ἆπάλειψιν,καὶ
3238 2670 3408 2724 κόπου
3437 2671 3696 2728 nollet}.

2035 2750 2108 2804 0-5
2139 2751 2242 2826 γὰρ
2291 2751 2487 2806 ἰνέτων
2540 2756 2626 2807 καί
2667 2754 2979 2830 ἀμερίμνων
3041 2756 3180 2811 ἐστὶν
3213 2761 3246 2826 ἡ
3283 2759 3536 2833 βασιλεία
3591 2762 3698 2815 οὖ-

2037 2843 2227 2911 ρανῶν,
2261 2838 2408 2894 ἀλλὰ
2440 2842 2694 2916 βιαστῶν.

2105 2931 2192 2983 70.
2226 2931 2427 3003 ’Ὠσπερ
2460 2931 2549 2984 οὗν
2585 2930 2646 2985 οὐ
2688 2928 2771 2985 δεῖ
2812 2931 2935 2994 τοὺς
2983 2932 3215 3009 ἐχθροὺς
3275 2943 3469 3008 μισεῖν,
3508 2939 3701 3000 οὕτως

2036 3013 2160 3070 οὐδὲ
2186 3017 2314 3078 τοὺς
2355 3017 2578 3090 ἀμελεῖς
2609 3019 2698 3074 καὶ
2731 3019 3004 3095 ῥᾳθύμους
3053 3021 3264 3099 φεύγειν
3325 3026 3412 3078 καὶ
3469 3048 3699 3097 μυκτηο

2038 3105 2222 3179 ρίζειν.
2248 3107 2399 3167 Τινὲς
2437 3107 2529 3179 μὶν
2564 3105 2654 3162 οὖν
2686 3109 2747 3162 τὸ
2781 3111 3042 3186 γραφικὸν
3076 3110 3244 3166 ἐκεῖνο
3277 3113 3438 3188 ῥητὸν
3469 3115 3697 3178 ἑαυτοῖς

2034 3196 2450 3270 προσφέρουσιν,
2501 3197 2574 3257 ὡς
2635 3197 2778 3252 Μετὰ
2835 3199 2986 3252 ὁσίου
3043 3198 3191 3262 δσιος
3242 3200 3357 3275 ἔσῃ,
3403 3203 3492 3256 καὶ
3553 3207 3701 3277 μετᾶ

2035 3279 2302 3358 στρεϐλοῦ
2371 3281 2823 3359 συνδιαστρὲψεις.
2886 3287 2984 3341 Διὸ.
3053 3293 3236 3358 τοῦτο,
3299 3291 3485 3367 φησὶν,
3553 3295 3698 3348 iero-

2036 3371 2305 3450 φεύγομεν
2338 3372 2464 3435 τοὺς
2516 3372 2878 3448 ἁμαρτωλοὺς
2909 3377 3047 3451 πρὸς
3098 3378 3158 3431 τὸ
3202 3380 3328 3453 παρ’
3375 3380 3554 3434 αὐτῶν
3611 3385 3698 3454 μή

2035 3457 2447 3537 διαστραφῆναι.
2482 3463 2704 3537 Ἀγνοίᾳ
2733 3467 2918 3539 ψυχῆς
2966 3466 3017 3518 οἱ
3071 3471 3312 3521 τοιοῦτοι
3366 3468 3433 3522 τὰ
3481 3468 3701 3525 ἐναντία

2030 3552 2344 3624 πράττουσι.
2383 3551 2705 3626 Προστάττει
2764 3552 2866 3628 γὰρ
2923 3552 2985 3608 τὸ
3045 3560 3264 3628 Πνεῦμα
3292 3558 3355 3611 τὸ
3417 3560 3576 3632 ἅγιον
3629 3561 3698 3614 οὗ

2035 3638 2168 3723 μετὰ
2196 3644 2301 3693 τῶν
2335 3635 2609 3714 στρεϐλῶν
2644 3638 3152 3718 συνδιαστραφῆναι,
3186 3641 3332 3698 ἀλλὰ
3377 3653 3478 3714 τῆς
3533 3668 3698 3723 στρε-

2031 3721 2170 3796 ὅλῆς
2227 3727 2422 3790 αὐτοὺς
2483 3729 2978 3805 ἐπανορθώσασθαι.
3043 3729 3488 3807 Συνδιαστρὲψεις
3549 3721 3687 3810 γαρ,

2028 3815 2290 3886 τουτέστι,
2350 3816 2688 3880 συνελκύσεις
2747 3817 2905 3873 αὐτὸν
2965 3820 3098 3894 πρὸς
3156 3822 3400 3891 σεαυτὸν,
3455 3823 3519 3878 ἐκ
3573 3826 3688 3880 τῶν

2029 3903 2323 3980 ἀριστερῶν
2352 3904 2439 3959 ἐπὶ
2469 3905 2538 3960 τὰ
2565 3902 2731 3976 δεξιά.

2098 3997 2186 4050 71.
2220 3996 2380 4069 Τρεῖς
2435 3999 2668 4070 γνωμῶν
2731 3993 2868 4050 ἰδέαι
2925 3997 3060 4051 κατᾶ
3104 3998 3193 4052 τὸν
3236 4004 3344 4052 τῶν
3375 4001 3685 4077 ἀνθρώπων

2033 4081 2144 4156 βίον
2172 4084 2546 4158 τυγχάνουσιν·
2583 4086 2655 4138 ὢν
2689 4087 2722 4153 ἡ
2761 4085 2853 4157 μὶν
2887 4085 3077 4158 πρώτη
3129 4085 3238 4140 ἐστὶ
3287 4095 3387 4157 τῆς
3447 4093 3688 4166 ἀκροτά-

2027 4191 2124 4240 της
2182 4172 2393 4240 κακίας,
2428 4175 2462 4241 ἡ
2499 4169 2556 4226 δὲ
2587 4170 2806 4248 δευτέρα
2858 4173 3024 4246 μέσης
3080 4176 3227 4237 τινὸς
3277 4182 3682 4240 καταστάσεωςο

2028 4260 2206 4336 ὥσπερ
2241 4261 2340 4336 γὰρ
2372 4263 2507 4336 πρὸς
2537 4262 2632 4324 τὰς
2664 4262 2974 4339 ἀμφοτὲρας
3007 4271 3198 4319 σκοπεῖ
3240 4270 3348 4320 τῶν
3395 4269 3681 4343 ὁποτέρων

2031 4350 2352 4424 μετέχουσα·
2386 4353 2419 4420 ἠ
2455 4348 2510 4404 δὲ
2543 4351 2719 4425 τρίτη,
2749 4352 2824 4413 εἷς
2875 4352 3101 4427 μέγεθος
3150 4356 3378 4430 Θεωρίας
3430 4357 3686 4433 ἀχθεῖσα,

2027 4439 2088 4492 οὐ
2127 4438 2286 4510 μόνον
2322 4439 2511 4508 ἑαυτὴν
2547 4441 2840 4518 συσφίγγει,
2864 4439 3006 4495 ἀλλὰ
3035 4463 3096 4517 γε
3123 4443 3210 4497 καί
3240 4445 3334 4506 τὰς
3364 4445 3685 4509 τελευταίας

276 4543 453 4583 manu
486 4529 716 4582 ducere.
748 4527 1008 4598 Nequam
1042 4532 1236 4582 autem
1253 4527 1520 4582 homines
1539 4544 1667 4582 cum
1705 4529 1914 4599 pejori-

2040 4533 2272 4601 πειρᾶται
2307 4535 2689 4602 χειραγωγεῖν.
2725 4529 2785 4582 Ol
2837 4531 2930 4601 μὲν
2986 4529 3076 4584 οὖν
3122 4534 3278 4586 κακοὶ
3322 4537 3429 4587 τῶν
3465 4536 3684 4610 ἀνθρώ-

272 4616 382 4670 bus
415 4615 670 4684 admisti,
708 4614 1020 4686 plurimam
1050 4613 1337 4670 malorum
1393 4616 1784 4671 accessionem
1841 4617 1918 4673 fa-

273 4704 452 4760 ciunt.
487 4704 592 4769 Qui
627 4710 820 4759 autem
855 4711 992 4760 sunt
1026 4705 1081 4758 in
1116 4705 1307 4759 medio
1343 4705 1538 4775 positi,
1595 4707 1794 4776 fugere
1827 4707 1914 4760 ni-

275 4798 482 4848 tuntur
510 4809 608 4847 eos
634 4793 731 4865 qui
766 4799 902 4847 sunt
936 4794 1673 4865 intemperantiores,veriti
1699 4812 1769 4849 ne
1789 4812 1912 4849 rur-

273 4899 403 4937 sum
431 4883 503 4938 ab
536 4883 619 4937 eis
651 4881 1062 4952 pertrahuntur
1094 4898 1106 4938 :
1137 4883 1448 4937 suntenim
1482 4883 1630 4938 ahuc
1665 4884 1914 4938 int’antes

269 4970 328 5025 in
362 4971 640 5024 virtutum
674 4971 972 5026 exercitio.
994 4971 1171 5026 Tertii
1204 4989 1335 5026 vero
1367 4971 1516 5026 virili
1551 4971 1745 5026 animo
1771 4989 1912 5043 prae-

269 5060 394 5127 diti,
430 5061 714 5130 ﬁrmaque
749 5065 941 5114 mente
974 5060 1406 5127 instructi,cum
1440 5060 1612 5115 malis
1645 5079 1762 5116 una
1786 5077 1914 5116 ver-

269 5153 494 5213 santur,
528 5148 743 5218 quibus
767 5147 1014 5203 salutem
1049 5165 1250 5218 parare
1281 5149 1637 5220 cupiunt.Ab
1663 5149 1912 5204 eXIernis

267 5242 462 5293 autem
497 5238 916 5309 vituperantur,
951 5238 1023 5292 ab
1063 5236 1250 5308 iisque
1300 5239 1657 5307 deridentur,
1707 5239 1804 5310 qui
1837 5239 1914 5293 vi-

337 5407 381 5441 “
411 5405 586 5461 Exod.
618 5417 778 5475 XXIII,
815 5407 862 5459 1.
945 5406 991 5440 ³⁵
1021 5405 1172 5461 Psal.
1209 5423 1260 5462 c.
1294 5407 1349 5461 5.

262 5477 307 5515 ³ο
337 5477 488 5534 Psal.
521 5493 660 5545 xvn,
682 5478 773 5532 26.

1427 5407 1471 5440 ²⁶
1502 5407 1656 5472 Psal,
1689 5425 1802 5473 xvx,
1839 5409 1888 5462 4.

339 5628 446 5700 (90)
475 5627 742 5698 Goteler.,
773 5624 944 5698 ὐπνῳ.

1969 5408 2014 5442 ²⁷
2046 5407 2196 5463 Psal.
2233 5424 2442 5474 xxxvn,
2474 5410 2558 5465 Μ’

2026 4637 2160 4682 πων,
2189 4622 2305 4678 τοῖς
2336 4616 2547 4692 χείροσι
2583 4617 2926 4691 μιγνύμενοι,
2958 4619 3070 4673 ἐπεὶ
3102 4619 3277 4675 πλείω
3323 4628 3431 4676 τῶν
3484 4621 3681 4680 δεινῶν

2025 4709 2302 4758 ποιοῦνται
2359 4707 2457 4774 τήν
2505 4703 2745 4778 αὔξησιν·
2791 4709 2852 4761 ol
2909 4705 2965 4762 δέ
3023 4730 3086 4782 γε
3145 4711 3300 4782 μὲσοι
3351 4712 3679 4790 ἀποφεύγειν

2023 4793 2150 4854 τοὺς
2209 4791 2538 4856 ἀκολάστους
2595 4800 2907 4870 πειρῶνται,
2942 4796 3070 4851 αὐτὸ
3129 4804 3288 4853 τοῦτο
3348 4798 3682 4876 δεδοικότες,

2028 4885 2102 4956 μή
2162 4883 2324 4937 πάλιν
2387 4885 2472 4938 ὑπ’
2523 4883 2695 4938 αὐτῶν
2751 4884 3176 4951 καθελκυσθῶσι⁴
3209 4893 3538 4967 νήπιοιγᾶρ
3601 4892 3679 4948 ἔτι

2021 4975 2129 5024 τῶν
2191 4973 2392 5044 ἀρετῶν
2447 4973 2828 5046 τυγχάνουσιν
2864 4975 2914 5028 οἱ
2947 4971 3002 5028 δὲ
3047 4976 3243 5050 τρίτοι,
3276 4976 3519 5053 ἀνδρείαν
3575 4984 3675 5048 τὴν

2023 5060 2251 5133 γνώμην
2307 5058 2526 5134 ἔχοντες
2581 5061 2670 5114 καὶ
2729 5063 2979 5135 κραταιὸν
3032 5065 3095 5118 τὸ
3153 5066 3430 5141 φρόνημα,
3490 5070 3676 5125 συνδι-

2022 5148 2211 5223 άγουσι
2242 5155 2357 5209 τοῖς
2388 5147 2618 5226 φαύλοις
2649 5149 2735 5204 καὶ
2793 5149 3216 5227 συνδιαιτῶνται,
3251 5161 3421 5210 σῶσαι
3480 5159 3682 5222 αὐτοὺς

2029 5235 2380 5312 βουλόμενοι.
2414 5238 2518 5292 Καὶ
2575 5243 2674 5313 γοῦ
2729 5239 2866 5293 τὺπὸ
2925 5247 3030 5294 τὼν
3074 5240 3263 5314 ἔξωθεν
3300 5244 3677 5316 ὀνειδίζονται·

2637 5409 2680 5444 ⁸⁸
2710 5408 2864 5464 Eccl.
2915 5426 2989 5477 ix,
3032 5410 3087 5468 2.
3165 5413 3210 5454 ³⁸
3256 5415 3464 5485 Matth,
3497 5435 3553 5485 v,
3587 5421 3676 5476 46.
