4002 6206
175 336 322 397 1529

1313 336 1496 399 νιΤΑ
1540 336 1683 396 SAN
1694 336 1867 396 C'l‘xE
1910 337 2054 397 SYN
2065 335 2433 398 CLETICJE.

3421 333 3578 397 1530

169 466 251 520 καὶ
285 466 387 520 ὑπὸ
415 468 522 519 τῶν
555 465 903 541 θεωρούντων
933 463 989 521 δὲ
1028 465 1220 529 αὐτοὺς
1272 463 1652 541 συνδιάγοντας
1695 470 1811 527 τοῖς

1933 467 2065 522 dent
2097 466 2230 524 illos
2262 485 2378 524 una
2411 469 2619 540 degere
2651 485 2783 524 cum
2809 467 3332 540 negligentioribus
3362 485 3374 522 :
3410 469 3572 539 ipsos

168 553 543 629 ἀμελεστὲροις
571 552 952 628 χλευάζονται’
986 556 1075 609 καὶ
1107 557 1207 631 γὰρ
1247 555 1441 617 αὐτοὺς
1479 555 1552 616 ὡς
1583 554 1809 626 ὁμοίους

167 644 335 699 αὐτῶν
370 637 779 699 διαϐάΛλουσιν.
818 645 885 701 Οἱ
917 643 974 698 δὲ
1005 644 1081 706 ὡς
1114 643 1364 706 ἐπαίνους
1396 645 1460 698 τὰ
1509 644 1654 719 παρά
1699 649 1804 698 τῶν

168 734 459 806 ἀνθρώπων
494 731 804 803 ἀκούοντες,
837 730 1007 794 ἀδεῶς
1037 733 1100 786 τὸ
1125 735 1265 787 θεῖον
1300 729 1456 808 ἔργον
1509 729 1807 788 ἐκτελοῦσι.

169 821 390 896 Χαίρετε
469 821 613 896 γὰρ,
675 821 846 897 φησὶ,
907 821 996 875 καὶ
1067 819 1438 896 ἀγαλλιᾶσθε,
1493 819 1616 875 ὅταν
1705 826 1806 874 πᾶν

166 907 356 983 ψεῦδος
419 907 610 964 εἶ’πωσι
668 911 784 963 καθ’
841 911 989 982 ὑμῶν
1049 911 1099 964 οἱ
1159 911 1455 986 ἄνθρωποι.
1507 909 1806 978 Δεσποτικὴ

166 999 257 1072 μὲν
315 997 405 1052 οὖν
457 998 662 1052 τούτων
713 1001 747 1067 ἡ
803 999 1015 1073 πρᾶξις⁸
1070 999 1157 1054 καὶ
1207 1000 1306 1075 γὰρ
1352 1001 1378 1054 6
1427 998 1624 1071 Κύριος
1677 998 1812 1071 μετά

160 1086 411 1143 τελωνῶν
445 1088 532 1141 καὶ
582 1086 925 1163 ἁμαρτωλῶν
977 1084 1148 1156 ἤσθιε·
1187 1086 1397 1160 μᾶλλον
1445 1087 1502 1142 δὲ
1549 1084 1809 1164 φιλάδελ-

165 1198 262 1254 φος
319 1178 352 1246 ἡ
410 1175 618 1230 τούτων
677 1177 868 1251 γνώμη
929 1173 1070 1252 ἤπερ
1129 1175 1412 1254 φίλαυτος.
1462 1179 1662 1252 Ὥσπερ
1709 1175 1809 1252 γὰρ

163 1264 522 1340 ἐμπρησμοὺς
574 1263 760 1318 οἶκιῶν
811 1265 1038 1338 ὁρῶντες
1082 1265 1208 1327 τοὺς
1261 1264 1680 1342 ἁμαρτάνοντας,
1721 1264 1811 1320 καὶ

163 1359 270 1408 τῶν
324 1352 475 1408 ἰδίων
541 1357 1062 1430 καταφρονήσαντες,
1109 1355 1176 1409 τά
1236 1353 1504 1428 ἀλλότρια
1557 1354 1648 1408 καὶ
1709 1353 1811 1408 ἀπ-

164 1440 447 1515 ολλύμενα
493 1442 682 1511 σώζειν
737 1440 1181 1517 διισχυρίζονται·
1216 1446 1303 1497 καὶ
1353 1443 1811 1520 περιφλεγόμενοι

165 1530 222 1586 ἐκ
252 1537 361 1586 τῶν
389 1535 688 1585 καυστικῶν
723 1525 954 1602 ὕϐρεων,
987 1531 1296 1608 ἀνέχονται.
1329 1533 1395 1589 Οἱ
1438 1529 1496 1586 δέ
1541 1553 1604 1607 γε
1657 1533 1813 1605 μέσοι

164 1620 252 1674 ἐὰν
291 1618 442 1674 ἴδωσι
471 1620 558 1674 τὸν
596 1617 827 1696 ἀδελφὸν
863 1621 965 1674 ὑπὸ
995 1627 1094 1689 τῆς
1136 1620 1399 1695 ἁμαρτίας
1454 1621 1810 1699 φλεγόμενον,

164 1710 556 1786 ἀποφεύγουσι.
592 1705 998 1781 δεδοικότεςμή
1059 1709 1147 1763 καὶ
1209 1709 1285 1770 εἷς
1342 1709 1535 1771 αὐτοὺς
1588 1709 1650 1764 τὸ
1706 1713 1812 1785 πῦρ

164 1795 496 1871 διανεμηθῇ.
533 1798 600 1854 Οἳ
631 1795 687 1852 δέ
721 1819 782 1871 γε
819 1797 1014 1872 τρίτοι,
1047 1797 1304 1871 χαλεπῶν
1352 1798 1608 1873 γειτόνων
1658 1795 1810 1869 δίκην

164 1886 481 1962 ἐπέχοντες,
532 1885 655 1948 τοὺς
713 1888 1038 1959 καιομένους
1097 1887 1181 1940 ἐπὶ
1243 1886 1431 1942 πλεῖον
1484 1887 1818 1957 ἐξάπτουσιν,

167 1976 309 2037 ὕλας
339 1975 530 2038 αὐτοὺς
564 1979 704 2050 (90")
733 1977 867 2052 πρὸς
901 1976 1201 2046 ἀπώλειαν,
1232 1978 1331 2045 τήν
1381 1977 1580 2030 οἰκείαν
1629 1977 1817 2032 κακίαν

166 2065 609 2142 προσφέροντες.
670 2067 871 2140 Ὥσπερ
953 2065 1055 2140 γὰρ
1127 2069 1380 2138 πισσηρῷ
1467 2060 1819 2126 διαλαϐόντες

165 2153 380 2226 πλοίῳ,
416 2154 530 2208 ἀντὶ
581 2151 772 2215 ὕδατος
815 2152 1032 2227 κεδρίαν
1087 2148 1498 2210 ἐπιϐάλλουσιν.
1546 2155 1608 2209 Οἱ
1659 2153 1716 2209 δέ
1758 2175 1821 2228 γε

166 2242 404 2298 ἐναντίοι
445 2242 683 2314 τούτοις,
723 2244 774 2297 οἱ
824 2243 1034 2318 ἀγαθοὶ,
1063 2243 1129 2297 ca
1176 2244 1344 2297 οἱκεῖσ
1392 2245 1646 2316 κτήματα
1702 2240 1820 2298 δεύο

162 2353 301 2408 τερα
349 2331 524 2396 ἔθεντο
573 2339 673 2402 τῆς
724 2332 937 2387 ἐκείνων
990 2332 1279 2406 σωτηρίας.
1309 2337 1482 2387 Ταῦτα
1532 2339 1634 2402 τῆς
1682 2332 1821 2402 ἀλη-

163 2429 326 2491 θινῆς
382 2422 594 2498 ἀγάπης
650 2423 716 2476 τὰ
772 2423 1065 2496 τεκμήρια·
1131 2421 1278 2476 οὗτοι
1335 2429 1436 2490 τῆς
1489 2419 1821 2496 εἱλικρινοῦς

161 2511 382 2586 ἀγάπης
411 2511 463 2565 οἱ
496 2509 757 2588 φύλακες.

226 2602 328 2656 72.
360 2602 562 2674 Ὥσπερ
623 2597 680 2653 δὲ
736 2600 802 2653 τὰ
860 2595 1005 2654 δεινά
1059 2597 1114 2653 ’ὲν
1169 2597 1237 2654 δι’
1291 2599 1406 2661 ἑνὸς
1465 2597 1819 2675 ἤρτηται·τῇ

155 2689 264 2764 γὰρ
320 2688 652 2766 φιλαργυρίᾳ
697 2688 990 2743 ἀκολουθεῖ
1047 2689 1267 2766 φθόνος,
1317 2687 1504 2756 δόλος,
1552 2688 1819 2764 ἇπιορκία,

158 2779 365 2851 θυμὸς,
422 2776 769 2850 μνησικακία·
832 2777 975 2831 οὕτω
1033 2778 1100 2832 τὰ
1170 2777 1374 2832 ἐναντία
1440 2775 1647 2832 τούτων
1721 2781 1819 2847 τῆς

155 2868 382 2943 ἀγάπης
440 2865 640 2941 ἔχεται·
676 2865 921 2941 πραΰτης
983 2864 1049 2934 δὴ
1110 2865 1257 2940 λέγω
1305 2867 1394 2921 καὶ
1455 2867 1820 2943 μακροθυμία,

159 2957 259 3010 καὶ
324 2953 646 3024 ἀνιξικακία,
680 2956 768 3008 καὶ
827 2956 888 3009 τὸ
944 2954 1151 3010 τέλειον
1212 2956 1428 3030 ἀγαθὸν,
1479 2957 1514 3024 ἡ
1575 2954 1823 3028 ἀκτημο-

163 3046 330 3114 σύνη.
361 3043 476 3101 Οὐκ
529 3041 806 3119 ἐνδέχεται
865 3041 966 3120 γάρ
1031 3065 1149 3098 τινα
1193 3043 1396 3115 ταύτης
1442 3051 1542 3113 τῆς
1602 3045 1820 3119 ἀρετῆς,

159 3133 318 3210 λέγω
350 3131 416 3202 δὴ
447 3135 544 3202 τῆς
577 3132 808 3208 ἀγάπης,
843 3133 1137 3210 ἐφικέσθαι,
1171 3135 1215 3188 εὶ
1269 3136 1344 3206 μὴ
1408 3133 1468 3188 έκ
1503 3141 1604 3203 τῆς
1652 3135 1820 3204 ἀκτη-

160 3222 435 3297 μοσύνης·
491 3222 550 3276 οὗ
599 3222 700 3297 γὰρ
754 3224 888 3297 πρὸς
931 3219 1019 3277 ἕνα
1068 3221 1350 3298 ἄνθρωπον
1400 3225 1426 3277 6
1473 3223 1673 3297 Κύριος
1719 3224 1818 3292 τὴν
1850 3209 1894 3276 C

157 3314 384 3388 ἀγάπην
441 3311 764 3378 ἐνετείλατο,
825 3311 970 3367 ἀλλά
1017 3312 1152 3382 πρὸς
1214 3313 1464 3373 ἅπαντας.
1496 3312 1701 3367 Οὐκοῦν
1758 3312 1820 3366 ού

155 3400 289 3457 δέον
341 3396 567 3474 ἔχοντας
623 3397 867 3470 παριδεῖν
927 3401 1052 3461 τοὺς
1101 3400 1424 3475 χρῄζοντας.
1469 3399 1822 3456 Ὑποκλέπτε-

149 3513 245 3545 ται
287 3492 401 3559 (91)
430 3489 530 3563 γὰρ
560 3487 751 3557 τὸτῆς
800 3487 1037 3563 ἀγάπης.
1070 3490 1139 3543 Τὸ
1196 3489 1288 3560 μὶν
1341 3489 1442 3564 γὰρ
1491 3495 1648 3543 πᾶσιν
1711 3489 1822 3559 ἐξαο

157 3585 320 3653 ρκεῖν
353 3575 608 3632 ἀδύνατον
641 3577 931 3651 ἀνθρώπῳ·
963 3582 1096 3634 Θεοῦ
1129 3575 1185 3632 δὶ
1213 3581 1372 3632 τοῦτο
1405 3574 1582 3653 ἔργον.

227 3760 328 3813 73.
361 3757 421 3811 Τί
469 3756 582 3824 οὖν,
623 3756 807 3831 φησὶν,
852 3755 879 3808 6
930 3755 1004 3827 μὴ
1069 3752 1238 3830 ἔχων,
1269 3754 1392 3829 περὶ
1447 3753 1823 3827 ἐλεημοσύνης

152 3847 431 3924 ἀγωνίζῃ,
463 3847 550 3901 καὶ
583 3846 719 3916 αὕτη
753 3865 836 3898 σοι
884 3843 1151 3921 πρόφασις
1198 3848 1295 3898 τοῦ
1341 3845 1635 3914 κτήσασθαι
1684 3844 1825 3919 γίνε-

151 3955 295 4004 ται;
343 3939 638 4008 Κοσμικοῖς
685 3938 861 3989 τοῦτο.
895 3933 1310 4010 προστέτακται.
1361 3932 1434 3987 Οὐ
1479 3934 1580 4009 γὰρ
1631 3937 1822 3988 τοσοῦ-

150 4047 257 4080 τον
296 4024 432 4099 πρὸς
462 4026 522 4079 τὸ
553 4030 823 4101 τραφῆναι
853 4024 943 4076 τὸν
1000 4021 1205 4078 πένητα
1234 4025 1268 4090 ἡ
1303 4021 1650 4095 ἐλεημοσύνη
1701 4021 1826 4097 ὥρι-

155 4136 314 4181 σται,
351 4113 474 4167 ὅσον
511 4111 599 4168 διὰ
627 4114 726 4181 τήν
755 4112 994 4186 ἀγάπην.
1027 4117 1080 4165 '0
1113 4111 1216 4186 γὰρ
1245 4113 1336 4165 τὸν
1368 4110 1632 4166 πλούσιον
1691 4109 1825 4165 διοι-

149 4206 282 4256 κῶν
331 4201 460 4261 Θεὸς
519 4201 608 4254 καὶ
664 4201 752 4254 τὸν
813 4197 1018 4267 πένητα
1072 4197 1276 4274 τρέφει.
1323 4201 1596 4273 ΙΙεριττῶς
1647 4196 1736 4252 οὖν

152 4289 520 4361 ἐλεημοσύνη
549 4289 858 4364 προσετάγη
887 4306 900 4355 ;
930 4289 1016 4356 Μὴ
1052 4288 1298 4362 γένοιτοί
1333 4285 1476 4342 ἀλλά
1532 4288 1679 4362 ἀρχὴ
1725 4291 1823 4357 τῆς

149 4378 390 4453 ἀγάπης
421 4383 536 4439 τοῖς
574 4379 649 4450 μὴ
686 4375 852 4431 εὶδόσι
883 4376 1103 4452 γίνεται.
1139 4379 1342 4451 ’Ὠσπερ
1385 4377 1488 4451 γὰρ
1540 4377 1824 4452 ὑπογραμ-

154 4469 278 4541 μὸς
323 4469 390 4534 ἦν
455 4468 488 4535 ἠ
539 4473 636 4535 τῆς
691 4460 1048 4541 ἀκροϐυστίας
1109 4467 1386 4541 περιτομὴ
1426 4472 1525 4534 τῆς
1577 4463 1822 4541 καρδίας,

1919 574 2173 629 namque
2205 559 2373 629 quasi
2423 558 2539 614 illis
2585 558 2810 614 similes
2857 565 3055 613 essent
3109 557 3579 627 calumniantur,.

1920 645 2035 717 Ipsi
2068 662 2200 701 vero
2230 646 2534 702 hominum
2563 646 2948 702 contumelias
2975 647 3144 718 quasi
3179 646 3384 701 laudes
3417 647 3569 702 acci—

1920 735 2164 806 pientes,
2197 736 2483 808 intrepide
2515 736 2774 790 divinum
2796 752 2943 806 Opus
2966 742 3383 807 exsequuntur.
3417 735 3562 789 Nam

1919 823 2018 890 ait;
2052 825 2294 881 Gaudete
2320 829 2373 879 et
2402 827 2820 894 exeultate,cum
2852 841 3012 878 omne
3039 824 3387 879 mendacium
3405 823 3564 880 dixe-

1919 915 2037 968 rint
2065 912 2311 968 homines
2340 915 2636 970 adversum
2676 931 2769 969 vos
2801 915 2864 967 3‘.
2922 913 3291 968 Dominicum
3337 917 3426 967 est
3455 913 3555 967 hu-

1915 1002 2174 1072 jusmodi
2199 1002 2452 1058 ofﬁcium
2482 1019 2493 1057 :
2530 1003 2812 1058 Dominus
2835 1001 2987 1057 enim
3017 1001 3566 1056 manducabatcum

1925 1090 2252 1162 publicanis
2281 1097 2337 1146 et.
2367 1091 3012 1162 peccatoribusliorum
3050 1090 3285 1144 animus
3323 1090 3565 1144 fratrum

1923 1185 2111 1257 magis
2145 1201 2322 1256 quam
2357 1185 2446 1239 sui
2479 1201 2685 1238 amans
2737 1188 2844 1238 est.
2879 1182 3020 1237 Cum
3073 1180 3226 1236 enim
3261 1185 3566 1251 peccantes

1921 1273 2137 1338 vident,
2170 1271 2326 1328 haud
2357 1289 2548 1341 secus,
2583 1289 2647 1327 ac
2679 1272 2728 1327 si
2757 1273 3076 1335 domorum
3126 1270 3398 1324 incendia
3429 1285 3565 1324 con-

1922 1362 2235 1432 spicerent,
2271 1361 2550 1432 neglectis
2580 1362 2726 1431 suis,
2759 1359 2950 1415 aliena
2991 1376 3121 1432 quae
3171 1363 3415 1428 pereunt
3444 1373 3568 1411 ser-

1921 1467 2055 1504 vare
2101 1449 2390 1515 nituntur,
2424 1457 2599 1520 atque
2629 1448 2973 1503 ardentibus
3004 1448 3149 1502 031
3193 1444 3567 1501 contumeliis

1922 1539 2236 1607 combusti,
2270 1540 2324 1593 id
2357 1539 2626 1593 tolerant.
2661 1537 2766 1602 Qui
2795 1543 2986 1592 autem
3024 1535 3196 1591 medii
3222 1539 3381 1598 sunt,
3412 1533 3461 1588 si
3485 1531 3571 1586 vi-

1924 1628 2116 1683 derint
2156 1629 2390 1683 fratrem
2437 1632 2671 1698 peccato
2723 1627 3021 1681 ardentem
3082 1625 3570 1695 ﬂagrantemque,

1924 1719 2258 1787 aui'ugiunt,
2291 1715 2458 1770 veriti
2490 1733 2559 1771 ne
2592 1716 2663 1770 ad
2696 1733 2758 1770 se
2791 1730 3023 1786 quoque
3069 1713 3223 1784 ignis
3255 1711 3569 1783 pertingat.

1923 1805 2100 1860 Tertii
2132 1810 2326 1860 autem
2359 1804 2648 1859 malorum
2680 1804 3010 1858 vicinorum
3064 1806 3258 1872 partes
3307 1808 3570 1872 agentes,

1927 1911 2026 1949 eos
2058 1893 2156 1964 qui
2196 1894 2626 1948 comburuntur
2669 1892 2858 1963 magis
2906 1891 3291 1958 succendunt,
3347 1888 3575 1943 submi-

1928 1982 2176 2038 nistrata
2209 1982 2326 2037 illis
2354 1983 2425 2036 ad
2459 1981 2761 2037 interitum
2797 1979 3063 2046 materia,
3091 1979 3328 2050 prepria
3357 1978 3581 2033 scilicet

1929 2071 2170 2126 malitia.
2204 2071 2348 2126 Nam
2382 2087 2447 2123 ac
2477 2071 2523 2124 si
2555 2069 2679 2142 pice
2711 2068 2925 2123 illitum
2980 2067 3274 2140 navigium
3323 2067 3578 2121 olfende-

1931 2166 2078 2228 rent,
2113 2177 2214 2232 pro
2247 2177 2401 2232 aqua
2431 2159 2686 2214 cedriam
2722 2158 2977 2214 resinam
3010 2155 3577 2211 immittunt.Contra

1929 2266 2061 2304 vero
2092 2249 2257 2320 probi
2291 2247 2577 2314 homines,
2615 2247 2880 2320 preprias
2913 2245 3218 2300 facultates
3247 2261 3447 2300 eorum
3483 2261 3576 2299 sa-

1927 2338 2036 2393 luti
2060 2337 2432 2410 posthabent.
2466 2337 2594 2392 Haec
2621 2341 2759 2392 sunt
2789 2353 2932 2390 vera:
2955 2337 3302 2405 argumenta
3323 2332 3578 2389 charita-

1929 2428 2043 2495 tis;
2077 2427 2135 2482 bi
2169 2427 2406 2482 sincera
2437 2424 2769 2481 dilectionis
2801 2425 3096 2480 custodes.

1997 2606 2089 2660 72.
2123 2605 2283 2661 Sicut
2313 2609 2506 2660 autem
2537 2603 2677 2659 vitia
2708 2619 2891 2659 unum
2924 2603 2996 2658 ab
3027 2601 3138 2658 alio
3173 2602 3426 2673 pendent
3458 2599 3579 2669 ;ni-

1931 2695 2147 2750 mirum
2181 2693 2481 2750 avaritiam
2515 2695 2782 2765 sequitur
2809 2689 3575 2761 invidia,dolus,perjurium

1929 2783 2036 2849 ira,
2072 2783 2350 2838 memoria
2391 2783 2742 2853 injuriarum
2772 2802 2784 2847 ς
2819 2783 2902 2837 sic
2934 2799 3064 2852 quae
3113 2780 3230 2835 illis
3285 2779 3580 2834 contraria

1930 2878 2069 2928 sunt
2085 2872 2428 2927 charitatem
2444 2877 2913 2942 consequuntur:
2931 2869 3322 2924 mansuetudo
3347 2881 3576 2938 nempe,

1931 2962 2368 3032 aequanimitas,
2399 2959 2728 3022 tolerantia,
2770 2966 2826 3014 et
2874 2960 3158 3014 bonorum
3211 2955 3566 3028 perfectissi-

1935 3067 2098 3106 mum
2131 3050 2455 3105 voluntaria
2487 3055 2816 3120 paupertas.
2856 3048 2976 3103 Non
3007 3047 3161 3102 enim
3197 3050 3386 3117 potest
3417 3045 3579 3114 quis-

1932 3141 2087 3212 piam
2119 3157 2246 3194 eam
2279 3140 2439 3194 adire
2471 3142 2768 3203 virtutem,
2802 3136 3024 3191 scilicet
3065 3135 3431 3197 charitatem,
3466 3133 3579 3187 nisi

1934 3246 2036 3302 per
2056 3228 2440 3284 voluntariam
2471 3225 3096 3298 paupertatem.Nequc
3118 3225 3272 3279 enim
3301 3221 3582 3276 Dominus

1929 3318 2276 3374 charitatem
2304 3316 2606 3372 mandavit
2625 3331 2760 3386 erga
2787 3330 2967 3369 unum
2989 3311 3415 3376 hominem,sed
3443 3326 3582 3382 erga

1929 3405 2283 3462 omnes.Non
2314 3407 2479 3461 decet
2509 3405 2689 3476 igitur
2709 3420 2808 3458 eus
2838 3403 2940 3474 qui
2973 3401 3314 3457 facultatum
3352 3399 3582 3470 potiun-

1930 3501 2027 3551 tur
2077 3511 2292 3567 egenos
2338 3495 2656 3564 despicere.
2708 3493 2803 3548 Sic
2851 3507 3104 3560 namque
3154 3490 3516 3544 subducetur
3549 3504 3582 3542 a

1931 3585 2235 3640 charitate.
2272 3584 2416 3638 Nam
2449 3582 2822 3655 suppeditare
2853 3580 3128 3635 omnibus
3159 3595 3328 3634 nemo
3372 3578 3577 3648 potest,

1931 3689 2064 3728 cum
2099 3673 2178 3728 sit
2208 3672 2353 3727 illud
2385 3670 2568 3727 solius
2600 3669 2696 3725 Dei
2729 3685 2898 3740 opus.

2000 3763 2091 3816 73.
2125 3761 2272 3827 Quid
2303 3777 2460 3831 ergo.
2496 3759 2706 3830 inquit,
2739 3758 2839 3829 qui
2873 3755 3019 3811 nihil
3055 3755 3576 3826 possides,conten-
3637 3824 3645 3833 '

1933 3851 2025 3906 dis
2054 3851 2126 3906 de
2155 3851 2545 3920 eleemosyna,
2578 3849 2824 3918 ipsaque
2855 3845 2957 3900 tibi
2991 3851 3080 3900 est
3124 3843 3352 3898 occasio
3389 3843 3582 3914 possi-

1934 3940 2109 3996 dendi
2134 3938 2160 3992 ‘l
2193 3940 2252 3994 ld
2287 3936 2666 3993 saecularibus
2692 3936 2930 4005 jussum
2965 3937 3072 3989 est.
3107 3933 3228 3987 Non
3265 3930 3420 3986 enim
3452 3935 3584 3985 tan-

1933 4034 2057 4083 tum
2082 4029 2152 4082 ad
2178 4027 2370 4097 inopis
2391 4025 2736 4081 alimentum
2762 4023 3034 4078 instituta
3063 4021 3171 4075 fuit
3193 4019 3582 4090 eleemosyna,

1932 4122 2222 4188 quantum
2258 4121 2495 4186 propter
2525 4111 3044 4168 charitatem.Nam
3082 4109 3182 4181 qui
3215 4109 3454 4162 divitem
3490 4124 3581 4162 re-

1934 4206 2018 4278 git
2050 4206 2227 4270 Deus,
2260 4205 2435 4259 etiam
2470 4217 2783 4274 pauperem
2816 4201 2941 4257 alit.
3000 4201 3235 4254 Frustra
3285 4196 3468 4268 igitur
3491 4196 3580 4251 in-

1929 4297 2135 4365 juncta
2166 4294 2275 4348 fuit
2315 4291 2732 4362 eleemosyna?
2781 4289 2974 4345 absit!
3010 4289 3224 4342 Verum
3276 4285 3584 4342 charitatis

1937 4383 2286 4454 principium
2322 4383 2571 4437 efﬁcitur
2603 4381 2672 4436 iis
2705 4379 2805 4450 qui
2840 4380 3130 4449 ignorant.
3193 4375 3582 4441 Quemadmo-

1935 4473 2074 4527 dum
2107 4489 2242 4544 ergo
2276 4469 2643 4525 circumcisio
2678 4467 2943 4539 praeputii
2982 4467 3166 4537 figura
3189 4471 3311 4519 erat
3341 4463 3590 4518 circum-

149 4557 350 4616 οὕτως
400 4558 434 4624 ἡ
496 4554 836 4628 ἐλεημοσύνη
889 4560 989 4622 τῆς
1049 4553 1262 4628 ἀγάπης
1319 4551 1643 4616 διδάσκαλος
1698 4576 1814 4609 κατε

1935 4561 2173 4616 cisionis
2204 4559 2431 4625 cordis;
2460 4559 2539 4613 ita
2572 4558 2940 4627 elecmosyna
2968 4553 3270 4609 charitatis
3304 4551 3586 4624 magistra

150 4646 325 4715 ἔστη.
362 4645 460 4706 Οἷς
513 4645 604 4698 οὖν
653 4646 688 4712 ἡ
740 4642 918 4719 ἀγάπη
971 4642 1030 4696 ἐκ
1079 4643 1306 4717 χάριτος
1338 4639 1498 4712 ἐδόθη
1531 4645 1755 4718 περιττὴ
1789 4646 1822 4713 ἡ

154 4736 304 4804 ἐλεη
318 4732 528 4807 μοσύνη
541 4775 552 4788 .

239 4827 340 4878 74.
379 4823 456 4880 Οὐ
505 4816 875 4876 διαϐάλλουσα
912 4820 1003 4874 τὸν
1050 4817 1201 4874 ἔλεον
1261 4824 1426 4874 ταῦτα
1474 4820 1641 4895 λεγειν
1685 4818 1830 4876 ἀλλά

148 4921 274 4982 τῆς
337 4911 722 4983 ἆκτημοσύνης
770 4909 831 4964 τὸ
880 4909 1111 4984 καθαρὸν
1164 4906 1500 4965 δεικνύουσα.
1551 4910 1644 4978 Μή
1686 4908 1831 4985 γινέ-

150 5005 288 5058 σθω
322 4998 414 5054 οὖν
445 4999 684 5061 κώλυσις
711 5001 774 5053 τὸ
805 4997 1025 5054 ἔλαττον
1070 5002 1166 5051 τοῦ
1217 4997 1484 5070 μείζονος.
1519 5001 1603 5053 Ἐν
1659 4999 1830 5075 ὀλίγῳ

147 5094 230 5146 τὸ
302 5091 496 5165 μικρὸν
545 5091 924 5162 κατώρθωσας’
959 5087 1130 5141 πάντα
1184 5086 1283 5162 γὰρ
1339 5087 1506 5164 ὑφ”ἐν
1567 5086 1824 5151 δέδωκας·

154 5181 322 5257 πρὸς
355 5180 416 5233 τὸ
452 5184 632 5251 μεῖζον
671 5176 864 5232 λοιπὸν
899 5177 1208 5247 ἀνάνευσον,
1241 5177 1337 5244 τὴν
1391 5175 1619 5252 ἀγάπην.
1658 5185 1826 5231 Σταυ-

148 5267 415 5347 ροφόρος
476 5267 580 5341 γὰρ
636 5267 946 5340 τυγχάνεις.
1010 5263 1084 5318 Σὺ
1142 5266 1239 5333 τήν
1302 5263 1582 5341 έλευτέραν
1641 5267 1825 5342 φωνὴν

148 5357 424 5436 ἀφείλεις
496 5356 688 5424 εἱπεῖν,
766 5356 848 5426 τὸ,
921 5352 1058 5408 Ἰδοὺ
1129 5353 1303 5408 πάντα
1377 5353 1682 5432 ἀφήκαμεν,
1740 5355 1829 5408 καὶ

243 5521 294 5556 ³¹
328 5519 536 5577 Matth.
571 5536 626 5584 ν,
661 5519 746 5574 11.

248 5662 402 5735 (90')
431 5665 617 5732 Forte,
649 5659 854 5722 αὐτοῖς.
886 5659 1044 5716 Enrr.

1937 4651 2256 4705 constituta
2287 4655 2394 4704 est.
2430 4648 2654 4711 Quibus
2683 4645 2862 4717 igitur
2901 4643 3155 4699 charitas
3204 4657 3305 4712 per
3335 4640 3582 4712 gratiam

1938 4741 2074 4794 data
2105 4744 2215 4805 est,
2243 4737 2315 4793 iis
2347 4751 2779 4808 supervacanea
2809 4739 2897 4789 cst
2926 4732 3316 4802 cleemosyna.

2007 4831 2097 4884 74.
2132 4829 2514 4900 Nequaquam
2560 4826 2667 4880 hoc
2716 4825 2867 4888 dico,
2908 4829 2973 4878 ut
3023 4820 3435 4876 misericordia
3485 4821 3586 4874 de-

1939 4920 2192 4985 traham,
2227 4917 2326 4972 sed
2360 4933 2474 4988 quo
2507 4916 2812 4970 ostendam
2863 4918 3194 4983 spontaneis
3227 4908 3587 4980 paupertatis

1939 5009 2273 5081 puritatem.
2307 5007 2387 5061 Ne
2420 5007 2521 5059 ﬁat
2568 5003 2744 5070 igitur
2794 5001 2988 5056 minus
3041 4999 3281 5071 majoris
3332 4996 3586 5068 impedi-

1943 5104 2229 5155 mentum.
2265 5095 2484 5165 Exiguo
2516 5099 2776 5161 tempore
2818 5107 3060 5162 parvum
3120 5091 3339 5144 bonum
3373 5084 3582 5148 fecisti,

1939 5188 2035 5258 qui
2070 5186 2267 5241 omnia
2299 5183 2475 5240 simul
2507 5180 2756 5253 erogasti
2785 5197 2797 5245 ;
2823 5180 2948 5249 jam
2983 5179 3052 5233 ad
3089 5179 3145 5232 id
3179 5176 3331 5246 quod
3390 5175 3580 5242 majus

1939 5282 2047 5344 est,
2080 5275 2421 5330 charitatem
2449 5273 2752 5338 nimirum,
2787 5267 3303 5339 respice.Crncil‘er
3332 5276 3587 5332 namque

1939 5380 2022 5419 es.
2057 5365 2142 5418 Tu
2177 5363 2418 5419 liberam
2451 5362 2614 5416 illam
2643 5374 2840 5414 vocem
2887 5358 3143 5428 proferre
3199 5353 3375 5408 debes
3409 5367 3421 5404 :
3457 5352 3587 5405 Ecce

2016 5665 2128 5739 (91)
2157 5663 2351 5737 Vulg.,
2385 5657 2760 5717 ὁποκτέπεται.
2794 5663 2890 5716 Et).
