4002 6206
399 362 546 422 1531

1563 369 1624 427 S.
1674 369 2191 430 ATHANASIUS.
2220 401 2297 411 —
2328 368 2639 431 SPURIA.

3659 371 3811 432 1532

403 496 728 566 reliquimus
779 512 986 568 omnia,
1018 504 1068 554 et
1096 503 1263 554 secuti
1290 518 1478 557 sumus
1509 511 1562 557 te
1593 503 1656 555 υ.
1688 503 1774 556 Tu
1800 501 1907 556 hoc
1941 502 2046 556 do~

2191 497 2611 574 ηκολουθήσαμέν
2665 522 2772 558 σοι.
2823 502 2898 556 Συ
2959 503 3057 570 τήν
3109 501 3575 578 εὖπαριῖησίαστον
3627 501 3810 575 γλῶτ-

405 589 578 640 natus
611 601 672 639 es
707 604 966 650 munere,
1001 593 1063 642 ut
1105 588 1318 644 fiducia
1369 589 1597 662 plenam
1645 590 2042 663 apostolorum

402 672 698 745 loquelam
737 675 984 731 imitare.
1025 679 1199 732 Aiunt
1254 679 1407 734 enirn
1449 681 1648 734 Petrus
1680 685 1736 734 et
1765 680 2042 736 Joannes:

406 764 615 818 Aurum
645 767 692 817 et
727 775 1022 837 argentum
1051 784 1159 822 non
1184 776 1260 822 est
1290 769 1429 822 mihi
1457 769 1519 822 ³³.
1561 768 1777 841 Duplex
1807 769 2045 840 quidem

404 851 626 924 lingua,
659 854 756 908 sed
793 855 963 908 unica
995 856 1156 910 fides.

477 969 566 1022 75.
607 969 758 1022 [nter
787 970 1096 1025 saeculares
1126 988 1317 1042 porro,
1351 989 1422 1028 ne
1455 979 1670 1028 temere
1698 981 1754 1028 et
1787 974 2046 1028 inconsi-

409 1057 606 1112 derate
636 1066 906 1129 erogatur
935 1059 1322 1132 eloemosyna,
1355 1064 1446 1116 Ait
1476 1064 1626 1118 enim
1653 1081 1669 1116 :
1703 1063 1889 1118 Oleum
1920 1080 2045 1134 pec-

411 1149 609 1200 catoris
643 1163 748 1200 non
782 1150 1086 1218 impinguel
1113 1156 1274 1221 caput
1306 1168 1486 1206 meum
1517 1152 1578 1206 ³⁸.
1621 1152 1897 1207 Convenit
1917 1168 2050 1220 ergo

413 1241 476 1288 ut
509 1234 604 1304 qui
632 1235 1060 1308 eleumosynam
1086 1246 1284 1308 erogat
1305 1241 1616 1294 Abrahumi
1649 1241 1952 1311 prudentia
1977 1241 2054 1293 sit

415 1323 715 1394 pra-ditus,
760 1342 823 1377 ac
873 1328 1369 1395 quemadmodum
1424 1329 1519 1382 ille
1563 1332 1722 1397 juste
1769 1335 1826 1383 et
1876 1329 2054 1399 probe

413 1417 564 1482 agat.
605 1412 746 1467 Nam
782 1415 878 1483 qui
935 1415 1194 1486 hospites
1246 1417 1684 1487 perhumaniter
1732 1418 2056 1488 excipiebat

413 1499 833 1571 homojustus,
867 1519 992 1556 cum
1028 1503 1216 1575 epulis
1249 1523 1422 1560 suum
1455 1507 1626 1560 etiam
1661 1507 1923 1561 animum
1957 1523 2056 1561 ex-

415 1589 671 1643 hibebat.
721 1592 889 1645 Stetit
939 1593 1153 1666 quippe
1204 1596 1566 1664 ministrans,
1611 1613 1714 1651 nec
1772 1595 2057 1651 sustinuit

413 1679 666 1734 famulos
695 1681 980 1750 ejusmodi
1013 1680 1158 1736 lucri
1191 1701 1388 1738 secum
1422 1691 1723 1739 consortes
1753 1685 2059 1740 esse.Sane

418 1770 518 1839 qui
570 1770 855 1838 ejusmodi
909 1776 1067 1835 sunt,
1105 1771 1485 1845 eleemosynsa
1539 1774 1865 1830 mercedem
1913 1773 2058 1827 reci-

2152 609 2246 642 ταν
2302 593 2407 643 τῶν
2468 588 2790 646 ἀποστόλων
2855 593 3192 664 μιμήσασθαι
3241 591 3616 660 κατηξιώθης.
3673 593 3813 660 Φητὶ

2154 678 2254 753 γὰρ
2305 677 2504 751 Πέτρος
2549 680 2637 734 καὶ
2686 680 2961 750 Ἰωάννης,
3003 681 3078 740 ὡς
3127 679 3352 754 Χρυσίον
3407 679 3499 733 καί
3549 679 3812 753 ἀργύριον

2157 765 2263 841 οὐχ
2297 767 2528 843 ὑπάρχει
2565 790 2681 841 μοι.
2713 767 2891 838 Διπλῆ
2943 768 3038 840 μὲν
3088 772 3122 837 ἡ
3173 766 3409 844 γλῶττα,
3440 767 3594 822 am
3650 771 3812 839 μονό-

2155 877 2355 931 τροπος
2385 860 2418 926 ἡ
2453 858 2650 920 πίστις.

2225 975 2315 1028 75.
2354 973 2449 1026 Καὶ
2481 973 2533 1026 ἐν
2561 978 2678 1034 τοῖς
2707 979 2992 1045 κοσμικοῖς
3027 970 3083 1027 δέ
3116 974 3192 1045 μή
3227 972 3414 1034 ἁπλῶς
3446 973 3632 1034 οὕτως
3667 971 3818 1041 ἐλεη-

2162 1061 2369 1133 μοσύνη
2421 1062 2670 1138 γινέσθω.
2724 1063 2868 1130 Φησὶ
2915 1063 3039 1138 γὰρ,
3083 1062 3157 1123 ὡς
3202 1061 3423 1116 Ἐλαιον
3480 1062 3821 1136 ἀμαρτωλοῦ

2165 1151 2238 1221 μή
2292 1148 2573 1205 λιπανάτω
2621 1152 2718 1218 τήν
2760 1149 3000 1229 κεφαλήν
3054 1171 3179 1222 μου.
3235 1153 3509 1224 Ηροσήκει
3573 1151 3672 1204 οὖν
3738 1152 3825 1203 τὸν

2161 1237 2417 1294 ἐλεοῦντα
2482 1234 2842 1313 Ἀϐραμιαῖον
2913 1237 3057 1314 ἔχειν
3130 1241 3191 1292 τὸ
3251 1241 3535 1316 φρόνημα,
3595 1241 3692 1292 καὶ
3755 1240 3826 1296 ὡς

2163 1327 2364 1389 ἐκεῖνος
2413 1328 2476 1382 τὸ
2522 1325 2728 1383 δίκαιον
2781 1326 3003 1389 δικαίως
3049 1329 3320 1402 πράττειν.
3356 1328 3683 1397 Φιλοξενῶν
3733 1331 3824 1402 γὰρ

2164 1418 2192 1472 ὁ
2227 1413 2456 1483 δίκαιος,
2495 1417 2628 1488 μετᾶ
2653 1424 2753 1486 τῆς
2789 1417 2960 1478 ἑστίας
3003 1417 3091 1470 καὶ
3139 1418 3239 1484 τήν
3287 1417 3518 1492 γνώμην
3577 1419 3828 1490 παρεδη-

2164 1527 2279 1562 κεν.
2337 1507 2503 1574 Ἕστη
2563 1506 2687 1580 γαρ,
2745 1506 2932 1582 φησὶν,
3002 1507 3302 1580 ὑπηρετῶν,
3367 1507 3444 1577 μή
3530 1504 3830 1580 βουληὸετς

2165 1594 2291 1656 τοὺς
2351 1594 2562 1654 οἷκετας
2640 1595 3006 1670 συμμεριστὰς
3075 1599 3170 1648 τοῦ
3245 1591 3478 1668 κέρδους
3557 1594 3831 1668 γενέσθαι.

2167 1682 2422 1753 Ἀληθῶς
2455 1684 2506 1738 οἱ
2536 1689 2775 1737 τοιοῦτοι
2812 1684 3003 1755 μισθὸν
3040 1690 3139 1751 τῆς
3194 1681 3584 1753 ἐλεημοσύνης
3628 1680 3832 1751 ἕξουσι,

2170 1771 2264 1826 κᾶν
2322 1771 2372 1826 ἐν
2430 1777 2510 1844 τῷ
2569 1769 2803 1847 δευτέρῳ
2875 1773 3112 1846 τάγματι
3184 1770 3558 1847 τυγχάνωσιν.
3621 1772 3684 1824 Ὃ
3732 1772 3831 1844 γὰρ

419 1857 604 1927 pient,
637 1859 906 1927 quamvis
939 1858 997 1913 in
1047 1861 1303 1916 secundo
1351 1863 1553 1916 ordino
1597 1863 2052 1919 constituantur.

2191 1860 2391 1936 (ύριος,
2453 1857 2869 1935 δημιουργήσας
2922 1861 3023 1928 τήν
3093 1860 3447 1931 οἰκουμένην,
3504 1857 3721 1924 διπλῆν
3785 1861 3832 1912 ἐν

421 1949 685 2013 Namque
706 1946 987 2001 Dominus
1011 1950 1108 2020 qui
1132 1951 1418 2004 mundum
1435 1950 1669 2015 creavit,
1694 1951 1987 2022 duplicem
2003 1951 2060 2004 in

421 2033 520 2088 illo
537 2035 729 2105 posuit
761 2035 1079 2092 incolarum
1113 2039 1555 2094 ordinamAliis
1577 2041 1866 2111 siquidem
1888 2041 2064 2112 probo

421 2123 1016 2196 viventibus,propter
1046 2127 1358 2182 liberorum
1396 2129 1827 2200 susceptionem
1864 2127 2064 2183 matri-

425 2213 688 2267 monium
745 2214 997 2283 injunxit
1047 2233 1058 2268 :
1107 2217 1239 2272 aliis
1291 2235 1420 2272 vero
1470 2222 1705 2290 propter
1753 2219 2064 2290 puritatem

423 2301 574 2370 vitae,
607 2304 930 2358 castitatem
964 2305 1226 2370 tradidit,
1250 2307 1502 2377 aequales
1528 2307 1658 2362 illos
1685 2305 1908 2378 angelis
1930 2322 2066 2361 con-

427 2391 700 2445 stituens.
739 2393 803 2446 Et
838 2392 951 2446 illis
979 2395 1214 2465 quidem
1255 2395 2066 2466 leges,ultiones,doctrinas-

429 2495 542 2550 que
571 2480 729 2534 dedit
765 2499 775 2534 :
812 2481 902 2535 his
936 2499 1064 2536 vero
1110 2485 1189 2537 uit
1222 2502 1234 2540 :
1272 2487 1415 2540 Mihi
1464 2486 1731 2549 vindicta,
1770 2501 1872 2557 ego
1903 2484 2067 2538 retri-

430 2567 610 2635 buam,
645 2569 785 2623 dicit
810 2571 1072 2626 Dominus
1102 2573 1164 2627 ³⁵.
1221 2573 1342 2628 lllic
1386 2573 1466 2628 ait
1518 2591 1530 2628 :
1590 2573 1911 2644 Operaberis
1957 2582 2069 2628 lcr-

428 2674 548 2711 ram
579 2658 658 2723 ³⁶;
695 2658 787 2712 hic
810 2659 977 2727 jubet
1012 2677 1023 2714 :
1058 2662 1240 2717 Nolite
1261 2662 1492 2718 solliciti
1511 2679 1624 2718 esse
1651 2663 1716 2718 de
1743 2664 1982 2717 crastino
2003 2662 2068 2717 ³⁷.

431 2747 554 2800 lllis
587 2745 770 2817 legem
808 2748 1203 2813 dedit;nobis
1255 2768 1355 2822 per
1401 2752 1648 2822 gratiam
1700 2752 1824 2823 ipse
1873 2767 2070 2805 coram

431 2836 708 2890 mandata
737 2836 1048 2892 intimavit.

503 2953 589 3005 76.
623 2952 772 3007 Crux
803 2959 889 3007 est
921 2954 1086 3008 nobis
1136 2962 1414 3027 tropteum
1466 2955 1737 3011 victoriae.
1785 2954 2072 3009 Professio

430 3040 647 3111 quippe
679 3041 819 3096 nihil
855 3041 1011 3096 aliud
1037 3050 1126 3098 est
1158 3061 1332 3115 quam
1365 3045 1652 3100 abdicatio
1701 3043 1844 3113 vitai,
1875 3050 1930 3098 et
1961 3059 2074 3098 me-

431 3129 634 3183 ditatio
665 3132 887 3185 mortis.
923 3133 1424 3195 Quemadmodum
1457 3151 1594 3205 ergo
1628 3133 1840 3188 mortui
1873 3149 2075 3204 corpo-

2171 1949 2306 2024 αὐτῇ
2336 1955 2443 2004 τῶν
2477 1949 2778 2022 οἰκητόρων
2829 1946 2976 2004 ἔθετο
3021 1951 3122 2018 τὴν
3170 1950 3339 2019 τάξιν.
3390 1954 3523 2010 Τοῖς
3581 1949 3685 2019 μὶν
3737 1949 3836 2021 γὰρ

2173 2037 2382 2111 σεμνῶς
2418 2039 2594 2114 βιοῦσι
2628 2037 2717 2093 διὰ
2743 2039 2842 2106 τήν
2887 2035 3236 2092 παιδοποιίαν
3283 2040 3376 2092 τὸν
3427 2040 3618 2111 γάμον
3670 2057 3836 2109 προσ-

2174 2127 2346 2197 έταξε·
2372 2133 2489 2190 τοῖς
2521 2124 2578 2182 δὲ
2610 2125 2698 2181 διὰ
2725 2126 3069 2202 καθαρότητα
3104 2126 3225 2200 βίου
3249 2126 3346 2194 τὴν
3381 2125 3601 2200 ἁγνείαν
3669 2145 3834 2200 προσο

2175 2216 2373 2288 ἐταξεν,
2420 2215 2735 2292 ίσαγγέλους
2783 2215 2983 2276 αὐτοὺς
3029 2219 3216 2269 ποιῶν·
3270 2215 3360 2269 καὶ
3415 2220 3543 2274 τοῖς
3605 2215 3711 2286 μὲν
3755 2214 3838 2266 v6-

2181 2326 2314 2377 μους
2394 2305 2483 2360 καὶ
2567 2302 2868 2373 ἐκδικήσεις
2943 2304 3032 2358 καὶ
3104 2301 3453 2364 διδασκαλίας
3529 2301 3834 2376 παρέδωκε·

2175 2393 2390 2455 τούτοις
2458 2392 2514 2449 δέ
2573 2413 2754 2472 φησιν’
2818 2394 2976 2464 Ἐμοὶ
3053 2390 3352 2462 ἐκδίκησις,
3416 2391 3533 2465 ἐγὼ
3610 2393 3838 2446 ἀνταποο

2179 2480 2360 2549 δώσω,
2421 2480 2568 2558 λέγει
2652 2482 2869 2549 Κύριος.
2931 2484 3076 2539 Ἐκεῖ
3156 2501 3346 2558 φησιν·
3431 2482 3674 2554 Ἐργάσῃ
3740 2483 3833 2546 τηι-

2179 2580 2304 2646 γῆν·
2365 2572 2453 2626 καὶ
2508 2569 2615 2626 ὧδε
2674 2573 2749 2643 μή
2810 2578 3139 2645 μεριμνῆσαι
3193 2577 3292 2638 τῆς
3352 2568 3544 2645 αὔριον
3603 2569 3838 2624 κελεύει.

2181 2661 2440 2722 Ἐκείνοις
2471 2659 2640 2732 νόμον
2673 2657 2888 2714 ἔδωκενο
2921 2662 3054 2732 ἡμῖν
3091 2656 3148 2714 δὲ
3196 2657 3284 2713 διὰ
3326 2660 3564 2734 χάριτος
3614 2657 3836 2728 αὐτοψεέ

2178 2750 2271 2811 τὰς
2303 2747 2525 2812 ἐντολὰς
2559 2747 2866 2824 ἐγνώρισεν.

2250 2955 2340 3010 ⁸76.
2385 2953 2623 3029 Σταυρὸς
2654 2955 2788 3025 ἡμῖν
2833 2952 2942 3008 ἐστι
2991 2953 3052 3006 τὸ
3098 2951 3355 3027 τρόπαιον
3411 2958 3510 3020 τῆς
3556 2951 3737 3018 νίκης.
3769 2951 3836 3004 Τὸ

2182 3042 2284 3117 γὰρ
2338 3041 2656 3119 ἐπάγγελμα
2711 3045 2872 3116 ἡμῶν
2929 3038 3082 3097 οὐδὲν
3141 3039 3280 3095 ἀλλο
3331 3040 3473 3095 lxxiv
3510 3041 3546 3107 ἢ
3581 3040 3837 3112 ἀποταγὴ

2189 3130 2330 3205 βίου,
2389 3130 2590 3204 μελέτη
2665 3131 2912 3186 θανάτου.
2970 3133 3175 3203 ’Ὠσπερ
3231 3125 3322 3181 οὖν
3381 3129 3433 3182 οἱ
3487 3129 3676 3204 νεκροὶ
3747 3129 3844 3181 οὐκ

436 3233 494 3270 re
529 3234 640 3271 non
675 3228 1025 3290 operantur;
1059 3221 1139 3275 ita
1165 3229 1222 3277 et
1243 3223 1764 3293 nos.0uiecumque
1793 3222 1949 3277 enim
1974 3220 2069 3276 illo

2191 3218 2460 3294 ἐνεργοῦσι
2491 3224 2570 3292 τῷ
2614 3219 2847 3292 σώματι,
2883 3218 3028 3274 οὕτω
3075 3221 3163 3272 καὶ
3214 3219 3398 3288 ἡμεῖς.
3430 3219 3576 3273 ’Ὁσα
3620 3217 3728 3290 γαρ
3776 3217 3839 3284 ἦν

431 3305 584 3361 632
605 3309 1522 3379 peragendaerant,fecimuscum
1539 3327 1805 3366 essemus
1831 3310 2072 3382 parvuli.

435 3393 530 3446 Ait
562 3412 815 3466 namque
848 3398 1154 3467 Apostolus
1189 3416 1200 3453 :
1236 3400 1366 3454 Mihi
1394 3401 1630 3456 mundus
1666 3401 2071 3470 cruci/iamest,

432 3485 485 3536 et
515 3499 608 3553 ego
629 3488 834 3538 mundo
855 3485 1137 3543 “.Anima
1168 3490 1452 3555 vivamus;
1471 3507 1536 3544 ea
1559 3491 1940 3544 ostendamus
1964 3491 2074 3541 vir-

437 3575 612 3636 tutes;
631 3579 822 3628 mente
838 3590 1212 3630 exerceamus
1231 3577 1688 3632 misericordiam
1713 3594 1724 3630 :
1746 3579 1901 3631 Beati
1920 3575 2076 3632 enim

439 3662 820 3716 miscril’ordcs
843 3663 1040 3718 anima
1057 3665 1193 3720 3°.Et
1210 3666 1704 3736 quemadmodum
1729 3667 1928 3719 eodem
1957 3666 2077 3719 loco

441 3748 601 3811 dicit.
648 3752 800 3820 quod
845 3754 942 3821 qui
995 3753 1486 3824 pulchritudinem
1540 3754 1920 3825 concupierit,
1971 3756 2078 3809 etsi

438 3838 582 3892 nihil
607 3840 858 3895 exterius
888 3850 1042 3912 agat.
1096 3847 1396 3912 peccatum
1448 3845 1572 3897 sine
1616 3849 1761 3897 teste
1809 3853 2082 3912 operatus

441 3937 565 3996 est;
597 3932 797 3986 eadem
849 3933 1070 3988 ratione
1120 3933 1213 3988 hic
1257 3935 1328 3989 de
1357 3933 1727 4004 eleemosyna
1764 3949 1954 3988 sermo
1987 3933 2082 3987 ha-

444 4022 630 4086 betur,
665 4023 861 4076 animo
893 4023 1178 4079 actionem
1231 4026 1582 4095 perliciente,
1635 4024 1767 4078 licet
1811 4023 1961 4079 desit
1993 4041 2083 4094 pe-

440 4111 634 4179 cunia,
672 4111 890 4180 maiore
923 4112 1210 4168 habemur
1238 4112 1476 4168 honore.

517 4237 606 4290 77.
661 4237 1167 4300 Quemadmodum
1218 4238 1372 4293 enim
1429 4238 1528 4310 qui
1578 4240 1636 4293 in
1687 4239 1896 4293 sarculo
1948 4246 2087 4294 sunt

445 4324 565 4379 beri
599 4327 755 4380 varia
787 4328 1052 4382 obtinent
1103 4345 1399 4383 servorum
1453 4327 1796 4396 ministeria,
1845 4334 1901 4382 et
1941 4327 2084 4384 alios

443 4414 677 4484 quidem
714 4416 769 4469 in
805 4433 1010 4487 agrum
1055 4417 1320 4476 mittunt.
1351 4418 1417 4471 ad
1445 4416 1688 4472 colenda
1721 4417 1954 4486 przedia,
1987 4433 2083 4489 ge-

446 4503 716 4573 nerisque
752 4507 1108 4576 propagandi
1144 4523 1359 4573 causa;
1393 4522 1593 4560 eorum
1627 4511 1820 4560 autem
1856 4504 2084 4566 filios,si

2186 3307 2254 3364 δι’
2283 3309 2447 3364 αὐτοῦ
2505 3307 2828 3379 ἐπιτελέσαι,
2869 3310 3245 3378 πεποιήκαμεν
3301 3305 3392 3360 ὅτε
3434 3308 3574 3377 ἦμεν
3619 3308 3838 3374 νήπιοι.

2186 3399 2330 3468 Φησὶ
2383 3399 2486 3474 γὰρ
2536 3399 2564 3452 ὁ
2615 3396 2976 3465 Ἀπόστολος,
3026 3397 3099 3457 ὡς
3158 3397 3318 3468 Ἐμοὶ
3375 3396 3583 3465 κόσμος
3651 3395 3838 3448 ἐσταύ-

2188 3509 2375 3562 ρωται,
2416 3487 2568 3561 κάγὼ
2621 3491 2700 3558 τῷ
2752 3485 2965 3558 κόσμῳ.
2998 3489 3074 3558 Τῇ
3121 3487 3273 3559 ψυχῇ
3325 3490 3525 3555 ζῶμεν·
3561 3484 3706 3555 αὐτῇ
3751 3485 3841 3542 τὶς

2188 3578 2376 3652 ἀρετὰς
2427 3573 2799 3646 ἐπιδείξωμεν·
2849 3575 2983 3628 κατὰ
3031 3571 3269 3628 διάνοιαν
3322 3573 3669 3645 ἐλεήσωμεν·
3734 3579 3840 3626 Μαι

2187 3667 2366 3742 κάριοι
2398 3666 2496 3739 γὰρ
2539 3666 2590 3720 οἱ
2650 3664 2944 3736 ἐλεήμονες
3001 3667 3070 3736 τῇ
3116 3666 3292 3737 ψυχῇ.
3324 3665 3528 3730 ’Ὠσπερ
3577 3664 3684 3737 γὰρ
3738 3661 3845 3716 ἐκεῖ

2190 3755 2362 3829 λέγει,
2395 3753 2474 3808 ὅτι
2509 3755 2536 3808 ὁ
2567 3753 2906 3826 ἐπιθυμήσας
2944 3750 3209 3822 κάλλους,
3241 3752 3327 3804 καὶ
3376 3749 3504 3826 δίχα
3550 3757 3652 3817 τῆς
3708 3752 3844 3822 πρά-

2191 3845 2343 3914 ξεως,
2404 3844 2713 3918 ἀμάρτυρον
2770 3843 2868 3910 τὴν
2948 3839 3212 3916 ἁμαρτίαν
3299 3838 3602 3914 εἰργάσατο·
3672 3838 3843 3896 οὕτως

2191 3931 2414 3986 ἐνταῦθα
2443 3935 2476 3986 ὖ
2513 3929 2854 4003 ἐλεημοσύνη
2889 3926 3122 4005 εἶ’ρηται,
3151 3934 3252 3996 τῆς
3282 3928 3511 4003 γνώμης
3554 3928 3654 3993 τήν
3717 3933 3844 4000 πρᾶ-

2193 4023 2268 4092 ξιν
2322 4021 2610 4090 τελούσης,
2661 4018 2756 4074 κᾶν
2814 4020 2876 4073 τὸ
2931 4017 3188 4093 ἀργύριον
3246 4015 3455 4082 ἄπεστι,
3501 4014 3571 4088 τῇ
3635 4016 3845 4086 μείζονι

2192 4110 2311 4181 ἀξίᾳ
2346 4111 2540 4181 τετιμή
2552 4109 2705 4181 μαθα.

2261 4236 2352 4289 77.
2387 4236 2588 4307 Ὥσπερ
2617 4231 2718 4307 γὰρ
2759 4231 2810 4285 οἱ
2857 4234 2990 4284 κατα
3029 4230 3118 4283 τὸν
3161 4228 3366 4299 κόσμον
3419 4225 3678 4282 δεσπόται
3731 4225 3847 4282 δια-

2193 4323 2391 4402 φόρους
2450 4321 2676 4376 οἰκετῶν
2738 4318 3030 4394 ὑπηρεσίας
3085 4316 3391 4387 κέκτηνται·
3426 4317 3514 4370 καὶ
3563 4317 3694 4371 τους

2195 4412 2246 4466 ἐν
2277 4416 2394 4472 τοῖς
2426 4409 2654 4486 χωρίοις
2687 4407 3046 4479 ἐκπέμπουσι,
3077 4406 3210 4480 πρὸς
3241 4405 3300 4459 τὸ
3346 4405 3440 4466 τὰς
3485 4406 3643 4478 γαίας
3699 4405 3845 4480 ἐργα-

2199 4506 2397 4571 ζεσθαι,
2429 4499 2517 4554 καὶ
2545 4500 2644 4568 τὴν
2671 4495 2768 4552 τοῦ
2817 4494 3006 4571 γένους
3058 4491 3322 4569 διαδοχὴν
3373 4493 3688 4570 φυλάττειν·
3723 4495 3842 4555 τους

445 4594 851 4662 conspexerint
909 4596 1122 4663 probos
1174 4596 1585 4665 elegantesque
1636 4611 1786 4662 esse,
1845 4595 2069 4648 domum

2197 4586 2272 4654 δὲ,
2308 4587 2395 4643 ἐὰν
2430 4587 2682 4648 ἐπιεικεῖς
2713 4587 2800 4640 καὶ
2831 4581 3180 4660 περικαλλεῖς
3211 4582 3261 4653 ἐξ
3291 4582 3463 4636 αὐτῶν
3515 4585 3841 4658 γενομὲνοκ

445 4682 802 4736 transferunt
833 4683 944 4737 sibi
989 4684 1463 4747 ministraturos;
1499 4684 1579 4737 ita
1627 4699 1857 4754 quoque
1894 4682 2083 4737 Domi-

445 4787 556 4825 nus
587 4787 685 4825 eos
716 4771 949 4842 quidem
983 4773 1079 4843 qui
1113 4771 1436 4827 venerabile
1471 4771 1910 4826 matrimonium
1942 4770 2084 4825 inie-

447 4865 600 4920 rant.
635 4860 691 4913 in
725 4877 863 4930 agro
888 4863 1088 4916 mundi
1125 4862 1384 4931 reposuit
1415 4879 1428 4926 ;
1461 4878 1663 4915 eorum
1713 4865 1907 4914 autem
1941 4877 2085 4931 prir-

445 4950 763 5003 stantiores
787 4951 1247 5022 ﬁlios,quotquot
1275 4951 1525 5005 maxime
1559 4951 1804 5020 probum
1837 4948 2085 5019 amplexi

447 5045 585 5092 sunt
638 5041 1018 5108 propositum,
1067 5041 1175 5094 sibi
1226 5042 1292 5093 ad
1348 5039 1739 5093 ministerium
1807 5038 2084 5092 admovit.

452 5127 548 5181 Isti
582 5129 652 5182 ab
689 5129 972 5184 universis
1002 5129 1250 5184 terrenis
1280 5129 1528 5199 negotiis
1553 5135 1694 5183 sunt
1715 5127 1910 5194 alieni,
1943 5143 2082 5198 quo-

451 5219 606 5270 niam
646 5217 943 5271 Dominica
973 5235 1174 5272 mensa
1200 5218 1423 5286 dignati
1473 5223 1630 5271 sunt.
1667 5217 1778 5271 Nec
1809 5217 1878 5270 de
1907 5215 2089 5270 vesti-

453 5312 652 5360 mento
703 5306 932 5360 solliciti
985 5315 1142 5369 sunt,
1207 5307 1508 5360 Christum
1571 5323 1822 5377 namque
1885 5305 2089 5359 induc-

448 5400 604 5448 runt.

520 5628 565 5662 ³³
593 5627 790 5683 Matth.
829 5645 944 5697 χιχ,
977 5629 1064 5683 27.

449 5698 492 5732 ³⁸
525 5699 710 5755 Galat.
736 5716 810 5765 v1,
846 5701 928 5754 14.

354 5851 916 6094 \

1139 5627 1183 5662 ³³
1214 5631 1339 5683 Act.
1371 5645 1454 5694 ιιι,
1488 5628 1540 5682 6.

1617 5629 1662 5663 ⁸³
1692 5625 1845 5684 Psal.
1878 5642 1999 5697 exn,
2029 5625 2083 5682 5.

1003 5700 1048 5733 δ’
1079 5699 1285 5755 Matth.
1318 5717 1372 5767 ν,
1404 5698 1460 5756 7.
1841 5708 1852 5718 ’

2161 5624 2207 5661 ³⁵
2237 5623 2405 5681 Rom.
2437 5638 2534 5690 xu,
2571 5622 2658 5678 19.
2731 5621 2776 5657 ³⁸
2799 5619 3008 5677 Genes.
3038 5635 3124 5692 ιιι,
3143 5619 3238 5675 23.

2199 4679 2513 4742 Θεασωνται,
2548 4674 2598 4730 ἐν
2632 4680 2749 4736 τοῖς
2799 4670 2957 4734 ἰδίοις
2999 4671 3168 4733 οῖ’κοις
3221 4673 3506 4744 μεθιστῶσι
3561 4672 3702 4746 πρὸς
3750 4675 3840 4738 τήν

2199 4769 2401 4822 ἑαυτῶν
2459 4764 2770 4841 ὑπηρεσίαν
2831 4763 3005 4824 οὕτως
3054 4761 3141 4816 καὶ
3201 4763 3230 4816 ὁ
3288 4761 3482 4835 Κύριος
3548 4761 3680 4822 τοὺς
3753 4767 3836 4833 μὲν

2194 4855 2285 4909 τὸν
2317 4855 2510 4927 σεμνὸν
2541 4852 2714 4929 γάμον
2749 4850 3062 4925 ἐλομένους,
3097 4849 3148 4905 ἐν
3178 4855 3256 4922 τῷ
3309 4854 3406 4904 τοῦ
3462 4849 3681 4922 κόσμου
3731 4871 3835 4926 χω-

2197 4945 2296 5018 ρίῳ
2349 4940 2518 5007 ἔθετο’
2550 4941 2676 5003 τοὺς
2730 4939 2785 4995 δὲ
2830 4942 3035 4995 τούτων
3093 4937 3390 5015 βελτίονας,
3426 4938 3546 4992 ὅσοι
3611 4938 3838 5011 μάλιστα

2197 5031 2370 5102 δεξιᾶς
2427 5033 2757 5107 τετυχήκασι
2808 5031 3198 5106 πρααιρὲσεως,
3261 5028 3434 5097 ἐαυτῷ
3507 5029 3835 5102 παρέστησεν

2197 5122 2272 5184 εἰς
2304 5121 2663 5196 λειτουργίαν.
2697 5119 2860 5176 Οὗτοι
2904 5119 3117 5173 πάντων
3176 5122 3281 5172 τῶν
3330 5114 3539 5192 γηΐνων
3596 5121 3835 5194 πραγμὰς

2195 5233 2302 5266 των
2335 5212 2691 5286 τυγχὰνουσιν
2723 5206 3030 5283 ἀλλότριοι·
3062 5213 3160 5275 τῆς
3189 5209 3293 5280 γὰρ
3343 5209 3680 5275 Δεσποτικῆς
3725 5227 3834 5281 τρι-

2199 5302 2369 5369 πέζης
2445 5298 2724 5368 ἠξίωνται.
2788 5295 2866 5353 Οὐ
2928 5299 3232 5371 μεριμνῶσι
3290 5294 3414 5368 περὶ
3502 5295 3828 5374 ἁμφιάπως·

2202 5388 2428 5465 Χριστὸν
2461 5387 2562 5462 γὰρ
2594 5382 2919 5441 ἐνδέδυνται.

3315 5619 3360 5654 ³⁷
3389 5617 3611 5677 Matth.
3652 5635 3730 5685 Vl,
3751 5620 3824 5674 δι.
