4002 6206
206 369 366 430 1533

1356 375 1537 434 VlTA
1581 375 1722 435 SAN
1734 373 1906 433 GT/E
1947 373 2481 434 SYNCLETICIE.

3467 371 3623 431 1534

284 505 373 557 78.
409 506 524 555 Τῶν
559 501 649 556 οὖν
687 503 1005 581 ἀμφοτέρων
1046 505 1332 581 ταγμάτων
1381 508 1456 568 εἰς
1502 505 1610 560 ἐστι
1671 502 1858 561 δεσπό-

2041 506 2131 562 78.
2167 505 2484 578 Utriusque
2515 511 2783 563 caeterum
2817 506 3040 562 ordinis
3073 523 3228 561 unus
3283 510 3372 561 est
3430 504 3620 560 Domi-

190 611 298 660 της
330 593 357 645 ὁ
399 590 624 665 Κύριος.
675 595 877 666 ’Ὠσπερ
927 596 1025 670 γὰρ
1078 594 1128 650 ἐν
1188 600 1283 650 τοῦ
1338 596 1500 650 αὐτοῦ
1558 595 1705 650 σίτου
1754 595 1861 650 ἐστὶ

188 678 284 732 καὶ
362 680 423 733 τὸ
486 677 689 756 ἄχυρον
751 682 838 735 καὶ
897 683 957 736 τὸ
1005 685 1238 758 σπέρμα,
1272 684 1442 746 οὕτως
1489 684 1546 739 ἐκ
1573 690 1669 739 τοῦ
1701 685 1863 740 αὐτοῦ

210 773 352 823 Θεοῦ
383 767 484 822 εἶσι
519 769 608 823 καὶ
641 771 691 823 οἱ
740 771 874 825 κατᾶ
919 773 1008 826 τὸν
1065 774 1268 846 κόσμον
1327 779 1538 846 σεμνῶς
1597 776 1861 850 βιοῦντες,

199 859 298 912 καὶ
331 861 381 912 οἱ
412 861 502 914 τὸν
540 864 752 936 μονήρη
809 862 1211 939 ἐπανῃρημένοι
1259 865 1396 940 βίον.
1435 865 1530 919 Καὶ
1571 870 1698 941 γοῦν
1748 870 1861 921 τῶν

195 947 527 1026 ἀμφοτέρων
562 951 722 1025 χρεία
752 952 882 1006 ἐστί·
915 958 1019 1007 τῶν
1073 954 1165 1026 μὲν
1214 952 1438 1031 φόλλων
1481 957 1614 1028 πρὸς
1669 956 1859 1030 χρείαν

198 1036 295 1090 καὶ
351 1036 597 1115 φυλακην
657 1045 754 1094 τοῦ
813 1043 1142 1117 σπέρματος,
1179 1047 1273 1097 τοῦ
1325 1041 1383 1097 δὲ
1429 1049 1640 1120 καρπυῦ
1689 1045 1860 1120 ἀναγ-

193 1125 330 1179 καία
376 1129 411 1195 ἡ
471 1134 683 1196 κτῆσις·
747 1128 949 1203 γένεσις
1009 1131 1110 1206 γὰρ
1167 1136 1264 1186 τοῦ
1325 1132 1520 1192 παντὸς
1577 1133 1858 1208 τυγχάνει.

191 1215 403 1286 ’Ὠσπερ
465 1215 566 1290 γὰρ
627 1216 726 1270 οὐκ
786 1217 1021 1293 ἐγχωρεῖ
1067 1220 1200 1274 κατᾶ
1257 1220 1419 1274 ταυτὸ
1475 1221 1563 1275 καὶ
1628 1223 1860 1298 βοτάνην

193 1304 458 1357 εἶναικαὶ
501 1307 736 1379 σπέρμα,
771 1306 944 1368 οὕτως
992 1305 1272 1381 ἀδύνατον,
1304 1317 1403 1377 τῆς
1447 1319 1718 1384 κοσμικῆς
1767 1310 1859 1367 δό-

192 1394 301 1462 ξης
359 1395 493 1464 ἡμῖν
548 1394 952 1468 περικειμένης,
1011 1399 1214 1472 καρπὸν
1287 1398 1532 1473 οὐράνιον
1610 1404 1857 1470 ποιῆσαι.

189 1478 402 1535 Τῶνδὶ
479 1481 748 1538 ··λ)κ’
876 1484 960 1518 λι
1246 1487 1371 1504 “”
1579 1490 1589 1508 '

384 1525 405 1535 ..
437 1504 506 1559 φ)
573 1505 664 1536 ,ωφ
724 1484 1125 1560 απορρυεντων,
1159 1508 1260 1541 και
1307 1509 1406 1556 της
1455 1489 1708 1562 καλαμης
1767 1494 1858 1564 ξη-

189 1568 505 1642 ρανθείσης,
543 1570 852 1642 ἐπιτήδειος
902 1575 929 1627 ὁ
981 1574 1182 1650 στάχυς
1252 1577 1386 1648 πρὸς
1432 1579 1683 1653 θερισμόν
1729 1580 1859 1638 ἐστι.

191 1658 298 1711 Καὶ
357 1661 521 1729 ἡμεῖς
589 1659 704 1724 οὖν,
739 1657 1114 1717 ἀποϐαλοῦσαι
1164 1665 1262 1732 τὴν
1316 1665 1377 1719 ἐκ
1426 1673 1527 1742 γῆς
1572 1669 1858 1745 φαντασίαν

193 1747 321 1801 ἀντὶ
352 1753 456 1801 τῶν
491 1748 739 1826 φύλλων,
771 1751 858 1805 καὶ
892 1752 1179 1826 ξηράνασαι
1213 1753 1413 1808 ἑαυτῶν
1463 1757 1527 1811 τὸ
1580 1762 1737 1830 σῶμα
1784 1760 1858 1821 ὡς

186 1836 298 1904 τὴν
331 1835 608 1910 καλάμην,
645 1839 922 1912 ὑψώσασαι
955 1837 1010 1895 δὲ
1055 1842 1252 1896 ἑαυτῶν
1302 1844 1392 1898 τὸν
1440 1842 1706 1918 λογισμὸν
1769 1845 1856 1902 δυ-

209 1924 488 1998 νησόμεθα
519 1925 732 2000 σπέρμα
762 1930 1035 2003 σωτηρίας
1067 1934 1339 2005 γεννῆσαι.

271 2015 361 2070 79.
399 2013 772 2071 Ἐπικίνδυνον
804 2019 896 2072 τὸν
931 2019 1007 2090 μὴ
1043 2017 1132 2074 διὰ
1160 2026 1459 2092 πρακτικοῦ
1503 2022 1622 2098 βίου
1673 2024 1859 2100 ἁχθένυ

195 2124 292 2167 τα,
327 2100 593 2158 διδάσκειν
629 2104 948 2182 ἐπιχειρεῖν.
985 2110 1188 2183 Ὥσπερ
1219 2112 1320 2186 γὰρ
1356 2110 1437 2178 ἂν,
1472 2109 1517 2165 ε⁹ί
1561 2133 1642 2175 τις
1689 2114 1859 2169 οἰκίαν

197 2189 346 2266 ἔχων
381 2193 595 2268 σαθρὰν,
630 2194 809 2265 ξένους
845 2194 1264 2270 ὑποδεξάμενος,
1302 2199 1498 2274 βλάψει
1542 2205 1610 2274 τῇ
1656 2204 1861 2259 πτώσει

188 2286 291 2336 τοῦ
321 2283 644 2355 οἰκήματος·
684 2285 826 2340 οὕτω
863 2286 951 2340 καὶ
987 2287 1161 2355 οὗτοι,
1197 2289 1272 2361 μή
1327 2289 1586 2364 πρότερον
1641 2292 1859 2356 ἑαυτοὺς

198 2369 457 2448 ἀσφαλῶς
490 2371 979 2446 οἰκοδομήσαντες,
1011 2377 1100 2430 καὶ
1141 2375 1268 2438 τοὺς
1319 2376 1716 2450 προσελθόντας
1769 2383 1858 2435 σὺν

199 2461 386 2522 αὐτοῖς
448 2460 757 2519 ἀπώλεσαν.
811 2470 939 2526 Τοῖς
1002 2465 1096 2537 μὲν
1152 2465 1251 2538 γὰρ
1307 2465 1497 2540 λόγοις
1556 2469 1862 2544 προεκαλέ-

205 2571 377 2603 σαντο
433 2551 508 2612 εἷς
569 2552 860 2624 σωτηρίαν,
892 2557 958 2626 τῇ
1021 2551 1076 2608 δὲ
1128 2559 1228 2608 τοῦ
1275 2555 1478 2629 τρόπου
1527 2557 1706 2630 κακίᾳ,
1737 2560 1863 2622 τοὺς

207 2636 571 2713 συλλεγέντας
607 2639 818 2712 μᾶλλον
853 2639 1137 2712 ἠδίκησαν.
1172 2649 1228 2698 Ἦ
1264 2645 1357 2717 μὲν
1413 2646 1515 2720 γὰρ
1565 2646 1702 2720 ψιλή
1751 2653 1859 2703 τῶν

207 2723 394 2799 λόγων
449 2726 648 2789 ἔκθεσις
681 2727 822 2784 ἔοικε
853 2737 1088 2808 γραφαῖς
1150 2729 1237 2786 διὰ
1294 2734 1605 2808 χρωμάτων
1662 2735 1859 2792 εὐαπο-

204 2815 436 2868 πτώτων
512 2819 876 2881 συνιστάσαις,
941 2822 1153 2882 ἅστινας
1226 2823 1586 2896 σμικρότατος
1660 2826 1860 2901 χρόνος

204 2899 448 2958 διέλυσεν
507 2905 720 2977 ἀνέμων
779 2907 962 2982 ῥιπαῖς
1020 2909 1108 2963 καὶ
1171 2910 1335 2964 ὑετῶν
1381 2912 1621 2987 σταγόσι·
1654 2916 1753 2984 την
1803 2913 1862 2970 δὲ

203 2990 515 3067 ἔμπρακτον
547 2991 894 3051 διδασκαλίαν
926 2995 1040 3052 οὐδ’
1071 3001 1097 3052 ὁ
1123 3005 1228 3062 πᾶς
1272 3000 1404 3054 αἰὼν
1453 2998 1702 3057 διαλῦσαι
1763 3002 1860 3058 δυ-

202 3080 418 3151 νηθείη.
471 3083 544 3136 Τὰ
600 3084 702 3159 γὰρ
783 3088 969 3160 στερεὰ
1023 3093 1123 3156 τῆς
1180 3091 1365 3163 ψυχῆς
1421 3088 1769 3146 ἐκκολάπτων
1830 3095 1858 3148 ὁ

201 3171 389 3246 λόγος,
445 3172 666 3227 αἰώνιον
731 3170 952 3250 ἄγαλμα
1009 3181 1244 3251 Χριστοῦ
1309 3184 1422 3240 τοῖς
1480 3186 1691 3243 πιστοῖς
1749 3181 1854 3237 δω-

202 3280 398 3333 ρειται.

277 3441 366 3494 80.
401 3440 529 3494 Δέον
560 3437 650 3494 οὖν
684 3441 771 3494 καὶ
803 3443 952 3513 ἡμᾶς
1006 3445 1080 3515 μή
1134 3443 1458 3499 ἐπιπόλαιον
1517 3453 1618 3515 τῆς
1676 3451 1860 3524 ψυχῆς

206 3533 477 3591 ποιεῖσθαι
536 3530 634 3596 τήν
696 3530 1002 3604 θεραπείαν,
1035 3531 1156 3588 ἁλλ’
1189 3531 1326 3604 ὅλην
1375 3534 1541 3603 αὐτὴν
1599 3534 1674 3590 δι’
1727 3537 1861 3593 ὅλου

205 3622 457 3689 κοσμεῖν,
492 3615 730 3688 μάλιστα
760 3623 856 3672 τοῦ
909 3620 1105 3694 βάθους
1159 3623 1234 3695 μή
1285 3623 1614 3695 ἁμελοόσας.
1642 3631 1858 3702 Τριχῶν

207 3705 592 3779 ἐποιησάμεθα,
638 3709 738 3775 τήν
801 3709 1100 3784 ἀφαίρεσιν·
1159 3711 1544 3789 συναφέλωμεν
1596 3715 1684 3768 καὶ
1735 3715 1860 3779 τοὺς

206 3794 260 3848 ἐν
317 3798 386 3866 τῇ
444 3793 655 3871 κεφαλῇ
709 3795 1022 3864 σκώληκας·
1059 3800 1384 3871 μονάσαντες
1434 3802 1535 3876 γὰρ
1568 3804 1740 3873 οὗτοι,
1773 3804 1860 3859 ἐπὶ

204 3883 396 3938 πλεῖον
429 3886 575 3956 ἡμᾶς
613 3881 954 3954 ὁδυνήσουσι.
987 3887 1057 3940 Τὸ
1093 3887 1187 3958 μὲν
1235 3888 1336 3962 γὰρ
1381 3889 1642 3965 τρίχωμα
1701 3895 1860 3964 ἡμῶν

203 3975 269 4040 ἦν
306 3972 333 4024 ὁ
364 3973 500 4026 κατᾶ
545 3973 635 4026 τὸν
691 3972 806 4048 βίον
857 3973 1085 4046 κόσμος,
1140 3977 1319 4046 τιμαὶ,
1355 3975 1522 4050 δόξαι,
1558 3980 1863 4056 χρημάτων

202 4067 420 4129 κτῆσις,
457 4061 705 4136 λαμπραὶ
754 4062 979 4132 ἐσθῆτος
1039 4063 1253 4133 στολαὶ,
1308 4064 1553 4142 λουτρῶν
1609 4071 1860 4143 χρήσεις,

208 4151 516 4224 βρωμάτων
572 4149 918 4214 ἀπολαύσεις.
951 4157 1127 4208 Ταῦτα
1179 4147 1433 4226 ίδόξαμεν
1497 4153 1858 4212 ἀποϐάλλειν·

206 4236 354 4292 ἀλλὰ
379 4238 507 4300 τοὺς
536 4240 921 4317 ψυχοφθόρους
953 4240 1244 4310 σκώληκας
1282 4242 1494 4315 μᾶλλον
1548 4243 1857 4318 ἆξώσωμεν.

204 4326 354 4388 Τίνες
403 4324 460 4381 δέ
519 4328 647 4382 εἰσιν
707 4329 896 4397 οὗτοι;
929 4329 1254 4401 καταλαλιὰ,
1290 4330 1558 4408 ἐπιορκία,
1592 4333 1858 4410 φιλαργυ-

207 4415 314 4488 ρία.
353 4417 414 4470 Ἡ
472 4414 562 4470 οὖν
620 4417 829 4494 κεφαλὴ
891 4421 1054 4491 ἡμῶν
1117 4417 1257 4474 ἐστιν
1306 4423 1340 4489 ἡ
1401 4424 1577 4496 ψυχή·
1611 4423 1697 4477 καὶ
1754 4421 1860 4487 ἕως

213 4505 309 4577 μὲν
341 4504 390 4559 ἐν
435 4512 553 4568 ταῖς
605 4505 761 4568 ὕλαις
818 4512 926 4562 τῶν
984 4513 1261 4580 κοσμικῶν
1321 4513 1652 4586 πραγμάτων
1713 4512 1860 4568 ἐσκέ-

209 4614 377 4648 ποντο
437 4596 504 4648 τὰ
553 4596 734 4669 θηρία,
767 4593 985 4651 ἐδόκουν
1031 4595 1325 4661 λανθάνειν·
1362 4603 1448 4654 νῦν
1511 4597 1588 4674 δὲ,
1636 4624 1860 4677 γυμνω-
1891 4621 1938 4686 D

208 4684 388 4750 Θέντα,
420 4684 578 4738 πᾶσίν
638 4683 776 4739 ἐστιν
836 4683 1061 4756 ἔκδηλα·
1099 4683 1187 4740 διὰ
1215 4693 1376 4742 τοῦτο
1428 4689 1478 4743 ἐν
1541 4691 1790 4765 παρθένῳ
1820 4691 1855 4760 ἢ

209 4772 263 4826 ἐν
324 4777 552 4848 μοναχῷ
601 4782 850 4852 προφανῆ
910 4777 1169 4850 τυγχάνει
1245 4777 1333 4831 καὶ
1391 4778 1457 4831 τὰ
1513 4777 1859 4854 εὐτελέστερα

207 4864 596 4935 ἁμαρτήματα·
632 4862 811 4937 ὥσπερ
871 4865 971 4940 γαρ
1017 4863 1067 4918 ἐν
1116 4867 1332 4938 καθαρῴ
1378 4865 1637 4940 οἰκήματι
1694 4889 1856 4924 κατα·

204 4951 367 5028 φανὶς
399 4958 528 5006 πᾶσι
556 4953 761 5026 γίνεται
805 4954 867 5008 τὸ
921 4953 1078 5029 ὀφθὶν
1113 4953 1325 5028 θηρίον,
1355 4955 1452 5010 κᾶν
1517 4957 1855 5031 βραχύτατον

198 5041 464 5117 τυγχάνῃ·
501 5040 552 5096 έν
587 5039 644 5096 δὲ
674 5047 789 5103 τοῖς
847 5042 1130 5114 κοσμικοῖς
1193 5042 1370 5118 ὥσπερ
1427 5043 1477 5098 ἐν
1534 5045 1855 5121 ἀκαθάρτοις

200 5130 498 5201 σπηλαίοις
532 5130 923 5208 ἐμφωλεύοντα
952 5132 1019 5186 τὰ
1053 5130 1279 5206 μέγιστα
1307 5137 1414 5187 τῶν
1451 5129 1688 5199 ἷρϐόλων
1736 5134 1860 5190 λαν-

201 5218 374 5288 θάνει,
409 5220 512 5274 ὑπὸ
539 5227 638 5290 τῆς
668 5225 927 5296 συνεχοῦς
958 5218 1094 5291 ὕλης
1141 5218 1547 5293 καλυπτόμενα,
1583 5222 1707 5278 Δέον
1765 5223 1855 5280 οὖν

202 5307 286 5380 ἐφ’
316 5309 477 5379 ἡμῶν
509 5307 778 5379 καθαίρειν
810 5308 899 5362 τὸν
963 5309 1110 5361 οἷκον
1145 5305 1431 5378 διηνεκῶς,
1463 5309 1552 5364 καὶ
1601 5306 1857 5385 περιϐλέ-

203 5398 395 5451 πεσθαι
461 5399 535 5469 μή
585 5418 638 5451 τι
696 5400 802 5450 τῶν
861 5395 1228 5474 ψυχοφθόρων
1286 5397 1532 5472 ζωϋςνίων
1564 5396 1861 5474 παρεισδύῃ

204 5485 259 5541 ἐν
321 5490 442 5546 τοῖς
496 5491 599 5554 τῆς
647 5488 834 5560 ψυχῆς
883 5486 1147 5558 ταμείοις·
1179 5486 1268 5541 καὶ
1300 5487 1494 5560 θυμιᾷν
1530 5484 1587 5542 δὲ
1613 5486 1740 5552 τοὺς
1769 5488 1860 5544 τό-

279 5701 558 5774 (91“)νίι.
595 5701 706 5756 pp.
741 5699 780 5755 ι.
813 5718 868 5768 ν,
899 5700 1076 5770 8,20.

1887 1891 1934 1955 B

1973 610 2106 649 nus.
2166 593 2311 649 Nam
2372 597 2528 649 sicut
2573 611 2641 650 ex
2697 596 2896 650 eodem
2933 595 3225 648 frumento
3257 597 3345 648 est
3377 592 3537 664 palea
3569 600 3625 648 et

1971 698 2204 749 semen;
2239 682 2319 737 ita
2348 699 2415 737 ex
2445 684 2647 738 eodem
2684 687 2793 736 Deo
2826 687 2965 737 sunt
3012 688 3067 737 et
3124 683 3221 752 qui
3286 682 3342 736 in
3407 681 3623 736 mundo

1972 770 2118 825 bene
2175 770 2397 838 vivunt,
2459 777 2515 826 et
2543 771 2639 841 qui
2671 771 3053 825 monasticam
3083 769 3332 840 amplexi
3367 774 3505 824 sunt
3539 769 3621 822 vi-

1971 861 2115 912 tam.
2149 860 2216 912 Et
2243 876 2382 914 sane
2413 861 2585 915 ambo
2616 865 2756 914 sunt
2790 859 3152 924 necessaria;
3190 858 3326 913 folia
3384 858 3618 929 quidem

1971 947 2042 1001 ad
2069 946 2312 1002 tutelam
2335 953 2392 1002 et
2414 964 2584 1002 usum
2618 948 2896 1015 seminis;
2933 948 3186 1002 fructum
3221 964 3350 1002 vero
3385 964 3621 1003 necesse

1970 1042 2058 1093 est
2079 1039 2547 1110 acquirere,quia
2567 1055 2636 1094 ex
2657 1055 2722 1094 eo
2745 1044 2952 1092 cuncta
2979 1042 3312 1092 nascantur.
3341 1039 3479 1110 (91')
3501 1039 3619 1092 Cae-

1971 1133 2157 1180 terum
2188 1125 2342 1180 sicut
2361 1143 2472 1180 non
2498 1129 2689 1198 potest
2710 1141 2838 1181 esse
2861 1125 3038 1180 simul
3073 1125 3252 1180 herba
3283 1141 3414 1179 cum
3447 1125 3622 1180 semi-

1971 1232 2076 1282 ne;
2110 1215 2192 1271 ita
2222 1217 2340 1269 tieri
2377 1215 2580 1288 nequit
2609 1222 2692 1286 ut,
2726 1216 3141 1287 circumposita
3190 1216 3359 1270 nobis
3419 1216 3622 1269 mundi

1969 1302 2173 1376 gloria,
2207 1303 2498 1360 caelestem
2536 1306 2790 1361 fructum
2822 1305 3182 1360 emittamus.
3219 1304 3391 1359 Foliis
3451 1321 3620 1376 porro

1970 1391 2249 1464 delapsis,
2307 1394 2672 1464 arefactoque
2730 1394 2945 1461 culmo,
2981 1399 3115 1464 apta
3145 1397 3233 1449 est
3263 1393 3334 1448 ad
3368 1410 3621 1448 messem

1971 1483 2278 1553 spica.Nos
2299 1482 2495 1554 itaque
2518 1501 2650 1538 cum
2676 1501 2777 1539 ceu
2808 1484 3266 1551 folia,terrenum
3295 1484 3496 1538 luxum
3520 1483 3621 1538 ab-

1964 1571 2305 1640 jecerimus,
2339 1587 2669 1642 corpusque
2693 1578 2962 1627 nostrum
2988 1571 3198 1626 calami
3224 1571 3411 1626 instar
3441 1573 3624 1627 exsic-

1969 1660 2316 1724 caverimus,
2351 1664 2727 1731 nostramque
2777 1660 3187 1732 cogitationem
3244 1659 3623 1730 erexerimus,

1969 1750 2097 1801 tum
2131 1752 2452 1818 poterimus
2483 1750 2692 1804 salutis
2723 1765 2922 1804 semen
2953 1747 3212 1820 gignere.

2041 2017 2130 2070 79.
2167 2017 2278 2072 Res
2308 2021 2397 2072 est
2427 2015 2774 2087 periculosa,
2811 2033 2942 2071 cum
2978 2015 3026 2071 is
3060 2015 3158 2088 qui
3187 2016 3301 2070 vita
3335 2017 3394 2071 in
3445 2016 3622 2072 actio-

1973 2122 2044 2160 ne
2102 2107 2292 2177 posita
2350 2105 2657 2159 institutus
2719 2121 2829 2160 non
2881 2110 2990 2170 est,
3024 2105 3229 2160 docere
3258 2105 3620 2179 aggreditur.

1970 2193 2115 2248 Nam
2148 2194 2301 2249 sicut
2329 2193 2546 2265 siquis
2603 2195 2842 2248 domum
2905 2194 3127 2249 habens
3185 2194 3509 2265 ruinosam,
3569 2199 3626 2250 et

1972 2282 2234 2354 hospites
2278 2283 2586 2355 exceperit,
2623 2284 2911 2354 pernicem
2941 2283 3058 2337 illis
3090 2300 3191 2354 per
3219 2283 3358 2338 aedis
3391 2285 3622 2338 ruinam

1971 2373 2170 2438 atl'ert;
2203 2372 2287 2426 sic
2316 2375 2372 2426 et
2403 2371 2498 2426 isti
2527 2388 2660 2426 cum
2696 2377 2868 2427 antea
2902 2389 3015 2428 non
3048 2373 3398 2444 semetipsos
3443 2373 3622 2427 ﬁrmi-

1972 2466 2060 2515 ter
2105 2460 2514 2525 aediﬁcassent,
2538 2476 2636 2514 eos
2669 2461 2765 2531 qui
2799 2467 3165 2516 accesserant
3196 2477 3394 2516 secum
3428 2461 3622 2532 perdi-

1973 2551 2202 2606 derunt.
2240 2552 2463 2606 Etenim
2495 2550 2685 2605 verbis
2715 2551 2785 2606 ad
2837 2549 3087 2606 salutem
3131 2552 3436 2622 vocabant,
3498 2566 3624 2606 mo-

1972 2656 2102 2693 rum
2135 2644 2328 2694 autem
2365 2639 2626 2710 nequitia
2657 2655 2756 2695 eos
2788 2640 2887 2711 qui
2911 2639 3132 2694 collecti
3159 2642 3386 2694 fuerant
3409 2640 3622 2694 damno

1971 2727 2308 2783 atiecerunt.
2339 2727 2485 2783 Nam
2517 2727 2761 2797 simplex
2792 2728 3099 2783 verborum
3131 2729 3412 2800 expositio
3457 2728 3623 2784 simi-

1969 2817 2043 2874 lis
2101 2826 2190 2874 est
2247 2819 2512 2890 picturis,
2547 2836 2672 2889 quae
2705 2818 2928 2873 levibus
2963 2819 3298 2890 vitiOsisque
3329 2819 3624 2874 coloribus

1969 2914 2257 2977 constant,
2290 2925 2434 2979 quas
2465 2908 2877 2962 brevissimum
2908 2913 3144 2979 tempus
3174 2913 3478 2963 ventorum
3514 2908 3624 2962 fla-

1966 2997 2148 3064 tibus,
2183 2997 2584 3068 imbriumque
2615 2996 2944 3068 perfusione
2975 2997 3262 3053 dissolvit.
3295 3002 3370 3052 At
3407 2997 3625 3052 doctri-

1969 3103 2103 3141 nam
2135 3087 2410 3158 operibus
2441 3087 2946 3152 conlirrnatam,ne
2969 3093 3155 3141 totum
3178 3087 3412 3157 quidem
3437 3103 3622 3141 aevum

1967 3174 2282 3230 dissolvere
2313 3176 2583 3246 potuerit.
2619 3173 2762 3228 Nam
2795 3174 2981 3229 solida
3038 3175 3248 3230 animae
3277 3174 3624 3246 exsculpens

1881 3251 1928 3322 (ἶ
1967 3281 2196 3329 sermo,
2264 3271 2545 3320 aeternum
2615 3262 2829 3318 Christi
2898 3264 3279 3319 simulacrum
3352 3263 3624 3319 fidelibus

1971 3353 2199 3408 tribuit.

2041 3444 2131 3496 80.
2166 3441 2554 3503 Quamobrem
2589 3442 2870 3497 debemus
2901 3442 3110 3496 animae.
3169 3459 3371 3498 curam
3431 3443 3620 3498 susci-

1971 3548 2125 3603 pere,
2157 3548 2271 3586 non
2307 3531 2785 3602 perfunctoriam,
2810 3548 2922 3586 non
2957 3533 3246 3597 lucatam;
3279 3533 3378 3587 sed
3415 3532 3471 3586 in
3505 3537 3626 3587 tota

1971 3619 2071 3674 illa
2101 3621 2438 3675 exornanda
2467 3626 2646 3674 totam
2679 3637 2889 3690 ponere
2920 3636 3179 3691 Operam,
3212 3637 3326 3675 non
3361 3619 3624 3691 neglecta

1971 3709 2291 3778 praesertim
2323 3708 2739 3778 profunditate.
2771 3708 3144 3763 Abscidimus
3188 3723 3453 3776 comam;
3508 3725 3623 3762 una

1970 3800 2308 3851 auleramus
2338 3801 2394 3851 et
2424 3799 2611 3850 tineas
2660 3795 2868 3866 capitis
2903 3813 2915 3850 :
2951 3813 3084 3851 nam
3145 3796 3192 3851 si
3255 3795 3387 3851 solae
3447 3796 3619 3852 relin-

1971 3891 2228 3956 quantur
2284 3885 2420 3952 illa},
2479 3887 2761 3956 majorem
2821 3885 2990 3940 nobis
3042 3885 3285 3940 aﬂ‘erent
3337 3885 3617 3941 dolorem.

1971 3973 2247 4029 Caesaries
2270 3974 2487 4045 quippe
2538 3979 2739 4028 nostra
2796 3980 2940 4043 erat,
2999 3973 3293 4030 smcularis
3351 3983 3616 4042 ornatus,

1971 4065 2240 4133 honores,
2301 4065 2506 4138 gloria,
2569 4065 2904 4134 facultates,
2967 4068 3210 4121 vestium
3270 4067 3618 4140 splendidus

1971 4153 2245 4218 amictus,
2278 4149 2622 4208 balneorum
2658 4171 2822 4220 usus,
2856 4155 3116 4210 ciborum
3150 4154 3436 4228 voluptas.
3489 4157 3619 4212 Haec

1968 4241 2233 4296 videmur
2289 4242 2628 4310 abdicasse;
2679 4259 2880 4298 verum
2914 4244 3120 4298 animae
3154 4244 3512 4315 perniciosas
3542 4245 3617 4300 ti-

1972 4345 2111 4384 neas
2141 4329 2511 4401 abjiciamus.
2544 4330 2819 4392 Quaenam
2853 4331 2962 4385 illa:
2992 4331 3178 4386 sunt?
3204 4331 3369 4386 malae
3397 4334 3619 4403 cogita-

1970 4418 2180 4490 tiones,
2224 4421 2585 4486 obtrectatio,
2620 4420 2966 4490 pcrjurium,
2999 4421 3256 4476 avaritia.
3291 4421 3478 4492 Caput
3510 4438 3618 4476 no-

1969 4512 2160 4563 strum
2192 4513 2280 4562 est
2311 4507 2526 4561 anima.
2561 4508 2709 4562 Sane
2766 4508 3022 4578 quandiu
3083 4509 3138 4563 in
3199 4508 3362 4563 silvis
3422 4525 3615 4563 rerum

1971 4597 2400 4652 mundanorum
2436 4596 2565 4651 fera:
2596 4595 3226 4667 obtegebanturJatera
3247 4597 3614 4654 videbantur:

1969 4701 2125 4740 nunc
2173 4691 2367 4740 autem
2430 4686 2755 4751 denudataa,
2817 4684 3043 4740 cunctis
3100 4691 3239 4740 sunt
3298 4692 3504 4757 apertae
3562 4692 3620 4742 et

1968 4774 2313 4845 conspicuae.
2381 4779 2692 4845 Propterea
2751 4775 2807 4828 in
2843 4774 3064 4844 virgine
3121 4775 3208 4829 vel
3241 4775 3297 4829 in
3332 4778 3618 4831 monacho

1967 4863 2258 4919 evidentia
2289 4867 2427 4918 sunt
2455 4862 2543 4918 vel
2576 4861 2872 4919 levissima
2922 4869 3154 4933 peccata
3188 4880 3200 4919 :
3235 4867 3618 4932 quemadmo-

1967 4953 2105 5007 dum
2139 4953 2196 5006 in
2235 4954 2454 5008 mundo
2485 4951 2803 5020 domicilio,
2826 4952 3069 5023 quodvis
3101 4953 3317 5008 animal
3349 4955 3618 5025 quamvis

1965 5042 2385 5099 tenuisslmum
2443 5043 2707 5097 omnium
2754 5047 2912 5112 patet
2941 5043 3126 5099 oculis
3161 5061 3173 5098 :
3209 5044 3266 5099 in
3300 5046 3617 5100 mundanis

1966 5137 2161 5186 autem
2194 5132 2347 5186 688
2375 5147 2478 5187 ceu
2514 5131 2572 5185 in
2605 5132 2856 5202 impuris
2902 5131 3346 5204 immundisque
3376 5135 3616 5206 spelun-

1967 5220 2052 5276 cis
2081 5220 2253 5275 etiam
2289 5220 2623 5274 incubantia
2645 5226 2982 5275 venatorum
3004 5222 3259 5276 maxima
3281 5222 3463 5277 latent
3483 5223 3619 5277 den-

1968 5310 2139 5365 sitate
2173 5307 2422 5362 materia:
2455 5309 2702 5363 obtecta.
2731 5310 2843 5380 (92)
2874 5309 3113 5381 Oportet
3163 5327 3298 5381 ergo
3350 5327 3454 5366 nos
3510 5311 3616 5364 do-

1969 5415 2131 5455 mum
2154 5399 2389 5454 assidue
2409 5404 2813 5470 expurgare,et
2834 5401 3301 5472 circumspicere,
3329 5417 3397 5456 ne
3427 5402 3618 5472 quod-

1969 5489 2127 5561 piam
2159 5488 2369 5544 animm
2392 5488 2693 5543 noxiorum
2716 5489 3070 5544 insectorum
3124 5490 3387 5560 ejusdem
3409 5491 3618 5546 animae

2044 5702 2156 5775 (92)
2194 5704 2303 5758 νίι.
2339 5702 2445 5757 PP.
2480 5700 2516 5756 ι.
2549 5719 2604 5768 ν,
2639 5702 2689 5769 4,
2724 5702 2810 5757 42.
