4002 6206
340 382 495 442 1538

1485 384 1545 446 S.
1595 385 2116 446 A'l‘llANASlUS.
2149 417 2225 429 ——
2251 385 2560 449 SPURIA.

3601 390 3762 450 1536

340 514 546 568 subeat
579 516 915 585 penetralia.
951 519 1098 573 Loca
1129 517 1327 572 itidem
1363 517 1557 573 divino
1590 516 1871 573 orationis
1903 516 1990 570 in-

2114 535 2238 575 πους
2268 520 2347 587 τῷ
2379 516 2505 587 θείῳ
2534 518 2833 591 θυμιάματι
2880 525 2978 586 τῆς
3025 539 3355 593 προσευχης.
3390 522 3597 593 ’Ὠσπερ
3651 523 3759 593 γάρ

340 616 513 655 censo
545 603 946 674 suffumigare.
982 606 1145 660 Sicut
1194 606 1347 660 enim
1402 606 1626 660 acriora
1684 606 1994 676 pharmace.

342 687 559 742 bestias
610 692 847 761 exigunt
878 700 1224 758 venenatas;
1259 694 1341 747 sic
1373 694 1740 748 immundam
1774 691 1992 763 cogita-

338 775 557 830 tionem
590 779 751 846 ejicit
783 782 966 835 oratio
997 798 1127 835 cum
1160 782 1407 851 jejunio.

410 866 497 920 81.
554 868 673 922 Una
734 886 903 939 porro
959 872 1170 926 animae
1228 872 1601 926 exitiosarum
1664 871 1991 925 belluarum

340 954 459 1011 haec
490 962 606 1012 est:
630 960 815 1031 decipi
850 962 1071 1018 scilicet
1102 965 1172 1019 ab
1228 964 1298 1018 iis
1329 962 1428 1035 qui
1460 980 1590 1019 esse
1620 964 1801 1017 fatum
1835 964 1992 1017 afﬁr-

341 1052 526 1101 mant.
561 1050 720 1113 Quod
754 1053 925 1106 etiam
962 1056 1199 1125 genesin
1233 1060 1455 1108 vocant.
1514 1056 1563 1108 Is
1622 1059 1709 1109 est
1766 1054 1991 1124 gravis~

339 1135 527 1191 simus
586 1139 799 1194 diaboli
868 1143 1167 1198 stimulus.
1204 1148 1269 1197 Et
1303 1143 1651 1215 plerumque
1682 1144 1994 1198 animabus

340 1224 640 1293 studiosis,
680 1237 987 1301 postquam
1022 1233 1076 1287 in
1115 1239 1307 1288 mente
1356 1234 1687 1303 pestiferam
1750 1234 1995 1304 phanta-

341 1314 489 1369 siam
550 1320 831 1391 cxcitarit,
894 1324 1075 1377 evolat
1112 1342 1124 1378 :
1161 1329 1216 1378 at
1251 1325 1628 1395 segnioribus
1660 1325 1997 1378 dominatur

340 1404 701 1464 hominibus.
738 1412 913 1465 Nemo
963 1414 1116 1468 cnim
1178 1431 1376 1468 eorum
1439 1414 1533 1484 qui
1592 1430 1723 1468 cum
1787 1414 1995 1468 virtute

339 1494 514 1549 vitam
577 1500 958 1571 transigunt,
1018 1507 1172 1557 tenet
1231 1504 1556 1556 admittitve
1598 1502 1992 1571 perniciosam

339 1602 667 1656 vanamque
716 1588 1003 1655 ejusmodi
1070 1589 1425 1654 doctrinam;
1499 1593 1671 1642 Deum
1745 1604 1996 1658 namque

340 1675 692 1747 principium
754 1677 962 1730 statuit
1018 1678 1210 1732 omnis
1267 1678 1536 1748 praeteriti
1578 1678 1997 1747 praesentisque

342 1763 477 1817 boni
513 1781 524 1817 :
561 1780 626 1817 ac
658 1766 914 1819 secundo
946 1764 1069 1820 loco
1126 1767 1419 1837 propriam
1474 1772 1728 1821 mentem
1787 1768 1994 1820 ducem

336 1852 711 1922 judicemqne
771 1854 1000 1909 virtutis
1059 1872 1121 1909 ac
1181 1855 1302 1908 vitii
1338 1855 1663 1909 constituit.
1704 1858 2075 1950 QuotquotB

340 1944 532 1994 autem
570 1942 784 2009 injuria
835 1945 916 1995 vel
979 1944 1225 2014 segnitie
1287 1947 1441 2014 passi
1501 1949 1642 1998 sunt
1697 1962 1823 2014 quas
1883 1962 1995 1998 non

338 2033 772 2099 exspectabant,
836 2032 991 2087 illico
1049 2035 1334 2087 accedunt
1396 2034 1463 2087 ad
1517 2034 2000 2102 hujusmodidas-

343 2133 596 2172 monem.
633 2121 1137 2184 Quemadmodum
1174 2124 1334 2192 pueri
1370 2122 1568 2176 relicto
1600 2122 1826 2187 ordine,
1883 2140 1998 2177 non

343 2205 602 2260 furentes
652 2214 956 2277 parentum
992 2227 1232 2263 suorum
1267 2211 1695 2265 institutionem
1730 2211 1839 2264 sibi
1874 2226 2000 2281 per-

347 2294 568 2359 utilem,
595 2296 922 2367 aufugiunt,
950 2298 1190 2371 locaque
1214 2302 1455 2361 adeunt.
1488 2300 2001 2372 deserta,l‘erisque

344 2401 409 2439 ac
437 2385 697 2441 barbaris
728 2388 1131 2459 adjunguntur
1158 2390 1541 2443 daemonibus.
1594 2390 1737 2444 Nam
1792 2391 1999 2444 erube-

344 2478 573 2527 scentes
634 2475 889 2529 facinora
947 2494 1064 2530 suae
1112 2478 1393 2531 voluntati
1428 2478 1743 2549 imputare,
1776 2495 1841 2532 ea
1870 2495 1997 2549 qua:

345 2578 459 2616 non
495 2564 709 2617 adsunt
742 2564 887 2619 falso
920 2566 1327 2621 criminantur.

413 2652 502 2705 82.
540 2652 815 2707 Prmterea
846 2671 879 2708 a
910 2655 1104 2709 divino
1166 2656 1407 2710 numine
1467 2673 1595 2711 sese
1655 2656 1999 2726 abjicientes

345 2740 456 2795 sibi
517 2741 815 2796 affirmant
873 2760 941 2797 ex
970 2745 1167 2813 genesi
1206 2760 1304 2797 seu
1342 2744 1641 2799 nativitate
1672 2744 1999 2817 voluptates

344 2830 1051 2888 obvenire:l‘ornicantes
1110 2835 1349 2905 quippe,
1415 2836 1697 2902 furantes,
1757 2837 1999 2894 avaritia

343 2917 709 2987 laborantes,
782 2922 1166 2987 fraudulenti,
1241 2923 1460 2993 pudore
1530 2929 1764 2995 propter
1824 2942 1999 2997 opera

340 3024 445 3061 sua
477 3009 687 3076 affecti,
721 3028 753 3064 a
785 3012 1027 3067 veritate
1059 3012 1437 3066 deﬂexerunt.
1467 3013 1679 3084 Estque
1713 3016 1998 3071 terminus

341 3112 539 3150 eorum
605 3100 905 3169 prOpositi,
964 3100 1229 3155 lethil’era
1289 3102 1638 3172 desperatio.
1700 3104 1845 3167 Quia
1898 3122 1998 3159 ne-

341 3201 503 3239 cesse
569 3192 657 3240 est
722 3205 789 3241 ex
851 3189 941 3243 his
1002 3190 1454 3261 cogitationibus
1513 3194 1998 3265 argumentisque

2102 604 2166 657 τά
2200 599 2394 659 ἶοϐόλα
2428 610 2536 673 ζῶα
2563 606 2629 660 τὰ
2661 604 2957 681 δριμύτερα
3002 612 3108 662 τῶν
3156 607 3451 684 φαρμάκων
3516 607 3758 663 ἀπελαύ-

2101 712 2200 761 νει,
2261 693 2403 748 οὕτω
2463 692 2725 768 λογισμὸν
2788 694 3024 771 ῥυπαρὸν
3086 696 3222 770 εὐχὴ
3286 697 3421 768 μετά
3500 698 3761 765 νηστείας

2104 779 2372 839 ἐκδιώκει.

2173 872 2260 926 81.
2293 872 2386 925 Ἓν
2447 868 2503 924 δὲ
2560 875 2665 924 τῶν
2719 872 3089 949 ψυχοφθόρων
3144 872 3250 927 ἐστέ
3304 874 3509 948 θηρίων
3545 875 3635 928 καὶ
3700 878 3762 927 τὸ

2106 960 2435 1034 ὑποσυρῆναι
2493 962 2636 1034 παρά
2690 965 2798 1015 τῶν
2862 960 3132 1035 λεγόντων
3193 963 3321 1016 εἶναι
3385 963 3762 1037 εἱμαρμένην,

2103 1048 2272 1123 ἤνπερ
2302 1050 2390 1102 καὶ
2421 1048 2620 1122 γένεσιν
2652 1049 2899 1107 καλοῦσι.
2936 1049 3159 1125 Κέντρον
3194 1049 3250 1105 δέ
3300 1051 3409 1106 ἐστι
3456 1053 3547 1106 καὶ
3594 1058 3764 1107 τοῦτο

2103 1142 2199 1191 τοῦ
2258 1132 2520 1193 διαϐόλου
2581 1136 2906 1194 δεινότατον.
2953 1142 3046 1193 Καὶ
3104 1146 3221 1201 ταῖς
3282 1142 3373 1212 μὲν
3436 1139 3767 1201 σπουδαίαις

2104 1230 2307 1302 ψυχαῖς
2338 1225 2609 1288 πολλάκις
2642 1228 2775 1281 κατὰ
2821 1232 2944 1282 νοῦν
3001 1228 3164 1300 μόνον
3218 1230 3509 1305 φαντασίαν
3570 1246 3766 1302 Αοιμι-

2104 1317 2203 1383 κήν
2261 1322 2509 1387 κινῆσαν,
2562 1316 2872 1391 ἀφίπταται·
2933 1322 3037 1370 τῶν
3099 1315 3154 1372 δὲ
3214 1317 3592 1393 ἀμελεστίρων
3676 1322 3764 1372 καῖ

2106 1401 2372 1473 δεσπὸζιι.
2409 1402 2603 1465 Οὐδεὶς
2635 1405 2736 1479 γὰρ
2767 1410 2874 1459 τῶν
2907 1407 3023 1459 κατ’
3054 1408 3245 1474 ἀρετ-ἠν
3286 1408 3555 1481 βιούντων
3592 1408 3765 1480 ipa-:1-

2106 1492 2274 1547 στεύει
2364 1490 2726 1568 παραδέχεται
2757 1495 2820 1547 τὸ
2845 1489 3213 1569 φρενοϐλαϐἒς
3230 1496 3317 1549 καὶ
3343 1497 3574 1567 μάταιον
3600 1502 3769 1551 τοῦτο

2106 1581 2523 1658 φρόνημα-Θεὸν
2551 1584 2650 1657 γάρ
2685 1584 2861 1657 ἀρχὴν
2895 1583 3106 1636 πάντων
3140 1583 3342 1647 τίθεται
3372 1590 3479 1638 τῶν
3529 1588 3767 1659 γενομέα

2104 1692 2205 1723 νων
2238 1671 2325 1724 καὶ
2357 1672 2659 1744 γινομένων
2697 1673 2924 1746 ἀγαθῶν
2958 1673 3048 1725 καὶ
3108 1670 3355 1747 δευτέραν
3410 1676 3508 1741 τὴν
3560 1675 3767 1730 οἰκείαν

2106 1760 2330 1834 γνώμην
2364 1760 2605 1835 ἡγεμόνα
2635 1761 2721 1814 καὶ
2753 1762 2943 1835 κριτὴν
2987 1762 3296 1832 καθίστησιν
3350 1766 3551 1837 ἀρετῆς
3583 1786 3641 1819 τε
3673 1768 3765 1819 καὶ

2104 1849 2311 1910 κακίας.
2344 1852 2500 1905 ’Ὀσοι
2533 1847 2590 1904 δὲ
2621 1849 2671 1920 ἐξ
2706 1845 2965 1911 ἀϐουλίας
3009 1851 3074 1904 τά
3132 1849 3190 1904 ἐκ
3237 1850 3501 1925 ῥᾳθυμίας
3560 1856 3769 1908 πεπον·

2110 1940 2281 2010 θασιν,
2341 1938 2495 2002 εὐθὺς
2583 1939 2767 2011 ἐκείνῳ
2834 1944 2913 2010 τῷ
2990 1937 3253 2012 δαιμονίῳ
3333 1941 3766 2017 προσέρχονται.

2109 2032 2311 2105 ’Ὠσπερ
2354 2032 2457 2107 γὰρ
2490 2028 2679 2093 παῖδες
2712 2030 3185 2094 λειποτακτοῦντες
3217 2040 3307 2087 καί
3367 2037 3443 2106 μή
3507 2034 3769 2111 φέροντες

2106 2120 2206 2187 τήν
2258 2125 2363 2173 τῶν
2416 2122 2618 2195 γονέων
2681 2121 2815 2195 πρὸς
2877 2120 3141 2198 ὠφέλειαν
3196 2121 3497 2190 παίδευσιν,
3535 2126 3773 2203 ἀποφοι-

2108 2214 2320 2279 τῶντες,
2366 2210 2496 2272 τοὺς
2557 2210 2797 2283 ἐρήμους
2855 2206 3329 2283 καταλαμϐάνουσι
3390 2212 3618 2285 τόπους,
3681 2217 3769 2268 καὶ

2110 2298 2321 2374 ἀγρίοις
2348 2300 2437 2353 καὶ
2482 2295 2869 2374 μαρμαρώδεσι
2903 2302 3041 2370 (92")
3076 2300 3428 2355 συνάπτονται
3483 2300 3766 2373 δαίμοσιν·

2108 2384 2421 2458 αἰδούμενοι
2471 2387 2571 2463 γὰρ
2600 2388 2700 2455 τήν
2734 2388 2956 2462 γνώμην
3006 2389 3103 2456 τὴν
3159 2388 3332 2443 αἰτίαν
3391 2392 3596 2445 τιθέναι
3654 2398 3763 2445 τῶν

2107 2477 2233 2548 παρ’
2306 2475 2488 2537 αὐτοῖς
2570 2477 2999 2550 πραττομένων,
3060 2483 3449 2555 συκοφαντοῦσι
3530 2480 3599 2534 τὰ
3684 2483 3761 2552 μὴ

2106 2564 2275 2639 παρόν
2284 2586 2365 2620 τα.

2176 2654 2264 2707 82.
2300 2657 2418 2706 Ἔτι
2450 2673 2512 2726 γε
2546 2654 2653 2723 μὴν
2685 2652 2772 2706 καὶ
2803 2656 2901 2706 τοῦ
2928 2652 3072 2715 θείου
3105 2653 3324 2715 ἑαυτοὺς
3385 2656 3763 2728 ἀπωσάμενοι,

2108 2740 2166 2795 lx
2192 2747 2291 2809 τῆς
2321 2741 2577 2817 γενέσεως
2608 2740 2794 2801 αὐτοῖς
2828 2739 3088 2818 φάσκουσι
3120 2745 3184 2795 τὰ
3212 2744 3330 2806 καθ’
3359 2740 3568 2813 ἡδονήν
3597 2766 3767 2819 προσ-

2106 2829 2365 2904 γίνισθαι.
2418 2828 2780 2903 ΙΙορνεῦοντες
2837 2829 2939 2904 γὰρ
2998 2830 3087 2883 καὶ
3145 2829 3493 2902 κλέπτοντες,
3552 2832 3763 2910 φιλαρο

2106 2917 2293 2993 γυρίαν
2324 2938 2381 2971 τε
2411 2921 2692 2978 νοσοῦντες
2723 2918 2812 2971 καὶ
2846 2915 3279 2995 δολοφροσύνην,
3312 2916 3629 2991 αἰδούμενοι
3668 2921 3767 2982 τάς

2105 3010 2249 3084 σφῶν
2283 3004 2456 3059 αὐτῶν
2487 3006 2729 3081 πράξεις,
2760 3004 3029 3076 ἐξέκλιναν
3064 3006 3167 3059 ἀπὸ
3225 3010 3323 3073 τῆς
3374 3006 3659 3077 ἀληθείας.
3692 3012 3769 3065 Τὸ

2105 3095 2204 3171 γὰρ
2234 3093 2393 3156 τέλος
2417 3094 2589 3149 αὐτῶν
2613 3099 2709 3150 τοῦ
2732 3099 2937 3149 σκοποῦ
2958 3097 2993 3164 ἡ
3020 3094 3385 3173 ὂλεθροφόρος
3411 3098 3600 3159 αὐτοῖς
3623 3097 3767 3152 ἐστιν

2109 3183 2435 3258 ἀπόγνωσις.
2469 3184 2707 3259 Ἀνάγκη
2770 3186 2872 3259 γὰρ
2934 3184 2993 3239 ἐκ
3046 3185 3251 3239 τούτων
3310 3191 3415 3239 τῶν
3473 3185 3767 3261 λογισμῶν

343 3272 522 3327 Deum
558 3276 629 3328 ab
659 3276 802 3346 ipsis
834 3277 957 3331 tolli
990 3254 1102 3332 de“
1124 3279 1333 3342 medio,
1396 3254 1785 3351 praetereaque
1834 3254 1997 3352 judi-

2114 3274 2446 3346 ἀπαιρεῖσθαι
2506 3275 2629 3345 παρ’
2660 3272 2834 3327 αὐτῶν
2895 3273 2985 3326 τὸν
3045 3272 3194 3341 Θεὸν,
3227 3275 3316 3327 καὶ
3374 3275 3603 3344 προσέτι
3661 3278 3766 3343 τήν

342 3362 519 3416 cium.
578 3365 668 3417 Ait
725 3366 880 3419 enim
917 3383 928 3419 :
964 3366 1021 3421 Si
1084 3368 1161 3421 ita
1211 3368 1543 3438 judicatum
1601 3371 1671 3422 de
1732 3387 1823 3425 me
1890 3372 1999 3426 fuit

345 3456 408 3504 ut
462 3457 748 3506 scortator
805 3453 914 3507 sim
977 3461 1032 3509 et
1063 3472 1296 3523 avarus,
1330 3456 1693 3526 superfluum
1727 3459 1996 3529 estjudi-

342 3538 517 3594 cium.
551 3544 720 3596 Justa
749 3543 1038 3614 siquidem
1074 3544 1216 3598 ultio
1248 3543 1459 3600 delicta
1515 3552 1740 3617 spectat
1794 3555 2000 3619 sponte

342 3629 623 3685 admissa.
686 3631 828 3687 lllud
888 3638 1080 3686 autem
1140 3651 1286 3703 opus
1346 3636 1499 3705 quod
1560 3652 1660 3690 ceu
1722 3653 1785 3692 ex
1855 3655 1999 3709 quo-

343 3718 476 3773 dam
530 3721 813 3793 principio
875 3723 1152 3792 pendens,
1216 3724 1673 3781 involuntarinm
1733 3732 1840 3793 est,
1907 3729 1997 3782 in-

344 3813 571 3863 sontem
607 3810 799 3864 reddit
850 3817 1169 3866 auctorem.
1230 3813 1389 3867 Adeo
1447 3818 1511 3867 ut
1570 3813 1706 3869 hinc
1763 3816 2004 3871 tollatur

335 3897 654 3968 judicium.

414 3986 502 4039 83.
537 3987 836 4049 Quomodo
859 3989 1033 4043 etiam
1059 3989 1336 4044 divinitas
1358 3990 1430 4043 ab
1466 3991 1551 4045 eis
1581 3992 1867 4063 exigatur,
1898 4013 2001 4050 au-

345 4075 623 4129 diendum
660 4082 768 4131 est.
806 4078 943 4132 Eam
978 4080 1194 4150 quippe
1222 4080 1435 4147 dicent,
1470 4091 1571 4152 aut
1605 4081 1851 4151 primam
1902 4087 2003 4137 aut

346 4165 686 4228 secundam,
738 4172 839 4217 aut
894 4183 1011 4219 una
1068 4183 1298 4237 semper
1347 4167 1690 4223 existentem
1752 4187 1884 4225 cum
1933 4187 1999 4225 eo

350 4254 504 4323 quod
539 4254 793 4308 inaniter
837 4256 1175 4310 admittunt.
1229 4257 1285 4310 Si
1347 4257 1529 4311 Deum
1592 4260 1727 4313 lassi
1789 4260 2004 4314 fuerint

348 4344 568 4414 primas
630 4350 842 4410 tenere,
905 4346 1233 4400 necessario
1301 4351 1580 4416 sequetur
1645 4349 1845 4403 omnia
1904 4368 2002 4420 per

345 4431 540 4501 ipsum
603 4435 747 4488 facta
807 4451 968 4499 esse;
1030 4436 1243 4489 etenim
1309 4437 1434 4505 ipse
1466 4436 1522 4490 in
1556 4438 1835 4491 omnibus
1864 4443 1997 4493 est:

349 4525 729 4591 quamobrem
788 4531 841 4578 et
892 4524 1017 4595 ipse
1075 4531 1163 4579 est
1219 4525 1497 4579 dominus
1558 4526 1675 4581 fati.
1738 4528 1897 4590 Quod
1950 4530 1997 4582 si

2108 3358 2303 3436 κρίσιν.
2335 3361 2478 3430 Φησὶ
2537 3364 2660 3435 γὰρ,
2695 3362 2767 3423 ὡς
2829 3361 2893 3415 Ei
2945 3361 3106 3416 τοῦτὸ
3168 3384 3259 3433 μοι
3310 3362 3579 3433 κέκριται,
3622 3386 3765 3439 πορ-

2107 3447 2303 3503 νεῦειεν
2334 3449 2368 3517 ἢ
2402 3448 2766 3518 πλεονεκτεῖν,
2801 3451 3025 3523 περιττὴ
3070 3451 3105 3518 ἡ
3151 3451 3347 3521 κρίσις.
3380 3452 3442 3505 Ἠ
3504 3454 3605 3523 μὲν
3660 3455 3763 3528 γὰρ

2112 3534 2292 3591 δικαία
2345 3537 2586 3612 τιμωρία
2637 3537 2894 3592 ἑκουσίων
2948 3537 3057 3592 ἐστὶ
3102 3541 3476 3610 πταισμάτων·
3520 3544 3558 3610 ἡ
3595 3539 3653 3596 δὲ
3687 3543 3762 3601 ὡς

2111 3624 2170 3680 ἔκ
2224 3648 2373 3689 τινος
2435 3629 2613 3703 ἀρχῆς
2676 3628 2897 3682 ἀκυυσία
2950 3628 3139 3702 πρᾶξις
3200 3628 3440 3683 ἀναίτιον
3520 3638 3764 3686 ποιεῖται

2109 3716 2198 3769 τὸν
2284 3713 2570 3790 δράσαντα’
2632 3717 2719 3771 καὶ
2780 3716 2840 3771 ἐκ
2911 3716 3106 3772 τούτου
3192 3718 3487 3789 ἀναιρεῖται
3571 3723 3669 3792 μὲν
3732 3724 3765 3788 ἡ

2110 3803 2303 3878 κρίσις.

2181 3984 2269 4039 83.
2307 3985 2431 4045 Πῶς
2470 3980 2528 4037 δὲ
2581 3982 2669 4037 καὶ
2726 3984 2789 4037 τὸ
2849 3988 2988 4046 θεῖον
3023 3985 3148 4059 παρ’
3176 3984 3359 4045 αὐτοῖς
3409 3979 3767 4057 ἐκϐάλλεται,

2112 4073 2419 4128 ἀκουστέον.
2456 4076 2700 4143 Φήσουσι
2748 4074 2849 4148 γᾴρ
2905 4073 3034 4128 αὐτὸ
3080 4075 3114 4142 ἢ
3148 4078 3387 4145 πρῶτον,
3419 4077 3453 4143 ἢ
3488 4073 3767 4151 δεύτερον,

2109 4164 2143 4231 ἢ
2182 4164 2259 4217 ἀεὶ
2292 4162 2446 4217 συνὸν
2478 4166 2545 4235 τῇ
2582 4161 2753 4216 αὐτῶν
2807 4162 3148 4233 ματαιότητι.
3186 4162 3249 4217 bi
3306 4164 3403 4235 μὲν
3468 4162 3564 4218 οὖν
3624 4186 3773 4241 πρω-

2107 4252 2278 4306 τεύειν
2330 4252 2518 4306 εἶ’πωσι
2577 4252 2667 4305 τὸν
2725 4249 2875 4319 Θεὸν,
2911 4251 3109 4326 ἀνάγκῃ
3166 4250 3530 4321 ἀκολουθήσει
3594 4257 3771 4309 πάντα

2110 4338 2179 4394 δι’
2212 4340 2378 4394 αὐτοῦ
2434 4341 2773 4415 γεγενῆσθαι·
2807 4341 2895 4393 καὶ
2954 4340 3053 4415 γὰρ
3111 4340 3273 4400 αὐτὰς
3322 4340 3371 4394 ἐν
3408 4348 3595 4395 πᾶσιν
3635 4344 3766 4397 οὑκ-

2111 4435 2202 4484 οὖν
2260 4429 2416 4491 αὐτὸς
2498 4432 2596 4498 τῆς
2680 4429 3012 4501 εἱμαρμένης
3092 4429 3298 4501 κύριος.
3354 4430 3418 4484 Εἰ
3479 4429 3537 4485 δὲ
3592 4432 3766 4487 πλεο-

2109 4518 2319 4587 νέκτης,
2352 4519 2386 4586 ἧ
2418 4517 2763 4593 πορνοκόπος
2796 4516 2854 4572 ἐκ
2882 4523 2982 4585 τῆς
3029 4518 3308 4592 γενέσεως,
3341 4520 3631 4593 ἀναγκαῖον
3682 4518 3770 4574 axi

352 4611 763 4667 fraudulentus
821 4621 873 4666 et
934 4618 1219 4667 scortator
1276 4619 1363 4667 est
1391 4631 1457 4668 ex
1490 4615 1685 4686 genesi
1718 4633 1819 4671 seu
1854 4617 1998 4671 nati-

2116 4605 2280 4679 μέσου
2336 4613 2434 4675 τῆς
2490 4604 2747 4680 γενέσεως
2801 4605 2893 4659 τὸν
2953 4605 3077 4659 Θεὸν
3150 4602 3319 4658 αἶ’τιον
3389 4612 3491 4673 τῆς
3574 4609 3769 4668 κακίας

348 4698 542 4763 vitate,
594 4717 829 4755 necesse
886 4706 972 4755 est
1034 4718 1134 4772 per
1196 4702 1453 4756 medium
1524 4706 1755 4773 genesis
1823 4710 2003 4761 Deum

347 4804 474 4842 esse
534 4788 671 4843 mali
731 4806 1000 4855 causam;
1033 4792 1184 4861 quod
1216 4792 1539 4846 absurdum
1573 4798 1679 4847 est.
1715 4793 1812 4848 Sin
1846 4795 2003 4849 afﬁr-

348 4882 508 4930 ment
566 4878 929 4933 divinitatem
990 4881 1279 4933 secundas
1336 4885 1564 4942 tenere:
1628 4883 2006 4953 consequitur

348 4982 475 5019 eam
540 4983 667 5020 esse
728 4968 913 5039 primo
944 4968 1264 5023 subditam.
1298 4968 1365 5022 Et
1396 4969 1679 5040 quidquid
1717 4972 2003 5041 Optaverit

346 5055 497 5126 quod
534 5064 758 5126 praaest,
788 5057 841 5111 id
879 5057 1204 5111 necessario
1237 5063 1584 5127 exsequetur
1618 5061 1773 5130 quod
1806 5077 2005 5115 conse-

346 5145 612 5215 quitur:
664 5161 1013 5214 rursumque
1082 5145 1235 5215 apud
1304 5143 1438 5199 illos
1510 5147 1656 5201 Deus
1724 5147 1833 5201 erit
1897 5165 1998 5203 au-

346 5241 469 5287 ctor
536 5234 845 5296 malorum,
918 5235 1069 5302 quod
1141 5233 1304 5287 nefas
1372 5236 1527 5288 dictu
1591 5241 1697 5290 est.
1757 5238 1916 5301 Quod
1950 5238 1998 5291 si

347 5330 695 5378 coaeternurn
759 5323 902 5376 illud
966 5338 1095 5377 esse
1127 5322 1437 5389 voluerint,
1468 5326 1709 5379 omnino
1744 5343 1995 5398 pugnam

347 5411 498 5465 inter
523 5429 590 5466 ea
644 5412 771 5483 ipsa
830 5411 1225 5473 concitabunt,
1286 5428 1413 5481 quas
1471 5412 1691 5469 scilicet
1747 5414 2001 5471 habeant

348 5500 673 5555 contrarias
704 5499 1075 5555 naturas.Hic
1107 5515 1242 5572 ergo
1275 5499 1601 5556 rationibus
1632 5502 1798 5572 quasi
1831 5520 1999 5559 sum-

340 5695 556 5783 λάμφ’)
586 5689 965 5769 Βαρϐαρώδισι
994 5697 1116 5753 Cot.

474 5784 863 6090 Νι

2114 4696 2399 4769 ὑπάρχειν·
2433 4693 2563 4767 ὅπερ
2623 4694 2843 4748 ἄτοπονο
2877 4692 2938 4749 Ei
2998 4690 3055 4747 δὲ
3103 4690 3349 4766 δεύτερον
3409 4693 3541 4748 αὐτὸ
3606 4694 3771 4750 πάλιν

2112 4786 2397 4861 φήσουσιν,
2433 4782 2575 4843 ιὶκὸς
2606 4782 2735 4837 αὐτὸ
2770 4778 3074 4836 ὑπόδουλον
3103 4781 3345 4857 γενέσθαι
3391 4786 3475 4853 τῷ
3536 4786 3764 4857 πρώτῳ·

2110 4873 2197 4927 καὶ
2257 4872 2389 4945 ὅπερ
2451 4870 2705 4946 βούλεται
2748 4871 2810 4925 τὸ
2857 4870 3186 4946 ἡγούμενον,
3218 4870 3396 4941 τούτῳ
3458 4872 3767 4948 ἀναγκαίως

2113 4960 2477 5029 ἀκολουθήσει
2497 4960 2559 5014 τὸ
2592 4959 2877 5031 ἑπόμενον·
2911 4960 2997 5014 καὶ
3028 4957 3189 5013 πάλιν
3241 4963 3345 5013 τῶν
3399 4965 3585 5015 κακῶν
3639 4963 3765 5034 παρ’

2111 5050 2293 5110 αὐτοῖς
2347 5046 2519 5109 αἴτιος
2578 5050 2605 5101 ὁ
2659 5047 2823 5108 Θεόςο
2885 5046 3015 5122 ὅπερ
3076 5049 3369 5119 ἀθέμιτον.
3434 5050 3496 5105 Ei
3557 5047 3621 5105 δι
3674 5051 3761 5105 ni

2111 5136 2384 5195 συναίδιον
2417 5136 2547 5192 αὐτὸ
2580 5136 2854 5201 ἐθέλουσιν
2913 5138 3068 5207 εἶναι,
3103 5137 3315 5198 πάντως
3378 5140 3572 5214 μάχην
3632 5141 3763 5213 πρὸς

2111 5229 2272 5284 έαυτὰ
2301 5229 2612 5297 κινήσουσιν
2642 5226 2875 5287 ἐναντίας
2904 5224 3100 5300 ἔχοντα
3156 5226 3361 5303 φύσεις.
3396 5228 3494 5282 Ἐκ
3548 5232 3760 5284 τούτων

2109 5317 2200 5373 οὖν
2233 5323 2338 5372 τῶν
2400 5317 2701 5392 λογισμῶν,
2734 5317 2807 5377 ὡς
2839 5316 2890 5370 έν
2918 5316 3197 5393 κεφαλαίῳ
3255 5317 3522 5391 ἀνῄρηται
3584 5320 3761 5374 αὐτῶν

2109 5411 2143 5477 ἡ
2182 5407 2377 5483 ματαία
2434 5406 2680 5461 ὑπόνοια.
2744 5406 2873 5480 Περὶ
2930 5406 3137 5459 τούτων
3192 5402 3402 5479 εἴρηκεν
3550 5410 3759 5486 Γραᾳή,

2109 5497 2185 5560 ὥς
2247 5516 2431 5574 φησιν·
2492 5498 2654 5550 Εἶπεν
2724 5492 2907 5572 ἄφρων
2998 5492 3048 5548 ἒν
3120 5490 3313 5570 καρδίᾳ
3396 5495 3588 5551 αὐτοῦ·
3649 5498 3759 5554 Οὐκ
