4002 6206
215 327 363 391 153⁸1

1355 328 1540 391 νιτΑ
1585 327 1908 390 ΒΑΝΟΤιΕ
1951 327 2476 392 SYNCLETICE.

3470 342 3626 403 1538

207 455 316 514 ἔστι
373 458 523 520 Θεός·
581 457 691 526 καὶ,
753 457 846 520 Εἲς
903 460 962 512 τὸ
1039 459 1171 532 ὕψος
1247 457 1519 529 ἐλάλησαν
1601 459 1853 530 ἀνομίαν.

1985 463 2195 516 malim
2230 466 2567 518 confutatur
2596 481 2742 520 vana
2775 465 3006 520 illorum
3041 471 3350 523 sententia.
3387 471 3466 538 De
3491 475 3624 542 qui-

211 559 321 614 bus
352 558 473 614 hac
504 556 762 630 loquitur
791 558 1086 630 Scriptura
1119 575 1130 612 :
1166 558 1320 613 Dixit
1372 559 1660 631 insipiens,
1711 560 1770 613 in
1817 559 1976 614 corde
2016 575 2113 614 suo
2144 578 2162 613 :
2195 563 2314 616 Non
2347 569 2424 616 est
2455 567 2596 618 Deus
2626 563 2689 615 ⁸ο.
2727 580 2740 628 ς
2783 566 2878 618 et:
2912 565 3276 635 Iniquitatem
3310 569 3368 620 in
3397 569 3613 624 excelso

212 648 378 703 locuti
405 650 533 701 sunt
557 647 624 702 δί.

221 812 228 818 _
282 754 372 808 84.
424 752 522 805 Καὶ
579 751 1002 828 προφασίζονται
1061 748 1118 807 δὲ
1183 751 1392 812 ἑαυτοῖς
1449 750 1745 828 προφάσεις
1803 750 1854 805 ἐν

212 839 524 913 ἁμαρτίαις.
582 841 1083 916 Ἀκρωτηριάζουσι
1141 840 1245 916 γὰρ
1294 840 1392 901 τὰς
1454 840 1691 917 Γραφᾶς,
1765 861 1856 895 τυ-

211 928 575 1008 φλώττοντες,
626 927 677 998 ἐξ
709 927 881 982 αὐτῶν
912 929 1010 997 τήν
1042 929 1450 1007 κακοφροσῦνην
1486 928 1659 984 αὐτῶν
1709 928 1854 997 πλη-

211 1023 463 1094 ροφορεῖν
501 1015 853 1091 βουλόμενοι.
898 1017 995 1071 Καὶ
1027 1022 1242 1093 πρῶτον
1294 1018 1386 1090 μὲν
1435 1016 1494 1072 ἐκ
1540 1022 1638 1073 τοῦ
1689 1017 1858 1090 Εὐαγ-

207 1104 421 1183 γελίοα,
451 1106 543 1161 τὸν
579 1105 781 1160 ἑαυτῶν
812 1105 894 1160 ἱὸν
926 1106 1130 1178 ἐξεμεῖν
1164 1107 1528 1180 πειρώμενος,
1580 1101 1858 1176 ἐκϐιάζον-

206 1214 316 1250 ται·
378 1194 510 1269 φησὶ
559 1194 685 1270 γὰρ,
736 1193 810 1256 ὡς
860 1199 964 1248 Τοῦ
1015 1192 1071 1250 δὲ
1118 1199 1351 1270 Χριστοῦ
1382 1198 1416 1264 ἡ
1449 1196 1652 1270 γένεσις
1687 1195 1859 1256 οὕτως

206 1287 296 1354 ἦν.
353 1285 460 1352 Τὴν
515 1281 761 1357 γέννησιν
812 1283 916 1358 γὰρ
963 1283 1126 1338 αὐτοῦ
1174 1285 1381 1358 γένεσιν
1433 1287 1467 1353 ἡ
1502 1283 1616 1340 Θεία
1675 1285 1856 1361 Γραφή

208 1371 516 1445 ὠνόμασεν.
548 1373 667 1425 Ἔτι
697 1391 758 1444 γε
792 1373 899 1444 μὴν
932 1371 1020 1426 καὶ
1049 1372 1112 1426 τὸ
1162 1372 1296 1448 πρὸς
1343 1371 1657 1448 ἀνθρώπους
1699 1371 1857 1426 αὐτὸν

209 1461 579 1533 οἰκονομικῶς
628 1459 873 1534 γεοὲσθαι
921 1456 1241 1524 ἀκολοὸθως
1291 1462 1496 1537 γένεσις
1525 1460 1856 1533 ὠνόμασται.

208 1549 281 1605 El
334 1546 391 1604 δὲ
438 1548 526 1604 καὶ
575 1548 700 1625 περὶ
741 1553 838 1604 τοῦ
885 1548 1106 1625 ἀστέρος
1154 1570 1205 1604 τι
1253 1548 1675 1625 ψευδολογοῦσι,
1706 1549 1862 1603 κάκεῖ

210 1638 380 1695 πάλιν
434 1640 532 1712 τήν
592 1635 802 1710 ἔνδοξον
865 1637 1029 1695 αὐτοῦ
1087 1641 1382 1718 παρουσίαν
1430 1640 1859 1714 μανθανέτωσαν.

211 1730 310 1791 Εἷς
342 1730 476 1802 ἡμῖν
514 1728 684 1804 ἀστὴρ
715 1728 1108 1806 φωτεινότατος
1177 1732 1346 1807 κήρυξ
1377 1730 1566 1807 γέγονε
1593 1737 1694 1800 τῆς
1725 1728 1860 1800 ἀλη-

210 1817 382 1882 θείας⁸
413 1821 448 1886 ἡ
482 1815 539 1872 δὲ
569 1817 784 1872 ἐκείνων
836 1818 1032 1891 ματαία
1079 1819 1276 1894 γνώμη
1332 1819 1576 1881 πολλοὺς
1635 1839 1857 1894 παρεισ-
1895 1846 1940 1910 Β

208 1907 363 1986 φέρει
396 1908 469 1970 εἷς
499 1911 664 1982 Θήραν
699 1906 1045 1982 ἀνθρωπίνης
1076 1909 1356 1983 γενέσεως.
1415 1909 1514 1964 Καὶ
1563 1907 1622 1962 ἐκ
1666 1908 1862 1962 τούτου

209 1995 507 2068 δέδεικται,
567 1997 639 2058 ὡς
689 2001 972 2071 πανταχοῦ
1030 1998 1192 2071 ἑαυτῇ
1253 1998 1540 2053 ἀντίκειται
1592 2001 1626 2066 ἡ
1682 1996 1859 2053 κακία.

211 2087 323 2142 Καὶ
406 2087 496 2141 τὸν
573 2085 786 2142 Ἠσαίαν
860 2084 916 2140 δὲ
992 2086 1066 2147 ἑίς
1142 2087 1434 2162 μαρτυρίαν
1510 2095 1609 2157 τῆς
1661 2088 1860 2141 ἑαυτῶν

209 2174 401 2236 ἀνοίας
458 2173 708 2230 καλοῦσι.
769 2176 1041 2228 Φάσκουσι
1097 2176 1198 2249 γὰρ
1259 2174 1418 2229 αὐτὸν
1479 2173 1748 2250 εἰρηκέναι
1780 2173 1859 2228 τό·

213 2262 416 2338 Κύριος
494 2263 522 2317 ὁ
595 2267 769 2317 ποιῶν
846 2261 1094 2338 είρήνην,
1169 2263 1259 2317 καὶ
1333 2262 1528 2333 κτίζων
1588 2262 1743 2318 κακά.
1803 2266 1860 2318 ἸΙ

215 2351 318 2423 μὶν
389 2352 480 2406 οὖν
541 2350 732 2426 εἰρήνη
788 2351 926 2421 παρά
970 2356 1128 2405 πᾶσιν
1190 2350 1548 2426 ὡμολόγηται
1600 2353 1672 2412 ὡς
1733 2355 1866 2406 Θεοῦ

211 2439 378 2516 ἔργον
436 2440 768 2516 τγχανουσα⁶
827 2441 861 2509 ἡ
924 2437 978 2494 δὶ
1030 2440 1187 2495 κακία
1231 2441 1355 2517 παρ’
1385 2440 1567 2502 αὐτοῖς
1601 2441 1695 2514 μὶν
1727 2438 1866 2510 ἀλη-

210 2533 327 2594 θῶς
364 2529 732 2600 πολιτεύεται,
761 2527 922 2585 κακία
949 2537 1049 2598 τῆς
1089 2532 1276 2605 ψυχῆς
1324 2531 1662 2606 ὑπάρχουσα’
1724 2530 1868 2606 παρὰ

211 2619 280 2675 δὶ
305 2623 444 2693 ἡμῖν
475 2622 510 2690 ἡ
559 2617 620 2674 ἐκ
645 2623 743 2674 τοῦ
778 2623 911 2674 Θεοῦ
939 2625 1222 2694 γενηθεῖσα
1250 2619 1410 2674 κακία
1459 2617 1864 2697 ὠφελιμωτάτη

211 2709 359 2766 ἔστί.
410 2708 552 2783 Πρὸς
593 2707 695 2784 γὰρ
743 2707 1012 2784 σωτηρίαν
1069 2711 1254 2783 ψυχῆς
1292 2709 1381 2762 καὶ
1409 2705 1653 2762 παιδείαν
1688 2708 1872 2780 σωμά-

208 2821 328 2854 των
359 2797 602 2874 γίνονται
633 2796 789 2870 λιμοὶ
821 2795 910 2850 καὶ
942 2792 1254 2872 ἀνομϐρίαι,
1286 2796 1435 2850 νόσοι
1465 2817 1523 2851 τε
1550 2797 1640 2851 καὶ
1672 2796 1868 2868 πενίαι,

213 2888 311 2942 καὶ
336 2885 499 2941 ἄλλαι
528 2886 670 2947 τινὲς
703 2884 1062 2962 περιστάσεις.
1094 2887 1168 2939 Τὰ
1196 2887 1298 2961 γὰρ
1331 2887 1574 2960 σωτήρια
1590 2886 1869 2962 φάρμακα,

218 2976 258 3031 ἃ
291 2975 487 3030 ἐκεῖνοι
516 2974 704 3029 κακίαν
735 2977 918 3050 ψυχῆς
950 2975 1040 3028 καὶ
1070 2974 1208 3029 κακὰ
1237 2973 1337 3028 οὐκ
1377 2973 1613 3043 ἀληθῶς
1647 2973 1872 3044 ὑπενόη-

219 3087 344 3130 σαν,
376 3068 543 3118 ταῦτα
571 3063 705 3138 πρὸς
741 3063 1074 3140 ἐπιστροφὴν
1107 3066 1242 3135 ἡμῖν
1278 3063 1420 3138 παρά
1440 3067 1535 3116 τοῦ
1564 3063 1870 3137 κρείττονος

223 3153 609 3231 προσφέρεται·
670 3153 760 3214 Τίς
812 3155 912 3228 γάρ
971 3152 1110 3206 ἐστιν
1167 3152 1281 3214 υἱὸς
1340 3152 1397 3206 ὅν
1451 3152 1514 3207 οὐ
1561 3149 1802 3208 παιδεύει
1843 3154 1872 3208 ὁ

211 3213 403 3317 πὲιτήρ
429 3213 593 3310 ;.“¹Ετι
624 3239 680 3296 δὲ
709 3213 799 3296 καὶ
826 3213 911 3310 ire,
946 3240 1056 3296 Οὐκ
1085 3240 1136 3296 ἐν
1187 3241 1456 3314 ἀνθρώπῳ
1505 3241 1558 3295 αἱ
1606 3237 1722 3295 ὁδοῖ
1773 3241 1869 3295 αὐ·
1903 3213 1944 3279 C
1983 3213 2259 3308 primorei!
2315 3253 2326 3291 ε

207 3334 340 3399 τοῦ,
372 3329 538 3386 πάλιν
594 3329 804 3404 ὁμοίως
849 3330 1242 3407 προσφέρουσιν
1276 3329 1349 3390 είς
1377 3331 1476 3398 τήν
1513 3327 1649 3384 ἰδίαν
1704 3351 1866 3384 κατα-

207 3421 478 3497 στροφήνο
513 3417 672 3482 ὁδοὺς
704 3419 805 3494 γὰρ
841 3421 916 3492 μή
941 3415 1179 3494 ἔχοντες,
1215 3418 1509 3493 ἐξιχνιάσαι
1545 3418 1865 3494 βούλονται.

201 3505 372 3566 Ὀδὸν
430 3509 529 3563 οὐκ
587 3507 702 3584 ἔχει
752 3507 1054 3579 πλεονεξία,
1127 3507 1546 3584 γαστριμαργία,
1621 3508 1862 3584 πορνεία·

205 3597 554 3653 ἀνυπόστατα
608 3598 709 3673 γάρ
766 3601 954 3668 ταῦτα,
1010 3597 1128 3660 καθ’
1177 3597 1336 3651 ἑαυτά
1383 3599 1459 3669 μή
1490 3592 1634 3653 ὄντα.
1694 3601 1868 3652 Ταῦτα

201 3686 315 3763 γὰρ
376 3684 569 3740 ἐκεῖνοι
625 3683 783 3747 ὁδοὺς
844 3685 1098 3748 εἰώθεσαν
1157 3684 1355 3760 λέγειν,
1414 3683 1600 3748 Ὁδοὺς
1643 3685 1700 3740 δὲ
1727 3688 1864 3758 ἡμῖν

202 3778 247 3845 ἡ
285 3777 470 3851 Γραφή
507 3772 652 3850 λέγει
704 3774 796 3836 τὰς
842 3774 1026 3835 κοινὰς
1075 3779 1227 3845 πᾶσι,
1259 3776 1356 3844 τήν
1390 3795 1447 3828 τε
1481 3775 1624 3843 ζωὴν
1653 3774 1741 3828 καὶ
1771 3775 1864 3830 τὸν

203 3862 461 3927 θάνατον.
515 3861 766 3932 ’Δληθῶς
813 3862 915 3937 γὰρ
966 3861 1183 3937 πορεῖαί
1238 3861 1338 3917 εῗσι
1389 3869 1487 3932 τῆς
1535 3884 1594 3918 τε
1643 3861 1866 3927 ἐνταῦθα

205 3949 523 4025 εἰσαγωγῆς
575 3951 663 4005 καὶ
721 3958 818 4020 τῆς
875 3949 934 4004 ἐκ
985 3955 1092 4005 τῶν
1151 3950 1419 4022 αἰσθητῶν
1468 3951 1674 4007 τούτων
1739 3973 1866 4024 μετ-

203 4041 557 4102 αναστάσεως
568 4084 580 4095 .

286 4147 380 4201 85.
415 4145 594 4200 Πάντα
623 4147 714 4201 οὗν
743 4151 989 4201 ποιοῦσιν
1020 4147 1070 4200 οἱ
1110 4144 1525 4218 κακοδαίμονες,
1579 4143 1715 4201 ὣστε
1767 4151 1864 4200 τοῦ

202 4233 558 4304 αὐτεξουσίου
590 4234 809 4296 ἑαυτοὺς
839 4234 1176 4289 ἀπώσασθαι’
1229 4235 1319 4290 καὶ
1369 4234 1568 4304 ταύτην
1620 4232 1862 4304 σπουδὴν

198 4323 447 4386 τίθενται
478 4327 574 4378 τοῦ
604 4323 1051 4394 ἀντικαταλλάξαι
1083 4331 1180 4393 τῆς
1219 4322 1526 4398 ἐλευθερίας
1578 4325 1677 4391 τήν
1739 4321 1862 4378 δου-

202 4410 386 4466 λείαν.
440 4410 537 4465 Καὶ
583 4412 684 4486 γὰρ
733 4416 894 4466 τοῦτο
940 4418 1041 4480 τῆς
1092 4411 1300 4480 κακίας,
1333 4409 1510 4485 ἔργον.
1542 4411 1604 4464 τὸ
1635 4409 1864 4465 πάντοτε

197 4506 330 4561 τοῖς
383 4499 626 4575 χείροσιν
687 4501 878 4568 ἑαδτήν
937 4500 1338 4576 συγκαθέλκειν·
1395 4501 1594 4554 ἑαυτῶν
1637 4500 1737 4576 γάρ
1770 4501 1862 4575 γί-

2042 755 2130 808 84.
2175 755 2501 820 Quinetiam
2556 757 2666 812 sibi
2719 758 3250 814 comminiscuntur
3301 763 3621 819 excusatio-

1982 859 2084 898 nes
2120 842 2175 897 in
2211 845 2482 914 peccatis.
2520 845 2877 900 Detruncant
2907 849 3060 902 enim
3095 849 3452 920 Scripturas,
3512 871 3624 907 ca:-

1981 932 2290 1001 cuticntes,
2323 949 2390 987 ea
2422 941 2614 988 mente
2649 941 2710 988 ut
2743 953 2808 988 ex
2853 934 2966 990 illis
3017 953 3252 1007 pravam
3302 956 3468 995 suam
3523 942 3632 997 do-

1978 1020 2226 1074 ctrinam
2261 1023 2658 1093 comprobent.
2693 1024 2757 1078 Et
2781 1023 2968 1093 primo
3000 1025 3234 1096 quidem
3269 1045 3336 1081 ex
3369 1030 3630 1100 Evange-

1980 1107 2054 1163 lio
2086 1115 2373 1165 conantur
2403 1127 2663 1166 evomere
2698 1129 2869 1166 suum
2905 1113 3082 1167 virus.
3120 1115 3213 1169 Ait
3259 1117 3412 1171 enim
3452 1136 3463 1173 :
3505 1121 3632 1174 Jesu

1978 1197 2190 1252 Christi
2236 1207 2413 1252 autem
2459 1203 2739 1270 generatio
2785 1203 2864 1254 sic
2911 1210 3028 1255 erat
3067 1202 3129 1256 ⁴².
3183 1202 3627 1262 Generationem

1979 1286 2107 1355 ejus
2154 1287 2414 1357 genesim
2461 1289 2658 1342 divina
2701 1289 3001 1360 Scriptura
3063 1290 3404 1348 nominavit.
3459 1297 3626 1350 Insu-

1977 1391 2212 1446 perque,
2265 1377 2416 1447 quod
2470 1377 2594 1449 ipse
2647 1395 2746 1449 per
2796 1380 3179 1435 oeconomiam
3239 1383 3307 1436 ad
3362 1383 3629 1440 homines

1977 1465 2308 1533 accesserit,
2342 1472 2769 1537 consequenter
2807 1485 3017 1522 nomen
3072 1470 3354 1524 tribuitur
3380 1487 3632 1543 genera-

1979 1551 2174 1607 tionis.
2229 1553 2391 1616 Quod
2452 1554 2498 1608 si
2555 1555 2771 1625 aliquid
2824 1555 2993 1610 ctiam
3041 1558 3110 1612 de
3172 1557 3342 1615 stella
3399 1561 3630 1617 mentiti

1976 1639 2212 1706 fuerint,
2236 1641 2371 1697 inde
2402 1659 2608 1698 rursus
2639 1645 2871 1699 discant
2902 1645 3222 1717 gloriosum
3257 1649 3384 1719 ejus
3416 1651 3628 1705 adven-

1975 1738 2122 1785 tum.
2177 1729 2356 1785 Unica
2404 1732 2571 1786 nobis
2619 1731 2787 1787 stella
2833 1733 3199 1790 lucidissima
3249 1737 3404 1792 684
3444 1755 3628 1808 prisco

1977 1819 2198 1873 exstitit
2254 1822 2464 1875 veritas
2524 1837 2536 1876 :
2599 1819 2832 1875 illorum
2893 1827 3084 1876 autem
3156 1842 3302 1880 vana
3361 1826 3630 1884 doctrina

1974 1905 2191 1961 multas
2226 1907 2541 1962 introducit
2572 1909 2642 1963 ad
2677 1908 2980 1964 hominum
3028 1914 3378 1982 captandam
3426 1916 3626 1969 eliser-

1973 1996 2346 2067 vandamque
2393 1999 2676 2067 genesim.
2737 1988 2922 2070 Alque
2974 2000 3106 2054 hinc
3159 2008 3459 2058 ostensum
3517 2011 3626 2073 est,

1976 2083 2190 2153 ubique
2224 2083 2506 2138 malitiam
2541 2085 2650 2140 sibi
2688 2086 2797 2157 ipsi
2825 2088 3114 2142 adversari
3148 2089 3357 2144 Isaiam
3393 2107 3627 2162 quoque

1975 2170 2031 2224 in
2067 2171 2468 2227 testimonium
2503 2175 2771 2228 amentiae
2805 2191 2922 2228 suae
2966 2181 3192 2230 vocant.
3243 2177 3424 2240 Quem
3459 2181 3627 2236 aiunt

1975 2259 2192 2316 dixisse
2227 2279 2237 2291 ·
2271 2262 2530 2316 Dominus
2559 2263 2779 2335 faciens
2824 2280 3035 2334 parem,
3068 2274 3120 2319 et
3157 2282 3345 2320 creaus
3377 2271 3523 2321 mala
3552 2269 3624 2323 “.

1979 2349 2179 2404 Pacem
2242 2357 2392 2405 certe
2449 2368 2598 2423 opus
2649 2368 2777 2406 esse
2826 2352 2922 2406 Do-i
2977 2370 3146 2409 nemo
3199 2372 3310 2410 non
3365 2357 3624 2415 fatetur:

1978 2438 2198 2492 malitia
2249 2456 2378 2494 vero
2430 2441 2584 2512 apud
2633 2441 2790 2512 ipsos
2837 2458 3031 2496 revera
3081 2449 3361 2514 versatur,
3399 2445 3627 2502 malitia

1978 2526 2244 2581 videlicet
2273 2527 2501 2583 animae.
2537 2529 2716 2585 Nobis
2747 2536 2938 2584 autem
2974 2547 3040 2585 ea
3086 2548 3214 2602 quis
3249 2549 3316 2587 ex
3349 2539 3461 2588 Deo
3492 2551 3624 2607 pro-

1979 2614 2129 2668 cedit
2189 2616 2429 2682 malitia,
2487 2616 2803 2673 utilissima
2852 2623 2960 2674 est.
3021 2619 3164 2674 Nam
3243 2623 3315 2676 ob
3374 2623 3626 2679 salutem

1979 2702 2185 2758 animm
2219 2705 2597 2777 corporisque
2629 2707 3067 2779 castigationem
3122 2710 3389 2766 oriuntur
3421 2713 3624 2784 fames,

1980 2792 2232 2862 siccitas,
2295 2796 2480 2850 morbi
2533 2812 2597 2850 ac
2649 2803 2982 2868 paupertas,
3042 2787 3284 2870 aliisque
3333 2801 3629 2858 nonnulla!

1980 2881 2362 2938 calamitates.
2441 2883 2732 2939 Salutaria
2797 2886 2951 2940 enim
3015 2889 3292 2953 remedia,
3352 2907 3479 2959 quae
3538 2891 3626 2946 illi

1982 2969 2202 3025 malum
2233 2977 2289 3026 et
2320 2973 2633 3043 perniciem
2666 2974 2873 3028 animai
2905 2992 3032 3031 esse
3064 2977 3280 3047 opinati
3313 2985 3470 3046 sunt,
3504 2980 3626 3036 hmo

1981 3059 2051 3112 ad
2105 3060 2539 3116 conversionem
2591 3064 2758 3117 nobis
2809 3063 3155 3134 inﬂiguntur
3201 3083 3233 3120 a
3277 3067 3392 3123 Deo
3445 3070 3628 3138 :Quis

1980 3150 2130 3202 enim
2183 3147 2361 3218 ﬁlius,
2407 3166 2564 3221 quem
2613 3169 2720 3207 non
2773 3154 3001 3222 corripit
3045 3158 3213 3221 pater
3241 3155 3330 3210 ⁸δῖ
3363 3156 3630 3228 [lludtu

2388 3239 2500 3294 Non
2559 3243 2685 3293 sunt
2735 3241 2799 3295 in
2846 3239 3066 3296 homine
3116 3245 3214 3297 viae
3260 3245 3376 3314 ejus
3423 3246 3468 3279 “
3508 3247 3629 3315 pari

1982 3325 2153 3380 modo
2183 3325 2252 3379 ad
2287 3327 2579 3397 propriam
2627 3328 2982 3384 eversionem
3037 3332 3375 3400 proferunt;
3409 3333 3632 3390 scilicet

1978 3413 2100 3468 vias
2147 3428 2282 3467 cum
2340 3431 2451 3469 non
2506 3414 2778 3478 habeant,
2831 3416 2957 3471 vias
2989 3417 3190 3472 volunt
3229 3419 3628 3493 investigare:

1978 3501 2128 3557 viam
2161 3519 2273 3557 non
2323 3501 2500 3559 habet
2536 3504 2802 3572 avaritia,
2835 3511 2934 3560 aut
2970 3505 3126 3577 gula,
3163 3525 3350 3578 neque
3378 3511 3628 3566 fornica-

1977 3591 2079 3646 tio.
2117 3589 2218 3646 illa
2248 3607 2500 3662 namque
2531 3609 2665 3648 cum
2700 3610 2802 3663 per
2831 3611 2893 3648 se
2926 3611 3034 3650 non
3071 3597 3210 3664 sint,
3244 3596 3631 3654 subsistentia

1977 3687 2192 3735 carent.
2226 3682 2364 3744 Quae
2411 3685 2604 3737 tamen
2657 3681 2738 3736 illi
2779 3682 2901 3737 vias
2947 3683 3138 3739 dicere
3179 3695 3626 3742 consueverunt.

1975 3769 2044 3822 At
2075 3785 2208 3823 vero
2240 3768 2542 3840 Scriptura
2591 3770 2740 3824 duas
2789 3787 2917 3824 esse
2961 3771 3240 3826 omnibus
3288 3789 3630 3830 communes

1975 3857 2121 3924 vias,
2154 3857 2315 3920 dicit,
2365 3857 2539 3910 vitam
2589 3862 2646 3912 et
2687 3863 2956 3912 mortem.
2993 3859 3134 3915 Vere
3191 3861 3480 3931 siquidem
3534 3864 3630 3918 iti-

1976 3961 2116 4000 nera
2147 3948 2310 4010 sunt,
2346 3944 2621 3999 introitus
2655 3945 2712 3999 in
2748 3947 2898 4001 hunc
2933 3949 3244 4018 mundum,
3268 3956 3326 4005 et
3355 3952 3629 4007 transmi-

1974 4032 2258 4104 grationis
2292 4049 2359 4087 ex
2389 4032 2480 4088 his
2511 4033 2914 4090 sensibilibus.

2043 4140 2131 4194 85.
2170 4139 2322 4195 Nihil
2382 4140 2579 4210 itaque
2641 4157 2750 4195 non
2809 4141 3029 4197 faciunt
3086 4143 3348 4202 infelices
3407 4147 3515 4211 illi,
3563 4153 3628 4204 ut

1973 4228 2223 4282 liberum
2285 4245 2318 4281 a
2368 4245 2428 4283 se
2482 4228 2762 4300 alijiciant
2810 4231 3115 4286 arbitrium
3153 4251 3165 4287 :
3201 4239 3376 4304 atque
3425 4237 3482 4292 in
3519 4237 3629 4293 hoo

1973 4333 2172 4372 curam
2202 4317 2586 4388 studiumque
2620 4332 2864 4388 ponunt.
2895 4326 2955 4374 ut
2986 4320 3310 4378 libertatem
3346 4341 3477 4379 cum
3514 4342 3632 4381 ser-

1972 4407 2150 4460 vitute
2198 4411 2580 4460 commutent.
2634 4407 2858 4461 Etenim
2914 4407 3024 4463 hoc
3069 4415 3157 4465 est
3189 4410 3421 4467 malitia:
3455 4431 3630 4485 opus,

1975 4499 2036 4549 ut
2085 4511 2314 4564 semper
2361 4494 2616 4565 seipsam
2681 4495 2999 4565 pertrahat'
3028 4499 3098 4552 ad
3135 4501 3351 4570 pejora.
3390 4502 3626 4573 Ipsique

195 4608 394 4643 νονται
449 4587 735 4663 μάρτυρες,
768 4589 842 4651 ὡς
903 4591 972 4658 τῇ
1025 4589 1183 4659 κακίᾳ
1242 4589 1464 4650 ἑαυτοὺς
1514 4588 1861 4665 πεπρακότες.

1980 4585 2284 4638 adversum
2336 4599 2397 4637 se
2459 4588 2636 4638 testes
2693 4587 2958 4650 evadent,
3004 4588 3159 4658 quod
3211 4605 3339 4644 sese
3389 4590 3624 4647 malitiae

203 4677 314 4734 Καὶ
364 4682 524 4731 τοῦτο
568 4675 660 4731 οὖν
700 4678 762 4732 τὸ
821 4672 1082 4732 διαϐόλου
1140 4679 1200 4731 τὸ
1247 4677 1526 4747 ἀπατηλὸν
1559 4677 1861 4753 τὲχνασμα·

196 4765 308 4828 τὰς
361 4767 460 4841 γὰρ
520 4765 747 4839 ἀμελεῖς
802 4767 981 4841 ψυχας
1044 4764 1131 4820 διὰ
1185 4773 1284 4834 τῆς
1343 4763 1658 4838 κακοδοξίας
1716 4768 1862 4822 κάτω

199 4857 494 4931 κεκυφέναι
555 4857 960 4926 παρασκευάζει,
1029 4857 1103 4926 μὴ
1165 4857 1470 4930 συγχωρῶν
1527 4855 1690 4917 αὐτὰς
1733 4857 1863 4910 ἀνα-

200 4947 384 5016 νῆψαι
443 4945 577 5017 πρὸς
645 4943 935 5018 ἐπίγνωσιν
1005 4951 1104 5013 τῆς
1163 4943 1444 5014 ἀληθείας.
1505 4946 1707 5019 ’Ὠσπερ
1759 4945 1860 5021 γὰρ

201 5037 346 5094 ναῦς
394 5033 544 5094 ἐκτὸς
592 5031 876 5103 πηδαλίων
927 5031 1172 5088 πλὲουσα
1221 5032 1300 5087 ἀεὶ
1341 5033 1686 5108 χειμάζεται,
1718 5034 1860 5089 οὕτω

200 5120 430 5183 τούτοις
461 5121 689 5177 πάντοτε
732 5122 759 5176 ὁ
817 5119 1059 5183 κίνδυνος
1109 5120 1340 5176 ἐπιπνεῖ·
1399 5118 1524 5175 οὐδὲ
1573 5121 1675 5197 γὰρ
1724 5122 1859 5196 πρὸς

196 5210 302 5265 τὸν
355 5213 629 5286 σωτήριον
691 5209 888 5283 λιμένα
947 5212 1186 5286 ὁρμῆσαι
1238 5207 1509 5278 δύνανται,
1551 5210 1642 5264 τὸν
1673 5205 1860 5286 κυϐερ-

194 5304 391 5354 νῶντα
435 5299 629 5373 Κύριον
689 5299 1096 5362 καταλιπόντες.
1157 5298 1255 5354 Καὶ
1302 5299 1396 5360 τὰς
1448 5299 1543 5370 μὲν
1577 5296 1860 5372 ἐκδεδομέ-

193 5411 302 5450 νας
353 5389 497 5462 αὐτῷ
547 5390 726 5466 ψυχὰς
775 5389 948 5453 οὕτως
1002 5387 1197 5461 πλανᾷ.
1244 5386 1521 5451 Πολλάκις
1554 5385 1610 5443 δὲ
1640 5389 1855 5452 καὶτὰς

283 5590 526 5662 ⁴⁰ίΡεα1.
586 5611 712 5662 xui,
772 5595 822 5649 1.
925 5594 966 5628 ⁴¹
1022 5591 1172 5648 Psal.
1224 5607 1400 5661 Lxxn,
1447 5591 1502 5645 8.

195 5676 267 5730 ι,
297 5661 388 5718 23.

1606 5590 1650 5625 ⁴²
1693 5589 1902 5646 Matth.
1935 5605 1976 5656 ι,
2029 5587 2115 5641 18.

1975 4670 2357 4727 vendiderint.
2406 4671 2625 4742 Estque
2681 4672 2820 4726 illud
2877 4674 3089 4729 diaboli
3143 4678 3457 4735 artificium
3511 4698 3625 4752 quo

1974 4761 2228 4832 decipiat
2260 4776 2271 4814 :
2307 4776 2518 4829 segnes
2568 4760 2783 4831 quippe
2821 4761 3048 4818 animas
3091 4780 3191 4835 per
3237 4783 3470 4837 pravam
3523 4770 3625 4825 do-

1972 4849 2215 4906 ctrinam
2250 4849 2521 4902 deorsum
2569 4853 2928 4920 propendere
2979 4853 3318 4924 compellit:
3350 4873 3455 4912 nec
3487 4859 3628 4914 sinit

1971 4956 2068 4994 eas
2100 4953 2339 4992 sursum
2374 4937 2512 5008 erigi
2537 4938 2605 4990 ad
2641 4939 2995 5008 agnitionem
3024 4942 3308 4999 veritatis.
3334 4947 3624 5010 Quemad-

1975 5028 2213 5081 modum
2263 5024 2417 5078 enim
2469 5025 2632 5080 navis
2682 5027 2808 5081 sine
2868 5029 3268 5099 gubernaculo
3321 5034 3620 5107 navigans,

1970 5114 2416 5187 tempestatibus
2466 5131 2696 5185 semper
2736 5116 2993 5187 agitatur
3021 5136 3035 5185 ;
3071 5119 3150 5174 ita
3178 5119 3294 5176 illis
3323 5123 3622 5194 undequa-

1969 5222 2082 5277 que
2108 5203 2494 5274 periculorum
2521 5208 2731 5258 ventus
2754 5204 2961 5262 instat:
2981 5223 3169 5280 neque
3193 5211 3344 5264 enim
3373 5217 3622 5281 possunt

1968 5297 2038 5350 ad
2083 5293 2398 5346 salutarem
2435 5298 2668 5362 portum
2714 5295 3028 5366 appellere,
3061 5298 3295 5369 quando
3325 5299 3618 5370 guberna-

1966 5393 2151 5443 torem
2213 5379 2526 5436 Dominum
2576 5379 2959 5453 reliquerunt.
3004 5385 3214 5455 Sicque
3265 5385 3452 5444 hostis
3489 5387 3617 5444 aui-

2219 5581 2264 5616 “
2295 5579 2406 5636 lea.
2437 5596 2564 5646 xcv,
2594 5582 2649 5637 7.
2689 5614 2695 5616 -
2751 5581 2796 5620 ⁸⁸
2825 5581 2997 5640 Hebr.
3030 5599 3132 5646 ιιι.
3167 5583 3223 5639 7.
3323 5584 3371 5620 “
3398 5585 3614 5646 Jsrem.

2689 5614 2695 5616 -
2751 5581 2796 5620 ⁸⁸
2825 5581 2997 5640 Hebr.
3030 5599 3132 5650 xu,
3167 5583 3223 5639 7.
