4002 6206
425 326 578 385 1539

1590 325 1654 383 S.
1703 322 2225 385 ATHANASIUS.
2256 359 2332 368 --
2361 321 2667 390 SPURIA.

3622 339 3732 401 1540

425 475 549 511 mas
599 458 709 528 ipsi
769 455 997 512 deditas
1054 456 1290 528 decipit.
1344 460 1502 529 Saepe
1560 459 1732 512 etiam
1788 475 1888 528 per
1949 459 2044 511 haec

2178 455 2470 521 σπουδαίας
2503 460 2854 538 παρυφιζάνει
2889 456 2978 513 διὰ
3005 458 3210 514 τούτων
3260 461 3286 515 ὁ
3317 460 3518 538 ἐχθρὸς,
3545 469 3616 521 τὸν
3638 470 3709 544 ἀγα

421 547 734 601 animabus
765 546 1047 599 virtutum
1071 545 1356 600 studiosis
1381 547 1829 613 insidiatur,hoc
1852 563 2063 601 curans

423 643 483 691 ut
516 637 731 690 bonum
765 651 962 689 earum
995 651 1232 689 cursum
1272 635 1619 706 intercipiat.
1655 635 1861 690 Animo
1894 652 2062 690 nam-

420 742 533 796 que
564 722 846 796 suggerit,
883 723 1030 794 quod
1087 724 1231 776 bene
1277 723 1638 794 feliciterque
1686 739 1952 795 agamus,
2005 724 2060 777 id

419 831 488 868 ex
517 819 809 868 astrorum
835 817 990 866 motu
1019 813 1339 882 provenire.
1369 815 1526 866 Hanc
1549 817 1744 867 autem
1767 812 2063 884 cogitatio-

421 919 552 958 nem
613 901 684 956 iis
739 900 1008 956 immittit
1059 901 1450 966 adversarius,
1517 901 1614 972 qui
1671 918 1740 957 ex
1797 899 2060 956 saeculari

417 992 707 1065 sapientia
762 990 1024 1046 conversi
1085 995 1221 1044 sunt
1278 990 1345 1044 ad
1408 990 1585 1045 vitam
1653 989 2054 1046 monasticam.

415 1086 560 1137 Nam
593 1097 723 1136 cum
759 1080 815 1134 in
847 1077 1019 1134 malis
1069 1078 1252 1134 solers
1301 1079 1376 1134 sit
1422 1077 1712 1150 diabolus,
1741 1079 1907 1150 juxta
1956 1078 2059 1134 ho-

417 1172 642 1226 minum
676 1168 931 1226 indolem
965 1168 1204 1240 laqueos
1228 1167 1486 1239 subjicit.
1508 1167 1870 1234 Quibusdam
1901 1167 2058 1222 enim

414 1260 652 1316 assidue
719 1260 900 1314 instat
976 1275 1076 1330 per
1148 1257 1572 1329 desperationis
1628 1257 2055 1325 tentationem;

414 1349 559 1406 alios
617 1366 718 1420 per
772 1365 934 1403 vanas
989 1345 1180 1419 gloria.-
1238 1345 1572 1417 cupidinem
1647 1345 1841 1412 trahit,
1913 1344 2059 1400 alios

411 1456 516 1510 per
571 1437 829 1510 pecuniis
887 1435 1266 1507 cupiditatem
1327 1433 1541 1490 obruit.
1611 1437 1802 1505 Atque
1872 1434 2060 1488 instar

405 1526 658 1582 letbiferi
697 1527 900 1582 medici
950 1525 1290 1581 hominibus
1321 1527 1605 1579 venenata
1653 1523 1821 1578 offert
1875 1523 2057 1577 medi-

407 1622 694 1671 camenta.
731 1619 904 1685 Atque
954 1614 1112 1668 hunc
1171 1613 1408 1683 quidem
1458 1629 1525 1667 ex
1570 1613 1765 1682 jecore
1824 1610 2055 1682 occidit,

404 1705 684 1762 olferrens
715 1704 797 1759 illi
829 1701 1170 1776 cupiditatis
1224 1701 1480 1756 toxicum
1528 1717 1539 1754 :
1577 1699 1757 1754 alium
1790 1699 1846 1754 in
1882 1700 2057 1755 corde

402 1795 692 1866 vulnerat,
736 1795 1001 1850 animum
1041 1793 1167 1862 ejus
1209 1792 1280 1846 ad
1325 1790 1468 1846 iram
1510 1790 1810 1846 concitans
1854 1807 1866 1845 :
1910 1806 2053 1862 quo-

403 1887 673 1941 rumdam
735 1902 866 1940 vero
927 1882 1248 1953 principem
1315 1879 1494 1935 animi
1556 1882 1780 1951 partem
1841 1879 2054 1934 obtun-

399 1974 501 2043 dit,
537 1980 638 2029 aut
668 1973 996 2046 ignorantia
1029 1970 1347 2041 involvens,
1380 1973 1482 2024 aut
1521 1985 1625 2040 per
1654 1967 2051 2024 curiositatem

397 2068 686 2120 evertens.

475 2159 564 2211 86.
618 2153 913 2218 Quosdam
971 2149 1152 2222 igitur
1207 2164 1308 2219 per
1366 2147 1594 2220 ineptas
1651 2152 1708 2202 et
1765 2146 2051 2202 absurdae

397 2245 749 2320 quaestiones
800 2237 1160 2295 subornavit.
1211 2237 1377 2302 Nam,
1411 2253 1541 2291 cum
1576 2233 1788 2290 vellent
1833 2235 1903 2290 de
1935 2235 2050 2290 Deo

393 2338 666 2407 illiusque
708 2339 916 2387 natura
959 2328 1305 2399 disceptare,
1341 2324 1710 2398 naufragium
1764 2325 2046 2379 fecerunt.

396 2429 540 2483 Cum
573 2423 727 2480 enim
759 2419 933 2475 vitam
958 2416 1206 2472 actionis
1227 2415 1552 2470 studiosam
1579 2430 1691 2468 non
1717 2428 2048 2484 congruen-

397 2521 486 2570 ter
537 2513 776 2576 inirent,
828 2509 898 2564 ad
951 2503 1503 2576 contemplationem
1554 2501 1950 2575 prosilierunt,
1980 2517 2046 2556 ac

395 2602 679 2674 vertigine
720 2594 969 2665 correpti
1017 2593 1419 2649 conciderunt.
1455 2591 1736 2662 Quodque
1788 2589 2043 2662 primum

395 2691 598 2746 ordine
645 2693 733 2744 est
783 2703 895 2742 non
951 2680 1224 2748 assecuti,
1273 2698 1306 2736 ει
1359 2680 1616 2736 secundo
1676 2679 2024 2734 aberrarunt

393 2778 901 2848 Quemadmodum
951 2773 1051 2844 qui
1104 2770 1380 2826 litteram.
1412 2772 1453 2824 Λ
1484 2769 1821 2838 edocentur,
1855 2767 2044 2840 primo

395 2871 528 2942 ejus
560 2870 809 2941 ﬁguram
843 2862 1238 2924 considerant,
1263 2859 1520 2916 secundo
1541 2875 1750 2913 nomen
1785 2856 2042 2928 discunt,

394 2966 452 3015 et
481 2959 564 3015 sic
599 2971 931 3020 numerum,
982 2955 1302 3024 posteaque
1353 2951 1647 3004 accentus.
1698 2947 1755 3002 Si
1806 2961 1943 3018 ergo
1981 2945 2041 3001 in

399 3049 589 3120 primo
621 3045 909 3102 elemento
942 3045 1105 3096 tanta
1136 3056 1284 3110 opus
1315 3043 1405 3092 est
1435 3035 2044 3101 exercitatione,mora

396 3142 452 3192 et
512 3141 686 3202 arte;
737 3132 972 3204 quando
1032 3129 1220 3201 magis
1277 3127 1448 3182 debet
1500 3130 1733 3196 tempus
1778 3129 1834 3180 et
1879 3123 2044 3179 labor

2175 543 2262 598 θὸν
2292 544 2464 600 αὐτῶν
2500 544 2702 621 δρόμον
2737 547 2960 620 ἐκκόψαι
3016 547 3368 622 βουλόμενος.
3428 555 3534 606 Κατ’
3583 552 3728 611 ἔννοιαν

2173 631 2274 708 γάρ
2308 630 2597 704 ἐμϐάλλει,
2632 637 2705 697 ὡς
2733 636 2819 690 καὶ
2850 637 2912 690 τὸ
2943 634 2998 690 εὖ
3029 638 3280 711 πράττειν
3329 641 3462 713 παρὰ
3503 649 3586 709 τῆς
3625 649 3733 715 κινή-

2173 742 2306 784 σεως
2336 729 2443 778 τῶν
2475 725 2683 797 ἄστρων
2716 725 2937 801 γίνεται,
2987 729 3183 780 Τοῦτον
3237 725 3292 780 δὲ
3330 729 3416 781 τὸν
3468 728 3681 804 λογισμὸν
3711 735 3728 787 ὁ

2172 806 2406 872 ἐναντίος
2464 811 2722 887 προσάγει
2781 817 2895 872 τοῖς
2953 811 3011 866 ἐκ
3062 814 3250 889 copia:
3297 823 3547 886 κοσμικῆς
3574 816 3729 874 initia

2175 900 2388 974 μονήρη
2444 901 2559 974 βίον
2609 907 2882 976 τραπεῖσι·
2931 902 3197 977 φρόνιμος
3247 903 3347 978 γάρ
3376 903 3424 957 ἐν
3468 911 3568 965 τοῖς
3593 916 3734 970 κακοῖς

2168 987 2455 1062 τυγχάνων
2490 990 2517 1042 ὁ
2550 985 2832 1058 διάϐολος,
2865 992 2998 1063 πρὸς
3033 992 3126 1050 τάς
3158 989 3339 1067 φύσεις
3369 997 3468 1045 τῶν
3499 993 3733 1069 ἀνθρώπων

2167 1075 2263 1139 τὰς
2294 1075 2527 1153 παγίδας
2560 1079 2862 1150 ὑποτίθησι.
2896 1085 3022 1140 Τοῖς
3055 1080 3148 1152 μὶν
3179 1081 3281 1154 γάρ
3325 1078 3411 1134 διὰ
3436 1089 3526 1150 τῆς
3551 1085 3738 1158 dno-pui-

2170 1187 2305 1228 σεως
2333 1163 2628 1244 ἐνδελεχεῖ·
2659 1169 2807 1230 τινάς
2841 1165 2898 1223 δὲ
2927 1164 3016 1222 διά
3044 1175 3142 1237 τῆς
3187 1167 3483 1240 κενοδοξίας
3523 1170 3737 1242 καθέλκιι,

2168 1254 2256 1309 καῖ
2323 1256 2537 1331 ἑτέρους
2607 1255 2697 1312 διὸ⁵
2772 1264 2873 1327 τῆς
2950 1255 3399 1335 φιλοχρηματίας
3467 1260 3738 1333 κατορύττει.

2167 1349 2368 1422 Ὥσπερ
2397 1348 2498 1423 γάρ
2529 1348 2896 1426 θανατηφόρος
2927 1347 3108 1423 ἰατρὸς
3146 1350 3404 1424 προσάγει
3454 1355 3558 1410 τοῖς
3586 1349 3744 1422 ἀνθρώ-

2167 1455 2292 1496 ποις
2322 1438 2388 1490 τά
2415 1433 2748 1513 δηλητήρια·
2781 1437 2868 1492 καὶ
2900 1438 2990 1491 τὸν
3026 1437 3119 1510 μὲν
3153 1436 3212 1491 ἐκ
3238 1441 3336 1491 τοῦ
3365 1443 3558 1506 ἥπατος
3586 1440 3742 1512 ἀναιριὶ

2165 1521 2452 1600 προσάγων
2487 1524 2633 1597 αύτῷ
2661 1526 2724 1580 τὸ
2753 1533 2850 1595 τῆς
2898 1525 3189 1598 ἐπιθυμίας
3237 1526 3466 1598 τοξικόν·
3514 1525 3655 1582 ἄλλον
3703 1525 3744 1583 δὶ

2165 1611 2562 1687 καρδιότρωτον
2585 1619 2752 1681 ποιεῖ,
2784 1617 2873 1669 τὸν
2909 1615 3078 1688 θυμὸν
3104 1615 3269 1669 αὐτοῦ
3290 1615 3424 1689 πρὸς
3457 1614 3608 1690 ὀργὴν
3631 1615 3744 1688 ἐξάπ-

2162 1722 2293 1756 των·
2343 1706 2504 1756 τινῶν
2551 1699 2609 1756 δὲ
2637 1704 2726 1757 καὶ
2755 1705 2854 1772 τὴν
2890 1704 3229 1779 ἡγεμονικήν
3258 1698 3519 1776 ἀμϐλύνει
3545 1701 3742 1777 δύναμιν,

2163 1792 2197 1859 ἧ
2231 1790 2418 1867 ἀγνοίᾳ
2451 1790 2643 1854 αὐτοὺς
2674 1787 3047 1869 περιϐάλλων,
3080 1794 3114 1862 ἢ
3147 1789 3235 1846 διὰ
3266 1792 3565 1868 περιεργίας
3594 1792 3746 1855 αὐτοὺς

2164 1875 2461 1956 στρεϐλῶν.

2229 2151 2318 2205 86.
2351 2150 2507 2211 Τινὰς
2563 2148 2653 2204 οὖν
2708 2149 2766 2204 ἐκ
2811 2151 3087 2220 ζητήσεων
3147 2148 3248 2204 οὐκ
3281 2149 3450 2226 ὀρθῶν
3481 2150 3748 2226 παρέτρεφε.

2159 2238 2289 2312 Περὶ
2349 2240 2449 2314 γὰρ
2500 2243 2631 2293 Θεοῦ
2675 2238 2765 2293 καὶ
2796 2245 2894 2307 τῆς
2925 2237 3087 2293 αὐτοῦ
3118 2237 3304 2298 οὖσίας
3335 2233 3597 2293 διαλαϐεῖν
3623 2241 3748 2307 θελή-

2157 2347 2360 2399 σαντες,
2420 2327 2771 2402 ἐναυάγησαν.
2829 2328 2927 2382 Τὸν
2986 2327 3089 2403 γάρ
3144 2328 3438 2403 πρακτικὸν
3501 2326 3605 2402 βίον
3651 2326 3749 2380 ἀκο-

2158 2415 2372 2480 λούθως
2434 2418 2508 2490 μὴ
2570 2418 2984 2492 ἡνιοχήσαντες,
3043 2417 3175 2493 πρὸς
3227 2417 3455 2492 θεωρίαν
3509 2413 3746 2491 ὥρμησαν,

2153 2505 2242 2560 καὶ
2290 2503 2692 2580 ἰλιγγιάσαντες
2747 2506 3083 2562 πεπτώκασι.
3139 2511 3245 2560 Τοῦ
3303 2507 3409 2581 γὰρ
3465 2506 3661 2580 πρώτου
3691 2505 3750 2565 ὡς

2153 2593 2290 2670 πρὸς
2322 2593 2420 2662 τήν
2452 2593 2596 2666 τάξιν
2633 2595 2707 2666 μὴ
2742 2587 3153 2666 ἐπιλαθόμενοι,
3193 2599 3295 2648 τοῦ
3344 2591 3586 2668 δεύτερον
3628 2592 3754 2661 ἠστό-

2153 2703 2352 2759 χησαν.
2398 2685 2600 2755 ’Ὠσπερ
2661 2683 2762 2758 γάρ
2816 2683 2867 2737 οἱ
2913 2687 2992 2754 τῷ
3041 2682 3184 2760 ἄλφα
3237 2683 3500 2758 στοιχείῳ
3535 2680 3748 2755 ἐντυγχά-

2153 2793 2354 2843 νοντες,
2385 2793 2424 2826 π
2451 2776 2623 2845 ρῶτον
2670 2771 2834 2826 αὐτοῦ
2874 2771 2938 2825 τὸ
2987 2779 3178 2847 σχῆμα
3209 2773 3404 2848 ὁρῶσι,
3435 2770 3522 2826 καὶ
3549 2768 3750 2844 δεύτερον

2151 2862 2214 2916 τὸ
2243 2856 2414 2934 ὄνομα
2465 2858 2829 2928 διδάσκονται,
2886 2859 2980 2915 καὶ
3009 2860 3178 2922 οὕτως
3210 2861 3301 2915 τὸν
3338 2860 3560 2934 ἀριθμὸν
3594 2861 3750 2931 μανθά-

2151 2972 2321 3021 νουσι,
2353 2949 2444 3005 καὶ
2475 2951 2536 3005 τὸ
2565 2955 2876 3005 τελευταῖον
2921 2949 3049 3012 τοὺς
3089 2949 3280 3012 τόνους
3332 2943 3751 3023 παραλαμϐάνου-

2151 3062 2253 3095 σιν.
2287 3039 2349 3096 Εἰ
2382 3039 2472 3095 οὖν
2508 3038 2595 3094 ἐπὶ
2623 3044 2719 3094 τοῦ
2769 3039 2991 3111 πρώτου
3041 3039 3319 3115 στοιχείου
3362 3039 3589 3106 τοσαύτη
3618 3037 3745 3112 χρεία

2149 3124 2342 3205 τριϐῆς
2371 3128 2460 3183 καὶ
2489 3129 2712 3204 τέχνης,
2746 3128 2899 3200 πόσῳ
2934 3125 3144 3201 μάλλον
3179 3127 3269 3182 ἐπὶ
3299 3131 3400 3182 τοῦ
3451 3128 3753 3200 Δημιουργοῦ

398 3225 620 3297 praeire,
672 3223 744 3278 ad
794 3217 1307 3289 contemplandam
1353 3213 1705 3270 ineffabilem
1755 3211 2038 3269 Creatoris

2157 3217 2359 3296 ὀιρείλει
2405 3217 2566 3280 πόνος
2616 3217 2705 3271 καὶ
2755 3217 2955 3292 χρόνος
3022 3219 3380 3292 προηγεῖσθαι
3431 3216 3504 3276 είς
3550 3217 3638 3282 τήν
3679 3218 3755 3266 τοῦ

393 3314 492 3384 qui
528 3309 874 3385 proponitur
903 3305 1190 3380 gloriam?
1219 3309 1290 3360 At
1321 3321 1391 3359 ne
1430 3303 1561 3376 quis
1591 3302 1840 3375 superbe
1871 3303 2042 3357 adeat

391 3401 539 3456 635
577 3397 906 3452 divinorum
938 3391 1543 3464 comprehensionem,
1594 3406 1662 3444 ex
1707 3389 2038 3460 disciplinis

391 3484 771 3542 saecularibus
803 3498 867 3537 eo
927 3480 1236 3552 profectus.
1274 3479 1326 3532 Is
1363 3495 1612 3549 namque
1643 3494 1770 3532 sese
1801 3476 2035 3548 decipit,

391 3574 605 3630 illusus
637 3591 671 3628 a
698 3573 978 3628 daemone.
1012 3569 1106 3624 Ait
1135 3567 1290 3622 enim
1321 3566 1633 3622 Psalmista
1667 3584 1679 3621 :
1713 3568 1796 3620 Ex
1824 3581 1918 3620 ore
1948 3566 2036 3619 in-

387 3667 633 3737 fantium
663 3668 712 3719 et
747 3662 1062 3718 luctantium
1090 3660 1369 3730 perfeci.in
1413 3657 1627 3712 laudem
1658 3658 1720 3711 ‘5.
1755 3657 2038 3711 Dominus

388 3771 623 3826 quoque
672 3755 728 3808 in
779 3748 1090 3822 Evangelio
1140 3749 1222 3803 sic
1271 3747 1577 3820 loquitur:
1626 3746 1802 3801 Sinite
1843 3761 2039 3814 pueros

388 3848 578 3901 venire
605 3843 675 3900 ad
704 3859 792 3898 me
820 3861 839 3896 :
871 3841 1076 3895 talium
1107 3841 1187 3892 est
1217 3839 1366 3892 enim
1396 3853 1627 3907 regnum
1676 3837 1934 3891 calorum
1971 3836 2034 3889 ⁵⁷.

388 3935 455 3989 Et
484 3934 597 3990 alio
629 3933 754 3988 loco
789 3949 800 3985 :
837 3931 978 3998 Nisi,
1010 3927 1223 4000 inquit,
1258 3926 1585 3998 efﬁcz’ammi
1629 3927 1771 3980 sicut
1817 3925 2038 3996 parvuli

389 4026 504 4095 isti,
536 4039 645 4079 non
677 4021 958 4078 z'ntrabitis
989 4021 1048 4073 in
1102 4033 1334 4086 regnum
1383 4016 1639 4070 caelorum
1669 4014 1732 4068 ⁸⁸.
1781 4015 1878 4068 l-lis
1903 4011 2032 4068 ern-

385 4112 542 4168 ditus
577 4111 737 4167 fuisti
770 4113 1004 4181 prOpter
1038 4106 1362 4172 mundum;
1397 4103 1616 4159 stultus
1668 4103 1772 4157 tias
1802 4106 2039 4174 prOpter

385 4201 568 4256 Deum
604 4219 614 4256 :
649 4199 827 4256 evelle
859 4203 1069 4263 vetera,
1108 4201 1170 4250 ut
1203 4193 1432 4266 plantes
1482 4210 1648 4248 nova.
1695 4192 1868 4247 Dirue
1918 4192 2035 4245 rui-

386 4307 528 4346 nosa
557 4289 956 4353 fundamenta,
993 4290 1056 4340 ut
1106 4282 1545 4338 adamantinani
1602 4280 1827 4336 Domini
1866 4279 2034 4334 basin

384 4378 752 4446 substituas;
789 4381 850 4432 ul
883 4379 965 4442 tu,
987 4371 1491 4445 quemadmodum
1523 4369 1864 4442 Apostolus,
1899 4369 2037 4423 mdi-

385 4468 574 4523 t’iceris
605 4485 781 4540 supra
815 4466 1044 4520 firmam
1077 4467 1322 4533 petram.

453 4647 543 4702 87.
579 4645 780 4717 Neque
808 4659 939 4698 vero
974 4640 1404 4697 contentiosum
1432 4655 1560 4695 esse
1584 4642 1845 4710 oportet:
1874 4653 1943 4693 ne
1965 4637 2037 4694 ob

384 4735 724 4792 afﬂuentem
773 4733 1050 4804 loquendi
1084 4730 1416 4784 facultatem
1471 4727 1721 4782 multum
1755 4727 2036 4799 temporis

383 4825 635 4881 insume.
671 4828 813 4878 Nam
849 4838 950 4893 per
980 4817 1454 4891 intempestivam
1499 4815 1898 4887 garrulitatem
1934 4815 2034 4872 lae-

382 4915 519 4969 dere
544 4918 597 4968 te
620 4916 808 4984 potest
831 4907 1334 4965 diabolusMullis
1357 4907 1686 4960 instructus
1705 4905 1924 4974 laqueis
1945 4909 2036 4960 est

382 5009 582 5075 utpote
597 5000 988 5073 peritissimus
1025 5003 1284 5052 venator.
1307 4996 1374 5050 Et
1393 4994 1630 5066 quidem
1655 4994 2030 5065 passerculis,

385 5093 660 5148 minimas
683 5095 848 5162 parat
872 5087 1196 5144 tendiculas
1217 5104 1227 5140 :
1249 5084 1565 5152 majoribus
1581 5089 1773 5138 autern
1803 5084 2030 5151 avibus;

383 5182 652 5239 fortiores
675 5181 920 5236 adornat
941 5177 1201 5248 laqueos.
1220 5179 1394 5229 Atrox
1421 5173 1770 5244 letbiferque
1787 5172 2031 5244 laqueus

380 5280 489 5341 est,
521 5270 719 5344 genesi
751 5270 964 5324 habere
995 5266 1191 5319 ﬁdem.
1228 5262 1524 5332 Fugienda
1555 5279 1684 5332 quae
1713 5278 1779 5316 eo
1812 5268 2034 5334 spectat

379 5363 672 5434 cogitatio.
697 5361 805 5416 Sed
828 5358 1142 5431 persuadet
1163 5361 1218 5408 te
1239 5369 1342 5424 per
1362 5369 1454 5407 res
1478 5353 1637 5424 ipsas
1661 5357 1718 5407 et
1742 5371 1844 5424 per
1866 5370 2031 5408 even-

376 5459 548 5507 tuum
584 5448 1006 5521 praascientiam
1029 5445 1056 5498 ?
1085 5445 1155 5498 At
1184 5441 1600 5513 conjecturalis
1629 5446 1720 5497 est
1753 5442 1924 5513 ratio,
1947 5443 2033 5497 in-

449 5667 493 5703 “
524 5663 678 5722 Psal.
707 5678 831 5730 vm,
862 5663 916 5720 3.
992 5661 1034 5695 ὐτ
1067 5659 1206 5714 Luc.
1241 5673 1400 5726 xvm,
1435 5657 1520 5712 t6.

2149 3307 2466 3380 ἀξιουμένου
2523 3306 2748 3382 Θεωρίαν
2802 3313 2901 3376 τῆς
2962 3307 3329 3383 ἀνεκφράστου
3391 3304 3582 3376 δόξηςς
3640 3302 3755 3356 ἀλλὰ

2153 3397 2226 3469 μή
2279 3418 2361 3457 τις
2410 3395 2686 3471 γαυριάτω
2733 3395 2868 3470 πρὸς
2913 3393 3217 3468 κατάληψιν
3265 3399 3374 3448 τῶν
3410 3395 3560 3457 θείων
3592 3392 3643 3447 ὲκ
3668 3395 3752 3444 τῶν

2147 3481 2334 3555 ἔξωθεν
2365 3485 2698 3556 μαθημάτων
2747 3483 3091 3558 ὁρμώμενος.
3145 3488 3473 3555 Φρεναπατᾷ
3515 3482 3608 3558 γάρ
3659 3481 3749 3533 ἓω-

2144 3574 2236 3628 τὸν
2267 3575 2294 3628 ὁ
2325 3577 2594 3642 τοιοῦτος,
2629 3573 2730 3627 ὑπὸ
2759 3577 2856 3626 τοῦ
2887 3569 3139 3644 δαίμονος
3179 3573 3589 3649 φανταζόμενος.
3636 3567 3753 3635 Φησῖ

2146 3663 2250 3738 γὰρ
2308 3664 2335 3716 ὁ
2381 3660 2680 3735 Ὑμνῳδός.
2761 3663 2851 3716 Ἐκ
2924 3666 3020 3715 τοῦ
3090 3661 3363 3733 στόματος
3434 3661 3632 3730 νηπίων
3683 3656 3752 3709 καί

2149 3751 2491 3821 θηλαζόντων
2541 3751 2851 3824 κατηρτίσω
2907 3750 3076 3806 αἶνον.
3137 3751 3236 3803 Καὶ
3286 3751 3314 3804 ὁ
3379 3749 3569 3824 Κύριος

2145 3844 2224 3911 τῷ
2283 3837 2598 3915 Εὐαγγελίῳ
2680 3841 2874 3916 Ἄφετε
2925 3839 2992 3893 τά
3038 3835 3225 3892 παιδία
3283 3837 3461 3902 ἐλθεῖν
3521 3839 3644 3911 πρὸς
3687 3834 3752 3904 με·

2145 3933 2253 3983 τῶν
2305 3930 2406 4004 γάρ
2461 3927 2723 3982 τοιούτων
2787 3927 2926 3982 ἐστὶν
2986 3929 3020 3996 ἡ
3079 3926 3330 4002 βασιλεία
3377 3931 3486 3980 τῶν
3519 3925 3748 3996 οὐρανῶν.

2148 4018 2245 4072 Καὶ
2307 4015 2558 4093 ἀλλαχοῦ
2609 4037 2791 4094 φησιν’
2854 4017 2973 4070 Ἐάν
3039 4017 3113 4089 μή
3174 4013 3407 4089 γένησθε
3455 4016 3527 4075 ὡς
3573 4015 3632 4066 τά
3658 4032 3755 4063 παι·

2151 4104 2198 4126 ευ
2324 4106 2336 4124 ν
2424 4107 2444 4134 .~
2576 4105 2594 4136 ι
2674 4128 2682 4133 .
2836 4104 2848 4122 τ
2960 4106 2972 4120 ι
3223 4105 3266 4136 ,ν
3411 4109 3437 4119 -
3571 4103 3582 4118 ’
3689 4105 3707 4113 -

2148 4121 2253 4177 οια,
2283 4127 2343 4160 ου
2378 4128 2453 4178 μη
2491 4104 2768 4175 εἰσελθητε
2809 4126 2882 4166 εις
2915 4126 3014 4173 την
3054 4104 3333 4180 βασιλειαν
3369 4125 3479 4159 των
3532 4121 3758 4178 ουρανων.

2145 4200 2319 4250 Ταῦτα
2351 4192 2669 4265 ἐπαιδεύθης
2704 4192 2791 4248 διὰ
2833 4195 2924 4248 τὸν
2975 4193 3199 4264 κόσμον·
3258 4195 3448 4269 μωρὸς
3493 4196 3646 4266 γε.νοῦ
3694 4187 3763 4242 διὲ

2144 4285 2235 4338 τὸν
2267 4283 2411 4338 Θεόνο
2442 4279 2669 4356 ἔκκοψον
2702 4284 2767 4337 τά
2793 4280 3022 4351 παλαιά,
3049 4280 3238 4336 ’ίνανέα
3262 4279 3671 4360 epota-Sanctae:
3692 4297 3760 4331 :1-

2145 4373 2304 4449 θροῦς
2335 4371 2620 4446 θεμελίους
2671 4371 2886 4444 κάθελε,
2927 4370 3020 4426 ’ἱνα
3049 4375 3144 4440 τήν
3171 4369 3535 4444 ἀδαμάντινον
3566 4375 3651 4425 τοῦ
3679 4370 3762 4424 Kac

2150 4461 2270 4536 ρίου
2305 4460 2454 4536 βάσιν
2507 4461 2720 4535 ἐπιθῇς·
2769 4459 2861 4515 ’ίνα
2892 4461 2980 4515 καὶ
3010 4459 3070 4514 σὺ
3102 4460 3175 4521 ὡς
3210 4457 3551 4520 Ἀπόστολος
3581 4456 3656 4513 ἐπὶ
3684 4455 3760 4522 τήν

3623 3745 3672 3800 8‘s
3713 3745 3749 3798 ἐν

2149 4551 2362 4626 στερεὰν
2392 4548 2585 4624 πέτραν
2629 4547 3017 4624 οίκοδομηθῇς.

2217 4641 2306 4693 87.
2343 4638 2418 4695 Οὐ
2454 4636 2535 4693 δεῖ
2578 4638 2668 4694 οὖν
2721 4638 3025 4716 φιλόνεικον
3081 4638 3231 4692 εἶναι’
3288 4635 3380 4690 διά
3420 4639 3518 4704 τὴν
3551 4631 3762 4688 πολυλο-

2147 4727 2266 4803 γίαν
2306 4730 2381 4800 μὴ
2416 4727 2600 4784 πολλὰ
2634 4727 2976 4803 ἆσχοληθῇς.
3013 4727 3110 4781 Καὶ
3157 4727 3258 4802 γάρ
3291 4723 3383 4780 διά
3433 4733 3531 4794 τῆς
3573 4723 3762 4795 ἀκαίρου

2145 4814 2410 4894 φλυαρίας
2463 4813 2679 4870 δύναται
2738 4814 2995 4891 βλάπτειν
3047 4815 3073 4868 ὁ
3106 4809 3386 4875 διάϐολος.
3426 4812 3637 4870 Πολλὰς
3679 4808 3760 4881 γὶρ

2145 4903 2260 4980 ἔχει
2309 4902 2560 4981 παγίδας,
2613 4905 2698 4959 καὶ
2751 4903 2921 4966 δεινός
2967 4905 3074 4959 ἐστι
3109 4907 3400 4978 θηρευτήςο
3434 4903 3656 4961 καὶτοῖς
3687 4898 3758 4970 μὲν

2148 4996 2511 5072 βραχυτάτοις
2559 4996 2864 5072 στρουθίοις
2918 4997 3085 5071 μικρά
3111 4993 3288 5064 τίθησι
3321 4991 3616 5048 σκάνδαλα·
3669 4993 3760 5045 τοῖς

2145 5082 2201 5140 δὲ
2257 5083 2515 5160 μεγάλοις
2568 5083 2776 5160 ὀρνέοις
2828 5083 3086 5160 ἴσχυρνὺς
3141 5083 3463 5158 εὐτρεπίζει,
3510 5081 3628 5141 τοὺς
3660 5077 3761 5152 βρέιο

2142 5195 2296 5251 χους.
2359 5172 2529 5249 Βαρῦς
2586 5174 2675 5228 καὶ
2734 5173 3105 5250 θανατηφόρος
3166 5171 3273 5227 ἐστὶ
3333 5171 3549 5246 βρόχος
3597 5169 3652 5220 τὸ
3692 5187 3757 5217 :2-

2141 5263 2344 5318 στεύειν
2374 5264 2504 5316 εἶναι
2535 5262 2758 5338 γένεσιν.
2815 5268 3109 5322 Φευκταῖος
3159 5262 3187 5314 ὁ
3235 5261 3374 5334 πρὸς
3425 5264 3586 5314 τοῦτο
3638 5255 3761 5327 λογι-

2142 5352 2302 5425 σμός.
2345 5350 2521 5406 ’Λλλὰ
2569 5349 2740 5406 πείθει
2795 5371 2851 5406 σε
2892 5348 2980 5404 διά
3031 5349 3363 5426 πραγμάτων
3412 5349 3503 5404 καὶ
3555 5342 3759 5421 προγνώ-

2143 5459 2318 5509 σεων;
2382 5439 2752 5516 Στοχαστικὸς
2807 5441 2835 5494 ὁ
2892 5439 3115 5514 τρόπος·
3178 5432 3434 5499 ἀϐέϐαιος
3492 5440 3526 5506 ἡ
3574 5432 3758 5512 γνώμη.

1604 5656 1648 5692 ⁴⁸
1679 5655 1886 5714 Matth.
1917 5673 2077 5731 xvm,
2108 5659 2162 5715 3.
