4002 6206
162 276 296 336 1541

1287 272 1474 336 νιΤΑ
1519 272 1848 335 SANCTE
1892 271 2422 334 SYNCLETlC/E.

3396 281 3550 342 1542

155 404 280 460 Ούδὶ
305 406 408 480 γὰρ
441 404 746 480 ἀναγκαίως
781 405 1072 469 ἀκολουθεῖ
1097 407 1164 460 τὰ
1220 407 1346 477 παρ’
1403 404 1578 458 άὺτῶν
1633 403 1788 478 λεγό-

1917 408 2077 460 lirma
2122 406 2395 476 cognitio.
2430 405 2626 477 Neque
2673 407 2830 463 enim
2892 411 3220 465 necessario
3277 414 3552 470 eveniunt

159 513 301 568 μενα·
337 493 516 571 ὣσπερ
547 494 648 570 γὰρ
677 501 791 556 τοῖς
819 493 1061 556 ἴδιώταις
1099 494 1187 549 καὶ
1241 500 1356 555 τοῖς
1406 491 1680 552 ναυτίλοις
1733 491 1792 546 ἐκ

153 587 242 652 τῆς
293 588 400 638 τῶν
450 588 624 660 νεφῶν
684 581 957 654 ἷδιότητός
1019 583 1128 638 ἐστί
1177 604 1260 644 τις
1325 579 1542 658 ἀμυδρά
1593 585 1788 657 γνῶσις

155 671 358 744 ἀνέμων
385 673 420 742 ἢ
454 674 640 727 ὑετῶν·
672 672 814 728 οὕτω
844 673 1058 735 τούτοις
1111 673 1171 726 ὲκ
1220 669 1494 744 δαιμόνων
1545 673 1577 738 ἡ
1627 668 1793 744 σαθρὰ

152 761 465 836 πρόγνωσις.
502 761 598 816 Καὶ
631 766 760 836 γοῦν
790 783 910 816 τινα
962 761 1051 816 καὶ
1099 759 1251 815 αὐτοὶ
1312 759 1529 835 λέγουσι
1588 777 1791 832 στοχα-

152 854 364 914 πικῶς,
427 851 499 912 ὡς
560 853 646 905 καὶ
708 851 758 903 οἱ
817 849 1257 926 ἐγγαστρίμυθοι·
1317 847 1407 903 καὶ
1458 852 1618 901 τοῦτο
1651 844 1695 900 δ’
1730 845 1788 898 ἂν

150 938 319 992 αὑτῶν
359 939 570 1012 μᾶλλον
605 937 947 994 διασκεδάσαι
979 937 1234 1008 δυνηθείη
1266 939 1365 1006 τήν
1413 936 1624 1015 φαύλην
1678 933 1792 988 διά-

146 1050 313 1083 νοιαν·
377 1029 422 1084 εἰ
488 1030 591 1105 γὶρ
669 1028 729 1083 ἐκ
783 1026 1057 1101 δαιμόνων
1117 1029 1171 1082 αἱ
1229 1026 1582 1102 στοχαστιιιαὶ
1642 1026 1797 1079 αὑται

149 1115 498 1194 ψευδολογίαι
556 1118 902 1188 συνέστησαν,
967 1117 1166 1190 ματαία
1218 1121 1324 1171 τῶν
1374 1115 1720 1194 ψηφιζὸντων
1761 1115 1796 1182 ἡ

147 1206 274 1282 τίχν
283 1230 314 1278 η
327 1253 338 1264 .

215 1299 308 1354 88.
339 1295 403 1354 Εἰ
437 1294 493 1352 δὶ
524 1295 609 1350 ἐπὶ
658 1294 850 1350 πλεῖον
900 1293 1176 1370 ἐνδελεχεῖ
1224 1295 1343 1369 περὶ
1378 1293 1551 1347 αὐτῶν
1589 1289 1794 1346 δικατο-

148 1383 486 1462 λογούμενος
516 1387 544 1440 ὁ
577 1385 798 1461 ἐχθρὸς,
832 1384 891 1439 ἐκ
919 1383 1114 1438 τούτου
1143 1383 1301 1438 αὑτὸν
1322 1380 1586 1456 ἐλέγξεις,
1620 1379 1678 1434 ἐκ
1703 1383 1800 1434 τοῦ

149 1473 353 1529 ἄλλοτε
383 1474 577 1536 ἄλλοις
613 1473 902 1549 λογισμοῖς
932 1477 1000 1547 τῇ
1032 1476 1187 1548 ψυχῇ
1240 1471 1526 1545 πολεμεῖν.
1573 1471 1641 1524 Τὸ
1698 1469 1800 1542 γὰρ

147 1561 376 1618 ἔπαυον
436 1557 711 1617 ἀϐέϐαιον
771 1563 834 1616 τὸ
883 1559 940 1617 δὶ
995 1555 1248 1616 ἀϐέϐαιον
1302 1559 1574 1620 ἀπωλείας
1623 1557 1802 1634 ἐγγύς,

148 1650 293 1709 Ούδὶ
349 1653 452 1728 γὰρ
497 1655 567 1725 τῇ
617 1651 809 1726 πρώτῃ
854 1651 1020 1705 αὑτοῦ
1066 1649 1228 1720 κακίᾳ
1277 1649 1584 1724 ἐπαρκεῖται
1630 1647 1656 1700 ὁ
1689 1643 1804 1700 διά·

154 1737 350 1802 ϐολος”
376 1738 520 1795 ἀλλὰ
550 1761 612 1814 γε
641 1741 728 1794 καὶ
754 1739 1160 1812 αὐτοματισμὸν
1193 1731 1492 1792 ὑποϐάλλει
1525 1741 1591 1809 τῇ
1624 1738 1799 1809 ψυχῇ⁸

147 1831 235 1885 καὶ
276 1829 432 1892 ἄνθος
493 1829 702 1907 φύσεως
763 1829 856 1884 τὸν
915 1827 1158 1903 ἡγεμόνα
1213 1829 1372 1898 ἡμῶν
1413 1830 1534 1879 νοῦν
1565 1823 1798 1899 ὑπογρά-

156 1940 266 1997 φει·
301 1919 386 1972 καξ
428 1919 532 1985 ὃτι,
569 1915 931 1989 διαλυομένου
969 1921 1065 1970 τοῦ
1099 1916 1370 1987 σώματος,
1420 1912 1800 1990 συμφθείρεται

163 2007 258 2062 καὶ
294 2011 328 2077 ἡ
360 2009 535 2082 ψυχή.
569 2006 744 2060 Ταῦτα
785 2003 840 2059 δὲ
871 2007 1006 2076 ἡμῖν
1039 2004 1211 2059 πάντα
1244 1998 1542 2058 ὑποϐάλλει
1575 2002 1709 2075 πρὸς
1740 2001 1802 2055 τὸ

151 2096 386 2170 ἀμελείᾳ
426 2097 526 2165 τὴν
577 2096 760 2170 ψυχὴν
817 2091 1141 2171 διαφθεῖραι.
1203 2089 1377 2149 Ἀλλά
1434 2091 1801 2165 προσγινομέ-

145 2207 258 2240 νων
293 2185 497 2240 τούτων
526 2189 634 2238 τῶν
669 2181 914 2238 σκιωδῶν
948 2183 1359 2261 φαντασμάτων,
1413 2182 1488 2253 μὴ
1539 2180 1614 2242 ὡς
1664 2178 1802 2249 ἀλη-

151 2276 302 2338 θέσιν
362 2275 545 2336 αὐτοῖς
597 2273 934 2345 συνθώμεθα.
995 2276 1168 2326 Ταῦτα
1219 2272 1320 2345 γάρ
1372 2270 1546 2324 αὑτῶν
1579 2269 1676 2336 τὴν
1705 2288 1800 2321 κα-

150 2365 280 2418 κίαν
339 2361 622 2428 δείκνυσιν,
680 2360 887 2416 ἄλλοτε
947 2358 1132 2422 ἄλλως
1207 2358 1642 2435 προσερχόμενοι,
1712 2356 1802 2411 καὶ

151 2453 296 2530 ῥιπῇ
330 2451 619 2524 ὀφθαλμοῦ
649 2451 1013 2529 ἀφιπτάμενα.
1048 2450 1142 2503 Ι(αὲ
1173 2453 1301 2525 γοῦν
1335 2445 1457 2502 οἶδά
1500 2467 1616 2501 τινα
1669 2450 1802 2500 Θεοῦ

148 2539 354 2597 δοῦλον
413 2541 530 2596 κατ’
579 2540 774 2615 ἀρετὴν
841 2540 1083 2615 βιοῦντα,
1133 2534 1297 2602 ὅστις,
1360 2537 1720 2608 καθεζόμενος
1753 2534 1804 2588 ἐν

145 2633 227 2704 τῷ
292 2628 526 2702 κελλίῳ,
584 2628 835 2698 ἐπετήρει
900 2632 1008 2682 τῶν
1077 2625 1361 2700 λογισμῶν
1429 2625 1524 2686 τὰς
1583 2644 1802 2694 παρεισ-

145 2720 389 2796 αγωγάς,
422 2720 511 2772 καὶ
561 2717 773 2792 ἐμέτρει
806 2723 961 2778 ποῖος
994 2721 1230 2792 πρῶτος,
1279 2715 1366 2769 καὶ
1414 2719 1572 2776 ποῖος
1624 2712 1800 2767 δεύτε-

145 2830 273 2884 ρος,
317 2808 402 2862 καὶ
459 2805 688 2869 ἕκαστος
739 2805 915 2861 αὐτῶν
967 2805 1132 2860 πόσον
1184 2804 1380 2880 χρόνον
1432 2808 1669 2878 κατεῖχε
1714 2802 1802 2856 καὶ

146 2899 192 2954 εἶ
231 2899 525 2972 ὑστέρησεν
559 2897 591 2966 ἢ
621 2895 953 2972 προέφθασεν
992 2901 1091 2963 τῆς
1144 2892 1522 2968 παρελθούσης
1570 2891 1800 2967 ἡμέρας·

145 2987 333 3048 οὕτως
387 2981 623 3058 ἀκριϐῶς
674 2985 939 3054 ἠπίστατο
986 2985 1083 3054 τήν
1133 3003 1190 3037 τε
1237 2986 1332 3036 τοῦ
1359 2986 1490 3036 Θεοῦ
1523 2981 1682 3056 χάριν
1715 2980 1802 3035 καὶ

132 3077 238 3144 τὴν
307 3075 508 3130 οἰκείαν
566 3073 847 3150 καρτερίαν
902 3094 961 3127 τε
1016 3073 1104 3127 καὶ
1165 3069 1414 3142 δύναμινο
1463 3069 1539 3124 ἔτι
1572 3091 1634 3143 γε
1695 3071 1801 3142 μὴν

133 3166 226 3220 καὶ
267 3166 368 3232 τήν
401 3167 497 3218 τοῦ
525 3162 727 3239 ἰχθροῦ
758 3161 1082 3237 καθαίρεσιν.

210 3346 310 3399 89.
349 3351 474 3396 Δεον
503 3341 596 3396 οῦν
625 3343 773 3413 ἡμᾶς
803 3339 1032 3400 τούτους
1071 3339 1196 3400 τοὺς
1256 3337 1484 3399 κανόνας
1540 3333 1795 3406 ὑποδεξα-

140 3433 319 3504 μένας
355 3430 661 3509 φυλάττειν.
699 3426 767 3484 Εἴ
784 3429 884 3504 γὰρ
919 3429 969 3481 οἱ
1009 3427 1440 3500 ἐμπορευόμενοι
1487 3426 1582 3488 τάς
1627 3446 1794 3500 προσ-

135 3521 378 3596 καίρους
427 3518 800 3593 πραγματείας
843 3518 959 3572 καθ’
1007 3516 1230 3586 ἑκάστην
1280 3515 1488 3589 ἡμέραν
1537 3520 1799 3589 ζυγοστα-

135 3615 310 3665 τοῦσι
339 3609 404 3663 τὰ
433 3606 622 3684 κέρδη’
655 3608 742 3662 καὶ
797 3606 1040 3679 ἀσμένως
1100 3606 1194 3677 μὲν
1243 3606 1309 3658 τὰ
1346 3603 1568 3659 πλείονα
1601 3601 1797 3658 ὑποδέ-

133 3719 371 3775 χονται,
405 3699 538 3771 πρὸς
569 3694 627 3750 δὲ
655 3696 747 3758 τὰς
782 3694 981 3768 ζημίας
1009 3694 1424 3769 ἀπεχθάνονται⁸
1458 3692 1600 3748 πολὺ
1631 3691 1798 3747 πλέον

133 3788 363 3843 τούτων
425 3786 711 3861 ἀγρυπνεῖν
760 3787 1026 3859 προσήκει
1073 3782 1200 3844 τοὺς
1249 3782 1342 3836 τὸν
1392 3781 1652 3852 ἀληθινὸν
1701 3783 1800 3851 Θη-

136 3877 351 3949 σαυρὸν
376 3875 869 3950 ὲμπορευομένους·
902 3873 991 3926 καὶ
1023 3876 1128 3925 τῶν
1165 3872 1260 3943 μὲν
1292 3869 1561 3925 πλειόνων
1592 3870 1799 3945 ἀγαθῶν

136 3967 417 4042 ἐφίεσθαι·
479 3963 520 4017 εἰ
583 3960 638 4017 δὲ
684 3962 772 4016 καὶ
827 3961 991 4036 μικρά
1018 3981 1101 4021 τις
1139 3958 1322 4029 κλοπή
1355 3963 1451 4014 τοῦ
1483 3959 1685 4034 ἐχθροῦ
1715 3958 1803 4033 γέ-

135 4074 332 4124 νοιτο,
398 4053 604 4128 βαρέως
662 4052 754 4124 μὶν
807 4051 983 4126 φέρειν
1036 4046 1124 4103 διὰ
1169 4049 1230 4103 τὸ
1261 4047 1554 4125 κρίνεσθαι,
1589 4046 1710 4102 ἀλλ’
1741 4047 1803 4101 οὐ

140 4146 274 4216 μὴν
307 4142 699 4217 ἀπογικώσκειν
733 4139 978 4208 ἑαυτοὺς,
1007 4139 1096 4192 καὶ
1129 4137 1301 4192 πάντα
1350 4137 1554 4212 ῥίπτειν
1609 4133 1698 4190 διὰ
1742 4136 1804 4190 τὸ

130 4230 408 4288 ἀκούσιον
437 4235 699 4301 πταῖσμα.
729 4231 916 4303 Ἔχεις
944 4229 1012 4282 τὰ
1042 4227 1359 4297 ἐνενήκοντα
1407 4225 1550 4280 ἐννέα
1596 4219 1806 4298 πρόϐα-

132 4345 235 4391 τα,
284 4322 432 4390 ζήτει
464 4318 549 4373 καὶ
579 4319 642 4373 τὸ
668 4315 982 4378 ἀπολωλός.
1012 4317 1098 4384 Μὴ
1131 4318 1374 4388 πτοηθῇς
1405 4312 1493 4368 διὰ
1520 4315 1582 4368 τὸ
1611 4313 1689 4381 ἓν,
1729 4316 1801 4387 μὴ

133 4409 446 4487 ἀποφύγῃς
477 4408 568 4462 τὸν
619 4403 914 4478 Δεσπότην,
962 4405 1052 4460 καὶ
1103 4406 1130 4458 ὁ
1187 4399 1488 4479 αὶμοϐόρος
1547 4399 1806 4463 διάϐολος

1900 510 2026 564 qua:
2060 495 2131 548 ab
2163 495 2246 548 eis
2281 495 2698 566 praedicuntur.
2728 496 2866 551 Nam
2903 497 3056 552 sicut
3089 500 3464 569 pepularibus
3495 510 3551 559 et

1903 585 2118 652 nautis,
2151 599 2219 638 ex
2270 585 2515 638 nubium
2552 587 2924 656 proprietate,
2958 590 3224 659 qumdam
3270 590 3418 646 inest
3450 599 3552 648 ob-

1903 691 2076 729 scura
2105 679 2404 730 ventorum
2459 681 2514 730 et
2565 676 2890 746 pluviarum
2927 679 3160 744 notitia;
3207 682 3283 735 ita
3332 688 3389 736 ct
3441 685 3554 740 illis

1906 762 2078 818 fallax
2113 780 2181 818 ex
2212 765 2574 838 damonibus
2606 767 2985 836 prmscientia.
3022 769 3088 822 Et
3121 787 3250 823 vero
3282 775 3551 842 quzedam

1904 851 1986 905 illi
2027 869 2124 922 per
2155 853 2547 922 conjecturam
2585 856 2914 924 proferunt;
2962 859 3457 925 quemadmodum
3501 869 3558 917 ct

1908 941 2305 1012 ventriloqui:
2355 944 2506 1013 quod
2565 960 2704 997 sane
2764 945 2956 1014 ipsum
3011 947 3256 999 validius
3311 953 3559 1019 potuerit

1907 1047 2143 1102 pravam
2176 1049 2377 1086 eorum
2411 1033 2742 1102 Opinionem
2779 1033 3085 1104 dissipare.
3122 1035 3263 1091 Nam
3299 1041 3343 1092 si
3379 1055 3412 1092 a
3441 1043 3556 1095 daa-

1910 1120 2181 1174 monibus
2211 1120 2634 1190 conjecturalia
2667 1121 2784 1175 hmo
2820 1123 3142 1192 mendacia,
3171 1143 3316 1181 vanu
3346 1136 3434 1183 est
3465 1148 3560 1186 ars

1910 1209 2270 1263 nativitatem
2305 1209 2778 1281 supputantium.

1979 1297 2066 1350 88.
2102 1297 2259 1361 Quod
2293 1299 2340 1352 si
2375 1298 2566 1352 adhuc
2615 1306 2938 1369 perseveret
2986 1301 3262 1358 inimicus
3292 1308 3557 1364 eamdem

1912 1403 2148 1442 causam
2185 1404 2572 1459 propugnare,
2597 1406 2662 1442 ex
2693 1389 2801 1443 hoc
2833 1406 2964 1444 eum
3003 1395 3288 1448 mendacii
3321 1399 3560 1453 convin-

1913 1492 2029 1540 ces,
2052 1476 2203 1546 quod
2237 1477 2408 1531 modo
2441 1477 2556 1532 illis
2589 1477 2757 1532 modo
2800 1479 2930 1533 aliis
2959 1481 3413 1551 cogitationibus
3447 1487 3560 1542 im-

1914 1569 2134 1635 pugnet
2184 1565 2466 1620 animam.
2506 1565 2776 1619 instabile
2809 1567 3037 1637 quidvis
3090 1570 3386 1628 intirmum
3420 1580 3510 1630 est
3543 1592 3556 1632 :

1913 1653 2213 1708 inﬁrmum
2261 1659 2456 1708 autem
2509 1659 2597 1708 est
2649 1656 2974 1724 proximum
3028 1657 3308 1715 interitui.
3363 1663 3559 1733 Neque

1914 1743 2066 1796 enim
2093 1744 2235 1797 satis
2258 1743 2488 1798 diabolo
2509 1750 2596 1798 est
2628 1744 2811 1814 prima
2837 1762 2943 1799 sua
2969 1747 3220 1811 malitia;
3256 1753 3352 1805 sed
3380 1754 3556 1810 etiam

1914 1830 2215 1885 fortuitum
2251 1847 2444 1886 rerum
2497 1835 2766 1886 eventum
2824 1833 3030 1888 animae
3081 1841 3373 1905 suggerit;
3427 1843 3559 1898 ani-

1912 1936 2195 1991 mumque
2237 1926 2516 1975 rectorem
2569 1927 2834 1975 nostrum
2883 1925 3107 1992 dctinit,
3139 1926 3336 1983 ﬂorem
3391 1937 3557 1986 natu-

1914 2027 2034 2064 ηοξ
2079 2011 2361 2080 docetque
2408 2010 2698 2065 dissoluto
2755 2029 3012 2084 corpore,
3064 2017 3322 2073 animam
3381 2021 3560 2078 simul

1913 2099 2228 2169 corrumpi.
2254 2098 2385 2152 Haec
2407 2105 2601 2153 autem
2629 2100 2824 2153 omnia
2848 2102 3184 2169 subjicit,ut
3204 2122 3272 2160 ex
3293 2109 3562 2165 socordia

1912 2187 2170 2241 animam
2203 2188 2454 2242 deducat
2507 2188 2564 2242 in
2617 2189 2950 2259 perniciem.
2985 2191 3092 2245 Sed
3150 2196 3561 2255 accedentibus

1913 2275 2250 2348 caliginosis
2281 2276 2620 2346 bujusmodi
2656 2278 3000 2348 phantasiis,
3028 2297 3097 2335 ne
3123 2282 3238 2338 illis
3261 2287 3427 2356 quasi
3460 2304 3555 2344 ve-

1914 2364 1992 2418 ris
2026 2365 2438 2420 assentiamur.
2468 2367 2595 2438 ipsa
2625 2366 2839 2439 quippe
2884 2385 3048 2423 suam
3104 2373 3357 2441 produnt
3391 2375 3557 2429 mali-

1914 2454 2223 2524 gnitatem,
2261 2471 2412 2507 nunc
2447 2454 2564 2520 illo,
2601 2472 2733 2510 mox
2763 2455 2877 2510 alio
2910 2458 3081 2512 modo
3114 2462 3469 2528 accedentia,
3504 2470 3560 2520 et

1913 2543 2028 2597 ictu
2062 2541 2212 2597 oculi
2247 2542 2556 2597 avolantia.
2578 2542 2717 2598 Novi
2751 2544 3004 2616 aliquem
3041 2547 3131 2602 Dei
3165 2565 3419 2618 servum,
3446 2554 3556 2608 vir-

1914 2632 2174 2702 tutisque
2225 2632 2578 2702 studiosum,
2613 2634 2709 2704 qui
2761 2650 2892 2688 cum
2942 2636 3169 2690 sederet
3217 2641 3273 2693 in
3325 2641 3554 2711 cellula,

1913 2721 2334 2791 cogitationum
2369 2721 2564 2776 aditus
2595 2723 2956 2789 observabat,
2993 2741 3055 2778 ac
3087 2742 3284 2780 secum
3319 2738 3550 2800 reputa-

1917 2811 2013 2864 bat
2044 2811 2181 2881 quid
2217 2811 2490 2880 primum,
2528 2813 2664 2882 quid
2713 2815 3034 2868 secundum
3067 2823 3320 2882 esset,et
3369 2837 3555 2892 quan-

1913 2905 2036 2953 tum
2072 2901 2352 2970 temporis
2402 2902 2862 2972 unumquodque
2915 2903 3169 2974 ipsorum
3224 2923 3553 2978 persevera-

1915 2994 2001 3043 ret
2033 3005 2044 3042 :
2082 3005 2144 3044 ac
2176 2988 2224 3041 si
2257 2988 2478 3043 tardius
2520 2989 2763 3044 citiusve
2795 3007 2970 3060 quam
3021 2994 3204 3064 pridie
3234 3000 3553 3056 accederet.

1915 3079 1997 3132 Ita
2027 3083 2294 3132 accurate
2340 3083 2580 3131 noverat
2627 3094 2757 3131 cum
2809 3079 3054 3148 gratiam
3097 3083 3211 3151 Dei,
3247 3089 3372 3140 tum
3427 3106 3556 3160 pro-

1908 3166 2096 3238 priam
2148 3167 2639 3237 perseverantiam
2685 3171 2740 3220 et
2801 3167 3224 3241 fortitudinem,
3257 3179 3432 3246 atque
3481 3180 3552 3234 ad

1906 3254 2026 3309 haec
2059 3254 2276 3308 inimici
2309 3255 2690 3310 eversionem.

1976 3343 2065 3396 89.
2097 3343 2200 3396 Par
2229 3347 2316 3396 est
2344 3358 2480 3414 ergo
2514 3359 2618 3398 nos
2657 3361 2756 3398 eas
2787 3351 3055 3418 acceptas
3088 3351 3321 3421 regulas
3353 3355 3560 3412 obser-

1907 3447 2057 3486 vare.
2082 3429 2221 3486 Nam
2255 3431 2303 3485 si
2337 3431 2434 3502 qui
2470 3448 2662 3486 rerum
2716 3437 3127 3505 temporalium
3164 3448 3552 3500 mercaturam

1907 3524 2193 3585 exercent,
2219 3521 2475 3590 quotidie
2506 3520 2666 3575 lucra
2693 3523 3086 3591 considerant,
3115 3526 3360 3585 libenter
3390 3531 3558 3602 plura

1910 3608 2217 3680 recipiunt,
2267 3609 2480 3664 da'nna
2539 3616 2925 3667 aversantur:
2963 3615 3145 3670 multo
3195 3618 3381 3689 magis
3420 3635 3556 3674 con-

1911 3699 2069 3752 venit
2098 3713 2195 3752 eos
2227 3697 2463 3767 vigilare
2497 3699 2594 3767 qui
2644 3699 2759 3752 veri
2795 3700 3053 3755 thesauri
3104 3707 3556 3775 negotiationem

1910 3790 2208 3852 exercent;
2264 3785 2546 3857 pluraque
2600 3788 2750 3842 bona
2797 3795 3084 3859 appetere.
3120 3794 3280 3858 Quod
3330 3796 3376 3850 si
3429 3814 3560 3867 par-

1912 3893 2046 3930 vum
2107 3875 2330 3930 inimici
2387 3877 2604 3929 furtum
2659 3877 2988 3948 contigerit,
3023 3881 3274 3951 graviter
3321 3885 3557 3954 quidem

1916 3962 2288 4033 ferrojudicii
2335 3963 2622 4017 subeundi
2676 3979 2874 4026 causa,
2907 3981 3012 4020 nec
3058 3972 3251 4024 tamen
3304 3971 3561 4043 despon-

1915 4053 2050 4106 dere
2109 4051 2396 4116 animum,
2443 4067 2630 4119 neque
2678 4058 2890 4106 cuncta
2946 4061 3180 4125 propter
3234 4057 3562 4116 involunta-

1915 4139 2066 4192 rium
2120 4139 2348 4208 lapsum
2406 4137 2702 4209 projicere.
2751 4143 2940 4195 Habes
2990 4144 3309 4215 nonaginta
3359 4164 3563 4204 novem

1915 4245 2068 4297 oves,
2102 4245 2290 4297 qumre
2321 4227 2480 4282 illam
2515 4244 2643 4298 qua:
2689 4229 2856 4299 periit
2889 4246 2900 4282 :
2939 4247 3008 4286 ne
3041 4236 3216 4288 unius
3249 4237 3567 4294 amissione

1914 4318 2328 4380 consternaris,
2363 4334 2551 4386 neque
2583 4319 2774 4389 t'ugias
2801 4336 2832 4373 a
2863 4320 3007 4375 facie
3044 4323 3290 4393 Domini,
3324 4343 3395 4382 ne
3425 4344 3566 4382 san-

1915 4404 2220 4476 guinarius
2253 4405 2520 4459 diabolus
2565 4411 2751 4460 totum
2808 4407 3101 4463 actionum
3153 4417 3386 4467 tuarum
3439 4431 3567 4486 gre-

131 4499 333 4555 πᾶσάν
374 4517 468 4551 σου
524 4498 622 4565 τὴν
683 4495 884 4571 ἀγέλην
927 4499 1033 4548 τῶν
1092 4493 1332 4568 πράξεων
1391 4491 1798 4566 αἰχμαλωτίσας

1919 4511 2074 4566 gem,
2129 4495 2185 4548 in
2245 4494 2640 4564 captivitatem
2703 4496 3016 4553 deductum
3077 4500 3394 4571 disperdat.
3441 4504 3566 4560 Noli

131 4587 440 4645 ἀπολέσει.
477 4587 567 4654 Μὴ
613 4583 704 4640 οὖν
749 4583 1178 4656 λειποτακτήσῃς
1229 4579 1317 4635 διὰ
1361 4581 1424 4635 τὸ
1472 4579 1548 4636 ἕν’
1609 4581 1810 4655 ἀγαθὸς

133 4681 262 4754 γὰρ
296 4676 441 4731 ἐστιν
475 4676 504 4730 ὁ
535 4673 829 4744 Δεσπότης·
865 4671 996 4750 φησί
1039 4674 1139 4747 γὰρ
1185 4669 1272 4724 διὰ
1321 4674 1418 4724 τοῦ
1468 4667 1808 4742 Ψαλμῳδοῦ,

134 4769 230 4827 ὡς
268 4765 395 4822 Ἐὰν
429 4763 584 4837 πέσῃ,
635 4761 698 4816 οὐ
747 4760 1268 4837 καταῤῥαχθήσεται·
1323 4759 1405 4813 ὅτι
1466 4759 1812 4833 ὑποστηρίζει

135 4857 364 4930 Κύριος
394 4860 555 4929 χεῖρα
584 4853 764 4907 αὐτοῦ.

222 4949 324 5002 90.
359 4947 492 4997 Ὅσα
522 4943 624 5018 γὰρ
657 4941 744 4996 ἐὰν
778 4939 1063 5014 πράξωμεν
1095 4940 1129 5007 ἢ
1173 4935 1516 5013 κερδάνωμεν
1569 4937 1810 5017 ἐνταῦθα,

142 5034 341 5110 μικρά
390 5033 731 5106 ἡγησώμεθα
784 5030 914 5104 πρὸς
960 5029 1050 5083 τὸν
1088 5027 1361 5100 μέλλοντα
1391 5026 1611 5080 αἰώνιον
1640 5025 1812 5080 πλοῦ-

127 5146 278 5183 τον.
343 5124 430 5179 Ἐν
493 5122 595 5196 γὰρ
648 5123 717 5193 τῇ
775 5121 844 5194 γῇ
891 5118 1059 5186 ταύτῃ
1107 5118 1180 5179 ὡς
1228 5117 1281 5170 ἐν
1331 5113 1551 5190 δευτέρᾳ
1585 5117 1815 5191 μητρῴᾳ

124 5213 352 5283 κοιλίᾳ
425 5212 786 5286 τυγχάνομεν.
849 5211 1054 5284 Ὥσπερ
1131 5206 1231 5281 γὰρ
1313 5204 1364 5258 ἐν
1427 5203 1648 5265 ἐκείνοις
1698 5211 1814 5267 τοῖς

128 5307 373 5381 μυχοῖς
435 5299 496 5355 οὐ
554 5297 812 5368 τοιαύτην
877 5298 1022 5366 ζωὴν
1083 5294 1330 5371 εἷ’χομενο
1392 5292 1512 5348 οὕτε
1571 5294 1672 5369 γὰρ
1704 5298 1811 5348 τῶν

114 5390 424 5450 τοιούτων
456 5386 782 5464 στερεμνίων
841 5389 1057 5462 τροφῶν
1091 5382 1436 5458 ἀπελαύομεν
1485 5381 1539 5438 ἐν
1589 5382 1816 5447 ἐκείνοις

223 5611 283 5646 ⁴⁶
312 5607 463 5667 Pal.
495 5623 690 5680 xxxvx,
718 5606 813 5662 24.

1921 4585 2114 4654 itaque
2148 4582 2322 4637 unius
2364 4600 2541 4638 causa
2589 4583 2778 4639 locum
2833 4588 3097 4642 amittere
3147 4595 3336 4645 tuum.
3370 4592 3569 4649 Bonus

1921 4679 2012 4727 est
2046 4672 2323 4726 Dominus
2354 4674 2451 4740 qui
2491 4688 2590 4743 per
2624 4672 2991 4728 Psalmistam
3024 4677 3105 4730 ait
3137 4695 3149 4731 :
3189 4682 3326 4733 ('um
3357 4683 3568 4736 cecide-

1922 4763 1995 4816 rit
2042 4778 2154 4814 non
2199 4761 2510 4826 collidatur,
2540 4763 2675 4830 quia
2727 4763 2984 4817 Dominus
3031 4770 3286 4837 supponit
3334 4785 3565 4826 manum

1921 4867 2098 4905 suam.

1995 4943 2149 4997 636
2197 4943 2284 4995 90.
2319 4942 2686 5014 Quaecunque
2738 4945 2830 4997 hic
2882 4946 3156 5018 negotiati
3210 4955 3309 5004 aut
3359 4950 3568 5008 lucrati

1927 5029 2232 5090 fuerimus.
2270 5030 2424 5100 parvi
2463 5032 2735 5085 mementi
2772 5038 3130 5104 reputemus,
3165 5037 3210 5092 si
3245 5054 3378 5093 cum
3413 5043 3568 5094 futu-

1926 5121 2005 5173 ris
2026 5120 2258 5174 zeternis
2287 5119 2499 5190 Opibus
2531 5130 2963 5191 comparentur.
2999 5124 3060 5178 In
3087 5124 3192 5181 hac
3213 5127 3430 5199 quippe
3462 5135 3570 5183 ter-

1925 5227 2007 5272 ra,
2036 5208 2190 5262 velut
2237 5209 2292 5261 in
2348 5211 2604 5262 secundo
2647 5215 2806 5265 utero
2858 5218 3122 5268 materno
3166 5217 3566 5271 consistimus.

1925 5297 2427 5362 Quemadmodum
2475 5298 2629 5352 enim
2685 5299 2740 5352 in
2793 5298 3065 5356 claustris
3118 5303 3418 5369 maternis,
3452 5321 3566 5359 non

1925 5386 2063 5442 huic
2107 5385 2360 5442 similem
2412 5385 2646 5457 agimus
2671 5386 2867 5457 vitam,
2900 5405 3088 5460 neque
3133 5391 3288 5446 enim
3339 5390 3570 5451 illicita
