4002 6206
395 361 544 420 1543

1556 357 1619 417 S.
1669 353 2187 417 ATHANASIUS.
2217 392 2292 400 —
2324 359 2631 422 SPURIA.

3649 371 3784 429 1544

392 493 598 547 solidis
628 493 774 548 cibis
810 503 869 549 ul
897 509 1050 548 nunc
1093 493 1332 548 utimur.
1367 491 1491 546 Non
1528 491 1729 546 eodem
1762 490 1840 545 ibi
1875 490 2047 551 modo

2161 494 2273 550 τοῖς
2303 491 2535 565 χωρίοις
2568 493 2642 554 ὡς
2667 498 2776 547 νῦν·
2812 493 2934 550 οὕτε
2968 495 3074 568 μὴν
3103 496 3282 558 οὕτως
3324 497 3560 573 ἐνεργεῖν
3611 497 3783 567 ἠδυνέ-

392 584 618 653 Operari
672 580 905 651 licebat,
955 599 1066 652 quo
1119 582 1177 635 in
1227 581 1333 635 hac
1382 581 1531 647 vita;
1574 578 1782 634 solaris
1830 578 2048 650 quippe

390 671 538 726 lucis
579 672 889 744 omnisque
921 672 1252 745 splendoris
1296 676 1562 742 expertes
1594 687 1848 726 eramus.
1883 669 2047 724 Sicut

391 780 522 834 ergo
573 763 630 818 in
681 763 956 818 claustris
1006 763 1415 833 hujuscemodi
1467 767 1790 827 versantes,
1842 759 2046 814 multis

392 854 698 925 praesentis
728 852 852 907 vitm
886 854 1061 908 rebus
1093 852 1595 918 destituebamur;
1631 851 1712 905 ita
1737 853 1814 905 "et
1843 848 1902 903 in
1936 848 2046 903 hoc

393 944 614 998 mundo
664 944 1083 999 defraudamur
1129 943 1298 1014 longe
1351 942 1557 1015 potiori
1613 938 2048 1013 magnificentia

392 1032 553 1104 regni
601 1032 899 1087 ccelorum.
955 1031 1283 1088 Periculum
1338 1032 1582 1086 fecimus
1631 1029 2042 1086 alimentorum

390 1121 571 1192 hujus
597 1121 1091 1192 vitae,divinajam
1118 1118 1801 1194 expectamusPrmsenti
1822 1117 2046 1173 lumine

392 1210 559 1282 potiti
591 1227 828 1278 sumus;
862 1208 1042 1266 solem
1068 1211 1314 1283 justitiaa
1348 1227 1503 1266 nunc
1534 1213 1914 1282 exoptemus;
1946 1222 2043 1261 su-

391 1317 634 1372 pernam
673 1300 1028 1370 Jerusalem,
1059 1318 1161 1374 pro
1215 1301 1444 1357 civitate
1493 1305 1793 1373 matreque
1847 1305 2046 1354 nostra

390 1390 749 1458 habeamus;
798 1394 1022 1462 patrem
1055 1407 1187 1446 vero
1218 1395 1486 1446 nostrum
1529 1405 1805 1445 vocemus
1836 1387 2042 1444 Deum.

392 1479 496 1535 Hic
527 1479 790 1536 vivamus
833 1485 1252 1553 temperanter,
1285 1484 1349 1536 ut
1374 1480 1553 1536 vitam
1603 1485 1878 1536 aeternam
1913 1493 2046 1532 con-

392 1584 732 1640 sequamur.

461 1656 550 1709 91.
602 1655 1109 1720 Quemadmodum
1165 1657 1318 1712 enim
1376 1657 1631 1712 infantes
1678 1655 1737 1709 in
1802 1652 2044 1709 matrice

390 1743 716 1810 constituti,
752 1745 822 1798 ad
865 1745 1141 1814 majorem
1178 1744 1592 1818 perfectionem
1625 1761 1692 1800 ex
1724 1742 1884 1800 tenui
1916 1741 2044 1796 cibo

392 1836 568 1904 atque
596 1833 716 1887 vita
757 1832 1014 1901 deducti,
1048 1849 1151 1905 per
1197 1832 1296 1887 illa
1344 1834 1413 1888 ad
1466 1833 1747 1905 majorem
1796 1830 2042 1903 vegetio-

391 1935 631 1991 remque
691 1919 1118 1976 incolumitatis
1171 1920 1567 1977 conditionem
1620 1921 1916 1986 feruntur;
1971 1918 2047 1972 ita

393 2009 569 2064 etiam
616 2009 765 2079 justi
805 2026 870 2064 ex
903 2009 1166 2066 saeculari
1218 2008 1489 2066 instituto
1539 2011 1611 2066 ad
1661 2010 1770 2064 iter
1816 2006 2048 2063 cmleste

395 2096 700 2168 secedunt,
732 2096 886 2152 sicut
935 2096 1220 2170 scriptum
1271 2101 1360 2153 est
1394 2116 1406 2154 :
1441 2097 1599 2152 Ibunt
1645 2096 1710 2152 dc
1760 2099 1960 2152 virtute
1989 2097 2049 2150 in

400 2186 657 2240 virtutem
677 2186 740 2238 ⁸ο.
776 2185 1110 2242 Peccatores
1140 2190 1359 2252 autem,
1383 2186 1540 2242 velut
1567 2187 1738 2242 foetus
1766 2184 1913 2240 uteri
1947 2182 2046 2255 qui

400 2277 460 2332 in
496 2277 734 2333 matrice
767 2277 1081 2347 intereunt,
1115 2296 1182 2334 ex
1215 2279 1470 2334 tenebris
1501 2279 1558 2333 in
1589 2278 1860 2333 tenebras
1891 2281 2048 2332 tran-

400 2365 720 2422 sferuntur.
757 2366 812 2422 In
845 2371 1001 2422 terra
1044 2383 1298 2439 namque
1328 2366 1503 2422 morti
1533 2367 1867 2433 traduntur,
1904 2362 2050 2421 mul-

398 2452 651 2509 titudine
703 2460 1074 2526 peccatorum
1107 2455 1321 2510 obruti.
1353 2455 1670 2526 Postquam
1703 2458 1898 2508 autem
1932 2453 2048 2508 fue-

399 2539 518 2596 rint
546 2557 615 2596 ex
644 2542 751 2598 hac
789 2543 908 2598 vita
951 2543 1183 2614 dejecti,
1218 2543 1273 2598 in
1306 2543 1646 2599 obscuriora
1695 2547 1751 2598 et
1793 2545 2049 2597 tartarea

401 2630 525 2686 loca
563 2631 1113 2705 detruduntur(93).
1142 2633 1255 2688 Ter
1301 2631 1360 2687 in
1409 2632 1527 2687 vita
1574 2631 1892 2687 nascimur.
1924 2629 2046 2686 Pri-

401 2735 497 2775 ma
527 2721 828 2793 generatio
878 2724 966 2776 est
1014 2738 1080 2777 ex
1131 2721 1263 2777 sinu
1315 2725 1577 2777 materno
1607 2720 1817 2786 exitus,
1851 2736 1984 2775 cum
2017 2736 2050 2775 a

403 2811 555 2864 terra
585 2807 645 2863 in
685 2813 904 2864 terram
955 2808 1186 2882 agimur
1219 2826 1232 2864 :
1267 2807 1502 2881 reliquae
1558 2814 1749 2864 autem
1800 2808 1948 2875 duae,
1982 2824 2050 2862 ex

399 2900 554 2952 terra
587 2914 691 2953 nos
723 2897 976 2954 evehunt
1021 2898 1078 2953 in
1129 2897 1376 2967 coelum;
1410 2915 1662 2970 quarum
1717 2897 1899 2954 altera
1948 2913 2051 2969 per

396 2987 647 3058 gratiam
680 2991 791 3058 est,
825 3005 951 3060 quae
1003 3004 1105 3060 per
1137 2987 1394 3044 divinum
1431 2987 1600 3044 nobis
1631 2987 1922 3043 lavacrum
1956 3002 2047 3041 ac-

396 3077 549 3131 cedit
581 3094 595 3131 :
631 3077 781 3132 hanc
823 3079 1039 3150 quippe
1084 3078 1215 3149 jure
1266 3079 1760 3150 regenerationem
1794 3074 2048 3149 appella-

399 3181 551 3219 mus.
584 3165 779 3221 Tertia
825 3172 1018 3222 autem
1053 3184 1120 3222 ex
1166 3166 1505 3240 paenitentia
1558 3166 1726 3222 nobis
1774 3171 1831 3221 et
1879 3163 2049 3220 bonis

2160 589 2295 649 μεθα
2342 579 2416 640 ὡς
2467 580 2709 636 ἐνταῦθα·
2763 583 2852 637 καὶ
2899 585 3000 660 γὰρ
3048 590 3144 640 τοῦ
3193 586 3429 654 ἡλιακοῦ
3480 591 3664 664 τρωτὸς
3706 593 3780 642 καὶ

2154 665 2333 735 πάσης
2396 669 2566 744 αὐγῆς
2619 671 2772 732 ἐκτὸς
2821 672 3167 749 ὑπήρχομεν·
3217 674 3396 749 ὣσπερ
3447 674 3543 729 οὖν
3589 676 3639 730 ἐν

2153 775 2264 816 νοις
2291 763 2412 818 τοῖς
2443 759 2710 831 ταμιείοις
2742 758 2913 827 οὖσαι,
2948 760 3173 817 πολλῶν
3219 768 3322 817 τῶν
3386 763 3618 818 ένταῦοα
3665 766 3784 820 tle-.-

2155 843 2385 916 πόμεθα·
2425 846 2596 910 οὕτως
2627 849 2715 902 καὶ
2750 849 2802 903 ἐν
2848 850 2925 921 τῷ
2954 855 3044 904 νῦν
3095 852 3285 924 κόσμῳ
3324 853 3788 927 πλεονεκτούμεῆα

2154 933 2289 1007 πρὸς
2317 935 2416 1002 τὴν
2447 940 2554 989 τῶν
2596 935 2836 1012 οὐρανῶν
2892 937 3193 1014 βασιλείαν.
3244 937 3562 1013 Ἐλὰϐομεν
3619 950 3788 1016 πεῖραν

2152 1025 2259 1075 τῶν
2294 1021 2513 1078 ἐνταῦθα
2542 1030 2776 1102 τροφῶν,
2806 1033 2913 1082 τῶν
2966 1028 3122 1082 Οείων
3151 1028 3498 1105 ὀρεχθῶμεν.
3537 1032 3796 1086 Ἀπελα-Β-

2155 1131 2319 1183 σαμεν
2350 1116 2447 1166 τοῦ
2479 1110 2698 1168 ἐνταῦθα
2728 1117 2928 1194 φωτὸς,
2959 1118 3047 1172 τὸν
3095 1118 3256 1186 ἥλιον
3299 1123 3398 1188 τῆς
3448 1117 3794 1188 δικαιοσύνης

2154 1201 2500 1274 ποθήσωμεν·
2545 1204 2651 1271 Τήν
2684 1201 2794 1258 ἅνω
2835 1203 3196 1281 Ἰερουσαλὴμ
3226 1209 3577 1283 ἡγησώμεθα
3609 1211 3796 1263 έαυτῶν

2153 1285 2316 1343 πόλιν
2343 1311 2399 1345 τε
2447 1290 2536 1346 καὶ
2590 1292 2815 1368 μητέρα·
2865 1295 3070 1368 πατέρα
3116 1293 3174 1349 δὲ
3199 1296 3289 1349 τὸν
3321 1297 3452 1350 Θεὸν
3487 1296 3800 1368 καλέσωμεν

2155 1377 2377 1433 ἑαυτῶν.
2413 1381 2670 1454 Ζήσωμεν
2706 1380 2925 1436 ἆνταῦθα
2956 1382 3266 1461 σωφρόνως,
3292 1383 3381 1438 ἵνα
3431 1387 3537 1454 τῆς
3588 1386 3802 1440 αἰωνίου

2157 1472 2268 1537 ζωῆ
2301 1466 2558 1544 τύχωμεν
2570 1514 2582 1527 .

2223 1648 2541 1722 91.¹¹Ωσπερ
2582 1649 2686 1724 γὰρ
2741 1649 2807 1702 τὰ
2849 1647 2898 1703 έν
2951 1651 3134 1726 μήτρᾳ
3194 1651 3391 1729 βρέφη,
3446 1652 3810 1716 τελειωθέντα

2154 1733 2205 1804 ἐξ
2238 1733 2525 1798 ἐλάττονος
2553 1743 2759 1814 τροφῆς
2789 1759 2848 1792 τε
2877 1737 2964 1792 καὶ
2999 1743 3164 1812 ζωῆς,
3195 1737 3284 1794 διὰ
3310 1740 3513 1794 τούτου
3545 1741 3638 1794 καὶ
3675 1742 3810 1816 πρὸς

2075 1864 2123 1928 Β
2153 1825 2250 1892 τήν
2312 1823 2530 1895 μείζονα
2570 1825 2815 1904 φέρονται
2867 1829 3160 1901 σωτήριαν·
3197 1828 3368 1890 οὓτως
3397 1830 3491 1883 καὶ
3527 1831 3581 1883 οἱ
3610 1829 3813 1884 δίκαιοι

2161 1911 2174 1928 ,
2280 1921 2307 1928 -
2465 1919 2487 1928 -
2585 1914 2597 1928 .
2799 1912 2822 1928 ..
3013 1924 3038 1928 η
3199 1919 3209 1928 .
3345 1919 3357 1928 .
3445 1917 3472 1928 ..
3741 1920 3752 1928 .

2157 1911 2217 1966 ἐκ
2241 1921 2342 1983 τῆς
2394 1919 2492 1968 τοῦ
2535 1914 2744 1988 κόσμου
2795 1912 3070 1992 διαγωγῆς
3117 1919 3253 1993 πρὸς
3299 1919 3400 1986 τήν
3442 1917 3558 1973 ἅνω
3589 1920 3808 1994 πορείαν

2155 2000 2500 2077 ἀναχωροῦσι
2574 2003 2710 2057 κατά
2776 2006 2838 2058 τὸ
2915 2004 3308 2080 γεγραμμένον·
3377 2011 3472 2060 Ἐκ
3533 2004 3816 2078 δυνὰω

2158 2088 2233 2151 εἰς
2311 2087 2555 2152 δόναμιν.
2635 2089 2702 2148 Οἳ
2765 2113 2824 2167 γε
2897 2093 3243 2169 ἁμαρτωλοὶ,
3309 2093 3491 2170 ὥσπερ
3553 2096 3624 2150 τὰ
3683 2100 3817 2150 κατα

2157 2179 2386 2254 γαστρὸς
2439 2174 2648 2256 ἔμϐρυα
2695 2179 2745 2234 ἐν
2798 2184 2866 2254 τῇ
2921 2184 3104 2257 μήτρᾳ
3141 2182 3559 2256 τελευτήσαντα,
3595 2184 3662 2238 ὲκ
3692 2180 3815 2239 σκὸ-

2155 2286 2282 2327 τους
2339 2267 2516 2320 σκότει
2571 2265 2980 2342 παραδίδονται,
3047 2270 3143 2324 Καὶ
3199 2271 3301 2346 γὰρ
3363 2271 3415 2325 έν
3472 2271 3543 2345 τῇ
3600 2276 3680 2345 γῇ
3735 2294 3813 2326 νε-

2155 2362 2408 2431 κροῦνται
2453 2363 2531 2431 τῷ
2579 2358 2778 2430 πλήθει
2829 2365 2935 2415 τῶν
2983 2363 3389 2437 ἁμαρτημάτων
3449 2365 3809 2435 κεκαλυμμέ-

2155 2465 2262 2500 νοι·
2322 2448 2412 2501 καὶ
2469 2447 2799 2524 ἀπαχθέντες
2859 2446 2915 2503 δὲ
2969 2455 3066 2504 τοῦ
3121 2450 3261 2526 βίου,
3305 2451 3382 2512 εἷς
3416 2449 3687 2528 ζονρώδεις
3720 2453 3810 2506 καὶ

2155 2536 2518 2616 ταρταρώδεις
2573 2539 2774 2602 τόπους
2832 2542 3238 2619 καταφέρονται.
3300 2542 3493 2616 Τρίτον
3562 2547 3643 2612 τῷ
3708 2544 3814 2616 βίῳ

2155 2628 2469 2702 τικτόμεθα·
2504 2629 2576 2682 ὧν
2610 2631 2645 2698 ἡ
2684 2631 2776 2702 μὶν
2826 2630 3017 2706 πρώτη
3050 2629 3188 2684 ἐστὶν
3216 2633 3250 2699 ἡ
3284 2630 3342 2684 ἐκ
3369 2636 3480 2685 τῶν
3533 2634 3810 2705 μητρῴων

2158 2715 2379 2772 κόλπων
2439 2715 2698 2794 πρόοδος,
2758 2718 2992 2789 ὁπηνίκα
3049 2719 3123 2781 εἷς
3179 2723 3277 2796 γῆν
3353 2721 3700 2794 ἀπαγώμεθα

2157 2814 2279 2884 γῆς·
2315 2808 2367 2861 αἱ
2419 2804 2476 2862 δὲ
2519 2805 2706 2862 λοιπαὶ
2754 2805 2848 2862 δύο
2895 2807 2955 2862 ἐκ
3004 2811 3105 2883 γῆς
3135 2811 3280 2880 ἡμᾶς
3314 2809 3392 2870 εἷς
3426 2808 3696 2884 οὖρα-»οὒς
3727 2810 3812 2862 ἆν-

2161 2897 2401 2970 ἀγουσιν·
2451 2897 2522 2950 ὧν
2573 2898 2607 2966 ἡ
2664 2896 2756 2969 μὶν
2805 2896 2902 2969 μία
2947 2896 3086 2952 ἐστὶν
3140 2897 3198 2951 ὲκ
3245 2897 3496 2973 χάριτος.
3528 2901 3560 2966 ἡ
3593 2897 3691 2952 διὰ
3719 2902 3816 2952 τοῦ

2161 2985 2305 3049 θείου
2355 2985 2590 3059 λουτροῦ
2640 2989 2775 3058 ἡμῖν
2827 2986 3267 3062 προσερχομένη·
3324 2987 3417 3040 καὶ
3473 2987 3577 3062 γαρ
3605 2988 3814 3055 ταυτην

2159 3073 2378 3144 ἀληθῶς
2433 3073 2848 3149 παλιγγενεσίαν
2909 3073 3203 3146 καλοῦμεν·
3265 3077 3298 3144 ἡ
3334 3073 3393 3128 δὲ
3433 3075 3588 3149 τρίτη
3623 3075 3690 3129 ἐκ
3717 3083 3822 3143 τῆς

2166 3163 2448 3236 μετανοίας
2478 3165 2612 3235 ἡμῖν
2646 3163 2731 3217 καὶ
2763 3167 2869 3217 τῶν
2926 3163 3138 3239 ἀγαθῶν
3198 3162 3378 3217 πόνων
3439 3165 3815 3240 προσγίνεται.

398 3253 673 3324 operibus
724 3255 1030 3324 contingit.
1064 3233 1253 3328 Atque
1292 3255 1350 3311 in
1395 3257 1500 3311 hac
1553 3261 1850 3328 postrema
1893 3271 2047 3310 nunc

2162 3254 2247 3307 Ἐν
2277 3252 2444 3328 ταύτῃ
2472 3258 2561 3306 νῦν
2595 3254 2756 3325 ἡμεῖς
2788 3251 3106 3326 έστήκαμεν.

395 3358 723 3397 versamur.

466 3430 556 3484 9'3.
591 3430 881 3488 Debemus
914 3432 1130 3505 itaque,
1166 3439 1475 3506 postquam
1525 3433 1594 3488 ad
1641 3449 1839 3488 verum
1873 3450 2048 3504 spon-

397 3537 529 3576 sum
561 3521 940 3592 accessimus,
974 3524 1274 3578 decentius
1316 3524 1531 3580 ornari.
1569 3524 1644 3578 Ad
1680 3528 1939 3580 nostram
1975 3522 2050 3579 sit

395 3611 840 3667 aediﬁcationem
877 3613 1214 3685 nuptiarum
1268 3615 1447 3685 hujus
1498 3613 1691 3668 saeculi
1745 3618 2048 3685 spectacu-

391 3699 536 3755 lum.
561 3701 704 3756 Nam
740 3701 789 3757 si
821 3702 1025 3774 puellas
1058 3703 1178 3759 viro
1205 3705 1530 3774 coniunctae
1563 3705 1661 3776 qui
1694 3703 1925 3758 illarum
1964 3704 2047 3760 fa-

393 3787 500 3844 cile
532 3789 723 3862 specie
755 3791 879 3862 capi
931 3792 1134 3863 possit,
1170 3797 1392 3847 tantam
1448 3792 1833 3848 nihilominus
1882 3791 2048 3847 adbi-

393 3878 530 3932 bent
559 3895 782 3950 curam,
818 3880 873 3933 in
908 3879 1151 3951 balneis,
1183 3881 1525 3953 unguentis,
1561 3880 1918 3952 reliquisque
1950 3897 2047 3935 va-

392 3966 461 4020 rii
493 3968 723 4039 generis
753 3969 1078 4038 ornatibus,
1109 3970 1246 4040 quia
1277 3969 1370 4024 his
1403 3987 1463 4024 se
1494 3971 1860 4026 venustiores
1892 3987 2048 4025 ama-

393 4055 744 4128 bilioresque
779 4057 898 4112 fore
947 4063 1186 4128 putant;
1221 4059 1270 4114 si
1303 4063 1465 4114 tanta
1515 4059 1588 4114 iis
1630 4077 1756 4131 quae
1791 4060 2049 4132 corporis

391 4143 576 4199 cultui
608 4145 819 4200 deditae
851 4149 991 4200 sunt
1040 4146 1193 4202 inest
1241 4147 1652 4203 ostentationis
1702 4147 1995 4221 cupiditas
2031 4165 2044 4203 :

391 4240 607 4304 quanto
651 4234 840 4306 magis
871 4235 1035 4290 decet
1081 4252 1182 4290 nos
1215 4235 1434 4291 caelesti
1466 4237 1695 4308 Sponso
1729 4239 2048 4309 desponsa-

389 4326 498 4393 tas,
533 4339 631 4379 eas
664 4339 1031 4396 exsuperare,
1069 4328 1244 4395 atque
1294 4323 1585 4380 laboriosa
1641 4325 2049 4382 exercitatione

389 4412 623 4468 abluere
646 4413 849 4468 sordes
872 4417 1264 4484 peccatorum,
1290 4413 1754 4486 indumentaque
1783 4432 2047 4486 corpora-

389 4500 467 4555 lia
508 4507 868 4558 commutare
900 4519 1033 4558 cum
1067 4502 1497 4575 spiritualibus.
1531 4504 1757 4576 Corpus
1789 4505 1900 4560 illae
1930 4509 2044 4560 ter-

2229 3433 2318 3486 92.
2353 3428 2677 3507 Ὀφείλομεν
2709 3433 2824 3497 νῦν⁹
2871 3433 2950 3500 τῷ
3010 3427 3258 3500 ἀληθινῴ
3303 3430 3529 3505 νυμφίῳ
3580 3430 3817 3505 1:90:31-

2158 3521 2364 3590 θοῦσαι,
2443 3518 2862 3594 εὐπρεπέστερον
2938 3524 3306 3589 κοσμηθῆναι,
3381 3518 3615 3572 Γινέσθω
3676 3522 3814 3588 ἡμῖν

2159 3605 2429 3681 οἰκοδομὴ
2461 3610 2495 3677 ἡ
2531 3609 2623 3662 Θέα
2651 3612 2747 3662 τοῦ
2778 3611 3044 3678 κοσμικοῦ
3071 3607 3269 3681 γάμου.
3318 3606 3380 3660 Et
3429 3606 3535 3682 γαρ
3586 3607 3816 3675 ἐκεῖ-ναι,

2158 3699 2294 3772 πρὸς
2351 3697 2443 3751 τὸν
2503 3696 2774 3751 εὐάλωτον
2838 3694 3231 3768 συναπτόμεναι
3293 3691 3482 3766 ἄνδρα,
3538 3697 3818 3766 τοσαῦτην

2155 3787 2385 3841 τίθενται
2440 3783 2680 3852 σπουδὴν
2736 3781 2981 3860 λουτρῶν
3029 3806 3087 3839 τε
3135 3782 3224 3837 καὶ
3280 3782 3692 3861 μυραλοιφιῶν,
3727 3787 3816 3840 καὶ

2158 3875 2416 3946 ποικίλης
2465 3877 2790 3944 κοσμήσεως
2839 3873 2920 3944 (ἐκ
2958 3874 3061 3949 γὰρ
3095 3872 3300 3927 τούτων
3335 3871 3587 3927 δοκοῦσιν
3615 3875 3684 3927 ἔα
3699 3878 3814 3935 ni;

2160 3966 2449 4041 ὶρασμίους
2513 3962 2724 4038 μᾶλλον
2782 3963 3246 4038 παρασκευάζειν),
3306 3963 3392 4016 καὶ
3451 3962 3498 4016 εί
3572 3965 3816 4032 τοσαεζιτη

2157 4061 2273 4116 τοῖς
2332 4054 2465 4109 κατά
2507 4054 2570 4108 τὸ
2620 4054 2778 4123 σῶμα
2835 4051 3284 4123 πολιτευομένοις
3351 4051 3614 4128 φαντασία
3674 4053 3818 4107 ἐντί-

2156 4165 2358 4198 τεκται·
2392 4142 2546 4214 πόσῳ
2581 4140 2790 4214 μᾶλλον
2823 4138 2939 4196 δέον
3001 4143 3146 4212 ἡμᾶς
3210 4135 3544 4207 ἐπαναϐῆναι
3605 4140 3817 4201 basis;

2156 4237 2225 4306 τῇ
2283 4233 2494 4308 γνώμῃ,
2546 4236 2624 4302 τῷ
2681 4229 2914 4306 οὐρανίῳ
2956 4229 3178 4305 νυμφίῳ
3232 4230 3680 4300 μνηστευοείσας,
3730 4231 3816 4283 καὶ

2161 4321 2560 4376 ἀπολο·3σασθαι
2597 4321 2691 4392 μὲν
2724 4325 2830 4374 τῶν
2866 4321 3144 4393 ἁμαρτιῶν
3197 4318 3287 4372 τὸν
3339 4316 3510 4391 ῥύπον
3703 4319 3817 4372 ἐπι-

2158 4409 2310 4482 πόνῳ
2369 4410 2610 4480 ἀσκήσει,
2673 4405 3087 4479 ἀντικταλλάξαι
3159 4405 3216 4460 δὲ
3289 4411 3396 4459 τῶν
3483 4412 3816 4479 σωματικῶν

2159 4496 2467 4571 ἰνδυματων
2528 4497 2592 4551 τὰ
2648 4496 3004 4568 πνευματικά.
3065 4497 3293 4549 Ἐκεῖναι
3356 4495 3416 4548 τὸ
3477 4498 3640 4566 σῶμα
3701 4501 3818 4554 τοῖς

392 4589 545 4645 renis
585 4591 1082 4664 secularibusque
1118 4592 1359 4648 ﬂoribus
1411 4599 1691 4648 exornant
1726 4612 1738 4649 :
1775 4611 1880 4650 nos
1926 4594 2047 4649 ani-

2161 4592 2446 4660 κωμικοῖς
2497 4585 2585 4640 καὶ
2634 4583 2848 4661 γηίνοις
2901 4581 3078 4647 ἄνθεσι
3127 4587 3448 4655 κοσμοῦσιν·
3506 4585 3680 4652 ἡμεῖς
3723 4585 3814 4650 τήν

393 4695 546 4733 mam
581 4679 899 4735 virtutibus
951 4681 1372 4736 concinnemus
1407 4681 1789 4754 lapidumque
1840 4685 2050 4754 pretio-

393 4783 592 4821 eorum
632 4767 758 4824 loco
788 4769 962 4842 capiti
995 4769 1511 4841 circumponamus
1563 4771 1853 4843 triplicem
1891 4789 2052 4828 coro-

393 4874 550 4923 nam,
600 4858 795 4927 ﬁdem,
848 4877 1008 4931 spem
1060 4867 1116 4916 et
1165 4861 1531 4916 charitatcm.
1569 4862 1792 4917 Collum
1857 4868 2050 4919 autem

391 4945 646 5015 pretioso
715 4946 916 5001 monili
965 4947 1404 5003 circumdemus
1469 4948 1835 5017 humilitate;
1897 4967 2052 5005 zonae

396 5032 544 5098 loco,
578 5035 967 5105 temperantia
1008 5037 1352 5109 cingamur;
1399 5037 1745 5106 magniﬁcus
1778 5039 1853 5092 sit
1888 5041 2054 5095 nobis

394 5122 711 5179 linteorum
758 5126 1379 5198 amictus,3pontanea
1429 5132 1779 5197 paupertas;
1833 5129 1887 5184 in
1941 5147 2051 5186 ca:-

396 5229 531 5267 narr.
565 5220 939 5285 apponantur
967 5234 1091 5286 qua
1148 5234 1259 5270 non
1294 5223 1757 5286 corrumpuntur
1787 5219 2052 5284 obsonia,

394 5317 595 5371 preces
624 5309 680 5356 et
731 5304 962 5376 psalmi.
995 5305 1233 5372 Verum,
1270 5309 1334 5359 ut
1361 5305 1442 5358 ait
1474 5306 1810 5376 Apostolus,
1845 5324 1914 5363 ne
1959 5326 2051 5365 so-

394 5385 517 5441 lum
563 5387 826 5460 linguam
877 5407 1130 5456 moveas,
1163 5392 1266 5445 sed
1314 5389 1486 5444 etiam
1536 5391 1742 5462 spiritu
1795 5393 2054 5467 intellige

465 5537 509 5571 ⁶⁰
540 5537 689 5594 Psal.
724 5557 956 5610 Lxxxui,
987 5542 1040 5595 8.

466 5676 580 5746 (93)
607 5678 800 5735 Schol.
830 5681 885 5750 3,
918 5681 989 5737 ad
1021 5682 1184 5753 grad.
1216 5699 1296 5738 vu
1327 5680 1590 5738 Climaci.

2162 4677 2346 4751 ψυχὴν
2378 4681 2494 4736 ταῖς
2527 4674 2741 4747 ἀρεταῖς
2774 4670 3171 4751 φαιδρόνωμεν·
3224 4671 3314 4724 καὶ
3345 4671 3464 4725 ἀντῖ
3521 4673 3617 4743 μὶν
3655 4671 3820 4726 λίθων

2163 4762 2482 4821 πολυτελῶν
2511 4762 2579 4838 τῇ
2629 4761 2839 4840 κεφαλῇ
2885 4763 3188 4836 περιθῶμεν
3240 4761 3332 4815 τὸν
3363 4759 3673 4830 τρίπλοκον
3713 4762 3818 4815 στε-

3448 4846 3490 4864 ἢκ

2165 4876 2350 4933 φανον,
2381 4853 2580 4924 πίστιν,
2642 4849 2838 4906 ἐλπίδα
2885 4851 2973 4905 καὶ
3032 4849 3264 4925 ἀγάπην·
3317 4853 3393 4920 τῷ
3445 4849 3503 4903 δὲ
3544 4849 3818 4925 τραχήλῳ

2163 4946 2260 5013 τὴν
2337 4943 2520 5015 τιμίαν
2607 4940 2874 5013 κόσμησιν
2971 4941 3296 5010 περιθῶμεν,
3373 4939 3474 5005 τήν

2165 5031 2454 5110 φροσὺνην·
2518 5030 2632 5085 ἀντὶ
2693 5027 2750 5083 δὲ
2796 5029 2969 5099 ζώνης
3017 5029 3114 5095 τὴν
3157 5026 3516 5104 σωῳροσῦνην
3583 5035 3814 5102 step-.39-

2164 5123 2402 5195 σώμεΘα·
2475 5118 2703 5195 λαμπρά
2752 5115 2809 5172 δὲ
2857 5119 2992 5190 ἡμῖν
3041 5110 3313 5192 περιϐολὴ
3367 5119 3404 5184 ἡ
3459 5115 3815 5189 ἀκτημοσ-ἓνη

2163 5212 2412 5287 γινέσθω·
2450 5209 2799 5285 προσαγέσθω
2833 5204 2890 5261 δὲ
2915 5210 2994 5276 τῷ
3033 5202 3234 5276 δείπνῳ
3264 5205 3332 5258 τὶ
3364 5206 3443 5276 μή
3494 5206 3820 5280 ιρθειρόμεη

2164 5297 2296 5374 ὄψα,
2331 5298 2489 5375 εὐχαί
2544 5317 2601 5351 τε
2643 5296 2733 5350 καὶ
2791 5292 3023 5368 ψαλμοί.
3085 5292 3243 5348 Ἀλλ’
3301 5293 3374 5354 ὡς
3427 5295 3456 5346 ὁ
3489 5293 3817 5353 Ἀπόστολός

2165 5411 2318 5468 φησι,
2387 5388 2463 5462 μή
2527 5386 2690 5460 μόνον
2739 5386 2838 5453 τὴν
2896 5381 3144 5458 γλῶτταν
3199 5380 3357 5436 κίνει·
3420 5380 3576 5437 ἆλλὰ
3619 5403 3678 5458 γε
3737 5383 3814 5435 καὶ

3562 4959 3813 4994 ταπεινο-
