4002 6206
195 372 327 432 1545

1283 367 1470 429 VITA
1513 363 1838 426 SANCTE
1884 366 2442 427 SYNCLETYCIE.

3407 370 3565 428 1546

188 509 258 575 τῷ
283 502 535 575 πνεύματι
566 501 675 555 νόει
704 501 771 555 τὰ
802 498 1111 574 λειγόμενα.
1150 495 1423 556 Πολλάκις
1452 498 1551 572 γὰρ
1582 496 1644 549 τὸ
1706 497 1799 567 μὲν

1938 516 2042 569 [uas
2082 500 2375 553 dicuntur.
2426 500 2586 567 Szepc
2622 516 2874 569 namque
2904 500 3190 571 contingit
3249 507 3310 555 ut
3340 518 3403 555 os
3457 501 3572 555 alia

190 592 345 665 στόμα
390 591 698 669 φθέγγεται,
748 593 783 659 ἡ
834 587 891 644 δὲ
937 586 1131 663 καρδία
1159 587 1282 663 περὶ
1317 585 1616 662 λογισμοὺς
1650 586 1815 660 ἀσχο-

192 680 367 737 λεῖται.
401 679 695 755 Προσέχειν
731 675 787 733 δὲ
819 676 919 746 δεῖ,
956 678 1055 750 μὴ,
1084 682 1199 737 τοῖς
1224 676 1392 739 θείοις
1423 673 1619 750 γάμοις
1652 693 1815 749 προσ-

192 770 448 838 ελθοῦσαι,
472 768 653 824 πενίαν
686 767 1008 841 λαμπάδων,
1058 764 1331 820 τουτέστιν
1381 765 1605 835 ἀρετῶν,
1645 763 1815 831 νοσή-

190 880 374 932 σωμεν.
408 860 635 928 Μισήσει
669 857 772 931 γὰρ
794 859 940 928 ἡμᾶς
971 857 997 909 6
1033 855 1305 928 μνηστήρ,
1357 852 1446 906 καὶ
1497 848 1611 905 οὐδ’
1667 848 1814 911 ὅλως

187 946 533 1021 προσδέξεται,
576 946 662 1001 ἐὰν
718 946 793 1017 μὴ
842 945 936 1006 τὰς
987 942 1303 1018 ὑποσχέσεις
1353 935 1513 1013 λάϐῃ.
1562 939 1712 1001 Τίνες
1757 935 1815 993 δι

186 1038 306 1092 είσιν
339 1035 526 1105 αὗται;
573 1039 671 1089 τοῦ
723 1035 816 1106 μὲν
867 1033 1119 1106 σώματος
1169 1031 1318 1100 ἥττω
1368 1028 1694 1105 φροντίζειν,
1724 1027 1813 1095 ἐπὶ

182 1126 346 1182 πλείω
379 1124 434 1181 δὲ
461 1126 558 1193 τὴν
592 1125 775 1199 ψυχὴν
806 1121 1065 1195 ἀρδεύειν·
1110 1119 1261 1175 αὗται
1294 1120 1397 1195 γάρ
1431 1118 1561 1172 εἰσιν
1592 1118 1647 1171 αἱ
1679 1118 1813 1192 πρὸς

180 1215 329 1271 αὐτόν
358 1221 636 1283 συνθῆκαι.

247 1309 330 1362 93.
387 1307 584 1376 Ὠσπερ
635 1300 691 1356 δὲ
747 1300 846 1356 οὐκ
896 1299 1136 1375 ἐγχωρεῖ
1186 1295 1281 1352 δύο
1328 1295 1525 1358 κάδους
1574 1296 1709 1351 κατὰ
1748 1295 1811 1350 τὸ

177 1395 302 1450 αὐτὸ
354 1395 562 1469 ἀνάγειν
620 1390 1093 1465 πεπληρωμένους
1154 1384 1366 1448 ὕδατος·
1423 1383 1513 1440 διὰ
1562 1385 1665 1460 γὰρ
1713 1384 1812 1438 τυῦ

176 1481 527 1559 στρεφομένου
574 1478 797 1550 ἅξωνος,
849 1480 877 1532 ὁ
931 1478 1023 1551 μὲν
1072 1477 1145 1538 εἷς
1194 1480 1394 1552 κοῦφος
1441 1476 1753 1549 κατάγεται,
1784 1474 1811 1526 6

178 1571 237 1627 δὲ
264 1572 438 1647 ἕτερος
495 1572 685 1643 μεστὸς
714 1569 981 1643 ἀνάγεται⁶
1020 1565 1191 1627 οὕτως
1223 1564 1312 1619 καὶ
1345 1564 1424 1640 ἐφ’
1452 1565 1613 1635 ἡμῷν
1651 1562 1809 1616 ἐστιν’

179 1662 300 1717 ὅταν
330 1664 429 1735 γὰρ
460 1660 559 1728 τήν
589 1664 761 1712 πᾶσαν
789 1653 1114 1729 κηδεμονίαν
1148 1657 1215 1726 τῇ
1249 1656 1402 1728 ψυχῇ
1434 1651 1810 1728 προσοίσωμεν

176 1752 525 1827 πληρωθεῖσα
576 1752 679 1802 τῶν
738 1743 921 1801 καλῶν
982 1744 1251 1819 ἀνάγεται,
1321 1746 1429 1796 τῶν
1509 1738 1810 1816 μεταρσίων

181 1843 452 1919 ἐφιεμένῃ.
484 1838 553 1893 Τὸ
586 1835 642 1891 δὲ
666 1841 825 1908 σῶμα
853 1837 1037 1906 ἡμῶν,
1062 1830 1150 1887 διὰ
1178 1838 1274 1900 τῆς
1305 1831 1582 1919 ἀσκήσεως
1611 1834 1810 1919 κοῦφον

178 1917 483 2005 γενόμενον,
536 1926 596 1982 οὐ
650 1926 818 2001 βρίθει
867 1925 965 1991 τὴν
1015 1925 1386 1997 ἡγεμονοῦσαν
1436 1917 1682 1991 δύναμιν.
1719 1918 1816 1971 Καὶ

176 2018 373 2074 τούτου
408 2018 608 2091 μάρτυς
632 2016 659 2068 6
692 2010 1049 2082 Ἀπόστολος,
1082 2010 1211 2086 φησὶ
1243 2010 1363 2085 γὸιρ⁸
1397 2011 1555 2062 Ὅσον
1581 2008 1608 2061 6
1628 2006 1820 2077 ἔξωθεν

180 2113 335 2181 ἡμῶν
385 2106 663 2179 ἄνθρωπος
713 2101 1005 2181 φθείρεται,
1054 2103 1309 2154 τοσοῦτον
1359 2101 1386 2153 6
1418 2092 1566 2152 ἔνδον
1602 2097 1819 2151 ἀνακαι-

180 2203 381 2253 νούταμ

251 2291 332 2344 94.
369 2288 451 2339 Ἐν
506 2304 643 2357 μονῃ
684 2274 959 2335 κ‹›ινοῦίου
989 2278 1315 2353 τυγχάνεις;
1368 2277 1443 2348 μή
1480 2272 1818 2347 μεταλλάξῃς

178 2378 270 2433 τὸν
299 2375 460 2431 τόπον
488 2395 500 2407 ι
557 2366 807 2447 βλαϐήσῃ
834 2368 934 2444 γὰρ
970 2364 1247 2441 μεγάλως.
1281 2366 1479 2439 Ὠσπερ
1508 2364 1609 2439 γὰρ
1649 2361 1817 2438 ὅρνις,

184 2461 555 2536 ἐξανισταμὲνη
604 2464 713 2514 τῶν
762 2456 903 2526 ὠῶν,
952 2451 1108 2531 οὔρια
1136 2458 1303 2508 ταῦτα
1332 2452 1419 2507 καὶ
1452 2450 1617 2527 ἄγονα
1646 2470 1818 2526 παρα-

183 2555 438 2620 σκευάζει·
519 2548 689 2609 οὐτως
765 2546 1027 2618 παρθένος
1099 2544 1135 2612 ἢ
1216 2541 1458 2616 μοναχὸς
1515 2543 1821 2614 ψυχροῢται

181 2642 272 2699 καὶ
328 2644 607 2716 νεκροῦται
664 2643 765 2705 τῆς
796 2634 1051 2704 πίστεως,
1104 2631 1269 2686 τόπον
1325 2630 1383 2685 ἐκ
1437 2628 1607 2684 τόπου
1660 2649 1820 2701 μετα-

183 2728 400 2787 ϐαίνων.

252 2824 340 2877 95.
372 2821 458 2889 Μή
511 2837 568 2871 σε
618 2812 843 2887 δελεάσῃ
890 2815 924 2882 ἡ
974 2816 1080 2867 τῶν
1111 2810 1248 2866 κατὰ
1272 2810 1364 2865 τὸν
1392 2808 1596 2881 κόσμον
1650 2806 1825 2862 πλου-

181 2909 311 2965 σίων
342 2907 540 2985 τρυφὴ,
574 2904 647 2965 ὣς
696 2925 747 2957 τι
778 2904 1056 2978 χρήσιμον
1106 2897 1327 2974 ἔχουσα.
1378 2894 1609 2965 Ἡδονῆς
1654 2894 1821 2950 ἕνεκεν

175 3001 277 3068 τὴν
312 2994 673 3070 ὀψαρτυτικήν
730 2995 935 3063 τιμῶσι
975 2989 1196 3065 τέχνην·
1257 2986 1476 3056 νηστείᾳ
1523 2985 1611 3040 καὶ
1661 2984 1821 3045 αὐτὸς

176 3087 267 3143 διὰ
292 3091 399 3141 τῶν
448 3080 680 3138 εὐτελῶν
727 3081 825 3149 τὴν
880 3077 1095 3133 ἆκείνων
1150 3076 1402 3151 εὐπορίαν
1449 3078 1556 3128 τῶν
1606 3076 1821 3149 τροφῶν
1864 3116 1871 3119 .

175 3170 548 3248 ὑπερϐάλλον.
582 3169 725 3240 Φησὶ
759 3168 884 3243 γὰρ,
917 3167 989 3228 ὡς
1030 3167 1220 3242 Ψυχὴ,
1253 3164 1303 3219 ἂν
1337 3161 1637 3235 πλησμονῇ
1668 3161 1819 3231 οὖσα,

1922 587 2221 659 loquatur,
2271 590 2412 643 dum
2463 606 2561 643 cor
2590 590 2745 643 circa
2791 588 3174 660 cogitationes
3231 596 3572 662 occupatur.

1923 677 2253 732 Cavendum
2289 693 2481 748 porro,
2514 693 2585 732 ne
2619 693 2726 733 nos
2756 692 2885 747 quae
2935 677 3161 733 divinas
3192 678 3426 733 adimus
3467 695 3577 733 nu-

1924 768 2099 837 ptias,
2129 765 2491 837 lampadum,
2526 765 2583 820 id
2616 771 2705 821 est
2740 765 3047 838 virtutum,
3072 767 3317 839 penuria
3358 767 3580 822 labore-

1925 871 2077 910 mus.
2111 854 2381 923 Alioquin
2413 854 2599 909 oderit
2630 871 2734 909 nos
2777 871 3053 925 sponsus,
3113 872 3217 910 nec
3275 854 3576 910 ullatenus

1924 943 2212 1009 admittet,
2246 944 2438 998 sinon
2478 943 2766 1012 acceperit
2804 942 3113 1015 promissa.
3148 946 3421 1009 Quaenam
3472 943 3574 999 illa

1923 1032 2097 1088 sunt?
2156 1033 2415 1104 corporis
2461 1032 2745 1087 minorem
2787 1049 2985 1088 curam
3031 1049 3249 1105 gerere,
3311 1033 3566 1088 animam

1923 1131 2118 1178 autem
2158 1121 2380 1193 largius
2430 1120 2699 1191 irrigare:
2734 1122 2854 1177 haec
2910 1127 3049 1178 sunt
3105 1128 3270 1194 pacta
3308 1139 3441 1179 cum
3474 1122 3570 1178 ille

1920 1210 2085 1266 inita.

1990 1301 2079 1355 93.
2106 1299 2267 1355 Sicut
2296 1305 2492 1355 autem
2524 1316 2693 1355 nemo
2735 1304 2927 1371 potest
2971 1302 3119 1356 duas
3160 1300 3367 1356 situlas
3417 1317 3570 1372 aqua

1922 1387 2125 1461 plenas
2158 1406 2272 1443 una
2298 1388 2532 1457 tollere;
2559 1405 2693 1444 nam
2727 1406 2829 1460 per
2849 1405 3016 1444 axem
3040 1393 3140 1461 qui
3164 1390 3425 1461 vertitur,
3455 1388 3568 1444 alia

1922 1494 2103 1532 vacua
2124 1477 2475 1540 demittitur,
2499 1476 2615 1532 alia
2637 1477 3108 1549 plenaelevatur;
3137 1479 3377 1549 perinde
3400 1478 3570 1533 nobis

1923 1568 2227 1639 contingit.
2253 1568 2394 1621 Cum
2418 1567 2561 1622 637
2602 1572 2782 1622 totam
2800 1568 2956 1622 enim
2981 1566 3432 1623 sollicitudinem
3457 1567 3575 1622 ani-

1925 1675 2031 1712 mas
2069 1655 2552 1727 impenderimus,
2608 1657 2773 1712 bonis
2822 1658 3032 1713 referta
3080 1657 3344 1712 evehitur
3390 1657 3572 1713 subli-

1924 1747 2044 1801 mia
2073 1750 2371 1817 appetens.
2408 1744 2630 1816 Corpus
2661 1749 2858 1800 autem
2891 1752 3181 1810 nostrum,
3223 1762 3325 1816 per
3366 1747 3574 1801 duram

1924 1833 2399 1889 exercitationem
2431 1833 2555 1888 leve
2584 1834 2878 1901 effectum,
2910 1851 3024 1889 non
3056 1834 3332 1905 deprimit
3355 1840 3575 1904 partem

1929 1922 2090 1977 illam
2134 1921 2455 1993 principem
2516 1940 2583 1977 ac
2643 1925 3066 1979 moderantem.
3133 1924 3313 1995 Cujus
3363 1924 3443 1979 rei
3501 1928 3579 1979 te-

1930 2011 2037 2067 stis
2067 2017 2157 2067 est
2184 2010 2495 2082 Apostolus
2538 2012 2738 2067 dicens
2772 2031 2784 2068 :
2820 2014 3032 2081 Quanto
3078 2023 3264 2069 noster
3291 2015 3391 2083 qui
3444 2015 3580 2083 [oris

1927 2107 2005 2157 est
2040 2101 2198 2157 homo
2253 2102 2648 2171 corrumpitur,
2682 2106 2833 2157 tanto
2880 2103 2927 2157 is
2955 2105 3055 2173 qui
3082 2106 3232 2157 intus
3279 2107 3359 2157 est
3417 2118 3574 2158 reno-

1926 2194 2088 2245 vatur
2106 2190 2169 2243 δί.

1998 2280 2086 2333 94.
2120 2279 2232 2350 (94)
2270 2284 2333 2333 In
2366 2280 2723 2334 monasterio
2766 2284 2824 2335 et
2868 2281 3129 2336 emnobio
3186 2282 3478 2337 versaris?
3506 2299 3577 2338 ne

1929 2370 2248 2426 mutaveris
2278 2369 2492 2425 locum.
2540 2370 2685 2424 Nam
2745 2371 2797 2425 id
2836 2371 2940 2425 tibi
2973 2388 3182 2442 magno
3235 2372 3344 2426 erit
3399 2374 3576 2427 detri-

1932 2466 2147 2516 mento.
2173 2460 2317 2514 Nam
2350 2460 2504 2514 sicut
2544 2460 2665 2513 avis
2697 2476 2805 2515 ova
2843 2461 3138 2527 deserens,
3196 2466 3365 2516 vento
3401 2478 3580 2533 expo-

1930 2550 2044 2607 sita
2074 2548 2172 2603 illa
2193 2556 2249 2603 et
2276 2548 2590 2603 infecunda
2612 2548 2825 2617 reddit,
2846 2550 2931 2604 sic
2954 2550 3113 2620 virgo
3146 2549 3231 2605 vel
3258 2550 3582 2606 monachus

1932 2639 2127 2694 locum
2161 2655 2229 2693 ex
2258 2636 2382 2693 loco
2415 2643 2651 2693 mutans
2684 2638 2740 2692 in
2800 2638 2914 2694 ﬁde
2950 2638 3208 2710 frigescit
3252 2656 3319 2694 ac
3366 2640 3582 2695 exstin-

1932 2728 2153 2800 guitur.

2002 2818 2091 2871 95.
2127 2818 2237 2886 (95)
2277 2816 2357 2871 Ne
2406 2823 2462 2871 te
2508 2816 2801 2887 decipiant
2843 2817 3089 2872 divitum
3150 2818 3329 2889 hujus
3386 2818 3585 2873 szsculi

1932 2906 2171 2969 deliciae,
2191 2906 2359 2977 quasi
2384 2905 2524 2960 utile
2546 2905 2848 2977 quidpiam
2874 2906 3144 2961 habeant.
3170 2909 3582 2978 Coquinariam

1933 2995 2015 3049 illi
2048 3000 2231 3049 artem
2266 2994 2583 3065 voluptatis
2606 3011 2784 3049 causa
2807 2995 3008 3049 colunt
3027 3001 3083 3049 et
3107 2997 3304 3067 magni
3332 2995 3578 3051 faciunt:

1931 3089 1991 3139 tu
2026 3101 2159 3139 vero
2180 3083 2808 3154 jejuniociborumqus
2842 3085 3063 3139 vilitate
3093 3101 3293 3139 eorum
3354 3086 3581 3157 copiam

1931 3178 2224 3244 superato.
2273 3173 2358 3226 Ait
2387 3172 2576 3227 enim:
2630 3172 2826 3226 Anima
2872 3188 2995 3244 quae
3026 3175 3080 3227 in
3141 3177 3433 3229 saturitate
3481 3180 3579 3246 est,

166 3237 392 3341 κηρίοις
439 3237 708 3333 ἐμπαίζει.
872 3237 1356 3330 ἒκορεσθῇςτᾶρτου,
1387 3253 1476 3308 καὶ
1509 3252 1607 3307 οὐκ
1634 3249 1816 3305 ὶπιθυ-

1938 3237 2071 3326 facis
2100 3260 2289 3316 ittudit
2317 3261 2383 3325 5’,
2406 3260 2486 3316 Ne
2507 3260 2737 3316 satieris
2768 3237 2938 3332 pan-e,
2972 3266 3027 3315 et
3057 3278 3165 3317 non
3217 3237 3576 3318 desiderabis

172 3356 371 3428 μήσεις
401 3349 571 3406 οἴνου.

240 3446 337 3498 96.
368 3440 503 3515 Τρία
549 3437 659 3493 ἔστὶ
708 3440 805 3490 τοῦ
852 3434 1050 3509 ἐχθροῦ
1095 3433 1162 3489 τὰ
1198 3437 1387 3509 πρῶτα
1416 3430 1705 3507 κεφάλαια,
1765 3426 1816 3498 ἐξ

168 3534 245 3587 ὤν
308 3537 451 3585 πᾶσα
496 3527 656 3582 κακία
710 3525 1013 3599 κατάγεται·
1068 3521 1344 3595 επιθυμία,
1396 3518 1594 3591 ἡδονὴ,
1644 3516 1815 3587 λύπη.

165 3627 265 3676 ’Ἐν
327 3620 378 3689 ἐξ
438 3619 547 3678 ἰνὸς
598 3620 766 3669 ταῦτα
814 3612 1071 3688 ἤρτηται,
1123 3611 1213 3666 καὶ
1269 3609 1323 3664 ἓν
1376 3610 1452 3664 ἑνὶ
1510 3607 1817 3662 ἀκολουθεῖ·

164 3712 262 3767 καὶ
293 3709 498 3780 ἡδονῆς
531 3708 623 3779 μὶν
656 3710 921 3780 κρατῆσαι
952 3701 1171 3756 δυνατὸν
1227 3700 1482 3775 μετρίως,
1531 3696 1821 3769 ἐπιθυμίας

172 3801 233 3856 δὲ
266 3798 550 3855 ἀδύνατον.
603 3798 672 3850 Τὸ
719 3799 811 3867 μὲν
843 3794 943 3869 γὰρ
968 3799 1066 3861 τῆς
1095 3789 1299 3861 ἡδονῆς
1331 3788 1419 3844 διὰ
1446 3794 1542 3844 τοῦ
1575 3790 1825 3861 σώματος

170 3890 435 3945 τελεῖται·
483 3888 545 3940 τὸ
594 3884 651 3939 δὶ
703 3884 807 3937 ἀπὸ
853 3884 1036 3956 ψυχῆς
1088 3880 1344 3956 ἄρχεται·
1398 3882 1432 3947 ἡ
1483 3876 1540 3932 δὲ
1587 3876 1733 3946 λύπη
1770 3876 1829 3930 ἐκ

167 3983 285 4034 τῶν
320 3975 641 4054 ἀμφοτέρων
690 3969 1159 4037 κατασκευάζεται.
1207 3969 1293 4037 Μὴ
1346 3967 1708 4042 συγχωρήσῃς
1734 3965 1825 4054 οὗν

164 4071 274 4138 τὴν
336 4051 619 4137 ἐπιθυμίαν
692 4061 995 4136 ἐνεργῆσαι,
1043 4058 1131 4113 καὶ
1186 4059 1253 4112 τὰ
1310 4057 1477 4112 λοιπὰ
1530 4051 1828 4109 ἀποσκεδά-

166 4180 308 4219 σεις.
344 4156 406 4211 Et
439 4153 495 4209 δὲ
533 4154 896 4228 συγχωρήσῃς
944 4148 1217 4224 προκύψαν.
1258 4148 1321 4201 τὸ
1364 4151 1603 4221 πρῶτον,
1656 4143 1826 4199 διανε-

170 4246 353 4321 μηθὲν
391 4245 520 4318 πρὸς
561 4243 622 4297 τὸ
654 4240 921 4315 δεύτερον,
952 4236 1219 4305 κυκλικὴν
1262 4233 1616 4291 ἀνταπόδοσιν
1666 4236 1834 4305 ποιη-

165 4356 367 4391 σονται
426 4333 561 4409 πρὸς
616 4330 795 4401 ὶαυτὰ,
854 4327 945 4383 καὶ
1012 4324 1267 4400 οὐδαμῶς
1340 4326 1689 4401 συγχωρήσει
1761 4327 1829 4395 τῇ

164 4428 339 4499 ψυχῇ
400 4419 729 4498 ἀνασφῆλαι.
792 4418 1094 4493 Γέγραπται
1153 4416 1276 4491 γὰρ,
1310 4415 1384 4477 ὡς
1415 4415 1502 4483 Μὴ
1538 4410 1628 4475 δὸς
1677 4409 1829 4467 ὕδατι

165 4511 446 4584 διάξοδον.

1922 3368 2146 3408 Vinum.

1996 3442 2087 3495 96.
2121 3440 2414 3495 Triasunt
2445 3438 2633 3510 prima
2680 3438 2904 3494 inimici
2959 3441 3171 3511 capita,
3231 3456 3299 3496 ex
3356 3442 3574 3513 quibus

1930 3531 2123 3586 omnis
2156 3529 2381 3584 malitia
2411 3528 2747 3584 deducitur:
2774 3530 3572 3601 concupiscentia,voluptas,

1932 3619 2109 3675 dolor.
2148 3618 2276 3673 Haec
2302 3634 2434 3672 vero
2479 3630 2664 3672 unum
2696 3634 2763 3672 ex
2820 3618 2933 3672 alio
2967 3618 3239 3688 pendent,
3291 3624 3347 3673 et
3392 3636 3576 3673 unum

1934 3707 2091 3763 aliud
2142 3705 2427 3775 sequitur.
2478 3704 2847 3775 Voluptatem
2899 3706 3268 3760 mediocriter
3309 3706 3582 3762 cohibere

1937 3812 2275 3869 possumus,
2312 3794 2844 3864 concupiscentiam
2897 3811 3009 3848 non
3046 3811 3379 3865 possumus.
3419 3798 3580 3861 Quod

1934 3883 2249 3955 voluptatis
2272 3888 2359 3937 est
2390 3898 2627 3953 corpore
2659 3883 2984 3953 peragitur;
3036 3885 3189 3954 quod
3238 3901 3369 3939 vero
3419 3885 3582 3956 cupi-

1938 3973 2162 4038 ditatis,
2197 3972 2266 4026 ab
2308 3970 2504 4025 anima
2536 3970 2771 4040 incipit;
2809 3969 2972 4025 doler
3010 3977 3205 4027 autem
3245 3989 3312 4028 ex
3344 3980 3585 4043 utroque

1939 4061 2262 4118 conficitur.
2296 4059 2376 4114 Ne
2416 4059 2774 4114 concesseris
2806 4059 2987 4130 igitur
3015 4062 3394 4132 cupiditatem
3446 4079 3585 4133 ope-

1941 4150 2076 4220 rari,
2110 4155 2164 4204 et
2208 4148 2433 4219 reliqua
2491 4147 2827 4218 dissipabis.
2888 4148 2944 4203 Si
2994 4154 3186 4204 autem
3232 4151 3588 4206 concesseris

1943 4245 2008 4295 ut
2033 4243 2303 4309 erumpat
2331 4236 2608 4306 primum,
2655 4236 2810 4307 quod
2868 4237 2940 4292 ad
2990 4238 3312 4293 secundum
3348 4239 3586 4311 vergit:

1942 4327 2207 4384 circulari
2233 4331 2390 4381 motu
2413 4331 2728 4392 recurrent,
2746 4340 2850 4380 nec
2869 4342 3110 4397 prorsus
3131 4327 3388 4382 animam
3408 4343 3590 4383 emer-

1949 4432 2083 4489 gere
2112 4416 2328 4472 sinent.
2355 4414 2649 4486 Scriptum
2682 4419 2774 4470 est
2810 4414 2963 4469 enim
2992 4432 3006 4471 :
3038 4416 3113 4471 Ne
3159 4415 3249 4471 des
3276 4432 3453 4488 .aquw
3494 4433 3591 4473 ex-

1943 4508 2086 4561 itum
2115 4506 2181 4559 ⁵³.

244 4605 345 4659 97.
371 4602 443 4655 Οὐ
476 4605 605 4654 πᾶσι
663 4599 836 4653 πάντα
891 4594 1172 4673 συμφόρει*
1229 4593 1452 4655 ’ἕκαστος
1504 4589 1560 4647 δὲ
1595 4597 1674 4664 τῷ
1706 4590 1819 4665 ἰδίᾳ

2007 4594 2097 4648 97.
2138 4597 2262 4647 Non
2302 4592 2578 4647 omnibus
2636 4592 2835 4647 omnia
2884 4594 3256 4649 conveniunt.
3293 4594 3594 4667 Unusquis

159 4688 261 4747 voi
294 4688 781 4766 πληροφορείσθω.
812 4688 933 4743 Ὅτι
991 4682 1227 4744 πολλοῖς
1259 4682 1309 4736 ἐν
1338 4675 1598 4754 κοινοϐίῳ
1628 4682 1832 4759 συμφέ-

164 4802 283 4857 ρει,
339 4782 431 4833 καί
484 4775 677 4838 ἄλλοις
725 4776 840 4830 κατ’
890 4771 1028 4828 ἰδίαν
1063 4772 1365 4846 ἀναχωρεῖν
1398 4769 1678 4847 ὠφέλιμον
1710 4791 1836 4857 τυγ-

161 4856 368 4944 χάνει.
431 4867 637 4940 ’Όσπερ
684 4866 785 4940 γὰρ
831 4867 938 4917 τῶν
991 4865 1168 4939 φυτῶν
1231 4860 1297 4913 τὰ
1349 4861 1442 4932 μὲν
1494 4857 1545 4913 ἐν
1594 4864 1710 4920 τοῖς
1760 4856 1836 4912 δι-

164 4958 380 5032 ὐγροις
413 4954 602 5015 τόποις
636 4951 973 5029 τυγχάνοντα
1002 4946 1355 5022 εὐθαλέστερα
1392 4948 1652 5022 γίνονται,
1683 4949 1749 5001 τὰ
1779 4945 1837 5002 δὲ

163 5046 226 5101 ἰν
283 5050 413 5106 τοῖς
460 5041 772 5119 ξηροτέροις
828 5040 1206 5113 μονιμώτερα’
1268 5035 1409 5091 οὕτω
1467 5036 1553 5089 καὶ
1609 5040 1717 5089 τῶν
1749 5036 1835 5090 ἆν-

164 5135 430 5210 θρώπων
462 5134 513 5186 οἱ
549 5132 641 5203 μὶν
677 5130 727 5184 ἐν
750 5134 866 5190 τοῖς
917 5126 1279 5201 ὑψηλοτέροις
1324 5124 1515 5185 τόποις
1564 5124 1620 5177 εὖ
1668 5126 1837 5200 πράτ-

158 5244 397 5295 τουσιν,
458 5222 510 5275 οἱ
568 5218 625 5274 δὲ
683 5219 734 5275 ἐν
802 5223 919 5279 τοῖς
992 5216 1391 5291 ταπεινοτέροις
1463 5211 1838 5286 διασώζονται,

245 5422 296 5459 ⁸1
336 5421 387 5478 ΙΙ
417 5424 544 5476 Cor.
575 5435 655 5487 ιν,
692 5419 776 5474 16.
810 5418 853 5452 ⁵³
874 5416 1038 5473 Prov.
1072 5430 1243 5484 xxvn,
1275 5414 1330 5469 7.
1354 5413 1398 5447 ⁸³
1430 5411 1600 5469 Eccli.
1624 5428 1752 5484 xxv,
1786 5412 1878 5469 34.

274 5618 380 5690 94)
414 5617 515 5675 Vit.
546 5617 656 5673 PP.
692 5615 731 5671 Ι.
755 5632 809 5684 ν,
838 5614 895 5684 7,
930 5614 1015 5670 15.
1057 5609 1332 5668 Scholion
1380 5610 1472 5682 73,
1531 5609 1604 5666 ad
1664 5608 1837 5679 Grad,

155 5692 201 5751 4
240 5690 525 5749 Climaci.

483 5816 752 5880 PA'I'IOL.
782 5813 895 5877 Gn.
938 5809 1207 5879 XXVIII.

1943 4699 2052 4753 que
2082 4685 2278 4736 autem
2304 4680 2538 4751 propria
2585 4685 2779 4735 mente
2825 4681 2961 4751 quid
3000 4683 3266 4753 expediat
3318 4684 3596 4756 exploret.

1942 4769 2145 4827 Multis
2176 4770 2405 4840 expedit
2436 4785 2670 4824 manere
2703 4769 2759 4822 in
2784 4770 3069 4837 caanobio,
3103 4770 3306 4828 multis
3339 4772 3478 4829 utile
3509 4784 3594 4829 est

1945 4873 2206 4915 seorsum
2227 4856 2515 4912 secedere.
2540 4857 2681 4911 Nam
2708 4857 2857 4912 sicut
2889 4858 3223 4929 plantarum
3247 4862 3372 4915 aliae
3396 4862 3451 4916 in
3489 4863 3598 4917 hu-

1948 4947 2123 5003 midis
2153 4946 2294 5002 locis
2324 4946 2665 5001 virentiores
2697 4947 2984 5015 evadunt;
3015 4947 3138 5003 aliae
3169 4949 3224 5004 in
3258 4950 3599 5006 siccioribus

1949 5040 2175 5094 ﬁrmius
2234 5038 2578 5108 feliciusque
2622 5039 2979 5094 consistunt:
3032 5040 3111 5094 ita
3144 5040 3451 5096 hominum
3500 5042 3597 5097 alii

1949 5127 2256 5183 altioribus
2289 5126 2347 5179 in
2378 5124 2521 5180 locis
2554 5126 2730 5197 probe
2764 5126 3126 5198 feliciterque
3164 5135 3362 5199 agunt,
3396 5130 3454 5184 in
3489 5131 3595 5185 hu-

1952 5215 2280 5271 milioribus
2304 5213 2400 5269 alii
2434 5220 2872 5270 conservantur.
2894 5216 3058 5271 Multi
3084 5234 3224 5273 sane
3255 5218 3313 5271 in
3346 5219 3593 5273 civitate.

2021 5607 2134 5681 (95)
2169 5608 2270 5665 Vit.
2302 5609 2411 5664 PP.
2435 5607 2476 5664 1.
2500 5625 2560 5679 ν,
2584 5609 2636 5679 4,
2660 5610 2748 5665 43.

3242 5815 3318 5875 49
