4002 6206
490 345 643 404 1547

1659 343 1723 403 s.
1772 340 2299 402 ATHANASIUS.
2336 371 2414 384 —
2445 300 2759 402 senum.

3532 89 3928 359 Ἦ

3677 350 3787 411 ifilli

490 493 624 532 cum
655 492 724 532 ea
747 491 870 546 quae
902 474 961 530 in
991 490 1183 531 eremo
1224 477 1536 545 agerentur
1577 474 1859 529 memoria
1914 472 2129 529 recole-

2251 468 2459 526 Ηολλοὶ
2519 470 2609 524 οὗν
2670 469 2719 522 ἐν
2780 469 2965 538 πόλει,
3012 470 3079 525 τὰ
3102 476 3203 540 τῆς
3237 470 3436 546 ἐρήμου
3464 474 3786 549 prastinem,

490 570 640 631 rent,
665 564 916 620 salutem
931 568 1068 618 sunt
1091 563 1387 618 consecuti
1415 562 1618 618 :multi
1646 562 1821 617 etiam
1863 562 1921 616 in
1947 566 2145 616 monte

488 660 790 709 versantes
814 652 1132 725 perierunt,
1159 652 1297 722 quia
1327 652 1424 706 illa
1454 657 1689 723 agerent
1734 668 1860 723 quis
1901 650 2144 723 p0pula-

493 743 658 799 ribus
702 747 930 797 tantum
979 744 1393 813 competerent.
1458 740 1599 794 Fieri
1648 756 1899 811 namque
1959 739 2147 810 potest

494 838 561 887 ut
589 832 685 902 qui
717 847 849 887 cum
876 831 1144 902 pluribus
1175 834 1459 895 versatur,
1493 830 1689 885 animo
1718 830 2012 885 solitarius
2042 830 2143 898 sit;

497 925 555 976 et
572 918 847 990 quisolus
876 923 987 988 est,
1012 936 1145 974 cum
1177 919 1349 973 turba
1383 924 1577 973 mente
1606 924 1888 975 versetur.

566 1010 654 1063 98.
700 1009 812 1081 (96)
862 1008 1023 1064 Multi
1066 1012 1204 1063 sunt
1257 1008 1472 1063 diaboli
1521 1008 1727 1063 aculei.
1788 1008 1912 1063 Non
1962 1010 2149 1080 potuit

497 1102 838 1171 paupertate
867 1097 1129 1153 animum
1160 1097 1487 1152 dimovere?
1516 1097 1749 1152 divitias
1770 1098 1935 1153 slfert
1966 1099 2025 1153 in
2056 1115 2148 1153 os-

497 1204 648 1243 cam.
683 1187 791 1241 Per
821 1185 1206 1242 contumelias
1227 1191 1283 1241 et
1314 1187 1625 1257 approbria
1655 1203 1767 1241 non
1801 1186 2148 1258 praevaluit?

495 1276 701 1331 laudes
732 1275 973 1330 adhibet
992 1280 1167 1345 atque
1197 1274 1461 1343 gloriam.
1496 1276 1603 1329 Per
1632 1276 1941 1331 sanitatem
1989 1276 2145 1331 devi-

496 1372 628 1419 ctus
649 1363 777 1419 est?
807 1364 1077 1418 morbum
1109 1363 1369 1418 immittit
1390 1364 1635 1433 corpori.
1667 1365 1809 1418 Cum
1841 1365 1998 1419 enim
2046 1381 2147 1421 vo-

497 1452 826 1524 luptatibus
850 1469 965 1507 non
989 1452 1540 1523 potueritdeoipere,
1559 1452 2146 1521 perinvitoslabores,

499 1542 706 1597 animas
759 1557 961 1613 parare
1009 1545 1254 1596 conatur
1300 1542 1678 1611 eversionem,
1728 1540 2145 1613 inconsultam,

500 1647 605 1686 nec
626 1636 1033 1702 spontaneum.
1065 1630 1293 1685 Morbos
1322 1630 1479 1684 enim
1503 1629 1884 1701 gravissimos
1907 1629 2146 1702 injicere

500 1718 883 1792 permittitur,
917 1719 1135 1790 quibus
1173 1723 1361 1774 tentat
1415 1718 1683 1774 homines
1732 1720 1790 1774 in
1836 1719 2146 1792 segnitiem

499 1808 806 1880 conjicere,
832 1823 1155 1880 eorumque
1185 1823 1322 1877 erga
1346 1812 1526 1862 Deum
1549 1807 2144 1864 charitatemcontur-

2255 557 2553 629 ἐσώθησαν·
2586 558 2676 612 καὶ
2706 557 2938 630 πολλοὶ,
2972 559 3023 614 ἐν
3056 554 3168 634 ὅρει
3200 557 3363 631 ὄντες,
3392 562 3451 616 τὰ
3484 567 3577 617 τῶν
3603 562 3787 636 δημοτῶν

2253 645 2600 721 πράττοντες,
2652 645 2964 706 ἀπώλοντο,
3024 649 3253 703 Δυνατὸν
3307 650 3432 721 μετὰ
3476 648 3668 706 πολλῶν
3708 650 3791 709 ἔπι

2260 735 2505 807 μονάζειν
2563 739 2631 809 τῇ
2679 736 2891 810 γνώμῃ,
2941 735 3032 791 καί
3081 738 3245 810 μόνον
3287 734 3409 792 ὄντα
3440 740 3559 812 μετᾶ
3584 737 3726 815 ὄχλων
3748 750 3791 815 τῇ

2257 821 2469 895 διανοίᾳ
2498 821 2816 901 συνδιάγειν.

2328 999 2521 1056 Πολλὰ
2573 1007 2670 1057 τοῦ
2729 998 2991 1058 διαϐόλου
3047 1004 3113 1059 τὰ
3171 1004 3381 1081 κέντρα.
3437 1008 3526 1061 Διὰ
3582 1008 3724 1069 πινέις
3762 1010 3800 1063 05

2260 1091 2577 1161 μετεκίνησε
2606 1094 2818 1167 ψυχήνς
2848 1090 3086 1148 πλοῦτον
3119 1094 3374 1171 προσάγει
3427 1095 3495 1157 είς
3542 1093 3719 1171 δέλεαρ.
3758 1107 3806 1152 Δι’

2258 1174 2464 1255 ὕϐρεων
2523 1181 2613 1234 καὶ
2663 1180 2986 1255 ὀνειδισμῶν
3054 1182 3153 1238 οὐκ
3199 1182 3436 1259 ἴσχυσεν,
3502 1185 3705 1245 ἐπαίνους
3746 1188 3802 1239 ιιιὶ

2259 1262 2411 1336 δόξαν
2470 1264 2863 1341 προϐάλλεται.
2915 1271 3013 1323 Διά
3058 1276 3159 1338 τῆς
3210 1270 3391 1344 ὑγείας
3436 1273 3657 1340 ἡττήθη;
3702 1294 3805 1326 vora-

2266 1360 2406 1408 ποιεῖ
2432 1356 2494 1409 τὸ
2522 1359 2697 1427 σῶμα.
2749 1362 2877 1419 Ταῖς
2926 1359 3029 1432 γὰρ
3078 1355 3302 1427 ἡδοναῖς
3348 1359 3422 1430 μή
3454 1356 3668 1426 δυνηθεὶς
3714 1362 3804 1413 ἁπι-

2256 1449 2437 1512 τῆσαι,
2472 1440 2561 1497 διὰ
2589 1448 2693 1497 τῶν
2724 1446 2989 1500 ἀκουσίων
3016 1446 3193 1500 πόνων
3241 1447 3343 1515 τὴν
3398 1449 3707 1523 παρατροπὴν
3742 1456 3807 1516 τῆς

2256 1535 2443 1607 ψυχῆς
2478 1540 2722 1609 πειρᾶται
2766 1542 2991 1604 ποιῆσαι
3040 1535 3395 1612 ἀπροαίρετον
3430 1536 3513 1591 καὶ
3560 1531 3807 1607 ἀϐούλητον.

2257 1620 2462 1683 Νόσους
2492 1624 2591 1698 γάρ
2648 1644 2799 1686 τινας
2842 1624 2931 1678 καὶ
2986 1626 3287 1699 βαρυτάτας
3346 1624 3396 1696 ἕξ
3424 1626 3663 1696 αίτησεως
3700 1648 3811 1699 προε-

2255 1709 2397 1784 άγει,
2446 1713 2583 1784 πρὸς
2624 1714 2687 1768 τὸ
2732 1711 2821 1768 διὰ
2847 1713 3055 1769 τούτων
3091 1713 3535 1791 ὀλιγωρήσαντας
3562 1715 3811 1770 ἐπιθολῶσιι

2257 1798 2431 1855 αὐτῶν
2484 1802 2583 1870 τὴν
2642 1802 2779 1877 πρὸς
2826 1803 2954 1857 Θεὸν
3006 1802 3245 1878 ἀγάπην.
3294 1802 3450 1858 Ἀλλ’
3499 1804 3539 1858 εἰ
3581 1804 3655 1858 καὶ
3701 1824 3813 1859 κατει-

496 1899 656 1953 bare.
691 1897 802 1953 Sed
836 1896 1177 1968 sivecorpus
1199 1895 1543 1965 conciditur,
1594 1912 1660 1951 ao
1706 1896 2140 1953 vehementissi-

2254 1889 2502 1961 τέμνεται
2529 1891 2591 1944 τὸ
2646 1895 2825 1964 σῶμα,
2857 1892 2947 1946 καὶ
2993 1898 3249 1967 πυρετοῖς
3293 1890 3660 1969 σφοδροτάτοις
3702 1914 3812 1946 κπα-

500 1985 614 2040 mis
638 1984 895 2040 febribus
938 1985 1361 2049 inﬂammatur,
1412 2001 1476 2039 ac
1525 1984 1755 2040 etiamsi
1792 1984 2147 2041 intolerabili

499 2075 597 2129 siti
629 2074 1012 2141 excrucietur,
1046 2072 1093 2129 si
1117 2073 1353 2143 quidem
1378 2078 1643 2143 peccator
1671 2090 1803 2128 cum
1844 2075 1927 2130 sis
1952 2074 2149 2130 isthaac

498 2163 1063 2234 pateris,recor.lare
1105 2163 1434 2217 futurorum
1491 2163 1941 2233 suppliciorum,
1993 2164 2147 2235 ignis

498 2252 715 2315 aeterni,
748 2266 1166 2321 poenarumque
1187 2248 1411 2319 judicio
1446 2248 1928 2321 inﬂigendarum:
1960 2268 2149 2323 neque

496 2340 557 2394 in
591 2338 881 2410 prxsenti,
914 2338 1142 2393 socordi
1167 2344 1342 2409 atque
1372 2339 1598 2407 abjecto
1628 2339 1825 2393 animo
1858 2340 1993 2394 eris.
2029 2341 2145 2395 La;-

496 2434 621 2483 tare
648 2428 785 2499 quia
838 2426 1092 2482 visitavit
1140 2431 1194 2481 te
1254 2428 1554 2497 Dominus,
1610 2432 1785 2498 atque
1835 2428 2146 2500 pulchrum

495 2516 641 2573 illud
674 2517 895 2571 dictum
932 2516 987 2570 in
1016 2531 1114 2570 ore
1146 2516 1331 2570 habe:
1385 2516 1671 2587 Castigans
1729 2519 2020 2585 castigavit
2062 2535 2148 2574 me

496 2607 781 2672 Dominus,
812 2610 863 2659 et
893 2607 1064 2659 morti
1113 2605 1328 2676 peccati
1366 2622 1472 2660 non
1530 2605 1768 2660 tradidit
1797 2623 1880 2661 me
1897 2606 1959 2661 “.
2018 2607 2143 2661 Fer—

498 2710 630 2749 rum
679 2710 828 2762 eras,
888 2694 988 2747 sed
1032 2693 1164 2764 igne
1205 2693 1534 2765 rubiginem
1591 2695 1839 2749 amittis.
1892 2696 2052 2758 Quod
2096 2696 2142 2750 si

498 2783 674 2839 etiam
700 2782 915 2853 probus
952 2797 1035 2847 es,
1085 2780 1424 2836 inﬁrmitate
1456 2782 1692 2847 teneris,
1727 2800 1759 2837 a
1809 2784 2039 2854 magnis
2070 2784 2143 2838 ad

499 2872 723 2941 majora
753 2870 1139 2942 progrederis.
1167 2872 1389 2925 Aurum
1421 2888 1481 2925 es
1503 2889 1514 2925 :
1540 2876 1599 2925 at
1629 2887 1731 2943 per
1765 2872 1958 2942 ignem
2010 2888 2142 2942 pro-

496 2960 687 3016 batior
715 2959 929 3015 evadis.
965 2959 1147 3014 Datus
1174 2965 1262 3014 est
1282 2960 1387 3014 tibi
1420 2960 1698 3031 carnique
1731 2965 1844 3015 tua:
1898 2960 2142 3031 angelus

496 3050 745 3115 Satanae,
772 3047 1019 3103 exsulta.
1053 3047 1198 3103 Vide
1228 3048 1320 3102 cui
1352 3048 1561 3103 similis
1599 3050 1839 3104 effectus
1886 3050 2004 3104 sis:
2039 3051 2140 3104 do-

493 3142 671 3193 natus
700 3153 762 3193 es
796 3134 959 3191 Pauli
994 3153 1254 3192 munere.
1285 3138 1458 3191 Febre
1490 3138 1775 3208 probaris,
1809 3138 1998 3208 rigore
2015 3155 2140 3193 eru-

493 3226 658 3293 diris,
690 3231 750 3282 at
779 3225 1081 3297 Scriptura
1110 3225 1286 3280 dicit:
1326 3227 1699 3281 Transivimus
1734 3242 1833 3297 per
1871 3228 2052 3297 ignem
2082 3233 2138 3282 et
2166 3248 2208 3313 ρ

490 3332 699 3387 aquam
718 3315 779 3369 ⁵⁵.
813 3314 972 3379 Quod
1005 3318 1290 3385 superest,
1324 3318 1591 3385 paratum
1625 3314 1985 3386 refrigerium
2027 3321 2136 3371 est.

492 3407 852 3460 Consecutus
873 3418 934 3456 es
959 3401 1236 3472 primum,
1284 3403 1435 3457 638
1484 3404 1807 3458 secundum
1848 3410 2136 3476 exspecta.

496 3499 646 3549 Dum
699 3490 981 3563 operaris,
1028 3490 1290 3546 exclama
1319 3490 1438 3546 hinc
1472 3492 1704 3547 Davidis
1745 3494 1917 3549 verba
1948 3494 2136 3565 profe-

493 3599 660 3640 rens:
685 3580 839 3651 Inops
886 3584 937 3635 εἰ
978 3595 1191 3651 pauper
1229 3590 1283 3635 et
1331 3580 1515 3636 dolens
1552 3598 1675 3636 sum
1714 3599 1809 3653 ego
1842 3584 1905 3637 ⁵⁸.
1946 3583 2136 3639 Perfe-

493 3675 625 3730 ctus
653 3670 767 3727 eris
802 3686 904 3742 per
958 3668 1279 3723 ternarium
1329 3685 1663 3725 numerum.
1718 3672 1817 3726 Ait
1855 3672 2042 3727 enim:
2075 3674 2138 3727 In

495 3761 855 3816 tribulatione
883 3758 1134 3813 dilatasti
1158 3759 1301 3813 mihi
1320 3758 1383 3813 ⁸⁷.
1438 3758 1537 3813 His
1575 3758 1826 3815 maxime
1872 3759 2138 3815 certami-

492 3848 671 3905 nibus
683 3847 896 3903 animis
926 3862 1323 3905 exerceamur:
1341 3863 1456 3918 prae
1470 3845 1654 3903 oculis
1675 3848 1827 3903 enim
1849 3847 2135 3907 habemus

490 3937 915 3994 adversarium.

558 4114 647 4168 99.
680 4112 793 4185 (9'7)
835 4112 917 4169 Ne
960 4112 1154 4167 animo
1184 4112 1622 4179 contristamur,
1661 4130 1793 4169 cum
1841 4130 1943 4186 per
1970 4115 2134 4169 infir-

487 4204 753 4258 mitatem
787 4217 852 4256 ac
873 4199 1085 4255 vulnus
1115 4200 1373 4272 corporis
1400 4217 1516 4255 non
1550 4218 1866 4272 possumus
1888 4206 2039 4258 stare
2060 4204 2130 4258 ad

485 4291 832 4353 orationem,
868 4292 969 4344 aut
989 4304 1124 4343 voce
1146 4287 1394 4358 psallere
1423 4306 1435 4343 :
1461 4289 1660 4344 omnia
1679 4289 1793 4345 ista
1822 4291 1987 4346 nobis
2011 4310 2136 4361 pro-

485 4379 699 4435 derunt
730 4378 801 4433 ad
825 4377 1215 4448 cupiditatum
1254 4376 1633 4432 eversionem.
1672 4378 1819 4434 Nam
1869 4382 2135 4451 jejunare

484 4484 551 4525 ac
582 4467 746 4522 humi
778 4466 1246 4535 cubarejussum
1282 4466 1450 4520 nobis
1507 4472 1595 4520 est
1634 4468 1704 4521 ad
1761 4470 2134 4539 turpissimae

482 4555 813 4626 voluptates
836 4553 1233 4609 declinandas.
1268 4553 1326 4608 Si
1359 4569 1494 4624 ergo
1537 4570 1634 4608 eas
1667 4557 1906 4611 morbus
1964 4560 2133 4615 obtu-

2259 1977 2535 2055 φλέγεται,
2569 1977 2644 2034 ἔτι
2681 1982 2787 2053 μὴν
2819 1981 2909 2035 καὶ
2936 1979 3076 2055 δίψει
3110 1981 3312 2054 άνιάτῳ
3343 1982 3432 2036 καὶ
3481 1981 3669 2057 ἆσχέτῳ
3706 2002 3814 2034 κιτι-

2257 2063 2520 2122 θλίόεται·
2580 2069 2625 2123 εἷ
2686 2070 2780 2141 μὲν
2842 2069 3168 2145 ἁμαρτωλὸς
3228 2070 3299 2123 ὥν
3365 2069 3521 2127 ταῦτα
3584 2072 3810 2146 ὑφίστασαι,

2260 2156 2642 2228 ὑπομνήσθητι
2688 2165 2789 2227 τῆς
2842 2157 3154 2231 μελλούσης
3194 2158 3495 2230 κολάσεως,
3524 2160 3601 2213 καὶ
3629 2158 3811 2212 2031:19-

2256 2244 2368 2298 νίου
2415 2246 2585 2320 πυρὸς
2638 2247 2727 2301 καὶ
2774 2252 2881 2300 τῶν
2928 2245 3250 2302 δικαστικᾶη
3308 2254 3599 2323 τιμωριῶν,
3636 2248 3706 2301 καὶ
3748 2248 3814 2302 οὖι

2255 2332 2621 2407 ὀλιγωρήσεις
2653 2335 2787 2409 πρὸς
2836 2338 2903 2390 τά
2949 2337 3204 2411 παρόντα.
3257 2337 3483 2411 Χαίρου,
3534 2336 3605 2391 δτι
3654 2336 3812 2389 ἐπεσκό-

2253 2423 2394 2492 πησᾶ
2442 2442 2499 2477 σε
2530 2424 2559 2477 ὁ
2620 2423 2838 2499 Κύριος,
2887 2424 2977 2478 καὶ
3032 2426 3094 2479 τὸ
3152 2422 3402 2503 εὔφημον
3444 2422 3500 2479 δὲ
3528 2424 3676 2480 ἐκεῖνο
3699 2424 3812 2499 ῥητὸν

2254 2510 2342 2565 ἐπὶ
2389 2518 2488 2581 τῆς
2546 2511 2800 2588 γλώσσης
2859 2510 2975 2589 ἔχε,
3034 2514 3107 2576 ὡς
3159 2512 3443 2569 Παιδεύων
3500 2512 3728 2569 ἰπαίόιυσξ
3771 2534 3814 2583 με

2255 2602 2282 2654 ὁ
2343 2600 2560 2676 Κύριος
2620 2607 2697 2672 τῷ
2756 2600 2812 2656 δὶ
2864 2603 3075 2675 θανάτῳ
3147 2611 3246 2672 τῆς
3317 2602 3575 2679 ἁμαρτίας
3626 2602 3677 2657 ού
3723 2622 3817 2675 παρ-

2252 2687 2419 2743 έδωκὲ
2453 2710 2538 2757 με.
2572 2687 2809 2765 Σίδηρος
2833 2690 3147 2767 ἐτκγχανες,
3174 2691 3319 2747 ἀλλά
3366 2690 3453 2746 διὰ
3472 2698 3562 2747 τοῦ
3588 2693 3725 2766 πυρὸς
3754 2692 3815 2745 τὸν

2254 2776 2331 2830 ἰὸν
2363 2774 2674 2851 ἀποϐάλλῃ,
2710 2779 2771 2832 Ei
2803 2776 2858 2833 δὲ
2888 2780 2977 2833 καὶ
3027 2777 3233 2841 δίκαιος
3284 2780 3361 2835 ὥν
3417 2780 3702 2857 ἆῤῥωστιῑς,
3746 2779 3815 2832 ἀπὸ

2248 2870 2355 2919 τῶν
2390 2866 2638 2942 μεγάλων
2696 2866 2782 2921 ἐπὶ
2840 2868 2907 2922 τὰ
2947 2868 3114 2940 μείζω
3144 2869 3494 2943 προκόπτεις,
3553 2870 3729 2941 Χρυσὸς
3771 2868 3815 2933 εί,

2250 2954 2397 3010 ἀλλὰ
2444 2953 2532 3010 διὰ
2560 2954 2656 3010 τοῖ’)
2679 2957 2847 3031 πυρὸς
2875 2954 3245 3031 δοκιμώτερος
3274 2960 3424 3033 γίνη.
3459 2956 3633 3026 Ἐδόθη
3660 2958 3814 3029 σοι

2246 3043 2409 3121 γελος
2442 3051 2614 3099 Σατᾶν
2664 3050 2733 3119 τῇ
2792 3047 2968 3122 σαρκὶ,
3016 3046 3289 3122 ἀγαλλιῶ,
3339 3048 3505 3122 βλέπε
3531 3048 3624 3102 τίνι
3673 3048 3814 3117 ὅμοιος

2245 3133 2490 3208 γέγονας.
2548 3140 2649 3202 τῆς
2705 3137 2804 3211 γὰρ
2838 3135 3053 3191 Παύλου
3109 3134 3316 3212 δωρεᾶς
3346 3140 3597 3208 ἡξιώθης.
3628 3138 3707 3190 Διὰ
3747 3132 3813 3189 τοτα

2246 3220 2480 3297 πυρετοῦ
2512 3220 2797 3297 δοκιμάζῃ·
2849 3222 2937 3279 διὰ
2985 3225 3170 3300 ῥίγους
3221 3224 3482 3301 παιδεύῃ’
3533 3226 3662 3281 ἀλλὰ
3702 3245 3815 3301 φησιν

2247 3312 2283 3380 ἡ
2318 3314 2525 3389 Γραφή·
2588 3311 2894 3383 Διήλθομεν
2956 3312 3044 3368 διὰ
3100 3316 3268 3389 πυρὸς
3329 3316 3420 3369 καὶ
3492 3312 3683 3375 ὕδατος.
3730 3322 3817 3366 Λοι-

2247 3398 2348 3453 πὸν
2375 3398 2436 3453 τὸ
2467 3400 2867 3477 ἀναψυκτήριον
2899 3402 3248 3475 ἡτοίμασται.
3290 3406 3527 3480 ’Έτυχες
3576 3407 3666 3457 τοῦ
3711 3402 3819 3475 πρώ-

2245 3508 2364 3557 του,
2398 3487 2674 3564 προσδόκα
2719 3490 2782 3545 τὸ
2841 3488 3108 3565 δεύτερον,
3165 3494 3426 3567 Πράττων
3482 3494 3698 3566 hiqua]
3751 3490 3818 3562 βάς

2244 3578 2312 3631 τὰ
2339 3576 2434 3632 τοῦ
2466 3578 2625 3653 ἇγίου
2682 3577 2851 3655 Δαβὶδ
2913 3579 3150 3654 ῥήματα·
3210 3582 3342 3658 φησὶ
3404 3582 3527 3657 γὰρ,
3580 3581 3649 3642 ὡς
3694 3581 3821 3646 HM:

2244 3666 2332 3721 καὶ
2392 3668 2616 3743 πτωχὸς
2673 3668 2761 3723 καὶ
2820 3668 3000 3745 ἀλγῶν
3061 3669 3175 3741 είμι
3234 3669 3363 3745 ἐγώ.
3424 3671 3627 3729 Τέλειος
3674 3670 3819 3742 γενιξςτ.

2245 3752 2335 3810 διὰ
2362 3764 2461 3826 τῆς
2492 3754 2736 3831 τριάδος.
2773 3757 2869 3811 Καὶ
2934 3758 3033 3833 γάρ
3092 3779 3271 3836 φησιν.
3334 3762 3428 3814 Ἐν
3491 3758 3656 3831 θλίψει
3704 3754 3819 3811 ἔπλει-

2240 3848 2401 3908 τυνάς
2437 3867 2522 3918 με.
2556 3848 2642 3902 Ἐν
2680 3847 2895 3908 τούτοις
2956 3846 3192 3919 μάλιστα
3236 3851 3358 3910 τοῖς
3419 3848 3712 3922 γυμνασίοις
3752 3845 3818 3903 τὶς

2242 3935 2424 4011 ψυχὰς
2481 3936 2827 4009 ἆσκηθῶμεν⁶
2886 3934 2969 3991 ὄπ’
3024 3936 3331 4013 ὀφθαλμοῖς
3391 3938 3495 4013 γὰρ
3528 3937 3711 4013 ὁρῶμεν
3756 3933 3817 3987 τὸν

2242 4022 2538 4078 ἀντίπαλον
2548 4068 2560 4080 .

2314 4116 2401 4170 99.
2437 4114 2525 4183 Μὴ
2560 4110 2916 4185 λυπηθῶμεν,
2976 4113 3050 4175 ὡς
3103 4110 3192 4167 διὰ
3231 4114 3333 4182 τὴν
3370 4112 3631 4178 ἀσθένειαν
3655 4112 3725 4165 καὶ
3749 4110 3815 4175 τὴν

2242 4200 2466 4276 πληγὴν
2502 4206 2601 4257 τοῦ
2650 4203 2901 4273 σώματος
2938 4203 3014 4275 μή
3048 4200 3333 4275 δυνάμενοι
3366 4203 3445 4265 εἷς
3478 4203 3637 4279 ιῦχήν
3664 4208 3817 4268 στῆναι,

2243 4292 2277 4359 ἢ
2311 4289 2540 4363 ψάλλειν
2578 4290 2711 4363 μετᾶ
2740 4298 2945 4368 φωνῆς’
2996 4293 3166 4345 πάντα
3194 4293 3331 4363 ἡμῖν
3363 4297 3531 4346 ταῦτα
3558 4290 3701 4359 ἤνυτο
3724 4289 3819 4359 πρὸς

2244 4378 2545 4455 καθαίρεσιν
2574 4378 2897 4452 ἐπιθυμιῶν.
2938 4380 3032 4434 Καὶ
3063 4380 3164 4455 γὰρ
3214 4381 3437 4449 νηστεία
3479 4382 3564 4435 καὶ
3617 4376 3820 4455 χαμευνίπ

2244 4466 2332 4523 διὰ
2381 4470 2475 4529 τὰς
2531 4468 2849 4543 αἰσχίστους
2893 4471 3027 4540 ἡμῖν
3057 4466 3256 4537 ἡδονὰς
3295 4471 3734 4542 νενομοθέττινται.
3775 4462 3817 4519 Εἴ

2243 4555 2335 4611 οὖν
2380 4559 2414 4625 ἡ
2464 4556 2617 4618 νόσος
2671 4556 2866 4618 ταύτας
2924 4552 3193 4629 ἤμϐλυνε,
3250 4560 3506 4632 περιττὸς
3553 4551 3818 4615 ὁπόνος.ΐῖ

486 4619 660 4711 derit,
691 4644 1022 4713 superﬂuus
1062 4648 1151 4697 est
1180 4641 1362 4697 labor.
1416 4619 1529 4696 (Eur
1568 4642 1698 4698 dico
1747 4644 2132 4716 superﬂuus?

2251 4644 2298 4701 5‘s
2330 4619 2476 4720 λέγω
2502 4645 2753 4721 περιττός
2784 4665 2797 4714 ;
2831 4619 3011 4719 ὥσπερ
3042 4646 3145 4722 γὰρ
3178 4619 3405 4719 Ῐμείζονί
3435 4669 3540 4702 τινι
3579 4645 3657 4700 καί
3707 4644 3814 4715 ἔσχ»-

482 4732 621 4803 quia
652 4736 930 4801 tanquam
968 4730 1217 4801 graviori
1255 4730 1595 4801 fortiorique
1621 4734 1895 4802 remedio,
1921 4753 2130 4810 nempe

481 4820 686 4876 morbo
718 4818 981 4873 lethit‘era
1003 4823 1397 4891 symptomata
1417 4820 1608 4891 sopita
1620 4827 1775 4876 sunt.
1801 4828 1989 4895 Atque
2012 4827 2129 4882 haec

480 4914 570 4965 est
592 4925 805 4979 magna
851 4908 1204 4975 exercitatio,
1254 4908 1488 4963 morbos
1538 4908 1823 4981 patienter
1865 4912 2034 4982 ferre,
2076 4920 2132 4971 et

480 4999 801 5073 gratiarum
832 4996 1079 5051 actionis
1102 4996 1355 5068 hymnos
1386 4997 1502 5053 Deo
1529 5000 1813 5055 emittere.
1858 5004 2130 5076 Adempti

480 5088 651 5143 nobis
683 5092 822 5141 sunt
851 5084 1001 5141 oculi
1022 5085 1049 5139 ?
1081 5101 1150 5140 ne
1182 5085 1434 5157 graviter
1472 5086 1751 5157 feramus,
1802 5092 1961 5162 quia,
1999 5093 2132 5150 licet

478 5174 835 5233 insatiabilis
896 5174 1236 5246 cupiditatis
1286 5174 1680 5233 instrumenta
1731 5180 2128 5252 amiserimus,

479 5270 739 5323 attamen
761 5264 1007 5321 internis
1039 5262 1225 5321 oculis
1253 5264 1722 5337 contemplamur
1741 5267 1989 5339 gloriam
2019 5272 2130 5327 Do-

2241 4737 2448 4810 ροτέρῳ
2495 4735 2764 4808 φαρμάκῳ
2818 4740 2893 4809 ’τῇ
2942 4736 3084 4807 νόσῳ
3133 4739 3198 4791 τὰ
3255 4734 3591 4815 ὀλεθροφόρα
3619 4734 3815 4807 συμπτώ-

2243 4845 2382 4898 μαια
2428 4824 2802 4895 κεκοίμηνται.
2855 4825 2951 4878 Καὶ
3002 4825 3133 4893 αὕτη
3168 4824 3306 4879 ἐστὶν
3339 4829 3373 4894 ἡ
3441 4824 3643 4899 μεγάλη

2240 4933 2341 4985 σις,
2371 4914 2434 4966 τὸ
2461 4911 2510 4966 ἰν
2538 4917 2655 4973 ταῖς
2686 4912 2861 4973 νόσοις
2912 4911 3271 4988 ἐγκαρτερεῖν,
3305 4915 3396 4968 καὶ
3430 4911 3813 4989 εὐχαριστηρίους

2240 5001 2439 5073 ὕμνους
2525 5002 2858 5073 ἀναπέμπειν
2934 5006 3013 5072 τῷ
3085 5001 3381 5076 κρείττονι.
3483 4998 3813 5076 Ἀφαιρούμεθπ

2240 5089 2575 5166 ὀφθαλμῶνς
2616 5090 2692 5162 μὴ
2725 5090 2932 5165 βαρέως
2965 5089 3283 5165 ἐνέγκωμεν·
3338 5091 3408 5145 τά
3436 5094 3537 5167 γάρ
3564 5098 3655 5158 τῆς
3684 5086 3812 5149 ἀπλη-

2240 5177 2390 5241 στίας
2432 5179 2632 5255 ὄργανα
2677 5174 3046 5250 ἀπεϐάλομεν,
3078 5176 3225 5233 ἀλλὰ
3249 5186 3363 5241 τοῖς
3397 5178 3550 5234 ἔνδον
3575 5176 3813 5254 ὀφθαλμὼ

2238 5270 2335 5337 τὴν
2397 5265 2552 5340 δόξαν
2628 5267 2826 5342 Κυρίου
2880 5268 3368 5342 κατοπτριζόμεθα.
3430 5266 3810 5345 Ἐκωφεύσιμενέ

548 5465 594 5501 ⁵⁸
622 5465 777 5523 Psal.
807 5481 975 5535 cxvn,
1011 5468 1159 5522 18.“
1189 5465 1481 5534 Psal.i.xv,
1506 5466 1594 5521 l2.
1625 5468 1668 5504 ⁵⁸
1700 5468 1854 5524 Psal.
1890 5486 2085 5542 vam,
2118 5470 2209 5529 30.
2241 5469 2285 5509 ⁸⁷
2316 5469 2473 5528 Psal.
2506 5484 2584 5539 IV,
2612 5472 2668 5524 2.

551 5660 665 5741 (96)
696 5661 758 5719 In
793 5663 927 5721 Viti:
952 5664 1067 5722 PP.
1098 5663 1139 5719 l.
1169 5679 1226 5735 ν,
1253 5664 1309 5736 7,
1345 5663 1432 5720 16.

2302 5669 2417 5743 (97)
2445 5669 2509 5727 In
2545 5669 2677 5727 Viti:
2704 5667 2814 5727 PP.
2846 5668 2887 5741 1,
2914 5687 2974 5742 v,
3002 5669 3058 5745 7,
3084 5668 3167 5729 ιτ.
