4002 6206
357 322 508 380 1551

1501 315 1567 375 S.
1614 311 2142 374 A'I‘HANASlUS.
2176 345 2252 355 —
2298 312 2606 373 SPURIA.

3609 320 3755 382 1652

353 459 468 508 tur.
493 451 638 508 Nam
663 450 761 522 qui
785 449 1055 521 navigare
1077 447 1230 504 689
1252 446 1560 518 incipiunt,
1585 445 1842 516 primum
1866 443 1992 514 qui-

2109 441 2196 496 καὶ
2223 443 2322 517 γὰρ
2355 443 2406 496 οἱ
2436 441 2594 496 πλεῖν
2628 436 2950 518 ἀρχόμενοι,
2985 447 3206 517 πρῶτον
3255 446 3350 517 μὲν
3399 445 3580 518 δεξιοῦ
3610 452 3757 506 πνεύ·

352 544 484 596 dem
517 540 774 597 secundo
797 543 1044 594 utuntur
1073 543 1262 603 vento,
1286 553 1420 591 cum
1441 533 1569 589 vela
1598 532 1995 604 expanserint,

353 635 556 701 postea
587 646 719 685 vero
745 633 952 683 ventus
982 626 1306 681 contrarius
1341 627 1523 679 instat
1547 640 1559 678 :
1587 630 1775 677 nauta:
1802 627 1998 676 tamen

354 735 727 790 nequaquam
757 723 987 788 propter
1017 716 1386 787 ingruentem
1413 719 1648 768 ventum
1676 727 1878 766 navem
1911 727 2000 765 ex-

355 812 630 874 onerant;
664 807 763 861 sed
792 807 890 859 ubi
921 804 1160 876 paulum
1187 803 1531 874 quieverint,
1555 799 1638 855 vel
1664 800 1838 854 etiam
1862 804 2003 854 tem-

356 898 566 970 pestati
612 895 1016 967 repugnarint,
1067 893 1496 963 navigationem
1547 889 1882 945 conficiunt.
1919 889 2004 943 Ita

355 993 412 1043 et
442 1002 570 1055 nos,
603 985 893 1041 contrario
926 983 1181 1037 instante
1212 980 1447 1053 spiritu,
1471 994 1704 1034 crucem
1737 978 1860 1032 loco
1891 976 2002 1032 veli

353 1076 689 1143 tendamus,
717 1079 890 1144 atque
919 1077 1048 1127 tuto
1078 1087 1316 1126 cursum
1350 1068 1749 1124 conﬁciemus.

428 1183 545 1238 103.
573 1186 702 1236 Haec
733 1179 1070 1235 venerandae
1109 1177 1452 1247 cunctisque
1481 1174 1796 1230 virtutibus
1836 1190 2000 1230 exor-

353 1276 504 1328 natae
532 1269 869 1342 Syncletica:
892 1269 1242 1323 documenta
1263 1267 1422 1320 fuere
1451 1282 1463 1320 :
1491 1264 1800 1335 potiusque
1825 1279 2003 1335 opera

354 1377 526 1433 quam
550 1360 760 1415 verba:
787 1358 888 1413 sed
910 1356 1082 1412 etiam
1111 1355 1294 1433 multa
1316 1352 1427 1408 alia
1451 1358 1508 1408 et
1528 1352 1762 1423 quidem
1789 1368 2004 1423 magna

351 1421 455 1523 per
483 1449 645 1503 illam
676 1449 983 1502 innotuere
1005 1446 1075 1499 ad
1102 1421 1488 1516 spectantium
1516 1421 2002 1512 audientiumque

352 1538 687 1594 utilitatem.
727 1537 911 1590 Tanla
963 1539 1158 1589 autem
1219 1533 1505 1587 bonorum
1563 1528 1728 1600 copia
1779 1546 1846 1584 ex
1902 1529 2004 1584 illa

354 1625 633 1690 manavit,
665 1631 728 1678 ut
757 1624 1018 1678 humana
1057 1620 1257 1692 lingua
1301 1619 1626 1676 enarrando
1675 1633 1790 1673 non
1836 1618 2001 1674 suffi-

356 1715 491 1770 ciat.

428 1804 550 1859 104.
586 1804 651 1857 At
681 1801 818 1858 boni
867 1817 1002 1855 osor
1047 1798 1339 1890 diabolus,
1374 1814 1485 1852 non
1539 1797 1729 1851 ferens
1777 1800 1998 1890 tantam
2030 1825 2078 1890 B

355 1893 640 1947 bonorum
694 1890 832 1955 vim,
883 1887 1346 1952 contabescebat,
1398 1901 1716 1956 secumque
1767 1888 1998 1956 reputa-

353 1982 454 2036 bat
485 1997 600 2052 quo
631 1979 873 2034 artiﬁcio
928 1982 1122 2048 posset
1153 1978 1436 2032 bonorum
1479 1979 1670 2029 ortum
1720 1973 1998 2028 intertur-

351 2068 508 2124 bare.
542 2070 801 2124 Tandem
855 2066 1114 2138 postulat
1144 2065 1211 2120 ad
1248 2063 1525 2118 ultimum
1557 2068 1849 2117 certamen
1901 2078 1998 2133 ge-

349 2157 792 2214 nerosissimam
833 2155 1136 2226 virginem,
1173 2157 1451 2224 tantoque
1483 2150 1615 2207 odio
1660 2151 1820 2206 illam
1854 2151 1996 2206 ulci-

345 2249 552 2311 scitur,
587 2250 650 2301 ut
691 2263 802 2301 non
855 2246 926 2299 ab
976 2242 1360 2299 exterioribus
1421 2240 1702 2296 membris
1763 2239 1996 2311 plagam

345 2353 516 2392 orsus
548 2336 754 2402 fuerit;
797 2333 898 2389 sed
929 2333 1099 2387 tactis
1144 2329 1523 2385 interioribus
1559 2329 1910 2401 profundum
1943 2329 1994 2382 ei

345 2425 602 2481 dolorem
636 2422 944 2488 indiderit;
982 2421 1124 2476 adeo
1149 2425 1212 2474 ut
1245 2419 1402 2474 nullo
1435 2418 1742 2473 hominum
1775 2417 1993 2474 auxilio

345 2513 538 2570 solatii
569 2512 788 2584 aliquid
825 2511 1117 2582 percipere
1150 2513 1366 2580 posset.

347 2703 358 2712 ·’
418 2693 542 2747 105.
577 2689 766 2747 Primo
800 2688 1000 2759 itaque
1031 2691 1252 2759 partem
1284 2685 1412 2740 vitae
1436 2685 1687 2739 maxime
1719 2699 1989 2738 necessa-

344 2781 491 2838 riam
516 2779 801 2847 vulnerat,
826 2775 1161 2849 pulmonem
1186 2773 1468 2839 videlicet,
1495 2790 1560 2828 ac
1593 2790 1692 2844 per
1717 2773 1991 2827 exitiosus

338 2870 580 2926 morbos
611 2867 893 2941 paulatim
945 2864 1209 2922 accendit
1256 2862 1700 2935 malignitatem.
1739 2863 1803 2916 Et
1851 2879 1991 2917 sane

342 2963 590 3031 poterat,
611 2961 920 3030 postquam
951 2955 1006 3009 id
1042 2955 1448 3025 impetraverat
1478 2969 1511 3006 a
1546 2951 1804 3016 Domino,
1832 2951 1987 3006 brevi

343 3051 590 3102 mortem
625 3046 736 3116 ipsi
769 3060 1003 3116 parare;
1036 3043 1138 3097 sed
1183 3046 1380 3112 utpote
1413 3040 1830 3112 sanguinarius
1863 3056 1987 3093 car-

341 3137 518 3202 nifex,
543 3133 732 3206 plagis
760 3132 1065 3204 permultis
1091 3130 1483 3200 diuturnoque
1505 3135 1763 3198 tempore
1794 3133 1986 3182 osten-

346 3224 433 3278 dit
482 3197 776 3277 feritatem
821 3237 1011 3275 suam.
1047 3219 1332 3274 Paulatim
1367 3197 1582 3289 quippe
1630 3197 1983 3272 dissolutum

2109 3213 2381 3284 δεινότητα
2435 3215 2763 3273 ἐνδείκνυται
2799 3264 2810 3275 .

343 3312 685 3384 pulmonem
741 3313 1048 3380 sputorum
1095 3306 1412 3362 emissione
1461 3305 1690 3376 abjecit.
1742 3307 1998 3361 Aderant

345 3416 579 3472 quoque
609 3398 898 3454 continuae
951 3397 1159 3462 febres,
1196 3394 1347 3450 limae
1378 3395 1570 3451 instar
1617 3395 1995 3452 absumentes

347 3505 582 3561 corpus.

424 3596 545 3652 106.
572 3593 1006 3667 Octogesimum
1047 3608 1268 3648 annum
1300 3591 1526 3663 agebat,
1555 3607 1687 3646 cum
1724 3590 1994 3647 diabolus

351 3686 484 3742 Jobi
512 3685 743 3741 labores
787 3684 844 3738 in
892 3698 1020 3739 eam
1051 3680 1354 3737 transtulit
1385 3697 1398 3734 :
1433 3697 1566 3736 nam
1615 3681 1822 3736 iisdem
1854 3685 1996 3736 tunc

349 3790 584 3846 quoque
616 3790 759 3828 usus
789 3775 877 3827 est
914 3769 1180 3843 flagellis.
1210 3769 1342 3825 Jam
1375 3775 1570 3824 autem
1619 3769 1715 3826 ille
1762 3775 1996 3840 tempus

350 3863 671 3933 abbreviat,
704 3877 770 3917 ac
808 3856 1367 3915 intolerabilioribus
1416 3857 1624 3929 premit
1671 3858 1990 3914 doloribus.

346 3953 615 4024 Quinque
644 3950 801 4005 enim
829 3954 886 4004 et
915 3947 1155 4020 triginta
1179 3964 1362 4002 annos
1381 3947 1491 4002 Job
1526 3948 1581 4001 in
1610 3945 1780 4019 plaga
1799 3951 1992 4003 trans-

343 4041 462 4112 egit
494 4058 506 4096 :
542 4044 600 4095 at
631 4039 722 4094 hic
751 4037 1048 4102 inimicus,
1071 4052 1206 4090 cum
1236 4052 1339 4090 ceu
1384 4035 1673 4106 primitias
1705 4037 1991 4106 quaedam

344 4130 629 4185 decadum
672 4133 934 4197 tempora
983 4125 1294 4197 rapuisset,
1328 4125 1442 4179 ad'
1474 4123 1677 4196 plagas
1724 4126 1992 4180 admovet

345 4234 510 4274 sacro
541 4218 670 4289 ejus
701 4216 950 4288 corpori.
984 4214 1198 4269 Tribus
1243 4229 1498 4284 namque
1529 4213 1700 4268 annis
1730 4218 1786 4268 et
1815 4214 1988 4269 dimi-

347 4307 440 4362 dio
474 4325 574 4380 per
603 4307 888 4379 gloriosos
921 4304 1094 4359 hosce
1134 4301 1363 4357 labores
1393 4302 1722 4358 adversario
1755 4303 1986 4358 restitit.

341 4396 418 4451 Ac
447 4397 506 4451 in
536 4396 683 4452 Jobo
715 4395 949 4466 quidem
973 4393 1045 4448 ab
1076 4390 1456 4446 exterioribus
1486 4390 1653 4446 initia
1680 4391 1985 4447 vulnerum

341 4484 608 4540 diabolus
639 4485 835 4548 duxit;
872 4483 930 4537 in
965 4482 1071 4536 hac
1114 4496 1246 4534 vero
1296 4480 1366 4534 ab
1417 4479 1664 4535 internis
1691 4481 1986 4536 cruciatus

2113 551 2280 604 ματος
2336 531 2667 606 τυγχάνουσι
2728 531 3080 596 ἀπλώσαντες
3135 535 3201 588 τά
3249 536 3432 591 ἱστία·
3497 537 3652 603 αὖθις
3708 540 3759 596 δὲ

2110 618 2294 680 αὐτοῖς
2318 617 2552 681 ἐναντίος
2586 621 2786 693 ἄνεμος
2837 621 3070 692 ἀπαντᾷ·
3101 621 3228 677 ἀλλ’
3277 624 3335 678 οἴ
3381 629 3633 682 ναυτικοὶ
3681 627 3762 683 Eii

2107 709 2170 762 τὸ
2199 710 2545 784 παρεμπεσὸν
2577 715 2790 782 πνεῦμα
2841 710 2940 765 οὐκ
2987 712 3406 782 ἀποσκευάζουσι
3463 719 3567 785 την
3618 723 3757 772 ναῦν·

2115 798 2304 872 μικρὸν
2365 795 2422 852 δὲ
2477 798 2847 874 ἡσυχάσαντες
2907 800 2942 868 ἢ
2991 802 3082 855 καὶ
3141 801 3646 878 ἀπομαχησάμενοι

2115 886 2268 960 ζάλῃ,
2299 888 2390 941 τὸν
2424 886 2595 942 πλοῦν
2641 894 2940 943 ποιοῦνται·
2975 890 3120 945 οὕτω
3166 891 3254 945 καὶ
3300 895 3492 966 ἡμεῖς,
3527 893 3761 950 ἐναντίου

2110 975 2413 1048 πνεύματος
2471 976 2870 1052 προσπεσόντος
2905 1023 2918 1049 ,
2975 979 3068 1033 τὸν
3131 982 3354 1056 σταυρὸν
3414 983 3536 1036 ἀντὶ
3595 985 3762 1040 ἱστίου

2108 1063 2419 1137 τανύσασαι,
2451 1063 2621 1128 ἀδεῶς
2648 1067 2740 1120 τὸν
2771 1066 2943 1122 πλοῦν
2975 1067 3348 1142 ἐκτελὲσομεν.

2186 1173 2305 1228 103.
2337 1176 2514 1226 Ταῦτα
2558 1174 2656 1241 τῆς
2702 1177 2903 1246 σεμνῆς
2953 1175 3043 1229 καὶ
3101 1177 3396 1252 παναρέτου
3449 1178 3763 1252 Συγκλητι-

2111 1266 2212 1328 κῆς
2269 1261 2336 1314 τὰ
2393 1257 2713 1337 διδάγματα·
2761 1263 2848 1316 καὶ
2901 1262 3115 1334 μᾶλλον
3177 1265 3394 1341 πράξεις
3442 1267 3478 1335 ἢ
3524 1267 3763 1343 ῥηματα”

2111 1350 2201 1403 καὶ
2232 1346 2375 1403 ἄλλα
2407 1346 2463 1404 δὲ
2494 1349 2682 1405 πολλά
2730 1351 2817 1404 καὶ
2869 1353 3077 1427 μεγάλα
3122 1353 3209 1408 ὑπ’
3243 1355 3408 1424 αὐτῆς
3460 1356 3765 1429 ἐγνωρίσθη

2110 1438 2248 1512 πρὸς
2278 1438 2545 1517 ὠφέλειαν
2603 1445 2709 1494 τῶν
2769 1440 3107 1496 ἀκουσάντων
3158 1464 3215 1497 τε
3260 1444 3348 1498 καὶ
3393 1445 3766 1516 θεασαμένων.

2109 1531 2373 1581 Τοσοῦτον
2431 1525 2486 1581 δὲ
2533 1527 2746 1597 πλῆθος
2804 1527 2856 1599 ἐξ
2915 1529 3082 1600 αὐτῆς
3136 1531 3350 1606 ἀγαθῶν
3401 1527 3768 1604 ἐϐλάστησεν,

2110 1614 2237 1669 ὅσον
2271 1615 2579 1691 ἀνθρωπίνη
2613 1615 2839 1694 γλῶσσα
2867 1618 3195 1695 ἀπορήσειεν
3243 1620 3300 1674 ἃν
3335 1621 3628 1698 ἐκφράσαι.

2185 1797 2394 1852 104.Ὀ
2451 1794 2508 1850 δὲ
2569 1795 2867 1870 μισόκαλος
2923 1794 3216 1868 διάϐολος,
3283 1803 3360 1872 μὴ
3420 1801 3605 1879 φέρων
3667 1805 3768 1872 τὴν

2107 1883 2373 1954 τοσαύτην
2431 1889 2538 1939 τῶν
2592 1883 2775 1940 καλῶν
2834 1887 3112 1964 ἀφθονίαν,
3172 1888 3474 1961 ἐξετήκετο,
3535 1893 3633 1944 καὶ
3695 1893 3766 1954 εἷς

2110 1970 2293 2025 ἑαυτὸν
2327 1970 2783 2050 ἐδραματούργει,
2825 1974 2976 2038 ὅπως
3008 1975 3066 2030 ἂν
3118 1974 3371 2047 δυνηθείη
3421 1978 3768 2042 ἐπιθολῶσαι

2108 2061 2204 2128 τήν
2263 2065 2369 2115 τῶν
2433 2068 2688 2137 χρηστῶν
2746 2061 3032 2134 ἀνατολήν.
3090 2067 3185 2119 Καὶ
3218 2065 3412 2120 λοιπόν
3475 2067 3768 2140 ἐξαιτεῖται

2107 2149 2241 2220 πρὸς
2291 2151 2380 2204 τὸν
2429 2151 2740 2206 τελευταῖον
2793 2153 2972 2227 ἀγῶνα
3019 2154 3118 2222 τήν
3178 2156 3569 2227 γενναιοτάτην
3629 2179 3769 2231 παρα

2106 2239 2277 2292 θὲνον·
2339 2239 2426 2293 καὶ
2484 2245 2740 2296 τοσοῦτον
2800 2241 2936 2315 αὐτῇ
2994 2246 3063 2315 τῇ
3123 2240 3290 2319 ἔχθρᾳ
3341 2246 3639 2318 ἀμύνεται,
3695 2249 3767 2309 ὡς

2110 2323 2250 2399 μηδὲ
2305 2331 2409 2381 τῶν
2468 2323 2658 2400 ἔξωθεν
2723 2327 2905 2401 μελῶν
2980 2331 3287 2406 ἐνάρξασθαι
3344 2341 3448 2402 τῆς
3513 2333 3766 2409 πληγῆτ

2106 2412 2270 2481 ἀλλά,
2300 2420 2405 2469 τῶν
2460 2415 2745 2472 ἐνδοσθίων
2794 2419 3092 2491 ἁψάμενος,
3131 2420 3314 2495 βύθιον
3362 2422 3502 2495 αὐτῇ
3534 2427 3639 2491 τήν
3669 2423 3769 2478 αλ-

2107 2501 2316 2578 γηδόνα
2365 2505 2626 2578 ἀπένεμεν
2657 2526 2672 2541 ο
2717 2507 2792 2568 ὡς
2841 2507 3263 2580 ἀπαραμύθητον
3328 2510 3501 2580 αὐτὴν
3553 2512 3615 2568 ἐκ
3667 2520 3768 2582 τῆς

2103 2591 2400 2667 ἀνθρώπων
2434 2592 2748 2671 ἐπικοσρίας
2771 2597 3036 2672 γενέσθαι.

2178 2684 2297 2739 105.
2332 2682 2427 2736 Καὶ
2485 2688 2698 2757 πρῶτον
2765 2686 2857 2757 μὲν
2912 2687 2974 2740 τὸ
3045 2686 3473 2762 ἀναγκαιότατον
3533 2689 3588 2744 ἐν
3655 2694 3773 2762 ζωῇ

2105 2767 2334 2840 πλήττει
2371 2767 2583 2849 μόριον,
2614 2774 2705 2827 τὸν
2737 2773 3029 2847 πνεύμονα,
3061 2777 3149 2831 καὶ
3183 2775 3271 2831 διὰ
3321 2774 3492 2833 νόσων
3535 2778 3768 2855 ὄλεθρος

2103 2858 2282 2936 φόρων
2341 2863 2457 2916 κατ’
2511 2859 2700 2937 ὀλίγον
2763 2863 2972 2934 ἐξάπτει
3029 2867 3127 2934 τήν
3182 2867 3397 2924 κακίαν.
3460 2870 3766 2945 Ἐνεχώρει

2102 2948 2196 3021 μὲν
2226 2949 2326 3025 γάρ
2363 2951 2451 3004 καὶ
2502 2950 2552 3005 ἐν
2605 2950 2780 3027 ὀλίγῳ
2829 2950 2917 3008 διὰ
2962 2961 3060 3023 τῆς
3113 2954 3431 3028 ἐξαιτήσεως
3464 2966 3754 3032 συντεμεὶν

2097 3036 2262 3105 αὐτῆς
2292 3040 2392 3106 τὴν
2441 3042 2720 3109 τελευτήν·
2771 3039 2894 3096 ἀλλ’
2933 3042 3113 3117 ὥσπερ
3167 3040 3466 3118 αἱμοϐόρος
3516 3044 3751 3118 δήμιος,

2099 3123 2186 3180 διὰ
2212 3125 2437 3203 πληγῶν
2470 3128 2695 3184 πολλῶν
2735 3131 2821 3184 καὶ
2871 3131 3074 3206 χρόνου
3126 3139 3337 3209 μακροῦ
3383 3138 3484 3202 τὴν
3536 3136 3750 3192 οἰκείαν

2877 3221 3018 3274 Κατᾶ
3089 3224 3278 3297 μικρὸν
3332 3225 3429 3299 γὰρ
3494 3225 3758 3281 ἀναλύων

2103 3304 2194 3357 τὸν
2225 3303 2499 3377 πνεύμονα
2549 3303 2637 3360 διὰ
2690 3312 2797 3362 τῶν
2844 3309 3188 3384 ἀναγομένων
3238 3316 3586 3385 πτυσμάτων,
3623 3320 3760 3368 τοῦ·

2102 3412 2195 3446 τον
2232 3387 2528 3448 ἀπέϐαλλε.
2576 3400 2828 3468 Παρῆσαν
2877 3394 2934 3450 δὲ
2989 3398 3078 3452 καὶ
3127 3400 3347 3474 πυρετοὶ
3376 3397 3760 3472 ἀδιάλειπτοι,

2107 3479 2256 3555 ῥίνης
2290 3479 2444 3552 δίκην
2479 3480 2958 3546 ἀποδαπαντῶντες
2985 3487 3048 3540 τὸ
3075 3491 3251 3560 σῶμα.

2178 3591 2298 3644 106.
2346 3587 2741 3664 Ὀγδοηκοστὸν
2786 3595 2916 3666 ἦγεν
2968 3591 3106 3662 ἔτος,
3157 3594 3246 3649 ὅτε
3293 3596 3320 3650 ὁ
3370 3591 3640 3661 διάϐολος
3697 3602 3767 3654 ti

2103 3679 2199 3732 τοῦ
2234 3672 2355 3731 ’1ὼῦ
2387 3675 2524 3733 ἆθλα
2561 3679 2637 3742 εἰς
2687 3680 2888 3751 ταύτην
2941 3683 3244 3757 μετέφερεν·
3280 3685 3464 3747 αὐταῖς
3519 3689 3618 3760 μὲν
3654 3690 3764 3765 γὰρ
3809 3667 3812 3670 Ι

2103 3765 2192 3820 καὶ
2239 3766 2360 3821 τότε
2410 3766 2676 3843 ἐκέχρητο
2721 3775 2837 3831 ταῖς
2892 3772 3153 3843 μάστιξιν·
3188 3771 3318 3828 ἀλλ’
3361 3773 3445 3828 ἐπὶ
3477 3780 3573 3829 τοῦ
3609 3798 3765 3852 παρα

2104 3853 2258 3916 όντος
2309 3855 2586 3928 συντέμνει
2634 3858 2724 3912 τὸν
2775 3858 2995 3934 χρόνον,
3029 3863 3428 3937 φορτικωτέρας
3479 3866 3763 3937 ποιούμεο

2100 3963 2192 4004 νος
2221 3944 2316 4005 τὰς
2350 3943 2675 4019 ἀλγηδόνας.
2711 3948 2964 4020 Πέμπτον
3009 3949 3102 4022 μὶν
3153 3951 3241 4004 καὶ
3273 3953 3592 4026 τριακοστὸν
3635 3951 3764 4015 ἔτος

2102 4033 2129 4085 ὁ
2165 4034 2431 4104 μακάριος
2466 4029 2588 4087 Ἰὼϐ
2637 4033 2688 4088 ἐν
2728 4039 2796 4108 τῇ
2845 4034 3039 4111 πληγῇ
3083 4039 3398 4109 πεποίηκεν*
3430 4040 3669 4105 ἐνταῦθα
3703 4042 3764 4097 δὲ

2101 4119 2375 4197 δέχθρὸςν
2425 4121 2604 4197 ὥσπερ
2651 4123 2901 4199 ἀπαρχάς
2955 4147 3103 4188 τινας
3157 4127 3286 4190 τοὺς
3341 4133 3446 4182 τῶν
3505 4126 3756 4186 δεκάδων

2098 4210 2328 4284 χρόνους
2374 4209 2742 4281 ἀποσυλήσας,
2792 4213 2926 4289 πρὸς
2972 4216 3066 4277 τὰς
3112 4214 3328 4292 πληγάς
3360 4217 3616 4272 συνάπτει
3679 4226 3761 4292 τῷ

2097 4301 2228 4375 ἱερῷ
2273 4299 2474 4370 ταύτης
2518 4302 2750 4373 σώματι.
2807 4302 2937 4378 Τρία
2990 4304 3090 4378 γὰρ
3148 4305 3320 4376 ἥμισυ
3380 4302 3473 4377 ἔτη
3517 4305 3610 4361 διὰ
3645 4313 3757 4363 τῶν

2097 4387 2331 4444 εὐκλεῶν
2364 4389 2566 4443 τούτων
2616 4389 2792 4444 πόνων
2835 4396 2913 4462 τῷ
2945 4391 3125 4468 ἐχθρῴ
3170 4394 3589 4470 ἀπεμαχήσατο.
3627 4400 3757 4452 Ἐπί

2100 4479 2192 4551 μὲν
2223 4477 2311 4532 οῦν
2343 4483 2438 4532 τοῦ
2471 4473 2594 4534 Ἰὼϐ
2627 4479 2683 4532 ὲκ
2729 4485 2835 4534 τῶν
2888 4478 2986 4551 ἔξω
3016 4483 3110 4544 τὰς
3143 4483 3315 4559 ἀρχὰς
3365 4489 3470 4538 τῶν
3506 4490 3763 4561 τραυμά-

339 4573 698 4643 auspicatur.
723 4571 897 4628 Laesis
929 4570 1219 4641 siquidem
1252 4567 1498 4622 internis
1521 4568 1647 4638 ejus
1681 4570 1983 4634 membris,

2109 4588 2197 4622 των
2249 4565 2484 4622 ἐποιεῖτο
2516 4568 2543 4621 ὁ
2577 4563 2851 4630 διάϐολος·
2889 4569 2974 4624 ἐπὶ
3024 4569 3081 4625 δὲ
3127 4572 3328 4640 ταύνης
3387 4573 3443 4627 ἐκ
3493 4580 3601 4627 τῶν
3648 4573 3760 4631 ἔσω

339 4662 592 4731 majorss
623 4662 671 4716 ei
701 4662 1112 4733 gravioresque
1150 4656 1396 4712 immisit
1428 4656 1674 4712 dolores.
1701 4658 1824 4712 Non
1857 4675 1984 4729 per-

335 4749 473 4805 inde
503 4751 752 4806 arbitror
782 4747 1268 4822 generosissimos
1320 4750 1602 4816 martyres
1633 4747 1981 4818 decertasse,

336 4841 513 4910 atque
545 4837 878 4909 praeclaram
915 4835 1315 4908 Syncleticam.
1351 4833 1488 4889 Illos
1519 4851 1773 4905 namque
1805 4835 1980 4890 scele-

335 4930 464 4982 stus
510 4928 609 4982 ille
658 4927 1013 4983 extrinsecus
1045 4925 1439 4989 adoriebatur,
1479 4940 1543 4978 ac
1596 4925 1713 4978 sive
1757 4942 1977 4994 ensem,

331 5014 452 5070 sive
483 5016 677 5088 ignem
710 5017 1060 5081 admoveret,
1092 5013 1276 5067 levius
1316 5011 1457 5066 illud
1492 5018 1616 5067 erat
1645 5014 1979 5068 tentationi-

331 5103 442 5161 bus
473 5111 688 5161 sanctas
721 5105 952 5161 oblatis.
977 5104 1115 5174 Ejus
1148 5119 1401 5173 namque
1431 5100 1650 5157 viscera
1679 5103 1846 5174 quasi
1878 5121 1980 5176 per

330 5193 625 5250 fornacem
657 5195 888 5266 igneam
920 5191 1332 5258 succendebat,
1366 5189 1648 5262 paulatim
1685 5191 1877 5263 ignem
1910 5211 1980 5249 ex

327 5281 706 5339 interioribus
735 5283 1090 5348 accendens;
1144 5296 1210 5336 ac
1260 5278 1410 5334 limae
1463 5279 1650 5334 instar
1697 5281 1976 5340 diuturno

324 5373 588 5443 tempore
613 5389 824 5444 corpus
846 5373 972 5441 ejus
1004 5369 1368 5426 insumebat:
1400 5369 1554 5439 quod
1586 5374 1648 5423 ut
1668 5385 1796 5425 vere
1817 5372 1973 5427 dica-

326 5460 443 5525 tur,
477 5475 650 5530 grave
690 5468 779 5517 est
827 5466 1000 5532 atque
1031 5460 1446 5515 inhumanum.
1480 5457 1706 5513 Etenim
1757 5460 1972 5530 quibus

317 5543 619 5612 judiciarii
649 5548 1030 5619 magistratus
1059 5545 1361 5603 commissi
1402 5549 1562 5616 sunt,
1588 5549 1823 5617 quando
1857 5549 1969 5607 reis

195 5628 612 5767 .fyolgarint
655 5636 918 5708 graviora
966 5635 1230 5708 inﬂigere
1279 5631 1589 5705 supplicia,
1635 5634 1967 5700 lentissimo

648 5939 844 6096 ,ι

2094 4657 2336 4731 πρόσεισι
2394 4663 2510 4720 ταῖς
2563 4659 2876 4732 τιμωρίαις.
2936 4665 3019 4732 Τῷ
3075 4664 3174 4736 γὰρ
3230 4661 3520 4727 ἐνδοσθῖων
3573 4666 3755 4735 αὐτῆς

2099 4744 2278 4818 μελῶν
2333 4748 2610 4815 ἅπτεσθαι,
2673 4747 2952 4819 μείζοντας
3010 4750 3145 4824 αὐτῇ
3202 4752 3290 4804 καὶ
3345 4750 3751 4828 χαλεπωτέρας

2091 4838 2187 4898 τὰς
2247 4834 2554 4912 ἀλγηδόνας
2602 4837 2924 4912 ἀπένειμεν·
2986 4839 3107 4915 Οὐχ
3164 4841 3336 4902 οὕτως
3395 4842 3555 4914 οἶμαι
3615 4844 3751 4905 τοῦς

2090 4926 2494 5002 γενναιοτάτους
2545 4923 2900 4996 ἐνηθληκὲναι
2946 4929 3240 5004 μάρτυρας,
3289 4931 3364 4991 ὡς
3409 4931 3510 4998 τῆι
3566 4929 3748 4986 ἀοίδι-

2096 5037 2192 5089 μον
2256 5013 2659 5088 Συγκλητικήν.
2725 5015 2991 5078 Ἐκείνους
3049 5019 3142 5089 μὶν
3197 5018 3297 5093 γὰρ
3359 5016 3418 5072 ἐκ
3472 5023 3584 5073 τῶν
3644 5018 3747 5092 ἔξω

2089 5103 2319 5180 προσῄει
2352 5103 2379 5156 ὁ
2409 5101 2774 5176 παλαμναῖος.
2807 5103 2915 5160 Κᾶἱν
2959 5127 3014 5161 τε
3059 5108 3160 5184 γὰρ
3193 5107 3364 5184 ξίφος,
3396 5105 3491 5161 κᾶν
3546 5129 3603 5162 τε
3637 5114 3744 5182 πῦρ

2087 5193 2270 5254 αὐτοῖς
2323 5191 2669 5270 προσέφερεν,
2703 5194 3008 5269 ἠπιώτερον
3043 5195 3260 5270 ὑπῆρχε
3303 5199 3411 5249 τῶν
3457 5197 3744 5270 παρόντων

2087 5281 2222 5355 αὐτῇ
2269 5280 2656 5356 πειρατηρίων.
2706 5281 2847 5338 Ἀντὶ
2901 5282 2995 5355 μὲν
3044 5283 3144 5359 γὰρ
3189 5283 3423 5357 καμίνου
3480 5305 3740 5358 πεπυρω-

2089 5370 2255 5444 μένης
2301 5369 2369 5424 τὰ
2414 5367 2701 5445 σπλάγχνα
2748 5370 2915 5441 αὐτῆς
2965 5372 3234 5440 ὑπὲκαιεν,
3285 5371 3343 5426 ἐκ
3389 5376 3498 5426 τῶν
3532 5371 3640 5427 ἔσω
3677 5375 3738 5428 τὸ

2082 5463 2188 5535 πῦρ
2236 5459 2353 5513 κατ’
2402 5455 2588 5533 ὀλίγον
2641 5457 2901 5532 ἆξάπτων·
2949 5460 3040 5516 καὶ
3071 5460 3222 5538 ῥίνης
3271 5457 3426 5530 δίκην
3493 5457 3586 5516 διὰ
3643 5482 3742 5536 μα-

2080 5552 2218 5624 κροῦ
2248 5545 2453 5624 χρόνου
2485 5544 2799 5604 ἀπεδαπάνα
2841 5550 2905 5605 τὸ
2953 5553 3133 5625 σῶμα.
3157 5548 3258 5606 Καὶ
3314 5547 3456 5606 ἔστιν
3511 5548 3737 5620 άληθῶς

2084 5637 2219 5718 βαρὺ
2266 5641 2428 5692 τοῦτο
2477 5635 2567 5691 καὶ
2617 5636 2975 5718 ἀπάνθρωπον
3025 5639 3215 5697 εἰπεῖν.
3266 5637 3372 5698 Καὶ
3423 5636 3529 5716 γὰρ
3563 5641 3615 5696 οἱ
3639 5640 3735 5704 τὰς
