4002 6206
231 393 384 454 1853

1368 397 1557 459 VITA
1600 398 1929 459 SANCTAE
1975 397 2509 458 SYNCLETlC/E.

3489 395 3645 457 1554

230 521 541 587 διωστικᾶς
587 523 1076 599 ἒμπεπιστευμένοι
1137 528 1331 603 ἀρχὰς,
1393 529 1627 599 ὁπηνίκα
1660 532 1719 584 ἂν
1752 530 1873 604 βου-

1991 546 2090 586 eos
2119 530 2254 601 igne
2285 530 2625 584 absumunt.
2658 527 2753 584 Sic
2801 542 3033 599 quoque
3063 526 3338 583 inimicus
3370 545 3438 584 ex
3466 529 3644 585 inter-

228 609 444 680 ληθῶσι
490 618 606 675 τοῖς
636 616 978 687 ἀμαρτήσασι
1046 619 1339 694 βαρυτέρας
1399 617 1656 673 ἐπιθεῖναι
1704 640 1879 691 τιμω-

230 702 373 776 ρίας,
407 698 495 755 διὰ
544 701 931 777 βληχροτάτου
979 706 1149 781 πυρὸς
1197 706 1423 769 τούτους
1477 706 1876 762 ἀναλίσκουσιν·

1993 621 2105 687 nis,
2143 619 2299 674 velut
2344 620 2723 674 suburentem
2775 633 3145 671 commovens
3178 618 3419 686 febrem,
3454 619 3643 675 inces-

1993 714 2193 763 santer
2217 708 2310 763 die
2343 714 2621 779 nocteque
2652 707 2971 762 cruciatum
3006 706 3289 762 movebat.

228 791 403 885 οὕτως
439 793 528 883 curm
563 793 651 847 καὶ
685 796 711 848 ὁ
741 794 934 885 ἐχθρὸς
969 796 1027 851 ἐκ
1055 802 1162 885 τῶν
1194 796 1383 870 ἔνδων,
1418 798 1598 875 ὥσπερ
1635 796 2097 874 ὑποσμυχόμενον
2129 799 2219 853 τὸν
2254 798 2479 872 πυρετὸν
2514 802 2699 865 κινῶν,
2730 797 2997 851 ἀπαυστον
3059 798 3108 852 έν
3170 799 3321 852 νυκτὶ
3373 800 3462 853 καὶ
3524 811 3639 874 μεθ⁴

229 866 263 932 ἡ
276 866 440 939 μέραν
474 865 707 920 ἐποιεῖτο
748 865 854 936 τὴν
872 870 1143 945 τιμωρίαν
1155 914 1166 925 .

302 990 424 1044 107.
458 987 554 1042 Καὶ
611 988 809 1059 ταύτην
871 987 926 1044 δὲ
972 993 1069 1059 τὴν
1103 991 1323 1068 πληγὴν
1374 993 1628 1068 γενναίως
1687 992 1880 1069 ὑπεφέ-

227 1097 396 1153 ρουσα
454 1080 514 1133 ού
576 1087 863 1136 συνέπιπτε
918 1088 996 1153 τῷ
1055 1088 1386 1160 φρονήματι.
1423 1083 1567 1138 ἀλλὰ
1621 1084 1785 1139 πάλιν
1842 1085 1876 1152 ἡ

229 1167 471 1241 μακαρία
502 1169 636 1222 κατᾶ
664 1167 759 1224 τοῦ
792 1169 992 1246 ἐχθροῦ
1022 1173 1319 1245 ἠγωνίζετο
1400 1174 1494 1228 Καὶ
1534 1174 1661 1249 γοῦν
1713 1172 1876 1227 πάλιν

220 1262 343 1317 ταῖς
373 1256 601 1330 ἀγαθαῖς
634 1254 1009 1321 διδασκαλίαις
1065 1261 1191 1323 τοὺς
1228 1263 1315 1316 ὑπ’
1369 1262 1532 1316 αὐτοῦ
1579 1282 1878 1334 τραυματι-

228 1345 489 1417 ζομένους
525 1346 660 1400 ίᾶτο·
694 1348 782 1401 καὶ
815 1348 917 1422 γὰρ
963 1349 1139 1424 ὥσπερ
1196 1350 1253 1405 έκ
1300 1351 1517 1413 λέοντος
1574 1346 1877 1426 αἱμοὸὀρου

234 1434 332 1495 τὰς
362 1436 543 1510 ψυχὰς
572 1434 859 1511 ἀπλήγους
891 1439 1107 1495 ἀνέσπα.
1142 1441 1460 1516 Ἐθεράπευε
1483 1439 1539 1495 δὲ
1568 1440 1695 1502 τοὺς
1715 1461 1877 1513 τραυ-

226 1525 423 1595 ματίας
447 1530 563 1585 τοῖς
594 1526 887 1601 σωτηρίοις
916 1533 1012 1582 τοῦ
1042 1529 1239 1604 Κυρίου
1272 1530 1598 1608 φαρμάκοις.
1626 1531 1784 1586 Τινάς
1820 1528 1877 1584 δὲ

221 1612 315 1666 καὶ
348 1612 622 1685 ἀτρώτους
655 1612 1024 1691 διεφύλαττεν·
1080 1617 1499 1673 ὑποδεικνύουσα
1541 1620 1640 1695 γὰρ
1690 1620 1875 1681 αὐτοῖς

219 1699 322 1756 τοῦ
355 1696 615 1757 διαϐόλου
643 1705 738 1765 τὰς
773 1702 1000 1780 δολεράς
1033 1705 1605 1783 παγίδας,ἐλευοέρους
1636 1708 1870 1762 ἐποιεῖτο

219 1796 328 1859 τῆς
352 1790 640 1866 ἁμαρτιας.

301 1918 422 1972 108.
452 1914 643 1993 Ἔλεγε
684 1915 741 1971 δι
787 1920 821 1987 ἡ
878 1919 1166 1991 θαυμασία,
1206 1922 1281 1983 ὡς
1316 1923 1391 1994 μὴ
1428 1918 1536 1975 δεῖν
1568 1923 1868 1997 ἀμεριμνᾷν

220 2025 365 2059 ποτε
391 2005 483 2067 τὰς
518 2010 633 2078 Θεῷ
683 2007 1033 2081 ἀνακειμένας
1080 2012 1282 2086 ψυχάς.
1333 2010 1558 2073 Ταύταις
1614 2012 1714 2087 γὰρ
1780 2012 1874 2083 μά-

221 2092 391 2149 λιστα
441 2094 780 2151 ἀντίκειταιὸ
847 2096 1064 2173 ἐχθρός.
1142 2100 1237 2154 Καὶ
1295 2102 1418 2176 γάρ,
1477 2104 1869 2176 ἡσυχαζουσῶν

216 2182 419 2255 αύτῶν,
466 2183 682 2260 βρύχει,
741 2186 828 2239 καὶ
875 2188 1196 2260 ἡττώμενος
1247 2189 1473 2243 ἀνιᾶται·
1527 2190 1614 2243 καὶ
1680 2191 1869 2265 μικρὸν

214 2272 621 2348 ἀποχωρήσας,
655 2274 920 2349 ἐπιτηρεῖ
952 2276 1047 2331 κᾶν
1113 2278 1291 2353 βραχύ
1346 2299 1400 2332 τι
1454 2279 1870 2354 ἀφυπνώσωσιν,

216 2361 397 2423 οὕτως
452 2362 858 2439 έπεισέρχεται’
912 2366 999 2421 καὶ
1034 2365 1100 2420 δι’
1132 2367 1206 2420 ὦν
1265 2367 1471 2441 νομίζει
1523 2390 1604 2430 τις
1636 2364 1781 2443 ἔχειν
1809 2369 1872 2422 τὸ

218 2451 548 2527 ἀμέριμνον,
613 2450 701 2507 διὰ
755 2454 960 2509 τούτων
1019 2454 1193 2510 αὐτῶν
1249 2455 1627 2526 ὑποσκελίζει·
1691 2456 1871 2533 ὣσπερ

215 2540 323 2615 γάρ
357 2537 614 2595 ἀδύνατον
642 2542 766 2605 τοὺς
796 2543 930 2598 πάνυ
987 2544 1225 2622 φαύλους
1293 2548 1368 2619 μὴ
1429 2543 1572 2623 ἔχειν
1606 2548 1697 2601 καὶ
1729 2568 1876 2601 σπιν-

212 2636 360 2703 θῆρα
390 2628 581 2701 καλοῦ,
616 2632 757 2687 οὓτω
791 2635 852 2687 τὸ
878 2632 1114 2689 ένιντίον
1147 2641 1263 2697 τοῖς
1301 2642 1567 2712 χρηστοῖς
1592 2636 1870 2711 πρόσεστι.

218 2719 347 2775 Τῶν
403 2719 506 2793 γὰρ
557 2720 888 2795 μαχομένων
937 2722 1102 2799 μοῖρά
1147 2746 1227 2786 τις
1259 2725 1309 2778 έν
1337 2731 1451 2787 τοῖς
1482 2725 1872 2798 ἀντικειμένοις

222 2813 413 2882 μέρεσι
473 2811 755 2885 τυγχάνει.
836 2810 1114 2876 Πολλάκις
1182 2812 1312 2889 γοῦν
1380 2816 1660 2890 ἄνθρωπος
1717 2817 1873 2870 παντὶ

217 2895 492 2971 αῗσχίστῳ
541 2900 1025 2975 περιεστοίχισται,
1084 2902 1171 2956 καὶ
1230 2905 1371 2977 πάσῃ
1423 2901 1686 2975 ἀκολασία
1732 2926 1876 2977 συμ-

214 2986 510 3062 πέφυρταυ
574 2985 698 3042 ἀλλ’
774 2989 927 3062 ὅμως
995 2990 1246 3065 ἐλεήμων
1317 2994 1592 3069 τυγχάνει·
1676 2995 1765 3047 καὶ
1821 2992 1872 3047 ἐν

223 3072 548 3137 σπουδαίοις
594 3076 868 3140 πολλάκις
919 3078 1333 3152 ἂμπολιτεύεται
1385 3082 1725 3159 σωφροσύνη,
1777 3104 1871 3151 νη-

214 3161 393 3233 στεία,
429 3164 682 3228 ἐπίπονος
714 3165 960 3237 ἄσκησις·
996 3168 1096 3222 εἶσὶ
1149 3166 1205 3223 δὲ
1253 3168 1517 3247 φειδωλοὶ
1574 3171 1661 3225 καὶ
1709 3171 1870 3225 κατά-

216 3259 412 3309 ΑαΑομ

298 3468 424 3522 109.
459 3473 549 3521 Δεῖ
574 3467 665 3523 οὖν
690 3473 798 3524 τῶν
838 3476 1083 3547 σμικρῶν
1138 3474 1213 3544 μή
1248 3471 1493 3545 ἀμελεῖν,
1547 3474 1620 3535 ὡς
1674 3476 1747 3546 μὴ
1783 3472 1873 3528 δυ-

216 3557 473 3627 ναμένων
534 3556 815 3634 βλάπτειν.
858 3561 956 3614 Καὶ
1007 3562 1109 3637 γὰρ
1160 3560 1305 3637 ὕδωρ
1353 3560 1503 3618 λίοον
1555 3566 1632 3634 τῷ
1688 3562 1874 3637 χρόνῳ

224 3640 465 3703 διέλυσε.
498 3646 571 3701 Τὰ
604 3649 697 3720 μὶν
733 3645 822 3703 οὖν
877 3650 1100 3726 μέγιστα
1145 3655 1252 3705 τῶν
1308 3649 1357 3705 ἐν
1419 3652 1725 3725 ἀνθρώποις
1780 3673 1875 3706 κα-

226 3733 347 3790 λῶν
376 3734 436 3790 ἐκ
492 3734 634 3799 θείας
671 3738 895 3813 χάριτος
924 3738 1108 3801 αὐτοῖς
1139 3740 1502 3815 προσγίνεταιο
1561 3742 1627 3794 τὰ
1675 3737 1732 3794 δὲ
1791 3738 1878 3795 δο-

222 3822 426 3878 κοῦντα
471 3828 674 3901 σμικρά
717 3829 1007 3903 τυγχάνειν
1042 3826 1106 3882 δι¹
1133 3828 1331 3881 ἑαυτῶν
1387 3824 1677 3883 ἀποσοϐεῖν
1729 3826 1873 3883 δεδι-

222 3910 492 3989 δάγμεθα.
524 3916 580 3967 '0
611 3914 702 3969 οὗν
733 3920 812 3988 τῷ
841 3915 1065 3992 μεγάλῳ
1096 3915 1183 3971 διὰ
1236 3925 1335 3986 τῆς
1384 3918 1609 3993 χάριτος
1661 3919 1872 3992 ἀπομα-

220 4001 566 4078 χησάμενος,
618 4005 712 4058 τοῦ
761 4002 816 4059 δὶ
865 4004 1099 4082 σμικροῦ
1148 4010 1580 4085 καταφρονήσας,
1618 4008 1874 4083 μεγάλως

227 4087 589 4167 βλαϐήσεται.
650 4095 712 4149 Ὁ
762 4096 862 4171 γὰρ
922 4096 1118 4169 Κύριος
1176 4099 1356 4169 ἡμῶν,
1420 4097 1601 4171 ὣσπερ
1650 4099 1872 4172 γνήσιος

222 4180 439 4253 Πατήρ,
498 4181 698 4256 ἀρτίως
753 4187 861 4237 τῶν
917 4182 1147 4238 παιδίων
1192 4183 1357 4239 αὐτοῦ
1389 4185 1685 4259 ὁρμώντων
1740 4187 1873 4261 πρὸς

226 4266 466 4345 βάδισιν,
529 4270 702 4345 ὀρέγει
749 4274 845 4341 τήν
898 4279 1059 4349 χεῖρα
1084 4294 1094 4305 ·
1140 4274 1229 4328 καὶ
1258 4276 1392 4328 κατὰ
1422 4280 1522 4329 πᾶν
1557 4276 1735 4329 ὁτιοῦν
1764 4280 1870 4329 τῶν

224 4355 484 4432 μεγάλων
518 4362 664 4431 ἡμᾶς
696 4359 957 4416 κινδύνων
1006 4363 1290 4438 ῥυόμενος,
1324 4363 1400 4425 εἰς
1428 4365 1494 4417 τὰ
1528 4364 1694 4439 μικρά
1748 4385 1874 4440 συγ-

221 4453 410 4524 χωρεῖ
457 4450 591 4520 ἠμῖν
653 4450 742 4527 ἀφ’
788 4451 987 4505 ἑαυτῶν
1047 4454 1349 4520 κινεῖσθαι,
1427 4452 1664 4527 καθάπερ
1746 4452 1872 4507 ποσί

216 4536 442 4598 τούτοις
496 4540 594 4607 τὴν
644 4540 873 4613 γνώμην
922 4538 1124 4602 δεικνὺς
1176 4540 1473 4617 ἐλευθέραν.
1520 4543 1575 4594 '0
1607 4546 1710 4616 γάρ
1740 4543 1874 4618 πρὸς

216 4626 293 4681 τὰ
328 4628 494 4702 μικρά
524 4625 821 4697 εὐάλωτος,
874 4634 992 4691 πῶς
1042 4630 1101 4684 ἂν
1128 4631 1195 4684 τά
1237 4631 1404 4703 μείζω
1453 4629 1679 4708 φυλάξαι
1714 4628 1876 4701 δυνη-

218 4714 345 4784 Θείη
372 4732 385 4782 ;

298 4840 423 4895 ‘HO.
454 4838 624 4895 Πάλιν
652 4841 792 4916 ὁρῶν
834 4841 1001 4910 αὐτὴν
1053 4840 1528 4918 διισχυριζομένην
1585 4849 1702 4906 καθ’
1751 4842 1876 4897 ἑαυ-

218 4933 331 4985 τυῦ
362 4929 388 4981 ὁ
425 4928 742 5000 μισόκαλνς,
774 4928 1000 5005 ἤχθετο.
1053 4932 1149 4986 Καὶ
1197 4933 1335 5007 ὁρῶν
1390 4931 1579 4986 ἑαυτοῦ
1637 4934 1735 5000 τὴν
1783 4952 1875 4985 τυ-

223 5016 450 5094 ραννίδα
505 5021 959 5095 καθαιρουμένην,
1020 5018 1202 5095 ἕτερόν
1256 5042 1378 5075 τινα
1438 5028 1748 5097 μηχανᾶται
1778 5042 1874 5075 κα-

220 5108 351 5168 κίας
395 5108 618 5182 τρόπον’
668 5110 757 5163 καὶ
800 5108 1030 5179 πλήττει
1076 5113 1143 5164 τά
1168 5111 1449 5188 φωνητικά
1489 5107 1705 5186 ὄργανα,
1740 5112 1877 5183 πρὸς

220 5197 291 5251 τὸ
322 5196 414 5248 τὸν
458 5197 792 5273 προφορικὸν
844 5196 1065 5272 ἐκκόψαι
1117 5196 1302 5275 λόγον,
1355 5197 1527 5254 δοκῶν
1567 5197 1654 5253 διὰ
1680 5200 1875 5253 τούτου

224 5287 645 5360 λιμαγχονῆσαι
694 5290 801 5341 τῶν
852 5287 1005 5342 θείων
1054 5286 1232 5363 λόγων
1299 5289 1392 5350 τὰς
1453 5288 1873 5363 συνερχομένας.

224 5373 393 5431 Ἀλλ’
454 5376 497 5430 εἰ
553 5376 642 5430 καὶ
698 5378 798 5446 τὴν
858 5378 1025 5446 ἀκοὴν
1057 5384 1157 5447 τῆς
1189 5377 1450 5455 ὠφελείας
1485 5377 1785 5452 ἐστέρησεν,
1822 5377 1873 5430 έν

225 5469 311 5535 τῷ
344 5464 546 5536 μείζονι
576 5466 640 5520 τὸ
695 5463 885 5540 κέρδος
924 5463 1223 5537 δεδώρηται
1252 5489 1263 5500 ·
1322 5466 1390 5540 τῇ
1441 5466 1540 5541 γὰρ
1600 5465 1720 5539 ὄψει
1759 5470 1876 5527 τοῖς

228 5558 453 5612 πάθεσιν
540 5556 949 5629 ένακενίζουσαι,
1032 5555 1242 5630 μᾶλλον
1327 5556 1701 5632 έκραταιοῦντο
1775 5557 1874 5625 τήν

228 5650 485 5723 γνώμην.
543 5646 616 5700 Τὰ
671 5646 776 5721 γὰρ
834 5646 1041 5716 ἐκείνης
1106 5651 1201 5701 τοῦ
1272 5648 1524 5718 σώματος
1596 5643 1879 5720 τραύματα

230 5736 331 5799 τὰς
361 5736 751 5810 πεπληγμένας
781 5737 961 5811 ψυχὰς
994 5737 1133 5791 ἰᾶτο·
1194 5736 1283 5791 καὶ
1306 5739 1371 5804 ἦν
1430 5733 1562 5790 ἰδεῖν
1594 5732 1877 5812 προφυλα-

1906 1855 1954 1921 Β

2063 996 2183 1049 107.
2216 995 2316 1049 llla
2348 1011 2501 1062 vero,
2538 994 2878 1063 bujusmodi
2905 993 3134 1065 plagam
3167 999 3403 1049 strenue
3427 997 3638 1068 ferens,

1992 1102 2105 1139 non
2155 1084 2407 1139 concidit
2454 1084 2667 1138 animo.
2704 1084 3079 1154 Rursumque
3128 1084 3296 1139 beata
3344 1084 3505 1156 virgo
3536 1088 3636 1140 ad-

1987 1191 2192 1228 versus
2246 1173 2472 1228 hostem
2534 1172 2903 1227 instaurabat
2951 1189 3229 1243 pugnam.
3299 1174 3636 1246 Iterumque

1989 1262 2280 1333 praeclaris
2320 1262 2443 1317 suis
2494 1262 2880 1325 documentis,
2914 1260 3247 1316 vulneratos
3294 1263 3366 1317 ab
3396 1263 3633 1320 inimico

1988 1352 2233 1406 sanabat
2276 1368 2287 1404 :
2333 1368 2397 1406 ac
2441 1352 2597 1406 velut
2644 1368 2673 1405 e
2724 1350 2991 1405 faucibus
3040 1351 3398 1422 sanguinarii
3449 1352 3634 1408 leonis

1988 1440 2214 1495 animas
2246 1440 2459 1495 illaesas
2489 1439 2847 1495 extrahebat.
2878 1439 3118 1495 Saucios
3148 1441 3391 1495 curabat
3420 1442 3636 1497 saluta-

1986 1530 2148 1584 ribus
2180 1528 2390 1584 Christi
2418 1528 2714 1583 remediis.
2740 1528 3066 1585 Nonnullos
3091 1528 3487 1585 invulneratos
3512 1548 3634 1587 ser-

1987 1619 2177 1685 vabat,
2211 1618 2599 1689 indicatisque
2652 1617 2871 1672 dolosis
2918 1619 3073 1673 640
3121 1618 3338 1673 diaboli
3384 1619 3630 1691 laqueis,

1984 1709 2197 1765 liberos
2229 1710 2505 1765 reddebat
2535 1727 2568 1764 a
2599 1714 2853 1781 peccato.

2055 1926 2179 1979 108.
2233 1925 2468 1980 Dicebat
2498 1942 2669 1997 porro
2721 1924 3067 1980 admiranda
3114 1924 3212 1979 illa
3252 1925 3413 1999 virgo
3446 1943 3459 1981 :
3494 1928 3629 1983 Ani-

1984 2031 2111 2070 mas
2141 2015 2256 2070 Deo
2286 2014 2508 2069 dicatas
2540 2032 2843 2086 nunquam
2875 2015 3085 2070 debere
3107 2031 3321 2084 ponere
3350 2015 3631 2073 sollicitu-

1982 2104 2201 2171 dinem,
2237 2104 2373 2175 quia
2405 2105 2487 2159 eis
2521 2104 2896 2176 potissimum
2932 2104 3276 2159 adversatur
3305 2104 3579 2163 inimicus
3612 2124 3627 2162 :

1984 2209 2114 2247 nam
2152 2194 2290 2247 dum
2341 2193 2398 2246 in
2433 2209 2667 2247 secessu
2724 2192 2833 2245 illa:
2866 2196 2921 2247 et
2968 2192 3025 2246 in
3059 2193 3252 2263 quiete
3297 2199 3626 2265 versantur,

1983 2281 2133 2351 rugit
2152 2281 2267 2347 ille,
2294 2281 2481 2337 victus
2505 2281 2870 2353 indignatur;
2906 2280 3330 2353 paululumque
3351 2284 3628 2342 secedens

1982 2372 2400 2425 observatnum
2420 2369 2830 2442 aliquandovel
2846 2369 3140 2425 tantillum
3164 2370 3623 2441 obdormiscant,

1981 2466 2239 2530 tuncque
2269 2460 2437 2515 irruit
2471 2478 2482 2515 :
2513 2476 2577 2514 ac
2608 2476 2709 2531 per
2738 2476 2867 2530 quae
2916 2458 3045 2530 quis
3079 2459 3368 2515 existimat
3407 2459 3466 2514 in
3496 2464 3625 2517 tuto

1984 2565 2045 2605 se
2076 2548 2314 2613 versari,
2348 2565 2449 2621 per
2474 2549 2674 2605 eadem
2707 2547 2873 2603 illum
2906 2548 3262 2619 supplantat.
3287 2549 3448 2604 Sicut
3470 2550 3625 2605 enim

1987 2638 2106 2693 ﬁeri
2141 2639 2345 2709 nequit
2381 2655 2479 2693 eos
2510 2638 2608 2709 qui
2658 2638 2973 2693 admodum
3006 2636 3270 2693 scelerati
3322 2646 3479 2704 sunt,
3514 2654 3628 2693 non

1985 2727 2198 2783 habere
2230 2728 2316 2783 vel
2348 2727 2669 2782 scintillam
2704 2726 2839 2782 boni
2866 2744 2880 2793 ;
2917 2727 2999 2781 ita
3029 2726 3288 2781 vicissim
3322 2742 3383 2781 se
3413 2743 3506 2782 res
3526 2728 3630 2783 ba-

1986 2817 2083 2871 bet
2113 2817 2169 2871 in
2196 2816 2399 2872 bonis:
2429 2816 2722 2887 siquidem
2745 2832 2945 2871 eorum
2969 2815 3268 2886 quaeinter
3288 2832 3349 2870 se
3373 2818 3635 2887 pugnant

1986 2906 2173 2977 portio
2206 2906 2475 2977 quaedam
2502 2906 2558 2959 in
2593 2904 2877 2976 Oppositis
2902 2904 3165 2975 partibus
3198 2903 3444 2959 exsistit.
3470 2903 3635 2960 Unde

1985 3011 2386 3066 saepenumero
2419 2994 2591 3048 homo
2624 2993 2778 3048 omni
2815 2992 3180 3063 turpitudine
3210 2993 3629 3062 circumdatus,

1985 3083 2143 3137 omni
2190 3081 2640 3153 intemperantia
2689 3081 2955 3146 foedatus,
2992 3085 3246 3136 attamen
3299 3081 3632 3137 misericors

1984 3176 2073 3226 est
2106 3190 2117 3226 :
2153 3187 2417 3242 saepeque
2450 3172 2505 3224 in
2540 3170 2768 3225 virtutis
2799 3169 3079 3225 studiosis
3107 3175 3416 3224 versantur
3443 3169 3632 3224 conti-

1984 3260 2203 3329 nentia,
2227 3260 2545 3331 jejunium,
2579 3259 2871 3314 laboriosa
2917 3258 3250 3314 exercitatio
3285 3276 3297 3313 :
3333 3263 3472 3313 sunt
3525 3275 3630 3314 au-

1982 3354 2102 3404 tem
2133 3350 2327 3405 forsan
2362 3349 2515 3404 avari
2549 3354 2606 3403 et
2635 3349 3071 3404 obtrectatores.

2058 3476 2176 3530 109.
2210 3475 2333 3529 Non
2387 3476 2581 3545 itaque
2631 3473 2980 3545 negligenda
3030 3476 3169 3528 sunt
3216 3490 3411 3545 parva,
3461 3481 3635 3545 quasi

1983 3579 2191 3619 nocere
2248 3580 2361 3617 non
2418 3562 2667 3617 valeant.
2727 3562 2871 3616 Nam
2922 3561 3303 3615 diuturnitate
3350 3563 3632 3633 temporis

1984 3658 2152 3725 gutta
2182 3657 2345 3707 cavat
2376 3651 2651 3723 lapidem.
2687 3651 2861 3706 Porro
2894 3650 3149 3704 maxima
3179 3666 3312 3721 pars
3342 3650 3631 3707 bonorum

1984 3760 2107 3813 quas
2141 3743 2198 3795 in
2232 3741 2571 3796 hominibus
2603 3744 2762 3805 sunt,
2785 3757 2852 3795 ex
2882 3739 3079 3793 divina
3111 3738 3256 3809 ipsis
3286 3740 3474 3810 gratia
3506 3758 3633 3813 pro-

1985 3832 2228 3887 veniunt
2250 3849 2263 3891 ξ
2298 3848 2428 3902 quae
2460 3833 2653 3884 autem
2682 3828 2907 3882 minora
2926 3828 3200 3881 videntur
3225 3844 3373 3896 esse,
3398 3845 3499 3899 per
3523 3846 3629 3885 nos

1984 3922 2144 3993 ipsos
2177 3920 2481 3991 profligare
2507 3918 2693 3973 edocti
2716 3934 2945 3972 sumus.
2966 3916 3070 3981 Qui
3106 3916 3287 3987 igitur
3307 3918 3630 3987 majoribus

1984 4010 2218 4081 quidem
2251 4026 2351 4079 per
2379 4009 2623 4079 gratiam
2675 4005 3043 4077 expugnatis,
3077 4006 3227 4074 quod
3270 4022 3511 4076 parvum
3542 4011 3631 4063 est

1983 4097 2422 4169 contempserit,
2463 4094 2683 4167 ingenti
2717 4095 3005 4149 afficietur
3051 4095 3286 4150 damno.
3341 4096 3485 4150 Nam
3522 4101 3627 4150 Do-

1985 4187 2180 4242 minus
2232 4190 2448 4251 noster,
2509 4189 2706 4256 utpote
2754 4201 2925 4239 verus
2974 4185 3159 4247 Pater,
3213 4183 3628 4255 incipientibus

1982 4275 2283 4333 ambulare
2315 4275 2450 4329 ﬁliis
2483 4276 2605 4329 suis
2635 4290 2872 4328 manum
2907 4274 3147 4345 porrigit
3179 4291 3190 4328 :
3228 4278 3402 4344 atque
3431 4290 3465 4329 a
3494 4291 3625 4345 gra-
3664 4342 3665 4351 γ

1982 4366 2153 4421 vibus
2184 4366 2517 4436 quibusque
2548 4362 2823 4435 periculis
2852 4362 3150 4430 liberatos,
3184 4379 3289 4417 nos
3322 4362 3462 4418 sinit
3490 4381 3628 4435 par-

1983 4472 2053 4509 va
2087 4452 2341 4525 pericula
2372 4470 2473 4525 per
2502 4469 2608 4508 nos
2638 4452 2797 4523 ipsos
2820 4452 3001 4516 adire,
3028 4451 3195 4523 quasi
3230 4451 3477 4521 pedibus
3509 4469 3630 4508 am-

1984 4544 2254 4599 bulantes
2288 4561 2301 4599 :
2337 4543 2542 4613 hisque
2564 4540 2812 4597 liberum
2837 4540 3093 4596 declarat
3124 4541 3454 4597 arbitrium.
3481 4545 3629 4598 Nam

1987 4634 2089 4705 qui
2120 4633 2313 4705 parvis
2362 4630 2527 4687 facile
2575 4631 2844 4702 vincitur,
2878 4631 3102 4701 majora
3130 4646 3331 4685 cavere
3378 4647 3494 4703 qua
3537 4648 3629 4687 ra-

1986 4724 2144 4779 tione
2174 4720 2435 4794 poterit?

2059 4847 2179 4901 110.
2210 4846 2461 4900 Rursum
2494 4843 2674 4915 igitur
2703 4844 3011 4897 advertens
3041 4842 3178 4897 boni
3209 4858 3345 4899 osor
3373 4842 3469 4898 ille
3498 4860 3628 4900 eam

1985 4937 2054 4991 ad
2066 4951 2264 4989 versus
2289 4934 2483 5004 ipsum
2506 4930 2888 4997 corroborari,
2912 4930 3347 5001 indignabatur.
3381 4931 3627 4987 Videns-

1986 5041 2098 5095 que
2128 5023 2346 5078 destrui
2393 5020 2760 5092 tyrannidem
2809 5036 2998 5085 suam,
3032 5019 3211 5073 alium
3257 5020 3629 5074 machinatur

1989 5112 2221 5168 malitiaa
2253 5111 2492 5166 modum
2519 5126 2532 5164 :
2556 5109 2936 5179 vulneratque
2966 5109 3231 5163 membra
3253 5107 3623 5178 vocalia,quo

1986 5216 2315 5257 sermonem
2346 5200 2791 5269 doctrinamque
2821 5197 2980 5252 illius
3014 5197 3428 5268 interpellaret,
3462 5200 3623 5250 ratus

1987 5292 2070 5346 sic
2093 5308 2191 5345 eas
2218 5306 2341 5359 quae
2367 5288 2739 5343 convenirent
2760 5287 2911 5342 fame
2932 5287 3261 5342 divinorum
3289 5298 3623 5339 sermonum

1987 5381 2345 5434 interiturus.
2371 5378 2586 5432 Verum
2619 5377 2849 5432 etiamsi
2880 5392 3050 5430 aures
3081 5390 3276 5429 earum
3312 5372 3482 5427 solita
3510 5371 3627 5425 uti-

1985 5468 2147 5525 litate
2171 5467 2635 5540 privarit,majus
2656 5471 2853 5520 tamen
2874 5464 3021 5535 ipsis
3037 5464 3260 5517 lucrum
3282 5475 3628 5515 concessum

1986 5560 2115 5622 fuit,
2151 5574 2284 5612 cum
2335 5555 2519 5611 oculis
2567 5572 2697 5625 quae
2744 5554 2844 5607 illa
2875 5555 3167 5621 pateretur
3213 5550 3630 5620 perspicerent,

1990 5648 2205 5717 majore
2237 5645 2417 5701 animi
2462 5644 2666 5699 robore
2697 5642 3097 5696 ﬁrmabantur.
3132 5637 3388 5694 Vulnera
3416 5639 3633 5710 quippe

1991 5737 2251 5807 corporis
2282 5736 2432 5805 ejus,
2464 5731 2795 5788 vulneratae
2814 5730 3043 5786 animas
3063 5728 3366 5785 curabant.
3404 5728 3631 5787 Videre-
