4002 6206
394 375 545 438 1555

1553 369 1619 429 S.
1665 366 2187 430 ATHANASlUS.
2215 400 2291 410 —
2321 368 2635 432 SPUBIA.

3590 372 3703 432 1556

391 525 503 582 que
528 511 672 579 erat,
705 506 1008 563 munimen
1059 504 1487 575 sanitatemque
1520 501 1922 573 spectantibus
1954 502 2036 556 af-

2178 500 2253 569 ιὴν
2312 500 2401 555 καὶ
2463 501 2743 576 θεραπείαν
2791 503 2898 554 τῶν
2946 501 3234 573 θεωμίνων
3273 499 3367 568 τήν
3389 504 3477 569 τῆς
3504 502 3705 576 μακαρίας

395 600 541 655 ferre
571 600 751 653 beatae
798 595 1042 668 virginis
1087 593 1593 666 maganimitatem
1643 594 1816 661 atque
1856 604 2047 662 perse-

394 688 744 744 versutiam.

471 842 590 895 111.
624 840 782 895 Hanc
813 854 949 908 ergo
983 836 1094 909 ipsi
1130 834 1341 891 ulceris
1373 849 1613 889 causam
1645 832 1823 888 efficit
1853 830 2048 886 inimi-

400 946 549 986 cus:
587 928 864 982 molarem
917 941 1100 980 unum
1132 924 1365 979 dentem
1412 921 1609 977 dolore
1659 921 1867 985 affecit,
1916 936 2050 974 mox

400 1019 691 1091 gingivam
727 1015 1037 1087 putrefacit
1068 1030 1081 1067 :
1116 1012 1329 1067 excidit
1360 1029 1424 1067 os
1452 1037 1464 1076 ;
1508 1011 1672 1065 ulcus
1703 1015 1885 1065 totam
1918 1025 2047 1081 per-

402 1109 583 1164 currit
616 1105 913 1161 maxillam
942 1129 956 1171 ;
989 1105 1448 1172 corrumpuntur
1474 1100 1676 1154 vicinas
1702 1104 1926 1171 partes:
1950 1114 2050 1169 per

404 1195 793 1269 quadraginta
825 1194 948 1248 dies
979 1209 1043 1247 os
1074 1190 1424 1255 corroditur,
1448 1193 1693 1260 postque
1715 1189 1862 1245 duos
1884 1203 2047 1241 men-

404 1304 498 1341 ses
530 1286 789 1340 foramen
833 1283 1112 1353 aperitur.
1143 1279 1353 1335 Omnia
1384 1279 1601 1334 circum
1636 1278 1761 1332 loca
1804 1277 2051 1349 nigrica-

404 1377 567 1444 bant,
597 1390 660 1428 os
689 1373 883 1444 ipsum
917 1371 1091 1425 etiam
1124 1375 1463 1439 corruptum
1488 1366 1768 1438 paulatim
1795 1364 2053 1420 absumi-

406 1471 505 1521 tur
537 1481 547 1517 :
588 1462 827 1534 putredo
880 1458 1402 1527 tcetidissimusque
1449 1457 1593 1511 odor
1620 1461 1807 1511 totum
1840 1470 2051 1525 corpus

407 1551 746 1622 occupavit;
795 1549 878 1602 ita
926 1552 989 1601 ut
1029 1563 1154 1618 quas
1208 1545 1610 1599 ministrarent
1657 1543 1791 1615 ipsi,
1832 1543 2052 1612 majore

408 1656 585 1713 quam
608 1638 708 1694 illa
730 1654 946 1692 nausea
959 1633 1733 1704 afficerentur.Subindeque
1748 1649 1812 1687 ac
1832 1630 2053 1686 diutius

409 1728 820 1793 abscedebant,
840 1724 1337 1780 immanissimum
1358 1723 1617 1778 faetorem
1640 1739 1755 1776 non
1783 1721 2053 1776 ferentes.

410 1817 554 1871 Cum
603 1816 656 1870 id
706 1814 1023 1871 necessitas
1072 1812 1417 1885 postularet,
1465 1816 1793 1867 aromatum
1839 1809 1890 1864 vi
1923 1824 2048 1863 suc-

2168 588 2583 663 μεγαλοψυχίαν
2612 610 2670 645 τε
2699 589 2788 645 καὶ
2807 589 3113 665 καρτερίαν.

2228 829 2348 885 111.
2403 828 2671 907 Πρόφασιν
2728 829 2820 902 μὶν
2873 828 2965 884 οὖν
3012 827 3147 902 αύτῇ
3177 835 3276 898 τῆς
3306 833 3505 906 πληγῆς
3534 839 3711 889 ποιεῖται

2153 916 2351 987 ταύτην
2400 920 2428 973 ὁ
2479 918 2698 993 ἰχθρός’
2755 918 2877 990 μίαν
2930 918 3031 992 γὰρ
3085 916 3264 989 μύλην
3298 916 3557 988 ὁδυνήσας,
3594 926 3712 992 σήπει

2155 1007 2401 1080 παραυτὰ
2442 1007 2505 1061 τὸ
2552 1004 2735 1060 οὖλον·
2783 1004 2873 1060 καί
2922 1005 3168 1060 ἐκπίπτει
3214 1007 3305 1079 μὲν
3334 1009 3392 1061 τὸ
3422 1006 3644 1079 (laetari,
3679 1010 3720 1067 δὶ

2154 1096 2299 1167 νομὴ
2357 1093 2630 1171 διατρὲχει
2690 1094 2766 1157 είς
2822 1094 3028 1150 ’ἅπασαν
3090 1096 3188 1163 τὴν
3232 1096 3403 1171 γὲνυν,
3456 1097 3721 1173 καὶγίνεται

2158 1185 2332 1262 φθορὰ
2379 1187 2484 1238 τῶν
2542 1183 2895 1256 ἐπικειμένων
2955 1184 3243 1256 σωμάτων·
3303 1184 3387 1238 καὶ
3431 1183 3476 1237 ἐν
3525 1189 3724 1261 "reccepi-

2158 1293 2321 1326 κοντα
2378 1273 2613 1348 ἡμέραις
2670 1270 3073 1348 τερηδονίζεται
3139 1272 3202 1327 τὸ
3264 1272 3457 1328 όστὲον’
3510 1276 3583 1329 καὶ
3633 1278 3729 1348 μετᾶ

2162 1359 2453 1434 διμηναῖον
2506 1361 2729 1437 χρόνον,
2772 1362 2977 1436 γίνεται
3022 1358 3294 1435 ἔκτρησις.
3330 1360 3643 1426 Μελανθὲντες
3664 1364 3727 1417 οὖν

2160 1451 2296 1520 ἦσαν
2328 1450 2555 1512 ἆπαντες
2586 1451 2638 1505 οἱ
2668 1450 2821 1524 πέριξ
2850 1449 3031 1508 τόποι.
3062 1451 3140 1506 Τὸ
3191 1448 3250 1505 δὲ
3298 1450 3467 1506 ὀστέον
3520 1454 3594 1505 καὶ
3632 1452 3727 1506 αὐτὸ

2162 1541 2382 1617 φθαρὲν,
2414 1540 2531 1593 κατ’
2562 1537 2753 1613 ὀλίγον
2807 1536 3127 1606 ἐδαπανᾶτο·
3176 1543 3340 1613 σῆψις
3371 1537 3425 1594 δὲ
3450 1540 3528 1593 καὶ
3558 1541 3730 1615 βαρυτί-

2160 1649 2227 1699 τη
2262 1625 2498 1682 ὃυσωδία
2524 1629 2641 1691 καθ’
2670 1626 2798 1683 ὅλον
2830 1630 2891 1683 τὸ
2923 1633 3083 1701 σῶμα
3113 1628 3341 1705 ἐκράτει·
3375 1629 3445 1691 ὡς
3471 1630 3553 1692 τὰς
3583 1631 3731 1701 ὑπουρ-

2162 1717 2362 1793 γούσας
2413 1717 2584 1771 πλέον
2630 1716 2796 1786 αὐτῆς
2842 1717 3095 1793 πάσχειν.
3149 1718 3247 1772 Καὶ
3297 1719 3383 1773 τὸν
3438 1720 3520 1789 μὲν
3563 1718 3733 1772 πλείονα

2164 1806 2364 1883 χρόνον
2424 1806 2780 1881 ἐχωρίζοντο,
2845 1807 2921 1879 μὴ
2982 1808 3238 1883 φέρουσαι
3299 1809 3395 1875 τὴν
3447 1808 3733 1880 ἀπάνθρωπον

412 1921 587 1961 censa
634 1906 931 1975 ingressis,
964 1919 1099 1958 mox
1146 1901 1527 1957 discedebant
1572 1902 1645 1956 ob
1693 1898 2056 1955 teterrimum

2178 1876 2369 1969 ίσμήν·
2523 1876 2581 1949 δὲ
2610 1876 2775 1970 χρεία
2819 1876 3023 1964 ἐκάλει,
3052 1876 3432 1968 ’θυμιαμάτων
3482 1876 3738 1950 ὑπεκκσίον-

415 1996 672 2051 odorem.
707 2000 779 2047 At
808 1994 979 2047 beata
1008 1992 1167 2061 virgo
1190 1994 1388 2062 aperte
1409 1989 1808 2046 adversarium
1830 1986 2059 2057 conspi-

417 2084 626 2151 ciebat,
650 2098 836 2153 neque
869 2081 1098 2136 sinebat
1122 2079 1418 2135 admoveri
1448 2078 1560 2134 sibi
1582 2077 1917 2134 subsidium
1949 2076 2059 2130 hu-

421 2170 795 2236 manum,hac
815 2171 873 2224 in
898 2186 957 2225 re
969 2186 1138 2224 suam
1152 2171 1622 2223 commonstrans
1636 2166 2056 2222 fortitudinem.

421 2263 565 2317 Cum
618 2265 812 2315 autem
865 2264 1045 2314 ccetus
1095 2257 1389 2329 virginum
1446 2257 1838 2322 hortarentur,
1872 2258 1937 2310 ut
1973 2252 2061 2309 vel

422 2349 783 2405 aromatibus
809 2348 935 2403 loca
966 2347 1333 2402 illinerentur
1361 2352 1593 2418 propter
1621 2362 1791 2401 suam
1822 2345 2064 2400 infirmi-

420 2444 623 2507 tatem,
658 2453 1028 2507 nequaquam
1059 2435 1160 2491 illa
1190 2451 1411 2491 morem
1444 2436 1644 2507 gessit.
1682 2434 2065 2490 Existimabat

420 2528 576 2583 enim
608 2542 710 2597 per
738 2530 1042 2581 externum
1065 2523 1344 2580 auxilium
1368 2523 1777 2597 gloriosissimi
1800 2522 2066 2579 certami-

418 2616 511 2672 nis
542 2614 813 2670 imminui
845 2614 1043 2670 decus.
1079 2612 1191 2668 Illas
1222 2630 1392 2685 porro
1423 2613 1717 2669 medicum
1749 2613 2065 2684 quemdam

422 2708 683 2774 evocant,
715 2704 765 2758 si
800 2704 943 2758 forte
992 2707 1191 2774 posset
1238 2701 1335 2757 ille
1367 2702 1715 2773 persuadere
1745 2701 1956 2772 virgini
2003 2706 2059 2756 ut

421 2794 781 2849 curationem
834 2791 1183 2847 admitteret.
1218 2792 1290 2845 At
1319 2789 1421 2846 illa
1448 2790 1506 2845 id
1541 2789 1779 2845 minime
1816 2789 1954 2845 tulit
1978 2790 2067 2844 di-

422 2899 558 2939 cens
585 2900 597 2937 ε
621 2882 768 2945 Quid
806 2898 897 2936 me
919 2881 991 2935 ab
1018 2880 1127 2935 hoc
1148 2880 1422 2949 praeclaro
1444 2878 1761 2935 certamine
1809 2878 2017 2935 arcetis
2040 2878 2069 2933 ‘?

423 2971 539 3026 Cur
568 2969 826 3042 quaeritis
856 2969 1016 3040 quod
1038 2974 1298 3041 apparet,
1331 2968 1666 3041 ignorantes
1687 2968 1827 3039 quid
1849 2967 2068 3024 lateat?

425 3060 573 3123 Quid
606 3065 724 3114 tam
777 3058 1005 3114 curiose
1053 3058 1270 3112 factum
1302 3057 1654 3129 perquiritis,
1688 3073 1823 3113 cum
1873 3062 2068 3112 aucto-

425 3165 550 3203 rem
584 3165 700 3203 non
749 3146 1037 3202 videatis?
1084 3148 1231 3201 Tum
1262 3146 1525 3202 medicus
1566 3147 1678 3218 ipsi
1712 3162 1724 3200 :
1759 3145 1884 3201 Non
1915 3147 2062 3201 641

2166 2006 2253 2040 σαι
2299 1983 2512 2053 πλῆθος
2558 1984 2883 2059 προσῄεσαν,
2914 1984 3003 2039 καὶ
3050 1983 3203 2048 αὖθις
3249 1985 3550 2061 ὑπεχώρουν
3595 1982 3665 2039 διὰ
3699 1986 3744 2039 τὸ

2166 2084 2264 2146 τῆς
2315 2072 2581 2137 δυσωδίας
2627 2075 3007 2149 ἀπάνθρωπον.
3064 2076 3131 2130 Ἡ
3161 2072 3221 2129 Si
3254 2074 3483 2149 μακαρία
3512 2078 3742 2150 προφανῶς

2170 2169 2388 2243 ἐθεώρει
2418 2168 2509 2222 τὸν
2543 2165 2858 2229 ἀντίπαλον,
2887 2166 2977 2221 καὶ
3026 2164 3144 2221 οὐδ’
3172 2165 3323 2227 ὅλως
3353 2166 3621 2241 συνεχώρει
3648 2163 3744 2236 r321]

2170 2256 2507 2331 ἀνθρώπινον
2562 2262 2944 2330 προσαχθῆναι
3004 2255 3287 2329 βοήθημα·
3351 2251 3632 2309 δεικνύουσα
3686 2251 3747 2305 καὶ

2171 2345 2222 2401 ἐν
2281 2344 2459 2418 τούτῳ
2513 2346 2611 2414 τήν
2672 2344 2873 2400 οἰκείαν
2923 2341 3191 2419 ἀνδρείαν.
3253 2345 3321 2401 Al
3372 2343 3428 2399 δὲ
3470 2342 3747 2398 συνελθοῦσαι

2171 2433 2511 2511 παρεκάλουν
2562 2434 2656 2488 κᾶν
2708 2432 2901 2507 μύροις
2942 2433 3070 2495 τοὺς
3125 2433 3331 2495 τόπους
3375 2432 3648 2509 ὑπαλείφειν
3687 2430 3750 2485 διὰ

2171 2525 2272 2592 τὴν
2303 2524 2507 2577 ἑαυτῶν
2538 2522 2832 2590 ἀσθένειαν,
2862 2523 2952 2576 καὶ
2984 2521 3086 2577 οὐκ
3132 2521 3393 2578 ἐπείθετο.
3442 2524 3631 2594 Ἡγεῐτο
3674 2520 3750 2595 γὰρ

2176 2611 2263 2668 διὰ
2309 2618 2408 2681 τῆς
2456 2611 2776 2685 συμμαγίας
2822 2616 2929 2665 τῶν
2976 2610 3129 2673 ἐκτὸς
3180 2613 3538 2687 καθαιρεῖσθαι
3563 2615 3643 2665 τοῦ
3687 2609 3752 2663 tv-

2177 2700 2335 2772 δόξου
2363 2701 2592 2777 ἀγῶνος.
2627 2702 2727 2754 Καὶ
2759 2699 2823 2771 δή
2855 2720 2973 2756 τινα
3013 2700 3193 2777 ἰατρὸν
3225 2702 3282 2755 αἱ
3332 2701 3643 2755 συνελθοῦσαι
3687 2719 3753 2769 με·

2173 2790 2585 2857 ταστὲΛλονται,
2644 2791 2737 2860 ὡς,
2787 2788 2841 2845 εἷ’
2879 2812 2943 2866 γε
2991 2788 3269 2861 δυνηθείη,
3329 2790 3423 2846 κᾶν
3454 2790 3593 2851 αὐτὸς
3619 2796 3755 2844 πεῖσαι

2178 2879 2459 2954 θεραπείας
2517 2884 2724 2953 τυχεῖν.
2784 2880 2845 2932 Ἦ
2897 2876 2955 2933 δὲ
3000 2877 3164 2934 πάλιν
3197 2878 3300 2934 οὐκ
3326 2880 3583 2954 ἠνείχετο,
3610 2876 3754 2950 λέγου-

2179 2988 2263 3023 σα’
2321 2968 2382 3022 Τί
2442 2988 2509 3040 με
2553 2971 2655 3036 τῆς
2705 2969 2909 3043 ἀγαθῆς
2936 2966 3118 3037 πάλης
3147 2969 3349 3038 ταύτης
3382 2964 3670 3045 ἆγκὸπτετε;
3713 2966 3755 3020 Ti

2182 3063 2392 3128 ζητεῖτε
2444 3057 2506 3111 τὸ
2550 3057 2893 3133 φαινόμενον,
2960 3056 3253 3132 ἀγνοοῦσαι
3300 3055 3365 3112 τι)
3417 3058 3758 3131 κρυπτόμενονς

2178 3145 2240 3200 Τί
2299 3145 2815 3221 πολυπραγμονεῖτε
2868 3146 2932 3200 τὸ
2962 3145 3268 3219 γινόμενον,
3296 3145 3391 3200 τὸν
3440 3148 3671 3199 ποιοῦντα
3711 3144 3763 3214 μὴ

427 3236 748 3291 curationis
799 3241 901 3290 aut
930 3234 1123 3291 solatii
1153 3252 1333 3291 causa
1379 3235 1701 3292 remedium
1735 3234 2066 3295 offerimus:

2181 3236 2480 3310 θεωροῦσαι
2510 3252 2523 3303 ;
2558 3234 2659 3291 Καὶ
2706 3234 2843 3308 πρὸς
2891 3232 3057 3305 αὐτήν
3108 3256 3266 3312 φησιν
3323 3237 3352 3290 ὁ
3392 3236 3565 3309 παρὼν
3606 3231 3761 3305 ἰατρός

425 3326 528 3382 sed
577 3329 642 3379 ut
688 3329 1027 3392 corruptum
1078 3325 1553 3396 exstinctumque
1596 3324 1927 3379 membrum
1970 3339 2071 3394 pro

429 3431 589 3469 more
620 3412 996 3485 sepeliamus,
1023 3429 1094 3467 ne
1119 3413 1219 3483 qui
1249 3414 1466 3468 adsunt
1491 3429 1609 3467 una
1637 3419 1909 3484 pereant:
1934 3429 2071 3467 nam

430 3504 584 3574 quod
618 3502 867 3558 mortuis
915 3503 1209 3558 admoveri
1240 3502 1407 3571 solet,
1432 3503 1489 3557 id
1509 3502 1636 3572 jam
1658 3519 1767 3558 nos
1797 3503 2075 3558 admove-

428 3608 563 3647 mus
593 3607 605 3644 :
641 3591 805 3646 aloen
849 3607 980 3646 cum
1015 3590 1250 3663 myrrha
1297 3594 1354 3646 et
1384 3595 1569 3664 myrto
1612 3591 1743 3647 vino
1776 3591 2073 3647 madidam

428 3696 677 3752 appono.
712 3680 814 3735 Illa
853 3696 984 3735 vero
1029 3680 1292 3737 admisso
1342 3678 1586 3735 consilio
1634 3680 1860 3746 annuit,
1898 3680 2071 3734 mise-

427 3775 553 3825 rata
588 3774 932 3842 prmsentem
955 3774 1204 3826 coetum:
1236 3785 1301 3827 eo
1332 3768 1487 3825 enim
1519 3774 1686 3841 pacto
1717 3769 2077 3842 purgabatur

428 3858 648 3915 {ceteris
682 3859 1068 3915 vehementia.

505 4191 626 4245 112.
661 4191 802 4254 Quis
845 4207 957 4246 non
1006 4189 1307 4246 exhorruit
1354 4190 1613 4246 immane
1643 4189 1813 4246 ulcus
1848 4191 2080 4263 conspi-

432 4279 592 4335 ciens
627 4280 654 4334 τ
705 4279 807 4335 Cui
853 4296 968 4335 non
1013 4279 1173 4335 utilis
1224 4279 1676 4350 fructuosusque
1725 4280 2081 4352 conspicuus

428 4366 651 4422 inimici
673 4367 912 4437 lapsus?
934 4367 1058 4424 Illic
1081 4368 1248 4423 ulcus
1279 4368 1527 4423 immisit
1550 4368 1703 4424 unde
1725 4368 2004 4424 salutaris
2026 4373 2083 4424 et

432 4455 813 4511 dulcissimus
846 4457 975 4512 fons
1006 4474 1345 4513 sermonum
1379 4458 1665 4529 prodibat.
1700 4459 1839 4528 Ejus
1869 4459 2080 4513 imma-

434 4543 589 4599 nitas
622 4547 861 4600 modum
911 4562 1142 4601 omnem
1184 4562 1561 4618 exsuperans,
1595 4546 1807 4625 solatia
1838 4563 2081 4620 quaeque

433 4633 760 4705 dissipavit.
794 4635 1097 4706 Tanquam
1133 4635 1253 4691 fera
1293 4636 1691 4708 sanguinaria,
1725 4612 1907 4693 totam
1940 4654 2082 4694 con-
2114 4612 2159 4675 Π

431 4722 790 4778 venientium
824 4741 1025 4779 curam
1058 4725 1322 4781 inutilem
1345 4726 1620 4793 reddidit,
1641 4730 1707 4781 ut
1728 4726 2081 4799 discerperet

434 4811 691 4867 oblatam
725 4814 1001 4885 praedam.
1053 4815 1165 4870 Sed
1217 4816 1358 4871 dum
1394 4816 1601 4887 quaerit
1640 4816 1860 4883 cibum,
1894 4818 2079 4873 factus

435 4905 525 4955 est
555 4900 860 4981 pabulum.
902 4904 1170 4975 Corporis
1215 4905 1371 4960 enim
1403 4904 1747 4961 inﬁrmitate
1776 4907 1946 4977 quasi
1979 4923 2083 4979 per

435 4988 676 5065 hamum
712 4990 941 5047 illectus
993 4997 1315 5065 captusque
1347 4994 1456 5049 fuit
1488 5010 1501 5050 :
1536 4994 1815 5051 feminam
1856 4994 2077 5065 videns,

437 5064 866 5147 c'ontemnebat,
893 5081 1029 5151 quia
1061 5081 1366 5153 ignorabat
1387 5082 1609 5139 virilem
1643 5084 1771 5155 ejus
1792 5084 2078 5140 animum.

436 5167 729 5223 Didicerat
749 5170 1015 5226 morbida
1039 5172 1304 5228 membra
1323 5187 1474 5238 esse,
1489 5174 1828 5229 caecutiebat
1844 5174 2079 5245 quippe,

436 5272 540 5311 nec
572 5262 800 5328 poterat
848 5259 1226 5317 fortissimam
1272 5260 1433 5317 illius
1484 5266 1738 5317 mentem
1772 5262 2079 5319 aestimare.

435 5345 635 5401 Trium
672 5346 849 5418 igitur
880 5351 1172 5405 mensium
1225 5350 1413 5421 spatio
1444 5350 1553 5405 hoc
1584 5351 1643 5405 in
1677 5367 1860 5423 agone
1889 5352 2083 5407 decer-

435 5433 595 5489 tavit.
630 5435 853 5492 Virtute
883 5443 1076 5493 autem
1131 5438 1325 5494 divina
1355 5441 1540 5492 totum
1590 5455 1801 5509 corpus
1840 5445 2081 5496 susten-

435 5522 615 5579 tabat.
650 5526 791 5581 Nam
825 5544 949 5597 quae
982 5528 1240 5598 corporis
1289 5526 1714 5582 conservationi
1754 5527 2084 5586 inserviunt

435 5612 960 5671 imminuebantur.
1005 5617 1218 5671 Aderat
1268 5616 1460 5671 inedia
1492 5633 1504 5671 :
1539 5633 1651 5687 quo
1699 5618 1854 5673 enim
1908 5622 2080 5675 modo

438 5701 728 5770 potuisset
757 5702 918 5758 cibos
948 5720 1200 5772 sumere,
1226 5704 1523 5762 obtinente
1551 5709 1714 5762 tanta
1745 5707 1874 5763 tabe
1906 5712 2080 5779 atque

2180 3324 2298 3398 Οὐχ
2350 3321 2524 3377 ἓνεκεν
2572 3322 2852 3398 θεραπείας
2910 3325 3056 3385 τινὸς
3114 3323 3148 3391 ἢ
3209 3324 3547 3397 παραμυθίας
3581 3320 3764 3395 προστρί-

2182 3434 2346 3487 ρομεν
2405 3411 2711 3489 φάρμακον,
2772 3410 2898 3468 ἀλλ’
2945 3411 3038 3468 ’ίνα
3107 3413 3171 3468 τὸ
3227 3412 3653 3489 ἠλλοτριωμένον
3698 3410 3759 3464 καὶ

2180 3500 2368 3575 νεκρὺν
2406 3501 2597 3577 μόριον
2632 3501 2765 3556 κατά
2794 3503 2892 3569 τὴν
2923 3502 3202 3572 συνήθειαν
3254 3504 3530 3575 θάψωμεν,
3573 3498 3687 3576 πρὸς
3716 3496 3760 3551 τὰ

2186 3591 2263 3664 μὴ
2318 3590 2447 3652 τοὺς
2488 3590 2760 3665 παρόντας
2808 3587 3283 3668 συνδιαφθαρῆναι.
3341 3593 3510 3665 ’Ὸπερ
3557 3594 3642 3665 γὰρ
3678 3594 3764 3646 τοῖς

2180 3681 2433 3734 τεθνεῶσι
2482 3678 2839 3755 προσάγουσι,
2894 3684 3055 3734 τοῦτο
3102 3680 3191 3734 καὶ
3223 3682 3391 3753 ἡμεῖς
3420 3684 3508 3733 νῦν
3538 3682 3764 3749 ποιοῦμεν

2183 3769 2355 3841 ἀλὸην
2400 3770 2513 3843 ἅμα
2562 3768 2769 3843 σμύρνῃ
2813 3767 2902 3823 καὶ
2965 3768 3193 3845 μυρσίνῃ
3224 3767 3359 3843 θ’ίνῳ
3392 3767 3569 3830 δεύσας
3596 3766 3765 3843 προστί-

2185 3862 2344 3935 θημι.
2391 3860 2453 3916 Ἠ
2498 3856 2575 3931 δὲ,
2621 3856 2992 3933 ἀποδεξαμένη
3039 3860 3138 3927 τήν
3188 3855 3524 3932 συμϐουλίαν
3553 3856 3767 3930 ἠνείχετο,

2182 3950 2277 4012 τὰς
2308 3948 2667 4014 συνελθούσας
2699 3947 2912 4022 μᾶλλον
2947 3948 3231 4020 ἐλεήσασα*
3279 3948 3581 4023 ἐκαθαίρετο
3622 3946 3703 4020 γὰρ
3727 3942 3767 3997 ἐκ

2183 4038 2379 4095 τούτου
2410 4040 2444 4107 ἡ
2492 4037 2723 4114 ἀμετρία
2750 4044 2850 4107 τῆς
2880 4034 3174 4100 δυσωδίας.

2260 4193 2383 4247 112.
2415 4188 2510 4252 Τίς
2541 4188 2641 4244 οὐκ
2680 4185 2859 4266 ἔφριξε
2902 4189 3000 4257 τήν
3052 4186 3394 4259 τηλικαύτην
3447 4187 3644 4262 πληγήν
3685 4187 3770 4238 Ou-

2187 4280 2417 4353 σάμενος
2444 4297 2457 4347 ;
2490 4277 2581 4336 Τίς
2614 4277 2712 4333 οὐκ
2741 4276 2999 4357 ὠφελήθη
3030 4280 3130 4347 τὴν
3170 4277 3455 4353 καρτερίαν
3498 4284 3588 4345 τῆς
3641 4293 3769 4347 μικτ-

2188 4366 2306 4445 ρίας
2355 4365 2703 4440 θεασάμενος,
2755 4367 2845 4422 καὶ
2898 4366 2948 4423 ἐν
2996 4367 3164 4441 ταύτῃ
3204 4366 3305 4435 τὴν
3340 4368 3658 4422 κατάπτωσιν
3703 4365 3770 4416 τοῦ

2188 4457 2394 4533 ἑχθροῦ
2427 4456 2689 4526 ἐννοήσας
2717 4475 2730 4525 ;
2763 4458 2908 4511 Ἐκεῖ
2940 4457 3033 4529 μὲν
3063 4457 3164 4533 γὰρ
3198 4453 3391 4528 ἔστησε
3437 4457 3532 4525 τήν
3576 4452 3771 4526 πληγὴν,

2189 4545 2307 4601 ὅθεν
2363 4548 2396 4615 ἡ
2448 4547 2719 4620 σωτήριος
2753 4544 2843 4599 καὶ
2908 4543 3218 4619 γλυκυτάτη
3267 4549 3378 4600 τῶν
3430 4545 3596 4620 λόγων
3638 4536 3773 4615 προίει

2188 4636 2367 4712 πηγὴ⁹
2397 4635 2487 4689 καὶ
2516 4634 2577 4689 τὸ
2611 4629 2952 4710 ὑπερϐάλλον
2984 4632 3149 4688 αὐτοῦ
3182 4640 3282 4704 τῆς
3314 4632 3609 4702 δεινότητος
3650 4634 3774 4683 uim

2188 4723 2531 4801 παράκλησιν
2581 4720 2958 4780 ἀπεσκέδασεν.
3008 4725 3210 4799 ’Ὠσπερ
3268 4724 3372 4799 γὰρ
3432 4721 3609 4799 θηρίον
3656 4720 3772 4789 αἱμο-

2190 4809 2374 4890 6όρον,
2406 4818 2575 4868 πᾶσαν
2624 4816 2731 4867 τῶν
2763 4812 3176 4889 συνερχομένων
3207 4813 3305 4881 τὴν
3353 4808 3585 4879 σπουδὴν
3627 4804 3772 4863 timeti-

2191 4898 2347 4973 ϐησε,
2399 4902 2536 4977 πρὸς
2585 4901 2645 4956 τὸ
2694 4903 2961 4977 σπαράξαι
3016 4902 3078 4956 τὸ
3107 4902 3410 4975 προσπεσὸν
3444 4904 3664 4972 Θήραμα·
3711 4894 3773 4949 καὶ

2189 4990 2373 5059 θοίνην
2437 4994 2635 5063 ζητῶν,
2692 4988 2828 5065 βορᾶ
2881 4989 3088 5065 γέγονε.
3141 4986 3463 5059 Ἐδελεάσθη
3519 4989 3609 5064 γὰρ
3637 4984 3771 5053 ὥσπερ

2191 5076 2261 5133 δι’
2318 5079 2610 5155 ἀγκίστρου
2666 5082 2734 5152 τῇ
2798 5083 2895 5133 τοῦ
2971 5080 3225 5152 σώματος
3284 5079 3543 5148 ἀσθενείᾳ·
3598 5078 3774 5150 venit:

2189 5169 2353 5244 ὁρῶν,
2411 5167 2745 5245 κατεφρόνει·
2828 5167 3011 5244 ἠγνόει
3087 5168 3190 5243 γὰρ
3244 5167 3411 5237 αὐτῆς
3472 5166 3534 5221 τὸ
3587 5165 3773 5234 ἀνδρεῖον

2189 5257 2466 5334 φρόνημα.
2553 5254 2827 5312 Νοσοῦντα
2890 5258 2959 5311 τὰ
3032 5254 3175 5328 μέλη
3246 5255 3644 5329 κατεμάνθανεν
3692 5248 3773 5304 ἐὺ·

2190 5345 2406 5425 φλωττε
2452 5347 2578 5422 γὰρ,
2622 5347 2713 5401 τὸν
2767 5345 3120 5422 ἰσχυρότατον
3179 5344 3345 5415 αὐτῆς
3402 5343 3649 5419 λογισμὸν
3675 5356 3764 5394 κιτ-

2190 5438 2443 5491 οπτεῦσαι
2481 5436 2554 5509 μὴ
2590 5432 2901 5507 δυνάμενος.
2947 5432 3093 5504 Μησὶ
3129 5434 3223 5506 μὶν
3253 5434 3342 5489 οὗν
3374 5454 3439 5507 τρ
3455 5434 3522 5487 ισὶ
3550 5430 3629 5486 καὶ
3674 5425 3771 5499 πρὸς

2186 5529 2378 5579 τοῦτον
2404 5524 2494 5577 τὸν
2523 5523 2709 5597 ἀγῶνα
2739 5521 3027 5593 ἐνήθλησε.
3057 5522 3286 5595 Δυνάμει
3316 5520 3372 5577 δὲ
3424 5523 3537 5593 θείᾳ
3580 5520 3633 5579 τὸ
3673 5512 3764 5568 ὅλον

2187 5617 2577 5688 παρεκρατεῖτο
2610 5618 2789 5686 σῶμα.
2843 5614 2917 5666 Τὰ
2971 5613 3076 5686 γὰρ
3133 5610 3487 5668 συντελοῦντα
3533 5608 3655 5685 πρὸς
3698 5601 3767 5667 ti."

2191 5701 2457 5777 διαμονὴν
2506 5702 2674 5759 αὐτοῦ
2720 5699 3044 5777 ἐμεμείωτο.
3095 5699 3349 5781 Ἀτροφία
3376 5701 3473 5776 μὶν
3505 5697 3587 5755 οὖν
3615 5696 3763 5767 παξῆν
