4002 6206
206 388 361 451 155⁸1

1326 386 1515 451 νΙΤΑ
1559 385 1890 447 ΒΑΝΕΤΑΞ
1932 386 2490 451 ΒῩΝΟΙΑΕΤΥΟᾹΞ.

3455 383 3612 448 1558

196 523 314 580 πῶς
372 518 476 592 γὰρ
525 514 761 586 ἠδύνατο
820 515 1003 571 σιτίων
1067 510 1391 589 μεταλαϐεῖν
1422 515 1689 585 τοσαύτης
1745 517 1843 585 σή-

1966 517 2201 573 fmtore?
2249 522 2588 574 Recesserat
2636 518 2706 573 ab
2756 532 2825 572 ea
2872 532 3116 572 somnus
3170 514 3368 571 dolore
3415 514 3608 588 depel-

197 612 343 682 ψεως
400 606 490 661 καὶ
561 603 825 667 δυσωδίας
874 604 1218 680 κρατούσης;
1296 605 1739 679 Ἀποκιχώριστο
1796 601 1853 658 δὲ

200 697 291 752 ἀπ’
343 696 511 765 αὐτῆς
558 695 650 749 καῖ
698 696 726 748 ὁ
757 693 921 755 ὕπνος
974 693 1078 748 ὐπὸ
1108 698 1213 747 τῶν
1247 690 1561 769 ἀλγηδόνων
1591 687 1853 747 ἐκκοπτό-

207 807 389 861 μενος

276 876 396 931 113.
449 875 574 927 Ὅτε
624 870 681 927 δὲ
740 871 907 941 αὐτῆς
953 872 1017 926 τὸ
1066 867 1230 946 πέρας
1277 874 1375 939 τῆς
1423 870 1577 941 νίκης
1609 871 1698 925 καὶ
1753 875 1850 926 τοῦ

200 964 461 1042 στεφάνου
510 960 670 1037 ἐγγὺς
731 961 959 1035 ἐγένετο,
1011 960 1101 1014 καὶ
1145 960 1401 1022 ὀπτασίας
1435 961 1703 1035 ὶθεωρησι
1760 961 1848 1015 καὶ

199 1052 444 1129 ἀγγέλων
505 1049 834 1118 ἐπιστασίας,
882 1049 972 1104 καὶ
1020 1049 1293 1123 παρθένιον
1337 1049 1502 1125 ἀγίων
1535 1049 1846 1122 προτροπὰς

193 1143 331 1218 πρὸς
363 1142 462 1209 τήν
493 1138 707 1209 ἄνοδον,
738 1139 828 1193 καὶ
876 1137 1178 1212 ἐλλάμψεις
1224 1138 1599 1209 ἀνεκλαλήτου
1644 1139 1848 1211 φωτὸς,

188 1231 279 1287 καὶ
341 1227 669 1306 παραδείσοο
718 1233 925 1304 χῶρον
976 1230 1065 1283 καὶ
1120 1229 1253 1301 μετά
1298 1229 1396 1296 τὴν
1449 1229 1567 1291 θὲαν
1614 1227 1844 1302 τούτων,

191 1320 373 1396 ὥσπερ
409 1320 483 1380 εἷς
514 1319 706 1387 ἑαυτὴν
742 1316 1025 1393 γενομένη,
1057 1317 1381 1392 κατήγγειλε
1407 1322 1525 1379 ταῖς
1547 1318 1844 1392 παρούσαις

186 1410 442 1486 γενναίως
473 1429 531 1463 τε
562 1408 763 1486 φὶρειν,
795 1407 886 1461 καὶ
923 1408 997 1479 μή
1035 1406 1321 1483 ὀλιγωρεῖν
1354 1407 1491 1481 πρὸς
1541 1407 1601 1461 τὸ
1650 1406 1842 1482 παρόν.

190 1498 329 1553 Elite
368 1495 426 1552 δὲ
458 1496 664 1563 αὐταῖς,
696 1496 786 1551 καὶ
818 1496 893 1557 ὡς
929 1494 1009 1550 ὅτι
1043 1496 1187 1551 Μετὰ
1215 1501 1361 1569 τρεῖς
1391 1497 1602 1571 ἡμέρας
1636 1516 1844 1573 χωρισ-

198 1590 441 1659 θήσομαι
469 1590 568 1640 τοῦ
600 1586 875 1659 σώματος.
905 1584 983 1641 Οὐ
1021 1584 1182 1656 μόνον
1216 1581 1272 1637 δὲ
1318 1589 1500 1653 τοῦτο,
1554 1584 1700 1639 ἀλλὰ
1753 1585 1843 1639 καὶ

191 1677 294 1745 τὴν
326 1674 470 1750 ὥραν
502 1681 603 1744 τῆς
633 1675 860 1746 ἀφίξεως
891 1678 999 1728 τῶν
1036 1674 1256 1727 ἐνταῦθα
1287 1670 1550 1744 ἐδήλωσε.
1583 1674 1682 1730 Καὶ
1717 1697 1843 1728 σον-

188 1763 539 1829 τελεσθέντος
569 1768 666 1818 τοῦ
698 1764 923 1840 χρόνου,
956 1761 1197 1832 ἀπῆλθεν
1226 1766 1261 1831 ἠ
1298 1763 1534 1836 μακαρία
1587 1763 1843 1839 Συγκλη-

1962 606 2134 662 lente.

2031 876 2151 931 113.
2188 875 2294 931 Ubi
2344 876 2603 948 proxime
2636 876 2744 931 fuit
2792 879 2948 931 meta
2992 874 3242 930 victoriae
3293 878 3466 947 atque
3514 892 3605 931 co-

1959 981 2133 1030 rona,
2193 965 2447 1020 visiones
2521 964 2917 1037 contemplata
2974 971 3080 1031 est,
3146 965 3606 1037 angelorumque

1959 1054 2194 1120 auxilia,
2247 1053 2540 1126 virginum
2591 1055 2729 1109 item
2784 1058 3121 1109 sanctarum
3172 1054 3604 1111 cohortationes

1957 1143 2029 1197 ad
2063 1159 2394 1209 ascensum,
2429 1160 2653 1198 necnon
2707 1142 3130 1198 illustrationes
3167 1141 3481 1197 ineffabilia
3514 1142 3603 1198 lu-

1956 1232 2155 1301 minis,
2184 1237 2358 1303 atque
2389 1233 2640 1303 paradisi
2668 1232 2985 1304 regionem.
3015 1232 3111 1286 His
3141 1236 3337 1287 autem
3359 1248 3603 1304 conspe-

1956 1320 2086 1386 ctis,
2114 1321 2279 1391 quasi
2312 1338 2434 1377 rem
2460 1338 2655 1377 secum
2682 1321 3070 1392 perpendens,
3094 1320 3166 1374 iis
3199 1337 3330 1391 quas
3358 1322 3603 1376 aderant

1955 1409 2328 1476 renuntiavit,
2364 1416 2429 1465 ut
2458 1411 2680 1465 fortiter
2709 1409 3066 1465 sustinerent
3091 1424 3279 1480 neque
3301 1410 3427 1479 jam
3455 1410 3599 1465 defi-

1955 1503 2169 1553 cerent.
2225 1500 2576 1571 Addiditque
2623 1499 2743 1554 haec
2789 1499 2964 1553 verba
3006 1515 3018 1554 :
3062 1499 3199 1555 Post
3245 1499 3508 1555 triduum
3568 1517 3602 1555 a

1954 1602 2193 1658 corpore
2240 1590 2575 1660 separabor.
2624 1589 2821 1659 Neque
2871 1588 2979 1642 boc
3028 1588 3241 1655 solum,
3276 1590 3378 1643 sed
3422 1588 3597 1644 etiam

1955 1676 2157 1731 horam
2190 1678 2379 1733 exitus
2429 1677 2812 1732 denuntiavit.
2864 1677 2985 1740 Quo
3018 1677 3307 1748 completo
3337 1680 3599 1749 tempore

1954 1767 2023 1819 ad
2060 1768 2369 1821 Dominum
2424 1767 2694 1838 migravit
2741 1767 2910 1821 beata
2943 1764 3284 1837 Syncletica,
3320 1769 3492 1835 atque
3524 1768 3594 1822 ab

189 1856 320 1922 τική
348 1854 484 1928 πρὸς
514 1853 602 1907 τὸν
638 1852 851 1929 Κύριον,
886 1850 1118 1907 ἔπαθλον
1148 1856 1253 1905 τῶν
1286 1852 1513 1926 ἀγώνων
1534 1854 1657 1927 παρ’
1679 1852 1842 1906 αὐτοῦ

194 1940 220 1957 Α
259 1943 278 1957 ιι
373 1943 383 1957 1
554 1943 567 1957 \
705 1945 732 1955 α-
869 1940 882 1957 ’
1000 1945 1026 1955 ~
1125 1941 1152 1957 Λ
1252 1938 1270 1957 \
1325 1941 1335 1957 1
1489 1941 1502 1957 9
1570 1938 1593 1957 ﬁ
1616 1937 1654 1957 Ib
1822 1942 1834 1957 \

1966 1872 2050 1911 sos
2080 1856 2139 1911 in
2173 1858 2477 1928 praemium
2511 1857 2895 1913 certaminum
2922 1872 3165 1928 regnum
3197 1856 3472 1912 caelorum
3505 1874 3595 1913 ac-

190 1940 459 2015 διξαμὲνη
509 1943 607 2011 τὴν
665 1945 772 1995 τῶν
828 1940 1067 2016 οὐρανῶν
1124 1938 1419 2016 βασιλείαν’
1460 1941 1533 2002 εἷς
1567 1937 1719 2012 δόξαν
1750 1942 1838 1996 καὶ

1966 1946 2140 2017 :epit;
2191 1946 2248 2001 in
2281 1948 2526 2018 gloriam
2559 1951 2615 2001 et
2662 1946 2895 2000 laudem
2946 1945 3172 2000 Domini
3222 1947 3406 2001 nostri
3452 1947 3591 2002 Josu

186 2030 408 2086 ἔπαινον
440 2036 537 2086 τοῦ
570 2030 765 2107 Κυρίου
796 2032 955 2103 ἡμῶν
986 2032 1165 2100 Ἰησοῦ
1195 2032 1450 2106 Χριστοῦ,
1504 2032 1620 2103 μεθ’
1652 2031 1713 2085 οὗ
1761 2036 1840 2103 τῷ

1966 2033 2183 2103 3hristi,
2235 2051 2365 2089 cum
2428 2040 2597 2091 Patre
2638 2041 2696 2090 et
2741 2035 2961 2107 Spiritu
3013 2039 3214 2091 sancto
3270 2034 3331 2091 in
3378 2035 3592 2092 saecula

184 2121 361 2195 Πατρὶ
392 2122 505 2194 ἅμα
526 2125 605 2193 τῷ
634 2118 883 2196 παναγίῳ
916 2118 1185 2192 ΙΙνεύματι
1228 2120 1302 2182 εἷς
1328 2119 1452 2182 τοὺς
1481 2120 1680 2183 αἰῶνας
1724 2128 1831 2177 τῶν

1966 2123 2313 2179 uinculorum.
2345 2126 2561 2179 Amen.’

181 2209 421 2266 αἰώνων.
456 2212 514 2266 Ἀ
524 2212 652 2283 μήν.

260 2303 339 2374 (2)
370 2299 531 2374 Κύριε
563 2300 590 2353 ὁ
622 2298 751 2360 Θεὸς
782 2302 887 2353 τῶν
917 2295 1217 2371 δυνάμεων,
1249 2303 1368 2361 ταῖς
1400 2295 1707 2374 πρεσϐείαις
1734 2307 1834 2370 τῆς

2018 2303 2259 2358 Domine
2316 2307 2464 2357 Deus
2504 2286 2810 2367 virtutum,
2860 2301 3381 2357 intercessionibus
3433 2305 3593 2359 omni

190 2392 552 2461 πανυμνήτου
602 2389 867 2443 Θεοτόκου
912 2395 1013 2457 τῆς
1045 2387 1185 2460 ἐμῆς
1221 2382 1437 2463 βεϐαίας
1470 2386 1715 2456 ἐλπίδος,
1748 2390 1835 2444 καὶ

1972 2393 2121 2447 aude
2151 2390 2507 2446 celebrandae
2529 2390 2951 2462 Deiparae,quae
2972 2394 3064 2446 est
3092 2392 3256 2445 ﬁrma
3285 2407 3419 2463 spes
3442 2408 3591 2463 mea,

190 2482 268 2535 ὦν
304 2480 551 2553 Πατὲρων
586 2478 740 2551 πόθῳ
772 2477 860 2533 καὶ
889 2477 1047 2550 κόπῳ
1072 2477 1198 2539 τοὺς
1240 2478 1390 2555 βίους
1448 2478 1835 2552 συνελεξάμην,

1966 2486 2004 2537 it
2035 2481 2271 2537 Patrum
2322 2496 2573 2551 quorum
2605 2480 2753 2535 vitas
2800 2480 2995 2536 studio
3026 2485 3201 2552 atque
3249 2480 3446 2537 labore
3476 2481 3593 2537 col-

190 2568 422 2640 ἀξίωσόν
458 2589 523 2640 με
542 2568 632 2622 τὸν
667 2566 991 2643 ἁμαρτωλὸν
1045 2566 1213 2642 εὑρεῖν
1261 2568 1422 2643 χάριν
1469 2566 1695 2622 ἐνώπιόν
1743 2590 1839 2623 σου

1974 2571 2084 2642 egi,
2118 2570 2369 2625 concede
2399 2569 2544 2624 mihi
2578 2569 2887 2641 peccaturi,
2923 2574 2986 2624 ut
3016 2570 3232 2642 quibus
3263 2570 3413 2625 nosti
3438 2571 3596 2642 judi-

1951 2658 2075 2730 ciis,
2109 2658 2403 2713 inveniam
2436 2660 2685 2730 gratiam
2717 2657 2776 2713 in
2806 2662 3119 2729 conspectu
3152 2663 3273 2714 tuo.

2022 2749 2314 2804 Hactenus
2367 2748 2769 2815 absolvuntur,
2819 2747 2915 2818 qui
2967 2763 3035 2803 ex
3082 2752 3283 2803 sancta
3325 2747 3446 2816 illa,
3496 2766 3599 2822 per

1954 2837 2188 2893 beatum
2222 2837 2533 2892 Arsenium
2566 2836 2960 2908 Pegadensem
3002 2836 3343 2907 prodierunt
3372 2853 3598 2895 sermo-

1954 2942 2076 2993 nes,
2113 2942 2227 2998 quo
2260 2925 2462 2981 ordine
2493 2941 2698 2981 omnes
2728 2924 3041 2980 habentur.

193 2660 279 2719 οἷς
313 2655 462 2719 οἶδας
492 2656 769 2733 κρίμασιν.

264 2749 411 2808 "Em;
459 2743 567 2801 ὦδε
617 2747 1007 2821 πεπλήρωνται
1058 2745 1109 2799 οἱ
1160 2743 1218 2799 ἐκ
1255 2751 1354 2814 τῆς
1388 2743 1540 2820 ἁγίας
1570 2747 1717 2822 παρὰ
1744 2751 1840 2801 τοῦ

193 2836 468 2912 μακαρίου
500 2834 779 2911 ’Δρσενίου
807 2840 903 2889 τοῦ
947 2831 1211 2910 Πηγάδων
1242 2832 1626 2905 ὶξεληλυθότες
1657 2833 1839 2910 λόγοι,

184 2926 367 2988 καθὼς
389 2926 508 2980 καθ’
538 2925 724 2999 εἱρμὸν
755 2930 958 2979 κεῖνται
985 2923 1237 2985 ἅπαντες.

187 3130 211 3181 1
254 3053 545 3180 1(2)"Hac,
598 3052 669 3107 ad
737 3052 914 3107 finem
972 3067 1178 3123 usque,
1239 3054 1471 3107 exstant
1524 3050 1583 3105 in
1636 3050 1877 3108 Schedis
1936 3050 2405 3118 Combeﬁsianis,
2464 3066 2568 3108 nec
2624 3049 2901 3123 leguntur
2952 3051 3012 3105 in
3068 3050 3431 3107 Monumentis
3485 3051 3598 3108 Co-

220 3137 404 3180 eam.

220 3137 404 3180 8161‘“.

923 3405 997 3462 IN
1038 3405 1434 3469 SEQUENTIA
1474 3405 1619 3461 DUO
1659 3405 2023 3463 OPUSCULA
2059 3405 2403 3463 ASCETICA
2440 3404 2859 3461 ADMONITIO.

265 3526 305 3581 A
337 3525 528 3579 multis
547 3525 675 3594 jam
704 3523 919 3579 saculis
948 3524 1325 3595 subsequentes
1355 3523 1477 3579 duae
1507 3526 1757 3581 asceticm
1800 3524 2207 3579 exhortationes
2238 3523 2307 3578 ad
2338 3523 2633 3579 monachos
2679 3526 2730 3577 et
2760 3523 2829 3578 ad
2856 3539 3085 3594 sponsas
3118 3524 3331 3579 Christi
3359 3522 3601 3579 Athana-

187 3615 346 3669 nasii
368 3614 595 3669 nomine
619 3613 895 3684 prodiere.
929 3617 993 3667 In
1025 3612 1353 3669 collectione
1391 3630 1630 3684 namque
1662 3614 2012 3684 Regularum,
2045 3628 2170 3683 quae
2216 3622 2397 3668 octavo
2426 3611 2631 3669 saeculo
2660 3628 2693 3666 α
2740 3611 3028 3667 Benedicto
3058 3613 3364 3667 Anianensi
3389 3614 3604 3667 concin-

192 3713 338 3759 nata
366 3705 464 3770 est,
496 3710 728 3773 utraque
755 3711 1025 3774 comparet
1054 3703 1355 3759 Athanasii
1382 3704 1600 3759 nomine
1629 3704 1897 3773 inscripta
1915 3719 1935 3765 ,·
1964 3720 2087 3758 cum
2105 3705 2301 3757 neutra
2334 3707 2522 3757 tamen
2554 3701 2839 3756 Athanasii
2865 3701 3010 3755 nihil
3037 3702 3154 3756 nisi
3180 3716 3375 3756 nomen
3402 3700 3605 3754 admit-

195 3800 300 3848 tat.
330 3792 466 3846 Nam
496 3792 621 3858 ipsa
654 3791 770 3847 luce
796 3792 1005 3847 clarius
1034 3800 1130 3861 est,
1162 3808 1195 3846 a
1224 3793 1424 3847 Latino
1468 3793 1753 3863 scriptore,
1780 3796 1833 3847 et
1879 3791 2097 3863 quidem
2137 3791 2383 3860 elegant:
2438 3792 2753 3860 Latineque,
2784 3798 2845 3844 ut
2886 3790 2986 3844 illa
3032 3797 3213 3853 aetate,
3252 3789 3604 3860 peritissimo,

192 3880 497 3936 adornatas
523 3882 714 3951 fuisse.
768 3879 1014 3936 Secunda
1057 3896 1241 3951 porro,
1275 3882 1337 3935 in
1389 3882 1528 3935 Actis
1573 3881 1801 3936 concilii
1844 3880 2301 3951 Aquisgranensis
2345 3883 2521 3934 exstat
2568 3880 2809 3947 integra,
2859 3878 3260 3948 Athanasioque
3288 3876 3602 3932 ascribitur.

202 3968 355 4027 Unde
384 3970 616 4038 fortasse
643 3969 921 4040 suspicari
945 3968 1128 4037 liceat,
1158 3970 1328 4038 fuisse
1359 3968 1545 4035 illam,
1570 3971 1895 4040 pariterque
1934 3971 2196 4039 priorem,
2229 3984 2349 4039 qtae
2379 3967 2567 4021 eodem
2611 3969 2788 4037 ferme
2814 3966 2945 4036 styli
2971 3980 3167 4035 genere
3196 3966 3502 4035 conscripta
3531 3972 3607 4019 est

195 4059 271 4115 ab
305 4062 528 4115 auclore
556 4073 657 4113 suo
685 4060 1177 4115 commendationis
1203 4074 1369 4113 causa
1414 4057 1701 4113 Athanasii
1744 4057 1971 4114 nomine
1998 4058 2341 4127 insignitum.
2397 4058 2697 4127 Utrumque
2740 4063 2924 4111 autem
2955 4054 3282 4126 opusculum
3314 4055 3370 4109 in
3396 4052 3607 4124 Appen-

194 4148 322 4203 dice
350 4146 422 4202 ad
442 4147 677 4203 codicem
706 4149 1066 4217 Regularum,
1098 4151 1328 4203 curante
1358 4151 1503 4201 Luca
1534 4147 1808 4202 Holstenio
1837 4146 2046 4202 editum
2072 4148 2181 4215 fuit
2210 4146 2447 4201 Parisiis
2477 4161 2623 4201 anno
2656 4145 2810 4198 1663.

393 4402 989 4527 SANGTI
1079 4402 1694 4525 PATRIS
1774 4401 2395 4525 NOSTRI
2484 4397 3424 4522 ATHANASII

1060 4636 1826 4726 EXHOR'I‘ATIO
1887 4637 2028 4724 AD
2088 4633 2752 4724 MONACHOS.

799 4817 964 4891 (Vide
989 4819 1319 4889 Patrologiz
1351 4817 1558 4873 Latinae
1587 4820 1728 4873 tom.
1763 4815 1899 4883 CIII,
1935 4814 2041 4871 col.
2066 4816 2192 4885 665,
2225 4815 2284 4870 in
2315 4812 2623 4870 Benedicto
2655 4810 3016 4883 Anianensi.)

415 5086 996 5183 EJUSDEM
1064 5038 1902 5182 EXHORTATIO
1970 5084 2143 5177 AD
2215 5079 2804 5176 SPONSAM
2872 5076 3405 5175 CHRISTI.

1600 5276 1744 5332 Vide
1775 5274 1943 5343 ibid.,
1974 5275 2085 5331 col.
2116 5274 2242 5342 671,

1877 5422 1949 5436 -ο
