4002 6206
319 292 477 351 1559
1453 291 1516 352 S.
1564 291 1998 353 ATHANASII

2128 324 2205 335 -
2239 291 2551 353 SPURIA.
3574 290 3727 350 1560

1327 555 1399 611 ΙΝ
1439 554 1839 612 EPISTOLAM
1880 553 2309 618 SEQUENTEM
2350 554 2713 612 MONITUM.

390 702 764 757 (ΜΞ-649.
819 700 1119 771 Epistolam
1164 700 1458 755 Athanasii
1486 698 1708 754 nomine
1756 698 1825 752 ad
1874 697 2182 769 episcopum
2228 698 2526 752 Persarum
2573 700 2951 769 conscriptam,
3004 699 3167 753 Roma
3217 698 3376 754 nobis
3426 701 3738 753 transmisit

317 794 404 847 vir
432 794 499 846 cl.
537 791 798 845 Claudius
847 790 1247 861 Stephanotius,
1279 798 1598 859 procurator
1642 804 1764 856 gen.
1816 795 2011 842 nostra:
2057 789 2516 857 congregationis,
2560 803 2667 841 non
2716 788 2813 842 hoc
2859 802 2964 841 uno
2993 788 3148 841 nobis
3190 788 3413 841 nomine
3447 788 3739 842 observan-

320 881 418 935 dus
451 897 468 933 :
498 882 678 934 multa
707 881 906 950 quippe
932 878 1086 933 nobis
1111 879 1529 949 perhumaniter
1558 879 1743 947 ofﬁcia
1779 877 2029 931 contulit.
2062 876 2222 931 Nemo
2253 884 2429 930 autem
2460 892 2573 930 non
2622 875 2765 930 videt
2796 878 2968 945 fuisse
2992 878 3175 947 primo
3209 875 3387 930 Graece
3414 884 3738 939 exaratam,

320 970 518 1026 exinde
549 986 668 1024 vero
716 971 912 1023 Latine
954 970 1021 1023 ab
1063 969 1248 1023 minus
1288 969 1467 1039 perito
1512 968 1778 1037 scriptore
1826 966 2172 1021 translatam.
2227 966 2289 1019 Et
2334 964 2551 1035 quidem
2600 982 2671 1019 ex
2699 965 2949 1019 vertendi
2994 967 3207 1019 ratione
3244 965 3465 1019 videtur
3511 968 3742 1034 antiqua

323 1076 436 1116 esse
464 1061 637 1115 versio
666 1076 683 1112 :
716 1060 822 1114 olet
851 1061 995 1111 enim
1022 1073 1371 1128 peregrinum
1404 1056 1551 1111 illud
1578 1060 1631 1111 et
1662 1056 1948 1123 inelegans
1985 1055 2302 1109 Latinitatis
2342 1071 2531 1125 genus,
2580 1053 2720 1125 quod
2748 1071 2826 1122 vx,
2858 1071 2935 1108 v11
2965 1057 3016 1109 et
3042 1055 3495 1125 subsequentibus
3525 1057 3743 1110 saeculis

323 1152 381 1205 in
414 1167 517 1205 usu
549 1153 685 1203 erat.
718 1145 944 1206 Νοθείας
973 1164 1135 1214 porro
1163 1150 1494 1218 argumenta
1522 1163 1623 1200 nec
1650 1146 1859 1201 occulta
1889 1147 2164 1215 praefert:
2198 1145 2508 1212 cuiusmodi
2555 1147 2630 1198 est
2678 1144 2818 1197 illud
2848 1143 2986 1213 quod
3032 1145 3119 1199 ait
3155 1162 3175 1199 :
3204 1146 3543 1199 Secundum
3589 1145 3739 1215 quod

324 1239 606 1309 scriptum
642 1242 727 1291 est
762 1253 774 1290 :
811 1259 836 1285 κ
877 1236 997 1291 Una
1024 1235 1217 1291 Deitas
1249 1236 1304 1290 in
1338 1234 1527 1289 tribus
1559 1233 1794 1288 stantiis
1827 1232 2254 1305 cognoscenda,
2290 1254 2316 1281 ››
2348 1236 2505 1303 quasi
2536 1249 2659 1288 vero
2687 1235 2748 1287 in
2778 1233 2925 1287 libro
2948 1233 3210 1304 quodam,
3232 1234 3388 1304 cujus
3416 1236 3743 1288 auctoritati

326 1328 661 1383 Athanasius
693 1325 1106 1395 astipularetur,
1143 1324 1421 1396 ejusmodi
1449 1324 1719 1377 sententia
1750 1329 1967 1393 reperta
1991 1323 2083 1377 sit.
2122 1322 2222 1377 Ubi
2248 1320 2494 1376 advertas
2529 1322 2707 1387 velim,
2741 1322 2901 1383 illud,
2930 1322 2985 1376 in
3018 1322 3207 1376 tribus
3238 1322 3497 1389 stantiis,
3520 1338 3741 1392 expres-

324 1434 447 1471 sum
476 1416 656 1470 videri
684 1431 754 1469 ex
782 1414 879 1468 hoc
906 1414 1067 1479 dicto,
1102 1411 1151 1467 iv
1183 1411 1355 1487 τρισὶν
1392 1411 1761 1479 ὑποστάσεσιν,
1795 1427 1915 1482 qum
1943 1412 2211 1466 sententia
2241 1410 2365 1465 licet
2396 1410 2541 1481 apud
2570 1412 2924 1465 Athanasium
2952 1427 3351 1482 nonnunquam
3380 1428 3484 1465 usu
3536 1415 3740 1480 veniat,

324 1522 433 1561 non
464 1508 541 1560 ita
570 1508 750 1558 autem
780 1504 1092 1567 adhibetur,
1124 1505 1289 1574 quasi
1317 1506 1373 1557 tn
1414 1504 1656 1571 confesso
1702 1500 1848 1571 apud
1878 1515 2063 1555 omnes
2091 1502 2163 1555 sit
2182 1516 2202 1561 ,'
2248 1516 2373 1554 cum
2402 1502 2646 1571 apposita
2676 1499 2807 1555 huic
2852 1500 3169 1571 propasitio,
3198 1501 3345 1571 quod
3390 1502 3610 1555 scilicet
3636 1518 3741 1555 una

324 1598 399 1650 sit
428 1591 715 1651 ὑπόστασις
756 1594 815 1645 in
864 1593 1154 1657 Iri-nitate,
1184 1595 1245 1645 ut
1291 1591 1560 1646 catholica
1589 1599 1640 1645 et
1683 1594 1799 1644 tum
1849 1590 2105 1661 temporis
2146 1588 2480 1644 admittenda
2530 1589 2846 1645 declaretur
2892 1592 2958 1644 ab
2989 1591 3284 1644 Athanasio
3334 1592 3395 1644 in
3420 1598 3567 1645 tomo
3616 1589 3739 1644 Also

327 1680 627 1738 xandrinae
658 1680 885 1752 synodi,
933 1695 1062 1751 pag.
1110 1681 1237 1749 773,
1268 1679 1401 1733 dum
1457 1683 1640 1733 tamen
1687 1694 1849 1747 penes
1888 1693 2009 1732 eam
2056 1693 2249 1733 vocum
2300 1679 2621 1732 varietatem
2667 1678 2855 1733 eadem
2898 1679 3029 1749 ﬁdes
3060 1682 3389 1749 reperiatur.
3441 1678 3603 1732 [laud
3633 1678 3743 1733 lere

331 1773 462 1825 item
492 1770 631 1823 illud
660 1778 737 1823 est
763 1766 971 1828 νοθείας
1005 1769 1290 1837 indicium,
1322 1768 1460 1839 quod
1504 1770 1796 1821 ementitus
1829 1768 1933 1821 iste
1961 1766 2290 1821 Athanasius
2318 1766 2604 1836 epistolam
2648 1766 2900 1838 Dionysii
2945 1767 3015 1821 ad
3045 1768 3277 1821 Paulum
3320 1767 3741 1822 Samosatenum

332 1860 511 1913 mittat
565 1857 634 1912 ad
687 1862 910 1924 Persas,
956 1874 1074 1928 quae
1120 1859 1397 1912 communi
1449 1856 1794 1912 eruditorum
1849 1855 2061 1910 calculo
2105 1856 2251 1910 inter
2300 1856 2651 1927 supposititia
2699 1859 3058 1926 computatur.
3110 1856 3353 1910 Habetur
3398 1860 3585 1910 autem
3641 1855 3742 1908 illa

333 1956 462 2002 tom.
495 1950 523 2002 1
554 1945 919 2001 Bibliothecaa
957 1945 1060 2000 PP.
1090 1947 1292 2011 Graec.,
1321 1962 1447 2016 pag.
1480 1946 1605 2010 273,
1636 1944 1727 1999 sed
1757 1945 1817 1997 in
1846 1944 2130 1999 nonnullis
2158 1945 2398 1998 multum
2425 1944 2699 2013 discrepat
2725 1944 2791 1998 ab
2824 1946 2931 1999 ista
2959 1960 3124 2014 quam
3151 1944 3365 1999 edimus
3396 1947 3667 2009 versione,
3691 1947 3745 1998 in

335 2052 442 2107 qua
470 2034 662 2089 desunt
700 2033 831 2089 bene
859 2033 1062 2097 multa,
1094 2036 1203 2088 sive
1233 2036 1553 2104 interpretis
1582 2035 1829 2101 incuria,
1858 2035 1972 2088 sive
1998 2050 2071 2089 ex
2098 2033 2344 2089 codicum
2372 2032 2709 2089 diversitate.
2744 2033 3003 2089 Cmterum
3033 2033 3180 2089 nihil
3219 2042 3296 2088 est
3323 2034 3465 2104 quod
3496 2033 3747 2101 ambigo-

335 2141 455 2180 mus
484 2124 551 2179 ab
581 2122 765 2179 eodem
795 2126 1182 2180 concinnatum
1209 2126 1385 2194 fuisse
1412 2125 1698 2195 utriusque
1725 2123 1969 2195 epistola:
1988 2123 2527 2195 interpretationem,
2548 2122 2689 2195 quod
2717 2123 2896 2195 ipsum
2918 2124 3182 2179 versionis
3208 2139 3383 2193 genus
3411 2117 3749 2181 ἅδιστάχτως

331 2230 429 2285 per
453 2229 511 2269 se
538 2212 831 2285 signiﬁcat.

537 2489 954 2552 Dilectissimo
987 2508 1168 2569 papaa
1199 2495 1261 2551 et
1289 2489 1345 2550 ei
1376 2489 1486 2569 qui
1516 2508 1659 2550 cum
1690 2489 1825 2570 ipso
1859 2495 1954 2551 est
1990 2489 2180 2561 clero,
2215 2495 2276 2551 et
2304 2489 2414 2570 qui
2445 2489 2509 2550 in
2540 2491 2869 2551 Persarum
2902 2488 3227 2569 provincia
3272 2489 3540 2563 habitat,

937 2578 999 2632 et
1029 2571 1137 2651 qui
1166 2572 1229 2631 in
1262 2570 1384 2631 fide
1417 2570 1528 2632 Dei
1556 2570 1787 2632 ﬁrmati
1817 2577 1987 2645 sunt,
2013 2570 2417 2644 Athanasius,
2449 2571 2512 2632 in
2545 2571 2811 2632 Domino
2844 2571 3139 2650 gaudere.

410 2878 566 2935 650
596 2878 810 2932 Sancta
839 2880 897 2931 et
919 2875 1199 2931 divinitus
1230 2874 1517 2947 inspirata
1554 2874 1855 2946 Scriptura
1887 2892 1989 2930 an-
2019 2878 2073 2944 Α
2100 2878 2344 2947 fuerant,
2376 2876 2562 2932 datam
2592 2877 2765 2944 legem
2802 2876 2933 2946 ﬁliis
2964 2877 3133 2931 Israel
3180 2892 3291 2932 non
3317 2877 3549 2946 perfecte
3574 2882 3768 2931 custo-

345 2967 645 3039 tiquorum
694 2965 862 3021 nobis
910 2970 1076 3020 actus
1122 2968 1380 3035 enarrat,
1426 2964 1724 3019 deducens
1774 2981 1881 3019 nos
1920 2982 1988 3020 ex
2101 2965 2344 3032 dierunt,
2376 2966 2480 3021 sed
2510 2970 2668 3021 erant
2695 2969 2745 3020 et
2775 2967 2888 3033 legi
2916 2966 3212 3020 servientes
3240 2980 3309 3019 ex
3334 2969 3507 3037 parte,
3538 2968 3589 3021 et
3623 2982 3763 3021 con-

346 3056 473 3127 ipsa
504 3056 572 3110 ad
608 3073 673 3112 ea
704 3071 827 3124 quae
861 3054 1028 3109 utilia
1058 3057 1194 3110 sunt
1226 3053 1545 3122 actionum,
1582 3052 1990 3110 abominantes

344 3163 575 3201 omnem
601 3144 850 3215 speciem
876 3143 1113 3199 malitiae
1132 3148 1188 3199 et
1206 3143 1543 3215 impietatis.
1568 3143 1629 3197 In
1657 3144 1989 3216 Regnorum

343 3234 526 3304 igitur
560 3234 723 3288 libris
772 3232 975 3287 scribit
1003 3232 1324 3304 deliquisse
1374 3232 1570 3298 Israel,
1610 3238 1668 3287 et
1717 3234 1991 3289 adorasse

341 3327 665 3377 creaturam
716 3320 903 3391 magis
952 3338 1128 3392 quam
1178 3321 1530 3377 Creatorem.
1583 3321 1754 3377 Scitis
1795 3328 1990 3377 autem

342 3414 629 3481 quantum
659 3406 879 3463 malum
913 3409 989 3464 sit
1017 3409 1387 3464 Conditorem
1422 3408 1837 3482 relinquentes,
1862 3427 1992 3465 eam

341 3516 467 3570 quae
500 3498 582 3554 illi
616 3498 864 3553 debetur
893 3496 1139 3569 gloriam
1172 3497 1344 3553 idolis
1374 3503 1571 3569 aptare
1600 3504 1658 3553 et
1687 3500 1990 3555 creaturis.

340 3589 459 3644 Hoc
480 3586 596 3641 illis
619 3586 950 3657 agentibus,
976 3586 1215 3641 retraxit
1245 3590 1396 3640 Deus
1416 3587 1769 3656 adjutorium
1793 3604 1990 3652 suum,

342 3675 441 3732 ubi
480 3676 592 3748 ipsi
644 3692 706 3730 se
754 3675 995 3730 tradunt
1043 3675 1102 3729 in
1152 3673 1429 3730 servitute
1480 3675 1715 3746 regibus
1764 3678 1991 3746 vestris,

344 3764 553 3836 captivi
588 3769 781 3820 autem
829 3764 1203 3819 adducuntur
1251 3764 1361 3819 sub
1410 3763 1816 3821 Salmanassar
1863 3782 1995 3838 rege

2100 3055 2493 3110 suetudinibus
2520 3056 2765 3124 paternis
2816 3056 3023 3109 utentes
3047 3055 3108 3108 ³⁸.
3145 3053 3213 3109 Et
3242 3070 3421 3125 usque
3454 3070 3621 3109 nunc
3650 3054 3762 3109 Sa-

2102 3142 2324 3198 maritae
2357 3142 2487 3198 istis
2518 3143 3043 3198 consuetudinibus
3073 3147 3333 3209 utuntur,
3368 3143 3535 3213 ejecti
3567 3160 3607 3197 ι
3644 3148 3768 3198 Deo

2103 3236 2340 3303 propter
2370 3231 2524 3303 quod
2558 3248 2670 3285 non
2693 3232 2999 3299 mundam,
3026 3233 3124 3287 sed
3154 3232 3515 3287 commistam
3550 3233 3771 3289 nescio

2102 3338 2279 3393 quam
2310 3321 2649 3376 servitutem
2698 3326 3133 3391 consummant,
3165 3337 3352 3392 neque
3379 3321 3563 3393 legem
3603 3322 3769 3378 Mosi

2103 3426 2290 3480 neque
2320 3410 2849 3465 consuetudinibus
2882 3411 3085 3481 patriis
3117 3411 3361 3482 perfecte
3402 3411 3769 3467 servientes.

2102 3499 2221 3554 Ista
2249 3501 2653 3569 agnoscentes,
2698 3498 3088 3564 dilectissimi,
3121 3500 3400 3554 mundam
3430 3498 3770 3555 oﬂenmus

2102 3587 2219 3641 Deo
2251 3587 2613 3651 servitutem,
2644 3603 2757 3641 non
2789 3587 3157 3642 commistam
3180 3588 3457 3643 habentes
3488 3588 3776 3657 impietao

2103 3675 2178 3731 tis
2211 3675 2487 3748 speciem,
2520 3677 2620 3731 sed
2656 3676 2966 3747 impolluta
2993 3682 3050 3731 et
3080 3676 3196 3748 pia,
3227 3694 3342 3748 qua
3379 3679 3527 3733 Deus
3556 3678 3773 3734 delec-

2104 3770 2301 3833 tatur;
2335 3764 2563 3819 nullum
2596 3765 2749 3820 enim
2805 3765 3076 3836 suscipit,
3108 3767 3296 3838 magis
3338 3771 3528 3821 autem
3559 3772 3624 3821 et
3660 3770 3771 3824 ad-

343 3854 715 3927 Assyriorum
752 3870 853 3926 pro
885 3858 1040 3909 terra
1072 3870 1178 3908 sua
1210 3853 1538 3922 Palaestina,
1574 3854 1703 3910 dico
1734 3854 1996 3912 habitare
2097 3856 2325 3927 judicat
2358 3855 2587 3910 duobus
2620 3854 2876 3909 dominis
2924 3854 3292 3911 servientem.
3345 3856 3706 3912 Avertimini
3740 3876 3775 3913 ι

346 3950 564 4000 terram
610 3943 977 4015 Assyriorum
1008 3942 1066 3997 in
1100 3943 1293 3999 ﬂuviis
1324 3943 1539 3999 Evaleaz
1570 3947 1626 3999 et
1668 3945 1994 4001 Enaborzo-

348 4050 456 4089 zan
488 4037 547 4088 et
565 4037 792 4087 montes
816 4032 1138 4087 Medorum.
1160 4032 1483 4087 Introducit
1504 4036 1699 4089 autem
1726 4051 1829 4105 pro
1850 4034 1996 4105 ipsis

349 4122 609 4177 habitare
641 4120 962 4175 Samariam
1012 4120 1377 4193 Babylonius,
1412 4137 1478 4177 ex
1509 4122 1736 4179 Cuthan
1768 4128 1825 4179 et
1859 4128 1997 4179 Dea-

340 4211 469 4278 jan,
502 4215 559 4264 et
590 4209 890 4275 Decmath,
923 4212 980 4263 et
1025 4208 1386 4280 Seppbavon,
1419 4215 1473 4265 et
1503 4210 1910 4267 habitaverunt
1939 4213 1997 4267 in

2108 3944 2372 4017 patribus
2395 3944 2668 4000 traditam
2692 3942 2855 3999 vobis
2878 3943 3286 4000 idololatriam:
3320 3945 3606 4001 bareticis
3644 3964 3773 4002 non

2108 4033 2463 4105 coaptemini
2497 4051 2509 4088 :
2546 4032 2757 4089 melius
2807 4034 2962 4089 enim
3012 4040 3134 4089 erat
3181 4035 3584 4105 hujuscemodi
3646 4053 3773 4092 non

2107 4138 2455 4194 cognoscere
2501 4123 2827 4189 veritatem,
2861 4140 3038 4193 quam
3088 4130 3502 4191 cognoscentes
3542 4130 3777 4181 rethor-

2109 4229 2241 4267 sum
2293 4212 2547 4267 converti
2582 4213 2645 4267 9’.
2704 4212 3019 4267 Dicendum
3066 4218 3154 4269 est
3182 4214 3339 4268 enim
3391 4213 3555 4269 illis:
3590 4216 3775 4271 Canis

350 4262 684 4354 civitatibus
716 4262 991 4353 Samaria:
1023 4262 1125 4369 pro
1140 4262 1293 4353 rfiliis
1336 4262 1533 4354 Israel.
1567 4299 1634 4354 Et
1664 4300 1881 4356 factum
1913 4306 2003 4357 est
2030 4262 2078 4327 Β
2111 4318 2354 4358 reversus
2384 4303 2453 4356 ad
2481 4304 2749 4357 vomitum
2795 4318 2977 4369 suum,
3009 4307 3061 4357 et
3103 4319 3198 4357 sus
3230 4302 3345 4358 tota
3376 4306 3433 4358 in
3464 4304 3775 4360 inlutabro

348 4388 406 4442 in
460 4388 626 4443 initio
674 4386 958 4443 sessionis
1006 4402 1233 4451 eorum,
1265 4404 1377 4442 non
1425 4388 1751 4444 timuerunt
1797 4390 1999 4445 Domi--

350 4493 515 4543 num,
548 4482 604 4532 et
635 4476 881 4531 immisit
910 4476 1193 4531 Dominus
1221 4476 1417 4531 leones
1451 4477 1509 4531 in
1532 4494 1630 4532 eos
1650 4484 1705 4533 et
1726 4483 1893 4534 erant
1916 4479 1999 4533 in-

348 4563 703 4619 terﬁcisntes
734 4581 801 4619 ex
830 4565 934 4630 eis,
969 4569 1026 4619 et
1074 4564 1332 4621 dicentes
1371 4565 1641 4621 dixerunt
1671 4567 1790 4638 regi
1823 4571 2001 4639 Assy-

352 4652 571 4707 riorum
607 4668 621 4707 :
657 4653 847 4707 Gentes
878 4670 1012 4723 quas
1061 4654 1401 4709 transtulisti
1442 4664 1493 4710 et
1520 4656 1748 4726 posuisti
1775 4657 1835 4711 in
1866 4658 2003 4711 civi-

352 4741 561 4796 tatibus
590 4741 864 4799 Samariae
895 4743 1153 4813 ignorant
1174 4744 1451 4816 judicium
1482 4746 1577 4799 Dei
1604 4747 1793 4816 terrae,
1822 4754 1872 4801 et
1898 4747 2001 4800 im-

354 4831 505 4885 misit
553 4832 613 4885 in
658 4847 745 4885 eos
792 4831 991 4897 leones,
1022 4836 1073 4886 et
1118 4848 1233 4888 ecce
1277 4840 1406 4888 sunt
1455 4834 1846 4904 mortificantes
1895 4851 2003 4907 eos,

352 4927 569 4990 propter
601 4919 743 4991 quod
772 4921 1020 4975 nesciunt
1053 4921 1329 4992 judicium
1360 4924 1455 4977 Dei
1481 4932 1659 4978 terrm.
1696 4928 1760 4980 Et
1788 4940 2004 4995 prwce—

352 5010 438 5080 pit
482 5026 581 5065 rex
624 5012 971 5080 Assyriorum
1016 5012 1204 5067 dicens
1244 5030 1261 5066 :
1306 5014 1588 5069 Ducuntur
1617 5016 1662 5069 ii
1690 5016 1788 5086 qui
1813 5015 2009 5071 exinde

355 5109 485 5155 sunt
517 5104 568 5154 et
617 5100 1037 5171 proﬂczscanlur
1064 5106 1113 5156 et
1134 5104 1391 5157 maneant
1421 5103 1519 5169 ibi,
1539 5104 1852 5159 illuminent
1885 5105 2008 5158 illos

345 5187 563 5259 judicia
603 5190 704 5244 Dei
735 5194 919 5245 terrae.
953 5190 1015 5244 Et
1045 5189 1393 5246 adduxerunt
1441 5208 1613 5246 unum
1650 5209 1719 5248 ex
1751 5194 2009 5248 sacerdo-

354 5278 517 5344 tibus,
550 5294 711 5349 quem
758 5279 1254 5347 transmigraverat
1304 5280 1370 5334 de
1397 5279 1655 5335 Samaria
1690 5287 1741 5337 et
1785 5283 1920 5337 sedit
1949 5284 2007 5337 in

355 5365 555 5433 Bethel,
587 5375 639 5422 et
682 5370 797 5421 erat
847 5368 1177 5422 illuminans
1220 5384 1304 5423 eos
1350 5370 1596 5424 sacerdos
1642 5371 1901 5440 quomodo
1946 5374 2013 5426 ti-

356 5464 563 5509 merent
623 5457 932 5511 Dominum.
995 5460 1071 5512 Et
1120 5457 1295 5513 edocti
1346 5457 1407 5513 hi
1461 5459 1557 5531 qui
1613 5462 2013 5530 transmigrati

2107 4393 2339 4463 gurgitis
2361 4392 2424 4445 ⁸ο.
2458 4391 2574 4449 Nos
2597 4396 2791 4447 autem
2814 4390 2895 4446 ita
2926 4408 2938 4445 2
2978 4393 3122 4448 Unus
3149 4394 3296 4447 enim
3323 4394 3482 4449 nobis
3506 4394 3680 4454 Deus.
3703 4412 3780 4450 ex

2109 4499 2216 4553 quo
2247 4482 2452 4545 omnia,
2486 4488 2536 4535 et
2566 4496 2710 4534 unus
2737 4481 2999 4536 Dominus
3025 4483 3177 4537 Iesus
3201 4482 3781 4553 Christus,perquem

2110 4571 2318 4636 omnia,
2352 4573 2404 4623 et
2434 4584 2573 4622 unus
2615 4568 2855 4640 Spiritus
2898 4578 3119 4625 sanctus
3140 4571 3204 4640 εί,
3246 4571 3588 4643 significans
3622 4572 3777 4627 uni-

2110 4674 2276 4712 versa
2306 4656 2565 4713 Trinitas
2619 4659 2888 4730 perfecta,
2939 4658 3482 4725 consubstantialis,
3514 4662 3776 4733 aequalis

2113 4746 2365 4813 virtutis,
2402 4743 2654 4817 ἰσοκλῆς,
2689 4748 2745 4802 id
2778 4752 2865 4802 est
2894 4747 3135 4819 aequalis
3160 4748 3380 4821 glorise.
3429 4754 3598 4805 Pater
3629 4769 3775 4806 om-

2113 4836 2278 4891 nium
2330 4837 2615 4892 bonorum
2665 4838 2816 4905 lous,
2847 4854 2915 4893 ex
2947 4854 3061 4908 quo
3110 4838 3289 4894 Filius
3338 4844 3511 4894 natus
3554 4844 3675 4912 est,
3706 4859 3775 4896 ex

2117 4942 2232 4998 quo
2263 4929 2317 4979 et
2348 4925 2601 4996 Spiritus
2650 4929 2887 4981 sanctus
2937 4926 3211 4997 procedit,
3243 4930 3570 4983 secundum
3602 4932 3773 5001 quod

2118 5015 2401 5086 scriptum
2434 5017 2522 5069 est
2552 5030 2565 5067 :
2601 5012 2725 5069 Una
2756 5014 2940 5070 deitas
2971 5015 3030 5069 in
3062 5017 3250 5072 tribus
3279 5017 3512 5073 stantiis
3543 5034 3771 5090 cogno-

2117 5103 2349 5159 scenda.
2376 5102 2487 5157 Sed
2518 5101 2575 5156 in
2600 5102 2937 5157 novissimis
2966 5103 3160 5158 seaculi
3183 5107 3550 5177 temporibus
3580 5109 3774 5163 mise—

2116 5196 2275 5247 tatus
2296 5192 2451 5262 quod
2469 5190 2868 5263 lapsumestin
2886 5192 3383 5265 impietategenus
3410 5195 3773 5265 humanum,

2120 5282 2273 5352 quod
2306 5285 2565 5335 creatum
2608 5285 2699 5335 est
2728 5282 2798 5336 ad
2847 5281 3163 5353 imaginem
3208 5288 3266 5337 et
3311 5284 3771 5341 similitudinem

2123 5371 2239 5437 Dei,
2273 5386 2616 5426 conversum
2650 5370 2709 5424 in
2760 5370 3157 5426 adorationem
3200 5388 3439 5444 operum
3472 5391 3768 5430 manuum

2121 5475 2382 5528 suarum,
2402 5458 2672 5530 deposuit
2690 5458 2951 5530 seipsum
2974 5459 3363 5517 involuntaria
3383 5466 3767 5521 evacuatione

426 5615 470 5647 ⁸⁸
502 5614 574 5668 IV
607 5616 743 5689 Reg.
777 5634 913 5685 xvn,
944 5618 1136 5675 26-33.
1213 5619 1257 5653 "
1286 5618 1335 5673 II
1368 5622 1515 5674 Petr.
1546 5634 1609 5688 ιι,
1640 5620 1728 5673 21.
1806 5620 1851 5654 ⁸ο
1884 5620 1998 5675 Ibid

2118 5622 2167 5687 ες
2201 5620 2363 5675 Prov.
2392 5635 2540 5687 xxvu,
2576 5620 2663 5674 11.
2737 5620 2778 5655 ⁶¹
2811 5618 2832 5674 Ι
2862 5622 2986 5676 Cor.
3018 5637 3142 5687 vm,
3173 5622 3229 5676 6.
