4002 6206
221 362 368 422 1561

1169 359 1550 421 EPISTULA
1595 359 1696 417 AD
1740 354 2184 416 EPISCOPUM
2235 349 2691 414 PERSARUM.

3466 349 3621 408 1562

220 495 544 551 secundum
578 494 1006 550 humanitatem
1041 494 1402 566 unigenitum
1455 493 1553 547 Dei
1580 490 1865 555 Verbum,
1895 490 1947 554 Α
1981 483 2864 557 inquit,salvumfacietpopulum
2885 482 3338 553 suumepeccatis
3367 481 3620 536 eorum”.

220 584 721 640 consubstantiale
754 583 905 638 Patri
934 585 1342 639 etincarnatus
1371 599 1439 637 ex
1461 584 1665 636 sancta
1695 582 1750 633 et
1774 577 1869 633 Dei

218 672 499 745 genitrice
522 671 781 743 Virgine,
816 671 904 723 καὶ
938 670 1246 747 ῥυθμεῖται,
1280 670 1337 725 id
1371 675 1478 735 est,
1502 674 1559 725 et
1587 672 1870 737 temperat

220 766 478 817 nostram
508 761 711 829 vitam,
745 761 995 815 edocens
1047 760 1336 831 quomodo
1388 762 1650 830 oporteat
1679 757 1867 811 vivere

223 866 328 922 per
377 848 717 920 evangelica
768 848 1195 921 przedicationis
1228 847 1663 920 magisterium:
1698 850 1753 899 et
1775 862 1870 916 pa-

218 939 367 993 titur
398 937 629 1009 propria
662 954 767 992 sua
797 943 1051 1001 carne,et
1082 938 1415 1009 exspolians
1448 936 1743 990 infernum
1779 950 1867 987 re-

218 1027 359 1081 vixit
394 1026 722 1094 triduanus,
756 1028 1207 1081 ascenditetiam
1230 1028 1287 1081 in
1321 1025 1493 1081 caelos
1526 1031 1582 1079 et
1610 1024 1772 1079 sedet
1792 1023 1864 1076 ad

218 1116 517 1171 dexteram
552 1117 874 1185 majestatis
918 1115 975 1168 in
1009 1114 1270 1170 excelsis.
1307 1116 1505 1186 Ipsum
1556 1118 1863 1169 venturum

217 1208 627 1275 exspectamus
657 1204 935 1275 ingloria
966 1204 1151 1258 Patris
1175 1203 1537 1272 judicantem
1598 1202 1755 1256 vivos
1812 1206 1869 1255 et

221 1300 507 1359 mortuos,
556 1293 895 1347 reddentem
951 1292 1265 1362 unicuique
1324 1292 1649 1347 secundum
1696 1306 1871 1362 opera

222 1382 387 1451 ejus;
424 1380 536 1453 piis
568 1381 805 1452 quidem
838 1398 964 1452 quae
994 1396 1098 1435 nec
1131 1379 1332 1435 oculus
1382 1380 1543 1449 vidit,
1577 1396 1680 1434 nec
1713 1380 1871 1433 auris

222 1469 463 1533 audivit,
496 1474 553 1524 et
588 1469 646 1523 in
688 1485 787 1523 cor
845 1469 1105 1524 hominis
1154 1486 1270 1523 non
1319 1468 1580 1524 ascendit
1612 1486 1624 1523 :
1661 1468 1872 1539 impios

218 1564 418 1612 autem
457 1559 690 1612 mittens
716 1558 771 1611 in
805 1557 998 1629 ignem
1032 1558 1442 1623 (sternum,ubi
1476 1556 1872 1612 interminabi-

220 1646 299 1701 lis
331 1646 547 1701 vermis
573 1651 629 1701 et
658 1646 830 1701 ﬂetus
856 1651 914 1701 et
937 1645 1153 1701 stridor
1178 1646 1465 1701 dentium.
1483 1646 1616 1701 Istis
1635 1650 1873 1700 coactus

221 1753 355 1793 sum
389 1736 596 1790 litteris
622 1735 702 1790 uti
734 1736 804 1790 ad
837 1736 1214 1803 vos,audiens
1241 1735 1487 1790 haereses
1510 1734 1737 1806 aliquas
1757 1735 1873 1789 ini-

223 1825 547 1898 quissimas
590 1825 1070 1897 superseminari,
1097 1825 1451 1895 quibusdam
1474 1824 1533 1879 in
1564 1832 1755 1880 vestra
1785 1841 1873 1880 re-
1908 1863 1956 1926 B

96 1966 115 1977 ,
221 1915 397 1987 gione
417 1931 530 1968 non
548 1914 826 1969 euntibus
843 1914 902 1967 in
934 1913 1195 1985 vestigiis
1216 1930 1404 1984 neque
1433 1912 1874 1985 Evangeliorum

219 2004 511 2069 doctrina,
546 2019 650 2058 nec
680 2003 739 2057 in
773 2003 1175 2074 apostolorum
1201 2003 1738 2075 praedicationibus,
1771 2018 1877 2057 nec

219 2092 284 2147 in
316 2090 535 2147 sanctis
565 2091 822 2163 synodis.
859 2092 958 2146 sed
993 2092 1176 2162 impia
1222 2092 1488 2162 quaedam
1520 2090 1875 2146 eil‘undenti-

220 2181 338 2236 bus
354 2185 413 2235 et
432 2179 752 2234 cauteriata
769 2180 1194 2251 dogmata,quae
1219 2186 1405 2251 coapta
1419 2185 1559 2235 sunt
1581 2181 1653 2235 ab
1673 2180 1875 2251 iniquo

221 2268 405 2325 Paulo
435 2269 838 2334 Samosateno,
885 2284 1059 2339 quem
1091 2268 1311 2341 expulit
1359 2269 1704 2324 universalis
1734 2286 1876 2341 syn-

224 2359 721 2426 odus,audentem
736 2358 928 2414 dicere
945 2359 1003 2413 in
1023 2359 1257 2414 nomine
1279 2359 1535 2429 quodam
1551 2359 1877 2414 secundum

224 2462 338 2501 nos
366 2445 735 2501 inhabitasse
764 2445 946 2501 Deum
992 2446 1270 2513 Verbum,
1304 2447 1457 2501 sicut
1503 2446 1561 2500 in
1596 2463 1712 2500 uno
1743 2462 1873 2517 pro-

226 2534 632 2606 phetarum,et
662 2550 777 2589 non
808 2550 937 2590 esse
983 2534 1166 2589 Deum
1201 2536 1569 2590 incarnatum
1602 2540 1873 2591 sanctum

226 2622 575 2679 Emmanuel
598 2624 921 2678 secundum
943 2624 1309 2695 evangelista
1334 2624 1737 2696 magisterium
1760 2624 1874 2679 cla-

230 2712 500 2780 mantis;
556 2712 782 2767 Verbum
830 2728 958 2768 caro
1012 2716 1226 2784 factum
1281 2718 1378 2783 est,
1412 2719 1463 2769 et
1519 2714 1874 2769 habitavitin

222 2801 384 2856 nobis
402 2801 447 2835 θ’
479 2816 491 2855 :
527 2817 644 2855 non
670 2801 953 2870 abjiciens
985 2804 1142 2873 quod
1171 2807 1316 2872 erat,
1364 2802 1656 2873 accipiens
1678 2807 1872 2858 autem

225 2891 385 2961 quod
419 2906 532 2945 non
564 2895 705 2945 erat.
741 2890 947 2957 Istum,
980 2896 1045 2945 ut
1074 2890 1212 2960 dixi,
1236 2891 1583 2947 universalis
1614 2893 1874 2964 synodus

234 2979 527 3049 deposuit,
578 2979 827 3050 impium
872 2982 1026 3050 quod
1076 2982 1149 3035 ab
1198 2982 1379 3052 impio
1426 2982 1755 3051 expositum
1788 2985 1877 3036 est

224 3069 442 3139 dogma
471 3084 599 3123 esse
630 3069 922 3133 sanciens,
956 3071 1053 3124 sed
1081 3074 1138 3123 et
1175 3070 1487 3141 Dionysius
1517 3070 1874 3125 Alexandriae

224 3156 538 3227 episcopus
570 3158 774 3212 scribit
804 3159 875 3212 ad
905 3158 1102 3229 ipsum
1144 3160 1448 3213 attrahens
1479 3160 1549 3213 ad
1584 3161 1875 3230 pmniten-

1980 575 2095 631 Soli
2128 574 2282 630 enim
2317 573 2431 629 Deo
2463 573 2738 645 possibile
2756 578 2845 627 est
2875 589 2907 626 a
2941 571 3190 642 peccatis
3220 568 3617 637 salvare,651

1979 663 2133 719 sicut
2161 669 2217 717 et
2242 662 2489 717 debitori
2521 663 2648 733 Heg.
2684 660 2976 731 creditori]
3021 658 3429 714 remissionem
3480 675 3620 729 pra:-

1980 758 2134 810 stare
2167 770 2178 807 :
2216 755 2354 822 Quis
2384 755 2563 823 enim,
2605 752 2816 823 inquit,
2852 752 2990 805 Deus
3045 752 3184 805 sicut
3231 752 3310 815 tu,
3371 751 3627 819 auferens

1981 845 2035 897 in
2046 845 2403 915 iquitatem.et
2419 842 2847 914 .supergredz'erns
2868 841 3197 910 injustitz'am
3218 839 3263 872 ⁶⁴
3282 838 3308 892 ?
3342 846 3381 891 A
3395 838 3489 891 udi
3510 836 3619 908 igi-

1978 937 2076 987 tur
2106 940 2161 986 et
2189 931 2446 1004 intellige
2476 949 2542 985 ea
2576 948 2701 1002 quze
2734 948 2766 984 a
2805 936 2858 984 te
2908 929 3062 983 dicta
3110 932 3268 997 sunt,
3303 932 3359 981 et
3388 927 3623 981 attende

1981 1039 2047 1077 ea
2078 1039 2206 1092 quae
2237 1040 2269 1076 a
2302 1039 2393 1076 me
2427 1022 2703 1076 dicuntur
2736 1018 3209 1089 :Beneplacitum
3241 1021 3328 1071 est
3362 1021 3471 1071 Deo
3494 1032 3620 1069 ma‘

1972 1112 2203 1182 joribus
2255 1112 2423 1165 donis
2458 1111 2754 1165 hominem
2806 1108 3088 1163 honorare
3133 1107 3365 1178 quando
3413 1110 3470 1159 et
3497 1122 3620 1159 am-

1981 1200 2135 1271 plius
2168 1199 2451 1270 placuerit
2502 1201 2610 1254 Deo
2642 1200 2700 1253 in
2747 1198 3026 1253 virtutum
3076 1195 3573 1251 conversationem
3610 1211 3623 1249 :

1981 1289 2121 1343 nihil
2159 1296 2349 1343 autem
2388 1290 2596 1342 hurum
2630 1287 2817 1342 visum
2848 1291 2933 1341 est
2992 1286 3048 1340 in
3082 1286 3310 1340 Christo
3339 1286 3494 1350 Jesu,
3529 1300 3626 1338 ne-

1982 1395 2094 1449 que
2128 1378 2445 1449 prudentiae
2488 1377 2694 1449 gratia,
2730 1373 3040 1452 φιλοπονία,
3102 1376 3157 1429 id
3217 1379 3304 1429 est
3360 1373 3624 1429 studium

1981 1467 2339 1523 laboriosum
2371 1485 2383 1533 ;
2420 1483 2608 1537 neque
2640 1482 2742 1537 per
2769 1465 3125 1531 castitatem;
3156 1464 3419 1519 ciborum
3453 1460 3629 1518 absti-

1986 1557 2201 1622 nentia,
2237 1557 2775 1627 supergredientem
2815 1554 3131 1609 humanrm
3165 1568 3525 1608 mensuram.
3560 1551 3628 1605 Et

1985 1646 2241 1701 Joannes
2274 1646 2509 1717 quidem
2574 1643 2939 1699 admirabilis
3000 1648 3143 1709 erat,
3196 1658 3382 1712 neque
3414 1656 3625 1713 panem

1986 1735 2318 1799 comedens,
2363 1750 2551 1803 neque
2600 1735 2800 1787 vinum
2854 1733 3096 1797 bibens;
3130 1731 3396 1786 Christus
3428 1734 3623 1784 autem

1985 1824 2387 1878 testimonium
2447 1822 2653 1878 habuit
2708 1822 3019 1877 comedens
3069 1825 3124 1876 et
3155 1820 3382 1875 bibens.
3432 1819 3502 1873 Et
3531 1817 3627 1874 ille

1987 1912 2221 1983 quidem
2255 1913 2313 1966 in
2344 1927 2537 1967 eremo
2569 1912 2783 1983 degens
2816 1910 3137 1965 solitariam
3168 1909 3347 1964 vitam
3375 1906 3630 1979 perﬁcie-

1984 2002 2084 2057 bat
2113 2001 2182 2057 ad
2220 2001 2565 2071 placendum
2600 2000 2750 2067 Deo;
2788 2000 3066 2055 Dominus
3098 2002 3293 2053 autem
3313 1997 3486 2052 Jesus
3506 2001 3631 2051 erat

1986 2108 2119 2146 cum
2151 2088 2453 2162 apostolis,
2491 2089 2851 2155 mulieribus,
2884 2093 2939 2143 et
2990 2087 3253 2158 reliquis,
3288 2103 3401 2141 non
3436 2101 3629 2156 segre-

1985 2185 2157 2252 gatus
2216 2180 2286 2233 ab
2345 2195 2545 2233 eorum
2606 2180 3175 2243 conversatione;et
3235 2180 3471 2247 propter
3521 2174 3629 2228 hoc

1986 2270 2402 2324 ostendebatur
2430 2268 2759 2323 differentia
2788 2267 3001 2322 Christi
3029 2267 3101 2321 ad
3133 2267 3418 2322 Joannem
3452 2265 3631 2319 mira-

1985 2358 2086 2413 bili
2119 2357 2409 2413 munditia
2435 2357 2746 2427 etjustitia
2790 2355 3256 2428 incomparabili.
3281 2354 3429 2418 Quia
3455 2353 3632 2408 Joan-

1984 2446 2077 2502 nis
2128 2446 2364 2517 quidem
2420 2445 2677 2517 operatio
2706 2451 2832 2501 erat
2870 2445 3149 2516 justitiaz;
3180 2442 3394 2500 Christi
3436 2447 3630 2497 autem

1985 2538 2227 2590 naturas.
2264 2539 2409 2606 Ergo
2463 2535 2881 2590 inconvenien
2939 2538 3027 2591 est
3082 2534 3273 2589 dicere
3330 2531 3631 2587 hominem

1984 2624 2282 2680 Christum
2314 2622 2746 2696 beneplacitum
2781 2623 3057 2679 habuisse
3089 2640 3121 2677 a
3150 2623 3267 2678 Deo
3300 2638 3404 2693 pro
3435 2619 3630 2676 omni-

1985 2717 2096 2771 bus
2128 2714 2466 2771 hominibus
2494 2714 2551 2769 in
2590 2715 2690 2770 Dei
2735 2715 3155 2771 habitationem
3201 2714 3326 2770 sine
3365 2711 3631 2768 solitaria

1984 2810 2040 2859 et
2071 2805 2637 2877 laboriosajustitia.
2690 2805 2960 2860 Christus
3018 2809 3212 2859 autem
3270 2821 3383 2859 non
3435 2802 3631 2871 verbo,

1984 2896 2107 2963 (sed
2142 2895 2430 2965 veritate,)
2458 2910 2559 2966 per
2588 2910 2713 2949 eam
2749 2911 2875 2966 qua
2909 2893 2968 2947 in
3022 2892 3239 2965 Spiritu
3294 2896 3382 2947 est
3412 2891 3633 2946 unitio-

1987 3000 2117 3039 nem
2170 2983 2552 3047 haereditavit,
2605 2983 2973 3038 incarnatum
3023 2998 3089 3037 ex
3149 2981 3386 3053 Virgine
3428 2980 3631 3045 Maria,

1986 3074 2135 3128 sicut
2165 3078 2221 3127 et
2254 3089 2397 3143 puer
2419 3076 2651 3143 propter
2690 3088 2815 3126 eam
2849 3088 2975 3142 quae
3026 3088 3094 3125 ex
3143 3071 3268 3143 ipso
3318 3075 3406 3124 est
3434 3086 3635 3123 carna-

1988 3162 2099 3217 lem
2131 3161 2950 3232 generationem.Praedicatur
2979 3166 3173 3216 autem
3205 3165 3261 3214 et
3291 3158 3505 3216 Christi
3531 3174 3633 3213 no-

225 3246 393 3309 tiam,
429 3246 816 3301 abstinentem
850 3248 923 3301 ab
957 3247 1141 3318 impia
1170 3247 1396 3314 heresi,
1427 3253 1485 3303 et
1516 3253 1654 3303 sunt
1685 3250 1874 3320 paria-
1905 3229 1948 3295 (ἶ
1991 3267 2116 3305 men
2153 3252 2328 3305 verbo
2360 3255 2417 3303 et
2448 3254 2761 3320 antequam
2796 3253 3131 3320 angeretur,
3178 3250 3330 3304 sicut
3380 3251 3437 3302 et
3466 3263 3630 3319 puer,

226 3334 485 3406 epistolae
522 3335 802 3407 Dionysii,
833 3335 1074 3392 contuli.

320 3457 619 3497 DIONYBIUS
658 3458 970 3497 EPISCOPUS
1008 3460 1400 3510 ALEXANDRIE,
1441 3460 1513 3498 AD
1553 3460 1790 3500 PAULUM

832 3531 1160 3570 8AMOSATEN
1167 3531 1253 3570 ΟΜ
1262 3557 1274 3569 .

302 3602 697 3658 Dilectissimo
759 3604 920 3658 fratri
973 3604 1147 3659 Paulo
1216 3604 1489 3677 epiSOOpo
1541 3605 1878 3676 Antiochiae,

227 3707 363 3747 cum
396 3689 556 3748 omni
587 3691 762 3759 clero,
797 3692 1110 3764 Dionysius
1141 3693 1451 3765 episcopus
1498 3693 1880 3763 Alexandriae,

227 3779 489 3836 multum
523 3781 798 3851 gaudere.

302 3890 330 3918 α
362 3870 431 3924 Et
462 3886 715 3940 primum
736 3870 1033 3925 scribente
1061 3874 1118 3925 te
1141 3870 1881 3943 scripsimus,attrahentes

225 3962 282 4012 te
315 3964 381 4013 ut
406 3959 714 4013 manifeste
735 3958 959 4013 diceres
982 3962 1134 4029 quod
1165 3960 1287 4015 vis:
1321 3966 1550 4016 etnunc
1565 3963 1881 4018 scribimus

227 4048 385 4102 sicut
423 4046 701 4118 possibile
731 4051 819 4102 est
860 4047 1195 4117 judicantes
1226 4051 1297 4103 de
1328 4049 1419 4105 his
1467 4067 1591 4119 quae
1622 4053 1879 4107 secundo

226 4135 598 4206 dixisti,quia
629 4135 843 4190 vitiosa
872 4144 1011 4190 sunt
1040 4137 1217 4191 verba
1240 4154 1363 4205 quea
1396 4155 1429 4193 a
1458 4144 1512 4193 te
1542 4140 1697 4194 dicta
1717 4144 1878 4204 sunt,

228 4223 455 4279 nullius
486 4225 760 4280 habentia
788 4224 1206 4281 satisfactionis
1227 4227 1647 4297 ostensionem,
1664 4233 1722 4283 et
1742 4230 1881 4300 quia

228 4313 594 4369 sufficienter
633 4313 865 4384 possint
887 4314 1211 4385 retorqueri
1241 4316 1489 4386 quretibi
1520 4317 1881 4389 praecipitan-

225 4401 458 4469 tervvisa
478 4407 619 4457 sunt
641 4401 883 4457 deﬁnire
906 4418 917 4455 :
940 4402 1088 4457 duas
1112 4402 1457 4474 hypostases
1480 4406 1709 4463 dicente
1730 4409 1879 4464 duas

229 4508 511 4564 personas
548 4491 723 4546 unius
754 4495 811 4546 et
840 4490 1024 4547 solius
1057 4491 1291 4559 Christi,
1342 4494 1491 4549 duos
1535 4494 1800 4553 Christos
1827 4506 1881 4552 et

1988 3340 2141 3395 Deus
2174 3339 2359 3404 fortis,
2393 3343 2709 3411 antequam
2745 3354 2814 3394 ex
2845 3338 3088 3393 muliere
3120 3341 3460 3393 nasceretur
3490 3353 3502 3390 :
3531 3336 3633 3391 sed

1988 3433 2045 3484 et
2072 3429 2419 3483 vestimenta
2446 3430 2574 3498 ejus
2623 3428 2806 3482 divisa
2852 3443 2980 3483 esse
3024 3428 3318 3493 dicuntur,
3365 3430 3422 3481 et
3458 3424 3632 3481 exho-

1990 3524 2260 3572 noratum
2293 3532 2423 3572 esse
2454 3517 2798 3588 priusquam
2822 3516 3296 3583 exhonoraretur,
3328 3531 3442 3570 non
3472 3514 3629 3569 enim

1989 3621 2057 3661 ex
2095 3607 2269 3661 rebus
2302 3606 2446 3678 ipsis
2474 3607 2545 3661 de
2587 3605 2815 3661 Christo
2848 3605 3003 3660 dicta
3035 3610 3176 3660 sunt
3207 3605 3335 3672 ista,
3363 3602 3464 3658 sed
3496 3620 3631 3674 pro-

1988 3694 2541 3766 phetice.Quomodo
2562 3712 2696 3767 ergo
2730 3711 2883 3751 unus
2914 3694 3181 3749 Christus
3213 3692 3451 3748 alterius
3472 3692 3631 3748 Chri-

1989 3785 2063 3838 sti
2096 3784 2331 3839 nomine
2363 3785 2550 3840 vocari
2584 3784 2777 3850 habet,
2809 3785 2950 3838 dum
2988 3800 3098 3838 non
3153 3782 3439 3837 exsistant
3468 3782 3582 3836 duo
3603 3781 3631 3836 ?

1988 3872 2198 3927 Civitas
2231 3878 2426 3927 autem
2449 3889 2580 3927 cum
2615 3872 2852 3927 Domino
2873 3889 2985 3927 non
3002 3876 3345 3927 numeratur
3362 3870 3421 3925 in
3446 3886 3629 3925 unum

1990 3979 2320 4027 numerum,
2356 3978 2461 4017 nec
2492 3963 2701 4016 domus
2728 3978 2859 4016 cum
2885 3960 3503 4033 conditore,quomodo
3527 3976 3629 4015 nec

1989 4052 2191 4106 eadem
2226 4055 2503 4122 operatur
2554 4051 2761 4106 civitas
2810 4055 2865 4106 et
2910 4051 3246 4123 imperator,
3280 4066 3384 4105 nec
3416 4050 3629 4105 domus

1988 4144 2044 4195 et
2074 4140 2357 4210 conditor,
2391 4157 2496 4194 nec
2527 4140 2727 4195 civitos
2760 4139 3076 4212 aliquando
3118 4140 3419 4195 vocabitur
3448 4140 3631 4209 impe-

1990 4234 2167 4298 rator,
2203 4244 2306 4283 nec
2331 4228 2486 4299 leges
2517 4229 2835 4283 constituet
2872 4228 3074 4283 civitas
3106 4229 3259 4283 sicut
3291 4229 3629 4299 imperator,

1990 4333 2095 4372 nec
2125 4318 2335 4371 domus
2365 4317 2630 4372 aedificat.
2672 4318 2741 4371 Et
2770 4317 2921 4371 alius
2954 4318 3119 4372 docet
3165 4322 3370 4383 artem,
3421 4316 3478 4371 in
3516 4333 3628 4371 uno

1988 4412 2181 4464 autem
2207 4410 2704 4461 connumerantur
2736 4422 2861 4478 quo:
2893 4406 3157 4477 ejusdem
3207 4410 3347 4461 sunt
3378 4405 3632 4476 generis,

1990 4498 2146 4553 sicut
2174 4496 2350 4551 homo
2381 4495 2627 4560 homini,
2660 4495 2813 4550 Deus
2841 4500 2970 4561 Deo,
3002 4495 3296 4566 quomodo
3329 4498 3385 4549 et
3413 4495 3511 4565 qui
3531 4511 3630 4550 ea-

226 4581 379 4636 duos
413 4580 611 4635 Filios.
645 4578 834 4635 Unum
870 4584 1080 4635 natura
1108 4581 1403 4637 Christum
1454 4588 1509 4639 et
1540 4583 1748 4639 Filium
1784 4587 1877 4642 Dei
1910 4595 1956 4659 D
1988 4587 2119 4640 dem
2151 4586 2375 4656 operari
2410 4589 2674 4655 possunt.
2710 4583 2999 4655 Expulsus
3032 4583 3211 4655 igitur
3239 4599 3321 4647 es,
3356 4588 3508 4638 certe
3540 4600 3637 4637 ne-

226 4669 813 4742 praaexsistentem,et
842 4667 1090 4723 alterum
1123 4671 1445 4725 secundum
1479 4673 1880 4742 aequivocatio-

224 4774 364 4813 nem
396 4757 692 4813 Christum
716 4760 771 4812 et
804 4756 1015 4812 Filium
1049 4758 1167 4825 Dei,
1200 4761 1298 4829 qui
1332 4764 1533 4831 postea
1564 4764 1621 4816 et
1651 4762 1707 4816 in
1741 4763 1882 4818 ulti-

228 4846 348 4901 mis
369 4846 733 4917 temporibus
765 4845 1068 4915 exstitit,et
1099 4849 1423 4904 secundum
1450 4849 1883 4922 beneplacitum

228 4934 330 4991 Dei
392 4936 613 5007 accepit
664 4951 877 4991 nomen
930 4936 1079 5003 Filii,
1133 4938 1630 5008 quemadmodum
1681 4942 1882 4998 civitas

226 5024 488 5084 Domini,
533 5029 590 5079 et
638 5024 847 5079 domus
901 5026 1238 5081 conditoris.
1312 5028 1521 5082 Volens
1570 5028 1788 5084 oblitus
1820 5047 1883 5086 es

225 5113 347 5169 otia
403 5113 515 5185 [Gr.
576 5109 619 5165 ὦ
680 5112 900 5186 ἑταῖρε],
962 5114 1100 5186 quia
1176 5132 1330 5172 unus
1392 5118 1739 5189 praedicatus
1796 5125 1883 5177 est

226 5208 289 5258 et
320 5204 661 5275 unigenitus
714 5202 895 5258 Filius
944 5203 1043 5258 Dei
1082 5209 1137 5259 et
1193 5205 1462 5261 Christus
1504 5208 1673 5262 Jesus
1714 5225 1882 5264 voca-

229 5298 352 5359 tus,
414 5291 698 5347 Dominus
757 5290 975 5363 glorise,
1036 5294 1189 5349 sicut
1248 5295 1469 5350 dictum
1529 5300 1618 5350 est
1675 5298 1743 5352 de
1800 5299 1885 5370 ip-

230 5398 321 5451 so,
360 5386 417 5435 et
454 5380 689 5436 salvans
737 5381 1039 5437 credentes
1088 5382 1144 5437 in
1197 5382 1392 5453 ipsum
1468 5385 1703 5456 propria
1749 5403 1883 5458 pas-

232 5469 400 5525 sione
455 5470 653 5524 divina
726 5468 913 5525 salute
991 5488 1103 5526 non
1183 5471 1644 5545 humanazlpse
1702 5476 1880 5543 enim,

308 5664 353 5699 δ’
377 5662 543 5719 Joan.
578 5681 616 5735 ι,
653 5666 736 5720 14.
814 5666 859 5703 ⁸³
887 5666 1091 5723 Matth.
1119 5686 1155 5739 ι,
1187 5669 1277 5728 21.
1353 5668 1400 5703 ⁸⁸
1429 5668 1603 5725 Mich.
1634 5686 1733 5742 vn,
1768 5671 1853 5732 18.

1993 4691 2105 4746 que
2135 4675 2283 4729 duos
2312 4674 2589 4741 Christos,
2626 4679 2681 4728 et
2712 4674 2859 4727 duos
2884 4673 3058 4728 Filios
3090 4672 3186 4727 Dei
3222 4672 3533 4744 praevalent
3554 4673 3632 4727 di-

1994 4780 2140 4831 cere,
2172 4780 2359 4835 neque
2400 4779 2497 4818 eos
2530 4763 2629 4834 qui
2682 4763 2797 4817 duo
2829 4766 2966 4817 sunt
3022 4762 3174 4817 sicut
3221 4779 3397 4817 unam
3432 4779 3636 4835 perso-

1994 4870 2150 4908 nam.
2188 4852 2282 4909 Dei
2308 4857 2501 4908 autem
2539 4853 2721 4907 forma
2752 4852 3006 4908 Verbum
3035 4852 3241 4923 ipsius,
3266 4858 3321 4907 et
3352 4852 3638 4923 sapientia

1999 4942 2172 4998 Filius
2203 4942 2319 5008 Dei,
2352 4947 2409 4997 et
2439 4944 2586 4998 Deus
2618 4942 2769 4997 idem
2801 4943 2925 5013 ipse
2972 4943 3337 4997 confitendus
3385 4946 3494 4997 est.
3525 4943 3635 5016 lgi-

1992 5038 2088 5087 tur
2121 5048 2363 5104 personr
2393 5037 2445 5086 et
2480 5048 2597 5086 una
2628 5032 3013 5086 subsistentia
3065 5048 3319 5104 personae
3368 5049 3472 5087 nec
3502 5049 3635 5104 pos-

1993 5128 2133 5179 sunt
2160 5138 2287 5178 csse
2338 5121 2459 5175 haec
2508 5119 2589 5173 ἐπ’
2648 5120 2802 5173 avom
2853 5122 3028 5192 [editi,
3086 5119 3168 5173 ἐπ’
3197 5120 3541 5193 ἀνθρώπων],
3573 5118 3629 5172 id

1992 5217 2100 5280 est,
2135 5212 2194 5266 in
2228 5211 2319 5266 his
2352 5228 2477 5282 quae
2509 5209 2633 5265 sine
2657 5218 2847 5265 mente
2878 5216 3032 5265 sunt.
3066 5211 3319 5265 Verbum
3344 5210 3496 5263 enim
3534 5208 3633 5261 ho-

1995 5301 2170 5356 minis
2194 5306 2250 5356 et
2280 5300 2569 5371 sapientia
2600 5303 2657 5353 et
2681 5299 2888 5366 virtus,
2921 5305 2977 5354 et
3011 5301 3196 5355 forma
3247 5297 3631 5351 insubsisten-

1991 5389 2161 5445 tiales
2191 5393 2385 5460 partes
2407 5388 2584 5443 unius
2623 5387 2879 5444 hominis
2933 5389 3314 5459 aspiciuntur,
3375 5384 3472 5438 sed
3530 5400 3635 5440 nec

1991 5479 2168 5534 homo
2197 5476 2431 5549 singula
2470 5492 2669 5533 eorum
2722 5494 2849 5549 quae
2896 5478 3048 5532 dicta
3099 5477 3254 5540 sunt,
3316 5488 3422 5529 nec
3452 5472 3635 5530 Filius
