4002 6206
384 327 539 390 1563

380 465 522 516 sunt
552 461 686 530 ista,
721 462 793 517 ob
822 462 931 518 hoc
958 464 1260 533 nimirum,
1294 467 1433 538 quia
1465 466 1652 523 forma
1680 467 1936 524 hominis
1966 473 2023 524 et
2052 475 2102 539 Α

383 550 411 603 ὁ
444 548 644 624 Λόγος,
677 552 733 606 id
761 556 870 619 est,
916 570 1165 624 persona
1204 570 1331 611 esse
1360 554 1666 623 αὐτοτελές,
1695 557 1751 612 id
1785 561 1890 625 est,
1926 575 2027 629 per

384 640 764 712 semetipsum
800 640 1070 713 perfecta,
1106 660 1217 698 non
1243 646 1661 715 possunt.0uia
1685 662 1816 701 vero
1841 648 2027 702 forma

391 730 483 784 Dei
518 736 575 784 et
607 730 860 786 Verbum
895 732 1205 801 ejus,Deus
1235 738 1293 789 et
1316 735 1497 790 Filius
1528 736 2023 791 conﬁtendusest.

386 818 700 874 Ostensum
730 820 905 891 igitur
957 821 1321 893 impossibile
1372 840 1502 879 esse
1543 830 1599 879 et
1650 825 1805 880 istud
1857 830 2026 879 tuum

388 908 691 979 sophisma
720 909 968 965 dicentis
992 910 1286 967 hominem
1315 929 1445 969 esse
1476 914 1724 968 formam
1748 914 2024 981 hominis,

387 998 459 1052 ob
520 996 623 1051 hoc
677 997 816 1067 quia
866 997 941 1053 sit
988 998 1139 1054 Deus
1190 1001 1375 1056 forma
1405 1002 1503 1057 Dei
1540 1019 1551 1056 :
1586 1002 1686 1073 qui
1736 1007 1927 1058 autem
1960 1020 2029 1057 ex

388 1085 637 1139 mortuis
670 1088 982 1141 resurrexit
1002 1088 1557 1154 Christus,vivorum
1576 1096 1635 1146 et
1665 1096 2027 1147 mortuorum

390 1172 674 1230 Dominus
708 1179 819 1243 est,
853 1180 908 1230 et
938 1176 1049 1248 ipsi
1078 1178 1279 1233 vivunt
1325 1180 1523 1235 omnia
1557 1198 1568 1235 :
1602 1180 1725 1236 Sive
1771 1183 2026 1250 vivimus,

391 1262 607 1334 inquit,
631 1267 744 1319 sive
772 1266 1303 1336 morimur,Domini
1327 1285 1515 1324 sumus
1543 1271 1606 1324 ⁸³.
1641 1270 1703 1326 In
1735 1271 1843 1326 hoc
1873 1270 2029 1326 enim

389 1351 489 1423 ait,
524 1351 761 1408 Chistus
789 1359 1054 1410 mortuus
1097 1361 1185 1411 est
1232 1362 1289 1411 et
1336 1360 1673 1425 resurrexit,
1708 1365 1845 1415 utet
1875 1377 2028 1415 mor-

389 1445 623 1497 tuorum
656 1448 712 1497 et
742 1443 1000 1498 vivorum
1032 1444 1385 1501 dominetur.
1426 1448 1580 1503 Deus
1620 1454 1711 1503 est
1739 1449 1893 1504 enim
1928 1466 2029 1504 na-

390 1536 541 1592 tura.
577 1530 675 1601 qui
709 1532 1040 1588 dominator
1070 1539 1156 1589 est
1188 1536 1642 1603 omnium,sicut
1670 1553 1737 1592 ex
1771 1536 2029 1593 mulieri-

390 1620 500 1675 bus
531 1620 768 1692 agnitus
800 1622 1164 1692 praadicatur,
1197 1625 1425 1681 dicente
1465 1627 1690 1681 Thoma
1724 1643 1735 1681 :
1770 1628 2031 1683 Dominus

388 1725 536 1765 meus
582 1714 633 1765 et
664 1710 801 1765 Deus
830 1727 979 1767 meus
1008 1714 1070 1767 ⁸⁸.
1110 1714 1256 1769 Deus
1297 1720 1491 1771 autem
1523 1720 1860 1772 sanctorum
1892 1733 2030 1788 apo-

390 1798 697 1867 stolorum,
731 1816 844 1855 non
874 1799 975 1872 qui
1025 1805 1233 1856 natura
1282 1802 1477 1867 homo,
1540 1806 1637 1859 sed
1672 1805 1769 1874 qui
1824 1809 2034 1860 natura
2065 1843 2110 1907 Β

394 1888 543 1942 Deus
572 1892 679 1957 est,
714 1888 814 1959 qui
847 1888 1207 1945 hiereditavit
1255 1897 1456 1962 gentes
1489 1896 1545 1946 et
1594 1893 1847 1962 judicat,
1878 1893 2033 1949 sicut

389 1976 611 2031 dictum
644 1981 752 2047 est,
786 1993 1019 2032 omnem
1050 1982 1264 2035 terram
1301 1997 1314 2036 :
1347 1982 1590 2052 Exsurge
1614 1982 2029 2053 enim,inquit,

395 2065 831 2137 Domine,judica
861 2071 1353 2140 terram,quoniam
1377 2076 1440 2125 tu
1462 2070 1819 2127 haereditabis
1836 2073 1897 2127 in
1912 2088 2034 2127 om-

390 2154 552 2208 nibus
579 2155 831 2223 gentibus
861 2156 924 2210 ".
970 2156 1150 2212 Filius
1181 2164 1377 2213 autem
1434 2165 1492 2214 et
1523 2159 1705 2215 haeres
1766 2166 2034 2215 mortuus

394 2247 484 2297 est
525 2248 765 2314 postea;
797 2248 930 2316 post
989 2262 1185 2301 servos
1244 2252 1302 2301 et
1360 2247 1692 2320 pr0phetas,
1725 2249 1880 2304 sicut
1912 2250 2037 2321 ipse

394 2331 560 2386 aitin
612 2332 941 2405 Evangelia.
992 2333 1290 2398 Quomodo
1346 2353 1482 2409 ergo
1516 2337 1689 2394 homo
1747 2338 2035 2397 Christus.

394 2427 451 2476 et
482 2438 595 2476 non
638 2422 793 2478 Deus
841 2440 1030 2489 verus,
1077 2430 1134 2480 et
1180 2426 1512 2482 adorandus
1564 2428 1634 2483 ab
1680 2430 1839 2485 omni
1870 2446 2036 2485 crea-

395 2516 529 2567 tura
548 2512 576 2568 ?
605 2514 1043 2587 lncorporatum
1066 2522 1155 2572 est
1175 2518 1329 2573 enim
1345 2519 1442 2575 Dei
1464 2520 1715 2576 Verbum
1736 2538 1805 2577 ex
1836 2527 2038 2578 sancta

396 2601 657 2674 Virgine,
704 2604 859 2660 unde
888 2610 945 2660 et
1004 2606 1337 2677 passionem
1398 2626 1501 2676 pro
1532 2610 1701 2664 nobis
1758 2612 2036 2682 suscepit,

396 2707 687 2748 evacuans
717 2693 1099 2765 semetipsum
1133 2700 1191 2752 et
1221 2696 1541 2753 humilians
1566 2716 1750 2770 usque
1778 2701 1847 2755 ad
1883 2717 2036 2757 mor-

400 2785 793 2848 tem,mortem
827 2787 1022 2839 autem
1054 2786 1243 2841 crucis
1277 2802 1291 2841 :
1325 2786 1564 2857 aequalis
1582 2787 1696 2843 Deo
1728 2790 2035 2858 exsistens,

401 2869 554 2925 sicut
587 2871 807 2927 dictum
838 2877 948 2939 est,
980 2878 1035 2929 et
1082 2874 1360 2931 obediens
1409 2878 1519 2931 Deo
1568 2877 1778 2945 factus,
1810 2884 1867 2933 et
1896 2881 2035 2934 sub-

392 2957 520 3031 lege
546 2959 781 3016 divinus
810 2960 1124 3033 legislator.
1160 2964 1231 3018 Et
1288 2964 1425 3035 quid
1485 2965 1689 3037 multa,
1748 2983 1904 3022 unus
1952 2977 2039 3024 est

393 3048 808 3115 Christus,una
838 3067 1130 3122 personna
1160 3052 1409 3109 visibilis
1440 3058 1497 3109 et
1528 3054 1924 3125 invisibilis,id
1949 3061 2039 3113 est

395 3136 593 3193 divina
620 3144 678 3193 et
737 3139 1092 3196 sensibiliter
1140 3140 1390 3214 simplex
1422 3143 1734 3200 desursum
1775 3152 1832 3202 et
1863 3147 2032 3202 deor-

388 3241 544 3291 sum,
576 3228 938 3298 compositus
996 3246 1066 3286 ex
1096 3231 1212 3287 Deo
1259 3238 1318 3287 et
1364 3248 1433 3288 ex
1464 3234 1728 3290 muliere.
1758 3235 2034 3292 Conditor
2065 3209 2108 3277 (ἶ

391 3330 529 3385 ergo
560 3319 617 3370 et
647 3317 885 3372 Creator
908 3319 1200 3389 passibilis
1231 3325 1287 3375 et
1308 3320 1690 3393 impassibilis
1720 3329 2040 3395 erat,mun-

391 3404 534 3459 dum
566 3405 961 3474 sanctiﬁcans,
995 3412 1051 3462 et
1071 3409 1557 3479 sanctiﬁcatus,et
1586 3412 1880 3469 credimus
1901 3415 2037 3484 quia

391 3492 692 3564 proprium
724 3494 851 3562 ejus
882 3499 971 3550 est
1020 3497 1384 3554 sanctiﬁcare
1435 3503 1493 3555 et
1538 3501 1889 3557 sanctificari
1925 3520 1936 3558 :
1970 3505 2036 3559 Et

390 3595 491 3651 pro
515 3581 623 3652 ipsi
646 3581 825 3647 enim,
863 3582 1075 3653 inquit,
1122 3587 1397 3655 sanctiﬁco
1444 3603 1529 3642 me
1568 3588 1746 3658 ipsum
1775 3591 1837 3643 ⁸³.
1872 3591 2031 3653 Quod

397 3669 761 3741 impossibile
792 3675 877 3726 est
915 3672 1137 3727 homini
1172 3679 1233 3729 ut
1263 3675 1677 3745 sanctiﬁcatur,
1701 3678 1807 3733 soli
1840 3683 2034 3735 autem

394 3757 511 3813 Deo
556 3759 711 3813 istud
754 3760 1031 3831 possibile
1080 3766 1189 3831 est,
1250 3763 1475 3819 homini
1530 3768 1679 3822 facto
1710 3770 2034 3823 secundum

394 3848 799 3918 carnem,quia
830 3854 887 3904 et
916 3850 1071 3906 Deus
1093 3857 1182 3907 est
1210 3857 1267 3908 et
1298 3853 1471 3909 homo
1498 3854 1651 3911 idem
1684 3857 1806 3928 ipse
1838 3859 2034 3927 singu-

396 3934 537 3991 laris
570 3954 845 4008 personae.
878 3939 1012 3995 Istis
1042 3957 1178 4011 ergo
1203 3942 1326 3997 sine
1349 3944 1717 4001 contentione
1740 3946 1819 4001 ita
1849 3964 1911 4001 se
1932 3947 2034 4002 ha-

392 4026 691 4093 bentibus,
727 4027 971 4098 expulsa
995 4030 1097 4084 tibi
1132 4037 1271 4086 sunt
1298 4033 1493 4087 omnia
1524 4035 1948 4091 sententialiter
1980 4041 2039 4092 et

388 4114 731 4186 juveniliter
755 4117 928 4171 dicta.
962 4117 1157 4173 Alium
1187 4120 1378 4175 virum
1411 4121 1635 4178 dicente
1664 4127 1721 4179 te
1737 4124 2037 4181 Christum

396 4208 603 4274 praeter
633 4204 816 4261 Deum
848 4207 1127 4275 Verbum,
1160 4209 1232 4263 ab
1262 4209 1374 4266 alio
1421 4212 1647 4267 Christo
1678 4213 1959 4285 dignitate
1983 4218 2040 4269 et

398 4290 617 4348 honore
639 4300 695 4349 et
712 4294 1043 4365 operatione
1065 4296 1508 4370 diil’erentem,et
1529 4317 1710 4356 unum
1742 4302 2037 4357 Christum

400 4378 458 4433 in
491 4381 721 4438 Christo
752 4383 1140 4455 habitantem,
1169 4391 1225 4441 et
1256 4393 1592 4460 operantem
1634 4390 1844 4447 divinae
1865 4392 2043 4461 justi-

400 4469 495 4523 tiaa
527 4487 721 4541 opera.
770 4474 1056 4531 Erubesce
1099 4475 1279 4547 igitur
1334 4477 1469 4547 quia
1524 4478 1921 4537 irrationabile
1950 4488 2041 4538 est

403 4557 659 4629 aliquam
689 4565 744 4616 et
773 4562 1159 4619 inanimatam
1193 4566 1497 4622 materiam
1545 4567 1840 4624 Christum
1870 4587 2041 4643 expo-
2074 4580 2120 4644 D

402 4663 548 4701 nens
580 4664 707 4718 quae
739 4667 771 4704 a
802 4650 923 4706 sole
953 4654 1179 4724 operari
1211 4671 1379 4727 posse
1407 4656 1533 4728 [γῆν
1568 4655 1669 4710 ὑπὸ
1700 4654 1863 4725 ἡλίου
1896 4657 2041 4734 ἐνερ-

402 4736 721 4808 γουμὲνην].
755 4739 929 4794 Terra
959 4743 1115 4797 enim
1148 4742 1275 4799 sine
1323 4744 1616 4801 voluntate
1663 4746 1886 4818 species
1931 4756 2039 4805 est.

399 4824 489 4878 Sic
521 4825 677 4879 enim
711 4827 907 4883 dixisti
944 4847 956 4885 :
995 4832 1235 4887 Infirma
1284 4833 1385 4888 ﬁlii
1430 4851 1464 4889 a
1514 4835 1628 4891 Deo
1656 4836 1868 4892 auferri
1901 4837 2040 4892 dici-

400 4928 554 4979 mus,
589 4914 742 4969 sicut
779 4915 1269 4977 humectationem
1300 4927 1465 4978 terrae
1497 4925 1569 4979 ab
1627 4925 1809 4981 arido.
1868 4926 2043 4982 Vides

398 5001 455 5056 in
490 5008 769 5074 quantam
801 5004 1387 5067 inconsiderationem
1413 5012 1692 5083 deponas,
1725 5015 1878 5070 sicut
1897 5016 2043 5071 dicis

400 5090 590 5145 virum
624 5091 1003 5164 absumptum
1036 5112 1069 5150 a
1098 5096 1213 5153 Deo
1244 5100 1430 5156 Verbo
1471 5106 1534 5155 ut
1566 5118 1669 5157 nec
1710 5102 1885 5159 homo
1916 5120 2045 5159 esse

400 5179 618 5250 possit;
653 5180 902 5237 liberum
935 5184 986 5237 ei
1016 5184 1262 5242 otl‘erens
1283 5188 1744 5245 arbitrium.Non
1775 5191 1930 5247 enim
1954 5208 2044 5247 se-

401 5269 659 5325 cundum
691 5271 987 5343 propriam
1008 5277 1354 5343 potestatem
1380 5294 1393 5331 :
1427 5276 1733 5335 hominum
1757 5280 1911 5336 enim
1938 5281 2045 5336 hoc

398 5361 629 5413 tantum
663 5365 718 5416 et
746 5361 1087 5434 angelorum
1116 5363 1537 5421 est.Desertum
1570 5374 1763 5424 autem
1798 5370 1943 5426 dicis
1965 5371 2047 5426 fa-

400 5449 560 5501 ctum
596 5447 955 5506 Salvatorem
971 5450 1269 5507 Christum
1288 5453 1622 5525 despiciens
1637 5459 2043 5531 semetipsum,

474 5588 519 5663 f5
550 5588 714 5644 Rom.
749 5610 866 5661 xiv,
896 5596 949 5650 8.
1027 5594 1072 5629 ⁸⁸
1099 5594 1269 5651 Joan.
1302 5612 1394 5663 xx,
1426 5596 1515 5650 28.

1498 336 1564 396 S.
1610 333 2132 399 ATHANASIUS.
2156 369 2231 381 —
2264 335 2572 399 SPURIA.

1608 5599 1651 5633 ⁸⁷
1683 5599 1833 5654 Psal.
1868 5618 2051 5669 LXXXI,
2080 5601 2136 5655 8.

3601 339 3720 396 1564

2137 473 2371 540 propter
2400 468 2507 523 hoc
2534 469 2687 539 quod
2718 466 2865 523 dixit
2892 466 2951 522 in
3001 482 3171 523 cruce
3205 485 3219 523 :
3251 468 3396 521 Deus
3433 482 3591 533 meus,
3623 469 3727 522 Deus

2137 575 2305 624 meus,
2337 559 2531 631 utquid
2570 574 2655 615 me
2705 559 3046 630 dereliquisti
3073 559 3117 592 ⁶⁹
3140 558 3169 612 ‘?
3200 558 3267 613 Et
3294 557 3356 612 in
3406 574 3516 628 quo
3563 564 3731 614 natura

2135 647 2414 703 Dominus
2447 653 2536 703 est
2566 654 2621 704 et
2649 649 2903 705 Verbum
2937 648 3137 717 Patris,
3174 664 3275 718 per
3322 663 3498 718 quem
3550 650 3730 715 omnia,

2136 744 2191 793 et
2220 736 2783 793 consubstantialem
2828 737 2984 791 Patri
3029 754 3061 791 a
3109 736 3381 790 Patribus
3406 736 3637 789 dictum.
3663 737 3735 793 Sic

2136 826 2290 881 enim
2324 826 2541 893 dixisti,
2576 826 2761 880 tilium
2796 825 3050 881 hominis
3076 825 3374 880 Christum
3396 840 3507 878 non
3524 840 3636 879 esse
3663 824 3737 879 Fi-

2138 915 2281 970 lium
2316 916 2435 982 Dei,
2472 933 2575 971 nec
2606 920 2841 970 Petrum
2875 915 3155 970 reveritus
3205 914 3303 985 qui
3350 930 3453 984 per
3485 912 3739 968 revelatio-

2140 1022 2272 1059 nem
2306 1005 2495 1061 Patris
2525 1005 2709 1059 filium
2771 1003 3046 1071 hominis,
3108 1003 3322 1059 Filium
3384 1001 3481 1057 Dei
3533 1002 3741 1057 viventis

2138 1094 2440 1150 confessus
2478 1099 2586 1162 est,
2641 1099 2698 1149 et
2751 1094 3056 1162 Thomam,
3119 1092 3439 1146 Dominum
3492 1107 3650 1145 suum
3699 1098 3743 1144 et

2138 1182 2320 1237 Deum
2352 1182 2649 1240 Christum
2676 1200 2742 1237 ex
2770 1181 3113 1238 vulneribus
3150 1181 3279 1251 ejus
3312 1184 3701 1252 agnoscentem
3729 1198 3739 1234 ί

2142 1288 2245 1343 pro
2278 1272 2445 1327 nobis
2480 1273 2635 1327 enim
2669 1271 2844 1335 dolet,
2878 1271 3032 1326 sicut
3061 1270 3158 1340 qui
3188 1268 3455 1324 carnales
3485 1268 3743 1339 passiones

2139 1361 2422 1416 sustinuit
2454 1378 2554 1431 pro
2587 1359 2932 1425 nobis,sicut
2956 1359 3137 1414 Isaias
3154 1358 3297 1413 dicit
3331 1373 3345 1411 :
3380 1359 3498 1428 Ipse
3526 1356 3743 1410 debilita-

2142 1453 2219 1504 tes
2248 1458 2464 1504 nostras
2493 1451 2717 1519 accepit,
2775 1456 2829 1504 et
2886 1449 3237 1518 inﬁrmitates
3291 1449 3532 1518 portavit
3553 1448 3612 1498 ω.
3643 1445 3745 1516 Ipse

2142 1538 2311 1594 nobis
2344 1538 2541 1609 utique
2573 1544 2722 1594 Deus
2758 1538 3027 1593 Verbum.
3075 1536 3285 1591 Volens
3332 1536 3492 1589 enim
3523 1534 3747 1588 incarna-

2140 1632 2236 1683 tus
2268 1633 2376 1696 est,
2412 1644 2515 1683 nec
2547 1628 2702 1682 enim
2743 1626 2908 1681 aliter
2953 1625 3228 1697 possibile
3269 1629 3397 1680 erat
3432 1626 3546 1695 pati
3585 1623 3746 1678 Domi-

2143 1734 2281 1772 num
2310 1723 2577 1772 nostrum
2607 1717 2812 1771 Jesum
2844 1714 3282 1781 Christum,nisi
3303 1712 3745 1768 incarnareturin

2142 1805 2528 1862 similitudine
2560 1805 2813 1861 hominis
2844 1804 3082 1860 animati
3115 1801 3597 1875 intelligibilis,nt
3624 1801 3746 1873 quod

2142 1913 2256 1952 non
2289 1899 2615 1951 correxerat
2632 1894 2829 1965 homo,
2862 1895 2967 1949 hoc
3002 1894 3249 1949 Verbum
3284 1892 3385 1947 Dei
3418 1892 3748 1945 incarnatum

2142 1986 2471 2057 corrigeret.
2507 1985 2704 2056 Neque
2733 1984 2887 2040 enim
2938 1999 3006 2038 ex
3054 1982 3298 2038 muliere
3348 1987 3536 2036 totum
3566 1979 3752 2035 exstitit

2143 2074 2428 2137 Christus,
2463 2074 2562 2129 sed
2594 2074 2918 2128 secundum
2952 2072 3409 2139 humanitatem,
3440 2086 3508 2125 ex
3537 2069 3641 2124 Deo
3669 2085 3749 2122 au-

2142 2168 2259 2218 tem
2293 2164 2616 2218 secundum
2649 2162 2946 2234 spiritum,
2978 2177 3083 2216 nec
3113 2162 3269 2215 enim
3296 2159 3470 2215 aliter
3502 2158 3590 2214 Dei
3618 2156 3749 2229 geni-

2144 2253 2255 2307 trix
2288 2251 2470 2307 Maria
2499 2253 2685 2308 vocari
2738 2256 2949 2323 potest.
3006 2249 3337 2321 Aliquando
3400 2264 3506 2303 nec
3565 2245 3751 2301 Domini

2146 2342 2545 2398 interfectores
2575 2341 2781 2409 Judmi,
2818 2340 2865 2395 si
2896 2356 3008 2395 non
3058 2343 3182 2395 erat
3214 2340 3368 2394 Deus
3409 2336 3658 2392 Christus
3681 2349 3751 2389 se-

2146 2432 2401 2486 cundum
2441 2432 2617 2485 Deum
2648 2429 2929 2493 Verbum,
2963 2430 3061 2484 sed
3098 2443 3203 2483 nec
3252 2432 3466 2499 praeter
3495 2430 3751 2497 peccatum

2146 2536 2274 2576 esse
2305 2523 2531 2591 poterat
2563 2536 2575 2574 :
2609 2519 2735 2573 sine
2766 2516 3120 2572 abstinentia
3151 2521 3207 2571 et
3253 2515 3548 2587 sapientia
3573 2515 3755 2583 absque

2148 2608 2468 2681 magistris,
2504 2607 2613 2662 nisi
2640 2611 2787 2662 Deus
2810 2611 2965 2661 esset
2996 2606 3306 2661 continens
3337 2604 3625 2677 proprium
3654 2618 3756 2656 cor-

2148 2715 2278 2770 pus,
2313 2702 2370 2752 et
2398 2713 2647 2768 operans
2702 2700 2766 2751 ut
2795 2697 2977 2763 Deus;
3011 2699 3247 2767 propter
3304 2693 3464 2766 quod
3495 2698 3551 2748 et
3593 2690 3757 2745 volens

2149 2792 2419 2843 mortuus
2446 2791 2554 2853 est,
2587 2790 2644 2841 et
2672 2790 2884 2857 sponte
2926 2785 3181 2841 surrexit
3222 2801 3257 2839 a
3307 2782 3572 2838 mortuis.
3607 2780 3753 2835 Filius

2148 2879 2434 2933 exsistens
2469 2875 2560 2932 Dei
2589 2874 2924 2944 unigenitus
2947 2878 3003 2928 et
3031 2873 3288 2928 divinam
3322 2872 3565 2943 gloriam
3588 2875 3754 2941 petens

2149 2973 2464 3037 antequam
2498 2965 2756 3020 mundus
2786 2962 2975 3018 factus
3004 2967 3179 3032 esset,
3196 2978 3313 3017 non
3341 2976 3559 3016 vacuus
3585 2958 3750 3029 ejuset

2148 3061 2460 3127 antequam
2499 3058 2718 3126 peteret
2752 3070 2764 3121 ;
2799 3053 2951 3108 sicut
2978 3056 3036 3108 et
3061 3052 3313 3107 Sanctus
3337 3049 3619 3106 exsistens
3646 3062 3749 3102 san-

2148 3145 2559 3201 ctiﬁcationem
2613 3142 2991 3214 suscipiebat,
3044 3140 3145 3213 qui
3183 3140 3475 3212 Spiritum
3521 3141 3752 3194 sanctum

2151 3234 2399 3307 largitur
2427 3232 2749 3288 secundum
2776 3230 3221 3303 inspirationem
3246 3229 3621 3302 propriam,et
3639 3241 3755 3297 pre-

2146 3322 2432 3379 exsistens
2462 3338 2531 3377 ex
2582 3323 2694 3377 Deo
2744 3320 3119 3392 sempiterne,
3171 3318 3373 3374 divina
3426 3315 3757 3390 generatione

2148 3414 2383 3467 initium
2415 3411 2647 3467 essendi
2681 3408 3059 3482 corporaliter
3089 3425 3158 3464 ex
3206 3406 3456 3463 muliere
3475 3405 3751 3476 accipiens,

2145 3506 2202 3557 et
2249 3504 2483 3573 propter
2548 3498 2657 3554 hoc
2707 3504 2915 3552 natura
2970 3498 3173 3567 justus
3238 3495 3396 3551 sicut
3455 3495 3618 3555 Deus,
3665 3506 3752 3544 non

2146 3590 2471 3646 secundum
2506 3586 2920 3643 abstinentiam
2943 3585 3157 3641 laboris
3189 3585 3343 3639 sicut
3375 3584 3565 3639 omnis
3593 3582 3752 3647 homo,

2146 3685 2203 3735 et
2232 3678 2445 3733 delicta
2493 3692 2562 3732 ex
2606 3677 2758 3733 652
2810 3674 3157 3730 necessitate
3218 3673 3633 3743 subsequitur:
3663 3669 3751 3723 Non

2147 3778 2224 3823 est
2254 3767 2431 3834 enim,
2466 3765 2677 3836 inquit,
2699 3766 2883 3836 justus
2911 3780 3084 3833 super
3123 3771 3351 3831 terram,
3385 3763 3483 3832 qui
3509 3763 3659 3829 faciet
3682 3759 3751 3811 bo-

2145 3874 2280 3912 num
2306 3860 2357 3911 et
2386 3872 2496 3911 non
2513 3864 2690 3926 peccet
2718 3855 2785 3909 τί.
2820 3854 3057 3925 PrOpter
3099 3851 3252 3923 quod
3302 3856 3361 3905 et
3392 3851 3689 3905 certamina
3709 3852 3752 3900 et

2148 3946 2376 4002 labores
2404 3944 2805 4000 venerantium
2852 3944 3056 4006 Deum,
3103 3947 3160 3995 et
3208 3940 3644 3995 intercessiones
3672 3951 3750 4007 pro

2148 4036 2242 4091 his
2271 4035 2369 4106 qui
2398 4034 2721 4106 culpabiles
2752 4037 2916 4100 sunt,
2948 4036 3005 4086 et
3032 4030 3439 4086 omnimodam
3471 4028 3749 4083 bonitatem

2155 4125 2249 4179 Dei
2291 4129 2349 4179 et
2406 4123 2838 4178 miserationem
2891 4121 3199 4190 indigenas
3248 4136 3458 4175 omnes
3505 4118 3751 4173 homines.

2149 4212 2418 4269 Christus
2449 4216 2647 4266 autem
2680 4227 2794 4265 non
2824 4208 3198 4275 abstinentia,
3234 4224 3340 4263 nec
3370 4224 3442 4263 ex
3473 4207 3580 4260 ﬁde
3601 4210 3755 4259 osten-

2150 4318 2254 4356 sus
2285 4306 2394 4368 est,
2429 4300 2724 4371 sicutjam
2778 4298 3120 4371 przedietum
3153 4301 3242 4351 est
3269 4313 3282 4351 :
3318 4294 3601 4351 naturalis
3627 4290 3751 4348 enim

2144 4390 2375 4461 justitia
2416 4389 2617 4445 divina
2643 4388 2829 4443 virtus
2851 4386 3090 4452 exstitit,
3123 4390 3179 4440 et
3209 4386 3339 4454 ipsa
3360 4390 3449 4440 est
3492 4383 3638 4439 solus
3678 4378 3753 4449 qui

2152 4476 2407 4533 creditur
2447 4480 2597 4531 Deus
2634 4491 2807 4530 verus
2854 4478 2912 4528 et
2968 4487 3278 4545 reposcens
3326 4473 3400 4527 ab
3461 4467 3755 4526 hominibus

2152 4582 2281 4621 eam
2313 4582 2434 4635 quae
2463 4564 2522 4620 in
2556 4565 2682 4637 ipso
2731 4567 2822 4619 est
2838 4563 3012 4618 ﬁdem
3044 4578 3059 4619 :
3094 4564 3199 4630 Qui
3242 4560 3421 4626 enim,
3448 4557 3645 4629 inquit,
3668 4568 3756 4608 cre-

2152 4657 2233 4711 dit
2260 4658 2321 4711 in
2349 4671 2457 4719 me,
2487 4655 2623 4709 vivit
2672 4655 2731 4708 in
2780 4660 3057 4711 aeternum
3084 4652 3147 4705 ⁷³.
3181 4651 3270 4719 Et,
3334 4651 3441 4719 Qui
3468 4648 3642 4716 diligit
3666 4656 3750 4705 me.

2150 4744 2415 4801 mandata
2441 4760 2571 4799 mea
2606 4746 2791 4799 servat
2817 4744 2882 4809 ⁷⁸,
2915 4746 2972 4798 et
3002 4740 3246 4813 reliqua.
3264 4739 3415 4803 Quid
3448 4753 3579 4809 ergo
3606 4731 3751 4789 conﬁ-

2151 4834 2294 4890 teris
2324 4833 2643 4903 Christum,
2677 4833 2768 4888 dic
2803 4848 2814 4888 :
2849 4847 3034 4903 neque
3066 4846 3272 4897 unum,
3304 4844 3493 4899 neque
3522 4827 3655 4881 duos
3680 4835 3754 4892 ρο·

2151 4930 2241 4979 tes
2274 4923 2482 4987 dicere,
2506 4938 2611 4977 nec
2644 4924 2824 4978 Deum
2856 4936 2959 4977 nec
2993 4919 3313 4976 hominem.
3368 4919 3482 4973 Ista
3511 4919 3594 4971 est
3626 4911 3749 4967 enim

2152 5012 2412 5067 definitio
2441 5027 2644 5066 eorum
2677 5027 2804 5081 qua:
2834 5027 2867 5065 a
2908 5014 2964 5064 te
3012 5007 3167 5064 dicta
3212 5012 3351 5062 sunt
3381 5022 3393 5060 :
3429 5020 3603 5076 neque
3628 5000 3751 5056 enim

2154 5106 2364 5157 natura
2402 5117 2535 5155 cum
2583 5100 2806 5169 iustum
2857 5097 3002 5153 dicis
3049 5097 3204 5153 sicut
3257 5099 3474 5161 Deum;
3509 5094 3650 5147 Deus
3686 5092 3752 5140 est

2154 5191 2309 5246 enim
2343 5190 2453 5245 hoc
2484 5193 2693 5245 natura
2723 5187 2879 5259 quod
2909 5187 3129 5242 bonum
3163 5184 3379 5240 dicitur
3410 5185 3480 5238 de
3508 5181 3644 5254 ipso,
3672 5176 3753 5231 Ju-

2155 5284 2314 5335 stum
2339 5294 2472 5333 eum
2491 5279 2639 5334 dicis
2660 5278 2815 5334 sicut
2843 5266 3747 5347 hominemjustitiaabstinentiae.

2156 5369 2241 5424 sic
2273 5368 2428 5423 enim
2463 5368 2636 5423 homo
2662 5367 2881 5437 justus,
2916 5379 3022 5419 nec
3050 5362 3354 5419 indeﬁnito
3384 5360 3749 5450 decedens

2156 5474 2324 5529 pares
2349 5456 2429 5511 nil
2460 5456 2683 5513 habens
2715 5454 2869 5527 quod
2899 5453 3059 5509 dicas
3089 5452 3159 5507 de
3188 5450 3434 5507 Christo.
3467 5445 3662 5505 Deinde
3677 5441 3747 5495 di-

2210 5600 2255 5635 ⁸⁸
2283 5604 2449 5656 Joan.
2482 5616 2619 5671 xvn,
2655 5598 2740 5655 19.
2815 5598 2861 5632 ⁸³
2886 5594 3087 5671 Matth.
3122 5610 3274 5665 xxvx,
3310 5594 3414 5662 46',
3444 5589 3589 5659 Psal,
3616 5596 3741 5651 nm-

405 5657 449 5691 το
479 5659 587 5714 Isa.
624 5677 739 5719 Lm.
775 5657 861 5722 4(
904 5668 945 5703 τί
982 5665 1133 5723 Psal.
1165 5683 1288 5737 xm,
1319 5657 1392 5738 3;.
1422 5667 1588 5727 Rom.
1620 5686 1705 5739 in,
1728 5672 1922 5730 10-42.
1998 5674 2035 5708 τε

2147 5690 2235 5730 an.
2270 5689 2346 5729 ιι.
2376 5673 2466 5729 26.
2543 5657 2783 5728 τιῖῐοαῑι.
2816 5684 2932 5740 xxv,
2960 5668 3051 5723 2i.
