4002 6206
222 388 250 447 1
263 386 376 448 565

1174 391 1557 454 EPISTOLA
1599 393 1701 452 AD
1748 391 2188 454 EPISCOPUM
2234 389 2681 451 PERSABUM.

3475 388 3630 448 1566

220 519 306 574 cis
337 520 657 575 secundum
692 522 1165 577 communionem
1192 523 1503 594 justiﬁcari
1549 522 1870 590 Christum,
1903 524 1953 591 Α
1984 527 2209 577 ctorum
2268 521 2552 576 voluntati
2610 521 2967 593 rependitur,
3029 524 3085 576 et
3140 519 3238 591 qui
3283 518 3635 574 confitentur

220 625 337 662 non
374 611 586 663 natura
615 610 989 665 exsistentem
1014 612 1268 682 justum,
1304 628 1414 667 non
1436 612 1757 683 praevalens
1780 611 1872 666 in-

216 696 481 769 telligere
531 700 773 753 modum
832 701 1266 755 communionis
1294 717 1420 772 quae
1452 702 1522 756 ad
1556 716 1787 756 omnem
1818 704 1875 755 et

216 785 615 857 acceptionem
650 787 961 859 signiﬁcat,
987 789 1141 845 sicut
1162 790 1308 844 dixit
1327 794 1383 844 et
1403 789 1689 861 sapientia
1720 789 1819 844 Dei
1855 806 1867 844 :

215 877 295 930 Da
324 876 468 929 mihi
509 891 603 930 cor
655 880 832 940 tuum.
892 885 951 932 ut
1005 880 1227 945 sapiens
1281 881 1385 947 ﬁas
1444 881 1504 933 in
1557 879 1871 934 novissimis

211 966 324 1018 tuis
373 964 437 1019 7‘.
472 967 822 1020 Convertens
889 966 1038 1020 alius
1083 968 1363 1038 propheta
1395 968 1581 1023 dicit:
1623 969 1871 1023 Volunta-

212 1061 319 1107 tem
353 1054 667 1108 timentium
696 1071 751 1109 se
779 1056 943 1125 faciet
972 1056 1035 1110 ⁷⁵.
1060 1055 1342 1111 Voluntas
1377 1058 1582 1129 utique
1614 1058 1713 1112 Dei
1739 1074 1870 1112 san-

1982 627 2117 665 eum
2150 627 2344 666 coram
2378 610 2736 678 hominibus,
2764 610 3201 666 conﬁtebuntur
3231 610 3302 664 ab
3351 608 3477 679 ipso
3537 622 3633 662 co-

1983 716 2109 755 ram
2144 704 2310 754 Patre
2339 701 2465 770 ejus
2499 700 2598 771 qui
2633 698 2689 753 in
2723 699 2882 754 cmlis
2912 704 3020 767 est,
3047 698 3195 754 sicut
3228 698 3350 769 ipse
3380 696 3522 751 dicit
3548 695 3630 750 7‘:

1981 794 2039 845 et
2071 789 2165 860 qui
2214 788 2653 859 compatiuntur
2710 788 2960 856 Christo,
2994 788 3051 842 in
3113 785 3633 842 conformationem

1982 879 2212 933 venient
2242 877 2439 949 gloriae
2471 878 2617 947 ejus.
2645 883 2761 932 Ista
2780 878 2934 932 enim
2965 892 3137 931 verax
3168 874 3504 931 communio
3527 872 3631 926 ho-

1980 968 2157 1022 minis
2188 967 2259 1021 ad
2296 968 2473 1021 Deum
2508 984 2622 1021 non
2655 967 2780 1020 sine
2816 966 2925 1021 ﬁde
2957 965 3184 1021 ostendi
3216 968 3408 1037 potest
3434 967 3491 1018 et
3540 961 3631 1015 di-

1979 1056 2281 1130 gnissimis
2313 1055 2609 1127 operibus.
2644 1076 2671 1103 »

607 1228 872 1286 EADEM
923 1229 1303 1288 EPIS'I‘OLA
1348 1230 1449 1286 AD
1496 1228 1934 1291 EPISCOPUM
1983 1228 2407 1289 PERSARUM
2456 1227 2735 1287 GRZECE
2779 1228 2880 1286 EI‘
2928 1226 3232 1287 LATINE.

211 1358 298 1411 Ea:
329 1356 693 1413 Bibliotheca
723 1359 1098 1428 Coisliniana,
1127 1376 1258 1431 pag.
1292 1362 1417 1415 269.
1441 1392 1497 1400 —
1533 1362 1836 1431 Epistolam
1865 1359 2173 1415 Athanasii
2200 1358 2271 1413 ad
2292 1358 2598 1429 episcopum
2632 1363 2947 1424 Persarum,
2968 1359 3151 1431 inquit
3176 1357 3629 1431 Montfauconius.

304 1431 505 1503 Latine
557 1430 829 1485 edidimus
860 1434 1002 1486 inter
1061 1427 1254 1502 spuria
1284 1427 1587 1487 Athanasii
1603 1433 1774 1503 Opera
1799 1438 1928 1487 tom.
1961 1433 2030 1497 ll,
2060 1448 2115 1503 p.
2148 1432 2285 1496 649;
2318 1427 2501 1502 estque
2528 1435 2678 1485 vetus
2710 1432 3088 1503 interpretatio
3119 1427 3632 1503 Grazcmgquamrhic

285 1501 501 1575 damus,
533 1504 778 1575 epistolae
806 1520 824 1556 :
856 1508 906 1558 et
936 1505 997 1559 in
1029 1500 1139 1573 ﬁne
1168 1505 1421 1575 quaedam
1450 1506 1616 1559 habet
1644 1500 1762 1575 qua
1789 1507 1846 1558 in
1878 1508 2032 1559 textu
2061 1500 2242 1557 Graeco
2271 1518 2383 1575 non
2407 1500 2765 1556 'observantur
2795 1522 2812 1556 :
2830 1501 3058 1575 Δ(ἓνκειιι
3087 1516 3247 1571 porro
3274 1500 3373 1555 ille
3392 1570 3403 1575 _
3423 1502 3630 1575 textus,

285 1573 409 1648 licet
466 1570 833 1648 Athanasium
891 1579 964 1648 in
986 1570 1145 1630 titulo
1175 1570 1533 1642 cmentiatur,
1566 1570 1697 1648 quia
1726 1587 1915 1631 tamen
1941 1578 2171 1646 antiqua
2200 1578 2279 1630 est
2310 1574 2426 1631 hazc
2453 1574 2701 1644 epistola,
2734 1578 2787 1631 et
2816 1572 2999 1631 Graece
3028 1570 3313 1646 nunquam
3341 1570 3509 1639 edita,
3543 1570 3632 1625 hic

285 1645 468 1700 locum
496 1646 695 1700 habere
722 1646 996 1703 commode
1020 1652 1213 1719 potest.

213 1795 512 1873 Ἀγαπητῷ
542 1796 843 1873 πάπᾳνκαὶ
893 1802 972 1873 τῷ
1023 1797 1109 1851 ὑπ’
1166 1797 1322 1873 αὐτὸν
1360 1797 1581 1873 ἑκλήρῳᾼ
1626 1802 1742 1860 τοῖς
1771 1800 1870 1873 τὴν

1982 1800 2183 1855 Dilecto
2210 1814 2371 1873 papae
2401 1805 2451 1853 et
2481 1799 2627 1873 clero
2656 1800 2765 1873 ipsi
2792 1797 3026 1873 subdito,
3077 1800 3251 1873 iisque
3306 1798 3629 1873 qui_Persa-

290 1868 511 1945 Περσῶν
589 1868 796 1922 οἰκοῦσι
868 1870 1057 1945 χώραν
1107 1912 1121 1939 ,
1175 1868 1501 1933 Ἀθανάσιος
1546 1868 1617 1925 ⁷έν
1691 1871 1871 1944 Κυρίῳ

290 1939 531 2013 χαίρειν.

295 2084 357 2135 Ἡ
400 2079 525 2155 ἁγία
572 2080 924 2143 θεόπνευστος
974 2082 1159 2159 Γραφή
1202 2081 1296 2143 τὰς
1344 2086 1451 2138 τῶν
1498 2082 1868 2158 ἀρχαιοτέρων

219 2170 361 2241 ἡμῖν
412 2166 673 2244 διηγεῖται
726 2170 983 2245 πράξεις,
1033 2169 1351 2246 ποδηγοῦσα
1403 2174 1550 2244 ἡμᾶς
1599 2172 1649 2242 ἐξ
1696 2172 1868 2227 αὐτῶν

219 2257 313 2312 ἒπὶ
344 2258 411 2312 τίὶ
440 2261 692 2334 χρήσιμα
733 2263 841 2313 τῶν
892 2260 1198 2335 πρακτέων,
1250 2258 1715 2335 βδελυττομένους
1769 2268 1873 2316 πᾶν

221 2344 367 2409 εἶδος
425 2348 688 2422 πονηρίας
736 2350 824 2403 καὶ
875 2344 1205 2412 δυσσεϐείας.
1256 2352 1343 2404 Ἐν
1389 2355 1518 2426 γοῦν
1568 2356 1683 2412 τοῖς
1714 2357 1873 2405 Βασι-

218 2432 394 2498 λείοις
447 2436 607 2515 φησὶν
658 2436 994 2510 ἠνομηκέναι
1044 2440 1134 2493 τὸν
1191 2438 1445 2515 Ἰσραὴλ,
1498 2441 1585 2493 καὶ
1635 2459 1869 2515 προσκυ-

218 2531 328 2579 νεῖν
387 2527 457 2597 τῇ
511 2526 681 2581 κτίσει
739 2527 884 2602 παρὰ
938 2528 1030 2581 τὸν
1086 2527 1377 2584 κτίσαντα.
1438 2530 1576 2583 "lare
1634 2527 1689 2583 δὲ
1747 2528 1869 2583 ὅσον

216 2615 407 2684 κακὸν⁹
438 2616 528 2669 τὸν
578 2616 964 2692 Δηημιουργὸν
1017 2616 1418 2679 καταλιπόντας
1466 2619 1555 2671 καὶ
1600 2619 1697 2686 τὴν
1729 2619 1873 2691 αὐτῷ

223 2703 590 2779 ὀφειλομένην
652 2702 824 2775 δόξαν,
884 2704 1212 2776 προσάπτειν
1276 2703 1528 2768 εῗδώλοις
1584 2707 1673 2761 καὶ
1730 2707 1815 2761 κτί
1849 2741 1871 2750 -

222 2813 412 2865 σμασι,
476 2798 645 2848 Τοῦτο
695 2791 1001 2871 δρασάντων
1060 2794 1299 2864 ἐκείνων,
1347 2796 1628 2872 ἀφίστησιν
1676 2798 1702 2850 ὁ
1744 2798 1871 2858 Θεὸς

221 2883 323 2950 τήν
356 2881 520 2936 αὑτοῦ
574 2884 823 2956 βοήθειαν
876 2883 925 2954 ἐξ
976 2884 1175 2954 αὐτῶν,
1224 2883 1313 2938 καί
1362 2883 1743 2959 παραδίδονται
1795 2885 1869 2948 εἷς

224 2967 475 3025 δουλείαν
522 2977 640 3033 τοῖς
696 2971 975 3046 ὑμετέροις
1028 2970 1357 3048 βασιλεῦσιν.
1407 2973 1773 3050 Αἶχμάλωτοι
1815 2971 1872 3029 δὲ

219 3059 539 3136 γενόμενοι,
587 3058 1026 3130 καταδικάζονται
1088 3062 1188 3116 ὑπὸ
1251 3061 1716 3138 Σαλαμανασάρου
1775 3066 1868 3140 βα-

2052 1889 2174 1997 ναῖη
2232 1872 2516 1941 regionem
2572 1872 2842 1941 incolunt,
2899 1870 3253 1938 Athanasius,
3302 1871 3364 1924 in
3402 1870 3629 1925 Domino

2052 1960 2111 1997 sa
2140 1949 2307 1997 utem.

2049 1949 2307 1999 salutem.

2052 2089 2262 2140 Sancta
2291 2088 2347 2140 et
2378 2084 2658 2140 divinitus
2691 2084 2975 2155 inspirata
3018 2083 3317 2155 Scriptura
3367 2082 3636 2155 antiquo-

1982 2190 2112 2227 rum
2159 2174 2327 2227 nobis
2350 2178 2513 2244 gesta
2541 2178 2795 2239 enarrat,
2831 2190 2897 2227 ex
2929 2174 2999 2227 iis
3031 2190 3134 2228 nos
3166 2173 3235 2229 ad
3269 2173 3435 2227 utilia
3465 2189 3641 2244 opera

1983 2261 2301 2327 deducens,
2338 2267 2402 2315 ut
2430 2277 2661 2316 omnem
2694 2260 2963 2331 nequitiae
3021 2267 3077 2315 et
3127 2259 3446 2330 impietatis
3505 2278 3637 2333 spe-

1982 2349 2127 2403 ciem
2190 2365 2546 2404 aversemur.
2611 2351 2671 2405 In
2728 2350 3061 2421 Regnorum
3110 2348 3308 2420 itaque
3339 2348 3503 2403 libris
3534 2350 3635 2416 ait,

1983 2438 2422 2510 praevaricatum
2459 2438 2642 2493 fuisse
2677 2438 2971 2503 Israelem,
2995 2441 3049 2492 et
3080 2438 3320 2492 adorare
3354 2437 3637 2493 maluisse

1982 2533 2307 2582 creaturam
2342 2544 2516 2600 quam
2550 2528 2901 2583 Creatorem.
2927 2526 3100 2582 Scitis
3132 2530 3325 2582 autem
3349 2533 3632 2597 quantum

1983 2617 2206 2671 malum
2241 2617 2319 2672 sit
2348 2617 2677 2673 Creatorem
2710 2616 3060 2689 relinquere,
3094 2615 3471 2686 debitamque
3520 2616 3633 2687 ipsi

1982 2706 2223 2778 gloriam
2287 2706 2460 2763 idolis
2519 2713 2575 2761 et
2614 2706 2894 2762 creaturis
2926 2706 3262 2761 attribuere.
3299 2706 3356 2760 Id
3389 2721 3521 2760 cum
3548 2704 3633 2759 illi

1983 2802 2238 2867 agerent,
2272 2796 2459 2850 aufert
2491 2801 2639 2851 Deus
2672 2798 2742 2851 ab
2774 2795 2891 2850 illis
2922 2794 3196 2849 auxilium
3228 2811 3424 2861 suum,
3459 2798 3515 2849 et
3571 2794 3631 2849 in

1980 2891 2306 2939 vestrorum
2352 2901 2555 2957 regum
2589 2886 2927 2940 servitutem
2953 2884 3284 2940 traduntur.
3322 2885 3388 2938 Et
3421 2882 3633 2954 captivi

1982 2974 2216 3028 abducti
2241 2974 2597 3029 damnantur
2616 2991 2647 3029 a
2662 2973 3087 3029 Salmanasare.
3101 2972 3472 3045 Assyriorum
3497 2988 3631 3045 rege

1981 3064 2052 3117 ad
2086 3063 2252 3117 sedes
2285 3063 2622 3133 mutandas,
2655 3063 2737 3117 ita
2763 3068 2847 3131 ut,
2880 3061 3081 3117 relicta
3112 3067 3262 3116 terra
3290 3079 3418 3127 sua,
3453 3060 3631 3117 Palae-

217 3150 420 3211 σιΑέως
469 3149 763 3224 Ἀσσυρίων
809 3150 1020 3221 οἷ’κησιν
1075 3152 1189 3206 ἀντὶ
1241 3155 1336 3221 τῆς
1386 3152 1560 3206 αὐτῶν
1600 3160 1723 3229 γῆς,
1760 3159 1867 3208 [Ια-

1982 3152 2135 3207 stina
2165 3168 2394 3224 nempe,
2442 3152 2500 3207 in
2562 3152 2930 3225 Assyriorum
2990 3151 3223 3224 regione
3278 3151 3630 3217 habitarent,

212 3235 501 3310 λαιστίνης
557 3240 701 3317 φημῖ
736 3284 749 3310 ,
805 3241 904 3310 τὴν
963 3240 1257 3315 Ἀσσυρίων
1316 3241 1366 3295 ἐν
1427 3241 1591 3297 ’Δλαὲ
1664 3243 1753 3296 καὶ
1814 3242 1865 3298 έν

217 3326 433 3402 Ἀμὼρ,
484 3333 755 3401 ποταμοῖς
808 3332 989 3399 Γιζὰν,
1047 3329 1136 3384 καί
1186 3330 1286 3404 ὅρη
1347 3328 1548 3401 Μήδων
1579 3375 1591 3388 .
1651 3331 1866 3408 Εἰσάγει

218 3418 332 3472 ἀντ’
378 3416 551 3473 αὐτῶν
602 3415 782 3486 οῗ¹κησι
831 3420 930 3487 τὴν
988 3421 1315 3493 Σαμάρειαν,
1372 3416 1754 3483 Βαϐυλωνίους
1809 3421 1868 3477 ἐκ

212 3507 450 3575 Χουθᾶν,
505 3507 595 3562 καὶ
646 3508 750 3561 ἀπὸ
801 3508 964 3576 Δίαν,
1014 3508 1103 3563 καὶ
1154 3509 1260 3563 ἀπὸ
1311 3508 1503 3583 Ἐμᾶθ,
1553 3510 1643 3563 καὶ
1696 3517 1867 3588 Σεφα-

211 3596 408 3673 ρουὶμ,
455 3597 545 3651 καὶ
593 3595 1004 3669 κατῳκίσθησαν
1053 3599 1104 3651 έν
1149 3604 1267 3660 ταῖς
1320 3598 1512 3652 πόλεσι
1557 3599 1865 3675 Σαμαρείας

211 3683 333 3740 ἀντί
378 3689 485 3739 τῶν
543 3686 672 3740 υἱῶν
729 3685 976 3762 Ἰσραήλ.
1039 3687 1136 3740 Καὶ
1192 3686 1397 3763 ἐγένετο
1456 3687 1507 3741 ἐν
1565 3687 1712 3764 ἀρχῇ
1768 3695 1869 3757 τῆς

210 3771 480 3849 καθέδρας
538 3774 735 3846 αὐτῶν,
790 3775 895 3830 οὐκ
952 3770 1295 3852 ἐφοϐήθησαν
1353 3776 1444 3830 τὸν
1510 3775 1728 3851 Κύριον,
1777 3777 1865 3831 καὶ

214 3860 529 3918 ἀπέστειλεν
583 3863 656 3924 εἲς
705 3862 897 3925 αὐτοὺς
946 3864 1073 3925 τοὺς
1122 3862 1367 3935 λέοντας,
1412 3865 1502 3919 καὶ
1548 3868 1683 3933 ἦσαν
1732 3864 1867 3919 ἀπο-

213 3951 517 4013 κτείνοντες
563 3952 777 4014 αύτούς.
830 3951 932 4009 Καί
980 3953 1129 4007 εἶπαν
1182 3958 1262 4025 τῷ
1314 3952 1530 4029 βασιλεῖ
1568 3954 1866 4027 ’Δσσυρίων

215 4040 467 4116 λέγοντες
500 4059 512 4072 ⁸
571 4041 646 4095 Τὰ
702 4038 829 4111 ἔθνη
887 4041 922 4095 ἃ
974 4042 1254 4104 ἀπώκισας
1293 4088 1307 4114 ,
1367 4043 1456 4097 καὶ
1509 4043 1862 4110 ἀντεκάθησας

210 4134 343 4200 (sic)
398 4130 448 4184 έν
504 4128 698 4185 πόλεσι
757 4131 1061 4206 Σαμαρείας
1095 4174 1109 4198 ,
1171 4131 1271 4186 ούκ
1324 4130 1557 4205 ἔγνωσαν
1626 4132 1689 4185 τὸ
1745 4137 1864 4207 κρῖ-

214 4241 293 4293 μα
351 4222 474 4293 (sic)
529 4224 626 4274 τοῦ
699 4224 837 4276 Θεοῦ
891 4227 991 4290 τῆς
1048 4227 1174 4295 γῆς,
1241 4221 1331 4275 καὶ
1396 4218 1679 4276 ἀπέστειλε
1736 4220 1864 4283 τοὺς

210 4307 437 4370 λέοντας
514 4308 592 4371 εἷς
666 4308 922 4378 αὐτούς,
983 4309 1071 4363 καὶ
1149 4306 1269 4364 ίδού
1345 4310 1447 4364 εἶσι
1523 4311 1866 4372 θανατοῦντες

209 4396 432 4469 αὐτοὺς,
486 4397 674 4453 καθότι
733 4397 831 4452 οὐκ
889 4395 1063 4453 οἴδασι
1123 4398 1183 4453 τὸ
1240 4404 1413 4473 κρῖμα
1467 4403 1568 4453 τοῦ
1600 4403 1734 4454 Θεοῦ
1762 4406 1863 4470 τῆς

205 4493 315 4563 γῆς
351 4529 363 4542 .
420 4487 519 4541 Καὶ
594 4486 929 4543 ἅνεστείλατο
984 4488 1011 4542 ὁ
1074 4485 1328 4563 βασιλεὺς
1388 4488 1713 4564 Ἀσσυρίων,
1774 4486 1862 4543 λέ-

208 4596 325 4651 γων
364 4595 378 4607 ·
435 4575 766 4652 Ἀπαγάγετε
824 4577 1023 4632 ἐκεῖθεν
1057 4622 1070 4649 ,
1113 4577 1201 4631 καὶ
1261 4578 1665 4652 πορευέσθωσαν
1700 4623 1717 4651 ,
1772 4579 1862 4633 καὶ

208 4665 629 4720 κατοικείτωσαν
716 4665 827 4721 ἐκεῖ
877 4708 891 4734 ,
976 4666 1065 4720 καὶ
1149 4670 1441 4744 φωτιοῦσιν
1531 4666 1723 4729 αὐτοὺς
1800 4667 1861 4722 τὸ

210 4759 389 4828 κρῖμα
437 4759 534 4810 τοῦ
595 4759 728 4811 Θεοῦ
799 4762 897 4825 τῆς
972 4762 1076 4830 γῆς
1112 4800 1125 4815 .
1186 4759 1283 4811 Καὶ
1341 4753 1549 4832 ἤγαγον
1609 4753 1701 4811 ἕνα
1753 4761 1859 4812 τῶν

211 4844 403 4919 ἱερέων
439 4889 454 4914 ,
515 4844 587 4898 ὧν
646 4843 923 4917 ἀπῴκισαν
985 4844 1091 4899 ἀπὸ
1149 4844 1481 4919 Σαμαρείας,
1539 4846 1628 4900 καὶ
1685 4846 1863 4910 ἐκάθι-

210 4954 300 4988 σεν
357 4932 409 4987 έν
468 4930 696 5002 Βαιθήλ.
752 4932 854 4990 Καὶ
902 4934 969 5002 ἧν
1029 4934 1056 4987 ὁ
1116 4932 1291 5010 ἱερεὺς
1341 4934 1588 5011 φωτίζων
1644 4933 1861 5003 αὐτοὺς,

212 5024 366 5083 ὅπως
425 5016 705 5098 φοϐηθῶσι
776 5022 868 5076 τὸν
941 5022 1135 5095 Κύριον
1173 5066 1184 5077 .
1247 5023 1343 5077 Καὶ
1404 5020 1751 5099 διδαχθέντες
1812 5025 1864 5079 οἱ

216 5114 647 5185 μετοικισθέντες
731 5112 822 5166 τὸν
909 5108 1197 5184 δεδομένον
1279 5109 1446 5184 νόμον
1528 5117 1643 5174 τοῖς
1723 5113 1864 5175 υἱοῖς

211 5200 456 5277 Ἰσραὴλ,
519 5199 617 5255 οὐκ
675 5198 940 5273 ἐφύλαξαν
1003 5199 1079 5262 εἷς
1135 5198 1294 5263 τέλος
1329 5221 1341 5234 ο
1394 5199 1522 5257 ἀλλ’
1581 5204 1715 5269 ἦσαν
1774 5201 1863 5256 καὶ

206 5295 290 5362 τῷ
362 5290 518 5363 νόμῳ
595 5287 943 5351 δουλεύοντες
1003 5290 1060 5345 ἐκ
1122 5290 1317 5367 μέρους
1371 5290 1459 5345 καὶ
1516 5296 1635 5353 τοῖς
1702 5289 1861 5348 ἔθεσι.

212 5378 447 5440 Τούτοις
494 5378 791 5454 κέχρηνται
824 5373 1223 5452 ἐκϐεϐλημένοι
1278 5380 1380 5434 ὑπὸ
1435 5384 1531 5434 τοῦ
1589 5384 1742 5449 Θεοῦ,
1777 5377 1867 5435 διὰ

210 5470 276 5523 τὸ
329 5469 405 5540 μὴ
462 5468 723 5543 καθαρὰν,
782 5466 926 5522 ἀλλὰ
985 5470 1325 5544 μεμιγμένην
1385 5464 1529 5544 ἔχειν
1587 5469 1708 5524 τινὰ
1765 5466 1863 5524 λα-

212 5554 416 5631 τρείαν,
449 5551 573 5610 οὔτε
618 5560 698 5627 τῷ
740 5554 896 5627 νόμῳ
944 5558 1205 5627 Μωσέως,
1250 5555 1373 5613 οὕτε
1413 5563 1532 5620 τοῖς
1580 5555 1717 5622 ἔθεσι
1750 5562 1866 5619 τοῖς

1981 3257 2191 3312 nempe
2250 3240 2308 3295 in
2371 3240 2509 3297 Alite
2556 3245 2614 3296 et
2643 3240 2701 3295 in
2734 3243 2933 3307 Amor,
2964 3240 3023 3294 in
3054 3238 3247 3295 ﬂuviis
3278 3239 3451 3295 Gizan
3487 3244 3543 3295 et
3570 3239 3631 3295 in

1981 3330 2280 3385 montibus
2312 3329 2629 3384 Medorum.
2666 3331 2877 3385 Eorum
2911 3332 3106 3385 autem
3140 3327 3265 3385 loco
3308 3328 3630 3384 Samariam

1978 3417 2202 3473 inducit
2254 3418 2601 3490 Babylonios
2661 3434 2730 3473 ex
2784 3417 3109 3486 Chusthan,
3170 3422 3228 3472 et
3280 3434 3347 3472 ex
3378 3417 3545 3487 Aian,
3577 3420 3636 3472 et

1978 3522 2046 3563 ex
2094 3506 2325 3577 Ematb,
2386 3513 2444 3562 et
2499 3524 2567 3562 ex
2625 3507 3002 3579 Sepharvem,
3057 3510 3114 3561 et
3165 3506 3427 3561 habitare
3479 3506 3633 3576 jussi

1978 3600 2117 3651 sunt
2173 3595 2233 3651 in
2292 3594 2495 3651 nribus
2555 3597 2831 3652 Samariae
2890 3613 2992 3667 pro
3052 3595 3189 3650 filiis
3222 3593 3417 3650 Israel.
3450 3595 3518 3649 Et
3549 3594 3631 3648 fa-

1978 3690 2137 3740 ctum
2195 3690 2281 3740 est
2348 3684 2515 3740 initio
2578 3685 2958 3740 habitationis
3028 3700 3253 3750 eorum,
3311 3699 3444 3737 cum
3513 3699 3627 3738 non

1978 3775 2253 3830 timerent
2307 3774 2644 3840 Dominum,
2705 3773 2951 3828 immisit
3008 3773 3065 3826 in
3124 3789 3224 3828 eos
3280 3771 3477 3827 leones
3528 3770 3631 3842 qui

1977 3864 2321 3919 occidebant
2378 3880 2498 3918 eos.
2557 3864 2627 3917 Et
2684 3863 2954 3916 dixerunt
3008 3861 3129 3934 regi
3188 3859 3565 3932 Assyriorum
3615 3877 3627 3915 :

1979 3952 2170 4007 Gentes
2255 3968 2387 4023 quas
2474 3951 2809 4006 transtulisti
2891 3959 2942 4005 et
3007 3950 3260 4005 habetare
3323 3949 3505 4021 fecisti
3570 3950 3629 4003 in

1977 4041 2205 4096 urbibus
2232 4040 2527 4108 Samaria,
2554 4056 2664 4096 non
2697 4044 2965 4097 noverunt
2986 4040 3262 4112 judicium
3301 4041 3396 4096 Dei
3439 4044 3627 4109 terrae,

1974 4140 2026 4186 et
2081 4131 2313 4185 immisit
2364 4130 2424 4184 in
2487 4146 2574 4186 eos
2641 4130 2838 4198 leones,
2902 4136 2955 4186 et
3022 4146 3143 4185 ecce
3208 4128 3462 4185 occidunt
3523 4144 3630 4194 eos,

1975 4222 2106 4291 quia
2160 4222 2407 4274 nesciunt
2456 4219 2737 4290 judicium
2793 4220 2892 4274 Dei
2919 4222 3099 4274 terrae.
3134 4219 3197 4273 Et
3226 4220 3382 4273 misit
3410 4234 3516 4273 rex
3544 4217 3636 4272 As-

1971 4310 2251 4379 syriorum
2298 4309 2479 4365 dicens
2509 4327 2532 4374 ;
2563 4309 2748 4364 Ducite
2791 4308 2920 4363 inde
2972 4308 3314 4379 (sacerdotes)
3361 4310 3412 4362 et
3467 4321 3632 4363 acce-

1972 4399 2107 4455 dant
2162 4402 2212 4454 et
2265 4399 2517 4455 habitent
2572 4399 2677 4467 ibi,
2718 4408 2769 4453 et
2801 4397 3125 4454 illuminent
3153 4413 3239 4453 eos
3268 4397 3503 4465 iudiciis
3531 4397 3633 4452 Dei

1974 4494 2160 4544 terrae.
2194 4490 2255 4542 Et
2293 4488 2646 4543 adduxerunt
2701 4504 2873 4542 unum
2926 4503 2999 4542 ex
3051 4485 3441 4555 sacerdotibus,
3498 4501 3630 4556 quos

1974 4577 2371 4633 transtulerant
2427 4593 2495 4632 ea:
2545 4578 2829 4645 Samaria,
2888 4578 2939 4631 et
2993 4576 3129 4630 sedit
3186 4577 3247 4630 in
3302 4574 3528 4631 Baethel.
3565 4575 3629 4630 Et

1973 4671 2094 4722 erat
2124 4667 2377 4722 sacerdos
2408 4668 2739 4721 illuminans
2764 4681 2850 4721 eos
2880 4667 2937 4720 ut
2993 4666 3247 4720 timerent
3309 4666 3624 4720 Dominum.

1972 4759 2047 4812 Et
2101 4756 2271 4812 edocti
2319 4756 2383 4826 ii,
2408 4757 2506 4827 qui
2533 4756 2791 4811 translati
2817 4757 3062 4826 fuerant,
3094 4755 3265 4824 legem
3294 4753 3429 4824 ﬁliis
3458 4752 3631 4809 Israel

1972 4845 2272 4910 traditam,
2304 4862 2427 4900 eam
2456 4861 2564 4900 non
2594 4846 2838 4915 perfecte
2867 4843 3261 4909 custodierunt,
3320 4842 3411 4898 sed
3459 4844 3631 4899 simul

1971 4942 2022 4990 et
2052 4935 2157 5004 legi
2184 4951 2253 4989 ex
2299 4943 2461 5006 parte
2516 4934 2823 4989 serviebant
2880 4942 2931 4989 et
2984 4935 3189 5004 patriis
3220 4932 3628 4989 conusetudini-

1976 5023 2165 5079 bus".
2222 5028 2304 5078 [ta
2363 5039 2425 5078 se
2478 5028 2809 5094 gesserunt,
2868 5022 3153 5093 ejectique
3209 5038 3243 5077 a
3298 5020 3415 5077 Deo
3468 5026 3627 5086 sunt,

1981 5113 2136 5184 quod
2168 5129 2281 5166 non
2317 5128 2551 5183 purum.
2588 5111 2688 5166 sed
2724 5111 2964 5167 mistum
2998 5110 3227 5167 cultum
3259 5110 3624 5176 exhiberent,

1976 5217 2165 5274 neque
2194 5200 2305 5273 legi
2337 5199 2573 5273 Moysis,
2610 5217 2798 5272 neque
2846 5200 3051 5272 patriis
3102 5197 3626 5254 consuetudinibus

1974 5292 2220 5362 perfecte
2280 5291 2618 5346 servientes.
2679 5290 2809 5345 Haac
2867 5307 3000 5346 cum
3060 5290 3348 5355 sciamus,
3408 5284 3623 5350 dilecti,

1975 5397 2187 5452 purum
2212 5380 2328 5436 Deo
2349 5381 2571 5434 cultum
2596 5379 2998 5443 exhibeamus,
3016 5372 3625 5447 nulloqueimpietatis

1974 5485 2182 5542 genere
2232 5468 2599 5542 permistum,
2645 5468 2744 5524 sed
2784 5466 3225 5523 immaculatum
3252 5467 3309 5519 et
3330 5461 3624 5533 pium,cui

1978 5562 2128 5613 Deus
2185 5558 2294 5613 sibi
2356 5557 2699 5629 cumplacet.
2734 5556 2969 5612 Nullum
3005 5554 3158 5609 enim
3190 5549 3470 5617 admittit,
3505 5548 3623 5609 imo

287 5720 334 5753 7‘
366 5719 528 5776 Prov.
560 5736 675 5793 xxx,
704 5720 794 5777 20.
870 5721 914 5757 ⁷⁸
944 5719 1093 5779 Psal.
1125 5735 1306 5792 CXLIV,
1338 5721 1427 5777 19.
1504 5722 1547 5757 ⁷⁸
1573 5720 1778 5780 Matth.
1810 5738 1867 5793 x,
1899 5719 1992 5778 32.
2066 5720 2110 5755 ⁷⁷
2140 5718 2215 5775 IV
2246 5718 2387 5792 Reg.
2416 5734 2555 5785 xvn,
2584 5718 2766 5774 26-33.
