4002 6206
184 280 339 341 1369
1117 274 1491 337 DIATRIBE
1536 274 1615 334 ῘΝ
1662 270 2095 335 SYMBOI.UM
2145 266 2676 350 QUICUNQUE.
3442 280 3600 340 1570

175 418 469 491 ἀποτολμᾷ
525 419 621 494 τήν
684 416 962 494 ἀλήθειαν)
1020 420 1199 494 σαφῶς
1238 413 1457 494 Δοὑτωσὶ
1516 415 1604 494 usti
1637 411 1935 494 διαρᾗήδην
1969 418 2074 494 τῶγ
2107 418 2269 494 cpiam
2303 414 2647 494 Oco'tmaxui.
2682 412 2864 494 οὒᾳίαν
2895 413 3181 494 ἐγγράφως
3216 418 3593 494 ὁμολογήσας*

178 495 248 555 ld
279 499 372 553 est
399 488 417 551 ’;
463 515 491 549 α
519 493 765 552 Primus
793 491 897 551 ille
929 488 1350 572 (Athanasius)
1383 496 1442 549 et
1474 491 1665 561 solus,
1692 488 1789 548 vel
1823 507 1962 572 cum
1997 489 2337 572 admodum
2372 489 2607 572 paucis,
2636 488 3204 572 veritatem’palam
3237 488 3595 572 apertisque

181 597 211 630 α
244 573 449 633 verbis
481 572 759 651 profiteri
790 590 978 631 ausus
1006 577 1119 637 est,
1160 570 1347 651 trium
1381 588 1789 647 personarum
1822 570 2126 651 Deitatem
2160 576 2219 628 et
2249 570 2661 651 substantiam
2697 570 2929 651 scripto
2961 572 3303 632 confessus.
3361 597 3389 630 υ
3444 570 3593 646 ί)ὑῶ

178 649 514 714 autumant
564 652 651 711 illi
702 652 776 710 de
828 651 1126 730 Symbolo
1181 649 1520 729 Quicunque
1559 650 1708 730 dici.
1745 650 1889 720 Sed,
1922 655 1994 730 ut
2026 667 2210 708 nemo
2240 668 2361 707 non
2396 650 2586 719 videt,
2619 650 2934 709 levissima
2965 651 3092 710 imo
3127 655 3298 711 nulla
3332 656 3591 714 ratione.

180 734 342 805 Quid
373 752 575 793 causae
608 733 772 791 enim
804 729 897 791 est
929 739 995 791 ut
1024 732 1101 789 ad
1137 730 1491 808 symbolum
1529 729 1872 808 Quicunque
1900 729 1963 788 id
1995 729 2321 800 referatur,
2354 749 2493 788 cum
2528 731 2691 789 binm
2725 738 2969 789 exstent
3000 732 3322 793 Athanasii
3354 736 3593 794 confes-

182 752 342 805 UUIO
373 752 575 793 000833
608 752 772 791 enim
804 752 897 791 eSl
929 752 995 791 nt
1024 752 1101 789 30
1137 752 1491 808 symbolum
1529 752 1754 803 Vulcan
1804 752 1872 787 uc
1900 752 1963 788 ια
1995 752 2321 800 ῐῈῐϐΓέὶιυΓ,
2354 752 2493 788 CLIII)
2528 752 2691 789 DUHB
2725 752 2969 789 θιεῑθηι
3000 752 3322 793 Atnanasn
3354 752 3593 794 θοηῐθε-

182 815 389 874 siones
415 814 581 889 fidei;
612 830 876 891 quarum
913 812 1114 891 prima
1146 815 1350 877 ἔκθεσις
1380 817 1611 878 πίστεως
1647 752 1896 869 ιίωῖυω
1930 810 2143 881 habet,
2216 811 2491 869 secunda
2524 889 2531 891 Α
2560 810 2640 869 ad
2684 811 3001 870 Jovianum
3050 822 3484 891 nuncupatur;
3536 823 3599 874 et

181 895 249 955 in
310 902 576 973 utraque
634 889 865 970 pariter
917 889 1107 952 trium
1172 910 1582 973 personarum
1638 890 1840 973 deitas
1871 896 1933 973 et
1960 890 2313 973 substantia
2342 889 2760 968 praedicatur?
2791 892 3143 962 Quinetiam
3177 889 3283 953 illo
3317 896 3599 972 Gregorii

178 975 346 1045 loco,
383 971 554 1034 nulla
586 973 898 1033 indicatur
930 973 1074 1031 fidei
1100 972 1443 1042 confessio;
1478 971 1584 1030 sed
1616 971 1843 1031 dicitur
1875 971 2184 1029 duntaxat
2207 972 2395 1029 trium
2421 990 2831 1049 personarum
2856 972 3149 1032 deitatem
3178 981 3237 1033 et
3258 971 3592 1035 essentiam

181 1056 559 1135 praedicasse
591 1052 1003 1113 Athanasium
1039 1073 1052 1112 :
1088 1052 1258 1131 quod
1289 1052 1349 1110 in
1382 1052 1507 1111 suis
1538 1052 1643 1111 ille
1675 1051 1922 1129 scriptis
1953 1052 2088 1109 fuse
2121 1057 2181 1110 et
2213 1051 2455 1110 naviter
2484 1058 2812 1111 exsecutus
2843 1059 2955 1111 est.

269 1156 562 1213 Testatur
591 1151 895 1228 Ughellus
919 1151 1157 1209 tom.]V
1186 1148 1377 1209 Italiae
1404 1167 1605 1223 sacras,
1639 1147 2055 1208 Gaudentium
2091 1148 2495 1219 Brixiensem,
2532 1149 2634 1227 qui
2669 1158 2894 1227 quarto
2925 1151 3154 1210 saeculo
3188 1150 3361 1220 vixit,
3413 1154 3597 1213 Com-

182 1236 538 1292 mentiones
568 1232 834 1291 edidisse
865 1232 925 1289 in
960 1231 1328 1309 Symbolum
1362 1229 1710 1301 Athanasii,
1747 1247 1903 1306 quas
1933 1236 2147 1287 extare
2178 1232 2263 1287 ait
2292 1228 2354 1287 in
2392 1232 2579 1288 veteri
2619 1233 2731 1289 PP.
2765 1230 3174 1291 Bibliotheca.
3216 1235 3442 1291 Verum
3473 1234 3596 1294 illas

180 1312 759 1373 Commentationes
792 1308 1102 1388 nusquam
1134 1317 1518 1387 comparent,
1557 1327 1670 1369 nec
1700 1310 1780 1369 ab
1811 1309 1934 1368 alio
1968 1308 2267 1387 quopiam
2300 1309 2606 1387 scriptore
2637 1310 3089 1370 animadversas
3124 1321 3286 1371 sunt.
3323 1312 3598 1382 Quamo-

176 1394 357 1454 brem
392 1393 547 1452 nihil
579 1392 725 1451 hinc
758 1391 1115 1469 argumenti
1146 1391 1284 1450 elici
1314 1397 1542 1468 potest.

263 1490 658 1550 Atl'erebatur
687 1489 835 1547 olim
868 1488 1042 1549 locus
1072 1506 1145 1548 ex
1178 1487 1531 1564 Augustino
1564 1486 1625 1545 in
1661 1486 1885 1564 psalm.
1918 1503 2056 1555 cxx,
2090 1486 2150 1545 in
2187 1486 2321 1546 haec
2351 1486 2541 1545 verba
2572 1502 2587 1544 :
2626 1510 2653 1541 ‹‹
2690 1489 2804 1546 Per
2833 1487 2993 1547 diem
3027 1487 3120 1547 sol
3154 1509 3277 1548 non
3324 1496 3463 1550 uret
3513 1496 3595 1563 te,

187 1592 217 1627 ‹‹
252 1588 457 1647 neque
489 1570 638 1629 luna
672 1587 779 1647 per
810 1575 1055 1628 noctem
1085 1569 1155 1641 ³³,
1185 1593 1213 1623 ››
1248 1568 1353 1627 ubi
1384 1569 1472 1628 ita
1500 1566 1730 1644 legitur
1758 1568 1831 1647 in
1852 1566 2228 1647 quibusdam
2261 1566 2441 1647 editis
2470 1585 2481 1625 :
2518 1589 2544 1623 (ι
2576 1569 2661 1626 De
2696 1566 2814 1627 hoc
2847 1568 2977 1628 sole
3010 1572 3193 1628 Pater
3220 1569 3599 1631 Athanasius

179 1674 211 1705 α
248 1646 713 1711 Alexandrinus
745 1649 1075 1727 episcopus
1104 1649 1192 1708 ita
1223 1648 1485 1726 pulchre
1513 1648 1762 1707 locutus
1790 1646 1869 1707 sit
1902 1667 1917 1705 :
1952 1647 2168 1720 Filius,
2204 1646 2423 1726 inquit,
2457 1647 2566 1707 Dei
2596 1666 2627 1706 a
2662 1647 2846 1707 Patre
2872 1647 3027 1719 solo,
3063 1667 3188 1709 non
3222 1649 3445 1719 factus,
3482 1668 3595 1711 nec

179 1755 213 1787 (ί
244 1736 513 1797 creatus,
572 1728 681 1789 sed
740 1730 1009 1807 genitus.
1063 1752 1092 1784 ››
1149 1730 1377 1788 Verum
1434 1728 1593 1799 hac,
1644 1733 1713 1787 ut
1751 1730 1885 1805 jam
1915 1727 2158 1805 pridem
2192 1727 2591 1786 observatum
2629 1728 2765 1799 fuit,
2798 1728 3150 1789 adulterata
3180 1737 3327 1789 sunt
3358 1746 3372 1789 :
3409 1738 3493 1801 et,
3529 1737 3600 1792 ut

176 1811 357 1872 aiunt
388 1810 584 1871 nostri
618 1810 679 1868 in
715 1815 1033 1888 postrema
1066 1808 1393 1889 Augustini
1425 1808 1719 1889 editione,
1756 1808 1929 1866 nulla
1959 1814 2051 1867 est
2093 1807 2155 1865 in
2213 1807 2533 1889 codicibus
2589 1808 2937 1877 Athanasii,
2995 1811 3257 1887 ejusque
3314 1811 3597 1889 Symboli

185 1891 450 1952 mentio.
510 1887 783 1951 Affertur
834 1888 986 1949 item
1038 1888 1371 1948 concilium
1404 1905 1467 1949 Iv
1498 1888 1871 1948 'l‘oletanum
1905 1905 2069 1947 anno
2102 1890 2218 1947 673
2250 1887 2654 1957 celebratum,
2691 1888 2751 1946 in
2784 1890 2960 1965 cujus
2990 1891 3266 1967 capitulo
3301 1898 3321 1950 t
3362 1887 3601 1951 dicitur

182 1974 441 2033 Patrem
475 1990 510 2030 a
543 1970 716 2030 nullo
750 1971 1005 2035 factum,
1040 1974 1159 2029 etc.
1184 1970 1332 2040 Quae
1363 1967 1554 2028 verba
1586 1986 1661 2028 ex
1695 1968 1995 2046 Symbolo
2029 1967 2373 2047 Quicunque
2401 1976 2695 2046 excerpta
2728 1975 3049 2046 putantur.
3082 1975 3153 2031 Et
3180 1989 3323 2031 vero
3355 1978 3601 2033 constat

179 2052 320 2131 jam
338 2051 461 2112 ’illo
493 2070 625 2111 εξενο
656 2051 980 2111 Athanasii
1009 2050 1072 2109 in
1104 2048 1421 2109 nonnullis
1441 2049 1661 2108 saltem
1698 2049 1846 2108 locis
1882 2066 2103 2107 nomen
2140 2048 2505 2126 praetulisse.

266 2152 488 2210 Exstat
514 2149 677 2208 inter
707 2148 925 2207 lsidori
959 2146 1343 2225 Hispalensis
1362 2164 1555 2224 opera
1581 2145 1847 2223 epistola
1867 2146 1944 2203 ad
1976 2145 2332 2215 Claudium,
2367 2146 2471 2204 ubi
2502 2145 2826 2205 Athanasii
2858 2147 3227 2223 Symbolum
3290 2168 3601 2210 memora-

171 2236 299 2290 tur.
338 2234 417 2289 At
446 2247 704 2289 concors
734 2236 823 2287 est
856 2228 1137 2287 omnium
1176 2246 1335 2305 pene
1366 2228 1674 2286 sententia
1698 2244 1834 2285 eam
1860 2226 2189 2304 epistolam
2215 2243 2458 2285 necnon
2483 2226 2636 2284 alias
2661 2227 3005 2303 permultas
3027 2245 3064 2286 a
3087 2229 3334 2288 Breulio
3380 2230 3602 2291 lsidori

171 2311 435 2371 nomine
466 2310 840 2387 publicatas,
876 2326 1008 2367 esse
1040 2306 1497 2385 supposititias.

263 2406 507 2465 Certius
538 2405 797 2465 affertur
831 2404 1252 2463 testimonium
1287 2421 1360 2462 ex
1393 2401 1740 2462 canonibus
1770 2401 2187 2462 .Eduensihus
2219 2419 2255 2460 a
2283 2402 2615 2461 Sirmondo
2648 2401 2850 2473 editis,
2887 2402 2993 2481 qui
3026 2404 3104 2462 ad
3147 2423 3379 2464 annum
3437 2411 3596 2466 653

182 2489 548 2547 referuntur
597 2503 634 2545 a
681 2484 1061 2564 quibusdam
1120 2484 1258 2554 670,
1313 2482 1580 2564 abialiis
1644 2500 1788 2542 vero
1819 2485 1961 2564 Q73,
1996 2482 2099 2541 ubi
2132 2482 2220 2564 ita
2252 2482 2479 2564 legitur
2513 2500 2526 2540 z
2570 2482 2695 2564 «Si
2727 2483 2866 2560 quis
2898 2485 3240 2563 presbyter,
3275 2486 3600 2557 diaconus,

190 2590 219 2622 ι
253 2562 718 2638 subdiaconus;
765 2566 861 2624 vel
920 2564 1200 2635 clericus,
1254 2563 1647 2641 Symbolum,
1696 2562 1863 2640 quod
1896 2568 2114 2622 sancto
2146 2563 2489 2641 inspirante
2520 2563 2757 2640 Spiritu
2789 2564 3060 2641 apostoli
3090 2562 3507 2639 tradiderunt,
3541 2572 3604 2627 et

192 2671 225 2703 «
253 2648 445 2707 ﬁdem
474 2645 674 2706 sancti
709 2646 1033 2705 Athanasii
1066 2644 1350 2723 praesulis
1378 2642 2011 2721 irreprehensibiliter
2041 2661 2164 2702 non
2200 2643 2596 2714 recensuerit,
2633 2643 2712 2703 ab
2743 2645 3037 2723 episcopo
3069 2648 3540 2706 condemnetur.
3572 2669 3603 2704 »

272 2744 533 2821 Regino,
569 2743 676 2819 qui
705 2748 928 2802 octavo
960 2742 1191 2802 saeculo
1225 2741 1452 2811 ﬂoruit,
1492 2740 1650 2800 libro
1680 2757 1701 2800 1
1739 2764 1761 2792 ι
1802 2742 1889 2821 De
1916 2739 2336 2821 ecclesiastica
2364 2739 2719 2821 disciplina,
2754 2762 2783 2797 ι)
2823 2740 2955 2821 haec
2988 2742 3178 2802 habet
3212 2767 3239 2797 «
3277 2743 3340 2803 Si
3371 2762 3608 2803 sermo-

192 2846 224 2882 (ί
254 2819 400 2884 nem
431 2823 755 2884 Athanasii
784 2824 1063 2901 episcopi
1092 2823 1168 2881 de
1198 2822 1318 2881 fide
1349 2827 1581 2881 sanctae
1610 2820 1950 2895 Trinitatis,
2005 2819 2183 2897 cujus
2238 2820 2486 2879 initium
2546 2826 2639 2880 est
2692 2838 2704 2879 :
2763 2846 2793 2876 «
2839 2820 3181 2903 Quicunque
3227 2822 3350 2883 vult
3408 2822 3603 2884 salvus

218 2927 249 2964 α
274 2923 412 2975 esse,
451 2929 478 2960 ι
515 2904 875 2963 memoriter
906 2909 1174 2963 teneat.»

279 3003 493 3073 Hatto,
528 3001 861 3079 episcopus
893 2999 1281 3071 Basileensis,
1337 2998 1514 3075 cujus
1570 2998 1915 3076 capitulare
1963 2994 2297 3079 ASpiciiegii
2347 3003 2496 3057 tom.
2560 2999 2636 3057 IV
2695 2998 2890 3079 edidit
2945 2999 3285 3060 Dacherius
3344 3008 3602 3062 noster:

207 3106 237 3141 «ι
268 3084 528 3153 Quarto,
567 3077 688 3152 'ait,
738 3077 806 3139 ut
836 3080 988 3140 ﬁdes
1020 3080 1216 3140 sancti
1247 3080 1569 3139 Athanasii
1601 3098 1638 3138 a
1668 3077 2097 3138 sacerdotibus
2127 3077 2423 3147 discatur,
2459 3084 2521 3136 et
2550 3096 2622 3136 ex
2652 3078 2837 3138 corde
2869 3079 2967 3138 die
3000 3082 3324 3141 Dominico
3356 3082 3436 3140 ad
3466 3083 3604 3142 Pri-

208 3188 239 3218 «
275 3180 443 3222 mam
492 3163 786 3222 recitetur
816 3184 846 3215 »
886 3179 899 3220 :
927 3161 1172 3240 quimos
1204 3160 1516 3238 hodieque
1546 3158 1711 3236 viget
1739 3159 1802 3217 in
1836 3157 2130 3218 Ecclesia.

273 3258 530 3318 Accedit
587 3257 929 3336 annonymi
985 3256 1435 3328 testimonium,
1497 3255 1603 3333 qui
1645 3254 1760 3314 sub
1788 3254 2010 3336 Carolo
2039 3253 2542 3336 Magnovixit,‘a
2576 3253 2913 3314 Sirmondo
2946 3256 3208 3316 allatum
3241 3256 3300 3316 in
3339 3257 3499 3317 notis
3531 3257 3611 3317 ad

188 3338 681 3416 Tlieodulphum
718 3356 729 3396 :
775 3332 1113 3397 cIIncertus
1144 3343 1385 3410 auctor,
1418 3338 1504 3397 ait
1522 3332 1905 3416 Simian/tus,
1941 3352 2127 3416 quem
2154 3334 2447 3416 diximus,
2484 3332 2604 3394 hoc
2635 3336 2769 3413 ipso
2804 3342 2982 3396 utens
3016 3338 3371 3397 testimonio
3411 3356 3422 3397 :
3459 3340 3611 3399 Bea-

205 3443 235 3472 ‹‹
270 3425 393 3492 tus,
427 3412 645 3498 inquit,
685 3417 1066 3478 Athanasius
1096 3417 1157 3476 in
1191 3416 1583 3498 Expositione
1612 3412 1911 3498 catholica;
1940 3412 2101 3493 ﬁdei,
2136 3433 2327 3498 quam
2359 3414 2492 3491 ipse
2522 3412 2809 3498 egregius
2840 3416 3060 3477 doctor
3108 3418 3500 3496 conscripsit,
3551 3424 3614 3479 et

206 3522 237 3554 «
270 3516 461 3575 quam
499 3496 890 3558 “universalis
946 3496 1606 3567 conﬁtetur’Ecclesia,
1646 3496 2099 3573 processionem
2134 3496 2379 3572 Spritus
2410 3497 2607 3554 sancti
2633 3514 2669 3554 a
2700 3497 2882 3556 Patre
2912 3504 2973 3557 et
3004 3499 3158 3558 Filio
3190 3498 3489 3572 declarat,
3524 3501 3613 3559 ita

194 3602 224 3633 ι
262 3580 477 3638 dicens
515 3605 539 3633 ι
575 3597 587 3638 :
627 3604 655 3632 ‹‹
688 3578 874 3639 Pater
903 3596 940 3637 a
968 3577 1132 3637 nullo
1162 3587 1244 3637 est
1268 3578 1488 3657 fartus.
1529 3600 1555 3631 π
1591 3583 1709 3635 etc.

280 3676 451 3735 Idem
483 3675 959 3753 'l'heodulphus,
994 3675 1154 3734 libro
1189 3698 1215 3728 α
1251 3673 1775 3733 Testimoniorum
1809 3672 1886 3732 de
1917 3672 2151 3750 Spiritu
2181 3677 2396 3731 sancto
2429 3695 2456 3726 »
2496 3672 2573 3731 ad
2630 3674 2921 3734 Carolum
2981 3676 3296 3752 Magnum,
3351 3676 3608 3736 nomine

196 3756 529 3817 Athanasii
560 3757 741 3815 affert
770 3756 926 3815 illud
962 3773 975 3813 :
1016 3778 1046 3811 «
1081 3758 1264 3815 Pater
1294 3774 1330 3814 a
1356 3755 1530 3814 nullo
1563 3760 1657 3814 est
1684 3755 1905 3825 factus,
1940 3771 2052 3812 nec
2083 3761 2350 3821 creatus,
2386 3772 2498 3812 nec
2528 3755 2797 3831 genitus,
2829 3779 2857 3808 »
2885 3762 3028 3823 etc.,
3060 3774 3254 3832 usque
3284 3755 3363 3815 ad
3391 3773 3402 3814 :
3437 3780 3466 3810 «
3489 3756 3608 3827 Qui

198 3861 228 3891 ‹‹
264 3836 402 3895 vult
431 3854 579 3914 ergo
610 3836 819 3895 salvus
852 3854 1004 3895 esse.
1042 3857 1069 3891 »

287 3935 464 3993 Nono
495 3933 725 3992 saeculo
757 3932 1148 4010 Agobardus,
1183 3951 1220 3991 a
1249 3931 1325 3990 cl.
1361 3950 1417 3990 v.
1450 3930 1702 3990 Baluzio
1730 3929 1952 4001 editus,
1987 3948 2125 4007 cap.
2161 3931 2197 3988 3
2227 3930 2313 3988 sic
2346 3928 2537 3989 habet
2569 3947 2580 3986 :
2622 3955 2648 3984 α
2691 3933 2915 3990 Beatus
2969 3931 3347 3991 Athanasius
3403 3931 3492 3991 ait
3524 3956 3551 3988 »
3592 3950 3606 3992 :

196 4036 227 4069 α
268 4010 469 4073 Fidem
501 4011 852 4072 catholicam
886 4011 1002 4071 nisi
1031 4013 1160 4092 quis
1191 4014 1481 4089 integram
1512 4010 1971 4089 inviolatamque
1998 4011 2341 4079 servaverit,
2377 4010 2592 4089 absque
2620 4010 2797 4069 dubio
2828 4013 2888 4069 in
2919 4022 3196 4071 aeternum
3222 4011 3466 4091 peribit.
3506 4037 3534 4068 κ

287 4109 668 4170 Anscharius
694 4112 912 4170 eodem
947 4109 1198 4180 saeculo,
1232 4110 1389 4168 utin
1426 4110 1562 4167 Vita
1594 4108 1727 4184 ejus
1757 4107 1921 4185 apud
1953 4108 2205 4165 Petrum
2240 4106 2635 4167 Lambecium
2672 4109 2921 4184 legitur,
2956 4128 3095 4167 cum
3152 4111 3415 4170 instaret
3470 4111 3607 4170 obi-

190 4196 318 4264 tus,
354 4191 652 4268 praecepit
686 4197 752 4250 ut
783 4192 1006 4250 fratres
1036 4195 1332 4249 canerent
1362 4188 1547 4246 fidem
1583 4187 1962 4247 catholicam
1996 4205 2032 4244 a
2067 4188 2247 4245 beato
2281 4188 2624 4246 Athanasio
2656 4190 3098 4266 compositam.

284 4289 688 4360 Italramnus,
720 4288 1106 4349 Corbeiensis
1141 4285 1507 4356 monachus,
1543 4284 1701 4344 libro
1732 4302 1771 4344 ιι
1808 4307 1833 4339 α
1871 4289 2090 4344 contra
2120 4286 2473 4343 Graecorum
2532 4287 2821 4363 opposita
2881 4304 2895 4345 :
2956 4288 3182 4346 Beatus
3235 4287 3615 4347 Athanasius

195 4390 226 4423 ι
262 4368 723 4427 Alexandrinus
778 4369 1129 4445 episcopus,
1192 4366 1297 4437 ait,
1365 4366 1563 4424 multa
1593 4370 1852 4443 propter
1882 4365 2209 4423 catholicae
2246 4364 2386 4423 ﬁdei
2418 4368 2834 4425 constantiam
2869 4366 2947 4425 ab
2977 4368 3220 4426 Arianis
3256 4386 3609 4445 perpessus,

196 4473 226 4502 ‹‹
262 4449 625 4525 frequenter
654 4451 841 4508 etiam
876 4449 1093 4507 exsilio
1125 4464 1340 4507 eorum
1372 4446 1643 4506 factione
1676 4447 1909 4523 pulsus.
1941 4446 2083 4503 etin
2108 4447 2360 4503 Nicasna
2392 4447 2631 4521 synodo
2659 4448 2952 4523 episcopo
2984 4466 3097 4507 suo
3130 4447 3315 4506 beato
3348 4448 3612 4507 Alexan-

198 4552 228 4583 ‹‹
264 4528 378 4587 dro
412 4528 711 4587 diaconus
743 4531 1055 4596 assistens,
1089 4529 1386 4587 adversus
1417 4526 1734 4585 vesaniam
1769 4525 1895 4584 Arii
1927 4525 2330 4600 singulariter
2358 4525 2694 4600 dimicans;
2735 4528 2795 4585 in
2832 4526 3042 4585 libello
3096 4527 3182 4586 De
3224 4527 3359 4605 ﬁde,
3425 4547 3608 4603 quem

197 4632 227 4663 α
267 4608 483 4679 edidit,
546 4616 609 4667 et
665 4610 956 4667 omnibus
1012 4608 1349 4667 Gatholicis
1408 4608 1735 4683 pmposuit
1796 4606 2154 4675 tenendum,
2192 4606 2353 4663 inter
2384 4616 2610 4664 caetera
2643 4608 2727 4665 sic
2761 4609 2904 4665 ait»
2946 4624 2957 4664 :
3000 4631 3029 4661 «
3061 4606 3245 4666 Pater
3273 4626 3308 4667 a
3338 4606 3500 4666 nullo
3531 4617 3612 4667 est

199 4688 421 4827 fagus,
457 4707 558 4827 ne;
584 4698 833 4761 creatus,
862 4688 961 4747 sed
990 4689 1242 4766 genitus.
1281 4688 1547 4765 Spiritus
1576 4695 1803 4745 sanctus
1832 4704 1866 4745 a
1896 4683 2082 4744 Patre
2111 4695 2165 4742 et
2190 4683 2371 4752 Filio,
2399 4705 2513 4742 non
2543 4686 2758 4762 factus,
2793 4707 2910 4745 non
2940 4696 3191 4762 creatus,
3225 4707 3336 4746 non
3359 4689 3611 4766 genitus,

199 4787 253 4827 se
337 4787 507 4827 prece
551 4787 670 4827 ens.
705 4790 733 4825 ι)

192 4787 296 4827 sea
332 4787 670 4845 procedens.
705 4790 733 4825 ι)

280 4867 532 4934 Ᾱῐηεειε,
594 4866 955 4926 Parisiensis
1013 4864 1364 4942 episcopus,
1428 4863 1650 4921 librum
1685 4881 1864 4922 suum
1898 4860 2173 4921 adversus
2207 4860 2436 4922 GréBCOs‘
2472 4863 2563 4922 his
2595 4864 2958 4941 auspicatur
2989 4864 3189 4924 verbis
3225 4882 3238 4923 :
3276 4888 3307 4919 «
3342 4867 3613 4926 Sanctus

205 4965 235 5002 σ
268 4945 671 5018 Athanasius,
706 4948 868 5005 sedis
903 4944 1340 5005 Alexandrinae
1371 4943 1725 5021 episcopus,
1760 4945 1989 5003 Grazcae
2024 4942 2253 5019 linguae
2287 4943 2881 5019 esperientissimus,
2923 4945 3026 5003 ubi
3088 4947 3308 5004 beatus
3366 4948 3618 5005 Marcus

207 5049 238 5079 (ί
272 5028 657 5102 evangelista
709 5026 1021 5105 praesedit,
1059 5048 1085 5081 ι)
1123 5031 1240 5083 etc.
1302 5023 1557 5105 Exinde
1602 5041 1745 5083 vero
1792 5022 2233 5105 novemdecim
2297 5023 2573 5105 capitula
2620 5043 2689 5082 ex
2726 5026 2942 5084 eodem
2978 5025 3320 5084 Athanasio
3353 5025 3614 5105 profert,

194 5101 467 5184 quorum
502 5101 886 5185 postremum
922 5107 1009 5165 ita
1044 5105 1231 5163 habet
1264 5120 1276 5159 ε
1314 5102 1458 5162 Item
1495 5103 1645 5162 idem
1675 5106 1735 5162 in
1763 5102 1881 5182 ﬁde
1910 5101 2199 5185 catholica
2222 5122 2243 5162 .·
2272 5126 2296 5153 (ί
2333 5101 2490 5180 quod
2517 5104 2781 5183 Spiritus
2809 5115 3043 5165 sanctus
3065 5123 3100 5164 a
3126 5105 3305 5165 Patre
3328 5101 3620 5185 procedat

201 5194 259 5245 et
287 5204 321 5245 α
352 5185 534 5246 Filio.
575 5186 759 5247 Pater
783 5207 819 5247 a
848 5185 1014 5245 nui/0
1045 5194 1124 5243 est
1151 5185 1370 5263 factus,
1404 5202 1509 5242 nec
1538 5193 1789 5255 creatus,
1822 5198 1922 5241 nec
1948 5184 2198 5261 genitus,
2238 5206 2266 5236 »
2306 5190 2424 5242 etc.

280 5282 653 5343 Hincmarus
701 5283 1043 5355 Remensis,
1078 5299 1243 5340 nono
1274 5280 1420 5339 item
1454 5280 1945 5361 saeculo,primo
1977 5278 2252 5357 capitulo
2285 5279 2369 5361 ita
2398 5279 2677 5361 loquitur
2712 5298 2724 5361 ξ
2764 5306 2790 5336 ‹‹
2830 5284 2909 5344 Ut
2968 5280 3315 5361 presbyteri
3370 5278 3617 5339 discant

206 5386 236 5419 «
271 5364 729 5441 expositionem
787 5361 1069 5443 Symboli
1123 5367 1183 5421 et
1213 5360 1524 5422 Orationis
1555 5360 1918 5435 Dominicm,
1954 5369 2087 5432 etc.,
2120 5377 2261 5419 cum
2295 5359 2595 5437 Symbolo
2628 5359 3085 5423 Athanasii...“
3122 5359 3363 5421 necnon
3393 5364 3455 5419 et
3484 5376 3614 5418 ser-

269 5602 315 5639 θι
351 5602 505 5659 Psal.
541 5621 668 5677 cxx,
701 5606 754 5660 6.
