4002 6206
432 294 581 360 1571
1565 296 1633 355 S.
1677 286 2206 353 ATHANASIUS.
2247 317 2316 331 --
2348 287 2656 350 SPURIA.
3649 296 3768 355 l572

442 456 472 488 «
506 447 753 489 monem
785 427 1110 488 Athanasii
1140 426 1209 487 de
1238 425 1401 495 Fide,
1438 425 1617 503 cujus
1646 425 1892 485 initium
1917 430 2009 482 est
2044 441 2056 481 :
2093 418 2665 506 _«_()uicunque_pult
2712 420 2909 506 salvus
2964 440 3099 495 esse,
3134 446 3161 474 ι)
3202 422 3509 484 memoria
3565 427 3769 506 quisque

438 534 465 566 α
502 510 926 581 commendet,
958 516 1020 569 et
1048 525 1296 567 sensum
1327 506 1495 567 illius
1514 500 1858 583 intelligat,
1890 509 1951 564 et
1980 501 2189 583 verbis
2218 500 2657 583 communibus
2687 503 3015 562 enuntiare
3044 511 3255 581 queat.
3296 526 3321 557 ι

518 589 872 661 Ratherius,
909 588 1293 649 Leodivensis
1323 588 1674 665 episcopus,
1702 581 1790 646 ita
1820 585 2100 665 loquitur
2128 582 2192 665 in
2218 581 2669 665 admonitione
2710 582 2995 665 synodali
3030 606 3059 637 «
3090 583 3156 665 Si
3216 589 3573 665 Sermonem
3628 586 3772 646 Atha-

442 695 471 728 «
504 671 663 731 nasii
720 669 995 748 episcopi
1043 670 1121 728 de
1155 669 1302 729 Fide
1332 661 1563 728 sancta
1612 661 2116 741 Trinitatiscujus
2145 662 2393 721 initium
2418 668 2530 722 est:
2568 684 2595 716 α
2630 661 2969 742 Quicunque
2999 662 3123 722 vult
3148 662 3342 723 salvus
3368 682 3502 735 esse,
3533 690 3559 720 ι
3593 685 3773 728 inemo.

440 776 472 810 α
504 753 654 811 riter
684 756 912 810 teneat.
950 773 979 804 »

513 831 691 893 Abbo
748 828 1155 890 Floriacensis
1205 827 1267 887 in
1321 825 1626 908 Apologia
1677 826 1756 885 ad
1811 828 2197 908 Francorum
2248 838 2425 908 reges
2456 822 2779 908 H_ug_ouem
2814 828 2875 908 et
2908 822 3244 908 ltobertum
3282 842 3365 908 :__<g
3399 825 3777 908 Fidemgquam

440 936 470 969 «
502 909 960 972 alternantibus
989 908 1197 969 choris
1228 913 1288 968 et
1316 902 1389 967 in'
1413 902 1676 968 Francia
1697 912 1755 966 et
1779 905 1947 984 apud
1982 903 2330 984 Anglorum
2367 902 2703 984 Ecclesiam
2734 902 2963 984 variari
2993 903 3237 975 audivi;
3263 905 3369 966 alii
3399 906 3561 966 enim
3591 902 3779 979 dicunt,

435 1016 463 1048 κ
499 1000 567 1052 ut
598 992 891 1063 arbitror,
921 989 1263 1050 secundum
1293 987 1705 1048 Athanasium
1738 1010 1766 1042 »
1809 982 1838 1045 ἵ
1863 1010 1892 1042 ‹‹
1927 983 2195 1063 Spiritus
2222 990 2454 1043 sanctus
2482 1001 2519 1043 a
2550 982 2738 1043 Putre
2765 992 2820 1042 et
2842 982 3022 1056 Filio,
3049 1004 3164 1044 non
3192 986 3404 1065 factus,
3442 1006 3553 1045 non
3578 1000 3777 1059 matus,

434 1073 537 1133 sed
561 1070 898 1133 procedens.

514 1092 533 1132 1
604 1092 898 1131 recedens.

514 1092 756 1213 Simulo
786 1149 1117 1210 undecimo
1148 1147 1412 1219 Gualdo,
1445 1147 1789 1208 monachus
1820 1142 2227 1215 Corbeiensis,
2264 1142 2374 1221 qui
2417 1142 2605 1204 Vitam
2636 1142 2962 1205 Anscharii
2992 1144 3266 1205 carmine
3306 1147 3659 1226 conscripsit
3686 1149 3781 1207 edi~

433 1238 563 1295 tam
601 1252 638 1294 a
668 1231 1021 1305 Lambecio,
1058 1230 1193 1289 hac
1223 1230 1298 1288 de
1327 1227 1630 1306 Symbolo
1662 1228 1851 1287 habet
1886 1244 1900 1285 :

723 1388 753 1421 «
785 1364 1301 1443 Catholicamque
1329 1362 1514 1423 ﬁdem
1548 1381 1737 1441 quam
1769 1360 2192 1439 composuisse
2222 1359 2466 1420 beatus.
2499 1384 2529 1415 »

716 1470 745 1501 κ
780 1449 1003 1506 Fertur
1034 1444 1435 1505 Athanasius.
1472 1466 1503 1501 »

512 1582 678 1644 Otho
706 1588 917 1641 autem
950 1579 1359 1657 Frisingensis
1378 1579 1466 1640 ita
1488 1578 1769 1657 loquitur
1794 1596 1807 1637 :
1839 1601 1868 1633 (ι
1895 1576 2274 1657 Athanasius
2308 1593 2566 1657 manens
2587 1575 2652 1635 in
2675 1575 2954 1637 Ecclesia
2984 1578 3395 1637 Treverorum
3427 1576 3542 1637 sub
3572 1577 3788 1638 Maximo

437 1688 467 1720 «
498 1664 633 1741 ejus
665 1662 953 1723 Ecclesia
984 1655 1277 1739 episcopo
1313 1678 1325 1718 :
1368 1683 1396 1715 (ι
1434 1655 1780 1739 Quicunque
1808 1656 2021 1741 vah,»
2056 1667 2192 1741 etcf,
2226 1676 2264 1717 a
2297 1655 2677 1741 quibusdam
2709 1657 2938 1716 dicitur
2965 1656 3253 1741 edidisse.

509 1735 774 1804 Infinita
806 1758 964 1821 pene
992 1735 1215 1818 o'pera'
1231 1746 1392 1801 esset
1422 1735 1691 1801 cateros
1707 1738 2019 1821 sequioris
2051 1737 2167 1797 avi
2198 1737 2536 1815 scriptores
2565 1754 2884 1821 recensere
2916 1736 3021 1814 qui
3071 1737 3447 1821 Symbolum
3501 1735 3790 1821 Quicunque

431 1824 753 1885 ascribunt
806 1818 1190 1892 Athanasio;
1252 1838 1519 1899 quorum
1580 1819 1965 1899 testimonia,
2013 1824 2501 1899 quantacunque
2532 1818 2895 1899 atferentur,
2930 1819 3104 1895 parvi
3140 1825 3248 1878 aut
3278 1818 3789 1899 nulliusmomenti

430 1911 576 1965 sunt
597 1904 673 1963 ad
705 1902 861 1962 illud
888 1901 1233 1962 Athanasio
1264 1896 1707 1960 vindicandum
1741 1900 1837 1959 vel
1867 1898 2385 1976 abjudicandum.
2412 1896 2698 1973 Adjicere
2731 1915 2851 1956 non
2884 1900 3095 1976 pigeat
3128 1916 3250 1958 non
3282 1898 3489 1957 visum
3522 1897 3789 1961 hactenus

428 1985 616 2045 fuisse
648 1986 1006 2042 Gracorum
1040 1981 1378 2060 quodpiam
1416 1986 1916 2049 monumentum,
1951 1984 2189 2060 certum
2213 1978 2461 2060 scilicet
2480 1995 2564 2060 ac
2620 1977 3071 2060 indubitatum,
3130 1997 3255 2060 quo
3314 1977 3399 2038 ab
3464 1979 3631 2037 annis
3679 1977 3784 2057 plus

428 2064 785 2143 quingentis
843 2056 1097 2143 notum-7
1124 2056 1409 2121 Ecclesia
1469 2064 1697 2143 Graeca
1756 2061 1940 2143 fuisse
1972 2056 2719 2143 Symboiumouicunque
2751 2058 2944 2143 possit
2974 2059 3394 2143 comprobari.
3431 2060 3614 2119 Graci
3642 2056 3787 2143 pom

431 2138 738 2223 sequioris
802 2144 941 2215 avi,
973 2142 1206 2203 Latinis
1238 2162 1313 2201 ex
1346 2141 1626 2220 Symboli
1658 2140 2028 2223 auctoritate
2057 2157 2168 2223 pro
2199 2138 2465 2223 Spiritus
2492 2138 2690 2223 sancti
2747 2157 2823 2223 ex
2869 2141 3051 2223 Patre
3106 2139 3390 2223 Filioque
3451 2141 3789 2217 processione

427 2218 901 2302 comprobanda
936 2223 1321 2299 urgentibus,
1356 2218 1451 2280 vel
1484 2229 1796 2302 negarunt
1825 2220 2153 2279 Athanasii
2182 2219 2461 2302 esse,_vel
2491 2218 2843 2302 inconsulte
2875 2219 3303 2302 Symboluma
3323 2228 3543 2279 sancto
3573 2223 3785 2302 Doctore

429 2297 851 2383 compositum
883 2297 1069 2361 fuisse
1101 2302 1385 2383 confessi,
1424 2301 1773 2383 addititiam
1808 2320 1939 2383 esse
1970 2318 2206 2383 vocem,
2240 2297 2506 2383 etAleio,
2546 2318 2695 2383 non
2729 2299 2933 2383 minus
2989 2300 3455 2383 inconsiderate
3477 2300 3789 2383 commenti

428 2379 598 2458 sunt,
657 2402 797 2444 cum
857 2387 1099 2443 constet
1150 2382 1213 2441 in
1270 2382 1562 2443 omnibus
1618 2380 1853 2441 Latinis
1890 2380 2207 2440 codicibus
2238 2379 2425 2439 etiam
2457 2379 2920 2456 antiquioribus
2949 2382 3058 2458 qui
3088 2381 3168 2440 ab
3190 2382 3370 2441 annis
3405 2380 3570 2439 mille
3598 2379 3787 2439 exarati

427 2472 594 2535 sunt,
629 2482 765 2524 eam
802 2463 1017 2523 haberi
1046 2480 1285 2523 vocem.
1321 2462 1438 2522 Alii
1470 2468 1679 2521 autem
1715 2460 2143 2539 impudentius
2169 2459 2541 2519 effutiebant
2568 2461 3007 2531 Athanasium,
3043 2478 3184 2519 cum
3218 2461 3280 2520 id
3339 2461 3551 2538 operis
3598 2460 3782 2529 ederet,

428 2545 668 2606 ebrium
702 2542 913 2613 fuisse,
949 2561 1106 2621 quos
1136 2542 1225 2603 ita
1254 2542 1457 2621 carpit
1487 2541 1843 2602 Gennadius
1875 2559 2008 2617 cap.

2235 2540 2475 2619 Spiritu
2504 2548 2705 2599 sancto
2738 2560 2760 2600 .'
2793 2543 2910 2621 ΟὖξιιΔ
2960 2542 3231 2621 αἶδοῦντᾳι
3279 2542 3479 2621 λέγιμν,
3535 2546 3600 2605 ὡς
3671 2544 3785 2621 ἱερὸς

427 2632 740 2690 Ἀθανάσῑος
776 2618 1022 2704 μέθᾳσοξ,
1057 2626 1290 2704 καὶμὸτε
1316 2618 1462 2682 τάῦτ⁹
1496 2625 1966 2704 Eypacps,_1thjpm
1994 2631 2007 2679 1'

2205 2648 2263 2680 πυ.
2283 2618 2331 2675 ia
2363 2622 2499 2681 Non
2530 2625 2823 2680 verentur
2853 2618 3061 2681 dicere
3116 2618 3537 2680 Athanasium
3590 2618 3785 2679 ebriam

436 2729 465 2762 «
498 2704 686 2766 fuisse
718 2721 859 2763 cum
894 2703 1029 2763 hac
1058 2702 1379 2776 scriberet,
1414 2709 1476 2763 et
1505 2702 1945 2781 vini'plenum.
1986 2724 2013 2756 ιι

1207 2953 1280 3013 ll.
1317 2948 1408 3011 De
1435 2948 1730 3011 codicubus
1762 2950 1821 3010 τή
1851 2949 2057 3030 quibus
2086 2957 2273 3011 exstat
2307 2946 2657 3029 Symbolum
2687 2946 3076 3025 Quicunque.

511 3141 807 3203 Codicum
868 3139 1146 3201 omnium
1208 3139 1314 3218 qui
1373 3140 1675 3200 hactenus
1731 3139 1845 3199 visi
1889 3138 2341 3216 memoratique
2371 3142 2539 3208 sunt,
2563 3136 3046 3218 antiquissimus
3076 3139 3180 3199 ille
3211 3144 3303 3200 est
3333 3139 3448 3217 qui
3480 3139 3557 3199 ab
3586 3138 3785 3201 Usserio

429 3222 749 3293 laudatur,
782 3240 914 3280 avo
945 3216 1457 3298 Gregorii—Magni
1486 3220 1896 3299 conscriptus,
1929 3220 1979 3279 si
2011 3226 2219 3279 tamen
2251 3237 2326 3278 ea
2353 3235 2497 3277 vere
2526 3217 2606 3299 sit
2634 3216 2770 3295 ejus
2819 3220 3224 3298 manuscripti
3252 3226 3406 3279 atas
3444 3238 3457 3278 :
3492 3238 3627 3279 nam
3654 3218 3788 3277 addit

432 3301 719 3363 Usserius
761 3302 1134 3379 scripturam
1168 3320 1300 3380 avo
1332 3301 1610 3380 Gregorii
1641 3300 1825 3377 longe
1854 3318 1985 3360 esse
2016 3300 2445 3377 posteriorem.
2466 3298 2574 3357 Hic
2598 3298 2840 3359 nullum
2875 3300 3204 3380 pramittit
3232 3300 3555 3378 scriptoris
3583 3316 3785 3363 nomen.

430 3382 539 3442 sed
571 3381 772 3440 solum
804 3380 1183 3449 inscribitur,
1218 3379 1395 3440 Fides
1423 3380 1738 3441 catholica.

507 3465 673 3520 654
732 3462 1093 3537 Nongentos
1150 3467 1403 3538 superat
1458 3479 1655 3520 annos
1711 3459 2105 3521 Colbertinus
2163 3458 2361 3518 codex
2414 3459 2554 3529 784,
2593 3459 2917 3519 Saxonicis
2943 3461 3291 3539 descriptus
3325 3459 3566 3528 litteris,
3598 3466 3652 3519 et
3686 3476 3789 3517 mea

428 3541 681 3619 quidem
715 3540 1022 3600 sententia
1053 3546 1195 3599 ante
1228 3546 1474 3600 atatem
1508 3541 1713 3600 Caroli
1745 3541 1951 3617 Magni
1984 3540 2206 3599 editus.
2243 3539 2352 3599 Hic
2381 3539 2793 3619 mediaparte
2842 3539 2919 3598 ab
2976 3540 3153 3600 initio
3215 3541 3476 3601 mutilus
3530 3545 3636 3611 est,
3689 3557 3785 3597 non

428 3618 764 3681 amissione
823 3621 954 3680 folii
1009 3619 1381 3699 cujuspiam,
1443 3620 1551 3680 sed
1611 3621 1757 3698 quia
1816 3620 2105 3679 librarius
2161 3618 2270 3699 qui
2312 3618 2661 3697 exscripsit,
2696 3638 2761 3678 se
2791 3620 2878 3679 ita
2910 3620 3195 3680 mutilum
3227 3621 3504 3681 Treviris
3536 3620 3787 3699 reperisse

432 3707 720 3773 testatur,
754 3700 927 3761 nullo
958 3698 1284 3760 enuntiato
1317 3702 1589 3761 auctoris
1620 3700 1894 3760 nomine.
1930 3698 2356 3772 Quamobrum
2391 3717 2513 3757 non
2570 3718 2684 3757 sua
2742 3700 2926 3759 modo
2985 3708 3168 3761 atate
3226 3701 3494 3761 eximius
3548 3706 3650 3771 est,
3700 3698 3783 3757 sed

430 3781 617 3842 etiam
680 3781 828 3859 quia
883 3801 955 3841 ex
1006 3780 1358 3859 antiquiore
1386 3780 1732 3857 descriptus
1763 3781 1978 3840 fertur.
2015 3781 2173 3840 Sunt
2204 3779 2311 3856 qui
2343 3779 2623 3838 codicem
2652 3780 2827 3839 illum
2864 3783 3017 3841 1100
3047 3800 3356 3841 annorum
3390 3800 3524 3842 esse
3552 3781 3783 3841 afﬁrma-

430 3867 600 3922 runt.
634 3861 862 3921 Verum
900 3861 1079 3939 periti
1111 3861 1344 3939 quique
1393 3880 1525 3921 avo
1558 3862 1803 3920 circiter
1837 3860 2040 3938 Pipini
2071 3865 2394 3919 exaratum
2430 3859 2836 3919 arbitrantur.

511 3940 684 4001 Paris
715 3941 933 4001 saltem
968 3942 1356 4019 antiquitatis
1386 3948 1475 4000 est
1509 3941 2066 4018 Sangermanensis
2096 3946 2306 3999 noster
2335 3958 2508 3998 num.
2543 3941 2682 4009 257,
2718 3940 3041 4001 Saxonicis
3071 3941 3305 4019 pariter
3336 3940 3556 4001 litteris
3605 3956 3781 3999 exara-

429 4026 553 4092 tus,
587 4020 694 4099 qui
723 4021 973 4081 titulum
1007 4021 1197 4081 habet
1231 4039 1243 4079 :
1287 4043 1314 4078 ‹‹
1350 4022 1530 4081 Fides
1562 4022 1759 4081 sancti
1790 4019 2115 4080 Athanasii
2146 4020 2421 4097 episcopi
2458 4019 2877 4079 Alexandria.

514 4102 741 4179 Regius
771 4101 968 4161 codex
1000 4119 1175 4162 num.
1207 4102 1385 4171 4908,
1420 4120 1729 4161 annorum
1766 4119 1920 4178 pene
1951 4107 2437 4179 nongentorum,
2472 4099 2712 4159 nullum
2746 4099 2938 4161 habet
2967 4100 3249 4171 titulum,
3284 4099 3645 4176 nullumque
3671 4114 3783 4158 anc-

430 4181 585 4241 toris
613 4200 863 4241 nomen.
896 4181 1177 4258 quualis
1206 4180 1325 4259 ipsi
1355 4188 1467 4252 est,
1504 4182 1612 4260 qui
1672 4188 2056 4241 memoratur
2105 4200 2143 4241 a
2188 4180 2549 4247 Lambecio,
2610 4187 2907 4259 extatque
2964 4181 3028 4240 in
3088 4180 3481 4241 Bibliotheca
3535 4182 3781 4245 Casam,

430 4260 634 4401 garoli
664 4261 873 4339 Magni
896 4260 1076 4339 jussu
1106 4261 1521 4340 conscriptus,
1556 4260 1735 4339 cujus
1766 4262 1983 4322 titulus
2014 4262 2101 4321 sic
2129 4260 2322 4323 habet
2355 4278 2369 4319 :
2411 4284 2442 4317 «
2466 4260 2648 4321 Fides
2678 4261 2877 4322 sancti
2913 4260 3240 4321 Athanasii
3269 4261 3550 4340 episcopi
3576 4260 3788 4320 Alexsno

490 4360 631 4401 nni.
667 4366 697 4395 »
3014 4358 3022 4365 .

490 4360 631 4401 “nl.
667 4366 697 4395 ))
3014 4358 3022 4365 .

520 4420 873 4560 ξοπιες]Χῖ
897 4420 976 4480 ab
1009 4420 1255 4560 Ujserio
1299 4420 1527 4481 dicitur
1583 4420 1770 4481 fuisse
1801 4420 2180 4482 [Ethelstani
2208 4421 2551 4500 Anglorum
2587 4418 2771 4497 regis,
2801 4420 2890 4481 ita
2914 4419 3271 4481 inscribitur
3307 4438 3321 4480 :
3358 4445 3387 4476 «
3422 4422 3597 4481 Fides
3636 4416 3787 4479 sancti

567 4519 767 4560 anasu
881 4520 1042 4560 exan
1094 4519 1234 4560 rim.

433 4501 767 4561 Athanasii
799 4501 1234 4562 Alexandrini.

511 4581 906 4641 Colbertinus
937 4600 1084 4641 num
1144 4583 1320 4651 1339,
1355 4580 1459 4657 qui
1491 4580 1607 4640 fuit
1635 4581 1837 4640 Caroli
1868 4581 2042 4641 Calvi
2072 4580 2493 4660 imperatoris,
2525 4578 2885 4660 inscribitur
2920 4598 2934 4639 :
2975 4602 3005 4638 ιι
3041 4579 3221 4640 Fides
3250 4580 3594 4640 Athanasii.
3629 4604 3654 4632 ι

512 4663 580 4720 In
610 4661 733 4720 alio
764 4662 1287 4739 Sangermanensi
1319 4654 1436 4718 700
1457 4661 1701 4720 circiter
1730 4679 2061 4735 annorum,
2099 4654 2251 4722 et_in
2283 4664 2467 4722 tertio
2499 4659 2782 4738 ejusdem
2819 4660 3206 4733 monasterii,
3234 4662 3499 4720 multum
3532 4654 3786 4738 sequioris

436 4742 575 4812 avi,
611 4741 981 4819 Symbolum
1014 4742 1168 4800 nihil
1200 4742 1327 4801 fere
1353 4742 1667 4818 discrepat
1698 4743 1778 4800 ab
1809 4743 2010 4801 editis.

517 4818 684 4880 Duos
714 4840 965 4899 quoque
996 4822 1263 4881 vidimus
1293 4821 1537 4881 codices
1566 4824 1630 4879 in
1662 4822 1947 4882 coenobio
1976 4821 2187 4882 Sancti
2216 4820 2588 4882 Theoderici
2620 4837 2816 4897 prope
2852 4824 3099 4893 Remos,
3126 4821 3187 4880 in
3212 4821 3442 4900 quibus
3470 4818 3782 4900 Symbolum

439 4897 784 4979 Quicunque
818 4897 975 4960 nihil
1006 4901 1200 4961 ferme
1231 4902 1439 4960 differt
1470 4901 1549 4961 ab
1582 4901 1786 4961 editis.

519 4977 738 5039 Exstat
767 4981 911 5039 item
950 4981 1065 5040 hoc
1095 4982 1462 5058 Symbolum
1494 4982 1555 5040 in
1592 4982 1804 5041 codice
1834 4981 2193 5043 Colbertino
2225 5000 2399 5042 num.
2448 4981 2603 5041 3133
2655 4978 2829 5039 nullo
2888 4981 3123 5058 pravio
3180 4981 3501 5059 scriptoris
3558 4977 3781 5059 nomine.

436 5076 745 5141 annorum
804 5060 1047 5119 circiter
1104 5056 1244 5119 600.
1297 5064 1341 5121 E
1392 5061 1646 5139 regione
1703 5081 1849 5122 vero
1907 5063 2261 5141 conscripta
2291 5062 2523 5139 legitur
2554 5060 2833 5138 ejusdem
2867 5056 3069 5121 atatis
3100 5056 3337 5123 Gallica
3367 5062 3583 5131 versio,
3615 5060 3667 5141 in
3694 5056 3782 5115 ﬁne

438 5138 683 5222 mutila,
717 5158 904 5217 quam
937 5158 1050 5222 nos
1078 5140 1382 5222 edendam
1416 5138 1730 5202 duximus.
1766 5143 1915 5219 Ejus
1944 5142 2125 5203 nobis
2154 5138 2400 5222 copiam
2432 5141 2576 5202 fecit
2605 5158 2846 5218 suaque
2896 5160 3083 5203 manu
3141 5149 3463 5203 exaratam
3518 5140 3673 5201 dedit
3716 5140 3782 5193 vir

438 5218 822 5280 clarissimus
852 5219 1155 5295 nobisque
1185 5221 1599 5280 amicissimus
1628 5218 1938 5283 Baluzius.

516 5298 990 5381 Aliushabetur
1014 5299 1214 5381 codex
1240 5300 1303 5358 in
1334 5301 1720 5361 Bibliotheca
1754 5306 1877 5362 RR.
1919 5304 2032 5361 PP.
2068 5305 2355 5363 Fratrum
2388 5302 2724 5371 minorum,
2755 5298 2837 5359 ab
2870 5303 3050 5362 annis
3080 5301 3550 5381 quadringentis
3605 5311 3777 5381 exara-

432 5382 554 5465 tus,
615 5380 723 5439 ubi
772 5378 1141 5465 Symbolum
1197 5385 1399 5465 emetat
1433 5381 1648 5465 Latine
1679 5398 1819 5465 cum
1854 5383 2134 5465 versione
2155 5383 2403 5465 AGallica
2432 5402 2465 5443 e
2495 5383 2749 5465 regione
2776 5375 3236 5465 παραφραοξτῖκῷς
3268 5375 3584 5465 adornata.
3616 5375 3775 5465 Codex

437 5464 646 5519 autem
679 5466 771 5520 est
801 5455 1169 5520 Psalterium
1200 5460 1348 5520 olim
1382 5460 1457 5519 ad
1495 5478 1676 5520 usum
1704 5462 2102 5522 dominarum
2134 5463 2212 5522 de
2246 5463 2539 5537 Brebant,
2568 5455 2642 5523 ut
2683 5455 3001 5524 indicatur
3056 5462 3120 5522 in
3179 5463 3383 5522 fronte
3442 5460 3595 5528 libri,
3650 5455 3773 5515 hisce

437 5537 1040 5622 verbisArecentiore
1095 5557 1287 5622 manu
1334 5541 1702 5622 conscriptis
1734 5558 1747 5600 :
1790 5565 1818 5597 ‹‹
1847 5542 1927 5601 Ge
1958 5543 2239 5603 Psautier
2267 5544 2373 5622 qui
2404 5550 2498 5605 est
2525 5536 2603 5605 en
2636 5544 2812 5605 Latin
2842 5548 2905 5603 et
2923 5562 2996 5603 en
3031 5543 3326 5619 Frencois
3341 5548 3430 5604 est
3459 5560 3534 5602 au
3563 5536 3771 5622 cautem

448 5636 480 5675 α
511 5616 617 5678 des
648 5618 905 5682 Sereurs
936 5621 1220 5684 Meneurs
1250 5620 1327 5682 de
1356 5616 1793 5702 Longchamp,
1825 5627 1889 5683 et
1918 5623 1983 5683 fu
2014 5641 2141 5685 aux
2167 5616 2395 5685 Dames
2425 5624 2502 5686 de
2532 5622 2828 5687 Brebant.
2863 5646 2894 5680 »
2929 5626 3162 5687 Earum
3191 5616 3419 5687 nomen
3463 5626 3608 5691 erat,
3650 5616 3770 5679 Ilur-
