4002 6206
225 323 379 384 1573
1147 314 1519 381 DIATRIBE
1566 316 1643 378 IN
1691 318 1805 379 SYl

2053 316 2127 377 [Μ
2180 316 2695 394 QUICUNQUE.
3478 325 3633 383 4574

221 456 427 535 garita
474 460 534 515 et
579 455 843 536 Joanna,
901 471 1168 536 quarum
1201 459 1380 532 pater
1411 452 1790 536 Godefridus
1813 451 1889 536 de
1921 453 2196 536 Bgrebant
2227 455 2418 536 frater
2445 460 2580 513 erat
2610 454 2815 514 Maria
2848 454 3135 533 conjugis
3164 456 3328 533 regis
3355 455 3636 536 Philippi

226 531 521 599 Audacis.
557 537 625 595 In
661 531 1024 612 hujusmodi
1057 531 1292 607 codice,
1330 533 1495 613 quod
1530 551 1639 612 per
1689 531 1843 614 mihi
1895 532 2121 592 mirum
2184 535 2380 593 visum
2442 542 2555 605 est,
2619 536 2835 594 Latino
2894 531 3196 614 symbolo
3243 531 3355 595 hic
3417 531 3635 597 titulus

274 617 673 678 ramittitur:
731 636 759 671 α
816 615 1141 675 Canticum
1199 614 1515 675 Bonefacii
1547 636 1577 668 »
1637 630 1651 670 ε
1705 613 1768 672 in
1801 613 2004 694 fronte
2036 620 2243 673 autem
2281 614 2532 673 Gallica
2563 615 2862 674 versionis
2894 633 2926 674 e
2976 618 3230 694 regione
3283 618 3637 678 istiusmodi

250 700 456 773 egitur
484 696 806 773 inscriptio
842 713 855 753 :
899 716 929 752 α
961 698 1040 776 Ge
1069 696 1261 754 chant
1292 697 1384 754 fut
1415 694 1579 776 saint
1611 693 1958 776 A_na_ista_ise
1989 694 2105 776 qui
2127 694 2489 773 opostoilles
2522 697 2597 754 de
2634 700 2845 755 Home.
2899 718 2929 750 »
2994 693 3194 775 Hujus
3249 716 3437 776 porro
3495 717 3632 758 ver-

228 779 424 839 sionis
457 796 646 837 manu
677 794 791 836 sua
813 775 1140 853 exscripta
1159 776 1338 836 nobis
1361 774 1609 853 copiam
1646 773 1789 832 fecit
1818 774 1912 833 vir
1937 774 2216 835 eruditus
2246 782 2466 835 Petrus
2498 776 2791 849 Pelester,
2823 775 2956 854 ejus
2988 773 3267 837 canobii'
3298 778 3635 839 bibliothe-

230 877 465 920 carius.

308 964 766 1025 Felckmannus
796 961 872 1021 de
902 961 1223 1022 codicibus
1252 961 1479 1039 quibus
1510 960 1643 1042 ipse
1674 966 1766 1020 est
1799 979 1945 1020 usus
1974 961 2064 1021 ita
2093 961 2373 1040 loquitur
2406 979 2419 1021 :
2461 986 2491 1017 «
2524 964 2741 1023 Exstat
2772 962 2891 1023 hoc
2926 964 3294 1042 Symbolum
3328 965 3388 1024 in
3423 971 3639 1025 nostro

233 1068 263 1103 α
295 1046 508 1105 codice
539 1047 575 1103 2
607 1061 946 1120 anonymo,
982 1044 1090 1102 seb
1120 1043 1358 1119 absque
1388 1041 1569 1101 titulo
1600 1048 1661 1100 et
1692 1042 1943 1100 nomine
1974 1043 2267 1113 auctoris,
2307 1043 2470 1103 unde
2499 1050 2560 1103 et
2590 1044 2676 1102 sic
2708 1041 2980 1103 editum.
3012 1045 3330 1104 Invenitur
3359 1045 3420 1104 id
3466 1046 3640 1104 simi-

231 1150 263 1181 «
294 1127 435 1185 liter
465 1125 525 1183 in
560 1123 928 1201 fragmentis
960 1123 1177 1183 Hilarii
1202 1122 1529 1203 historicis
1562 1121 1626 1203 in
1677 1123 1815 1203 cod.
1863 1124 2057 1181 veteri
2092 1129 2250 1202 part.
2294 1140 2337 1181 II
2369 1123 2485 1183 sub
2516 1124 2726 1184 ﬁnem.
2763 1125 3118 1183 Invenimus
3147 1125 3415 1203 idipsum
3451 1127 3640 1185 etiam

231 1231 260 1263 α
292 1210 436 1295 post
464 1205 525 1295 in
560 1200 772 1295 codice
803 1203 1077 1295 quodam
1108 1202 1411 1295 Palatina
1441 1200 2486 1295 .Biblioth.‘expiassemthanasio
2512 1205 2882 1295 inscriptum
2926 1204 3104 1295 _(licet
3131 1200 3642 1295 idJrecentiores

228 1309 259 1343 ‹‹
292 1281 491 1347 Graci
518 1284 746 1365 nolint,
782 1281 849 1343 ut
880 1283 1088 1365 videre
1118 1289 1210 1343 est
1239 1302 1309 1342 ex
1329 1282 1624 1365 _Epistola
1656 1281 1885 1365 _M_eletii
1923 1283 2603 1365 Constantinropolitani
2648 1281 3020 1362 patriarcha
3070 1284 3150 1345 ad
3199 1285 3520 1365 Douzam),
3564 1305 3640 1346 ex

228 1391 260 1424 «
293 1386 418 1445 quo
448 1364 636 1426 etiam
668 1364 1120 1443 discrepantias
1150 1363 1455 1442 quasdam
1500 1362 1884 1423 notabimus.
1916 1384 1946 1420 υ
2003 1366 2149 1424 Hac
2201 1363 2681 1425 Felckmannus.

310 1476 399 1533 De
430 1470 656 1532 Gracis
685 1474 894 1530 autem
930 1469 1247 1530 codicibus
1278 1488 1479 1547 pauca
1509 1474 1853 1550 suppetunt
1882 1468 2163 1542 dicenda,
2200 1488 2341 1529 cum
2373 1489 2566 1529 unum
2603 1477 2843 1530 tantum
2879 1471 3058 1531 nobis
3098 1472 3403 1550 inspicere
3446 1472 3643 1532 licue-

226 1554 333 1626 rit,
368 1552 604 1613 scilicet
635 1553 784 1629 Reg.
817 1550 995 1626 2502,
1030 1550 1093 1610 in
1145 1569 1270 1629 quo
1311 1556 1516 1611 exstat
1563 1549 1932 1629 Symbolum
1983 1550 2301 1629 superiore
2350 1552 2580 1612 saculo
2632 1558 2983 1612 exaratum.
3035 1555 3124 1612 De
3174 1549 3361 1612 variis
3412 1552 3641 1613 Gracis

226 1632 518 1695 formulis
545 1632 711 1692 infra
741 1631 1012 1709 agimus.

994 1846 1099 1907 III.
1135 1844 1483 1926 Symbolum
1527 1845 1895 1924 Quicunque
1934 1847 2036 1907 cui
2066 1847 2144 1906 sit
2183 1849 2420 1908 auctori
2451 1846 2883 1908 ascre’bendum.

314 2039 398 2097 Ut
428 2034 723 2111 colligere
746 2040 838 2093 est
867 2052 944 2093 ex
974 2039 1253 2092 veterum
1288 2033 1681 2105 testimoniis,
1704 2039 1894 2111 atque
1924 2053 1999 2093 ex
2031 2034 2313 2093 codicum
2346 2034 2857 2111 inscriptionibus
2888 2034 3173 2111 superius
3207 2036 3645 2110 recensitis,ab

233 2116 422 2175 annis
455 2115 593 2193 plus
625 2113 794 2173 mille
841 2114 1208 2192 Symbolum
1267 2114 1608 2193 Quicunque
1654 2113 1996 2173 Athanasio
2046 2114 2162 2173 fuit
2208 2116 2571 2191 ascriptum.
2626 2123 2704 2173 At
2752 2114 2812 2173 id
2869 2133 2991 2173 non
3042 2115 3172 2173 sine
3220 2120 3646 2178 controversia

232 2196 584 2255 admissum
618 2195 804 2253 fuisse
832 2194 1053 2253 suadet
1081 2193 1367 2254 codicum
1404 2194 1768 2266 multorum,
1803 2195 1986 2253 etiam
2013 2193 3053 2271 antiquissimorum,auctoritas,in
3070 2194 3297 2273 quibus
3326 2198 3651 2258 Athanasii

234 2294 471 2337 nomen
506 2275 761 2334 minime
791 2280 1115 2352 comparet
1148 2295 1162 2335 :
1212 2274 1433 2333 suadet
1479 2274 1624 2334 item
1668 2274 1773 2334 ille
1817 2274 2101 2352 superius
2151 2292 2187 2331 a
2237 2274 2413 2333 nobis
2447 2282 2829 2333 memoratus
2859 2275 3080 2344 codex,
3116 2275 3224 2353 qui
3259 2277 3646 2339 Bonifacium

233 2362 557 2417 auctorem
591 2355 868 2416 exhibet.
902 2355 1102 2415 Probe
1136 2354 1365 2433 quippe
1398 2354 1751 2435 conjectare
1783 2354 1928 2414 licet
1956 2354 2279 2435 Bonifacio
2311 2355 2683 2435 attributum
2717 2354 2927 2428 fuisse,
2979 2354 3127 2431 quia
3173 2373 3355 2415 verus
3400 2376 3649 2435 germa-

237 2455 484 2515 nusque
513 2443 732 2496 auctor
776 2454 898 2495 non
953 2442 1138 2516 notus
1180 2440 1388 2516 esset;
1442 2453 1585 2494 nam
1640 2434 1689 2494 si
1742 2453 1855 2513 pro
1904 2434 2229 2516 Athanasii
2274 2435 2402 2493 fetu
2425 2435 2623 2516 vulgo
2654 2434 2940 2516 habitum
2971 2435 3210 2506 fuisset,
3244 2455 3648 2516 nequaquam

240 2514 543 2596 ejus’loco
575 2516 1045 2576 substituendus
1065 2515 1269 2597 fuerat
1299 2514 1480 2597 alius.
1507 2517 1660 2597 Nam
1682 2515 1985 2597 solentad
2017 2515 2625 2575 commendationem
2653 2534 2845 2594 opera
2875 2515 3285 2597 obscurorum
3320 2514 3649 2597 minusque

243 2594 541 2657 notorum
576 2596 902 2655 hominum
957 2596 1273 2674 praclaris
1321 2596 1578 2655 attribui
1627 2594 2080 2673 scriptoribus;
2137 2596 2312 2673 atqui
2366 2602 2605 2654 tantum
2659 2603 2752 2655 est
2797 2596 3123 2656 Athanasii
3173 2616 3403 2658 nomen
3458 2594 3650 2660 utne

248 2678 545 2754 cogitarit
574 2678 826 2754 quidem
863 2680 1176 2755 quispiam
1212 2676 1511 2754 majorem
1546 2695 1621 2736 ex
1666 2676 1789 2736 alio
1822 2675 2095 2735 mutuari
2126 2675 2589 2735 auctoritatem.
2626 2675 2942 2735 Accedunt
2974 2682 3277 2753 praterea
3310 2679 3649 2741 multorum

246 2758 594 2837 prasertim
628 2758 955 2837 undecimo
987 2756 1216 2817 saculo
1247 2758 1621 2835 scriptorum
1654 2756 2032 2827 testimonia,
2066 2757 2174 2833 qui
2202 2756 2429 2837 diserte
2468 2756 2643 2815 aiunt
2690 2774 2728 2815 a
2775 2756 3148 2834 quibusdam
3183 2761 3429 2817 tantum
3459 2759 3651 2820 tribui

244 2836 590 2899 Athanasio
622 2836 991 2915 Symbolum
1028 2837 1389 2916 Quicunque,
1423 2838 1817 2914 innuuntque
1850 2854 1975 2896 non
2006 2854 2137 2895 esse
2169 2854 2298 2895 rem
2330 2836 2519 2913 vulgo
2554 2842 2891 2916 receptam.
2928 2838 3104 2898 Unde
3147 2838 3446 2916 consequi
3480 2840 3650 2901 vide-

242 2926 370 2991 tur,
404 2917 797 2997 Symbolum,
831 2936 955 2995 quo
986 2915 1356 2995 tempore’in
1388 2917 1590 2977 lucem
1626 2918 1875 2994 prodiit,
1909 2916 2235 2976 Athanasii
2267 2935 2389 2976 non
2427 2915 2773 2997 pratulisse
2803 2934 3056 2976 nomen.
3080 2917 3203 2977 Sed
3234 2918 3341 2978 ubi
3364 2915 3409 2979 7a
3443 2922 3649 2982 nescio

246 3017 373 3077 quo
406 2996 665 3058 attribui
695 2997 1041 3057 Athanasio
1073 2997 1517 3078 captumifuit,
1552 2997 1775 3078 exinde
1809 3015 2093 3078 manasse
2126 3003 2192 3056 ut
2222 2998 2283 3056 in
2319 2997 2529 3057 multis
2558 2996 2878 3057 codicibus
2910 3014 3139 3057 nomen
3187 2997 3322 3075 ejus
3370 3001 3651 3078 pramit-

244 3076 507 3140 teretur.
544 3080 615 3138 Et
648 3096 796 3137 vero
826 3095 897 3137 ex
934 3078 1131 3137 tribus
1160 3077 1477 3137 codicibus
1510 3077 1618 3155 qui
1648 3077 1851 3138 Caroli
1883 3076 2093 3154 Magni
2123 3084 2373 3137 atatem
2416 3095 2715 3155 superare
2762 3077 3220 3147 existimantur,
3270 3076 3441 3139 solus
3491 3083 3651 3141 San-

246 3159 678 3238 germanensis
732 3176 961 3218 nomen
1010 3157 1264 3217 exhibet
1313 3157 1659 3230 Athanasii,
1711 3176 1836 3236 quo
1884 3157 2165 3217 innuitur
2216 3158 2421 3217 minus
2471 3159 2861 3235 frequentem
2914 3165 3062 3218 tunc
3107 3158 3298 3219 fuisse
3344 3161 3656 3239 ejusmodi

243 3240 742 3317 inscriptionem.

337 3346 517 3405 Falso
548 3345 762 3424 itaque
793 3345 1131 3424 ascriptum
1164 3344 1508 3405 Athanasio
1539 3345 1948 3410 arbitrantur.
1995 3349 2125 3405 tum
2161 3362 2235 3404 ea
2264 3363 2451 3423 quam
2484 3364 2674 3423 supra
2706 3344 3210 3415 memoravimus,
3263 3352 3397 3406 tum
3449 3348 3662 3409 multis

253 3427 396 3487 aliis
427 3426 502 3486 de
540 3426 763 3485 causis.
793 3427 882 3485 Ex
913 3425 1141 3503 quibus
1168 3425 1278 3485 illa
1310 3425 1579 3485 maxime
1610 3432 1814 3503 urget,
1840 3426 2007 3503 quod
2040 3444 2078 3485 a
2109 3426 2354 3485 nemine
2385 3426 2787 3503 antiquorum
2820 3431 2963 3485 ante
2995 3426 3329 3504 septimum
3362 3430 3659 3489 saculum

252 3512 804 3567 commemoretur.
840 3508 1025 3587 Sane
1072 3512 1201 3577 tam,
1248 3507 1581 3587 egregium
1618 3516 2015 3587 opusculum,
2066 3526 2103 3565 a
2161 3512 2335 3587 tanto
2384 3508 2686 3587 scriptore
2737 3505 3225 3587 concinnatum.
3256 3526 3656 3587 nequaquam

255 3587 509 3646 silentio
543 3584 1146 3665 pratermittendum
1177 3595 1350 3657 erat;
1403 3588 1466 3645 in
1498 3586 1622 3645 illis
1656 3587 1924 3646 maxime
1954 3585 2510 3662 disceptationibus
2541 3606 2678 3663 qua
2710 3604 2850 3645 cum
2889 3586 3286 3659 Nestorianis,
3325 3584 3661 3665 Eutychia-

258 3668 486 3745 nisque
515 3667 755 3726 oborta
784 3673 948 3725 sunt.
1000 3665 1326 3727 Athanasii
1373 3667 1605 3745 quippe
1654 3666 2089 3727 auctoritatem
2143 3666 2349 3743 magni
2398 3665 2711 3726 faciebant
2757 3665 3034 3725 haretici
3081 3666 3195 3726 illi.
3247 3668 3407 3738 Quid
3456 3686 3661 3729 causa

260 3748 456 3824 igitur
483 3753 635 3821 erat,
672 3747 838 3824 quod
884 3763 997 3805 nec
1044 3764 1081 3805 a
1128 3747 1353 3806 Gracis
1401 3765 1513 3806 nec
1561 3765 1598 3806 a
1648 3747 1878 3807 Latinis
1922 3746 2294 3806 afferrentur
2326 3748 2460 3805 loca
2492 3765 2568 3805 ex
2600 3746 2717 3806 hoc
2750 3746 3049 3823 Symbolo
3081 3754 3397 3824 excerpta,
3431 3748 3661 3825 quibus

257 3845 505 3887 errores
532 3826 842 3903 ejusmodi
873 3830 1033 3907 055
1067 3827 1521 3886 confutantur?
1556 3829 1692 3907 Nec
1741 3834 1833 3887 est
1879 3827 2049 3904 quod
2102 3833 2460 3907 reponatur,
2510 3844 2646 3885 eam
2691 3832 2885 3907 totam
2933 3834 3173 3903 partem
3206 3828 3488 3905 Symboli
3518 3846 3659 3907 qua

255 3908 757 3967 incarnationem
792 3906 1038 3965 Domini
1067 3907 1337 3984 respicit,
1374 3906 1621 3966 nonnisi
1654 3914 1792 3985 post
1822 3908 1961 3967 illas
1990 3913 2239 3967 exortas
2271 3906 2536 3965 hareses
2568 3905 2853 3983 symbolo
2884 3907 3071 3965 fuisse
3103 3907 3414 3985 adjectam
3451 3928 3463 3969 :
3513 3905 3657 3969 nam

255 3987 323 4048 id
358 3987 551 4065 gratis
581 3986 836 4067 omnino
868 3986 1113 4067 dicitur,
1145 4004 1289 4045 cum
1319 3986 1381 4046 in
1413 3986 1704 4046 omnibus
1733 3988 1840 4065 qui
1874 3988 2176 4047 hactenus
2208 3987 2317 4044 visi
2347 3992 2490 4045 sunt
2521 3986 2837 4067 codicibus
2866 3986 3179 4063 integrum
3226 3993 3424 4048 exstet
3473 3990 3659 4067 Sym-

256 4067 501 4139 bolum,
543 4073 610 4126 ut
641 4066 950 4143 hodieque
980 4066 1297 4147 recitatur.
1332 4068 1643 4127 Praterea
1673 4068 1734 4126 in
1767 4067 2092 4127 catholica
2127 4067 2269 4125 ﬁdei
2302 4065 2791 4147 professionibus
2821 4067 3113 4125 omnibus
3161 4073 3349 4145 atque
3393 4065 3663 4147 Symbo-

256 4147 359 4220 Iis,
395 4166 518 4207 non
550 4149 626 4207 de
656 4147 959 4207 'l‘rinitate
991 4146 1202 4219 modo,
1235 4146 1340 4206 sed
1370 4148 1557 4206 etiam
1591 4148 1667 4206 de
1702 4147 2134 4206 lncarnatione
2166 4147 2393 4223 agitur,
2432 4152 2498 4204 ut
2527 4146 2735 4205 videre
2765 4152 2856 4205 est
2894 4148 2956 4205 in
2990 4147 3292 4224 Symbolo
3322 4146 3655 4226 ApOstolo-

260 4246 405 4287 rum
438 4228 499 4286 in
539 4228 800 4308 Nicano
821 4233 883 4308 et
912 4226 1142 4308 inaliis
1174 4227 1547 4304 quibusque.
1588 4227 2009 4298 Quamobrem
2042 4245 2165 4285 non
2200 4226 2402 4304 potuit
2431 4226 2490 4284 in
2525 4232 2653 4285 tam
2687 4226 2931 4303 prolixo
2962 4228 3262 4305 Symbolo
3298 4229 3663 4308 mysterium

258 4308 717 4369 Incarnationis
748 4307 827 4367 ab
858 4306 1035 4366 initio
1066 4308 1481 4385 pratermitti.

350 4414 440 4472 Ad
478 4414 628 4479 hac,
666 4414 712 4471 si
747 4413 885 4491 quis
916 4412 1060 4471 ﬁdei
1090 4412 1392 4495 formulas
1424 4413 1519 4473 vel
1552 4413 1630 4473 ab
1664 4412 2159 4495 Athranasio,gvel
2193 4411 2515 4495 Athanasii
2537 4431 2682 4495 avo
2713 4413 3110 4495 conscriptas
3128 4431 3269 4473 cum
3318 4413 3437 4475 hoc
3483 4415 3667 4495 Sym-

261 4494 413 4554 bolo
444 4495 744 4564 conferat,
777 4500 1021 4553 tantum
1059 4493 1514 4553 animadvertet
1544 4495 1705 4554 inter
1734 4494 1841 4553 illa
1873 4493 2269 4564 discriminis,
2306 4501 2374 4551 ut
2402 4494 2495 4551 vel
2535 4492 2679 4550 hinc
2710 4493 2915 4552 solum
2961 4492 3114 4552 nihil
3159 4492 3668 4569 cuncteturfalii

263 4593 400 4655 avo
432 4592 620 4655 quam
669 4574 1115 4655 Athanasiano,
1171 4574 1274 4633 alii
1328 4574 1639 4653 scriptorii
1689 4593 1876 4653 quam
1930 4572 2271 4655 Athanasio
2321 4573 2689 4655 Symbolum
2741 4573 3125 4655 adjudicare.
3187 4577 3513 4635 Percurrat
3558 4576 3665 4655 qui

262 4654 533 4714 voluerit
564 4672 718 4731 quas
751 4653 1125 4712 Athanasius
1157 4660 1445 4713 accurate
1486 4654 1737 4731 collegit
1778 4656 1871 4714 sui
1920 4654 2036 4714 avi
2084 4654 2226 4712 fidei
2276 4654 2717 4713 confessiones.
2768 4661 2860 4711 An
2908 4653 3246 4713 formulam
3295 4655 3503 4723 istam,
3559 4653 3671 4715 {res

260 4753 562 4815 personas,
590 4740 697 4793 aut
721 4736 945 4805 (trace,
971 4746 1115 4811 τρεῖς
1150 4740 1464 4801 ὑποστάσεις
1500 4734 1559 4792 in
1592 4735 2058 4815 Catholicorum
2094 4734 2393 4815 symbolis
2414 4734 2748 4815 admissam
2772 4738 2834 4791 et
2854 4733 3323 4815 promulgatam
3360 4736 3672 4813 reperiet?

269 4812 439 4874 Licet
472 4815 634 4873 enim
670 4833 793 4873 una
824 4814 1167 4891 eademque
1198 4834 1444 4891 semper
1472 4814 1660 4873 fuerit
1703 4833 1776 4874 ea
1824 4816 1901 4874 de
1941 4833 2008 4873 re
2044 4814 2329 4873 Ecclesia
2362 4814 2669 4881 doctrina,
2705 4812 2982 4872 nondum
3016 4819 3223 4873 tamen
3259 4814 3355 4874 ha
3385 4812 3672 4876 fOrmula

264 4895 329 4953 in
368 4895 641 4953 Ecclesia
672 4901 936 4970 recepta
970 4896 1063 4953 vel
1106 4894 1169 4952 in
1218 4894 1498 4953 confesso
1547 4902 1748 4967 erant,
1800 4901 1867 4954 ut
1914 4894 2110 4953 fusius
2157 4895 2643 4969 comprobamus
2691 4892 2753 4950 in
2801 4893 3176 4953 Prafatione
3226 4897 3524 4971 generali.
3563 4897 3675 4957 Ille

267 4974 416 5034 item
452 4974 735 5052 Symboli
766 4975 1146 5033 Versiculus:
1186 4998 1214 5029 «
1246 4974 1513 5052 Spiritus
1545 4981 1795 5033 sanctus
1826 4993 1863 5034 a
1898 4977 2076 5033 l’atre
2109 4980 2169 5032 et
2200 4974 2377 5045 Filio,
2405 4992 2525 5032 non
2562 4974 2784 5043 factus,
2811 4991 2921 5032 nec
2955 4982 3220 5044 creatus,
3252 4993 3363 5035 nec
3394 4978 3667 5053 genitus,

274 5078 304 5109 «
340 5055 447 5113 sed
497 5055 863 5130 procedens,
898 5077 926 5107 »
984 5074 1107 5112 non
1152 5061 1266 5125 est,
1312 5063 1380 5113 ut
1409 5073 1593 5113 nemo
1625 5056 1858 5132 peritus
1889 5074 2010 5114 non
2046 5054 2360 5122 fatebitur,
2397 5053 2606 5112 saculi
2641 5053 3069 5134 Athanasiani.
3104 5054 3474 5134 Quanquam
3507 5056 3672 5115 enim

276 5134 660 5195 Athanasius
683 5134 981 5214 Spiritum
1007 5141 1289 5193 sanctum
1314 5153 1389 5193 ex
1414 5136 1594 5194 Patre
1616 5140 1804 5214 atque
1828 5152 1903 5194 ex
1933 5134 2090 5193 Filio
2123 5151 2375 5192 manare
2410 5152 2530 5214 non
2563 5133 2753 5214 semel
2783 5132 3064 5214 docuerit
3100 5134 3161 5193 in
3194 5132 3321 5195 suis
3357 5154 3496 5213 qua
3538 5136 3671 5209 jam

273 5221 521 5274 exstant
549 5215 866 5293 operibus,
904 5213 999 5272 his
1029 5220 1238 5274 tamen
1271 5215 1555 5274 formulis
1587 5212 1909 5293 nunquam
1942 5221 2035 5274 est
2065 5233 2211 5274 usus
2246 5230 2259 5271 :
2318 5213 2639 5290 multoque
2672 5212 2877 5273 minus
2906 5212 3030 5273 illa
3060 5214 3122 5273 in
3165 5212 3466 5293 symbolis
3496 5214 3672 5274 ﬁdei-

275 5313 397 5373 que
429 5292 921 5355 confessionibus
951 5294 1155 5353 locum
1192 5294 1488 5355 habuere.
1525 5298 1658 5355 Non
1691 5292 1819 5355 olet
1845 5295 1995 5355 item
2024 5293 2436 5353 Athanasium
2467 5294 2574 5353 sed
2608 5292 3070 5371 Eutychianum
3104 5292 3303 5354 avum
3341 5294 3450 5353 illa
3499 5294 3672 5353 clau-

275 5376 459 5465 sula-z
509 5398 551 5465 _«
582 5376 757 5465 Unus
804 5378 1061 5465 omnino
1106 5393 1233 5435 non
1281 5374 1650 5465 confusione
1685 5374 2217 5465 substantia,_sed
2262 5373 2497 5433 unitate
2531 5392 2898 5465 personﬁa._»
2953 5375 3123 5465 I_.icet
3143 5373 3674 5465 enimquidpiam

276 5454 476 5515 simile
506 5455 568 5514 in
599 5455 734 5533 ejus
763 5454 1009 5532 scriptis
1038 5461 1441 5533 compareat;
1487 5455 1763 5515 nondum
1799 5461 2009 5515 tamen
2041 5454 2399 5514 obtinuerat
2433 5460 2498 5515 ut
2527 5453 2589 5513 in
2621 5454 3108 5533 professionibus
3138 5453 3281 5513 fidei
3315 5453 3678 5532 hujusmodi

278 5534 594 5595 sententia
622 5554 735 5596 usu
768 5536 1023 5595 veniret.

362 5642 496 5702 Huc
528 5641 767 5703 accedit
796 5640 1080 5722 Symboli
1109 5641 1303 5703 verba
1326 5640 1829 5721 sententiamque
1865 5639 2155 5704 Latinum
2184 5640 2467 5703 indicare
2493 5640 2885 5720 scriptorem,
2918 5656 3121 5718 neque
3151 5638 3347 5702 ullam
3377 5639 3681 5708 versionis
