4002 6206
422 295 573 352 1575
1556 293 1622 352 S.
1668 291 2197 355 ATHANASIUS.
2234 324 2311 338 —
2339 292 2651 355 SPURlA.
3628 308 3741 367 l576

416 445 491 485 ex
524 429 737 486 Graeco
770 424 947 484 facta:
980 430 1192 483 notam
1226 426 1542 501 prmferre.
1582 424 1645 485 Si
1698 444 1940 485 versum
1994 444 2069 484 ex
2117 425 2332 485 Graeco
2384 426 2621 498 fuisset,
2678 428 2875 487 multa
2909 430 3138 489 Graecae
3172 429 3452 490 dictionis
3478 430 3535 491 in
3583 436 3747 499 Latius

416 504 931 589 interpretatione
955 512 1419 589 comparerent.
1459 505 1547 589 uti
1577 505 1736 565 solet
1765 506 1827 565 in
1870 506 2005 582 ejus
2039 506 2572 589 reviyersionibus
2603 508 2945 589 observari.
2980 513 3192 587 Neque
3220 511 3338 570 dici
3371 531 3538 589 posse
3563 516 3748 578 videtur

418 588 499 669 ab
551 585 897 669 Athanasio
948 585 1134 669 fuisse
1180 585 1392 669 Latine
1422 585 1653 644 editum
1695 603 1708 643 :
1768 586 2400 669 namque__scriptoris
2422 594 2513 669 est
2547 606 2658 665 pro
2690 588 2794 649 illa
2829 596 3011 648 aetate
3046 585 3256 649 Latine
3288 585 3634 669 peritissimi,
3663 617 3748 658 non

416 668 617 752 solum
652 666 883 743 quippe
915 664 1141 736 verbis,
1177 668 1279 752 sed
1315 664 1500 752 etiam
1541 666 1815 752 numeris
1848 666 2241 752 modulisque
2276 668 2507 752 Latinis
2538 664 2785 752 constat
2807 670 2935 752 hoc
2973 664 3366 747 Symbolum,
3412 673 3615 752 vixque
3652 696 3747 737 cre-

416 748 604 807 datur
634 753 876 806 tautum
914 752 1169 822 tamque
1198 745 1571 805 familiarem
1607 746 1841 805 Latina:
1876 747 2103 823 linguae
2134 764 2317 805 usum
2349 747 2694 808 Athanasio
2735 750 2942 808 fuisse.

494 857 757 913 Demum
791 852 841 911 si
874 850 1235 928 hujusmodi
1266 851 1632 929 Symbolum
1668 852 2031 911 adornasset
2066 852 2468 924 Athanasius,
2504 873 2827 932 nunquam
2858 862 2994 915 erat
3040 857 3383 917 emissurus
3413 860 3753 922 consubstan-

416 934 581 993 tialis
611 951 850 1003 vocem,
885 932 1062 1009 cujus
1093 950 1282 1016 causa
1315 940 1445 991 toto
1476 933 1777 1016 vitzesum
1808 932 2121 1016 curriculo
2144 934 2552 1016 ‘coucertavit,
2593 936 2907 1013 tantisque
2956 937 3247 1013 periculis
3297 940 3633 1016 perfunctus
3668 952 3751 1001 est.

414 1016 595 1074 Hisce
651 1032 764 1072 nos
824 1013 1220 1096 argumentis
1267 1012 1557 1089 permoti,
1608 1013 1976 1096 Symbolum
2039 1011 2383 1096 Quicunque
2437 1011 3753 1096 Athanasioincunctanter-abjudicandum

411 1096 814 1235 grhiéramur.
850 1094 987 1152 Jam
1019 1092 1439 1170 disquiramus
1472 1100 1680 1152 utrum
1722 1094 1989 1152 aliorum
2030 1093 2137 1171 qui
2185 1094 2323 1171 ejus
2369 1101 2657 1155 auctores
2702 1114 2834 1156 esse
2864 1097 3170 1171 feruntur,
3206 1092 3478 1177 cuipiam
3506 1100 3577 1160 sit
3602 1104 3750 1162 ascri-

460 1195 535 1235 en
590 1193 715 1233 um.

460 1193 715 1235 enaum.

491 1280 726 1341 Hilario
774 1278 1059 1362 nonnulli
1108 1277 1449 1362 ascriptum
1499 1279 1856 1362 voluerunt,
1885 1278 2055 1362 quia
2103 1278 2400 1362 nimirum
2429 1279 2775 1362 Ainucodice
2827 1281 3103 1359 quodam
3157 1291 3363 1342 exstat
3413 1290 3543 1362 post
3582 1287 3752 1348 Hilarii

408 1363 782 1439 fragmenta.
816 1358 1005 1428 Quasi
1059 1376 1207 1439 vero
1254 1358 1312 1416 id
1366 1378 1488 1418 non
1539 1359 1726 1437 vulgo
1774 1366 1835 1419 et
1881 1359 1941 1417 in
1986 1359 2299 1437 plerisque
2332 1360 2649 1420 codicibus
2678 1358 3070 1436 observetur,
3109 1369 3173 1422 ut
3206 1358 3753 1428 multa—diversorum

409 1438 601 1521 Opera
633 1444 1087 1522 consequenter
1120 1438 1178 1497 iu
1217 1438 1657 1522 manuscriptis
1688 1438 2146 1499 describantur.
2178 1442 2330 1522 Cum
2362 1447 2573 1522 autem
2604 1442 2665 1500 in
2698 1441 3008 1520 ejusmodi
3048 1443 3258 1503 codice
3312 1451 3450 1522 post
3492 1446 3754 1509 Hilariana

404 1518 599 1601 opera
630 1521 801 1601 nullo
835 1518 1155 1601 praemisso
1188 1520 1459 1601 auctoris
1489 1520 1743 1579 nomine
1772 1524 2156 1601 compareat,
2193 1519 2359 1601 hinc,
2397 1522 2487 1581 uti
2510 1521 2643 1598 jam
2677 1518 2865 1601 supra
2897 1523 3187 1595 diximus,
3223 1518 3627 1599 inferendum,
3655 1534 3752 1588 tum

405 1599 735 1663 exaratum
771 1599 982 1671 fuisse,
1016 1617 1155 1658 cum
1183 1617 1295 1676 pro
1330 1600 1757 1659 Athanasiano
1790 1600 2069 1660 noudum
2103 1601 2289 1677 vulgo
2320 1600 2680 1662 haberetur.

486 1706 755 1769 Eusebio
790 1704 1169 1786 vercellensi
1193 1705 1472 1786 tribuere
1510 1706 1819 1766 nonnulli.
1872 1709 1971 1780 At,
2020 1713 2440 1784 praeterquam
2474 1708 2640 1786 quod
2676 1708 2851 1769 nullo
2880 1709 3319 1781 fundamento,
3354 1711 3524 1771 nulla
3552 1715 3743 1773 auctori

404 1796 533 1850 tate
590 1785 987 1869 nititurbgec
1033 1785 1269 1869 opinio,
1325 1785 1575 1869 videtur
1618 1787 1987 1869 Symbolum
2039 1827 2071 1843 κ.
2122 1785 2821 1869 τεοθηῐίοτθξριθοᾱίἰεεθ
2872 1789 3196 1868 scriptore.
3233 1792 3391 1850 Nam
3436 1810 3566 1869 quae
3612 1794 3661 1852 in
3696 1813 3751 1855 eo

408 1875 657 1929 exstant
688 1868 766 1948 de
795 1866 1007 1925 divina
1037 1864 1415 1948 ethumana
1438 1864 1671 1948 Christi
1695 1874 1943 1937 natura,
1976 1870 2273 1927 saeculum
2310 1868 2593 1928 redolent
2640 1864 3076 1929 Nestorianu—m
3105 1889 3117 1940 ;
3168 1870 3435 1948 ipsaque
3458 1864 3595 1931 'tota
3638 1874 3748 1934 ﬁdei

406 1949 700 2019 formula,
734 1947 808 2005 iis
837 1952 930 2005 est
961 1944 1214 2004 vocibus
1258 1952 1317 2004 et
1367 1946 1663 2005 clausulis
1703 1948 2074 2025 composita,
2111 1954 2177 2007 ut
2206 1948 2285 2006 ad
2320 1948 2566 2007 Eusebii
2599 1967 2801 2009 sevum
2836 1950 3091 2010 minime
3124 1944 3435 2028 pertinere
3466 1952 3664 2011 valeat.

486 2061 645 2117 Sunt
688 2054 836 2113 item
888 2054 996 2132 qui
1037 2054 1403 2133 Symbolum
1456 2053 1736 2113 tribuant
1776 2054 2121 2124 Anastasio,
2160 2072 2346 2131 quam
2382 2057 2753 2114 sententiam
2787 2056 3206 2134 subaugurari
3236 2058 3386 2118 licet
3416 2060 3673 2117 obortam
3700 2078 3753 2117 ex

404 2139 729 2196 nominum
763 2135 1206 2206 similitudine;
1262 2135 1553 2216 nimirum
1603 2134 1912 2216 iurcodice
1943 2137 2215 2213 quodam
2252 2134 2431 2193 facile
2464 2136 2753 2194 substitui
2790 2155 2899 2214 pro
2934 2137 3274 2197 Athanasio
3310 2139 3508 2216 potuit
3538 2146 3749 2197 Anasta-

405 2218 551 2277 sius.
591 2218 817 2296 Verum
850 2216 977 2275 sive
1010 2216 1249 2275 Sinaita
1279 2215 1403 2283 ille,
1439 2215 1567 2296 sive
1602 2214 2122 2274 Bibliothecarius
2151 2216 2513 2296 Anastasius
2542 2216 2951 2293 intelligatur,
2990 2218 3195 2276 neutri
3223 2214 3432 2296 potest
3462 2221 3750 2296 assignari;

407 2317 530 2358 non
566 2294 777 2373 priori,
816 2296 964 2373 quia
1006 2301 1172 2355 recte
1201 2295 1653 2372 comprobatur
1700 2314 1737 2354 a
1786 2296 2002 2353 Latino
2045 2295 2345 2373 scriptore
2376 2295 2611 2354 editum
2647 2298 3018 2375 opusculum
3054 2294 3262 2368 fuisse,
3295 2300 3423 2359 imo
3453 2294 3623 2359 etiam
3650 2301 3753 2375 ipso

404 2376 731 2438 Anastasio
764 2375 1082 2453 antiquius
1112 2393 1264 2445 esse,
1300 2394 1376 2434 ex
1408 2376 1692 2434 codicum
1736 2381 1941 2445 aetate,
1992 2382 2054 2434 et
2100 2394 2175 2434 ex
2225 2376 2641 2435 jEduensibus
2688 2378 2973 2454 superius
3010 2379 3217 2437 allatis
3246 2380 3592 2439 Canonibus
3618 2398 3751 2439 com-

404 2463 827 2528 monstratur;
868 2456 1029 2516 unde
1057 2456 1246 2516 etiam
1280 2456 1476 2533 liquet
1509 2458 1705 2514 multo
1740 2456 1943 2514 minus
1978 2458 2303 2515 Anastasio
2335 2456 2525 2515 tribui
2568 2475 2745 2533 posse
2776 2457 3283 2518 Bibliothecario.

482 2562 801 2624 Bouifacio
833 2562 1083 2623 cuidam
1118 2562 1206 2622 uti
1234 2580 1427 2640 supra
1457 2561 1729 2620 diximus
1760 2562 2012 2621 ascribit
2042 2561 2239 2622 codex
2273 2580 2451 2622 unus.
2489 2562 2611 2622 Sed
2661 2581 2774 2623 nec
2818 2563 2957 2641 quis
3005 2564 3085 2623 sit
3130 2564 3235 2624 ille
3284 2564 3637 2635 Bonifacius,
3666 2582 3752 2623 nec

405 2646 567 2705 unde
596 2643 888 2703 librarius
916 2641 1227 2720 ejusmodi
1257 2648 1577 2703 auctorem
1609 2642 1962 2720 expiscatus
1993 2642 2095 2717 sit,
2127 2642 2190 2703 in
2221 2648 2514 2721 promptu
2548 2650 2641 2704 est
2681 2642 2975 2704 ediscere.
3011 2647 3213 2716 Quare
3245 2645 3405 2705 nihil
3437 2646 3664 2705 ulterius
3687 2644 3750 2703 dd

398 2725 717 2786 Bonifacio
749 2723 1142 2784 disseremus.

451 2742 717 2786 0111ῐᾶ010
749 2742 1142 2784 disseremus.

478 2829 702 2907 Vigilio
750 2827 1038 2906 ascripsit
1087 2845 1361 2905 nuperus
1408 2826 1664 2904 quidam
1714 2827 1981 2906 scriptor
2008 2825 2129 2905 (3);
2183 2826 2292 2904 qui
2341 2832 2575 2895 tamen,
2631 2834 2697 2886 ut
2745 2826 2911 2886 valet
2957 2828 3302 2905 sagacitate
3334 2834 3395 2888 et
3424 2828 3747 2899 eruditione,

400 2906 648 2970 nonnisi
678 2908 1095 2987 conjectando
1126 2908 1425 2985 loquitur.
1452 2908 1559 2966 Has
1596 2925 1739 2987 vero
1761 2924 1966 2967 causae
1998 2912 2145 2987 sunt
2174 2906 2343 2983 quod
2377 2907 2537 2967 hanc
2570 2907 2671 2966 ille
2693 2908 3054 2986 opinionem
3088 2908 3166 2967 sit
3188 2909 3515 2987 amplexus
3544 2908 3751 2978 t'Quod

397 2991 626 3051 soleret
654 2990 914 3067 Vigilius
946 3008 1090 3048 suas
1122 2987 1587 3047 lucubrationes
1617 2986 1961 3047 Athanasio
1993 2986 2304 3047 ascribere
2342 3005 2354 3044 :
2408 2987 2760 3065 cujusmodi
2809 2993 2902 3047 est
2935 2989 3232 3065 Dialogus
3261 2986 3557 3049 adversus
3582 2987 3749 3048 Sabel-

396 3070 619 3141 lianos,
652 3071 915 3130 Arianos
945 3075 1005 3129 et
1037 3068 1468 3129 Photinianos.
1517 3072 1581 3127 2°
1613 3067 1788 3138 Quod
1822 3067 2185 3145 Eutychetis
2216 3067 2385 3126 haud
2417 3068 2504 3126 ita
2536 3067 2775 3146 pridem
2827 3069 3253 3146 insurgentem
3293 3069 3551 3129 haeresin
3593 3087 3748 3146 oppu-

394 3170 588 3229 gnare
619 3168 950 3227 aggressus
986 3149 1062 3208 sit
1094 3148 1375 3225 Vigilius.
1411 3151 1488 3208 At
1516 3147 1793 3223 ejusdem
1828 3166 2071 3207 errores
2096 3147 2215 3207 hoc
2245 3148 2306 3206 in
2339 3147 2640 3229 Symbolo
2671 3149 3119 3227 exploduntur.
3153 3152 3217 3208 3°
3237 3150 3417 3220 Quod
3447 3151 3751 3227 frequentes

394 3227 563 3308 apud
595 3231 883 3289 eumdem
912 3229 1202 3305 Vigilium
1226 3228 1882 3308 occurrautloquendi
1919 3229 2191 3287 rationes
2223 3229 2280 3286 in
2306 3227 2606 3302 Symbolo
2641 3236 2976 3305 usurpatae.
3006 3230 3231 3288 Verum
3270 3232 3405 3289 haec
3434 3236 3753 3303 argumenta

392 3307 591 3389 probe
620 3310 967 3369 confutavit
997 3310 1288 3368 laudatus
1324 3310 1417 3389 vir
1441 3307 1987 3389 Authelmiuert
2033 3326 2206 3378 sane,
2256 3313 2325 3366 ut
2371 3309 2813 3368 animadvertit
2859 3309 2985 3373 ille.
3033 3316 3223 3368 ruunt
3252 3309 3392 3369 haec
3422 3310 3639 3373 omnia,
3667 3308 3748 3365 ubi

392 3388 741 3451 ostenditur
772 3389 1065 3466 Dialogos
1097 3390 1235 3448 illos
1267 3389 1373 3464 qui
1405 3388 1565 3447 inter
1596 3388 2022 3447 Athanasiana
2053 3395 2421 3465 comparent
2450 3407 2662 3465 opera,
2707 3394 2769 3447 et
2816 3389 3163 3448 Chiftletius
3211 3390 3441 3467 Vigilio
3476 3389 3747 3465 adjudica-

388 3473 501 3539 vit,
556 3488 955 3548 nequaquam
1006 3486 1137 3528 esse
1183 3468 1411 3545 Vigilii.
1466 3468 1644 3538 Quod
1697 3471 1890 3546 probe
1935 3468 2219 3545 superius
2266 3486 2379 3527 suo
2428 3468 2565 3527 loco
2615 3470 3289 3529 commonstrabamus.
3346 3470 3592 3530 Etiamsi
3634 3485 3746 3525 vero

389 3551 599 3628 Vigilii
630 3557 836 3611 essent
864 3549 1128 3626 Dialogi,
1166 3568 1289 3607 non
1322 3548 1529 3607 statim
1565 3548 1711 3607 hinc
1741 3553 2226 3626 consequeretur
2254 3549 2388 3626 ejus
2427 3567 2558 3608 esse
2610 3549 3004 3625 Symbolum.
3059 3552 3239 3619 Nam,
3293 3551 3465 3627 quod
3511 3548 3747 3608 animad-

388 3632 645 3691 vertisse
671 3630 938 3708 juvabit,
978 3648 1089 3707 pro
1121 3630 1447 3707 explorato
1480 3628 1865 3699 habendum,
1901 3628 2182 3707 Symboli
2217 3629 2607 3707 scriptorem,
2644 3630 2715 3687 iis
2748 3628 3043 3706 loquendi
3078 3629 3303 3699 modis,
3340 3631 3415 3689 iis
3447 3648 3611 3687 usum
3638 3645 3747 3686 sen-

389 3713 597 3771 tentiis
629 3712 837 3779 fuisse,
864 3728 1004 3788 quas
1027 3728 1138 3769 suo
1164 3728 1297 3769 aevo
1328 3727 1365 3768 a
1400 3708 1625 3768 Latinis
1645 3709 1955 3782 Patribus,
1981 3708 2443 3786 Catholicisque
2476 3708 2620 3767 viris
2644 3709 3029 3787 frequentius
3053 3710 3556 3786 usurpabantur:
3588 3722 3747 3784 neque

387 3794 737 3871 putandum
774 3809 965 3850 novas
996 3790 1170 3849 illum
1205 3789 1447 3849 dicendi
1489 3789 2258 3871 formulasrcommentum
2308 3806 2485 3871 esse:
2541 3789 2650 3848 sed
2700 3807 2803 3848 eas
2856 3796 2924 3849 ut
2972 3790 3033 3871 in
3085 3790 3372 3871 confesso
3424 3799 3565 3848 tunc
3608 3792 3747 3846 erant

387 3868 731 3949 collegisse.
758 3872 915 3930 Hinc
950 3871 1153 3948 palam
1192 3889 1286 3929 res
1316 3876 1431 3939 est,
1458 3870 1625 3947 quod
1661 3870 1827 3947 apud
1852 3869 2289 3946 Augustinum,
2316 3868 2574 3945 eiusque
2604 3888 2929 3946 suppares,
2958 3870 3353 3929 Vincentium
3392 3870 3743 3935 Lirinensem,

384 3954 704 4031 Vigilium,
740 3958 802 4011 et
833 3951 988 4011 alios
1018 3950 1274 4031 inferius
1306 3949 1643 4031 notandos,
1674 3950 1841 4008 haud
1872 3950 2064 4009 semel
2095 3954 2427 4009 occurrant
2456 3949 2762 4031 ejusmodi
2804 3951 3153 4031 sententias.
3187 3950 3369 4011 Unde
3400 3950 3744 4009 manifestum

385 4029 741 4093 est'nullam
776 4036 1226 4108 congruentem
1258 4029 1561 4089 hactenus
1592 4030 1848 4088 allatam
1883 4048 2013 4089 esse
2043 4047 2321 4101 causam,
2357 4047 2552 4107 quare
2584 4029 2808 4106 Vigilio
2839 4030 3211 4089 ascribatur.

464 4139 611 4198 Afro
641 4138 853 4215 itaque
882 4136 1107 4213 Vigilio
1139 4135 1293 4194 nihil
1326 4140 1419 4194 est
1449 4134 1616 4212 quod
1650 4134 2016 4211 Symbolum
2053 4132 2397 4215 Quicunque
2431 4134 2771 4215 tribuatur.
2823 4135 2902 4215 At
2950 4133 3097 4215 huic
3143 4133 3395 4193 Gallum
3438 4140 3743 4215 auctorem,

386 4224 545 4279 656
579 4213 975 4279 Vincentium
1013 4234 1237 4293 nempe
1272 4215 1675 4283 Lirinensem,
1708 4215 2029 4273 substituit
2058 4214 2350 4274 laudatus
2388 4214 2479 4274 vir
2523 4213 2940 4285 Anthelmius,
2996 4214 3101 4290 qui
3153 4232 3332 4273 suam
3386 4214 3551 4273 hisce
3593 4230 3741 4287 argu-

385 4300 611 4359 mentis
642 4298 812 4357 hisce
844 4296 1046 4356 verbis
1076 4296 1448 4356 sententiam
1480 4294 1701 4354 asserit
1735 4315 1749 4354 :
1807 4317 1835 4351 (ι
1871 4297 1930 4353 1ο
1961 4294 2139 4365 Quod
2169 4294 2274 4353 ille
2307 4294 2696 4370 tempestatis
2726 4294 2927 4364 istius,
2961 4312 3087 4372 qua
3118 4293 3430 4371 digestum
3473 4300 3557 4354 est
3597 4296 3742 4372 Sym-

391 4399 420 4434 α
456 4379 692 4447 bolum,
727 4377 1150 4438 nobilissimus
1198 4376 1469 4453 scriptor
1517 4374 1863 4444 exstiterit;
1916 4377 1979 4433 2°
2010 4374 2179 4453 quod
2228 4374 2570 4433 hmresibus
2618 4373 2851 4434 bellum
2895 4371 3168 4434 indicere
3197 4392 3429 4453 scopus
3458 4374 3570 4452 ipsi
3596 4371 3745 4453 fuerit

390 4478 417 4513 (ι
452 4458 709 4531 unicus;
760 4460 825 4517 3°
855 4460 1022 4536 quod
1056 4450 1634 4536 errorem—Symboli
1666 4450 2053 4536 confessione
2084 4452 2403 4536 sigillatim
2439 4454 2824 4536 perstrictus,
2875 4454 3125 4536 eosdem
3173 4450 3407 4532 specie,
3455 4450 3560 4536 nec
3598 4450 3741 4536 alios,

386 4561 415 4591 ‹‹
450 4539 697 4615 scriptis
728 4539 855 4598 suis
877 4531 1263 4615 impugnare
1293 4531 1629 4611 delegerit;
1663 4540 1727 4594 4⁸
1760 4533 1925 4611 quod
1959 4534 2075 4593 sub
2106 4533 2311 4615 alieno
2344 4533 2592 4615 nomine
2624 4534 2686 4593 in
2717 4533 2835 4593 hac
2869 4534 3158 4611 palmstra
3190 4531 3421 4615 mereri
3446 4531 3743 4615 aﬂ‘ectaril;

384 4642 411 4671 ‹‹
447 4620 510 4677 5°
543 4610 711 4695 q'uod
738 4618 857 4695 ipsi
885 4610 1250 4677 Trevirense
1280 4610 1506 4685 solum,
1542 4634 1650 4675 seu
1678 4610 1927 4691 Belgica
1958 4615 2181 4695 prima,
2210 4613 2271 4671 in
2306 4632 2430 4695 qua
2464 4614 2665 4692 primo
2698 4610 3011 4691 repertum
3046 4622 3139 4674 est
3168 4610 3744 4695 Symbolum,pa_t_ria

381 4720 411 4753 «
447 4690 670 4769 fuerit;
722 4690 784 4757 6ὀ
830 4698 997 4774 quod
1050 4698 1179 4775 ipse
1229 4715 1369 4756 cum
1420 4694 1701 4772 ejusdem
1759 4690 2229 4775 inetropolitica:
2283 4690 2787 4775 urbis—antistite;
2831 4700 2961 4753 tum
3012 4690 3283 4775 sedente,
3338 4690 3744 4775 necessitudine

386 4801 415 4835 α
446 4778 731 4837 videatur
781 4770 1133 4853 obligatus;
1186 4780 1249 4835 7°
1291 4770 1467 4854 quod
1510 4776 1571 4833 in
1625 4775 1902 4853 aliquam
1958 4770 2039 4834 M.
2090 4773 2416 4834 Athanasii
2468 4773 3025 4854 similitudinema
3075 4774 3291 4851 patriis
3349 4775 3567 4833 ﬁnibus
3609 4770 3743 4854 velut

387 4879 414 4913 ‹‹
447 4857 713 4917 extorris
742 4850 976 4934 egerit;
1021 4858 1085 4915 8°
1117 4856 1284 4934 quod
1314 4850 1378 4915 in
1411 4856 1623 4933 aliquo
1654 4850 1766 4915 suo
1803 4854 1990 4932 priori
2022 4872 2211 4931 opere
2237 4854 2525 4934 Symboli
2558 4854 2924 4924 locutiones,
2957 4850 3451 4932 insignioresque
3483 4850 3740 4934 formulas

383 4962 414 4993 (ι
447 4932 806 5016 occuparit,
828 4956 939 4997 nec
972 4932 1174 4996 verbis
1205 4932 1600 4995 solummodo
1632 4936 1729 4994 vel
1760 4933 2305 5007 characteristicis,
2343 4939 2409 4993 ut
2453 4933 2541 4993 ita
2572 4934 2799 5005 dicam,
2835 4934 3113 5005 vocibus,
3133 4935 3256 5016 sed
3287 4932 3735 5016 transitionibus2

383 5042 411 5073 «
447 5020 551 5078 sed
575 5008 1187 5103 comparationibus,
1234 5016 1341 5075 sed
1388 5016 1607 5103 iisdem
1661 5022 2044 5103 postremum
2078 5021 2333 5103 tenore,
2385 5020 2880 5092 contexturaque
2928 5014 3262 5103 ratiocinii,
3307 5033 3449 5103 cum
3496 5008 3734 5103 Symboli

386 5122 415 5156 α
448 5098 743 5158 methodo
774 5102 835 5157 et
866 5096 1130 5156 artiﬁcio
1164 5114 1525 5173 progressus
1558 5096 1781 5166 fuerit;
1832 5098 1896 5155 9°
1928 5095 2095 5172 quod
2126 5094 2189 5153 in
2220 5094 2355 5172 ejus
2394 5113 2430 5152 a
2471 5112 2535 5153 se
2583 5100 2713 5153 tum
2762 5094 3060 5171 expositae
3111 5095 3253 5154 ﬁdei
3301 5094 3727 5157 confessionem,

382 5203 411 5235 α
448 5180 617 5239 miris
646 5196 719 5238 ac
748 5177 987 5237 iteratis
1019 5176 1242 5235 mentis
1271 5176 1624 5235 excessibus
1655 5182 1893 5253 raptus,
1926 5174 2205 5253 ejusdem
2236 5174 2578 5251 aliquando
2611 5174 3047 5241 retractandis,
3092 5180 3153 5234 et
3200 5174 3537 5252 elegantius
3574 5186 3730 5253 expo-

380 5285 407 5314 ‹‹
444 5259 666 5320 neudae
696 5257 997 5318 indicium
1033 5255 1415 5335 prodiderit;
1472 5256 1571 5314 l0°
1602 5249 1771 5332 quod
1812 5249 2128 5333 postremo
2159 5254 2238 5314 ad
2268 5249 2896 5335 hahqexppneudam
2924 5272 3178 5335 operam
3212 5249 3471 5335 solemni
3498 5249 3728 5335 promis-

379 5364 408 5395 «
444 5342 618 5402 sione
646 5358 780 5401 sese
809 5333 1267 5401 constrinxerit.
1301 5336 1452 5406 Qua:
1481 5335 1733 5412 gemina
1764 5336 2017 5397 tandem
2049 5341 2112 5398 et
2140 5352 2368 5413 urgens
2398 5333 2807 5395 elucubrandi
2840 5334 3125 5413 Symboli
3155 5335 3395 5395 occasio
3428 5333 3557 5393 fuit.
3588 5353 3613 5390 ιν

450 5623 527 5699 (3)
557 5621 845 5691 Quesnell.
879 5621 941 5679 in
972 5620 1109 5678 edit.
1138 5619 1196 5678 S.
1228 5618 1451 5679 Leonis.
