4002 6206
218 355 365 418 I577

1169 350 1536 417 DIA'I‘ItIBE
1584 356 1655 414 IN
1704 348 2143 415 SYMBOLUM
2189 348 2667 423 QUICUNQUE.

3467 360 3622 419 l578

290 497 433 553 Haec
464 493 705 553 erudite
736 511 883 552 sane
915 493 1268 560 observata,
1313 492 1363 551 si
1415 491 1569 550 alias
1618 496 1854 550 certum
1904 489 2243 566 qundpism
2296 496 2657 566 suppeteret
2693 508 2801 566 pro
2840 491 3161 550 Vincentio
3195 493 3621 552 testimonium

208 573 303 634 vel
337 574 570 663 codicis
601 576 702 663 vel
730 573 1049 650 scriptoris
1081 573 1370 663 alicujus,
1393 590 1536 663 eum
1571 570 1763 648 probe
1786 577 2357 663 commonstrarent
2388 570 2600 663 eximii
2626 571 2911 663 opusculi
2942 578 3289 663 auctorem.
3318 576 3623 663 Atndonec

209 654 439 713 certius
468 654 705 731 aliquid
739 662 1042 731 emergat,
1076 653 1191 711 sub
1232 650 1445 729 judice
1494 655 1665 710 litem
1720 650 1988 729 pendere
2036 668 2286 709 necesse
2335 657 2447 709 est.
2504 653 2655 709 Nam
2707 651 2875 728 quod
2928 651 3129 727 primo
3180 653 3319 713 loco
3369 653 3621 725 dicitur,

208 734 453 793 etiamsi
482 735 878 810 exploratum
911 742 1091 802 esset,
1127 733 1445 792 inﬁrmum
1484 738 1690 791 tamen
1723 749 1856 790 esse
1903 748 2086 790 nemo
2136 749 2260 789 non
2310 731 2630 790 fateretur.
2684 731 2861 801 Quod
2912 731 3080 790 enim
3134 732 3494 793 Vincentius
3543 752 3620 794 eo

210 814 493 874 ﬂoruerit
541 832 699 883 aevo,
751 833 876 891 quo
927 813 1158 891 prodiit
1206 813 1575 891 Symbolum
1613 832 1625 871 :
1680 829 1755 870 ea
1794 829 1943 869 sane
1984 829 2107 869 non
2141 810 2289 870 "satis
2319 817 2465 887 apta
2497 810 2859 889 conjectura
2890 812 3097 882 fuerit,
3135 819 3201 872 ut
3229 813 3365 888 ejus
3397 821 3620 874 auctor

208 894 617 954 existimetur.
644 896 779 955 Non
811 912 976 970 aegre
1007 893 1256 970 quidem
1290 893 1700 951 concesserim
1724 891 2030 951 Vincentii
2062 898 2243 951 aetate
2275 893 2502 950 editam
2538 891 2727 949 fuisse
2756 891 2930 950 illam
2966 893 3106 952 ﬁdei
3140 894 3613 970 professionem,

212 993 326 1035 nec
355 984 564 1034 tamen
596 975 825 1034 codicis
849 973 1187 1034 Colbertini
1217 974 1590 1032 auctoritate
1620 971 1840 1030 nititur
1870 971 2005 1031 haec
2035 972 2269 1049 opinio,
2298 990 2483 1048 quem
2519 972 2860 1031 arbitratur
2889 973 3285 1032 Anthelmius
3319 976 3473 1034 IIUO
3506 993 3619 1033 an—

211 1073 460 1114 norum.
503 1056 738 1114 Etenim
792 1054 981 1133 (quod
1016 1072 1168 1131 pace
1204 1054 1313 1111 viri
1345 1052 1759 1133 eruditissimi
1798 1058 1859 1110 et
1901 1051 2259 1133 amicissimi
2293 1050 2559 1129 dicatur)
2613 1052 2810 1110 multo
2863 1052 3119 1112 minoris
3174 1054 3375 1113 aetatis
3423 1056 3619 1115 codex

211 1154 344 1194 esse
394 1132 844 1213 comprobatur
877 1155 890 1193 :
950 1152 1133 1193 nemo
1186 1134 1349 1192 enim
1392 1133 1630 1213 peritus
1668 1132 1767 1191 cui
1800 1132 2025 1213 librum
2060 1132 2473 1200 exhibuerim,
2509 1138 2729 1190 octavo
2761 1150 2901 1191 eum
2937 1134 3166 1193 saeculo
3200 1135 3616 1212 antiquiorem

211 1212 562 1275 aestimavit.
602 1219 751 1286 Quae
780 1220 1249 1291 consequuntur
1278 1220 1486 1273 autem
1520 1219 1896 1290 argumenta
1934 1212 2011 1271 ad
2054 1220 2347 1271 octavum
2399 1230 2619 1288 usque,
2672 1231 2795 1270 non
2845 1215 3369 1274 controvertenda
3403 1235 3416 1276 :
3471 1234 3616 1274 nam

208 1296 297 1355 ita
333 1302 724 1374 compertum
777 1302 870 1354 est
917 1296 1190 1373 potuisse
1238 1293 1580 1363 hominem,
1611 1292 1730 1374 cui
1778 1292 1913 1351 haec
1960 1292 2389 1374 convenerint,
2442 1293 2625 1374 edere
2674 1292 3065 1370 Symbolum,
3120 1302 3187 1354 ut
3234 1314 3357 1354 non
3410 1296 3614 1354 minus

206 1372 605 1453 exploratum
651 1376 731 1435 sit
779 1372 1054 1453 potuisse
1099 1374 1314 1448 alium,
1350 1374 1449 1433 cui
1490 1373 1647 1432 nihil
1694 1390 1912 1432 eorum
1961 1378 2299 1453 competat,
2349 1372 2501 1431 illud
2551 1373 2881 1453 adornare.
2941 1380 3145 1445 Quare
3194 1376 3273 1434 ad
3323 1382 3617 1435 octavum

210 1452 377 1533 quod
436 1456 701 1533 alicujus
756 1474 905 1514 sane
962 1454 1262 1515 momenti
1318 1458 1408 1514 est
1464 1453 1860 1513 accedamus.
1906 1453 2148 1533 Petitur
2200 1452 2351 1511 illud
2414 1471 2489 1511 ex
2547 1452 2918 1529 quibusdam
2978 1454 3277 1532 loquendi
3336 1456 3620 1515 formulis

214 1532 508 1614 magnam
543 1532 683 1594 cum
720 1534 1003 1614 Symboli
1035 1534 1357 1613 particulis
1394 1533 1767 1612 quibusdam
1786 1532 2258 1592 similitudinem
2293 1533 3281 1614 referentibus,quasaccurateex
3314 1536 3625 1595 Vincentii

204 1613 697 1677 Commonitorio
729 1614 984 1693 collegit
1010 1614 1303 1675 laudatus
1329 1614 1443 1690 vir,
1477 1619 1539 1674 et
1580 1614 1730 1693 quia
1770 1631 1881 1673 nec
1908 1631 2125 1692 paucas
2157 1631 2271 1673 nec
2299 1614 2665 1691 spernendae
2696 1613 2821 1673 illae
2852 1620 3018 1684 sunt,
3053 1633 3158 1676 eas
3189 1616 3290 1676 hic
3325 1614 3620 1676 exhibere

203 1714 331 1757 non
366 1698 600 1776 pigeat.

1632 1841 1912 1898 TABULA
1951 1840 2196 1896 PRIMA.

673 1971 973 2042 Exceptum
1011 1984 1080 2025 ex
1117 1969 1388 2040 Symboto.

286 2065 328 2115 Ι.
367 2060 531 2115 Fides
567 2064 761 2114 autem
787 2063 1101 2114 Carsoucs
1125 2058 1243 2113 haec
1265 2062 1373 2122 est,
1398 2062 1461 2112 ut
1480 2073 1649 2113 UNUM
1682 2057 1865 2112 Deum

226 2150 285 2188 IN
318 2133 643 2197 TRINITLTE,
678 2136 734 2186 et
762 2132 1117 2186 TRINITATEM
1158 2147 1218 2186 IN
1250 2131 1473 2185 unitate
1503 2145 1863 2184 VENEREMUR.

291 2293 361 2346 II.
423 2295 622 2353 NEQUE
670 2306 1110 2347 CONFUNDENTES
1151 2305 1458 2358 passoms,
1500 2305 1687 2351 NEQUE
1726 2304 1863 2343 sue-

221 2380 497 2419 ΒΤΑΝΤΙΔΜ
540 2378 915 2418 εεΡΑκΑΝτΕε.

283 2522 377 2579 III.
422 2525 562 2577 Anu
603 2540 695 2578 ss'r
742 2521 898 2577 enim
954 2537 1206 2577 PERSONA
1263 2522 1493 2593 Purus,
1530 2539 1662 2577 sua
1701 2520 1863 2588 FILII,

210 2611 344 2649 ALIA
386 2594 660 2650 Splni'rus
700 2610 918 2649 SANCTI.

284 2700 377 2755 IV.
403 2701 513 2755 Sen
553 2700 782 2770 Pyrrus,
817 2717 882 2754 ET
911 2700 1073 2767 FILII,
1106 2716 1175 2754 ET
1211 2700 1471 2755 SPIBITUS
1512 2716 1708 2754 BANCTI
1750 2715 1869 2754 UNA

212 2778 303 2828 est
334 2772 634 2839 divinitas,
666 2771 907 2843 aequalis
936 2772 1144 2844 gloria,
1175 2776 1461 2827 conteras.
1494 2771 1792 2841 Majestas.

1883 1969 1938 2034 Α

2353 1971 2683 2039 Excerptum
2720 1984 2749 2024 θ
2789 1968 3232 2027 Commonitorio.

2046 2055 2087 2110 Ι.
2123 2055 2380 2111 Ecclesia
2426 2073 2558 2111 vero
2599 2057 2913 2112 Caranum
2947 2075 3109 2115 UNAM
3154 2060 3519 2120 Divinitatem
3562 2082 3619 2121 IN

1974 2127 2297 2183 TBINITATIS
2340 2127 2730 2204 plenitudine,
2752 2134 2809 2204 et
2858 2130 3187 2186 TRINITATIS
3227 2135 3621 2204 aequalitatem

1975 2216 2033 2253 IN
2076 2216 2191 2255 UNA
2236 2206 2411 2270 atque
2442 2200 2643 2254 eadem
2677 2200 2982 2270 Majestate
3014 2200 3373 2260 szsmrua.

2048 2297 2115 2351 II.
2161 2301 2242 2351 U'r
2282 2313 2469 2358 NEQUE
2511 2296 2890 2368 singularitas
2922 2315 3301 2366 SUBSTANTIE,
3344 2320 3623 2361 pensem-

1974 2385 2101 2423 nUM
2141 2385 2476 2423 CONFUNDAT
2506 2369 2943 2439 proprietatem,
2978 2388 3162 2433 NEQUE
3194 2374 3334 2429 item
3375 2376 3627 2432 Trinita-

1977 2439 2055 2495 tis
2086 2440 2406 2507 distinctio,
2442 2440 2727 2495 unitatem
2759 2458 3001 2498 SEPARET
3038 2442 3301 2501 Deitatis.

2049 2537 2146 2591 III.
2178 2537 2326 2601 Quia
2369 2536 2593 2592 scilicet
2630 2556 2757 2592 ALIA
2794 2556 2895 2595 EST
2934 2556 3188 2597 ransom
3229 2543 3455 2611 PATRIS,
3496 2561 3626 2599 ΑιιΑ

1977 2608 2138 2676 Ριωι,
2180 2627 2307 2664 au».
2337 2614 2605 2664 SPIRITUS
2645 2626 2861 2665 SANCTI.

2046 2698 2135 2753 IV.
2178 2698 2290 2753 SED
2329 2698 2535 2754 PATRIS
2565 2715 2629 2753 ET
2675 2700 2832 2765 [711.11,
2875 2717 2938 2754 ET
2966 2702 3235 2758 Spianus
3272 2719 3472 2759 SANCTI
3505 2721 3621 2760 non

1975 2767 2091 2824 alia
2118 2774 2174 2824 et
2204 2769 2336 2837 alia,
2371 2770 2470 2826 sed
2503 2787 2620 2826 UHA
2650 2772 2970 2844 eademque
3002 2778 3232 2829 natura.

1576 2866 1862 2925 TABULA
1903 2866 2249 2925 SECUNDA.

668 2971 1001 3040 Excerptum
1043 2985 1117 3024 ex
1161 2968 1412 3041 Symbolo

291 3057 332 3111 Ι.
366 3057 466 3111 Est
497 3072 633 3113 ergo
666 3057 809 3112 fides
857 3062 1013 3113 recta
1047 3074 1117 3113 UT
1146 3058 1454 3112 credamus
1484 3060 1540 3112 et
1568 3073 1866 3111 conrnu-

218 3145 369 3194 MUR,
407 3128 544 3200 quia
576 3128 861 3184 Dominus
891 3134 1089 3185 noster
1116 3130 1288 3185 Jesus
1334 3128 1600 3185 Christus
1632 3128 1733 3182 DEI
1776 3128 1864 3183 FI-

221 3202 371 3267 Livs,
419 3207 568 3256 Usus
609 3218 675 3255 ET
713 3217 869 3256 HOMO
907 3217 1025 3256 EST.

286 3341 358 3397 II.
393 3340 546 3396 Deus
584 3347 674 3397 est
720 3359 789 3396 sx
829 3341 1162 3397 substantia
1207 3340 1411 3397 PATRIS
1457 3357 1598 3395 ANTE
1634 3355 1865 3394 διεοοω

213 3429 486 3477 GENITUS,
527 3418 584 3467 et
616 3413 790 3468 homo
822 3419 911 3470 est
932 3430 1003 3468 sx
1029 3413 1361 3469 substantia
1394 3413 1616 3468 MATRIS
1655 3428 1713 3467 IN
1756 3426 1864 3465 ειε-

215 3500 362 3541 sULO
404 3490 598 3541 natus.

288 3572 385 3627 III.
431 3572 757 3628 Psarsc'rus
796 3572 964 3641 Dsus,
1000 3589 1319 3628 psnrscrus
1350 3588 1530 3640 HOMO,
1574 3589 1643 3626 sx
1681 3587 1863 3627 ANIMA

214 3645 492 3700 rationali
523 3650 580 3700 et
610 3645 869 3700 humana
899 3661 1081 3700 GARNB
1121 3661 1471 3701 SUBBIS‘I‘ENS.

290 3950 384 4004 ιν.
417 3950 686 4013 ιΕουΑιιιε
717 3954 889 4005 ΡΑτιιι
916 3949 1248 4004 sdcundum
1270 3948 1641 4005 Divinitatem
1676 3966 1862 4005 MINOR

210 4021 405 4078 Pares
434 4022 756 4078 secundum
793 4021 1237 4077 humanitatem.

1899 3234 1946 3299 B

2364 2967 2689 3038 Excerptum
2717 2984 2746 3023 e
2786 2967 3224 3025 Commonitorio.

2051 3053 2518 3129 I.‘Vehementsr
2568 3055 2721 3129 enim
2784 3073 3102 3128 praecavere
3159 3059 3478 3129 debemus,
3547 3079 3621 3118 UT

1976 3126 2269 3182 Christum
2302 3144 2415 3182 non
2451 3128 2621 3182 modo
2655 3126 2859 3200 unum,
2881 3129 2978 3183 sed
3014 3145 3246 3200 semper
3276 3126 3620 3188 unum'CON-

1976 3215 2285 3273 numina.
2320 3241 2331 3252 .
2372 3240 2384 3253 .
2423 3241 2435 3252 .
2473 3216 2625 3273 unus
2658 3199 2929 3273 idemque
2960 3199 3248 3265 Christus,
3274 3206 3467 3259 FILIUS
3494 3205 3619 3273 DEI,

1979 3286 2132 3325 unus
2168 3271 2436 3342 idemque
2468 3270 2755 3337 Christus,
2793 3272 2944 3326 Deus
2985 3288 3051 3325 ET
3090 3289 3261 3328 HOMO.

2048 3360 2114 3413 ll.
2141 3359 2298 3414 Idem
2331 3376 2395 3413 ει
2432 3360 2618 3415 Pun;
2646 3376 2793 3414 ANTE
2826 3376 3056 3415 sanum
3086 3376 3348 3430 GENITUS,
3374 3362 3527 3418 idem
3561 3380 3620 3419 ιχ

1974 3446 2156 3485 unus
2194 3447 2254 3485 IN
2284 3446 2515 3486 saccum
2553 3437 2884 3503 generatus.

2045 3573 2142 3627 III.
2184 3573 2512 3629 PERFECTUS
2557 3576 2731 3636 Deus,
2773 3591 3081 3630 PEerC'rus
3134 3591 3312 3642 HOMO,
3372 3575 3429 3629 in
3493 3575 3614 3630 Deo

1973 3661 2207 3701 summa
2251 3645 2555 3714 Divinitas,
2599 3647 2655 3700 in
2707 3645 2948 3718 homine
2997 3646 3167 3718 plena
3215 3645 3554 3701 humanitas
3596 3662 3609 3700 :

1973 3718 2195 3789 quippe
2217 3734 2342 3788 qua:
2373 3718 2632 3772 animam
2668 3717 2845 3772 simul
2877 3717 3088 3773 habeat
3118 3723 3175 3772 et
3202 3734 3462 3772 CARNEM.
3495 3759 3507 3771 .
3546 3758 3557 3770 .
3596 3760 3609 3772 .

1970 3788 2039 3843 Ex
2062 3788 2283 3859 duplici
2306 3789 2644 3858 diversaque
2666 3805 2999 3844 susslerNs
3023 3789 3204 3844 animi
3229 3789 3612 3860 corporisque

1970 3865 2197 3917 natura.

2046 3953 2136 4003 IV.
2188 3948 2328 4003 Dure
2387 3947 2731 4002 substantia:
2790 3951 2949 4016 sunt,
2992 3965 3108 4003 una
3165 3953 3496 4014 coaeterna,
3563 3954 3621 4005 et

1970 4036 2225 4083 (EQUALIS
2258 4024 2433 4075 PATRI
2458 4037 2473 4089 ;
2502 4018 2683 4074 altera
2712 4036 2781 4075 ex
2818 4023 3077 4091 tempore
3107 4024 3163 4076 et
3195 4037 3382 4076 MINOR
3409 4021 3616 4077 Pares.

1524 4172 1672 4230 851
1718 4172 1995 4229 TABULA
2033 4172 2317 4229 TERTIA.

683 4304 1013 4371 Excerptum
1034 4315 1105 4355 ex
1126 4299 1404 4370 Symbolo.

290 4390 333 4446 Ι.
377 4390 481 4454 Qui
516 4389 651 4444 licet
683 4394 835 4444 Deus
875 4388 952 4444 sit
997 4394 1055 4444 et.
1096 4388 1295 4460 homo,
1336 4404 1449 4443 NON
1490 4404 1605 4444 nuo
1645 4392 1863 4443 tamen.

218 4462 327 4518 sed
362 4477 514 4517 UNUS
554 4478 655 4517 ss'r
684 4464 985 4517 CHRISTUS.

291 4621 366 4676 II.
403 4621 562 4678 UNus
601 4637 797 4676 AU'I‘EM
855 4638 965 4676 NON
1015 4635 1406 4675 COstRsIONE
1460 4636 1771 4675 DIVINTATIS
1810 4619 1869 4674 in

214 4709 479 4763 carnem,
540 4693 641 4748 sed
701 4692 1108 4763 assumptione
1166 4708 1551 4747 HUMANITATIS
1591 4692 1647 4745 in
1691 4708 1870 4747 nsum.

218 4763 389 4821 Usus
419 4766 659 4819 omnino
691 4781 803 4819 NON
833 4780 1188 4820 CONFUSIONE
1218 4764 1578 4825 substantiae,
1603 4779 1706 4818 seu
1739 4779 1872 4818 UNI-

219 4853 364 4891 τΑἸῈ
402 4852 696 4891 PERSONE.

300 4925 398 4980 III.
433 4924 577 4978 Nam
639 4940 799 4980 SICUT
853 4941 1036 4978 ANIMA
1091 4922 1390 4978 rationalis
1440 4928 1496 4978 et
1534 4940 1679 4978 cano
1719 4940 1874 4978 unus

222 5011 332 5051 ss'r
370 5012 553 5061 HOMO,
594 5012 684 5050 ποι-Α
723 4995 878 5051 Dsus
909 5000 965 5050 et
1010 4995 1182 5050 homo
1223 5011 1379 5051 UNUS
1426 5012 1525 5050 ss'r
1563 4999 1869 5050 CHRISTUS.

300 5244 392 5302 IV.
435 5243 542 5312 Qui
573 5245 795 5301 Passus
836 5249 922 5300 est
951 5260 1055 5316 pro
1087 5243 1275 5299 salute
1306 5249 1527 5315 nostra,
1561 5250 1672 5300 etc.

2371 4301 2698 4370 Excerptum
2728 4314 2757 4353 e
2788 4298 3227 4355 Commonitorio.

2047 4391 2091 4442 Ι.
2134 4386 2305 4442 UNUM
2342 4386 2638 4442 Christum
2684 4386 2913 4453 Jesum,
2955 4404 3067 4442 NON
3099 4403 3266 4455 DUOS,
3317 4387 3625 4442 eumdem-

1975 4472 2086 4529 que
2120 4463 2279 4513 DEUM
2320 4457 2537 4529 pariter
2574 4463 2749 4529 atque
2782 4474 3141 4513 HOMINEM....
3192 4467 3244 4515 et
3276 4457 3383 4514 hoc
3434 4463 3623 4516 totum

1974 4545 2129 4586 UNUS
2170 4547 2269 4585 EST
2304 4545 2609 4585 UHBISTUS.

2056 4623 2125 4673 ll.
2169 4619 2329 4674 UNUS
2366 4636 2545 4673 AUTE!
2584 4635 2785 4673 NON....
2820 4635 3161 4673 DIVINITATIS
3201 4622 3257 4673 et
3298 4635 3625 4675 BUMANITA-

1980 4706 2068 4744 TIS
2109 4707 2480 4756 CONFUSIONE,
2515 4706 2617 4744 SED
2660 4705 2899 4745 UNITATB
2942 4706 3302 4746 PIRSONE....
3338 4708 3449 4746 NON
3488 4707 3626 4747 CON‘

1982 4778 2254 4816 VERSIONE
2286 4767 2525 4827 naturas,
2560 4778 2660 4817 εει)
2701 4777 2991 4817 pEasomE.

2055 4921 2149 4976 III.
2181 4922 2361 4992 Igitur
2390 4937 2552 4976 sxcur
2580 4937 2760 4976 ANIMA
2792 4938 3053 4977 connexa
3082 4938 3275 4988 CARNI,
3303 4940 3417 4978 non
3439 4924 3631 4978 imita-

1984 4998 2079 5048 tur
2132 4993 2449 5057 hominem,
2484 4994 2582 5047 sed
2637 5010 2735 5047 EST
2783 5010 2962 5061 HOMO,
3008 5012 3095 5049 ιιι-Α
3134 4995 3331 5059 etiam,
3373 4995 3628 5050 Verbum

1983 5065 2164 5131 Deus,
2198 5065 2454 5119 uniendo
2485 5080 2546 5119 se
2598 5064 2916 5120 homini....
2954 5066 3141 5121 factus
3175 5082 3277 5121 ss'r
3314 5083 3540 5121 HOMO...
3573 5071 3632 5122 et

1982 5154 2050 5192 ex
2108 5136 2339 5191 duabus
2369 5136 2719 5192 substantiis
2758 5153 2911 5193 UNus
2952 5154 3051 5193 ss'r
3089 5143 3387 5193 CHRISTUS.

2055 5261 2146 5314 IV.
2182 5258 2437 5315 Ecclesia
2488 5259 2671 5316 Deum
2721 5262 3051 5318 secundum
3102 5261 3399 5319 hominem
3448 5259 3634 5316 credit

1984 5332 2227 5398 factum,
2269 5348 2519 5401 passum,
2552 5336 2661 5388 etc.

313 5517 461 5577 Haec
488 5515 554 5576 in
583 5515 889 5579 Vincentii
924 5516 1417 5578 Commonitorio
1447 5514 1711 5595 sparsim
1746 5514 1969 5594 posita,
1999 5514 2064 5575 in
2092 5532 2286 5574 unum
2319 5514 2569 5593 collegit
2599 5513 2891 5576 laudatus
2924 5515 3015 5575 vir
3040 5511 3436 5595 Anthelmius
3470 5530 3484 5573 :
3530 5532 3635 5576 va-

248 5597 429 5659 idum
461 5596 607 5658 hinc
634 5595 774 5657 elici
805 5603 977 5657 ratus
1007 5592 1623 5675 argumentum—quo
1654 5592 2021 5675 Symbolum
2053 5595 2380 5657 Vincentio
2410 5592 2613 5656 eidem
2646 5592 3347 5675 Lirinensiiascribatur.
3378 5596 3453 5675 Et
3482 5613 3636 5655 sane

253 5678 298 5741 d
325 5676 521 5760 probe
550 5677 779 5738 eruditi
809 5678 924 5738 viri
952 5673 1341 5756 argumentis
1368 5673 1720 5752 conﬁcitur,
1752 5676 1916 5739 nihil
1944 5694 2297 5758 repugnare
2328 5676 2589 5750 scilicet,
2621 5682 2691 5737 ut
2718 5676 2798 5736 sit
2826 5674 2983 5736 illud
3013 5673 3325 5736 Vincentii
3355 5674 3644 5737 Lirinen-

563 5811 821 5874 ΡΑι-ιιοι..
870 5812 980 5876 Gs.
1026 5810 1298 5877 XXVIII.

3245 5808 3326 5871 50
