4002 6206
178 5718 225 5751 Γ

406 334 558 395 I579
1564 331 1628 392 S.
1676 332 2231 395 ATHANASIUS..
2270 365 2345 380 —-
2373 331 2688 395 SPUBIA.
3618 340 3735 401 t580

401 468 485 529 sis
514 486 694 549 opus.
729 468 879 539 Quae
909 465 1074 549 enim
1099 464 1370 549 _gravior_
1385 482 1459 549 ea
1488 464 1551 525 in
1587 484 1649 525 re
1679 484 2008 527 occurrere
2038 466 2283 527 videtur
2312 467 2672 549 difficultas.
2694 484 2778 549 ex
2810 467 3133 527 confutata
3164 486 3386 547 nempe
3414 469 3474 528 in
3502 471 3739 549 Symbolo

403 546 769 626 Eutychetis
800 547 1021 606 haeresi
1053 547 1218 605 hisce
1248 546 1492 605 verbis:
1534 569 1561 602 α
1588 549 1759 608 Unus
1787 548 2044 607 omnino
2075 566 2197 607 non
2222 548 2585 608 confusione
2613 548 3009 618 substantias,
3033 548 3138 608 sed
3174 546 3407 609 unitate
3438 546 3731 627 personae,»

406 631 593 708 plane
622 629 867 687 levatur
896 645 969 687 ex
1002 626 1186 686 simili
1217 627 1693 708 Commonitorii
1724 629 1861 687 loco
1890 628 2177 706 superius
2209 629 2413 706 posito
2446 643 2489 708 :7
2516 646 2590 687 ex
2633 647 2758 706 quo
2791 628 2999 706 palam
3031 637 3147 702 est,
3179 639 3324 689 ante
3352 626 3742 692 Chalcedonen-

405 707 536 769 sem
568 708 876 786 synodum
908 708 971 766 in
1006 726 1119 766 usu
1153 707 1339 766 fuisse
1368 724 1507 765 eam
1540 708 1839 781 loquendi
1872 708 2233 768 formulam.
2279 707 2602 785 Siquidem
2648 709 3007 768 Vincentius
3048 708 3111 768 in
3156 710 3621 771 Communitorio
3661 715 3743 772 ali-

406 796 564 868 quot
594 795 739 847 ante
768 806 904 847 eam
937 787 1245 865 synodum
1278 787 1459 846 annis
1489 806 1526 868 a
1556 805 1620 846 se
1652 789 2034 866 conscripto,
2056 788 2131 847 iis
2160 793 2253 849 est
2285 807 2429 847 usus
2461 788 2736 848 vocibus.
2764 791 3060 849 Fatemur
3090 796 3295 849 tamen
3328 791 3499 849 nobis
3527 793 3745 853 nondum

405 867 660 948 prorsus
690 874 997 938 constare,
1034 868 1220 927 fuisse
1249 867 1617 945 Symbolum
1651 886 1687 927 a
1716 868 2041 928 Vincentio
2074 867 2377 928 Lirinensi
2406 870 2832 947 conscriptum
2870 890 2884 930 :
2936 869 3000 928 id
3039 870 3241 929 solum
3273 870 3505 948 liquet:
3553 881 3611 930 ut
3635 874 3745 932 Vin-

406 950 647 1010 centius
675 950 739 1007 in
770 948 1262 1007 Commonitorio
1292 965 1473 1007 voces
1505 948 1735 1025 passim
1770 948 1831 1007 in
1866 948 2141 1009 Ecclesia
2172 967 2285 1008 suo
2317 967 2450 1008 aevo
2481 949 2845 1009 observatas
2887 967 2999 1027 pro
3050 950 3171 1009 ﬁde
3217 951 3575 1028 exponenda
3614 972 3745 1011 usur-

405 1031 599 1109 pavit,
635 1028 721 1088 ita
742 1036 1072 1109 auctorem
1095 1028 1412 1109 Symboli,
1446 1028 1729 1106 quisquis
1769 1029 2024 1088 tandem
2062 1028 2169 1088 ille
2220 1028 2321 1100 sit,
2374 1029 2629 1089 vocibus
2678 1048 2859 1089 usum
2912 1048 3043 1089 esse
3091 1048 3204 1089 suo
3253 1049 3385 1091 sevo
3434 1031 3492 1090 in
3535 1033 3751 1092 Ecclesia

403 1108 702 1188 receptis;
736 1108 861 1168 imo
893 1108 1301 1186 conspicuum
1332 1114 1424 1168 est
1453 1114 1744 1167 neutrum
1777 1109 1965 1169 aliam
1997 1116 2206 1169 tenere
2237 1110 2427 1181 viam,
2462 1110 2604 1170 aliis
2636 1110 2725 1169 uti
2768 1109 2952 1169 dictis
3001 1110 3309 1170 debuisse.
3367 1113 3451 1170 Ea
3494 1115 3638 1171 enim
3677 1120 3747 1172 est

403 1189 813 1270 consuetudo,
849 1194 918 1247 ut
946 1188 1009 1247 in
1051 1188 1352 1270 cudendis
1392 1189 1708 1266 Symbolis
1753 1194 1814 1248 et
1864 1190 2035 1250 Fidei
2082 1190 2599 1270 confessionibus,
2653 1190 2953 1268 loquendi
3003 1191 3204 1250 solum
3254 1209 3484 1268 genera
3530 1193 3685 1270 vulgo
3725 1210 3752 1253 ι

403 1269 740 1350 Catholicis
768 1274 1072 1350 usurpata
1104 1268 1543 1350 adhibeantur,
1580 1286 1692 1328 nec
1724 1288 1888 1330 nova
1914 1269 2420 1343 introducantur,
2454 1270 2571 1330 nisi
2598 1271 2661 1330 in
2692 1270 2970 1350 synodis,
3019 1288 3091 1331 ac
3130 1289 3209 1330 ne
3256 1273 3321 1330 in
3368 1271 3605 1350 synodis
3632 1268 3749 1350 qui-

408 1354 571 1424 dem,
610 1349 728 1409 nisi
757 1349 1128 1427 gravissima
1156 1348 1232 1408 de
1264 1366 1472 1409 causa.

488 1429 664 1502 Quod
699 1435 1014 1523 postremo
1037 1431 1173 1489 loco
1199 1429 1449 1521 dicitur,
1480 1428 1876 1523 Vincentium
1908 1428 2164 1523 ad.ﬂ_dei
2193 1428 2659 1523 confessionem.
2679 1429 2886 1523 denuo
2917 1429 3315 1523 tractandam
3346 1435 3410 1490 et
3455 1431 3747 1523 explan-an:

414 1510 561 1569 dam
590 1527 724 1570 sese
755 1508 1019 1569 solemni
1052 1509 1467 1588 promissione
1498 1509 1962 1581 constrinxisse,
1996 1509 2061 1569 id
2090 1527 2241 1569 sane
2296 1511 2373 1569 de
2399 1510 2705 1588 Symbolo
2735 1508 3104 1587 huiusmodi
3146 1510 3513 1571 adornando
3538 1508 3754 1588 intelligi

413 1609 539 1650 non
577 1608 758 1668 posse
790 1589 987 1667 liquet
1015 1587 1091 1649 ex
1122 1589 1256 1666 ejus
1287 1590 1489 1650 verbis
1524 1606 1536 1647 :
1578 1612 1609 1643 «
1643 1591 1785 1649 Hzec
1813 1590 1878 1649 in
1907 1608 2196 1664 excursu,
2234 1587 2460 1668 inquit.
2494 1589 2664 1650 dicta
2692 1590 3111 1661 sunt,alias,si
3139 1592 3268 1650 Deo
3300 1590 3613 1667 placuerit,
3640 1587 3755 1651 ube-

409 1672 538 1731 rius
568 1672 898 1730 tractanda
926 1675 989 1729 et
1017 1668 1412 1748 explicanda.
1448 1692 1478 1724 »
1515 1669 1665 1740 Quis
1685 1669 1851 1751 enim
1885 1689 2006 1730 non
2051 1669 2285 1751 videat,
2302 1668 2408 1730 his
2436 1670 2839 1751 prolixiorem
2858 1670 3138 1751 promitti
3160 1677 3635 1751 tractatummon
3656 1671 3754 1751 ipso

412 1751 699 1829 symbolo
734 1756 1001 1822 tantum,
1028 1751 1135 1809 sed
1163 1751 1353 1809 etiam
1386 1749 1868 1810 commonitorio
1894 1767 1918 1831 7:
1954 1750 2126 1829 quod
2161 1748 2358 1810 multo
2390 1750 2695 1831 prolixius
2738 1757 2830 1809 est
2860 1748 3181 1829 Symbolo,
3220 1750 3562 1831 Quicunque
3593 1754 3618 1810 ?

489 1832 799 1891 Caeterum
832 1849 974 1890 cum
1006 1848 1079 1889 ex
1114 1830 1320 1889 allatis
1352 1848 1542 1907 supra
1567 1830 1939 1889 testimoniis
1960 1831 2249 1890 videatur
2270 1831 2330 1890 in
2354 1830 2541 1889 Galiis
2566 1830 2833 1907 primum
2869 1831 3171 1890 celebrari
3200 1830 3471 1907 coepisse
3494 1832 3600 1891 hoc
3626 1833 3758 1909 Sym-

405 1910 645 1982 bolum,
681 1911 851 1969 haud
882 1911 993 1969 abs
1026 1928 1090 1969 re
1122 1911 1481 1985 conjectant
1529 1910 1755 1968 eruditi
1809 1910 1943 1980 viri,
1990 1911 2052 1969 in
2085 1911 2300 1971 Galliis
2330 1911 2485 1969 illud
2529 1911 2716 1969 fuisse
2763 1911 3221 1971 elucubratum.
3256 1911 3441 1982 Quod
3474 1912 3607 1970 item
3634 1913 3755 1970 forte

408 1993 672 2050 suadeat
703 1990 1171 2068 antiquissimus
1201 1990 1306 2048 ille
1336 1990 1399 2048 in
1432 1990 1647 2049 Galliis
1686 1996 1748 2049 et
1776 1991 1839 2048 in
1869 1991 2095 2067 Anglia
2142 2009 2277 2050 mos
2334 1990 2617 2068 Symboli
2662 1991 3019 2049 alternatim
3070 1992 3443 2051 concinendi
3480 2009 3492 2050 :
3526 1993 3756 2069 itemque

407 2089 553 2130 mss.
587 2071 1049 2132 Gallicanorum
1083 2070 1265 2148 copia
1296 2075 1356 2129 et
1385 2069 1745 2147 antiquitas.
1779 2071 2051 2130 Treviris
2098 2078 2309 2131 autem
2338 2071 2416 2129 ab
2448 2070 2792 2130 Athanasio
2842 2072 3029 2131 fuisse
3073 2072 3451 2131 adornatum
3487 2079 3751 2131 testantur

404 2155 549 2213 Otto
582 2151 846 2231 Frising.
879 2158 943 2211 et
974 2159 1113 2228 post
1140 2151 1319 2209 illum
1353 2150 1922 2231 DurandusADero/f.
1956 2150 2221 2231 dz'v.rlib.
2257 2169 2342 2221 xv,
2376 2168 2515 2228 cap,
2547 2155 2603 2210 2.
2641 2150 2766 2211 Sed
2793 2152 3094 2210 Baronius
3123 2151 3203 2211 ad
3236 2154 3540 2220 ann.3AU.
3571 2153 3755 2231 opina-

407 2236 510 2291 tur
538 2230 617 2291 ab
645 2230 989 2291 Athanasio
1020 2232 1233 2290 Romae
1260 2229 1637 2290 catholicam
1670 2229 1813 2289 fidei
1846 2230 2293 2308 professionem
2325 2248 2536 2291 coram
2558 2232 2724 2291 Julio
2759 2231 3260 2310 pontiﬁce_fuisse
3292 2229 3628 2292 recitatam.
3656 2235 3761 2303 Qua

407 2311 484 2373 de
514 2328 581 2371 re
610 2311 762 2390 quid
784 2311 1177 2373 sentiendum
1207 2311 1289 2371 sit
1316 2329 1393 2371 ex
1424 2310 1856 2389 superioribus
1890 2310 2120 2391 liquet.

1146 2605 1247 2668 IV.
1278 2604 1369 2667 De
1395 2605 1580 2667 variis
1606 2603 1873 2687 Symboli
1898 2603 2203 2685 famulis,
2238 2625 2368 2667 cum
2403 2605 2659 2681 Latinis,
2692 2617 2816 2668 tum
2848 2605 3096 2671 Grecis.

494 2858 697 2919 Latini
726 2857 972 2939 codices
1000 2858 1285 2939 plerique
1316 2876 1533 2919 omnes
1561 2858 1939 2939 Symbolum
1964 2857 2261 2919 exhibent
2283 2877 2425 2919 cum
2450 2860 2782 2939 perpaucis
2802 2861 3371 2933 varietatibus,uno
3394 2866 3639 2939 excepto
3656 2860 3766 2920 Col-

414 2939 662 3000 bertino
692 2938 1152 3017 antiquissimo,
1185 2938 1293 3017 qui
1325 2958 1449 2999 non
1480 2939 1811 3011 sententia,
1842 2938 1950 2998 sed
1985 2939 2175 2999 verbo
2206 2945 2449 2999 tantum
2481 2938 2660 3000 tenus
2693 2941 2959 3001 multum
2994 2942 3308 3018 discrepat
3338 2942 3420 3001 ab
3452 2938 3641 3001 editis.

496 3022 727 3081 Graecae
752 3037 898 3079 vero
930 3019 1217 3079 formula;
1243 3020 1330 3078 ita
1360 3021 1522 3078 inter
1551 3038 1614 3078 se
1648 3018 1993 3089 dissonent,
2032 3026 2096 3077 ut
2125 3038 2164 3079 a
2222 3021 2408 3080 variis
2456 3021 2907 3097 interpretibus
2935 3040 3011 3081 ex
3070 3024 3292 3082 Latino
3326 3025 3538 3082 Graece
3586 3036 3759 3080 versas

417 3098 606 3159 fuisse
636 3100 1042 3177 conspicuum
1075 3099 1175 3159 sit.
1211 3100 1492 3170 Quatuor
1512 3098 1834 3158 efferimur
1861 3098 2121 3158 inferius
2154 3117 2168 3157 :
2206 3100 2577 3176 Gudlingius
2607 3120 2751 3161 vero
2784 3103 2845 3160 in
2872 3102 3032 3161 notis
3061 3102 3139 3161 ad
3192 3102 3653 3161 Zialowiskium
3680 3116 3761 3157 sex

418 3180 597 3239 editit
628 3180 949 3249 formulas,
985 3198 1060 3238 ex
1091 3199 1359 3258 quarum
1393 3187 1602 3240 tamen
1633 3196 1897 3239 numero
1930 3186 2053 3238 tres
2084 3181 2173 3239 ita
2200 3180 2363 3239 inter
2393 3199 2459 3239 se
2483 3188 2627 3240 sunt
2655 3182 2975 3254 atfines,ut
3007 3183 3223 3259 paucis
3251 3184 3569 3242 duntaxat
3596 3181 3769 3240 lectio-

420 3260 605 3319 nibus
633 3260 949 3330 differant,
984 3278 1141 3337 quas
1171 3279 1283 3319 nos
1315 3260 1754 3321 adnotavimus
1777 3260 1854 3318 ad
1890 3261 2139 3319 tertiam
2168 3259 2531 3321 formulam.

499 3339 711 3399 Prima
742 3340 831 3399 ita
866 3340 1138 3399 formula
1165 3342 1397 3414 Graeca,
1431 3359 1505 3400 ea
1535 3347 1628 3401 est
1658 3358 1846 3418 quam
1880 3339 1959 3399 ad
1988 3339 2178 3399 finem
2215 3340 2636 3401 l’alatinorum
2695 3342 2982 3402 codicum
3041 3341 3192 3402 editi
3224 3342 3691 3411 Felckmanuus,
3716 3337 3772 3396 de

422 3437 548 3498 qua
579 3420 866 3497 superius
896 3423 1102 3479 actum
1138 3420 1276 3479 fuit.

500 3500 808 3571 Secunda,
845 3517 1032 3577 quam
1065 3498 1766 3577 edimus,formula,jam
1792 3498 1940 3558 olim
1966 3499 2199 3575 publici
2222 3499 2383 3577 juris
2425 3500 2589 3561 facta
2612 3518 2723 3578 per
2746 3501 3211 3561 Genebrardum
3243 3520 3417 3561 anno
3450 3500 3772 3579 {560,qusm

422 3580 511 3641 ait
539 3580 641 3639 ille
672 3598 803 3640 esse
836 3579 1125 3639 Ecclesia
1155 3580 1883 3657 Constantinopolitanae,
1917 3586 2122 3639 exstat
2153 3581 2216 3638 in
2252 3581 2441 3658 ltegjo
2473 3582 2688 3641 codice
2719 3600 2865 3640 num
2925 3585 3106 3644 2502.
3140 3582 3291 3640 olim
3327 3600 3402 3641 ex
3436 3582 3774 3641 Bibliotheca

418 3660 678 3721 Joannis
709 3661 953 3719 Huralti
985 3660 1357 3720 Boistallerii
1379 3678 1414 3719 a
1445 3660 1667 3719 Carolo
1690 3661 1768 3719 IX
1800 3661 2087 3719 Venetias
2115 3659 2403 3737 legati.ln
2428 3680 2551 3738 quo
2579 3662 2793 3721 codice
2829 3662 2959 3721 haec
2992 3663 3289 3739 leguntur
3310 3670 3461 3721 ante
3488 3662 3771 3727 Dialogum

422 3740 483 3801 S.
518 3740 843 3800 Athanasii
874 3758 1014 3800 cum
1047 3740 1192 3800 Ario
1227 3757 1240 3799 ε
1271 3745 1341 3799 Τὸ
1371 3747 1540 3819 παρὸν
1577 3739 1790 3820 βιϐλίον
1823 3743 2002 3822 ἐγράφη

2220 3745 2356 3824 ἐμοῦ
2388 3746 2661 3822 Ζαχαρίου
2697 3746 2882 3824 ἷερέως
2910 3745 3005 3801 τοῦ
3038 3748 3245 3822 Κρητὸς
3275 3752 3375 3802 τοῦ
3410 3743 3771 3824 1121;311:19in

418 3826 729 3902 συνδρομῆς
759 3826 846 3881 καὶ
883 3828 1078 3899 μισθοῖ)
1110 3831 1205 3881 τοῦ
1234 3824 1582 3896 ἐνδοξοτάτου
1609 3826 1799 3900 κυρίου
1833 3824 2085 3881 Ἰωάννου
2117 3823 2565 3901 Βοϊσταλλιρίου,
2596 3822 2873 3899 πρέσϐεως
2923 3828 3180 3901 Ἐνετίῃσι
3224 3833 3323 3881 τοῦ
3373 3822 3774 3901 ἐκλαμτὲροτὲτου

419 3910 509 3962 καὶ
541 3907 915 3982 γαληνοτάτου
943 3906 1197 3961 αὖθέντου
1230 3906 1393 3981 σύρου
1426 3904 1641 3981 Κάρλου
1675 3903 2221 3983 βα-ςζιΑλέωςμΓάλλων.
2258 3903 2477 3983 ΚςλιίτοιἈ
2503 3905 2588 3960 ἐὰν
2624 3906 2818 3981 εὕρητέ
2846 3906 3114 3983 τιᾲλάθος,
3147 3907 3447 3983 σύγγνωτε.
3490 3907 3773 3983 ἀνθρώπινον

419 3979 587 4051 πάθος
618 3989 680 4042 τὸ
712 3987 1057 4064 ἁμαρτάνειν.
1092 3979 1392 4064 Ἐῤῥωάθε.
1429 3979 1638 4064 ld'est,
1678 4002 1708 4033 «
1732 3980 1844 4038 Hic
1878 3979 1999 4064 inibi

2194 3998 2252 4064 ne
2284 3980 2633 4064 descriptus
2662 3979 2756 4064 est
2784 3981 3087 4064 Zacharia
3119 3979 3525 4064 illaraphara,
3558 3979 3774 4064 presby-

426 4087 457 4120 ‹‹
488 4070 622 4124 tero
654 4058 954 4133 Cretensi,
989 4079 1109 4139 ope
1138 4058 1211 4122 ac
1245 4062 1525 4123 mercede
1556 4066 1815 4138 accepta
1844 4058 2171 4119 clarissimi
2200 4060 2721 4121 dominiJoannis
2752 4065 2911 4122 658
2939 4058 3338 4134 Boistallerii,
3392 4058 3654 4123 Venetiis
3679 4077 3775 4118 ver-

426 4167 457 4200 ‹‹
490 4143 702 4212 santis,
738 4142 928 4220 legati
961 4142 1421 4220 praeclarissimi
1452 4159 1524 4201 ac
1554 4139 1934 4220 serenissimi
1960 4140 2200 4200 domini
2228 4140 2434 4201 Caroli
2465 4142 2627 4219 regis
2654 4142 2997 4201 Gallorum.
3034 4143 3101 4201 Si
3130 4160 3318 4220 quem
3349 4162 3541 4220 porro
3569 4143 3771 4220 lapsum

428 4248 460 4281 «
490 4219 999 4303 deprehendatis,
1013 4222 1354 4303 ignoscite.
1388 4224 1690 4282 Humanae
1718 4225 1816 4303 est
1837 4219 2218 4303 infirmitatis
2265 4239 2523 4303 peccare
2561 4239 2573 4279 :
2611 4223 2877 4303 Salvete.
2916 4221 3000 4282 El
3040 4219 3299 4300 inferius
3334 4219 3777 4297 {Transcriptus

428 4329 459 4361 ‹‹
491 4312 553 4365 et
574 4300 937 4381 recognitus
969 4301 1122 4383 liber
1152 4302 1251 4364 hic
1282 4309 1477 4374 est,ex
1512 4300 1930 4383 vetustissimo
1948 4300 2291 4383 exemplari
2321 4301 2562 4383 Cretico
2588 4324 2601 4374 ;
2634 4302 2909 4362 Venetiis
2939 4321 3105 4361 anno
3142 4304 3322 4371 t552,
3342 4304 3624 4383 impensa
3651 4304 3779 4383 facta

426 4408 457 4441 «
490 4379 825 4445 aureorum
855 4383 927 4441 X.
961 4382 1300 4443 Zacharias
1328 4383 1618 4443 sacerdos
1649 4381 2042 4458 transcripsit
2071 4387 2133 4439 et
2172 4380 2415 4441 habuit.
2474 4403 2502 4435 υ
2542 4382 2855 4441 Incertum
2908 4388 3115 4441 autem
3160 4390 3375 4443 utrum
3409 4379 3485 4443 εἰ
3520 4384 3619 4443 ἰΙΙο
3645 4379 3778 4459 quod

432 4472 740 4524 memorat
769 4463 1189 4523 vetustissimo
1215 4464 1560 4542 exemplari
1583 4461 1948 4542 Symbolum
1975 4460 2163 4520 etiam
2195 4463 2274 4519 sit
2307 4468 2626 4521 mutuatus
2654 4479 2666 4519 :
2692 4463 2886 4522 codex
2911 4463 3145 4540 quippe
3166 4464 3399 4540 amplae
3425 4464 3602 4523 molis
3624 4460 3781 4521 multa

423 4551 485 4603 et
515 4544 690 4603 varia
719 4544 1180 4621 complectitur,
1215 4563 1354 4621 quae
1386 4540 1676 4603 dubitare
1706 4540 1853 4599 licet
1882 4558 1960 4599 ex
1982 4559 2196 4622 unone
2225 4543 2438 4601 codice
2468 4543 2782 4619 exscripta
2830 4542 3058 4602 fuerint.
3105 4562 3185 4602 an
3237 4562 3318 4603 ex
3364 4543 3778 4622 compluribus.

423 4624 584 4684 Sane
616 4620 1158 4683 nullum'vidimus
1190 4620 1480 4685 Graecum
1515 4623 1703 4700 hujus
1737 4620 2021 4698 Symboli
2050 4621 2327 4682 codicem
2378 4622 2488 4699 qui
2531 4628 2947 4682 trecentorum
2992 4622 3075 4681 sit
3121 4642 3463 4697 annorum,
3518 4620 3629 4683 nec
3662 4620 3781 4680 anti-

425 4722 620 4782 quum
654 4703 823 4762 aliud
857 4721 891 4761 a
924 4705 1219 4782 quopiam
1258 4712 1457 4764 visum
1487 4704 1673 4763 fuisse
1702 4701 2013 4782 novimus.

504 4783 733 4850 Tertia,
771 4779 1243 4861 primum—edita
1273 4787 1388 4845 fuit
1420 4785 1500 4845 ab
1530 4780 1793 4843 Henrico
1827 4781 2147 4857 Stephano
2180 4798 2345 4839 anno
2380 4781 2553 4841 1565.
2593 4781 2825 4841 Deinde
2856 4800 3004 4841 vero
3034 4799 3072 4839 a
3102 4782 3379 4843 Gilberto
3420 4779 3781 4861 Genebrardro

428 4882 501 4923 ex
534 4863 745 4922 codice
774 4860 994 4923 Lazari
1028 4865 1251 4935 Baiffii,
1298 4872 1440 4926 eum
1496 4863 1646 4923 varii
1706 4861 2076 4920 lectionibus
2105 4880 2180 4919 ex
2239 4861 2509 4919 editione
2548 4861 2791 4921 Henrici
2853 4863 3158 4939 Stephani
3208 4882 3349 4939 quas
3387 4865 3446 4921 in
3511 4860 3782 4921 nonnullis

428 4944 508 5002 ab
539 4962 612 5002 ea
643 4943 975 5019 discrepat.
1012 4945 1294 5022 Itemque
1326 4966 1401 5005 ex
1435 4955 1750 5024 postrema
1782 4942 2189 5024 conciliorum
2217 4941 2514 5024 editione,
2549 4960 2690 5018 quas
2723 4943 2783 5000 in
2841 4942 3123 5018 pluribus
3180 4943 3387 5001 differt
3421 4944 3503 5002 ab
3536 4953 3779 5015 utraque.

510 5024 744 5093 Quarta
778 5024 945 5082 Fidei
979 5024 1270 5096 formula,
1325 5022 1666 5086 seu'versio
1715 5022 1995 5099 Symboli
2031 5022 2379 5098 Quicunque
2406 5023 2469 5080 in
2525 5030 2839 5099 postrema
2881 5024 3297 5082 Conciliorum
3344 5025 3615 5083 editione
3668 5035 3783 5079 cusa

428 5111 544 5175 est,
569 5121 649 5185 ex
675 5102 922 5164 Usserio
954 5103 1307 5185 desumpta.
1342 5126 1533 5185 quam
1570 5102 1851 5167 Usserius
1880 5120 1953 5185 ex
1986 5101 2233 5185 Patricii
2264 5102 2432 5185 .lunii
2465 5103 3211 5185 apographogmutuatus,
3243 5103 3563 5181 publicam
3596 5104 3781 5185 fecerat

428 5202 595 5245 anno
629 5184 805 5243 1657.
842 5185 987 5242 Haec
1017 5180 1202 5259 plane
1230 5180 1681 5261 napdeganmﬁic
1714 5183 2069 5258 conscripta
2102 5180 2239 5261 fuit.
2266 5183 2497 5259 Estque
2546 5180 2765 5242 notatu
2797 5183 3083 5260 dignum.
3134 5183 3193 5242 in
3234 5180 3436 5261 prima
3468 5193 3528 5243 et
3558 5180 3781 5261 formula

427 5264 730 5342 Spiritum
763 5258 1051 5322 sanctum
1076 5262 1199 5320 dici
1220 5258 1423 5342 solum
1454 5260 1745 5342 exAPatre
1776 5262 2133 5339 procedere,
2166 5260 2225 5319 in
2260 5258 2541 5321 secunda
2572 5268 2635 5321 et
2674 5258 2891 5334 tertia,
2933 5282 3005 5321 ex
3059 5258 3247 5322 Patre
3292 5264 3577 5342 Filioque
3611 5280 3623 5321 :
3653 5258 3779 5320 unde

429 5337 712 5404 fortassis
739 5342 1012 5420 suspicio
1045 5342 1254 5400 veniat
1286 5338 1473 5421 fuisse
1492 5337 1630 5397 illas
1660 5360 1697 5399 a
1726 5337 1960 5401 Latinis
1981 5342 2353 5410 editas,cum
2380 5344 2543 5400 hanc
2573 5342 2773 5402 Graeci
2792 5344 3145 5403 doctrinam
3180 5337 3569 5421 proterve—ac
3592 5351 3779 5402 temere

431 5430 650 5483 contra
680 5417 1038 5482 sanet—orum
1075 5424 1327 5500 Patrum
1362 5417 1547 5477 etiam
1583 5421 1940 5481 Graecorum
1972 5421 2345 5480 sententiam
2382 5422 2734 5500 repudient.

515 5505 651 5582 Non
686 5503 1001 5580 ingratum
1052 5501 1272 5562 lectori
1300 5497 1438 5582 fore
1490 5505 1808 5582 putamus,
1843 5501 2011 5579 quod
2070 5501 2249 5560 binas
2278 5497 2546 5564 Gallicas
2578 5502 2893 5563 versiones
2920 5500 3021 5562 his
3057 5501 3475 5581 adjecerimus
3506 5520 3519 5562 :
3553 5516 3773 5582 quarum

430 5581 627 5663 prior3
645 5577 1017 5663 nti—dictum
1049 5589 1160 5663 est,
1196 5599 1271 5642 ex
1304 5577 1514 5663 codice
1544 5577 1900 5643 Colbertino
1922 5583 2079 5663 3133
2109 5599 2148 5643 a
2174 5581 2295 5642 600
2322 5583 2506 5643 anuis
2536 5582 2896 5661 conscripta
2936 5587 3053 5644 est.
3085 5577 3298 5645 Altera
3328 5602 3478 5646 vero
3504 5577 3589 5646 ei
3605 5580 3773 5643 cadica

314 5710 401 5745 ιι
432 5658 563 5725 RR.
594 5661 711 5720 PP.
750 5665 1037 5723 Fratrum
1066 5661 1379 5725 Minorum
1410 5658 1527 5721 400
1554 5678 1888 5724 annorum.
1921 5662 2309 5742 Videturque
2358 5681 2438 5724 ex
2465 5658 2826 5744 antiquiore
2872 5663 3087 5726 codice
3134 5664 3448 5745 exscripta
3480 5682 3499 5724 :
3530 5676 3773 5726 noncon-

354 5728 477 5815 ιη

474 5810 501 5839 ζ

522 5870 561 5903 I-‘n
