4002 6206
226 348 377 410 1581

1445 344 1875 409 SYMBOLUM
1928 342 2411 416 QUICUNQUE.

3476 350 3499 407 l
3515 348 3629 408 382

227 488 413 545 sonat
442 482 607 542 enim
640 481 751 541 illa
777 482 1211 561 interpretatio
1235 500 1375 541 cum
1412 483 1630 541 Latino
1662 481 1966 559 Symbolo
1997 500 2028 539 e
2065 481 2316 558 regione
2350 480 2551 557 posito
2589 497 2601 549 ;
2635 479 2723 539 ita
2755 485 2821 540 ut
2844 479 3030 540 etiam
3054 481 3376 559 inscriptio
3412 484 3629 545 Latina

232 584 269 625 a
322 563 560 624 Gallica
589 564 834 640 penitus
865 562 1196 642 discrepet,
1229 562 1291 621 in
1329 564 1662 641 prioreque
1696 562 2019 629 Bonifacii,
2058 562 2116 620 in
2154 562 2499 638 posteriore
2531 580 2675 621 vero
2702 561 3030 642 Athanasii
3058 580 3192 622 esse
3222 564 3487 623 dicatur.

309 645 417 703 His
445 643 888 720 subjungimus
919 640 1209 721 Symboli
1237 640 1721 721 explicatiOnem
1760 642 1973 702 Latine
2002 642 2414 719 compositam
2438 659 2515 701 ex
2546 641 2758 702 codice
2781 640 3043 719 hujusce
3067 644 3631 720 Sangermanensis

228 723 502 784 cmnobii
532 741 841 783 annorum
868 723 1009 784 dlus
1040 724 1526 803 quingentorum
1564 722 1968 799 exscriptam,
2012 740 2139 782 non
2168 721 2517 800 indignam,
2551 728 2621 783 ut
2673 721 3077 795 arbitramur,
3139 742 3280 801 quas
3312 725 3375 784 in
3427 724 3628 784 lucem

236 806 522 884 prodeat.

326 892 568 961 Agmen
599 882 837 943 claudit
867 884 1079 943 Graeca
1110 882 1256 943 fidei
1287 882 1701 949 confessio.ex
1732 881 1945 941 codice
1977 880 2171 958 Regio
2201 883 2357 941 2356
2388 881 2690 956 excripta.
2725 881 2875 953 Quae
2902 883 3051 943 item
3076 885 3329 961 praefert
3353 884 3632 944 Athana-

240 965 318 1024 sii
350 982 607 1035 nomen,
642 962 1000 1042 multisque,
1035 969 1102 1023 ut
1132 964 1583 1036 existimamus,
1620 969 1760 1043 post
1792 961 2205 1022 Athanasium
2236 962 2480 1022 saeculis
2509 961 2679 1023 edita
2709 969 2821 1022 est.

774 1216 1452 1314 ΣΥΜΒΟΛΟΝ
1533 1216 1784 1313 ΤΟΥ
1861 1214 2243 1311 ΑΓΙΟΥ
2320 1214 3081 1313 ΑΘΑΝΑΣΙΟΥ.

366 1516 418 1578 s
434 1514 841 1577 YMBOLUM
884 1514 950 1578 s.
992 1517 1041 1577 Α
1060 1513 1475 1579 THANASII
1510 1514 1636 1577 DE
1680 1513 1885 1595 FIDE

2015 1514 2406 1595 [meum
2458 1515 2563 1595 (ιι),

2624 1513 2894 1577 VULGO
2934 1515 3033 1578 ΙΝ
3082 1515 3518 1579 ECCLESIA

1684 1593 2193 1657 RECEPTUM.

1617 1841 1848 1899 PRIMA
1885 1840 2250 1900 FORMULA.

307 1985 372 2041 Εἴ
398 2007 480 2047 τις
526 1982 671 2041 θὶλει
712 1986 974 2057 σωθῆναι,
1026 1984 1129 2060 πρὸ
1175 1986 1389 2040 πάντων
1433 1985 1545 2061 χρή
1597 1982 1744 2057 αὑτῷ
1780 1984 1880 2052 τὴν

2062 1988 2411 2053 Ουιαυκουιι
2441 1987 2566 2043 vult
2594 1987 2790 2044 salvus
2820 2004 2969 2054 esse,
2985 1994 3118 2046 ante
3146 2006 3238 2045 om
3250 1990 3345 2047 nia
3374 2007 3522 2064 opus
3553 1996 3644 2049 est

234 2074 540 2145 καθολικὴν
588 2080 850 2150 κρατῆσαι
900 2074 1106 2128 πίστιν·
1149 2073 1215 2142 ἢν
1262 2073 1307 2127 εἰ
1363 2075 1438 2145 μή
1484 2095 1567 2135 τις
1620 2074 1745 2148 ὑγιῆ
1796 2072 1884 2127 καὶ

237 2162 475 2237 ἄμωμον
517 2165 795 2239 τηρήσειε,
854 2164 1031 2233 πάσης
1082 2158 1421 2236 ἀμφιϐολίας
1472 2162 1624 2226 ἐκτὸς
1672 2163 1746 2224 εἷς
1791 2163 1884 2217 τὸν

240 2254 413 2308 αἳῶνα
450 2252 757 2309 ἀπολεῖται.
814 2252 1002 2314 Πίστις
1034 2249 1093 2306 δὲ
1138 2250 1406 2321 καθολικὴ
1442 2251 1574 2321 αὕτη
1610 2251 1774 2321 ἐστὶν,
1800 2248 1889 2305 ἵνα

236 2340 332 2398 ἕνα
363 2344 490 2398 Θεὸν
543 2341 593 2397 ἂν
640 2338 851 2417 Τριοὶδι⁹
896 2341 985 2395 καὶ
1033 2338 1240 2416 Τριάδα
1289 2340 1340 2395 ἐν
1397 2338 1588 2413 μονάδι
1623 2339 1889 2413 σέϐωμεν,

245 2432 388 2503 μήτε
418 2428 743 2506 συγχέοντες
773 2430 838 2484 τὰ
883 2429 1168 2506 πρόσωπα,
1225 2431 1365 2503 μήτε
1390 2431 1489 2497 τὴν
1536 2429 1716 2484 οὐσίαν
1750 2426 1891 2484 διαι-

244 2524 482 2596 ροῦντες.
528 2517 712 2590 ’Δλλη
756 2519 861 2597 φάρ
911 2518 1052 2573 ἐστιν
1091 2521 1127 2588 ἡ
1159 2523 1255 2572 τοῦ
1302 2519 1516 2594 Πατρὸς
1577 2517 1890 2586 ὑπόστασις,

243 2608 394 2679 ἄλλη
425 2613 522 2664 τοῦ
553 2609 700 2677 Υἱοῦ,
734 2608 823 2662 καὶ
856 2605 1003 2677 ἄλλη
1032 2612 1130 2662 τοῦ
1175 2607 1329 2682 ἁγίου
1378 2607 1712 2680 Πνεόματοςι
1748 2606 1893 2663 ἀλλᾶ

248 2698 462 2771 Πατρὸς
497 2744 512 2769 ,
552 2697 641 2752 καὶ
690 2697 835 2768 Υἱοῦ,
884 2696 975 2751 καὶ
1024 2696 1183 2771 ἁγίου
1233 2696 1577 2769 Πνεύματος,
1636 2696 1734 2768 μία
1783 2695 1892 2751 ἐστὶ

247 2786 463 2856 θεότης,
524 2783 611 2856 ἴση
670 2783 819 2858 δόξα,
880 2781 1356 2853 συνδιαιωνίζουσα
1414 2785 1446 2853 ἡ
1507 2784 1893 2859 μεγαλειότης.

245 2877 378 2937 Οῖος
406 2876 433 2929 6
464 2876 677 2950 Πατὴρ,
725 2878 972 2936 τοιοῦτος
1022 2873 1111 2928 καὶ
1165 2874 1192 2927 6
1227 2873 1370 2941 Υἱὸς,
1420 2878 1666 2929 τοιοῦτον
1714 2875 1803 2929 καὶ
1834 2874 1895 2928 τὸ

246 2968 475 3037 Πνεῦμα
518 2964 583 3018 τὸ
627 2965 801 3037 ἅγιον.
861 2968 1145 3024 ’Ἅκτιστος
1209 2962 1237 3016 6
1298 2963 1512 3035 Πατὴρ,
1570 2960 1817 3024 ἄκτιστος
1867 2963 1895 3015 6

244 3053 395 3121 Υἱὸς,
428 3053 674 3106 ἄκτιστον
700 3052 790 3106 καὶ
838 3052 899 3104 τὸ
946 3052 1100 3126 ἅγιον
1136 3054 1374 3123 Πνεῦμα.
1411 3052 1682 3125 ’Ἄμετρος
1714 3052 1743 3105 6
1774 3057 1893 3106 Πα-

241 3142 374 3215 τὴρ,
430 3143 661 3216 ἄμετρος
720 3143 748 3195 6
804 3141 952 3206 Υἲὸς,
1009 3138 1241 3214 ἄμετρον
1298 3141 1387 3194 καὶ
1442 3140 1506 3194 τὸ
1564 3144 1790 3212 Πνεῦμα
1834 3140 1897 3195 τὸ

245 3232 423 3306 ἅγιον.
458 3230 691 3292 Δῖώνιος
744 3230 771 3284 6
803 3230 1015 3305 Πατὴρ,
1066 3229 1286 3290 αἰώνιος
1319 3230 1347 3283 6
1376 3228 1522 3295 Υἱὸς,
1555 3228 1774 3283 αἰώνιον
1807 3228 1896 3283 καὶ

242 3320 313 3374 τὸ
364 3323 584 3391 Πνεῦμα
638 3319 702 3373 τὸ
758 3319 929 3393 ἅγιον.
989 3318 1086 3371 Καὶ
1147 3316 1300 3389 ὅμως
1359 3316 1420 3371 o6
1471 3322 1618 3393 τρεῖς
1663 3317 1895 3388 αἰώνιοι,

251 3405 383 3463 ἀλλ’
412 3407 487 3469 εἷς
520 3407 761 3469 αἰώνιος·
792 3406 974 3481 ὥσπερ
1009 3406 1071 3461 οὑ
1119 3411 1265 3480 τρεῖς
1307 3407 1567 3476 ἄκτιστοι,
1600 3403 1728 3460 οὑδὶ
1756 3411 1900 3481 τρεῖς

252 3494 505 3570 ἄμετροι,
537 3495 666 3552 ἀλλ’
698 3497 775 3557 εἷς
815 3496 1086 3565 ἄκτιστος,
1118 3495 1206 3549 καὶ
1258 3494 1331 3556 εἴς
1380 3493 1628 3569 ἄμετρος.
1665 3494 1900 3567 Ὁμοίως

247 3585 642 3660 παντοκράτωρ
703 3585 732 3638 6
784 3586 999 3660 Πατήρ,
1053 3584 1440 3661 παντοκράτωρ
1490 3585 1518 3638 6
1569 3582 1721 3651 Υἱὸς,
1768 3604 1902 3637 παν-

241 3673 531 3751 τοκράτωρ
576 3675 640 3728 τὸ
698 3677 924 3746 Πνεῦμα
986 3674 1047 3727 τὸ
1095 3673 1272 3747 ἅγιον·
1323 3672 1411 3727 καὶ
1456 3671 1615 3745 ὅμως
1662 3671 1723 3725 οὐ
1754 3676 1901 3744 τρεῖς

248 3763 706 3838 ’τιτανιιτοκράτορες⁹
768 3760 893 3817 ἀλλ’
940 3761 1015 3824 εἷς
1066 3762 1479 3837 παντοκράτωρ.
1513 3760 1673 3818 Οὕτω
1717 3761 1843 3822 Θεὸς
1873 3762 1900 3816 6

246 3853 466 3926 Πατὴρ,
526 3853 654 3913 Θεὸς
705 3853 733 3906 6
778 3850 924 3922 Υἱὸς,
974 3850 1105 3911 Θεὸς
1132 3850 1193 3904 τὸ
1224 3854 1449 3922 Πνεῦμα
1468 3850 1530 3903 τὸ
1570 3851 1741 3925 ἅγιον
1777 3848 1903 3905 ἀλλ’

248 3939 405 4013 ὅμως
452 3939 513 3995 οὑ
561 3946 707 4012 τρεῖς
758 3938 891 4007 θεοῖ,
943 3935 1068 3993 ἀλλ’
1101 3939 1175 4000 εἷς
1204 3938 1351 4000 Θεός.
1386 3937 1658 4000 Ὡσαύτως
1700 3936 1900 4013 Κύριος

246 4030 277 4083 6
312 4031 525 4102 Πατὴρ,
561 4027 758 4104 Κύριος
791 4028 819 4082 6
852 4028 998 4094 Υἱὸς,
1032 4026 1227 4101 Κύριος
1278 4027 1341 4081 τὸ
1372 4014 1596 4099 Πνεῦμα
1630 4027 1690 4080 τὸ
1723 4027 1898 4099 ἅγιον·

242 4119 339 4174 καὶ
371 4117 522 4191 ὅμως
555 4118 617 4172 οὑ
647 4123 794 4193 τρεῖς
824 4115 1028 4191 κύριοι,
1059 4114 1185 4170 ἀλλ’
1232 4115 1309 4177 εἷς
1358 4116 1469 4169 ἔστι
1501 4113 1716 4189 Κύριος.
1760 4116 1899 4181 Ὅτι,

246 4206 433 4282 ὥσπερ
491 4204 798 4279 μοναδικῶς
851 4206 1079 4273 ἑκάστην
1131 4203 1418 4258 ὑπόστασιν
1478 4202 1605 4257 Θεὸν
1651 4202 1739 4257 καὶ
1797 4201 1899 4256 Κύ-

247 4316 369 4370 ριον
424 4293 719 4369 ὁμολογεῖν
782 4296 1134 4368 Χριστιανικῇ
1196 4291 1425 4363 ἀληθείᾳ
1467 4291 1900 4366 ἀναγκαζόμεθα,

248 4383 397 4439 οὕτω
447 4390 592 4457 τρεῖς
645 4382 799 4445 θεοὺς
846 4382 881 4452 ἢ
926 4387 1071 4457 τρεῖς
1125 4381 1347 4458 κυρίους
1402 4378 1578 4456 λέγειν
1633 4378 1899 4454 καθολικῇ

249 4469 497 4543 εὐσεϐείᾳ
551 4470 878 4545 κωλυόμεθα
914 4514 924 4524 .
981 4476 1034 4524 '0
1098 4471 1283 4539 ΙΙατήν
1364 4471 1448 4525 ὑπ’
1507 4466 1724 4530 οὐδενός
1790 4468 1901 4524 ἐστι

254 4560 632 4632 πεποιημένος
664 4604 677 4629 ,
756 4556 877 4614 οὔτε
946 4555 1491 4634 δεδημιουργημένος
1525 4603 1539 4627 ,
1612 4554 1735 4612 οὔτε
1810 4577 1901 4632 γε-

248 4649 605 4727 γεννημὲνος.
662 4651 724 4707 Ὁ
776 4649 895 4711 Υἱὸς
950 4648 1057 4703 ἀπὸ
1120 4647 1289 4721 μόνου
1346 4651 1441 4701 τοῦ
1501 4646 1715 4722 Πατρός
1759 4645 1898 4701 ἐστιν

1997 2081 2063 2131 ut
2091 2080 2285 2132 teneat
2315 2076 2663 2133 catholicam
2695 2076 2864 2133 fidem
2892 2094 2905 2133 :
2942 2094 3117 2149 quam
3150 2079 3263 2134 nisi
3295 2080 3646 2153 quisquein-

1997 2170 2223 2237 tegram
2254 2164 2714 2238 inviolatamque
2761 2166 3096 2235 servaverit,
3129 2167 3353 2238 absque
3378 2170 3557 2224 dubio
3588 2170 3647 2226 in

1999 2260 2281 2309 aeternum
2333 2254 2543 2326 peribit
2590 2254 2689 2324 (5).
2726 2254 2898 2310 Fides
2946 2262 3141 2310 autem
3191 2256 3478 2312 catholica
3530 2258 3651 2313 haec

1999 2348 2107 2412 est,
2140 2348 2205 2398 ut
2237 2360 2418 2398 unum
2454 2345 2633 2399 Deum
2668 2344 2727 2399 in
2780 2344 3082 2411 Trinitate,
3115 2348 3171 2400 et
3211 2345 3559 2401 Trinitatem
3593 2347 3653 2401 in

2001 2432 2229 2488 unitate
2260 2448 2642 2488 veneremur:
2677 2449 2865 2504 neque
2894 2434 3316 2490 confundentes
3351 2451 3655 2506 personas,

2003 2537 2193 2592 neque
2224 2522 2616 2577 substantiam
2664 2527 3025 2593 separantes.
3059 2521 3187 2577 Alia
3215 2529 3304 2578 est
3332 2522 3487 2579 enim
3523 2540 3654 2595 per-

2006 2628 2150 2666 sona
2181 2611 2393 2678 Patris,
2414 2610 2529 2666 alia
2559 2610 2709 2677 Filii,
2742 2609 2858 2666 alia
2877 2611 3133 2681 Spiritus
3155 2613 3341 2667 sancti
3367 2630 3381 2680 ;
3415 2612 3512 2668 sed
3544 2613 3652 2667 Pa-

2002 2700 2133 2769 tris,
2167 2705 2224 2754 et
2274 2697 2420 2768 Filii,
2453 2703 2510 2754 et
2540 2699 2795 2771 Spiritus
2826 2699 3036 2767 sancti,
3072 2718 3187 2755 una
3216 2705 3306 2756 est
3356 2701 3649 2769 divinitas,

2007 2788 2247 2859 aequalis
2281 2786 2467 2860 gloria
2493 2793 2548 2843 et
2580 2793 2865 2844 comterna
2897 2789 3197 2859 majestas.
3231 2790 3431 2853 Qualis
3467 2791 3652 2858 Pater,

2005 2877 2138 2933 talis
2196 2876 2397 2947 Filius,
2430 2875 2567 2932 talis
2619 2876 2870 2947 Spiritus
2927 2883 3166 2933 sanctus
3223 2879 3321 2949 (6).
3353 2879 3649 2935 Increatus

2008 2966 2198 3032 Pater,
2228 2964 2525 3021 increatus
2556 2965 2760 3035 Filius,
2782 2966 3074 3022 increatus
3106 2967 3361 3039 Spiritus
3391 2960 3667 3023 sanctus.

2007 3054 2340 3109 Immensus
2366 3054 2553 3124 Pater,
2587 3053 2916 3110 immensus
2949 3055 3149 3123 Filius,
3183 3056 3506 3111 immensus
3522 3056 3650 3128 Spi-

2007 3142 2158 3198 ritus
2188 3148 2448 3198 sanctus.
2478 3143 2750 3198 x’Eternus
2780 3142 2965 3208 Pater,
2982 3147 3232 3199 aeternus
3265 3143 3651 3210 Filius,aater-

2008 3248 2122 3286 nus
2169 3231 2418 3301 Spiritus
2470 3237 2734 3286 sanctus.
2768 3232 2838 3286 Et
2887 3237 3081 3287 tamen
3128 3249 3241 3288 non
3273 3237 3392 3287 tres
3430 3234 3651 3300 interni,

2009 3319 2109 3374 sed
2144 3336 2300 3375 unus
2330 3326 2585 3375 aeternus
2612 3336 2624 3374 :
2650 3319 2802 3375 sicut
2835 3336 2949 3375 non
2984 3326 3102 3375 tres
3133 3319 3510 3387 increati,nec
3542 3326 3658 3377 tres

2012 3408 2308 3471 immensi,
2340 3407 2439 3462 sed
2474 3424 2629 3462 unus
2673 3407 2996 3476 increatus,
3025 3413 3083 3463 et
3115 3424 3269 3464 unus
3312 3410 3655 3465 immensus.

2010 3495 2294 3551 Similiter
2347 3497 2720 3567 omnipotens
2779 3501 2962 3565 Pater,
3023 3497 3396 3569 omnipotens
3454 3499 3655 3569 Filius,

2011 3583 2385 3656 omnipotens
2430 3585 2687 3656 Spiritus
2732 3590 2976 3641 sanctus
3010 3603 3023 3640 :
3058 3590 3115 3641 et
3145 3593 3339 3641 tamen
3392 3603 3508 3642 non
3538 3593 3656 3643 tres

2010 3673 2461 3743 omnipotentes,
2496 3673 2595 3729 sed
2628 3691 2782 3739 unus
2821 3673 3213 3745 omnipotens.
3244 3675 3334 3729 Ita
3354 3674 3509 3730 Deus
3554 3676 3653 3731 l‘a-

2013 3771 2116 3831 ter,
2154 3765 2302 3816 Deus
2334 3762 2537 3829 Filius,
2571 3761 2723 3817 Deus
2769 3762 3021 3833 Spiritus
3050 3770 3293 3818 sanctus
3326 3779 3338 3816 :
3373 3769 3428 3819 et
3457 3768 3654 3820 tamen

2013 3867 2126 3905 non
2161 3856 2280 3906 tres
2310 3850 2531 3915 dii,sed
2564 3867 2718 3905 unus
2747 3856 2834 3905 est
2866 3853 3131 3905 Deus.[ta
3162 3850 3445 3906 Dominus
3463 3856 3652 3921 Pater,

2011 3939 2297 3994 Dominus
2330 3938 2529 4007 Filius,
2564 3938 2848 3993 Dominus
2879 3938 3131 4009 Spiritus
3173 3944 3412 3995 sanctus
3442 3958 3453 3994 :
3488 3945 3545 3996 et
3576 3946 3656 3996 ta-

2013 4044 2145 4082 men
2180 4044 2294 4082 non
2327 4032 2445 4081 tres
2476 4027 2720 4093 domini,
2744 4028 2844 4082 sed
2872 4044 3025 4083 unus
3056 4031 3145 4082 est
3175 4028 3478 4084 Dominus.
3510 4032 3656 4095 Quia

2012 4117 2167 4171 sicut
2188 4115 2487 4188 sigillatim
2514 4133 2993 4188 unamquamque
3019 4133 3324 4187 personam
3360 4120 3537 4174 Deum
3556 4126 3658 4175 aut

2011 4204 2416 4275 Dominum(7)
2440 4204 2701 4260 confiteri
2735 4204 3061 4260 Christiana
3090 4207 3327 4261 veritate
3358 4207 3657 4279 compelli-

2012 4311 2183 4361 mur;
2218 4295 2299 4348 ita
2330 4299 2447 4349 tres
2498 4294 2636 4349 deos
2677 4299 2779 4349 aut
2829 4294 3097 4350 dominos
3140 4295 3331 4351 dicere
3376 4297 3660 4354 catholica

2011 4380 2291 4455 religione
2320 4381 2720 4455 prohibemur.
2753 4383 2921 4449 Pater
2951 4401 2985 4438 a
3014 4382 3175 4438 nullo
3204 4389 3292 4440 est
3322 4385 3530 4452 factus,
3554 4404 3658 4442 nec

2011 4474 2267 4539 creatus,
2300 4486 2406 4526 nec
2452 4469 2707 4541 genitus.
2758 4470 2940 4526 Filius
2972 4488 3005 4525 a
3035 4471 3203 4526 Patre
3253 4471 3376 4528 solo
3423 4479 3513 4529 est
3543 4491 3657 4529 non

2012 4558 2223 4624 factus,
2257 4574 2361 4614 nec
2392 4562 2644 4625 creatus,
2676 4559 2775 4613 sed
2822 4559 3054 4631 genitus
3090 4578 3102 4615 :
3139 4558 3388 4631 Spiritus
3421 4568 3659 4620 sanctus

2014 4665 2048 4703 a
2077 4647 2245 4703 Patre
2275 4652 2334 4702 et
2363 4647 2504 4703 Filio
2538 4663 2653 4703 non
2686 4644 2838 4703 059
2893 4646 3104 4715 factus,
3136 4664 3241 4703 nec
3270 4656 3520 4721 creatus,
3555 4670 3660 4707 nec

327 4804 403 4869 (4)
442 4803 631 4876 Code_x
680 4801 892 4876 Regius
938 4801 1081 4876 2962
1134 4816 1152 4876 ξ
1203 4802 1315 4876 ᾝοῦ
1359 4797 1416 4876 ’ἐν
1469 4797 1903 4876 ἁγίοις-Πατρὸς
1936 4803 1978 4869 C
2014 4798 2228 4852 πάντων
2260 4796 2420 4873 χρεία
2477 4796 2616 4852 ἐστὶν
2665 4794 2757 4851 ἵνα
2798 4798 2897 4866 τὴν
2938 4799 3237 4867 καθολικὴν
3269 4803 3509 4876 κρατήσῃ
3563 4802 3655 4857 πί-

248 4868 413 4945 ἡμῶν
449 4871 697 4947 μεγάλου,
750 4868 1066 4947 ’Ἆρανασίου
1127 4869 1406 4947 ὁμολογία
1461 4868 1559 4947 τῆς
1618 4868 1782 4925 αὑτοῦ
1814 4868 1905 4923 πί·-

253 4943 542 5005 στεως.’1ό
575 4946 770 5001 codice
803 4944 1176 5000 Felckmanni
1208 4944 1400 4999 Graeco
1438 4943 1633 4998 nullus
1666 4959 1904 5005 compa-

254 5023 347 5072 ret
378 5018 608 5083 titulus,
643 5033 747 5087 nec
791 5016 1096 5087 scriptoris
1124 5032 1360 5087 nomen.
1396 5017 1455 5069 In
1490 5014 1680 5087 Palat.
1709 5014 1909 5069 codice

255 5088 491 5159 legitur,
537 5084 827 5159 Σύμοολον
888 5084 983 5139 τοῦ
1044 5084 1199 5159 ἁγίου
1258 5084 1576 5139 Ἀθανασῖου
1619 5113 1622 5116 ~
1658 5085 1906 5159 Stinger-

258 5157 420 5215 min.
454 5162 579 5226 257,
622 5157 782 5215 Fides
825 5160 1002 5214 sancti
1050 5158 1341 5212 Athanasii
1378 5159 1621 5229 episcopi
1668 5157 1907 5211 Alexan-

255 5232 421 5288 driae.
454 5233 558 5298 Qui
593 5232 663 5286 ab
692 5230 927 5287 Usserio
959 5230 1174 5284 dicitur
1217 5228 1764 5287 fuisse'zEthelstani
1795 5230 1908 5283 An-

303 5304 490 5358 lorum
551 5303 726 5373 regis,
786 5302 1008 5357 habet:
1070 5302 1235 5373 Fides
1290 5299 1900 5373 AthanasiiuAleand.

303 5321 490 5358 lorum
551 5321 726 5373 regis,
787 5321 1008 5357 nanet:
1070 5321 1232 5357 nae:
1290 5321 1571 5356 Λιηιιηιιδιι
1630 5321 1900 5354 ιιιεπαηα.

256 5321 511 5431 golbert.
544 5377 650 5430 784
702 5373 947 5428 mutilus
991 5378 1081 5427 est
1111 5371 1298 5441 initio,
1331 5378 1386 5424 et
1416 5389 1447 5425 a
1482 5371 1673 5426 media
1720 5370 1909 5441 solum

263 5453 428 5518 parte
459 5446 683 5516 incipit,
718 5452 782 5500 ut
812 5446 961 5518 infra
1013 5442 1527 5518 nAotalu‘rLRegius
1557 5442 1737 5518 codex
1776 5440 1914 5494 4908

262 5512 493 5573 nullum
530 5512 703 5572 habet
734 5516 994 5571 titulum.
1028 5515 1135 5579 Qui
1171 5514 1241 5568 ab
1273 5512 1507 5569 Usserio
1539 5514 1758 5568 dicitur
1786 5527 1917 5567 esse

260 5593 528 5662 tempore
576 5588 839 5662 Gregorii
896 5587 972 5662 Μ.
1034 5585 1386 5662 descriptus,
1402 5584 1570 5662 fides
1601 5583 1914 5662 _ca_thol§ca,

2016 4890 2149 4923 στιν.

2086 4942 2163 5017 (5)
2193 4940 2252 4995 S.
2287 4939 2512 5017 Germ,
2557 4941 3044 5011 Inviolabilemque
3075 4946 3413 5017 servaverit,
3461 4948 3662 5017 absque

2015 5012 2179 5089 dubio
2234 5012 2896 5089 peribit_i_na?t_rrn_um.
2936 5017 2997 5089 inn
3058 5015 3193 5086 Reg.
3251 5017 3447 5089 absque
3500 5012 3662 5089 du-bio

2017 5085 2198 5139 deest.
2234 5080 2378 5137 ibid.
2432 5083 2609 5139 Palat.
2645 5083 2749 5153 sic,
2778 5082 2901 5158 ὑγιῆ
2935 5080 3169 5156 ἄμωμον
3200 5080 3480 5159 τηρήσειεν
3515 5088 3663 5149 ἐκτὸς

2020 5152 2321 5209 δίσταγμοῦ
2356 5152 2452 5209 εἲς.

2077 5174 2173 5207 στα

2089 5174 2321 5226 τταγμου
2356 5174 2452 5215 εις.

2089 5228 2166 5297 (6)
2200 5222 2329 5281 Mox
2380 5227 2541 5296 Reg.,
2575 5226 2707 5279 talis
2757 5230 2814 5297 et,
2852 5224 3095 5293 Spiritus
3141 5238 3376 5295 sanctus,
3409 5234 3465 5282 et
3493 5230 3574 5283 ita
3604 5229 3663 5284 in

2022 5296 2521 5367 subsequentibus
2576 5296 2919 5368 particulam
2952 5308 3001 5354 et
3050 5305 3201 5363 ante,
3238 5298 3469 5368 Spiritus
3509 5318 3666 5356 sanc-

2021 5374 2127 5425 tus.
2164 5369 2389 5423 Desinit
2438 5367 2632 5423 autem
2682 5367 2742 5421 in
2794 5368 2915 5423 haec
2963 5370 3133 5424 verba
3168 5387 3181 5424 :
3216 5371 3277 5422 Et
3327 5376 3508 5425 tamen
3553 5390 3665 5428 non

2022 5444 2130 5496 tres
2160 5443 2374 5507 mtrrni,
2406 5441 2613 5495 exinde
2646 5438 2887 5495 mutilus
2917 5445 3006 5496 est
3030 5441 3227 5495 codex.

2093 5513 2170 5582 (7)
2201 5512 2260 5567 S.
2292 5512 2382 5582 G.,
2419 5514 2861 5585 Unamquamque
2899 5527 3188 5585 personam
3217 5515 3268 5566 et
3297 5512 3587 5571 Dominum
3614 5520 3667 5576 et

2023 5587 2219 5641 Deum.

2220 5157 2321 5225 μοῦ
2356 5152 2452 5215 εἲς.

263 5652 461 5721 solum
492 5652 876 5716 habet.Pslat.
909 5659 935 5713 1
971 5656 1144 5729 paulo
1174 5652 1306 5730 post
1333 5652 1568 5714 initium
1601 5652 2007 5730 habet,n96'r~
