4002 6206
395 345 548 406 1583

1549 340 1613 400 s.
1662 334 2191 403 ATHANASIUS.
2220 373 2300 387 —
2329 316 2636 403 spuma.

3644 349 3793 409 1584

388 478 621 552 genitus
651 482 761 546 est,
795 477 893 533 sed
944 476 1284 549 procedens.
1319 473 1482 530 Unus
1511 489 1649 546 ergo
1695 477 1884 542 Pater,
1919 491 2023 530 non

2153 472 2214 528 οὐ
2274 474 2674 547 πεποιημένος,
2734 474 2859 532 οὐδὶ
2907 473 3475 555 δεδημιουργημένος,
3525 479 3674 535 ἀλλὰ
3715 503 3797 556 γε·

392 578 510 624 tres
539 573 771 636 patres;
804 583 959 622 unus
1010 565 1213 634 Filius,
1248 582 1361 620 non
1393 568 1511 619 tres
1555 563 1659 618 filii
1686 580 1699 630 ;
1735 580 1889 619 unus
1917 563 2037 635 Spi-

393 659 543 713 ritus
572 662 834 728 sanctus,
866 672 980 711 non
1030 659 1149 709 tres
1186 654 1434 726 spiritus
1482 652 1689 708 sancti.
1724 652 1789 707 Et
1817 652 1876 707 in
1926 653 2034 708 hac

392 747 676 803 Trinitete
708 746 782 817 (8)
816 744 959 800 nihil
994 743 1156 816 prius
1186 747 1287 798 aut
1319 742 1631 813 posterius,
1662 740 1807 797 nihil
1842 742 2034 812 majus

393 840 494 891 aut
523 835 744 902 minus,
778 834 878 889 sed
928 837 1062 888 tota:
1111 836 1229 887 tres
1278 846 1537 903 persons:
1578 835 1875 885 coasternaa
1922 829 2032 885 sibi

394 929 553 993 sunt,
581 928 637 979 et
665 921 1007 994 comquales.
1043 921 1127 976 Ita
1156 923 1219 974 ut
1249 937 1351 992 per
1380 918 1757 985 omnia,sicut
1777 920 1902 990 jam
1937 934 2035 973 su-

393 1032 497 1087 pra
529 1014 749 1069 dictum
781 1016 892 1076 est,
925 1015 981 1065 et
1012 1010 1208 1065 unitas
1238 1007 1297 1063 in
1343 1008 1647 1074 Trinitate,
1681 1012 1739 1062 et
1779 1007 2036 1063 Trinitas

392 1104 451 1159 in
480 1103 705 1159 unitate
732 1100 1062 1157 veneranda
1091 1097 1307 1162 sit.Qui
1338 1096 1459 1151 vult
1488 1113 1624 1169 ergo
1657 1095 1852 1151 salvus
1882 1112 2032 1163 esse,

391 1194 473 1249 ita
524 1192 595 1248 de
643 1190 924 1247 Trinitate
968 1188 1200 1244 sentiat.
1233 1186 1345 1241 Sed
1378 1185 1776 1241 necessarium
1824 1189 1915 1241 est
1962 1186 2033 1240 ad

389 1287 661 1337 isternam
692 1278 1033 1347 salutem,ut
1057 1275 1522 1333 incarnationem
1541 1290 1772 1345 quoque
1802 1273 2035 1329 Domini

390 1370 573 1427 nostri
628 1368 768 1425 Jesu
825 1366 1037 1422 Christi
1094 1364 1344 1421 fideliter
1394 1364 1595 1421 credat
1621 1363 1718 1435 (9).
1760 1364 1861 1418 Est
1898 1378 2035 1435 ergo

390 1460 535 1515 ﬁdes
567 1461 815 1523 recta,ut
835 1455 1146 1511 credamus
1168 1458 1225 1509 et
1245 1452 1649 1519 confiteamur,
1670 1451 1809 1523 quia
1842 1451 2034 1507 Domi-

391 1566 501 1605 nus
522 1550 722 1603 noster
739 1549 912 1601 Jesus
938 1543 1205 1600 Christus
1244 1541 1345 1597 Dei
1370 1540 1571 1611 Filius,
1606 1541 1761 1597 Deus
1783 1545 1839 1596 et
1860 1540 2034 1596 homo

387 1643 479 1694 est
506 1636 640 1708 (10).
672 1635 827 1691 Deus
857 1638 947 1689 est
975 1649 1044 1688 ex
1072 1631 1405 1687 substantia
1434 1629 1620 1686 Patris
1651 1633 1785 1685 ante
1824 1627 2035 1685 saecula

388 1726 621 1799 genitus
649 1742 661 1781 :
694 1724 871 1779 homo
901 1740 969 1778 ex
998 1720 1326 1777 substantia
1357 1718 1562 1775 matris
1592 1718 1650 1773 in
1683 1716 1895 1774 saeculo
1927 1734 2036 1772 na-

387 1823 503 1872 tus.
540 1814 836 1871 Perfectus
887 1812 1060 1877 Deus,
1093 1810 1383 1882 perfectus
1412 1808 1586 1864 homo
1617 1824 1684 1862 ex
1715 1808 1912 1864 anima
1942 1824 2034 1863 ra-
2067 1850 2112 1914 Β

391 1905 591 1960 tionali
623 1909 681 1959 et
711 1902 973 1956 humana
1001 1913 1173 1954 carne
1205 1897 1555 1952 subsistens.
1589 1894 1851 1966 Equalis
1879 1894 2033 1950 Patri

389 1995 714 2051 secundum
745 1990 1130 2055 divinitatem,
1164 1987 1359 2041 minor
1386 1985 1555 2041 Patre
1585 1985 1908 2040 secundum
1932 1984 2035 2039 hu-

389 2082 751 2140 manitatem.
786 2079 893 2143 Qui
937 2077 1071 2132 licet
1105 2080 1253 2130 Deus
1296 2075 1372 2129 sit
1418 2079 1475 2129 et
1522 2073 1717 2142 homo,
1753 2089 1867 2128 non
1915 2073 2031 2129 duo

388 2178 607 2237 tamen,
642 2170 741 2226 sed
788 2184 942 2222 unus
990 2169 1077 2221 est
1124 2163 1409 2220 Christus.
1461 2162 1623 2218 Unus
1673 2167 1866 2217 autem
1915 2178 2029 2217 non

385 2257 760 2316 conversione
784 2254 1103 2311 divinitatis
1127 2253 1183 2307 in
1207 2267 1463 2317 carnem,
1498 2250 1599 2305 sed
1623 2250 2031 2321 assumptione

384 2346 771 2403 humanitatis
819 2345 879 2398 in
922 2342 1127 2398 Deum.
1164 2340 1325 2396 Unus
1375 2339 1615 2395 omnino
1660 2356 1774 2394 non
1825 2340 2029 2393 confu-

383 2437 548 2493 sione
577 2432 942 2498 substantim,
974 2430 1074 2486 sed
1107 2429 1329 2484 unitate
1368 2444 1625 2499 personis
1660 2444 1673 2483 :
1710 2444 1841 2482 nam
1875 2427 2031 2483 sicut

384 2526 581 2582 anima
610 2519 914 2579 rationalis
961 2524 1019 2575 et
1047 2535 1180 2574 caro
1212 2534 1365 2573 unus
1395 2520 1486 2572 est
1533 2515 1730 2585 homo,
1763 2516 1844 2571 ita
1874 2515 2029 2571 Deus

382 2621 441 2671 et
467 2616 638 2670 homo
670 2628 823 2669 unus
852 2615 943 2667 est
971 2608 1259 2665 Christus.
1293 2606 1400 2671 Qui
1434 2622 1641 2677 passus
1672 2610 1761 2660 est
1798 2622 1901 2676 pro
1934 2622 2027 2661 sa-

384 2705 504 2760 lute
534 2708 753 2767 nostra,
786 2698 1087 2756 descendit
1115 2698 1185 2753 ad
1219 2697 1456 2762 inferos,
1489 2693 1661 2749 tertia
1711 2694 1803 2749 die
1834 2711 2026 2749 resur-

384 2794 532 2850 rexit
561 2810 595 2848 a
626 2786 1179 2847 mortuis.Asccndit
1209 2785 1281 2841 ad
1311 2784 1507 2849 caelos,
1540 2784 1703 2838 sedet
1732 2784 1803 2838 ad
1833 2784 2026 2839 dexte-

385 2900 509 2939 ram
539 2882 637 2938 Dei
671 2880 859 2936 Patris
878 2875 1294 2949 omnipotentis
1315 2874 1449 2943 (11),
1482 2872 1618 2927 inde
1640 2878 1919 2927 venturus
1939 2875 2029 2927 est

376 2972 646 3043 judicare
700 2970 859 3024 vivos
916 2973 973 3022 et
1030 2970 1313 3020 mortuos.
1345 2963 1430 3017 Ad
1488 2962 1658 3032 cujus
1712 2961 2025 3015 adventum

381 3078 586 3118 omnes
618 3059 885 3116 homines
917 3070 1216 3127 resurgere
1255 3052 1472 3108 habent
1501 3067 1633 3105 curn
1684 3050 2028 3122 corporibus

378 3150 524 3215 suis,
555 3154 613 3205 et
640 3144 924 3203 reddituri
953 3147 1093 3200 sunt
1122 3142 1194 3197 de
1226 3140 1394 3197 factis
1434 3138 1684 3211 propriis
1716 3138 2023 3194 rationem.

2140 562 2465 637 γεννημένος
2504 607 2516 619 .
2578 567 2690 638 (12)
2744 566 2822 621 Τὸ
2883 570 3107 638 ΙΙνεῦμα
3171 568 3234 622 τὸ
3302 570 3451 645 ἅγιον
3529 570 3636 625 ἀπὸ
3708 576 3793 624 τοῦ

2142 653 2359 727 Πατρὸς
2414 652 2475 708 οὐ
2548 654 2915 726 πεποιημένον
2948 702 2964 727 ,
3023 652 3147 710 οὔτε
3210 653 3748 733 δεδημιουργημένων
3782 701 3796 726 ,

2144 736 2267 794 οὔτε
2321 740 2733 815 γεγεννημένον,
2791 740 2919 799 ἀλλ’
2977 743 3319 819 ἐκπορευτόν.
3381 746 3475 807 Εἰς
3541 744 3635 799 οὖν
3692 746 3795 800 ἐστι

2146 834 2360 905 Πατήρ,
2422 829 2484 884 οὐ
2541 836 2685 903 τρεῖς
2742 833 2988 907 πατέρεςο
3048 833 3124 895 εἶς
3186 834 3326 905 Υἱὸς,
3377 834 3441 888 ού
3489 841 3642 906 τρεῖς
3671 836 3795 889 υἱοί·

2141 915 2195 971 ’ὲν
2260 920 2478 990 Πνεῦμα
2537 918 2715 993 ἅγιον,
2775 919 2838 975 ού
2897 922 3020 996 τρία
3075 921 3354 993 πνεύματα
3398 924 3549 997 ἅγια.
3605 924 3705 977 Καὶ
3751 923 3797 977 ὲν

2141 1005 2308 1079 ταύτῃ
2335 1010 2402 1079 τῇ
2437 1004 2630 1082 Τριάδι
2661 1005 2812 1063 ούδὶν
2862 1014 3079 1082 πρῶτον
3113 1011 3148 1078 ἦ
3202 1010 3444 1086 ὕστερον⁹
3480 1010 3637 1067 οὐδὲν
3684 1018 3800 1084 μεῖ-

2148 1094 2299 1163 ζονῆ
2355 1089 2602 1166 ἔλαττον,
2650 1095 2777 1151 ἀλλ’
2823 1096 2948 1153 ὅλαι
2997 1100 3052 1153 αἱ
3102 1106 3248 1173 τρεῖς
3303 1100 3628 1162 ὑποστάσεις
3682 1123 3802 1155 συν-

2145 1180 2549 1252 διαιωνίζουσαι
2602 1185 2816 1249 ἑαυταῖς
2861 1186 2963 1242 είσι
3008 1187 3099 1242 καὶ
3152 1186 3280 1245 ἴσαι.
3328 1190 3538 1257 Οὕτως,
3582 1189 3677 1245 ἵνα
3717 1189 3802 1245 διὰ

2143 1273 2379 1338 πάντων,
2432 1272 2612 1349 ὥσπερ
2664 1272 2775 1345 ἤδη
2826 1276 3172 1352 προείρηται,
3221 1277 3312 1331 καὶ
3368 1281 3529 1354 Τριᾶς
3585 1279 3640 1334 ἂν
3705 1302 3799 1351 μο-

2144 1359 2287 1429 νάδι,
2318 1362 2407 1416 καὶ
2470 1362 2695 1435 μονὰςέν
2746 1362 2938 1440 Τριάδι
2991 1363 3339 1440 λατρεύηται.
3388 1368 3445 1421 '0
3499 1367 3676 1431 θέλων
3709 1370 3797 1423 οὖν

2146 1452 2378 1519 σωθῆναι
2430 1451 2572 1507 οὕτω
2620 1452 2744 1527 περὶ
2791 1461 2890 1524 τῆς
2940 1454 3092 1529 ἁγίας
3121 1452 3349 1531 Τριάδος
3388 1455 3603 1512 νοείτω.
3641 1456 3797 1511 Ἀλλ’

2142 1539 2429 1616 ἀναγκαῖον
2481 1539 2539 1596 δέ
2578 1542 2689 1597 ἐστι
2737 1543 2875 1618 πρὸς
2933 1542 3152 1598 αῒωνίαν
3211 1544 3508 1620 σωτηρίαν,
3560 1544 3657 1599 ἵνα
3708 1548 3793 1600 καὶ

2141 1630 2240 1697 τὴν
2274 1628 2677 1705 ἔνανθρώπησιν
2710 1635 2807 1685 τοῦ
2861 1631 3062 1705 Κυρίου
3113 1635 3275 1706 ἡμῶν
3326 1631 3510 1701 Ἰησοῦ
3558 1635 3790 1707 Χριστοῦ

2148 1710 2382 1791 βεϐαίως
2457 1718 2680 1792 πιστεύῃ
2716 1761 2728 1774 .
2781 1720 2965 1775 Ἔστιν
3042 1716 3134 1775 οῦν
3210 1719 3391 1782 πίστις
3462 1720 3598 1795 ὀρθὴ
3634 1767 3651 1791 ,
3704 1720 3790 1775 ἳνα

2143 1804 2481 1878 πιστεύωμεν
2514 1806 2603 1861 καὶ
2645 1805 3033 1883 ὁμολογῶμεν,
3065 1807 3149 1863 ὅτι
3181 1811 3209 1863 ὁ
3237 1810 3439 1885 Κύριος
3489 1812 3655 1882 ἡμῶν
3686 1812 3792 1881 Ἰη-

2144 1897 2269 1955 σοῦς
2328 1895 2575 1965 Χριστὸς,
2610 1895 2638 1949 ὁ
2667 1899 2763 1949 τοῦ
2815 1900 2949 1950 Θεοῦ
3009 1897 3151 1967 Υἱὸς,
3199 1898 3326 1957 Θεὸς
3374 1897 3466 1951 καὶ
3512 1898 3792 1972 ἅνθρωπός

2141 1980 2272 2039 ἐστι.
2334 1981 2463 2044 Θεός
2516 1982 2660 2037 ἔστιν
2720 1982 2780 2039 ἐκ
2839 1990 2941 2052 τῆς
3002 1984 3187 2046 οὐσίας
3245 1990 3338 2040 τοῦ
3397 1987 3640 2060 Πατρὸς,
3691 1989 3789 2057 πρὸ

2138 2069 2351 2124 αίώνων
2409 2072 2705 2146 γεννηθείς·
2770 2075 2859 2127 καὶ
2914 2070 3195 2149 ἅνθρωπός
3254 2074 3393 2128 ἐστιν
3451 2074 3512 2129 ἐκ
3556 2078 3657 2144 τῆς
3707 2077 3791 2130 οὗ·

2139 2158 2253 2220 σίας
2282 2166 2385 2228 τῆς
2420 2160 2646 2233 μητρὸς,
2695 2160 2746 2215 ἂν
2798 2161 2984 2237 χρόνῳ
3032 2163 3327 2237 γεννηθείς.
3364 2162 3592 2224 Τέλειος
3645 2165 3789 2233 Θεὸς,

2136 2248 2223 2301 καὶ
2254 2247 2465 2310 τέλειος
2496 2245 2802 2324 ἅνθρωπος,
2859 2250 2917 2304 ὲκ
2963 2253 3149 2325 ψυχῆς
3184 2259 3414 2325 Αογικῆς
3454 2252 3544 2307 καὶ
3588 2254 3789 2325 ἀνθρω-

2136 2336 2299 2405 πίνης
2357 2338 2553 2411 σαρκὸς
2607 2338 2840 2400 ὑποστάς
2875 2357 2887 2369 ·
2954 2336 3067 2400 ἴσος
3128 2344 3206 2410 τῷ
3262 2341 3435 2415 Ιιατρί
3497 2342 3636 2395 κατᾶ
3691 2344 3785 2411 τήν

2138 2425 2385 2497 ϐιότητα,
2418 2425 2595 2495 ἥττων
2625 2431 2723 2481 τοῦ
2772 2428 2986 2502 Ματρὸς
3039 2430 3175 2482 κατὰ
3222 2431 3319 2498 τήν
3364 2430 3778 2503 ἆνθρωπότητα.

2135 2516 2255 2585 Ὃς,
2302 2513 2347 2569 εί
2398 2514 2487 2569 καὶ
2544 2515 2674 2578 Θεὸς
2735 2515 2967 2591 ὑπάρχει
3019 2517 3108 2571 καὶ
3154 2518 3461 2593 ἄνθρωπος,
3513 2519 3663 2590 ὅμως
3720 2520 3781 2574 ού

2137 2600 2253 2673 δύο,
2285 2600 2413 2657 ἀλλ’
2443 2602 2516 2664 εἷς
2566 2602 2677 2658 ἐστι
2728 2603 2976 2679 Χριστός·
3011 2604 3089 2667 εἷς
3122 2602 3179 2659 δὶ
3209 2605 3272 2659 ού
3310 2608 3496 2681 τροπῇ
3525 2609 3779 2677 θεότητος

2136 2690 2211 2753 εἰς
2244 2688 2434 2766 σάρκα,
2466 2689 2610 2746 ἀλλὰ
2644 2690 2953 2767 προσλήψει
2981 2692 3401 2767 ἀνθρωπότητος
3425 2695 3503 2756 εἷς
3534 2697 3779 2765 θεότητα.

2135 2781 2227 2843 Εἷς
2258 2778 2496 2844 καθόλου
2537 2779 2599 2834 ού
2650 2781 2912 2857 συγχύσει
2958 2782 3191 2858 φύσεων,
3242 2781 3366 2837 ἀλλ’
3416 2783 3605 2840 ἇνώσει
3657 2786 3786 2840 ὑπο-

2136 2869 2406 2925 στάσεων·
2469 2869 2649 2947 ὥσπερ
2710 2873 2813 2945 γὰρ
2897 2874 3050 2947 ψυχὴ
3116 2871 3315 2947 λογική
3376 2874 3467 2927 καὶ
3528 2874 3659 2948 σὰρξ
3717 2877 3788 2936 εἷς

2136 2958 2276 3013 ἐστιν
2332 2956 2641 3034 ἄνθρωπος,
2702 2960 2844 3015 οὕτω
2901 2962 3031 3023 Θεὸς
3068 2962 3159 3015 καὶ
3210 2963 3501 3037 ἄνθρωπος
3549 2963 3626 3025 εἷς
3681 2962 3783 3018 tm

2135 3045 2385 3121 Χριστός·
2434 3048 2462 3102 ὁ
2502 3048 2683 3103 παθὼν
2745 3046 2835 3103 διὰ
2878 3050 2982 3118 τὴν
3035 3049 3304 3124 ἡμετέραν
3351 3051 3655 3123 σωτηρίαν,
3697 3050 3781 3106 καὶ

2136 3136 2411 3192 κατελθὼν
2441 3136 2519 3199 είς
2554 3138 2644 3192 τὸν
2679 3135 2837 3207 ᾅδην,
2886 3136 2975 3192 καί
3020 3142 3089 3211 τῇ
3138 3138 3291 3213 τρίτῃ
3326 3140 3514 3215 ἡμὲρᾳ
3559 3140 3783 3202 ἀναστὰς

379 3240 448 3294 Et
477 3211 575 3310 qui
608 3238 760 3294 bona
784 3238 1047 3307 egerunt,
1079 3232 1250 3287 ibunt
1278 3230 1339 3284 in
1369 3229 1546 3284 vitam
1573 3231 1849 3283 aeternam
1886 3225 2019 3298 :qui

2136 3224 2192 3280 ἰκ
2218 3230 2325 3279 τῶν
2357 3230 2580 3301 νεκρῶν,
2628 3227 2720 3280 καὶ
2772 3225 3007 3281 ἀνελθὼν
3061 3225 3140 3289 εἷς
3176 3227 3302 3283 τοὺς
3356 3228 3649 3303 οὐρανοὺς,
3700 3229 3783 3282 καὶ

378 3343 512 3383 vero
544 3325 716 3393 mala,
750 3325 807 3379 in
862 3324 1057 3394 ignem
1101 3326 1405 3375 internum.
1454 3317 1583 3373 Haac
1613 3322 1704 3371 est
1749 3317 1892 3370 fides
1923 3332 2025 3370 ca-

377 3414 616 3481 tholica,
662 3428 839 3485 quam
893 3410 1005 3466 nisi
1055 3408 1307 3480 quisque
1364 3405 1613 3462 fideliter
1660 3405 2025 3476 ﬁrmiterque

380 3503 709 3573 crediderit,
739 3500 935 3556 salvus
964 3514 1093 3553 esse
1125 3513 1239 3553 non
1273 3494 1505 3568 poterit.

2130 3315 2437 3386 καθήμενος
2480 3312 2540 3368 ἐκ
2586 3312 2773 3386 δεξιῶν
2821 3319 2918 3370 τοῦ
2969 3319 3100 3370 Θεοῦ
3150 3317 3237 3370 καὶ
3272 3316 3489 3392 ΙΙατρὸς
3528 3321 3628 3371 τοῦ
3654 3338 3781 3371 παν-

2130 3400 2480 3478 τοκράτορος,
2539 3402 2657 3458 ὅθεν
2718 3402 2991 3459 ἐλεύσεται
3046 3410 3224 3477 κρῖναι
3291 3409 3495 3473 ζῶντας
3552 3406 3646 3459 καὶ
3702 3427 3780 3460 vs-

2132 3491 2317 3564 κρούς.
2350 3492 2423 3546 Οὔ
2454 3494 2520 3565 τῇ
2569 3490 2774 3547 ἆλεύσει
2824 3492 3019 3553 πάντες
3066 3490 3340 3567 ἄνθρωποι
3389 3493 3781 3565 ἀναστήσονται

381 3593 472 3647 σὺν
503 3595 617 3653 τοῖς
646 3590 845 3645 ἑαυτῶν
880 3587 1123 3658 σώμασιν
1156 3580 1531 3644 ἀποδώσοντες
1563 3582 1686 3657 περί
1715 3586 1820 3635 τῶν
1856 3578 2007 3636 ἰδίων
2040 3576 2213 3656 ἔργων
2247 3580 2430 3657 λόγον’
2462 3581 2552 3635 καὶ
2579 3582 2631 3635 οἳ
2662 3584 2804 3636 καΛᾶ
2824 3581 3116 3657 πράξαντες
3144 3581 3540 3638 εἷσελεύσονται
3573 3587 3691 3655 (13)
3714 3583 3783 3645 εἰς

386 3683 531 3752 ζωὴν
560 3679 799 3743 αἰώνιον,
828 3677 881 3731 οἳ
911 3672 969 3730 δὲ
995 3674 1134 3730 κακὰ
1164 3672 1239 3734 είς
1269 3675 1377 3747 πῦρ
1409 3671 1648 3726 αἰώνιον.
1682 3669 1827 3740 Αὕτη
1862 3668 2003 3725 ἐστὶν
2035 3671 2070 3740 ἡ
2103 3666 2368 3737 καθολική
2395 3668 2595 3742 πίστις,
2622 3670 2688 3739 ἢν
2722 3668 2768 3724 εἰ
2821 3672 2895 3743 μή
2944 3691 3027 3732 τις
3073 3674 3277 3732 πιστῶς
3304 3691 3365 3725 τε
3412 3672 3507 3726 καὶ
3550 3667 3785 3747 βεϐαίως

383 3770 664 3844 πιστεύσῃ,
694 3769 931 3836 σωθῆναι
964 3763 1026 3819 ού
1059 3760 1367 3834 δυνήσεται.

474 3926 530 3988 8)
561 3925 619 3980 S.
652 3924 741 3988 G.,
775 3922 835 3975 In
866 3922 967 3975 hac
1005 3918 1296 3981 Trinitate,
1328 3913 1567 3985 omisso,
1599 3917 1672 3988 et.

474 3926 507 3981 8
561 3926 619 3980 S.
652 3926 741 3988 G.,
775 3926 835 3975 In
866 3926 967 3975 hac
1005 3926 1296 3981 Trinitate,
1328 3930 1567 3985 omisso,
1599 3926 1672 3969 et.

452 3926 530 4069 £9;
559 3994 942 4069 Colbertinus
974 3990 1069 4045 hic
1117 3988 1341 4069 incipit,
1391 3988 1500 4067 hac
1546 3986 1774 4069 ratione
1804 3999 1833 4065 _:
1866 3984 2020 4069 _Post

380 4055 670 4141 sybodum
701 4055 1383 4141 Chaicedonensem'hasc
1417 4058 1596 4141 minio
1628 4055 2018 4141 descriptale-

378 4127 600 4213 guntur
630 4155 643 4193 :
698 4136 933 4213 Explicit
968 4132 1253 4213 synodum
1281 4129 1642 4194 mundanum,
1673 4127 1730 4182 id
1758 4136 1856 4195 est,
1888 4129 2017 4183 uni-

374 4203 665 4280 uersalem,
696 4203 846 4281 αρὶιιέ
876 4203 1207 4281 ϐαισράρηα-
1605 4271 1613 4280 .
1658 4274 1667 4281 ,
1861 4271 1868 4281 .
1940 4270 1949 4280 .

444 4286 551 4339 Hoc
576 4272 766 4338 inveni
808 4278 1044 4333 Treviris
1074 4277 1133 4328 in
1163 4288 1271 4328 uno
1320 4272 1462 4326 libro
1504 4272 1788 4340 scriptum,
1818 4272 1900 4324 sic
1928 4272 2015 4323 in-

370 4358 605 4425 cipiente
633 4370 651 4406 :
681 4352 903 4425 Domini
953 4346 1285 4425 nostrilesu
1316 4343 1527 4425 Christi
1556 4339 1620 4425 et;
1647 4339 1882 4425 rel'igua.
1919 4342 2015 4396 Do-

2129 3915 2298 3984 fama
2344 3912 2702 3984 descendens,
2722 3915 2769 3967 et
2800 3912 2891 3967 die
2921 3915 3083 3967 tertia
3134 3915 3457 3979 resurrexit,
3492 3919 3663 3984 atque
3714 3916 3781 3970 ad

2128 3983 2288 4039 caelos
2335 3984 2606 4050 ascendit,
2637 3983 2706 4038 ad
2747 3984 3028 4038 dexteram
3073 3984 3174 4039 Dei
3218 3986 3402 4039 Patris
3448 3983 3602 4040 sedet
3641 3990 3778 4042 sicut

2127 4058 2277 4111 vobis
2325 4058 2385 4110 in
2417 4055 2667 4125 Symboio
2699 4055 2961 4109 traditum
2993 4064 3089 4110 est.
3134 4055 3265 4110 Inde
3292 4056 3364 4109 ad
3405 4057 3770 4124 iudicandum

2126 4129 2273 4182 vivos
2321 4132 2375 4181 et
2422 4135 2681 4193 mortuos,
2729 4127 3001 4181 credimus
3047 4136 3100 4181 et
3147 4143 3430 4196 speramus
3480 4146 3613 4184 eum
3667 4146 3773 4187 esse

2126 4202 2434 4254 venturum.
2468 4198 2545 4253 Ad
2586 4199 2742 4268 cujus
2772 4199 3067 4253 adventum
3110 4207 3279 4253 erunt
3304 4214 3499 4254 omnes
3529 4200 3771 4257 homines

2122 4273 2247 4325 sine
2275 4270 2442 4325 dubio
2463 4271 2578 4323 suis
2598 4272 2655 4323 in
2677 4269 2991 4340 corporibus
3011 4272 3396 4337 resurrecturi,
3427 4279 3482 4325 et
3505 4272 3774 4327 reddituri

2123 4342 2192 4396 de
2217 4344 2391 4412 [actis
2446 4343 2691 4412 propriis
2744 4342 3058 4401 rationem;
3090 4349 3149 4413 ut
3199 4344 3295 4411 qui
3354 4342 3496 4397 bona
3553 4353 3771 4413 egerunt

370 4412 514 4481 τήἰηὶ
551 4425 729 4480 nostri
772 4423 896 4478 Jesu
950 4418 1157 4473 Christi
1200 4416 1443 4485 ﬁdeliter
1489 4412 1695 4468 credat.
1730 4412 2013 4485 Deinceps
2121 4417 2247 4467 eant
2274 4414 2330 4467 in
2362 4413 2533 4485 vitam
2560 4414 2968 4485 aeternam,qui_
2995 4412 3142 4485 mata
3174 4414 3231 4467 in
3265 4414 3451 4481 ignem
3479 4412 3762 4470 ater-num.

369 4500 694 4551 atramento
728 4494 846 4548 haec
881 4510 893 4547 :
928 4499 1005 4546 est
1032 4504 1162 4557 ergo
1200 4483 1335 4556 ﬁdes
1367 4488 1529 4550 recta,
1563 4489 1694 4550 etc.,
1730 4484 1800 4537 ad
1838 4484 2011 4538 ﬁnem
2124 4485 2248 4539 Haec
2275 4492 2354 4557 est
2394 4484 2523 4553 ﬁdes
2552 4492 2742 4539 sancta
2770 4487 2823 4538 et
2861 4483 3161 4557 catholica,
3189 4500 3355 4557 quam
3400 4488 3584 4541 omnis
3614 4487 3766 4542 homo

368 4584 576 4627 usque,
1102 4556 1111 4557 7
1678 4626 1687 4627 ί
1745 4624 1777 4627 η
1903 4625 1909 4627 Α
2041 4558 2212 4627 uni
2268 4556 2337 4609 ad
2396 4557 2564 4609 vitam
2618 4558 2885 4612 aeternam
2939 4556 3226 4627 pervenire
3278 4556 3582 4624 desiderat,
3631 4561 3765 4615 seire

434 4624 547 4711 (10)
577 4642 633 4692 S.
652 4635 757 4711 G.,
791 4637 852 4690 Et
881 4636 1021 4711 Deus
1046 4631 1268 4711 pariter
1294 4629 1345 4711 et
1372 4628 1528 4711 homo
1558 4624 2002 4711 estColhertin'q
2120 4624 2328 4697 integre
2355 4628 2507 4711 debet
2545 4635 2610 4711 et.
2637 4628 2874 4711 ﬁdeliter
2898 4624 3192 4711 custodire.
3240 4630 3762 4711 sangermen_ensis

362 4696 502 4765 Deus
531 4696 753 4780 'pariter
786 4713 836 4763 et
883 4696 1060 4780 homo
1085 4711 1183 4780 est.
1230 4698 1539 4780 Coibertin.
1790 4696 2005 4780 desub-

360 4768 567 4837 stantia
595 4780 803 4845 Patris,
836 4782 893 4833 et
932 4777 1103 4837 infra,
1137 4774 1203 4828 de
1244 4771 1546 4845 substantia
1591 4768 1798 4845 Matris.
1853 4768 1996 4823 Ibid.
2112 4768 2355 4845 humana
2384 4785 2549 4845 carne
2578 4769 2896 4845 subsistens,
2930 4769 3015 4823 sic
3057 4770 3433 4845 prosequitur
3463 4787 3476 4824 :
3515 4773 3757 4842 Ᾱςηαιίι

361 4858 512 4923 post,
568 4839 869 4923 Matris,'_S.
921 4848 985 4923 (ξ.
1029 4846 1318 4923 habetLin
1361 4841 1561 4923 saeculo
1606 4842 1827 4921 genitus
1870 4855 1998 4909 per-
2108 4842 2301 4923 Patri,
2346 4842 2654 4923 perfectus
2683 4842 2841 4908 Deus,
2900 4839 3194 4923 secundum
3232 4839 3620 4923 Idivinit‘atem‘.
3657 4845 3755 4911 Qui

356 4911 526 4994 iectus
554 4925 731 4978 homo.
753 4911 899 4994 Mox
928 4919 985 4973 S.
1022 4916 1087 4972 G.
1121 4914 1644 4994 et_Colbertin.,hex
1687 4912 1875 4994 anima
1900 4927 1995 4965 ra-
2108 4914 2233 4994 licet
2266 4913 2405 4994 Deus
2430 4913 2501 4967 sit
2549 4916 2601 4994 et
2631 4911 2809 4978 homo,
2860 4927 2970 4965 non
3000 4921 3190 4994 tamen
3209 4911 3332 4979 duo,
3510 4931 3655 4994 unus
3681 4924 3751 4994 est

356 4983 635 5058 tionabiti,
665 4993 763 5064 qui
817 4994 1148 5062 postremus
1179 4983 1661 5064 ita_p_rosequitur
1707 4984 1776 5064 ad
1819 4984 1995 5064 tinem
2105 4986 2266 5039 Deus.
2319 4984 2461 5064 Unus
2502 4987 2706 5064 autem
2735 5000 2855 5064 non.
2886 4986 3290 5064 conversatione
3328 4983 3653 5064 divinitatis
3693 4991 3745 5042 in

2102 5071 2288 5127 carne,
2318 5054 2410 5127 sed
2424 5058 2809 5127 assumptione
2836 5054 3199 5127 humanitatis
3230 5056 3288 5109 in
3320 5055 3445 5120 Deo,
3479 5062 3587 5111 etc.

2121 4629 2328 4697 integre
2355 4628 2507 4682 debet
2545 4635 2596 4682 et

2119 4714 2249 4753 vero
2280 4702 2457 4753 codex
2489 4702 2619 4767 post
2647 4697 2767 4752 haec
2797 4698 2969 4752 verba
2990 4716 3009 4752 :
3038 4699 3125 4752 Ex
3150 4700 3341 4752 anima
3368 4697 3759 4756 rationabitiet

359 5083 552 5144 usque
581 5082 592 5120 :
624 5054 953 5144 et'humana
980 5076 1146 5115 carne
1174 5054 1781 5144 subsistenssgquatis
1811 5054 1992 5144 Pajtri,
2102 5071 2288 5144 carne,
2318 5054 2809 5144 sedfssu'mptione
2836 5054 3199 5144 humanitatis
3230 5056 3288 5109 in
3320 5055 3449 5144 Deo1
3479 5062 3604 5144 etc.

352 5124 649 5195 secundum
693 5134 1058 5198 divinitatem,
1102 5130 1286 5183 minor
1331 5128 1497 5182 Patri
1527 5124 1651 5197 (sic)
1698 5124 1995 5181 secundum
2175 5126 2287 5197 (11)
2319 5126 2368 5180 S.
2411 5125 2500 5192 G.,
2536 5124 2683 5182 Unus
2711 5126 2998 5198 Christus._
3020 5168 3034 5183 .
3071 5168 3082 5179 .
3121 5168 3133 5180 .
3166 5126 3449 5182 descendit
3480 5128 3553 5182 ad
3581 5131 3744 5197 infer-

354 5210 784 5266 humanitatem.
820 5205 927 5272 Qui
972 5196 1099 5256 licet
1124 5202 1266 5255 Deus
1294 5201 1366 5254 sit
1411 5199 1586 5263 homo,
1617 5196 1728 5251 non
1756 5198 1861 5251 duo
1909 5206 1992 5272 ta-_
2100 5212 2218 5272 nos,
2233 5196 2571 5272 _resurre:cit.
2610 5240 2622 5252 .
2654 5196 2905 5272 Sedit
2931 5196 3001 5252 ad
3047 5198 3329 5272 dexteram
3358 5198 3548 5272 Patris

350 5299 474 5338 men
505 5280 597 5337 sed
617 5294 762 5335 unus
782 5267 859 5331 est
880 5275 1140 5331 Christus.
1173 5272 1318 5327 Unus
1338 5279 1521 5325 autem
1541 5284 1649 5323 non
1671 5285 1742 5323 ex
1758 5284 1823 5323 eo
1853 5268 1992 5338 quod
2170 5269 2280 5339 (12)
2319 5270 2377 5323 In
2402 5269 2574 5392 prius
2602 5268 2775 5325 editis
2806 5272 2937 5341 post
2974 5267 3386 5341 γεγεννημένος,
3421 5269 3658 5340 legitur.
3689 5269 3742 5323 ει

353 5357 420 5392 ρει
449 5356 508 5392 τ’.»
563 5365 726 5392 ,νη-ηρ
775 5361 1040 5392 ηηπυενςα
1069 5344 1351 5392 divinitas.
1382 5340 1473 5392 sed
1518 5343 1651 5392 auia
1686 5342 1855 5392 estin
1884 5340 1989 5392 Deo
2096 5342 2193 5391 τοῦ
2252 5344 2395 5392 Πατο
2438 5359 2483 5392 e.
2533 5341 2634 5392 sed
2687 5339 2808 5392 hinc
2857 5345 3154 5392 postrema
3202 5341 3375 5392 verba
3422 5342 3642 5392 desunt
3685 5343 3740 5392 in

349 5357 420 5407 sit
449 5356 510 5408 in
561 5365 726 5407 carne
775 5361 1040 5403 conversa
1069 5344 1351 5408 divinitas,
1382 5340 1473 5395 sed
1518 5343 1765 5412 quiaest
1797 5342 1855 5394 in
1884 5340 1989 5395 Deo
2096 5342 2193 5412 306
2252 5339 2483 5411 Πατρός,
2533 5341 2635 5396 sed
2687 5339 2820 5395 hiec'
2857 5339 3154 5412 postrema
3202 5341 3375 5396 verba
3422 5339 3642 5397 desunt
3685 5343 3740 5398 in

350 5432 636 5494 assumpta
681 5422 987 5494 dignanter
1014 5414 1352 5494 humanitas.
1607 5411 1856 5466 Christus
1893 5419 1989 5494 Aest

346 5512 462 5550 non
488 5482 815 5567 confusione
843 5488 1184 5567 substantiae,
1225 5484 1316 5539 sed
1345 5484 1558 5567 unitate
1581 5496 1864 5567 personw._
1884 5482 1987 5565 Qui

346 5553 643 5625 secundum
690 5564 857 5637 ﬁdem
886 5564 1132 5619 nostram
1164 5553 1365 5630 passus
1393 5559 1449 5611 et
1496 5561 1749 5609 mortuus
1794 5553 1864 5608 ad
1894 5556 1987 5608 in-

1994 5668 2081 5735 εἳ

2101 5409 2277 5553 Ηῗῗὲ)
2308 5481 2472 5555 Ηθε.,
2504 5478 2919 5552 ἀπελεύσονται,
2948 5480 3124 5552 infra,
3154 5480 3398 5556 πιστεύῃ.

360 5828 369 5841 ι.

470 5912 491 5939 ψ.
