4002 6206
218 396 379 458 1589

1434 396 1876 461 SYMBOLUM
1922 396 2406 471 OUlCUNQUE.

3475 399 3631 460 i590

289 525 473 596 ’Δλλη
504 527 604 603 γὰρ
650 526 941 590 ὑπόστασις
995 532 1093 583 τοῦ
1148 527 1361 603 Πατρὸς
1414 524 1561 596 ἄλλη
1605 529 1701 580 τοῦ
1734 527 1877 592 Υῖοῦ,

2071 527 2197 583 Alia
2226 534 2313 583 est
2343 529 2499 583 enim
2532 546 2781 601 persona
2811 529 3021 599 Patris,
3051 527 3167 584 alia
3200 527 3347 596 Filii,
3368 526 3482 583 alia
3504 526 3634 599 Spi-

218 614 364 685 ἄλλη
418 620 517 670 τοῦ
568 616 720 692 ἁγίου
775 616 1118 689 [Ινεύματος.
1170 616 1349 672 Ἀλλὰ
1390 620 1487 670 τοῦ
1530 616 1760 691 Πατρὸς,
1793 616 1881 670 καὶ

217 709 317 759 τοῦ
350 705 498 769 Υίοῦ,
530 706 619 760 καὶ
648 709 745 759 τοῦ
779 704 937 779 ἁγίου
962 705 1296 778 Πνεύματος,
1334 705 1433 777 μία
1481 704 1619 759 ἐστὶν
1671 706 1705 773 ἡ
1760 704 1881 767 θεό-

218 814 340 862 της,
375 790 429 848 ’ἐν
462 794 524 847 τὸ
555 793 774 868 κράτος,
811 793 907 866 μία
945 793 1177 864 ἄξουσία,
1238 794 1335 866 μία
1384 792 1654 869 βασιλεία,
1704 791 1791 863 ἴση
1843 795 1877 863 ἡ

222 879 373 951 δόξα,
426 879 512 951 ἴση
562 884 596 950 ἡ
652 881 1012 957 μεγαλωσύνη
1058 883 1147 937 καὶ
1182 883 1417 944 αἰώνιος.
1452 884 1575 944 Οίος
1610 883 1636 936 6
1669 882 1875 955 Πατὴρ,

220 974 473 1031 τοιοῦτος
506 971 533 1024 6
565 971 711 1041 Υἱὸς,
741 975 991 1026 τοιοῦτον
1023 974 1084 1027 τὸ
1116 971 1335 1045 Πνεῦμα
1362 973 1424 1026 τὸ
1464 972 1640 1046 ἅγιον.
1689 972 1878 1026 ’Ἄκτι-

223 1079 347 1120 στος
396 1061 423 1113 6
474 1060 681 1133 Πατήρ,
730 1057 979 1122 ἄκτιστος
1030 1061 1057 1114 6
1109 1062 1230 1123 Υἱὸς
1278 1061 1525 1115 ἄκτιστον
1565 1058 1627 1115 τὸ
1659 1064 1879 1130 Πνεῦμα

219 1148 283 1202 τὸ
315 1147 493 1221 ἆγιον·
554 1147 642 1202 καὶ
694 1148 756 1202 οὐ
817 1154 964 1222 τρεῖς
1015 1150 1277 1218 ἅκτιστοι,
1329 1148 1455 1203 ἀλλ’
1496 1149 1570 1210 εἷς
1605 1148 1874 1210 ἄκτιστος.

221 1235 616 1312 Παντοκράτωρ
666 1237 694 1290 6
743 1239 951 1311 Πατὴρ,
1018 1238 1406 1314 παντοκράτωρ
1455 1240 1483 1293 6
1535 1237 1688 1305 Υἱὸς,
1745 1258 1878 1290 παν-

220 1325 503 1399 τοκράτωρ
547 1324 610 1379 τὸ
657 1330 871 1397 Πνεῦμα
921 1326 985 1380 τὸ
1036 1328 1208 1402 ἅγιον·
1267 1326 1356 1381 xui
1402 1326 1465 1382 οὐ
1500 1332 1647 1402 τρεῖς
1678 1346 1876 1380 παντο-

217 1414 503 1488 κράτορες,
552 1410 678 1468 ἀλλ’
727 1412 801 1475 εἷς
848 1416 1263 1491 παντοκράτωρ.
1323 1414 1560 1476 Αῗώνιος
1606 1416 1633 1469 6
1666 1414 1877 1490 Πατὴρ,

218 1501 441 1563 αἰώνιος
473 1502 500 1556 6
532 1502 652 1563 Υἱὸς
680 1502 904 1556 αἰώνιον
947 1502 1010 1557 τὸ
1058 1508 1281 1575 Πνεῦμα
1320 1504 1382 1557 τὸ
1434 1504 1608 1578 ἅγιον·
1667 1502 1758 1558 καὶ
1815 1501 1876 1557 οὐ

221 1595 366 1665 τρεῖς
397 1589 633 1661 αίώνιοι,
666 1590 796 1646 ἀλλ’
826 1591 902 1653 εἷς
950 1591 1190 1653 αἶ’ώνιος.
1225 1590 1649 1664 ΙΙαντοδύναμος
1682 1593 1710 1646 6
1764 1598 1874 1646 Ilu-

221 1680 351 1755 τὴρ,
383 1676 804 1753 παντοδύναμος
839 1681 866 1734 6
897 1678 1457 1754 Υἱὸς,παντοὸὐναμον
1489 1681 1551 1736 τὸ
1572 1685 1792 1753 Πνεῦμα
1818 1680 1881 1736 τὸ

228 1769 405 1843 ἅγιον·
458 1767 547 1823 καὶ
599 1766 661 1823 οὐ
710 1774 858 1844 τρεῖς
895 1767 1323 1843 παντοδύναμοι,
1356 1767 1484 1825 ἀλλ’
1512 1771 1587 1832 εἷς
1613 1766 1882 1824 παντοδύ-

224 1876 419 1929 ναμος.
474 1855 633 1914 Οὕτω
693 1858 822 1919 Θεὸς
883 1859 910 1912 6
959 1860 1171 1933 Πατὴρ,
1223 1859 1353 1913 Θεὸς
1402 1860 1430 1914 6
1479 1856 1621 1927 Υἱός,
1664 1859 1791 1921 Θεὸς
1819 1859 1883 1913 τὸ

231 1950 459 2018 Πνεῦμα
502 1946 565 1999 τὸ
614 1947 788 2021 ἅγιον·
841 1947 932 2000 καὶ
982 1947 1043 2001 οὐ
1087 1952 1232 2022 τρεῖς
1280 1949 1415 2015 θεοὶ,
1472 1946 1596 2002 ἀλλ’
1645 1949 1719 2009 εἷς
1770 1946 1883 2002 ἐστι

228 2034 381 2097 Θεός.
444 2032 639 2107 Κύριος
706 2035 733 2089 6
786 2035 995 2111 Πατὴρ,
1050 2034 1250 2111 Κύριος
1301 2037 1329 2090 6
1379 2036 1524 2104 Υἱὸς,
1577 2034 1772 2111 Κύριος
1819 2036 1881 2090 τὸ

231 2125 456 2193 Πνεῦμα
506 2122 570 2176 τὸ
621 2121 801 2197 ἆγιον⁸
852 2123 940 2176 καὶ
990 2122 1052 2177 οὐ
1098 2128 1244 2197 τρεῖς
1280 2125 1480 2197 κύριοι,
1513 2123 1744 2185 ἀλλἐἷς
1770 2123 1881 2178 ἐστι

228 2211 448 2286 Κύριος·
504 2212 602 2265 Καὶ
652 2209 833 2287 ὣσπερ
888 2210 1193 2284 μοναδικῶς
1227 2213 1352 2284 μίαν
1386 2214 1611 2283 εκάστην
1646 2213 1877 2267 ὑπόστα-

226 2321 309 2354 σιν
354 2300 482 2355 Θεὸν
536 2300 627 2354 xui
679 2300 873 2376 Κύριον
927 2301 1225 2375 ὁμολογεῖν
1273 2305 1623 2376 Χριστιανικῇ
1651 2300 1882 2373 ἀληθείᾳ

226 2393 660 2465 συνηγοροῦμεν,
696 2389 840 2444 οὕτω
867 2395 1016 2465 τρεῖς
1049 2389 1206 2453 θεοὺς
1236 2392 1272 2458 ἢ
1327 2395 1474 2465 τρεῖς
1524 2391 1741 2466 κυρίους
1785 2390 1879 2447 λέ-

228 2498 343 2553 γειν
403 2477 465 2532 οὐ
516 2475 895 2549 συναινοῦμεν,
944 2477 1091 2533 ἀλλὰ
1136 2478 1418 2541 παντελῶς
1468 2478 1877 2554 ἀπαγορεύομεν

230 2565 421 2639 Πατὴρ
469 2565 570 2640 γὰρ
627 2566 753 2639 παρ’
811 2563 1025 2628 οὐδενός
1081 2565 1189 2620 ἐστι
1246 2567 1498 2636 ποιητὸς,
1550 2566 1611 2621 οὐ
1640 2568 1878 2640 κτιστὸς,

232 2651 360 2707 ἀλλ’
417 2653 732 2728 ἀγὲννητος.
779 2655 836 2707 Ὀ
884 2654 1008 2715 Υἱὸς
1058 2654 1163 2708 ἀπὸ
1212 2659 1309 2708 τοῦ
1366 2654 1576 2731 Πατρός
1619 2655 1757 2710 ἐστιν
1817 2655 1879 2711 οὐ

230 2741 484 2811 ποιητὸς,
544 2740 606 2795 οὐ
662 2741 900 2809 κτιστὸς,
946 2740 1092 2797 ἀλλὰ
1119 2742 1396 2814 γεννητός.
1454 2743 1526 2798 Τὸ
1554 2748 1772 2817 Πνεῦμα
1818 2746 1880 2799 τὸ

236 2827 388 2903 ἅγιον
450 2830 556 2883 ἀπὸ
602 2833 699 2883 τοῦ
754 2830 966 2905 Πατρός
1007 2829 1145 2885 ἐστιν
1176 2830 1236 2884 οὐ
1266 2832 1518 2901 ποιητὸν,
1552 2831 1613 2886 οὐ
1642 2834 1878 2904 κτιστὸν,

239 2919 299 2973 οὐ
323 2920 604 2994 γεννητὸν,
636 2917 763 2974 ἀλλ’
795 2918 1139 2995 ὲκπορευτόν.
1173 2920 1264 2982 Εἷς
1298 2920 1490 2976 λοιπὸν
1522 2924 1550 2977 6
1584 2924 1793 2998 Πατήρ,
1819 2922 1880 2978 οὐ

236 3014 383 3084 τρεῖς
428 3009 691 3083 πατέρες·
744 3008 819 3071 εἷς
869 3009 1013 3079 Υἱὸς,
1063 3008 1125 3063 οὐ
1172 3014 1318 3084 τρεῖς
1368 3010 1497 3064 υἱοί·
1549 3007 1604 3065 ἓν
1664 3016 1884 3086 Πνεῦμα

240 3098 417 3171 ἅγιον,
474 3096 535 3151 οὐ
590 3096 714 3172 τρία
769 3096 1049 3170 πνεύματα
1105 3099 1246 3173 ἅγια.
1311 3099 1412 3156 Καὶ
1470 3099 1521 3153 ὲν
1572 3099 1740 3174 ταύτῃ
1812 3100 1881 3175 τῇ

231 3185 422 3260 Τριάδι
452 3182 629 3247 οὐδεὶς
657 3189 871 3261 πρῶτος
902 3186 937 3255 ἢ
965 3183 1218 3261 ἔσχατος.
1253 3184 1429 3249 οὐδεὶς
1480 3186 1649 3262 μέγας
1702 3189 1737 3258 ἢ
1793 3210 1881 3261 μι-

1991 618 2141 672 ritus
2175 618 2380 673 sancti.
2415 619 2525 673 Sed
2562 618 2771 685 Patris,
2803 623 2859 673 et
2898 618 3045 684 Filii,
3078 624 3134 672 et
3162 616 3413 688 Spiritus
3445 616 3634 671 sancti

1991 723 2107 761 una
2138 714 2228 762 est
2256 708 2553 774 divinitas,
2587 725 2769 762 unum
2821 708 3135 779 imperium
3184 723 3300 761 una
3354 706 3635 777 potentia,

1990 812 2176 849 unum
2209 812 2480 867 regnum,
2515 796 2757 867 aequalis
2800 797 3004 867 gloria,
3057 796 3298 867 aequalis
3330 800 3388 850 et
3424 799 3639 849 aeterna

1988 887 2285 954 majestas.
2323 885 2522 947 Qualis
2573 886 2756 943 Pater.
2791 885 2925 940 talis
2973 885 3173 949 Filius,
3218 884 3355 939 talis
3385 884 3637 955 Spiritus

1988 980 2254 1029 sanctus.
2286 974 2587 1028 Increatus
2611 978 2799 1039 Pater,
2827 975 3117 1029 increatus
3144 973 3639 1036 l‘ilius,increatus

1986 1061 2239 1133 Spiritus
2259 1069 2529 1129 sanctus;
2565 1080 2669 1117 nec
2702 1068 2895 1118 tamen
2923 1068 3041 1118 tres
3062 1062 3323 1130 increati,
3346 1064 3445 1117 sed
3482 1078 3638 1116 unus

1988 1150 2309 1205 increatus.
2334 1150 2613 1205 Omnium
2639 1152 2958 1222 imperator
2974 1152 3431 1210 Pater.omnium
3452 1152 3636 1221 impe-

1987 1244 2144 1294 rator
2177 1239 2375 1306 Filius,
2409 1240 2675 1295 omnium
2718 1241 3034 1311 imperator
3066 1240 3320 1311 Spiritus
3360 1244 3637 1307 sanctus;

1988 1343 2094 1382 nec
2150 1334 2344 1383 tamen
2388 1334 2508 1384 tres
2562 1330 2827 1384 omnium
2881 1330 3282 1399 imperatores,
3334 1328 3435 1383 sed
3485 1344 3640 1383 unus

1988 1418 2252 1472 omnium
2280 1419 2615 1490 imperator.
2642 1419 2909 1474 xEternus
2932 1418 3120 1483 Pater,
3153 1422 3405 1472 aeternus
3429 1416 3636 1485 Filius,

1986 1511 2237 1562 aeternus
2267 1506 2519 1578 Spiritus
2551 1511 2826 1574 sanctus;
2859 1523 2962 1562 nec
3011 1511 3207 1562 tamen
3257 1510 3374 1561 tres
3416 1504 3642 1575 aeterni,

1988 1595 2089 1650 sed
2122 1612 2277 1650 unus
2311 1600 2587 1651 aeternus.
2632 1596 3013 1665 Omnipotens
3046 1595 3236 1659 Pater,
3268 1593 3641 1665 omnipotens

1987 1682 2170 1738 Filius
2222 1685 2593 1756 omnipotens
2644 1684 2897 1755 Spiritus
2946 1688 3233 1749 sanctus;
3285 1699 3388 1737 nec
3436 1687 3637 1738 tamen

1988 1775 2109 1827 tres
2140 1773 2592 1844 omnipotentes,
2627 1774 2724 1828 sed
2760 1789 2916 1828 unus
2946 1772 3336 1843 omnipotens.
3369 1772 3454 1827 Ita
3484 1776 3637 1828 Deus

1996 1859 2179 1921 Pater.
2230 1861 2386 1916 Deus
2443 1860 2621 1917 Filius
2667 1862 2821 1917 Deus
2870 1861 3122 1932 Spiritus
3177 1865 3418 1915 sanctus
3461 1878 3475 1928 ;
3534 1877 3641 1917 nec

1988 1952 2185 2003 tamen
2218 1954 2337 2005 tres
2368 1950 2469 2017 dii,
2499 1951 2597 2005 sed
2635 1967 2786 2005 unus
2817 1956 2906 2005 est
2940 1951 3109 2018 Deus,
3137 1949 3417 2005 Dominus
3454 1949 3640 2019 Pater,

1991 2038 2289 2094 Dominus
2342 2039 2541 2105 Filius,
2596 2039 2880 2095 Dominus
2927 2038 3181 2110 Spiritus
3228 2042 3506 2106 sanctus;
3539 2054 3646 2095 nec

1988 2131 2183 2181 tamen
2216 2132 2334 2182 tres
2360 2128 2606 2193 domini,
2641 2128 2741 2182 sed
2795 2144 2949 2182 unus
2992 2133 3082 2183 est
3129 2127 3434 2181 Dominus.
3469 2127 3540 2182 Et
3566 2128 3645 2183 si-

1990 2220 2091 2269 cut
2137 2214 2483 2286 singillatim
2516 2231 2999 2287 unamquamque
3023 2232 3332 2287 personam
3364 2216 3547 2270 Deum
3580 2232 3646 2271 ac

1989 2302 2303 2357 Dominum
2370 2303 2631 2358 confiteri
2691 2309 2957 2375 oportere
3014 2303 3349 2359 Christiana
3404 2304 3647 2360 veritate

1989 2391 2398 2459 defendimus;
2431 2392 2513 2447 ita
2540 2396 2661 2447 tres
2693 2393 2832 2447 deos
2885 2398 2987 2446 aut
3034 2396 3153 2447 tres
3202 2392 3473 2447 dominos
3525 2393 3639 2448 dici

1990 2496 2103 2534 non
2152 2480 2489 2551 probamus,
2558 2482 2658 2536 sed
2709 2481 2950 2537 omnino
3002 2480 3404 2552 repudiamus,
3476 2480 3645 2536 Pater

1989 2566 2143 2623 enim
2177 2584 2210 2621 a
2239 2566 2399 2623 nullo
2423 2572 2513 2623 est
2542 2569 2749 2636 factus,
2774 2586 2887 2624 non
2912 2574 3165 2640 creatus,
3193 2569 3291 2624 sed
3319 2569 3639 2640 ingenitus.

1990 2655 2172 2711 Filius
2231 2673 2264 2711 a
2303 2658 2467 2712 Patre
2516 2662 2604 2713 est
2653 2674 2767 2712 non
2817 2658 3027 2727 factus,
3061 2674 3174 2713 non
3227 2662 3477 2725 creatus,
3537 2656 3641 2712 sed

1990 2746 2242 2816 genitus.
2287 2745 2536 2817 Spiritus
2594 2753 2837 2802 sanctus
2887 2763 2920 2800 a
2948 2747 3117 2802 Patre
3147 2751 3237 2802 est
3276 2762 3389 2801 non
3424 2748 3640 2815 factus,

1991 2850 2107 2888 non
2161 2840 2410 2903 creatus,
2462 2852 2579 2890 non
2628 2836 2879 2908 genitus,
2924 2836 3024 2890 sed
3078 2836 3418 2906 procedens.
3469 2834 3632 2889 Unus

1993 2924 2229 2978 demum
2264 2930 2351 2979 est
2382 2928 2572 2988 Pater,
2607 2941 2720 2979 non
2766 2929 2882 2979 tres
2932 2932 3165 2995 patres;
3211 2939 3367 2978 unus
3425 2922 3630 2990 Filius,

1992 3028 2106 3066 non
2154 3016 2273 3066 tres
2324 3013 2427 3067 filii
2473 3029 2487 3078 ;
2540 3030 2695 3068 unus
2741 3014 2992 3084 Spiritus
3039 3017 3300 3079 sanctus,
3350 3029 3467 3066 non
3516 3016 3637 3067 tres

1992 3099 2234 3170 spiritus
2266 3100 2475 3168 sancti,
2510 3105 2576 3155 Et
2622 3101 2679 3155 in
2714 3101 2822 3155 hac
2862 3100 3145 3156 Trinitate
3191 3116 3363 3154 nemo
3412 3100 3640 3171 primus

1995 3193 2096 3243 aut
2126 3194 2459 3259 postremus
2490 3206 2503 3243 :
2559 3190 2657 3243 sed
2710 3194 2829 3244 tres
2869 3205 3129 3259 personas
3158 3194 3383 3244 aeternis
3417 3191 3558 3242 sunt
3586 3190 3644 3243 et

227 3272 379 3346 κρός’
443 3271 588 3327 ἀλλὰ
638 3274 693 3328 αἱ
749 3279 895 3347 τρεῖς
957 3274 1278 3337 ὑποστάοεις
1328 3275 1632 3332 αίώνιοίτὲ
1661 3277 1761 3332 είσι
1792 3277 1877 3332 καὶ

1995 3279 2250 3347 aequales
2274 3279 2333 3332 in
2356 3279 2657 3345 omnibus,
2683 3284 2749 3333 ut
2773 3295 2952 3349 supra
2972 3279 3193 3333 dictum
3216 3282 3323 3333 est.
3349 3277 3646 3333 Unitatem

222 3362 340 3419 ἵσαι
371 3361 451 3424 είς
482 3363 675 3433 πάντα,
708 3362 784 3425 ὡς
815 3363 1158 3436 προείρηται.
1191 3362 1409 3419 Μονάδα
1438 3369 1567 3439 γοῦν
1591 3365 1642 3420 ἰν
1667 3366 1880 3442 Τριάδι,

232 3450 325 3506 καὶ
353 3447 556 3527 Τριάδα
601 3450 653 3505 ἐν
706 3449 899 3524 μονάδι
928 3457 1033 3513 π’ᾶς
1072 3453 1391 3527 Χριστιανὸς
1421 3449 1761 3518 εὐσεϐείσθωο
1792 3455 1882 3510 καὶ

227 3538 374 3595 οὕτω
425 3541 549 3615 περὶ
600 3546 704 3609 τῆς
751 3541 906 3617 ἁγίας
963 3540 1053 3594 xui
1114 3545 1389 3610 ζωοποιοῦ
1446 3542 1536 3596 καὶ
1584 3542 1882 3616 ὁμοουσίου

229 3626 470 3705 Τριάδος
502 3626 789 3702 δοξαζέτω.

302 3753 620 3828 Ἀναγκαῖον
682 3749 740 3807 δι
791 3752 904 3807 ἐστι
950 3752 1040 3807 καί
1086 3754 1188 3822 τὴν
1247 3752 1513 3827 σάρκωσιν
1584 3758 1679 3809 τοῦ
1755 3756 1882 3811 Υῖοῦ

226 3844 325 3896 τοῦ
383 3845 517 3895 Θεοῦ
568 3838 661 3895 xui
719 3846 980 3916 Σωτῆρος
1033 3842 1192 3914 ἡμῶν
1225 3845 1403 3910 Ἰησοῦ
1435 3846 1674 3918 Χριστοῦ
1706 3841 1880 3919 ὀρθῶς

225 3929 517 3986 πιστεύειν.
553 3930 704 3984 ἐστι
734 3933 863 4005 γοῦν
896 3932 931 3999 ἠ
973 3929 1154 3991 πίστις
1208 3928 1369 4005 ὀρθὴ,
1413 3929 1505 3985 ’ίνα
1543 3932 1883 4005 πιστεύωμεν

224 4019 317 4073 καὶ
366 4017 756 4092 ὁμολογῶμεν,
803 4016 885 4072 ὅτι
918 4019 946 4072 6
978 4017 1178 4092 Κύριος
1211 4020 1370 4091 ἡμῶν
1408 4021 1616 4090 Ἰησοῦς
1647 4021 1879 4093 Χριστὸς

225 4109 254 4162 6
284 4111 382 4161 τοῦ
412 4110 545 4161 Θεοῦ
576 4107 720 4176 Υἱὸς,
754 4108 883 4169 Θεὸς
933 4107 1023 4161 καὶ
1054 4102 1335 4180 ἅνθρωπός
1378 4108 1509 4162 ἐστι.
1562 4107 1690 4169 Θεός
1738 4108 1878 4163 ἰστιν

227 4196 407 4265 ικτῆς
463 4194 647 4257 οὐσίας
700 4195 913 4271 Πατρὸς
966 4197 1065 4269 [αἱ.
1120 4195 1367 4256 ἃκτιστός
1413 4194 1523 4250 ἐστὶ
1576 4195 1665 4250 καὶ
1726 4195 1881 4251 οὐσία

227 4285 486 4359 Πατρὸς],
542 4282 826 4359 ἄνθρωπός
884 4284 1025 4338 ἐστιν
1071 4283 1129 4339 ἐκ
1156 4291 1258 4354 τῆς
1292 4283 1475 4346 οὐσίας
1503 4291 1605 4354 τῆς
1634 4284 1877 4359 Μητρός.

229 4370 451 4441 Ἐπειδὴ
506 4372 610 4447 γὰρ
669 4366 985 4447 ἁμαρτήσας
1042 4374 1070 4426 6
1130 4370 1309 4445 ’Δδὰμ
1365 4372 1576 4444 θανάτῳ
1603 4373 1667 4427 τὸ
1722 4374 1879 4448 γένος

225 4466 334 4516 τῶν
366 4460 659 4536 ἀνθρώπων
721 4456 979 4530 ὑπέϐαλε,
1024 4461 1114 4515 xui
1161 4462 1259 4529 τὴν
1293 4460 1448 4520 φύσιν
1504 4463 1664 4533 ἡμων
1717 4461 1879 4516 ὑπεύ-

228 4553 386 4605 Θυνον
433 4555 513 4622 τῷ
542 4549 694 4625 χρὲει
723 4549 1037 4620 πεποίηκεν·
1097 4551 1124 4605 6
1159 4550 1279 4610 Υἱὸς
1332 4548 1526 4605 λοιπὸν
1573 4554 1669 4604 τοῦ
1716 4550 1878 4625 ἀορά-

1991 3381 2128 3437 ergo
2159 3366 2218 3419 in
2250 3365 2550 3435 Trinitate,
2603 3372 2661 3421 et
2701 3366 3046 3423 Trinitatem
3090 3367 3151 3421 in
3198 3366 3424 3421 unitate
3452 3364 3647 3421 omnis

1993 3453 2362 3510 Christianus
2393 3456 2781 3511 conﬁteatur:
2803 3460 2858 3511 et
2884 3454 2967 3510 ita
2987 3455 3058 3510 de
3080 3459 3302 3521 sancta,
3330 3453 3561 3510 viviﬂca
3588 3455 3648 3509 et

1991 3543 2477 3599 consubstantiali
2510 3544 2797 3600 Trinitate
2827 3542 3060 3600 sentiat.

2060 3753 2306 3811 Necesse
2338 3759 2531 3811 autem
2575 3760 2688 3823 est,
2717 3759 2775 3809 et
2815 3757 2886 3811 de
2931 3753 3330 3809 incarnatione
3379 3753 3507 3809 Filii
3543 3753 3640 3810 Del

1990 3847 2047 3898 et
2072 3843 2381 3899 salvatoris
2431 3844 2612 3899 nostri
2656 3848 2793 3899 Jesu
2826 3843 3041 3898 Christi
3071 3848 3222 3899 recte
3252 3843 3506 3898 credere.
3540 3843 3640 3899 Est

1989 3948 2127 4003 ergo
2163 3932 2307 3986 fides
2338 3937 2494 3986 recta
2529 3937 2594 3986 ut
2633 3933 2943 3989 credamus
2974 3936 3032 3987 et
3062 3931 3465 3999 conﬂteamur,
3498 3930 3639 4002 quia

1993 4020 2273 4075 Dominus
2306 4026 2502 4075 noster
2528 4019 2702 4075 Jesus
2733 4020 3001 4074 Christus
3033 4020 3128 4074 Dei
3161 4018 3361 4086 Filius,
3396 4018 3550 4073 Deus
3582 4022 3639 4075 et

1989 4108 2165 4164 homo
2196 4114 2303 4163 est.
2340 4113 2488 4163 Deus
2519 4112 2607 4163 est
2635 4125 2701 4163 ex
2734 4108 3069 4163 substantia
3100 4106 3323 4162 Patris:
3358 4106 3532 4162 homo
3549 4111 3641 4163 est

1988 4213 2053 4252 ex
2086 4196 2411 4251 substantia
2440 4196 2661 4251 Matris.
2698 4197 2839 4251 Cum
2874 4196 3025 4251 enim
3061 4199 3294 4269 peccato
3326 4212 3431 4251 suo
3454 4195 3638 4250 Adam

1988 4285 2296 4340 hominum
2346 4301 2532 4357 genus
2573 4286 2747 4340 morti
2817 4286 3184 4356 subjecisset,
3248 4289 3639 4356 naturamque

1989 4378 2247 4429 nostram
2276 4374 2471 4430 debito
2514 4374 2827 4429 obnoxium
2861 4374 3128 4439 fecisset;
3174 4372 3303 4428 ideo
3336 4371 3517 4427 Filius
3548 4372 3639 4427 in-

1990 4462 2237 4519 visibilis
2268 4463 2460 4518 Patris
2495 4468 2552 4518 et
2582 4463 2705 4528 Dei,
2737 4480 2802 4518 ex
2837 4460 2997 4517 caelis
3041 4460 3282 4515 minime
3332 4460 3640 4517 discedens

1989 4552 2059 4606 ad
2109 4568 2216 4606 nos
2265 4552 2565 4607 descendit
2606 4568 2619 4606 :
2675 4567 2739 4606 ac
2770 4568 2873 4622 per
2920 4549 3185 4606 auditum
3242 4548 3545 4621 ingressus
3575 4550 3635 4606 in

220 4660 321 4694 του
354 4638 562 4714 ΙΙατρὸς
612 4638 700 4692 καὶ
732 4641 886 4704 Θεοῦ,
916 4641 1022 4692 τῶν
1058 4638 1295 4714 οὐρανῶν
1328 4637 1431 4692 οὐκ
1473 4637 1682 4705 ἐκστὰς,
1736 4639 1872 4714 πρὸς

1989 4645 2212 4695 uterum
2273 4645 2490 4695 sanctae
2548 4640 2847 4711 Virginis,
2903 4638 3191 4712 mystice,
3260 4654 3360 4693 seu
3423 4654 3633 4695 arcano

222 4731 372 4801 ἡμᾶς
415 4724 677 4795 κατῆλθεο
717 4726 806 4781 xui
865 4724 934 4780 δι’
987 4725 1157 4795 ἀκοῆς
1218 4723 1395 4788 είσδὺς
1433 4728 1534 4795 τήν
1577 4724 1741 4797 νηδὺν
1771 4734 1872 4796 τῆς

221 4817 375 4894 ἁγίας
408 4815 703 4890 Παρθένου,
739 4819 1012 4888 μυστικῶς
1054 4816 1155 4884 τὴν
1212 4814 1505 4891 κυοφορίαν
1564 4814 1871 4891 εἰργάσατο,

223 4903 379 4968 ἄνδίις
436 4906 537 4973 τήν
574 4904 843 4980 ἡμετὲραν
904 4902 1059 4981 φύσιν
1111 4905 1227 4958 κατ’
1273 4900 1437 4979 ἄκραν
1487 4900 1701 4959 ἓνωσιψ
1744 4904 1873 4967 Θεὸς

221 4995 367 5069 ὁμοῦ
386 4992 476 5049 xui
494 4991 780 5070 ἅνθρωπος
802 4990 1262 5065 προελθὼν,οὕτω
1282 4992 1380 5061 τήν
1402 4993 1520 5055 καθ’
1549 4994 1698 5066 ἡμᾶς
1721 4992 1876 5047 οὐκο-

218 5084 416 5157 νομίαν
478 5081 768 5153 ἐπλήρωσε
816 5078 886 5135 δι’
934 5078 1135 5158 ἄφατον
1170 5079 1340 5136 ἔλεον.
1375 5080 1475 5134 Καὶ
1506 5080 1717 5142 τέλειος
1748 5082 1876 5143 Θεὸς

223 5170 323 5240 ὢν,
356 5173 542 5247 γίγονε
568 5170 776 5231 τέλειος
806 5166 1104 5245 ἅνθρωπος,
1144 5170 1219 5240 μὴ
1250 5169 1495 5245 τραπεὶς,
1529 5170 1604 5241 μή
1636 5168 1875 5225 ἀλλοιω-

224 5261 340 5327 θείς
396 5261 496 5327 τήν
545 5256 863 5334 ὑπερούσιον
914 5256 1003 5312 xui
1054 5254 1319 5334 ἄφραστον
1358 5255 1543 5311 οὐσίαν
1581 5264 1679 5325 τῆς
1710 5257 1874 5312 αὐτοῦ

222 5349 508 5420 θεότητος,
568 5346 628 5402 ix
672 5350 859 5422 ψυχῆς
908 5345 1138 5421 λογικῆς
1186 5345 1276 5399 καὶ
1306 5345 1646 5420 ἀνθρωπίνης
1677 5347 1873 5420 σαρκὸς

221 5437 529 5499 οὐσιωθείς·
580 5436 740 5498 αὐτὸς
801 5434 972 5507 ἑαυτῷ
1026 5434 1118 5489 σὺν
1174 5435 1255 5507 τῷ
1286 5440 1521 5512 συμφυεῖ
1547 5434 1712 5489 αὐτοῦ
1740 5455 1873 5489 παν-

221 5528 367 5605 αγίῳ
400 5525 674 5599 ΙΙνεύματι
708 5522 1122 5601 δημιουργήσας
1148 5525 1246 5592 τὴν
1274 5523 1535 5599 παναγίαν
1593 5526 1692 5592 τῆς
1745 5544 1872 5598 σαρ-

220 5615 323 5679 κός
354 5614 690 5692 πρόσληψιν,
717 5612 927 5668 τελείαν
961 5612 1142 5669 οὐσίαν
1177 5612 1521 5689 ἀνθρωπίνην
1580 5611 1871 5667 ἐνυποστα-

218 5726 321 5763 τον
380 5704 525 5775 αὐτῷ
570 5702 659 5759 καὶ
712 5699 1014 5779 ἀδιαίρετον
1070 5701 1122 5773 ἰξ
1170 5701 1356 5776 αὐτοῦ,
1423 5701 1686 5777 ἁμαρτίας
1738 5702 1873 5777 ἁμέ.

1985 4730 2156 4784 modo
2206 4728 2355 4784 uteri
2405 4729 2790 4800 gestationem
2835 4728 3046 4797 etfacit,
3088 4728 3391 4800 ingressus
3433 4727 3491 4783 in
3528 4745 3631 4784 na-

1983 4820 2177 4872 turam
2213 4822 2476 4872 nostram
2511 4834 2614 4890 per
2640 4833 2935 4872 summam
2971 4816 3255 4872 unitatem
3289 4834 3301 4871 :
3333 4833 3451 4871 una
3475 4816 3630 4873 Deus

1984 4911 2041 4963 et
2094 4906 2269 4961 homo
2325 4923 2691 4978 progressus,
2753 4905 2837 4960 sic
2876 4922 3004 4961 eam
3058 4923 3184 4977 quas
3245 4922 3351 4961 nos
3408 4910 3632 4979 spectat

1984 4996 2364 5051 moonomiam
2416 4995 2699 5068 implevit,
2752 5011 2854 5067 per
2897 4994 3254 5051 inelfabilem
3304 4996 3632 5051 misericor-

1983 5085 2163 5139 diam.
2188 5086 2255 5139 Et
2290 5084 2581 5155 perfectus
2609 5084 2762 5139 Deus
2792 5101 2927 5138 cum
2958 5088 3135 5153 esset,
3169 5085 3354 5140 factus
3386 5088 3472 5139 est
3506 5101 3631 5155 per-

1984 5174 2167 5228 fectus
2199 5173 2395 5243 homo,
2428 5190 2541 5227 non
2577 5190 2914 5241 conversus,
2948 5189 3137 5246 neque
3174 5177 3438 5228 mutatus
3476 5171 3629 5227 602

1983 5262 2305 5316 secundum
2340 5262 2967 5333 supersubstantialcm
3001 5268 3059 5317 et
3101 5260 3451 5316 ineﬂ‘abilem
3486 5260 3628 5313 sub-

1982 5351 2258 5407 stantiam
2279 5368 2396 5406 suaa
2423 5350 2755 5418 deitatis,ex
2775 5351 2975 5407 anima
2998 5350 3267 5406 rationali
3290 5352 3346 5403 et
3375 5349 3636 5405 humana

1981 5457 2156 5496 carne
2208 5440 2558 5496 subsistens.
2613 5441 2736 5496 Sibi
2789 5441 2913 5513 ipse
2970 5456 3102 5495 cum
3133 5438 3347 5508 Spiritu
3383 5436 3634 5491 sanctis-

1983 5529 2132 5583 simo
2182 5529 2282 5600 qui
2335 5530 2599 5600 ejusdem
2652 5535 2740 5585 est
2791 5532 3033 5591 naturae,
3066 5530 3266 5581 auctor
3311 5529 3401 5581 est
3436 5541 3631 5581 sacra-

1980 5617 2225 5673 tissima;
2259 5620 2682 5691 assumptionis
2713 5618 2925 5673 carnis.
2961 5615 3273 5670 Perfectum
3307 5613 3626 5669 humanam

1985 5708 2385 5765 substantiam
2420 5707 2785 5780 (assumpsit)
2838 5706 2896 5761 in
2945 5720 3007 5761 se
3036 5702 3477 5770 subsistentem,
3510 5707 3565 5759 et
3596 5719 3630 5759 a
