4002 6206
398 353 544 417 1591
1562 355 1623 419 S.
1671 354 2192 418 ATHANASIUS.
2223 386 2301 400 —
2332 353 2640 417 SPURIA.
3632 358 3745 419 1593

400 505 463 544 ee
518 488 955 557 indivisibilem,
1017 491 1238 561 peccati
1301 494 1635 563 expertem;
1696 505 1936 561 corpore
1977 504 2045 543 ex

2201 504 2363 540 εκτονο
2398 485 2455 539 ἐκ
2482 484 2589 539 τῶν
2622 489 2957 559 παρθενικῶν
2979 486 3147 560 ἁγνῶν
3183 485 3431 556 αἱμάτων
3462 492 3559 553 τῆς
3588 492 3750 560 Θεομή.

398 577 668 649 virginali
693 584 851 634 casto
883 579 1170 649 sanguine
1192 580 1446 651 Deiparze
1477 584 1798 651 compacto,
1827 579 2049 648 absque

2201 595 2317 649 )ρος
2348 572 2721 648 συμπαγέντος
2770 578 2867 628 τοῦ
2899 576 3174 645 σώματος.
3207 575 3385 650 χωρίς
3433 596 3574 635 τινος
3624 576 3749 646 0:17:-

402 666 703 720 voluntate
771 673 873 721 aut
927 668 1279 739 cogitatione
1334 668 1552 723 carnali
1615 685 1627 721 :
1689 668 1886 723 anima
1915 682 2050 721 vero

408 754 876 810 immaterialiter
912 762 1127 822 creata,
1178 756 1560 829 intelligente,
1612 756 1902 820 rationali,
1953 772 2050 810 vo-

408 842 636 898 luntate
669 844 993 915 przsdita,et
1015 845 1064 898 vi
1085 846 1362 916 operandi
1392 870 1405 911 ;
1436 863 1563 917 quae
1583 850 1703 900 tota
1725 860 1856 899 cum
1881 859 2054 898 carne

409 934 534 987 visa
566 937 675 995 est,
708 950 773 987 ex
805 932 931 1003 ipso
985 934 1172 1002 initio,
1225 951 1293 989 ex
1340 934 1529 1006 prima
1575 934 1942 999 exsistentia,
1982 933 2053 988 ob

411 1038 579 1076 suam
610 1038 743 1075 cum
778 1022 903 1091 ipso
941 1024 1049 1077 Deo
1080 1023 1264 1078 Verbo
1294 1040 1592 1078 summam
1622 1022 1920 1090 unionem,
1941 1038 2056 1077 non

414 1110 720 1165 confusam
779 1112 1101 1165 secundum
1178 1112 1541 1183 hypostasin.
1610 1111 1872 1183 quualis
1921 1126 2058 1181 ergo

413 1204 505 1253 est
562 1199 713 1252 Patri
775 1200 1096 1253 secundum
1157 1199 1542 1266 divinitatem,
1615 1201 1807 1255 minor
1863 1205 2058 1255 autem

414 1292 583 1341 Patre
614 1289 933 1341 secundum
970 1289 1419 1345 humanitatem.
1456 1290 1523 1345 Et
1553 1289 1744 1362 reipsa
1774 1306 1944 1345 verus
1974 1293 2063 1343 est

416 1377 567 1431 Deus
616 1381 671 1429 et
718 1377 892 1432 homo
943 1395 956 1431 :
1006 1394 1109 1432 nec
1158 1382 1352 1433 tamen
1409 1380 1546 1443 duo,
1604 1380 1703 1434 sed
1763 1395 1915 1433 unus
1973 1381 2065 1432 est

417 1464 706 1519 Christus.
766 1464 927 1519 Unus
978 1471 1195 1535 autem,
1231 1483 1344 1521 non
1401 1484 1681 1523 conversa
1714 1483 1906 1535 carne,
1961 1467 2060 1521 sed

422 1557 728 1622 assumpta
758 1553 814 1606 in
849 1553 1053 1608 Deum.
1092 1554 1251 1609 Unus
1292 1556 1530 1610 omnino
1564 1573 1678 1609 non
1728 1555 2066 1610 confusione

424 1639 787 1705 substantia,
818 1642 915 1694 sed
952 1642 1174 1695 unitate
1206 1658 1482 1713 personae.
1512 1643 1654 1700 Nam
1689 1644 1842 1697 sicut
1872 1642 2068 1697 anima

426 1728 729 1783 rationalis
759 1734 814 1783 et
843 1745 975 1783 caro
1007 1746 1161 1784 unus
1185 1737 1273 1785 est
1302 1732 1497 1797 homo,
1529 1732 1609 1786 ita
1641 1733 1788 1787 Deus
1809 1736 1865 1786 et
1893 1731 2067 1785 homo

427 1834 580 1872 unus
613 1823 700 1871 est
743 1817 1028 1872 Christus.
1081 1818 1186 1882 Qui
1228 1836 1434 1890 passus
1481 1825 1571 1875 est
1616 1837 1789 1875 carne
1837 1825 2072 1892 propter

428 1912 687 1961 nostram
724 1905 1309 1972 salutem,divinitate
1340 1908 1651 1980 impetibili
1685 1914 2020 1964 remanente
2055 1933 2071 1976 ς

428 2001 486 2051 et
519 1994 787 2066 sepultus
818 2000 927 2064 est,
962 1999 1019 2049 et
1068 1997 1403 2062 resurrexit,
1436 2002 1493 2051 et
1523 2003 1864 2068 assumptus
1894 2003 1983 2052 est
2013 1996 2071 2052 in

432 2083 627 2149 ccelos,
662 2083 927 2154 seditque
959 2102 991 2139 a
1021 2085 1240 2140 dextris
1272 2085 1373 2141 Dei
1414 2091 1471 2141 et
1519 2087 1723 2141 Patris.
1776 2087 1916 2142 Inde
1947 2104 2073 2142 rur-

434 2190 563 2228 sum
600 2171 833 2226 veniens
858 2173 1150 2241 judicabit
1179 2176 1337 2229 vivos
1367 2180 1423 2228 et
1464 2182 1743 2231 mortuos.
1788 2176 1869 2230 Ad
1906 2177 2075 2247 cujus

433 2263 747 2316 adventum
782 2278 985 2315 omnes
1019 2262 1118 2333 qui
1172 2280 1206 2318 a
1252 2264 1460 2318 saeculo
1492 2264 1857 2319 dormierunt
1888 2264 2075 2319 homi-

431 2366 536 2407 nes
589 2356 915 2421 reeurgent,
980 2351 1261 2406 rationem
1322 2352 1603 2407 reddituri
1662 2354 1731 2408 de
1801 2354 2075 2424 operibus

429 2440 575 2494 suis.
620 2439 687 2492 Et
738 2439 838 2509 qui
889 2440 1042 2494 bona
1089 2446 1333 2511 egerunt
1383 2442 1570 2505 ibunt,
1621 2442 1750 2512 ejus
1786 2442 1982 2512 jussu,
2016 2441 2074 2495 in

426 2527 603 2583 vitam
636 2532 911 2582 aeternam
959 2544 973 2584 :
1007 2527 1107 2599 qui
1141 2545 1273 2583 vero
1323 2529 1476 2585 mala
1520 2535 1783 2602 egerunt,
1818 2530 1989 2586 ibunt
2015 2530 2075 2585 in

426 2614 718 2687 supplicia
766 2620 1001 2670 aeterna.
1050 2618 1175 2671 llaec
1218 2618 1401 2687 igitur
1429 2623 1518 2674 est
1548 2619 1868 2673 orthodoxa
1906 2620 2074 2689 fides,

425 2720 603 2775 quam
663 2703 761 2774 qui
822 2720 933 2758 non
986 2704 1362 2761 intemeatam
1404 2706 1667 2774 servarit,
1702 2706 1898 2764 salvus
1948 2725 2078 2764 esse

430 2808 546 2850 non
580 2795 791 2864 potest.

2163 663 2397 735 ματοςῆ
2462 662 2795 735 ἐννοήματα
2845 667 3124 737 σαρκικοῦ’
3173 670 3273 731 τῆς
3324 660 3385 717 δὶ
3412 667 3589 738 ψυχῆς
3614 665 3753 728 ὰῦλως

2159 752 2480 823 κτισθείσης,
2512 758 2718 827 νοερᾶς,
2767 750 3021 827 λογικῆς,
3069 750 3388 822 θελητικῆς,
3438 751 3753 828 ὶνεργητικῆς,

2162 838 2301 909 ὅλης
2355 839 2681 912 τεθεαμένης
2732 840 2822 894 σὺν
2868 844 2935 914 τῇ
2987 842 3165 913 σαρκὶ,
3217 840 3268 911 ἐξ
3301 840 3468 909 αὐτῆς
3502 842 3675 917 ἀρχῆς,
3716 845 3758 898 ἐκ

2162 930 2386 1006 πρώτης
2416 929 2716 1004 ὑπάρξεως,
2750 927 2839 984 διὰ
2865 931 2964 999 τὴν
2996 930 3134 1004 πρὸς
3184 929 3345 984 αὐτὸν
3392 931 3481 983 τὸν
3529 933 3641 986 Θεὸν
3682 934 3759 987 Λό-

2164 1039 2260 1093 γον
2293 1015 2455 1091 ἄκραν
2516 1015 2737 1085 ἕνωσιν,
2788 1017 3096 1093 ἀσύγχυτον
3149 1020 3265 1073 καθ’
3318 1018 3613 1076 ὑπόστασιν,
3656 1021 3760 1084 Ἴσος

2167 1107 2257 1161 οὗν
2287 1106 2395 1162 ἔστι
2417 1111 2495 1178 τῷ
2525 1105 2697 1181 ΙΙατρί
2721 1109 2856 1162 κατὰ
2883 1109 2981 1176 τὴν
3016 1107 3268 1178 Θεότητα,
3303 1106 3538 1163 ἰλάττων
3595 1106 3643 1162 δὲ
3688 1116 3760 1164 τοῦ

2168 1196 2379 1270 ΙΙατρὸς
2437 1196 2572 1250 κατὰ
2612 1198 2710 1265 τὴν
2763 1196 3174 1271 ἀνθρωπότητα.
3224 1194 3325 1251 Καὶ
3355 1192 3522 1259 ὄντως
3551 1197 3760 1266 ἀληθινὸς

2171 1286 2403 1361 ὑπάρχει
2454 1286 2581 1345 Θεὸς
2631 1284 2719 1338 καὶ
2773 1286 3074 1357 ἄνθρωπος’
3128 1283 3282 1358 ὅμως
3314 1285 3380 1340 οὐ
3412 1283 3524 1356 δύο,
3552 1286 3661 1340 ἀλλ’
3707 1288 3761 1348 εἷς

2170 1374 2311 1427 ἔστιν
2357 1375 2384 1427 ὁ
2443 1372 2690 1447 Χριστός·
2745 1374 2819 1434 είς
2867 1371 2924 1429 δὶ
2962 1374 3024 1428 οὐ
3074 1379 3343 1447 τραπεῖσα
3400 1376 3434 1442 ἡ
3468 1375 3603 1449 σὰρξ,
3652 1374 3764 1431 ἀλλὰ

2172 1461 2546 1538 ἁναληφθεῖσα
2576 1462 2652 1524 εἷς
2682 1462 2771 1518 τὸν
2805 1461 2955 1518 Θεόνυ
2991 1463 3064 1524 εἷς
3097 1461 3303 1525 ὁλικῶς
3337 1463 3401 1517 οὖ
3447 1464 3671 1537 συγχύσει
3698 1464 3764 1517 οὗ.

2174 1556 2323 1623 σιῶν,
2357 1550 2483 1606 ἀλλ’
2511 1551 2696 1606 ὲνώσει
2723 1552 2787 1605 τὸ
2830 1553 2947 1605 καθ’
2997 1551 3313 1608 ὑπόστασιν.
3363 1552 3460 1605 Καὶ
3507 1552 3601 1627 γὰρ
3628 1551 3763 1625 ὥσπερ

2174 1641 2327 1715 ψυχὴ
2364 1639 2562 1714 λογική
2596 1641 2684 1695 καὶ
2734 1640 2861 1715 σὰρξ
2902 1639 2977 1700 εἷς
3037 1641 3270 1714 ὑπάρχει
3319 1640 3611 1712 ἄνθρωπος,
3658 1642 3760 1694 οὕτω

2174 1729 2265 1783 καὶ
2321 1730 2449 1789 Θεὸς
2504 1728 2595 1782 καὶ
2656 1726 2939 1803 ἅνθρωπος
2990 1730 3065 1791 εἷς
3118 1728 3257 1782 ἐστιν
3315 1728 3345 1783 ὁ
3419 1728 3650 1803 Χριστός.
3692 1730 3762 1789 ’ος

2177 1816 2337 1872 ἔπαθε
2362 1839 2431 1891 τῃ
2465 1817 2620 1892 σαρκὶ
2653 1815 2741 1871 διὰ
2786 1819 2887 1886 τὴν
2944 1820 3210 1891 ἡμετέραν
3254 1817 3552 1891 σωτηρίαν,
3581 1818 3764 1879 ἀπαθοῦς

2180 1914 2280 1975 τῆς
2339 1906 2595 1976 Θεότητος
2656 1906 2943 1979 μενούσηςο
3011 1910 3101 1962 καὶ
3154 1907 3368 1984 ταφεὶς,
3426 1908 3513 1960 καὶ
3566 1907 3766 1971 ἀναστὰς,

2183 1996 2270 2051 καὶ
2302 1993 2630 2074 ἀναληφθεὶς
2662 1995 2737 2057 εἰς
2766 1996 2894 2057 τοὺς
2926 1995 3210 2071 οὐρανοὺς,
3241 1995 3484 2059 ἐκάθισεν
3528 1994 3581 2049 ix
3622 1992 3765 2065 δεξιῶν

2182 2089 2280 2139 τοῦ
2327 2089 2460 2139 Θεοῦ
2510 2084 2599 2139 καὶ
2648 2085 2883 2158 Πατρός.
2943 2086 3172 2140 Ἐκεῖθεν
3220 2082 3280 2139 δὲ
3336 2083 3500 2139 πάλιν
3528 2083 3773 2159 ἐρχόμενος

2182 2179 2356 2250 κρινεῖ
2388 2178 2591 2242 ζῶντας
2638 2172 2997 2249 καὶνεκρούς.
3059 2172 3135 2231 Οὗ
3193 2178 3262 2247 τῇ
3322 2173 3581 2247 παρουσίᾳ
3621 2175 3771 2233 πάντες

2187 2265 2240 2318 οἱ
2298 2264 2386 2317 ἀπ’
2438 2262 2635 2323 αἲῶνος
2684 2260 3076 2334 κεκοιμημένοι
3108 2262 3387 2337 ἂνθρωποι
3419 2262 3772 2331 ἀναστήσονται,

2186 2352 2353 2425 λόγον
2388 2349 2682 2406 ἀποδοῦναι
2710 2352 2833 2424 περὶ
2862 2355 2969 2405 τῶν
3000 2351 3239 2424 πράξεων
3270 2351 3471 2406 αὐτῶν.
3504 2350 3589 2405 Καὶ
3620 2352 3661 2403 oi
3703 2350 3772 2421 μὶν

2183 2442 2250 2495 τὰ
2291 2440 2463 2517 ἀγαθᾶ
2490 2438 2801 2515 πράξαντες,
2824 2438 3176 2515 πορεύσονται
3206 2444 3287 2511 τῷ
3316 2437 3625 2511 κελεύσματι
3652 2438 3773 2491 αὗτοῦ

2187 2529 2262 2590 είς
2323 2529 2545 2583 αἰώνιον
2601 2530 2767 2597 ζωήν’
2820 2529 2871 2582 οί
2904 2526 2961 2582 δὶ
2987 2529 3055 2582 τὰ
3081 2527 3261 2605 φαῦλα
3292 2528 3598 2603 πράξαντες,
3625 2524 3775 2600 πορενό-

2187 2639 2368 2673 σονται
2403 2618 2478 2679 εἰς
2526 2616 2775 2679 αἰωνίους
2813 2616 3087 2678 κολάσεις.
3117 2616 3263 2687 Αὕτη
3290 2616 3467 2672 τοίνυν
3498 2614 3621 2670 ἐστὶν
3649 2616 3677 2682 ἠ
3706 2613 3775 2684 6;-

2187 2703 2406 2776 Θόὸοξος
2432 2706 2632 2776 πίστις,
2664 2707 2724 2774 ἢν
2758 2706 2785 2759 ὁ
2820 2706 2897 2778 μὴ
2926 2708 3171 2780 τηρήσας
3217 2704 3546 2778 ἀμώμητον,
3589 2702 3777 2767 σωθῆναι

2187 2793 2249 2849 οὐ
2281 2792 2522 2852 δύναται.

1405 3052 1559 3115 Cod.
1590 3053 1981 3115 Colbertinus
2009 3055 2193 3117 3133.
2226 3053 2399 3114 nulla
2428 3053 2846 3133 inscriptione.

504 3184 793 3239 KIKUNKES
824 3184 948 3239 vult
978 3183 1094 3239 salt‘
1119 3188 1293 3255 estre,
1326 3186 1537 3241 devant
1564 3190 1714 3242 totes
1739 3186 1944 3243 choses
1974 3186 2079 3242 bo-
2112 3189 2155 3256 C
2264 3185 2372 3242 Issi
2403 3186 2769 3241 faiterement
2804 3186 2953 3243 Deus
2980 3189 3070 3242 est
3114 3186 3153 3241 li
3204 3186 3399 3258 Perre,
3449 3184 3595 3241 Deus
3619 3184 3653 3239 li
3678 3182 3778 3250 Filz,

430 3272 599 3343 soing
629 3279 717 3327 est
747 3272 887 3343 qu'il
919 3272 1140 3344 tienget
1169 3273 1224 3328 la
1257 3290 1568 3330 commune
1601 3275 1693 3330 fei.

505 3359 747 3429 Laquele
814 3360 864 3414 si
923 3377 1138 3416 cascun
1188 3363 1402 3418 entiere
1447 3380 1478 3419 e
1529 3368 1700 3419 neent
1749 3363 2079 3420 malmisme

430 3464 503 3505 ne
550 3449 885 3521 guarderat,
931 3466 1071 3505 sanz
1120 3451 1365 3508 dotance
1417 3452 1932 3524 pardurablement
1981 3470 2075 3526 pe-

428 3537 588 3593 rirat.

500 3627 680 3681 Iceste
712 3631 800 3681 est
828 3643 862 3681 a
890 3632 1076 3683 certes
1126 3628 1181 3683 la
1230 3644 1542 3684 commune
1573 3629 1667 3700 fei,
1714 3646 1826 3702 que
1858 3648 1937 3686 un
1968 3632 2081 3688 deu

427 3732 496 3771 en
531 3715 779 3770 Trinitet
811 3732 841 3771 e
872 3715 927 3770 la
959 3716 1209 3772 Trinitet
1237 3734 1496 3773 aorums.

502 3803 584 3858 Ne
617 3804 733 3859 mie
767 3805 1136 3860 contundanz
1170 3804 1220 3861 le
1252 3822 1553 3879 persones,
1578 3824 1649 3864 ne
1681 3806 1739 3865 la
1766 3810 2083 3868 substance

442 3893 781 3948 deseuranz.

508 3982 665 4037 Altre
701 3986 791 4037 est
818 4000 851 4038 a
882 3984 1143 4039 decertes
1186 3982 1242 4039 la
1272 4000 1560 4057 personne
1591 3986 1683 4042 del
1715 3987 1905 4057 Perre,
1940 3988 2082 4045 altre

432 4069 525 4126 del
562 4071 694 4138 Filz,
719 4070 862 4127 altre
893 4071 983 4127 del
1017 4072 1180 4128 Saint
1209 4073 1443 4147 Espirit.
1656 4126 1661 4131 .

507 4161 654 4215 Mais
685 4161 774 4215 del
809 4161 979 4216 Perre
1009 4180 1040 4217 e
1070 4162 1161 4216 del
1195 4163 1311 4217 Filz
1339 4180 1370 4219 e
1400 4164 1493 4220 del
1533 4165 1697 4221 Saint
1726 4166 1941 4237 Espirit.
1971 4184 2084 4223 une

438 4254 529 4303 est
558 4248 836 4315 divinilel,
870 4249 993 4305 oele
1023 4249 1115 4322 gle
1147 4252 1498 4322 pardurable
1529 4255 1814 4325 majeetet.

432 4420 474 4479 Ε
505 4337 682 4402 Quels
713 4342 803 4393 est
850 4336 888 4392 li
923 4338 1112 4407 Perre,
1154 4338 1265 4395 tels
1312 4344 1402 4396 est
1442 4339 1481 4395 li
1536 4341 1676 4410 Filz,
1708 4342 1817 4399 tels
1848 4343 1885 4398 li
1918 4343 2085 4400 Saint

479 4442 677 4479 SDlrlz.

479 4442 677 4496 spiriz.

2188 3279 2337 3331 Deus
2366 3274 2405 3329 li
2433 3273 2605 3329 Sainz
2638 3272 2849 3344 Epiriz.

2261 3364 2301 3419 E
2328 3364 2659 3433 nequedent
2707 3379 2779 3418 ne
2808 3366 2947 3419 sunt
2984 3362 3125 3419 treis
3153 3362 3332 3433 Deus,
3363 3362 3511 3418 mais
3543 3378 3640 3416 una
3667 3364 3778 3414 Deus

2187 3456 2295 3506 est.

2262 3541 2371 3596 Issi
2400 3543 2491 3596 est
2542 3539 2580 3595 li
2623 3540 2740 3596 sire
2789 3540 2975 3607 Perre,
3026 3539 3067 3596 li
3120 3541 3234 3597 sire
3263 3539 3403 3607 Filz,
3438 3540 3476 3596 li
3513 3538 3618 3595 sire
3655 3536 3777 3591 Sainz

2188 3628 2428 3700 Espiriz.

2259 3718 2301 3773 E
2334 3718 2666 3791 nequedent
2715 3734 2785 3774 ne
2834 3724 2974 3775 sunt
3020 3718 3165 3775 treis
3203 3719 3509 3792 Seignure,
3541 3714 3671 3772 meis
3694 3728 3776 3767 una

2188 3810 2279 3862 est
2306 3807 2429 3862 Sire

2264 3898 2372 3951 Kar
2400 3896 2448 3951 si
2483 3913 2653 3953 cume
2700 3895 3066 3968 senglement
3094 3896 3388 3953 chaecune
3419 3908 3680 3969 personne
3700 3890 3775 3944 diu

2191 4002 2225 4040 u
2262 4003 2363 4041 nre
2382 3986 2662 4058 Seigneur
2688 3985 2910 4059 regesir
2938 4004 3042 4058 par
3061 3986 3388 4044 Christiene
3416 3986 3608 4042 veritet
3632 3983 3776 4037 fume:

2190 4075 2443 4145 debotet,

2262 4164 2321 4220 Si
2355 4164 2722 4221 faiterement
2763 4169 2883 4221 tres
2930 4170 3080 4222 Deus
3120 4183 3156 4221 u
3205 4165 3491 4237 Seignure
3534 4164 3670 4220 dirre
3704 4176 3780 4232 per

2191 4269 2503 4310 commune
2536 4253 2783 4328 religiun
2817 4271 3019 4311 sumes
3051 4256 3269 4312 deveet.

2264 4342 2327 4397 Li
2358 4343 2526 4401 Perre
2576 4344 2647 4400 de
2702 4344 2803 4400 nul
2853 4343 2999 4400 n’est
3049 4344 3153 4400 fait
3195 4360 3267 4400 ne
3316 4361 3478 4401 crees
3520 4360 3586 4399 ne
3609 4353 3777 4411 angen-

2192 4431 2343 4488 drez.

502 4514 685 4570 Neent
714 4518 861 4572 criez
908 4516 947 4571 li
999 4521 1195 4583 Perre,
1244 4522 1418 4574 neent
1470 4520 1621 4576 criez
1651 4520 1691 4575 li
1734 4520 1876 4591 Filz,
1910 4527 2085 4580 neent
2111 4559 2159 4626 Β
3685 4593 3697 4606 ,
3761 4589 3770 4604 ,

502 4603 1123 4626 τηιεωεηπμεμεμ
2193 4595 2207 4612 .
2289 4598 2302 4610 .
2386 4598 2398 4611 .
2480 4600 2493 4612 .
2578 4599 2589 4611 .
2667 4596 2682 4614 .
2768 4598 2781 4612 .
2862 4599 2875 4612 .
2958 4596 2971 4611 .
3054 4599 3067 4611 .
3148 4600 3161 4612 .
3242 4600 3255 4612 .
3336 4599 3351 4614 .
3432 4601 3445 4613 .
3524 4599 3537 4611 .
3608 4596 3621 4608 .

430 4603 579 4657 criez
609 4603 648 4658 li
678 4606 847 4659 Sainz
878 4606 1143 4678 Espiritz.

502 4692 690 4747 Granz
721 4700 811 4748 est
843 4692 880 4748 li
910 4693 1101 4763 Perre,
1133 4712 1309 4769 granz
1342 4701 1429 4754 est
1456 4696 1498 4752 li
1528 4696 1664 4767 Filz,
1696 4714 1874 4771 granz
1921 4704 2011 4757 est
2040 4700 2083 4757 1i

437 4780 604 4835 Sainz
638 4782 880 4853 Espiriz.

504 4869 885 4927 Pardurables
915 4872 952 4926 li
981 4873 1165 4942 Perre,
1199 4876 1580 4946 pardurables
1615 4876 1651 4932 li
1683 4877 1820 4947 Filz,
1856 4880 2072 4951 pardu-

433 4957 624 5013 rables
656 4958 693 5012 li
727 4959 898 5014 Sainz
929 4962 1170 5033 Espiriz.

506 5047 848 5117 Nequedent
896 5065 967 5104 ne
1017 5056 1155 5107 sunt
1204 5052 1317 5108 mie
1348 5054 1486 5111 treis
1516 5055 1900 5127 pardurables
1930 5057 2079 5113 mais

430 5154 510 5193 un
546 5136 918 5208 pardurable.

505 5225 565 5281 Si
598 5241 767 5281 cume
801 5242 871 5280 ne
901 5232 1041 5283 sunt
1062 5229 1202 5285 treis
1232 5231 1395 5286 nient
1422 5232 1570 5288 criez
1599 5248 1671 5288 ne
1702 5234 1843 5289 treis
1877 5250 2077 5307 granz,

431 5313 586 5368 mais
619 5331 729 5369 uns
761 5318 920 5371 nient
954 5316 1102 5371 criez
1132 5334 1162 5371 e
1194 5336 1304 5375 uns
1329 5324 1537 5375 Granz.

502 5402 812 5458 Ensement
862 5409 1255 5476 trestutpoant
1294 5407 1331 5461 li
1381 5413 1572 5478 Perre,
1618 5416 2009 5486 trestutpoant
2036 5413 2077 5468 li

426 5487 564 5554 Filz,
592 5494 984 5563 trestutpoant
1010 5494 1049 5548 li
1080 5495 1251 5551 Sainz
1282 5497 1523 5569 Espiriz.

502 5576 567 5630 Et
614 5581 942 5648 nequedent
990 5583 1150 5639 nient
1200 5589 1317 5641 tres
1361 5591 1747 5662 trestutprant
1805 5591 1953 5646 mais
1998 5608 2076 5647 un

432 5663 866 5736 Trestutpoant.

2264 4698 2325 4752 Li
2356 4697 2523 4754 Sainz
2551 4698 2773 4772 Espiriz
2802 4698 2892 4755 del
2924 4702 3094 4756 Perre
3124 4702 3181 4756 et
3227 4699 3319 4755 del
3352 4698 3491 4768 Filz,
3522 4696 3665 4754 nient
3700 4692 3775 4749 fait

2191 4802 2263 4843 ne
2294 4788 2444 4843 criez
2476 4805 2545 4844 ne
2576 4789 2921 4861 engendrez,
2956 4789 3107 4845 meis
3138 4794 3309 4845 avent
3337 4789 3544 4844 eiesuz.

2261 4876 2497 4933 Dunkes
2545 4883 2635 4934 est
2681 4894 2789 4934 une
2837 4878 3027 4943 Perre,
3072 4877 3236 4933 nient
3279 4877 3419 4934 treie
3470 4892 3664 4949 perres,
3691 4886 3773 4928 una

2188 4964 2325 5034 Filz,
2362 4966 2525 5021 nient
2556 4966 2694 5022 treis
2726 4966 2841 5038 filz,
2874 4983 2987 5023 une
3031 4965 3201 5022 Sainz
3231 4967 3468 5039 Espiriz,
3498 4966 3647 5021 nient
3670 4958 3774 5016 trait

2188 5053 2351 5109 sainz
2379 5054 2610 5126 espiriz.

2258 5143 2300 5198 E
2333 5161 2402 5199 en
2437 5144 2617 5200 iceste
2644 5143 2891 5200 Trinitet
2914 5143 3052 5200 nule
3082 5144 3257 5200 chose
3279 5144 3491 5216 primes
3511 5160 3544 5199 u
3572 5138 3771 5201 del-alni,

2188 5231 2325 5287 nule
2350 5232 2526 5288 chose
2557 5233 2828 5306 greindre
2859 5250 2896 5289 u
2928 5234 3185 5289 mendre.

2260 5321 2407 5377 Mais
2440 5327 2589 5377 totes
2623 5323 2706 5379 les
2736 5323 2877 5378 treis
2899 5338 3175 5394 persones
3195 5322 3491 5378 eneemble
3518 5331 3769 5394 permana-

2189 5408 2393 5465 nables
2424 5413 2457 5465 a
2490 5411 2571 5466 sei
2606 5414 2744 5467 sunt
2774 5428 2805 5467 e
2835 5410 3133 5467 ensemble
3164 5410 3336 5467 celes.

2260 5499 2369 5554 Issi
2400 5516 2513 5570 que
2546 5517 2648 5570 par
2675 5505 2825 5556 totes
2855 5500 3085 5570 cboses,
3117 5500 3165 5554 ei
3198 5515 3365 5555 cume
3402 5500 3468 5569 ja
3496 5498 3678 5553 devant
3702 5491 3763 5544 dit

2188 5593 2296 5654 est,
2328 5603 2358 5643 e
2388 5589 2443 5643 la
2473 5589 2661 5645 unitet
2681 5604 2749 5645 en
2784 5588 2838 5645 la
2867 5590 3118 5645 Trinitet
3148 5605 3178 5644 e
3202 5588 3259 5644 la
3278 5587 3516 5643 Trinitet
3535 5601 3597 5641 en
3621 5580 3762 5637 unitet

2188 5677 2299 5735 seit
2328 5695 2362 5735 a
2388 5694 2616 5735 onorer.
