4002 6206
393 345 552 407 1595

1549 342 1614 405 5.
1660 341 2185 406 ATHANASIUS.
2214 375 2291 387 --
2321 341 2632 406 SPURlA.

3622 348 3747 407 1596

391 478 632 532 Trinlte.
667 477 927 531 Entende
955 480 1010 531 et
1041 475 1192 531 croie
1223 475 1567 531 fermement
1596 493 1708 545 que
1739 492 1834 531 ces
1855 475 2031 529 troies
2064 477 2111 541 Α
2144 473 2233 528 del
2268 479 2396 529 tout
2427 493 2497 530 ne
2528 475 2641 529 mie
2664 492 2768 546 par
2788 473 3190 529 ennullement
3209 476 3278 529 de
3309 475 3617 529 substance
3639 480 3754 532 meis

398 583 674 639 persones
726 571 863 620 sunt
905 582 1012 620 uns
1079 581 1214 619 seua
1259 566 1459 620 Dieux.
1508 566 1626 620 Mes
1669 567 1904 620 besoinz
1953 570 2043 619 est

395 652 780 722 apardurable
807 653 931 707 salu
961 668 1072 722 que
1105 653 1264 706 aussi
1297 654 1449 707 croie
1481 654 1704 708 chacun
1739 652 2045 708 feelement

399 743 804 797 l'incarnstion
837 743 906 794 de
940 747 1134 795 nostra
1167 743 1445 812 Seigneur
1485 743 1621 797 Dieu
1655 743 1834 796 Jhesu
1870 742 2040 798 Crist.

400 833 521 886 Nus
555 849 626 886 118
661 838 796 902 puet
826 837 976 885 sstre
1007 848 1144 886 saus
1176 848 1237 886 se
1289 832 1325 884 il
1382 849 1451 886 ne
1499 832 1645 886 croit
1703 833 2047 886 fermement

401 938 511 992 que
543 927 769 974 nostras
803 921 948 974 sires
975 919 1158 974 Jhesu
1187 919 1313 974 Criz
1345 921 1612 974 descendi
1664 937 1733 975 en
1787 927 1956 975 terre.
1990 924 2047 974 et

404 1012 597 1082 prinst
626 1009 787 1063 chair
820 1027 887 1062 en
922 1008 976 1061 la
1008 1008 1294 1078 glorieuse
1317 1009 1487 1080 Virge
1509 1009 1683 1063 Maris
1716 1026 1819 1079 por
1852 1015 2046 1063 nostra

403 1103 766 1154 sauvement.
806 1100 1072 1167 llonques
1105 1102 1194 1151 est
1226 1099 1412 1152 droite
1447 1100 1552 1152 l'oiz
1605 1115 1716 1168 quo
1746 1115 1894 1152 nous
1926 1114 2045 1151 cre-

404 1206 509 1243 one
542 1192 597 1240 et
625 1187 951 1258 regeissons
982 1202 1094 1257 que
1143 1193 1370 1241 nostres
1413 1188 1557 1241 sires
1589 1188 1762 1242 .Ihesu
1806 1187 1932 1241 Criz
1962 1192 2051 1242 est

411 1277 524 1332 Fila
557 1276 627 1330 de
659 1275 800 1330 Dieu
832 1280 887 1329 et
939 1275 1112 1330 Dieux
1162 1280 1218 1330 et
1266 1292 1381 1329 om.
1439 1275 1599 1330 Droiz
1649 1281 1736 1330 est
1783 1293 1894 1347 que
1943 1293 2049 1330 nos

409 1366 506 1436 qui
538 1381 731 1419 sumes
762 1364 1017 1418 Crestien
1052 1380 1254 1418 crcons
1289 1365 1633 1418 fermement
1664 1380 1773 1435 que
1805 1364 1845 1418 li
1878 1369 2049 1435 Espe-

407 1454 544 1508 rites
577 1453 675 1524 qui
710 1453 981 1506 descendi
1014 1469 1084 1507 en
1119 1451 1172 1507 la
1219 1452 1390 1523 Virgo
1441 1454 1618 1508 Maria
1665 1459 1721 1507 et
1771 1453 1825 1507 la
1866 1454 2052 1508 seinte

410 1543 580 1596 chars
610 1558 719 1611 que
749 1541 785 1595 il
820 1541 968 1612 prist
999 1547 1136 1595 sunt
1163 1559 1273 1596 uns
1319 1541 1476 1597 seuls
1508 1542 1645 1597 Diex
1675 1543 1772 1613 qui
1805 1547 1892 1598 est
1923 1559 2054 1614 ape-

411 1632 495 1685 lez
525 1630 702 1684 lhesu
738 1629 878 1684 Criz.
915 1629 958 1684 Il
989 1634 1076 1684 est
1109 1635 1222 1685 Dex
1254 1630 1383 1686 dele
1426 1636 1700 1686 sustance
1734 1633 1846 1686 dou
1883 1636 2053 1686 Perre

410 1719 731 1789 engendrez
764 1719 973 1773 devant
1019 1722 1103 1774 les
1152 1719 1357 1775 siecles
1407 1725 1463 1775 et
1507 1737 1599 1774 om
1651 1727 1740 1776 est
1785 1721 1917 1776 dela
1954 1737 2054 1776 su-

413 1814 612 1863 stance
643 1807 773 1862 dela
804 1824 960 1862 mere
994 1825 1095 1862 nez
1129 1825 1199 1862 ou
1234 1809 1439 1864 siecles
1472 1812 1840 1880 Apertement
1870 1827 2053 1880 poons

411 1914 587 1951 vouer
617 1913 726 1967 que
760 1903 990 1950 nostres
1021 1897 1290 1951 sirethe
1311 1897 1478 1951 Chriz
1508 1903 1597 1952 est
1633 1904 1744 1952 Dex
1767 1899 1837 1952 de
1870 1915 1973 1970 par
2005 1898 2056 1953 le

414 1989 554 2039 Pete
584 2001 682 2038 car
713 2001 774 2039 ce
807 1990 893 2039 est
917 1985 953 2038 li
978 1985 1270 2056 Esperites
1300 1987 1412 2041 dou
1448 1991 1586 2041 Pere
1607 1993 1691 2042 est
1723 2003 1816 2042 om
1852 1988 1920 2041 de
1952 2005 2057 2059 par

414 2075 467 2128 la
500 2090 656 2128 mere
688 2090 792 2143 par
816 2073 872 2127 la
904 2073 1069 2128 chair
1090 2091 1199 2143 que
1232 2073 1268 2128 il
1295 2075 1439 2146 prist
1465 2093 1534 2130 en
1560 2075 1618 2129 li.
1643 2081 1752 2130 Par
1783 2076 1887 2130 feiz
1921 2081 2053 2131 Dex.

415 2179 519 2235 par
552 2161 656 2215 fciz
688 2179 780 2215 om
815 2163 885 2215 de
938 2162 1166 2216 revable
1211 2179 1340 2217 ome
1390 2168 1445 2217 et
1493 2164 1563 2218 de
1611 2164 1750 2218 char
1779 2164 2058 2220 humaine

417 2266 788 2322 parmenanz.
822 2249 928 2304 .lhe
959 2249 1080 2302 Criz
1127 2256 1216 2304 est
1245 2251 1396 2306 voirs
1429 2251 1544 2305 Dex
1570 2258 1626 2306 et
1654 2253 1806 2307 voirs
1837 2270 1929 2307 om
1964 2269 2061 2308 car

415 2344 538 2392 eest
585 2337 622 2391 li
673 2338 963 2409 Esperites
996 2339 1065 2393 de
1119 2338 1258 2394 Dieu
1292 2340 1390 2411 qui
1424 2341 1571 2411 prist
1600 2341 1739 2396 char
1769 2343 2059 2397 teerienne

418 2426 553 2498 Egal
589 2443 661 2480 au
685 2427 821 2481 Pere
843 2427 1038 2481 selonc
1061 2427 1343 2483 lumanite
1375 2429 1569 2484 selonc
1590 2446 1650 2484 ce
1673 2447 1785 2501 que
1804 2429 1915 2484 Jhu
1937 2431 2062 2484 Criz

418 2522 508 2570 est
524 2520 632 2570 Dex
647 2515 917 2570 estineux
931 2532 1004 2569 au
1025 2515 1160 2570 Pere
1183 2522 1238 2571 et
1251 2516 1446 2572 selonc
1464 2517 1517 2572 la
1531 2517 1670 2572 char
1687 2524 1774 2573 est
1790 2520 2062 2573 mendres

422 2606 493 2659 de
524 2604 625 2658 lui.
660 2605 796 2674 Etja
818 2607 932 2659 soit
970 2621 1033 2660 ce
1067 2605 1205 2674 qu’il
1227 2622 1288 2660 es
1315 2607 1432 2660 De:
1453 2611 1509 2660 et
1530 2623 1646 2661 om.
1672 2623 1741 2661 118
1760 2625 1863 2678 por
1882 2611 2064 2677 quant

426 2710 488 2749 ce
521 2710 590 2747 ne
621 2697 758 2747 sunt
780 2693 894 2747 mie
925 2694 1021 2747 dui
1055 2694 1176 2748 Criz
1209 2694 1335 2748 ainz
1366 2699 1454 2749 est
1484 2712 1595 2750 uns
1628 2695 1753 2751 seul
1799 2697 1984 2750 Chriz.
2009 2701 2066 2750 et

425 2800 495 2838 ne
528 2788 819 2853 porquant
848 2799 909 2836 se
933 2783 1050 2837 Jbu
1083 2783 1208 2838 Criz
1241 2790 1329 2839 est
1359 2783 1474 2839 Dex
1504 2790 1561 2840 et
1591 2802 1682 2839 om
1721 2802 1732 2840 :
1769 2802 1873 2856 por
1902 2803 1964 2840 88
1996 2802 2066 2840 118

425 2872 546 2926 dcit
577 2889 648 2925 on
685 2870 797 2925 mie
824 2871 946 2926 dire
978 2887 1089 2942 que
1119 2888 1181 2927 88
1212 2872 1400 2928 scient
1446 2873 1545 2927 dui
1579 2875 1770 2928 Christ
1794 2874 1914 2930 Uns
1945 2892 2067 2930 cer-

425 2965 513 3015 tes
545 2965 634 3015 est
666 2977 736 3014 ne
770 2960 882 3014 mie
913 2978 1017 3031 par
1047 2961 1099 3017 le
1145 2963 1664 3018 convertissement
1694 2964 1850 3019 664
1879 2965 1949 3018 de
1980 2964 2066 3018 di-

426 3050 605 3103 vinite
653 3066 722 3104 en
776 3049 948 3105 chars
999 3067 1124 3106 mes
1175 3068 1277 3122 par
1318 3050 1373 3105 la
1421 3052 1615 3122 prinse
1664 3053 1966 3108 dumanite
1997 3071 2068 3109 811

2154 581 2258 634 par
2287 563 2471 618 lunite
2501 565 2571 619 de
2603 581 2867 636 persone.
2898 564 3005 618 Car
3053 564 3099 618 si
3133 580 3295 619 come
3325 564 3477 618 lame
3507 565 3759 620 reisnable

2152 658 2207 705 et
2239 652 2292 706 la
2318 653 2488 707 charz
2519 659 2608 707 est
2640 670 2749 707 una
2781 668 2875 706 om
2928 654 3086 707 aussi
3147 652 3321 707 Dieux
3352 659 3408 706 et
3441 669 3534 706 om
3567 661 3647 706 est
3674 671 3759 707 uns

2153 740 2323 794 Crist.
2362 743 2432 797 La
2464 748 2667 796 nature
2698 741 2827 795 dela
2875 741 3014 795 char
3066 757 3137 794 ne
3187 747 3281 810 pot
3333 741 3451 794 mie
3483 740 3619 794 faire
3651 740 3763 795 Dieu

2154 838 2209 886 et
2239 833 2322 885 soi
2375 850 2486 887 une
2517 833 2690 887 chose
2723 849 2841 887 mes
2874 831 2928 886 la
2979 834 3135 886 force
3181 832 3251 885 de
3294 831 3539 902 lesperit
3586 832 3760 886 ﬁstsoi

2155 926 2210 974 et
2240 920 2290 974 la
2324 921 2463 975 char
2493 939 2570 975 un
2606 923 2764 977 Dieu.

2227 1063 2334 1126 Qui
2367 1063 2523 1117 sotl‘ri
2566 1065 2804 1134 passion
2854 1082 2957 1136 por
3007 1069 3202 1118 nostre
3257 1062 3380 1116 salu
3435 1063 3691 1116 descendi
3719 1080 3768 1115 as

2157 1153 2428 1206 enlernex
2459 1169 2530 1205 au
2565 1152 2674 1207 tier
2696 1154 2793 1223 jor
2823 1153 3109 1207 resuscita
3137 1153 3207 1206 de
3247 1158 3400 1205 mort
3453 1151 3593 1204 Icele
3633 1151 3771 1206 chars

2159 1258 2269 1312 que
2301 1242 2338 1294 il
2367 1241 2656 1312 Esperites
2692 1243 2877 1313 prinst
2909 1259 2974 1296 en
3030 1242 3087 1295 la
3118 1241 3442 1312 glorieusse
3475 1241 3637 1309 Virge
3668 1257 3767 1292 mc-

2161 1339 2257 1386 rut
2281 1349 2381 1402 pro
2416 1349 2521 1387 nos
2553 1350 2781 1397 sauver,
2823 1338 2881 1387 et
2928 1332 3201 1387 descendi
3237 1349 3268 1386 a
3316 1332 3481 1385 enfer
3533 1347 3631 1401 pcr
3658 1330 3773 1383 deli-

2160 1438 2290 1476 vrer
2320 1438 2415 1476 ses
2445 1422 2596 1476 amis
2626 1422 2726 1492 qui
2757 1423 3005 1476 estoient
3034 1427 3089 1475 et
3128 1421 3184 1474 la
3237 1421 3390 1474 force
3441 1421 3512 1474 ds
3542 1418 3774 1490 lesperite

2161 1509 2217 1564 la
2265 1510 2362 1565 ﬁat
2411 1509 2722 1565 resusciter
2767 1515 2823 1564 et
2877 1508 3168 1579 lamporta
3213 1507 3358 1564 osoi.
3415 1508 3456 1562 Il
3506 1514 3689 1561 monts
3729 1525 3776 1561 es

2162 1597 2345 1654 cieuls
2375 1603 2430 1652 et
2460 1598 2572 1652 siet
2603 1597 2694 1651 ala
2728 1599 2920 1652 destre
2953 1598 3024 1652 de
3059 1598 3194 1651 Dieu
3235 1597 3286 1652 le
3322 1597 3464 1651 Pera
3494 1600 3615 1650 tout
3643 1597 3770 1666 puis-

2163 1691 2297 1742 sant
2327 1686 2518 1741 diluec
2550 1691 2639 1741 est
2669 1685 3081 1757 avenirjugier
3109 1685 3192 1740 les
3223 1685 3306 1739 vis
3338 1690 3396 1739 et
3428 1684 3512 1739 les
3546 1701 3700 1738 mors.

2241 1811 2479 1865 Nostres
2530 1810 2676 1864 sires
2733 1810 2915 1865 Jhesu
2966 1809 3089 1863 Criz
3120 1809 3219 1880 qui
3272 1808 3482 1863 sout‘fri
3533 1815 3672 1862 mort
3697 1824 3780 1878 por

2169 1916 2274 1955 nos
2305 1904 2362 1953 et
2393 1899 2665 1953 descendi
2699 1918 2732 1953 a
2762 1898 2922 1954 enfer
2973 1914 3076 1970 por
3123 1914 3215 1952 ses
3270 1897 3447 1951 amis.
3482 1903 3538 1950 et
3567 1896 3782 1950 resucits

2168 1989 2239 2043 de
2275 1993 2426 2043 mort
2456 2005 2489 2042 a
2518 1988 2606 2042 vie
2638 1993 2696 2042 et
2718 1993 2922 2042 menta
2958 2003 3019 2041 es
3043 1985 3212 2042 sciels
3235 1987 3560 2040 descendra
3588 2002 3653 2039 au
3678 1986 3782 2053 jcur

2169 2077 2258 2132 del
2295 2077 2433 2132 ivise
2464 2094 2612 2147 pour
2657 2078 2854 2147 jugier
2897 2076 2982 2131 les
3029 2076 3112 2130 vis
3161 2081 3219 2130 et
3265 2075 3349 2130 les
3384 2080 3680 2129 morts.Au
3709 2073 3782 2126 cui

2169 2170 2516 2222 avenement
2547 2165 2660 2220 tuit
2700 2166 2736 2218 li
2771 2182 2901 2220 ome
2927 2170 3028 2219 ent
3077 2164 3433 2218 eresusciter
3474 2180 3504 2216 e
3544 2162 3658 2217 leur
3682 2178 3782 2215 cors

2171 2260 2227 2312 et
2260 2261 2397 2309 sunt
2429 2255 2671 2308 arendre
2704 2255 2774 2308 de
2829 2254 2956 2308 leur
3004 2269 3213 2325 propro
3261 2253 3369 2306 feiz
3413 2268 3600 2306 reson.
3632 2252 3786 2314 Quant

2171 2351 2366 2399 nostra
2416 2343 2562 2397 sires
2610 2343 2791 2397 Jhesu
2839 2343 2965 2397 Criz
3018 2342 3235 2397 vendre
3259 2341 3461 2411 jugicr
3515 2340 3565 2394 le
3611 2338 3784 2394 mendo

2169 2433 2287 2488 lors
2336 2437 2641 2487 revenront
2681 2437 2873 2486 toutes
2921 2447 3067 2502 genz
3116 2448 3186 2485 en
3237 2430 3404 2484 ehair
3452 2435 3508 2484 et
3553 2445 3619 2482 en
3647 2445 3702 2481 cs
3740 2431 3786 2480 et

2173 2521 2298 2576 leur
2326 2538 2386 2576 es
2416 2521 2745 2576 convendra
2774 2521 2982 2575 rendre
3015 2519 3200 2574 reison
3248 2520 3318 2573 de
3369 2518 3502 2572 leur
3546 2530 3776 2571 uueures.

2175 2612 2238 2664 Et
2259 2609 2332 2663 cil
2368 2610 2463 2678 qui
2497 2609 2627 2664 hien
2662 2610 2833 2663 ﬁrent
2862 2608 3017 2662 iront
3055 2625 3124 2662 en
3154 2609 3242 2662 vie
3275 2606 3634 2678 pardurable.
3666 2604 3780 2658 meis

2179 2698 2252 2754 cil
2283 2699 2381 2770 qui
2412 2697 2526 2753 mal
2562 2698 2733 2752 ﬁrent
2764 2699 2921 2751 irent
2945 2712 3014 2752 en
3049 2698 3140 2752 feu
3165 2697 3264 2768 qui
3298 2698 3515 2750 durera
3545 2711 3670 2749 88118
3697 2693 3780 2746 ﬁn.

2177 2788 2256 2845 En
2305 2789 2360 2842 la
2404 2786 2584 2859 gloire
2635 2788 2774 2842 Dieu
2833 2790 3154 2851 enterront,
3210 2784 3282 2839 cil
3316 2785 3420 2855 qui
3467 2784 3579 2839 mal
3611 2788 3781 2837 auront

2177 2894 2316 2933 oure
2347 2877 2769 2931 descenderent
2798 2891 2868 2930 811
2909 2875 3088 2930 enfer.
3122 2875 3322 2929 Cestes
3363 2879 3456 2928 est
3490 2875 3543 2928 la
3570 2872 3637 2926 foi
3664 2887 3785 2926 com-

2180 2982 2356 3021 mune
2387 2965 2440 3019 la
2471 2964 2603 3036 quel
2633 2981 2692 3019 se
2733 2964 2987 3018 checuus
3032 2980 3217 3016 usura
3263 2979 3435 3016 creue
3467 2960 3712 3016 feelment
3737 2964 3780 3013 et

2187 3057 2532 3110 fermement
2576 3071 2715 3108 saus
2762 3070 2832 3107 ne
2875 3069 3047 3124 porra
3099 3052 3413 3107 estre.llex
3461 3056 3548 3104 est
3599 3049 3650 3102 la
3693 3063 3780 3100 cre-

426 3140 588 3192 Dieu.
619 3154 714 3193 ces
765 3139 913 3193 deux
962 3139 1166 3194 choses
1209 3141 1356 3194 deux
1387 3145 1444 3194 et
1470 3157 1561 3195 om
1598 3159 1668 3195 nc
1701 3142 2072 3196 demontrent
2180 3161 2322 3199 auce
2350 3144 2420 3198 de
2452 3143 2638 3198 seinte
2669 3141 2979 3197 crestiente
3031 3157 3259 3196 comma
3290 3139 3402 3194 cist
3434 3139 3675 3194 siaumes
3702 3152 3782 3190 nos

423 3227 518 3280 uie
568 3244 682 3280 une
731 3244 898 3297 parce
949 3245 1063 3299 que
1109 3228 1165 3283 1a
1213 3230 1396 3283 deitez
1445 3231 1563 3284 rust
1593 3246 1761 3285 muee
1805 3248 1875 3285 en
1925 3231 2066 3285 81181·
2097 3219 2140 3288 C
2179 3233 2372 3288 devise
2403 3237 2459 3288 et
2479 3231 2578 3303 qui
2603 3231 2707 3286 issi
2739 3247 2810 3285 ne
2840 3230 2983 3285 croit
3013 3231 3260 3284 damnes
3287 3245 3421 3283 sera
3453 3224 3784 3299 pardurabls-

422 3331 548 3369 mes
579 3331 750 3385 porce
781 3332 894 3386 que
926 3315 981 3370 la
1013 3317 1153 3372 char
1186 3334 1322 3372 mua
1355 3318 1409 3372 la
1440 3320 1622 3375 deitez
1654 3336 1724 3375 en
1751 3319 1915 3390 Dieu,
1951 3320 2070 3376 Uns

2183 3325 2363 3378 ment.

1914 3581 2336 3638 ADMONITIO.

427 3679 525 3732 Hic
548 3677 795 3749 Symboli
822 3677 1164 3748 Quicunque
1192 3681 1613 3735 commentarius
1660 3680 1839 3751 prodit
1879 3696 1948 3734 ex
1994 3682 2179 3735 codice
2226 3679 2564 3734 bibliothecae
2605 3677 2792 3751 Sancti
2847 3678 3200 3751 Germania
3247 3677 3436 3730 Preti:
3483 3686 3688 3729 numero
3711 3667 3784 3724 199

921 3751 1342 3820 quingentorum
1371 3752 1589 3806 circiter
1616 3748 1908 3816 annorum,
1941 3767 2051 3806 non
2093 3751 2358 3820 indignus
2386 3753 2482 3821 qui
2508 3749 2751 3805 studioso
2778 3750 2964 3804 lectori
2989 3748 3334 3803 exhibeatur.

1388 3848 1643 3904 INCIPIT
1672 3848 2049 3906 TRACTATUS
2087 3851 2181 3906 DE
2216 3850 2368 3904 FIDE
2397 3846 2765 3905 CATHOLICA

505 3974 544 4028 l.
579 3974 921 4037 CUICUNQUE
980 3975 1094 4028 vult
1136 3974 1326 4028 salvus
1373 3990 1488 4029 esse
1546 3978 1676 4028 ante
1730 3976 1916 4029 omnia
1945 3989 2080 4043 Opus
2188 3974 2542 4028 universalis.
2575 3969 2871 4027 Generalis
2905 3969 3154 4042 pertinet
3181 3969 3252 4022 ad
3285 3984 3496 4022 omnes
3523 3964 3786 4020 homines:

437 4071 514 4117 est
542 4067 601 4118 ut
629 4066 808 4119 teneat
836 4064 1164 4118 catholicam
1196 4062 1380 4129 ﬁdem.
1432 4062 1533 4117 Hic
1587 4064 1792 4118 beatus
1821 4063 2078 4118 Athana-

434 4154 558 4206 sius
591 4151 833 4206 liberum
868 4152 1176 4206 arbitrium
1211 4152 1442 4222 posuit:
1478 4152 1630 4206 sicut
1659 4153 1799 4206 dicit
1830 4153 1884 4205 in
1920 4152 2081 4207 Psal-

439 4257 531 4294 mo
568 4259 579 4296 :
616 4242 746 4310 Quis
775 4250 855 4296 est
885 4242 1044 4296 homo
1073 4243 1170 4312 qui
1199 4241 1313 4295 vult
1342 4243 1510 4295 vitam
1544 4256 1556 4294 :
1589 4241 1658 4306 ⁸³,
1689 4246 1745 4294 81
1773 4240 1986 4295 iterum
2022 4241 2079 4294 in

438 4330 749 4400 Evangelio
798 4330 922 4401 ipsa
982 4330 1210 4384 Veritas
1268 4331 1347 4384 ait

2191 4062 2539 4117 universalis
2565 4061 2700 4130 quia
2731 4077 2833 4131 per
2864 4059 3196 4114 universum
3249 4057 3454 4111 orbem
3488 4054 3680 4108 diffusa
3703 4057 3782 4104 est.

2191 4152 2359 4206 Fides
2390 4155 2477 4206 est
2508 4149 2823 4204 credulitas
2845 4164 2960 4219 qua
2979 4146 3259 4202 veraciter
3283 4145 3579 4199 credimus
3597 4142 3647 4194 id
3668 4136 3782 4209 quod

2195 4255 2569 4312 nequaquam
2604 4239 2799 4291 videre
2829 4237 3112 4291 valemus.
3140 4233 3303 4288 Unde
3330 4231 3634 4303 Apostolus
3651 4228 3782 4281 dicit:

1397 4347 1409 4384 :
1467 4331 1576 4398 Qui
1605 4331 1721 4384 vult
1755 4332 1940 4384 venire
1969 4337 2085 4398 post
2191 4327 2346 4382 Fides
2373 4336 2452 4382 est
2495 4326 2889 4397 sperandarum
2939 4324 3245 4378 substantia
3289 4337 3502 4386 rerum,
3539 4333 3783 4386 argumen-

438 4434 523 4472 me
550 4419 614 4486 ⁸³,
648 4420 925 4473 similiter
950 4423 1007 4473 et
1039 4418 1154 4486 hic,
1181 4418 1514 4489 Quicumque
1541 4420 1675 4473 vult.
1710 4421 1897 4482 Quare
1929 4419 2084 4473 Deus

439 4507 810 4577 omnipotens
843 4508 1071 4562 nullum
1126 4508 1425 4563 hominem
1476 4508 1719 4562 invitum
1771 4513 1872 4562 aut
1919 4523 2083 4562 eoac-

2195 4421 2310 4470 tum
2337 4431 2446 4470 non
2469 4417 2857 4486 apparentium
2877 4413 2940 4467 ⁸⁸.
2976 4411 3191 4466 Dicitur
3219 4411 3375 4465 enim
3411 4411 3552 4464 ﬁdes
3579 4423 3639 4460 eo
3665 4402 3782 4474 quod

2194 4506 2258 4559 ﬁt
2288 4506 2438 4559 inter
2476 4503 2662 4558 Deum
2712 4507 2768 4557 et
2822 4501 3140 4555 hominem.
3190 4500 3363 4554 Istam
3420 4498 3604 4563 ﬁdem,
3649 4495 3779 4547 istam

434 4601 558 4649 tum
594 4597 772 4651 trahit
807 4599 875 4651 ad
914 4597 1108 4659 ﬁdem.
1141 4597 1252 4652 nisi
1287 4596 1387 4668 qui
1437 4613 1545 4651 sua
1593 4597 1827 4667 propria
1874 4595 2077 4650 volun-
2110 4616 2158 4680 Β
2194 4593 2598 4648 credulitatem
2649 4596 2787 4680 ante
2831 4589 3047 4655 omnia,
3102 4589 3292 4680 nobis.
3318 4588 3778 4680 opus-esttenerfj

443 4689 556 4738 tate
587 4685 708 4738 vult
736 4686 933 4740 venire
965 4688 1034 4740 ad
1070 4688 1264 4742 fidem.
1300 4687 1410 4741 Sed
1443 4685 1779 4756 quicunque
1813 4685 1933 4739 vult
1963 4683 2081 4739 sal-

435 4790 543 4827 vus
573 4790 701 4828 esse
732 4775 784 4828 in
822 4792 1058 4846 corpore
1101 4775 1187 4830 vel
1239 4775 1454 4831 anima.
1511 4774 1830 4830 necessitas
1873 4778 1962 4828 est
1995 4772 2080 4826 illi

437 4867 500 4916 ut
528 4867 722 4917 teneat
753 4863 1096 4919 catholicam
1131 4865 1325 4919 fidem.
1354 4865 1539 4928 Quare
1571 4867 1704 4918 ante
1733 4879 1903 4918 omne
1934 4878 2084 4932 opus

438 4967 673 5005 necesse
704 4960 794 5006 est
817 4957 881 5006 ut
913 4952 1054 5006 fides
1089 4954 1406 5022 praecedat;
1447 4958 1581 5007 ante
1609 4967 1843 5005 omnem
1876 4967 2080 5020 opera-

438 5041 675 5109 tionem,
707 5047 842 5094 ante
871 5057 1225 5112 omnemque
1256 5041 1710 5105 inchoationem,
1744 5045 1877 5094 ante
1909 5053 2084 5094 8111118

439 5129 790 5200 principium
843 5128 1168 5200 uniquique
1218 5146 1367 5200 cpus
1397 5133 1485 5184 est
1523 5135 1588 5183 ut
1616 5133 1810 5185 teneat
1839 5127 2081 5182 catholi-

439 5237 566 5274 cam
602 5221 799 5288 l‘idem,
851 5217 1078 5272 dicente
1128 5219 1450 5289 Apostolo:
1505 5219 1636 5273 Sine
1680 5218 1786 5286 ﬁde
1831 5218 2081 5286 impossi-

440 5309 544 5363 bile
572 5318 646 5363 est
677 5310 889 5378 placere
925 5311 1029 5361 Deo
1059 5306 1122 5359 “.
1177 5305 1340 5361 Unde
1387 5311 1443 5361 et
1490 5309 1761 5362 Habacuc
1804 5305 2087 5377 propheta

442 5397 521 5451 ait
555 5416 566 5452 :
600 5399 783 5452 Justus
827 5399 1011 5451 autem
1061 5411 1133 5450 ex
1177 5394 1293 5466 ﬁde
1339 5397 1474 5450 vivit
1511 5395 1579 5451 ⁸⁸.
1637 5394 1917 5450 Catholica
1951 5411 1963 5448 :
1998 5398 2087 5448 est

440 5502 631 5540 sermo
663 5485 917 5553 Graecus,
951 5485 1151 5540 Latine
1199 5485 1643 5554 interpretatur,
1689 5484 1962 5555 generalis
1998 5481 2083 5537 vel

2190 4682 2328 4752 quia
2358 4681 2502 4735 ﬁdes
2532 4684 2621 4735 est
2652 4678 3101 4733 fundamentum
3140 4674 3403 4731 omnium
3435 4673 3709 4727 virtutum.
3733 4665 3781 4719 Et

2192 4770 2411 4825 idcirco
2442 4769 2608 4841 prius
2638 4767 2994 4822 aedificamus
3026 4766 3200 4820 ﬁdem
3233 4780 3359 4834 quae
3379 4767 3472 4818 est
3495 4761 3784 4816 fundamen-

2191 4862 2318 4914 tum
2351 4863 2410 4912 et
2439 4873 2617 4928 super
2635 4871 2766 4911 eam
2811 4858 3050 4910 caeteras
3075 4854 3318 4907 virtutes
3353 4868 3366 4906 :
3400 4850 3537 4923 quia
3565 4849 3672 4903 sine
3698 4842 3778 4897 ﬁde

2193 4948 2390 5002 nullus
2423 4946 2620 5001 salvus
2649 4961 2779 4999 esse
2809 4947 3020 5015 potest.

2260 5038 2314 5090 2-
2337 5037 2505 5105 Quam
2540 5035 2653 5089 nisi
2682 5035 2909 5104 quisque
2951 5032 3227 5098 integram
3251 5030 3664 5097 inviolatamque
3691 5036 3775 5076 ser-

2191 5128 2399 5181 vaverit
2427 5124 2628 5195 absque
2647 5123 2820 5177 dubio
2850 5123 2911 5175 in
2940 5129 3200 5177 etenim:
3215 5118 3434 5189 peribit.
3451 5117 3621 5181 Quam
3641 5111 3771 5165 ﬁdem

2193 5214 2302 5269 nisi
2324 5211 2903 5284 quisqueintegram,
2927 5208 2984 5263 id
3009 5215 3095 5263 est
3121 5203 3768 5277 unusquisqueintegrsm

2193 5307 2252 5358 et
2282 5300 2512 5373 plenam
2551 5305 2609 5354 et
2648 5301 2962 5370 perlectam
3016 5296 3349 5360 servaverit,
3374 5294 3429 5348 id
3469 5298 3551 5347 est
3584 5296 3639 5344 ut
3677 5299 3768 5340 eam

2194 5407 2308 5446 non
2345 5388 2574 5444 scindat
2605 5403 2705 5459 per
2736 5385 3000 5441 haeresim
3033 5399 3221 5454 neque
3249 5383 3319 5437 ab
3352 5381 3488 5436 ulllo
3517 5377 3770 5434 schismate

2195 5483 2625 5549 corrumpatur.
2659 5476 3012 5539 Inviolatam,
3047 5473 3104 5527 id
3135 5476 3244 5540 est,
3279 5476 3344 5525 ut
3396 5486 3519 5525 eam
3563 5482 3659 5522 non
3686 5463 3766 5514 vio-

510 5664 555 5698 ⁸³
590 5663 736 5718 Psal.
767 5679 966 5733 xum,
1003 5665 1088 5720 12.
1164 5663 1210 5699 ⁸³
1241 5662 1446 5721 Matth.
1477 5680 1591 5734 xvi,
1616 5663 1706 5718 24.
1781 5662 1826 5696 ⁸⁸
1848 5661 2019 5716 Hebr.
2053 5675 2064 5716 l

2180 5659 2216 5714 5.
2291 5657 2338 5694 ⁸⁸
2364 5655 2552 5713 Galat.
2585 5657 2670 5722 111,
2710 5655 2791 5709 lt.
2867 5651 3040 5708 Hebr.
3071 5666 3152 5719 xi,
3188 5650 3237 5705 1.
