4002 6206
225 398 379 459 159Ἰ

1261 399 1681 462 EXPOSITIO
1725 399 2071 462 SYMBOLI
2115 401 2591 478 QUICUNQUE.

3477 406 3635 467 1598

219 529 303 585 let
334 529 485 584 male
528 531 805 598 docendo,
858 535 1034 602 atque
1086 530 1475 603 pradicando,
1526 536 1591 586 ut
1640 532 1688 587 si
1738 548 1867 588 eam
1900 534 1954 600 Α
1985 532 2531 604 lius,noncreatura
2551 537 3637 609 sicutAriusdicebat,quiasimulom-

223 633 338 672 non
391 617 736 673 custodierit
784 619 1072 691 integram
1132 625 1189 675 et
1243 619 1605 686 inviolatam,
1655 620 1877 692 absque

223 707 403 762 dubio
438 708 495 760 in
526 713 743 762 aterna
772 708 1149 762 damnatione
1178 708 1408 779 peribit.

298 797 350 850 3.
386 797 541 850 Fides
585 800 770 849 autem
814 797 1088 851 catholica
1135 799 1248 852 haec
1284 806 1384 863 est,
1416 809 1476 853 ut
1506 817 1682 855 unum
1712 800 1877 855 Deum

228 886 286 939 in
316 887 583 940 Trinitale
608 894 659 939 et
682 885 997 940 Trinitatem
1022 888 1081 940 in
1110 888 1325 941 unitate
1344 904 1686 944 veneremur.
1711 888 1878 944 Nune

231 975 565 1028 manifestat
600 974 738 1044 quid
774 979 863 1029 est
895 974 1059 1037 ﬁdes,
1092 974 1179 1029 vel
1213 975 1405 1046 qualis
1447 981 1555 1045 est,
1601 977 1686 1031 vel
1734 993 1877 1046 qua-

229 1062 364 1117 liter
402 1064 805 1133 unusquisque
836 1064 1069 1119 credere
1100 1064 1327 1121 debeat.
1379 1067 1439 1121 Ut
1490 1082 1663 1121 unum
1712 1067 1878 1121 Deum

227 1153 285 1207 in
323 1152 587 1206 Trinitate
616 1153 665 1206 el
712 1152 1036 1207 Trinitatem
1069 1154 1129 1206 in
1158 1156 1370 1208 unitate
1400 1169 1737 1209 veneremur.
1775 1158 1877 1208 De-

228 1241 435 1294 bemus
468 1240 650 1295 Deum
684 1241 916 1294 credere
947 1241 1163 1295 trinum
1206 1247 1262 1295 et
1312 1259 1516 1297 unum.
1574 1242 1764 1297 Unum
1817 1242 1877 1297 in

225 1328 585 1394 substantia,
608 1332 665 1381 et
695 1327 915 1381 trinum
949 1328 1005 1381 in
1042 1328 1325 1397 personis.
1348 1328 1462 1383 Nec
1493 1333 1729 1400 propter
1746 1327 1877 1383 Tri-

224 1418 469 1471 nitatem
506 1416 791 1470 debemus
822 1415 1117 1470 dimittere
1150 1416 1460 1481 unitatem,
1492 1433 1597 1471 nec
1644 1420 1879 1488 propter

224 1505 514 1560 unitatem
547 1505 832 1558 debemus
862 1504 1155 1560 dimittere
1184 1504 1549 1560 Trinitatem.
1576 1504 1645 1561 Ut
1679 1505 1874 1577 ipsum

223 1609 402 1666 quem
437 1591 706 1661 colimus,
736 1592 1053 1662 credimus,
1089 1610 1269 1648 unum
1304 1610 1652 1649 veneremur
1683 1599 1738 1649 et
1768 1593 1876 1648 tri—

224 1700 391 1753 num,
425 1698 609 1736 unum
662 1686 895 1752 propter
934 1682 1219 1737 unitatem
1253 1684 1621 1751 substantia,
1654 1683 1875 1738 trinum

223 1777 464 1843 propter
492 1786 875 1843 personarum
908 1771 1207 1827 vocabula.
1239 1772 1617 1843 Veneremur,
1657 1772 1710 1827 id
1762 1778 1871 1843 est,

223 1861 559 1916 adoremus.
600 1868 605 1881 ‘

298 1951 349 2004 4.
384 1955 565 2019 Neque
592 1950 981 2019 confundentes
1007 1965 1267 2020 personas
1302 1966 1476 2021 neque
1502 1950 1876 2006 substantiam

220 2050 562 2109 separantes.
594 2038 960 2094 Confundere
990 2043 1080 2093 est
1110 2037 1505 2093 commiscere.
1540 2041 1728 2104 Quare
1756 2055 1873 2094 non

217 2128 508 2182 debemus
557 2132 785 2182 tantum
837 2144 1013 2182 unam
1072 2143 1379 2198 personam
1434 2127 1687 2191 credere,
1723 2126 1876 2181 sicut

214 2214 509 2271 Sabellius
540 2214 852 2270 haereticus
883 2216 1202 2279 asserebat,
1247 2215 1346 2269 sed
1398 2219 1517 2269 tres
1568 2230 1871 2286 personas,

212 2309 452 2359 Patrem
485 2310 542 2358 et
573 2303 782 2359 Filium
814 2310 872 2360 et
902 2304 1185 2374 Spiritum
1228 2308 1519 2358 sanctum.
1572 2303 1688 2358 Nec
1734 2304 1871 2357 sub-

214 2392 497 2448 stantiam
528 2408 820 2463 separare,
853 2396 919 2446 ut
945 2392 1119 2446 Arius
1150 2391 1456 2447 haereticus
1487 2392 1821 2447 afﬁrmabat
1853 2406 1867 2445 :

214 2481 451 2536 dicebat
479 2481 635 2535 enim
676 2482 831 2552 quod
878 2480 1032 2536 sicut
1078 2486 1243 2535 erant
1296 2485 1416 2535 tres
1472 2497 1731 2552 persona
1792 2480 1872 2535 ita

212 2570 471 2625 fuissent
500 2574 555 2624 et
586 2576 703 2624 tres
734 2568 1095 2625 substantiae.
1128 2573 1355 2624 Patrem
1400 2571 1700 2625 asserebat
1747 2585 1873 2624 ma-

212 2661 407 2731 jorem
440 2658 604 2723 Filio,
642 2657 851 2713 Filium
886 2658 1169 2713 minorem
1202 2662 1389 2726 Patre,
1424 2658 1704 2730 Spiritum
1736 2674 1870 2713 san-

218 2754 383 2803 ctum
416 2747 754 2802 ministrum
786 2763 988 2802 eorum
1017 2747 1262 2802 dicebat.
1287 2746 1628 2802 Substantia
1656 2747 1874 2801 dicitur

223 2853 295 2893 eo
345 2836 499 2907 quod
554 2851 624 2890 ex
671 2835 988 2907 semetipsa
1032 2836 1335 2892 subsistat.
1368 2836 1712 2891 Substantia
1738 2852 1871 2891 vero

226 2941 543 2981 commune
580 2929 670 2980 est
707 2939 919 2979 nomen
968 2925 1230 2979 omnium
1287 2941 1483 2980 rerum
1532 2941 1659 2995 qua
1709 2930 1868 2980 sunt.

229 3012 452 3069 (Icelum
486 3012 664 3081 enim,
697 3012 805 3077 sol,
840 3012 998 3081 luna,
1028 3017 1203 3077 terra,
1237 3013 1472 3068 arbores
1503 3018 1559 3068 et
1599 3012 1871 3069 homines

224 3100 573 3157 substantia
604 3102 901 3156 dicuntur.
940 3102 1087 3156 Deus
1120 3102 1299 3173 igitur
1327 3102 1662 3158 substantia
1693 3106 1783 3157 est
1815 3106 1873 3158 et

214 3190 555 3245 substantia
577 3190 783 3261 prima,
810 3195 868 3244 et.
888 3189 1151 3245 omnium
1177 3192 1646 3247 substantiarum
1669 3208 1867 3257 causa,

1904 1903 1953 1968 B

1987 622 2082 678 nia
2106 626 2323 680 creavit
2344 643 2478 681 cum
2503 626 2689 683 Patre.
2716 626 2998 682 Similiter
3018 631 3074 682 et
3093 627 3345 699 Spiritus
3370 633 3631 683 sanctus.

2054 712 2446 770 9.1mmensus
2502 718 2686 784 Pater,
2737 717 3037 771 immensus
3083 714 3289 786 Filius,
3343 718 3637 771 immensus

1986 800 2228 872 Spiritus
2270 813 2515 859 sanctus.
2567 807 2919 872 lmmensus,
2968 805 3107 876 quia
3151 807 3279 876 ejus
3340 804 3635 875 magnitu-

1986 889 2180 946 dinem
2214 890 2301 946 vel
2342 893 2728 963 quantitatem
2772 892 2970 949 nullus
3023 908 3364 949 mensurare
3422 897 3634 964 potest,

1987 980 2126 1050 quia
2173 980 2313 1035 calo
2372 987 2461 1037 est
2516 981 2816 1049 excelsior,
2859 987 2915 1036 et
2972 987 3126 1037 terra
3182 982 3526 1054 profundior
3580 987 3637 1037 et

1987 1068 2158 1124 latior
2189 1070 2350 1125 mari.
2388 1072 2455 1126 Et
2499 1076 2588 1126 est
2627 1071 3198 1142 incircumscriptus,
3231 1071 3632 1143 incorporeus,

1985 1156 2273 1228 inlocalis,
2308 1160 2525 1232 ubique
2556 1164 2733 1225 totus,
2767 1165 2823 1214 et
2855 1176 2969 1214 non
3010 1164 3098 1214 est
3139 1159 3299 1214 locus
3359 1159 3458 1214 ubi
3518 1175 3632 1215 non

1987 1246 2084 1317 sit,
2120 1248 2272 1303 sicut
2303 1248 2442 1304 dicit
2469 1249 2525 1304 in
2561 1248 2793 1304 Psalmo
2828 1266 2841 1305 :
2894 1248 2954 1304 Si
3003 1248 3295 1305 ascendero
3327 1250 3383 1303 in
3415 1250 3630 1317 caelum,

1986 1344 2045 1390 tu
2098 1337 2217 1391 illic
2269 1353 2356 1407 es,
2414 1338 2466 1392 si
2521 1337 2841 1394 descendere
2897 1337 2967 1393 ad
3023 1339 3327 1408 infernum,
3390 1337 3516 1392 ades
3563 1338 3630 1392 ⁸⁷.

1986 1425 2052 1479 Et
2084 1425 2131 1480 si
2164 1426 2318 1481 ivero
2353 1428 2421 1481 ad
2455 1431 2714 1481 extrema
2748 1426 2953 1493 maris,
2984 1426 3063 1480 ibi
3105 1442 3198 1481 me
3246 1426 3481 1481 dextera
3527 1430 3631 1481 tua

1985 1514 2229 1569 tenebit.
2256 1515 2386 1585 Ipse
2417 1519 2506 1571 est
2527 1516 2683 1570 enim
2711 1515 2863 1570 intra
2885 1514 3084 1570 omnia
3106 1519 3162 1569 et
3192 1531 3307 1570 non
3341 1513 3631 1579 inclusus,

1984 1607 2143 1658 extra
2174 1603 2372 1658 omnia
2401 1608 2460 1658 et
2502 1619 2615 1659 non
2670 1604 2964 1659 exclusus.
3016 1602 3300 1659 Similiter
3348 1608 3405 1658 et
3456 1602 3635 1659 Filius

1985 1690 2084 1765 qui
2134 1691 2369 1764 attingit
2412 1710 2444 1747 a
2491 1693 2608 1748 ﬁne
2660 1709 2848 1763 usque
2896 1693 2967 1747 ad
3022 1692 3197 1747 ﬁnem
3260 1691 3502 1748 fortiter.
3555 1697 3635 1748 De

1983 1797 2099 1852 que
2158 1781 2445 1853 scriptum
2505 1786 2595 1836 est
2650 1799 2663 1838 :
2736 1782 2901 1837 Verbo
2955 1782 3181 1837 Domini
3234 1781 3361 1836 σιειί
3416 1782 3629 1851 ﬁrmati

1982 1875 2111 1926 sunt
2159 1870 2224 1924 ⁸⁸.
2287 1871 2415 1924 Pari
2475 1870 2650 1926 modo
2709 1876 2765 1926 et
2826 1870 3081 1942 Spiritus
3140 1874 3416 1941 sanctus,
3475 1870 3633 1925 unde

1984 1960 2201 2013 dicitur
2258 1977 2271 2014 :
2348 1959 2584 2031 Spiritus
2640 1960 2866 2016 Domini
2920 1960 3155 2031 replevit
3209 1958 3399 2015 orbem
3449 1964 3629 2015 terra-

1983 2064 2108 2102 rum
2145 2048 2209 2103 “.

2055 2138 2142 2191 10.
2176 2140 2441 2193 Αῑιενηω
2476 2142 2658 2202 Pater,
2687 2146 2931 2194 aeternus
2966 2140 3167 2207 Filius,
3208 2143 3455 2194 :eternus
3504 2137 3631 2207 Spi-

1980 2226 2124 2280 ritus
2170 2234 2409 2280 sanctus.
2444 2225 2546 2280 Hic
2582 2231 2864 2280 aeternum
2913 2242 3019 2297 pro
3068 2228 3422 2298 sempiterno
3456 2226 3630 2282 debe-

1983 2330 2116 2369 mus
2147 2312 2491 2384 intelligere.
2526 2318 2794 2369 Bternus
2827 2318 2976 2369 Deus
3026 2315 3263 2379 dicitur,
3317 2315 3455 2385 quia
3504 2315 3630 2371 sine

1981 2400 2148 2457 initio
2177 2407 2235 2458 et
2264 2403 2391 2458 sine
2428 2403 2542 2458 ﬁne
2592 2408 2867 2457 constat:
2917 2403 3190 2458 similiter
3232 2408 3290 2459 et
3340 2403 3518 2458 Filius
3574 2408 3633 2460 et

1979 2491 2232 2562 Spiritus
2263 2496 2524 2548 sanctus.
2571 2491 2735 2547 Sicut
2784 2508 3089 2563 nunquam
3150 2509 3265 2547 non
3324 2493 3491 2548 Pater
3545 2492 3631 2550 ita

1980 2595 2284 2651 nunquam
2318 2597 2432 2635 non
2464 2580 2641 2635 Filius
2676 2596 2741 2635 ac
2773 2580 3024 2653 Spiritus
3056 2586 3320 2637 sanctus.

2052 2670 2138 2723 11.
2171 2669 2238 2724 Et
2280 2676 2466 2724 tamen
2508 2685 2618 2723 non
2663 2674 2776 2725 tres
2804 2672 3026 2739 aeterni,
3058 2671 3159 2725 sed
3188 2686 3333 2725 unus
3359 2673 3627 2741 aeternus,

1978 2756 2036 2812 id
2069 2762 2180 2822 est,
2212 2756 2270 2811 in
2304 2757 2658 2813 substantia.

2053 2848 2138 2901 12.
2171 2846 2322 2903 Sicut
2362 2863 2472 2902 non
2500 2851 2610 2902 tres
2651 2850 2906 2918 increati,
2951 2864 3052 2903 nec
3081 2857 3189 2904 tres
3220 2850 3499 2913 immensi,
3533 2847 3629 2904 sed

1978 2952 2119 2990 unus
2150 2938 2422 2992 increatus
2454 2946 2505 2991 et
2536 2953 2681 2991 unus
2710 2938 3027 2993 immensus.
3056 2937 3203 3004 Quia
3233 2954 3416 2992 unum
3449 2943 3537 2994 est
3564 2937 3625 2993 in

1980 3025 2333 3080 substantia.

2053 3114 2137 3168 13.
2172 3113 2440 3169 Similiter
2466 3115 2802 3186 omnipotens
2831 3118 3015 3183 Pater,
3048 3116 3394 3187 omnipotens
3422 3116 3622 3184 Filius,

1978 3205 2321 3273 omnipotens
2371 3205 2616 3274 Spiritus
2669 3208 2906 3259 sanctus.
2968 3205 3352 3275 Omnipotens
3409 3205 3626 3259 dicitur

211 3281 358 3351 quia
388 3279 654 3333 omnium
691 3295 883 3334 rerum
930 3278 1168 3334 Greater
1212 3284 1319 3334 est.
1373 3280 1639 3336 Essentia
1686 3266 1940 3353 igiturC
1976 3266 2149 3347 patet-
2196 3292 2335 3365 quia
2384 3266 2581 3347 άωηίει
2631 3298 2841 3364 potest,
2892 3310 3007 3348 non
3058 3311 3092 3348 ι
3141 3266 3415 3363 patiendo
3467 3293 3624 3364 quod

203 3368 443 3441 proprie
473 3367 544 3421 de
575 3366 688 3422 Deo
720 3367 953 3435 dicitur,
984 3370 1123 3439 quia
1165 3385 1399 3441 semper
1445 3374 1535 3425 est
1576 3371 1727 3440 quod
1777 3374 1868 3426 est

207 3457 314 3528 qui
346 3455 846 3511 incommutabilis
876 3461 986 3511 est.

288 3546 344 3601 5.
375 3545 499 3600 Alia
544 3552 621 3599 est
667 3548 815 3599 enim
867 3560 1099 3616 persona
1150 3547 1359 3613 Patris,
1407 3546 1523 3603 alia
1571 3548 1720 3619 Filii,
1745 3548 1868 3603 alia

211 3634 461 3706 Spiritus
490 3635 690 3689 sancti.
717 3633 823 3689 Hic
852 3639 1056 3689 contra
1086 3634 1405 3690 Sabellium
1437 3640 1577 3691 sunt
1606 3652 1865 3707 persona

210 3723 438 3789 divisa,
472 3721 574 3794 qui
623 3722 924 3777 asserebat
972 3738 1101 3778 esse
1148 3739 1350 3779 unam.
1389 3724 1537 3788 Quia
1582 3727 1755 3780 Pater
1803 3725 1866 3781 in

206 3828 321 3869 sua
350 3825 602 3883 persona
631 3824 736 3865 nec
766 3814 855 3865 est
884 3809 1090 3882 Filius,
1122 3811 1224 3866 sed
1255 3815 1485 3867 tantum
1518 3811 1708 3881 Pater,
1759 3828 1867 3869 nec

208 3899 397 3959 Filius
427 3898 486 3955 in
514 3915 623 3955 sua
656 3914 905 3971 persona
935 3903 1024 3955 est
1052 3900 1242 3971 Pater,
1269 3900 1371 3956 sed
1398 3903 1629 3957 tantum
1661 3900 1863 3972 Filius,

210 4005 322 4046 nec
350 3988 602 4060 Spiritus
631 3991 873 4044 sanctus
905 3988 963 4044 in
995 4004 1105 4043 sua
1135 4005 1385 4060 persona
1413 3994 1504 4046 est
1543 3990 1715 4046 Pater
1760 4007 1866 4047 nec

208 4077 417 4142 Filius,
475 4076 578 4132 sed
638 4080 866 4132 tantum
927 4076 1183 4144 Spiritus
1238 4084 1525 4134 sanctus:
1585 4094 1654 4134 ex
1703 4083 1862 4134 utro-

213 4182 331 4237 que
362 4165 682 4236 procedens
713 4181 964 4237 persona
1011 4165 1169 4221 dicta
1224 4171 1313 4221 est
1358 4183 1423 4222 eo
1471 4167 1627 4237 quod
1672 4182 1769 4238 per
1800 4183 1862 4223 se

94 4246 103 4255 ’
211 4261 407 4311 sonat.

280 4345 335 4398 6.
369 4342 469 4399 Sed
517 4344 703 4398 Patris
750 4351 800 4399 et
850 4344 983 4399 Filii
1033 4348 1085 4399 et
1133 4344 1371 4415 Spiritus
1417 4348 1596 4401 sancti
1641 4362 1753 4401 una
1780 4355 1864 4401 est

209 4434 500 4497 divinitas,
531 4433 767 4504 aequalis
814 4433 1011 4503 gloria,
1051 4438 1325 4490 coaeterna
1354 4436 1625 4506 majestas,
1660 4435 1716 4490 id
1749 4441 1861 4506 est,

210 4520 544 4592 coaqualis,
577 4520 703 4576 sine
752 4520 918 4576 initio
972 4526 1028 4576 et
1076 4522 1211 4590 ﬁne,
1265 4527 1322 4578 et
1369 4523 1554 4596 gloria
1593 4530 1651 4580 et
1692 4530 1858 4597 pote-

211 4615 381 4669 state.

280 4700 338 4755 7.
372 4700 561 4769 Qualis
610 4700 794 4765 Pater,
845 4699 975 4755 talis
1021 4700 1215 4767 Filius,
1263 4702 1394 4757 talis
1443 4702 1689 4771 Spiritus
1727 4720 1857 4758 san-

201 4798 343 4846 ctus.
383 4788 531 4854 Quia
562 4788 712 4842 sicut
742 4787 909 4842 Pater
938 4793 1028 4843 est
1056 4793 1310 4844 aternus
1348 4789 1433 4845 vel
1485 4793 1859 4863 omnipotens

204 4893 312 4934 seu
344 4875 677 4943 invisibilis,
709 4874 983 4931 similiter
1030 4882 1087 4932 et
1131 4876 1313 4933 Filius
1356 4882 1413 4933 et
1440 4878 1690 4950 Spiritus
1721 4898 1857 4936 san-

205 4972 357 5023 ctus.

1976 3397 2090 3435 non
2122 3380 2266 3445 vult,
2306 3382 2405 3436 sed
2460 3398 2493 3436 a
2543 3381 2805 3437 faciendo
2838 3382 3038 3438 omnia
3067 3398 3451 3454 quacumque
3480 3381 3623 3450 vult,

1975 3469 2113 3541 quia
2143 3468 2289 3524 nihil
2321 3468 2403 3524 illi
2435 3470 2801 3542 impossibile
2843 3475 2936 3527 est
2964 3488 2975 3526 :
3032 3472 3405 3543 omnipotens
3444 3475 3500 3527 et
3533 3471 3623 3527 Fi-

1973 3557 2110 3614 lius.
2144 3556 2435 3629 Quidquid
2468 3563 2659 3629 potest
2689 3563 2880 3626 Pater,
2914 3564 3106 3631 potest
3134 3564 3192 3616 et
3232 3559 3437 3628 Filius,
3470 3560 3623 3616 nihi-

1972 3645 2232 3702 lominus
2273 3651 2330 3702 et
2359 3646 2615 3720 Spiritus
2647 3654 2908 3703 sanctus.

2045 3735 2133 3791 14.
2175 3736 2240 3790 Et
2287 3743 2466 3792 tamen
2525 3752 2640 3793 non
2697 3740 2804 3792 tres
2858 3737 3273 3808 omnipotentes,
3327 3734 3423 3790 sed
3476 3751 3621 3789 unus

1974 3825 2328 3896 omnipotens,
2361 3823 2417 3879 id
2452 3829 2560 3892 est,
2593 3825 2652 3879 in
2684 3825 3033 3880 substantia.
3068 3824 3187 3880 Ista
3234 3823 3471 3879 nomina
3515 3823 3621 3878 Pa-

1972 3912 2080 3969 tris
2108 3917 2165 3967 et
2194 3911 2319 3967 Filii
2352 3918 2409 3967 et
2437 3913 2692 3985 Spiritus
2721 3912 2933 3977 sancti,
2965 3929 3095 3983 qua
3136 3929 3290 3984 sape
3337 3911 3618 3976 diximus,

1973 4000 2213 4056 relative
2242 4005 2403 4069 sunt,
2435 4000 2568 4071 quia
2601 3999 2716 4055 alia
2760 4002 2830 4057 ad
2882 4000 2998 4057 alia
3045 4001 3415 4067 referuntur;
3467 3999 3623 4055 sicut

1970 4088 2128 4144 verbi
2161 4087 2350 4160 gratia
2380 4105 2582 4145 servus
2613 4090 2679 4144 ad
2715 4089 3042 4159 dominum,
3075 4089 3351 4145 dominus
3383 4088 3451 4145 ad
3494 4104 3617 4144 ser-

1970 4194 2128 4245 vum,
2164 4178 2445 4247 magister
2497 4178 2568 4232 ad
2628 4177 2987 4249 discipulum
3045 4183 3103 4234 et
3159 4177 3487 4249 discipulus
3542 4178 3616 4232 ad

1970 4265 2314 4336 magistrum
2351 4284 2364 4322 :
2416 4272 2578 4337 pater
2625 4267 2696 4321 ad
2748 4266 2936 4321 ﬁlium
2980 4272 3037 4322 et
3076 4267 3233 4321 ﬁlius
3263 4268 3332 4321 ad
3368 4271 3616 4337 patrem.

1970 4356 2114 4420 Quia
2145 4353 2344 4409 nullus
2378 4360 2539 4426 pater
2569 4355 2805 4425 dicitur,
2838 4355 2951 4409 nisi
2984 4355 3196 4410 habeat
3227 4354 3413 4408 tilium
3447 4353 3618 4422 cuius

1968 4442 2046 4498 sit
2074 4450 2257 4514 pater,
2279 4450 2332 4497 et
2363 4442 2563 4497 nullus
2586 4443 2743 4498 ﬁlius
2764 4444 2998 4513 dicitur,
3022 4443 3133 4499 nisi
3158 4444 3369 4498 habeat
3391 4448 3613 4514 patrem

1968 4533 2136 4601 cujus
2195 4530 2350 4586 ﬁlius
2408 4532 2502 4586 sit.
2566 4532 2711 4598 Quia
2769 4534 2820 4587 si
2878 4548 2993 4587 non
3052 4531 3358 4587 habuisset
3400 4530 3611 4599 ﬁlium,

1887 4622 1932 4687 ι)
1966 4636 2267 4691 nunquam
2298 4619 2605 4675 habuisset
2634 4636 2847 4675 nomen
2880 4619 3084 4692 patris.
3117 4618 3402 4675 Similiter
3430 4619 3614 4690 Spiri-

1965 4713 2062 4764 tus
2093 4713 2332 4764 sanctus
2366 4725 2479 4762 non
2512 4726 2548 4763 a
2576 4725 2662 4774 se,
2689 4709 2790 4763 sed
2822 4708 3074 4777 alicujus
3104 4713 3193 4763 est
3222 4706 3484 4778 spiritus.
3514 4708 3615 4762 Est

1966 4802 2025 4853 et
2054 4797 2290 4868 aliquod
2314 4796 2662 4852 vocabulum
2700 4795 2796 4851 ubi
2834 4796 3079 4867 spiritus
3111 4794 3350 4851 relative
3376 4796 3611 4863 dicitur,

1965 4887 2260 4958 quomodo
2290 4886 2507 4941 donum
2543 4884 2844 4939 donatoris
2873 4890 2931 4939 et
2958 4886 3205 4941 donator
3233 4884 3392 4939 doni.
3426 4889 3610 4941 Dona-

1964 4977 2148 5029 torem
2206 4974 2335 5029 dico
2391 4990 2521 5029 esse
2569 4973 2821 5038 Patrem,
2866 4974 3083 5028 donum
3138 4990 3274 5029 vero
3324 4974 3608 5045 Spiritum

273 5055 328 5109 8.
388 5057 683 5111 Increatus
740 5053 927 5118 Pater,
986 5055 1263 5110 increatus
1320 5057 1521 5123 Filius,
1577 5058 1858 5114 increatus
1963 5066 2256 5118 sanctum.
2290 5062 2516 5118 Donum
2553 5062 2803 5116 refertur
2834 5062 2905 5117 ad
2938 5062 3302 5129 donaturam,
3336 5067 3395 5117 et
3425 5063 3607 5117 dona-

204 5146 448 5218 Spiritus
479 5144 633 5201 σοι
664 5149 906 5199 sanctus.
938 5146 1025 5209 In,
1058 5146 1389 5217 prapositio
1423 5152 1511 5203 est
1542 5150 1599 5202 in
1631 5148 1740 5204 hoc
1770 5149 1854 5205 lo-

205 5253 294 5301 ro,
320 5251 442 5307 pro,
465 5250 594 5301 non,
620 5233 828 5304 posita.
847 5233 1143 5289 Increatus
1167 5234 1352 5303 Pater,
1379 5237 1434 5292 id
1456 5241 1566 5303 est,
1590 5254 1704 5292 non
1729 5254 1853 5293 cre-

199 5330 363 5390 atus,
384 5324 524 5396 quia
547 5323 673 5394 ipse
695 5327 783 5377 est
806 5324 1039 5378 Creator
1068 5324 1356 5394 omnium,
1379 5330 1436 5381 et
1456 5342 1488 5380 a
1511 5326 1672 5381 nullo
1694 5343 1853 5383 crea-

194 5420 295 5469 tus
314 5438 328 5479 ;
349 5413 474 5483 ipse
491 5420 578 5466 est
596 5409 857 5465 omnium
878 5410 1081 5466 Factor
1096 5416 1154 5467 et
1171 5429 1204 5467 a
1222 5412 1385 5469 nullo
1405 5414 1612 5469 factus.
1632 5414 1854 5470 Increa-

195 5510 293 5559 tus
316 5500 520 5567 Filius,
546 5500 842 5555 increatus
862 5497 1118 5571 Spiritus
1142 5505 1405 5557 sanctus.
1427 5502 1726 5559 Increatus
1758 5502 1848 5558 Fi-

273 5708 315 5742 "
349 5706 501 5763 Psal.
534 5719 805 5773 cxxxvm,
836 5704 889 5760 8.
966 5703 1011 5739 ⁸³
1039 5702 1192 5761 Psal.
1223 5721 1403 5777 um,
1433 5707 1487 5761 6.
1563 5706 1611 5743 “
1639 5706 1777 5780 Sap.
1812 5723 1852 5777 ι,
1880 5707 1939 5766 ’1.

1960 5156 2053 5206 tor
2082 5151 2154 5206 ad
2184 5151 2428 5206 donum.
2460 5151 2602 5206 Ecce
2634 5167 2745 5223 qua
2793 5151 3016 5206 ratione
3067 5151 3321 5223 Spiritus
3364 5155 3607 5205 sanctus

1961 5238 2199 5294 relative
2230 5238 2465 5295 dicitur.

2034 5328 2120 5382 15.
2172 5329 2252 5383 Ita
2307 5329 2442 5383 Deus
2497 5330 2680 5399 Pater,
2739 5330 2876 5385 Deus
2932 5329 3130 5399 Filius,
3174 5329 3315 5383 Deus
3368 5326 3609 5396 Spiritus

1958 5420 2199 5471 sanctus.
2226 5422 2376 5471 Deus
2407 5417 2707 5489 proprium
2740 5434 2953 5473 nomen
2977 5416 3280 5473 Trinitatis
3310 5414 3609 5485 pertinens

1959 5505 2032 5559 ad
2064 5508 2294 5560 Patrem
2325 5510 2381 5561 et
2406 5505 2615 5561 Filium
2646 5510 2703 5562 et
2721 5506 3001 5579 Spiritum
3036 5508 3329 5571 sanetum,
3354 5502 3604 5559 transla-
