4002 6206
199 325 354 387 1601

1241 320 1343 382 EX
1356 319 1661 382 POSITIO
1707 317 2049 381 SYMBOLI
2089 317 2568 391 QUICUNQUE.

3457 327 3613 387 1602

198 458 528 517 secundum
578 455 938 513 divinitatem
988 452 1131 509 nihil
1183 453 1403 523 minus,
1435 457 1596 510 extra
1644 468 1851 508 secun-
1882 453 1936 520 Α
1969 451 2047 507 sit
2101 468 2291 508 versis.
2356 453 2535 508 Homo
2613 458 2848 525 propter
2924 456 3340 527 suscipientem
3400 460 3613 527 Deum,

204 548 346 603 dum
384 546 808 602 humanitatem
840 560 1020 616 quam
1071 544 1225 599 Deus
1256 542 1445 609 Pater,
1480 540 1626 597 nihil
1658 540 1855 596 minus

205 644 370 693 extra
399 640 704 708 peccatum
738 649 915 705 quam
948 632 1141 688 homo.

274 726 365 779 29.
417 726 556 779 Deus
607 729 691 779 est
749 738 817 778 ea:
864 721 1168 777 substantia
1229 722 1417 776 Patris
1470 723 1607 774 ante
1651 719 1858 775 saecula

199 815 443 885 genitus,
476 817 527 868 et
559 812 728 867 homo
771 820 852 867 est
880 826 949 865 ex
990 810 1300 864 substantia
1340 809 1541 863 matris
1571 809 1631 863 in
1656 808 1857 862 saeculo

202 906 387 958 natus.
436 901 591 957 Deus
638 904 728 955 est
773 916 838 955 ex
889 898 1223 954 substantia
1268 897 1477 965 Patris,
1529 896 1586 951 id
1626 902 1734 965 est,
1791 911 1860 952 ex

202 991 538 1063 aequalitate
569 994 812 1055 naturae,
837 993 971 1043 ante
993 986 1205 1043 saecula
1227 986 1479 1057 genitus,
1512 985 1569 1039 id
1593 989 1700 1051 est,
1726 990 1860 1040 ante

201 1096 438 1137 omnem
471 1084 796 1133 creaturam
827 1077 980 1132 sicut
1006 1076 1150 1130 dicit
1179 1075 1237 1128 in
1284 1074 1514 1129 Psalmo
1550 1092 1562 1130 :
1597 1075 1681 1129 Ex
1710 1083 1860 1129 utero

198 1172 329 1225 ante
361 1168 654 1237 luciferum
682 1166 848 1236 genui
878 1169 930 1219 te
949 1164 1013 1217 π.
1049 1164 1128 1218 Ex
1160 1168 1345 1232 utero,
1378 1162 1435 1217 id
1467 1167 1578 1231 est,
1632 1179 1701 1217 ex
1732 1177 1862 1216 mea

200 1257 575 1322 substantia;
633 1259 769 1310 ante
819 1253 1148 1318 luciferum,
1185 1251 1241 1305 id
1292 1257 1404 1317 est,
1446 1257 1578 1306 ante
1625 1267 1860 1305 omnem

201 1350 556 1402 creaturam.
618 1345 685 1399 Et
744 1343 900 1397 homo
956 1349 1034 1396 est
1091 1356 1164 1396 ea:
1206 1341 1517 1395 substantia
1563 1341 1759 1395 matris
1803 1340 1865 1395 in

201 1433 406 1492 saeculo
454 1436 638 1501 natus,
669 1431 729 1485 id
779 1434 890 1496 est,
919 1433 1077 1485 totus
1129 1428 1304 1483 homo
1335 1444 1469 1483 cum
1526 1443 1765 1499 corpore
1807 1430 1866 1482 et

207 1523 429 1589 anima,
457 1522 515 1577 in
548 1519 746 1577 omnia
776 1519 945 1574 nobis
977 1517 1211 1581 similis,
1242 1518 1465 1589 absque
1496 1521 1751 1589 peccato.
1784 1516 1865 1571 Ex

210 1610 546 1669 substantia
601 1607 827 1678 matris,
877 1606 933 1662 id
984 1612 1093 1677 est,
1144 1607 1215 1662 de
1262 1605 1595 1677 aqualitate
1642 1611 1863 1660 natura:

211 1700 425 1756 matris
455 1700 513 1753 in
545 1696 758 1753 saeculo
790 1700 986 1766 natus,
1017 1695 1075 1749 id
1106 1699 1213 1761 est,
1259 1694 1318 1749 in
1352 1694 1445 1749 his
1478 1693 1861 1765 temporibus.

210 1788 339 1845 Non
371 1787 607 1843 aliunde
637 1786 749 1842 nisi
781 1785 851 1840 de
873 1784 1097 1839 semine
1126 1783 1391 1838 mulieris
1422 1782 1549 1839 sine
1578 1784 1729 1838 coitu
1756 1781 1862 1837 viri

212 1894 450 1935 carnem
504 1874 782 1947 suscepit.
816 1874 978 1930 Unde
1009 1871 1283 1928 Salomon
1315 1890 1328 1927 :
1360 1872 1652 1944 Sapientia
1679 1869 1865 1940 aediﬁ-

211 1968 359 2022 cavit
413 1965 521 2020 sibi
565 1965 784 2020 domum
809 1964 873 2032 9°,
928 1963 1031 2018 hoc
1077 1967 1185 2031 est,
1246 1960 1553 2016 aediﬁcavit
1597 1960 1864 2015 Christus

213 2055 329 2109 sibi
360 2070 594 2108 carnem
628 2053 699 2107 de
748 2054 917 2107 beata
967 2051 1166 2115 Maria,
1201 2051 1272 2105 de
1320 2066 1436 2121 qua
1467 2048 1684 2122 legitur
1714 2067 1727 2104 :
1762 2050 1867 2117 Qui

211 2145 395 2215 factus
420 2147 493 2198 est
523 2143 576 2197 ei
603 2157 672 2196 ea:
698 2142 906 2196 semine
939 2139 1109 2194 David
1138 2139 1435 2195 secundum
1466 2155 1687 2194 carnem
1704 2140 1767 2192 9".

290 2232 379 2286 30.
438 2232 721 2303 Perfectus
776 2231 939 2298 Deus,
997 2230 1267 2299 perfectus
1324 2227 1499 2296 homo,
1556 2245 1626 2283 ea:
1680 2229 1871 2282 anima

217 2320 495 2375 rationali
551 2323 602 2373 et
679 2318 926 2373 humana
981 2332 1147 2371 carne
1223 2316 1535 2372 subsistens.
1595 2318 1870 2386 Perfectus

218 2412 385 2476 Deus,
420 2409 477 2464 id
509 2413 619 2478 est,
653 2407 882 2479 plenus,
914 2406 1049 2477 quia
1092 2404 1238 2460 nihil
1267 2405 1539 2476 indiguit.
1572 2406 1870 2461 Perfectus

222 2499 423 2566 homo,
463 2497 597 2568 quia
648 2495 795 2551 nihil
844 2494 1040 2550 minus
1086 2493 1292 2549 habuit
1334 2500 1497 2549 extra
1547 2501 1870 2566 peccatum,

224 2603 403 2660 quam
437 2586 633 2642 homo.
678 2586 759 2640 Ex
806 2585 994 2639 anima
1024 2583 1307 2638 rationali.
1358 2583 1629 2639 Christus
1677 2600 1872 2638 veram

224 2676 486 2733 animam
518 2674 726 2729 habuit
772 2674 927 2728 unde
955 2671 1253 2743 Sapientia
1281 2687 1537 2727 crescere
1567 2672 1873 2744 potuisset,

223 2768 379 2822 sicut
425 2765 568 2820 dicit
614 2765 671 2819 in
723 2763 1029 2836 Evangelio
1073 2781 1086 2819 :
1127 2764 1279 2819 Iesus
1335 2767 1519 2817 autem
1559 2764 1879 2833 proﬁciebat

220 2857 497 2927 sapientia
527 2860 580 2910 et
610 2856 768 2910 aetate
787 2853 849 2904 9⁸.
904 2851 1204 2923 Sapientia
1252 2851 1311 2905 in
1357 2851 1575 2919 anima,
1607 2855 1664 2905 et
1712 2854 1878 2905 aatate

222 2945 282 2999 in
343 2960 604 3015 corpore.
683 2946 751 2999 Et
807 2942 1051 2997 humana
1101 2956 1268 2996 carne
1343 2939 1663 2995 subsistens.
1732 2938 1877 3006 Quia

220 3033 446 3088 humus
494 3037 651 3088 terra
698 3032 936 3099 dicitur,
969 3031 1040 3085 de
1083 3030 1452 3085 humanitate
1501 3044 1734 3084 carnem
1784 3045 1877 3084 as-

224 3122 507 3193 sumpsit.

294 3186 386 3265 31:
417 3211 674 3282 {Equalis
718 3210 885 3264 Patri
929 3207 1224 3263 secundum
1272 3206 1649 3272 divinitatem,
1693 3208 1877 3261 minor
1908 3186 1951 3253 (ἶ

222 3301 394 3354 Patre
419 3298 717 3353 secundum
747 3297 1167 3352 humanitatem.
1202 3294 1457 3367 [Equatis
1487 3296 1648 3350 Patri
1682 3312 1875 3350 secun-

223 3390 363 3444 dum
417 3388 765 3442 divinitatem
817 3386 1140 3441 secundum
1198 3384 1343 3439 illud
1396 3400 1410 3439 :
1458 3386 1562 3454 Ego
1608 3388 1658 3439 et
1709 3386 1880 3439 Pater

227 3493 407 3533 unum
430 3492 636 3531 sumus.
670 3476 846 3530 Minor
874 3475 1040 3529 Patre
1065 3474 1363 3529 secundum
1391 3472 1793 3528 humanitatem
1814 3474 1877 3540 9',

221 3567 398 3637 juxta
446 3566 600 3637 quod
652 3563 792 3619 dicit
831 3581 843 3619 :
886 3564 1050 3617 Pater
1095 3563 1273 3630 maior
1322 3577 1408 3616 me
1454 3565 1600 3618 esti.
1654 3563 1717 3615 In
1770 3578 1880 3632 quo

232 3655 410 3710 homo
441 3659 531 3709 est
559 3653 752 3708 minor
781 3669 813 3707 a
842 3651 1162 3707 divinitate.

306 3742 394 3798 32.
424 3742 530 3811 Qui
560 3742 685 3797 licet
716 3742 853 3795 Deus
883 3742 955 3794 sit
982 3749 1032 3795 et
1063 3741 1239 3808 homo,
1271 3756 1379 3795 non
1410 3739 1521 3795 duo
1549 3749 1753 3810 tamen,
1783 3740 1885 3796 sed

231 3848 376 3887 unus
405 3840 480 3887 est
512 3831 773 3885 Christus.
819 3830 950 3884 Ideo
982 3831 1066 3884 sic
1119 3828 1397 3899 conjungi
1440 3826 1623 3883 voluit
1656 3828 1752 3883 Dei
1788 3828 1884 3884 Fi-

231 3921 350 3977 lius
380 3936 513 3974 cum
564 3919 825 3974 humana
865 3922 1092 3987 natura,
1127 3922 1192 3972 ut
1241 3933 1311 3972 ex
1342 3918 1435 3973 his
1482 3918 1713 3973 duabus
1745 3918 1884 3973 sub-

232 4009 469 4066 stantiis
502 4009 663 4063 fieret
694 4023 811 4062 una
845 4023 1111 4078 persona.

306 4099 395 4153 33.
460 4098 605 4155 Unus
660 4102 846 4152 autem
900 4112 1010 4151 non
1064 4096 1417 4150 conversione
1464 4092 1774 4149 divinitatis
1826 4095 1887 4148 in

232 4203 477 4256 carnem,
509 4186 601 4242 sed
649 4188 1026 4257 assumptione
1073 4184 1436 4239 humanitatis
1488 4185 1543 4237 in
1592 4188 1725 4238 Deo.
1760 4182 1885 4237 Non

234 4277 395 4349 quod
426 4275 528 4330 illa
574 4276 850 4329 divinitas
898 4291 1024 4344 quae
1073 4279 1161 4328 est
1194 4272 1373 4327 Filius
1424 4271 1525 4326 Dei
1556 4287 1618 4326 se
1650 4288 1886 4326 conver-

231 4366 408 4420 tisset
444 4365 500 4419 in
535 4364 984 4429 humanitatem,
1016 4367 1079 4417 ut
1124 4362 1280 4433 quod
1311 4366 1434 4416 erat
1462 4360 1746 4426 divinum,
1779 4359 1889 4415 hoc

236 4454 403 4509 ﬂeret
424 4452 785 4517 humanum;
810 4451 909 4506 sed
941 4450 1295 4505 assumendo
1328 4454 1599 4503 naturam
1628 4453 1887 4503 nostram

1966 541 2119 596 Deus
2157 556 2347 607 verus,
2382 542 2536 597 Deus
2590 544 2685 597 Dei
2718 543 2933 614 Filius;
2987 551 3219 617 propter
3271 556 3611 620 susceptum

1966 630 2287 697 hominem,
2331 630 2504 685 homo
2535 648 2725 686 verus.
2759 632 3072 689 Personam
3106 634 3325 707 quippe
3355 636 3483 691 Filii
3510 638 3611 692 Dei

1967 735 2081 774 non
2114 735 2181 774 ex
2214 719 2443 774 duabus
2468 721 2732 791 personis
2765 721 3009 788 unitam,
3032 725 3131 778 sed
3151 740 3219 779 ex
3249 726 3479 782 duabus
3510 744 3614 782 na-

1966 808 2118 863 turis
2148 809 2395 863 existere
2425 810 2741 873 credimus,
2775 811 2845 865 de
2875 812 3105 867 duabus
3156 815 3424 884 personis
3454 831 3615 871 com-

1968 898 2219 968 positam
2254 898 2508 963 credere,
2540 903 2605 952 ut
2636 900 2799 954 nefas
2829 905 3113 956 vetemus.

2039 987 2125 1041 35.
2161 988 2296 1041 Nam
2341 987 2485 1041 sicut
2531 989 2719 1042 anima
2765 991 3063 1043 rationalis
3109 994 3159 1045 et
3188 1007 3312 1046 caro
3362 1008 3505 1048 unus
3535 999 3614 1049 est

1969 1076 2145 1143 homo,
2196 1077 2274 1130 ita
2321 1075 2459 1130 Deus
2507 1085 2558 1130 et
2614 1077 2769 1131 homo
2816 1094 2958 1132 unus
3006 1082 3083 1133 est
3133 1078 3401 1135 Christus.
3452 1081 3615 1137 Sicut

1971 1165 2125 1219 enim
2157 1180 2225 1218 ex
2250 1180 2422 1219 carne
2454 1170 2509 1218 et
2547 1165 2744 1220 anima
2777 1184 2955 1221 unum
3006 1167 3259 1223 dicimus
3290 1168 3610 1235 hominem,

1970 1259 2027 1308 et
2059 1252 2464 1323 unusquisque
2495 1253 2672 1309 habet
2718 1256 2866 1309 duos
2903 1254 3171 1312 homines
3221 1259 3276 1312 in
3313 1275 3394 1326 se,
3428 1277 3613 1316 unum

1971 1342 2284 1408 carnalem,
2300 1342 2480 1397 alium
2500 1343 2885 1414 spiritualem,
2902 1362 3083 1400 unum
3102 1346 3413 1416 visibilem,
3433 1350 3614 1406 alium

1972 1430 2347 1495 invisibilem,
2382 1448 2564 1485 unum
2619 1431 2944 1501 mortalem,
2986 1433 3165 1490 alium
3198 1436 3613 1509 immortalem,

1973 1519 2053 1575 ita
2084 1518 2237 1574 Deus
2268 1526 2321 1574 et
2352 1518 2527 1575 homo
2561 1536 2713 1575 unus
2744 1525 2832 1575 est
2862 1520 3150 1578 Christus.

2043 1609 2132 1662 36.
2183 1608 2291 1675 Qui
2336 1624 2528 1676 passus
2573 1616 2655 1663 est
2698 1625 2800 1677 pro
2845 1609 3026 1665 salute
3074 1618 3280 1680 nostra,
3338 1614 3619 1673 descendit

1972 1698 2041 1752 ad
2071 1698 2300 1766 inferos,
2351 1699 2514 1752 tertia
2559 1697 2647 1752 die
2674 1700 2985 1753 resurrexit
3030 1717 3064 1754 a
3113 1704 3363 1758 mortuis.
3406 1704 3467 1759 In
3501 1723 3617 1777 quo

1974 1785 2233 1858 passus?
2263 1785 2323 1840 in
2374 1801 2489 1857 quo
2537 1786 2861 1854 videbatur,
2906 1788 2965 1842 in
3018 1804 3131 1860 quo
3181 1789 3354 1848 homo
3380 1798 3524 1863 erat,
3558 1794 3620 1850 in

1974 1891 2089 1946 quo
2120 1873 2453 1939 crucifixus,
2504 1873 2562 1927 in
2596 1890 2710 1944 quo
2757 1880 3045 1942 mortuus,
3082 1877 3139 1931 in
3185 1894 3296 1949 quo
3328 1880 3620 1951 sepultus,

1976 1963 2035 2017 in
2067 1980 2180 2033 quo
2232 1962 2568 2016 resurrexit.
2602 1961 2747 2026 Quia
2791 1963 3067 2020 divinitas
3095 1965 3479 2038 iinpassibilis
3509 1976 3618 2038 est,

1977 2054 2073 2107 sed
2126 2052 2183 2104 in
2242 2051 2648 2119 conjunctione
2708 2067 2965 2122 personis
3022 2054 3202 2110 Filius
3251 2056 3350 2111 Dei
3408 2058 3622 2114 dicitur

1978 2156 2208 2212 passus.
2264 2139 2542 2194 Descendit
2587 2138 2657 2193 ad
2706 2142 2930 2210 inferos,
2979 2142 3035 2195 id
3082 2148 3189 2210 est,
3241 2146 3437 2201 anima
3484 2164 3618 2204 cum

1976 2229 2184 2295 Verbo,
2218 2227 2354 2298 quia
2406 2228 2750 2298 priusquam
2799 2228 3139 2287 humanitas
3186 2240 3487 2305 assumpta
3531 2241 3623 2292 est

1979 2334 2013 2372 a
2054 2317 2378 2381 divinitate,
2411 2332 2525 2370 non
2568 2322 2657 2371 est
2708 2324 2975 2388 separata
3023 2336 3055 2373 a
3102 2319 3310 2385 Verbo,
3345 2324 3445 2377 sed
3494 2324 3622 2396 ipsa

1981 2406 2177 2461 anima
2220 2422 2254 2459 a
2282 2420 2521 2476 corpore
2570 2411 2839 2476 separata
2879 2411 2983 2462 est.
3020 2409 3166 2473 Quia
3212 2409 3259 2463 si
3306 2428 3420 2466 non
3468 2418 3624 2469 esset

1981 2500 2267 2567 separata,
2311 2510 2424 2549 non
2473 2499 2670 2566 posset
2720 2495 2887 2551 mori.
2940 2496 3009 2550 Et
3054 2496 3162 2553 iste
3190 2499 3508 2557 descensus
3547 2502 3620 2557 ad

1984 2584 2167 2640 solam
2196 2584 2453 2639 animam
2488 2583 2756 2655 pertinet.
2782 2586 2955 2639 Tertia
2976 2585 3064 2641 die
3093 2591 3392 2643 resurrexit
3423 2607 3462 2645 α
3485 2607 3630 2646 mor-

1985 2675 2116 2743 tuis,
2153 2678 2215 2727 ut
2244 2672 2413 2728 nobis
2463 2671 2794 2744 exemplum
2828 2676 3270 2751 resurrectionis
3302 2680 3634 2735 ostenderet

1985 2762 2136 2818 sicut
2191 2762 2472 2834 propheta
2519 2762 2642 2817 ait:
2686 2764 2809 2817 Post
2856 2764 2995 2820 duos
3042 2764 3158 2821 dies
3204 2768 3487 2822 suscitabit
3534 2784 3632 2825 nos

1987 2857 2036 2908 et
2065 2854 2234 2907 tertia
2262 2851 2351 2906 die
2398 2867 2771 2920 resurgemus,
2803 2858 2857 2907 et
2887 2853 2954 2923 xin
3001 2863 3285 2926 conspectu
3314 2857 3436 2928 ejus
3483 2859 3635 2914 vive-

1986 2957 2106 2997 mus
2139 2942 2177 2995 ³.

2057 3031 2145 3084 37.
2183 3029 2444 3084 Ascendit
2495 3028 2564 3083 ad
2610 3029 2790 3096 catos,
2836 3030 2983 3086 sedet
3028 3031 3097 3086 ad
3144 3032 3427 3089 desieram
3455 3035 3633 3090 omni-

1988 3120 2236 3190 potentis,
2286 3119 2418 3173 inde
2476 3121 2736 3173 venturus
2783 3122 2863 3173 est
2895 3119 3149 3188 judicare
3199 3124 3345 3178 vivos
3391 3133 3443 3177 et
3482 3140 3636 3177 mor-

1990 3214 2132 3263 tuos.
2166 3206 2443 3262 Ascendit
2485 3206 2555 3260 ad
2607 3205 2781 3261 caelos
2811 3207 2939 3277 ipsa
2986 3207 3322 3265 humanitas
3372 3228 3497 3281 quin
3533 3212 3641 3265 fuit

1988 3312 2181 3368 passa.
2232 3294 2384 3349 sicut
2433 3294 2622 3367 angeli
2671 3295 2941 3350 dixerunt
2988 3314 3001 3351 :
3055 3297 3167 3352 Viri
3212 3298 3452 3365 Gulitaei,
3502 3300 3641 3371 quid

1985 3386 2141 3440 statis
2197 3384 2518 3455 aspicientes
2594 3385 2653 3438 in
2707 3385 2968 3438 castum?
3042 3387 3138 3440 Hic
3189 3388 3340 3443 Iesus
3398 3390 3495 3458 qui
3551 3405 3643 3443 as-

1987 3478 2237 3545 sumptus
2283 3477 2362 3527 est
2390 3491 2422 3527 a
2473 3473 2619 3527 vobis
2668 3474 2726 3527 in
2770 3478 2968 3527 caelum
3015 3477 3096 3529 sic
3144 3480 3339 3547 veniet,
3380 3478 3644 3547 quemad-

1989 3562 2207 3618 modum
2271 3561 2483 3616 vidistis
2548 3578 2671 3616 eum
2728 3566 2948 3617 euntem
3016 3565 3072 3618 in
3139 3566 3332 3618 caelum
3385 3567 3427 3617 ³.
3498 3566 3644 3628 Quia

1993 3650 2316 3707 secundum
2344 3650 2708 3706 divinitatem
2741 3651 2813 3705 ad
2847 3650 3070 3705 nullum
3103 3657 3297 3722 potest
3324 3654 3642 3710 ascendere

1990 3740 2208 3809 locum,
2257 3740 2357 3795 sed
2410 3739 2625 3810 ubique
2674 3744 2830 3794 totus
2886 3745 2991 3794 est.
3046 3739 3200 3794 Sedet
3245 3740 3315 3795 ad
3362 3741 3643 3798 dexteram

1992 3831 2090 3885 Dei
2117 3830 2301 3884 Patris
2346 3829 2753 3898 omnipotentis.
2786 3830 3100 3891 .Dexteram
3145 3835 3342 3884 autem
3397 3831 3493 3885 Dei
3526 3847 3641 3885 non

1994 3917 2309 3979 carnalem,
2360 3932 2471 3970 non
2524 3914 2909 3986 corporalem,
2959 3916 3113 3972 sicut
3162 3918 3423 3974 humana
3469 3919 3647 3975 habet

1996 4011 2223 4071 natura,
2255 4005 2351 4059 sed
2381 4004 2437 4057 in
2466 4003 2572 4057 hoc
2603 4020 2704 4075 pro
2726 4003 2910 4076 gloria
2936 4005 3027 4061 Dei
3061 4006 3330 4061 convenit
3359 4007 3642 4079 accipere.

1997 4099 2074 4149 Ac
2107 4092 2155 4148 si
2182 4098 2381 4162 aperte
2411 4092 2567 4147 dicat
2601 4110 2613 4148 :
2650 4099 2856 4163 regnat
2883 4092 2940 4147 in
2981 4093 3164 4165 gloria
3194 4094 3318 4165 Dei,
3360 4101 3417 4151 et
3446 4097 3647 4153 sedere

1999 4199 2099 4254 pro
2132 4198 2375 4253 regnare
2401 4180 2633 4235 dicitur.
2665 4181 2795 4236 Inde
2825 4187 3086 4237 venturus
3112 4193 3192 4238 est
3209 4185 3468 4253 judicare
3498 4188 3647 4241 vivos

1996 4276 2049 4326 et
2078 4280 2340 4326 mortuos.
2382 4269 2674 4325 Venturus
2724 4277 2813 4325 est
2846 4272 2902 4325 in
2950 4273 3153 4327 eadem
3204 4274 3392 4329 forma
3434 4274 3492 4329 in
3528 4291 3646 4345 qua

1997 4359 2329 4427 cruciﬁxus,
2356 4358 2411 4412 in
2446 4375 2563 4429 qua
2586 4364 2872 4426 mortuus,
2908 4360 2966 4414 in
3001 4376 3115 4431 qua
3146 4360 3411 4432 sepultus
3442 4368 3552 4429 est,
3583 4363 3645 4419 in

1998 4465 2115 4521 qua
2146 4447 2480 4513 resurrexit,
2515 4464 2629 4502 non
2679 4447 2737 4502 in
2785 4465 2853 4503 ea
2902 4454 3127 4503 tantum
3181 4448 3545 4506 humanitate
3586 4450 3647 4507 in

235 4542 323 4597 sic
354 4548 441 4597 est
472 4558 624 4596 inus
674 4541 934 4605 effectus,
967 4544 1031 4593 ut
1063 4555 1175 4593 non
1223 4538 1515 4593 amitteret
1544 4537 1698 4608 quod
1743 4541 1887 4607 erat,
1920 4575 1966 4638 Β
2000 4555 2114 4609 qua
2144 4546 2313 4591 antea
2342 4536 2468 4601 fuit,
2498 4536 2599 4591 sed
2622 4537 2679 4590 in
2710 4537 2896 4608 gloria
2916 4542 2973 4592 et
2998 4538 3320 4607 majestate.
3347 4540 3414 4594 Et
3437 4541 3564 4595 ideo
3586 4540 3646 4596 in

237 4632 341 4685 sed
376 4634 705 4686 assumeret
733 4630 885 4701 quod
922 4644 1035 4682 non
1069 4633 1215 4682 erat.
1249 4626 1585 4696 Assumpsit
1616 4626 1888 4681 humani-

234 4725 445 4783 tatem,
476 4725 532 4774 et
566 4735 679 4774 non
713 4718 910 4773 amisit
940 4717 1326 4771 divinitatem.

313 4810 399 4863 34.
438 4809 583 4865 Unus
622 4810 846 4863 omnino
891 4822 998 4861 non
1047 4806 1369 4876 confusione
1416 4805 1768 4870 substantiae,
1798 4802 1891 4858 sed

238 4900 461 4953 unitate
488 4911 755 4968 personw.
803 4896 927 4951 Non
962 4897 1015 4950 in
1066 4912 1131 4949 eo
1165 4901 1386 4948 natura
1419 4892 1748 4947 commistio
1780 4897 1889 4957 est,

240 4993 308 5045 ut
337 4987 419 5043 vel
455 4986 727 5040 divinitas
752 4989 1076 5039 mutaretur
1098 4984 1155 5037 in
1189 4988 1459 5037 naturam
1483 4981 1889 5049 humanitatis,

238 5076 328 5131 vel
353 5076 691 5130 humanitas
718 5076 1147 5128 converteretur
1166 5071 1223 5124 in
1248 5075 1519 5125 naturam
1543 5068 1891 5137 divinitatis,

239 5166 340 5221 sed
367 5163 597 5235 utrique
619 5167 838 5217 naturae
864 5165 1059 5215 manet
1082 5159 1406 5231 proprietas
1427 5159 1484 5212 in
1519 5163 1889 5231 perpetuum.

239 5254 429 5309 Tanta
461 5259 657 5308 tamen
706 5251 1041 5321 conjunctio
1090 5254 1179 5303 est
1230 5252 1595 5311 naturarum,
1628 5252 1691 5301 ut
1735 5246 1891 5300 idem

237 5344 343 5414 qui
397 5341 745 5397 seternaliter
793 5356 863 5395 ex
910 5339 1025 5394 Deo
1075 5338 1244 5393 Patre
1290 5337 1526 5409 genitus
1575 5341 1683 5407 est,
1716 5335 1891 5391 homo

317 5574 362 5610 95
392 5572 545 5630 Psal.
577 5588 691 5639 cxx,
721 5571 779 5629 4.

243 5661 326 5717 v1,
354 5646 408 5702 3.
485 5644 508 5682 ³
535 5645 662 5702 Act.
693 5658 734 5714 ι,
765 5642 856 5701 Η.

861 5570 907 5607 ⁵⁸
935 5573 1103 5628 Prov.
1135 5584 1212 5641 ix,
1245 5566 1298 5625 1.
1373 5567 1417 5603 ⁸⁷
1442 5566 1611 5624 Rom.
1643 5580 1683 5635 ι,
1714 5564 1771 5624 3.
1846 5564 1874 5602 α

1990 5579 2061 5621 ιο.
2090 5580 2155 5632 n,
2183 5564 2274 5621 52.
2348 5564 2395 5601 θ’
2424 5564 2591 5622 Joan.
2640 5582 2696 5638 x,
2727 5566 2817 5624 30.

1999 4626 2202 4681 eadem
2228 4628 2432 4690 forma,
2460 4630 2522 4679 ut
2550 4624 2742 4680 videat
2768 4627 3014 4680 Herodes
3037 4632 3094 4680 et
3114 4626 3337 4682 Pilatus
3360 4645 3531 4699 quem
3550 4631 3650 4699 ju-

1999 4716 2359 4776 dicaverunt,
2394 4719 2449 4768 et
2478 4713 2709 4769 videant
2739 4713 2918 4769 Judaei
2952 4731 3125 4785 quem
3160 4717 3551 4783 tradiderunt,
3586 4722 3649 4773 ut

2000 4804 2235 4858 videant
2262 4801 2477 4858 milites
2509 4818 2679 4871 quem
2713 4803 3150 4872 cruciﬁxerunt,
3176 4810 3238 4859 ut
3267 4804 3504 4861 videant
3537 4807 3648 4863 im-

2000 4891 2080 4963 pii
2112 4907 2286 4961 quem
2341 4895 2715 4962 negaverunt.
2773 4893 2955 4961 Vivos,
3007 4908 3154 4963 quos
3206 4894 3335 4963 ejus
3365 4895 3651 4951 adventus

2001 4981 2287 5035 invenerit
2317 4980 2372 5033 in
2405 4996 2644 5050 corpore
2689 4981 2965 5035 viventes.
3000 4986 3271 5049 Mortuos,
3302 4984 3398 5053 qui
3435 4985 3647 5039 mortui

2000 5074 2170 5124 erunt
2218 5069 2289 5122 ab
2339 5068 2505 5122 initio
2542 5085 2726 5138 usque
2778 5069 2835 5123 in
2881 5069 3050 5124 illum
3100 5072 3277 5126 diem.
3326 5071 3427 5127 Vel
3461 5073 3644 5126 aliter.

2000 5157 2197 5221 Vivos,
2229 5156 2285 5210 id
2319 5160 2426 5227 est,
2455 5161 2728 5224 sanctos;
2763 5161 3049 5223 mortuos,
3082 5158 3139 5214 id
3172 5165 3281 5227 est,
3316 5164 3647 5231 peccatores

2001 5261 2134 5300 cum
2170 5245 2573 5315 peccatoribus
2604 5247 2729 5301 suis
2760 5246 2869 5317 [sic
2899 5247 3120 5317 codex].

2071 5334 2219 5389 667
2247 5333 2336 5388 38.
2367 5332 2447 5388 Ad
2476 5334 2633 5405 cujus
2654 5335 2953 5391 adventum
2977 5351 3158 5391 omnes
3187 5334 3430 5390 homines
3460 5351 3648 5391 resur-

2897 5567 2915 5602 ι
2947 5564 3115 5621 Joan.
3145 5581 3262 5633 xiv,
3292 5565 3384 5621 28.
3462 5565 3483 5601 ³
3512 5565 3649 5627 Ose.
