4002 6206
468 360 626 422 1603

1625 354 1694 415 8.
1738 349 2260 414 ATHANASIUS.
2297 382 2374 395 —
2403 347 2715 413 SPURIA.

3670 355 3778 415 16οί
3868 91 3912 449 Ι

466 508 603 561 gere
632 492 831 546 habent
857 506 982 544 cum
1010 488 1322 559 corporibus
1351 488 1483 552 suis,
1517 494 1569 540 et
1597 484 1867 541 reddituri
1893 488 2023 538 sunt
2050 483 2115 537 de
2144 485 2195 549 Α
2229 498 2398 552 paena
2429 479 2659 549 inferni,
2679 484 2735 534 et
2755 478 2881 534 sine
2904 478 3024 533 ulla
3048 478 3439 533 misericordia
3467 496 3587 535 cum
3606 498 3778 555 corpore

466 583 642 653 faelis
653 581 896 654 propriis
917 580 1209 633 rationem.
1236 577 1295 630 In
1313 577 1563 630 adventu
1576 574 1787 629 Christi
1806 573 2115 644 unusquis-

470 686 605 743 que,
637 670 756 725 sive
796 667 964 739 justi,
997 668 1115 722 sive
1167 674 1498 737 peccatores
1545 678 1847 734 resurgere
1900 662 2115 716 habent

467 776 601 815 cum
634 756 979 828 corporibus
1012 755 1157 820 suis,
1191 758 1250 807 et
1280 753 1515 807 reddere
1546 752 1616 806 de
1660 750 1830 806 factis
1862 749 2114 822 propriis

467 848 775 903 rationem.
810 844 1031 899 Reddet
1073 848 1265 897 autem
1302 841 1584 895 rationem
1617 856 1730 894 non
1766 837 1957 893 fabula
1988 854 2111 892 ver.

468 937 698 999 borum,
733 933 833 987 sed
887 930 1285 986 recordatione
1331 928 1595 983 omnium
1629 944 1755 997 qua
1806 927 1959 993 fecit,
1993 926 2114 982 sive

468 1025 713 1091 bonum,
746 1021 866 1076 sive
899 1019 1140 1075 malum.
1182 1020 1249 1073 Et
1297 1017 1621 1072 secundum
1655 1016 1761 1071 hoc
1796 1014 2111 1087 unusquis-

467 1128 581 1183 que
610 1110 866 1181 recipere
895 1109 1088 1174 debet,
1122 1106 1256 1162 boni
1288 1108 1460 1171 bona,
1494 1104 1629 1159 mali
1662 1104 1835 1159 mala.

537 1200 627 1254 39.
660 1200 725 1254 Et
756 1198 850 1269 qui
897 1197 1036 1251 bona
1063 1199 1290 1266 egerunt
1335 1195 1489 1249 ibunt
1519 1196 1581 1249 in
1610 1195 1780 1249 vitam
1820 1202 2112 1257 aeternam,

466 1289 563 1360 qui
588 1302 715 1343 vero
741 1287 892 1340 mala
945 1287 999 1339 in
1052 1286 1233 1354 ignem
1262 1288 1550 1338 aeternum.
1603 1284 1666 1337 Et
1711 1299 1806 1353 qui
1838 1283 1974 1338 bona
2001 1298 2114 1352 ege-

463 1378 778 1447 runt,ibunt
797 1377 858 1429 in
877 1377 1050 1429 vitam
1067 1379 1360 1429 aeternam.
1373 1377 1435 1426 In
1447 1372 1624 1426 vitam
1649 1376 1925 1426 sternam
1942 1376 2117 1427 erunt

465 1465 602 1525 boni
652 1466 779 1521 sine
810 1464 926 1519 ﬁne
956 1463 1014 1516 in
1062 1460 1247 1534 gloria
1286 1460 1606 1533 regnaturi.
1660 1460 1766 1527 Qui
1793 1475 1917 1516 vero
1963 1460 2121 1516 maia

463 1571 522 1610 in
554 1554 735 1625 ignem
764 1557 1055 1609 aeternum.
1080 1550 1227 1617 Quia
1251 1565 1484 1621 semper
1511 1549 1623 1605 erit
1652 1548 1829 1605 malis
1851 1549 1979 1604 sine
2002 1550 2115 1604 ﬁne

2221 575 2279 625 et
2306 571 2509 624 anima
2558 587 2671 647 non
2720 568 3149 640 consumpturi,
3177 570 3275 623 sed
3310 585 3533 639 semper
3558 574 3725 635 arsuri.
3746 584 3781 628 et

2223 675 2527 730 nunquam
2560 659 2853 713 deﬁcient.

2293 837 2383 891 40.
2444 838 2569 893 Haec
2626 843 2705 891 est
2758 835 2890 906 ﬁdes
2933 835 3228 898 catholica,
3276 852 3437 905 quam
3482 838 3583 890 nisi
3618 840 3784 907 quisque

2220 925 2458 995 ﬁdeliter
2503 926 2847 995 ﬁrmiterque
2894 923 3209 987 crediderit,
3260 924 3441 976 saluus
3485 939 3588 977 esse
3616 942 3705 977 non
3726 943 3785 993 pn-

2223 1016 2367 1077 terit.
2402 1013 2555 1069 sicut
2585 1014 2857 1084 superius
2909 1012 3185 1067 diximus.
3221 1012 3336 1065 lsta
3364 1018 3450 1065 est
3490 1014 3617 1066 tides
3642 1014 3785 1068 catho-

2220 1102 2352 1158 lica.
2378 1103 2479 1157 Hic
2511 1108 2675 1173 rogat
2703 1108 2761 1157 et
2784 1103 3061 1157 admonet
3084 1106 3148 1155 ut
3170 1101 3563 1172 unusquisque
3580 1104 3784 1157 sacerdos

2222 1192 2332 1248 hoc
2362 1192 2511 1247 sciat
2555 1196 2613 1246 et
2660 1191 2950 1263 pradicet.
2982 1195 3181 1259 Quam,
3212 1190 3271 1244 id
3319 1194 3425 1253 est,
3457 1207 3613 1260 quam
3642 1192 3786 1255 ﬁdem,

2220 1282 2339 1336 nisi
2365 1282 2612 1353 quisque,
2644 1280 2703 1335 id
2734 1285 2845 1343 est,
2870 1279 3291 1351 unusquisque,
3324 1280 3563 1348 ﬁdeliter,
3591 1284 3643 1333 ut
3667 1280 3721 1334 de
3742 1297 3787 1335 es

2224 1388 2337 1427 non
2371 1370 2617 1435 dubitet,
2643 1370 2986 1440 ﬁrmiter-que
3013 1367 3331 1432 crediderit,
3364 1373 3429 1423 ut
3472 1366 3642 1422 nullus
3667 1384 3693 1421 ι
3715 1385 3789 1422 sua

2224 1460 2339 1515 ﬁde
2370 1459 2653 1515 removeri
2687 1457 2891 1530 possit,
2925 1456 3127 1512 nullus
3179 1456 3492 1512 schismate
3520 1456 3594 1511 vel
3619 1455 3784 1512 heres.

2228 1550 2297 1604 Et
2326 1548 2415 1605 ita
2437 1564 2554 1604 non
2587 1547 2914 1613 crediderit,
2945 1546 3129 1601 salvus
3159 1562 3273 1601 esse
3302 1561 3410 1601 non
3437 1548 3631 1618 poterit.

1623 1693 1864 1765 Explicit
1892 1693 2170 1748 Tractatus
2194 1691 2260 1748 de
2285 1692 2392 1763 ﬁde
2418 1691 2715 1753 catholica.

1985 1979 2352 2036 MONITUM.

467 2109 807 2184 Opuscutum
838 2114 910 2166 De
939 2108 1222 2166 Trinitate
1251 2109 1441 2180 prodit
1468 2123 1537 2163 ex
1563 2123 1665 2162 ms.
1714 2107 1874 2179 Regio
1917 2106 2078 2172 2358,
2109 2107 2442 2184 videturque
2486 2109 2855 2179 conscriptum
2898 2115 3017 2176 post
3047 2105 3524 2163 Chalcedonensem
3548 2105 3787 2174 synodum;

1751 2195 1854 2249 quo
1884 2187 2062 2233 autem
2092 2192 2230 2245 avo,
2263 2180 2571 2249 ignoratur.

672 2433 970 2492 EIUSDEM
998 2432 1391 2505 (ATHANASII)
1428 2432 1515 2487 os
1554 2431 1909 2487 rnmmrs.

535 2555 723 2612 Unam
755 2546 884 2611 esse
916 2560 1186 2611 naturam
1234 2554 1564 2611 existimate
1596 2555 1785 2610 Patris
1816 2560 1875 2610 et
1904 2554 2031 2609 Filii
2061 2558 2117 2610 et

464 2644 718 2715 Spiritus
749 2644 958 2712 sancti,
990 2648 1048 2699 et
1095 2644 1271 2699 hasce
1300 2648 1418 2699 tres
1458 2643 1826 2715 bypostases,
1859 2644 2113 2709 Patrem,

466 2731 683 2789 Filium
730 2737 789 2788 et
833 2731 1116 2803 Spiritum
1166 2736 1456 2800 sanctum,
1512 2732 2008 2803 quemadmodum
2060 2735 2117 2787 et

464 2820 742 2892 haptizati
774 2837 1003 2876 sumus.
1051 2820 1197 2876 Nam
1228 2829 1437 2886 euntes,
1472 2819 1687 2893 inquit,
1718 2820 1899 2876 docete
1927 2837 2115 2876 omnes

464 2914 649 2978 gentes
678 2909 1018 2981 baptizantes
1064 2925 1157 2965 eos
1204 2911 1262 2963 in
1311 2910 1537 2963 nomine
1584 2910 1767 2964 Patris
1813 2914 1863 2964 et
1892 2911 2028 2964 Filii
2063 2919 2116 2965 et

465 2997 709 3070 Spiritus
728 3000 962 3054 sancti‘.
993 2999 1171 3054 Unam
1196 2997 1423 3067 quidem
1446 3002 1736 3065 naturam,
1761 2998 1900 3068 quia
1920 2997 2114 3068 plures

464 3088 757 3144 celebrare
792 3092 849 3141 et
896 3088 952 3141 in
984 3086 1201 3141 multos
1250 3087 1387 3141 deos
1436 3086 1711 3156 dividere,
1744 3086 2113 3142 ethnicorum

463 3180 594 3230 est:
637 3182 755 3230 tres
790 3180 983 3230 autem
1036 3176 1396 3246 hypostases,
1432 3174 1550 3229 sive
1597 3191 1915 3246 personas;
1950 3181 2013 3229 ut
2045 3191 2114 3230 ne

463 3263 659 3318 locum
693 3264 901 3318 habeat
946 3264 1278 3318 Judmorum
1332 3264 1641 3333 sententia,
1674 3268 1729 3319 et
1776 3280 1844 3318 ne
1890 3265 2113 3336 absque

466 3352 629 3423 prole
676 3357 735 3405 et
785 3353 1007 3422 absque
1056 3352 1239 3406 Verbo
1288 3352 1366 3407 sit
1417 3352 1627 3407 Pater:
1665 3354 1748 3407 Ex
1794 3370 1901 3423 quo
1933 3354 2115 3409 omnis

456 3442 771 3512 paternitas
790 3441 829 3494 ⁵.
867 3439 930 3494 Et
960 3439 1214 3495 Verbum
1265 3446 1463 3495 nostro
1512 3441 1685 3495 verbo
1728 3440 2110 3513 indigentius,

464 3529 513 3583 si
548 3546 663 3583 non
695 3529 907 3584 habeat
952 3527 1256 3599 Spiritum.
1305 3528 1371 3582 Et
1401 3534 1463 3582 ut
1511 3529 1827 3599 perfectum
1881 3530 2022 3583 illud
2054 3529 2110 3584 in

464 3617 658 3672 tribus
690 3618 765 3672 sit
797 3616 1067 3689 perfectis
1100 3615 1554 3689 phypostasibus.
1606 3620 1750 3670 Nam
1774 3617 1943 3687 juxta
1974 3618 2115 3673 ima-

464 3707 663 3778 ginem
698 3709 827 3777 ejus
876 3706 975 3777 qui
1024 3705 1083 3759 in
1117 3704 1288 3759 nobis
1334 3710 1425 3759 est
1472 3704 1824 3775 intellectus,
1859 3707 2013 3761 verbi
2048 3724 2113 3762 ac

2145 2433 2193 2497 Β

2614 2435 2739 2485 ΤΟΥ
2776 2432 2993 2487 ΑΥΤΟΥ
3042 2430 3481 2504 (ΑΘΑΝΑΣΙΟΥ)

2296 2553 2437 2611 Μίαν
2494 2553 2649 2632 φύσιν
2710 2551 2894 2627 δόξατε
2954 2555 3162 2629 Πατρὸς
3230 2553 3322 2607 καὶ
3382 2554 3502 2608 Υίοῦ
3551 2572 3624 2606 χαι
3671 2550 3787 2623 ἁγίου

2224 2643 2537 2715 Πνεῦματος
2585 2643 2684 2711 τὴν
2738 2642 2985 2712 θεότητα,
3020 2643 3109 2697 καὶ
3158 2648 3309 2717 τρεῖς
3356 2642 3541 2703 ταύτας
3580 2642 3657 2701 τὰς
3689 2640 3785 2693 ὑπο-

2224 2729 2455 2798 στάσεις,
2491 2731 2719 2800 ΙΙατὲρα,
2755 2731 2901 2799 Υἱὸν,
2931 2730 3021 2785 καὶ
3076 2736 3299 2804 Πνεῦμα
3350 2734 3512 2805 ἅγιον,
3554 2731 3699 2792 καθὼς
3727 2728 3786 2781 κεῖ

2228 2813 2631 2895 βεϐαπτίσμεθα
2665 2865 2677 2876 .
2740 2819 3096 2895 Πορευθέντες
3153 2821 3256 2895 γὰρ
3295 2863 3311 2887 ,
3370 2820 3530 2897 φησὶ,
3584 2817 3785 2890 μαθητεῶ

2225 2928 2349 2962 σατε
2425 2907 2597 2962 πάντα
2650 2908 2716 2963 τὰ
2774 2907 2895 2978 ἔθνη
2927 2954 2939 2976 ,
3007 2908 3357 2982 βαπτίζοντες
3414 2908 3589 2968 αὐτοὺς
3647 2907 3703 2966 εἷς
3746 2906 3786 2957 τὸ

2225 2991 2399 3068 ὄνομα
2468 3001 2564 3050 τοῦ
2644 2998 2861 3070 Ιῐατρὸς
2916 2997 3004 3050 καὶ
3080 3002 3177 3051 τοῦ
3234 2999 3365 3052 Υίοῦ
3421 2998 3501 3051 καὶ
3553 3000 3633 3050 τοῦ
3675 2994 3783 3067 ἁγίου

2225 3083 2565 3156 ΙΙνεόματος.
2628 3084 2762 3140 Μίαν
2800 3085 2894 3157 μὶν
2945 3085 3122 3162 φύσιν,
3156 3085 3241 3140 ὅτι
3284 3088 3349 3141 τὸ
3379 3085 3583 3144 πλείους
3611 3081 3782 3152 δοξάζειν

2223 3174 2313 3227 καὶ
2345 3173 2693 3246 κατατέμνειν
2724 3174 2798 3235 εἷς
2827 3171 3072 3235 πολλοὺς
3117 3174 3270 3238 θεοὺς
3319 3176 3415 3243 τήν
3466 3174 3577 3246 μίαν
3618 3171 3784 3237 ϐιότητα

2222 3266 2329 3315 τῶν
2359 3260 2638 3334 Ἐλλήνων
2667 3262 2796 3317 ἐστί·
2832 3268 2979 3338 τρεῖς
3032 3260 3088 3317 δὲ
3137 3263 3474 3333 ὑποστάσεις,
3503 3262 3643 3330 ἥτουν
3670 3261 3785 3332 n96:-

2224 3348 2484 3418 ωπα,⁹ίνα
2518 3352 2593 3423 μὴ
2629 3354 2737 3427 σχῇ
2789 3352 2976 3427 χώραν
3026 3356 3131 3405 τῶν
3188 3350 3461 3406 Ἰουδαίων
3509 3354 3539 3419 ἡ
3585 3346 3783 3418 δόξα,καῖ

2216 3436 2309 3492 ’ίνα
2363 3440 2436 3511 μή
2498 3438 2690 3514 ἄγονος
2814 3440 2903 3494 καὶ
2961 3438 3162 3514 ἄλογος
3193 3442 3220 3495 ὁ
3251 3443 3465 3515 Πατὴρ,
3520 3439 3565 3509 ἐξ
3607 3436 3655 3491 οὗ
3686 3442 3782 3489 ain

2221 3528 2440 3602 πατριά·
2472 3527 2561 3581 καὶ
2595 3529 2622 3581 ὂ
2650 3528 2822 3603 Λόγος
2868 3532 2964 3583 τοῦ
2996 3530 3265 3604 ἡμετέρου
3300 3527 3468 3605 λόγου
3506 3525 3783 3598 ἐνδεέστερος,

2281 3617 2294 3632 .
2338 3614 2361 3634 ν
2645 3621 2671 3630 -
2766 3635 2775 3647 ,
2883 3615 2897 3635 κ
2937 3615 2961 3637 ρ,
3116 3618 3129 3635 ,
3676 3616 3687 3631 κ
3726 3634 3782 3651 ,⁸

2228 3637 2303 3688 μη
2336 3636 2478 3690 εχων
2532 3623 2758 3688 Ιινευμα
2808 3638 2898 3670 και
2948 3638 3025 3670 ινα
3075 3638 3137 3671 το
3184 3615 3394 3672 τέλειον
3425 3617 3533 3689 ῇὶν
3574 3635 3688 3689 τριςι
3733 3632 3763 3664 ,ε

2223 3703 2397 3764 λείαις
2442 3710 2561 3766 ταῖς
2620 3704 2961 3762 ὑποστάσεσι.
3007 3705 3105 3759 Καὶ
3154 3707 3257 3780 γὰρ
3306 3710 3404 3775 τὴν
3453 3704 3611 3759 εἰκόνα
3646 3704 3719 3755 τοῦ
3749 3698 3779 3751 ἓν

464 3796 735 3867 spiritus,
770 3795 847 3849 ita
876 3799 965 3851 est
998 3798 1182 3862 Pater,
1220 3792 1398 3848 Filius
1420 3799 1477 3847 et
1508 3793 1781 3864 Spiritus.
1826 3795 2109 3865 Spiritum

2226 3795 2357 3865 ἡμῖν
2389 3798 2506 3859 νοῦ,
2539 3792 2708 3868 λόγου
2757 3815 2812 3848 τε
2860 3793 2947 3847 καὶ
2999 3795 3324 3867 πνεύματος,
3360 3796 3558 3868 Ιιατήρ,
3584 3791 3655 3845 καὶ
3680 3788 3782 3853 Υἱὸς,

463 3901 637 3957 porro
667 3900 801 3939 cum
834 3885 1025 3950 audis,
1059 3887 1327 3939 sanctum
1370 3888 1429 3937 et
1481 3882 1911 3954 hypostaticum
1944 3884 2113 3938 intel-

464 3972 601 4045 lige.
638 3978 748 4028 Nos
792 3972 1028 4043 quidem
1062 3970 1469 4043 corruptibiles
1521 3988 1750 4041 sumus,
1785 3978 1841 4026 et
1871 3972 2117 4043 spiritus

466 4061 715 4118 solvitur
758 4063 815 4128 (a
852 4061 1133 4132 corpore).
1189 4060 1328 4130 Ejus
1376 4065 1569 4114 autem
1622 4060 1719 4131 qui
1770 4060 2119 4118 immortalis

466 4156 581 4219 est,
606 4148 775 4221 plane
798 4148 1147 4204 immortalis
1167 4154 1257 4203 est
1279 4148 1556 4220 Spiritus,
1572 4154 1769 4220 utpote
1788 4151 2120 4206 substantia

467 4240 731 4311 quaedam
786 4237 1171 4310 hypostatica.
1206 4240 1332 4291 Una
1361 4236 1541 4308 igitur
1588 4243 1677 4294 est
1724 4238 1902 4293 trium
1938 4239 2121 4312 hypo-

466 4330 714 4383 stasium
777 4333 1014 4394 natura,
1063 4342 1180 4382 una
1237 4325 1445 4394 deitas,
1494 4344 1610 4381 una
1656 4325 1946 4394 voluntas,
2007 4345 2122 4383 una

465 4416 741 4488 operandi
776 4415 884 4480 vis,
920 4432 1035 4470 una
1082 4414 1364 4486 potentia,
1400 4431 1581 4468 unum
1631 4414 1936 4485 placitum,
1969 4433 2123 4471 unus

467 4509 685 4571 motus,
733 4521 889 4559 unus
939 4503 1219 4575 splendor
1265 4518 1333 4558 ex
1381 4502 1573 4557 tribus
1620 4503 1918 4559 exsiliens.
1970 4504 2125 4561 Deus

468 4592 651 4658 Pater,
715 4598 862 4647 Deus
919 4592 1123 4658 Filius,
1179 4592 1328 4646 Deus
1377 4590 1634 4662 Spiritus
1682 4597 1947 4657 sanctus,
2002 4593 2122 4649 haec

464 4680 583 4736 tria
609 4697 781 4735 unus.
816 4680 968 4735 Deus
1014 4681 1302 4751 perfectus
1351 4679 1538 4747 Pater,
1575 4680 1865 4750 perfectus
1916 4681 2119 4751 Filius,

468 4768 764 4840 perfectus
792 4768 1048 4837 Spiritus
1070 4774 1312 4822 sanctus
1345 4785 1357 4823 :
1390 4769 1654 4835 ejusdem
1689 4768 1948 4835 honoris,
1971 4770 2123 4840 ejus-

468 4858 602 4912 dem
652 4858 982 4928 potestatis.
1035 4856 1142 4921 Qui
1194 4872 1286 4911 res
1333 4872 1537 4911 omnes
1586 4863 1876 4922 crearunt,
1910 4874 2124 4929 easque

466 4945 767 5000 continent
797 4950 855 4999 et
877 4950 1101 4999 curant.
1130 4945 1201 4999 lis
1230 4945 1421 4998 tribus
1444 4946 1640 4999 omnis
1675 4945 1969 5014 similiter,
1999 4947 2124 5002 sine

466 5032 884 5104 discrepantia,
918 5033 1123 5086 eadem
1156 5032 1378 5087 ratione
1408 5033 1784 5102 conveniunt,
1818 5036 1937 5089 sive
1964 5035 2121 5105 quod

465 5138 620 5192 esse,
653 5122 773 5176 sive
806 5120 958 5191 quod
1011 5137 1127 5174 non
1177 5136 1307 5175 esse
1348 5125 1593 5191 spectat,
1626 5124 1746 5177 sive
1790 5125 1980 5195 quoad
2027 5141 2121 5179 ra-

461 5213 684 5268 tionem
714 5226 833 5283 qua
864 5226 927 5265 se
971 5208 1193 5263 habent
1241 5225 1381 5281 erga
1427 5215 1745 5273 creaturas,
1780 5211 1900 5267 sive
1932 5214 2121 5284 quoad

463 5301 887 5373 operationem,
937 5299 1058 5354 sive
1113 5298 1303 5367 quoad
1361 5298 1700 5368 potentiam,
1764 5301 1883 5357 sive
1933 5302 2124 5373 quoad

2224 3881 2313 3935 καὶ
2366 3886 2603 3954 Πνεῦμα.
2660 3886 2880 3954 Πνεῦμα
2929 3879 2986 3936 δὲ
3032 3882 3266 3952 ἀκούων,
3312 3886 3459 3957 ἅγιον
3507 3880 3781 3936 {vende—.1117:

2226 3970 2359 4026 νόει.
2392 3971 2575 4043 ὐμῶν
2613 3971 2708 4037 μὲν
2760 3972 3003 4047 φθαρτῶν
3062 3967 3250 4039 ὄντων,
3282 3972 3373 4025 καὶ
3403 3972 3463 4025 τὸ
3504 3973 3678 4039 πνεῦμα
3703 3962 3785 4017 Λυθ-

2232 4077 2422 4132 μενοι·
2472 4063 2568 4113 τοῦ
2620 4056 2677 4113 δὲ
2723 4059 2988 4122 ἀθανάτου
3036 4060 3247 4121 πάντως
3302 4062 3365 4115 τὸ
3417 4063 3607 4130 πνεῦμα
3647 4053 3781 4107 illidu-

2226 4167 2337 4218 τον,
2398 4147 2470 4207 ὡς
2529 4145 2682 4200 οὐσία
2736 4168 2819 4208 τις
2876 4146 3253 4209 ἔνυπόστατος.
3316 4147 3422 4203 Μία
3469 4146 3550 4201 οὖν
3591 4145 3678 4199 ἐστι
3713 4143 3782 4192 τῶν

2226 4240 2393 4309 τριῶν
2422 4234 2759 4291 ὑποστάσεων
2792 4236 2970 4313 φύσις,
3002 4238 3036 4305 ἡ
3071 4237 3281 4307 θεότης,
3335 4238 3423 4291 καὶ
3472 4236 3582 4308 μίαν
3609 4230 3784 4298 θὲλησιε,

2229 4324 2317 4379 καὶ
2368 4323 2465 4396 μία
2514 4325 2771 4400 ἰνᾶργεια,
2820 4325 2916 4397 μία
2973 4322 3221 4397 δύναμις,
3277 4326 3333 4380 ἓν
3395 4324 3628 4401 βούλημὰ
3664 4313 3783 4373 τικιῖ

2229 4412 2456 4486 κίνημα,
2512 4413 2600 4468 καὶ
2660 4412 2870 4486 ἔξαλμα
2924 4421 3023 4482 τῆς
3080 4412 3471 4489 λαμπρότητος
3516 4417 3608 4466 τῶν
3653 4409 3783 4479 τριῶν.

2230 4501 2359 4564 Θεὸς
2393 4504 2421 4557 ὁ
2455 4505 2667 4577 Πατήρ,
2718 4504 2847 4564 Θεὸς
2879 4504 2907 4557 ὁ
2940 4503 3085 4573 Υἱὸς,
3118 4503 3248 4564 Θεὸς
3295 4505 3359 4558 τὸ
3410 4506 3626 4572 Πνεῦμα,
3666 4498 3722 4555 εἷς
3744 4491 3785 4545 τί

2228 4591 2373 4666 τρία*
2408 4592 2537 4653 Θεὸς
2567 4590 2777 4652 τέλειος
2809 4592 2837 4645 ὁ
2885 4593 3100 4665 Πατὴρ,
3154 4590 3363 4654 τέλειος
3414 4593 3441 4646 ὁ
3482 4591 3606 4653 Υἱὸς,
3639 4584 3785 4638 tiles:

2229 4682 2291 4735 τὸ
2324 4684 2547 4752 Πνεῦμα
2591 4680 2654 4734 τὸ
2704 4680 2897 4754 ἅγιον·
2950 4687 3048 4749 τῆς
3099 4680 3267 4749 αὐτῆς
3319 4687 3504 4753 τιμῆς,
3551 4683 3635 4744 τῆς
3673 4670 3786 4733 mhi:

2232 4769 2492 4840 ἰξουσίας.
2544 4769 2860 4844 Δημιουργὰ
2904 4774 3012 4823 τῶν
3062 4765 3230 4823 ὅντων
3278 4772 3554 4833 ἁπάντων,
3596 4763 3667 4818 καὶ
3704 4780 3785 4812 συν·

2232 4854 2453 4928 εκτικὰ,
2500 4858 2588 4911 καὶ
2635 4856 3010 4931 προνοητικὰ,
3062 4858 3269 4931 ὁμοίως
3319 4860 3482 4912 πάντα
3525 4859 3625 4911 τοῖς
3668 4846 3780 4922 τρττῗν

2230 4946 2320 5000 καὶ
2383 4944 2815 5021 ἀπαραλλάκτως
2864 4946 2953 5000 καὶ
2998 4952 3229 5019 ταυτῶς,
3276 4946 3372 5001 ὅσα
3426 4949 3514 5000 τοῦ
3558 4942 3683 5005 εἶναι,
3726 4932 3782 5021 ιιι,ἱ

2233 5034 2330 5088 ὅσα
2360 5038 2455 5088 τοῦ
2484 5054 2535 5088 τι
2590 5035 2665 5105 μὴ
2718 5034 2876 5101 εἶναι,
2925 5034 3013 5088 καὶ
3056 5034 3157 5089 ὅσα
3201 5040 3297 5088 τοῦ
3340 5039 3450 5094 πῶς
3481 5031 3580 5107 ἔχει
3618 5026 3720 5098 πρὸς
3742 5039 3779 5069 τι

2233 5123 2439 5191 κτιστὰ,
2497 5121 2585 5176 καὶ
2646 5122 2743 5176 ὅσα
2799 5129 2897 5191 τῆς
2955 5122 3241 5198 ἐνεργείας,
3297 5123 3381 5177 καὶ
3437 5123 3524 5175 ὅσα
3563 5124 3643 5184 τῆς
3675 5110 3778 5165 δυυ·

2239 5232 2405 5286 μεως,
2457 5209 2555 5265 ὅσα
2601 5217 2699 5279 τῆς
2734 5208 3070 5281 ἀϊδιότητος,
3101 5211 3189 5265 καὶ
3239 5210 3334 5265 ὅσα
3362 5212 3475 5273 καθ’
3505 5196 3776 5286 ὑπεροχῆννξ

2237 5300 2354 5354 κατ’
2404 5298 2578 5353 αἰτίαν
2629 5299 2759 5354 εἶναι
2813 5298 3049 5374 λέγεται.
3100 5299 3223 5355 Οἶον
3269 5302 3329 5354 τὸ
3378 5298 3497 5352 εἶναι
3540 5292 3709 5355 ταυτὸν,
3742 5302 3778 5374 τὲ

465 5390 875 5455 mter-nitatem,
938 5387 1058 5443 sive
1116 5385 1271 5457 quod
1323 5386 1726 5442 excellentiam
1781 5372 2012 5461 spectat
2069 5395 2116 5446 e1

2235 5389 2525 5461 ἀσώματον
2574 5389 2711 5443 εἶναι
2756 5391 2846 5443 τὸν
2894 5387 3298 5460 ἀκατάληπτον,
3344 5388 3405 5442 τὸ
3458 5380 3775 5461 Baetis-3m.”

470 5493 660 5533 causa
695 5477 1005 5533 rationem.
1039 5474 1219 5543 Quale
1239 5478 1350 5544 est,
1372 5473 1528 5531 idem
1553 5477 2122 5549 esse,incorporeum

540 5654 562 5689 ‘
594 5650 796 5709 Matth.
829 5668 1027 5725 xxvm,
1059 5650 1153 5711 49.
1234 5650 1258 5687 ⁸
1286 5649 1499 5723 Ephes,
1532 5666 1617 5723 ιιι,
1651 5651 1737 5707 15.

2236 5475 2618 5552 δημιουργεῖν,
2664 5478 2727 5531 τὸ
2775 5478 2948 5549 θεοῦν,
2990 5478 3053 5532 τὸ
3101 5475 3373 5546 δύνασθαι,
3412 5476 3469 5529 τὸ
3507 5469 3650 5527 ἀίδιον
3672 5464 3769 5523 εἶναι,

3670 355 3778 415 16οί
3860 356 3861 359 “
