4002 6206
203 354 363 421 1605

1466 355 1569 419 DE
1615 357 1957 419 RATIONE
2003 356 2349 418 PASCIUE.

3449 356 3605 419 £606

200 486 267 543 16
317 486 493 561 ἀρχὴν
544 485 673 540 εἶναι
725 483 1078 562 ὑπεράρχιον,
1126 487 1189 542 τὸ
1247 485 1432 542 οὐσίαν
1488 487 1623 542 εἶναι
1682 489 1841 563 ὑπερ-

1978 506 2084 546 I886
2132 489 2229 560 qui
2277 486 2691 560 comprehendi
2754 490 3023 558 nequeat,
3075 503 3335 559 regnare,
3387 505 3605 555 creare,

202 575 409 645 οὖσιον,
440 576 502 629 τὸ
534 578 649 651 φῶς
680 571 944 650 λέγεσθαι.
980 580 1049 630 To
1080 572 1137 629 δὲ
1170 575 1360 638 σκότος
1384 576 1449 630 τὰ
1499 571 1848 649 συμϐολικῶς

205 664 497 740 λεγόμενα,
552 662 663 718 οἷον
720 667 1019 736 θυμοῦσθαι
1092 665 1183 719 καὶ
1245 664 1598 741 ὀργίζεσθαι,
1652 667 1850 721 ὑπνοῦν

203 754 294 809 καὶ
350 752 732 829 ἐγρηγορέναι.
785 759 960 808 Ταῦτα
1006 754 1179 809 πάντα
1223 758 1293 828 τῇ
1342 760 1439 827 μιᾷ
1486 754 1637 830 φύσει
1684 774 1853 828 προσ-

204 842 560 920 αρμόζοντες,
621 842 720 897 οὐκ
765 842 825 896 ἐκ
877 848 982 897 τῶν
1041 844 1157 897 κατ’
1212 843 1377 913 αὐτὴν
1436 841 1711 916 δηλοῦμεν
1746 890 1760 914 ,
1820 845 1855 912 ἢ

204 936 437 1004 νοοῦμεν
472 930 659 1000 αὐτὴν,
692 929 818 986 ἀλλ’
849 930 899 985 ἐν
945 937 1052 986 τῶν
1100 933 1222 1006 περὶ
1272 931 1463 1001 αὐτήν.
1494 932 1628 988 Μίαν
1682 930 1728 987 δ’
1760 930 1849 986 οῦν

202 1022 303 1089 τὴν
337 1020 494 1095 φύσιν
526 1018 726 1081 εἰδότες
756 1025 861 1074 τῶν
909 1025 1074 1095 τριῶν
1131 1021 1494 1091 ὑποστάσεων,
1538 1019 1714 1075 οὐδενὶ
1744 1026 1850 1075 τῶν

207 1108 395 1164 ἄλλων
427 1105 796 1186 διαφερουσῶν
830 1110 864 1178 ἣ
892 1110 1010 1171 ταῖς
1036 1106 1273 1180 ἰδιότησι
1300 1108 1543 1179 ταύταις,
1573 1110 1635 1164 τὸ
1665 1115 1851 1184 γεννᾷν

208 1197 354 1274 λέγω
411 1198 501 1252 καὶ
551 1198 614 1252 τὸ
673 1200 977 1271 γεννᾶσθαι,
1033 1198 1122 1253 καὶ
1181 1200 1241 1254 τὸ
1299 1198 1705 1272 ἐκπορεύεσθαι,
1763 1198 1854 1253 καὶ

206 1286 384 1342 ὅτιτὸ
417 1286 511 1359 μὲν
546 1286 754 1360 Πατήρ,
784 1286 847 1340 τὸ
897 1283 955 1341 δὲ
1001 1287 1143 1359 Υἱὸς,
1168 1288 1231 1342 τὸ
1280 1284 1337 1342 δὶ
1370 1292 1606 1359 Πνεῦμα·
1639 1286 1727 1343 καί
1770 1288 1853 1343 δτι

208 1376 236 1431 6
269 1375 364 1447 μὲν
401 1375 608 1447 Πατὴρ,
643 1376 921 1449 γεννήτωρ
952 1375 1041 1429 καὶ
1072 1370 1400 1446 προϐολεὺς,
1433 1378 1707 1452 γεννήτωρ
1760 1380 1853 1449 μὶν

205 1471 305 1520 τοῦ
356 1467 517 1537 Υἱοῦ,
568 1459 876 1538 προϐολεὺς
924 1462 982 1519 δὲ
1023 1470 1120 1520 τοῦ
1170 1466 1502 1538 Πνεύματος·
1549 1466 1578 1520 6
1627 1463 1684 1521 δὶ
1731 1466 1853 1528 Υἱὸς

206 1554 478 1631 γὲννημα,
517 1554 580 1608 τὸ
612 1551 669 1608 δὲ
713 1557 926 1626 Πνεῦμα
974 1548 1298 1629 πρόϐΛημα.
1333 1555 1430 1609 Καὶ
1461 1556 1489 1609 6
1524 1555 1616 1627 μὶν
1670 1556 1854 1630 Πατὴρ

210 1643 581 1718 ἇγέννητος,ὁ
641 1640 700 1698 δὲ
756 1644 881 1705 Υἱὸς
937 1643 1190 1718 γεννητὸς
1250 1640 1337 1699 διὰ
1388 1640 1484 1698 δύο
1543 1666 1627 1713 νν,
1676 1645 1739 1698 τὸ
1799 1641 1857 1698 δὶ

208 1731 430 1806 Πνεῦμα
487 1728 831 1803 ἑκπορευτόν.
863 1732 960 1787 Καὶ
1021 1733 1050 1787 6
1104 1733 1197 1806 μὲν
1254 1734 1441 1809 Πατὴρ
1493 1731 1687 1803 αἴτιος,
1721 1734 1749 1788 6
1800 1731 1858 1788 δὲ

209 1824 334 1884 Υἱὸς
381 1821 470 1876 καὶ
499 1822 562 1876 τὸ
607 1825 823 1893 Πνεῦμα
862 1821 1093 1879 αἰτιατά.
1146 1822 1243 1877 Καὶ
1284 1823 1311 1876 6
1360 1823 1454 1895 μὲν
1487 1824 1671 1898 Πατὴρ
1720 1842 1857 1897 προ-

209 1906 430 1981 ϐολεὺς,
464 1912 491 1965 6
524 1908 581 1965 δὲ
633 1911 755 1972 Υἱὸς
787 1910 910 1972 Υἱὸς
962 1910 1148 1983 μόνον,
1178 1910 1379 1966 καὶτὸ
1431 1916 1649 1984 Πνεῦμα
1696 1911 1855 1966 ἐκπο-

213 2001 525 2077 ρευόμενον
587 1999 648 2054 οὐ
692 2001 795 2075 γὰρ
854 1999 1145 2069 ἐξίστανται
1192 2005 1302 2054 τῶν
1364 1997 1675 2070 ἱδιοτήτων,
1734 1997 1859 2054 οὔτε

214 2091 243 2144 6
286 2090 470 2164 Πατὴρ
520 2094 617 2144 τοῦ
675 2090 808 2143 εἷναι
871 2089 1078 2163 Πατὴρ,
1138 2086 1260 2144 οὔτε
1318 2090 1347 2143 6
1396 2090 1517 2151 Υἱὸς
1566 2095 1663 2144 τοῦ
1723 2091 1858 2144 εἶναι

213 2180 361 2245 Υἱὸς,
396 2178 519 2233 οὔτε
563 2178 626 2233 τὸ
658 2182 877 2251 Πνεῦμα
923 2182 1019 2232 τοῦ
1067 2177 1204 2233 εἶναι
1258 2181 1493 2251 Πνεῦμα,
1523 2178 1650 2234 ἀλλ’
1690 2182 1724 2249 ἡ
1761 2180 1855 2251 μὲν

213 2267 370 2323 οὐσία
425 2267 617 2339 κοινὴ,
677 2266 775 2339 μία
828 2270 933 2321 τῶν
988 2270 1153 2339 τριῶν
1213 2268 1249 2335 ὴ
1308 2265 1521 2338 θεότης,
1579 2266 1857 2341 ὡσπεροῦν

214 2360 369 2434 φῶτα
419 2355 542 2430 τρία
596 2352 869 2425 ἀλλήλοις
921 2354 1184 2427 δνούμενα
1232 2354 1322 2409 καὶ
1376 2355 1437 2410 οὐ
1498 2356 1857 2431 συγχεόμενα.

210 2449 387 2500 Ταῦτα
421 2445 515 2518 μὶν
548 2444 705 2498 ἱκανὰ
729 2440 923 2499 εἰδίναι
955 2444 1078 2517 περὶ
1106 2445 1206 2514 τὴν
1239 2441 1549 2520 θεολογίαν.

658 2619 825 2686 Τάλος
855 2623 945 2679 καὶ
976 2643 1057 2696 τῳ
1086 2626 1201 2695 Θεῷ
1230 2621 1414 2700 χάρις.

1960 597 2152 652 posse,
2184 585 2462 635 aeternum
2498 595 2646 643 esse,
2681 578 3034 650 principium
3066 596 3192 634 esse
3225 596 3405 650 supra
3434 597 3606 635 omne

1959 669 2338 740 principium,
2373 668 2571 722 lumen
2604 668 2740 722 dici.
2776 668 3050 722 Tenebris
3081 674 3279 723 autem
3308 674 3449 723 sunt
3477 686 3604 740 qua:

1961 757 2277 830 symbolice
2333 758 2428 829 (de
2482 758 2621 827 Deo)
2679 756 2975 824 dicuntur,
3019 756 3237 812 scilicet
3289 757 3606 829 indignari,

1961 847 2157 915 irasci,
2209 847 2484 917 dormire,
2518 845 2777 916 vigilare.
2812 846 2941 900 Haec
2988 846 3186 901 omnia
3226 847 3325 900 uni
3384 852 3606 902 naturas

1961 942 2349 1007 congruenter
2396 935 2803 997 attribuentes,
2838 950 2950 989 non
2994 951 3064 988 ex
3095 934 3165 989 iis
3217 952 3346 1006 quae
3374 937 3445 989 ad
3478 952 3607 991 eam

1964 1027 2253 1097 pertinent
2282 1025 2690 1096 signiﬁcamus
2721 1029 2819 1077 aut
2854 1022 3257 1095 intelligimus,
3291 1025 3388 1079 sed
3421 1041 3491 1079 ex
3536 1024 3609 1079 iis

1963 1129 2090 1184 quae
2131 1115 2285 1168 circa
2334 1113 2495 1167 illam
2546 1118 2704 1167 sunt.
2737 1111 2923 1167 Unam
2970 1112 3165 1183 itaque
3214 1113 3434 1168 scimus
3482 1128 3612 1169 esse

1964 1210 2235 1258 naturam
2270 1203 2448 1257 trium
2483 1202 2913 1273 bypostasium,
2947 1218 3073 1271 quae
3108 1201 3267 1257 nullo
3297 1202 3411 1258 alio
3441 1203 3609 1258 δισθ-

1966 1297 2121 1356 runt,
2141 1307 2317 1363 quam
2351 1292 2511 1345 hisce
2544 1290 3021 1361 preprietatibus,
3056 1305 3332 1360 generare
3363 1291 3607 1351 scilicet.

1963 1382 2252 1452 generari,
2276 1386 2334 1435 et
2388 1379 2719 1451 procedere.
2753 1385 2810 1433 et
2867 1379 3021 1445 quod
3086 1378 3229 1433 illud
3287 1379 3365 1434 sit
3421 1379 3607 1446 Pater,

1964 1468 2111 1524 illud
2165 1468 2367 1537 Filius,
2399 1467 2543 1523 illud
2593 1466 2869 1539 Spiritus,
2903 1470 2960 1521 et
2986 1467 3143 1538 quod
3183 1467 3348 1522 Pater
3372 1468 3610 1538 quidem

1964 1558 2043 1613 sit
2089 1557 2319 1629 genitor
2365 1562 2423 1612 et
2470 1556 2805 1628 productor,
2838 1556 3067 1627 genitor
3115 1554 3265 1625 Filii,
3299 1557 3613 1628 productor

1964 1647 2217 1719 Spiritus
2252 1662 2264 1702 :
2300 1645 2483 1701 Filius
2536 1645 2746 1716 proles,
2780 1644 3027 1715 Spiritus
3085 1645 3421 1715 productus.
3456 1645 3609 1702 608

1967 1741 2034 1791 Et
2067 1738 2231 1792 Pater
2275 1736 2514 1808 quidem
2562 1731 2879 1807 ἀγίννητος,
2931 1750 3031 1791 seu
3081 1752 3191 1790 non
3232 1737 3488 1806 genitus;
3522 1738 3614 1792 Fi-

1968 1825 2083 1881 lius
2112 1822 2367 1899 γεννητός
2398 1841 2531 1879 cum
2584 1824 2817 1879 duobus
2838 1842 2922 1890 vv,
2953 1840 3054 1879 seu
3086 1825 3326 1893 genitus,
3360 1825 3615 1896 Spiritus

1964 1931 2099 1971 vero
2134 1914 2469 1986 procedens.
2509 1914 2673 1968 Pater
2703 1929 2882 1968 causa
2912 1918 3022 1979 est,
3062 1912 3237 1969 Filius
3267 1919 3323 1969 et
3363 1915 3615 1986 Spiritus

1967 2004 2214 2058 causati.
2251 2003 2416 2056 Pater
2466 2008 2554 2056 est
2580 2001 2755 2056 etiam
2793 2001 3121 2072 productor.
3157 2001 3336 2057 Filius
3384 2007 3614 2059 tantum

1968 2092 2168 2156 Filius,
2221 2090 2476 2161 Spiritus
2526 2090 2846 2160 procedens
2881 2106 2893 2143 :
2927 2106 3112 2160 neque
3164 2090 3288 2145 suis
3332 2092 3619 2147 excedunt

1970 2180 2445 2253 proprietatibus,
2467 2178 2635 2233 Pater
2655 2177 2880 2234 scilicet
2901 2195 2933 2231 a
2955 2179 3179 2233 ratione
3207 2180 3411 2245 Patris,
3440 2180 3617 2236 Filius

1969 2287 2003 2325 a
2035 2272 2257 2324 ratione
2287 2267 2435 2335 Filii,
2468 2266 2719 2338 Spiritus
2747 2283 2781 2321 a
2811 2266 3034 2322 ratione
3062 2268 3319 2338 Spiritus
3344 2284 3357 2335 ;
3390 2270 3491 2324 sed
3524 2286 3616 2326 es-

1970 2359 2160 2413 sentia
2191 2357 2521 2412 communis
2544 2360 2635 2411 est
2659 2373 2673 2422 ;
2700 2372 2815 2410 una
2834 2354 3012 2410 trium
3036 2362 3126 2411 est
3148 2356 3620 2427 divinitas;sicut

1971 2446 2084 2502 tria
2114 2446 2342 2501 lumina
2388 2444 2633 2500 invicem
2667 2443 2833 2499 unita
2862 2460 2968 2500 nec
3016 2445 3281 2502 confusa.
3315 2446 3445 2504 Haec
3474 2452 3617 2504 sunt

1972 2536 2043 2592 ad
2074 2534 2380 2607 theologia
2412 2532 2682 2589 notitiam
2715 2532 2879 2589 satis.

2494 2624 2648 2679 Finis
2675 2627 2728 2678 et
2755 2622 2938 2694 gratia
2965 2623 3095 2680 Deo.

1197 2942 1268 2997 IN
1308 2941 1739 3000 OPUSCULUM
1781 2944 1871 3000 DE
1912 2943 2276 3000 PASCHATE
2316 2941 2651 2999 MONITUM

292 3072 397 3127 Hic
453 3070 676 3125 libellus
724 3070 881 3124 nobis
925 3087 959 3123 a
1012 3070 1153 3125 clar.
1183 3069 1303 3125 viro
1361 3071 1593 3125 Antonio
1648 3069 1965 3135 Muratorio,
1997 3072 2055 3124 in
2115 3070 2438 3125 bibliotheca
2494 3070 2855 3125 Ambrosiana
2908 3072 3209 3140 praeposito
3266 3074 3624 3129 transmissus

217 3160 538 3231 nuperrime
567 3161 695 3228 fuit.
732 3159 794 3212 Et
823 3157 1060 3227 quidem,
1093 3162 1152 3212 ut
1179 3158 1328 3213 mihi
1355 3159 1586 3225 videtur,
1619 3177 1653 3213 a
1683 3160 1882 3214 Latino
1911 3159 2143 3231 quodam
2170 3161 2435 3229 scriptore
2485 3157 2779 3212 Athanasii
2804 3161 3023 3213 nomine
3051 3165 3311 3215 exoratus
3337 3164 3434 3216 est.
3464 3163 3623 3218 Nihil

216 3251 369 3305 enim
399 3246 643 3302 Grecam
673 3247 776 3301 olet
806 3247 948 3316 quod
977 3248 1277 3302 orationem
1318 3252 1541 3317 spectat,
1573 3250 1677 3303 etsi
1702 3257 1764 3303 ut
1818 3250 2121 3319 legentibus
2165 3252 2354 3318 fucum
2398 3250 2604 3317 faceret
2649 3249 2888 3318 scriptor
2931 3249 3048 3317 iste,
3080 3254 3130 3303 et
3183 3251 3495 3307 Athanasio
3525 3250 3627 3307 hoc

214 3336 422 3393 ascmbi
450 3336 769 3405 apusculum
798 3344 1037 3402 curaret,
1070 3337 1344 3390 rationem
1390 3336 1672 3391 Paschalis
1701 3336 2057 3404 computandi
2085 3351 2207 3406 quae
2253 3336 2398 3408 apud
2436 3336 2644 3392 Gra'cos
2672 3338 2882 3392 obtinet
2926 3338 3079 3409 sequi
3123 3338 3396 3394 videatur.
3433 3340 3629 3396 Verum

214 3426 493 3481 nonnulla
522 3424 612 3478 hic
657 3432 975 3493 comparent
1025 3439 1151 3494 quae
1180 3426 1363 3479 minus
1407 3428 1645 3495 peritum
1691 3426 1968 3499 ψηφιστήν
2023 3436 2281 3496 arguant,
2317 3433 2377 3480 ut
2406 3425 2547 3496 quod
2576 3428 2665 3479 ait
2694 3444 2712 3480 :
2744 3426 2839 3481 Sic
2880 3425 3099 3482 Pascha
3130 3444 3234 3482 nec
3265 3433 3398 3484 ante
3426 3446 3485 3483 ιι
3517 3429 3627 3485 Ka-

218 3513 429 3569 lendas
459 3511 692 3583 Aprilis,
725 3527 829 3566 nec
862 3516 992 3582 post
1021 3529 1077 3566 x1
1113 3512 1394 3567 Kalendas
1424 3513 1556 3567 Maii
1590 3514 1867 3569 celebrari
1903 3531 2070 3585 posse
2094 3515 2389 3569 decretum
2421 3520 2530 3569 est.
2564 3515 2715 3583 Quod
2744 3516 2828 3570 vel
2868 3532 3045 3569 unum
3072 3516 3343 3586 sufﬁciat,
3374 3525 3435 3571 ut
3461 3519 3628 3573 Atha-

216 3605 379 3658 nasio
412 3602 797 3672 abjudicemus
826 3618 844 3654 :
875 3603 972 3672 qui
1000 3618 1124 3657 cum
1170 3602 1315 3673 apud
1344 3604 1645 3673 Αῐρνριὶοδ,
1695 3606 2084 3675 computatores
2129 3606 2377 3659 omnium
2402 3607 2843 3660 accuratissimos
2889 3607 3061 3660 vitam
3108 3608 3310 3674 ageret,
3341 3616 3394 3660 et
3436 3622 3631 3661 curam

217 3693 531 3748 ordinandi
592 3691 876 3745 Paschalis
907 3696 1031 3761 post
1086 3691 1417 3747 decessorem
1469 3709 1633 3747 suum
1690 3693 2085 3763 Alexandrum,
2117 3692 2317 3764 synodi
2370 3694 2608 3749 Nicaeam
2652 3697 2813 3764 jussu
2871 3696 3166 3764 accepisset
3191 3696 3344 3766 (nam
3388 3696 3636 3750 Alexan-

220 3782 399 3836 drinis
427 3779 761 3851 pi'zsulibus
792 3780 910 3835 haec
937 3782 1221 3850 provincia
1248 3781 1573 3837 demandata
1602 3783 1808 3852 fuerat)
1828 3799 1848 3841 ,·
1880 3785 1940 3837 in
1969 3782 2277 3853 hujusmodz
2306 3799 2546 3837 errorem
2591 3799 2871 3852 nunquam
2899 3783 3156 3850 delapsus
3186 3790 3347 3837 esset.
3396 3784 3634 3851 Quamo-

223 3874 380 3927 brem
433 3872 576 3925 inter
621 3869 814 3938 spuria
861 3870 1058 3923 merito
1107 3869 1408 3937 obtegatur.
1459 3870 1772 3938 Opinamur
1817 3880 1998 3926 autem
2028 3880 2213 3925 octavo
2245 3872 2326 3926 vel
2354 3886 2502 3925 nono
2546 3870 2741 3925 seculo
2771 3870 3107 3925 adornatum
3155 3873 3343 3941 fuisse,
3375 3888 3478 3942 quo
3522 3887 3638 3929 aevo

220 3958 541 4030 hujusmodi
568 3958 752 4013 studia
783 3957 1124 4012 obtinebant.

709 4099 935 4179 Incipit
963 4105 1269 4161 tractatus
1300 4103 1363 4162 S.
1398 4102 1724 4162 Athanasii
1754 4102 2029 4182 episcopi
2061 4102 2465 4163 Alexandrini
2495 4103 2571 4163 de
2603 4103 2842 4165 ratione
2871 4102 3152 4166 Pascha.

307 4254 501 4308 Mensis
530 4255 619 4310 hic
638 4255 785 4310 vobis
817 4255 1045 4309 initium
1074 4254 1586 4324 mensium,primus
1606 4254 1713 4308 erit
1732 4253 1883 4308 vobis
1913 4253 1956 4321 C
1995 4253 2271 4308 ducabitis
2326 4252 2509 4307 illum.
2565 4253 2762 4307 Lumbi
2814 4255 2984 4309 vestri
3032 4255 3265 4309 accincti
3316 4260 3374 4311 et
3426 4255 3640 4310 calcea-

228 4344 295 4396 in
332 4344 611 4398 mensibus
663 4345 820 4397 anni.
857 4348 1099 4413 Loquere
1151 4341 1221 4397 ad
1276 4358 1488 4397 omnem
1542 4358 1880 4413 synagogam
1986 4350 2175 4396 menta
2204 4350 2381 4397 vestra
2412 4343 2471 4395 in
2499 4341 2726 4413 pedibus
2774 4344 2987 4404 vestris,
3019 4352 3070 4397 et
3107 4343 3275 4398 edetis
3303 4344 3468 4399 illum
3518 4360 3641 4400 cum

228 4432 481 4501 ﬁliorum
508 4433 699 4486 Israel.
749 4433 968 4487 Decima
1016 4432 1220 4485 mensis
1250 4431 1415 4500 hujus
1456 4433 1653 4485 sumite
1706 4446 1876 4485 unus-

231 4522 465 4591 quisque
502 4536 651 4575 ovem
695 4536 793 4592 per
842 4520 1035 4575 domus
1078 4524 1362 4591 paternas,
1394 4524 1445 4575 et
1488 4536 1586 4590 per
1630 4520 1881 4588 singulas

234 4609 428 4664 domus
450 4625 470 4669 ;
502 4612 581 4664 ita
632 4618 691 4664 ut
720 4610 769 4663 si
796 4625 906 4663 non
951 4611 1063 4663 sint
1094 4610 1229 4663 satis
1274 4608 1353 4663 ad
1397 4622 1571 4671 ovem,
1604 4610 1885 4663 assumant

228 4715 411 4753 secum
460 4700 699 4753 vicinum
747 4700 1139 4769 prapinquum.
1176 4697 1404 4752 Sument
1443 4700 1632 4752 autem
1681 4713 1882 4766 agnum

229 4788 541 4840 masculum
601 4789 1022 4841 immaculatum
1078 4788 1404 4841 anniculam
1459 4786 1527 4840 de
1591 4786 1780 4841 ovibus
1835 4788 1884 4839 et

232 4877 427 4935 haedis.
461 4881 513 4929 et
559 4879 667 4929 erit
718 4877 865 4930 vobis
913 4876 1256 4929 observatum
1302 4890 1469 4941 usque
1514 4876 1573 4927 in
1603 4878 1885 4945 qnartam~

233 4965 501 5018 decimam
556 4966 757 5019 mensis
813 4965 995 5035 hujus.
1034 4964 1093 5017 Et
1150 4963 1353 5018 occidet
1410 4980 1533 5017 eum
1590 4962 1886 5017 multitudo

237 5069 536 5123 synagoga:
587 5053 839 5123 filiorum
868 5055 1055 5107 Israel.
1090 5052 1167 5106 Ad
1214 5068 1491 5121 vesperam
1519 5060 1795 5106 assument
1824 5051 1889 5105 de

238 5145 515 5208 sanguine
542 5151 592 5196 et
642 5146 845 5211 ponent
892 5158 1054 5211 super
1079 5141 1210 5196 duos
1261 5146 1434 5210 postes
1477 5150 1527 5195 et
1560 5140 1755 5195 limina
1786 5142 1889 5194 do-

238 5246 383 5294 mus,
416 5233 472 5285 in
522 5233 717 5301 quibus
744 5231 901 5285 edent
948 5246 1070 5284 eum
1102 5248 1119 5284 :
1150 5239 1201 5284 et
1244 5230 1657 5284 manducabunt
1702 5244 1891 5283 carnes

237 5328 455 5375 assatas
504 5326 632 5389 agni
662 5328 714 5374 et
759 5335 955 5391 azyma
993 5334 1117 5372 cum
1164 5319 1541 5373 amaritudine
1588 5317 1889 5372 manduca-

240 5408 399 5464 bunt.
435 5410 497 5463 Et
554 5425 663 5462 non
720 5407 1131 5462 manducabitis
1186 5424 1255 5462 ea:
1298 5408 1367 5462 iis
1424 5406 1658 5461 crudum
1714 5422 1891 5475 neque

236 5503 450 5553 coctum
478 5498 536 5552 in
566 5514 732 5568 aqua,
756 5496 851 5551 sed
874 5505 1084 5551 assatas
1129 5498 1188 5551 in
1220 5498 1364 5565 igne.
1397 5496 1489 5551 Sic
1517 5500 1706 5551 autem
1734 5512 1890 5549 man-

314 5678 335 5711 °
367 5676 547 5733 Exod.
577 5692 681 5749 xu,
710 5676 867 5731 2-11.

1986 4433 2353 4502 festinatione
2379 4448 2396 4484 :
2430 4432 2637 4486 Pascha
2665 4433 2818 4486 enim
2848 4441 2926 4486 est
2957 4433 3174 4487 Domini
3203 4434 3243 4488 ⁸.

2060 4520 2187 4574 Scio
2247 4518 2465 4574 multos
2524 4520 2930 4590 scrupulosius
2997 4519 3355 4593 interrogare
3414 4520 3639 4587 solitos,

1992 4625 2172 4680 quare
2203 4609 2526 4663 secundum
2562 4625 2781 4663 morem
2815 4608 3151 4664 Judaaorum
3194 4610 3264 4664 ad
3299 4608 3450 4664 luna
3481 4625 3642 4665 com-

1991 4696 2339 4768 parltionem
2365 4697 2612 4752 diversis
2632 4698 2997 4768 temporibus
3010 4697 3232 4753 Pascha
3256 4699 3642 4753 celebremus:

1994 4787 2256 4841 dicentes
2309 4787 2524 4840 rectius
2584 4786 2785 4854 videri,
2821 4792 2883 4840 ut
2939 4786 2987 4840 si
3044 4786 3524 4841 commemoratio
3569 4785 3647 4841 sit

1995 4875 2308 4930 Dominicis
2358 4874 2669 4945 passionis,
2708 4891 2860 4929 unus
2910 4875 3344 4931 anniversarius
3385 4875 3509 4929 dies
3542 4890 3644 4928 na-

1995 4964 2127 5019 talis
2158 4964 2213 5017 in
2250 4964 2648 5017 observatione
2691 4968 2977 5029 teneatur,
3012 4970 3077 5019 ut
3127 4982 3358 5037 semper
3385 4981 3486 5019 VIII
3520 4961 3644 5018 Kal.

1996 5052 2210 5124 Aprilis
2241 5052 2393 5106 diem
2420 5051 2650 5106 Paschis
2684 5052 3127 5119 celebrarent,in
3165 5070 3279 5125 quo
3311 5052 3403 5107 die
3434 5049 3646 5105 Christi

1998 5141 2345 5197 resurrectio
2378 5140 2722 5194 traderetur.
2762 5142 2959 5213 Itaque
2994 5143 3429 5214 inquirentibus
3455 5138 3648 5193 curio-

2000 5231 2146 5298 sius,
2179 5230 2313 5299 quid
2367 5229 2615 5298 majores
2668 5230 2849 5284 nostri
2900 5231 3082 5285 secuti
3133 5232 3439 5285 videantur
3470 5240 3645 5295 expo-

2001 5334 2160 5371 nam.
2196 5317 2396 5371 Passio
2428 5316 2641 5371 Christi
2677 5318 2998 5389 redemptio
3049 5324 3137 5373 est
3168 5321 3441 5372 creatura:
3487 5311 3648 5380 dicit,

2001 5407 2318 5461 resurrexit
2346 5406 2615 5462 Christus
2648 5408 2703 5460 in
2739 5406 3085 5478 aequinoctio
3118 5407 3266 5461 veris
3312 5404 3449 5459 luna
3480 5402 3652 5474 plena

2004 5495 2098 5550 die
2130 5494 2448 5550 Dominico.
2489 5496 2562 5550 De
2613 5512 2728 5567 quo
2758 5494 3069 5566 Apostolus
3106 5494 3187 5548 ait
3234 5494 3389 5564 quod
3439 5492 3650 5564 conge-
