4002 6206
413 355 434 412 1
448 356 564 416 607

1571 354 1631 412 S.
1681 350 2199 412 ATHANASIUS.
2233 385 2306 396 —
2338 353 2650 414 SPURIA.

3659 359 3680 416 l
3692 363 3790 422 608

411 489 623 543 miscet
656 492 712 543 et
740 487 930 544 doleat
958 486 1219 557 subjecta
1251 485 1658 550 servituti,non
1691 503 1798 540 sua
1827 491 2052 556 sponte,
2084 487 2134 552 Α
2169 485 2537 540 inchoatione
2569 486 3015 556 noctis,plenam
3039 487 3239 542 lunam
3275 489 3658 561 intelligimus
3685 509 3789 546 esse

413 578 513 632 sed
547 594 647 648 per
675 594 807 632 eum
859 577 957 648 qui
991 575 1242 645 subjecit
1288 575 1447 628 illam
1499 592 1660 645 spem
1700 592 1712 630 :
1745 575 1883 646 quia
1915 579 1970 628 et
2000 575 2059 628 in

416 665 546 736 ipsa
577 666 921 722 liberabitur
950 683 983 718 a
1013 664 1337 735 corruptela
1369 663 1670 719 servitutis
1719 680 1851 718 cum
1887 663 2057 718 liber-

417 760 532 809 tate
565 754 815 809 ﬁliorum
851 755 948 809 Dei
984 756 1022 808 ⁷.
1057 755 1394 808 Creaturam
1430 757 1623 808 autem
1674 752 2061 823 intelligimus

415 860 543 898 esse
575 844 750 898 vitam
787 860 901 914 qua
952 843 1207 897 mundus
1240 848 1489 907 eruatur,
1542 843 1598 895 in
1634 859 1748 913 quo
1798 847 2063 895 creatura

416 933 728 1003 omniaque
759 933 1078 1003 gignuntur
1109 948 1136 985 e
1164 937 1318 984 terra
1343 948 1354 984 ε
1377 936 1595 985 certum
1617 931 1773 985 enim
1807 936 1897 984 est
1915 929 2060 983 nihil

416 1023 596 1076 creari
634 1038 803 1092 posse
854 1021 980 1075 sine
1010 1021 1144 1074 vita.
1181 1021 1313 1084 Quaa
1365 1019 1566 1090 utique
1611 1025 1878 1072 creatura
1926 1024 2062 1071 tunc

416 1111 679 1179 subjecta
722 1114 809 1164 est
866 1109 1128 1164 servituti
1189 1125 1321 1162 cum
1386 1108 1644 1162 mundus
1701 1113 1791 1162 est
1829 1113 2058 1176 captus.

413 1203 596 1263 Quam
645 1199 910 1253 Christus
962 1197 1228 1268 passione
1279 1215 1386 1251 sua
1418 1197 1655 1251 veniens
1711 1197 1958 1250 liberum
2001 1212 2062 1250 se

415 1287 678 1354 servavit,
715 1293 778 1340 ut
822 1287 877 1340 in
911 1302 977 1340 eo
1009 1291 1270 1355 tempore
1321 1289 1617 1354 pateretur
1646 1283 1704 1336 in
1758 1299 1873 1352 quo
1903 1299 2060 1336 crea-

412 1380 544 1430 tura
588 1376 848 1444 subjecta
899 1376 1088 1428 fuerat
1135 1373 1451 1428 servituti:
1505 1377 1569 1426 ut
1617 1372 1752 1440 quia
1800 1373 1923 1426 dies
1965 1370 2062 1424 ille

413 1465 662 1520 tristitiae
698 1464 1059 1530 fuerat,item
1095 1462 1302 1518 laetitiae
1334 1463 1690 1517 redderetur.
1728 1459 2064 1515 Resurrexit

414 1554 567 1608 enim
601 1553 865 1608 Christus
890 1553 948 1606 in
1005 1552 1349 1623 aequinoctio
1382 1551 1530 1606 veris
1561 1550 1700 1605 luna
1746 1550 1934 1621 plena,
1969 1548 2063 1603 die

416 1642 739 1708 Dominica,
761 1658 935 1712 quem
968 1641 1026 1696 in
1059 1641 1261 1695 mundi
1297 1641 1605 1696 convenire
1637 1638 1921 1711 principio
1955 1637 2061 1693 Ge-

415 1731 572 1786 nesis
605 1729 882 1785 relatione
932 1730 1363 1802 cognoscimus,
1397 1745 1530 1784 cum
1579 1729 1832 1800 primum
1883 1743 2060 1798 appa-

417 1825 577 1876 rente
626 1819 809 1888 arida,
863 1835 1039 1889 quam
1090 1819 1314 1874 vocavit
1352 1818 1505 1873 Deus
1560 1826 1791 1881 terram,
1839 1817 2061 1870 dictum

414 1915 547 1964 est:
593 1907 869 1963 Germinet
916 1913 1068 1963 terra
1117 1924 1279 1963 omne
1326 1912 1536 1977 fenum,
1585 1916 1635 1961 et
1682 1922 1842 1962 omne
1891 1904 2064 1960 viride

416 1999 628 2068 lignum
659 1998 778 2052 3.ln
812 2013 942 2051 vere
971 2002 1163 2051 autem
1198 1999 1528 2068 germinare
1559 1996 1753 2049 omnia
1785 1995 2063 2060 vidimus,

418 2093 589 2156 atque
629 2085 685 2139 in
721 2101 784 2138 eo
821 2084 1172 2156 principium
1219 2085 1419 2138 mundi
1456 2100 1583 2138 esse
1614 2082 2064 2155 comprehendi-

417 2193 570 2229 mus.
605 2179 914 2244 Propterea
934 2179 989 2229 et
1011 2174 1310 2245 Scriptura
1339 2173 1568 2245 proprie
1596 2190 1854 2227 mensem
1890 2189 2058 2228 novo-

415 2282 544 2318 rum
579 2263 854 2335 appellat,
888 2263 946 2317 in
999 2280 1113 2334 quo
1148 2269 1312 2317 terra:
1367 2263 1540 2317 facies
1590 2262 1917 2316 innovatur.
1953 2261 2061 2316 Sed

412 2370 542 2407 cum
580 2358 698 2407 tres
750 2368 981 2406 menses
1013 2368 1250 2406 vernum
1287 2356 1521 2422 tempus
1552 2351 1818 2422 accipiat,
1854 2351 2062 2404 horum

414 2443 595 2496 trium
619 2442 876 2496 medium
895 2446 1130 2510 tempus
1155 2440 1385 2495 initium
1413 2441 1633 2495 mundo
1658 2441 1889 2494 dedisse
1907 2456 2066 2494 mon-

414 2537 655 2586 stratur.
692 2531 947 2584 Medium
997 2530 1154 2585 enim
1187 2536 1419 2600 tempus
1469 2530 1620 2587 veris
1673 2534 1763 2584 est
1812 2528 2064 2599 aequino-

417 2621 620 2684 ctium,
656 2620 712 2673 in
745 2635 860 2690 quo
893 2619 991 2673 lux
1020 2624 1076 2674 et
1121 2620 1370 2674 tenebras
1403 2619 1736 2674 consistunt
1784 2618 2059 2688 aequales,

417 2727 550 2766 cum
583 2708 781 2763 divisit
828 2709 1002 2772 Deus,
1031 2713 1094 2762 ut
1124 2707 1407 2779 scriptum
1461 2713 1570 2772 est,
1602 2708 1753 2762 inter
1803 2707 2061 2762 medium

422 2799 569 2854 lucis
601 2797 980 2868 mediumque
1008 2797 1400 2852 tenebrarum.
1436 2797 1548 2852 Nec
1580 2797 1758 2851 dubia
1799 2797 1942 2850 ﬁdes
1975 2800 2064 2850 est

421 2889 491 2943 de
531 2887 760 2957 justitia
809 2891 868 2941 et
916 2885 1317 2940 benevolentia
1373 2887 1490 2956 Dei,
1535 2886 1631 2958 qui
1679 2901 1814 2940 cum
1865 2885 2064 2939 fecerit

421 2977 732 3044 mundum,
766 2974 963 3029 lumen
996 2980 1052 3030 et
1081 2977 1348 3030 tenebras
1380 2976 1649 3030 statuerit
1692 2975 1965 3045 aequales,
2001 2977 2064 3028 ut

419 3066 629 3121 deinde
661 3063 760 3119 lux
777 3068 1085 3131 cresceret,
1120 3069 1176 3118 et
1196 3065 1446 3119 tenebrae
1467 3066 1882 3118 decrescerent.
1917 3068 2059 3117 Cum

417 3171 554 3225 ergo
615 3154 707 3207 hic
749 3153 873 3207 dies
932 3153 1188 3207 medium
1243 3153 1392 3207 veris
1451 3153 1730 3216 obtineat,
1766 3169 1878 3206 non
1935 3152 2060 3206 sine

416 3223 592 3296 causa
644 3244 894 3309 majores
946 3242 1127 3295 nostri
1169 3258 1270 3296 vnr
1305 3242 1421 3296 Kal.
1473 3242 1682 3312 Aprilis
1731 3246 1848 3295 tres
1900 3241 2059 3296 addi-
2089 3223 2131 3289 C

415 3330 628 3384 derunt
659 3330 878 3394 dies,ut
908 3331 1161 3399 primum
1192 3331 1344 3385 diem
1379 3331 1581 3385 mundi
1615 3331 2057 3386 constituerent.

414 3436 472 3473 χι
503 3418 657 3473 enim
692 3417 817 3472 Kal.
852 3417 1068 3488 Aprilis
1101 3419 1357 3489 primum
1405 3437 1532 3474 esse
1559 3420 1889 3487 voluerunt,
1923 3420 2061 3489 quia

414 3512 729 3578 antequam
762 3507 846 3561 sol
875 3508 933 3561 in
965 3507 1078 3562 diei
1113 3508 1394 3578 principio
1424 3510 1769 3564 conderetur
1801 3509 2058 3563 triduum

415 3603 549 3651 ante
589 3600 981 3668 praecesserat.
1019 3597 1209 3652 Refert
1255 3597 1408 3652 enim
1442 3599 1680 3654 Genesis
1729 3604 1936 3669 quarta
1967 3597 2059 3652 die

412 3687 564 3741 facta
597 3685 913 3740 luminaria
940 3685 1078 3740 solis
1107 3691 1163 3741 et
1191 3685 1362 3741 lunae.
1389 3691 1694 3758 Propterea
1725 3687 2059 3742 invenimus

411 3779 468 3830 et
500 3776 559 3829 in
589 3790 690 3830 vm
745 3774 868 3830 Kal.
922 3775 1157 3844 quidem
1205 3776 1612 3841 resurrexisse,
1660 3793 1860 3831 verum
1912 3775 1968 3830 in
2000 3793 2057 3830 x1

416 3864 542 3920 Kal.
577 3865 670 3918 die
721 3864 945 3918 Pascha
975 3881 1107 3918 cum
1140 3865 1446 3935 discipulis
1487 3865 1812 3920 inchoasse.
1847 3865 1930 3919 Ita
1960 3863 2057 3919 isti

415 3958 534 4009 tres
565 3953 708 4016 dies,
745 3969 877 4007 cum
911 3954 1183 4024 passione
1229 3959 1286 4007 et
1318 3954 1738 4009 resurrectione
1786 3969 2057 4009 commu-

413 4043 629 4108 nicant,
664 4046 720 4096 et
750 4041 1162 4112 aequinoctium
1195 4043 1264 4098 ad
1299 4059 1501 4097 omnes
1531 4041 1875 4114 intelligitur
1905 4043 2054 4098 669

413 4132 719 4203 pertinere,
784 4130 842 4184 in
895 4131 1110 4201 quibus
1165 4149 1403 4186 cursum
1455 4149 1556 4186 nec
1613 4131 1699 4186 sol
1759 4148 1863 4186 nec
1919 4131 2058 4186 luna

414 4219 838 4274 conﬁcit.Diem
867 4225 1058 4274 autem
1086 4219 1719 4291 Dominicam,primam
1744 4221 1898 4276 diem
1930 4237 2058 4276 esse

416 4308 684 4363 dubitare
719 4324 831 4363 non
886 4323 1224 4379 possumus,
1257 4309 1395 4380 quia
1426 4309 1570 4364 dicit
1625 4309 1928 4381 Scriptura
1959 4326 2058 4364 sex

413 4397 622 4451 diebus
674 4397 890 4451 factum
922 4413 1052 4451 esse
1102 4399 1410 4460 mundum,
1443 4404 1498 4451 et
1529 4398 1777 4469 septima
1826 4398 1919 4452 die
1967 4415 2054 4453 re-

412 4484 724 4553 quievisse,
779 4501 955 4555 quam
1006 4486 1317 4555 septimam
1365 4484 1683 4539 Sabbatum
1718 4484 2052 4556 appellavit.

2169 580 2528 645 generatam,
2562 581 2626 628 ut
2659 575 2807 629 facta
2839 577 2906 630 ad
2928 576 3418 632 illuminationem
3451 585 3619 633 terrae
3641 580 3693 632 in
3723 581 3789 634 in-

2169 663 2472 719 choatione
2505 664 2712 732 noctis,
2747 670 2865 719 tota
2915 666 2972 719 in
3026 671 3179 720 terra
3227 673 3395 721 nocte
3447 669 3687 737 luceret,
3732 673 3796 722 sic

2173 752 2461 822 passionis
2517 753 2823 808 Dominica:
2875 757 3243 819 resurrectio,
3302 774 3431 827 qua
3490 764 3795 812 creaturam

2170 841 2404 896 servitio
2435 841 2788 908 liberavit,in
2811 843 3332 912 asquinoctio.veris
3359 845 3502 898 luna
3528 844 3803 914 plenaJIe

2172 930 2387 985 minica
2408 931 2519 996 die,
2544 931 2797 985 traditur
2821 932 3132 986 exstitisse.
3165 933 3272 987 Sed
3298 935 3458 1003 quia,
3482 934 3639 987 sicut
3669 951 3802 987 com-

2174 1019 2398 1088 putatio
2425 1019 2664 1085 invenit,
2689 1036 3033 1074 concurrere
3065 1021 3174 1075 sibi
3209 1038 3307 1092 per
3337 1021 3613 1093 singulos
3642 1039 3804 1077 annos

2171 1108 2227 1160 in
2266 1107 2638 1162 universitate
2671 1125 2784 1163 non
2817 1115 3129 1180 poteratut
3160 1111 3377 1164 scilicet
3410 1111 3806 1178 equinoctium

2170 1204 2228 1252 et
2259 1196 2400 1251 luna
2448 1197 2619 1268 plena
2648 1203 2705 1252 et
2749 1199 2873 1252 dies
2929 1198 3232 1252 Dominica
3281 1200 3700 1264 convenirent;
3739 1217 3810 1254 se-

2173 1288 2371 1356 quenti
2390 1286 2544 1340 enim
2562 1303 2714 1340 anno
2736 1286 2793 1340 in
2817 1288 3019 1342 eodem
3047 1288 3139 1341 die
3162 1287 3301 1342 luna
3322 1288 3611 1342 vicesima
3631 1289 3812 1357 quinta

2172 1376 2431 1430 secunda
2462 1375 2604 1429 feria
2637 1375 2998 1446 deprehensa
3028 1381 3141 1440 est,
3167 1377 3502 1442 judicatum
3539 1383 3629 1431 est
3661 1378 3813 1447 aequi-

2172 1465 2427 1518 noctium
2448 1464 2519 1518 ad
2545 1463 2734 1518 natale
2756 1464 2984 1519 Pascha:
3009 1464 3388 1534 i37-38j,cum
3413 1466 3548 1518 dua
3573 1465 3682 1519 illa:
3703 1483 3812 1535 par-

2171 1559 2258 1609 tes
2289 1559 2346 1608 et
2375 1554 2500 1608 dies
2547 1558 2604 1607 et
2636 1552 2774 1607 luna
2805 1554 3093 1622 deessent,
3130 1572 3242 1608 non
3296 1555 3597 1609 sufﬁcere.
3633 1555 3808 1625 Itaque

2177 1642 2398 1695 rectius
2421 1644 2710 1695 statutum
2736 1647 2821 1695 est
2848 1642 2917 1695 ad
2939 1642 3191 1696 natalem
3215 1641 3445 1696 Pascha:
3471 1643 3810 1708 diem,meu-

2172 1746 2295 1786 sem
2330 1730 2624 1802 integrum
2645 1730 2818 1784 νειανὶ
2837 1730 2894 1783 in
2927 1747 3277 1802 quacunque
3301 1732 3428 1801 ejus
3452 1737 3627 1802 parte
3639 1733 3811 1787 ctdies

2097 1858 2143 1922 B
2173 1825 2229 1875 et
2257 1819 2398 1874 luna
2446 1824 2878 1875 concurrerent.
2913 1819 3108 1891 Neque
3154 1820 3264 1875 hoc
3313 1821 3442 1876 sine
3475 1822 3809 1876 auctoritate

2174 1910 2505 1980 Scriptura,
2537 1914 2600 1962 ut
2616 1908 2770 1963 enim
2796 1908 3020 1979 Moyses
3050 1924 3181 1964 cum
3208 1908 3434 1964 Pascha
3464 1911 3807 1964 mandaret:

2173 1999 2368 2054 Mensis
2399 1997 2488 2052 hic
2532 1998 2680 2052 vobis
2709 1998 2932 2051 initium
2959 2000 3236 2051 mensium
3279 1999 3501 2068 primus
3531 2001 3650 2052 erit
3687 1999 3817 2053 vobis

2175 2091 2234 2142 in
2268 2088 2540 2142 mensibus
2568 2086 2858 2149 anni.Quo
2892 2087 3064 2140 verbo
3087 2091 3318 2140 tantum
3353 2104 3622 2142 mensem
3653 2089 3719 2141 ad
3747 2105 3818 2141 ςε-

2175 2177 2553 2232 lebrationem
2572 2176 2804 2230 Pascha:
2821 2174 3166 2246 intelligitur
3185 2177 3681 2230 consecrasse.Ita
3703 2193 3810 2229 ma-

2165 2269 2327 2337 jores
2374 2266 2576 2334 nostri,
2611 2266 2710 2336 qui
2755 2282 2794 2318 ιι
2850 2263 2970 2318 Kal.
3005 2265 3221 2335 Aprilis
3278 2265 3639 2336 principium
3691 2269 3814 2320 anni

2173 2356 2552 2423 invenerunt,
2614 2369 2876 2408 mensem
2934 2354 3140 2407 exinde
3198 2359 3613 2424 computantes
3671 2355 3725 2407 in
3783 2371 3813 2407 ιι

2173 2443 2298 2499 Kal.
2334 2444 2467 2498 Maii
2501 2443 2903 2498 extenderunt.
2945 2441 3039 2496 Sic
3070 2441 3292 2496 Pascha
3322 2459 3427 2496 nec
3459 2449 3600 2498 ante
3632 2460 3668 2496 ιι
3700 2443 3816 2496 Kal.

2172 2532 2405 2603 Aprilis,
2442 2548 2545 2586 nec
2576 2535 2708 2602 post
2755 2547 2791 2585 ιι
2824 2530 2946 2585 Kal.
3001 2530 3136 2585 Maii
3187 2531 3464 2585 celebrari
3529 2549 3699 2603 posse
3729 2533 3816 2585 de-

2172 2627 2391 2676 cretum
2426 2626 2534 2675 est.
2569 2621 2676 2674 Sed
2711 2636 2843 2674 cum
2878 2620 2935 2673 in
2969 2619 3074 2673 hoc
3122 2636 3320 2674 mense
3347 2628 3406 2674 et
3437 2620 3585 2674 luna
3617 2627 3674 2674 et
3704 2621 3812 2674 dies

2172 2710 2569 2772 convenirent,
2603 2707 2740 2762 luna
2781 2707 3002 2761 scilicet
3033 2707 3204 2776 plena
3252 2711 3308 2760 et
3338 2708 3649 2763 Dominica
3679 2710 3808 2774 dies,

2171 2805 2308 2854 tunc
2343 2797 2565 2853 Pascha
2594 2797 2878 2851 censitum
2914 2800 3001 2849 est
3031 2795 3441 2850 celebrandum
3501 2796 3658 2852 Sane
3691 2796 3814 2869 quia

2172 2889 2503 2958 frequenter
2555 2902 2760 2939 rursus
2792 2901 2925 2939 cum
2978 2883 3280 2938 Dominica
3309 2884 3403 2938 die
3449 2885 3607 2939 lunae
3641 2885 3810 2956 pleni-

2171 2979 2310 3032 tudo
2358 2975 2643 3040 convenit,
2679 2975 2907 3028 extendi
2941 2973 2997 3026 in
3031 2979 3250 3044 septem
3303 2973 3424 3028 dies
3459 2975 3803 3040 maluerunt,

2168 3065 2488 3121 dummodo
2518 3065 2690 3118 etiam
2728 3061 3084 3116 Dominicam
3118 3061 3175 3114 in
3217 3062 3669 3117 resurrectionis
3701 3077 3807 3116 ms-

2170 3156 2413 3210 moriam
2439 3152 2867 3208 retinerent.lta
2891 3151 3123 3221 quando
3145 3151 3268 3204 dies
3291 3151 3372 3205 sic
3393 3153 3808 3221 veneritusque

2171 3246 2241 3300 ad
2272 3243 2607 3299 vicesimam
2662 3243 2907 3311 primam
2940 3239 3140 3293 lunam
3176 3245 3409 3309 propter
3451 3243 3809 3294 Dominicam

2171 3335 2320 3388 diem
2360 3331 2577 3387 Pascha
2603 3330 2948 3394 differimus,
2983 3329 3131 3398 quod
3165 3329 3354 3399 ipsum
3382 3345 3497 3383 non
3525 3329 3656 3383 sine
3676 3331 3813 3382 Scri-

2171 3428 2349 3492 pturze
2399 3421 2778 3483 auctoritate;
2812 3418 2954 3472 dicit
2996 3417 3151 3471 enim
3203 3416 3452 3484 Moyses,
3509 3436 3544 3472 a
3594 3419 3810 3472 decima

2171 3515 2378 3582 quarta
2409 3525 2594 3579 usque
2625 3509 2690 3562 ad
2739 3506 3074 3562 vicesimam
3107 3509 3256 3560 totos
3301 3510 3526 3576 septem
3561 3507 3690 3561 dies
3725 3508 3808 3560 Pa-

2170 3599 2321 3654 schaa
2354 3597 2747 3652 sanctiﬁcatos
2778 3611 2904 3650 esse
2936 3595 3162 3648 debere.
3199 3592 3358 3647 Unde
3391 3594 3462 3647 ad
3495 3594 3658 3648 hunc
3712 3611 3808 3647 nu-

2171 3704 2396 3742 merum
2429 3685 2659 3741 extendi
2707 3699 2877 3755 posss
2929 3682 3128 3737 lunam
3181 3684 3476 3736 decretum
3530 3689 3645 3738 est.
3679 3687 3812 3736 Pru-

2168 3779 2370 3832 dentes
2388 3781 2584 3830 autem
2602 3774 2786 3844 magis
2801 3773 2870 3827 ad
2895 3772 3094 3826 lunam
3109 3773 3329 3826 etdiem
3348 3789 3530 3844 quam
3553 3775 3622 3827 ad
3642 3772 3812 3843 aequi-

2169 3868 2423 3922 noctium
2441 3864 2690 3918 natalem
2718 3863 2948 3916 Paschze
2963 3861 3114 3915 diem
3140 3861 3448 3916 redierunt.
3477 3863 3639 3917 Luna
3660 3863 3809 3915 enim

2169 3955 2338 4028 plena
2367 3954 2544 4007 totius
2576 3950 2762 4006 noctis
2793 3949 3086 4004 illuminat
3131 3951 3424 4012 tenebras,
3458 3951 3614 4004 sicut
3647 3966 3752 4003 nos
3781 3965 3811 4003 ι

2167 4041 2494 4112 corruptela
2524 4040 2898 4094 tenebrarum
2934 4035 3284 4091 illuminatio
3326 4037 3574 4108 spiritus
3603 4037 3808 4091 libera-

2165 4133 2262 4198 vit,
2309 4135 2366 4186 et
2421 4133 2551 4201 post
2607 4126 3016 4196 aequinoctium
3075 4124 3297 4180 Pascha
3354 4127 3702 4188 celebretur,
3752 4125 3803 4177 in

2169 4219 2374 4291 majori
2402 4220 2527 4289 jam
2561 4216 2772 4285 luce,et
2801 4213 2861 4269 in
2894 4213 3104 4268 minori
3124 4214 3248 4281 jam
3301 4220 3470 4269 nocte
3502 4214 3810 4269 celebrabi-

2166 4315 2280 4364 tur.
2306 4308 2604 4363 Dominica
2633 4321 2763 4359 vero
2795 4303 2920 4359 dies
2947 4302 3287 4358 resurrectio
3319 4309 3406 4358 est
3439 4304 3668 4359 dierum
3699 4322 3710 4367 ;
3745 4302 3809 4356 ad

2168 4398 2400 4454 initium
2449 4396 2604 4451 enim
2640 4394 2789 4448 redit
2833 4397 2890 4448 et
2917 4393 3091 4448 finem
3124 4399 3350 4447 revocat
3394 4394 3464 4447 ad
3499 4394 3698 4447 vitam.
3739 4394 3811 4446 Ita

2166 4488 2288 4542 hmo
2321 4485 2508 4557 magis
2539 4484 2662 4538 visa
2706 4482 2763 4536 in
2799 4481 2972 4536 natali
3009 4480 3237 4550 laetitias,
3272 4487 3326 4535 et
3356 4488 3638 4536 creature
3670 4481 3812 4534 libe-

415 4569 578 4625 Unde
611 4573 986 4628 manifestum
1021 4578 1109 4628 est
1140 4573 1388 4644 primam
1422 4572 1575 4627 diem
1608 4573 1664 4626 in
1700 4573 1886 4642 prima
1914 4572 2055 4628 feria
2085 4589 2129 4653 Ι)
2161 4576 2383 4632 ratione
2406 4573 2708 4641 servanda,
2746 4571 2996 4625 maxime
3028 4587 3161 4624 cum
3193 4571 3344 4624 intra
3377 4570 3550 4641 primi
3587 4571 3812 4624 mensis

414 4675 540 4729 qua:
572 4665 660 4714 est
707 4661 1007 4716 Dominica
1036 4661 1387 4717 constitisse.
1445 4661 1574 4715 Sive
1624 4661 1778 4715 enim
1828 4661 1935 4716 hoc
1963 4678 2054 4716 se-

411 4749 672 4802 cundum
711 4751 1149 4815 mundum,sive
1175 4751 1498 4805 secundum
1531 4751 1802 4820 spiritum
1824 4767 2059 4822 compu-

409 4841 626 4902 temus,
662 4854 729 4891 ex
762 4854 878 4891 una
928 4839 1148 4910 origine
1190 4840 1554 4894 inveniemus
1601 4839 2056 4910 computationis

413 4924 725 4996 utriusque
759 4927 1220 4998 rationem,quia
1251 4930 1321 4982 ad
1356 4928 1669 4998 imaginem
1703 4928 1944 4998 spiritus
1968 4944 2055 4982 se-

413 5012 723 5083 ptil’ormis,
756 5019 812 5067 et
841 5014 1036 5068 sreculi
1072 5015 1270 5086 hujus,
1305 5016 1529 5070 dierum
1563 5016 1927 5086 septenarius
1959 5033 2059 5069 nu-

415 5117 612 5156 merus
643 5102 998 5156 constitutus
1029 5103 1428 5158 est.Similiter
1457 5121 1589 5158 cum
1631 5105 1788 5158 dicat
1817 5103 2057 5159 Genesis

413 5190 564 5244 facta
617 5206 743 5246 esse
777 5191 889 5245 duo
921 5189 1236 5246 luminaria
1267 5193 1323 5246 in
1358 5193 1520 5261 coelo,
1557 5197 1620 5247 ut
1667 5193 1931 5248 lacerent
1959 5210 2056 5248 su-

413 5295 516 5349 per
547 5284 784 5347 terram,
818 5280 1003 5335 solem
1052 5281 1110 5335 in
1162 5280 1528 5336 inchoatione
1578 5282 1713 5352 diei,
1751 5282 1949 5338 lunam
1998 5283 2057 5337 in

478 5476 502 5514 ²
533 5478 700 5536 Rom.
734 5497 854 5553 vm,
885 5482 976 5538 22.
1053 5482 1075 5518 ⁸
1105 5483 1245 5539 Gen.
1279 5499 1317 5553 ι,
1353 5483 1436 5538 11.

488 5671 698 5747 (37-38)
725 5678 928 5737 Natale
953 5684 1201 5752 Pascha,
1233 5699 1337 5741 vox
1368 5681 1587 5739 Latinis
1618 5680 1855 5739 usitata.

2164 4665 2445 4722 terminos
2480 4663 2824 4716 retinentur.
2861 4660 3083 4714 Rursus
3115 4661 3394 4729 majorem
3437 4659 3548 4713 diei
3585 4659 3814 4729 religio-

2167 4769 2300 4808 nem
2335 4767 2513 4822 quam
2543 4748 2696 4802 lunae
2729 4745 3207 4809 indicaverunt,si
3229 4746 3462 4813 quando
3483 4763 3595 4799 non
3621 4753 3818 4816 posset

2165 4845 2485 4911 utrumque
2507 4837 2745 4892 servari.
2786 4836 3073 4890 Decimam
3100 4837 3367 4904 quartam
3403 4836 3557 4888 enim
3590 4832 3815 4897 lunam,

2168 4946 2345 5002 quam
2378 4929 2530 4982 diem
2565 4924 2923 4981 Dominicam
2959 4924 3153 4994 egredi
3188 4922 3702 4992 maluerunt,quia
3733 4929 3813 4975 tc-

2166 5023 2225 5073 ta
2255 5017 2416 5073 salus
2448 5018 2505 5069 in
2540 5014 2962 5069 resurrectione
2993 5016 3286 5082 est,quam
3313 5011 3366 5064 in
3401 5012 3491 5064 die
3517 5012 3815 5065 Dominica

2166 5124 2295 5162 esse
2353 5103 2831 5167 monstravimus,
2868 5101 2924 5154 in
2985 5118 3100 5170 qua
3150 5106 3206 5154 et
3263 5107 3425 5154 ortus
3474 5101 3700 5153 dierum
3763 5107 3815 5153 et

2169 5195 2517 5250 resurrectio
2548 5191 2902 5256 continetur,
2937 5195 3238 5260 propterea
3267 5188 3421 5258 quod
3454 5188 3512 5241 in
3545 5189 3672 5257 ipsa
3707 5187 3813 5240 Do-

2171 5285 2368 5339 minus
2420 5279 2759 5337 resurrexit.
2797 5279 2961 5334 Luna
3005 5294 3138 5332 vero
3183 5276 3318 5333 licet
3360 5277 3428 5332 ad
3476 5275 3814 5331 vicesimam
