4002 6206
213 283 372 344 1609

1492 281 1826 342 LEXICON
1872 280 2329 342 ATHANASII.

3460 290 3613 349 4610

212 416 466 487 primam
502 418 724 486 partem
757 431 872 469 non
906 418 1086 470 totam
1112 413 1351 485 impleat
1380 417 1629 481 noctem,
1677 412 1859 485 pluri-
1891 413 1943 477 Α
1973 411 2319 467 docuerunt.
2348 412 2507 475 Quod
2544 430 2674 467 vero
2705 415 2775 467 de
2806 418 3092 487 sanguine
3126 419 3257 489 agni
3284 419 3495 474 domus
3523 437 3615 475 su-

215 520 377 559 mum
401 508 598 559 tamen
626 504 813 559 noctis
839 502 1137 558 illuminat
1162 509 1219 558 et
1244 504 1565 575 superat,in
1591 520 1705 573 quo
1736 518 1867 572 pru-

214 595 420 649 denter
434 593 684 664 majores
698 591 880 647 nostri
895 592 1429 663 malueruntusque
1442 592 1510 646 ad
1527 592 1864 645 vicesimam

215 684 464 755 primam
497 682 752 749 extendi,
785 698 960 753 quam
989 686 1123 738 ante
1152 682 1439 738 decimam
1463 686 1733 753 quartam
1759 680 1865 734 Pa-

218 772 359 828 scha
376 770 824 843 celebrari,quia
850 775 983 844 post
1005 788 1207 843 ergum
1229 772 1290 839 [ι.
1318 771 1571 842 tergum]
1596 770 1867 825 tenebras

218 861 323 916 vim
335 860 496 916 illius
508 866 597 915 est
609 859 1141 931 relinquere,quam
1154 860 1563 915 antecedentes
1580 876 1691 913 non
1701 872 1868 927 posse

220 966 518 1021 superare.
553 948 753 1020 Itaque
782 948 933 1004 hanc
963 964 1260 1003 summam
1291 953 1348 1003 et
1368 947 1517 1002 hanc
1539 945 1867 1002 conclusio-

222 1055 355 1095 nem
372 1040 428 1093 in
444 1038 1234 1110 penace[pinacejconstituto
1252 1054 1283 1091 a
1296 1035 1867 1105 majoribus,inveni-

222 1145 354 1183 mus
376 1126 598 1183 Pascha
626 1142 729 1182 nec
751 1132 885 1181 ante
908 1143 965 1180 x1
988 1125 1110 1181 Kal.
1141 1125 1376 1197 Aprilis,
1430 1141 1618 1196 neque
1652 1128 1783 1195 post
1812 1139 1867 1177 χι

223 1217 347 1272 Kal.
384 1216 519 1271 Maii
552 1232 721 1287 posse
751 1214 1051 1270 celebrari.
1086 1215 1263 1285 Cujus
1294 1213 1713 1269 observationis
1736 1230 1869 1268 nar-

223 1307 445 1361 ratione
476 1309 729 1373 narrata,
759 1304 983 1375 reliqua
1016 1320 1463 1375 prosequamur,
1525 1308 1587 1356 ut
1626 1302 1868 1373 imagini

221 1394 308 1449 illi
340 1396 399 1448 in
431 1410 549 1464 qua
576 1393 797 1449 Judaeis
828 1392 1048 1447 Pascha
1080 1392 1422 1447 mandatum
1451 1396 1541 1446 est
1570 1391 1867 1447 veritatem

226 1498 633 1555 comperemus
665 1483 722 1536 in
752 1481 981 1537 Christo
1012 1498 1216 1537 omnes
1257 1480 1552 1537 masculos
1584 1480 1869 1536 immacu-

228 1574 386 1628 latus
416 1571 726 1626 anniculus
755 1570 813 1625 in
848 1570 1070 1625 Pascha
1093 1570 1308 1626 Iudaeis
1336 1570 1644 1625 mandatur
1664 1568 1869 1625 occidi.

230 1663 334 1717 Hic
358 1666 446 1717 est
466 1659 734 1715 Christus
775 1659 1001 1730 patiens
1031 1659 1333 1729 injuriam,
1369 1658 1469 1728 qui
1502 1658 1655 1712 sicut
1686 1674 1873 1729 agnus

230 1754 443 1808 ductus
465 1754 553 1806 est
573 1750 643 1804 ad
668 1748 1036 1813 occisionem:
1064 1746 1393 1802 masculum
1411 1764 1522 1801 non
1546 1752 1774 1801 tantum
1799 1746 1869 1801 ad

232 1857 459 1906 sexum,
479 1839 578 1894 sed
598 1843 654 1893 et
684 1839 756 1893 ad
781 1837 962 1892 animi
990 1837 1323 1892 firmitatem
1344 1836 1555 1891 referre
1568 1836 1871 1891 debemus.

235 1927 685 1985 Immaculatum
716 1925 975 1981 ostendit
1003 1926 1320 1997 Scriptura,
1353 1942 1479 1995 quae
1531 1924 1672 1978 dicit
1719 1924 1872 1995 quod

230 2022 530 2091 peccatum
552 2017 610 2070 in
634 2032 698 2071 eo
722 2031 836 2069 non
886 2015 1015 2084 fuit,
1042 2030 1145 2068 nec
1188 2014 1460 2068 inventus
1500 2018 1589 2068 est
1615 2013 1781 2067 dolus
1814 2012 1873 2066 in

230 2124 330 2163 ore
360 2107 485 2177 ejus
506 2105 639 2177 (39).
671 2102 994 2159 Anniculus
1026 2120 1092 2158 ex
1123 2119 1189 2158 eo
1220 2102 1453 2170 dicitur,
1502 2103 1654 2173 quod
1704 2102 1761 2155 in
1809 2117 1875 2157 eo

230 2201 391 2251 totus
415 2195 593 2249 totius
616 2192 775 2248 orbis
803 2188 992 2264 spatia
1023 2192 1417 2258 continentur,
1452 2197 1508 2245 et
1556 2191 1707 2245 sicut
1737 2190 1875 2246 anni

230 2290 370 2339 aetas
391 2284 449 2338 in
469 2287 716 2353 quatuor
735 2282 1097 2352 temporibus
1138 2286 1195 2335 et
1231 2280 1539 2335 duodecim
1576 2280 1879 2335 mensibus

231 2377 623 2443 computatur,
655 2372 737 2425 sic
771 2370 914 2425 fides
946 2370 1005 2423 in
1038 2373 1291 2439 quatuor
1309 2368 1635 2441 Evangeliis
1656 2374 1711 2423 et
1734 2369 1877 2422 duo-

233 2461 417 2516 decim
453 2458 736 2531 apostolis
778 2459 1125 2513 continetur.
1161 2458 1262 2512 Hic
1285 2474 1352 2512 ex
1373 2458 1580 2512 ovibus
1611 2460 1668 2513 et
1700 2456 1878 2511 haedis

226 2550 473 2621 jubetur
503 2546 747 2613 assumi,
779 2546 931 2619 quod
967 2546 1186 2601 Hebraei
1222 2546 1301 2601 ita
1332 2545 1764 2612 intellexerunt,
1817 2549 1881 2600 ut

233 2641 283 2696 si
317 2655 503 2710 agnus
535 2654 649 2691 non
683 2636 888 2691 fuisset
917 2635 1207 2701 inventus,
1242 2636 1443 2690 haedus
1468 2634 1879 2690 immaculatus

232 2726 643 2783 immolaretur
671 2725 729 2779 in
763 2724 1004 2792 Pascha,
1039 2725 1193 2795 quod
1228 2725 1397 2795 longe
1445 2724 1612 2779 aliter
1657 2730 1745 2779 est
1792 2724 1879 2777 di-

232 2819 415 2871 ctum.
447 2815 593 2870 Nam
625 2829 693 2869 ex
724 2812 1002 2884 permisto
1036 2813 1260 2868 semine
1281 2813 1577 2867 haedorum
1598 2817 1656 2867 et
1684 2812 1878 2867 ovium

232 2904 564 2977 postulatus
590 2908 680 2959 est
710 2920 913 2973 agnus,
949 2902 1101 2973 quod
1133 2902 1371 2973 quidem
1406 2906 1613 2956 natura
1642 2918 1755 2956 non
1792 2917 1880 2955 re-

231 2994 393 3063 cipit,
425 2994 522 3049 sed
556 2994 612 3047 in
647 2992 827 3046 Chriti
879 2992 1065 3063 figura
1124 2995 1516 3045 monstratum
1572 2997 1681 3055 est,
1745 2991 1882 3061 quia

228 3100 420 3155 genus
450 3084 577 3153 ejus
598 3097 665 3136 ex
682 3079 959 3135 Israelitis
984 3085 1041 3134 et
1062 3079 1407 3151 alienigenis
1431 3078 1694 3133 Moabitis
1717 3078 1880 3133 inve-

1977 500 2259 570 perlimen
2294 502 2627 571 consignari
2652 504 2856 573 jussit,
2902 522 2970 559 ne
2997 523 3029 560 a
3076 512 3363 563 vastatore
3412 509 3617 578 angelo

1974 593 2332 660 tangeretur,
2365 590 2621 645 ostendit
2649 593 2838 647 crucis
2872 595 3105 664 signum
3128 612 3243 666 quo
3268 598 3514 651 frontem
3544 598 3620 652 si-

1977 694 2228 750 gnamus
2260 678 2506 749 figuram
2542 681 2845 751 sanguinis
2878 682 3157 739 obtinere.
3195 686 3307 739 Hoc
3331 690 3525 739 autem
3544 685 3623 741 si-

1977 766 2223 837 gnaculo
2255 767 2326 822 ab
2371 767 2575 838 angelo
2606 774 2897 825 vastatore
2922 773 3308 827 defendimur.
3352 776 3623 829 Comede—

1979 871 2036 909 re
2070 854 2248 926 hujus
2280 856 2413 927 agni
2446 873 2649 912 carnes
2671 858 2971 928 jubemur,
3006 861 3142 931 quia
3174 862 3512 918 liberandus
3535 868 3625 918 est

1980 946 2254 1015 populus,
2292 945 2467 1000 sicuti
2515 946 2781 1001 Christus
2829 949 2951 1002 ait:
3006 948 3123 1005 Nisi
3161 954 3282 1020 quis
3316 953 3624 1007 comederit

1977 1048 2199 1088 carnem
2223 1048 2399 1088 meam
2418 1052 2530 1088 non
2551 1035 2709 1090 habet
2730 1039 2897 1090 vitam
2932 1044 3263 1094 manentem
3277 1049 3316 1095 ο.
3343 1040 3485 1095 Caro
3518 1058 3620 1095 au-

1977 1124 2092 1175 tem
2117 1121 2329 1177 Christi
2360 1125 2598 1178 verbum
2633 1130 2720 1179 est
2749 1126 2871 1196 Dei,
2906 1126 3004 1197 qui
3029 1128 3211 1199 [quia]
3242 1131 3468 1185 Verbum
3496 1146 3622 1184 caro

1977 1212 2185 1280 factum
2211 1216 2307 1274 est,
2337 1221 2387 1266 et
2408 1212 2676 1267 habitavit
2698 1216 2759 1269 in
2782 1216 2939 1269 nobis
2968 1216 3008 1251 ¹⁰
3030 1220 3114 1271 sic
3137 1216 3282 1273 istas
3301 1235 3504 1273 carnes
3529 1236 3621 1274 as-

1979 1304 2137 1353 satas
2166 1300 2469 1355 comedere
2502 1304 2856 1357 mandamur
2886 1306 3097 1360 crudas
3129 1306 3430 1378 elixasque
3488 1324 3620 1378 pro-

1980 1386 2270 1442 hibemur.
2303 1389 2475 1443 Cocta
2505 1390 2659 1445 enim
2693 1392 2905 1447 Christi
2938 1394 3115 1448 verba
3145 1412 3260 1449 non
3283 1396 3624 1467 cruda,pro-

1982 1476 2117 1532 bata
2149 1476 2207 1532 in
2232 1477 2418 1532 multo
2438 1479 2828 1535 tentationum
2857 1483 3084 1548 ardore,
3135 1500 3240 1539 nec
3267 1483 3484 1549 mollia,
3521 1501 3623 1540 nec

1985 1564 2159 1632 ﬂuxa,
2186 1583 2289 1621 nec
2309 1566 2424 1621 labi
2450 1567 2661 1622 facilia.
2688 1569 2815 1624 Haec
2838 1587 2968 1624 cum
2996 1589 3195 1643 azymo
3223 1590 3366 1644 pane
3385 1589 3625 1627 sumen-

1984 1654 2056 1708 da
2078 1660 2236 1722 sunt,
2266 1657 2744 1727 sicutApostolus
2767 1660 2885 1713 ait:
2919 1660 3127 1715 Pascha
3158 1666 3399 1716 nostrum
3429 1663 3626 1716 immo-

1984 1745 2131 1797 latus
2160 1752 2237 1799 est
2270 1744 2556 1810 Christus;
2587 1748 2771 1819 itaque
2818 1749 3146 1804 celebremus
3194 1749 3359 1821 illud,
3410 1766 3519 1805 non
3567 1753 3627 1805 in

1980 1833 2246 1902 fermento
2277 1834 2507 1890 malitiae
2536 1843 2586 1889 et
2609 1838 2897 1905 nequitia},
2930 1844 3018 1891 sed
3050 1840 3108 1891 in
3154 1842 3363 1909 azymis
3405 1839 3630 1895 sinceri-

1984 1922 2120 1975 tatis
2150 1929 2198 1975 et
2228 1922 2471 1977 veritatis
2494 1923 2718 1977 “.Addi
2740 1924 2955 1996 azymis
2975 1926 3398 1983 amaritudines
3418 1928 3626 1984 herba-

1986 2025 2113 2063 rum
2148 2010 2333 2075 docet,
2368 2012 2507 2082 quia
2538 2012 2810 2084 angustia
2840 2019 2896 2068 et
2924 2013 3177 2070 tribulus
3223 2023 3310 2071 est
3358 2018 3454 2072 via
3500 2034 3628 2087 quae

1985 2097 2146 2152 ducit
2176 2098 2245 2153 ad
2276 2098 2477 2155 vitam.
2512 2102 2765 2157 Lumbos
2798 2104 3057 2175 praecipit
3086 2120 3229 2159 zona
3282 2106 3627 2177 constringi,

1988 2203 2059 2241 ne
2091 2187 2148 2240 in
2182 2186 2440 2243 libidinis
2472 2187 2764 2245 luxuriam
2799 2192 3184 2248 resolvantur.
3227 2194 3633 2249 Calceamenta

1988 2276 2045 2330 in
2080 2276 2326 2346 pedibus
2357 2293 2505 2344 esse,
2538 2278 2692 2333 sicut
2721 2281 3033 2351 Apostolus
3065 2283 3323 2349 mandat,
3377 2283 3635 2339 calceare

1988 2365 2164 2435 pedes
2196 2370 2426 2420 nostros
2458 2366 2517 2420 in
2533 2367 2833 2437 cvangelio
2858 2370 3015 2439 pacis
3029 2378 3295 2440 oportere
3319 2388 3331 2426 :
3358 2376 3630 2426 constan-

1986 2456 2074 2506 ter
2103 2452 2259 2507 enim
2293 2454 2685 2525 evangelizare
2717 2473 2831 2511 non
2867 2474 3203 2529 possumus,
3239 2460 3353 2514 nisi
3392 2476 3631 2531 gressus

1989 2545 2220 2597 nostros
2252 2547 2453 2597 contra
2482 2559 2685 2599 omnes
2718 2545 2963 2615 injurias
2994 2551 3049 2603 ct
3090 2547 3317 2603 dolores
3376 2549 3630 2620 quodam

1990 2647 2199 2685 sensus
2234 2631 2561 2687 munimine
2591 2633 2929 2690 vestianius.
2992 2636 3237 2692 Baculus
3286 2637 3459 2693 debet
3503 2655 3632 2693 esse

1989 2718 2045 2772 in
2081 2720 2373 2787 manibus,
2406 2721 2540 2790 quia
2570 2719 2629 2774 in
2662 2721 2770 2777 hac
2801 2723 2890 2777 via
2918 2723 3045 2779 vitae
3069 2724 3224 2779 sicut
3251 2725 3496 2781 baculus
3514 2733 3631 2780 sta-

1990 2806 2355 2862 bilimentum
2387 2814 2475 2864 est
2522 2814 2578 2864 et
2624 2810 2970 2882 disciplina;
3023 2813 3150 2867 ideo
3192 2813 3464 2869 Salomon
3518 2832 3631 2870 non

1988 2900 2143 2949 vetat
2165 2896 2438 2951 baculum
2462 2898 2615 2952 670
2647 2899 2717 2953 de
2750 2899 2852 2954 ﬁlii
2886 2902 3073 2973 capite
3104 2904 3407 2969 removeri,
3437 2910 3631 2959 osten-

1990 2984 2135 3038 dens
2176 2984 2568 3056 disciplinam.
2618 2986 2749 3043 Haec
2798 2996 2991 3044 autem
3048 2997 3266 3059 monet,
3316 2992 3516 3046 omnia
3572 2992 3630 3048 in

1989 3073 2360 3129 festinatione
2391 3074 2675 3141 facienda,
2709 3078 2848 3147 quia
2876 3080 3080 3133 tardus
3110 3085 3167 3133 et
3198 3081 3390 3135 lentus
3423 3082 3478 3135 in
3534 3082 3635 3137 Dei

229 3144 528 3228 nituresse
544 3168 1198 3243 permistum.Dominus
1214 3173 1408 3222 autem
1424 3166 1893 3239 agnusistis,hae-
1927 3144 2178 3231 Cgratia
2211 3179 2321 3217 non
2356 3164 2650 3234 probatur.
2684 3170 2844 3221 Stare
2890 3183 3025 3237 ergo
3076 3185 3181 3223 nos
3232 3169 3288 3223 in
3340 3170 3635 3240 procincto

228 3258 965 3332 dus[t.agnum...hazdum]
985 3256 1382 3327 peccatoribus
1400 3256 1780 3327 comparavit,
1802 3256 1883 3312 ita

230 3348 805 3422 quiaipseoriginem
843 3347 1168 3401 secundum
1200 3362 1431 3400 carnem
1466 3363 1578 3399 non
1619 3345 1808 3400 solum
1849 3363 1883 3401 a

233 3446 369 3504 er,
403 3437 503 3491 sed
536 3452 601 3490 ex
632 3434 1031 3505 peccatoribus
1062 3433 1520 3503 gentibusiesset
1550 3432 1879 3499 habiturus,

231 3534 422 3589 agnus
455 3533 522 3570 ex
554 3513 735 3568 haedis
764 3518 821 3567 et
851 3513 1059 3567 oxibus
1094 3511 1427 3583 postulatur
1454 3530 1466 3580 ;
1500 3513 1597 3582 qui
1632 3514 1701 3567 ad
1758 3529 1882 3567 ves-

234 3622 435 3677 peram
471 3603 787 3658 mandatur
824 3600 1026 3656 occidi.
1062 3602 1124 3654 ln
1184 3616 1393 3655 occasu
1443 3600 1597 3656 enim
1654 3606 1710 3656 et
1768 3602 1880 3657 fine

228 3692 438 3749 mundi
479 3707 689 3763 passus
719 3689 1091 3745 ostenditur:
1127 3706 1257 3744 nam
1302 3693 1535 3760 tempus
1586 3689 1693 3743 hoc
1744 3706 1878 3746 nos-

225 3788 389 3837 trum
421 3779 772 3835 novissimos
802 3776 999 3833 saeculi
1031 3777 1156 3832 dies
1191 3778 1470 3832 Dominus
1518 3778 1879 3849 apostolique

302 3925 323 3959 ⁹
350 3928 519 3978 Joan.
553 3937 631 3990 v1,
659 3922 749 3976 54.
830 3921 873 3956 ¹⁰
900 3920 1069 3976 Joan.
1104 3938 1146 3987 1,
1182 3920 1266 3975 14.
1345 3921 1386 3954 ¹¹
1428 3920 1446 3975 Ι
1478 3920 1606 3976 Cor.
1639 3937 1695 3990 v,
1724 3922 1780 3989 7,
1819 3921 1873 3976 8.

301 4066 412 4136 (39)
436 4063 581 4118 Vide
599 4062 782 4119 Gaud.
808 4061 1138 4118 Brixianam
1161 4061 1218 4117 in
1238 4076 1413 4117 serm.
1441 4062 1494 4129 3,
1519 4062 1589 4118 de
1631 4063 1873 4119 Pascha.

1992 3256 2219 3319 oportet
2248 3250 2467 3307 similes
2498 3252 2837 3309 hominibus
2868 3257 3236 3327 profecturis,
3268 3262 3332 3312 ut
3361 3274 3495 3312 cum
3541 3274 3637 3313 vo-

1991 3338 2205 3392 caverit
2248 3356 2352 3394 nos
2382 3340 2683 3408 Dominus,
2721 3360 2831 3398 non
2879 3360 3195 3399 moremur.
3256 3346 3341 3401 Ita
3399 3347 3637 3401 demum

1990 3426 2140 3481 enim
2177 3428 2486 3483 evadentes
2518 3429 2757 3485 interitu
2792 3450 2825 3486 a
2865 3434 3164 3500 servitute,
3229 3436 3636 3507 perveniemus

1990 3515 2060 3568 ad
2096 3531 2339 3585 regnum
2372 3516 2491 3583 Dei,
2528 3517 2585 3571 in
2619 3534 2733 3589 quo
2767 3524 3112 3591 praeparavit
3169 3522 3336 3577 nobis
3383 3522 3636 3578 delecta-

1989 3601 2133 3659 biles
2167 3605 2523 3672 mansiones,
2560 3607 2660 3678 qui
2692 3625 2797 3663 nos
2828 3610 3052 3664 vocavit
3082 3628 3183 3681 per
3212 3610 3507 3665 Christum
3541 3614 3632 3666 .Ie-

1988 3708 2119 3746 sum
2154 3692 2338 3747 Deum
2371 3698 2428 3749 ct
2456 3694 2772 3751 Dominum
2803 3704 3091 3765 nostrum,
3126 3700 3295 3769 cujus
3327 3703 3415 3754 est
3444 3699 3632 3770 gloria

1986 3778 2045 3833 in
2077 3783 2288 3837 saecula
2316 3783 2683 3838 seculorum.
2720 3788 2919 3840 Amen.

2535 3872 2777 3943 Explicit
2808 3873 3072 3931 feliciter.

229 4218 3110 4246 Μ

1061 4364 1781 4497 LEXICON
1876 4372 2794 4506 ATHANASll.

241 4682 496 4756 (Οιξμιιι,
526 4678 995 4756 Ληροόοῑειβτῷρβ
1020 4690 1082 4756 ex
1108 4677 1434 4756 coddhmss.
1457 4679 1797 4756 Bibliotheca
1828 4681 2003 4756 Regiis
2040 4684 2322 4756 Patiensis,
2354 4687 2541 4756 0_xonii
2592 4691 2731 4756 ηις,
2762 4691 2814 4739 in
2836 4692 2910 4756 ,8,
2942 4696 3068 4756 tom.
3100 4693 3185 4749 IV,
3211 4708 3262 4756 p.
3294 4696 3403 4742 201.
3434 4720 3495 4730 -
3525 4695 3648 4743 Pro-

300 4743 380 4818 dit
411 4750 721 4806 excerptum
749 4741 987 4818 sequens
1005 4755 1086 4818 εχ,
1104 4741 1219 4818 cod.
1252 4744 1395 4818 26l7,
1418 4742 1507 4804 qui
1540 4741 2160 4818 est_ezec._‘xiv,'etplura
2190 4741 2442 4818 glossaria
2474 4741 2732 4818 continet.
2766 4741 2915 4818 Prius
2944 4741 3274 4805 dicituresse
3331 4741 3650 4818 interpreta-

298 4807 376 4878 tio
410 4803 605 4878 vocum
638 4819 701 4878 ex
736 4803 1517 4878 Athanasio.depromptaru’m,
1548 4805 1640 4854 sed
1672 4807 1859 4856 multa;
1892 4803 2024 4857 sunt
2048 4822 2167 4872 quae
2191 4803 2375 4873 procul
2413 4813 2574 4864 dubio
2608 4814 2820 4865 aliunde
2850 4816 3064 4865 inserta:
3094 4803 3647 4878 suntpsicut‘ihrom-

303 4869 467 4918 nibus
493 4869 575 4917 his
608 4867 877 4932 glossariis
896 4866 1114 4928 evenit.)

724 5091 848 5139 ΤΟΥ
886 5088 975 5142 EN
1019 5088 1248 5143 ΑΓΙΟΙΣ
1292 5089 1569 5144 ΠΑΤΡΟΣ
1612 5092 1801 5143 ΠΜΩΝ
1841 5094 2253 5160 ΑΘΑΝΑΣΙΟΥ,
2296 5099 2559 5153 ΛΕΞΕΙΣ
2600 5101 3163 5160 ΕΡΜΗΝΕΥΜΕΝΑΙ.

812 5210 989 5286 Ἀρχὴ
1030 5214 1126 5265 τοῦ
1158 5209 1322 5287 ἄλφα.

319 5296 537 5367 Ἀὄδωμ
570 5297 827 5355 θάλασσα.

322 5367 719 5446 Ἀξελιιτηρίαις,Δ
736 5369 942 5446 ἀνοίας.

319 5439 949 5540 ςθξξλτέροὲηᾶνόητος,
980 5443 1042 5497 τὸ
1078 5440 1291 5519 βὲλτιον
1326 5443 1401 5515 μὴ
1435 5442 1737 5517 γινώσκων.

214 5574 221 5581 ,
319 5510 574 5585 Ἀϐἐνθή,
615 5510 777 5590 βάθη.
820 5510 828 5513 ⁷
938 5510 944 5512 ⁷
1078 5510 1087 5519 ’

322 5582 516 5659 ’Δϐής,
552 5586 826 5656 ἀσύνετος,
855 5582 1089 5647 ἀνόσιος.

573 5716 836 5776 Ρλπιοι..
885 5713 997 5774 Ga.
1046 5712 1323 5793 XXVIII.

2076 5214 2281 5298 ξΑξιοι,
2317 5223 2391 5292 μὴ
2427 5220 2664 5298 ἔχοντες,
2694 5224 3038 5298 ’ςόξαιᾴπόλε
3066 5225 3330 5297 (ἀπόλοι),

2075 5288 2389 5374 :Aépmtov,
2412 5288 2596 5374 κάἷςᾷν,
2631 5288 2798 5374 cladi;
2827 5288 3119 5374 δδφνηρόῇ.

2102 5310 2179 5346 eo
2220 5313 2379 5365 ωτον,
2412 5310 2596 5366 κακον,
2631 5310 2798 5367 anei},
2833 5310 3119 5374 ὀδυνηρόν.

2080 5310 2483 5444 ξΑξῗετςῄματι,
2507 5368 2867 5444 ῥιμαρτήματι
2901 5372 3021 5425 ἄνευ
3057 5368 3283 5444 βουλῆς.

2081 5433 2362 5517 ξΔξῇεψίά.
2396 5433 2916 5517 καρ-δίὰίπᾶῥωᾳις.

2080 5505 2432 5635 ἰλβίήχρην,
2469 5505 2697 5582 ἐὶσθενῆ·
2733 5505 2850 5567 ’καὶ
2896 5513 2959 5566 τὸ
3007 5509 3217 5571 ἀσθενὲς
3272 5509 3653 5564 κατεπέκτασιν

2080 5602 2108 5634 υ
2136 5602 2169 5635 α
2212 5602 2302 5635 ωσι-

2010 5585 2108 5634 τοῦ
2136 5582 2302 5660 axes;

3258 5712 3330 5770 51
