4002 6206
352 253 509 318 1623

1647 261 1890 322 INDEX
1934 260 2453 325 ANALYTICUS.

3600 266 3741 327 1621

1226 599 1720 725 INDEX
1846 598 2892 737 ANALYTICUS.

1158 963 1221 1025 A

432 1083 615 1133 Abdim
645 1083 794 1141 liber,
830 1086 939 1132 126.

428 1147 628 1195 Abdias
660 1146 936 1208 propheta,
968 1148 1047 1194 97.

429 1209 723 1279 Abraham,
745 1208 878 1256 liber
898 1208 1263 1279 apocryphus,
1291 1210 1406 1279 154.

430 1271 759 1318 Abstinentia
789 1271 1131 1319 continentia:
1162 1272 1359 1329 nutrix,
1393 1274 1500 1321 642.
1546 1271 1895 1320 Abstinentiae
1926 1285 2007 1319 ra-

371 1336 461 1387 tio,
494 1337 601 1381 317.

431 1396 646 1456 Λγένηον
694 1394 871 1442 differt
925 1397 990 1443 ab
1046 1393 1337 1456 ἀγέννητον,
1397 1398 1507 1445 283.
1551 1397 1624 1445 De
1682 1395 1905 1457 ἀγενήτῳ
1962 1399 2015 1444 et

367 1459 451 1519 ἀγε
460 1458 617 1517 ννήτῳ
648 1458 705 1519 111
733 1470 879 1517 seqq.

433 1520 609 1569 ACillfB
641 1518 873 1567 Silonitze
905 1518 1038 1566 liber
1067 1520 1285 1575 interiit,
1320 1523 1426 1569 156.

431 1585 559 1631 Acta
585 1581 943 1642 apostolorun
975 1582 1167 1629 dictata
1189 1598 1220 1630 a
1250 1583 1417 1638 Petro,
1453 1586 1558 1631 155.
1589 1583 1719 1632 Acta
1749 1581 2013 1643 apostolo-

372 1659 488 1694 rum
521 1644 654 1691 liber
684 1645 988 1700 cauonicus,
1020 1647 1099 1701 99,
1136 1647 1241 1694 143.

436 1707 596 1755 Adam
621 1708 823 1769 accepit
846 1705 1093 1767 pelliceas
1113 1714 1288 1755 vestes
1310 1708 1364 1754 in
1388 1706 1684 1769 symbolum
1710 1707 1911 1761 mortis,
1935 1708 2012 1754 74.

374 1770 539 1819 Adam
572 1768 723 1829 cujus
755 1770 879 1828 ligni
911 1770 1140 1817 fructum
1174 1768 1424 1825 comedit,
1455 1770 1563 1817 228.
1598 1772 1855 1818 Adamum
1888 1770 2016 1817 fuis-

374 1848 427 1940 se
458 1830 790 1940 insgalvarize
836 1830 951 1878 loco
983 1831 1248 1893 sepultum
1299 1832 1449 1880 aiunt
1480 1832 1820 1881 Hebraeorum
1852 1831 2017 1891 magi-

375 1910 398 1940 8
427 1909 486 1940 1‘].
582 1930 592 1939 .

375 1896 486 1950 stri,
514 1896 592 1941 68.

436 1956 585 2005 Addo
618 1954 748 2001 liber
776 1954 991 2010 interiit,
1020 1957 1124 2003 156.

438 2016 771 2067 Adulterium
802 2016 1109 2077 quotuplex,
1141 2019 1249 2068 238.

434 2082 797 2141 [Egyptiorum
832 2079 1203 2140 episcoporum
1233 2079 1451 2141 epistola
1480 2079 1545 2128 ad
1577 2079 1799 2128 Felicem
1824 2092 2014 2142 papam

372 2141 727 2203 supposititia;
760 2142 866 2203 609.

432 2202 655 2253 Ᾰῖῐρτιιεε
687 2204 807 2250 vitae
841 2202 1083 2261 felicitas,
1117 2204 1191 2250 92.

436 2267 619 2315 Aetius
650 2266 900 2325 carpitur,
944 2267 1049 2313 440.
1101 2265 1283 2313 Aetius
1315 2267 1565 2328 magister
1607 2265 1874 2324 Eunomii,
1906 2266 2015 2316 429.

376 2329 509 2377 Aetii
542 2328 781 2389 epistolae
814 2328 1189 2387 fragmentum,
1220 2330 1329 2376 429.

441 2390 673 2439 Affectus
703 2390 893 2437 animm
923 2389 1176 2451 quinque,
1209 2392 1318 2439 200.

435 2457 681 2514 Agapetm
708 2452 958 2499 mulieres
992 2452 1233 2508 vitandae,
1265 2454 1375 2501 304.

440 2516 618 2577 Aggmi
652 2515 941 2577 liber,127.
976 2516 1200 2575 Aggzeus
1231 2515 1504 2576 propheta,
1536 2517 1615 2564 97.

437 2576 614 2638 Alapis
643 2576 783 2623 servi
810 2576 1047 2624 libertate
1074 2578 1362 2635 donantur,
1396 2580 1505 2627 251.

437 2638 659 2687 Alleluia
689 2641 809 2699 post
838 2644 1018 2685 ternos
1048 2639 1279 2699 psalmos
1308 2640 1611 2694 dicendum,
1644 2641 1722 2687 93.

438 2702 609 2750 Aman
642 2700 695 2747 in
726 2699 860 2749 festo
891 2699 1099 2753 phurim
1122 2702 1452 2750 comburitur
1481 2716 1509 2750 a
1536 2702 1754 2753 Judzeis,
1793 2704 1895 2749 130.

437 2764 727 2813 Ambacum
758 2763 1037 2824 propheta,
1070 2768 1145 2811 97.
1178 2765 1467 2812 Ambacum
1500 2764 1650 2823 liber,
1687 2764 1791 2812 126.
1824 2763 2015 2812 Amba-

377 2840 498 2875 cum
528 2825 832 2881 liberalius,
866 2827 1222 2887 apocryphus,
1258 2830 1360 2875 151:

436 2889 749 2938 Ambrosius
779 2889 873 2943 (Β.)
905 2889 1113 2949 scripsit
1144 2893 1328 2937 contra
1358 2889 1600 2947 Arianos,
1633 2889 1742 2938 593.

439 2952 600 2999 Amos
629 2950 905 3011 propheta,
940 2953 1019 2999 97.
1050 2952 1208 2999 Amos
1237 2952 1387 3011 liber,
1426 2954 1533 3000 125.

441 3010 685 3083 A_ndreas
717 3012 834 3083 βπ),
856 3012 991 3083 'ejus
1025 3014 1355 3083 encomium,_
1377 3017 1548 3083 40261.
1576 3026 1723 3083 seqq.
1766 3010 2021 3083 Prmdicat

379 3076 431 3123 in
464 3075 659 3124 Graecia
689 3079 740 3123 et
768 3075 821 3122 in
855 3074 1200 3124 barbarorum
1234 3078 1405 3134 terris,
1437 3079 1545 3125 404.
1593 3074 1845 3124 Miracula
1891 3074 2017 3133 edit,

376 3140 484 3187 404.
520 3140 578 3185 1n
612 3137 859 3185 Achaiam
891 3139 1134 3194 mittitur,
1166 3142 1271 3188 404.
1305 3139 1458 3188 Cruci
1490 3137 1740 3198 afﬂgitur,
1772 3139 1878 3187 404.

442 3200 628 3262 Angeli
659 3199 796 3261 apud
828 3200 1184 3249 Abrahamum
1234 3204 1567 3264 apparenterg
1600 3203 1803 3264 tantum
1841 3198 2017 3247 cibum

376 3266 736 3322 sump~erunt,
769 3265 875 3316 507,
901 3264 1198 3311 508.1}reati
1223 3262 1362 3321 sunt,
1387 3266 1495 3312 218.
1525 3262 1802 3311 Mutabiles
1833 3265 1959 3309 sunt
1989 3274 2020 3308 a

374 3324 590 3389 bonoin
609 3325 825 3389 malum,
846 3326 934 3371 415
972 3326 1155 3389 Angeli
1176 3326 1473 3373 substantia
1490 3327 1671 3389 ignota
1692 3325 2017 3382 hominibus,

379 3387 484 3442 193,
507 3387 615 3441 217,
638 3386 746 3432 223.
779 3385 835 3432 In
866 3399 973 3446 quo
1005 3386 1177 3434 differt
1204 3395 1269 3436 ab
1300 3385 1535 3437 hominis
1561 3387 1876 3442 substantia,
1907 3389 2017 3434 223.

378 3448 563 3505 Angeli
597 3452 723 3494 sunt
748 3449 1065 3507 incorporei,
1092 3452 1194 3497 1621
1224 3452 1542 3505 Angelorum
1569 3450 1784 3498 ordines
1807 3462 2017 3505 novem,

379 3513 488 3580 219.
512 3510 837 3580 Arigelorum
868 3509 1080 3558 ordines
1103 3512 1251 3580 varii,
1282 3516 1357 3580 21,
1391 3516 1503 3580 223_
1535 3512 1767 3580 Angelus
1797 3512 2019 3580 estgani-

380 3572 483 3620 mal
513 3571 784 3628 rationale,
818 3584 1005 3636 expers
1038 3574 1290 3630 ruatcrim,
1323 3576 1535 3636 hymnis
1557 3574 1794 3623 dicendis
1816 3577 2022 3635 aptum,

382 3635 696 3693 immortale,
728 3636 806 3689 21.
838 3635 946 3682 223.

453 3697 643 3745 Anima
671 3696 959 3759 bestiarum
992 3710 1054 3745 ex
1086 3699 1224 3759 terra
1253 3700 1351 3755 est,
1384 3698 1487 3750 198.
1524 3698 1713 3747 Anima
1744 3696 1890 3759 quid,
1916 3698 2024 3756 198,

389 3760 494 3807 220.
528 3760 730 3808 Animae
760 3758 1053 3806 substantia
1083 3758 1264 3821 ignota
1284 3760 1607 3818 hominibus,
1644 3758 1877 3816 193,223.
1904 3760 2024 3807 Ani-

390 3835 475 3869 ma
505 3821 734 3869 hominis
765 3822 1054 3885 unde,198.
1078 3823 1279 3869 Anima:
1298 3828 1405 3871 tres
1425 3827 1602 3885 partes
1632 3827 1771 3878 sunt,
1797 3822 2027 3869 rationa-

388 3885 522 3941 bilis,
548 3884 986 3945 concupiscihilis.
1020 3883 1310 3944 irascibilis,
1337 3883 1442 3934 198.
1475 3887 1667 3933 Anima
1686 3885 1940 3933 dividitur
1970 3886 2024 3931 in

384 3947 776 4004 rationabilem,
798 3946 1130 4009 irascibilem,
1149 3948 1760 4009 concupiscibilem,515.
1786 3949 1839 3994 1n
1857 3947 2027 3995 tribus

386 4010 620 4069 corporis
642 4009 881 4071 partibus
906 4007 1126 4062 habitat,
1160 4009 1211 4056 in
1244 4007 1418 4066 corde,
1445 4012 1497 4057 in
1529 4013 1820 4071 posteriore
1841 4009 2027 4070 capitis

383 4075 549 4130 parte,
576 4071 627 4118 in
652 4070 882 4118 basilicis
906 4071 1070 4125 venis,
1093 4073 1201 4120 201.
1220 4072 1414 4120 Anima
1433 4070 1708 4121 rationalis
1725 4072 1892 4121 tribus
1911 4085 2026 4132 par-

385 4134 524 4197 tibus
555 4137 777 4191 constat,
822 4132 1155 4197 cogitatione,
1189 4135 1387 4197 animo,
1438 4135 1882 4197 concupiscentia,
1914 4137 2021 4183 515.

383 4196 625 4244 Animam
658 4208 776 4259 cum
804 4208 1029 4259 corpore
1064 4194 1281 4243 interire
1312 4198 1528 4259 quidam
1561 4194 1881 4253 existimant,
1913 4198 2023 4245 574.

382 4260 692 4306 Animarum
726 4256 1101 4305 defunctorum
1136 4256 1413 4308 mentio—ﬁt
1443 4261 1494 4307 in
1519 4260 1889 4317 oblationibus,
1913 4260 2023 4308 224.

381 4321 586 4369 Animae
619 4320 834 4368 ubinam
866 4325 990 4367 sunt
1020 4325 1139 4380 post
1168 4324 1407 4380 mortem,
1441 4324 1549 4371 221.

448 4384 601 4432 Anna
631 4382 734 4431 lilia
767 4381 1018 4433 Phanuel,
1057 4384 1163 4431 364.

446 4445 883 4493 Annuntiationis
908 4446 1121 4499 festum,
1151 4447 1259 4493 334.

383 4508 687 4616 ωᾶὶυῗωωὶ
731 4511 923 4568 putant
952 4520 1006 4555 se
1041 4507 1204 4556 Deum
1243 4520 1418 4569 nosse,
1470 4513 1525 4557 ut
1554 4509 1667 4571 ipse
1713 4521 1827 4556 sese
1856 4509 2022 4567 novit,

501 4584 528 4616 e
583 4583 731 4616 sena.

414 4571 469 4616 07
501 4573 553 4617 et
583 4583 731 4631 seqq.

446 4630 752 4679 Antichristi
782 4635 939 4688 notae,
970 4632 1077 4679 240.
1104 4630 1463 4681 Antichristus
1488 4636 1566 4681 est
1587 4632 1756 4681 bestia
1772 4632 2024 4691 Danielis,

380 4693 489 4740 253.
519 4692 871 4741 Antichristus
901 4706 963 4740 ex
995 4693 1204 4741 Galilaea
1229 4694 1477 4754 prodibit,
1509 4698 1618 4745 241.

443 4755 734 4820 Antiochus
774 4756 882 4820 adit
912 4755 1275 4820 Athanasium,
1308 4760 1415 4806 202.
1456 4756 1796 4820 Monasticam
1827 4757 2025 4820 ample-

381 4817 539 4864 ctitnr
576 4817 756 4871 vitam,
789 4818 894 4864 202.
943 4817 1142 4867 Monita
1175 4820 1366 4882 accipit
1409 4820 1474 4868 ab
1513 4819 1817 4877 Athanasio,
1853 4817 1942 4869 202
1973 4823 2026 4869 et

381 4892 531 4928 εθαα.

442 4892 1002 5013 githropomorphitm
1033 4947 1343 5013 carpuntur,
1375 4947 1483 5013 537.

442 5002 787 5068 Apocalypsis
816 5004 1089 5068 in_Pat_mo
1126 5002 1294 5053 insula
1322 5008 1518 5068 scripta
1547 5009 1644 5064 est,
1678 5008 1782 5055 153.
1819 5006 2021 5068 Apoca-

380 5066 545 5177 Ρὸιόεὶε
593 5065 815 5113 Joannis
842 5063 1090 5125 Theologi
1132 5080 1162 5114 a
1190 5069 1389 5117 sanctis
1429 5063 1677 5118 'Patribus
1711 5063 2022 5132 approbata,

442 5186 760 5251 Apocrypha
790 5200 895 5235 non
928 5185 1249 5251 damnanda,
1283 5193 1391 5240 612.

440 5249 744 5319 Apocrj’phi
770 5264 868 5319 nec
899 5249 1182 5319 approbati
1206 5264 1305 5319 nec
1337 5254 1492 5302 utiles
1522 5259 1663 5313 sunt,
1698 5258 1801 5305 155.

439 5313 1025 5389 Apollinariirdloctrina
1054 5314 1375 5389 confutatur,
1408 5319 1496 5364 458
1537 5322 1589 5365 et
1612 5331 1775 5389 seqq.
1812 5318 2026 5367 Dicebat

377 5377 736 5438 Apollinarius
763 5376 1027 5438 Christum
1051 5387 1159 5438 non
1191 5375 1502 5435 humanum,
1536 5380 1626 5427 sed
1650 5375 1885 5429 divinum
1909 5394 2021 5429 cor-

378 5436 476 5500 pus
508 5440 776 5497 habuisse,
807 5438 915 5489 458.
966 5436 1194 5485 Verbum
1243 5439 1357 5487 vice
1398 5442 1586 5491 animm
1618 5442 1781 5491 fuisse
1830 5444 1884 5490 in
1913 5456 2023 5492 cor-

374 5515 519 5562 pore.
556 5503 662 5550 459.

440 5563 827 5625 Αροιιίυθτὶεῑω
846 5561 1262 5625 impugnantur,
1296 5563 1399 5611 188.

440 5622 603 5688 Ἀ’μφώ
633 5640 735 5675 vox
766 5622 893 5688 quid
923 5622 1199 5688 signiﬁcat,
1238 5628 1282 5673 5.

445 5685 645 5749 Aquilae
677 5685 847 5735 versio
878 5687 975 5735 sub
1008 5685 1292 5745 Hadriano,
1318 5690 1407 5737 330
1431 5691 1551 5749 post
1572 5688 1694 5737 LXX
1722 5689 2022 5739 versionem

381 5750 551 5795 annis.
594 5752 697 5795 155.

446 5810 637 5867 Aquila
652 5809 918 5867 Ponticus,
936 5809 1108 5869 primo
1124 5812 1352 5873 gentilis,
1368 5818 1488 5876 post
1501 5811 1848 5870 Christianus,
1870 5814 2014 5862 exin-

2120 958 2185 1006 de
2214 957 2446 1015 .ludaeus,
2476 961 2583 1008 155.
2611 958 2779 1007 Vertit
2809 960 3155 1020 Scripturam,
3192 963 3294 1011 155.

2182 1020 2471 1069 Arbitrium
2504 1022 2734 1069 hominis
2764 1021 3009 1080 liberum,
3037 1025 3146 1070 517.

2182 1084 2394 1131 Aridam
2423 1096 2647 1146 manum
2677 1084 2947 1146 quomodo
2976 1085 3185 1133 sanavit
3212 1083 3472 1142 Christus,
3504 1088 3585 1133 54.

2187 1145 2518 1194 Aristotelem
2553 1158 2659 1193 non
2690 1145 2920 1195 sectatur
2949 1148 3298 1205 orthodoxus,
3327 1148 3421 1196 sed
3473 1151 3762 1207 veritatem,

2185 1270 2288 1333 Arii
2313 1268 2535 1333 perﬁdia
2555 1269 2741 1317 Nicaeae
2763 1269 3070 1329 damnatur,
3090 1272 3201 1320 562.
3223 1271 3329 1319 Arii
3354 1274 3643 1325 sententia,
3666 1276 3766 1323 575.

2126 1332 2213 1380 Ait
2236 1331 2490 1393 Spiritum
2514 1337 2754 1380 sanctum
2786 1347 2899 1381 esse
2930 1332 3001 1380 Fil
3025 1348 3057 1381 o
3086 1338 3139 1381 et
3164 1334 3311 1381 Patre
3342 1335 3631 1391 minorem,
3662 1339 3762 1385 590.

2121 1394 2455 1449 Confutatur,
2478 1397 2567 1443 590
2597 1398 2649 1441 et
2678 1408 2822 1457 seqq.
2861 1397 2945 1443 Ait
2968 1408 3076 1443 non
3099 1409 3213 1443 esse
3238 1397 3425 1455 Deum,
3447 1399 3560 1446 591.
3584 1398 3765 1446 Confu~

2122 1461 2282 1513 tatur,
2314 1460 2397 1505 591
2425 1460 2478 1504 et
2506 1469 2654 1518 seqq.
2684 1458 2839 1506 Arius
2869 1457 3191 1506 Constantia:
3221 1459 3693 1508 commendatione
3708 1461 3763 1508 ab

2124 1518 2496 1582 exsiliogredit,
2529 1522 2635 1569 562.
2672 1519 2758 1568 Ait
2795 1519 2980 1567 Filium
3014 1533 3121 1567 non
3154 1534 3269 1567 esse
3300 1521 3565 1582 (aqualem
3615 1524 3762 1579 Patn',

2128 1584 2231 1631 161.
2258 1580 2442 1629 Filium
2466 1594 2580 1628 esse
2604 1594 2769 1629 unum
2787 1596 2907 1630 cum
2928 1583 3079 1631 Patre
3096 1580 3404 1641 concordia,
3430 1596 3541 1631 non
3569 1590 3761 1642 natura,

2126 1646 2230 1707 101ἶ
2260 1644 2411 1707 489111
2445 1647 2675 1707 creatam
2728 1657 2865 1707 esse,
2918 1646 3021 1693 163.
3073 1644 3131 1692 Id
3178 1646 3407 1707 probare
3456 1646 3641 1695 nititur
3682 1648 3760 1695 bis

2126 1705 2334 1754 verbis:
2383 1705 2630 1754 Dominus
2678 1706 2871 1754 creavit
2920 1721 3017 1765 me,
3054 1705 3553 1766 163.—Confutatur,
3608 1712 3762 1759 163a.

2126 1781 2341 1941 ἓῖὲἳῖυε
2369 1829 2625 1878 adversus
2646 1829 2930 1879 Sabellium
2958 1834 3176 1894 pugnat,
3210 1833 3316 1880 362.
3341 1832 3448 1880 Arii
3475 1832 3586 1881 duo
3609 1838 3767 1891 erant,

2192 1953 2372 2003 Ariani
2401 1953 2796 2018 blasphemant_
2816 1954 2871 2001 in
2897 1954 3110 2018 Filium,
3144 1957 3216 2011 19,
3250 1957 3356 2005 232.
3389 1956 3563 2004 Ariani
3593 1957 3769 2018 impu-

2126 2021 2376 2080 gnantur,
2401 2018 2488 2064 183
2519 2022 2570 2064 et
2596 2030 2746 2078 seqq.
2771 2016 3146 2073 Confutantur,
3170 2021 3279 2067 545.
3315 2018 3624 2067 Arianorum
3645 2016 3769 2067 sen-

2126 2080 2306 2144 tentias
2340 2083 2881 2144 erronem_et_carum
2901 2080 3315 2144 confutationes,
3336 2084 3423 2130 554
3444 2087 3495 2129 et
3516 2095 3670 2144 seqq.

2187 2141 2543 2189 Ariomanitm.
2585 2139 2711 2190 Vide
2734 2142 2931 2190 Ariani.

2187 2203 2440 2252 Arscnius
2495 2203 2815 2266 Pegadensis
2857 2203 3069 2266 scripsit
3115 2204 3277 2253 vitam
3335 2204 3389 2252 Β.
3433 2204 3766 2268 Syneletica,

2189 2326 2501 2375 Asmodaaus
2530 2327 2761 2384 daemon,
2796 2330 2900 2377 131.

2188 2390 2489 2453 Assumptio
2524 2391 2736 2453 Moysis,
2769 2391 2904 2438 liber
2932 2390 3289 2453 apocryphus,
3326 2393 3433 2439 154.

2190 2452 2531 2509 Athanasius,
2563 2452 2809 2515 Cyrillus,
2831 2452 3115 2513 Gregorius
3142 2455 3417 2515 Nyssenus
3443 2454 3592 2501 aiunt
3608 2454 3768 2514 Spiri-

2128 2518 2238 2577 tum
2261 2520 2501 2563 sanctum
2534 2514 2757 2563 ex’Filio
2788 2515 3092 2577 procedere,
3115 2514 3222 2564 300.
3256 2516 3312 2563 Id
3344 2516 3538 2564 refutat
3561 2516 3766 2564 Graecu-

2127 2576 2223 2640 lus,
2256 2580 2365 2626 300.
2413 2577 2536 2640 Ejus
2566 2576 2903 2640 epistolaad
2955 2578 3302 2635 Serapionem
3349 2578 3610 2634 laudatur,
3659 2580 3763 2626 301.

2128 2639 2456 2703 Athanasius
2476 2653 2749 2703 successor
2773 2639 3081 2703 Alexandri,
3103 2644 3211 2688 574.
3233 2640 3508 2689 Athanasii
3540 2645 3595 2688 et
3621 2641 3765 2703 Egy-

2129 2702 2358 2774 ptiorurn
2383 2701 2691 2774 pontiﬁcum
2712 2702 2931 2774 epistola
2952 2703 3274 2774 a‘d_h1.arc_um
3297 2717 3506 2765 papam,
3532 2701 3765 2774 supposi-

2128 2764 2217 2822 tia,
2241 2766 2348 2815 598.
2378 2764 2651 2812 Athanasii
2674 2764 2898 2825 epistola
2928 2765 2994 2813 ad
3024 2765 3289 2813 Liberium
3311 2764 3499 2827 papam
3533 2767 3763 2827 supposi-

2128 2827 2260 2890 titia,
2293 2829 2401 2875 607.
2440 2827 2710 2875 Athanasii
2740 2831 2792 2875 et
2820 2828 3188 2890 [Egyptiorum
3209 2828 3313 2876 alia
3342 2827 3565 2890 epistola
3593 2828 3653 2875 ad
3673 2828 3761 2875 ,Ια-

2129 2889 2254 2936 lium
2304 2903 2494 2951 papam
2549 2889 3062 2951 supposititia.i607.
3114 2889 3391 2939 Athanasii
3438 2890 3655 2952 epistola
3701 2890 3762 2938 ad

2129 2953 2437 3012 episcopum
2471 2952 2745 2999 Persarum
2777 2952 3131 3014 supposititia,
3162 2956 3272 3001 650.

2130 3014 2430 3124 32{Neritia
2459 3018 2537 3062 est
2565 3014 2893 3071 insatiabilis,
2925 3016 3034 3063 623.
3058 3016 3320 3063 Monacho
3354 3014 3630 3076 fugienda,
3658 3014 3759 3071 320,

2190 3138 2408 3201 Aurum,
2443 3138 2565 3186 thus
2613 3140 2665 3186 et
2693 3138 2910 3200 myrrha
2953 3137 3157 3188 Christo
3200 3138 3389 3196 oblata,
3442 3143 3499 3187 ut
3534 3138 3679 3201 Regi,
3710 3142 3763 3186 ut

2131 3200 2252 3259 Deo,
2286 3204 2345 3249 ut
2372 3199 2592 3259 homini,
2624 3202 2732 3249 355.

2192 3386 2366 3434 Balnei
2398 3400 2526 3435 usus
2555 3399 2705 3434 rarus
2736 3386 3027 3445 monachis,
3061 3391 3167 3437 306.

2193 3450 2507 3510 Baptismus.
2537 3449 2597 3498 In
2618 3449 2881 3510 baptismo
2902 3454 2987 3499 ter
3006 3450 3184 3499 infans
3203 3451 3260 3497 in
3282 3449 3533 3512 piscinam
3564 3450 3765 3498 immer-

2130 3512 2371 3574 gebatnr,
2403 3513 2512 3560 273.
2535 3512 2801 3572 Baptisms
2821 3525 2915 3574 per
2938 3511 3357 3568 immersionem,
3388 3512 3574 3562 391.1n
3602 3511 3761 3574 bapti-

2133 3588 2247 3623 smo
2279 3578 2549 3623 exuuntur
2579 3574 2813 3622 vestibus
2842 3575 2968 3633 suis,
3002 3578 3111 3624 396.

2195 3637 2512 3700 Βθρῐὶεωίῐιι
2540 3636 2657 3700 tria,
2692 3650 2862 3698 aquae,
2912 3638 3204 3700 sanguinis,
3253 3636 3615 3699 lacrymarnm,
3655 3637 3755 3685 233.

2133 3699 2458 3760 Baptismata
2479 3699 2642 3755 varia,
2674 3701 2782 3748 275.

2198 3761 2397 3809 Baruch
2430 3776 2490 3809 ex
2532 3774 2621 3809 ore
2666 3761 2906 3809 Jeremiaa
2949 3762 3224 3823 scriptum,
3263 3761 3370 3811 128.
3415 3762 3605 3809 Bamch
3632 3760 3754 3807 liber

2133 3824 2286 3894 alius,
2318 3824 2674 3894 apocryphus,
2696 3826 2811 3894 154.

2199 3884 2659 3948 Basansigniﬁcat
2688 3884 3079 3946 turpitudinem,
3110 3888 3220 3935 270.

2200 3947 2838 4011 Basilides’impugnatur,
2873 3951 2980 3997 186.

2199 4010 2420 4059 Basilius
2450 4009 2702 4059 Caesareae
2733 4010 2996 4065 laudatur,
3031 4012 3137 4059 319.
3171 4010 3377 4059 Dictum
3408 4009 3533 4069 ejus,
3562 4010 3659 4056 322.

2198 4073 2475 4121 Beatitudo
2508 4077 2626 4135 post
2655 4077 2877 4121 mortem
2906 4072 3078 4121 solum
3110 4071 3402 4131 obtinetur,
3429 4071 3502 4121 87.

2198 4134 2585 4184 Benedictionis
2616 4149 2812 4183 mensas
2841 4136 3029 4193 forma,
3061 4136 3137 4182 89.

2197 4197 2416 4260 Berytus
2445 4198 2571 4246 urbs
2604 4198 2895 4246 Antiochiaa
2927 4196 3212 4260 vectigalis,
3244 4198 3354 4246 289.

2197 4256 2572 4320 Blasphemant
2591 4261 2683 4322 qui
2713 4260 2917 4317 dicunt,
2938 4256 3390 4322 Gahr‘ieliwem
3420 4257 3573 4306 fuisse
3596 4256 3749 4322 hypo-

2200 4270 2572 4320 Blaspnemant
2591 4273 2683 4322 qui
2713 4270 2917 4317 dicunt,
2938 4270 3161 4309 Gabrien
3307 4272 3390 4307 em
3420 4270 3573 4306 luisse
3596 4270 3743 4318 hypo-

2132 4323 2296 4370 stasin
2330 4322 2420 4370 Dei
2453 4323 2626 4379 Verbi,
2658 4322 2765 4371 338.
2799 4270 3493 4432 Blasphemareycb‘ilinm,
3519 4323 3591 4369 est
3618 4318 3743 4389 blas-

2132 4384 2382 4432 nhemare
2412 4384 2467 4432 in
2497 4389 2737 4432 sanctam
2778 4385 3105 4432 Trinitatem.
3140 4388 3161 4432 1
3203 4419 3215 4430 .
3256 4384 3355 4432 Oui
3386 4382 3743 4432 blasphemnam

2132 4384 2382 4445 phemare
2412 4384 2467 4432 in
2497 4389 2737 4432 sanctam
2778 4382 3105 4442 Trinitatem,
3140 4382 3215 4432 19.
3256 4384 3355 4441 Qui
3386 4382 3744 4444 blasphemiam

2133 4447 2261 4495 dicit
2292 4447 2519 4510 abnegat
2539 4452 2775 4496 sanctam
2806 4447 3132 4505 Trinitatem,
3161 4450 3239 4506 20,
3267 4447 3379 4495 233.

2923 4548 2974 4611 G

2194 4632 2319 4681 Cain
2350 4631 2617 4696 quomodo
2647 4632 2841 4696 septies
2872 4634 3109 4696 punitur,
3140 4636 3246 4683 267.

2194 4691 2446 4759 Calvariae
2476 4695 2622 4745 locus
2650 4691 2843 4759 in'quo
2864 4691 3127 4759 sepultum
3157 4696 3321 4745 fuisse
3342 4695 3588 4745 Adamum
3607 4691 3748 4740 aiunt

2135 4758 2475 4806 Hebraeorum
2513 4758 2766 4821 magistri,
2799 4762 2875 4807 68.

2194 4820 2458 4869 Canonica
2487 4820 2692 4877 mulier,
2725 4821 2833 4869 238.

2192 4883 2465 4931 Canticum
2496 4883 2842 4939 canticorum,
2873 4882 3009 4931 liber
3037 4883 3345 4937 canonicus,
3390 4885 3465 4931 97.
3500 4879 3746 4928 Canticum

2130 4944 2422 4995 Salomonis
2453 4959 2515 4993 ex
2546 4945 2661 4994 aliis
2692 4945 2910 4993 canticis
2940 4945 3212 5004 selectum,
3247 4948 3353 4994 156.
3384 4944 3639 4993 Canticum
3657 4941 3743 5004 Sa-

2133 5007 2378 5063 lomonis,
2413 5010 2519 5055 122.
2554 5007 2849 5056 Prudenter
2874 5008 3156 5067 legendum
3186 5002 3241 5056 et
3277 5002 3747 5070 allegoriceintelli:

2131 5070 2382 5132 gendum,
2417 5073 2521 5119 122.
2553 5070 2873 5133 Conjugium
2896 5066 3050 5120 Verbi
3080 5084 3199 5119 cum
3229 5066 3650 5121 carne'declarat,
3668 5066 3749 5112 122

2132 5136 2184 5181 et
2212 5145 2363 5181 seua.

2192 5146 2342 5243 8:1ng
2353 5170 2542 5243 Christi
2573 5192 2862 5252 adoranda,
2894 5193 3185 5256 quomodo,
3218 5196 3264 5243 2.

2192 5256 2583 5305 Catechumena
2611 5270 2721 5304 non
2751 5262 2867 5305 orat
2897 5270 3015 5304 cum
3048 5256 3304 5305 ﬁdelibus.
3337 5259 3415 5305 90.

2193 5319 2461 5367 Catholica
2485 5319 2729 5381 epistola,
2759 5321 2835 5367 22.
2866 5319 3144 5367 Catholica:
3166 5320 3402 5381 epistolae
3432 5321 3626 5378 septem
3652 5325 3750 5362 uno

2133 5381 2401 5429 volumine
2439 5380 2986 5443 comprehenduntur.
3016 5385 3093 5435 99,
3126 5380 3233 5431 144.

2194 5440 2881 5506 Cataphryges'propbetas
2927 5449 3045 5506 post
3073 5444 3354 5492 Dominum
3406 5440 3750 5491 introducunt.

2134 5507 2239 5569 123.
2271 5506 2632 5569 Cataphryges
2660 5506 3061 5568 impugnantur,
3101 5509 3205 5554 187.

2194 5565 2525 5677 Census-sub
2543 5565 2801 5631 Augusto,
2818 5565 2935 5618 346.
2955 5569 3295 5619 Necessarias
3314 5567 3429 5627 fuit,
3452 5568 3561 5617 347.
3580 5565 3755 5624 Quare,

2194 5691 2613 5754 Chirographum
2644 5691 2790 5754 quid,
2824 5694 2934 5740 276.

2192 5753 2474 5803 Christiani
2497 5753 2713 5803 biennio
2731 5758 2851 5802 ante
2866 5753 3127 5803 excidium
3143 5753 3646 5814 Jerosolymitanum
3665 5764 3759 5801 mo-

2130 5823 2327 5866 nentur
2357 5818 2423 5867 ad
2454 5830 2676 5880 regnum
2706 5818 2953 5880 Agrippas
2982 5817 3289 5880 confugere,
3310 5816 3755 5867 297.Christianas
