4002 6206
259 299 419 364 1629

318 431 629 500 Mariba‘dus
657 433 918 500 diaconus
939 448 978 500 _a
1006 436 1196 500 Vigilio
1227 438 1550 495 confutatus.
1584 444 1692 491 592.

327 496 1097 568 itarmariceefen‘tapoleos,‘
1125 502 1199 549 ibi
1255 516 1477 565 corpora
1535 519 1639 552 non
1688 512 1911 568 possunt

254 559 411 621 aquis
443 559 700 618 demergi,
732 561 841 608 247.

324 623 598 670 Maternus
629 635 783 683 papa,
815 626 926 672 5'74.

323 684 589 732 Matutina
617 684 765 740 hora,
799 688 877 734 93.

324 745 499 816 Media
527 751 685 794 nocte
734 749 1063 816 surgendum
1112 751 1285 816 estad
1328 752 1611 811 orandum,
1662 754 1787 816 quia
1810 754 1911 801 ista

259 808 394 857 hora
423 813 505 856 est
536 808 945 858 resurrectionis
977 812 1207 862 Dominit
1227 816 1304 862 93.

324 871 677 919 Melchisedec
706 870 904 927 fabula,
939 875 1041 922 189.

323 934 570 981 Meletius
596 934 964 995 impugnatur,
994 939 1069 984 24.

329 997 534 1053 Melete,
566 997 727 1044 vestis
758 1000 1158 1057 monachorum,
1195 1002 1304 1049 311.

323 1058 525 1106 Mensas
558 1060 940 1108 monachorum
974 1062 1123 1116 ritus,
1156 1066 1264 1111 312.

320 1121 567 1183 Michaaas
593 1123 869 1182 propheta,
904 1124 983 1170 97.
1014 1125 1248 1173 Micheeze
1280 1124 1432 1183 liber,
1465 1128 1572 1174 126.

319 1182 583 1248 Monacho
617 1183 894 1248 mulierum
944 1187 1209 1248 colloquia
1241 1182 1475 1242 vitanda,
1506 1191 1616 1236 304.
1668 1188 1912 1237 Monachi

258 1244 347 1307 olli
362 1246 463 1299 cia,
496 1248 603 1308 304,
636 1248 743 1295 307.
776 1246 1019 1296 Monachi
1052 1244 1277 1305 habitus,
1309 1255 1413 1300 305.
1446 1252 1725 1298 'l‘onsionis
1762 1265 1910 1308 usus,

256 1310 364 1373 305.
386 1307 678 1373 Monachus
699 1322 729 1356 a
750 1310 999 1357 carnibus
1021 1312 1298 1367 abstineat,
1319 1316 1426 1361 305.
1452 1316 1506 1360 ln
1529 1327 1823 1373 catunonam
1847 1307 1912 1362 ne

253 1370 603 1437 ingrediatur,
634 1373 743 1420 306.
794 1373 1083 1421 Monachus
1126 1389 1314 1437 agrum
1358 1390 1422 1422 ne
1473 1370 1762 1437 possideat,
1795 1380 1905 1425 306.

253 1432 530 1481 MOnachis
550 1438 827 1481 contactus
848 1448 1101 1483 manuum
1126 1432 1439 1498 prohibitus.
1474 1432 1581 1487 310.
1624 1439 1907 1486 Monacho-

254 1509 374 1560 rum
410 1500 716 1560 paupertas,
746 1499 855 1560 311.
886 1498 1217 1560 Ohedientia,
1248 1502 1355 1547 311.
1404 1500 1640 1548 Monachi
1687 1501 1908 1549 lenticu-

257 1558 429 1606 larum
465 1571 628 1617 grana
648 1558 967 1607 etfundentis
1000 1558 1234 1619 historia,
1259 1564 1365 1611 312.
1404 1563 1648 1612 Monachi
1674 1577 1782 1612 non
1822 1564 1910 1611 de-

258 1620 390 1669 bent
421 1621 532 1667 loco
566 1622 763 1669 moveri
787 1622 1034 1679 subinde,
1065 1625 1173 1672 637.

322 1683 608 1731 Montanus
640 1688 692 1731 et
723 1684 974 1743 Priscilla,
1011 1688 1117 1734 187.

325 1745 635 1807 Montensis,
668 1745 719 1792 id
750 1750 830 1794 est
864 1748 1156 1807 Donatista,
1187 1751 1278 1798 542
1308 1748 1359 1795 in
1391 1751 1540 1797 notia.

326 1806 536 1870 Moyses
564 1809 774 1870 scripsit
800 1809 991 1857 librum
1022 1812 1300 1867 Geneseos,
1336 1815 1438 1860 100.
1464 1812 1648 1867 Exodi,
1680 1815 1784 1861 101.
1817 1813 1912 1860 Le-

262 1868 429 1925 vitici,
462 1872 564 1918 102.
596 1868 967 1929 Numerorum,
1006 1876 1110 1921 103.
1144 1874 1633 1929 Deuteronomium,
1676 1878 1779 1923 105.

330 1931 514 1999 Mundi
544 1937 667 1999 ante
699 1934 991 1999 adventum
1020 1936 1212 1984 Christi
1244 1937 1434 1999 imago,
1468 1941 1579 1995 345,
1609 1939 1718 1986 346.

327 1994 515 2042 Muthii
547 1994 789 2054 historia,
822 1999 930 2046 313.

1064 2080 1122 2143 Ν

326 2178 850 2243 Nahumpropheta,
881 2186 959 2233 97.
982 2183 1187 2231 Nahum
1219 2182 1373 2243 liber,
1408 2187 1513 2235 126.

325 2242 561 2290 Nathani
594 2242 712 2291 libri
741 2244 1076 2302 interierunt,
1112 2249 1216 2293 156.

327 2303 529 2369 Natura
555 2304 702 2367 quid,
738 2309 843 2357 194.
866 2308 1065 2356 Natura
1094 2310 1267 2356 divina
1293 2308 1515 2369 simplex
1538 2312 1619 2357 est
1646 2310 1915 2358 etincom-

262 2367 437 2432 posita
454 2380 556 2432 nec
580 2368 993 2432 circumscripta,
1012 2374 1120 2420 354.
1140 2372 1338 2419 Natura
1355 2367 1410 2418 in
1424 2371 1633 2420 Christo
1659 2385 1781 2430 una,
1806 2386 1914 2421 non

263 2430 401 2495 duas,
443 2432 487 2495 1_.
520 2431 719 2479 Natura
747 2430 1035 2495 incarnata,
1072 2438 1114 2482 1.
1161 2434 1449 2483 Adoranda
1481 2448 1598 2482 cum
1631 2448 1787 2484 carne
1820 2449 1915 2484 sua

263 2492 584 2541 adoratione
618 2507 739 2550 una,
774 2497 815 2542 1.

328 2554 491 2601 Nicaei
527 2555 701 2603 Patres
724 2570 949 2605 numero
978 2560 1065 2606 318
1099 2562 1264 2615 erant,
1298 2561 1405 2607 440.

326 2615 558 2683 Nicaeum
592 2616 712 2665 ﬁdei
758 2618 1001 2681 quaedam
1049 2620 1256 2683 adjecta
1303 2624 1447 2681 sunt,
1482 2622 1588 2669 441.
1639 2621 1914 2669 Νἱοωηυω

269 2679 586 2739 symbolum,
616 2684 724 2738 564,
756 2679 865 2731 579.

330 2741 648 2807 Nicodamus
680 2745 906 2806 propriis
927 2743 1173 2793 manibus
1195 2745 1481 2807 imaginem
1513 2745 1745 2793 cruciﬁxi
1768 2758 1911 2794 com-

309 2804 465 2860 osuit,
498 2806 607 2851 297.

270 2815 948 2931 pfﬁggatiiggimpugnatur,
967 2866 1069 2917 186.
1086 2869 1323 2917 Novatus
1338 2868 1508 2931 rejicit
1522 2869 1911 2931 pmnitentiam,

270 2928 489 2993 19,232.
522 2929 710 2993 Novitii
744 2930 1056 2978 admittendi
1087 2932 1237 2989 ritus,
1272 2934 1359 2980 310
1392 2928 1443 2979 et
1467 2928 1616 2993 seqq.

332 2990 571 3057 Numeri,
595 2991 1052 3057 libercanonicus,
1070 2995 1147 3042 96.
1166 2993 1518 3042 Numerorum
1538 2990 1668 3043 liber
1686 3008 1715 3041 a
1732 2992 1912 3057 Moyse

269 3053 621 3114 conscriptus,
659 3055 764 3103 103.

332 3236 645 3285 Obedientia
672 3241 1079 3299 monachorum,
1111 3244 1219 3291 311.

331 3299 658 3348 Obtrectatio
686 3303 921 3361 vitanda,
955 3306 1062 3353 405.

330 3363 584 3472 Οιζωρυε
618 3377 771 3412 mons
802 3366 992 3428 Lycize,
1042 3367 1129 3414 ubi
1160 3380 1297 3429 aqua
1333 3371 1383 3416 et
1412 3367 1549 3430 ignis
1596 3366 1754 3414 simul
1784 3379 1909 3415 con-

330 3429 391 3472 ste
434 3429 544 3474 ant.
574 3428 682 3474 247.

266 3423 544 3481 sistebant,
574 3428 682 3474 247.

329 3488 618 3552 Ομοιορσιου
652 3487 708 3535 id
743 3491 833 3552 est,
873 3490 1173 3538 substantia
1202 3490 1387 3547 simile,
1440 3491 1800 3552 impugnatur,
1832 3492 1912 3539 24.

331 3550 620 3610 Ομοούσιου,
642 3551 785 3612 apud
803 3551 1009 3599 Graecos
1030 3553 1267 3600 eamdem
1293 3550 1535 3600 naturam
1558 3550 1809 3613 declarat,
1834 3555 1908 3600 24.

330 3613 507 3678 Oratio
537 3626 600 3678 ex
626 3616 792 3678 morte
830 3612 1099 3678 hominem
1131 3616 1338 3674 liberat,
1360 3617 1438 3664 86.
1470 3612 1817 3678 Eleemosyna
1848 3629 1913 3663 ex

269 3679 439 3737 morte
451 3674 721 3738 hominem
734 3675 938 3731 liberat,
957 3676 1034 3725 86.
1049 3678 1324 3725 Orationes
1338 3679 1475 3725 inter
1487 3674 1820 3738 psallendum
1832 3680 1908 3728 93.

267 3737 526 3847 30grandi
546 3739 678 3787 ritus
708 3739 1090 3787 monachorum
1121 3741 1175 3788 in
1204 3742 1425 3802 Egypto
1453 3737 1504 3788 et
1537 3742 1590 3787 in
1619 3740 1902 3799 Thebaide,

329 3859 674 3927 Orientalium
706 3862 1075 3927 episcoporum
1118 3863 1339 3925 epistola
1370 3864 1435 3912 ad
1464 3864 1660 3913 Julium
1696 3878 1909 3927 papam,

265 3923 621 3984 supposititia,
652 3925 757 3971 602.

368 3938 621 3984 postuma,
652 3938 757 3971 ουκ.

327 3938 579 4046 8118811811
610 3984 636 4032 ὁ
660 3985 822 4043 ἄθλιος
851 3998 1131 4047 poenarum
1179 3986 1339 4037 ﬁnem
1370 3989 1663 4047 constituit,
1701 3990 1771 4046 13,
1804 3990 1912 4037 232.

327 4048 461 4111 Osee
493 4049 771 4109 propheta,
805 4051 883 4097 97.
911 4049 1056 4097 Oscae
1087 4050 1235 4111 liber,
1271 4054 1377 4100 125.

324 4110 481 4159 Osius
510 4112 747 4173 carpitur
771 4112 839 4159 ob
870 4111 1100 4174 lapsum,
1132 4116 1239 4161 535.

1070 4241 1119 4303 P

323 4359 588 4470 Pallggilsus
616 4361 846 4410 Arianus
878 4362 1157 4424 episcopus
1178 4363 1391 4425 scripsit
1409 4365 1594 4411 contra
1620 4363 1671 4411 Β.
1695 4363 1912 4413 Ambro-

323 4435 415 4470 ιω.
542 4457 555 4470 .

257 4422 415 4478 sium,
444 4425 555 4471 593.

324 4485 570 4548 Pauepho
601 4484 728 4548 urbs
758 4486 981 4548 Egypti.
1019 4490 1127 4536 313.

324 4547 590 4596 Parabolas
620 4547 941 4604 Salomonis,
971 4549 1100 4597 liber
1128 4549 1438 4607 canonicus,
1472 4552 1548 4597 97.

324 4611 602 4658 Paradisus
633 4624 743 4657 non
774 4615 854 4659 est
881 4612 935 4659 in
967 4613 1131 4669 caelis,
1150 4615 1259 4661 228.
1292 4612 1571 4661 Paradisus
1596 4625 1829 4674 quonam
1850 4613 1905 4661 in

262 4671 379 4719 loco
405 4677 564 4733 esset,
594 4675 701 4721 227.

321 4734 759 4797 Paralipomenon
781 4734 983 4795 primus
1005 4739 1056 4783 et
1075 4737 1343 4785 secundus
1358 4749 1453 4797 pro
1472 4749 1578 4783 uno
1595 4740 1909 4797 computan-

257 4798 344 4844 tur
366 4798 501 4845 libro
524 4798 804 4858 canonico,
826 4801 901 4846 96.
920 4798 1353 4860 Paralipomenon
1381 4798 1517 4857 libri,
1539 4798 1906 4862 παραλειπόμε-

255 4873 349 4915 vat,
388 4862 495 4907 1l3.
1044 4890 1047 4893 ί

319 4922 601 4970 Parentum
637 4934 786 4969 amor
813 4925 1066 4983 quantus,
1100 4925 1208 4972 365.

316 4984 591 5040 Parmmia,
624 4998 717 5032 cur
745 4984 822 5033 ita
852 4988 1087 5045 vocetur,
1122 4990 1226 5033 118.

316 5046 634 5095 Particulare
665 5046 817 5109 quid,
852 5049 960 5095 194.

319 5109 468 5157 Pater
498 5108 768 5170 quomodo
799 5113 880 5155 est
924 5109 1037 5157 Filii
1072 5108 1229 5163 Deus.
1266 5113 1336 5159 14.
1391 5110 1479 5158 Est
1509 5108 1655 5156 radix
1710 5114 1761 5158 et
1792 5110 1912 5159 fons

254 5171 370 5219 Filii
402 5176 453 5219 et
483 5171 712 5235 Spiritus
734 5171 934 5235 sancti,
959 5174 1038 5235 35.
1068 5174 1172 5220 Cur
1200 5173 1394 5220 dicitur
1424 5174 1588 5227 Pater,
1622 5171 1733 5220 284.
1757 5174 1910 5223 Solus

250 5238 329 5282 est
359 5247 542 5285 causa.
574 5235 682 5284 284.
732 5234 900 5287 Pater,
934 5234 1112 5292 Filius,
1163 5241 1213 5284 et
1244 5235 1471 5296 Spiritus
1503 5238 1721 5282 sanctus
1751 5238 1908 5285 simul

250 5302 451 5353 creant,
484 5299 593 5345 450.
624 5298 778 5345 Pater
800 5300 852 5344 et
872 5296 1038 5345 Filius
1068 5304 1193 5345 sunt
1216 5311 1355 5345 unus
1390 5299 1541 5354 Deus,
1563 5300 1673 5345 444.
1700 5298 1904 5346 Patrem

249 5362 303 5407 et
336 5359 521 5407 Filium
553 5359 643 5421 qui
676 5362 836 5417 negat
864 5363 943 5407 est
973 5361 1341 5419 antichristus,
1376 5362 1486 5409 543.

312 5421 479 5469 Patris
512 5420 694 5470 Muthii
725 5420 965 5479 historia,
999 5424 1107 5470 313.

314 5483 649 5538 Patriarchse,
706 5483 949 5532 fortassis
1003 5486 1407 5534 Testamentum
1458 5483 1902 5546 patriarcharum,

244 5544 381 5593 liber
411 5546 762 5609 apocryphus.
800 5548 903 5595 154.

310 5607 505 5657 Paulus
527 5607 814 5671 Epistolam
848 5610 907 5671 sd
941 5609 1212 5656 Romanos
1242 5609 1493 5656 Corintho
1525 5607 1757 5667 scripsit,
1792 5611 1901 5657 146.

244 5670 435 5719 Paulus
466 5670 669 5730 Epist.l
700 5670 766 5718 ad
788 5670 1092 5719 Corinthios
1110 5671 1297 5732 Ephesi
1319 5671 1544 5732 scripsit,
1575 5672 1677 5718 143.
1701 5670 1898 5718 Secun-

242 5732 366 5781 dam
387 5734 451 5781 ad
469 5734 771 5781 Corinthios
788 5747 850 5779 ex
876 5734 1198 5789 Macedonia,
1226 5736 1327 5784 148.
1356 5733 1639 5794 Epistolam
1665 5732 1897 5781 8110818-

244 5803 327 5843 tas
348 5796 546 5850 Romze.
570 5799 674 5843 149.
695 5796 769 5843 Ad
794 5794 1049 5855 Ephesios
1074 5796 1271 5856 Roma),
1298 5798 1405 5844 149.
1431 5796 1508 5844 Ad
1534 5795 1898 5857 Philippenses

244 5857 446 5916 Romm,
474 5863 577 5909 149.
596 5859 672 5907 Ad
689 5859 1027 5906 Colossenses
1049 5859 1249 5917 Romae,
1275 5862 1381 5908 150.
1402 5859 1625 5907 Primam
1648 5857 1713 5905 ad
1729 5858 1889 5907 Thes-

243 5920 623 5979 salonicenses,
648 5920 887 5979 Athenis,
917 5924 1019 5970 150.
1040 5920 1338 5971 Secundam
1368 5920 1432 5970 ad
1449 5919 1885 5971 Thessalonicen-

1555 309 1797 374 INDEX
1842 309 2366 380 ANALYTICUS.

3510 328 3669 392 1630

2022 460 2122 516 ἷξε.
2162 449 2353 516 Romae.
2391 453 2496 500 151.
2522 452 2599 501 Ad
2633 454 2902 512 Hebraeos,
2935 469 2999 505 ex
3022 456 3185 513 Italia,
3212 461 3317 508 151.
3351 459 3574 508 Primam
3598 461 3664 510 ad

2020 510 2391 579 Tanathenm,
2414 516 2463 561 in
2498 517 2827 570 Macedonia.
2862 510 2965 569 152.
2993 510 3291 569 Secundam
3322 522 3525 579 Romae,
3559 528 3666 571 152.

2024 575 2099 642 μ
2132 574 2749 642 fratuminmpon.153.
2804 583 2878 629 Ad
2916 583 3271 631 Philemonem
3323 574 3522 642 Romae;
3557 590 3661 635 15:1.

2022 636 2177 709 Pauli.
2200 642 2279 709 est
2310 636 2629 709 Epistolaad
2662 643 2928 701 Hebraeos,
2961 649 3067 709 411.
3096 647 3238 709 Pauli
3269 636 3664 709 Epistolaa'qua-

2023 699 2317 748 tuordecim
2353 699 2621 752 volumine
2652 719 2760 754 uno
2790 699 3335 770 comprehenduntur,
3379 712 3457 771 99,
3492 699 3579 760 116
3615 716 3667 761 et

2022 774 2279 898 sig-nilus
2319 826 2705 898 Samosatensis
2750 830 3011 898 synodum
3065 833 3446 883 Antiochenam
3483 833 3665 898 dolore

2024 886 2300 957 afﬁciebat,
2334 891 2410 936 25.
2440 889 2563 950 Ejus
2591 886 2860 957 sententia
2888 894 3247 957 impugnatur,
3267 900 3344 947 26.
3376 897 3458 945 Ait
3491 896 3668 945 Salva-

2026 952 2193 1019 torcm
2227 963 2343 1019 esse
2363 964 2566 1019 merum
2591 953 2880 1019 hominem,
2904 952 2978 1003 31.
3009 952 3493 1019 Impugnatur,184.
3522 959 3665 1008 Pauli

2026 1012 2409 1060 Samosatensis
2440 1018 2719 1073 sententia,
2751 1020 2861 1065 339.

2087 1075 2414 1143 Pauperibus
2438 1090 2602 1143 quam
2628 1080 2860 1127 ecclesiis
2889 1080 3015 1129 dare
3046 1082 3417 1143 praestabilius,
3450 1086 3559 1133 235.

2090 1140 2373 1197 Paupertas
2400 1141 2801 1199 monachorum,
2828 1145 2935 1190 311.

2089 1202 2395 1266 Peccatores
2419 1206 2471 1249 et
2501 1202 2585 1266 hic
2614 1208 2666 1251 et
2696 1205 2747 1251 in
2782 1204 2958 1252 futura
2980 1205 3087 1252 vita
3108 1204 3360 1266 infelices,
3378 1208 3454 1257 92.
3483 1208 3666 1256 Pecca-

2025 1269 2166 1331 tores
2197 1263 2257 1331 in
2281 1265 2670 1331 resurrectione
2704 1280 2810 1331 non
2836 1280 2890 1331 se
2914 1271 3106 1331 mutuo
3147 1263 3487 1331 cognoscent,
3519 1273 3630 1319 221.

2086 1327 2359 1374 Peccatum
2394 1327 2595 1373 nullum
2618 1328 2993 1383 irremissibile,
3026 1331 3103 1387 20,
3138 1327 3245 1379 233’.

2089 1389 2390 1455 Pentapolis
2423 1389 2770 1455 Marmarices,
2823 1392 2977 1439 isthic
3024 1405 3130 1440 non
3183 1397 3408 1453 possunt
3441 1407 3665 1455 corpora

2026 1452 2176 1514 aquis
2207 1452 2457 1507 demergi,
2491 1454 2597 1499 247.

2094 1516 2338 1578 Persona:
2362 1518 2468 1578 tres
2498 1518 2640 1578 sunt
2668 1527 2809 1561 unus
2858 1515 2996 1563 Deus
3045 1519 3097 1562 et
3127 1529 3265 1564 unus
3314 1518 3584 1578 Dominus,
3616 1522 3665 1569 6.

2028 1577 2274 1624 Persona:
2303 1576 2573 1624 Trinitatis
2604 1576 2829 1638 singulas
2861 1578 3077 1638 Spiritus
3106 1582 3381 1637 vocantur,
3414 1583 3521 1630 533.

2091 1638 2224 1686 Petri
2256 1637 2376 1685 duae
2408 1639 2644 1697 epistola:
2676 1637 2969 1697 catholicae,
2992 1642 3068 1697 99,
3103 1642 3212 1697 144,
3247 1644 3352 1690 145.

2091 1653 2224 1686 rem
2256 1653 2376 1685 quas
2408 1653 2434 1685 e
2480 1653 2644 1687 istoiaz
2676 1653 2969 1697 catnoucte,
2992 1653 3068 1697 99,
3103 1653 3212 1697 144,
3247 1653 3352 1690 145.

2091 1700 2386 1763 Photiniani
2412 1653 2781 1762 bfasphemant
2812 1703 2863 1749 in
2896 1702 3082 1749 Filium
3117 1704 3223 1763 Dei,
3264 1706 3340 1763 19,
3369 1706 3477 1755 232.

2086 1763 2342 1829 Photinus
2373 1762 2655 1829 haereticus
2685 1764 3007 1823 confutatur,
3038 1767 3147 1824 540,
3179 1770 3269 1816 574
3305 1762 3356 1815 et
3390 1780 3541 1829 seqq.

2088 1825 2294 1874 Photini
2326 1826 2559 1883 haeresis,
2595 1829 2703 1875 575.

2128 1888 2189 1934 br

2088 1889 2318 1997 Phryges
2347 1889 2747 1951 impugnantur,
2780 1891 2887 1935 187.

2087 1950 2431 2013 Phy‘acteria,
2451 1964 2569 2013 quae
2588 1955 2712 1999 sunt
2726 1950 2936 1999 vincula
2952 1950 3270 2011 animarum,
3295 1951 3666 2013 prohibentur,

2023 2012 2132 2061 304.
2175 2011 2294 2060 Vide
2320 2011 2487 2061 notas.

2086 2074 2299 2123 Pietatis
2328 2075 2462 2124 laus.
2499 2077 2602 2123 158.

2086 2136 2575 2247 Pittiophznsffbatis
2604 2136 2843 2195 historia,
2866 2139 2973 2187 313.
3007 2136 3259 2199 Pinophas
3280 2137 3581 2188 adhortatio
3603 2138 3669 2188 ad

2086 2214 2145 2246 »γι
2176 2213 2302 2247 tum.
2431 2234 2443 2246 .

2023 2200 2302 2255 novitium,
2335 2201 2443 2247 314.

2088 2260 2556 2310 Pneumatomachi
2590 2260 2699 2308 sive
2728 2260 2932 2324 Tropici
2964 2261 3364 2324 impugnantur,
3400 2262 3505 2313 184.

2089 2325 2245 2372 Poena
2275 2324 2467 2372 inferni
2499 2324 2656 2371 finem
2689 2336 2797 2370 non
2821 2322 3000 2381 habet,
3032 2322 3139 2372 239:

2088 2388 2401 2435 Potentinus
2433 2386 2669 2443 Urbicus,
2702 2385 2984 2433 haereticus
3015 2387 3341 2443 confutatur,
3376 2389 3486 2435 543.

2088 2449 2341 2510 Principis
2372 2449 2541 2497 virtus
2572 2452 2649 2496 est
2689 2448 3078 2496 commiseratio
3109 2453 3160 2497 et
3205 2449 3525 2508 humanitas,
3558 2450 3666 2499 244.

2088 2512 2359 2560 Probatica
2390 2511 2591 2572 piscina
2622 2510 2888 2559 destructa
2918 2509 3031 2567 fuit,
3070 2513 3148 2560 53.

2089 2575 2349 2622 Promissa
2378 2574 2467 2622 Dei
2500 2586 2709 2634 semper
2737 2573 3006 2628 eveniunt,
3039 2574 3115 2621 65.

2086 2637 2358 2698 PrOphctm
2391 2638 2443 2683 in
2478 2649 2644 2684 unum
2676 2635 3120 2694 collectiﬁguram
3142 2635 3333 2684 Christi
3353 2639 3562 2696 gerunt,
3588 2640 3661 2684 18.

2024 2697 2297 2761 Pr0pb’etae
2330 2698 2739 2761 duodecimpro
2769 2697 3047 2761 libroiuno
3082 2702 3460 2761 computantur
3494 2711 3669 2761 cano-

2024 2759 2163 2817 nico,
2194 2764 2269 2809 97.
2303 2761 2577 2821 Propheta:
2609 2759 2871 2807 Christum
2907 2760 3075 2808 Deum
3102 2759 3388 2820 appellant,
3422 2760 3530 2810 248.

2084 2824 2380 2885 PrOprietas
2410 2823 2555 2885 quid,
2588 2826 2690 2879 191,
2730 2826 2837 2871 196.

2087 2887 2368 2935 Proverbia
2396 2885 2703 2941 Salomonis,
2740 2886 2844 2934 118.

2085 2949 2421 2997 Providentia
2450 2948 2560 3002 Dei,
2586 2950 2695 2996 516.

2086 3012 2273 3060 Psalmi
2303 3016 2354 3061 et
2382 3011 2654 3060 Canticum
2688 3008 3000 3067 Salomonis,
3027 3010 3130 3057 154.
3158 3008 3247 3056 His
3268 3009 3662 3066 contradicitur,

2084 3136 2391 3185 Psalmodiaa
2422 3136 2573 3192 ritus,
2605 3136 2712 3183 312.
2743 3133 2911 3181 Tarde
2950 3132 3279 3181 venientium
3327 3133 3661 3195 poenitentia,

2084 3261 2394 3309 Psalterium
2424 3258 2752 3319 Davidicum,
2769 3257 2899 3305 liber
2928 3257 3233 3317 canonicus,
3257 3258 3334 3317 97,
3372 3260 3474 3306 115.
3498 3258 3612 3307 Non
3635 3271 3666 3306 a

2022 3324 2133 3373 solo
2166 3322 2361 3372 Davide
2392 3322 2791 3377 concinnatum,
2826 3323 2929 3368 115.

2085 3385 2317 3445 Psephad
2328 3398 2381 3432 es
2410 3397 2577 3444 genus
2611 3383 3087 3445 praestigiatorum,
3109 3383 3217 3430 245.

2084 3443 2385 3497 Ptolemaici
2416 3447 2553 3504 libri,
2588 3449 2695 3495 154.
2728 3446 2817 3493 His
2849 3443 3251 3503 contradicitur,
3286 3446 3391 3494 154.

2819 3563 2872 3638 Q

2083 3669 2279 3726 Quinta
2307 3667 2672 3730 interpretatio
2721 3666 3013 3728 Scriptura:
3044 3666 3097 3714 in
3127 3665 3283 3715 doliis
3316 3664 3537 3715 inventa
3570 3666 3668 3715 sub

2025 3733 2297 3781 Antonino
2327 3730 2610 3787 Caracalla,
2648 3732 2754 3779 156.

2816 3813 2871 3875 Β

2084 3916 2427 3966 Rationahilis
2457 3914 2722 3963 facultatis
2753 3917 2976 3977 peccata
3013 3927 3284 3975 quasnam,
3313 3918 3424 3964 515.
3472 3915 3667 3964 Eorum

2024 3982 2228 4031 curatio
2258 3985 2303 4028 et
2337 3977 2562 4035 medela,
2596 3980 2701 4025 515.

2086 4044 2253 4102 Reges
2284 4040 2445 4091 Israel
2475 4042 2770 4101 regnarunt
2788 4038 3033 4086 ducentis
3055 4038 3330 4102 sexaginta
3361 4039 3530 4095 annis,
3558 4042 3666 4088 113.

2027 4101 2191 4165 Reges
2224 4105 2359 4152 Juda
2386 4106 2674 4162 regnarunt
2695 4101 3102 4165 quadringentis
3132 4101 3308 4158 annis,
3336 4104 3438 4149 113.
3464 4102 3666 4165 Regum

2025 4164 2227 4228 primus
2258 4171 2309 4213 et
2356 4166 2625 4213 secundus
2669 4165 2801 4228 liber
2849 4164 2899 4210 in
2953 4176 3113 4211 unum
3151 4164 3663 4228 computantur’ca-

2024 4227 2297 4286 nonicum,
2329 4231 2405 4276 96.
2438 4228 2640 4288 Regum
2684 4227 2793 4274 sive
2822 4240 3109 4286 regnorum
3144 4227 3332 4274 tertius
3361 4230 3414 4274 et
3442 4231 3666 4287 quartus

2024 4296 2403 4354 computantur
2422 4290 2476 4337 in
2502 4289 2881 4354 unumlibrum
2905 4292 3241 4354 canonicum_,
3260 4290 3336 4337 96.
3361 4288 3665 4354 Regnorum

2023 4351 2373 4416 libri—primus
2404 4358 2455 4401 et
2482 4352 2770 4408 secundus,
2803 4354 2889 4401 108
2921 4356 2972 4400 et
3011 4364 3158 4412 seqq.
3209 4352 3512 4413 Regnorum
3546 4351 3665 4399 libri

2022 4419 2210 4468 tertius
2244 4421 2297 4464 et
2325 4418 2567 4477 quartus,
2600 4416 2687 4462 109
2719 4419 2771 4462 et
2805 4426 2949 4475 seqq.

2084 4474 2419 4530 Resurrectio
2450 4490 2729 4538 corporum
2760 4474 3025 4539 quomodo
3056 4474 3361 4539 liat,_24_2_et
3386 4487 3539 4538 seqq.

2087 4542 2245 4591 Ruth.
2282 4542 2416 4589 liber
2462 4536 2876 4595 canonicus,—96,
2914 4542 3018 4586 108.
3069 4536 3210 4600 Ruth
3257 4536 3663 4600 librum’aliqui

2020 4604 2320 4667 jungebant
2348 4616 2468 4652 cum
2500 4602 2732 4649 historiis
2758 4601 3013 4661 judicum,
3047 4599 3124 4647 98.

2817 4710 2862 4772 S

2081 4800 2311 4849 Sabbata
2341 4799 2394 4845 in
2425 4796 2719 4845 Jerusalem
2759 4794 3214 4845 custodiebantur.
3247 4795 3323 4841 42.
3373 4791 3662 4841 Sabbatum

2021 4878 2127 4912 non
2160 4862 2401 4923 designat
2429 4859 2611 4911 otium.
2648 4862 2728 4923 43.
2755 4858 2985 4923 Sabbato
3011 4856 3185 4923 .ludrei
3215 4856 3663 4923 circumcideban-

2018 4932 2123 4984 tur,
2158 4928 2235 4992 43.
2257 4918 2545 4992 Sabbatum
2570 4925 2646 4968 est
2667 4920 2733 4992 ad
2757 4919 3202 4992 propitiationeu'i‘,
3227 4919 3307 4990 43.
3327 4918 3449 4991 Erat
3475 4919 3663 4992 prioris

2018 4982 2300 5038 creationis
2330 4985 2467 5040 ﬂuis,
2521 4982 2769 5031 secundas
2800 4982 3007 5031 initium
3054 4985 3133 5030 est
3162 4982 3455 5040 Dominica,
3486 4984 3562 5030 44.
3604 4982 3661 5028 In

2021 5052 2344 5101 Dominicam
2380 5062 2409 5095 a
2438 5046 2663 5094 Domino
2695 5044 3027 5102 translatum,
3058 5047 3134 5093 45.
3166 5045 3222 5091 In
3262 5043 3491 5093 Sabbato
3521 5056 3663 5105 quaa-

2020 5128 2143 5162 nam
2175 5112 2383 5169 operari
2412 5110 2584 5162 liceat.
2619 5109 2696 5157 53.

2081 5178 2245 5224 Sabec
2276 5173 2459 5234 planta
2488 5170 2749 5234 signiﬁcat
2777 5182 3006 5234 crucem,
3039 5170 3147 5234 268.

2079 5225 2363 5286 Sabelliani
2398 5225 2765 5293 blaspkheniant
2794 5232 2850 5278 in
2877 5232 3060 5280 Filium
3096 5230 3202 5287 Dei,
3245 5231 3316 5283 19,
3351 5225 3659 5275 232881161-

2023 5300 2145 5348 liani
2177 5301 2577 5360 impugnantur,
2610 5298 2666 5343 28
2700 5299 2762 5360 et
2779 5307 2925 5360 seqq.
3165 5353 3190 5360 η
3234 5352 3245 5360 _
3423 5348 3436 5360 ,
3601 5349 3610 5359 ,

2084 5348 2358 5411 smnia;
2392 5348 2713 5416 confutatur,
2752 5348 2923 5406 574st
2979 5368 3126 5417 seqq.
3162 5350 3375 5400 Sabellii
3423 5348 3659 5409 hasresis,

2079 5485 2379 5536 Sacerdotis
2407 5482 2593 5537 ofﬁcia,
2630 5483 2735 5531 307.

2077 5548 2341 5598 Sacrificia
2373 5548 2524 5594 erant
2556 5544 2756 5592 umbrae
2792 5542 3111 5594 futurorum,
3144 5539 3219 5584 45.

2076 5597 2322 5660 Salomon
2357 5607 2569 5666 scripsit
2597 5607 2831 5667 quinque
2862 5602 3023 5649 millia
3064 5597 3484 5667 proverbiorum,
3519 5600 3623 5645 156.

2071 5674 2431 5721 Samaritanus
2464 5664 2547 5717 ille
2580 5664 2660 5715 est
2688 5664 2945 5719 Christus,
2979 5666 3086 5715 256,

2071 5736 2346 5785 Samaritae
2379 5734 2573 5791 negant
2606 5740 2882 5794 corporum
2916 5723 3525 5794 resurrectionem,_243.

2070 5798 2332 5847 Samuelis
2362 5786 2585 5842 historia
2614 5788 2919 5854 ordinantis
2945 5786 3216 5841 Davidem,
3245 5786 3333 5831 366
3365 5788 3593 5854 etseqq.

2069 5846 2246 5911 Sancti
2279 5859 2374 5908 viri
2410 5871 2469 5903 ex
2507 5857 2603 5901 hac
2636 5852 2744 5899 vita
2774 5850 2924 5913 quasi
2954 5862 3011 5897 ex
3043 5861 3255 5897 carcere
3286 5846 3655 5913 egrediuntur,

2009 5908 2295 5973 9213mm
2326 5922 2381 5969 in
2410 5915 2625 5977 templis
2654 5914 2764 5963 suis
2790 5908 3197 5975 ‘nonnunquam
3228 5912 3508 5974 apparent,
3542 5908 3655 5991 222.

2228 1901 2318 1948 ges
2347 1888 2747 1951 impugnantur,
2768 1891 2887 1951 187.
