  <div class='ocr_page' id='page_1' title='image "/cluster/home/n/w/nwhite01/storage/ocr_20150623/28/hvd.32044052794351/832.png"; bbox 0 0 4002 6206; ppageno 0'>
   <div class='ocr_carea' id='block_1_1' title="bbox 216 396 372 456">
    <p class='ocr_par' dir='ltr' id='par_1_1' title="bbox 216 396 372 456">
     <span class='ocr_line' id='line_1_1' title="bbox 216 396 372 456; baseline 0 -2"><span class='ocrx_word' id='word_1_1' title='bbox 216 396 372 456; x_wconf 82' lang='grc'>1653</span> 
     </span>
    </p>
   </div>
   <div class='ocr_carea' id='block_1_2' title="bbox 1724 533 1863 587">
    <p class='ocr_par' dir='ltr' id='par_1_2' title="bbox 1724 533 1863 587">
     <span class='ocr_line' id='line_1_2' title="bbox 1724 533 1863 587; baseline 0.007 -1"><span class='ocrx_word' id='word_1_2' title='bbox 1724 533 1863 587; x_wconf 86' lang='grc'>1562</span> 
     </span>
    </p>
   </div>
   <div class='ocr_carea' id='block_1_3' title="bbox 1725 675 1853 729">
    <p class='ocr_par' dir='ltr' id='par_1_3' title="bbox 1725 675 1853 729">
     <span class='ocr_line' id='line_1_3' title="bbox 1725 675 1853 729; baseline 0.008 -1"><span class='ocrx_word' id='word_1_3' title='bbox 1725 675 1853 729; x_wconf 77' lang='grc'>1581</span> 
     </span>
    </p>
   </div>
   <div class='ocr_carea' id='block_1_4' title="bbox 1728 818 1865 870">
    <p class='ocr_par' dir='ltr' id='par_1_4' title="bbox 1728 818 1865 870">
     <span class='ocr_line' id='line_1_4' title="bbox 1728 818 1865 870; baseline 0 0"><span class='ocrx_word' id='word_1_4' title='bbox 1728 818 1865 870; x_wconf 87' lang='grc'>1585</span> 
     </span>
    </p>
   </div>
   <div class='ocr_carea' id='block_1_5' title="bbox 1730 890 1866 943">
    <p class='ocr_par' dir='ltr' id='par_1_5' title="bbox 1730 890 1866 943">
     <span class='ocr_line' id='line_1_5' title="bbox 1730 890 1866 943; baseline 0.007 -1"><span class='ocrx_word' id='word_1_5' title='bbox 1730 890 1866 943; x_wconf 88' lang='grc'>1585</span> 
     </span>
    </p>
   </div>
   <div class='ocr_carea' id='block_1_6' title="bbox 282 527 912 593">
    <p class='ocr_par' dir='ltr' id='par_1_6' title="bbox 282 527 912 593">
     <span class='ocr_line' id='line_1_6' title="bbox 282 527 912 593; baseline 0.002 -11"><span class='ocrx_word' id='word_1_6' title='bbox 282 527 756 593; x_wconf 87' lang='lat' dir='ltr'><strong>Samosatensem,</strong></span> <span class='ocrx_word' id='word_1_7' title='bbox 787 529 912 583; x_wconf 84' lang='lat'><strong>652.</strong></span> 
     </span>
    </p>
   </div>
   <div class='ocr_carea' id='block_1_7' title="bbox 211 600 1645 723">
    <p class='ocr_par' dir='ltr' id='par_1_7' title="bbox 211 600 1645 723">
     <span class='ocr_line' id='line_1_7' title="bbox 211 600 1645 723; baseline 0.004 -70"><span class='ocrx_word' id='word_1_8' title='bbox 211 600 543 723; x_wconf 50' lang='lat' dir='ltr'><strong>Sygéléolum</strong></span> <span class='ocrx_word' id='word_1_9' title='bbox 588 601 905 670; x_wconf 80' lang='lat' dir='ltr'><strong>Quicunque</strong></span> <span class='ocrx_word' id='word_1_10' title='bbox 949 615 1080 657; x_wconf 90' lang='lat' dir='ltr'><strong>cum</strong></span> <span class='ocrx_word' id='word_1_11' title='bbox 1130 602 1321 657; x_wconf 79' lang='lat' dir='ltr'><strong>Graeca</strong></span> <span class='ocrx_word' id='word_1_12' title='bbox 1369 602 1645 669; x_wconf 78' lang='lat' dir='ltr'><strong>versione,</strong></span> 
     </span>
    </p>
   </div>
   <div class='ocr_carea' id='block_1_8' title="bbox 214 741 1651 813">
    <p class='ocr_par' dir='ltr' id='par_1_8' title="bbox 214 741 1651 813">
     <span class='ocr_line' id='line_1_8' title="bbox 214 741 1651 813; baseline 0.002 -17"><span class='ocrx_word' id='word_1_13' title='bbox 214 741 476 813; x_wconf 75' lang='lat' dir='ltr'><strong>Secunda</strong></span> <span class='ocrx_word' id='word_1_14' title='bbox 498 741 739 795; x_wconf 83' lang='lat' dir='ltr'><strong>formula</strong></span> <span class='ocrx_word' id='word_1_15' title='bbox 761 741 1249 813; x_wconf 89' lang='lat' dir='ltr'><strong>Interpretationis</strong></span> <span class='ocrx_word' id='word_1_16' title='bbox 1268 748 1475 800; x_wconf 68' lang='lat' dir='ltr'><strong>Graecae</strong></span> <span class='ocrx_word' id='word_1_17' title='bbox 1497 745 1651 813; x_wconf 89' lang='lat' dir='ltr'><strong>Sym-</strong></span> 
     </span>
    </p>
   </div>
   <div class='ocr_carea' id='block_1_9' title="bbox 289 812 929 882">
    <p class='ocr_par' dir='ltr' id='par_1_9' title="bbox 289 812 929 882">
     <span class='ocr_line' id='line_1_9' title="bbox 289 812 929 882; baseline 0.002 -16"><span class='ocrx_word' id='word_1_18' title='bbox 289 812 402 867; x_wconf 91' lang='lat' dir='ltr'><strong>boli</strong></span> <span class='ocrx_word' id='word_1_19' title='bbox 434 813 771 882; x_wconf 80' lang='lat' dir='ltr'><strong>Quicunque,</strong></span> <span class='ocrx_word' id='word_1_20' title='bbox 802 814 929 867; x_wconf 85' lang='grc'>659.</span> 
     </span>
    </p>
   </div>
   <div class='ocr_carea' id='block_1_10' title="bbox 216 883 1080 953">
    <p class='ocr_par' dir='ltr' id='par_1_10' title="bbox 216 883 1080 953">
     <span class='ocr_line' id='line_1_10' title="bbox 216 883 1080 953; baseline 0.002 -16"><span class='ocrx_word' id='word_1_21' title='bbox 216 883 403 938; x_wconf 88' lang='lat' dir='ltr'><strong>Tertia</strong></span> <span class='ocrx_word' id='word_1_22' title='bbox 442 886 682 939; x_wconf 79' lang='lat' dir='ltr'><strong>formula</strong></span> <span class='ocrx_word' id='word_1_23' title='bbox 712 884 924 953; x_wconf 74' lang='lat' dir='ltr'><strong>Graece,</strong></span> <span class='ocrx_word' id='word_1_24' title='bbox 957 886 1080 939; x_wconf 88' lang='lat'><strong>660.</strong></span> 
     </span>
    </p>
   </div>
   <div class='ocr_carea' id='block_1_11' title="bbox 1563 401 2279 465">
    <p class='ocr_par' dir='ltr' id='par_1_11' title="bbox 1563 401 2279 465">
     <span class='ocr_line' id='line_1_11' title="bbox 1563 401 2279 465; baseline 0.008 -6"><span class='ocrx_word' id='word_1_25' title='bbox 1563 402 1772 461; x_wconf 81' lang='lat' dir='ltr'><strong>ORDO</strong></span> <span class='ocrx_word' id='word_1_26' title='bbox 1818 401 2279 465; x_wconf 82' lang='lat' dir='ltr'><strong>EDITIONUM.</strong></span> 
     </span>
    </p>
   </div>
   <div class='ocr_carea' id='block_1_12' title="bbox 3465 404 3618 475">
    <p class='ocr_par' dir='ltr' id='par_1_12' title="bbox 3465 404 3618 475">
     <span class='ocr_line' id='line_1_12' title="bbox 3465 404 3618 475; baseline 0.007 -1"><span class='ocrx_word' id='word_1_27' title='bbox 3465 404 3618 475; x_wconf 54' lang='lat'><strong>1653</strong></span> 
     </span>
    </p>
   </div>
   <div class='ocr_carea' id='block_1_13' title="bbox 1713 1123 2131 1184">
    <p class='ocr_par' dir='ltr' id='par_1_13' title="bbox 1713 1123 2131 1184">
     <span class='ocr_line' id='line_1_13' title="bbox 1713 1123 2131 1184; baseline 0 -1"><span class='ocrx_word' id='word_1_28' title='bbox 1713 1123 1978 1184; x_wconf 83' lang='lat' dir='ltr'><strong>TOMUS</strong></span> <span class='ocrx_word' id='word_1_29' title='bbox 2023 1124 2131 1184; x_wconf 86' lang='lat' dir='ltr'><strong>Ill.</strong></span> 
     </span>
    </p>
   </div>
   <div class='ocr_carea' id='block_1_14' title="bbox 219 1220 1369 1294">
    <p class='ocr_par' dir='ltr' id='par_1_14' title="bbox 219 1220 1369 1294">
     <span class='ocr_line' id='line_1_14' title="bbox 219 1220 1369 1294; baseline 0.004 -19"><span class='ocrx_word' id='word_1_30' title='bbox 219 1220 739 1294; x_wconf 70' lang='lat' dir='ltr'><strong>Praelimiuaire.—</strong></span> <span class='ocrx_word' id='word_1_31' title='bbox 788 1221 1044 1278; x_wconf 68' lang='lat' dir='ltr'><strong>Praefatio</strong></span> <span class='ocrx_word' id='word_1_32' title='bbox 1094 1225 1152 1279; x_wconf 90' lang='lat' dir='ltr'><strong>in</strong></span> <span class='ocrx_word' id='word_1_33' title='bbox 1197 1240 1369 1294; x_wconf 84' lang='lat' dir='ltr'><strong>opera</strong></span> 
     </span>
    </p>
   </div>
   <div class='ocr_carea' id='block_1_15' title="bbox 291 1292 1366 1363">
    <p class='ocr_par' dir='ltr' id='par_1_15' title="bbox 291 1292 1366 1363">
     <span class='ocr_line' id='line_1_15' title="bbox 291 1292 1366 1363; baseline 0.006 -18"><span class='ocrx_word' id='word_1_34' title='bbox 291 1292 583 1347; x_wconf 76' lang='lat' dir='ltr'><strong>Athanasii</strong></span> <span class='ocrx_word' id='word_1_35' title='bbox 615 1308 739 1361; x_wconf 79' lang='lat' dir='ltr'><strong>quae</strong></span> <span class='ocrx_word' id='word_1_36' title='bbox 769 1308 924 1348; x_wconf 90' lang='lat' dir='ltr'><strong>nunc</strong></span> <span class='ocrx_word' id='word_1_37' title='bbox 974 1295 1216 1363; x_wconf 87' lang='lat' dir='ltr'><strong>primum</strong></span> <span class='ocrx_word' id='word_1_38' title='bbox 1238 1292 1366 1353; x_wconf 12' lang='lat' dir='ltr'><strong>ﬁcol-</strong></span> 
     </span>
    </p>
   </div>
   <div class='ocr_carea' id='block_1_16' title="bbox 292 1363 957 1432">
    <p class='ocr_par' dir='ltr' id='par_1_16' title="bbox 292 1363 957 1432">
     <span class='ocr_line' id='line_1_16' title="bbox 292 1363 957 1432; baseline 0.003 -15"><span class='ocrx_word' id='word_1_39' title='bbox 292 1363 437 1418; x_wconf 86' lang='lat' dir='ltr'><strong>lecta</strong></span> <span class='ocrx_word' id='word_1_40' title='bbox 466 1363 841 1432; x_wconf 76' lang='lat' dir='ltr'><strong>publicentur,</strong></span> <span class='ocrx_word' id='word_1_41' title='bbox 877 1382 957 1419; x_wconf 85' lang='grc' dir='ltr'><strong>ιιι.</strong></span> 
     </span>
    </p>
   </div>
   <div class='ocr_carea' id='block_1_17' title="bbox 216 1434 1368 1493">
    <p class='ocr_par' dir='ltr' id='par_1_17' title="bbox 216 1434 1368 1493">
     <span class='ocr_line' id='line_1_17' title="bbox 216 1434 1368 1493; baseline 0.003 -4"><span class='ocrx_word' id='word_1_42' title='bbox 216 1434 626 1489; x_wconf 86' lang='lat' dir='ltr'><strong>Monlfauconii</strong></span> <span class='ocrx_word' id='word_1_43' title='bbox 649 1436 1182 1492; x_wconf 65' lang='lat' dir='ltr'><strong>Animadversiones</strong></span> <span class='ocrx_word' id='word_1_44' title='bbox 1209 1453 1368 1493; x_wconf 85' lang='lat' dir='ltr'><strong>novae</strong></span> 
     </span>
    </p>
   </div>
   <div class='ocr_carea' id='block_1_18' title="bbox 292 1504 1790 1580">
    <p class='ocr_par' dir='ltr' id='par_1_18' title="bbox 292 1504 1790 1580">
     <span class='ocr_line' id='line_1_18' title="bbox 292 1504 1790 1580; baseline 0.005 -22"><span class='ocrx_word' id='word_1_45' title='bbox 292 1506 351 1559; x_wconf 92' lang='lat' dir='ltr'><strong>in</strong></span> <span class='ocrx_word' id='word_1_46' title='bbox 384 1504 553 1580; x_wconf 53' lang='lat' dir='ltr'><strong>sitam</strong></span> <span class='ocrx_word' id='word_1_47' title='bbox 584 1512 637 1561; x_wconf 74' lang='lat' dir='ltr'><strong>et</strong></span> <span class='ocrx_word' id='word_1_48' title='bbox 667 1508 1218 1580; x_wconf 80' lang='lat' dir='ltr'><strong>scripta_Athanasii,</strong></span> <span class='ocrx_word' id='word_1_49' title='bbox 1246 1527 1344 1566; x_wconf 85' lang='lat' dir='ltr'><strong>vu.</strong></span> <span class='ocrx_word' id='word_1_50' title='bbox 1421 1511 1483 1565; x_wconf 92' lang='lat' dir='ltr'><strong>T.</strong></span> <span class='ocrx_word' id='word_1_51' title='bbox 1511 1510 1553 1577; x_wconf 86' lang='grc' dir='ltr'><strong>Ι,</strong></span> <span class='ocrx_word' id='word_1_52' title='bbox 1580 1526 1632 1580; x_wconf 93' lang='lat' dir='ltr'><strong>p.</strong></span> <span class='ocrx_word' id='word_1_53' title='bbox 1653 1528 1790 1569; x_wconf 83' lang='lat' dir='ltr'><strong>CLVI.</strong></span> 
     </span>
    </p>
   </div>
   <div class='ocr_carea' id='block_1_19' title="bbox 219 1576 1365 1649">
    <p class='ocr_par' dir='ltr' id='par_1_19' title="bbox 219 1576 1365 1649">
     <span class='ocr_line' id='line_1_19' title="bbox 219 1576 1365 1649; baseline 0.004 -18"><span class='ocrx_word' id='word_1_54' title='bbox 219 1576 445 1645; x_wconf 78' lang='lat' dir='ltr'><strong>Legatio</strong></span> <span class='ocrx_word' id='word_1_55' title='bbox 483 1577 737 1649; x_wconf 85' lang='lat' dir='ltr'><strong>Marcelli</strong></span> <span class='ocrx_word' id='word_1_56' title='bbox 784 1584 841 1649; x_wconf 82' lang='lat' dir='ltr'><strong>et</strong></span> <span class='ocrx_word' id='word_1_57' title='bbox 885 1578 1151 1635; x_wconf 85' lang='lat' dir='ltr'><strong>Ecclesiae</strong></span> <span class='ocrx_word' id='word_1_58' title='bbox 1180 1586 1365 1649; x_wconf 86' lang='lat' dir='ltr'><strong>Ancy-</strong></span> 
     </span>
    </p>
   </div>
   <div class='ocr_carea' id='block_1_20' title="bbox 290 1648 1367 1721">
    <p class='ocr_par' dir='ltr' id='par_1_20' title="bbox 290 1648 1367 1721">
     <span class='ocr_line' id='line_1_20' title="bbox 290 1648 1367 1721; baseline 0.007 -21"><span class='ocrx_word' id='word_1_59' title='bbox 290 1662 439 1701; x_wconf 76' lang='lat' dir='ltr'><strong>ranae</strong></span> <span class='ocrx_word' id='word_1_60' title='bbox 469 1648 537 1721; x_wconf 79' lang='lat' dir='ltr'><strong>ad</strong></span> <span class='ocrx_word' id='word_1_61' title='bbox 570 1648 939 1705; x_wconf 81' lang='lat' dir='ltr'><strong>Athanasium</strong></span> <span class='ocrx_word' id='word_1_62' title='bbox 973 1660 1026 1705; x_wconf 90' lang='lat' dir='ltr'><strong>et</strong></span> <span class='ocrx_word' id='word_1_63' title='bbox 1073 1648 1367 1721; x_wconf 83' lang='lat' dir='ltr'><strong>episcOpos</strong></span> 
     </span>
    </p>
   </div>
   <div class='ocr_carea' id='block_1_21' title="bbox 291 1718 1364 1791">
    <p class='ocr_par' dir='ltr' id='par_1_21' title="bbox 291 1718 1364 1791">
     <span class='ocr_line' id='line_1_21' title="bbox 291 1718 1364 1791; baseline 0.009 -21"><span class='ocrx_word' id='word_1_64' title='bbox 291 1718 514 1788; x_wconf 68' lang='lat' dir='ltr'><strong>Egypti</strong></span> <span class='ocrx_word' id='word_1_65' title='bbox 558 1734 656 1788; x_wconf 90' lang='lat' dir='ltr'><strong>per</strong></span> <span class='ocrx_word' id='word_1_66' title='bbox 685 1722 999 1788; x_wconf 81' lang='lat' dir='ltr'><strong>Eugenium</strong></span> <span class='ocrx_word' id='word_1_67' title='bbox 1033 1718 1364 1791; x_wconf 81' lang='lat' dir='ltr'><strong>Diaconum,</strong></span> 
     </span>
    </p>
   </div>
   <div class='ocr_carea' id='block_1_22' title="bbox 295 1791 1117 1859">
    <p class='ocr_par' dir='ltr' id='par_1_22' title="bbox 295 1791 1117 1859">
     <span class='ocr_line' id='line_1_22' title="bbox 295 1791 1117 1859; baseline 0.006 -16"><span class='ocrx_word' id='word_1_68' title='bbox 295 1805 423 1859; x_wconf 84' lang='lat' dir='ltr'><strong>pag.</strong></span> <span class='ocrx_word' id='word_1_69' title='bbox 456 1791 508 1854; x_wconf 92' lang='lat'><strong>1,</strong></span> <span class='ocrx_word' id='word_1_70' title='bbox 541 1798 720 1845; x_wconf 84' lang='lat' dir='ltr'><strong>exstat</strong></span> <span class='ocrx_word' id='word_1_71' title='bbox 751 1799 886 1845; x_wconf 89' lang='lat' dir='ltr'><strong>tom.</strong></span> <span class='ocrx_word' id='word_1_72' title='bbox 921 1792 1117 1848; x_wconf 82' lang='lat' dir='ltr'><strong>XVIII.</strong></span> 
     </span>
    </p>
   </div>
   <div class='ocr_carea' id='block_1_23' title="bbox 222 1860 1372 1930">
    <p class='ocr_par' dir='ltr' id='par_1_23' title="bbox 222 1860 1372 1930">
     <span class='ocr_line' id='line_1_23' title="bbox 222 1860 1372 1930; baseline 0.007 -17"><span class='ocrx_word' id='word_1_73' title='bbox 222 1860 417 1914; x_wconf 90' lang='lat' dir='ltr'><strong>Sermo</strong></span> <span class='ocrx_word' id='word_1_74' title='bbox 448 1861 628 1930; x_wconf 83' lang='lat' dir='ltr'><strong>major</strong></span> <span class='ocrx_word' id='word_1_75' title='bbox 666 1862 735 1916; x_wconf 91' lang='lat' dir='ltr'><strong>de</strong></span> <span class='ocrx_word' id='word_1_76' title='bbox 776 1861 885 1919; x_wconf 87' lang='lat' dir='ltr'><strong>ﬁde</strong></span> <span class='ocrx_word' id='word_1_77' title='bbox 913 1871 1107 1919; x_wconf 91' lang='lat' dir='ltr'><strong>contra</strong></span> <span class='ocrx_word' id='word_1_78' title='bbox 1136 1865 1372 1921; x_wconf 86' lang='lat' dir='ltr'><strong>Arianos</strong></span> 
     </span>
    </p>
   </div>
   <div class='ocr_carea' id='block_1_24' title="bbox 297 1932 802 2001">
    <p class='ocr_par' dir='ltr' id='par_1_24' title="bbox 297 1932 802 2001">
     <span class='ocr_line' id='line_1_24' title="bbox 297 1932 802 2001; baseline 0 -16"><span class='ocrx_word' id='word_1_79' title='bbox 297 1939 348 1985; x_wconf 88' lang='lat' dir='ltr'><strong>et</strong></span> <span class='ocrx_word' id='word_1_80' title='bbox 377 1932 716 2001; x_wconf 73' lang='lat' dir='ltr'><strong>Dimmritas,</strong></span> <span class='ocrx_word' id='word_1_81' title='bbox 751 1933 802 1985; x_wconf 83' lang='grc'><strong>4.</strong></span> 
     </span>
    </p>
   </div>
   <div class='ocr_carea' id='block_1_25' title="bbox 220 2004 1370 2075">
    <p class='ocr_par' dir='ltr' id='par_1_25' title="bbox 220 2004 1370 2075">
     <span class='ocr_line' id='line_1_25' title="bbox 220 2004 1370 2075; baseline 0.01 -21"><span class='ocrx_word' id='word_1_82' title='bbox 220 2004 620 2075; x_wconf 77' lang='lat' dir='ltr'><strong>Fragmentum</strong></span> <span class='ocrx_word' id='word_1_83' title='bbox 676 2005 955 2075; x_wconf 82' lang='lat' dir='ltr'><strong>sermonis</strong></span> <span class='ocrx_word' id='word_1_84' title='bbox 1006 2005 1074 2060; x_wconf 90' lang='lat' dir='ltr'><strong>de</strong></span> <span class='ocrx_word' id='word_1_85' title='bbox 1124 2005 1252 2075; x_wconf 84' lang='lat' dir='ltr'><strong>fide,</strong></span> <span class='ocrx_word' id='word_1_86' title='bbox 1303 2024 1370 2065; x_wconf 81' lang='lat' dir='ltr'><strong>ex</strong></span> 
     </span>
    </p>
   </div>
   <div class='ocr_carea' id='block_1_26' title="bbox 1442 1368 1762 1438">
    <p class='ocr_par' dir='ltr' id='par_1_26' title="bbox 1442 1368 1762 1438">
     <span class='ocr_line' id='line_1_26' title="bbox 1442 1368 1762 1438; baseline 0.003 -15"><span class='ocrx_word' id='word_1_87' title='bbox 1442 1368 1503 1423; x_wconf 91' lang='lat' dir='ltr'><strong>T.</strong></span> <span class='ocrx_word' id='word_1_88' title='bbox 1538 1373 1582 1438; x_wconf 87' lang='grc' dir='ltr'><strong>Ι,</strong></span> <span class='ocrx_word' id='word_1_89' title='bbox 1619 1386 1672 1438; x_wconf 93' lang='lat' dir='ltr'><strong>p.</strong></span> <span class='ocrx_word' id='word_1_90' title='bbox 1707 1386 1762 1424; x_wconf 85' lang='lat' dir='ltr'><strong>x.</strong></span> 
     </span>
    </p>
   </div>
   <div class='ocr_carea' id='block_1_27' title="bbox 1395 1938 1859 2009">
    <p class='ocr_par' dir='ltr' id='par_1_27' title="bbox 1395 1938 1859 2009">
     <span class='ocr_line' id='line_1_27' title="bbox 1395 1938 1859 2009; baseline 0.006 -17"><span class='ocrx_word' id='word_1_91' title='bbox 1395 1938 1458 1993; x_wconf 94' lang='lat' dir='ltr'><strong>T.</strong></span> <span class='ocrx_word' id='word_1_92' title='bbox 1486 1939 1682 2009; x_wconf 90' lang='lat' dir='ltr'><strong>Il,col.</strong></span> <span class='ocrx_word' id='word_1_93' title='bbox 1729 1941 1859 1995; x_wconf 79' lang='lat'><strong>1261</strong></span> 
     </span>
    </p>
   </div>
   <div class='ocr_carea' id='block_1_28' title="bbox 295 2072 1859 2140">
    <p class='ocr_par' dir='ltr' id='par_1_28' title="bbox 295 2072 1859 2140">
     <span class='ocr_line' id='line_1_28' title="bbox 295 2072 1859 2140; baseline 0.007 -14"><span class='ocrx_word' id='word_1_94' title='bbox 295 2072 642 2129; x_wconf 73' lang='lat' dir='ltr'><strong>Bibliotheca</strong></span> <span class='ocrx_word' id='word_1_95' title='bbox 670 2074 1031 2140; x_wconf 85' lang='lat' dir='ltr'><strong>Coisliniana,</strong></span> <span class='ocrx_word' id='word_1_96' title='bbox 1067 2077 1151 2130; x_wconf 95' lang='lat'><strong>15.</strong></span> <span class='ocrx_word' id='word_1_97' title='bbox 1239 2072 1245 2075; x_wconf 69' lang='grc'><em>’</em></span> <span class='ocrx_word' id='word_1_98' title='bbox 1512 2111 1582 2122; x_wconf 68' lang='grc' dir='ltr'><strong>-ε</strong></span> <span class='ocrx_word' id='word_1_99' title='bbox 1728 2084 1859 2137; x_wconf 95' lang='grc'>1291</span> 
     </span>
    </p>
   </div>
   <div class='ocr_carea' id='block_1_29' title="bbox 222 2143 1864 2277">
    <p class='ocr_par' dir='ltr' id='par_1_29' title="bbox 222 2143 1864 2277">
     <span class='ocr_line' id='line_1_29' title="bbox 222 2143 1864 2277; baseline 0.008 -80"><span class='ocrx_word' id='word_1_100' title='bbox 222 2143 628 2268; x_wconf 56' lang='grc' dir='ltr'>Ριῗὲιιιθιιιιιω</span> <span class='ocrx_word' id='word_1_101' title='bbox 667 2148 735 2201; x_wconf 88' lang='lat' dir='ltr'><strong>de</strong></span> <span class='ocrx_word' id='word_1_102' title='bbox 775 2146 949 2202; x_wconf 89' lang='lat' dir='ltr'><strong>Paulo</strong></span> <span class='ocrx_word' id='word_1_103' title='bbox 983 2148 1367 2216; x_wconf 84' lang='lat' dir='ltr'><strong>Samosateno,</strong></span> <span class='ocrx_word' id='word_1_104' title='bbox 1513 2252 1582 2261; x_wconf 71' lang='lat'><em>_</em></span> <span class='ocrx_word' id='word_1_105' title='bbox 1728 2224 1864 2277; x_wconf 68' lang='grc'>1293</span> 
     </span>
    </p>
   </div>
   <div class='ocr_carea' id='block_1_30' title="bbox 221 2285 1369 2358">
    <p class='ocr_par' dir='ltr' id='par_1_30' title="bbox 221 2285 1369 2358">
     <span class='ocr_line' id='line_1_30' title="bbox 221 2285 1369 2358; baseline 0.004 -19"><span class='ocrx_word' id='word_1_106' title='bbox 221 2285 619 2358; x_wconf 76' lang='lat' dir='ltr'><strong>Fragmentum</strong></span> <span class='ocrx_word' id='word_1_107' title='bbox 652 2286 909 2343; x_wconf 67' lang='lat' dir='ltr'><strong>Historiae</strong></span> <span class='ocrx_word' id='word_1_108' title='bbox 951 2288 1221 2358; x_wconf 88' lang='lat' dir='ltr'><strong>Stephani</strong></span> <span class='ocrx_word' id='word_1_109' title='bbox 1258 2292 1369 2345; x_wconf 86' lang='lat' dir='ltr'><strong>An-</strong></span> 
     </span>
    </p>
   </div>
   <div class='ocr_carea' id='block_1_31' title="bbox 295 2356 1371 2430">
    <p class='ocr_par' dir='ltr' id='par_1_31' title="bbox 295 2356 1371 2430">
     <span class='ocr_line' id='line_1_31' title="bbox 295 2356 1371 2430; baseline 0.007 -21"><span class='ocrx_word' id='word_1_110' title='bbox 295 2356 561 2430; x_wconf 8' lang='lat' dir='ltr'><strong>tiochenﬁi,</strong></span> <span class='ocrx_word' id='word_1_111' title='bbox 586 2366 639 2413; x_wconf 89' lang='lat' dir='ltr'><strong>et</strong></span> <span class='ocrx_word' id='word_1_112' title='bbox 669 2360 738 2413; x_wconf 90' lang='lat' dir='ltr'><strong>de</strong></span> <span class='ocrx_word' id='word_1_113' title='bbox 764 2360 883 2428; x_wconf 87' lang='lat' dir='ltr'><strong>ejus</strong></span> <span class='ocrx_word' id='word_1_114' title='bbox 906 2356 1103 2415; x_wconf 77' lang='lat' dir='ltr'><strong>contra</strong></span> <span class='ocrx_word' id='word_1_115' title='bbox 1123 2362 1371 2430; x_wconf 85' lang='lat' dir='ltr'><strong>Euphra-</strong></span> 
     </span>
    </p>
   </div>
   <div class='ocr_carea' id='block_1_32' title="bbox 294 2429 1864 2497">
    <p class='ocr_par' dir='ltr' id='par_1_32' title="bbox 294 2429 1864 2497">
     <span class='ocr_line' id='line_1_32' title="bbox 294 2429 1864 2497; baseline 0.006 -16"><span class='ocrx_word' id='word_1_116' title='bbox 294 2435 405 2482; x_wconf 90' lang='lat' dir='ltr'><strong>tem</strong></span> <span class='ocrx_word' id='word_1_117' title='bbox 435 2429 830 2485; x_wconf 89' lang='lat' dir='ltr'><strong>Coloniensem</strong></span> <span class='ocrx_word' id='word_1_118' title='bbox 862 2430 1104 2497; x_wconf 85' lang='lat' dir='ltr'><strong>insidiis,</strong></span> <span class='ocrx_word' id='word_1_119' title='bbox 1138 2432 1269 2487; x_wconf 89' lang='lat' dir='ltr'><strong>ibid.</strong></span> <span class='ocrx_word' id='word_1_120' title='bbox 1510 2464 1579 2473; x_wconf 94' lang='lat'>—</span> <span class='ocrx_word' id='word_1_121' title='bbox 1727 2436 1864 2490; x_wconf 87' lang='lat'><strong>1293</strong></span> 
     </span>
    </p>
   </div>
   <div class='ocr_carea' id='block_1_33' title="bbox 217 2498 1367 2572">
    <p class='ocr_par' dir='ltr' id='par_1_33' title="bbox 217 2498 1367 2572">
     <span class='ocr_line' id='line_1_33' title="bbox 217 2498 1367 2572; baseline 0.009 -21"><span class='ocrx_word' id='word_1_122' title='bbox 217 2498 468 2572; x_wconf 82' lang='lat' dir='ltr'><strong>Epistola</strong></span> <span class='ocrx_word' id='word_1_123' title='bbox 516 2509 585 2555; x_wconf 82' lang='lat' dir='ltr'><strong>ad</strong></span> <span class='ocrx_word' id='word_1_124' title='bbox 639 2502 967 2568; x_wconf 74' lang='lat' dir='ltr'><strong>monachus,</strong></span> <span class='ocrx_word' id='word_1_125' title='bbox 1009 2519 1083 2559; x_wconf 90' lang='lat' dir='ltr'><strong>an</strong></span> <span class='ocrx_word' id='word_1_126' title='bbox 1132 2520 1367 2572; x_wconf 86' lang='lat' dir='ltr'><strong>precan-</strong></span> 
     </span>
    </p>
   </div>
   <div class='ocr_carea' id='block_1_34' title="bbox 293 2569 1865 2639">
    <p class='ocr_par' dir='ltr' id='par_1_34' title="bbox 293 2569 1865 2639">
     <span class='ocr_line' id='line_1_34' title="bbox 293 2569 1865 2639; baseline 0.006 -16"><span class='ocrx_word' id='word_1_127' title='bbox 293 2569 431 2624; x_wconf 80' lang='lat' dir='ltr'><strong>dum</strong></span> <span class='ocrx_word' id='word_1_128' title='bbox 461 2586 591 2626; x_wconf 91' lang='lat' dir='ltr'><strong>cum</strong></span> <span class='ocrx_word' id='word_1_129' title='bbox 624 2572 860 2639; x_wconf 79' lang='lat' dir='ltr'><strong>Arianis,</strong></span> <span class='ocrx_word' id='word_1_130' title='bbox 892 2574 976 2627; x_wconf 90' lang='lat'><strong>17.</strong></span> <span class='ocrx_word' id='word_1_131' title='bbox 1133 2569 1150 2572; x_wconf 74' lang='grc'><strong><em>“</em></strong></span> <span class='ocrx_word' id='word_1_132' title='bbox 1512 2605 1581 2618; x_wconf 91' lang='grc'><strong>-</strong></span> <span class='ocrx_word' id='word_1_133' title='bbox 1729 2578 1865 2633; x_wconf 80' lang='grc'>1294</span> 
     </span>
    </p>
   </div>
   <div class='ocr_carea' id='block_1_35' title="bbox 218 2638 1367 2701">
    <p class='ocr_par' dir='ltr' id='par_1_35' title="bbox 218 2638 1367 2701">
     <span class='ocr_line' id='line_1_35' title="bbox 218 2638 1367 2701; baseline 0.006 -7"><span class='ocrx_word' id='word_1_134' title='bbox 218 2638 639 2697; x_wconf 88' lang='lat' dir='ltr'><strong>Commentaria</strong></span> <span class='ocrx_word' id='word_1_135' title='bbox 690 2645 805 2700; x_wconf 85' lang='lat' dir='ltr'><strong>sive</strong></span> <span class='ocrx_word' id='word_1_136' title='bbox 848 2638 1142 2701; x_wconf 75' lang='lat' dir='ltr'><strong>Sermones</strong></span> <span class='ocrx_word' id='word_1_137' title='bbox 1194 2646 1367 2701; x_wconf 83' lang='lat' dir='ltr'><strong>Atha-</strong></span> 
     </span>
    </p>
   </div>
   <div class='ocr_carea' id='block_1_36' title="bbox 295 2713 1625 2844">
    <p class='ocr_par' dir='ltr' id='par_1_36' title="bbox 295 2713 1625 2844">
     <span class='ocr_line' id='line_1_36' title="bbox 295 2713 1625 2844; baseline 0.007 -78"><span class='ocrx_word' id='word_1_138' title='bbox 295 2713 437 2835; x_wconf 47' lang='grc' dir='ltr'><strong>ξιξεἱί</strong></span> <span class='ocrx_word' id='word_1_139' title='bbox 469 2714 528 2769; x_wconf 94' lang='lat' dir='ltr'><strong>in</strong></span> <span class='ocrx_word' id='word_1_140' title='bbox 551 2713 1056 2786; x_wconf 84' lang='lat' dir='ltr'><strong>Mattbaeum,opus</strong></span> <span class='ocrx_word' id='word_1_141' title='bbox 1082 2717 1364 2785; x_wconf 88' lang='lat' dir='ltr'><strong>mutilum,</strong></span> <span class='ocrx_word' id='word_1_142' title='bbox 1452 2789 1495 2844; x_wconf 73' lang='grc' dir='ltr'>Τ</span> <span class='ocrx_word' id='word_1_143' title='bbox 1550 2793 1625 2843; x_wconf 71' lang='lat' dir='ltr'><strong>In</strong></span> 
     </span>
    </p>
   </div>
   <div class='ocr_carea' id='block_1_37' title="bbox 217 2823 1649 2928">
    <p class='ocr_par' dir='ltr' id='par_1_37' title="bbox 217 2823 1649 2928">
     <span class='ocr_line' id='line_1_37' title="bbox 300 2823 1625 2844; baseline 0.006 -9"><span class='ocrx_word' id='word_1_144' title='bbox 300 2823 381 2835; x_wconf 71' lang='grc' dir='ltr'>..η</span> <span class='ocrx_word' id='word_1_145' title='bbox 1466 2823 1515 2844; x_wconf 88' lang='grc' dir='ltr'>ι.</span> <span class='ocrx_word' id='word_1_146' title='bbox 1550 2823 1625 2843; x_wconf 74' lang='grc' dir='ltr'>ω</span> 
     </span>
     <span class='ocr_line' id='line_1_38' title="bbox 217 2835 1649 2928; baseline 0.005 -21"><span class='ocrx_word' id='word_1_147' title='bbox 217 2853 304 2928; x_wconf 59' lang='grc' dir='ltr'><strong>ΕΚ</strong></span> <span class='ocrx_word' id='word_1_148' title='bbox 334 2854 766 2928; x_wconf 76' lang='lat' dir='ltr'><strong>Commentariis</strong></span> <span class='ocrx_word' id='word_1_149' title='bbox 796 2856 853 2911; x_wconf 90' lang='lat' dir='ltr'><strong>in</strong></span> <span class='ocrx_word' id='word_1_150' title='bbox 880 2856 1107 2928; x_wconf 87' lang='lat' dir='ltr'><strong>Lucam,</strong></span> <span class='ocrx_word' id='word_1_151' title='bbox 1134 2859 1222 2913; x_wconf 74' lang='lat'><strong>3&#39;2.</strong></span> <span class='ocrx_word' id='word_1_152' title='bbox 1516 2892 1581 2900; x_wconf 88' lang='lat'><em>—</em></span> <span class='ocrx_word' id='word_1_153' title='bbox 1634 2835 1649 2862; x_wconf 80' lang='grc'><strong>’</strong></span> 
     </span>
    </p>
   </div>
   <div class='ocr_carea' id='block_1_38' title="bbox 216 2922 1580 2999">
    <p class='ocr_par' dir='ltr' id='par_1_38' title="bbox 216 2922 1580 2999">
     <span class='ocr_line' id='line_1_39' title="bbox 216 2922 1580 2999; baseline 0.007 -22"><span class='ocrx_word' id='word_1_154' title='bbox 216 2922 468 2979; x_wconf 89' lang='lat' dir='ltr'><strong>Homilia</strong></span> <span class='ocrx_word' id='word_1_155' title='bbox 499 2925 559 2980; x_wconf 88' lang='lat' dir='ltr'><strong>in</strong></span> <span class='ocrx_word' id='word_1_156' title='bbox 589 2928 881 2983; x_wconf 84' lang='lat' dir='ltr'><strong>Canticum</strong></span> <span class='ocrx_word' id='word_1_157' title='bbox 912 2922 1283 2999; x_wconf 82' lang='lat' dir='ltr'><strong>canticorum,</strong></span> <span class='ocrx_word' id='word_1_158' title='bbox 1309 2931 1399 2997; x_wconf 88' lang='lat'><strong>37,</strong></span> <span class='ocrx_word' id='word_1_159' title='bbox 1511 2963 1580 2972; x_wconf 90' lang='lat'><strong>—-</strong></span> 
     </span>
    </p>
   </div>
   <div class='ocr_carea' id='block_1_39' title="bbox 1728 2791 1860 2845">
    <p class='ocr_par' dir='ltr' id='par_1_39' title="bbox 1728 2791 1860 2845">
     <span class='ocr_line' id='line_1_40' title="bbox 1728 2791 1860 2845; baseline 0 0"><span class='ocrx_word' id='word_1_160' title='bbox 1728 2791 1860 2845; x_wconf 86' lang='lat'><strong>1361</strong></span> 
     </span>
    </p>
   </div>
   <div class='ocr_carea' id='block_1_40' title="bbox 1729 2862 1866 2916">
    <p class='ocr_par' dir='ltr' id='par_1_40' title="bbox 1729 2862 1866 2916">
     <span class='ocr_line' id='line_1_41' title="bbox 1729 2862 1866 2916; baseline 0 0"><span class='ocrx_word' id='word_1_161' title='bbox 1729 2862 1866 2916; x_wconf 89' lang='lat'><strong>1389</strong></span> 
     </span>
    </p>
   </div>
   <div class='ocr_carea' id='block_1_41' title="bbox 1728 2934 1865 2988">
    <p class='ocr_par' dir='ltr' id='par_1_41' title="bbox 1728 2934 1865 2988">
     <span class='ocr_line' id='line_1_42' title="bbox 1728 2934 1865 2988; baseline -0.015 -1"><span class='ocrx_word' id='word_1_162' title='bbox 1728 2934 1865 2988; x_wconf 78' lang='grc'>1347</span> 
     </span>
    </p>
   </div>
   <div class='ocr_carea' id='block_1_42' title="bbox 291 3038 1795 3114">
    <p class='ocr_par' dir='ltr' id='par_1_42' title="bbox 291 3038 1795 3114">
     <span class='ocr_line' id='line_1_43' title="bbox 291 3038 1795 3114; baseline 0.007 -22"><span class='ocrx_word' id='word_1_163' title='bbox 291 3038 420 3114; x_wconf 36' lang='grc' dir='ltr'><strong>ἶΕᾶ</strong></span> <span class='ocrx_word' id='word_1_164' title='bbox 451 3040 599 3095; x_wconf 89' lang='lat' dir='ltr'><strong>inter</strong></span> <span class='ocrx_word' id='word_1_165' title='bbox 629 3057 807 3097; x_wconf 89' lang='lat' dir='ltr'><strong>uncos</strong></span> <span class='ocrx_word' id='word_1_166' title='bbox 838 3044 1016 3111; x_wconf 88' lang='lat' dir='ltr'><strong>posita</strong></span> <span class='ocrx_word' id='word_1_167' title='bbox 1048 3045 1402 3114; x_wconf 84' lang='lat' dir='ltr'><strong>Expositioni</strong></span> <span class='ocrx_word' id='word_1_168' title='bbox 1434 3047 1795 3104; x_wconf 85' lang='lat' dir='ltr'><strong>inseruimus.</strong></span> 
     </span>
    </p>
   </div>
   <div class='ocr_carea' id='block_1_43' title="bbox 1972 537 3621 607">
    <p class='ocr_par' dir='ltr' id='par_1_43' title="bbox 1972 537 3621 607">
     <span class='ocr_line' id='line_1_44' title="bbox 1972 537 3621 607; baseline 0.008 -20"><span class='ocrx_word' id='word_1_169' title='bbox 1972 538 2176 607; x_wconf 77' lang='lat' dir='ltr'><strong>Quarta</strong></span> <span class='ocrx_word' id='word_1_170' title='bbox 2208 537 2450 591; x_wconf 85' lang='lat' dir='ltr'><strong>formula</strong></span> <span class='ocrx_word' id='word_1_171' title='bbox 2481 538 2671 593; x_wconf 66' lang='lat' dir='ltr'><strong>Graece</strong></span> <span class='ocrx_word' id='word_1_172' title='bbox 2700 545 2749 593; x_wconf 88' lang='lat' dir='ltr'><strong>et</strong></span> <span class='ocrx_word' id='word_1_173' title='bbox 2786 540 2994 607; x_wconf 84' lang='lat' dir='ltr'><strong>Latine,</strong></span> <span class='ocrx_word' id='word_1_174' title='bbox 3023 543 3123 596; x_wconf 89' lang='grc'><strong>661</strong></span> <span class='ocrx_word' id='word_1_175' title='bbox 3483 547 3621 601; x_wconf 87' lang='grc'>1587</span> 
     </span>
    </p>
   </div>
   <div class='ocr_carea' id='block_1_44' title="bbox 1972 605 3614 742">
    <p class='ocr_par' dir='ltr' id='par_1_44' title="bbox 1972 605 3614 742">
     <span class='ocr_line' id='line_1_45' title="bbox 1972 605 3402 685; baseline 0.009 -27"><span class='ocrx_word' id='word_1_176' title='bbox 1972 605 2129 659; x_wconf 60' lang='lat' dir='ltr'><strong>Bina:</strong></span> <span class='ocrx_word' id='word_1_177' title='bbox 2178 608 2432 663; x_wconf 66' lang='lat' dir='ltr'><strong>formulae</strong></span> <span class='ocrx_word' id='word_1_178' title='bbox 2462 610 2679 665; x_wconf 85' lang='lat' dir='ltr'><strong>Gallico</strong></span> <span class='ocrx_word' id='word_1_179' title='bbox 2730 605 2997 669; x_wconf 86' lang='lat' dir='ltr'><strong>idiomate</strong></span> <span class='ocrx_word' id='word_1_180' title='bbox 3048 618 3402 685; x_wconf 74' lang='lat' dir='ltr'><strong>perantiquo,</strong></span> 
     </span>
     <span class='ocr_line' id='line_1_46' title="bbox 2042 679 3614 742; baseline 0.008 -12"><span class='ocrx_word' id='word_1_181' title='bbox 2042 679 2166 730; x_wconf 82' lang='lat'><strong>662.</strong></span> <span class='ocrx_word' id='word_1_182' title='bbox 3484 690 3614 742; x_wconf 79' lang='grc'>1591</span> 
     </span>
    </p>
   </div>
   <div class='ocr_carea' id='block_1_45' title="bbox 2042 679 3597 742">
    <p class='ocr_par' dir='ltr' id='par_1_45' title="bbox 2042 679 3597 742">
     <span class='ocr_line' id='line_1_47' title="bbox 2042 679 3597 742; baseline 0.008 -12"><span class='ocrx_word' id='word_1_183' title='bbox 2042 679 2166 730; x_wconf 88' lang='grc'>662.</span> <span class='ocrx_word' id='word_1_184' title='bbox 3048 679 3059 682; x_wconf 57' lang='grc'>”</span> <span class='ocrx_word' id='word_1_185' title='bbox 3294 679 3301 685; x_wconf 68' lang='grc'><em>’</em></span> <span class='ocrx_word' id='word_1_186' title='bbox 3389 679 3399 685; x_wconf 66' lang='grc'><em>’</em></span> <span class='ocrx_word' id='word_1_187' title='bbox 3484 690 3597 742; x_wconf 66' lang='grc'>1591</span> 
     </span>
    </p>
   </div>
   <div class='ocr_carea' id='block_1_46' title="bbox 1972 750 3622 827">
    <p class='ocr_par' dir='ltr' id='par_1_46' title="bbox 1972 750 3622 827">
     <span class='ocr_line' id='line_1_48' title="bbox 1972 750 3622 827; baseline 0.008 -26"><span class='ocrx_word' id='word_1_188' title='bbox 1972 750 2423 827; x_wconf 52' lang='lat' dir='ltr'><strong>Commentarius</strong></span> <span class='ocrx_word' id='word_1_189' title='bbox 2453 752 2509 805; x_wconf 87' lang='lat' dir='ltr'><strong>in</strong></span> <span class='ocrx_word' id='word_1_190' title='bbox 2543 751 2875 827; x_wconf 63' lang='lat' dir='ltr'><strong>Symbolum</strong></span> <span class='ocrx_word' id='word_1_191' title='bbox 2907 756 3247 827; x_wconf 73' lang='lat' dir='ltr'><strong>Quicunque,</strong></span> <span class='ocrx_word' id='word_1_192' title='bbox 3279 759 3403 813; x_wconf 78' lang='grc'>664.</span> <span class='ocrx_word' id='word_1_193' title='bbox 3481 762 3622 814; x_wconf 87' lang='grc'>1595</span> 
     </span>
    </p>
   </div>
   <div class='ocr_carea' id='block_1_47' title="bbox 1973 819 3623 891">
    <p class='ocr_par' dir='ltr' id='par_1_47' title="bbox 1973 819 3623 891">
     <span class='ocr_line' id='line_1_49' title="bbox 1973 819 3623 891; baseline 0.008 -19"><span class='ocrx_word' id='word_1_194' title='bbox 1973 819 2053 872; x_wconf 89' lang='lat' dir='ltr'><strong>De</strong></span> <span class='ocrx_word' id='word_1_195' title='bbox 2085 820 2355 875; x_wconf 86' lang='lat' dir='ltr'><strong>&#39;I‘rinilate</strong></span> <span class='ocrx_word' id='word_1_196' title='bbox 2384 819 2740 891; x_wconf 83' lang='lat' dir='ltr'><strong>Opusculum,</strong></span> <span class='ocrx_word' id='word_1_197' title='bbox 2774 826 2899 878; x_wconf 86' lang='grc'>667.</span> <span class='ocrx_word' id='word_1_198' title='bbox 2924 819 2938 822; x_wconf 28' lang='grc' dir='ltr'><strong>θ</strong></span> <span class='ocrx_word' id='word_1_199' title='bbox 3135 819 3146 827; x_wconf 76' lang='grc'><strong>’</strong></span> <span class='ocrx_word' id='word_1_200' title='bbox 3235 819 3243 826; x_wconf 80' lang='grc'><em>’</em></span> <span class='ocrx_word' id='word_1_201' title='bbox 3484 833 3623 885; x_wconf 88' lang='grc'>1603</span> 
     </span>
    </p>
   </div>
   <div class='ocr_carea' id='block_1_48' title="bbox 1978 892 3623 965">
    <p class='ocr_par' dir='ltr' id='par_1_48' title="bbox 1978 892 3623 965">
     <span class='ocr_line' id='line_1_50' title="bbox 1978 892 3623 965; baseline 0.008 -20"><span class='ocrx_word' id='word_1_202' title='bbox 1978 892 2053 945; x_wconf 90' lang='lat' dir='ltr'><strong>De</strong></span> <span class='ocrx_word' id='word_1_203' title='bbox 2085 893 2356 948; x_wconf 84' lang='lat' dir='ltr'><strong>Pascbate</strong></span> <span class='ocrx_word' id='word_1_204' title='bbox 2383 896 2740 965; x_wconf 87' lang='lat' dir='ltr'><strong>cpusculum,</strong></span> <span class='ocrx_word' id='word_1_205' title='bbox 2772 896 2898 951; x_wconf 85' lang='lat'><strong>668.</strong></span> <span class='ocrx_word' id='word_1_206' title='bbox 3485 904 3623 958; x_wconf 88' lang='grc'>1605</span> 
     </span>
    </p>
   </div>
   <div class='ocr_carea' id='block_1_49' title="bbox 1975 1229 3125 1298">
    <p class='ocr_par' dir='ltr' id='par_1_49' title="bbox 1975 1229 3125 1298">
     <span class='ocr_line' id='line_1_51' title="bbox 1975 1229 3125 1298; baseline 0.008 -15"><span class='ocrx_word' id='word_1_207' title='bbox 1975 1229 2171 1284; x_wconf 82' lang='lat' dir='ltr'><strong>Sermo</strong></span> <span class='ocrx_word' id='word_1_208' title='bbox 2201 1229 2269 1283; x_wconf 86' lang='lat' dir='ltr'><strong>de</strong></span> <span class='ocrx_word' id='word_1_209' title='bbox 2301 1231 2568 1298; x_wconf 88' lang='lat' dir='ltr'><strong>patientia</strong></span> <span class='ocrx_word' id='word_1_210' title='bbox 2604 1232 2665 1289; x_wconf 92' lang='lat' dir='ltr'><strong>in</strong></span> <span class='ocrx_word' id='word_1_211' title='bbox 2709 1233 3125 1293; x_wconf 78' lang='lat' dir='ltr'><strong>calamitatibus</strong></span> 
     </span>
    </p>
   </div>
   <div class='ocr_carea' id='block_1_50' title="bbox 2047 1301 3620 1379">
    <p class='ocr_par' dir='ltr' id='par_1_50' title="bbox 2047 1301 3620 1379">
     <span class='ocr_line' id='line_1_52' title="bbox 2047 1301 3620 1379; baseline 0.01 -26"><span class='ocrx_word' id='word_1_212' title='bbox 2047 1301 2453 1379; x_wconf 78' lang='lat' dir='ltr'><strong>sui__tomporis,</strong></span> <span class='ocrx_word' id='word_1_213' title='bbox 2484 1303 2572 1357; x_wconf 83' lang='grc'><strong>42.</strong></span> <span class='ocrx_word' id='word_1_214' title='bbox 2635 1375 2645 1379; x_wconf 92' lang='lat'><em>_</em></span> <span class='ocrx_word' id='word_1_215' title='bbox 2944 1378 2981 1379; x_wconf 24' lang='grc' dir='ltr'><em>η</em></span> <span class='ocrx_word' id='word_1_216' title='bbox 3232 1310 3296 1365; x_wconf 92' lang='grc' dir='ltr'>Τ.</span> <span class='ocrx_word' id='word_1_217' title='bbox 3330 1312 3402 1379; x_wconf 92' lang='lat' dir='ltr'><strong>II,</strong></span> <span class='ocrx_word' id='word_1_218' title='bbox 3482 1314 3620 1369; x_wconf 84' lang='lat'><strong>1295</strong></span> 
     </span>
    </p>
   </div>
   <div class='ocr_carea' id='block_1_51' title="bbox 1973 1372 3620 1443">
    <p class='ocr_par' dir='ltr' id='par_1_51' title="bbox 1973 1372 3620 1443">
     <span class='ocr_line' id='line_1_53' title="bbox 1973 1372 3620 1443; baseline 0.01 -20"><span class='ocrx_word' id='word_1_219' title='bbox 1973 1372 2220 1425; x_wconf 86' lang='lat' dir='ltr'><strong>Homilia</strong></span> <span class='ocrx_word' id='word_1_220' title='bbox 2247 1373 2304 1426; x_wconf 90' lang='lat' dir='ltr'><strong>in</strong></span> <span class='ocrx_word' id='word_1_221' title='bbox 2339 1389 2524 1429; x_wconf 87' lang='lat' dir='ltr'><strong>ramos</strong></span> <span class='ocrx_word' id='word_1_222' title='bbox 2551 1375 2894 1443; x_wconf 87' lang='lat' dir='ltr'><strong>Palmarum,</strong></span> <span class='ocrx_word' id='word_1_223' title='bbox 2928 1378 3012 1433; x_wconf 82' lang='grc'><strong>48.</strong></span> <span class='ocrx_word' id='word_1_224' title='bbox 3266 1413 3333 1421; x_wconf 92' lang='grc'><strong><em>--</em></strong></span> <span class='ocrx_word' id='word_1_225' title='bbox 3389 1372 3399 1379; x_wconf 73' lang='grc'><strong>’</strong></span> <span class='ocrx_word' id='word_1_226' title='bbox 3481 1387 3620 1441; x_wconf 89' lang='grc'>1309</span> 
     </span>
    </p>
   </div>
   <div class='ocr_carea' id='block_1_52' title="bbox 1973 1444 3124 1518">
    <p class='ocr_par' dir='ltr' id='par_1_52' title="bbox 1973 1444 3124 1518">
     <span class='ocr_line' id='line_1_54' title="bbox 1973 1444 3124 1518; baseline 0.005 -21"><span class='ocrx_word' id='word_1_227' title='bbox 1973 1444 2321 1518; x_wconf 83' lang='lat' dir='ltr'><strong>Opusculum</strong></span> <span class='ocrx_word' id='word_1_228' title='bbox 2350 1444 2411 1499; x_wconf 91' lang='lat' dir='ltr'><strong>in</strong></span> <span class='ocrx_word' id='word_1_229' title='bbox 2443 1446 2655 1502; x_wconf 88' lang='lat' dir='ltr'><strong>dictum</strong></span> <span class='ocrx_word' id='word_1_230' title='bbox 2684 1448 2956 1518; x_wconf 83' lang='lat' dir='ltr'><strong>Apostoli,</strong></span> <span class='ocrx_word' id='word_1_231' title='bbox 2985 1452 3124 1505; x_wconf 88' lang='lat' dir='ltr'><strong>Novi</strong></span> 
     </span>
    </p>
   </div>
   <div class='ocr_carea' id='block_1_53' title="bbox 2043 1514 3121 1588">
    <p class='ocr_par' dir='ltr' id='par_1_53' title="bbox 2043 1514 3121 1588">
     <span class='ocr_line' id='line_1_55' title="bbox 2043 1514 3121 1588; baseline 0.008 -22"><span class='ocrx_word' id='word_1_232' title='bbox 2043 1514 2577 1588; x_wconf 19' lang='lat' dir='ltr'><strong>hominum‘raptum</strong></span> <span class='ocrx_word' id='word_1_233' title='bbox 2604 1514 2771 1588; x_wconf 82' lang='lat' dir='ltr'><strong>usque</strong></span> <span class='ocrx_word' id='word_1_234' title='bbox 2800 1519 2875 1575; x_wconf 86' lang='lat' dir='ltr'><strong>ad</strong></span> <span class='ocrx_word' id='word_1_235' title='bbox 2896 1514 3121 1575; x_wconf 79' lang='lat' dir='ltr'><strong>tertium</strong></span> 
     </span>
    </p>
   </div>
   <div class='ocr_carea' id='block_1_54' title="bbox 2044 1584 3401 1662">
    <p class='ocr_par' dir='ltr' id='par_1_54' title="bbox 2044 1584 3401 1662">
     <span class='ocr_line' id='line_1_56' title="bbox 2044 1584 3401 1662; baseline 0.009 -24"><span class='ocrx_word' id='word_1_236' title='bbox 2044 1586 2258 1662; x_wconf 63' lang='lat' dir='ltr'><strong>caelum,</strong></span> <span class='ocrx_word' id='word_1_237' title='bbox 2293 1584 2379 1662; x_wconf 77' lang='grc'><strong>49.</strong></span> <span class='ocrx_word' id='word_1_238' title='bbox 2675 1584 2692 1588; x_wconf 71' lang='grc'><em>’</em></span> <span class='ocrx_word' id='word_1_239' title='bbox 2875 1660 2883 1662; x_wconf 78' lang='lat'><strong><em>_</em></strong></span> <span class='ocrx_word' id='word_1_240' title='bbox 3204 1595 3269 1649; x_wconf 92' lang='lat' dir='ltr'><strong>T.</strong></span> <span class='ocrx_word' id='word_1_241' title='bbox 3300 1600 3401 1662; x_wconf 89' lang='lat' dir='ltr'><strong>III,</strong></span> 
     </span>
    </p>
   </div>
   <div class='ocr_carea' id='block_1_55' title="bbox 1975 1655 3119 1729">
    <p class='ocr_par' dir='ltr' id='par_1_55' title="bbox 1975 1655 3119 1729">
     <span class='ocr_line' id='line_1_57' title="bbox 1975 1655 3119 1729; baseline 0.007 -20"><span class='ocrx_word' id='word_1_242' title='bbox 1975 1655 2321 1729; x_wconf 88' lang='lat' dir='ltr'><strong>Opusculum</strong></span> <span class='ocrx_word' id='word_1_243' title='bbox 2344 1659 2403 1713; x_wconf 90' lang='lat' dir='ltr'><strong>in</strong></span> <span class='ocrx_word' id='word_1_244' title='bbox 2425 1658 2636 1714; x_wconf 88' lang='lat' dir='ltr'><strong>dictum</strong></span> <span class='ocrx_word' id='word_1_245' title='bbox 2666 1660 2932 1729; x_wconf 85' lang='lat' dir='ltr'><strong>Apostoli,</strong></span> <span class='ocrx_word' id='word_1_246' title='bbox 2951 1663 3119 1718; x_wconf 80' lang='lat' dir='ltr'><strong>Datus</strong></span> 
     </span>
    </p>
   </div>
   <div class='ocr_carea' id='block_1_56' title="bbox 2044 1728 3331 1798">
    <p class='ocr_par' dir='ltr' id='par_1_56' title="bbox 2044 1728 3331 1798">
     <span class='ocr_line' id='line_1_58' title="bbox 2044 1728 3331 1798; baseline 0.009 -18"><span class='ocrx_word' id='word_1_247' title='bbox 2044 1736 2124 1782; x_wconf 88' lang='lat' dir='ltr'><strong>est</strong></span> <span class='ocrx_word' id='word_1_248' title='bbox 2153 1728 2293 1782; x_wconf 84' lang='lat' dir='ltr'><strong>mihi</strong></span> <span class='ocrx_word' id='word_1_249' title='bbox 2318 1730 2576 1785; x_wconf 83' lang='lat' dir='ltr'><strong>stimulus</strong></span> <span class='ocrx_word' id='word_1_250' title='bbox 2603 1728 2787 1786; x_wconf 88' lang='lat' dir='ltr'><strong>carnis</strong></span> <span class='ocrx_word' id='word_1_251' title='bbox 2818 1748 2977 1798; x_wconf 72' lang='lat' dir='ltr'><strong>meae,</strong></span> <span class='ocrx_word' id='word_1_252' title='bbox 3008 1734 3097 1789; x_wconf 91' lang='grc'><strong>50.</strong></span> <span class='ocrx_word' id='word_1_253' title='bbox 3265 1768 3331 1778; x_wconf 79' lang='lat'><strong>~—</strong></span> 
     </span>
    </p>
   </div>
   <div class='ocr_carea' id='block_1_57' title="bbox 1972 1800 3122 1876">
    <p class='ocr_par' dir='ltr' id='par_1_57' title="bbox 1972 1800 3122 1876">
     <span class='ocr_line' id='line_1_59' title="bbox 1972 1800 3122 1876; baseline 0.008 -24"><span class='ocrx_word' id='word_1_254' title='bbox 1972 1800 2385 1876; x_wconf 75' lang='lat' dir='ltr'><strong>Argumentum</strong></span> <span class='ocrx_word' id='word_1_255' title='bbox 2414 1817 2511 1856; x_wconf 92' lang='lat' dir='ltr'><strong>seu</strong></span> <span class='ocrx_word' id='word_1_256' title='bbox 2542 1802 2853 1876; x_wconf 76' lang='grc' dir='ltr'>προθεωρία</span> <span class='ocrx_word' id='word_1_257' title='bbox 2882 1805 2942 1859; x_wconf 92' lang='lat' dir='ltr'><strong>in</strong></span> <span class='ocrx_word' id='word_1_258' title='bbox 2973 1804 3122 1861; x_wconf 89' lang='lat' dir='ltr'><strong>Psal-</strong></span> 
     </span>
    </p>
   </div>
   <div class='ocr_carea' id='block_1_58' title="bbox 2048 1871 3618 1939">
    <p class='ocr_par' dir='ltr' id='par_1_58' title="bbox 2048 1871 3618 1939">
     <span class='ocr_line' id='line_1_60' title="bbox 2048 1871 3618 1939; baseline 0.01 -15"><span class='ocrx_word' id='word_1_259' title='bbox 2048 1886 2188 1937; x_wconf 89' lang='lat' dir='ltr'><strong>mos,</strong></span> <span class='ocrx_word' id='word_1_260' title='bbox 2220 1871 2309 1925; x_wconf 86' lang='lat'><strong>52.</strong></span> <span class='ocrx_word' id='word_1_261' title='bbox 2586 1871 2595 1876; x_wconf 82' lang='grc'><em>’</em></span> <span class='ocrx_word' id='word_1_262' title='bbox 2763 1871 2771 1876; x_wconf 77' lang='grc'><em>’</em></span> <span class='ocrx_word' id='word_1_263' title='bbox 3266 1909 3333 1918; x_wconf 85' lang='lat'><strong>-—</strong></span> <span class='ocrx_word' id='word_1_264' title='bbox 3547 1885 3618 1939; x_wconf 89' lang='lat'><strong>55</strong></span> 
     </span>
    </p>
   </div>
   <div class='ocr_carea' id='block_1_59' title="bbox 1974 1939 3333 2010">
    <p class='ocr_par' dir='ltr' id='par_1_59' title="bbox 1974 1939 3333 2010">
     <span class='ocr_line' id='line_1_61' title="bbox 1974 1939 3333 2010; baseline 0.007 -17"><span class='ocrx_word' id='word_1_265' title='bbox 1974 1939 2375 2010; x_wconf 86' lang='lat' dir='ltr'><strong>Supplementa</strong></span> <span class='ocrx_word' id='word_1_266' title='bbox 2407 1942 2464 1998; x_wconf 90' lang='lat' dir='ltr'><strong>in</strong></span> <span class='ocrx_word' id='word_1_267' title='bbox 2499 1943 2765 2007; x_wconf 86' lang='lat' dir='ltr'><strong>Psalmos,</strong></span> <span class='ocrx_word' id='word_1_268' title='bbox 2797 1946 2933 2001; x_wconf 81' lang='lat'><strong>53&#39;.</strong></span> <span class='ocrx_word' id='word_1_269' title='bbox 3264 1980 3333 1990; x_wconf 83' lang='lat'><em>—</em></span> 
     </span>
    </p>
   </div>
   <div class='ocr_carea' id='block_1_60' title="bbox 1977 2012 3617 2090">
    <p class='ocr_par' dir='ltr' id='par_1_60' title="bbox 1977 2012 3617 2090">
     <span class='ocr_line' id='line_1_62' title="bbox 1977 2012 3617 2090; baseline 0.01 -26"><span class='ocrx_word' id='word_1_270' title='bbox 1977 2012 2309 2090; x_wconf 57' lang='lat' dir='ltr'><strong>fragmenta</strong></span> <span class='ocrx_word' id='word_1_271' title='bbox 2340 2021 2535 2069; x_wconf 87' lang='lat' dir='ltr'><strong>contra</strong></span> <span class='ocrx_word' id='word_1_272' title='bbox 2559 2015 3024 2090; x_wconf 60' lang='lat' dir='ltr'><strong>Macedonianos,</strong></span> <span class='ocrx_word' id='word_1_273' title='bbox 3046 2019 3135 2074; x_wconf 77' lang='grc'><strong>74.</strong></span> <span class='ocrx_word' id='word_1_274' title='bbox 3231 2021 3292 2077; x_wconf 89' lang='grc' dir='ltr'>Τ.</span> <span class='ocrx_word' id='word_1_275' title='bbox 3330 2022 3399 2090; x_wconf 90' lang='grc' dir='ltr'><strong>ΙΙ,</strong></span> <span class='ocrx_word' id='word_1_276' title='bbox 3480 2025 3617 2081; x_wconf 87' lang='grc'>1313</span> 
     </span>
    </p>
   </div>
   <div class='ocr_carea' id='block_1_61' title="bbox 1974 2083 3619 2153">
    <p class='ocr_par' dir='ltr' id='par_1_61' title="bbox 1974 2083 3619 2153">
     <span class='ocr_line' id='line_1_63' title="bbox 1974 2083 3619 2153; baseline 0.01 -18"><span class='ocrx_word' id='word_1_277' title='bbox 1974 2083 2305 2151; x_wconf 71' lang='lat' dir='ltr'><strong>Fragmenta</strong></span> <span class='ocrx_word' id='word_1_278' title='bbox 2334 2093 2531 2139; x_wconf 89' lang='lat' dir='ltr'><strong>contra</strong></span> <span class='ocrx_word' id='word_1_279' title='bbox 2559 2086 2915 2153; x_wconf 72' lang='lat' dir='ltr'><strong>Nomtianos,</strong></span> <span class='ocrx_word' id='word_1_280' title='bbox 2948 2083 3080 2145; x_wconf 80' lang='lat' dir='ltr'><strong>ibid.</strong></span> <span class='ocrx_word' id='word_1_281' title='bbox 3263 2124 3333 2133; x_wconf 89' lang='lat'><strong><em>—</em></strong></span> <span class='ocrx_word' id='word_1_282' title='bbox 3386 2083 3396 2090; x_wconf 71' lang='grc'><em>’</em></span> <span class='ocrx_word' id='word_1_283' title='bbox 3482 2098 3619 2152; x_wconf 88' lang='grc'>1315</span> 
     </span>
    </p>
   </div>
   <div class='ocr_carea' id='block_1_62' title="bbox 1976 2154 3618 2226">
    <p class='ocr_par' dir='ltr' id='par_1_62' title="bbox 1976 2154 3618 2226">
     <span class='ocr_line' id='line_1_64' title="bbox 1976 2154 3618 2226; baseline 0.01 -20"><span class='ocrx_word' id='word_1_284' title='bbox 1976 2155 2113 2226; x_wconf 86' lang='lat' dir='ltr'><strong>Item</strong></span> <span class='ocrx_word' id='word_1_285' title='bbox 2144 2154 2255 2208; x_wconf 90' lang='lat' dir='ltr'><strong>duo</strong></span> <span class='ocrx_word' id='word_1_286' title='bbox 2286 2156 2396 2209; x_wconf 90' lang='lat' dir='ltr'><strong>alia</strong></span> <span class='ocrx_word' id='word_1_287' title='bbox 2426 2164 2620 2211; x_wconf 90' lang='lat' dir='ltr'><strong>contra</strong></span> <span class='ocrx_word' id='word_1_288' title='bbox 2651 2160 2899 2226; x_wconf 89' lang='lat' dir='ltr'><strong>eosdem,</strong></span> <span class='ocrx_word' id='word_1_289' title='bbox 2932 2162 3028 2217; x_wconf 90' lang='grc'><strong>75.</strong></span> <span class='ocrx_word' id='word_1_290' title='bbox 3265 2195 3330 2205; x_wconf 84' lang='grc'><strong>-</strong></span> <span class='ocrx_word' id='word_1_291' title='bbox 3478 2168 3618 2223; x_wconf 85' lang='grc'>1315</span> 
     </span>
    </p>
   </div>
   <div class='ocr_carea' id='block_1_63' title="bbox 1976 2225 3617 2293">
    <p class='ocr_par' dir='ltr' id='par_1_63' title="bbox 1976 2225 3617 2293">
     <span class='ocr_line' id='line_1_65' title="bbox 1976 2225 3617 2293; baseline 0.011 -17"><span class='ocrx_word' id='word_1_292' title='bbox 1976 2225 2371 2291; x_wconf 68' lang='lat' dir='ltr'><strong>Fragmentum</strong></span> <span class='ocrx_word' id='word_1_293' title='bbox 2403 2228 2472 2281; x_wconf 89' lang='lat' dir='ltr'><strong>de</strong></span> <span class='ocrx_word' id='word_1_294' title='bbox 2504 2227 2784 2293; x_wconf 89' lang='lat' dir='ltr'><strong>amuletis,</strong></span> <span class='ocrx_word' id='word_1_295' title='bbox 2815 2231 2903 2285; x_wconf 88' lang='grc'><strong>76.</strong></span> <span class='ocrx_word' id='word_1_296' title='bbox 3266 2265 3333 2275; x_wconf 92' lang='grc'><strong><em>--</em></strong></span> <span class='ocrx_word' id='word_1_297' title='bbox 3482 2241 3617 2293; x_wconf 90' lang='grc'>1319</span> 
     </span>
    </p>
   </div>
   <div class='ocr_carea' id='block_1_64' title="bbox 1972 2295 3619 2365">
    <p class='ocr_par' dir='ltr' id='par_1_64' title="bbox 1972 2295 3619 2365">
     <span class='ocr_line' id='line_1_66' title="bbox 1972 2295 3619 2365; baseline 0.01 -17"><span class='ocrx_word' id='word_1_298' title='bbox 1972 2295 2308 2362; x_wconf 74' lang='lat' dir='ltr'><strong>Fragmenta</strong></span> <span class='ocrx_word' id='word_1_299' title='bbox 2336 2298 2466 2363; x_wconf 83' lang='lat' dir='ltr'><strong>alia,</strong></span> <span class='ocrx_word' id='word_1_300' title='bbox 2498 2298 2631 2353; x_wconf 84' lang='lat' dir='ltr'><strong>ibid.</strong></span> <span class='ocrx_word' id='word_1_301' title='bbox 3266 2337 3334 2345; x_wconf 94' lang='lat'><strong>—-</strong></span> <span class='ocrx_word' id='word_1_302' title='bbox 3482 2310 3619 2365; x_wconf 89' lang='grc'>1319</span> 
     </span>
    </p>
   </div>
   <div class='ocr_carea' id='block_1_65' title="bbox 1974 2367 3617 2437">
    <p class='ocr_par' dir='ltr' id='par_1_65' title="bbox 1974 2367 3617 2437">
     <span class='ocr_line' id='line_1_67' title="bbox 1974 2367 3617 2437; baseline 0.01 -18"><span class='ocrx_word' id='word_1_303' title='bbox 1974 2367 2161 2421; x_wconf 87' lang='lat' dir='ltr'><strong>Brevis</strong></span> <span class='ocrx_word' id='word_1_304' title='bbox 2190 2368 2464 2436; x_wconf 82' lang='lat' dir='ltr'><strong>expositio</strong></span> <span class='ocrx_word' id='word_1_305' title='bbox 2498 2368 2645 2437; x_wconf 89' lang='lat' dir='ltr'><strong>tidei,</strong></span> <span class='ocrx_word' id='word_1_306' title='bbox 2678 2373 2768 2426; x_wconf 91' lang='lat'><strong>78.</strong></span> <span class='ocrx_word' id='word_1_307' title='bbox 3263 2409 3331 2419; x_wconf 91' lang='lat'><strong>—-</strong></span> <span class='ocrx_word' id='word_1_308' title='bbox 3480 2382 3617 2437; x_wconf 89' lang='lat'><strong>1319</strong></span> 
     </span>
    </p>
   </div>
   <div class='ocr_carea' id='block_1_66' title="bbox 1975 2438 3118 2563">
    <p class='ocr_par' dir='ltr' id='par_1_66' title="bbox 1975 2438 3118 2563">
     <span class='ocr_line' id='line_1_68' title="bbox 1975 2438 3118 2563; baseline 0.01 -72"><span class='ocrx_word' id='word_1_309' title='bbox 1975 2438 2310 2563; x_wconf 53' lang='lat' dir='ltr'><strong>Fralgpiienta</strong></span> <span class='ocrx_word' id='word_1_310' title='bbox 2360 2456 2427 2496; x_wconf 85' lang='lat' dir='ltr'><strong>ex</strong></span> <span class='ocrx_word' id='word_1_311' title='bbox 2486 2440 2737 2511; x_wconf 87' lang='lat' dir='ltr'><strong>epistolis</strong></span> <span class='ocrx_word' id='word_1_312' title='bbox 2807 2442 3118 2513; x_wconf 85' lang='lat' dir='ltr'><strong>festalibus,</strong></span> 
     </span>
     <span class='ocr_line' id='line_1_69' title="bbox 2045 2512 2257 2563; baseline 0 0"><span class='ocrx_word' id='word_1_313' title='bbox 2045 2526 2063 2563; x_wconf 76' lang='grc' dir='ltr'><strong>ι</strong></span> <span class='ocrx_word' id='word_1_314' title='bbox 2106 2526 2124 2563; x_wconf 81' lang='lat' dir='ltr'><strong>i</strong></span> <span class='ocrx_word' id='word_1_315' title='bbox 2170 2550 2182 2562; x_wconf 92' lang='lat'><strong>.</strong></span> <span class='ocrx_word' id='word_1_316' title='bbox 2210 2512 2257 2531; x_wconf 82' lang='lat'><strong>“&#39;</strong></span> 
     </span>
    </p>
   </div>
   <div class='ocr_carea' id='block_1_67' title="bbox 2045 2510 2257 2563">
    <p class='ocr_par' dir='ltr' id='par_1_67' title="bbox 2045 2510 2257 2563">
     <span class='ocr_line' id='line_1_70' title="bbox 2045 2510 2257 2563; baseline 0 0"><span class='ocrx_word' id='word_1_317' title='bbox 2045 2510 2182 2563; x_wconf 80' lang='lat' dir='ltr'><strong>ibid.</strong></span> <span class='ocrx_word' id='word_1_318' title='bbox 2210 2512 2257 2531; x_wconf 84' lang='lat'><strong>&quot;’</strong></span> 
     </span>
    </p>
   </div>
   <div class='ocr_carea' id='block_1_68' title="bbox 1974 2581 3120 2651">
    <p class='ocr_par' dir='ltr' id='par_1_68' title="bbox 1974 2581 3120 2651">
     <span class='ocr_line' id='line_1_71' title="bbox 1974 2581 3120 2651; baseline 0.009 -18"><span class='ocrx_word' id='word_1_319' title='bbox 1974 2583 2306 2648; x_wconf 86' lang='lat' dir='ltr'><strong>Fragmento</strong></span> <span class='ocrx_word' id='word_1_320' title='bbox 2355 2581 2577 2651; x_wconf 85' lang='lat' dir='ltr'><strong>insigne</strong></span> <span class='ocrx_word' id='word_1_321' title='bbox 2620 2583 2678 2639; x_wconf 89' lang='lat' dir='ltr'><strong>di</strong></span> <span class='ocrx_word' id='word_1_322' title='bbox 2721 2586 2891 2641; x_wconf 90' lang='lat' dir='ltr'><strong>storia</strong></span> <span class='ocrx_word' id='word_1_323' title='bbox 2937 2587 3120 2644; x_wconf 89' lang='lat' dir='ltr'><strong>eccle-</strong></span> 
     </span>
    </p>
   </div>
   <div class='ocr_carea' id='block_1_69' title="bbox 2045 2653 3613 2724">
    <p class='ocr_par' dir='ltr' id='par_1_69' title="bbox 2045 2653 3613 2724">
     <span class='ocr_line' id='line_1_72' title="bbox 2045 2653 3613 2724; baseline 0.012 -20"><span class='ocrx_word' id='word_1_324' title='bbox 2045 2653 2269 2724; x_wconf 85' lang='lat' dir='ltr'><strong>siastica</strong></span> <span class='ocrx_word' id='word_1_325' title='bbox 2301 2653 2388 2708; x_wconf 90' lang='lat' dir='ltr'><strong>del</strong></span> <span class='ocrx_word' id='word_1_326' title='bbox 2421 2662 2620 2723; x_wconf 88' lang='lat' dir='ltr'><strong>quarto</strong></span> <span class='ocrx_word' id='word_1_327' title='bbox 2651 2657 2858 2721; x_wconf 87' lang='lat' dir='ltr'><strong>secolo,</strong></span> <span class='ocrx_word' id='word_1_328' title='bbox 2886 2658 2974 2711; x_wconf 89' lang='grc'><strong>82.</strong></span> <span class='ocrx_word' id='word_1_329' title='bbox 3263 2692 3335 2704; x_wconf 91' lang='grc'><strong>-</strong></span> <span class='ocrx_word' id='word_1_330' title='bbox 3482 2667 3613 2724; x_wconf 92' lang='grc'>1331</span> 
     </span>
    </p>
   </div>
   <div class='ocr_carea' id='block_1_70' title="bbox 1974 2723 3124 2795">
    <p class='ocr_par' dir='ltr' id='par_1_70' title="bbox 1974 2723 3124 2795">
     <span class='ocr_line' id='line_1_73' title="bbox 1974 2723 3124 2795; baseline 0.008 -18"><span class='ocrx_word' id='word_1_331' title='bbox 1974 2723 2221 2792; x_wconf 78' lang='lat' dir='ltr'><strong>Epistula</strong></span> <span class='ocrx_word' id='word_1_332' title='bbox 2254 2724 2324 2778; x_wconf 91' lang='lat' dir='ltr'><strong>ad</strong></span> <span class='ocrx_word' id='word_1_333' title='bbox 2365 2724 2569 2795; x_wconf 89' lang='lat' dir='ltr'><strong>Papam</strong></span> <span class='ocrx_word' id='word_1_334' title='bbox 2602 2733 2655 2782; x_wconf 89' lang='lat' dir='ltr'><strong>et</strong></span> <span class='ocrx_word' id='word_1_335' title='bbox 2686 2728 2901 2784; x_wconf 89' lang='lat' dir='ltr'><strong>clerum</strong></span> <span class='ocrx_word' id='word_1_336' title='bbox 2934 2729 3124 2786; x_wconf 88' lang='lat' dir='ltr'><strong>Persa-</strong></span> 
     </span>
    </p>
   </div>
   <div class='ocr_carea' id='block_1_71' title="bbox 2047 2796 3611 2873">
    <p class='ocr_par' dir='ltr' id='par_1_71' title="bbox 2047 2796 3611 2873">
     <span class='ocr_line' id='line_1_74' title="bbox 2047 2796 3611 2873; baseline 0.012 -26"><span class='ocrx_word' id='word_1_337' title='bbox 2047 2810 2192 2873; x_wconf 82' lang='lat' dir='ltr'><strong>rum,</strong></span> <span class='ocrx_word' id='word_1_338' title='bbox 2224 2796 2325 2873; x_wconf 84' lang='lat'><strong>95._</strong></span> <span class='ocrx_word' id='word_1_339' title='bbox 2405 2866 2415 2873; x_wconf 33' lang='grc' dir='ltr'>ι</span> <span class='ocrx_word' id='word_1_340' title='bbox 2509 2867 2543 2873; x_wconf 82' lang='lat'><strong><em>_</em></strong></span> <span class='ocrx_word' id='word_1_341' title='bbox 2620 2868 2630 2873; x_wconf 86' lang='lat'><strong>_</strong></span> <span class='ocrx_word' id='word_1_342' title='bbox 3218 2805 3402 2873; x_wconf 88' lang='lat' dir='ltr'><strong>T.lV,</strong></span> <span class='ocrx_word' id='word_1_343' title='bbox 3482 2810 3611 2866; x_wconf 87' lang='lat'><strong>1561</strong></span> 
     </span>
    </p>
   </div>
   <div class='ocr_carea' id='block_1_72' title="bbox 1976 2864 3119 2937">
    <p class='ocr_par' dir='ltr' id='par_1_72' title="bbox 1976 2864 3119 2937">
     <span class='ocr_line' id='line_1_75' title="bbox 1976 2864 3119 2937; baseline 0.009 -18"><span class='ocrx_word' id='word_1_344' title='bbox 1976 2864 2363 2933; x_wconf 86' lang='lat' dir='ltr'><strong>lnterpretatio</strong></span> <span class='ocrx_word' id='word_1_345' title='bbox 2401 2866 2462 2921; x_wconf 90' lang='lat' dir='ltr'><strong>in</strong></span> <span class='ocrx_word' id='word_1_346' title='bbox 2508 2867 2783 2937; x_wconf 87' lang='lat' dir='ltr'><strong>Psalmos,</strong></span> <span class='ocrx_word' id='word_1_347' title='bbox 2815 2886 2911 2927; x_wconf 91' lang='lat' dir='ltr'><strong>seu</strong></span> <span class='ocrx_word' id='word_1_348' title='bbox 2940 2872 3016 2927; x_wconf 91' lang='lat' dir='ltr'><strong>De</strong></span> <span class='ocrx_word' id='word_1_349' title='bbox 3047 2875 3119 2929; x_wconf 88' lang='lat' dir='ltr'><strong>ti-</strong></span> 
     </span>
    </p>
   </div>
   <div class='ocr_carea' id='block_1_73' title="bbox 2044 2938 3611 3020">
    <p class='ocr_par' dir='ltr' id='par_1_73' title="bbox 2044 2938 3611 3020">
     <span class='ocr_line' id='line_1_76' title="bbox 2044 2938 3611 3020; baseline 0.011 -30"><span class='ocrx_word' id='word_1_350' title='bbox 2044 2938 2176 2991; x_wconf 85' lang='lat' dir='ltr'><strong>tulis</strong></span> <span class='ocrx_word' id='word_1_351' title='bbox 2207 2938 2580 2994; x_wconf 85' lang='lat' dir='ltr'><strong>Psalmorum.</strong></span> <span class='ocrx_word' id='word_1_352' title='bbox 3208 2947 3272 3003; x_wconf 91' lang='lat' dir='ltr'><strong>T.</strong></span> <span class='ocrx_word' id='word_1_353' title='bbox 3305 2948 3400 3020; x_wconf 88' lang='lat' dir='ltr'><strong>III,</strong></span> <span class='ocrx_word' id='word_1_354' title='bbox 3511 2953 3611 3009; x_wconf 88' lang='lat'><strong>591</strong></span> 
     </span>
    </p>
   </div>
   <div class='ocr_carea' id='block_1_74' title="bbox 289 3111 1996 3191">
    <p class='ocr_par' dir='ltr' id='par_1_74' title="bbox 289 3111 1996 3191">
     <span class='ocr_line' id='line_1_77' title="bbox 289 3111 1996 3191; baseline 0.006 -25"><span class='ocrx_word' id='word_1_355' title='bbox 289 3111 332 3131; x_wconf 83' lang='lat'>“</span> <span class='ocrx_word' id='word_1_356' title='bbox 363 3111 649 3181; x_wconf 82' lang='lat' dir='ltr'><strong>Leguntur</strong></span> <span class='ocrx_word' id='word_1_357' title='bbox 682 3115 739 3167; x_wconf 91' lang='lat' dir='ltr'><strong>in</strong></span> <span class='ocrx_word' id='word_1_358' title='bbox 771 3115 1018 3170; x_wconf 85' lang='lat' dir='ltr'><strong>editione</strong></span> <span class='ocrx_word' id='word_1_359' title='bbox 1046 3111 1289 3185; x_wconf 43' lang='lat' dir='ltr'><strong>ple—niori</strong></span> <span class='ocrx_word' id='word_1_360' title='bbox 1320 3119 1473 3173; x_wconf 89' lang='lat' dir='ltr'><strong>card.</strong></span> <span class='ocrx_word' id='word_1_361' title='bbox 1508 3119 1642 3190; x_wconf 91' lang='lat' dir='ltr'><strong>Mai,</strong></span> <span class='ocrx_word' id='word_1_362' title='bbox 1671 3124 1814 3191; x_wconf 88' lang='lat' dir='ltr'><strong>Opp.</strong></span> <span class='ocrx_word' id='word_1_363' title='bbox 1852 3127 1890 3176; x_wconf 94' lang='lat' dir='ltr'><strong>t.</strong></span> <span class='ocrx_word' id='word_1_364' title='bbox 1922 3125 1996 3176; x_wconf 92' lang='lat' dir='ltr'><strong>II.</strong></span> 
     </span>
    </p>
   </div>
   <div class='ocr_carea' id='block_1_75' title="bbox 211 3240 3613 3285">
    <p class='ocr_par' dir='ltr' id='par_1_75' title="bbox 211 3240 3613 3285">
     <span class='ocr_line' id='line_1_78' title="bbox 211 3240 3613 3285; baseline 0.01 -35"><span class='ocrx_word' id='word_1_365' title='bbox 211 3240 3613 3285; x_wconf 44' lang='grc' dir='ltr'>Μ</span> 
     </span>
    </p>
   </div>
   <div class='ocr_carea' id='block_1_76' title="bbox 1042 3359 2789 3482">
    <p class='ocr_par' dir='ltr' id='par_1_76' title="bbox 1042 3359 2789 3482">
     <span class='ocr_line' id='line_1_79' title="bbox 1042 3359 2789 3482; baseline 0.009 -17"><span class='ocrx_word' id='word_1_366' title='bbox 1042 3359 1398 3472; x_wconf 60' lang='lat' dir='ltr'><strong>INDEX</strong></span> <span class='ocrx_word' id='word_1_367' title='bbox 1463 3361 1939 3476; x_wconf 82' lang='lat' dir='ltr'><strong>OPERUM</strong></span> <span class='ocrx_word' id='word_1_368' title='bbox 2004 3363 2094 3480; x_wconf 92' lang='lat' dir='ltr'><strong>S.</strong></span> <span class='ocrx_word' id='word_1_369' title='bbox 2168 3366 2789 3482; x_wconf 88' lang='lat' dir='ltr'><strong>ATHANASII</strong></span> 
     </span>
    </p>
   </div>
   <div class='ocr_carea' id='block_1_77' title="bbox 871 3526 2969 3616">
    <p class='ocr_par' dir='ltr' id='par_1_77' title="bbox 871 3526 2969 3616">
     <span class='ocr_line' id='line_1_80' title="bbox 871 3526 2969 3616; baseline 0.008 -29"><span class='ocrx_word' id='word_1_370' title='bbox 871 3526 1104 3590; x_wconf 89' lang='lat' dir='ltr'><strong>Ordine</strong></span> <span class='ocrx_word' id='word_1_371' title='bbox 1150 3530 1259 3609; x_wconf 87' lang='lat' dir='ltr'><strong>qui</strong></span> <span class='ocrx_word' id='word_1_372' title='bbox 1306 3531 1496 3612; x_wconf 77' lang='lat' dir='ltr'><strong>vulgo</strong></span> <span class='ocrx_word' id='word_1_373' title='bbox 1543 3533 1607 3595; x_wconf 90' lang='lat' dir='ltr'><strong>in</strong></span> <span class='ocrx_word' id='word_1_374' title='bbox 1653 3535 2101 3616; x_wconf 86' lang='lat' dir='ltr'><strong>antiquissimis</strong></span> <span class='ocrx_word' id='word_1_375' title='bbox 2147 3536 2463 3598; x_wconf 86' lang='lat' dir='ltr'><strong>codicibus</strong></span> <span class='ocrx_word' id='word_1_376' title='bbox 2511 3539 2969 3603; x_wconf 86' lang='lat' dir='ltr'><strong>circumfertur.</strong></span> 
     </span>
    </p>
   </div>
   <div class='ocr_carea' id='block_1_78' title="bbox 291 3652 916 3715">
    <p class='ocr_par' dir='ltr' id='par_1_78' title="bbox 291 3652 916 3715">
     <span class='ocr_line' id='line_1_81' title="bbox 291 3652 916 3715; baseline 0.016 -9"><span class='ocrx_word' id='word_1_377' title='bbox 291 3652 454 3708; x_wconf 87' lang='lat' dir='ltr'><strong>Liber</strong></span> <span class='ocrx_word' id='word_1_378' title='bbox 480 3660 669 3712; x_wconf 86' lang='lat' dir='ltr'><strong>contra</strong></span> <span class='ocrx_word' id='word_1_379' title='bbox 698 3661 916 3715; x_wconf 80' lang='lat' dir='ltr'><strong>Gentes.</strong></span> 
     </span>
    </p>
   </div>
   <div class='ocr_carea' id='block_1_79' title="bbox 292 3724 988 3789">
    <p class='ocr_par' dir='ltr' id='par_1_79' title="bbox 292 3724 988 3789">
     <span class='ocr_line' id='line_1_82' title="bbox 292 3724 988 3789; baseline 0.014 -10"><span class='ocrx_word' id='word_1_380' title='bbox 292 3724 453 3780; x_wconf 85' lang='lat' dir='ltr'><strong>Liber</strong></span> <span class='ocrx_word' id='word_1_381' title='bbox 476 3727 547 3782; x_wconf 83' lang='lat' dir='ltr'><strong>de</strong></span> <span class='ocrx_word' id='word_1_382' title='bbox 573 3729 988 3789; x_wconf 81' lang='lat' dir='ltr'><strong>lncarnatione.</strong></span> 
     </span>
    </p>
   </div>
   <div class='ocr_carea' id='block_1_80' title="bbox 293 3794 1861 3873">
    <p class='ocr_par' dir='ltr' id='par_1_80' title="bbox 293 3794 1861 3873">
     <span class='ocr_line' id='line_1_83' title="bbox 293 3794 1861 3873; baseline 0.013 -25"><span class='ocrx_word' id='word_1_383' title='bbox 293 3794 365 3850; x_wconf 87' lang='lat' dir='ltr'><strong>De</strong></span> <span class='ocrx_word' id='word_1_384' title='bbox 435 3801 831 3859; x_wconf 85' lang='lat' dir='ltr'><strong>Incarnatione</strong></span> <span class='ocrx_word' id='word_1_385' title='bbox 888 3847 903 3873; x_wconf 92' lang='lat'><strong>,</strong></span> <span class='ocrx_word' id='word_1_386' title='bbox 987 3811 1175 3861; x_wconf 87' lang='lat' dir='ltr'><strong>contra</strong></span> <span class='ocrx_word' id='word_1_387' title='bbox 1244 3806 1489 3865; x_wconf 86' lang='lat' dir='ltr'><strong>Paulum</strong></span> <span class='ocrx_word' id='word_1_388' title='bbox 1557 3812 1861 3868; x_wconf 85' lang='lat' dir='ltr'><strong>Samosate-</strong></span> 
     </span>
    </p>
   </div>
   <div class='ocr_carea' id='block_1_81' title="bbox 215 3881 376 3920">
    <p class='ocr_par' dir='ltr' id='par_1_81' title="bbox 215 3881 376 3920">
     <span class='ocr_line' id='line_1_84' title="bbox 215 3881 376 3920; baseline 0.006 -1"><span class='ocrx_word' id='word_1_389' title='bbox 215 3881 376 3920; x_wconf 86' lang='lat' dir='ltr'><strong>num.</strong></span> 
     </span>
    </p>
   </div>
   <div class='ocr_carea' id='block_1_82' title="bbox 263 3937 849 4018">
    <p class='ocr_par' dir='ltr' id='par_1_82' title="bbox 263 3937 849 4018">
     <span class='ocr_line' id='line_1_85' title="bbox 263 3937 849 4018; baseline 0.017 -28"><span class='ocrx_word' id='word_1_390' title='bbox 263 4008 273 4018; x_wconf 41' lang='lat'>.</span> <span class='ocrx_word' id='word_1_391' title='bbox 291 3937 360 3992; x_wconf 92' lang='lat' dir='ltr'><strong>De</strong></span> <span class='ocrx_word' id='word_1_392' title='bbox 414 3940 803 3999; x_wconf 64' lang='lat' dir='ltr'><strong>[incarnatione</strong></span> <span class='ocrx_word' id='word_1_393' title='bbox 833 3988 849 4015; x_wconf 92' lang='lat'><strong>,</strong></span> 
     </span>
    </p>
   </div>
   <div class='ocr_carea' id='block_1_83' title="bbox 214 4023 387 4062">
    <p class='ocr_par' dir='ltr' id='par_1_83' title="bbox 214 4023 387 4062">
     <span class='ocr_line' id='line_1_86' title="bbox 214 4023 387 4062; baseline 0 0"><span class='ocrx_word' id='word_1_394' title='bbox 214 4023 387 4062; x_wconf 78' lang='lat' dir='ltr'><strong>rium.</strong></span> 
     </span>
    </p>
   </div>
   <div class='ocr_carea' id='block_1_84' title="bbox 286 4080 1770 4165">
    <p class='ocr_par' dir='ltr' id='par_1_84' title="bbox 286 4080 1770 4165">
     <span class='ocr_line' id='line_1_87' title="bbox 286 4080 1770 4165; baseline 0.012 -31"><span class='ocrx_word' id='word_1_395' title='bbox 286 4080 360 4165; x_wconf 63' lang='lat' dir='ltr'><strong>Oc</strong></span> <span class='ocrx_word' id='word_1_396' title='bbox 388 4080 774 4165; x_wconf 72' lang='lat' dir='ltr'><strong>Incarnatione</strong></span> <span class='ocrx_word' id='word_1_397' title='bbox 806 4082 1051 4165; x_wconf 49' lang='lat' dir='ltr'><strong>Christi,</strong></span> <span class='ocrx_word' id='word_1_398' title='bbox 1064 4093 1263 4165; x_wconf 77' lang='lat' dir='ltr'><strong>contra</strong></span> <span class='ocrx_word' id='word_1_399' title='bbox 1291 4094 1697 4163; x_wconf 77' lang='lat' dir='ltr'><strong>Apollinarium</strong></span> <span class='ocrx_word' id='word_1_400' title='bbox 1731 4113 1770 4165; x_wconf 80' lang='grc' dir='ltr'>ι,</span> 
     </span>
    </p>
   </div>
   <div class='ocr_carea' id='block_1_85' title="bbox 258 4150 1863 4240">
    <p class='ocr_par' dir='ltr' id='par_1_85' title="bbox 258 4150 1863 4240">
     <span class='ocr_line' id='line_1_88' title="bbox 258 4150 1863 4240; baseline 0.014 -39"><span class='ocrx_word' id='word_1_401' title='bbox 258 4150 363 4240; x_wconf 44' lang='grc' dir='ltr'><strong>.ος</strong></span> <span class='ocrx_word' id='word_1_402' title='bbox 398 4151 656 4240; x_wconf 57' lang='lat' dir='ltr'><strong>salutari</strong></span> <span class='ocrx_word' id='word_1_403' title='bbox 704 4152 939 4211; x_wconf 83' lang='lat' dir='ltr'><strong>adventu</strong></span> <span class='ocrx_word' id='word_1_404' title='bbox 1014 4150 1257 4229; x_wconf 87' lang='lat' dir='ltr'><strong>Christi,</strong></span> <span class='ocrx_word' id='word_1_405' title='bbox 1324 4150 1513 4222; x_wconf 73' lang='lat' dir='ltr'><strong>contra</strong></span> <span class='ocrx_word' id='word_1_406' title='bbox 1580 4150 1863 4240; x_wconf 65' lang='lat' dir='ltr'><strong>Apollina-</strong></span> 
     </span>
    </p>
   </div>
   <div class='ocr_carea' id='block_1_86' title="bbox 209 4236 459 4275">
    <p class='ocr_par' dir='ltr' id='par_1_86' title="bbox 209 4236 459 4275">
     <span class='ocr_line' id='line_1_89' title="bbox 209 4236 459 4275; baseline 0 0"><span class='ocrx_word' id='word_1_407' title='bbox 209 4236 366 4275; x_wconf 76' lang='lat' dir='ltr'><strong>rium</strong></span> <span class='ocrx_word' id='word_1_408' title='bbox 396 4238 459 4275; x_wconf 86' lang='lat' dir='ltr'><strong>II.</strong></span> 
     </span>
    </p>
   </div>
   <div class='ocr_carea' id='block_1_87' title="bbox 284 4290 979 4355">
    <p class='ocr_par' dir='ltr' id='par_1_87' title="bbox 284 4290 979 4355">
     <span class='ocr_line' id='line_1_90' title="bbox 284 4290 979 4355; baseline 0.012 -9"><span class='ocrx_word' id='word_1_409' title='bbox 284 4290 487 4347; x_wconf 82' lang='lat' dir='ltr'><strong>Contra</strong></span> <span class='ocrx_word' id='word_1_410' title='bbox 514 4308 698 4349; x_wconf 89' lang='lat' dir='ltr'><strong>omnes</strong></span> <span class='ocrx_word' id='word_1_411' title='bbox 730 4293 979 4355; x_wconf 69' lang='lat' dir='ltr'><strong>haereses.</strong></span> 
     </span>
    </p>
   </div>
   <div class='ocr_carea' id='block_1_88' title="bbox 284 4364 1256 4437">
    <p class='ocr_par' dir='ltr' id='par_1_88' title="bbox 284 4364 1256 4437">
     <span class='ocr_line' id='line_1_91' title="bbox 284 4364 1256 4437; baseline 0.013 -21"><span class='ocrx_word' id='word_1_412' title='bbox 284 4364 524 4437; x_wconf 59' lang='lat' dir='ltr'><strong>@pistola</strong></span> <span class='ocrx_word' id='word_1_413' title='bbox 550 4364 623 4420; x_wconf 87' lang='lat' dir='ltr'><strong>ad</strong></span> <span class='ocrx_word' id='word_1_414' title='bbox 651 4367 955 4437; x_wconf 77' lang='lat' dir='ltr'><strong>Epictetum</strong></span> <span class='ocrx_word' id='word_1_415' title='bbox 991 4371 1256 4430; x_wconf 76' lang='lat' dir='ltr'><strong>Corinthi.</strong></span> 
     </span>
    </p>
   </div>
   <div class='ocr_carea' id='block_1_89' title="bbox 285 4434 752 4506">
    <p class='ocr_par' dir='ltr' id='par_1_89' title="bbox 285 4434 752 4506">
     <span class='ocr_line' id='line_1_92' title="bbox 285 4434 752 4506; baseline 0.009 -18"><span class='ocrx_word' id='word_1_416' title='bbox 285 4434 563 4505; x_wconf 74' lang='lat' dir='ltr'><strong>Expositio</strong></span> <span class='ocrx_word' id='word_1_417' title='bbox 602 4434 752 4506; x_wconf 76' lang='lat' dir='ltr'><strong>ﬁdei.</strong></span> 
     </span>
    </p>
   </div>
   <div class='ocr_carea' id='block_1_90' title="bbox 287 4506 1285 4576">
    <p class='ocr_par' dir='ltr' id='par_1_90' title="bbox 287 4506 1285 4576">
     <span class='ocr_line' id='line_1_93' title="bbox 287 4506 1285 4576; baseline 0.013 -16"><span class='ocrx_word' id='word_1_418' title='bbox 287 4506 529 4576; x_wconf 80' lang='lat' dir='ltr'><strong>Epistola</strong></span> <span class='ocrx_word' id='word_1_419' title='bbox 556 4508 769 4564; x_wconf 87' lang='lat' dir='ltr'><strong>Liberii</strong></span> <span class='ocrx_word' id='word_1_420' title='bbox 797 4510 867 4565; x_wconf 80' lang='lat' dir='ltr'><strong>ad</strong></span> <span class='ocrx_word' id='word_1_421' title='bbox 895 4513 1285 4572; x_wconf 74' lang='lat' dir='ltr'><strong>Athanasium.</strong></span> 
     </span>
    </p>
   </div>
   <div class='ocr_carea' id='block_1_91' title="bbox 288 4577 1277 4647">
    <p class='ocr_par' dir='ltr' id='par_1_91' title="bbox 288 4577 1277 4647">
     <span class='ocr_line' id='line_1_94' title="bbox 288 4577 1277 4647; baseline 0.011 -15"><span class='ocrx_word' id='word_1_422' title='bbox 288 4577 531 4647; x_wconf 79' lang='lat' dir='ltr'><strong>Bpistola</strong></span> <span class='ocrx_word' id='word_1_423' title='bbox 556 4579 845 4637; x_wconf 78' lang='lat' dir='ltr'><strong>Athanasii</strong></span> <span class='ocrx_word' id='word_1_424' title='bbox 872 4583 950 4639; x_wconf 87' lang='lat' dir='ltr'><strong>ad</strong></span> <span class='ocrx_word' id='word_1_425' title='bbox 978 4585 1277 4643; x_wconf 84' lang='lat' dir='ltr'><strong>Liberium.</strong></span> 
     </span>
    </p>
   </div>
   <div class='ocr_carea' id='block_1_92' title="bbox 284 4647 995 4711">
    <p class='ocr_par' dir='ltr' id='par_1_92' title="bbox 284 4647 995 4711">
     <span class='ocr_line' id='line_1_95' title="bbox 284 4647 995 4711; baseline 0.013 -10"><span class='ocrx_word' id='word_1_426' title='bbox 284 4647 365 4702; x_wconf 85' lang='lat' dir='ltr'><strong>Ad</strong></span> <span class='ocrx_word' id='word_1_427' title='bbox 393 4649 749 4706; x_wconf 84' lang='lat' dir='ltr'><strong>Antiochenos</strong></span> <span class='ocrx_word' id='word_1_428' title='bbox 785 4653 995 4711; x_wconf 85' lang='lat' dir='ltr'><strong>Tomus.</strong></span> 
     </span>
    </p>
   </div>
   <div class='ocr_carea' id='block_1_93' title="bbox 284 4719 1719 4792">
    <p class='ocr_par' dir='ltr' id='par_1_93' title="bbox 284 4719 1719 4792">
     <span class='ocr_line' id='line_1_96' title="bbox 284 4719 1719 4792; baseline 0.012 -18"><span class='ocrx_word' id='word_1_429' title='bbox 284 4719 359 4792; x_wconf 65' lang='lat' dir='ltr'><strong>De</strong></span> <span class='ocrx_word' id='word_1_430' title='bbox 386 4727 598 4777; x_wconf 68' lang='lat' dir='ltr'><strong>aeterna</strong></span> <span class='ocrx_word' id='word_1_431' title='bbox 624 4724 949 4780; x_wconf 73' lang='lat' dir='ltr'><strong>exsistentia</strong></span> <span class='ocrx_word' id='word_1_432' title='bbox 982 4728 1114 4782; x_wconf 82' lang='lat' dir='ltr'><strong>Filii</strong></span> <span class='ocrx_word' id='word_1_433' title='bbox 1140 4735 1333 4786; x_wconf 86' lang='lat' dir='ltr'><strong>contra</strong></span> <span class='ocrx_word' id='word_1_434' title='bbox 1362 4732 1719 4792; x_wconf 85' lang='lat' dir='ltr'><strong>Sabellianos.</strong></span> 
     </span>
    </p>
   </div>
   <div class='ocr_carea' id='block_1_94' title="bbox 290 4789 1307 4860">
    <p class='ocr_par' dir='ltr' id='par_1_94' title="bbox 290 4789 1307 4860">
     <span class='ocr_line' id='line_1_97' title="bbox 290 4789 1307 4860; baseline 0.014 -16"><span class='ocrx_word' id='word_1_435' title='bbox 290 4789 483 4847; x_wconf 88' lang='lat' dir='ltr'><strong>Oratio</strong></span> <span class='ocrx_word' id='word_1_436' title='bbox 516 4810 535 4847; x_wconf 92' lang='lat'><strong><em>:</em></strong></span> <span class='ocrx_word' id='word_1_437' title='bbox 567 4794 725 4860; x_wconf 86' lang='lat' dir='ltr'><strong>Quod</strong></span> <span class='ocrx_word' id='word_1_438' title='bbox 755 4810 901 4851; x_wconf 89' lang='lat' dir='ltr'><strong>unus</strong></span> <span class='ocrx_word' id='word_1_439' title='bbox 930 4803 999 4852; x_wconf 79' lang='lat' dir='ltr'><strong>stt</strong></span> <span class='ocrx_word' id='word_1_440' title='bbox 1032 4799 1307 4858; x_wconf 89' lang='lat' dir='ltr'><strong>Christus.</strong></span> 
     </span>
    </p>
   </div>
   <div class='ocr_carea' id='block_1_95' title="bbox 287 4863 1365 4944">
    <p class='ocr_par' dir='ltr' id='par_1_95' title="bbox 287 4863 1365 4944">
     <span class='ocr_line' id='line_1_98' title="bbox 287 4863 1365 4944; baseline 0.01 -29"><span class='ocrx_word' id='word_1_441' title='bbox 287 4863 533 4944; x_wconf 53' lang='lat' dir='ltr'><strong>Epistola</strong></span> <span class='ocrx_word' id='word_1_442' title='bbox 561 4865 636 4944; x_wconf 62' lang='lat' dir='ltr'><strong>ad</strong></span> <span class='ocrx_word' id='word_1_443' title='bbox 662 4864 1009 4944; x_wconf 68' lang='lat' dir='ltr'><strong>Adelphium</strong></span> <span class='ocrx_word' id='word_1_444' title='bbox 1035 4872 1365 4944; x_wconf 78' lang='lat' dir='ltr'><strong>episcopum.</strong></span> 
     </span>
    </p>
   </div>
   <div class='ocr_carea' id='block_1_96' title="bbox 290 4933 1395 5015">
    <p class='ocr_par' dir='ltr' id='par_1_96' title="bbox 290 4933 1395 5015">
     <span class='ocr_line' id='line_1_99' title="bbox 290 4933 1395 5015; baseline 0.014 -29"><span class='ocrx_word' id='word_1_445' title='bbox 290 4933 530 5015; x_wconf 55' lang='lat' dir='ltr'><strong>{Epistolis</strong></span> <span class='ocrx_word' id='word_1_446' title='bbox 559 4935 633 5015; x_wconf 58' lang='lat' dir='ltr'><strong>ad</strong></span> <span class='ocrx_word' id='word_1_447' title='bbox 656 4933 973 5015; x_wconf 72' lang='lat' dir='ltr'><strong>Maximum</strong></span> <span class='ocrx_word' id='word_1_448' title='bbox 992 4933 1395 5015; x_wconf 74' lang='lat' dir='ltr'><strong>philosophum.</strong></span> 
     </span>
    </p>
   </div>
   <div class='ocr_carea' id='block_1_97' title="bbox 291 5005 1269 5081">
    <p class='ocr_par' dir='ltr' id='par_1_97' title="bbox 291 5005 1269 5081">
     <span class='ocr_line' id='line_1_100' title="bbox 291 5005 1269 5081; baseline 0.013 -23"><span class='ocrx_word' id='word_1_449' title='bbox 291 5005 353 5081; x_wconf 68' lang='lat' dir='ltr'><strong>In</strong></span> <span class='ocrx_word' id='word_1_450' title='bbox 382 5005 523 5061; x_wconf 86' lang='lat' dir='ltr'><strong>illud</strong></span> <span class='ocrx_word' id='word_1_451' title='bbox 554 5025 567 5062; x_wconf 91' lang='lat'>:</span> <span class='ocrx_word' id='word_1_452' title='bbox 594 5008 891 5081; x_wconf 72' lang='lat' dir='ltr'><strong>Euntesjn</strong></span> <span class='ocrx_word' id='word_1_453' title='bbox 926 5005 1132 5081; x_wconf 83' lang='lat' dir='ltr'><strong>vicum,</strong></span> <span class='ocrx_word' id='word_1_454' title='bbox 1165 5005 1269 5073; x_wconf 69' lang='lat' dir='ltr'><strong>eic.</strong></span> 
     </span>
    </p>
   </div>
   <div class='ocr_carea' id='block_1_98' title="bbox 296 5075 1868 5164">
    <p class='ocr_par' dir='ltr' id='par_1_98' title="bbox 296 5075 1868 5164">
     <span class='ocr_line' id='line_1_101' title="bbox 296 5075 1868 5164; baseline 0.013 -34"><span class='ocrx_word' id='word_1_455' title='bbox 296 5075 752 5164; x_wconf 43' lang='lat' dir='ltr'><strong>Contranar&#39;ianos</strong></span> <span class='ocrx_word' id='word_1_456' title='bbox 800 5079 986 5164; x_wconf 56' lang='lat' dir='ltr'><strong>Oratio</strong></span> <span class='ocrx_word' id='word_1_457' title='bbox 1020 5075 1219 5164; x_wconf 73' lang='lat' dir='ltr'><strong>prima</strong></span> <span class='ocrx_word' id='word_1_458' title='bbox 1247 5105 1267 5143; x_wconf 91' lang='lat'><strong><em>:</em></strong></span> <span class='ocrx_word' id='word_1_459' title='bbox 1298 5093 1381 5143; x_wconf 85' lang='lat' dir='ltr'><strong>est</strong></span> <span class='ocrx_word' id='word_1_460' title='bbox 1411 5089 1649 5159; x_wconf 83' lang='lat' dir='ltr'><strong>epistola</strong></span> <span class='ocrx_word' id='word_1_461' title='bbox 1697 5107 1868 5164; x_wconf 84' lang='lat' dir='ltr'><strong>ency-</strong></span> 
     </span>
    </p>
   </div>
   <div class='ocr_carea' id='block_1_99' title="bbox 225 5145 1143 5223">
    <p class='ocr_par' dir='ltr' id='par_1_99' title="bbox 225 5145 1143 5223">
     <span class='ocr_line' id='line_1_102' title="bbox 225 5145 1143 5223; baseline 0.009 -22"><span class='ocrx_word' id='word_1_462' title='bbox 225 5145 369 5223; x_wconf 75' lang='lat' dir='ltr'><strong>clica</strong></span> <span class='ocrx_word' id='word_1_463' title='bbox 399 5148 467 5223; x_wconf 84' lang='lat' dir='ltr'><strong>ad</strong></span> <span class='ocrx_word' id='word_1_464' title='bbox 502 5150 808 5223; x_wconf 87' lang='lat' dir='ltr'><strong>Episcopos</strong></span> <span class='ocrx_word' id='word_1_465' title='bbox 838 5145 1143 5223; x_wconf 47' lang='lat' dir='ltr'><strong>Egypt-ioc.</strong></span> 
     </span>
    </p>
   </div>
   <div class='ocr_carea' id='block_1_100' title="bbox 298 5216 1626 5301">
    <p class='ocr_par' dir='ltr' id='par_1_100' title="bbox 298 5216 1626 5301">
     <span class='ocr_line' id='line_1_103' title="bbox 298 5216 1626 5301; baseline 0.013 -31"><span class='ocrx_word' id='word_1_466' title='bbox 298 5216 494 5301; x_wconf 67' lang='lat' dir='ltr'><strong>Contra</strong></span> <span class='ocrx_word' id='word_1_467' title='bbox 525 5216 756 5301; x_wconf 67' lang='lat' dir='ltr'><strong>Arianos</strong></span> <span class='ocrx_word' id='word_1_468' title='bbox 786 5216 1236 5301; x_wconf 56' lang='lat' dir='ltr'><strong>Oratio&#39;secunda</strong></span> <span class='ocrx_word' id='word_1_469' title='bbox 1268 5245 1280 5283; x_wconf 91' lang='lat'>:</span> <span class='ocrx_word' id='word_1_470' title='bbox 1313 5234 1395 5284; x_wconf 88' lang='lat' dir='ltr'><strong>est</strong></span> <span class='ocrx_word' id='word_1_471' title='bbox 1424 5230 1626 5301; x_wconf 77' lang='lat' dir='ltr'><strong>prima.</strong></span> 
     </span>
    </p>
   </div>
   <div class='ocr_carea' id='block_1_101' title="bbox 298 5288 1634 5359">
    <p class='ocr_par' dir='ltr' id='par_1_101' title="bbox 298 5288 1634 5359">
     <span class='ocr_line' id='line_1_104' title="bbox 298 5288 1634 5359; baseline 0.013 -17"><span class='ocrx_word' id='word_1_472' title='bbox 298 5288 497 5344; x_wconf 86' lang='lat' dir='ltr'><strong>Contra</strong></span> <span class='ocrx_word' id='word_1_473' title='bbox 525 5294 759 5348; x_wconf 87' lang='lat' dir='ltr'><strong>Arianos</strong></span> <span class='ocrx_word' id='word_1_474' title='bbox 791 5295 976 5350; x_wconf 84' lang='lat' dir='ltr'><strong>Oratio</strong></span> <span class='ocrx_word' id='word_1_475' title='bbox 1006 5300 1174 5353; x_wconf 87' lang='lat' dir='ltr'><strong>tertia</strong></span> <span class='ocrx_word' id='word_1_476' title='bbox 1200 5316 1212 5355; x_wconf 90' lang='lat'>:</span> <span class='ocrx_word' id='word_1_477' title='bbox 1248 5304 1333 5355; x_wconf 85' lang='lat' dir='ltr'><strong>est</strong></span> <span class='ocrx_word' id='word_1_478' title='bbox 1363 5288 1634 5359; x_wconf 69' lang='lat' dir='ltr'><strong>secunda.</strong></span> 
     </span>
    </p>
   </div>
   <div class='ocr_carea' id='block_1_102' title="bbox 300 5359 1562 5439">
    <p class='ocr_par' dir='ltr' id='par_1_102' title="bbox 300 5359 1562 5439">
     <span class='ocr_line' id='line_1_105' title="bbox 300 5359 1562 5439; baseline 0.012 -25"><span class='ocrx_word' id='word_1_479' title='bbox 300 5359 501 5439; x_wconf 74' lang='lat' dir='ltr'><strong>Contra</strong></span> <span class='ocrx_word' id='word_1_480' title='bbox 527 5364 757 5439; x_wconf 82' lang='lat' dir='ltr'><strong>Arianos</strong></span> <span class='ocrx_word' id='word_1_481' title='bbox 783 5366 962 5439; x_wconf 81' lang='lat' dir='ltr'><strong>Oratio</strong></span> <span class='ocrx_word' id='word_1_482' title='bbox 992 5378 1191 5439; x_wconf 90' lang='lat' dir='ltr'><strong>quarta</strong></span> <span class='ocrx_word' id='word_1_483' title='bbox 1220 5389 1239 5427; x_wconf 89' lang='lat'><strong><em>:</em></strong></span> <span class='ocrx_word' id='word_1_484' title='bbox 1268 5379 1351 5426; x_wconf 86' lang='lat' dir='ltr'><strong>est</strong></span> <span class='ocrx_word' id='word_1_485' title='bbox 1383 5375 1562 5429; x_wconf 89' lang='lat' dir='ltr'><strong>tertia.</strong></span> 
     </span>
    </p>
   </div>
   <div class='ocr_carea' id='block_1_103' title="bbox 302 5431 1611 5515">
    <p class='ocr_par' dir='ltr' id='par_1_103' title="bbox 302 5431 1611 5515">
     <span class='ocr_line' id='line_1_106' title="bbox 302 5431 1611 5515; baseline 0.012 -29"><span class='ocrx_word' id='word_1_486' title='bbox 302 5431 501 5515; x_wconf 71' lang='lat' dir='ltr'><strong>Contra</strong></span> <span class='ocrx_word' id='word_1_487' title='bbox 518 5436 776 5515; x_wconf 40' lang='lat' dir='ltr'><strong>‘Arinanos</strong></span> <span class='ocrx_word' id='word_1_488' title='bbox 798 5437 983 5515; x_wconf 77' lang='lat' dir='ltr'><strong>Oratio</strong></span> <span class='ocrx_word' id='word_1_489' title='bbox 999 5431 1206 5515; x_wconf 58' lang='lat' dir='ltr'><strong>&#39;quinta</strong></span> <span class='ocrx_word' id='word_1_490' title='bbox 1234 5460 1252 5497; x_wconf 88' lang='lat'><strong><em>:</em></strong></span> <span class='ocrx_word' id='word_1_491' title='bbox 1284 5446 1369 5498; x_wconf 87' lang='lat' dir='ltr'><strong>est</strong></span> <span class='ocrx_word' id='word_1_492' title='bbox 1395 5452 1611 5515; x_wconf 88' lang='lat' dir='ltr'><strong>quarta.</strong></span> 
     </span>
    </p>
   </div>
   <div class='ocr_carea' id='block_1_104' title="bbox 298 5504 1407 5570">
    <p class='ocr_par' dir='ltr' id='par_1_104' title="bbox 298 5504 1407 5570">
     <span class='ocr_line' id='line_1_107' title="bbox 298 5504 1407 5570; baseline 0.014 -15"><span class='ocrx_word' id='word_1_493' title='bbox 298 5504 362 5556; x_wconf 86' lang='lat' dir='ltr'><strong>In</strong></span> <span class='ocrx_word' id='word_1_494' title='bbox 391 5504 531 5559; x_wconf 86' lang='lat' dir='ltr'><strong>illud</strong></span> <span class='ocrx_word' id='word_1_495' title='bbox 560 5524 579 5560; x_wconf 87' lang='lat'><em>:</em></span> <span class='ocrx_word' id='word_1_496' title='bbox 610 5508 815 5563; x_wconf 85' lang='lat' dir='ltr'><strong>Omnia</strong></span> <span class='ocrx_word' id='word_1_497' title='bbox 846 5511 987 5566; x_wconf 88' lang='lat' dir='ltr'><strong>mihi</strong></span> <span class='ocrx_word' id='word_1_498' title='bbox 1017 5504 1223 5568; x_wconf 70' lang='lat' dir='ltr'><strong>tradita</strong></span> <span class='ocrx_word' id='word_1_499' title='bbox 1254 5522 1407 5570; x_wconf 87' lang='lat' dir='ltr'><strong>sunt.</strong></span> 
     </span>
    </p>
   </div>
   <div class='ocr_carea' id='block_1_105' title="bbox 935 3950 1862 4026">
    <p class='ocr_par' dir='ltr' id='par_1_105' title="bbox 935 3950 1862 4026">
     <span class='ocr_line' id='line_1_108' title="bbox 935 3950 1862 4026; baseline 0.012 -25"><span class='ocrx_word' id='word_1_500' title='bbox 935 3954 1123 4003; x_wconf 88' lang='lat' dir='ltr'><strong>contra</strong></span> <span class='ocrx_word' id='word_1_501' title='bbox 1210 3950 1403 4006; x_wconf 88' lang='lat' dir='ltr'><strong>Arium</strong></span> <span class='ocrx_word' id='word_1_502' title='bbox 1456 3959 1506 4008; x_wconf 89' lang='lat' dir='ltr'><strong>et</strong></span> <span class='ocrx_word' id='word_1_503' title='bbox 1570 3952 1862 4026; x_wconf 80' lang='lat' dir='ltr'><strong>Apollina-</strong></span> 
     </span>
    </p>
   </div>
   <div class='ocr_carea' id='block_1_106' title="bbox 305 5574 1875 5664">
    <p class='ocr_par' dir='ltr' id='par_1_106' title="bbox 305 5574 1875 5664">
     <span class='ocr_line' id='line_1_109' title="bbox 305 5574 1875 5664; baseline 0.015 -36"><span class='ocrx_word' id='word_1_504' title='bbox 305 5574 639 5664; x_wconf 67' lang='lat' dir='ltr'><strong>Opusculum</strong></span> <span class='ocrx_word' id='word_1_505' title='bbox 683 5578 1038 5664; x_wconf 38' lang='lat' dir='ltr'><strong>deicioctrina</strong></span> <span class='ocrx_word' id='word_1_506' title='bbox 1066 5603 1085 5639; x_wconf 89' lang='lat'><strong><em>:</em></strong></span> <span class='ocrx_word' id='word_1_507' title='bbox 1136 5590 1463 5657; x_wconf 84' lang='lat' dir='ltr'><strong>excerptum</strong></span> <span class='ocrx_word' id='word_1_508' title='bbox 1494 5604 1561 5646; x_wconf 82' lang='lat' dir='ltr'><strong>ex</strong></span> <span class='ocrx_word' id='word_1_509' title='bbox 1591 5588 1719 5647; x_wconf 86' lang='lat' dir='ltr'><strong>aliis</strong></span> <span class='ocrx_word' id='word_1_510' title='bbox 1747 5608 1875 5664; x_wconf 86' lang='lat' dir='ltr'><strong>ope-</strong></span> 
     </span>
    </p>
   </div>
   <div class='ocr_carea' id='block_1_107' title="bbox 231 5642 833 5719">
    <p class='ocr_par' dir='ltr' id='par_1_107' title="bbox 231 5642 833 5719">
     <span class='ocr_line' id='line_1_110' title="bbox 231 5642 833 5719; baseline 0.013 -21"><span class='ocrx_word' id='word_1_511' title='bbox 231 5642 509 5719; x_wconf 30' lang='lat' dir='ltr'><strong>ribustde</strong></span> <span class='ocrx_word' id='word_1_512' title='bbox 539 5664 649 5719; x_wconf 89' lang='lat' dir='ltr'><strong>quo</strong></span> <span class='ocrx_word' id='word_1_513' title='bbox 677 5650 833 5706; x_wconf 88' lang='lat' dir='ltr'><strong>alibi.</strong></span> 
     </span>
    </p>
   </div>
   <div class='ocr_carea' id='block_1_108' title="bbox 304 5716 1214 5784">
    <p class='ocr_par' dir='ltr' id='par_1_108' title="bbox 304 5716 1214 5784">
     <span class='ocr_line' id='line_1_111' title="bbox 304 5716 1214 5784; baseline 0.013 -12"><span class='ocrx_word' id='word_1_514' title='bbox 304 5716 378 5773; x_wconf 87' lang='lat' dir='ltr'><strong>De</strong></span> <span class='ocrx_word' id='word_1_515' title='bbox 407 5716 657 5778; x_wconf 79' lang='lat' dir='ltr'><strong>Sabbatis</strong></span> <span class='ocrx_word' id='word_1_516' title='bbox 682 5726 737 5780; x_wconf 86' lang='lat' dir='ltr'><strong>et</strong></span> <span class='ocrx_word' id='word_1_517' title='bbox 764 5722 1214 5784; x_wconf 87' lang='lat' dir='ltr'><strong>Circumcisione.</strong></span> 
     </span>
    </p>
   </div>
   <div class='ocr_carea' id='block_1_109' title="bbox 2041 3670 3618 3754">
    <p class='ocr_par' dir='ltr' id='par_1_109' title="bbox 2041 3670 3618 3754">
     <span class='ocr_line' id='line_1_112' title="bbox 2041 3670 3618 3754; baseline 0.011 -30"><span class='ocrx_word' id='word_1_518' title='bbox 2041 3670 2293 3743; x_wconf 83' lang='lat' dir='ltr'><strong>Epistola</strong></span> <span class='ocrx_word' id='word_1_519' title='bbox 2331 3672 2516 3743; x_wconf 85' lang='lat' dir='ltr'><strong>prima</strong></span> <span class='ocrx_word' id='word_1_520' title='bbox 2558 3672 2630 3728; x_wconf 88' lang='lat' dir='ltr'><strong>ad</strong></span> <span class='ocrx_word' id='word_1_521' title='bbox 2694 3674 3063 3748; x_wconf 80' lang='lat' dir='ltr'><strong>Serapionem</strong></span> <span class='ocrx_word' id='word_1_522' title='bbox 3107 3679 3172 3736; x_wconf 87' lang='lat' dir='ltr'><strong>de</strong></span> <span class='ocrx_word' id='word_1_523' title='bbox 3228 3681 3441 3754; x_wconf 84' lang='lat' dir='ltr'><strong>Spiritu</strong></span> <span class='ocrx_word' id='word_1_524' title='bbox 3485 3701 3618 3742; x_wconf 90' lang='lat' dir='ltr'><strong>san-</strong></span> 
     </span>
    </p>
   </div>
   <div class='ocr_carea' id='block_1_110' title="bbox 1970 3752 2070 3797">
    <p class='ocr_par' dir='ltr' id='par_1_110' title="bbox 1970 3752 2070 3797">
     <span class='ocr_line' id='line_1_113' title="bbox 1970 3752 2070 3797; baseline -0.01 -1"><span class='ocrx_word' id='word_1_525' title='bbox 1970 3752 2070 3797; x_wconf 89' lang='lat' dir='ltr'><strong>cto.</strong></span> 
     </span>
    </p>
   </div>
   <div class='ocr_carea' id='block_1_111' title="bbox 2040 3813 3333 3888">
    <p class='ocr_par' dir='ltr' id='par_1_111' title="bbox 2040 3813 3333 3888">
     <span class='ocr_line' id='line_1_114' title="bbox 2040 3813 3333 3888; baseline 0.012 -23"><span class='ocrx_word' id='word_1_526' title='bbox 2040 3813 2283 3888; x_wconf 53' lang='lat' dir='ltr'><strong>Epistola</strong></span> <span class='ocrx_word' id='word_1_527' title='bbox 2310 3814 2545 3870; x_wconf 89' lang='lat' dir='ltr'><strong>secunda</strong></span> <span class='ocrx_word' id='word_1_528' title='bbox 2570 3816 2656 3888; x_wconf 83' lang='lat' dir='ltr'><strong>ad</strong></span> <span class='ocrx_word' id='word_1_529' title='bbox 2683 3816 3048 3888; x_wconf 83' lang='lat' dir='ltr'><strong>Serapionem</strong></span> <span class='ocrx_word' id='word_1_530' title='bbox 3075 3821 3140 3877; x_wconf 87' lang='lat' dir='ltr'><strong>de</strong></span> <span class='ocrx_word' id='word_1_531' title='bbox 3166 3825 3333 3882; x_wconf 81' lang='lat' dir='ltr'><strong>Filio.</strong></span> 
     </span>
    </p>
   </div>
   <div class='ocr_carea' id='block_1_112' title="bbox 2042 3884 3546 3960">
    <p class='ocr_par' dir='ltr' id='par_1_112' title="bbox 2042 3884 3546 3960">
     <span class='ocr_line' id='line_1_115' title="bbox 2042 3884 3546 3960; baseline 0.012 -24"><span class='ocrx_word' id='word_1_532' title='bbox 2042 3884 2287 3960; x_wconf 52' lang='lat' dir='ltr'><strong>Epistola</strong></span> <span class='ocrx_word' id='word_1_533' title='bbox 2314 3888 2477 3941; x_wconf 85' lang='lat' dir='ltr'><strong>tertia</strong></span> <span class='ocrx_word' id='word_1_534' title='bbox 2507 3886 2579 3940; x_wconf 86' lang='lat' dir='ltr'><strong>ad</strong></span> <span class='ocrx_word' id='word_1_535' title='bbox 2596 3884 2979 3960; x_wconf 70' lang='lat' dir='ltr'><strong>Serapionem</strong></span> <span class='ocrx_word' id='word_1_536' title='bbox 3008 3893 3073 3949; x_wconf 86' lang='lat' dir='ltr'><strong>de</strong></span> <span class='ocrx_word' id='word_1_537' title='bbox 3105 3893 3315 3960; x_wconf 84' lang='lat' dir='ltr'><strong>Spiritu</strong></span> <span class='ocrx_word' id='word_1_538' title='bbox 3343 3906 3546 3955; x_wconf 89' lang='lat' dir='ltr'><strong>sancto.</strong></span> 
     </span>
    </p>
   </div>
   <div class='ocr_carea' id='block_1_113' title="bbox 2040 3955 3567 4038">
    <p class='ocr_par' dir='ltr' id='par_1_113' title="bbox 2040 3955 3567 4038">
     <span class='ocr_line' id='line_1_116' title="bbox 2040 3955 3567 4038; baseline 0.014 -32"><span class='ocrx_word' id='word_1_539' title='bbox 2040 3955 2283 4038; x_wconf 50' lang='lat' dir='ltr'><strong>Epistolis</strong></span> <span class='ocrx_word' id='word_1_540' title='bbox 2312 3961 2509 4038; x_wconf 75' lang='lat' dir='ltr'><strong>quarta</strong></span> <span class='ocrx_word' id='word_1_541' title='bbox 2638 3955 2995 4038; x_wconf 61' lang='lat' dir='ltr'><strong>serapionem</strong></span> <span class='ocrx_word' id='word_1_542' title='bbox 3024 3965 3089 4022; x_wconf 89' lang='lat' dir='ltr'><strong>de</strong></span> <span class='ocrx_word' id='word_1_543' title='bbox 3117 3955 3329 4038; x_wconf 77' lang='lat' dir='ltr'><strong>Spiritu</strong></span> <span class='ocrx_word' id='word_1_544' title='bbox 3355 3980 3567 4029; x_wconf 83' lang='lat' dir='ltr'><strong>sancto.</strong></span> 
     </span>
    </p>
   </div>
   <div class='ocr_carea' id='block_1_114' title="bbox 2047 4026 2919 4095">
    <p class='ocr_par' dir='ltr' id='par_1_114' title="bbox 2047 4026 2919 4095">
     <span class='ocr_line' id='line_1_117' title="bbox 2047 4026 2919 4095; baseline 0.01 -16"><span class='ocrx_word' id='word_1_545' title='bbox 2047 4026 2295 4095; x_wconf 87' lang='lat' dir='ltr'><strong>Epistola</strong></span> <span class='ocrx_word' id='word_1_546' title='bbox 2325 4027 2389 4081; x_wconf 77' lang='lat' dir='ltr'><strong>de</strong></span> <span class='ocrx_word' id='word_1_547' title='bbox 2411 4026 2638 4083; x_wconf 79' lang='lat' dir='ltr'><strong>decretis</strong></span> <span class='ocrx_word' id='word_1_548' title='bbox 2663 4026 2919 4088; x_wconf 68' lang='lat' dir='ltr'><strong>Nicienis.</strong></span> 
     </span>
    </p>
   </div>
   <div class='ocr_carea' id='block_1_115' title="bbox 2043 4098 3620 4170">
    <p class='ocr_par' dir='ltr' id='par_1_115' title="bbox 2043 4098 3620 4170">
     <span class='ocr_line' id='line_1_118' title="bbox 2043 4098 3620 4170; baseline 0.012 -19"><span class='ocrx_word' id='word_1_549' title='bbox 2043 4098 2289 4170; x_wconf 82' lang='lat' dir='ltr'><strong>Epistola</strong></span> <span class='ocrx_word' id='word_1_550' title='bbox 2340 4099 2560 4154; x_wconf 86' lang='lat' dir='ltr'><strong>Eusebii</strong></span> <span class='ocrx_word' id='word_1_551' title='bbox 2610 4100 2965 4161; x_wconf 66' lang='lat' dir='ltr'><strong>Ca’sariensis</strong></span> <span class='ocrx_word' id='word_1_552' title='bbox 3009 4108 3079 4163; x_wconf 87' lang='lat' dir='ltr'><strong>ad</strong></span> <span class='ocrx_word' id='word_1_553' title='bbox 3130 4109 3507 4168; x_wconf 65' lang='lat' dir='ltr'><strong>Caerasienses.</strong></span> <span class='ocrx_word' id='word_1_554' title='bbox 3552 4114 3620 4170; x_wconf 94' lang='lat' dir='ltr'><strong>In</strong></span> 
     </span>
    </p>
   </div>
   <div class='ocr_carea' id='block_1_116' title="bbox 1973 4168 3619 4247">
    <p class='ocr_par' dir='ltr' id='par_1_116' title="bbox 1973 4168 3619 4247">
     <span class='ocr_line' id='line_1_119' title="bbox 1973 4168 3619 4247; baseline 0.012 -25"><span class='ocrx_word' id='word_1_555' title='bbox 1973 4168 2186 4247; x_wconf 71' lang='lat' dir='ltr'><strong>codice</strong></span> <span class='ocrx_word' id='word_1_556' title='bbox 2225 4169 2394 4247; x_wconf 72' lang='lat' dir='ltr'><strong>Regio</strong></span> <span class='ocrx_word' id='word_1_557' title='bbox 2438 4172 2601 4247; x_wconf 59' lang='lat' dir='ltr'><strong>2223i</strong></span> <span class='ocrx_word' id='word_1_558' title='bbox 2653 4173 2743 4229; x_wconf 89' lang='lat' dir='ltr'><strong>hic</strong></span> <span class='ocrx_word' id='word_1_559' title='bbox 2776 4177 3159 4247; x_wconf 79' lang='lat' dir='ltr'><strong>adjiciuntur,</strong></span> <span class='ocrx_word' id='word_1_560' title='bbox 3209 4168 3619 4241; x_wconf 75' lang='lat' dir='ltr'><strong>Condemnatio</strong></span> 
     </span>
    </p>
   </div>
   <div class='ocr_carea' id='block_1_117' title="bbox 1971 4239 3617 4323">
    <p class='ocr_par' dir='ltr' id='par_1_117' title="bbox 1971 4239 3617 4323">
     <span class='ocr_line' id='line_1_120' title="bbox 1971 4239 3617 4323; baseline 0.012 -30"><span class='ocrx_word' id='word_1_561' title='bbox 1971 4239 2083 4293; x_wconf 83' lang='lat' dir='ltr'><strong>Arii</strong></span> <span class='ocrx_word' id='word_1_562' title='bbox 2134 4243 2197 4323; x_wconf 68' lang='lat' dir='ltr'><strong>et</strong></span> <span class='ocrx_word' id='word_1_563' title='bbox 2222 4241 2487 4323; x_wconf 57' lang='lat' dir='ltr'><strong>“epistola</strong></span> <span class='ocrx_word' id='word_1_564' title='bbox 2544 4239 3617 4323; x_wconf 23' lang='lat' dir='ltr'><strong>Alcnaandri;necnon&#39;epistolzeﬁaliaa</strong></span> 
     </span>
    </p>
   </div>
   <div class='ocr_carea' id='block_1_118' title="bbox 1971 4310 3617 4396">
    <p class='ocr_par' dir='ltr' id='par_1_118' title="bbox 1971 4310 3617 4396">
     <span class='ocr_line' id='line_1_121' title="bbox 1971 4310 3617 4396; baseline 0.012 -31"><span class='ocrx_word' id='word_1_565' title='bbox 1971 4311 2172 4379; x_wconf 80' lang='lat' dir='ltr'><strong>synodi</strong></span> <span class='ocrx_word' id='word_1_566' title='bbox 2222 4310 2469 4369; x_wconf 73' lang='lat' dir='ltr'><strong>Nicaenae</strong></span> <span class='ocrx_word' id='word_1_567' title='bbox 2511 4322 2565 4368; x_wconf 90' lang='lat' dir='ltr'><strong>et</strong></span> <span class='ocrx_word' id='word_1_568' title='bbox 2621 4310 2979 4377; x_wconf 88' lang='lat' dir='ltr'><strong>Constantini</strong></span> <span class='ocrx_word' id='word_1_569' title='bbox 3026 4310 3219 4394; x_wconf 79' lang='lat' dir='ltr'><strong>Magni</strong></span> <span class='ocrx_word' id='word_1_570' title='bbox 3245 4325 3445 4396; x_wconf 90' lang='lat' dir='ltr'><strong>imper,</strong></span> <span class='ocrx_word' id='word_1_571' title='bbox 3477 4310 3617 4385; x_wconf 77' lang='lat' dir='ltr'><strong>alibi</strong></span> 
     </span>
    </p>
   </div>
   <div class='ocr_carea' id='block_1_119' title="bbox 1973 4397 2136 4437">
    <p class='ocr_par' dir='ltr' id='par_1_119' title="bbox 1973 4397 2136 4437">
     <span class='ocr_line' id='line_1_122' title="bbox 1973 4397 2136 4437; baseline 0 -1"><span class='ocrx_word' id='word_1_572' title='bbox 1973 4397 2113 4437; x_wconf 56' lang='lat'><strong>033$</strong></span> <span class='ocrx_word' id='word_1_573' title='bbox 2125 4424 2136 4436; x_wconf 92' lang='lat'><strong>.</strong></span> 
     </span>
    </p>
   </div>
   <div class='ocr_carea' id='block_1_120' title="bbox 2042 4454 2723 4528">
    <p class='ocr_par' dir='ltr' id='par_1_120' title="bbox 2042 4454 2723 4528">
     <span class='ocr_line' id='line_1_123' title="bbox 2042 4454 2723 4528; baseline 0.009 -21"><span class='ocrx_word' id='word_1_574' title='bbox 2042 4454 2116 4528; x_wconf 81' lang='lat' dir='ltr'><strong>De</strong></span> <span class='ocrx_word' id='word_1_575' title='bbox 2146 4454 2426 4528; x_wconf 74' lang='lat' dir='ltr'><strong>sententia</strong></span> <span class='ocrx_word' id='word_1_576' title='bbox 2454 4455 2723 4528; x_wconf 85' lang='lat' dir='ltr'><strong>Dionysii.</strong></span> 
     </span>
    </p>
   </div>
   <div class='ocr_carea' id='block_1_121' title="bbox 2042 4524 2582 4595">
    <p class='ocr_par' dir='ltr' id='par_1_121' title="bbox 2042 4524 2582 4595">
     <span class='ocr_line' id='line_1_124' title="bbox 2042 4524 2582 4595; baseline 0.006 -16"><span class='ocrx_word' id='word_1_577' title='bbox 2042 4524 2304 4595; x_wconf 80' lang='lat' dir='ltr'><strong>Apologia</strong></span> <span class='ocrx_word' id='word_1_578' title='bbox 2332 4525 2400 4579; x_wconf 85' lang='lat' dir='ltr'><strong>de</strong></span> <span class='ocrx_word' id='word_1_579' title='bbox 2426 4528 2582 4595; x_wconf 74' lang='lat' dir='ltr'><strong>fuga.</strong></span> 
     </span>
    </p>
   </div>
   <div class='ocr_carea' id='block_1_122' title="bbox 2044 4593 2772 4666">
    <p class='ocr_par' dir='ltr' id='par_1_122' title="bbox 2044 4593 2772 4666">
     <span class='ocr_line' id='line_1_125' title="bbox 2044 4593 2772 4666; baseline 0.007 -17"><span class='ocrx_word' id='word_1_580' title='bbox 2044 4593 2315 4666; x_wconf 78' lang='lat' dir='ltr'><strong>Apologia</strong></span> <span class='ocrx_word' id='word_1_581' title='bbox 2341 4593 2547 4652; x_wconf 75' lang='lat' dir='ltr'><strong>cantra</strong></span> <span class='ocrx_word' id='word_1_582' title='bbox 2576 4599 2772 4655; x_wconf 85' lang='lat' dir='ltr'><strong>Arian.</strong></span> 
     </span>
    </p>
   </div>
   <div class='ocr_carea' id='block_1_123' title="bbox 2045 4668 3621 4755">
    <p class='ocr_par' dir='ltr' id='par_1_123' title="bbox 2045 4668 3621 4755">
     <span class='ocr_line' id='line_1_126' title="bbox 2045 4668 3621 4755; baseline 0.013 -35"><span class='ocrx_word' id='word_1_583' title='bbox 2045 4668 2511 4755; x_wconf 41' lang='lat' dir='ltr'><strong>Epistolis-synodi</strong></span> <span class='ocrx_word' id='word_1_584' title='bbox 2538 4670 2933 4732; x_wconf 68' lang='lat' dir='ltr'><strong>Alexandrinae</strong></span> <span class='ocrx_word' id='word_1_585' title='bbox 2964 4690 2976 4729; x_wconf 89' lang='lat'><strong>:</strong></span> <span class='ocrx_word' id='word_1_586' title='bbox 3010 4691 3134 4747; x_wconf 83' lang='lat' dir='ltr'><strong>quae</strong></span> <span class='ocrx_word' id='word_1_587' title='bbox 3157 4679 3217 4736; x_wconf 93' lang='lat' dir='ltr'><strong>in</strong></span> <span class='ocrx_word' id='word_1_588' title='bbox 3240 4696 3309 4737; x_wconf 89' lang='lat' dir='ltr'><strong>ea</strong></span> <span class='ocrx_word' id='word_1_589' title='bbox 3334 4682 3454 4753; x_wconf 89' lang='lat' dir='ltr'><strong>ipsa</strong></span> <span class='ocrx_word' id='word_1_590' title='bbox 3483 4684 3621 4755; x_wconf 85' lang='lat' dir='ltr'><strong>Apo-</strong></span> 
     </span>
    </p>
   </div>
   <div class='ocr_carea' id='block_1_124' title="bbox 1975 4737 2404 4809">
    <p class='ocr_par' dir='ltr' id='par_1_124' title="bbox 1975 4737 2404 4809">
     <span class='ocr_line' id='line_1_127' title="bbox 1975 4737 2404 4809; baseline 0.005 -17"><span class='ocrx_word' id='word_1_591' title='bbox 1975 4737 2123 4809; x_wconf 80' lang='lat' dir='ltr'><strong>logia</strong></span> <span class='ocrx_word' id='word_1_592' title='bbox 2153 4737 2404 4794; x_wconf 84' lang='lat' dir='ltr'><strong>habetur.</strong></span> 
     </span>
    </p>
   </div>
   <div class='ocr_carea' id='block_1_125' title="bbox 2045 4809 2697 4882">
    <p class='ocr_par' dir='ltr' id='par_1_125' title="bbox 2045 4809 2697 4882">
     <span class='ocr_line' id='line_1_128' title="bbox 2045 4809 2697 4882; baseline 0.008 -19"><span class='ocrx_word' id='word_1_593' title='bbox 2045 4809 2291 4882; x_wconf 84' lang='lat' dir='ltr'><strong>Epistola</strong></span> <span class='ocrx_word' id='word_1_594' title='bbox 2343 4810 2625 4882; x_wconf 83' lang='lat' dir='ltr'><strong>encyclica</strong></span> <span class='ocrx_word' id='word_1_595' title='bbox 2678 4831 2697 4868; x_wconf 72' lang='lat'><strong>.-</strong></span> 
     </span>
    </p>
   </div>
   <div class='ocr_carea' id='block_1_126' title="bbox 1974 4881 2174 4949">
    <p class='ocr_par' dir='ltr' id='par_1_126' title="bbox 1974 4881 2174 4949">
     <span class='ocr_line' id='line_1_129' title="bbox 1974 4881 2174 4949; baseline -0.015 -12"><span class='ocrx_word' id='word_1_596' title='bbox 1974 4881 2174 4949; x_wconf 85' lang='lat' dir='ltr'><strong>cripta.</strong></span> 
     </span>
    </p>
   </div>
   <div class='ocr_carea' id='block_1_127' title="bbox 2046 4952 3229 5025">
    <p class='ocr_par' dir='ltr' id='par_1_127' title="bbox 2046 4952 3229 5025">
     <span class='ocr_line' id='line_1_130' title="bbox 2046 4952 3229 5025; baseline 0.011 -18"><span class='ocrx_word' id='word_1_597' title='bbox 2046 4952 2290 5023; x_wconf 86' lang='lat' dir='ltr'><strong>Epistota</strong></span> <span class='ocrx_word' id='word_1_598' title='bbox 2317 4952 2387 5025; x_wconf 74' lang='lat' dir='ltr'><strong>ad</strong></span> <span class='ocrx_word' id='word_1_599' title='bbox 2420 4952 2777 5025; x_wconf 87' lang='lat' dir='ltr'><strong>Serapionem</strong></span> <span class='ocrx_word' id='word_1_600' title='bbox 2804 4958 2868 5015; x_wconf 86' lang='lat' dir='ltr'><strong>de</strong></span> <span class='ocrx_word' id='word_1_601' title='bbox 2896 4968 3064 5017; x_wconf 88' lang='lat' dir='ltr'><strong>morte</strong></span> <span class='ocrx_word' id='word_1_602' title='bbox 3091 4963 3229 5021; x_wconf 87' lang='lat' dir='ltr'><strong>Arii.</strong></span> 
     </span>
    </p>
   </div>
   <div class='ocr_carea' id='block_1_128' title="bbox 2046 5023 3262 5096">
    <p class='ocr_par' dir='ltr' id='par_1_128' title="bbox 2046 5023 3262 5096">
     <span class='ocr_line' id='line_1_131' title="bbox 2046 5023 3262 5096; baseline 0.009 -16"><span class='ocrx_word' id='word_1_603' title='bbox 2046 5025 2288 5096; x_wconf 86' lang='lat' dir='ltr'><strong>Epistola</strong></span> <span class='ocrx_word' id='word_1_604' title='bbox 2318 5023 2388 5078; x_wconf 88' lang='lat' dir='ltr'><strong>ad</strong></span> <span class='ocrx_word' id='word_1_605' title='bbox 2417 5023 2705 5082; x_wconf 87' lang='lat' dir='ltr'><strong>monachos</strong></span> <span class='ocrx_word' id='word_1_606' title='bbox 2731 5032 2843 5086; x_wconf 87' lang='lat' dir='ltr'><strong>sive</strong></span> <span class='ocrx_word' id='word_1_607' title='bbox 2870 5032 2941 5086; x_wconf 88' lang='lat' dir='ltr'><strong>ad</strong></span> <span class='ocrx_word' id='word_1_608' title='bbox 2968 5034 3262 5091; x_wconf 76' lang='lat' dir='ltr'><strong>solitarius.</strong></span> 
     </span>
    </p>
   </div>
   <div class='ocr_carea' id='block_1_129' title="bbox 2051 5097 3619 5169">
    <p class='ocr_par' dir='ltr' id='par_1_129' title="bbox 2051 5097 3619 5169">
     <span class='ocr_line' id='line_1_132' title="bbox 2051 5097 3619 5169; baseline 0.012 -19"><span class='ocrx_word' id='word_1_609' title='bbox 2051 5097 2391 5169; x_wconf 80' lang='lat' dir='ltr'><strong>Contestatio</strong></span> <span class='ocrx_word' id='word_1_610' title='bbox 2438 5098 2938 5158; x_wconf 77' lang='lat' dir='ltr'><strong>Alexandrinorum</strong></span> <span class='ocrx_word' id='word_1_611' title='bbox 2970 5121 2982 5158; x_wconf 88' lang='lat'><strong>:</strong></span> <span class='ocrx_word' id='word_1_612' title='bbox 3020 5105 3253 5163; x_wconf 90' lang='lat' dir='ltr'><strong>habetur</strong></span> <span class='ocrx_word' id='word_1_613' title='bbox 3294 5112 3362 5167; x_wconf 85' lang='lat' dir='ltr'><strong>ad</strong></span> <span class='ocrx_word' id='word_1_614' title='bbox 3402 5110 3619 5169; x_wconf 76' lang='lat' dir='ltr'><strong>calcem</strong></span> 
     </span>
    </p>
   </div>
   <div class='ocr_carea' id='block_1_130' title="bbox 1978 5166 2710 5238">
    <p class='ocr_par' dir='ltr' id='par_1_130' title="bbox 1978 5166 2710 5238">
     <span class='ocr_line' id='line_1_133' title="bbox 1978 5166 2710 5238; baseline 0.004 -16"><span class='ocrx_word' id='word_1_615' title='bbox 1978 5166 2243 5238; x_wconf 61' lang='lat' dir='ltr'><strong>Epistolas</strong></span> <span class='ocrx_word' id='word_1_616' title='bbox 2274 5168 2342 5221; x_wconf 90' lang='lat' dir='ltr'><strong>ad</strong></span> <span class='ocrx_word' id='word_1_617' title='bbox 2357 5168 2710 5238; x_wconf 83' lang='lat' dir='ltr'><strong>monachos.</strong></span> 
     </span>
    </p>
   </div>
   <div class='ocr_carea' id='block_1_131' title="bbox 2048 5236 3333 5309">
    <p class='ocr_par' dir='ltr' id='par_1_131' title="bbox 2048 5236 3333 5309">
     <span class='ocr_line' id='line_1_134' title="bbox 2048 5236 3333 5309; baseline 0.009 -16"><span class='ocrx_word' id='word_1_618' title='bbox 2048 5239 2296 5309; x_wconf 88' lang='lat' dir='ltr'><strong>Epistola</strong></span> <span class='ocrx_word' id='word_1_619' title='bbox 2335 5236 2401 5292; x_wconf 91' lang='lat' dir='ltr'><strong>de</strong></span> <span class='ocrx_word' id='word_1_620' title='bbox 2427 5239 2653 5309; x_wconf 85' lang='lat' dir='ltr'><strong>synodis</strong></span> <span class='ocrx_word' id='word_1_621' title='bbox 2682 5243 2927 5299; x_wconf 86' lang='lat' dir='ltr'><strong>Arimini</strong></span> <span class='ocrx_word' id='word_1_622' title='bbox 2958 5250 3009 5301; x_wconf 90' lang='lat' dir='ltr'><strong>et</strong></span> <span class='ocrx_word' id='word_1_623' title='bbox 3042 5248 3333 5307; x_wconf 64' lang='lat' dir='ltr'><strong>Seleuciae.</strong></span> 
     </span>
    </p>
   </div>
   <div class='ocr_carea' id='block_1_132' title="bbox 2046 5309 2851 5381">
    <p class='ocr_par' dir='ltr' id='par_1_132' title="bbox 2046 5309 2851 5381">
     <span class='ocr_line' id='line_1_135' title="bbox 2046 5309 2851 5381; baseline 0.006 -16"><span class='ocrx_word' id='word_1_624' title='bbox 2046 5310 2305 5381; x_wconf 80' lang='lat' dir='ltr'><strong>Apologia</strong></span> <span class='ocrx_word' id='word_1_625' title='bbox 2334 5309 2420 5381; x_wconf 84' lang='lat' dir='ltr'><strong>ad</strong></span> <span class='ocrx_word' id='word_1_626' title='bbox 2450 5309 2851 5371; x_wconf 83' lang='lat' dir='ltr'><strong>Constantium.</strong></span> 
     </span>
    </p>
   </div>
   <div class='ocr_carea' id='block_1_133' title="bbox 2048 5380 3141 5453">
    <p class='ocr_par' dir='ltr' id='par_1_133' title="bbox 2048 5380 3141 5453">
     <span class='ocr_line' id='line_1_136' title="bbox 2048 5380 3141 5453; baseline 0.007 -16"><span class='ocrx_word' id='word_1_627' title='bbox 2048 5382 2295 5453; x_wconf 81' lang='lat' dir='ltr'><strong>Epistola</strong></span> <span class='ocrx_word' id='word_1_628' title='bbox 2322 5380 2405 5453; x_wconf 82' lang='lat' dir='ltr'><strong>ad</strong></span> <span class='ocrx_word' id='word_1_629' title='bbox 2431 5383 2694 5439; x_wconf 86' lang='lat' dir='ltr'><strong>Joannem</strong></span> <span class='ocrx_word' id='word_1_630' title='bbox 2723 5391 2775 5441; x_wconf 88' lang='lat' dir='ltr'><strong>et</strong></span> <span class='ocrx_word' id='word_1_631' title='bbox 2803 5387 3141 5446; x_wconf 81' lang='lat' dir='ltr'><strong>Antiochum.</strong></span> 
     </span>
    </p>
   </div>
   <div class='ocr_carea' id='block_1_134' title="bbox 2052 5452 2787 5523">
    <p class='ocr_par' dir='ltr' id='par_1_134' title="bbox 2052 5452 2787 5523">
     <span class='ocr_line' id='line_1_137' title="bbox 2052 5452 2787 5523; baseline 0.007 -16"><span class='ocrx_word' id='word_1_632' title='bbox 2052 5455 2137 5523; x_wconf 87' lang='lat' dir='ltr'><strong>Ep</strong></span> <span class='ocrx_word' id='word_1_633' title='bbox 2148 5452 2310 5523; x_wconf 86' lang='lat' dir='ltr'><strong>istola</strong></span> <span class='ocrx_word' id='word_1_634' title='bbox 2338 5452 2408 5506; x_wconf 83' lang='lat' dir='ltr'><strong>ad</strong></span> <span class='ocrx_word' id='word_1_635' title='bbox 2438 5454 2787 5511; x_wconf 86' lang='lat' dir='ltr'><strong>Palladium.</strong></span> 
     </span>
    </p>
   </div>
   <div class='ocr_carea' id='block_1_135' title="bbox 2050 5522 2814 5594">
    <p class='ocr_par' dir='ltr' id='par_1_135' title="bbox 2050 5522 2814 5594">
     <span class='ocr_line' id='line_1_138' title="bbox 2050 5522 2814 5594; baseline 0.01 -17"><span class='ocrx_word' id='word_1_636' title='bbox 2050 5522 2304 5594; x_wconf 80' lang='lat' dir='ltr'><strong>Epistola</strong></span> <span class='ocrx_word' id='word_1_637' title='bbox 2334 5523 2405 5578; x_wconf 87' lang='lat' dir='ltr'><strong>ad</strong></span> <span class='ocrx_word' id='word_1_638' title='bbox 2433 5526 2814 5585; x_wconf 75' lang='lat' dir='ltr'><strong>Dracontium.</strong></span> 
     </span>
    </p>
   </div>
   <div class='ocr_carea' id='block_1_136' title="bbox 2051 5595 2610 5666">
    <p class='ocr_par' dir='ltr' id='par_1_136' title="bbox 2051 5595 2610 5666">
     <span class='ocr_line' id='line_1_139' title="bbox 2051 5595 2610 5666; baseline 0.011 -17"><span class='ocrx_word' id='word_1_639' title='bbox 2051 5595 2305 5666; x_wconf 84' lang='lat' dir='ltr'><strong>Epistola</strong></span> <span class='ocrx_word' id='word_1_640' title='bbox 2335 5595 2405 5650; x_wconf 86' lang='lat' dir='ltr'><strong>ad</strong></span> <span class='ocrx_word' id='word_1_641' title='bbox 2431 5600 2610 5666; x_wconf 81' lang='lat' dir='ltr'><strong>Afros.</strong></span> 
     </span>
    </p>
   </div>
   <div class='ocr_carea' id='block_1_137' title="bbox 2050 5667 3623 5741">
    <p class='ocr_par' dir='ltr' id='par_1_137' title="bbox 2050 5667 3623 5741">
     <span class='ocr_line' id='line_1_140' title="bbox 2050 5667 3623 5741; baseline 0.014 -22"><span class='ocrx_word' id='word_1_642' title='bbox 2050 5667 2293 5741; x_wconf 77' lang='lat' dir='ltr'><strong>Epistola</strong></span> <span class='ocrx_word' id='word_1_643' title='bbox 2319 5682 2414 5723; x_wconf 87' lang='lat' dir='ltr'><strong>seu</strong></span> <span class='ocrx_word' id='word_1_644' title='bbox 2452 5669 2641 5725; x_wconf 87' lang='lat' dir='ltr'><strong>Tomus</strong></span> <span class='ocrx_word' id='word_1_645' title='bbox 2688 5670 2758 5726; x_wconf 86' lang='lat' dir='ltr'><strong>ad</strong></span> <span class='ocrx_word' id='word_1_646' title='bbox 2812 5672 3170 5732; x_wconf 81' lang='lat' dir='ltr'><strong>Antiochenos</strong></span> <span class='ocrx_word' id='word_1_647' title='bbox 3194 5694 3217 5734; x_wconf 89' lang='grc'>.·</span> <span class='ocrx_word' id='word_1_648' title='bbox 3249 5693 3384 5738; x_wconf 86' lang='lat' dir='ltr'><strong>nam</strong></span> <span class='ocrx_word' id='word_1_649' title='bbox 3414 5681 3497 5739; x_wconf 90' lang='lat' dir='ltr'><strong>bis</strong></span> <span class='ocrx_word' id='word_1_650' title='bbox 3525 5683 3623 5741; x_wconf 86' lang='lat' dir='ltr'><strong>de-</strong></span> 
     </span>
    </p>
   </div>
   <div class='ocr_carea' id='block_1_138' title="bbox 1982 5739 2272 5796">
    <p class='ocr_par' dir='ltr' id='par_1_138' title="bbox 1982 5739 2272 5796">
     <span class='ocr_line' id='line_1_141' title="bbox 1982 5739 2272 5796; baseline 0 -3"><span class='ocrx_word' id='word_1_651' title='bbox 1982 5739 2272 5796; x_wconf 85' lang='lat' dir='ltr'><strong>scribitur.</strong></span> 
     </span>
    </p>
   </div>
   <div class='ocr_carea' id='block_1_139' title="bbox 2753 4814 3619 4884">
    <p class='ocr_par' dir='ltr' id='par_1_139' title="bbox 2753 4814 3619 4884">
     <span class='ocr_line' id='line_1_142' title="bbox 2753 4814 3619 4884; baseline 0.016 -13"><span class='ocrx_word' id='word_1_652' title='bbox 2753 4814 2891 4871; x_wconf 89' lang='lat' dir='ltr'><strong>olim</strong></span> <span class='ocrx_word' id='word_1_653' title='bbox 2967 4818 3047 4874; x_wconf 85' lang='lat' dir='ltr'><strong>Ad</strong></span> <span class='ocrx_word' id='word_1_654' title='bbox 3102 4821 3441 4882; x_wconf 80' lang='lat' dir='ltr'><strong>orthodoxos</strong></span> <span class='ocrx_word' id='word_1_655' title='bbox 3498 4826 3619 4884; x_wconf 89' lang='lat' dir='ltr'><strong>ins-</strong></span> 
     </span>
    </p>
   </div>
  </div>
