3878 6196
938 372 948 376 ⁸
1089 371 1130 380 ““
1341 376 1344 378 τ
1402 383 1407 392 Ι
1433 374 1477 393 Ε
1497 378 1501 380 -
1525 372 1552 381 ⁸ο
1577 379 3384 394 ww

151 374 3404 435 gmw
1234 383 3347 433 "_______

1341 583 2235 713 PIUEFATIO.

1776 849 1842 864 μ

219 1004 422 1060 lunato
456 1003 630 1074 prolis
659 1017 848 1057 amore
905 1000 1108 1056 factum
1140 1003 1486 1072 plerumque,
1514 1006 1572 1053 ut
1607 1000 1903 1056 mediocris
1929 1000 2206 1056 facultatis
2237 999 2488 1057 homines
2518 1014 2582 1056 ac
2611 1002 2875 1058 rusticani
2905 1003 2961 1056 in
2993 1002 3220 1058 divitum
3255 1005 3404 1075 prin-

147 1099 451 1169 cipumque
502 1098 696 1152 domos
733 1097 872 1150 filios
912 1095 1298 1150 submitterent
1335 1113 1348 1148 :
1403 1104 1458 1149 et
1503 1093 1664 1148 facile
1697 1094 1800 1148 sibi
1835 1110 2024 1150 eorum
2082 1095 2353 1163 jacturam
2392 1093 2666 1149 ferendam
2704 1096 2988 1166 putabant,
3016 1097 3144 1152 dum
3178 1098 3244 1153 ad
3297 1097 3420 1170 pin-

147 1193 396 1260 guiorem
435 1190 513 1244 illi
553 1189 829 1242 fortunam
853 1203 951 1242 ceu
979 1202 1044 1240 ex
1078 1194 1397 1242 transverso
1423 1195 1476 1240 et
1499 1185 1666 1238 iuvrta
1689 1191 1886 1239 natura
1911 1183 2253 1243 accederent.
2287 1183 2529 1254 Idipsum
2564 1185 2689 1240 dolo
2711 1188 2982 1241 consimili
3017 1187 3086 1244 ab
3117 1189 3420 1246 innumeris

146 1303 307 1359 pene,
341 1302 447 1342 nec
477 1285 698 1355 ingenio
728 1284 913 1337 minus
947 1299 1112 1353 quam
1145 1290 1306 1338 aetate
1346 1282 1679 1352 disparibus,
1717 1281 2020 1337 admissum
2049 1281 2538 1352 deprehendimus,
2563 1279 2656 1351 qui
2695 1296 2820 1334 cum
2847 1297 2948 1336 nec
2982 1282 3125 1336 fama
3155 1285 3418 1352 valerent,

145 1400 248 1440 nec
272 1392 473 1455 suapte
513 1398 679 1453 Opera
713 1396 912 1434 nomen
939 1381 1043 1435 sibi
1085 1395 1275 1448 parere
1312 1394 1475 1450 posse
1502 1377 1838 1433 confiderent
1863 1418 1878 1442 ,
1913 1385 2159 1432 mutuato
2193 1377 2476 1433 Athanasii
2530 1377 2751 1432 nomine
2776 1417 2791 1442 ,
2841 1376 3078 1445 aliquam
3126 1377 3424 1447 sperabant

145 1483 372 1552 scriptis
408 1481 528 1536 suis
564 1479 725 1548 adjici
757 1477 1101 1548 dignitatem.
1141 1476 1278 1531 llinc
1333 1477 1550 1538 evenit,
1608 1482 1666 1528 ut
1729 1482 1809 1528 tot
1861 1480 2126 1544 tantaque
2157 1490 2320 1544 opera
2375 1473 2736 1528 Athanasium
2790 1473 3177 1526 ementiantur.
3231 1470 3420 1542 Neque
3460 1481 3474 1492 ‘

145 1585 330 1630 tamen
356 1575 475 1628 haec
497 1586 605 1626 una
637 1571 738 1626 fuit
763 1578 872 1623 tam
900 1568 1156 1622 immanis
1179 1565 1516 1622 accessionis
1544 1580 1710 1618 causa
1737 1583 1749 1618 :
1784 1579 1909 1617 nam
1942 1566 2112 1618 multa
2155 1579 2392 1634 quoque,
2425 1563 2553 1618 olim
2594 1560 2888 1624 ἀδέσποτα,
2923 1574 3048 1614 cum
3082 1559 3139 1613 in
3169 1559 3422 1616 librario-

145 1682 268 1720 rum
307 1683 507 1720 manus
538 1665 881 1726 incidissent,
907 1663 1021 1732 pari
1051 1662 1294 1732 ipsorum
1329 1659 1658 1722 temeritate,
1685 1658 1860 1712 eidem
1897 1661 2136 1728 ascripta
2190 1658 2363 1712 fuere.
2398 1653 2722 1726 llujusmodi
2751 1668 2920 1708 ausus
2949 1692 2964 1718 ,
3006 1652 3199 1722 quanti
3231 1651 3423 1722 quanti

145 1760 373 1827 fuerint,
406 1761 615 1817 ferendi
651 1760 887 1814 fortasse
913 1766 1088 1824 erant,
1121 1758 1168 1812 si
1200 1756 1303 1811 viri
1347 1755 1523 1810 solum
1561 1752 1778 1824 ingenio
1811 1759 1974 1822 atque
2029 1765 2145 1807 arte
2179 1750 2454 1806 scribendi
2494 1749 2705 1820 praediti
2759 1766 2889 1805 suos
2937 1749 3080 1805 fetus
3118 1749 3424 1808 Athanasio

143 1855 596 1910 commodassent
629 1874 643 1909 :
677 1863 733 1908 at
769 1863 956 1907 contra
985 1852 1187 1906 accidit
1228 1859 1286 1904 ut
1333 1850 1654 1920 plerumque
1690 1847 2066 1918 imperitorum
2099 1847 2380 1901 hominum
2409 1853 2463 1900 et
2496 1844 2831 1899 insulsorum
2866 1845 3025 1916 nugis
3053 1845 3195 1901 male
3224 1853 3426 1901 auctus

144 1952 218 2004 sit
252 1958 364 2000 tam
395 1951 607 2018 peritus
642 1946 861 2000 artifex.
900 1940 1038 1993 llinc
1069 1954 1327 2010 germana
1369 1936 1561 1992 naeniis
1593 1935 1899 1989 interunsta
1948 1934 2257 2004 foedataque
2309 1935 2366 1987 in
2417 1934 2570 2003 prius
2615 1933 2777 1989 editis
2827 1935 3220 2005 conspicimus.
3275 1935 3417 1992 Hinc

143 2044 330 2111 inepta
369 2042 462 2094 illa
489 2051 545 2095 et
574 2037 972 2111 ἀπροσδιόνυσα
999 2073 1014 2094 ,
1056 2031 1347 2101 prodeunt,
1379 2028 1536 2083 Liber
1568 2029 1646 2083 De
1674 2029 2072 2098 deﬁnitionibus
2092 2068 2108 2092 ,
2164 2027 2407 2081 Historia
2449 2027 2698 2096 imaginis
2729 2028 3060 2097 Berytensis;
3093 2030 3226 2100 quin
3269 2031 3419 2086 illam

143 2148 521 2187 memoramus
562 2127 926 2185 Melchisedeci
954 2123 1268 2185 historiam,
1304 2121 1514 2190 γέλοιον
1546 2136 1715 2186 sane,
1755 2121 1810 2174 ni
1867 2119 2100 2175 fortasse
2135 2119 2290 2174 malis
2323 2118 2602 2176 fastidium
2633 2136 2796 2191 quam
2841 2121 3012 2176 risum
3050 2121 3139 2175 illa
3172 2123 3427 2177 moveri?

142 2225 252 2282 Nec
288 2227 597 2282 audiendus
627 2227 714 2279 ille
742 2235 1002 2291 nupet‘us,
1023 2218 1112 2288 qui
1134 2232 1245 2270 non
1262 2216 1354 2269 diu
1384 2215 1486 2269 hoc
1520 2229 1658 2284 opus
1687 2213 1988 2267 Athanasio
2010 2227 2257 2268 asserere
2285 2213 2582 2269 nitebatur.
2624 2215 2708 2268 An
2739 2213 3193 2270 Melchisedecum
3225 2215 3426 2286 hujus-

143 2321 291 2371 modi
325 2320 586 2388 depingat
611 2316 1090 2385 Athanasius;qui
1122 2322 1245 2384 post
1276 2322 1529 2368 exactum
1575 2313 1633 2366 in
1677 2312 1908 2367 saltibus
1941 2311 2211 2380 septennii
2248 2313 2418 2366 Otium
2472 2318 2668 2382 sponte
2715 2312 2978 2367 loricatus
3008 2312 3224 2382 prodit,
3282 2313 3423 2384 pelle

141 2407 324 2467 instar
352 2413 652 2466 testudinis
681 2410 1005 2471 occallente,
1041 2406 1336 2462 vulturinis
1376 2405 1674 2474 unguibus,
1698 2419 1928 2474 corpore
1959 2405 2084 2474 pilis
2115 2404 2189 2457 ita
2221 2403 2499 2470 horrente,
2532 2411 2591 2458 ut
2630 2420 2820 2459 ursum
2857 2405 3104 2461 diceres?
3127 2405 3420 2472 Nimirum,

143 2516 202 2556 ut
229 2505 307 2557 ait
345 2503 564 2556 Tullius
589 2504 689 2563 ta),
733 2499 844 2552 Hoc
869 2500 990 2552 vitio
1017 2503 1292 2552 cumulata
1325 2505 1400 2549 est
1437 2494 1799 2548 eruditissima
1845 2493 1942 2546 illa
1983 2491 2288 2546 Gra'corum
2336 2493 2524 2545 natio:
2553 2493 2730 2562 itaque
2779 2493 2918 2563 quod
2946 2495 3048 2547 vim
3092 2493 3249 2564 hujus
3292 2497 3424 2552 mali

146 2591 319 2648 Graeci
341 2611 445 2647 non
473 2594 668 2654 vident,
697 2608 758 2644 ne
793 2607 976 2643 nomen
1019 2588 1228 2656 quidem
1249 2587 1297 2641 ei
1322 2587 1445 2638 vitio
1481 2585 1863 2651 imposuerunt.
1917 2580 1985 2637 Ut
2013 2583 2153 2637 enim
2180 2573 2388 2652 quaeras
2427 2582 2629 2646 omnia,
2678 2584 2938 2653 quomodo
2973 2584 3146 2640 (ἓνωεὶ
3186 2588 3422 2658 ineptum

143 2687 434 2757 appellent,
464 2701 566 2736 non
599 2685 844 2749 reperies.
875 2678 1190 2733 Addiderim
1214 2693 1283 2731 ne
1312 2678 1454 2746 apud
1475 2673 1702 2729 Latinos
1733 2673 1952 2745 quidem
1988 2687 2174 2728 vocem
2202 2669 2516 2740 hujusmodi
2556 2672 2716 2742 nugis
2748 2674 2964 2745 dignam
2995 2679 3244 2747 reperiri.

215 2778 316 2832 nis
356 2786 566 2838 tamen,
596 2770 884 2840 quantavis
916 2766 1152 2837 φλυαρίᾳ
1185 2773 1640 2834 conspergantur,
1673 2763 1725 2818 id
1761 2763 2087 2830 conficitur;
2121 2771 2181 2816 ut
2216 2778 2338 2816 cum
2368 2763 2666 2818 Athanasio
2696 2765 2852 2833 plura
2880 2783 3042 2837 quam
3083 2770 3206 2826 aliis
3244 2770 3424 2828 Patri-

143 2867 250 2922 bus
281 2867 477 2936 spuria
506 2862 742 2929 ascripta
778 2857 1002 2919 fuerint,
1040 2856 1218 2924 palam
1249 2853 1500 2907 videatur
1529 2854 1619 2908 ille
1660 2853 1870 2922 majore
1898 2869 2068 2924 quam
2100 2862 2326 2908 caateros
2347 2853 2674 2911 eruditionis
2705 2863 2761 2911 et
2788 2856 3049 2914 doctrinae
3072 2861 3216 2918 fama
3248 2863 3421 2922 fuisse

142 2969 199 3015 et
229 2957 458 3028 quidem
488 2954 630 3024 apud
670 2951 874 3022 peritos
901 2948 1059 3016 juxta
1103 2953 1266 3016 atque
1310 2947 1630 3016 imperitos;
1666 2947 1888 3017 quando
1917 2951 2056 3003 inter
2074 2949 2254 3024 [multa
2289 2962 2410 3017 quae
2455 2948 2615 3002 nauci
2661 2959 2716 3004 et
2748 2949 2899 3005 nihili
2933 2961 3081 3018 sunt,
3115 2970 3226 3011 non
3267 2973 3420 3027 sper-

142 3052 327 3109 nenda
353 3050 464 3103 alia
487 3052 832 3116 comparent,
865 3055 1043 3110 neque
1075 3040 1204 3094 talia
1236 3039 1302 3093 de
1329 3041 1531 3109 quibus
1561 3042 1632 3097 sit
1673 3042 1976 3098 Athanasio
2005 3041 2460 3097 erubescendum.
2493 3039 2936 3097 Erubesceudum
2977 3044 3044 3100 iis
3077 3055 3195 3101 erat
3214 3049 3419 3118 potius,

140 3145 234 3214 qui
274 3141 463 3194 ﬁctam
495 3137 803 3193 submisere
841 3137 1086 3203 prolem:
1134 3151 1258 3189 nam
1292 3151 1446 3206 teque
1489 3137 1755 3192 illiberale
1803 3145 1891 3192 est
1930 3153 2030 3192 sua
2079 3138 2201 3192 aliis
2242 3152 2300 3191 se
2331 3136 2672 3206 dignioribus
2708 3137 3004 3203 ascribere,
3039 3149 3201 3211 atque
3236 3143 3423 3200 labore

141 3238 325 3291 alieno
357 3242 519 3303 parta
551 3232 604 3284 in
636 3247 693 3285 se
728 3236 1128 3285 transmovere.
1170 3229 1276 3285 Sed
1313 3238 1475 3285 erunt
1510 3231 1744 3287 fortasse
1772 3231 1863 3301 qui
1894 3232 2040 3286 litem
2071 3237 2324 3285 moveant
2359 3249 2369 3284 :
2403 3228 2542 3297 Quid
2576 3230 2761 3301 igitur,
2791 3236 2937 3290 aient
2961 3277 2975 3301 ,
3025 3237 3115 3291 illa
3153 3253 3273 3310 quae
3305 3246 3422 3294 tute

141 3333 261 3386 luce
320 3330 549 3399 indigna
601 3327 870 3381 arbitrare
895 3367 910 3392 ,
968 3344 1079 3380 non
1111 3326 1382 3396 exegisti?
1437 3327 1567 3397 quid
1618 3336 1726 3382 tam
1761 3329 1930 3381 multa
1965 3329 2085 3396 ejus
2115 3327 2329 3396 generis
2364 3327 2628 3382 hactenus
2654 3328 2837 3398 ignota
2866 3343 2896 3384 e
2919 3331 3162 3388 tenebris
3193 3330 3422 3388 eruisti?

145 3423 348 3479 Verum
389 3430 592 3490 praesto
636 3426 720 3474 est
761 3421 907 3488 quod
935 3419 1332 3488 respondeatur
1362 3435 1377 3474 :
1411 3427 1469 3472 ut
1510 3428 1757 3474 nostrum
1793 3419 1895 3473 fuit
1926 3420 2090 3473 dubia
2119 3428 2171 3473 et
2197 3419 2381 3488 spuria
2409 3434 2438 3472 a
2465 3420 2741 3489 germanis
2771 3437 3059 3478 secernere
3079 3464 3094 3488 ,
3147 3424 3293 3480 haud
3345 3428 3422 3481 ita

141 3520 295 3572 licuit
331 3517 496 3570 nobis
547 3530 608 3568 ea
646 3530 912 3569 resecare.
968 3514 1114 3569 Inter
1148 3515 1332 3584 spuria
1371 3530 1720 3572 ret-ensemus
1743 3556 1758 3580 ,
1813 3517 1940 3586 quia
1972 3533 2036 3571 eo
2061 3517 2313 3570 videntur
2339 3517 2504 3572 certis
2536 3518 2603 3570 de
2631 3517 2813 3573 causis
2844 3519 3088 3590 ahlcgata
3121 3530 3372 3592 oportere
3402 3541 3418 3578 :

140 3621 304 3668 erunt
339 3611 595 3665 fortassis
618 3610 817 3679 quibus
843 3610 946 3664 alia
975 3612 1046 3664 sit
1071 3612 1278 3681 Opinio,
1310 3612 1401 3681 qui
1431 3613 1746 3666 facultatem
1774 3611 1967 3680 judicii
2001 3626 2062 3665 ea
2097 3611 2162 3666 de
2187 3627 2246 3666 re
2275 3610 2478 3666 ferendi
2505 3620 2824 3679 prtereptam
2859 3612 2963 3666 sibi
2999 3612 3168 3669 fuisse
3200 3615 3423 3686 indigne

143 3700 374 3754 ferrent.
409 3697 494 3751 Ad
526 3700 660 3763 haec,
692 3699 1112 3767 quamplurimis
1145 3699 1452 3755 eruditione
1481 3701 1758 3772 praeclaris
1798 3701 2110 3755 hominibus
2133 3701 2594 3771 obtemperamus,
2625 3702 2719 3770 qui
2754 3719 2874 3772 qua:
2899 3719 3096 3759 nomen
3128 3704 3419 3764 Athanasii

143 3794 476 3863 pmferunt,
503 3791 686 3844 omnia
709 3792 900 3845 volunt
922 3793 1123 3862 publici
1153 3793 1456 3861 essejuris,
1487 3795 1748 3864 aiuntque
1781 3794 1928 3848 nulla
1961 3809 2152 3849 eorum
2175 3809 2364 3848 carere
2389 3808 2490 3848 suo
2523 3792 2724 3848 fructu.
2751 3794 3114 3860 Quamobrem
3144 3799 3188 3853 si
3213 3801 3416 3870 quibus

144 3886 347 3937 borum
379 3883 546 3937 lectio
571 3882 877 3952 displiceat,
910 3898 970 3936 ea
1005 3885 1154 3938 nullo
1180 3884 1470 3950 dispendio
1517 3885 1685 3940 missa
1717 3885 1956 3948 faciant,
1991 3900 2091 3940 nec
2133 3884 2412 3940 invideant
2454 3886 2522 3942 iis
2555 3887 2756 3957 quibus
2786 3889 3019 3945 lustrare
3058 3892 3242 3946 omnia
3277 3902 3330 3946 ct
3361 3893 3416 3947 in

144 3977 384 4046 singulis
411 3974 684 4044 judicium
717 3988 972 4027 exercere
1003 3975 1218 4031 animus
1253 3984 1357 4030 est.

210 4075 256 4126 A
289 4075 500 4144 quibus
529 4082 709 4128 autem
749 4073 937 4128 isthmc
971 4080 1081 4127 tam
1115 4075 1284 4128 multa
1315 4076 1426 4130 sint
1462 4075 1761 4139 elaborata,
1796 4077 1919 4146 quis
1949 4083 2058 4130 tam
2093 4075 2322 4147 Iynceus
2357 4075 2448 4146 qui
2497 4077 2804 4147 perspicere
2835 4074 3038 4140 queat?
3095 4073 3270 4131 Unum
3307 4077 3418 4132 sci-

143 4186 288 4232 mus,
321 4171 438 4238 jam
472 4169 585 4223 fere
609 4185 637 4222 a
659 4178 902 4236 tempore
934 4183 1107 4237 usque
1139 4169 1420 4224 Athanasii
1452 4170 1686 4239 cmpisse
1717 4171 2015 4225 nonnullos
2050 4185 2150 4225 sua
2176 4169 2461 4224 Athanasii
2486 4171 2702 4224 nomine
2727 4169 2987 4239 insignire
3017 4188 3030 4222 :
3060 4172 3416 4238 sequentibus

144 4261 341 4314 exinde
371 4262 630 4314 mtatibus
665 4261 910 4314 fraudem
945 4278 1044 4316 ceu
1081 4260 1228 4316 fluxu
1261 4264 1499 4331 quodam
1540 4265 1738 4334 ubique
1765 4276 2112 4336 pervagatam
2140 4281 2264 4321 esse
2287 4306 2302 4329 ,
2344 4273 2398 4321 et
2426 4273 2701 4336 postremo
2733 4265 2800 4319 ad
2832 4264 3058 4320 Latinos
3088 4281 3156 4320 ex
3207 4249 3415 4325 Oricia

146 4353 483 4408 dimanasse.
519 4355 678 4408 llisce
715 4355 970 4408 omnibus
997 4355 1192 4408 mirum
1243 4356 1296 4410 in
1345 4356 1604 4420 modum,
1638 4359 1731 4413 sed
1773 4359 1974 4413 danmo
2001 4375 2102 4416 suo
2133 4361 2205 4414 uti
2251 4361 2522 4422 diximus,
2567 4367 2760 4414 auctus
2791 4369 2875 4414 est
2932 4368 3158 4414 sanctus
3192 4359 3413 4418 Doctor.

145 4444 326 4500 Pauca
365 4456 547 4500 tamen
581 4457 743 4508 sunt,
785 4461 906 4515 qua:
946 4456 1229 4500 auctorum
1271 4449 1489 4502 nomina
1529 4451 1581 4503 in
1627 4451 1953 4519 quibusdam
1997 4452 2281 4508 codicibus
2329 4453 2652 4522 praeferant,
2711 4460 2767 4504 ut
2797 4451 2995 4520 cuique
3031 4451 3213 4506 videre
3241 4463 3326 4509 est
3360 4455 3417 4510 in

143 4537 377 4602 hujusce
404 4538 537 4590 torni
565 4538 820 4592 (Iecursu.
847 4533 1085 4590 ditatem
1117 4553 1242 4591 vero
1274 4540 1612 4608 singulorum
1647 4549 1912 4608 quantum
1955 4542 2008 4595 in
2047 4542 2206 4596 nobis
2237 4544 2398 4595 situm
2431 4541 2534 4595 fuit
2562 4543 2981 4610 assignavimus.
3017 4542 3096 4596 Ad
3119 4558 3182 4597 ea
3204 4561 3324 4614 qua:
3357 4546 3411 4598 iu

145 4627 298 4694 prius
333 4625 498 4680 editis
531 4633 766 4688 exstant,
799 4632 1064 4696 permulta
1094 4648 1194 4687 nos
1225 4649 1287 4687 ex
1324 4634 1566 4689 tenebris
1602 4643 1781 4702 eruta,
1819 4645 1878 4690 ut
1908 4653 2032 4692 mox
2067 4638 2418 4704 dicebamus,
2449 4634 2770 4709 'adjecimus
2801 4657 2814 4693 :
2853 4641 3246 4710 supellectilem
3279 4659 3412 4700 sane

142 4721 378 4781 variam,
419 4719 597 4787 pretio
632 4730 792 4789 atque
828 4723 1062 4778 utilitate
1090 4726 1386 4796 disparem.

212 4810 490 4877 Quoniam
518 4822 698 4867 autem
733 4829 842 4868 non
883 4831 1035 4886 aeque
1075 4820 1394 4888 conspicuis
1428 4821 1572 4875 notis
1601 4821 1845 4875 omnium
1892 4823 2073 4876 νοθεία
2123 4823 2546 4895 deprehenditur
2578 4846 2590 4881 :
2625 4828 2721 4884 sed
2751 4829 2996 4898 quaedam
3057 4847 3246 4886 eorum
3298 4847 3409 4888 non

141 4911 251 4954 tam
274 4902 554 4957 evidentia
583 4904 734 4973 signa
776 4905 832 4959 in
859 4909 1124 4962 utramvis
1158 4917 1367 4978 partem
1406 4909 1695 4964 referunt:
1730 4911 1834 4966 alia
1897 4914 2042 4982 vero}
2069 4913 2152 4966 vel
2203 4914 2320 4983 ipso
2368 4917 2514 4970 cultu
2571 4927 2732 4988 atque
2776 4928 3072 4992 conspectu
3126 4924 3413 4994 peregrina

142 5007 263 5048 sese
320 4993 673 5063 proﬁtentur,
703 4995 862 5051 binas
893 4999 946 5052 in
972 4999 1176 5055 classes
1210 5000 1355 5054 hunc
1418 5007 1624 5055 tomum
1649 5003 1981 5057 distribuere
2017 5003 2190 5057 visum
2232 5003 2348 5056 fuit.
2403 5002 2460 5059 In
2499 5006 2700 5076 priore.
2733 5007 3016 5064 Athanasii
3046 4993 3413 5066 nomine'dut-

143 5086 226 5139 bia
256 5087 452 5140 omnia
483 5087 568 5140 edi
607 5089 944 5144 curavimus.
991 5089 1056 5144 Et
1107 5091 1328 5161 quidem
1370 5091 1420 5146 id
1461 5093 1604 5146 ultro
1655 5092 1907 5158 fate'nur,
1958 5094 2103 5164 quod
2139 5094 2336 5165 cuique
2369 5100 2574 5152 monita
2623 5105 2813 5155 nostra
2859 5100 3059 5170 legenti
3089 5103 3413 5158 subodorari

145 5182 362 5247 licebit;
400 5183 657 5238 videlicet
677 5200 798 5249 nos,
833 5187 935 5241 etsi
969 5189 1112 5243 inter
1140 5189 1346 5243 incerta
1378 5189 1568 5244 isthaec
1598 5205 1948 5260 reponamus,
1979 5191 2298 5262 plerumque
2323 5200 2504 5248 tamen
2535 5196 2708 5266 magis
2739 5195 3076 5265 propendere
3106 5197 3162 5250 in
3195 5205 3409 5267 partem

144 5279 376 5348 negandi
407 5299 421 5333 :
466 5281 834 5352 maluisseque
864 5283 1040 5337 adhuc
1068 5285 1169 5340 sub
1197 5284 1380 5354 judice
1418 5285 1566 5340 litem
1597 5301 1738 5349 esse,
1765 5301 1926 5356 quam
1958 5288 2013 5341 in
2052 5289 2354 5359 periculum
2389 5291 2574 5346 venire
2609 5291 2782 5348 levius
2836 5290 3146 5362 proferendi
3200 5291 3412 5358 νοθείας

145 5370 351 5435 judicii,
380 5371 794 5442 Athanasioque
825 5391 952 5429 suas
980 5376 1116 5430 forte
1152 5377 1566 5433 lucubrationes
1599 5378 1974 5446 abjudicandi.
1999 5379 2057 5434 In
2091 5384 2392 5452 posteriore
2418 5398 2482 5438 ea
2507 5384 2842 5439 collocamus
2863 5400 2983 5454 quae
3005 5392 3190 5456 aperte
3221 5389 3411 5456 spuria

148 5470 286 5518 Sunt,
325 5476 438 5513 non
467 5462 651 5530 aliquo
682 5473 896 5518 servato
925 5467 1139 5528 ordine,
1171 5468 1264 5522 sed
1295 5484 1356 5522 ea
1381 5484 1502 5539 qua:
1537 5468 1592 5522 in
1626 5469 1778 5538 prius
1806 5470 1968 5526 editis
2000 5474 2204 5541 primas
2231 5475 2486 5530 tenebant
2512 5484 2570 5529 ιιι
2611 5478 2724 5530 fors
2771 5477 2987 5541 obtulit,
3024 5479 3208 5548 priora
3241 5477 3412 5532 ferme

147 5557 494 5626 reposuimus
521 5578 533 5611 :
565 5558 669 5611 alia
698 5567 757 5614 ut
793 5563 1096 5631 argumenti
1127 5564 1268 5618 ratio
1301 5564 1508 5620 ferebat
1537 5579 1646 5619 una
1694 5563 2104 5635 conjunximus.
2150 5567 2260 5626 Nec
2291 5579 2470 5627 tamen
2501 5581 2648 5626 certa
2685 5572 2870 5642 regula
2902 5569 3004 5626 fuit
3031 5589 3044 5626 :
3075 5579 3130 5627 et
3163 5572 3291 5643 quia
3323 5585 3411 5626 se-

212 5710 289 5782 (a)
324 5709 404 5766 De
431 5720 647 5766 oratore
679 5713 716 5764 l.
746 5728 806 5769 ll.

465 5807 737 5866 Ριτιιοι..
798 5809 914 5871 Gn.
972 5810 1242 5873 XXVIII

2936 5814 2959 5874 1
