3878 6196
143 409 3397 472 Μ

1334 618 2227 749 PR/EFATIO.

1769 885 1835 900 F-

213 1038 414 1094 lnnato
448 1037 622 1108 prolis
652 1051 840 1092 amore
897 1036 1100 1090 factum
1132 1037 1478 1108 plerumque,
1506 1041 1565 1088 ut
1600 1036 1895 1092 mediocris
1922 1036 2199 1092 facultatis
2229 1035 2480 1093 homines
2510 1051 2574 1092 ac
2603 1039 2866 1094 rusticani
2897 1040 2953 1093 in
2984 1038 3212 1096 divitum
3247 1042 3397 1112 prin-

139 1133 442 1204 cipumque
495 1132 687 1186 domos
726 1130 865 1184 filios
905 1130 1292 1185 submitterent
1327 1148 1340 1184 :
1395 1139 1450 1184 et
1496 1128 1656 1184 facile
1690 1129 1792 1184 sibi
1827 1146 2016 1185 eorum
2074 1130 2346 1199 jacturam
2384 1130 2658 1185 ferendam
2695 1133 2980 1203 putabant,
3007 1135 3135 1189 dum
3170 1135 3236 1190 ad
3289 1135 3412 1206 pin-

138 1227 389 1294 guiorem
427 1225 505 1278 illi
545 1223 821 1276 fortunam
845 1237 944 1276 ceu
971 1237 1036 1275 ex
1069 1229 1390 1276 transverso
1416 1230 1468 1276 et
1491 1220 1658 1273 invnta
1682 1227 1878 1275 natura
1904 1219 2245 1276 accederent.
2280 1219 2521 1290 ldipsum
2557 1221 2681 1276 dolo
2703 1224 2974 1278 consimili
3008 1225 3077 1281 ab
3108 1226 3412 1283 innumeris

136 1337 300 1392 pene,
334 1337 439 1376 nec
470 1319 690 1390 ingenio
721 1319 905 1372 minus
940 1333 1104 1388 quam
1138 1325 1299 1373 {etate
1339 1318 1672 1386 disparibus,
1710 1317 2011 1373 admissum
2041 1317 2530 1388 deprehendimus,
2554 1316 2648 1388 qui
2687 1332 2811 1372 cum
2839 1333 2939 1373 nec
2973 1318 3117 1373 fama
3146 1321 3410 1389 valerent,

138 1435 240 1474 nec
266 1426 465 1489 suapte
506 1432 670 1488 Opera
705 1431 903 1469 nomen
932 1415 1034 1469 sibl
1077 1430 1267 1483 parere
1304 1429 1467 1485 posse
1494 1413 1870 1478 confiderent,
1905 1421 2151 1468 mutuato
2185 1414 2468 1469 Athanasii
2522 1414 2743 1470 nomine
2768 1453 2783 1478 ,
2832 1413 3070 1482 aliquam
3117 1415 3416 1484 sperabant

137 1517 364 1586 scriptis
401 1515 522 1570 suis
555 1513 717 1582 adjici
749 1511 1092 1582 dignitatem.
1133 1511 1270 1566 Hinc
1325 1513 1542 1573 evenit,
1601 1517 1658 1564 ut
1721 1518 1802 1563 tot
1852 1516 2118 1579 tantaque
2149 1526 2312 1580 opera
2367 1509 2728 1565 Athanasium
2781 1510 3168 1564 ementiantur.
3223 1507 3412 1580 Neque
3452 1518 3466 1530 ‘

131 1608 324 1664 'tamen
348 1609 467 1662 haec
489 1621 597 1660 una
629 1605 730 1661 fuit
755 1612 864 1658 tam
893 1603 1148 1658 immanis
1172 1600 1508 1657 accessionis
1535 1615 1702 1654 causa
1729 1619 1740 1654 :
1776 1615 1901 1653 nam
1933 1602 2104 1653 multa
2147 1615 2383 1670 quoque,
2416 1600 2545 1654 olim
2585 1597 2880 1660 ἀδέσποτα,
2915 1611 3039 1651 cum
3073 1597 3130 1650 in
3160 1596 3414 1654 librario-

139 1715 260 1755 rum
300 1718 499 1755 manus
529 1699 874 1760 incidissent,
899 1697 1013 1766 pari
1042 1697 1286 1767 ipsorum
1321 1694 1650 1757 temeritate,
1678 1693 1852 1748 eidem
1889 1696 2128 1764 ascripta
2182 1694 2355 1748 fuere.
2390 1689 2713 1762 llujusmodi
2743 1705 2911 1744 ausus
2941 1729 2956 1755 ,
2997 1689 3190 1759 quanti
3222 1689 3414 1759 quanti

137 1795 366 1861 fuerint,
401 1795 607 1852 ferendi
643 1796 879 1848 fortasse
905 1801 1079 1859 erant,
1113 1793 1160 1847 si
1192 1791 1295 1846 viri
1339 1791 1516 1845 solum
1552 1788 1770 1859 ingenio
1802 1794 1966 1858 atque
2021 1801 2137 1842 arte
2171 1787 2446 1842 scribendi
2485 1785 2696 1856 prmditi
2751 1802 2881 1842 suos
2928 1786 3070 1842 fetus
3109 1786 3414 1845 Athanasio

135 1889 588 1945 commodassent
621 1909 634 1943 :
669 1897 724 1942 at
760 1897 948 1941 contra
977 1887 1179 1941 accidit
1220 1893 1278 1939 ut
1325 1885 1646 1955 plerumque
1681 1882 2057 1954 imperitorum
2090 1882 2371 1937 hominum
2400 1890 2453 1936 et
2488 1881 2822 1936 insulsorum
2856 1882 3016 1953 nugis
3044 1883 3185 1939 male
3215 1891 3418 1938 auctus

137 1986 212 2038 sit
246 1993 356 2035 tam
389 1985 598 2052 peritus
633 1981 854 2034 artifex.
892 1975 1029 2028 l’linc
1060 1989 1319 2044 germana
1361 1971 1552 2026 namiis
1584 1971 1890 2024 internusta
1939 1969 2249 2040 fmdataque
2300 1971 2357 2023 in
2408 1971 2561 2040 prius
2607 1970 2768 2026 editis
2819 1972 3211 2042 conspicimus.
3267 1973 3409 2029 Hinc

137 2078 324 2145 inepta
361 2075 453 2128 illa
481 2084 537 2129 et
566 2071 962 2146 ἀπροσδιόνυσα
990 2107 1006 2128 ,
1047 2065 1339 2136 prodeunt,
1371 2063 1527 2118 Liber
1559 2064 1637 2119 De
1666 2064 2062 2133 deﬁnitionibus
2083 2103 2098 2127 ,
2155 2063 2399 2117 Historia
2441 2063 2690 2133 imaginis
2720 2065 3050 2134 Berytensis;
3084 2067 3218 2137 quin
3259 2069 3410 2124 illam

136 2182 512 2221 memoramus
553 2162 917 2220 Melchisedeci
945 2158 1260 2219 historiam,
1296 2156 1504 2225 γέλοιον
1537 2171 1668 2211 sane
1691 2196 1706 2222 ,
1747 2156 1801 2209 ni
1859 2155 2092 2210 fortasse
2126 2155 2282 2210 malis
2314 2155 2593 2212 fastidium
2624 2172 2786 2227 quam
2833 2158 3004 2212 risum
3041 2157 3130 2212 illa
3162 2160 3417 2214 moveri?

134 2259 247 2316 Nec
281 2261 588 2316 audiendus
618 2261 705 2313 ille
733 2269 994 2326 nuperus,
1014 2252 1105 2322 qui
1126 2267 1236 2305 non
1253 2250 1345 2303 diu
1375 2249 1478 2304 hoc
1511 2263 1648 2318 Opus
1679 2249 1979 2303 Athanasio
2001 2263 2248 2304 asserere
2276 2249 2573 2305 nitebatur.
2615 2251 2699 2304 An
2730 2249 3184 2307 Melchisedecum
3215 2252 3416 2323 hujus-

135 2354 285 2406 modi
317 2354 577 2423 depingat
602 2351 966 2415 Athanasius;
992 2351 1082 2420 qui
1114 2357 1236 2418 post
1267 2357 1520 2403 exactum
1566 2347 1624 2400 in
1668 2347 1899 2402 saltibus
1932 2347 2202 2416 septennii
2239 2348 2408 2402 otium
2463 2354 2658 2418 sponte
2705 2348 2968 2404 loricatus
2999 2349 3214 2419 prodit,
3273 2350 3414 2422 pelle

135 2441 317 2501 insun-
344 2447 642 2501 testudinis
672 2445 997 2504 occallente,
1032 2441 1327 2496 vulturinis
1368 2440 1665 2508 unguibus.
1689 2455 1919 2508 corpore
1950 2440 2075 2510 pilis
2105 2440 2180 2492 ita
2212 2439 2490 2507 horrente,
2523 2447 2581 2494 ut
2621 2456 2811 2495 ursum
2847 2441 3094 2498 diceres?
3117 2441 3410 2508 Nimirum,

134 2550 194 2590 ut
221 2539 299 2591 ait
337 2537 554 2591 Tullius
579 2538 680 2598 (at,
723 2532 835 2586 Hoc
860 2534 980 2586 vitio
1008 2537 1282 2586 cumulata
1316 2539 1392 2584 est
1427 2529 1790 2582 eruditissima
1835 2529 1932 2581 illa
1974 2527 2279 2582 Gra'corum
2327 2528 2514 2581 natio:
2543 2529 2721 2599 itaque
2769 2529 2908 2598 quod
2937 2531 3039 2584 vim
3081 2530 3239 2601 hujus
3282 2534 3414 2588 mali

135 2625 311 2682 στατὶ
331 2645 434 2682 non
462 2628 658 2687 vident,
687 2642 748 2678 ne
783 2641 966 2677 nomen
1010 2622 1219 2690 quidem
1241 2623 1288 2676 ei
1313 2622 1436 2674 vitio
1472 2621 1854 2687 imposuerunt.
1907 2616 1976 2673 Ut
2004 2619 2144 2672 enim
2170 2609 2379 2688 quaeras
2417 2618 2619 2682 omnia,
2668 2620 2928 2689 quomodo
2964 2621 3137 2677 (ἓνωεί
3176 2625 3412 2694 ineptum

132 2722 424 2792 appellent.
452 2735 555 2771 non
588 2720 833 2784 reperies.
865 2713 1181 2767 Addiderim
1205 2727 1274 2766 ne
1303 2713 1445 2781 apud
1468 2708 1692 2764 Latinos
1723 2709 1944 2780 quidem
1978 2723 2165 2763 vocem
2191 2706 2508 2776 hujusmodi
2547 2708 2706 2778 nugis
2738 2709 2954 2782 dignam
2985 2715 3233 2783 reperiri.

205 2812 308 2867 llis
347 2820 555 2872 tamen,
586 2805 874 2876 quantavis
906 2801 1144 2872 φλυαρίᾳ
1176 2808 1631 2869 conspergantur,
1664 2799 1716 2853 id
1751 2799 2077 2865 conficitur;
2111 2806 2171 2852 ut
2206 2814 2329 2852 cum
2358 2799 2656 2854 Athanasio
2687 2801 2841 2869 plura
2870 2819 3032 2874 quam
3073 2807 3196 2863 aliis
3235 2807 3414 2866 Patri-

131 2902 241 2957 bus
272 2900 465 2970 spuria
496 2896 731 2964 ascripta
768 2891 992 2953 fuerint,
1031 2890 1208 2959 palam
1239 2887 1490 2942 videatur
1519 2889 1609 2943 ille
1650 2889 1860 2957 majore
1889 2904 2058 2960 quam
2090 2897 2317 2943 caeteros
2338 2889 2664 2947 eruditionis
2695 2899 2752 2947 et
2778 2893 3040 2951 doctrina:
3063 2897 3207 2955 fama
3238 2901 3412 2959 fuisse

132 3003 189 3050 et.
219 2991 447 3063 quidem
477 2989 619 3058 apud
659 2985 864 3057 peritos
891 2983 1048 3051 juxta
1094 2988 1256 3051 atque
1300 2983 1619 3051 imperitos;
1656 2983 1878 3052 quando
1907 2984 2245 3059 inter_multa
2279 2998 2400 3052 quae
2444 2985 2606 3038 nauci
2651 2994 2706 3040 et
2738 2985 2890 3041 nihili
2923 2997 3071 3054 sunt,
3105 3007 3217 3048 non
3257 3010 3410 3064 sper-

131 3086 317 3144 nenda
342 3085 451 3138 alia
476 3087 821 3151 comparent,
855 3091 1033 3144 neque
1065 3075 1194 3128 talia
1227 3074 1292 3128 de
1319 3076 1521 3144 quibus
1551 3076 1622 3132 sit
1663 3077 1966 3133 Athanasio
1995 3076 2450 3132 erubescendum.
2485 3075 2926 3133 Erubescendum
2967 3080 3034 3137 iis
3067 3091 3184 3138 erat
3204 3086 3409 3155 potius,

131 3179 224 3248 qui
265 3176 451 3229 fictam
484 3172 793 3228 submisere
831 3172 1034 3237 prolem
1065 3191 1077 3224 :
1124 3187 1248 3224 nam
1283 3185 1436 3240 teque
1479 3171 1745 3227 illiberale
1793 3181 1881 3228 est
1920 3188 2019 3228 sua
2069 3173 2191 3227 aliis
2232 3188 2290 3227 se
2321 3171 2662 3242 dignioribus
2699 3175 2994 3240 ascribere,
3028 3185 3190 3248 atque
3225 3180 3412 3237 labore

131 3271 316 3324 alieno
346 3277 508 3337 parta
540 3266 593 3318 in
625 3281 683 3320 se
717 3271 1117 3320 transmovere.
1160 3263 1266 3320 Sed
1302 3273 1465 3320 erunt
1500 3266 1733 3322 fortasse
1762 3267 1853 3336 qui
1884 3267 2031 3322 litem
2061 3273 2314 3320 moveant
2348 3285 2360 3320 :
2393 3264 2532 3332 Quid
2566 3265 2750 3337 igitur,
2781 3272 2927 3326 aient
2951 3313 2965 3337 ,
3015 3273 3105 3328 illa
3143 3289 3262 3346 quae
3295 3283 3411 3330 tute

131 3367 254 3420 luce
312 3365 537 3434 indigna
590 3361 860 3416 arbitrare
885 3403 900 3427 ,
958 3378 1069 3415 non
1101 3361 1372 3431 exegisti?
1426 3362 1557 3432 quid
1607 3371 1716 3417 tam
1751 3364 1919 3416 multa
1954 3364 2074 3431 ejus
2104 3363 2319 3432 generis
2353 3363 2618 3418 hactenus
2644 3363 2827 3434 ignota
2856 3380 2886 3419 e
2908 3368 3151 3425 tenebris
3183 3367 3411 3424 eruisti?

137 3457 339 3513 Verum
380 3465 581 3525 ριέεεῑο
625 3460 710 3508 est
750 3455 896 3522 quod
924 3454 1322 3523 respondeatur
1352 3471 1366 3510 :
1400 3462 1458 3508 ut
1499 3463 1746 3510 nostrum
1784 3454 1884 3508 fuit
1915 3455 2079 3508 dubia
2108 3464 2160 3508 et
2186 3455 2370 3523 spuria
2399 3470 2428 3508 a
2455 3456 2730 3524 germanis
2761 3473 3049 3515 secernere
3069 3501 3084 3525 ,
3135 3461 3282 3516 haud
3334 3465 3412 3519 ita

130 3554 288 3606 ιίευίι
321 3551 484 3604 nobis
535 3564 596 3603 ea
635 3564 902 3604 resecare.
957 3549 1103 3604 Inter
1137 3550 1322 3619 Spuria
1360 3565 1709 3607 rei-ensemus
1733 3592 1747 3615 ,
1802 3552 1929 3622 quia
1961 3568 2026 3606 eo
2050 3552 2302 3606 videntur
2329 3553 2494 3607 certis
2525 3554 2593 3606 de
2621 3554 2803 3610 causis
2833 3556 3077 3626 ablegata
3110 3567 3362 3629 oportere
3391 3579 3408 3616 :

131 3655 298 3702 erunt
330 3645 584 3699 fortassis
607 3644 806 3714 quibus
832 3645 936 3698 alia
964 3647 1034 3699 sit
1059 3647 1267 3716 Opinio,
1299 3647 1390 3716 qui
1420 3648 1735 3701 facultatem
1763 3647 1956 3716 judicii
1990 3661 2052 3701 ea
2087 3646 2152 3701 de
2177 3664 2236 3701 re
2265 3645 2468 3702 ferendi
2494 3656 2812 3715 priereptam
2849 3649 2952 3702 sibi
2988 3649 3157 3706 fuisse
3189 3653 3412 3723 indigne

134 3735 366 3789 ferient.
402 3731 484 3786 Ad
517 3734 650 3798 haec,
681 3734 1102 3802 quamplurimis
1134 3735 1441 3791 eruditione
1470 3737 1747 3808 praeclaris
1787 3736 2098 3790 hominibus
2122 3737 2583 3806 obtemperamus,
2615 3739 2709 3806 qui
2743 3755 2863 3808 qua:
2889 3755 3084 3796 nomen
3117 3741 3408 3801 Athanasii

133 3827 465 3897 praaferunt,
493 3825 675 3878 omnia
699 3826 888 3880 volunt
911 3828 1112 3897 publici
1141 3829 1445 3896 essejuris,
1475 3831 1736 3900 aiuntque
1770 3829 1918 3884 nulla
1950 3845 2140 3884 eorum
2164 3845 2353 3883 carere
2377 3844 2479 3884 suo
2513 3828 2713 3884 fructu.
2740 3829 3103 3896 Quamobrem
3133 3836 3178 3890 si
3201 3837 3405 3906 quibus

136 3920 338 3971 horum
370 3917 534 3970 lectio
560 3916 866 3986 displiceat,
899 3933 960 3971 ea
994 3919 1142 3972 nullo
1168 3919 1459 3984 dispendio
1505 3920 1673 3975 missa
1706 3920 1944 3984 faciant,
1980 3935 2080 3975 nec
2123 3920 2401 3976 invideant
2444 3922 2511 3977 iis
2544 3923 2745 3993 quibus
2775 3925 3008 3982 lustrare
3047 3929 3231 3983 omnia
3265 3939 3319 3983 et
3349 3931 3405 3984 in

134 4011 374 4079 singulis
402 4009 674 4078 judicium
705 4022 961 4062 exercere
992 4009 1206 4066 animus
1241 4018 1346 4065 est.

201 4108 248 4160 Α
283 4108 489 4177 quibus
518 4117 697 4162 autem
738 4107 926 4162 isthazc
961 4115 1069 4162 tam
1104 4111 1273 4163 multa
1305 4111 1414 4165 sint
1450 4111 1749 4175 elaborata,
1784 4112 1908 4181 quis
1937 4118 2046 4166 tam
2080 4111 2310 4183 lynceus
2345 4111 2437 4182 qui
2485 4113 2793 4183 perspicere
2825 4110 3027 4176 queat?
3084 4109 3259 4168 Unum
3295 4113 3406 4170 sci-

133 4219 282 4266 mus,
313 4205 427 4272 jam
461 4203 573 4257 fere
599 4219 626 4256 a
647 4213 891 4271 tempore
924 4218 1096 4272 usque
1128 4204 1409 4259 Athanasii
1440 4206 1674 4274 cmpisse
1707 4206 2004 4260 nonnullos
2039 4221 2138 4261 sua
2165 4205 2449 4260 Athanasii
2474 4207 2690 4260 nomine
2716 4205 2976 4276 insignire
3006 4224 3018 4259 :
3049 4209 3404 4275 sequentibus

134 4295 331 4348 exinde
361 4296 619 4349 aetatibus
655 4295 899 4349 fraudem
935 4313 1032 4350 ceu
1071 4295 1216 4350 ﬂuxu
1249 4299 1487 4366 quodam
1528 4300 1727 4369 ubique
1753 4312 2100 4371 pervagatam
2129 4317 2253 4357 esse
2275 4343 2290 4366 ,
2333 4310 2386 4357 et
2415 4309 2690 4372 postremo
2722 4301 2788 4355 ad
2821 4300 3047 4356 Latinos
3077 4317 3143 4356 ex
3196 4285 3416 4366 Graecia,

137 4387 471 4442 dimanasse.
508 4389 666 4443 llisce
703 4389 958 4443 omnibus
987 4389 1180 4442 mirum
1231 4391 1285 4444 in
1334 4391 1555 4446 modum
1579 4434 1592 4456 ,
1627 4395 1719 4448 sed
1762 4395 1962 4449 damno
1990 4411 2090 4451 suo
2121 4397 2194 4450 uti
2239 4397 2510 4460 diximus,
2555 4403 2749 4450 auctus
2779 4405 2864 4451 est
2921 4404 3146 4450 sanctus
3180 4395 3401 4455 Doctor.

135 4477 316 4533 Pauca
353 4491 534 4534 tamen
567 4491 732 4543 sunt,
773 4496 894 4549 quae
935 4490 1218 4534 auctorum
1259 4484 1478 4537 nomina
1517 4486 1569 4538 in
1616 4486 1942 4555 quibusdam
1986 4488 2269 4543 codicibus
2316 4489 2640 4558 praeferant,
2699 4496 2756 4540 ut
2786 4487 2984 4558 cuique
3019 4487 3201 4544 videre
3229 4500 3314 4546 est
3348 4491 3406 4546 in

135 4571 366 4637 hujusce
393 4573 524 4624 tomi
552 4573 809 4627 decursu.
835 4568 1074 4624 Etatem
1105 4587 1230 4626 vero
1262 4575 1600 4644 singulorum
1635 4584 1900 4644 quantum
1942 4577 1996 4630 in
2036 4577 2194 4632 nobis
2225 4580 2387 4632 situm
2419 4577 2522 4632 fuit
2551 4579 2969 4647 assignavimus.
3006 4579 3084 4633 Ad
3108 4595 3169 4634 ea
3192 4597 3312 4650 qua:
3346 4583 3399 4635 in

134 4661 289 4728 prius
322 4660 485 4714 editis
519 4667 755 4723 exstant,
786 4666 1051 4731 permulta
1083 4683 1182 4721 nos
1213 4683 1276 4721 ex
1312 4669 1554 4724 tenebris
1590 4678 1768 4737 eruta,
1807 4680 1866 4726 ut
1897 4688 2019 4728 mox
2056 4673 2406 4740 dicebamus,
2437 4670 2758 4745 'adjecimus
2789 4694 2802 4729 :
2842 4676 3233 4746 supellectilem
3266 4696 3400 4736 sane

134 4754 367 4815 variam,
408 4754 584 4822 pretio
619 4764 780 4824 atque
816 4758 1050 4813 utilitate
1079 4761 1374 4831 disparem.

205 4845 477 4910 Quoniam
505 4857 686 4902 autem
721 4865 830 4903 non
870 4866 1023 4920 aeque
1063 4855 1382 4923 conspicuis
1416 4856 1560 4910 notis
1589 4856 1832 4910 omnium
1880 4858 2061 4912 νοθεία
2110 4860 2534 4931 deprehenditur
2566 4881 2579 4918 :
2613 4864 2709 4920 sed
2739 4865 2984 4934 quaadam
3045 4883 3234 4922 eorum
3286 4884 3397 4925 non

133 4944 242 4989 tam
265 4937 539 4992 evidentia
569 4939 721 5008 signa
764 4939 819 4994 in
846 4943 1111 4998 utramvis
1145 4951 1355 5014 partem
1395 4944 1683 4999 referunt:
1717 4947 1822 5002 alia
1885 4949 2030 5018 veroj
2057 4949 2140 5002 vel
2191 4950 2308 5020 ipso
2356 4953 2502 5006 cultu
2559 4963 2720 5024 atque
2764 4964 3060 5028 conspectu
3113 4961 3401 5030 peregrina

135 5040 255 5081 sese
309 5027 659 5097 profitentur,
690 5030 849 5086 binas
879 5033 933 5086 in
959 5034 1164 5090 classes
1198 5035 1342 5089 hunc
1407 5041 1611 5090 tomum
1637 5038 1969 5093 distribuere
2005 5039 2179 5093 visum
2219 5040 2336 5093 fuit.
2391 5039 2448 5094 ln
2487 5043 2687 5112 priore.
2721 5027 3005 5101 Athanasii
3034 5027 3400 5103 nominei'dut-

133 5119 220 5173 bia
249 5121 437 5174 omnia
468 5123 553 5175 edi
593 5123 932 5179 curavimus.
978 5124 1042 5179 Et
1095 5127 1315 5196 quidem
1357 5127 1408 5181 id
1448 5129 1592 5181 ultro
1643 5127 1895 5194 fate'nur,
1945 5130 2091 5199 quod
2127 5130 2323 5201 cuique
2357 5136 2562 5188 monita
2611 5141 2801 5191 nostra
2847 5136 3048 5206 legenti
3077 5139 3401 5194 subodorari

135 5215 352 5281 licebit;
390 5219 643 5274 videlicet
665 5236 784 5284 nos,
819 5222 921 5276 etsi
957 5223 1099 5278 inter
1127 5224 1334 5278 incerta
1365 5225 1555 5279 isthzec
1586 5240 1935 5294 reponamus,
1966 5227 2286 5298 plerumque
2311 5235 2492 5284 tamen
2523 5232 2696 5302 magis
2725 5231 3064 5301 propendere
3094 5233 3149 5286 in
3182 5242 3397 5304 partem

136 5314 366 5381 negandi
397 5333 410 5368 :
452 5316 820 5386 maluisseque
850 5318 1027 5372 adhuc
1055 5320 1156 5374 sub
1183 5319 1367 5389 judice
1406 5321 1554 5376 litem
1584 5336 1726 5384 esse,
1753 5337 1914 5392 quam
1945 5323 2000 5376 in
2040 5325 2341 5395 periculum
2377 5326 2562 5382 venire
2595 5327 2769 5383 levius
2823 5327 3133 5398 proferendi
3187 5329 3399 5395 νοθείας

139 5401 341 5469 judicii,
369 5405 780 5476 Athanasioque
811 5425 938 5463 suas
966 5411 1102 5464 forte
1139 5412 1554 5468 lucubrationes
1586 5413 1961 5482 ahjudicandi.
1987 5415 2044 5470 In
2078 5420 2380 5488 posteriore
2405 5433 2469 5473 ea
2494 5420 2830 5475 collocamus
2850 5436 2970 5490 qua:
2993 5429 3178 5492 aperte
3209 5425 3398 5492 spuria

141 5503 280 5552 sunt.
315 5510 424 5547 non
451 5497 637 5565 aliquo
668 5508 882 5553 servato
912 5501 1126 5563 ordine,
1157 5503 1250 5557 sed
1283 5519 1342 5557 ea
1367 5519 1489 5574 qua:
1524 5503 1579 5557 in
1613 5504 1765 5574 prius
1793 5505 1954 5561 editis
1987 5509 2191 5577 primas
2219 5511 2473 5566 tenebant
2499 5519 2556 5564 ut
2598 5513 2711 5566 fors
2758 5513 2974 5578 obtulit,
3012 5517 3196 5584 priora
3228 5514 3399 5570 ferme

142 5590 480 5657 reposuimus
508 5613 519 5646 :
550 5593 656 5646 alia
684 5602 742 5648 ut
779 5598 1083 5666 argumenti
1114 5599 1254 5653 ratio
1288 5599 1495 5655 ferebat
1525 5614 1633 5654 una
1680 5599 2090 5671 conjunximus.
2137 5603 2247 5661 Nec
2278 5615 2457 5662 tamen
2488 5616 2635 5662 certa
2672 5608 2857 5678 regula
2889 5605 3031 5662 fuit:
3063 5616 3116 5664 et
3150 5609 3278 5680 quia
3311 5623 3398 5663 se-

207 5743 281 5816 (α)
315 5743 394 5800 De
419 5755 632 5800 oratore
665 5747 703 5799 l.
733 5762 792 5804 It.

453 5841 722 5901 PATBOL.
783 5843 900 5906 (in.
959 5845 1228 5909 XXVIII

2923 5851 2945 5910 1

1301 6157 1371 6180 Α,
1407 6145 1489 6179 ni
1531 6144 1560 6179 ι·
1579 6141 1605 6174 ἱ)
1642 6135 1722 6180 ιε’-ι’
1761 6127 1836 6180 ίὶ
