3878 6196
474 354 536 408 ﬂ
1903 351 2005 408 PR.

2206 350 2292 408 lO.
2413 385 2424 397 ο
3659 354 3732 411 12

472 473 590 529 rius
630 472 891 528 nonnulla
919 470 1272 535 accedebant,
1301 467 1539 539 priorem
1567 467 1624 522 in
1661 455 1898 521 vacuum
1926 467 2107 521 locum
2136 480 2271 522 casu
2310 467 2482 538 magis
2513 483 2677 538 quam
2701 467 2935 525 consilio
2969 469 3220 540 conjecta
3252 476 3381 525 sunt
3408 488 3421 523 :
3457 477 3511 523 et
3541 469 3730 526 consi-

473 567 620 624 lione
640 583 779 638 opus
807 568 862 623 in
890 568 1057 623 rebus
1087 568 1397 623 inconsulta
1435 567 1735 622 multorum
1760 566 2075 621 temeritate
2114 565 2547 622 consarcinatis?
2579 565 2830 621 llomiliae
2861 576 3043 623 tamen
3072 583 3267 623 omnes
3301 582 3408 622 una
3433 568 3732 633 conterent,

475 666 692 714 servato
715 674 898 714 rerum
930 673 1052 728 quae
1077 666 1317 729 aguntur
1335 658 1549 714 ordine.

548 753 644 811 His
671 762 854 809 autem
884 753 1053 819 notis,
1093 753 1182 809 bis
1210 753 1440 809 tesseris
1472 752 1642 809 dubia
1668 760 1726 808 et
1755 751 1935 806 aliena
1965 766 1995 804 a
2030 752 2309 821 germanis
2334 752 2767 807 internoscimus
2799 772 2810 806 :
2844 752 3022 823 primo
3053 767 3120 806 ex
3153 750 3423 822 frequenti
3451 747 3734 803 Athanasii

474 863 702 920 operum
733 850 1080 912 tractatione,
1107 863 1210 903 ceu
1248 853 1442 918 gustus
1469 847 1687 918 quidem
1712 846 1913 917 legenti
1938 845 2167 903 inhaeret
2187 888 2202 912 ,
2230 847 2391 917 cujus
2419 862 2522 919 Ope
2552 848 2699 903 haud
2730 847 2889 902 facile
2923 848 2996 903 sit
3020 846 3121 917 ipsi
3150 846 3338 901 fucum
3367 844 3575 929 face‘re;
3605 857 3733 897 cum

474 947 713 1001 maxime
735 946 965 1000 arduum
995 945 1067 1001 sit
1091 944 1442 1015 quantumvis
1484 945 1662 1015 perito
1690 944 1931 999 nativam
1961 943 2248 1001 Athanasii
2275 947 2603 1017 elegantiam
2635 946 2909 1002 ementiri.
2954 945 3021 1000 Et
3060 946 3281 1017 quidem
3331 945 3500 999 multa
3538 956 3736 996 occur-

473 1049 621 1099 runt,
651 1056 773 1109 quae
793 1040 838 1094 si
860 1040 944 1095 vel
973 1039 1309 1110 primoribus
1334 1040 1554 1110 quidem
1584 1040 1753 1094 labris
1782 1025 2042 1110 attingas,
2066 1041 2249 1094 statim
2271 1054 2502 1110 respuas
2519 1048 2576 1094 ut
2604 1041 2889 1113 peregrina
2912 1040 3050 1094 etab
3067 1037 3352 1093 Athanasii
3372 1037 3461 1090 illa
3477 1033 3735 1105 ἐνεργείᾳ

471 1132 839 1188 abhorrentia.
877 1130 1200 1201 Hujusmodi
1225 1138 1354 1186 sunt
1376 1130 1680 1199 Disputatio
1708 1139 1894 1184 contra
1921 1130 2109 1184 Arium
2135 1173 2150 1198 ,
2203 1131 2258 1184 in
2290 1130 2498 1202 synodo
2522 1130 2741 1186 Nieama
2763 1172 2779 1198 ,
2824 1130 3008 1186 Sermo
3048 1139 3235 1185 contra
3261 1145 3438 1184 omnes
3471 1127 3696 1182 hmreses
3717 1157 3738 1191 ,

474 1227 720 1283 Historia
749 1226 1131 1290 Melchisedeci,
1156 1224 1313 1279 Liber
1343 1225 1420 1279 De
1445 1225 1862 1294 deﬁnitionibus,
1896 1232 1950 1280 et
1980 1226 2069 1280 alii
2092 1225 2341 1296 ejusdem
2376 1224 2566 1281 farina:
2588 1226 2776 1281 libelli.
2812 1225 3041 1281 Etiamsi
3065 1240 3196 1280 vero
3216 1224 3286 1301 in
3319 1221 3564 1278 melioris
3588 1229 3741 1275 notae

470 1317 736 1386 opuscula
762 1315 1089 1379 incidamus,
1115 1316 1246 1371 dum
1279 1315 1336 1369 in
1365 1329 1563 1386 genere
1587 1315 1858 1385 polemico
1887 1323 2197 1381 versentur,
2235 1316 2290 1371 in
2321 1332 2431 1387 quo
2468 1316 2747 1372 cernimus
2793 1332 2931 1387 pene
2964 1324 3136 1371 totam
3180 1314 3466 1389 Athanasii
3515 1320 3740 1369 aetatem

471 1426 595 1467 esse
630 1411 941 1477 contritam,
975 1411 1119 1466 haud
1155 1425 1353 1482 magno
1395 1411 1583 1466 labore
1626 1425 1657 1464 a
1692 1410 2027 1466 fraudulenti
2057 1412 2345 1483 scriptoris
2380 1411 2613 1467 artificio
2646 1427 2746 1468 nos
2801 1412 3179 1483 explicemus:
3210 1426 3335 1466 cum
3369 1411 3463 1465 vix
3495 1409 3605 1463 ulla
3638 1421 3740 1463 ars

472 1507 624 1562 illum
650 1514 731 1561 tot
761 1522 1030 1563 annorum
1056 1522 1217 1562 usum
1240 1547 1254 1570 ,
1304 1506 1451 1561 illam
1490 1514 1684 1577 sponte
1718 1504 1970 1562 fluentem
2016 1506 2387 1576 eloquentiam
2419 1507 2682 1576 consequi
2716 1506 2914 1577 possit.
2951 1504 3089 1559 Cum
3138 1511 3321 1557 autem
3369 1502 3482 1556 alio
3531 1512 3738 1570 genere

471 1598 747 1653 scribendi
780 1606 1004 1654 exarata
1034 1608 1185 1665 sunt,
1213 1614 1323 1668 quo
1374 1599 1461 1654 vel
1492 1599 1644 1653 nulla
1668 1600 1753 1654 vel
1786 1599 2121 1668 paucissima
2152 1598 2383 1654 ediderit
2419 1598 2776 1662 Athanasius,
2807 1608 2920 1653 tum
2954 1598 3159 1653 laboris
3188 1603 3242 1651 et
3269 1594 3486 1650 consilii
3508 1607 3595 1647 res
3622 1600 3731 1646 est.

470 1693 853 1765 lnvestiganda
886 1695 1097 1751 scilicet
1130 1694 1404 1758 doctrina,
1445 1695 1612 1750 verba
1648 1694 1862 1765 singula
1911 1693 2272 1765 inspicienda,
2303 1695 2589 1750 sententiae
2626 1693 3015 1763 ponderanda,
3043 1707 3176 1747 num
3220 1691 3412 1745 aliena:
3439 1688 3508 1743 ab
3533 1692 3697 1742 aetate
3717 1727 3734 1748 ,

470 1788 541 1843 ab
571 1795 813 1852 auctore,
838 1789 908 1843 ab
933 1787 1194 1844 Ecclesiae
1227 1804 1353 1842 usu.
1391 1786 1615 1843 Dillicile
1654 1802 1788 1842 sane
1818 1787 1956 1841 nihil
1983 1788 2255 1856 ejusmodi
2282 1787 2616 1858 deprehendi
2647 1788 2701 1842 in
2733 1787 2957 1857 spuriis.
2990 1786 3046 1840 Si
3076 1792 3219 1841 nota!
3238 1782 3487 1855 quaedam
3539 1778 3739 1849 hujus-

469 1879 616 1933 modi
646 1870 957 1945 occurrant,
989 1886 1043 1934 et
1076 1879 1183 1933 tale
1216 1894 1357 1949 opus
1387 1880 1457 1934 ab
1485 1879 1711 1948 antiquo
1743 1880 1960 1934 nemine
1989 1879 2259 1944 laudetur,
2281 1880 2392 1949 jam
2428 1888 2655 1949 augetur
2702 1880 2965 1950 suspicio.
3018 1877 3204 1947 Neque
3241 1884 3422 1930 tamen
3466 1872 3616 1927 illico
3649 1870 3737 1923 fe-

468 1969 638 2023 renda
663 1970 950 2025 adversum
985 1969 1276 2035 sententia,
1303 1969 1410 2024 nisi
1444 1969 1549 2022 alia
1595 1985 1664 2023 ex
1695 1984 1820 2023 mox
1852 1970 2178 2055 ceam-audis
2209 1979 2337 2024 nota
2390 1978 2725 2041 compareat.
2759 1970 2893 2024 Nam
2918 1977 3045 2025 sunt
3079 1969 3184 2022 alia
3213 1966 3535 2038 gravissima
3573 1963 3737 2033 signa

467 2063 769 2134 quibus'lis
801 2064 1063 2118 solvatur.
1096 2063 1235 2117 Cum
1267 2064 1503 2120 haereses
1532 2064 1742 2119 scilicet
1773 2065 2223 2135 subsequentium
2248 2074 2467 2120 aetatum
2511 2068 2920 2138 impugnantur,
2956 2068 3120 2122 etiam
3152 2066 3317 2120 tacito
3347 2063 3732 2117 haereticorum

468 2157 687 2230 nomine
716 2173 729 2209 :
761 2169 999 2224 namque
1028 2154 1074 2209 si
1104 2170 1300 2211 nomen
1323 2156 1496 2218 adest,
1524 2171 1624 2211 nec
1646 2157 1967 2226 conjectura
1994 2159 2185 2213 subest
2227 2160 2409 2229 aliqua
2440 2158 2612 2214 fuisse
2644 2150 3057 2214 amanuensium
3082 2157 3389 2213 temeritate
3415 2156 3688 2225 adjectum
3715 2194 3730 2212 .

468 2233 617 2304 nulla
651 2265 803 2305 mora
833 2250 1003 2305 fertur
1028 2250 1238 2314 νοθείας
1259 2250 1541 2321 judicium.
1575 2250 1631 2305 Si
1661 2254 1717 2305 in
1741 2254 2132 2323 manuscriptis
2164 2256 2448 2325 inscriptio
2482 2256 2555 2308 ita
2587 2255 2783 2320 variet,
2816 2262 2876 2308 ut
2898 2256 2952 2308 in
3001 2254 3125 2309 aliis
3156 2253 3480 2315 Athanasii,
3516 2251 3569 2305 in
3605 2249 3734 2303 aliis

468 2343 694 2397 alterius
724 2343 1011 2412 scriptoris
1039 2357 1239 2397 nomen
1269 2352 1621 2413 compareat:
1653 2344 1870 2414 signum
1899 2344 2118 2400 videtur
2142 2346 2518 2411 manifestum,
2552 2362 2677 2403 esse
2706 2357 2883 2403 totum
2919 2346 3222 2404 Athanasio
3251 2345 3678 2415 abjudicaudum
3715 2362 3731 2397 :

467 2456 595 2495 nam
622 2441 667 2496 si
695 2441 950 2511 primitus
994 2439 1279 2494 Athanasii
1333 2454 1532 2494 nomen
1562 2439 1779 2494 tulisset
1831 2439 2137 2510 inscriptio,
2180 2455 2251 2495 ne
2287 2441 2583 2510 cogitasset
2611 2441 2833 2511 quidem
2861 2439 3216 2495 amanuensis
3268 2436 3494 2490 alterius
3528 2448 3733 2488 nomen

468 2534 839 2602 substituere;
882 2549 1008 2590 cum
1041 2542 1192 2589 tanta
1220 2535 1293 2589 sit
1322 2535 1744 2590 celebratissimi
1780 2535 2023 2591 doctoris
2065 2540 2388 2601 auctoritas,
2422 2544 2483 2592 ut
2513 2539 2742 2594 stultum
2773 2545 2919 2593 esset
2950 2538 3018 2592 ab
3047 2536 3155 2590 alio
3179 2533 3441 2603 majorem
3466 2529 3729 2585 mutuari.

472 2626 541 2682 Et
569 2643 702 2683 sane
732 2629 942 2683 nullum
972 2629 1209 2684 vidimus
1251 2644 1317 2685 ex
1350 2631 1599 2700 genuinis
1631 2629 1939 2695 Athanasii,
1972 2630 2199 2686 alterius
2232 2631 2485 2702 praeferre
2532 2648 2731 2688 nomen
2781 2633 2838 2687 in
2884 2630 3191 2687 codicibus.
3247 2627 3731 2683 Evidentissnnum

467 2721 863 2790 suppositiom's
902 2728 1282 2791 argumentum
1323 2731 1427 2788 est,
1458 2736 1582 2776 cum
1631 2720 1822 2776 Patres
1851 2720 2155 2778 Athanasio
2189 2740 2455 2794 suppares
2489 2733 2583 2779 aut
2630 2724 2853 2780 omnino
2906 2722 3193 2777 inferiores
3221 2719 3515 2773 laudantur
3546 2733 3561 2770 :
3600 2728 3731 2768 nam

465 2824 581 2871 tum
612 2817 697 2870 vel
723 2831 791 2871 ex
814 2815 1117 2887 ignorantia
1152 2804 1437 2884 scriptoris
1467 2815 1647 2886 prodit
1665 2816 2245 2882 anachronismus,vel
2276 2819 2587 2874 inconsulto
2611 2818 3026 2872 amanuensium
3050 2829 3185 2869 ausu
3217 2811 3501 2866 Athanasii
3527 2822 3731 2865 nomen

465 2905 743 2975 praefixum
775 2906 927 2975 operi
958 2905 1077 2960 fuit.
1102 2904 1200 2961 His
1229 2923 1363 2962 usus
1392 2923 1513 2962 sum
1544 2907 1768 2962 tesseris
1795 2924 1809 2975 ;
1841 2921 1963 2977 quae
1992 2915 2174 2962 tamen
2203 2924 2350 2963 nunc
2376 2909 2567 2964 leviter
2599 2908 2941 2979 perstringo,
2982 2906 3112 2976 quia
3166 2904 3344 2960 fusius
3396 2903 3512 2958 suis
3567 2902 3729 2958 locis.

469 2995 751 3057 Undenam
779 2997 989 3067 singula
1022 2997 1308 3067 prodeant,
1331 2995 1533 3050 videsis
1565 2996 1621 3049 in
1653 3010 1779 3049 mox
1805 2996 2055 3065 sequenti
2085 2999 2404 3053 recensione
2436 2998 2689 3053 codicum
2719 3013 2856 3052 mss.
2883 3004 2935 3051 et
2964 2997 3254 3051 editorum.

540 3088 740 3143 Praeter
766 3103 830 3143 ea
859 3097 1041 3142 autem
1078 3101 1198 3156 qua:
1222 3085 1311 3140 hic
1337 3093 1554 3141 exstant
1587 3101 1743 3149 cusa,
1781 3087 1884 3141 alia
1918 3088 2187 3155 permulta
2214 3099 2363 3153 sunt,
2396 3104 2517 3159 quae
2541 3103 2663 3143 cum
2695 3088 2944 3159 proxime
2973 3088 3262 3158 praeteritis
3298 3086 3514 3144 saeculis
3549 3086 3729 3142 fraudi

466 3182 951 3255 opportunioribus
980 3184 1201 3247 impune
1226 3180 1585 3236 Athanasium
1623 3180 1881 3236 ementita
1904 3181 2159 3245 fuissent,
2188 3184 2507 3257 instaurate
2522 3184 2743 3239 demum
2772 3184 3074 3238 litterarum
3100 3196 3314 3244 usu,-ex
3337 3180 3733 3236 Athanasianis

464 3289 637 3351 ejecta
667 3286 814 3335 sunt.
847 3278 991 3332 inter
1022 3276 1136 3330 haec
1157 3283 1591 3330 annumerantur
1618 3274 2024 3331 Commentaria
2048 3275 2442 3349 TheOphylacti
2487 3279 2545 3333 in
2578 3278 2849 3348 Epistolas
2897 3277 3087 3340 Pauli,
3116 3277 3171 3330 in
3207 3277 3488 3346 prioribus
3533 3275 3733 3334 Gallia:

465 3373 626 3428 editis
658 3386 792 3425 cusa
822 3369 891 3424 ad
918 3369 1149 3425 frontem
1175 3384 1399 3438 operum
1436 3367 1494 3423 S.
1532 3369 1842 3435 Athanasii,
1880 3387 2003 3441 quae
2029 3371 2227 3427 deinde
2256 3371 2527 3444 Vulgarii,
2561 3375 2679 3429 sive
2707 3373 2971 3443 Bulgarii,
2998 3381 3091 3425 aut
3119 3373 3301 3441 potius
3331 3370 3732 3442 Theophylacti

465 3467 827 3540 Bulgarorum
857 3464 1103 3537 episcopi
1136 3479 1260 3520 esse
1286 3466 1627 3536 deprehensa
1661 3473 1831 3530 sunt,
1884 3474 1939 3521 et
1985 3467 2100 3538 jam
2149 3468 2395 3538 ejusdem
2435 3470 2660 3525 nomine
2693 3468 2882 3524 Grece
2928 3476 2982 3521 et
3018 3467 3207 3523 Latine
3239 3468 3730 3523 circumferuntur.

463 3558 584 3615 Non
613 3559 838 3615 defuere
866 3558 1018 3621 item,
1045 3557 1138 3626 qui
1170 3555 1341 3609 libros
1368 3541 1561 3610 Hilarii
1601 3555 1679 3610 De
1712 3556 1976 3611 Trinitate
2008 3557 2313 3615 Athanasio
2354 3562 2735 3632 ascripserint,
2764 3575 2999 3633 quorum
3043 3562 3314 3615 sententia
3359 3576 3427 3617 ne
3475 3561 3733 3616 confuta-

464 3652 615 3708 tione
647 3652 867 3723 quidem
896 3658 1017 3722 eget
1043 3667 1056 3703 :
1092 3655 1145 3702 et
1172 3649 1341 3717 probe
1369 3663 1508 3718 opus
1543 3649 1678 3704 illud
1709 3650 1917 3708 Hilario
1946 3662 2219 3709 assertum
2258 3654 2362 3710 fuit
2395 3656 2450 3711 in
2477 3669 2754 3726 postrema
2786 3656 2906 3725 ejus
2928 3670 3156 3724 operum
3188 3656 3426 3712 editione
3456 3671 3486 3710 a
3518 3660 3735 3716 nostris

465 3746 749 3802 adornata.
793 3744 1051 3816 Dialogus
1087 3756 1306 3813 quoque
1339 3738 1924 3800 Joannis‘Damasceni
1972 3755 2158 3799 contra
2208 3746 2530 3803 Manichwos
2575 3750 2629 3804 in
2669 3749 2838 3821 Hegio
2874 3750 3065 3804 codice
3108 3764 3259 3802 num.
3294 3750 3436 3806 2502
3465 3756 3666 3810 ascribi
3696 3771 3735 3811 a

464 3837 743 3891 nonnullis
768 3835 1067 3890 Athanasio
1094 3832 1295 3887 dieitur
1326 3849 1338 3885 :
1374 3829 1472 3886 sed
1522 3833 1743 3903 γνήσιος
1777 3833 2096 3891 Damasceni
2148 3836 2290 3893 fetus
2318 3848 2434 3904 est,
2467 3847 2526 3893 ut
2573 3841 2823 3910 pluribus
2856 3848 3315 3901 commonstrabit
3349 3852 3432 3903 vir
3476 3853 3736 3911 eruditus

463 3925 527 3982 P.
558 3926 831 3997 Lequien,
864 3925 1074 3982 ordinis
1106 3922 1555 3987 Prmdicatorum,
1599 3924 1655 3977 in
1680 3937 1744 3979 ea
1777 3940 1941 3994 quam
1988 3935 2147 3997 parat
2178 3927 2498 3985 Damasceni
2529 3946 2757 4002 operum
2791 3934 3050 3991 editione.
3089 3936 3226 3993 Vere
3264 3947 3448 3997 tamen
3484 3943 3733 3999 Athana-

465 4021 582 4076 sius
618 4018 963 4082 Manichacus,
998 4028 1231 4112 quorum
1273 4014 1468 4085 ingens
1500 4031 1599 4071 sua
1628 4025 1956 4087 tempestate
1990 4037 2274 4088 numerus,
2302 4027 2523 4095 scriptis
2551 4035 2637 4081 est
2666 4026 2892 4083 adortus
2924 4049 2937 4083 :
2972 4043 3025 4087 at
3049 4035 3321 4103 ejusmodi
3367 4043 3572 4112 scripta
3601 4060 3731 4099 cum

466 4109 771 4166 innumeris
794 4109 918 4165 aliis
950 4106 1148 4178 injuria
1174 4112 1486 4175 temporum
1518 4107 1792 4163 exstincta
1824 4116 1971 4165 sunt.
2007 4109 2074 4164 Et
2112 4113 2271 4182 plane
2306 4114 2551 4170 demiror
2598 4114 2974 4173 Graeculorum
3032 4127 3380 4184 oscitantiam
3404 4171 3420 4196 ,
3467 4106 3558 4202 qui
3596 4134 3734 4189 dum

467 4204 654 4274 spuria
684 4202 988 4258 sexcenties
1015 4197 1409 4265 exscriberent,
1437 4212 1697 4269 germana
1728 4202 1803 4253 ita
1837 4201 2215 4271 neglexerunt,
2250 4212 2310 4257 ut
2345 4206 2558 4260 incuria
2590 4206 2874 4276 perierint.
2918 4207 2985 4264 Ut
3022 4218 3335 4288 conjectare
3371 4197 3539 4292 porro
3570 4224 3729 4290 licet,

465 4316 578 4356 non
604 4299 805 4371 dialogi
837 4314 989 4354 more
1016 4294 1347 4352 Manichteos
1374 4294 1710 4352 Athanasius
1749 4305 1834 4352 est
1867 4312 2162 4370 aggressus
2193 4320 2206 4354 :
2244 4318 2369 4356 nam
2395 4303 2516 4372 ejus
2563 4319 2679 4359 aevo
2710 4305 2813 4369 hoc
2844 4307 3118 4364 scribendi
3159 4326 3331 4380 genus
3381 4317 3567 4370 minus
3608 4329 3736 4373 erat

466 4389 892 4460 frequentatum.
926 4387 986 4442 In
1016 4388 1301 4449 codicibus
1327 4394 1646 4465 Anglicanis
1666 4395 1911 4453 homiliae
1933 4398 1990 4451 in
2016 4396 2218 4454 Christi
2238 4411 2437 4466 ortum,
2470 4418 2592 4473 quae
2619 4404 2765 4459 inter
2785 4404 3164 4477 Chrysostomi
3190 4426 3353 4479 opera
3384 4427 3734 4486 comparent,

465 4485 751 4540 Athanasii
778 4485 906 4539 item
932 4494 1129 4541 nomen
1160 4487 1477 4555 praeferunt.
1499 4488 1697 4544 Earum
1716 4492 2066 4547 meminimus
2087 4494 2141 4547 in
2157 4494 2366 4549 monito
2389 4494 2457 4549 ad
2477 4496 2755 4551 homiliam
2775 4496 2851 4552 De
2869 4509 2987 4553 ortu
3005 4498 3223 4566 Christi,
3244 4518 3297 4572 p.
3318 4504 3423 4560 550
3441 4506 3542 4577 (a).
3569 4485 3738 4573 Quod

466 4592 644 4637 autem
675 4581 867 4635 attinet
901 4578 966 4633 ad
1000 4580 1275 4635 orationes
1308 4579 1430 4636 illas
1462 4580 1780 4636 dialecticas
1807 4581 2094 4638 Athanasii
2136 4584 2192 4640 in
2214 4584 2434 4640 Nicaena
2458 4586 2668 4658 synodo
2700 4601 2968 4658 praesente
3002 4591 3367 4650 Constantino
3391 4595 3585 4668 Magno
3626 4598 3735 4653 ba—

465 4675 630 4738 bitas,
662 4682 992 4730 memoratas
1018 4688 1049 4727 a
1074 4669 1460 4734 Felc‘kmanno,
1496 4685 1635 4740 quas
1664 4678 1854 4725 narrat
1886 4671 1957 4727 lli.
1989 4671 2226 4730 Crusius
2256 4674 2736 4748 Constantinopoli
2772 4681 2916 4749 apud
2951 4681 3386 4740 illustrissimum
3422 4687 3736 4757 principem

466 4765 728 4822 Iacobum
764 4765 1145 4821 Marmoretam
1174 4778 1239 4819 eo
1270 4769 1513 4833 tempore
1541 4771 1785 4834 repertas
1812 4762 2003 4827 fuisse,
2035 4765 2126 4819 vix
2158 4768 2394 4835 putarim
2426 4766 2675 4825 diversas
2702 4785 2730 4823 a
2765 4769 3137 4840 Disputatione
3162 4788 3347 4831 contra
3372 4778 3581 4843 Arium,
3605 4796 3738 4850 qua:

466 4862 523 4916 in
552 4862 755 4933 spuriis
784 4875 978 4930 agmen
1020 4859 1166 4929 agit:
1198 4859 1453 4928 permulti
1495 4874 1732 4929 namque
1765 4859 1884 4930 ejus
1918 4861 2137 4916 codices
2189 4862 2243 4915 in
2275 4863 2448 4918 variis
2490 4864 2836 4921 bibliothecis
2866 4877 3101 4924 exstant.
3146 4873 3204 4926 ln
3258 4872 3391 4928 Vitis
3420 4885 3737 4935 sanctorum

468 4956 789 5018 Siculorum,
822 4955 892 5011 ab
920 4954 1145 5009 Octavio
1173 4952 1471 5022 Cajetano,
1516 4954 1884 5026 Syracusano,
1926 4954 2220 5013 Societatis
2249 4956 2402 5021 Jesu,
2436 4957 2693 5014 Panormi
2727 4962 2889 5019 editis
2929 4978 3073 5018 anno
3116 4962 3274 5028 1657,
3308 4980 3355 5035 p.
3391 4964 3494 5031 24,
3544 4974 3739 5024 exstat

466 5048 689 5131 nomine
708 5047 992 5102 Athanasii
1025 5044 1423 5117 archiepiscopi
1449 5047 1799 5101 Alexandrini
1840 5047 1961 5101 Vita
1985 5047 2042 5103 S.
2102 5047 2336 5119 Philippi
2364 5050 2697 5121 Agyriensis,
2733 5054 2896 5123 vulgo
2925 5054 3230 5124 Agyrionis,
3262 5070 3325 5109 ex
3361 5066 3548 5113 monte
3584 5059 3739 5131 Agy-

465 5144 620 5199 rione
650 5146 703 5198 in
736 5143 944 5199 Sicilia.
970 5143 1041 5209 Is,
1065 5150 1126 5196 ut
1150 5142 1311 5211 vulgo
1341 5149 1587 5208 narrant,
1616 5156 1646 5195 a
1684 5140 1746 5196 Β.
1776 5140 1941 5197 Petro
1974 5144 2223 5213 apostolo
2252 5145 2306 5198 in
2336 5143 2582 5198 Siciliam
2632 5147 2839 5202 missus
2888 5147 3012 5211 fuit,
3042 5148 3290 5217 obiitque
3337 5163 3485 5203 anno
3517 5149 3736 5206 Christi

466 5229 557 5296 90,
576 5232 662 5287 die
693 5233 762 5286 12
790 5232 935 5287 Maii.
963 5231 1165 5287 Verum
1198 5230 1253 5285 in
1276 5231 1590 5302 hujusmodi
1614 5241 1928 5288 commento
1959 5233 2254 5290 refutando
2282 5251 2505 5306 operam
2540 5236 2733 5293 ludere
2766 5238 2933 5293 otiosi
2964 5239 3205 5296 hominis
3231 5250 3397 5295 esset.
3421 5241 3736 5298 Christiani

467 5321 646 5392 Copti,
680 5340 773 5381 seu
799 5324 1061 5395 Egyptii,
1092 5326 1355 5395 hymnum
1408 5319 1594 5377 Gloria
1636 5323 1692 5377 in
1723 5324 1966 5391 excelsis,
1999 5324 2224 5395 Coptice
2252 5326 2577 5381 translatum
2609 5325 2859 5382 tribuunt
2889 5329 3208 5386 Athanasio.
3260 5331 3366 5387 Sed
3397 5348 3521 5387 cum
3555 5349 3657 5388 nec
3697 5351 3735 5390 ει

467 5415 707 5484 Graecis,
749 5435 849 5474 nec
879 5434 910 5474 a
937 5419 1147 5476 Latinis
1175 5428 1327 5476 tanto
1365 5419 1577 5476 doctori
1607 5421 1883 5491 ascriptus
1912 5438 2152 5492 unquam
2187 5422 2358 5478 fuisse
2404 5431 2761 5489 memoretur,
2799 5427 3097 5483 verisimile
3140 5438 3225 5486 est
3279 5430 3484 5501 Coptos
3532 5431 3684 5501 ipsos
3707 5462 3760 5498 ,λ

468 5515 750 5585 stupendae
780 5524 995 5586 gentem
1036 5518 1372 5588 ignorantiae,
1410 5532 1550 5588 quos
1580 5531 1748 5587 penes
1783 5518 2084 5588 plurimum
2134 5520 2464 5573 auctoritate
2497 5519 2639 5574 valet
2670 5520 3002 5577 Athanasius
3027 5562 3041 5587 ,
3097 5520 3152 5575 id
3198 5522 3380 5592 operis
3413 5524 3734 5580 inconsulte

467 5607 570 5676 ipsi
602 5606 881 5664 tribuisse.
921 5609 1004 5665 Ad
1031 5609 1145 5666 haec
1185 5612 1448 5670 Leontius
1483 5611 1819 5684 Byzantinus
1850 5614 1992 5668 libro
2018 5612 2282 5668 Adversus
2336 5613 2552 5684 fraudes
2587 5614 3098 5683 Apollinaristarum
3129 5618 3225 5683 ait,
3258 5617 3505 5674 solemne
3555 5618 3731 5676 fuisse

529 5785 602 5851 (α)
633 5788 725 5840 Hic
756 5794 810 5839 et
830 5788 953 5840 infra
976 5788 1178 5855 paginas
1198 5791 1430 5859 intellige
1469 5793 1697 5846 editionis
1727 5795 1931 5847 Venetae
1954 5807 2074 5857 quas
2097 5796 2224 5858 typis
2248 5796 2591 5859 grandioribus
2625 5798 2983 5860 expressimus.
3011 5796 3144 5847 Eutr.
