3878 6196
176 381 248 436 13
1625 386 2018 445 ΡΒᾸΕΡΑΤΙΟ.
3359 403 3426 456 Η

176 494 501 562 Apollinarii
527 495 812 565 discipulis
838 497 1006 553 libros
1037 500 1279 570 magistri
1315 501 1396 556 sui
1431 501 1574 555 Julio
1601 503 1781 568 modo,
1819 519 1939 558 mox
1975 504 2235 575 Gregorio
2267 505 2696 580 Thaumaturgo,
2729 511 2892 566 modo
2919 513 3218 571 Athanasio
3253 520 3427 572 ascri-

176 585 459 641 bere.Sed
488 587 804 656 hujusmodi
851 589 969 646 libri
1016 590 1154 644 falso
1181 592 1432 661 inscripti
1461 591 1526 644 ad
1563 609 1665 646 nos
1707 609 1882 664 usque
1911 596 2134 650 minime
2164 607 2550 666 pervenerunt.
2588 598 2696 654 Nec
2747 603 2906 656 modo
2952 603 3294 674 Apollinarii,
3328 609 3426 663 sed

172 680 340 734 etiam
380 681 642 752 Eutychis
672 691 726 737 et
759 683 1000 740 Dioscori
1021 703 1034 750 ;
1058 701 1125 739 en
1158 687 1320 740 verba
1342 685 1551 741 Leontii
1586 707 1597 740 :
1637 688 1866 754 Quidam
1888 705 1952 742 ea:
1973 690 2158 744 hwresi
2185 693 2506 759 Apollinarii
2540 694 2617 746 vel
2641 692 2890 764 Eutychis
2915 697 2992 748 vel
3014 696 3276 762 Dioscori,
3309 717 3428 754 cum

175 773 364 826 vellent
387 791 543 827 suam
578 776 820 828 hteresim
854 778 1190 846 conﬁrmare,
1215 779 1472 846 quasdam
1509 778 1773 832 orationes
1819 778 2137 847 Apollinarii
2175 782 2424 854 Gregorio
2451 784 2840 856 Thaumaturgo
2873 798 2965 840 aut
2994 789 3289 844 Athanasio
3335 798 3429 844 aut

171 865 320 920 Julia
345 870 752 936 inscripserunt,
777 881 833 924 ut
862 873 1204 936 simpliciores
1231 871 1498 939 fallerent,
1517 870 1655 941 quod
1685 872 1895 940 quidem
1926 876 2274 943 perfecerunt.
2303 877 2637 931 Auctoritate
2673 879 2813 931 enim
2837 877 3140 946 hujusmodi
3169 896 3422 948 persona-

172 978 292 1014 rum
321 965 431 1032 fide
469 964 649 1034 digna,
674 967 869 1020 multos
900 966 1150 1022 Ecclesia:
1177 968 1452 1021 catholica:
1488 984 1670 1036 capere
1718 978 2020 1036 potuerunt.
2049 971 2116 1024 Et
2156 973 2294 1040 apud
2337 974 2528 1028 multos
2573 989 2638 1027 ex
2681 977 2817 1026 recte
2845 967 3172 1022 credentibus
3202 970 3428 1036 reperire

169 1055 368 1119 poteris
403 1055 595 1108 librum
626 1056 946 1123 Apollinarii
969 1098 982 1120 ,
1016 1058 1101 1110 cui
1132 1057 1319 1110 titulus
1357 1057 1422 1108 'H
1456 1057 1596 1109 κατὰ
1628 1057 1790 1126 μέρος
1822 1059 2024 1122 πίστις,
2062 1059 2222 1116 Fides
2262 1064 2612 1132 particularis
2639 1106 2652 1129 ,
2698 1063 3007 1129 inscriptum
3039 1059 3290 1132 Gregorio
3313 1101 3327 1124 ,
3377 1074 3431 1115 et

171 1145 435 1212 quasdam
458 1147 572 1215 ejus
595 1148 845 1216 epistolas
874 1150 1159 1218 inscriptas
1188 1147 1339 1202 Julia
1362 1165 1380 1201 :
1411 1159 1458 1202 et
1496 1149 1632 1202 alias
1667 1149 1780 1217 ejus
1805 1147 1880 1203 De
1911 1148 2286 1208 lncarnatione
2334 1155 2597 1208 orationes
2630 1155 2707 1207 vel
2734 1152 3082 1220 expositiones
3129 1151 3429 1204 Athanasio

173 1241 460 1308 inscriptas
486 1259 505 1295 .°
535 1243 832 1312 cujusmodi
852 1253 1058 1314 estquae
1074 1245 1328 1312 inscripta
1348 1252 1424 1296 est
1453 1241 1752 1311 Expositio,
1781 1244 2103 1297 consentiens
2131 1261 2248 1298 cum
2275 1245 2616 1314 Expositione
2638 1253 2982 1298 trecentorum
3012 1242 3186 1296 decem
3206 1250 3256 1297 et
3279 1251 3427 1294 octo:

172 1348 338 1401 neque
370 1335 544 1387 solum
567 1335 686 1397 has,
719 1334 810 1389 sed
835 1336 967 1388 alias
995 1333 1323 1398 huiusmodi.
1357 1331 1479 1385 Fiet
1509 1343 1685 1384 autem
1712 1331 1784 1384 ibi
1805 1332 1901 1384 hoc
1925 1334 2283 1402 manifestum,
2321 1346 2370 1389 et
2396 1338 2558 1390 cuivis
2593 1336 2829 1390 veritatis
2857 1332 3100 1386 studioso
3133 1349 3198 1386 ea:
3227 1333 3294 1386 iis
3313 1348 3430 1402 qua?

172 1420 228 1481 επ
257 1428 490 1481 medium
515 1431 794 1498 alferemus
823 1440 930 1482 tum
961 1430 1125 1496 ipsius
1155 1428 1493 1496 Apollinarii,
1523 1438 1633 1480 tum
1658 1427 2038 1496 discipulorum
2066 1431 2202 1501 ejus,
2239 1441 2346 1488 etc.
2381 1433 2445 1487 Et
2477 1449 2606 1489 vero
2635 1429 2727 1504 qui
2774 1428 2830 1480 in
2866 1426 3066 1495 spuriis
3097 1440 3288 1494 agmen
3319 1424 3431 1494 ³8η

173 1516 394 1574 libellus
417 1519 492 1573 De
517 1519 905 1583 lncarnatione,
935 1521 989 1573 in
1016 1519 1383 1588 suspicionem
1401 1519 1575 1582 venit,
1601 1519 1748 1588 quod
1775 1534 1840 1574 ex
1866 1519 2078 1576 olﬁcina
2115 1522 2573 1594 Eutychianorum
2604 1525 2886 1579 Athanasii
2909 1525 3127 1577 nomine
3141 1523 3426 1591 prodierit.

246 1609 574 1682 Quanquam
607 1627 773 1682 porro
817 1611 1025 1667 crebris
1075 1609 1542 1663 admonitionibus
1590 1608 1646 1662 in
1697 1609 1925 1676 hujusce
1967 1611 2097 1663 tomi
2132 1612 2366 1666 decursu
2399 1613 2528 1682 quid
2563 1613 2629 1667 de
2657 1614 2901 1680 quolibet
2948 1614 3214 1682 opusculo
3264 1612 3429 1668 ferret

179 1708 402 1761 animus
443 1695 1013 1770 commemoravimus,
1034 1705 1162 1772 quia
1210 1703 1534 1772 plerumque
1579 1717 1710 1772 carp

1895 1704 2128 1771 :tigimus
2179 1705 2423 1774 singula;
2480 1706 2592 1774 jam
2651 1705 2794 1774 quod
2845 1705 3125 1776 δευτέραις
3181 1703 3426 1776 φροντίσι

179 1799 528 1868 exploratum
563 1796 665 1850 fuit
695 1796 1034 1852 adnotcmus.
1076 1795 1148 1850 De
1179 1794 1362 1849 libello
1392 1794 1443 1846 in
1475 1792 1652 1847 fronte
1677 1808 1906 1862 operum
1943 1795 2149 1862 posito,
2182 1797 2269 1849 cui
2306 1797 2505 1849 titulus
2533 1836 2547 1860 ,
2592 1796 2669 1850 De
2695 1795 3092 1860 Incarnatione,
3122 1798 3177 1851 in
3221 1795 3428 1850 Monito

175 1891 380 1945 ibidem
415 1891 661 1960 pluribus
689 1901 892 1945 actum.
928 1887 1255 1942 Testimonia
1282 1900 1412 1939 vero
1456 1883 1753 1952 Scriptura:
1799 1900 1969 1938 sacra:
2015 1886 2158 1955 quod
2193 1897 2434 1956 spectat,
2478 1887 2587 1940 vidi
2621 1888 2868 1942 eruditos
2901 1895 2954 1943 et
2983 1896 3249 1944 emunctae
3276 1888 3428 1941 naris

176 1981 433 2035 homines
465 1983 557 2050 qui
591 1981 890 2035 Athanasio
921 1994 1082 2048 posse
1107 1977 1308 2033 ascribi
1331 1975 1688 2030 aastimarent.
1732 1972 1798 2026 Et
1840 1990 1970 2029 sane
1993 1975 2173 2045 aliqua
2199 1983 2280 2030 est
2307 1978 2543 2046 hujusce
2585 1977 2708 2031 libri
2757 1977 2988 2035 allinitas
3019 1995 3143 2034 cum
3195 1979 3426 2049 epistola

174 2079 356 2146 prima
392 2077 459 2129 ad
492 2077 845 2146 Serapionem
872 2085 924 2129 et
956 2090 1079 2128 cum
1121 2074 1262 2127 libro
1291 2072 1366 2125 De
1402 2070 1794 2133 Incarnatione,
1830 2074 1882 2140 p.
1921 2070 2025 2125 695
2055 2073 2184 2125 tomi
2208 2073 2368 2141 primi
2407 2074 2504 2144 (a).
2533 2072 2610 2128 lbi
2635 2073 2803 2137 enim,
2838 2075 2980 2130 utin
3009 2075 3113 2130 hoc
3137 2075 3425 2145 opusculo,

175 2167 316 2220 locis
347 2183 416 2220 ex
447 2165 624 2221 Veteri
653 2182 717 2220 ac
744 2165 892 2219 Novo
923 2163 1276 2218 Testamento
1331 2155 1595 2214 mutuatis
1643 2159 1888 2214 Trinitas
1939 2167 1993 2214 et
2023 2160 2188 2213 trium
2219 2177 2575 2230 personarum
2606 2166 2892 2235 aequalitas
2939 2176 3424 2224 commoustratur.

176 2252 380 2308 Verum
411 2256 622 2308 inﬁrma
652 2257 793 2309 ratio
818 2273 832 2308 :
880 2256 987 2308 tale
1020 2256 1219 2324 quippe
1248 2250 1524 2307 scribendi
1551 2265 1722 2320 genus
1755 2259 1860 2317 est,
1892 2257 1950 2304 ut
1981 2251 2229 2320 quisquis
2259 2267 2373 2306 rem
2401 2253 2768 2324 aggrediatur,
2793 2273 2917 2312 cum
2947 2261 3055 2314 alio
3085 2237 3429 2330 simile‘opus

174 2347 357 2414 agenti
391 2348 533 2416 stylo
552 2348 871 2400 conveniat.
923 2346 1176 2416 Alioquin
1209 2358 1340 2398 vero
1369 2357 1479 2396 non
1514 2349 1598 2396 sat
1645 2340 1751 2396 sibi
1789 2349 2008 2396 constat
2039 2342 2272 2411 scriptor
2313 2343 2452 2410 iste;
2490 2345 2584 2398 sed
2624 2361 2913 2423 postquam
2969 2356 3035 2410 de
3065 2355 3328 2411 Triniiaie
3361 2357 3430 2411 ad

172 2453 352 2506 usque
382 2439 678 2492 articulum
713 2436 781 2492 '56
809 2438 975 2492 verba
1002 2437 1158 2504 fecit,
1184 2436 1332 2490 illico
1363 2450 1477 2489 rem
1505 2434 1844 2503 disparatam
1885 2434 2220 2502 ingreditur;
2251 2433 2468 2490 Iudaeos
2497 2439 2728 2508 scilicet,
2772 2446 2911 2503 ﬁlios
2940 2449 3310 2513 tenebrarum,
3335 2465 3431 2504 ex-

169 2536 663 2604 agitat.Articudus
687 2549 867 2592 autem
893 2537 960 2592 49
985 2538 1052 2592 de
1077 2535 1417 2606 blasphemia
1446 2535 1503 2588 in
1535 2533 1840 2598 Christum,
1871 2534 2157 2589 Athanasii
2180 2551 2303 2590 esse
2323 2537 2512 2606 nequit
2547 2557 2559 2591 :
2593 2555 2720 2593 nam
2745 2541 2942 2594 acerbe
2975 2541 3111 2602 satis
3145 2541 3271 2595 istic
3305 2555 3432 2596 car-

170 2629 325 2696 pitur
359 2628 626 2701 Origenes
656 2649 669 2684 :
703 2631 796 2700 qui
833 2645 862 2684 a
893 2639 1087 2686 sancto
1123 2630 1356 2700 praesule
1399 2644 1615 2700 semper
1639 2643 1763 2683 cum
1817 2627 2026 2683 honore
2079 2628 2334 2684 laudatus
2365 2645 2430 2686 ac
2456 2630 2767 2689 vindicatus
2799 2633 2920 2690 fuit.
2951 2633 2997 2687 A
3021 2635 3329 2704 quaestione
3359 2635 3430 2690 50

167 2723 237 2776 ad
271 2722 440 2777 ﬁnem
473 2740 646 2793 usque
686 2724 889 2780 diversi
927 2741 1016 2781 res
1046 2725 1352 2796 argumenti
1381 2731 1620 2796 aguntur
1646 2743 1658 2778 :
1686 2723 1831 2779 unde
1867 2722 2008 2778 forte
2038 2724 2283 2794 suspicio
2314 2733 2575 2780 nascatur
2605 2736 2775 2782 totum
2804 2740 2942 2794 opus
2964 2740 3088 2780 esse
3116 2733 3424 2780 centonem.

239 2815 492 2884 Epistola
548 2817 820 2874 Catholica
867 2821 962 2891 (b).
1011 2819 1257 2874 Diximus
1290 2817 1563 2886 ambigere
1618 2830 1717 2870 nos
1775 2830 1843 2869 an
1879 2816 2165 2885 Athanasii
2201 2818 2293 2880 sit,
2337 2832 2528 2883 necne,
2561 2817 2632 2873 ob
2660 2817 2925 2888 quasdam
2959 2815 3200 2885 adjectas
3225 2816 3304 2870 ibi
3336 2832 3430 2871 su-

167 2910 425 2979 spicandi
455 2926 653 2966 causas
677 2929 692 2963 :
717 2923 770 2968 et
790 2915 931 2968 inter
960 2914 1116 2975 alias,
1139 2912 1263 2981 quia
1284 2911 1339 2963 in
1357 2910 1516 2964 titulo
1536 2923 1671 2963 voce
1703 2908 2087 2962 σονεπίσκοποι
2115 2910 2286 2963 utitur
2315 2910 2564 2980 quisquis
2593 2910 2711 2980 ejus
2743 2898 2931 2964 auctor
2960 2917 3066 2974 est,
3085 2924 3209 2964 cum
3240 2916 3431 2962 contra

165 3006 344 3061 soleat
374 3005 713 3060 Athanasius
753 3007 1037 3075 episcopos
1060 3003 1512 3075 ,συλλειτουργούς
1540 3016 1696 3056 vocat

1904 3003 1950 3056 si
1979 3003 2198 3072 quando
2241 3020 2344 3058 vox
2377 3004 2760 3059 συνεπίσκοποι
2782 3011 2930 3058 tomo
2961 3004 3138 3074 primo
3163 3002 3425 3065 occurrit,

167 3113 282 3152 non
316 3100 374 3154 in
403 3099 795 3155 Athanasianis
825 3099 1006 3169 vulgo,
1033 3097 1127 3152 sed
1162 3098 1218 3150 in
1250 3097 1496 3166 epistolis
1519 3095 1730 3159 alienis,
1763 3095 1832 3148 ab
1861 3111 1926 3148 eo
1955 3095 2011 3148 in
2042 3096 2280 3150 medium
2307 3097 2556 3153 adductis
2595 3098 2884 3167 reperitur.
2913 3095 3112 3151 Vocem
3138 3096 3263 3150 item
3291 3094 3430 3165 σύμ-

164 3191 347 3256 63209,
381 3207 506 3261 quae
548 3191 747 3244 ibidem
788 3196 1085 3259 comparet,
1138 3189 1376 3242 diximus
1427 3201 1537 3240 non
1585 3203 1686 3242 usu
1719 3187 1906 3241 venire
1932 3187 1985 3241 in
2016 3188 2288 3258 germanis
2319 3189 2626 3246 Athanasii.
2656 3187 2858 3242 Verum
2905 3187 3205 3243 secundum
3264 3187 3426 3242 istam

163 3283 375 3337 editam
409 3281 836 3334 admonitionem
866 3280 1089 3333 allatum
1115 3279 1276 3334 nobis
1310 3276 1481 3330 Roma
1512 3277 1818 3346 symbolum
1855 3276 1976 3340 fuit,
2025 3279 2122 3341 ita,
2165 3293 2358 3348 nempe
2389 3279 2655 3350 σύμϐολον
2707 3287 3103 3350 nuncupatum,
3143 3279 3188 3334 si
3246 3287 3431 3334 tamen

163 3373 490 3442 hujusmodi
524 3388 719 3427 nomen
749 3387 858 3426 non
885 3371 1300 3426 amanuensium
1337 3369 1518 3424 fuerit.
1544 3367 1812 3424 Nimirum
1844 3371 2171 3439 conjecturae
2201 3379 2328 3427 sunt
2356 3381 2546 3443 suapte
2576 3383 2766 3442 sponte
2795 3373 2962 3438 leves,
2991 3387 3110 3442 quae
3139 3371 3428 3441 sejunctim

163 3470 365 3537 posita:
397 3483 510 3522 non
544 3483 658 3522 rem
690 3468 1016 3533 conﬁciant;
1051 3475 1105 3520 at
1135 3482 1258 3521 cum
1289 3466 1474 3520 multa;
1509 3481 1615 3518 una
1643 3474 1862 3532 coeunt,
1914 3467 2219 3536 argumenti
2260 3468 2381 3522 loco
2405 3483 2525 3523 esse
2554 3468 2785 3536 possint.
2831 3466 2974 3522 Sane
3003 3467 3172 3521 multa
3205 3465 3311 3520 alia
3338 3464 3430 3519 hic

164 3560 525 3628 peregrinum
555 3559 703 3614 olent
737 3578 749 3613 :
787 3559 1061 3628 ipsissima
1088 3559 1297 3612 scilicet
1333 3573 1456 3621 vox,
1487 3554 1789 3622 Catholica,
1826 3573 1949 3628 quae
1981 3559 2151 3611 miror
2188 3558 2234 3613 si
2277 3559 2364 3612 vel
2388 3559 2455 3613 ab
2489 3559 2811 3622 Athanasio,
2858 3557 2946 3612 vel
3004 3556 3073 3611 ab
3126 3555 3428 3626 aequalibus

165 3650 388 3720 uspiam
431 3651 486 3703 in
521 3651 875 3720 epistolarum
910 3651 1363 3720 inscriptionibus
1395 3657 1714 3719 usurpatur,
1750 3652 1856 3706 nisi
1885 3666 2011 3705 cum
2044 3652 2110 3705 de
2146 3660 2351 3722 septem
2383 3653 2630 3722 epistolis
2665 3651 3032 3721 apostolorum
3073 3664 3194 3719 quas
3225 3647 3430 3702 Catho-

163 3745 287 3798 licae
338 3754 630 3809 vocantur,
681 3752 764 3798 est
814 3759 1012 3799 sermo.
1051 3742 1187 3797 Illud
1226 3745 1352 3797 item
1404 3741 1582 3794 Οεϊκὸν
1639 3742 1854 3813 πνεῦμα
1909 3757 2017 3797 non
2069 3751 2174 3807 est,
2227 3746 2282 3798 ni
2318 3742 2497 3805 fallor,
2529 3743 2830 3798 Athanasio
2858 3742 2916 3795 in
2965 3756 3093 3803 usu,
3135 3739 3228 3809 qui
3269 3739 3430 3810 vulg")

163 3846 262 3895 aut
301 3838 448 3890 θεῖον
483 3844 572 3890 aut
605 3837 756 3905 ἅγιον
780 3836 1004 3907 Πνεῦμα
1031 3835 1181 3890 dicit.
1219 3836 1300 3889 Ad
1341 3835 1472 3896 lucc,
1509 3835 1728 3890 brevior
1754 3844 1839 3891 est
1877 3837 2106 3905 epistola
2139 3853 2301 3907 quam
2333 3853 2433 3907 pro
2466 3837 2544 3891 rei
2574 3838 2860 3907 dignitate,
2901 3849 3003 3888 nec
3044 3834 3180 3888 solet
3226 3833 3316 3886 ille
3341 3847 3430 3886 res

164 3924 308 3987 "anti
335 3931 617 4002 ponderis,
649 3933 724 3986 ita
753 3933 985 4001 carptim
1025 3947 1203 4002 agerc.
1239 3929 1298 3985 In
1327 3929 1710 3999 Refutationem
1749 3932 2039 4003 hypocrisis
2068 3932 2292 3998 Meletii,
2326 3945 2378 3989 et
2408 3934 2463 3987 in
2496 3934 2894 4004 subsequentes
2926 3932 3095 3986 libros
3134 3930 3211 3983 De
3242 3929 3431 3984 Incur-

166 4026 414 4088 natione,
441 4034 632 4078 contra
666 4023 1024 4091 Sabellianos,
1063 4031 1227 4092 atque
1259 4023 1316 4076 in
1351 4022 1505 4076 illum
1545 4023 1714 4076 alium
1743 4025 1834 4078 cui
1873 4024 2066 4080 titulus
2102 4042 2114 4076 :
2157 4023 2328 4079 Unum
2366 4042 2478 4080 esse
2508 4024 2774 4080 Christum
2814 4041 2934 4096 quae
2966 4024 3165 4080 ibidem
3198 4037 3431 4097 praemo-

167 4119 399 4172 nuimus
430 4119 564 4173 satis
588 4125 771 4172 sunto.
802 4139 806 4142 ·

244 4209 435 4265 Sermo
469 4209 533 4262 de
563 4208 814 4264 Sabbatis
843 4217 892 4261 et
925 4207 1321 4260 circumcisione
1373 4207 1614 4262 minores
1678 4206 1816 4262 forte
1863 4223 2026 4278 quam
2080 4219 2272 4265 caatera
2303 4209 2520 4280 praefert
2558 4208 2886 4280 suspicionis
2927 4217 3109 4273 notas,
3151 4214 3204 4262 et
3234 4218 3431 4277 praeter

168 4307 298 4378 styli
331 4305 780 4374 discrepantiam,
814 4303 1145 4358 remissioris
1183 4302 1454 4370 videlicet,
1488 4319 1652 4375 quam
1695 4304 1766 4358 sit
1807 4303 2236 4370 Athanasianus,
2272 4305 2362 4360 vix
2389 4305 2534 4359 aliud
2556 4303 2903 4374 deprehendo
2931 4303 3077 4374 quod
3109 4303 3164 4357 in
3193 4301 3430 4374 ἀπορίαν

169 4403 454 4470 conjiciat.
509 4397 678 4455 Secus
721 4404 900 4453 autem
949 4399 1167 4454 homilia
1197 4400 1275 4454 De
1296 4411 1543 4466 semente,
1591 4409 1783 4456 contra
1819 4415 1985 4470 quam
2021 4401 2078 4455 in
2117 4401 2232 4456 dies
2263 4408 2521 4456 crescunt
2558 4399 2901 4470 suspiciones
2935 4417 2947 4452 :
2981 4398 3036 4451 in
3063 4398 3264 4452 multas
3297 4412 3431 4452 sane

168 4498 299 4553 istic
325 4509 491 4550 voces
522 4493 848 4548 cﬂendimus
862 4495 1165 4552 Athanasio
1193 4497 1417 4552 minime
1448 4496 1699 4551 familiare

1900 4497 1946 4550 bi
1982 4511 2148 4550 causa
2174 4497 2574 4567 κατασπορεὺς,
2609 4493 3005 4566 ὲμϐαθύνομαι,
3041 4493 3242 4564 σπόρος
3273 4492 3431 4546 εὐθυ-

167 4594 356 4661 τενὴς,
387 4599 443 4646 et
469 4591 670 4644 similia
705 4606 815 4644 non
852 4606 1044 4660 pauca.
1073 4592 1304 4647 Aberrat
1334 4609 1552 4664 quoque
1576 4593 1808 4648 subinde
1839 4608 1869 4646 a
1910 4608 2077 4663 scopo
2107 4594 2343 4663 scriptor
2368 4593 2492 4660 iste,
2519 4601 2574 4647 et
2615 4608 2735 4647 sese
2769 4592 2952 4646 subito
2991 4591 3300 4662 intercipit;
3346 4591 3432 4643 di-

165 4687 455 4754 missaque
488 4699 547 4738 re
574 4699 734 4753 quam
771 4693 986 4751 tractat,
1020 4687 1354 4757 disparatam
1381 4689 1703 4759 ingreditur,
1735 4705 1765 4742 a
1789 4705 1894 4758 qua
1921 4690 2148 4758 perinde
2176 4689 2426 4753 discedit,
2457 4704 2520 4743 ac
2547 4689 2593 4743 si
2623 4688 2728 4742 huc
2760 4688 2888 4742 illuc
2918 4686 3186 4756 impulsus
3215 4687 3433 4742 oberra-

173 4786 276 4832 ret.
305 4776 361 4830 ln
392 4793 512 4831 eam
532 4793 661 4832 vero
682 4793 804 4848 quae
827 4779 965 4834 hanc
993 4782 1193 4852 excipit
1224 4783 1526 4848 homiliam,
1559 4801 1678 4854 quae
1700 4784 2089 4854 praemisimus,
2118 4786 2220 4839 etsi
2256 4785 2611 4854 paucissima,
2643 4784 2777 4838 satis
2812 4790 2995 4838 sunto.
3029 4779 3318 4835 Homiliam
3354 4780 3432 4834 De

170 4872 423 4939 passione
461 4878 510 4923 et
551 4887 700 4923 cruce
736 4870 1050 4942 Dominus)
1110 4875 1213 4928 etsi
1262 4875 1685 4943 abjudicandam
1727 4876 2032 4932 Athanasio
2064 4877 2417 4938 arbitramur,
2468 4877 2522 4929 in
2553 4875 2833 4929 codicibus
2862 4882 3042 4927 tamen
3089 4872 3430 4942 perantiquis

170 4963 295 5030 ejus
333 4962 634 5032 fragmenta
661 4963 944 5018 Athanasii
969 4965 1188 5019 nomine
1223 4965 1528 5020 afferuntur
1557 4984 1567 5016 :
1596 4967 1740 5021 unde
1772 4967 2055 5036 propalam
2095 4966 2154 5019 lit
2193 4982 2222 5019 a
2254 4966 2440 5020 multis
2479 4974 2624 5019 retro
2657 4965 2870 5018 saeculis
2905 4962 3189 5016 Athanasii
3231 4975 3429 5014 nomen

173 5054 456 5124 praeferre.

245 5152 532 5208 Sermonis
587 5152 664 5206 De
690 5155 986 5224 virginitate
1018 5159 1193 5212 oratio
1238 5164 1351 5212 tota
1389 5157 1582 5222 eilluit,
1607 5159 1810 5222 nervis,
1846 5157 2054 5213 salibus
2101 5167 2153 5212 et
2193 5157 2272 5228 τῷ
2315 5158 2514 5228 εὐτὸνῳ
2544 5155 2841 5220 destituta;
2871 5153 3083 5221 hocque
3119 5151 3275 5220 signo
3305 5165 3430 5204 sese

174 5245 418 5316 proﬁteri
455 5245 670 5300 videtur
703 5248 811 5302 alio
843 5265 1006 5318 quam
1051 5251 1352 5305 Athanasio
1397 5263 1549 5321 patre
1579 5260 1790 5305 natum.
1829 5250 2098 5306 Praeterea
2132 5260 2465 5304 memoratur
2502 5252 2606 5313 hic,
2648 5249 2880 5316 hymnus
2912 5243 3097 5297 Gloria
3125 5243 3182 5295 in
3209 5243 3428 5295 excelsis

175 5331 303 5402 Deo,
339 5345 540 5390 cantus
568 5336 818 5405 Alleluia,
855 5341 1161 5396 versiculus
1190 5339 1376 5395 Gloria
1408 5341 1565 5394 Patri
1597 5349 1647 5394 et
1682 5339 1829 5394 Filio
1878 5348 1928 5394 et
1958 5339 2186 5408 Spiritui
2216 5347 2418 5402 sancto,
2459 5355 2581 5392 cum
2613 5336 2911 5406 appendice
2953 5333 3023 5387 Et
3055 5350 3192 5387 nunc
3212 5342 3263 5387 et
3291 5349 3425 5387 sem-

175 5441 281 5493 per,
308 5436 444 5492 etc.;
475 5443 709 5496 quorum
744 5429 984 5483 omnium
1021 5447 1156 5487 usus
1198 5448 1266 5486 an
1314 5447 1430 5488 aevo
1482 5432 1765 5486 Athanasii
1811 5431 1866 5485 in
1909 5430 2279 5484 Alexandrina
2321 5429 2564 5485 Ecclesia
2604 5429 2896 5490 obtineret,
2932 5426 3089 5481 valde
3133 5427 3425 5480 incertum.

177 5521 370 5593 Hymni
400 5539 638 5593 namque
695 5523 878 5577 Gloria
918 5527 973 5580 in
1022 5528 1264 5591 excelsis,
1312 5529 1404 5598 qui
1441 5535 1589 5582 totus
1639 5541 1777 5596 pene
1822 5525 2019 5595 legitur
2052 5525 2193 5579 libro
2241 5529 2473 5595 septimo
2503 5523 2950 5578 Constitutionum
2989 5523 3425 5592 apostolicarum,

180 5621 344 5686 nulla,
398 5622 574 5675 ausim
624 5620 826 5689 dicere,
859 5623 1062 5677 mentio
1107 5622 1363 5681 Patribus
1396 5625 1481 5680 vel
1528 5623 1932 5694 antiquioribus
1969 5621 2272 5676 Athanasio
2321 5623 2403 5676 vel
2450 5621 2771 5692 aequalibus.
2837 5619 3046 5676 Cantus
3081 5619 3336 5684 Alleluia,
3369 5623 3425 5675 ut

236 5776 304 5839 (a)
331 5776 524 5828 Nostra!
544 5780 856 5830 recensionis
873 5779 1094 5829 secundi.
1121 5778 1256 5828 Εοιτ.

244 5860 317 5932 (θ)
353 5860 485 5932 Pag.
523 5861 612 5916 ea.
1940 5859 2010 5931 (ε)
2042 5860 2187 5935 Ρηεη
2210 5858 2295 5914 35.
