3878 6196
472 338 536 393 i5
1886 334 2279 392 PBAEFATIO.
3651 343 3719 399 16

467 459 631 519 tradit
679 456 975 529 Gregorius
1030 469 1169 526 papa
1212 453 1249 507 l.
1302 468 1365 518 ιι,
1396 453 1558 523 epist.
1594 451 1686 517 65,
1731 466 1856 506 cum
1886 453 2180 522 peculiaris
2227 461 2353 507 ante
2387 452 2584 509 fuisset
2628 453 2884 511 Ecclesiae
2928 454 3417 528 Jerosolymitanae,
3473 462 3719 528 tempore

466 550 683 607 Damasi
719 548 1017 603 translatus
1063 547 1289 601 Romam
1335 553 1460 601 est:
1506 550 1951 613 memoraturque
2001 544 2071 599 ab
2103 545 2414 610 Ambrosio,
2450 544 2779 617 Augustino,
2825 547 3143 617 multisque,
3195 561 3320 602 cum
3357 549 3716 619 supparibus;

466 658 580 703 tum
614 655 772 702 aetate
789 644 1117 699 minoribus.
1148 640 1356 696 Versus
1382 644 1618 701 demum,
1645 636 1831 693 Gloria
1857 637 2008 691 Patri
2030 650 2080 693 et
2114 638 2254 694 Filio
2284 649 2335 693 et
2363 637 2587 708 Spiritui
2615 650 2823 705 sancto,
2848 656 2951 695 usu
2985 639 3237 694 veniebat
3264 648 3462 711 quarto
3489 644 3715 709 saeculo,

464 738 669 795 Basilio
718 743 961 800 auctore,
995 734 1090 806 qui
1135 734 1381 791 diversos
1415 733 1535 803 ejus
1580 732 1892 803 proferendi
1947 733 2198 789 modulos
2246 741 2575 790 enumerat:
2638 735 2877 790 obtinuit
2927 736 3057 812 item
3103 734 3424 802 Antiochiae,
3471 744 3721 808 tempore

465 834 676 890 Leontii
706 831 948 904 episcopi
987 829 1198 893 Ariani,
1244 829 1548 883 Athanasio
1570 827 1895 889 adversarii,
1929 828 2022 898 qui
2056 844 2182 884 eum
2213 831 2282 884 ad
2315 830 2646 885 Arianorum
2699 847 2860 887 usum
2893 839 3056 902 atque
3088 832 3376 886 arbitrium
3422 832 3568 888 haud
3599 848 3721 888 mo-

464 932 585 988 dice
610 930 838 985 vitiavit.
887 925 1219 997 Appendicis
1267 931 1471 991 autem,
1509 921 1579 976 Et
1607 938 1745 976 nunc
1786 930 1835 975 et
1865 937 2066 991 semper
2092 934 2142 976 et
2184 923 2237 976 in
2270 923 2470 977 saecula
2517 923 2851 979 stet‘ulorum.
2900 928 3084 990 Amen,
3126 928 3295 982 altum
3336 929 3459 986 istis
3500 931 3720 987 saeculis

467 1023 765 1082 silentium.
816 1018 942 1074 Haec
987 1015 1169 1083 omnia
1210 1028 1542 1069 memorasse
1590 1013 1951 1067 Athanasium
1990 1012 2083 1066 vix
2125 1013 2475 1079 crediderim,
2507 1023 2673 1085 atque
2715 1015 2844 1070 hinc
2886 1028 3116 1089 augetur
3157 1027 3243 1074 sat
3286 1019 3440 1075 ﬁrma
3497 1023 3719 1080 aliunde

468 1121 696 1187 νοθείας,
725 1133 847 1190 quat
874 1118 930 1171 in
981 1114 1086 1168 hoc
1118 1111 1444 1182 opusculum
1479 1108 1646 1172 cadit,
1695 1108 1940 1179 suspicio
2009 1107 2279 1163 Caeterum
2320 1110 2537 1166 tametsi
2587 1110 2729 1165 lectu
2772 1110 2998 1181 dignum
3042 1126 3201 1182 opus,
3233 1121 3289 1168 et
3332 1114 3719 1184 pulcherrimis

464 1213 923 1287 praeceptionibus
951 1211 1282 1266 instructum
1310 1213 1414 1270 est,
1447 1220 1557 1260 non
1586 1203 1786 1259 desunt
1811 1204 1905 1273 qui
1941 1206 2273 1274 vituperent,
2306 1212 2362 1260 et
2397 1206 2723 1261 temeritatis
2754 1206 2977 1261 nomine
3018 1207 3312 1262 traducant
3344 1209 3550 1263 dictum
3580 1209 3718 1264 illud

463 1307 652 1376 hujus,
685 1302 937 1375 quisquis
960 1298 1177 1354 tandem
1208 1298 1300 1362 sit,
1326 1295 1568 1350 auctoris
1598 1311 1612 1347 :
1643 1291 1985 1364 Μαρτύρομα

2185 1293 2514 1366 ὶὰνθρώπῳ,
2546 1296 2797 1350 ἀκούοντι
2817 1295 2883 1349 τὰ
2903 1298 3120 1369 ῥήματα
3143 1300 3314 1355 ταῦτα
3332 1303 3424 1355 καὶ
3453 1299 3716 1365 ποιοῦντι,

463 1403 545 1456 ὅτι
573 1400 634 1453 τὸ
660 1398 832 1466 ὄνομα
864 1389 1027 1447 αὑτοῦ
1054 1391 1395 1462 γραφήσεται
1424 1386 1482 1439 ὲν
1504 1388 1571 1457 τῇ
1599 1383 1766 1455 βίϐλῳ
1794 1383 2074 1456 τῆςζωῆς
2098 1402 2114 1418 ο
2149 1386 2244 1440 καὶ
2273 1388 2330 1440 ὲν
2362 1385 2439 1457 τῷ
2467 1388 2634 1459 τρίτῳ
2660 1387 2900 1458 τάγματι
2931 1389 3038 1443 τῶν
3063 1392 3307 1462 ἀγγέλων
3338 1392 3717 1466 εὑρεθήσεται.

464 1495 522 1549 Id
556 1500 640 1549 est
668 1512 683 1544 :
738 1489 779 1544 Τ
780 1486 1013 1553 estiﬁcor
1047 1483 1188 1539 omni
1227 1480 1426 1534 homini
1455 1481 1544 1550 qui
1584 1477 1815 1533 audierit
1850 1478 1962 1533 Itan:
2007 1479 2185 1545 verba,
2218 1487 2267 1533 et
2300 1478 2479 1547 fecerit
2520 1496 2607 1545 ea,
2638 1480 2776 1550 quod
2823 1498 3009 1537 nomen
3060 1485 3173 1554 ejus
3203 1487 3534 1545 scribendum
3562 1493 3633 1546 sit
3656 1493 3719 1547 in

465 1588 599 1643 libro
630 1586 768 1649 vitta,
816 1593 865 1636 et
910 1578 1048 1652 quod
1094 1578 1205 1647 ipse
1233 1575 1288 1628 in
1336 1574 1488 1627 tertio
1517 1574 1824 1644 angelorum
1879 1572 2063 1627 ordine
2105 1574 2177 1627 sit
2225 1572 2590 1628 collocandus.
2633 1572 2741 1629 Sed
2791 1590 2898 1630 non
2932 1577 3170 1634 arbitror
3201 1579 3306 1636 hoc
3350 1583 3571 1639 nomine
3600 1592 3718 1640 tam

464 1699 657 1756 aspere
680 1676 1060 1750 excipiendum
1103 1686 1227 1730 esse
1268 1669 1595 1741 scriptorem
1645 1671 1833 1726 istum.
1868 1669 2052 1725 Noluit
2080 1668 2227 1724 enim
2268 1670 2324 1724 in
2358 1668 2666 1725 mercedem
2711 1671 3030 1740 proborum,
3062 1670 3118 1724 ni
3154 1668 3334 1738 fallor,
3364 1674 3585 1729 tertium
3614 1690 3721 1731 an-

464 1778 706 1850 gelorum
745 1770 993 1827 ordinem
1034 1768 1110 1822 ita
1142 1766 1377 1821 strictim
1419 1765 1723 1836 assignare.
1757 1765 1863 1821 Sed
1892 1766 2020 1836 quia
2059 1766 2232 1836 angeli
2260 1766 2421 1836 vulgo
2446 1766 2693 1821 homines
2716 1768 3041 1822 antecellere
3066 1774 3346 1838 putantur,
3379 1785 3505 1825 cum
3530 1771 3721 1843 aliquo

463 1873 723 1928 inferiore
771 1865 1090 1937 angelorum
1141 1862 1354 1927 ordine,
1381 1860 1477 1931 qui
1529 1876 1648 1917 sese
1695 1860 1846 1931 prior
1877 1860 2047 1914 menti
2081 1860 2300 1925 obtulit,
2351 1859 2551 1930 probos
2595 1876 2662 1915 ex
2708 1861 2812 1916 hac
2849 1863 2959 1917 vita
3005 1863 3305 1933 migrantes
3359 1864 3720 1923 collocandos

462 1971 620 2025 dixit.
659 1967 855 2024 Levem
885 1965 1046 2018 aliam
1076 1959 1206 2014 huic
1250 1957 1427 2011 dicam
1459 1956 1710 2027 impingit
1745 1971 1988 2027 nuperus
2032 1956 2270 2026 scriptor
2298 1963 2518 2011 nostras
2560 1957 2663 2021 vir,
2698 1957 2898 2027 alioqui
2925 1958 3138 2022 doctus,
3170 1959 3262 2029 qui
3296 1975 3399 2016 nec
3439 1962 3556 2018 sine
3579 1980 3719 2019 con-

460 2062 606 2118 vicio
636 2060 751 2114 ὶιωο
775 2058 899 2128 ejus
929 2054 1114 2118 verba,
1159 2052 1459 2124 xopsurpla
1499 2050 1759 2122 Χριστοῦ,
1798 2051 1878 2107 sic
1906 2051 2114 2107 Gallice
2156 2052 2569 2117 interpretatur,
2603 2052 2657 2106 la
2684 2053 2942 2107 danseuse
2968 2054 3031 2108 de
3079 2055 3465 2112 Jews-Christ.
3501 2058 3582 2112 An
3621 2060 3718 2115 hic

462 2154 531 2210 de
554 2151 792 2222 tripudio
840 2147 1048 2221 agitur?
1076 2152 1130 2199 et
1173 2143 1306 2213 quid
1353 2149 1463 2195 tam
1521 2140 1791 2211 frequenti
1829 2157 1931 2197 usu
1963 2143 2296 2197 celebratum
2330 2146 2385 2197 in
2442 2142 2710 2207 Ecclesia,
2742 2160 2908 2214 quam
2953 2146 3169 2201 chorea:
3197 2149 3470 2218 virginum
3499 2149 3713 2205 Christi

462 2242 835 2318 sponsarum?
867 2239 1064 2295 Eadem
1117 2254 1224 2294 vox
1258 2238 1315 2293 in
1382 2236 1500 2291 Vita
1548 2235 1859 2307 Syncleticaa
1897 2245 2216 2307 usurpatur,
2257 2236 2400 2292 unde
2443 2238 2619 2308 palam
2659 2245 2744 2294 est
2797 2237 3003 2295 frustra
3034 2254 3157 2296 esse
3185 2242 3280 2310 qui
3319 2242 3524 2299 dictum
3573 2246 3714 2301 illud

460 2341 841 2399 inclementius
863 2335 1158 2407 exagitent.

532 2433 783 2506 Synopsis
814 2429 1103 2499 Scriptum
1126 2445 1293 2484 same
1320 2428 1396 2501 (a)
1424 2428 1706 2484 laudatum
1734 2444 1873 2500 opus
1908 2434 1962 2484 et
1990 2427 2206 2499 quidem
2247 2442 2277 2481 a
2322 2425 2559 2483 laudatis
2588 2427 2745 2495 viris,
2776 2444 2887 2485 non
2906 2445 2972 2486 eo
3011 2431 3153 2488 inter
3177 2433 3341 2489 dubia
3359 2435 3712 2506 conjicimus,

459 2547 570 2605 quo
597 2531 923 2586 arbitremur
950 2510 1249 2581 Athanasio
1277 2525 1561 2596 indignum
1602 2540 1745 2580 esse.
1782 2523 1984 2595 Ecquis
2017 2525 2164 2579 enim
2202 2523 2292 2577 ille
2326 2530 2438 2576 tam
2479 2524 2688 2593 peritus
2720 2525 2981 2596 scriptor,
3011 2544 3173 2598 quem
3207 2533 3468 2600 pmniteat
3498 2540 3713 2588 tantum

460 2626 660 2681 librum
695 2619 1035 2677 confecisse?
1064 2618 1202 2672 Eum
1235 2632 1370 2673 sane
1414 2617 1507 2688 qui
1539 2625 1793 2672 accurate
1822 2623 2025 2681 teneat,
2059 2615 2365 2670 litterarum
2406 2614 2717 2671 divinarum
2760 2618 2921 2687 plane
2947 2618 3087 2675 belle
3129 2623 3379 2680 eruditus
3408 2624 3715 2694 habeatur;

458 2724 536 2781 ita
563 2721 799 2778 dilucide
832 2726 887 2775 et
917 2719 1075 2773 docte
1106 2723 1500 2771 commemorat
1523 2714 1654 2784 quid
1698 2715 1765 2768 de
1810 2713 2198 2770 distributione
2227 2713 2493 2769 librorum
2530 2710 2830 2784 Scriptura:
2857 2730 3051 2781 sacrae,
3089 2719 3220 2789 quid
3255 2720 3323 2774 de
3355 2724 3716 2790 auctoritate,

458 2820 538 2876 de
568 2829 833 2888 tempore,
861 2815 928 2870 de
957 2821 1178 2869 auctore
1200 2809 1471 2879 cujusque
1509 2809 1635 2864 libri
1671 2806 2006 2879 putandum;
2038 2806 2112 2861 ita
2138 2815 2393 2863 accurate
2413 2815 2468 2862 et
2497 2808 2768 2878 sagaciter
2792 2806 2936 2875 quod
2963 2808 3100 2879 ipse,
3134 2813 3328 2869 crebro
3357 2821 3715 2888 regustando,

459 2920 652 2968 notatu
683 2909 904 2979 dignius
931 2913 1290 2975 compererat,
1327 2904 1520 2959 lectori
1574 2903 1762 2974 paucis
1789 2903 1966 2960 oﬂ‘ert.
1995 2900 2182 2972 Neque
2207 2910 2358 2957 tanta
2384 2910 2564 2958 tamen
2599 2903 2883 2974 religione,
2915 2912 2975 2958 ut
3007 2916 3227 2963 acutum
3262 2910 3510 2978 decebat,
3540 2930 3715 2986 syno-

458 3023 620 3077 pseos
665 3004 897 3058 formam
952 3005 1320 3062 consectatur,
1352 3005 1412 3052 ut
1458 2998 1632 3053 sicubi
1688 3013 1782 3053 res
1816 2997 2089 3069 explicatu
2122 2996 2357 3052 dillicilis
2389 2999 2653 3062 occurrit,
2686 2997 2999 3068 importuna
3040 3003 3306 3061 brevitate
3332 3007 3716 3063 obscuriorem

457 3104 654 3160 eiliciat
681 3122 693 3158 :
732 3099 829 3156 sed
855 3113 978 3155 cum
1012 3098 1086 3151 ita
1118 3095 1262 3151 facto
1292 3111 1432 3167 opus
1466 3104 1572 3161 est,
1608 3096 1959 3167 interpretem
1996 3097 2126 3169 agit,
2152 3108 2209 3151 et
2242 3095 2419 3153 fusius
2448 3098 2609 3152 etiam
2647 3111 2812 3167 quam
2841 3097 3127 3169 Scriptura
3155 3099 3292 3168 ipsa.
3321 3115 3437 3155 rem
3470 3115 3720 3156 comme-

456 3206 669 3264 morat;
697 3211 806 3265 quo
835 3193 964 3248 dato
992 3190 1190 3261 spatio,
1217 3204 1410 3245 rursus
1435 3188 1770 3245 destinatum
1810 3189 1987 3260 carpit
2011 3190 2132 3247 iter.
2157 3189 2404 3245 Diximus
2428 3190 2484 3246 in
2507 3189 2653 3245 notis
2678 3190 2744 3244 ad
2776 3205 2831 3261 p.
2864 3190 2965 3245 l56
2993 3188 3313 3261 Joscphum,
3341 3194 3503 3263 cujus
3530 3198 3717 3272 ὑπομ-

455 3288 699 3361 νηστικῷ
732 3302 850 3357 quae
884 3294 1157 3356 postrema
1191 3281 1247 3336 in
1278 3280 1504 3353 Synopsi
1536 3283 1790 3355 leguntur
1819 3289 1873 3337 et
1895 3282 2009 3352 jam
2049 3282 2226 3353 primo
2259 3281 2447 3337 Graiae
2478 3290 2818 3352 comparent,
2845 3291 3102 3353 excerpta
3134 3296 3285 3350 sunt,
3319 3289 3496 3344 virum
3538 3291 3722 3351 fuisse

455 3379 825 3437 Christianum
852 3395 866 3430 :
898 3390 1058 3431 secus
1083 3376 1315 3432 aestimat
1339 3375 1534 3435 Petrus
1567 3377 1916 3445 Lambecius,
1943 3378 2128 3448 aitque
2162 3376 2410 3432 Flavium
2437 3376 2736 3449 Josephum
2761 3393 2909 3443 esse,
2940 3376 3296 3435 Iudaicarum
3328 3387 3721 3458 antiquitatum

457 3478 801 3544 scriptorem,
832 3482 886 3529 et
912 3472 1127 3526 titulum
1165 3472 1454 3543 quemdam
1476 3488 1543 3529 ex
1573 3473 1788 3529 decimo
1827 3486 1973 3527 nono
2000 3472 2190 3527 codice
2223 3472 2530 3543 theologico
2561 3470 2740 3535 affert,
2785 3486 3014 3542 nempe:
3054 3472 3289 3540 Μέθοδος
3333 3477 3593 3552 Ἰωσήπου
3648 3485 3722 3539 ὲκ

455 3570 562 3628 τῶν
596 3567 999 3641 ὑπομνημάτων
1028 3564 1211 3629 αὐτοῦ,
1263 3567 1361 3619 καὶ
1400 3565 1665 3637 χρονικῶν
1714 3566 2145 3636 συνταγμάτων·
2196 3565 2315 3629 πῶς
2370 3564 2601 3636 συνέστη
2639 3565 2703 3618 τὸ
2747 3563 3063 3635 ψαλτήριον,
3111 3570 3204 3622 καὶ
3241 3570 3358 3634 πῶς
3400 3575 3450 3626 oi
3504 3573 3721 3648 ψαλμοὶ

454 3666 796 3737 δξετέθησαν,
842 3663 935 3717 καὶ
961 3660 1082 3714 τίνα
1110 3660 1216 3713 εἰσὶ
1244 3660 1311 3713 τὰ
1361 3660 1808 3732 μνημονευόμενα
1833 3661 1892 3713 ὲν
1925 3662 2045 3724 ταῖς
2083 3660 2326 3732 Γραφαῖς
2370 3661 2570 3731 βιϐλία,
2607 3660 2683 3733 μὴ
2716 3660 3080 3732 εὑρισκόμενα
3102 3658 3187 3712 δέ’
3212 3661 3306 3715 καὶ
3343 3660 3464 3716 τινα
3502 3665 3611 3718 εἰσὶ
3637 3657 3725 3721 ’τὰ

455 3762 513 3813 ἐν
534 3757 613 3829 τῷ
643 3757 782 3810 τέλει
808 3754 886 3826 τῷ
921 3752 1081 3808 Δαυῒδ
1112 3752 1439 3824 πραχθέντα,
1469 3753 1563 3807 καὶ
1594 3753 1738 3817 τίνες
1761 3755 2110 3825 ήρμήνιυσαν
2140 3754 2203 3806 τὸ
2225 3753 2545 3826 ψαλτήριον,
2576 3740 2670 3808 ita).
2704 3754 2878 3819 πόσοι,
2906 3754 3000 3808 καὶ
3028 3755 3179 3809 πότε.
3212 3755 3268 3811 ld
3296 3765 3397 3823 est,
3429 3756 3721 3815 Met/rodas

452 3853 670 3925 Iosephi
695 3869 786 3908 seu
811 3851 1017 3920 Josippi
1045 3864 1110 3904 ea:
1145 3850 1539 3904 commentariis
1564 3857 1612 3905 et
1648 3850 1909 3904 chronicis
1937 3851 2205 3905 opusculis
2254 3851 2400 3905 illius
2429 3867 2448 3906 :
2471 3867 2572 3909 auo
2611 3861 2766 3919 pacto
2808 3851 3152 3905 constitutum
3177 3848 3337 3918 fuerit
3363 3848 3718 3916 Psalterium,

454 3968 558 4022 quo
587 3948 742 4005 modo
769 3948 965 4017 psalmi
995 3945 1124 4000 editi
1152 3959 1172 3999 :
1200 3946 1418 4017 quinam
1473 3945 1597 4001 libri
1618 3948 1676 4002 in
1707 3946 1997 4015 Scripturis
2031 3950 2308 4003 memorati
2347 3952 2465 4019 jam
2488 3966 2595 4003 non
2631 3949 2965 4017 reperiuntur
2997 3967 3009 4002 :
3045 3963 3291 4016 quaenam
3331 3947 3386 4000 in
3424 3948 3527 4016 ﬁne
3566 3946 3646 4018 (b)
3682 3966 3725 4004 α

457 4043 659 4100 Davide
680 4043 825 4113 facta
849 4047 972 4094 sunt
999 4056 1018 4094 :
1040 4038 1256 4109 quinam
1287 4037 1616 4093 Psalterium
1642 4040 1974 4111 interpretati
2010 4040 2138 4108 sint,
2162 4041 2309 4112 quati
2329 4051 2379 4095 et
2420 4058 2522 4113 quo
2557 4050 2783 4112 tempore
2813 4043 3027 4113 fuerint.
3061 4039 3259 4096 Verum
3290 4048 3350 4094 ut
3379 4040 3569 4110 judicii
3591 4049 3724 4099 tuta

453 4153 517 4192 ea
551 4137 618 4193 de
648 4150 708 4190 re
735 4131 941 4189 ferendi
968 4130 1125 4201 e0pia
1150 4139 1315 4192 esset,
1363 4128 1610 4185 codicem
1645 4129 2173 4201 Cantabrigienscm,
2219 4131 2286 4186 de
2320 4146 2430 4202 quo
2469 4132 2526 4187 in
2560 4133 2708 4189 notis
2747 4133 2970 4194 ibidem,
3002 4130 3278 4185 aPatritio
3299 4129 3467 4185 Junio
3488 4131 3542 4185 in
3564 4132 3726 4189 notis

456 4232 522 4286 ad
551 4230 833 4302 epistolam
859 4226 1156 4283 Clementis
1185 4225 1253 4281 ad
1282 4224 1597 4282 Corinthios
1625 4226 1929 4292 laudatum,
1961 4228 2320 4284 evolvendum
2340 4235 2639 4300 oporteret.
2674 4228 2741 4283 Et
2770 4228 3026 4284 fortassis
3052 4228 3135 4283 vel
3158 4229 3275 4297 ipse
3303 4227 3458 4282 locus
3482 4241 3513 4280 a
3542 4224 3725 4283 Lam-

455 4328 610 4383 becio
640 4327 892 4381 laudatus
940 4325 1092 4381 solus
1122 4325 1194 4378 sit
1237 4322 1394 4386 satis,
1426 4327 1485 4376 ut
1512 4319 1810 4391 Josephum
1846 4322 2012 4377 istum
2042 4321 2423 4378 Christianum
2470 4323 2644 4380 fuisse
2675 4324 3102 4395 comprobctur:
3134 4320 3223 4373 illa
3251 4319 3398 4373 enim
3433 4327 3725 4389 postrema

454 4415 655 4471 verba:
694 4413 759 4469 Et
800 4417 1015 4486 quinam
1043 4414 1368 4471 Psalterium
1416 4418 1751 4485 interpretati
1798 4418 1926 4481 sint,
1960 4418 2105 4487 quoti
2134 4427 2191 4472 et
2215 4434 2318 4488 quo
2373 4427 2601 4489 tempore
2652 4420 2872 4489 fuerint,
2908 4423 3228 4487 argumento
3260 4420 3408 4478 sunt,
3452 4414 3507 4467 ni
3555 4414 3729 4470 labor

454 4507 732 4579 opinione,
766 4506 975 4578 aliquot
996 4515 1122 4577 post
1149 4506 1430 4564 Christum
1462 4508 1680 4563 saeculis
1710 4507 1857 4563 hunc
1886 4506 2184 4578 Joscphum
2215 4509 2437 4567 vixisse.
2467 4509 2561 4566 llle
2604 4511 2876 4582 siquidem
2900 4505 3432 4565 Commentariorum
3470 4504 3527 4558 in
3554 4502 3729 4560 Psal-

453 4617 575 4658 mos
596 4616 882 4665 numerus,
914 4604 1158 4657 animum
1196 4614 1449 4676 exauget,
1476 4615 1537 4660 ut
1585 4603 1733 4659 hunc
1771 4603 2071 4675 Joscphum
2100 4604 2270 4659 alium
2299 4620 2330 4659 a
2358 4606 2717 4662 celeberrimo
2749 4605 2989 4676 Joscpho
3024 4601 3374 4657 arbitremur.
3412 4597 3531 4653 Non
3560 4599 3728 4656 enim

452 4710 568 4751 arvo
590 4693 813 4766 Iosephi
846 4696 1238 4768 Antiquitatum
1276 4698 1565 4769 scriptoris
1593 4707 1671 4753 tot
1701 4697 2096 4752 commentaria
2123 4696 2177 4750 in
2207 4693 2455 4751 Psalmos
2492 4695 2663 4753 fuisse
2687 4696 2961 4752 videntur.

525 4788 604 4845 Ne
651 4792 970 4845 omittamus
995 4805 1060 4845 ea
1103 4804 1225 4860 qua:
1266 4789 1334 4845 de
1377 4788 1591 4854 codice,
1625 4789 1771 4845 unde
1811 4787 1927 4843 haec
1957 4787 2213 4859 Synopsis
2257 4787 2484 4857 prodiit,
2531 4789 2693 4844 habet
2736 4786 3156 4844 Felckmannus.
3214 4785 3335 4841 Usa:
3374 4794 3497 4840 sunt
3539 4800 3731 4854 opera:

450 4881 646 4952 inquit,
684 4889 829 4935 textu
877 4880 1035 4952 hujus
1098 4881 1409 4953 Synopseos
1448 4881 1628 4937 (ἔναιρε
1678 4881 1939 4952 descripto
1985 4896 2049 4935 ex
2098 4889 2298 4934 vetusto
2337 4892 2384 4934 et
2431 4882 2583 4935 miris
2639 4880 2881 4936 ductibus
2914 4890 3185 4935 constante
3233 4879 3429 4943 codice,
3463 4894 3615 4948 quem
3651 4895 3735 4936 ex

452 4974 764 5029 bibliotheca
793 4976 890 5030 viri
918 4977 1207 5031 clarissimi
1239 4977 1389 5033 Petri
1419 4976 1654 5034 Neveleti
1691 4978 1908 5035 Doscliii
1936 4979 2147 5033 curavit
2183 4979 2261 5033 vir
2283 4979 2527 5047 ampliss.
2555 4977 2624 5034 D.
2675 4979 3024 5051 Bongarsius,
3055 4994 3206 5048 quem
3233 4994 3350 5031 cum
3377 4992 3481 5031 non
3507 4977 3564 5029 in
3593 4992 3731 5029 om-

451 5070 604 5126 nibus
631 5071 919 5142 descriptor
944 5083 1214 5129 assecutus
1237 5075 1328 5141 sit,
1358 5075 1609 5147 quidquid
1635 5077 1737 5131 erit
1762 5075 2133 5146 discrepantia:
2152 5075 2444 5128 notandum
2472 5075 2623 5129 duxi.
2661 5076 2975 5146 Quanquam
2999 5085 3170 5131 essent
3193 5076 3353 5130 etiam
3379 5090 3482 5127 non
3516 5088 3731 5142 pauca,

450 5179 567 5233 qua:
594 5164 658 5219 de
687 5166 1117 5236 interpretatione
1149 5166 1348 5221 moneri
1395 5175 1636 5236 poterant
1667 5183 1685 5222 :
1718 5168 1823 5222 imo
1856 5167 2091 5222 locorum
2115 5181 2313 5237 quoque
2355 5164 2731 5220 nonnullorum
2761 5166 2812 5218 in
2843 5167 2955 5234 ipso
2996 5166 3154 5220 ueteri
3194 5164 3370 5219 codice
3399 5163 3736 5231 conjecture

450 5267 660 5324 possent
703 5260 906 5330 aﬂ‘erri,
933 5277 1048 5332 qua:
1098 5268 1271 5316 tamen
1320 5263 1500 5319 omnia
1553 5262 1822 5319 brevitatis
1853 5279 2038 5324 causa,
2069 5271 2117 5316 et
2143 5259 2279 5331 quod
2313 5261 2455 5316 docti
2492 5276 2584 5330 per
2612 5278 2667 5316 se
2703 5262 2805 5330 ipsi
2832 5261 2887 5314 in
2914 5261 3009 5315 hoc
3038 5262 3188 5332 longe
3216 5261 3402 5330 optimi
3429 5260 3735 5316 monitore;

451 5350 553 5405 sibi
573 5362 748 5419 erunt,
789 5357 994 5411 omitto.
1029 5356 1306 5423 Quorsum
1346 5365 1529 5413 autem
1580 5359 1818 5414 evaserit
1869 5356 2043 5413 codex
2091 5357 2184 5412 ille
2230 5364 2568 5412 memoratus
2623 5372 2653 5411 a
2697 5336 3066 5412 Felckmanno
3105 5357 3408 5430 ignoratur.
3455 5353 3736 5413 Codicem

452 5443 745 5517 Synopseos
775 5449 1010 5521 aliquem
1043 5463 1145 5504 nec
1175 5449 1305 5515 vidi,
1338 5466 1438 5505 nec
1475 5450 1675 5506 alicubi
1705 5456 1928 5507 exstare
1955 5448 2142 5504 didici.

434 5566 440 5595 l
520 5535 778 5607 Dialogus
807 5552 993 5596 contra
1024 5543 1294 5599 Arium‘in
1320 5543 1530 5617 synodo
1552 5542 1769 5599 Nicaena
1800 5541 1988 5597 multis
2019 5540 2337 5596 nominibus
2363 5539 2667 5595 Athanasio
2689 5539 3093 5612 abjudicandus
3118 5561 3132 5598 :
3164 5543 3275 5597 imo
3302 5555 3433 5597 vero
3465 5555 3569 5595 nec
3620 5554 3738 5595 sa-

450 5631 526 5689 tis
543 5635 798 5691 consulto
821 5647 1188 5695 commentum
1224 5637 1540 5709 hujusmodi
1561 5638 1859 5695 meditatus
1879 5644 1964 5693 est
1988 5638 2083 5708 qui
2110 5636 2415 5692 Athanasio
2450 5637 2735 5703 attribuit;
2764 5652 2894 5690 nam
2914 5637 3161 5708 quaedam
3193 5644 3379 5707 aperte
3401 5636 3535 5691 falsa
3556 5649 3737 5690 com-

454 5725 730 5796 plectitur,
762 5729 1069 5800 cujusmodi
1098 5742 1183 5790 est
1206 5731 1342 5788 illud
1364 5730 1510 5804 quod
1537 5733 1615 5786 ait
1646 5747 1701 5803 p.
1732 5730 1858 5801 180,
1892 5729 2028 5787 cleri
2057 5729 2381 5801 dignitatem
2412 5728 2546 5783 Ario
2580 5728 2649 5784 ab
2672 5728 2943 5784 haereticis
2997 5729 3285 5797 collatam;
3333 5743 3461 5783 cum
3518 5735 3738 5786 contra

527 5846 600 5920 (a)
631 5848 757 5924 Pag.
787 5849 856 5906 96

2182 5852 2257 5925 (b)
2291 5851 2452 5910 Forte
2477 5868 2602 5909 cum
2639 5853 2819 5920 titulo,
2851 5856 2956 5919 Εὶς
2980 5853 3176 5920 τέλος.
