3878 6196
173 245 238 300 17
1625 258 2017 317 PREFATIO.
3366 258 3434 314 13

170 366 534 437 antiquorum
560 373 877 430 testimonio
910 382 1249 447 compertum
1279 377 1369 440 sit,
1406 393 1437 433 a
1462 377 1626 434 Petro
1650 390 1705 436 et
1732 380 1945 436 Achilla
1970 379 2232 451 gradibus
2252 379 2644 436 ecclesiasticis
2675 384 2895 433 auctum
2921 377 3091 434 fuisse
3115 376 3431 450 indignissi.

172 468 327 509 mum
348 456 653 525 hominem,
682 462 811 532 quia
837 478 937 534 pro
966 465 1157 520 innata
1185 466 1405 524 vafritie
1433 454 1667 540 speciem
1705 469 1844 541 frugi
1882 471 2160 541 praeferret
2193 493 2206 528 ε
2238 472 2450 544 reliqua
2479 472 2602 526 vide
2632 470 2687 525 in
2728 467 2956 523 Monito.
2986 467 3067 522 Ad
3108 468 3222 524 hac
3250 474 3433 557 autem

174 554 313 615 puto
340 548 430 603 vel
461 564 533 605 ex
555 550 673 606 sola
701 551 904 624 dialogi
932 553 1131 621 forma,
1172 573 1294 628 quae
1325 558 1601 615 scribendi
1645 561 1807 625 ratio,
1836 562 1977 617 licet
1997 562 2229 617 multum
2263 560 2566 620 Athanasio
2606 558 2902 627 antiquior,
2938 571 3048 612 non
3084 566 3202 613 erat
3261 552 3429 611 Athaé

174 640 321 694 nasii
346 655 468 696 :evo
500 640 866 714 frequentata,
900 646 1274 716 conjecturam
1300 648 1540 718 aliquam
1567 651 1779 716 νοθείας
1812 652 2039 707 oboriri.
2075 651 2356 721 Nusquam
2388 650 2688 720 accipimus
2718 646 3075 701 Athanasium
3097 645 3203 701 hoc
3233 659 3432 716 genere

172 732 399 790 dedisse
428 735 713 806 quidpiam
744 758 760 794 :
788 747 843 794 et
873 741 1177 810 aequalibus
1205 742 1328 813 ejus
1354 761 1637 816 perrarum
1669 745 1871 817 dialogi
1904 763 2056 802 more
2095 748 2356 803 scribere.
2388 745 2588 801 Verum
2623 743 2740 797 haec
2770 740 2943 796 forma
2972 739 3184 795 saeculis
3216 740 3426 810 quinto,

171 832 354 888 sexto,
391 831 628 897 septimo
673 838 729 885 et
775 831 1237 902 subsequentibus
1289 837 1518 891 multum
1552 835 1833 891 obtinuit:
1870 844 1925 892 et
1976 836 2208 907 hujusce
2271 835 2406 890 tomi
2451 832 2638 904 spuria
2689 828 3096 901 complectentis
3140 842 3269 897 pars
3317 843 3429 882 non

168 914 397 970 modica
424 918 625 989 dialogi
651 928 801 975 sunt.

245 1003 439 1061 Sermo
499 1021 686 1066 contra
742 1031 920 1071 omnes
971 1017 1219 1085 hwreses,
1274 1021 1350 1075 ita
1387 1021 1707 1080 manifestas
1753 1023 2158 1096 peregrinitatis
2211 1031 2372 1079 notas
2402 1022 2487 1077 vel
2528 1019 2662 1092 ipsis
2708 1017 3133 1074 amanuensibus
3173 1016 3428 1088 praeferre

169 1095 323 1152 visus
360 1097 488 1164 fuit,
521 1110 579 1157 ut
603 1103 661 1157 in
689 1105 965 1178 plerisque
995 1110 1276 1167 codicibus
1311 1112 1380 1167 ad
1431 1115 1753 1184 marginem,
1787 1095 1937 1182 ξένος
1971 1114 2067 1168 καὶ
2099 1114 2316 1185 χυδαῖος
2362 1113 2595 1176 dicatur,
2636 1110 2690 1166 id
2721 1119 2825 1175 est,
2859 1112 3162 1183 peregrinus
3196 1129 3259 1165 ac
3306 1112 3426 1181 fuso

168 1190 575 1263 remissioreque
600 1199 737 1265 stglo
762 1198 1077 1282 descriptus,
1113 1204 1201 1258 cui
1237 1205 1445 1261 scilicet
1475 1207 1536 1261 τὸ
1570 1207 1784 1264 εὔτονον
1816 1209 2033 1264 deﬁciat
2059 1228 2073 1265 :
2106 1210 2299 1280 ingens
2325 1207 2570 1279 profecto
2598 1206 2722 1279 styli
2742 1208 2957 1272 vitium,
2986 1206 3133 1276 quod
3164 1207 3247 1263 vel
3277 1205 3427 1262 Gne-

167 1284 279 1337 culi
325 1288 537 1343 sentire
580 1294 816 1360 possint.
849 1294 974 1351 Fuit
1019 1307 1203 1355 autem
1233 1317 1298 1357 ex
1333 1302 1619 1359 Athanasii
1663 1305 1924 1375 operibus
1954 1320 2270 1374 expressus,
2306 1313 2366 1358 ut
2417 1303 2676 1358 lectorem
2725 1302 2923 1357 ibidem
2972 1302 3451 1373 praemonuimus.’

168 1377 243 1434 De
276 1381 492 1439 insulso
522 1384 899 1446 Melchisedeci
934 1395 1078 1464 regis
1107 1407 1416 1454 commento
1447 1398 1525 1471 (a)
1554 1400 1672 1470 jam
1712 1401 1853 1456 ultra
1879 1416 2044 1471 quam
2070 1402 2204 1458 satis
2244 1401 2316 1457 sit
2345 1401 2551 1456 dictum
2578 1398 2700 1465 fuit,
2738 1401 3047 1471 pariterque
3072 1400 3141 1456 de
3173 1401 3425 1455 ἀποσπα-

166 1474 383 1568 σματίῳ
413 1477 481 1568 ad
508 1477 795 1538 Jovianum
816 1486 1200 1558 imperatorem
1226 1503 1544 1565 nuncupato
1578 1495 1677 1568 (b),
1709 1510 1775 1553 ac
1810 1495 1878 1554 de
1907 1497 2048 1552 libro
2084 1496 2464 1567 Deﬁnitionum
2488 1512 2507 1550 :
2532 1510 2709 1568 neque
2746 1494 2877 1550 libet
2911 1495 3222 1567 hujusmodi
3245 1510 3419 1568 nugas

163 1560 345 1620 denuo
385 1567 615 1637 agitare,
644 1580 828 1644 atque,
863 1584 923 1631 ut
947 1578 1023 1632 ita
1051 1580 1253 1646 dicam,
1289 1560 1696 1654 repuerascere.

233 1656 559 1729 Sequuntur
594 1679 761 1735 Opera
794 1670 862 1725 ad
910 1673 1274 1745 Antiochum;
1307 1686 1362 1734 et
1411 1679 1568 1750 praeit
1615 1678 1874 1734 Doctrina
1906 1678 1975 1734 ad
2004 1678 2319 1734 Antiochum
2356 1677 2657 1751 principem
2680 1680 2726 1733 'a
2756 1678 3001 1737 Graeculo
3043 1682 3208 1739 edita.
3241 1680 3417 1750 Hujus

162 1758 345 1809 tamen
376 1756 665 1827 beneficio,
696 1778 947 1836 magnam
981 1779 1191 1841 partem
1237 1774 1366 1830 libri
1411 1774 1680 1841 Pastoris,
1721 1791 1844 1848 qua:
1889 1775 2077 1832 Graece
2132 1775 2375 1830 nondum
2410 1774 2535 1828 data
2572 1773 2770 1839 fuerat,
2820 1787 3229 1843 recuperamus.
3263 1771 3415 1828 Alias

163 1863 293 1904 vero
334 1850 441 1905 hac
487 1853 718 1912 historia
748 1860 880 1917 nihil
917 1864 1201 1925 infantius.
1250 1868 1431 1941 dique
1479 1873 1780 1943 conspicua
1820 1880 1904 1928 est
1936 1870 2205 1927 sermonis
2248 1867 2318 1923 ad
2366 1866 2699 1922 Antiochum
2754 1867 2955 1933 νοθεία,
3013 1880 3225 1921 necnon
3283 1865 3415 1919 sul)-

158 1944 512 2011 sequentium
571 1949 639 2004 ad
683 1956 935 2012 eumdem
981 1963 1368 2031 quaestionum.
1432 1965 1547 2023 Hoc
1612 1977 1950 2038 postremum
1997 1976 2178 2022 tamen
2233 1979 2392 2035 opus,
2450 1979 2559 2019 non
2622 1962 2903 2034 indignant
2953 1960 3100 2033 quod
3156 1961 3407 2031 legatur:

159 2040 381 2093 tametsi
419 2042 569 2097 enim
622 2044 873 2109 futilibus
896 2052 1058 2113 dictis
1088 2073 1153 2115 ac
1197 2062 1443 2132 quaesitis
1476 2062 1770 2121 identidem
1814 2078 2098 2134 aspersum
2149 2068 2275 2117 est:
2333 2068 2389 2116 at
2435 2060 2575 2116 bona
2626 2059 2788 2114 malis
2829 2061 3088 2130 pcrmista
3135 2057 3408 2129 reperias;

156 2145 423 2189 nimirum

1104 2244 1344 2310 Χρυσέα
1382 2249 1689 2316 χαλκείοις
1720 2248 2050 2319 ἐκατόμϐοα
2079 2248 2453 2302 ἐννεαϐοίων.

223 2311 323 2371 Est
349 2317 489 2410 inibi
511 2320 593 2410 (ο)
645 2323 801 2380 locus
827 2340 988 2395 quem
1037 2330 1169 2385 olim
1224 2311 1483 2391 vitiosum
1519 2311 1754 2407 suspical

1876 2311 1961 2405 ur,
1996 2338 2131 2393 illud
2177 2338 2386 2395 scilicet
2417 2356 2430 2391 :
2467 2336 2591 2400 Πῶς
2613 2337 2669 2390 δὲ
2694 2337 2852 2391 πάλιν
2882 2337 2975 2392 καὶ
3069 2356 3176 2392 των
3222 2339 3407 2408 σωμά-

148 2421 261 2513 ξῖων
292 2405 454 2474 φύσις
499 2408 775 2485 βολιστικὴ
808 2415 951 2469 κατὰ
991 2419 1151 2488 φύσιν
1193 2423 1533 2497 ὑπάρχουσα,
1582 2405 1772 2501 ὁρᾶται
1801 2429 1993 2494 ἅδυτος
2029 2430 2124 2484 καὶ
2169 2430 2447 2493 ἀϐόλιστος
2493 2429 2550 2481 ὲν
2578 2431 2686 2492 τοῖς
2719 2428 2870 2483 ὕδασι
2907 2431 3007 2499 τῆς
3024 2405 3405 2513 ⁷Ἀγῐοιρμςιριέιιῆς

148 2495 543 2596 Πενταπολεως
564 2520 583 2534 ι
612 2504 704 2559 ubi
734 2522 832 2577 pro
877 2511 1143 2582 σωμάτων
1186 2495 1474 2590 legendum
1514 2495 1679 2577 Maca

1873 2524 2214 2596 iectabamus
2240 2544 2253 2579 :
2292 2532 2349 2577 at
2378 2523 2576 2580 exinde
2603 2522 2890 2579 lectionem
2918 2495 3084 2595 probe
3111 2495 3313 2581 habere
3346 2495 3404 2580 se

147 2606 545 2662 comperimus.

215 2686 302 2741 Ad
334 2689 545 2744 calcem
577 2694 941 2763 qumstionum
971 2696 1042 2752 ad
1086 2697 1415 2753 Antiochum
1444 2698 1545 2773 (ά),
1581 2709 1671 2757 est-
1700 2709 1967 2759 tractatus
2015 2702 2318 2760 Athanasio
2360 2720 2493 2762 sane
2525 2721 2634 2762 non
2664 2708 2941 2780 indignus,
2981 2725 3142 2781 quem
3174 2709 3405 2767 fortasse

144 2782 343 2853 religio
375 2801 487 2839 non
512 2795 660 2842 esset
690 2790 834 2844 inter
858 2790 1232 2847 Athanasiana
1263 2802 1604 2865 computare.
1649 2796 1764 2852 Etsi
1792 2797 1936 2851 enim
1973 2797 2028 2851 in
2062 2798 2338 2869 plerisque
2377 2799 2662 2858 codicibus
2690 2814 3236 2876 consequenter‘post
3268 2806 3405 2862 alias

144 2879 484 2946 quastiones
531 2896 725 2953 agmen
764 2886 989 2952 claudit,
1040 2903 1152 2942 non
1193 2888 1393 2944 desunt
1424 2898 1606 2946 tamen
1634 2892 1728 2947 ubi
1768 2892 2060 2964 separatim
2095 2894 2164 2950 ab
2206 2895 2330 2951 aliis
2382 2906 2635 2966 ponatur.
2662 2898 2745 2955 Ad
2774 2900 2889 2957 haac
2917 2917 3064 2965 vero,
3105 2903 3402 2972 conspicua

141 2973 511 3030 Athanasiani
543 2979 642 3033 aevi
675 2989 802 3035 nota
833 2981 948 3037 haec
977 2990 1080 3050 est,
1107 2998 1230 3039 cum
1251 2984 1321 3040 de
1342 2986 1688 3057 septuaginta
1719 2986 2152 3053 hebdomadibus
2176 2988 2417 3045 Danielis
2444 3006 2610 3062 agens
2640 2991 2714 3047 ait
2739 3009 2755 3046 :
2783 2991 2880 3055 Τίς
2910 2989 3002 3047 οὖν
3031 2994 3181 3046 ἐστιν
3217 2992 3401 3065 ἑτερος

141 3066 392 3138 χρισϐεὶς
431 3068 586 3138 ἆγιος
615 3071 808 3141 ἁγίων,
843 3074 892 3127 εἰ
928 3073 1001 3147 μὴ
1041 3075 1070 3128 ὁ
1116 3075 1353 3147 Χριστὸς
1396 3077 1574 3149 μόνος,
1622 3077 1697 3141 ὡς
1745 3077 1839 3130 τοῦ
1872 3078 2009 3132 Θεοῦ
2042 3079 2136 3134 τοῦ
2170 3079 2402 3148 {Gn/tog;
2445 3082 2503 3135 αἱ
2542 3082 2653 3155 γὰρ
2672 3082 3037 3154 ἑϐδομήκοντα
3091 3083 3399 3156 ἑϐδομάδες,

140 3161 479 3230 τετρακόσια
531 3165 854 3236 ἐνενήκοντα
894 3167 992 3240 ἔτη
1032 3171 1408 3240 σημαίνουσιν.
1452 3172 1583 3226 Ἀπὸ
1605 3172 1661 3226 δὲ
1691 3172 1785 3227 τοῦ
1814 3173 2013 3245 Δανιὴλ
2040 3173 2146 3240 ἕως
2190 3175 2285 3229 τοῦ
2314 3176 2408 3232 νῦν
2438 3178 2770 3251 ὑπάρχουσιν
2812 3178 2906 3250 ἐτη
2935 3178 3042 3232 τῶν
3072 3179 3402 3233 ὀκτακοσίων

141 3250 334 3306 πλείω.
378 3253 501 3308 Hoc
539 3262 624 3310 est
654 3273 667 3309 :
702 3256 835 3321 Quis
875 3274 996 3329 ergo
1042 3260 1181 3315 alius
1202 3270 1281 3316 est
1326 3271 1516 3316 unctus
1540 3263 1768 3319 Sanctus
1806 3274 2134 3330 sanctorum,
2182 3276 2377 3335 praeter
2421 3250 2593 3323 solum
2633 3268 2922 3337 Christum,
2952 3281 3010 3323 ut
3042 3270 3143 3325 Dei
3168 3271 3398 3340 .uiventis

142 3339 396 3414 (Filium)
427 3343 450 3396 ?
480 3343 828 3416 Septuaginta
870 3349 1008 3401 enim
1037 3349 1385 3406 hebdomadas
1429 3352 1842 3426 quadringentos
1888 3344 2179 3427 nonaginta
2225 3375 2393 3413 annos
2449 3360 2772 3430 signiﬁcant.
2821 3359 3067 3432 Namque
3096 3380 3131 3418 a
3172 3339 3400 3420 Daniela

140 3430 210 3482 ad
237 3430 339 3484 hoc
373 3448 537 3504 usque
585 3444 786 3504 tempus
828 3444 950 3489 sunt
992 3439 1121 3492 anni
1160 3440 1279 3508 plus
1318 3458 1476 3513 quam
1507 3445 1812 3515 octingenti.
1845 3444 1972 3501 Haec
2001 3463 2133 3503 sane
2164 3448 2534 3520 chronologiae
2583 3452 2726 3507 ratio
2771 3430 3017 3523 apprime
3049 3455 3103 3509 in
3139 3464 3395 3525 quartum

140 3523 407 3576 saeculum
429 3522 684 3592 quadrat,
715 3540 824 3595 quo
845 3528 1090 3597 .scripsit
1124 3525 1481 3586 Athanasius.
1524 3531 1609 3587 Ad
1642 3533 1781 3599 haec,
1818 3536 1892 3588 ita
1937 3536 2185 3605 apposite
2214 3535 2392 3592 Veteri
2437 3536 2784 3594 Testamento
2810 3522 2892 3594 ad
2929 3522 3396 3613 comprobandum

139 3612 348 3668 Christi
387 3615 683 3670 adventum
709 3618 901 3684 utitur,
932 3628 992 3673 ut
1024 3620 1162 3675 nihil
1195 3637 1382 3693 supra.
1402 3622 1718 3696 ‘Fateorque
1744 3642 1833 3682 me
1859 3627 1997 3682 nihil
2029 3628 2132 3683 hoc
2161 3628 2217 3683 in
2244 3644 2442 3700 genere
2468 3630 2670 3687 vidisse
2696 3632 2928 3688 validius
2979 3634 3392 3691 concinniusve.

140 3701 516 3769 Quamobrem
544 3720 654 3759 non
696 3707 887 3762 eodem
919 3724 1029 3779 quo
1076 3718 1286 3767 caeteras
1316 3715 1670 3784 quaestiones,
1721 3731 1955 3773 numero
1999 3726 2053 3774 et
2093 3720 2270 3790 pretio
2298 3719 2487 3775 haberi
2537 3720 2717 3778 debet.
2751 3721 2867 3778 Etsi
2901 3738 3031 3780 vero
3067 3740 3179 3780 non
3216 3727 3393 3784 ausim

138 3796 415 3854 aﬂirmare
443 3800 725 3857 Athanasii
759 3818 901 3869 esse,
930 3806 1069 3860 nihil
1098 3817 1247 3864 certe
1274 3818 1543 3881 repugnat
1568 3826 1678 3882 quo
1708 3813 1891 3870 minus
1920 3814 2025 3884 ipsi
2055 3816 2383 3872 ascribatur.

204 3889 600 3963 Fragmentum
639 3894 714 3949 De
762 3896 1083 3968 imaginibus
1120 3914 1230 3954 non
1273 3908 1391 3955 erat
1438 3901 1579 3957 forte
1610 3904 1757 3973 quod
1793 3904 1975 3961 denuo
2000 3907 2152 3977 prelo
2182 3907 2600 3977 subjiceremus,
2645 3925 2769 3966 cum
2817 3927 2883 3968 ex
2922 3913 3045 3971 aliis
3072 3915 3187 3986 jam
3233 3916 3395 3973 editis

138 3994 461 4056 excerptum
494 3987 676 4044 fuerit.
710 3988 924 4046 Placuit
953 3998 1158 4059 tamen,
1195 3996 1327 4066 quia
1373 3995 1817 4068 frequentissime
1848 3999 1902 4054 in
1936 4000 2219 4057 codicibus
2246 4010 2299 4057 et
2335 4003 2697 4059 conciliorum
2734 4007 2870 4061 actis
2900 4006 3125 4064 aﬂertur
3145 4015 3206 4064 ut
3238 4010 3395 4066 exhi-

136 4076 355 4145 bemus,
387 4079 523 4135 illud
545 4079 729 4146 cdere,
763 4098 835 4138 ne
864 4084 994 4153 quid
1025 4084 1130 4141 hoc
1157 4086 1213 4140 in
1242 4101 1406 4157 opere
1431 4088 1733 4146 desiderari
1762 4091 2031 4146 videatur.

207 4167 491 4225 Historias
538 4173 789 4244 imaginis
821 4173 1124 4245 Berytensis
1183 4177 1369 4247 plures
1415 4180 1650 4236 fortasse
1696 4182 2000 4247 attulimus,
2035 4198 2200 4254 quam
2246 4191 2306 4239 ut
2354 4200 2451 4241 eas
2492 4188 2694 4242 eruditi
2731 4188 2834 4244 viri
2875 4191 2995 4246 sine
3034 4194 3317 4249 stomacho
3340 4203 3397 4251 et

137 4277 348 4318 nausea
380 4263 560 4334 legere
584 4267 820 4336 possint.
847 4267 1049 4324 Verum
1076 4271 1206 4341 quia
1236 4272 1352 4328 haec
1391 4274 1623 4330 historia
1652 4275 2009 4333 celeberrima
2034 4276 2157 4344 fuit,
2189 4281 2364 4351 qualis
2406 4281 2625 4338 demum
2653 4285 2937 4357 qualisque
2963 4287 3067 4354 sit;
3101 4294 3212 4343 tam
3242 4290 3396 4346 varia

138 4364 251 4409 tum
303 4356 496 4413 Graece
538 4366 652 4415 tum
686 4362 879 4419 Latine
928 4365 1016 4421 edi
1052 4366 1175 4436 ejus
1207 4370 1564 4440 exemplaria,
1619 4387 1730 4428 non
1766 4373 1963 4430 inutile
2001 4373 2234 4432 fortasse
2281 4375 2445 4433 fuerit
2481 4397 2494 4433 :
2533 4386 2597 4433 ut
2621 4356 2894 4439 aestimare
2945 4384 3179 4455 quisque
3217 4390 3396 4442 valeat

134 4460 357 4521 quantae
383 4455 454 4509 sit
486 4459 831 4515 auctoritatis
860 4459 976 4515 haec
1002 4461 1304 4530 historiola,
1330 4466 1489 4536 cujus
1511 4483 1580 4523 ne
1606 4468 1827 4539 quidem
1852 4485 2036 4526 veram
2075 4471 2397 4543 ﬁrmamque
2425 4471 2623 4529 seriem
2645 4476 2889 4533 nancisci
2920 4481 3219 4548 possimus.

201 4548 262 4602 In
294 4548 570 4617 Epistolas
598 4552 667 4606 ad
694 4553 989 4623 Castorem,
1024 4573 1145 4628 qua:
1172 4568 1301 4615 sunt
1330 4559 1578 4618 Cassiani
1611 4563 2019 4641 [mutationum
2048 4568 2306 4636 epitome,
2343 4568 2481 4625 satis
2511 4575 2631 4625 esto
2664 4571 2812 4641 quod
2856 4571 3059 4627 ibidem
3111 4578 3389 4643 praenota-

132 4658 278 4699 ωας.
308 4643 513 4702 Vocem
542 4656 723 4705 autem
760 4651 924 4708 Pater
970 4653 1230 4721 Mat/tius,
1264 4660 1394 4730 quia
1438 4662 1613 4719 codex
1663 4665 1745 4720 sic
1796 4666 1980 4740 Πάτερ
2024 4667 2262 4732 Μούθιος
2289 4666 2502 4733 dividit,
2551 4684 2652 4724 nos
2701 4682 2920 4737 quoque
2963 4665 3273 4722 divisimus.
3320 4666 3390 4722 At

130 4746 339 4791 uomat
362 4739 588 4808 eruditi,
616 4757 680 4797 ex
716 4758 846 4800 voce
872 4744 1218 4815 Thermuthi,
1243 4759 1434 4823 estque
1457 4754 1591 4809 illud
1625 4773 1823 4814 nomen
1854 4739 2136 4833 proprium
2162 4759 2307 4830 apud
2336 4760 2642 4832 Egyptios,
2677 4769 2734 4815 et
2759 4775 2824 4814 ex
2855 4759 3088 4814 articulo
3114 4774 3217 4823 πα,
3241 4758 3389 4845 quod

129 4834 217 4884 est
250 4844 317 4883 ac
351 4830 401 4885 si
446 4831 598 4889 dicas
633 4833 795 4890 Pater
821 4844 916 4892 aut
948 4838 1149 4904 Abbas.
1183 4843 1493 4900 confectum
1536 4863 1736 4904 nomen
1789 4830 1981 4908 fuisse:
2026 4851 2094 4907 Et
2126 4860 2312 4908 tamen
2356 4830 2632 4910 ita—error
2671 4851 2924 4920 invaluit,
2972 4859 3034 4908 ut
3068 4851 3183 4922 jam
3233 4837 3389 4909 Mutii

129 4916 354 4987 quidam
387 4919 515 4976 inde
541 4931 790 4980 mutuato
820 4931 1064 4997 nomine,
1095 4945 1504 5006 nuncupentur.

196 5010 261 5064 In
283 5010 567 5108 homiliam
596 5014 673 5069 De
693 5022 1052 5090 assumptione
1082 5023 1297 5081 Domini
1323 5029 1437 5083 haec
1472 5031 1636 5087 habet
1679 5031 2080 5093 Felckmannus
2108 5052 2122 5091 :
2160 5036 2333 5092 Porro
2361 5036 2596 5091 meminit
2636 5037 2796 5108 hujus
2822 5038 3075 5104 homiliw,
3115 5047 3167 5093 et
3197 5037 3383 5092 tribuit

126 5116 240 5153 eam
266 5100 566 5159 Athanasio
596 5108 824 5163 incertus
854 5122 1060 5179 auctor,
1091 5115 1241 5186 cujus
1264 5118 1382 5188 jam
1411 5137 1573 5191 supra
1595 5123 1663 5178 ad
1682 5140 1805 5197 pag.
1834 5126 1940 5181 545
1961 5127 2015 5183 ά.
2049 5136 2187 5183 tomo
2209 5127 2236 5181 Ι
2267 5129 2602 5183 meminimus
2625 5100 3024 5186 ad'Mazimum
3057 5130 3386 5188 Smeniotam

126 5192 187 5246 de
211 5191 315 5245 hac
345 5195 671 5263 questions:
707 5197 901 5255 Utrum
930 5202 1201 5270 homines,
1228 5208 1273 5264 si
1296 5224 1404 5266 non
1445 5226 1657 5280 peccas:

1852 5216 2076 5270 norituri
2108 5216 2362 5283 fuissent,
2391 5217 2624 5273 scribens
2651 5220 2748 5289 fol.
2786 5221 2877 5288 92,
2907 5222 3008 5278 col.
3035 5223 3091 5282 4.
3117 5223 3198 5278 sic
3222 5241 3236 5278 :
3271 5220 3383 5278 Καὶ

128 5286 290 5391 annos
312 5289 368 5341 τι
399 5291 531 5361 περὶ
554 5291 742 5347 τούτου
772 5298 937 5369 φησὶν
965 5301 995 5353 ὁ
1025 5302 1198 5372 μέγας
1233 5305 1546 5373 Ἀθανάσιος
1579 5313 1635 5365 ὲν
1662 5311 1740 5383 τῷ
1764 5314 1871 5379 Εἰς
1895 5312 2009 5382 τὴν
2031 5313 2339 5383 ἀνάληψιν
2370 5313 2515 5385 λόγῳ
2542 5286 2725 5370 αὑτοῦ.
2759 5286 2998 5383 Θάνατος
3033 5318 3132 5391 μὲν
3164 5317 3382 5389 εἰσῆλθε

127 5379 208 5435 διὰ
229 5383 331 5455 τὴν
359 5387 667 5460 παρακοήν.
688 5389 844 5445 Atiam
874 5393 929 5447 δὲ
954 5395 1102 5466 ὅμως
1131 5397 1229 5470 τὴν
1251 5401 1352 5472 τῆς
1380 5403 1607 5478 ἀπειλῆς
1632 5379 1816 5480 ὰκιιὴν
1847 5409 1876 5460 ὁ
1908 5379 2041 5472 Θεὸς
2065 5379 2251 5462 ἐλπίδα
2282 5379 2763 5476 αὖθις-ἀθανασίας
2794 5379 3069 5466 ἀνατέὶξλέι
3100 5410 3179 5484 τῷ
3210 5379 3380 5481 γένει,

193 5654 266 5749 922
293 5654 431 5749 ,ιδεε-
456 5657 582 5749 2.9,?-

1880 5679 1950 5749 (c)
1981 5678 2107 5749 Pag.
2147 5680 2267 5737 247.

195 5724 266 5797 (b)
287 5724 420 5798 Pag.
452 5728 578 5790 νιν.

1880 5724 1956 5825 ὥ
1981 5724 2115 5823 ἱίὲιῖ.
2140 5724 2263 5807 iis:
