3878 6196
456 245 523 300 19
1813 241 1987 297 ΡΗᾸΞ]

2189 284 2202 298 .
3619 211 3720 294 ει

450 363 547 416 καὶ
583 360 675 417 τὸν
714 359 882 432 Ἑνὼχ
916 361 981 415 ἐκ
1024 360 1188 430 μέσου
1223 356 1478 429 ἁρπάζει,
1515 354 1805 409 κάντεῦθεν
1849 356 1948 427 τὴν
1995 354 2195 426 θνηπὴν
2227 353 2471 408 ἐδίδασκε
2512 354 2672 425 φύσιν
2703 352 2862 424 ὅρους
2906 350 3202 415 ἀθανασίας
3250 351 3585 423 ἐκδέχεσθαι.
3629 353 3703 408 Et

447 451 609 520 paulo
648 460 789 520 post,
817 450 928 504 Καὶ
947 449 1136 517 τούτου
1172 448 1328 519 χάριν
1360 449 1390 501 ὁ
1429 446 1601 517 μέγας
1642 444 1953 508 Ἀθανάσιος
1992 444 2196 513 ἔλεγεν,
2224 446 2307 498 ὅτι
2333 447 2426 499 κα)⁸
2457 445 2548 499 τὸν
2590 444 2773 498 Ἠλίαν
2807 445 3063 516 ἁρπάζει,
3102 446 3195 498 καὶ
3238 444 3314 510 ὡς
3357 450 3437 511 εις
3474 448 3703 519 οὐρανὸν

446 545 725 618 ἀναφέρει.
762 544 893 601 Han:
925 544 1022 609 ibi,
1047 558 1163 614 quin
1190 541 1368 611 confer
1398 557 1518 595 cum
1544 539 1720 594 editis.
1757 538 1826 592 Et
1856 540 1995 594 idem
2026 539 2172 608 infra
2201 541 2257 594 in
2284 539 2612 608 opusculum:
2651 538 2842 593 Utrum
2874 536 3111 595 Joannes
3139 542 3471 611 evangelista
3507 559 3702 601 revera

445 643 663 711 obierit,
695 643 792 712 fol.
827 641 957 705 251,
993 642 1092 694 col.
1125 639 1181 703 2,
1211 641 1324 693 ait:
1361 638 1471 693 Καὶ
1499 638 1529 690 ὁ
1564 638 1739 708 μέγας
1759 635 1815 689 δὲ
1860 635 1976 689 Ἀθο

2170 654 2175 695 .'
2202 639 2262 689 ὲν
2286 636 2364 708 τῷ
2392 639 2502 702 Εἰς
2529 636 2643 704 τὴν
2666 634 2976 703 ἀνάληψιν
3006 635 3147 706 λόγῳ
3179 636 3365 701 αὐτοῦ,
3408 636 3576 708 Ἑνὼχ
3602 637 3701 692 καὶ

458 735 645 791 Ἠλίαν
677 732 1075 805 μνημονεύσας,
1122 732 1217 786 καὶ
1249 732 1420 786 εἰπὼν
1452 733 1510 784 ὲν
1538 732 1648 793 τοῖς
1683 728 1849 794 ζῶσιν
1886 729 2090 798 διάγειν
2125 731 2307 794 αὐτὸν,
2342 730 2529 802 ἑτέρου
2564 730 2708 794 τινὸς
2735 729 3163 801 ἐμνημόνευσεν.
3201 732 3325 788 Haec
3372 732 3703 789 Felckman-

448 843 573 883 nus.
604 825 708 882 Sed
732 826 994 897 quoniam
1029 826 1076 880 is
1110 824 1344 894 scriptor
1374 821 1647 892 sequioris
1670 828 1754 877 est
1785 820 1907 885 tevi,
1932 820 2072 875 nihil
2106 821 2254 877 illius
2282 821 2598 877 testimonio
2629 822 2696 875 ad
2726 822 3056 893 γνησιότητα
3085 823 3207 893 ejus
3236 826 3704 895 comprobandam

446 923 696 979 eilicitur.
728 922 851 977 Haec
882 923 999 993 ipsa
1028 936 1167 992 pene
1193 920 1385 976 eadem
1413 919 1579 974 verba
1609 918 1741 973 citat
1765 917 1994 972 Michael
2019 916 2218 989 Glycas
2241 919 2296 973 in
2322 918 2567 974 Historia
2597 919 2916 989 Byzantina.
2951 918 3071 985 Quo
3100 923 3412 977 testimonio
3433 923 3488 977 id
3521 924 3703 978 solum

447 1028 717 1090 superest,
751 1027 812 1074 ut
833 1026 960 1075 ante
987 1017 1267 1073 Michaelis
1297 1014 1475 1087 Glycte
1500 1030 1671 1070 aevum
1705 1014 1987 1070 Athanasii
2012 1017 2231 1071 nomine
2260 1017 2509 1086 evulgata
2544 1016 2708 1071 fuerit
2750 1017 2865 1072 haec
2894 1013 3138 1071 homilia.
3176 1011 3421 1067 Diximus
3447 1027 3611 1082 porro
3644 1013 3702 1066 in

446 1112 651 1167 Monito
683 1112 752 1166 ad
781 1112 922 1166 hanc
954 1110 1255 1174 homiliam,
1288 1110 1522 1181 primum
1560 1108 1768 1179 publici
1802 1108 1946 1178 juris
1975 1108 2173 1164 factam
2208 1111 2377 1167 fuisse
2410 1113 2467 1165 in
2494 1111 2734 1167 editione
2764 1108 3234 1174 Commeliniana;
3284 1122 3475 1161 verum
3503 1107 3705 1162 exinde

447 1209 839 1303 comperimus,
873 1209 1151 1280 antiquius
1178 1206 1350 1263 fuisse
1380 1206 1529 1260 illam
1564 1206 1708 1277 typis
1745 1206 2077 1260 mandatam.

518 1299 808 1355 Homiliam
847 1302 900 1355 in
930 1300 990 1357 S.
1035 1301 1302 1357 Andream
1332 1300 1523 1356 Latine
1561 1301 1710 1355 dedit
1751 1299 1991 1359 Thomas
2020 1302 2265 1368 Caletus,
2307 1303 2359 1361 J.
2393 1305 2480 1371 C.,
2525 1320 2668 1360 anno
2698 1303 2856 1369 1615,
2916 1302 3188 1375 Lugduni,
3217 1301 3416 1359 Carolo
3460 1300 3705 1358 Fabiano

381 1450 402 1469 ,
450 1394 765 1464 interprete,
799 1409 924 1448 cum
951 1394 1075 1449 aliis
1104 1394 1444 1449 diversorum
1477 1392 1703 1447 Patrum
1733 1395 1972 1465 scriptis,
2007 1411 2061 1465 p.
2092 1394 2220 1449 250.

518 1487 761 1543 Libellus
792 1487 869 1542 De
895 1503 1110 1557 corpore
1143 1499 1192 1543 et
1227 1490 1408 1543 anima
1445 1497 1529 1544 est
1568 1488 1934 1559 fragmentum
1974 1490 2221 1545 avulsum
2264 1507 2331 1546 ex
2359 1492 2502 1546 libro
2536 1491 2614 1546 De
2660 1490 3077 1561 deﬁnitionibus,
3113 1506 3237 1545 cum
3271 1490 3451 1560 aliqua
3492 1489 3707 1545 discre-

446 1582 654 1651 pantia.
684 1580 823 1635 Huic
853 1582 979 1637 item
1007 1579 1164 1636 aliine
1204 1582 1482 1652 quidpiam
1518 1580 1746 1636 habetur
1773 1590 1811 1635 t.
1846 1583 1865 1637 l
1895 1584 1997 1640 sub
2032 1583 2214 1648 ﬁnem,
2253 1584 2307 1638 in
2346 1584 2698 1656 fragmentis;
2731 1585 2826 1640 sed
2874 1587 3032 1658 longe
3075 1587 3426 1657 praestantius
3467 1586 3607 1641 istis.
3636 1584 3705 1641 Et

446 1691 578 1729 vero
609 1674 725 1727 ﬁeri
748 1675 946 1744 potuit,
978 1681 1037 1728 ut
1070 1674 1162 1745 qui
1195 1675 1297 1730 hoc
1326 1672 1405 1728 De
1427 1689 1643 1744 corpore
1667 1685 1717 1730 et
1752 1677 1932 1731 anima
1976 1677 2301 1746 opusculum
2350 1678 2630 1733 mandavit
2664 1677 2881 1744 litteris,
2908 1678 3095 1749 aliqua
3122 1696 3186 1735 ex
3233 1681 3380 1737 veris
3412 1676 3705 1735 Athanasii

450 1773 708 1843 operibus
739 1774 810 1827 sit
840 1780 1140 1829 mutuatus.

530 1867 652 1921 Vita
704 1875 903 1921 sancta:
948 1866 1284 1935 Syncleticw,
1318 1867 1464 1922 haud
1510 1866 1748 1937 imperiti
1781 1866 2020 1922 hominis
2047 1882 2207 1937 opus,
2239 1866 2467 1939 pulchre
2498 1866 2565 1921 ad
2593 1881 2778 1923 mores
2807 1863 3174 1923 instituendos
3206 1864 3531 1919 concinnata
3562 1869 3647 1917 est
3685 1877 3698 1913 :

449 1973 577 2013 nam
607 1958 952 2029 longiuscula
972 1957 1120 2023 licet,
1153 1958 1314 2012 unica
1339 1973 1477 2030 pene
1507 1957 1891 2013 adhortatione
1931 1958 2200 2024 solvitur;
2232 1958 2309 2011 ita
2346 1966 2406 2012 ut
2439 1972 2560 2026 qua“:
2589 1956 2859 2027 ejusmodi
2886 1955 2951 2010 ad
2995 1955 3232 2025 virgines
3266 1953 3568 2023 paraenesiu
3600 1950 3706 2003 ha-

447 2052 637 2109 buisse
657 2052 852 2118 fertur,
883 2067 1112 2123 quaeque
1142 2052 1197 2107 in
1227 2052 1457 2123 juvenili
1501 2059 1660 2107 aetate
1688 2066 1807 2107 eam
1841 2066 1971 2108 orsa
1997 2049 2219 2116 dicitur,
2251 2066 2316 2106 ea
2366 2051 2617 2107 absoluta
2645 2050 2922 2121 octoginta
2960 2063 3133 2102 annos
3161 2054 3290 2101 nata
3321 2061 3445 2101 mox
3488 2057 3732 2098 memo-'

448 2152 622 2199 retur.
658 2142 883 2200 Erudite
921 2159 1087 2215 porro
1114 2144 1167 2197 in
1208 2159 1272 2200 ea
1311 2144 1651 2214 disceptatur
1679 2152 1873 2197 contra
1903 2142 2098 2207 fatum,
2131 2149 2184 2197 et
2212 2150 2402 2197 contra
2441 2142 2705 2213 genesim,
2750 2143 2865 2198 sive
2895 2143 3361 2213 genethliacorum
3395 2140 3700 2196 scientiam.

451 2235 556 2291 Sed
593 2237 1043 2307 praistantissima
1077 2236 1320 2292 omnium
1350 2245 1499 2302 sunt,
1526 2253 1648 2308 qua:
1678 2247 1866 2293 contra
1896 2237 2020 2293 illos
2044 2236 2348 2308 proﬂigatis
2377 2238 2624 2293 moribus
2651 2236 2925 2301 homines,
2958 2254 3191 2309 quorum
3224 2238 3279 2292 in
3324 2251 3390 2291 eo
3429 2242 3542 2289 tota
3575 2247 3704 2301 spes

450 2341 555 2399 est,
588 2340 649 2387 ut
679 2333 734 2387 in
762 2334 992 2388 nihilum
1015 2342 1140 2388 eant
1165 2333 1211 2387 si
1253 2333 1474 2403 quando
1513 2333 1732 2389 vivendi
1764 2332 1926 2388 ﬁnem
1958 2333 2195 2388 faciant:
2229 2333 2321 2403 qui
2357 2334 2403 2389 si
2432 2340 2544 2387 tam
2576 2333 2775 2388 misera
2802 2348 2900 2403 spe
2926 2333 3142 2397 cadant,
3178 2338 3233 2386 et
3262 2328 3458 2384 cadent
3486 2325 3701 2395 utique,

450 2432 713 2494 quantum
760 2425 827 2481 iis
861 2427 1210 2496 supplicium,
1256 2428 1352 2499 qui
1399 2428 1523 2484 ideo
1554 2429 1611 2483 in
1656 2435 1737 2483 tot
1775 2428 1985 2484 scelera
2028 2435 2429 2499 proruperunt,
2471 2429 2616 2499 quod
2669 2427 2807 2483 falsa
2858 2428 3116 2499 Opinione
3165 2427 3387 2497 impune
3435 2423 3537 2478 sibi
3585 2419 3707 2477 fore

452 2515 782 2585 sperarent?
810 2514 886 2570 Ex
912 2517 1017 2571 boc
1040 2518 1227 2588 itaque
1261 2518 1545 2573 hominum
1581 2533 1781 2589 genere
1818 2524 1997 2583 erant,
2028 2519 2125 2587 qui
2151 2519 2316 2590 impie
2344 2519 2612 2586 dicerent,
2644 2520 2879 2574 animam
2909 2534 3031 2574 esse
3059 2518 3243 2573 ﬂorem
3286 2525 3513 2579 naturae,
3541 2514 3705 2585 cujus

453 2607 660 2663 sciticet
687 2606 943 2662 interitus
974 2622 1099 2661 cum
1132 2608 1328 2678 plantae
1361 2609 1479 2664 sive
1507 2608 1756 2679 corporis
1786 2608 2011 2663 interitu
2041 2611 2353 2666 necessario
2375 2611 2706 2682 coniunctus
2727 2618 2891 2667 esset.
2924 2611 3061 2682 Ipsis
3085 2625 3217 2666 sane
3237 2610 3529 2680 gentilibus
3551 2608 3706 2663 dete—

455 2700 662 2755 riores:
694 2701 786 2771 qui
820 2705 1101 2771 praamium
1133 2704 1321 2774 probe,
1351 2704 1679 2775 supplicium
1709 2702 1956 2772 improbe
1976 2704 2284 2761 viventibus
2309 2706 2425 2763 fore
2454 2709 2796 2764 aestimabant
2821 2723 2833 2759 :
2869 2707 2995 2761 audi
3024 2706 3438 2777 Platonem_(a):
3474 2704 3704 2759 Ἀθάνα-

454 2808 547 2856 τος
576 2796 609 2864 ἡ
619 2794 732 2865 μῶν
758 2797 792 2867 ἡ
828 2796 974 2869 ψυχὴ
1005 2799 1101 2851 καὶ
1129 2799 1385 2853 οὐδέποτε
1410 2799 1726 2853 ἀπόλλυται.
1754 2796 1822 2851 Ει
1861 2797 1985 2855 infe]

1883 2797 2094 2855 nferius
2130 2810 2358 2871 pugnat,
2387 2802 2649 2873 improbis
2677 2817 2870 2873 poenas
2908 2817 3031 2858 esse
3066 2807 3412 2874 praeparatas.

522 2884 648 2941 Hec
681 2888 817 2943 satis
845 2898 1029 2945 sunto.
1062 2889 1226 2945 Plura
1254 2892 1322 2948 de
1354 2893 1588 2964 singulis
1618 2892 1723 2947 hoc
1762 2891 1821 2946 in
1848 2903 1996 2947 tomo
2018 2894 2365 2951 exstantibus
2394 2894 2450 2949 in
2495 2896 2733 2966 propriis
2776 2895 3116 2967 singulorum
3157 2889 3620 2948 admonitionibus
3647 2896 3706 2945 et

450 2981 508 3037 in
540 2981 686 3036 lotis
708 2983 967 3052 reperies.
1004 2981 1185 3051 Salve,
1217 2985 1429 3041 erudite
1462 2986 1654 3053 lector,
1687 2990 1743 3040 et
1776 2983 1864 3041 his
1893 2983 2033 3040 fave.

527 3140 607 3211 (α)
638 3140 759 3197 Lib.
787 3159 822 3197 ι
853 3144 928 3197 De
956 3142 1180 3213 republ.,
1212 3159 1317 3215 pag
1346 3144 1451 3200 608
1470 3143 1601 3201 edit.
1624 3143 1691 3199 Η.
1725 3142 2011 3216 Stephani.

1141 3444 1620 3511 CATALOGUS
1657 3441 2409 3509 MANUSCRIPTORUM
2443 3446 2548 3507 ET
2586 3444 3008 3507 EDITORUM

1291 3615 1543 3690 Quibus
1573 3615 1643 3678 in
1677 3614 1963 3679 editione
1995 3616 2267 3700 hujusce
2304 3621 2456 3681 tomi
2489 3620 2596 3681 usi
2634 3631 2881 3680 sumus.

463 3779 655 3839 [rimo
672 3780 837 3839 editis
860 3778 920 3837 S.
951 3780 1237 3838 Athanasii
1282 3781 1540 3839 omnibus
1569 3798 1695 3839 cum
1724 3785 1938 3842 Latinis
1984 3794 2100 3841 tum
2148 3786 2579 3843 Graeco-Latinis
2612 3786 2699 3843 usi
2748 3800 2938 3842 sumus
2978 3797 3215 3854 semper,
3247 3780 3484 3836 maxime
3526 3788 3712 3836 tamen

1526 3855 1770 3911 omnium
1792 3856 2226 3914 Commcliliana
2247 3866 2302 3915 et
2332 3856 2653 3914 Parisiensi.

534 4083 602 4159 In
631 4084 927 4159 librumde
940 4082 1461 4159 IncarnationerUsi
1475 4101 1665 4142 sumus
1693 4094 1906 4141 tantum
1921 4085 2027 4159 Cy-
2172 4084 2274 4159 υ1η
2307 4082 2498 4159 librum
2527 4082 2624 4159 Ade
2644 4079 2878 4159 Subhato
2909 4086 2961 4133 et
2994 4076 3425 4159 Circumcisione.
3458 4108 3529 4118 ——
3549 4074 3717 4159 Codi-

458 4156 567 4225 rilli
597 4156 759 4211 editis
791 4156 884 4209 ubi
913 4154 1028 4210 haec
1062 4164 1241 4225 esstat
1268 4155 1518 4225 epistola.
1969 4146 1986 4159 ’
2137 4156 2297 4211 cibus
2324 4153 2496 4224 Regio
2523 4152 2687 4225 2284,
2720 4158 2776 4206 et
2806 4148 3144 4219 Segueriano
3163 4157 3217 4207 et
3241 4147 3593 4203 Felckmanni
3636 4146 3715 4205 le-

533 4224 600 4300 Ιῃ
624 4225 1058 4300 Τεεεξηισηὶαλεω
1089 4223 1369 4300 Scriptura
1396 4242 1663 4300 saera._—
1685 4226 1905 4300 Codicis
1930 4244 2029 4283 cu-
2136 4223 2680 4300 ctionibps’iisdcmn
2747 4291 2777 4300 _
2945 4299 2949 4300 ν
3138 4288 3176 4300 _
3210 4250 3227 4300 _~
3265 4288 3279 4300 ‘
3476 4288 3487 4300 -
3519 4288 3533 4300 _
3607 4288 3645 4300 Α

454 4295 677 4365 jusdam
726 4295 984 4366 Vaticani
1042 4288 1317 4366 exscripto
1354 4303 1408 4350 et
1448 4294 1801 4352 Felckmanni
1844 4300 2036 4354 lectio-
2213 4296 2279 4350 In
2309 4294 2605 4349 Homiliam
2646 4291 2714 4366 de
2741 4291 3001 4366 Semente.
3026 4320 3097 4330 —
3136 4288 3489 4345 Felckmanni
3519 4288 3720 4345 lectio-

460 4361 626 4446 nibus
649 4366 900 4421 codicum
936 4361 1292 4446 ‘Basiliensis,
1321 4366 1625 4437 Anglicani,
1685 4366 2037 4424 Felckmanni
2135 4361 2867 4446 uiliuscodicisnAnglicani.
2903 4430 2944 4446 n
3190 4438 3233 4446 μ
3419 4430 3484 4446 ΠΛ

458 4436 621 4506 primi
648 4452 717 4506 ac
747 4435 996 4493 secundi.
1279 4428 1286 4431 ⁷
1410 4428 1437 4437 ⁷
1485 4505 1512 4506 η
1612 4428 1620 4431 ’
2209 4435 2278 4491 In
2304 4436 2438 4489 illud
2480 4453 2498 4491 :
2533 4428 2768 4506 Profecti
2815 4432 2869 4506 in
2903 4430 3262 4506 Pagiim,_etc_.
3306 4462 3374 4470 -—
3417 4428 3719 4506 Codicibus

536 4505 604 4560 In
636 4504 1323 4579 EpistotamHCatltolicam,
1371 4521 1439 4579 εξ
1467 4505 1812 4579 Εειειςιηαηηὶ
1843 4507 2038 4562 codici-
2137 4507 2309 4579 Regio
2336 4506 2499 4579 2284,
2531 4516 2587 4560 et
2636 4500 3001 4579 Segueriano,
3021 4511 3075 4557 et
3116 4500 3466 4557 Felckmanni
3518 4500 3719 4555 lectio-

465 4576 583 4633 bus.
613 4575 692 4649 -έ
711 4576 1061 4649 Lectionibus
1106 4578 1357 4633 codicum
1407 4576 1725 4634 Basiliensis
1782 4579 1943 4649 primi
1985 4586 2038 4633 et
2069 4594 2090 4621 ο
2139 4575 2303 4649 uilius
2338 4578 2588 4631 codicum
2619 4576 2712 4649 qui
2740 4575 3013 4649 superius.

464 4647 719 4718 secundi,
749 4648 1055 4718 Anglicani,
1083 4656 1191 4703 etc.
1381 4717 1428 4718 η
1782 4639 1802 4649 ’
2213 4647 2279 4702 In
2330 4663 2621 4702 sermonem
2641 4639 2651 4645 ’
2673 4647 2736 4718 i_n_
2753 4639 3090 4718 fossionem
3115 4651 3175 4718 _et
3214 4641 3433 4718 Crucem
3479 4639 3713 4718 Domini.

537 4717 604 4773 In
625 4711 996 4789 refutationem
1034 4711 1327 4789 hypocrisis
1372 4717 1578 4789 Meletii
1617 4727 1668 4773 et
1696 4718 1912 4773 Eusebii
1936 4718 2040 4773 Sa-
2138 4750 2209 4760 —
2232 4718 2435 4789 Codice
2478 4718 2650 4788 Regio
2673 4713 2835 4769 2284.
2870 4711 2937 4767 Et
2984 4712 3337 4769 Felckmanni
3386 4712 3719 4767 lectionibus

464 4789 804 4844 mosatensis.
856 4819 928 4829 -
959 4788 1312 4844 Lectionibus
1361 4788 1568 4844 codicis
1622 4790 2041 4845 eminentissimi
2139 4788 2353 4846 iisdem.

464 4859 766 4914 cardinalis
801 4857 1057 4914 Ottolioni
1099 4868 1154 4915 et
1197 4858 1547 4915 Felckmanni
1592 4860 1918 4915 lectionibus
1948 4876 2042 4915 co-
2214 4858 2280 4913 In
2308 4858 2501 4912 librum
2529 4857 2593 4912 de
2626 4856 2958 4928 Virginitate.
2981 4885 3051 4894 —
3081 4852 3435 4909 Felckmanni
3459 4851 3719 4908 lectioni-

465 4930 654 4984 dicum
720 4928 1039 4987 Basiliensis
1094 4930 1122 4984 1
1168 4938 1248 4986 -et
1304 4930 1360 4996 2,
1414 4930 1741 4999 Anglicani,
1799 4929 2039 4988 Felckm.
2142 4931 2245 4985 bus
2270 4929 2481 4984 iisdem.

466 5000 494 5053 ἱ
523 5008 579 5070 et
600 5000 655 5054 2.
1348 4994 1354 4996 ⁷
1503 4994 1529 4999 “
1728 4994 1739 5070 ί
1955 5068 1964 5070 Α
2215 4999 2282 5055 1η
2317 4999 2578 5070 Syuopsin
2606 4998 2892 5070 Scripturte
2909 5011 3104 5070 sacrae.
3127 5026 3199 5070 _——
3233 4994 3352 5070 Uno
3378 5000 3590 5070 tantum
3617 5007 3717 5048 co—

538 5069 607 5124 In
634 5087 926 5126 sermonem
957 5071 1021 5126 de
1050 5071 1270 5127 lncarn.
1299 5071 1397 5127 Dei
1430 5070 1605 5126 Verbi.
1624 5100 1693 5111 —
1712 5069 1914 5127 Codice
1945 5068 2044 5126 Se-
2143 5071 2264 5127 dice
2293 5065 2378 5126 usi
2426 5065 2555 5125 sunt
2598 5065 3018 5125 Commeliniani
3060 5067 3152 5135 qui
3200 5068 3354 5136 prius
3399 5065 3710 5127 ediderunt,

467 5142 733 5214 gueriano
765 5139 1208 5214 etﬁFelckmianni
1244 5143 1572 5214 lectionibus
1595 5141 1845 5214 codicum
1885 5142 2042 5197 Basi-
2144 5142 2313 5198 codex
2341 5143 2452 5212 jam
2486 5142 2576 5214 ubi
2609 5147 2785 5214 exstet
2811 5139 3111 5207 ignoratur.
3143 5136 3225 5214 Ad
3257 5144 3719 5214 postremumar-

466 5205 677 5286 liensis,
707 5213 1017 5286 Anglicani,
1052 5213 1385 5286 Gobleriani,
1415 5211 1655 5286 Felckm.
1686 5214 1710 5266 1
1742 5220 1796 5268 et
1822 5213 1877 5268 2.
2146 5205 2370 5286 ticulum
2403 5212 2497 5281 qui
2536 5212 2726 5286 Latine
2749 5205 2961 5286 tanjum
2996 5205 3323 5286 eastabat'iu
3348 5207 3500 5286 prius
3521 5205 3712 5286 peditis,

539 5279 608 5334 In
631 5276 922 5338 sermo'nem
942 5276 1230 5341 tie—aeterna
1260 5283 1453 5339 Filiiet
1483 5283 1711 5351 Spiritus
1728 5286 1902 5338 sancti
1925 5301 2045 5338 cum
2146 5285 2230 5340 usi
2264 5276 2456 5339 sumus
2495 5283 2777 5337 codicibus
2826 5278 2995 5351 Regio
3021 5278 3181 5351 1807,
3208 5276 3717 5351 etesscriptoAalio

467 5350 984 5426 Deoexsistegtiaiet
1027 5366 1215 5411 contra
1237 5343 1595 5410 Sabeltianos.
1612 5384 1685 5426 τ-
1709 5352 2045 5426 Segueriano
2147 5371 2177 5409 a
2210 5354 2271 5410 Ι).
2301 5353 2502 5409 Jacobo
2523 5353 2633 5407 Mill
2655 5343 2937 5423 principali
2963 5349 3175 5421 collegii
3203 5343 3719 5404 8.Ε(1ιι]υιῐάὶοιοι

467 5422 659 5477 codice
706 5431 761 5478 et
790 5423 1139 5481 Felckmanni
1172 5427 1501 5482 lectionibus
1536 5422 2044 5481 codicum'eorum~
2146 5426 2372 5481 niensis.

466 5490 611 5565 ἀθῐΞι·
2223 5496 2292 5549 1η
2329 5495 2755 5565 Disputationem
2797 5491 3235 5565 contrauﬁrium
3260 5490 3337 5565 ἱξι⁸
3354 5487 3577 5565 concilio
3599 5489 3723 5565 dili-

539 5560 607 5616 In
629 5565 941 5637 orationem,
987 5568 1125 5637 quod
1151 5584 1287 5622 unus
1327 5567 1396 5623 sit
1438 5566 1704 5637 Christus.
1737 5599 1808 5611 —-
1840 5566 2043 5623 Codice
2149 5557 2684 5637 cteno.—C'odicibus
2706 5563 2893 5637 Regiis
2914 5561 3077 5637 255§,
3100 5560 3437 5637 2892,2919,
3456 5557 3718 5637 etFelck;

469 5628 803 5703 Segueriano
831 5645 885 5691 et
914 5628 1120 5693 Catena
1161 5642 1217 5694 in
1240 5638 1446 5694 Lucam
1473 5646 1526 5695 et
1551 5636 1919 5694 Felekmanni
1967 5639 2044 5694 le-
2152 5637 2339 5690 mauni
2378 5635 2704 5691 lectionibus
2742 5628 2992 5688 codicum
3024 5632 3363 5703 Basiliensis,
3389 5630 3720 5703 Augustaui,

462 5701 739 5761 ctionibus
772 5706 987 5763 iisdem.
2155 5707 2460 5779 Anglicani,
2494 5704 2806 5762 Felckman.
2842 5705 2905 5772 l,
2933 5703 2987 5771 2,
3018 5710 3071 5759 et
3096 5701 3430 5758 Goblcriani.
