3878 6196
424 223 496 279 25
1554 221 1611 276 s.
1653 213 2111 280 ATHANASIUS.
2150 243 2220 263 -ο
2251 189 2487 276 busta.
3608 220 3685 274 es

621 581 1325 676 ADMONITIO
1401 584 1528 671 IN
1607 585 2217 674 LIBELLUM
2298 584 2445 672 DE
2524 577 3480 671 INCARNATIONE.

503 895 733 954 Grandis
761 913 794 950 a
822 893 1001 948 multis
1031 901 1172 945 retro
1200 892 1411 945 saeculis
1439 891 1540 961 fuit
1568 893 1632 946 de
1660 895 1756 947 hoc
1783 897 2036 964 opusculo
2065 894 2442 950 controversia.
2479 891 2622 944 Nam
2662 906 2779 944 cum
2819 890 2956 942 inter
2988 887 3178 957 Cyrilli
3209 905 3369 958 opera
3399 890 3692 947 Athanasii

431 997 642 1052 nomine
669 999 990 1060 compareat,
1027 999 1076 1043 et
1107 988 1562 1060 Eutychianorum
1590 990 1779 1045 hwresi
1817 994 2146 1060 patrocinari
2188 992 2456 1054 uideatur,
2491 989 2610 1042 hinc
2654 985 2970 1054 Eutychiani
3009 995 3319 1054 argumenta
3371 988 3423 1040 in
3460 1004 3688 1042 suarum

430 1089 664 1160 partium
707 1081 1001 1137 subsidium
1046 1082 1274 1133 mutuati
1308 1090 1466 1143 sunt;
1499 1081 1595 1132 alii
1627 1091 1812 1134 contra
1860 1083 2188 1151 pugnabant,
2245 1081 2438 1135 librum
2490 1097 2592 1134 non
2649 1076 2930 1130 Athanasii
2981 1075 3070 1128 sed
3123 1076 3352 1130 lurrelici
3405 1081 3688 1148 cujusdam

434 1179 787 1237 Athanasium
817 1173 1144 1231 ementientis
1175 1186 1306 1232 esse,
1340 1179 1388 1222 et
1419 1169 1676 1222 insertum
1721 1170 1888 1239 fuisse
1932 1172 1986 1224 in
2017 1169 2206 1240 Cyrilli
2241 1169 2520 1238 epistolam
2553 1168 2621 1220 ad
2655 1165 2902 1233 Reginus.
2941 1164 3071 1218 Haec
3108 1178 3228 1220 sunt
3261 1165 3631 1236 Cyrilliuerba
3669 1185 3689 1226 Γ

433 1279 556 1334 ,Οτι
580 1277 636 1331 δὲ
666 1277 761 1330 καιι
801 1276 836 1346 ἡ
878 1271 1126 1331 Θεοτόκος
1164 1271 1313 1337 φωνὴ
1359 1266 1452 1320 καὶ⁹
1491 1267 1673 1330 αὐτοῖς
1713 1266 1901 1334 γέγονε
1937 1267 2170 1338 συνήθης
2204 1271 2315 1329 τοῖς
2348 1266 2453 1334 πρὸ
2490 1264 2643 1335 ἡμῶν
2686 1262 2859 1330 ἁγίοις
2891 1259 3178 1328 πατράσιν,
3219 1259 3266 1310 οἳ
3303 1261 3394 1312 καὶ
3433 1261 3519 1313 ἐπ’
3548 1262 3687 1334 ὀρθῇ

433 1367 799 1441 θαυμάζονται
830 1365 1030 1422 πίστει.
1067 1361 1161 1414 καὶ
1186 1361 1265 1422 εἰς
1287 1357 1445 1430 δεῦρο
1473 1361 1605 1412 πᾶσι
1631 1361 1743 1422 τοῖς
1767 1359 1868 1412 ἀνὰ
1901 1361 2102 1422 πᾶσαν,
2128 1360 2202 1422 ὡς
2234 1359 2362 1421 ἔπος
2390 1359 2581 1419 εἰπεῖν,
2611 1356 2708 1426 τὴν
2739 1355 2828 1407 ὑπ’
2855 1352 3097 1423 οὐρανὸν,
3130 1351 3237 1402 δεῖν
3263 1349 3447 1422 ᾠήθην
3471 1353 3690 1423 ἀληθῶς

434 1467 728 1536 ἀποφῆναι.
768 1465 884 1517 Ἵνα
909 1462 1016 1532 γὰρ
1053 1459 1125 1529 μὴ
1169 1456 1381 1527 δοκοίην
1417 1457 1476 1509 τὸ
1510 1459 1588 1519 εἰς
1629 1455 1752 1510 νοῦν
1782 1452 1914 1528 ἧκον
1949 1457 2135 1520 ἁπλῶς
2180 1455 2556 1518 ἀϐασανίστως
2587 1453 2783 1522 λέγειν,
2821 1453 2886 1503 ἐκ
2917 1450 3022 1502 τῶν
3049 1450 3272 1513 ἐκείνοις
3305 1452 3692 1524 πεποιημένων

435 1555 650 1625 βιϐλίων
678 1555 734 1605 ὲν
763 1555 830 1624 τῇ
877 1547 1172 1618 Ἐκκλησία
1201 1545 1268 1599 τὰ
1310 1547 1389 1608 είς
1419 1545 1576 1598 τοῦτο
1604 1547 1848 1616 χρήσιμα
1897 1543 2343 1612 συνεισενεγκὼν,
2401 1543 2494 1595 καὶ
2533 1540 2797 1613 παραθεὶς
2845 1540 2925 1600 εἰς
2968 1536 3256 1598 ἀπόδειξιν,
3293 1542 3691 1610 κατασφραγιῶ

433 1651 514 1710 είς
545 1645 801 1717 ἀλήθειαν
829 1645 952 1705 τοὺς
981 1635 1217 1710 ἐμαυτοῦ
1247 1636 1454 1704 λόγους.
1489 1636 1631 1706 Ἔφη
1655 1637 1834 1690 τοίνυν
1862 1637 1938 1699 ὡς
1967 1635 2183 1706 ἀληθῶς
2207 1637 2235 1686 ὀ
2260 1633 2656 1707 τρισμακάριος
2683 1632 2775 1684 καὶ
2801 1629 3081 1697 διαϐόητος
3106 1629 3184 1690 εἰς
3214 1628 3491 1684 εὐσέϐειαν
3527 1631 3693 1684 Ἀθα-

430 1736 632 1798 νάσιος,
677 1734 705 1784 ὁ
732 1731 1023 1801 γενόμενος
1052 1731 1192 1784 κατὰ
1222 1733 1449 1803 καιροὺς
1476 1733 1576 1802 τῆς
1617 1733 2008 1804 Ἀλεξανδρέων
2059 1733 2388 1802 Ἐκκλησίας
2419 1732 2736 1794 ἐπίσκοπος,
2766 1732 2822 1782 ἐν
2868 1726 2947 1797 τῷ
2989 1725 3129 1791 Περὶ
3157 1727 3513 1794 σαρκὼσεως
3543 1728 3692 1800 λόγῳ

431 1828 561 1899 περὶ
599 1823 835 1898 Χριστοῦ
885 1824 1032 1877 τάδε.
1077 1820 1144 1875 Id
1172 1831 1248 1875 est
1284 1837 1301 1874 :
1331 1821 1486 1887 Quod
1529 1833 1706 1876 autem
1737 1839 1861 1887 vox,
1894 1821 2143 1892 Deipara,
2179 1822 2382 1876 sanctis
2416 1819 2674 1874 Patribus
2712 1818 2806 1887 qui
2857 1831 2957 1870 nos
2990 1826 3352 1880 antecessere,
3387 1820 3588 1889 quique
3617 1821 3692 1876 ob

430 1928 636 1975 rectam
672 1933 828 1974 suam
860 1916 1040 1979 ﬁdem,
1079 1931 1189 1970 non
1223 1918 1344 1972 sine
1373 1918 1733 1974 admiratione
1762 1920 2079 1986 laudantur,
2119 1919 2461 1990 frequentata
2514 1918 2698 1980 fuerit,
2737 1931 2949 1972 necnon
2987 1915 3053 1968 ad
3093 1915 3194 1968 hoc
3241 1931 3416 1986 usque.
3445 1925 3687 1988 tempus,

432 2026 531 2084 per
567 2018 766 2074 totum,
816 2017 877 2062 ιιι
910 2008 987 2062 ita
1031 2009 1233 2072 dicam,
1282 2008 1470 2063 orbem
1517 2017 1787 2063 terrarum
1824 2009 1878 2064 in
1917 2026 2018 2064 usu
2062 2013 2153 2071 sit,
2199 2007 2668 2077 con-iprobandum
2700 2023 2820 2062 esse
2863 2010 3192 2067 existimavi.
3223 2011 3298 2066 Ne
3330 2013 3516 2067 videar
3539 2016 3689 2070 enim

431 2115 642 2161 temere
683 2110 738 2158 et
770 2101 1172 2158 inconsiderate
1201 2104 1348 2175 quod
1377 2105 1432 2158 in
1465 2113 1699 2159 mentem
1735 2106 1885 2160 venit
1914 2103 2146 2170 cﬂ'utire,
2179 2103 2518 2175 argumentis
2553 2102 2764 2157 idoneis
2791 2119 2858 2158 ex
2890 2104 3044 2159 libris
3073 2122 3213 2176 quos
3243 2108 3320 2161 illi
3354 2108 3406 2162 in
3442 2107 3689 2163 Ecclesia

431 2213 789 2269 composuere
826 2197 1108 2260 mutuatis,
1139 2197 1442 2252 orationem
1480 2213 1651 2251 meam
1691 2198 1759 2252 ad
1788 2200 1864 2252 rei
1894 2197 2050 2252 ﬁdem
2079 2197 2402 2266 obsignabo.
2433 2197 2519 2248 Ait
2547 2197 2709 2266 igitur
2742 2196 3097 2252 beatissimus
3129 2213 3191 2253 ac
3220 2199 3435 2269 pictatis
3469 2201 3693 2256 nomine

433 2290 825 2346 celeberrimus
855 2287 1214 2351 Athanasius,
1242 2288 1371 2342 olim
1401 2287 1784 2343 Alexandrina:
1817 2289 2075 2344 Ecclesiae
2099 2289 2394 2358 episc0pus
2434 2287 2488 2342 in
2536 2287 2679 2340 libro
2722 2286 2796 2340 De
2831 2287 3229 2356 Incarnalione,
3261 2291 3327 2345 de
3350 2290 3568 2344 Christo
3604 2291 3691 2344 lo-

432 2395 630 2451 quens,
674 2379 932 2435 isthmc...
969 2377 1238 2446 Aﬂ'ertque
1268 2376 1458 2430 exinde
1484 2377 1773 2430 maximam
1804 2388 2008 2446 partem
2036 2377 2295 2445 opusculi.
2331 2376 2472 2442 Quia
2509 2392 2626 2430 vero
2657 2377 2808 2430 initio
2840 2377 3004 2434 libelli
3036 2383 3231 2435 dicitur
3262 2383 3314 2435 in
3345 2382 3555 2436 Christo
3582 2398 3691 2436 non

429 2475 568 2530 duas
608 2492 721 2530 8888
763 2485 984 2529 naturas
1031 2473 1122 2527 88d
1158 2490 1318 2527 unam
1372 2481 1620 2526 naturam
1654 2474 1960 2526 incarnatam

2159 2491 2192 2526 ,ν
2221 2472 2382 2541 φύσιν
2412 2471 2856 2542 σεσαρκωμὲνην,
2879 2473 2990 2527 Ιιατ
3027 2476 3345 2546 Eutyrhiani
3390 2478 3442 2530 in
3487 2475 3690 2547 synodo

432 2569 847 2626 Chalcedonensi
877 2567 1166 2639 aﬂ'erebant
1197 2584 1250 2638 p.
1289 2567 1414 2631 181,
1451 2569 1526 2621 sic
1555 2584 1572 2621 :
1616 2567 1758 2635 Ἐγὼ
1793 2568 1849 2621 δὲ
1895 2586 1963 2640 χρ

2171 2567 2279 2638 ἔχω
2327 2567 2433 2621 τῶν
2475 2567 2646 2634 ἁγίων
2679 2568 2952 2638 πατέρων,
3000 2567 3335 2631 Ἀθανασίου,
3365 2569 3690 2638 Γρηγορίου,

431 2663 723 2734 Κυρίλλου,
756 2663 814 2714 ὲν
849 2661 1062 2724 πολλοῖς
1087 2660 1298 2725 τόποις,
1325 2662 1405 2714 ὅτι
1435 2662 1496 2714 οὐ
1536 2661 1617 2714 δεῖ
1644 2662 1824 2730 λέγειν
1871 2663 2010 2733 μετὰ
2046 2661 2144 2732 τὴν
2185 2662 2379 2715 ἕνωσιν
2413 2661 2505 2714 δύο
2545 2662 2753 2730 φύσεις,
2799 2661 2936 2714 ἀλλὰ
2970 2661 3098 2730 μίαν
3134 2661 3564 2731 σεσαρκωμὲνην
3591 2659 3691 2713 τοῦ

434 2759 610 2828 Λόγου
639 2759 821 2828 φύσιν.
857 2757 972 2812 Hoc
994 2765 1072 2812 est
1103 2770 1120 2809 :
1156 2755 1269 2827 Ego
1301 2772 1432 2811 vero
1457 2772 1558 2811 usu
1592 2768 1904 2812 sanctorum
1938 2757 2182 2819 Patrum,
2214 2757 2518 2820 Athanasii,
2554 2755 2826 2825 Gregorii,
2861 2755 3050 2828 Cyrilli
3087 2759 3140 2812 in
3177 2760 3364 2814 multis
3394 2759 3526 2814 locis
3560 2773 3693 2826 pro-

433 2849 567 2906 bare
595 2867 842 2922 possunt,
886 2867 994 2906 non
1029 2851 1295 2908 dicendas
1326 2869 1449 2910 esse
1488 2863 1612 2924 post
1645 2855 1901 2909 unionem
1928 2856 2065 2910 duas
2093 2863 2340 2920 naturas,
2375 2855 2468 2910 sed
2513 2870 2675 2908 unam
2706 2855 3044 2908 incarnatam
3078 2855 3242 2910 Verbi
3272 2865 3540 2917 naturam.
3574 2857 3691 2910 Alii

437 2948 717 3002 adversum
747 2944 1129 3000 contendebant
1160 2945 1396 3000 libellum
1439 2947 1722 3001 Athanasii
1753 2966 1858 3003 non
1884 2966 2015 3013 esse,
2053 2949 2144 3003 sed
2173 2949 2564 3018 supposititium
2593 2957 2640 3002 et
2670 2947 2912 3018 qua'dam
2939 2948 3094 3019 hujus
3121 2950 3246 3003 libri
3275 2968 3390 3021 qum
3420 2969 3451 3002 a
3484 2949 3692 3019 Cyrilla

436 3040 750 3105 laudantur,
774 3039 972 3092 inserta
997 3036 1061 3090 ab
1086 3036 1345 3092 haereticis
1373 3037 1537 3106 fuisse
1559 3041 1611 3093 in
1639 3040 1878 3109 operibus
1904 3038 2096 3111 Cyrilli
2121 3043 2327 3094 nomine
2356 3040 2656 3094 Athanasii.
2684 3040 2824 3092 Audi
2848 3039 3120 3096 Leontium
3145 3043 3455 3098 advocatum
3479 3043 3698 3113 Byzan-

433 3140 606 3194 tinum
641 3136 718 3191 De
759 3134 949 3201 sectis,
977 3133 1182 3186 actione
1213 3142 1419 3189 octava.
1468 3135 1666 3204 Aliam,
1711 3137 1902 3206 inquit,
1949 3137 2229 3206 proferunt
2273 3137 2654 3191 auctoritatem
2703 3136 2878 3191 sancti
2923 3135 3206 3191 Athanasii
3238 3151 3303 3189 ex
3333 3137 3577 3189 oratione
3618 3134 3697 3188 De

435 3233 838 3294 Incarnatione,
872 3243 994 3300 qua:
1021 3227 1240 3298 quidem
1274 3227 1587 3296 huiusmodi
1615 3235 1700 3283 est
1737 3249 1750 3283 :
1787 3229 2039 3284 eumdem
2073 3245 2198 3285 esse
2241 3228 2333 3283 Dei
2374 3227 2595 3292 Filium,
2644 3228 2857 3282 ratione
2890 3227 3140 3296 spiritus,
3172 3238 3223 3280 et
3254 3226 3492 3280 hominis
3523 3225 3698 3280 lilium

434 3326 648 3381 ratione
677 3321 862 3377 carnis
888 3337 902 3373 ε
929 3334 1037 3373 non
1061 3318 1198 3372 duas
1218 3324 1446 3373 naturas
1476 3334 1643 3374 unum
1671 3319 1821 3373 illum
1849 3318 2045 3373 Filium
2079 3340 2090 3373 ε
2119 3335 2350 3390 quarum
2383 3335 2491 3374 una
2522 3320 2594 3374 sit
2617 3320 2914 3380 adoranda.
2946 3333 3054 3374 non
3080 3318 3357 3372 adoranda
3388 3318 3458 3372 sit
3480 3318 3651 3372 altera
3678 3337 3692 3372 :

435 3418 530 3476 sed
555 3432 716 3472 unam
733 3424 1006 3470 naturam.
1031 3411 1125 3468 Dei
1150 3412 1417 3468 sermonis
1438 3413 1796 3469 incarnatam.
1814 3412 2225 3484 Respondemus
2245 3417 2420 3486 primo
2436 3416 2641 3471 dictum
2659 3417 2761 3469 hoc
2779 3416 2938 3470 nobis
2960 3429 3066 3470 non
3083 3413 3383 3469 adversari.
3404 3411 3515 3465 Non
3541 3413 3692 3467 enim

435 3517 574 3571 duas
602 3521 826 3568 naturas
847 3511 919 3564 ita
940 3511 1207 3564 tradimus
1229 3519 1288 3562 ut
1306 3507 1560 3564 adoretur
1574 3525 1699 3573 una,
1722 3525 1830 3564 non
1849 3510 2106 3566 adoretur
2129 3511 2297 3566 altera
2317 3529 2330 3566 :
2350 3511 2443 3566 sed
2463 3526 2623 3564 unam
2639 3510 2932 3565 statuimus
2949 3522 3072 3563 esse
3090 3513 3336 3559 naturam
3372 3504 3464 3559 Dei
3483 3520 3697 3559 sermo-

436 3608 524 3664 nis
547 3609 907 3662 incarnatam.
930 3603 1134 3659 Deinde
1155 3621 1222 3658 ne
1235 3603 1453 3674 quidem
1480 3615 1563 3660 est
1579 3604 1863 3661 Athanasii
1889 3622 2045 3672 ;nam
2067 3621 2193 3660 cum
2209 3622 2238 3660 a
2263 3607 2420 3661 nobis
2438 3607 2866 3677 interrogantur,
2890 3602 2981 3658 ubi
3012 3601 3220 3657 dictum
3235 3600 3338 3653 hoe
3367 3607 3572 3665 exstet;
3593 3615 3700 3653 nec

434 3704 556 3772 eius
583 3701 908 3758 ostendendi
934 3700 1149 3770 copiam
1173 3699 1373 3754 habent
1406 3719 1420 3754 :
1451 3701 1507 3755 in
1537 3709 1747 3755 arctum
1773 3704 1952 3756 coacti
1983 3704 2236 3774 pusillam
2265 3702 2559 3772 quamdam
2587 3704 2890 3758 orationem
2920 3698 3235 3770 proferunt,
3277 3695 3434 3765 quasi
3459 3694 3701 3749 duorum

437 3797 718 3862 foliorum,
755 3797 808 3849 in
849 3807 958 3864 qua
998 3793 1202 3847 dictum
1235 3793 1338 3848 hoc
1373 3793 1588 3865 legitur.
1617 3796 1687 3849 At
1717 3805 1906 3851 notum
1939 3807 2024 3853 est
2051 3797 2322 3852 universis
2351 3798 2534 3851 omnia
2575 3798 2750 3853 sancti
2786 3795 3074 3850 Athanasii
3110 3807 3278 3862 opera
3309 3791 3466 3846 valde
3503 3803 3702 3860 magna

436 3911 580 3953 esse.
616 3891 756 3958 Quid
786 3898 962 3943 autem
996 3887 1064 3940 ad
1104 3888 1206 3941 hoc
1242 3888 1716 3956 respondebimus,
1758 3887 1905 3960 quod
1942 3889 2158 3943 beatum
2191 3888 2453 3959 Cyrillum
2485 3888 2814 3958 producunt,
2855 3891 3116 3944 citantem
3169 3887 3274 3941 hoc
3318 3885 3524 3940 dictum
3559 3886 3704 3940 libro

441 3989 706 4041 Adversus
749 3980 1104 4042 Theodorum,
1140 3981 1301 4049 quasi
1346 3982 1656 4052 profectum
1703 3984 1772 4038 ab
1811 3983 2152 4038 Athanasio?
2190 3981 2456 4036 Nimirum
2505 3982 2762 4049 dicimus,
2807 3997 3003 4053 reapse
3038 3981 3259 4051 quidem
3294 3980 3428 4034 illud
3463 3979 3517 4032 in
3556 3979 3704 4033 beati

437 4083 626 4155 Cyrilli
654 4079 856 4135 Contra
887 4077 1216 4130 Theodorum
1245 4077 1534 4134 invectivis
1571 4079 1671 4148 legi
1701 4097 1714 4134 :
1757 4079 1851 4134 sed
1884 4078 2141 4134 mendum
2172 4093 2296 4132 esse
2325 4077 2592 4148 priscum.
2627 4076 2923 4132 Dioscorus
2961 4077 3131 4140 enim,
3168 4089 3458 4130 successor
3494 4072 3553 4125 B.
3595 4073 3706 4144 Cy-

437 4175 547 4230 rilli
589 4174 787 4238 factus,
820 4189 944 4228 cum
978 4173 1098 4242 ejus
1143 4183 1312 4242 Opera
1358 4175 1673 4243 reperisset,
1727 4175 1867 4228 forte
1906 4190 2016 4228 non
2051 4174 2254 4228 veritus
2299 4179 2384 4228 est
2415 4155 2658 4227 inserere
2688 4173 2973 4238 nonnulla,
3015 4188 3136 4243 qua:
3174 4172 3276 4241 ipsi
3307 4171 3540 4224 lubitum
3576 4169 3704 4225 fuit.

437 4265 625 4336 Neque
654 4280 786 4322 vero
815 4265 1150 4334 conjecturis
1181 4279 1282 4318 nos
1314 4265 1474 4318 modo
1505 4265 1626 4329 niti,
1664 4266 1810 4335 quod
1857 4264 1920 4318 Β.
1967 4263 2204 4336 Cyri-llus
2243 4263 2375 4318 illud
2421 4269 2616 4316 contra
2655 4261 3000 4318 Theodorum
3035 4257 3143 4315 non
3173 4259 3513 4331 produxerit,
3543 4274 3609 4312 ex
3640 4273 3709 4313 eo

439 4371 660 4426 quoque
694 4355 1048 4411 manifestum
1075 4364 1179 4416 est.
1215 4358 1351 4414 Nam
1384 4359 1766 4418 Theodoretus
1804 4363 1899 4433 qui
1937 4361 2286 4416 Theodorum
2326 4360 2675 4424 defendebat,
2711 4361 3000 4415 universas
3041 4359 3398 4412 auctoritates
3436 4356 3703 4419 refutans,

437 4461 800 4518 quascunque
827 4458 1050 4532 sa’nctus
1071 4448 1310 4519 Cyrillus
1345 4461 1536 4508 contra
1562 4453 1907 4509 Theodorum
1941 4455 2244 4510 de‘sanctis
2273 4452 2532 4510 Patribus
2562 4453 2884 4523 protulerat,
2913 4465 3185 4520 nusquam
3217 4450 3382 4518 hujus
3414 4449 3544 4502 dicti
3590 4461 3708 4501 me-

440 4540 619 4594 minit.
648 4545 718 4592 At.
749 4539 893 4593 enim
929 4540 1020 4594 isti
1055 4539 1322 4606 referunt,
1348 4558 1378 4596 a
1411 4541 1754 4599 Theodoreto
1785 4545 1982 4599 callide
2015 4544 2316 4610 omissum;
2347 4542 2493 4613 quod
2525 4543 2668 4598 enim
2721 4542 2987 4597 adversus
3015 4555 3135 4595 eam
3169 4537 3552 4592 auctoritatem
3570 4549 3708 4588 ocu-

437 4634 506 4689 lis
531 4632 778 4704 aspicere
806 4647 916 4686 non
945 4640 1150 4702 posset,
1195 4641 1256 4688 ut
1289 4634 1583 4690 admodum
1617 4638 1832 4707 planam
1856 4645 1911 4692 et
1935 4645 2179 4706 apertam
2203 4678 2216 4702 ,
2257 4637 2467 4692 ideirco
2503 4642 2698 4706 sponte
2731 4635 2800 4689 ab
2826 4635 2946 4704 ipso
2977 4631 3422 4702 praetermissam.
3455 4627 3711 4696 Respon-

437 4728 652 4792 demus,
689 4731 905 4779 tantum
940 4726 1133 4782 abesse
1163 4737 1224 4783 ut
1258 4745 1376 4784 eam
1406 4730 1787 4788 Theodoretus
1821 4732 1895 4800 ibi
1927 4732 2159 4802 positam
2204 4733 2485 4802 praeterire
2524 4731 2779 4794 voluerit,
2817 4736 2876 4782 ut
2909 4743 3034 4781 cum
3068 4727 3126 4782 Β.
3170 4725 3262 4780 ille
3294 4723 3536 4795 Cyrillus
3573 4721 3708 4776 alibi

437 4816 687 4881 dixisset,
713 4831 878 4870 unam
911 4825 1163 4873 naturam
1207 4817 1302 4874 Dei
1336 4822 1607 4877 sermonis
1650 4822 2014 4888 incarnatam,
2057 4822 2328 4891 siquidem
2362 4821 2616 4878 scivisset
2642 4821 3018 4875 Theodoretos
3047 4821 3101 4875 id
3129 4819 3352 4874 verbum
3383 4817 3529 4886 quod
3559 4813 3709 4884 apud

439 4909 704 4980 Cyrillum
732 4917 934 4973 exstat,
961 4928 1028 4966 ex
1054 4922 1244 4970 sancto
1277 4916 1578 4972 Anathasio
1607 4918 1859 4982 citatum,
1901 4933 2247 4988 nequaquam
2273 4919 2410 4974 adeo
2443 4929 2645 4973 temere
2667 4917 2920 4971 dicturus
2946 4915 3111 4970 fuerit
3140 4935 3153 4970 :
3187 4915 3322 4980 Quis
3352 4914 3450 4968 tibi
3475 4911 3707 4966 Patrum

439 5001 577 5054 dixit
607 5015 771 5054 unam
806 5012 1055 5058 naturam
1085 5005 1180 5062 Dei
1211 5013 1482 5067 sermonis
1515 5014 1896 5067 incarnatam?
1921 5012 2178 5069 Vicissim
2211 5015 2486 5086 ingerunt,
2534 5021 2644 5066 tam
2691 5027 2813 5066 esse
2840 5019 3053 5066 certum
3086 5012 3315 5066 scivisse
3347 5010 3426 5064 sic
3457 5008 3703 5066 iocutum

441 5094 836 5150 Athanasium:
883 5106 943 5150 ut
983 5100 1148 5155 etiam
1189 5101 1423 5169 dixerit;
1458 5103 1921 5174 quemadmodum
1963 5103 2155 5160 Patres
2193 5106 2362 5159 locuti
2398 5114 2546 5160 sunt.
2588 5102 2699 5158 Nos
2729 5111 2943 5168 contra,
2976 5119 3248 5172 quemque
3281 5102 3518 5157 dicimus
3547 5101 3704 5171 eniti,

443 5198 502 5241 ut
525 5192 802 5257 ostendat,
841 5209 872 5248 a
903 5192 1158 5251 Patribus
1187 5213 1250 5252 ea
1283 5201 1515 5267 prolata,
1548 5215 1668 5268 qua:
1705 5201 1820 5268 ipse
1851 5200 2048 5261 tradat,
2091 5201 2136 5255 si
2185 5216 2293 5254 non
2334 5199 2541 5254 eisdem
2578 5197 2781 5274 verbis,
2831 5196 3023 5249 saltem
3057 5194 3108 5247 vi
3150 5194 3442 5247 verborum
3487 5189 3702 5246 eadem.

446 5281 578 5338 "tuo
604 5285 941 5358 longiuscula
971 5291 1093 5345 licet
1123 5310 1150 5346 e
1181 5310 1237 5346 re
1275 5294 1377 5363 fuit
1412 5294 1494 5346 hic
1539 5297 1750 5364 afferre,
1787 5306 1845 5348 ut
1889 5295 2063 5349 videat
2108 5296 2346 5349 eruditus
2397 5294 2579 5354 lector,
2626 5293 2680 5345 in
2721 5307 2821 5361 quo
2853 5289 3076 5358 quwstio
3107 5285 3413 5356 hujusmodi
3443 5285 3545 5338 sita
3575 5287 3705 5337 olim

445 5382 623 5450 fuerit.
659 5383 726 5438 Et
754 5404 881 5441 sane
910 5401 1030 5443 sunt
1061 5408 1178 5460 qua:
1217 5392 1352 5459 forte
1395 5393 1653 5446 suadeant
1695 5411 1756 5447 ea
1795 5410 1911 5463 quae
1933 5396 2173 5462 superius
2203 5409 2267 5446 ea.
2297 5390 2500 5461 Cyrillo
2535 5389 2839 5450 attulimus,
2871 5400 2989 5437 cum
3020 5378 3262 5432 oratione
3291 5373 3572 5427 Athanasii
3606 5389 3704 5424 no—

448 5479 588 5531 mine
626 5479 969 5552 subsequente
999 5485 1211 5555 adjecta
1251 5485 1446 5555 Cyrilli
1494 5485 1730 5554 epistola:
1762 5486 1946 5552 fuisse.
1999 5483 2144 5538 Nam
2190 5485 2268 5537 uti
2305 5498 2466 5550 supra
2497 5481 2694 5534 dicitur
2727 5495 2842 5549 qum
2873 5477 3171 5546 afferuntur
3203 5484 3266 5522 ex
3295 5467 3589 5520 Athanasio
3623 5463 3703 5519 De

450 5569 849 5636 lncarnatione,
883 5575 952 5627 ad
982 5581 1135 5631 unius
1160 5578 1298 5630 vocis
1335 5575 1582 5638 Θεοτὸκος
1621 5591 1775 5628 usunt
1805 5573 2251 5643 comprobandum
2282 5571 2623 5626 adducuntur
2655 5570 2710 5621 in
2741 5567 3000 5630 medium;
3032 5565 3169 5619 unde
3209 5563 3436 5631 fortasse
3463 5560 3706 5614 videatur

450 5661 634 5716 inutile
681 5663 846 5734 fuisse
882 5668 1068 5736 afferre
1109 5681 1274 5725 totum
1322 5687 1448 5741 pene
1489 5670 1742 5738 libellum,
1785 5685 1902 5722 cum
1941 5669 2170 5723 maxime
2221 5668 2317 5725 sub
2353 5667 2564 5722 initium
2596 5665 2858 5717 duntaxat
2908 5677 3006 5716 vox
3053 5662 3147 5715 illa
3191 5659 3461 5722 Θεοτόκος,
3495 5655 3558 5710 de
3599 5671 3705 5724 qua
