3878 6196
196 214 273 271 25
1276 215 1367 270 DE
1404 214 1924 273 INCARNATIONE
1960 214 2070 269 DEI
2110 210 2336 267 VERBI.
3130 258 3147 267 ,
3399 207 3472 262 26

203 332 458 401 questio,
510 339 834 400 compareat.
861 327 1039 406 .Certe
1084 329 1321 400 Cyrillus
1360 331 1415 383 in
1461 331 1688 399 epistola
1736 330 1805 384 ad
1856 329 2108 383 Acacium
2154 326 2500 388 Berieensem,
2529 323 2619 377 ubi
2646 322 2710 378 de
2743 338 2841 376 usu
2875 320 3012 375 vocis
3044 319 3302 405 Θεοτόκος
3331 322 3471 389 apud

207 422 406 476 Patres
437 422 692 492 loquitur,
725 419 1000 491 Εὑρίσκω,
1033 421 1132 483 ait,
1169 420 1228 472 ὲν
1259 421 1603 490 συγγραφαῖς
1636 418 1730 472 καὶ

1946 435 1973 480 ς
2002 416 2250 487 ἀοιδίμου
2288 416 2508 485 μνήμης
2540 412 2837 465 ἐπίσκοπον
2879 408 3192 463 ’Δθανάσιον
3220 409 3473 465 πλειστά-

205 526 293 575 ut;
326 512 502 582 αὐτὴν
525 510 866 580 ὀνομάσαντα
895 507 1174 561 Θεοτόκον.
1219 506 1509 576 Comperio
1542 521 1736 575 namqu

1942 505 2055 559 bris
2087 504 2365 558 memoriae
2407 500 2722 570 episcopum
2774 500 3130 555 Athanasium
3166 499 3221 554 in
3256 501 3472 570 scriptis

207 604 326 658 suis
371 604 575 673 saepius
617 603 765 656 illam
813 601 1099 671 Deiparam
1127 602 1452 671 appellasse.
1492 600 1608 654 Uno
1637 600 1790 655 verbo
1817 599 2166 668 complectens
2197 599 2294 653 illa
2332 614 2448 668 qua:
2498 594 2623 649 bene
2667 595 2837 648 multa
2880 604 3090 650 exstant
3118 596 3187 663 |in
3229 598 3472 666 operibus

204 697 494 750 Athanasii
518 697 841 751 testimonia.
874 696 1013 762 Quid
1037 712 1214 750 causa:
1239 697 1403 764 igitur
1431 708 1508 750 est
1539 695 1679 767 quod
1704 697 1756 750 in
1781 695 2012 764 epistola
2032 694 2101 749 ad
2129 697 2358 766 reginas,
2392 703 2557 748 totum
2582 708 2708 761 pene
2732 691 2970 744 libellum
3000 689 3075 746 De
3097 690 3473 749 lncarnatione

203 805 301 856 pro
334 806 456 843 voce
484 789 583 843 illa
612 789 872 852 Θεοτὸκος
912 787 1278 857 conﬁrmanda
1311 788 1503 857 afferat
1528 789 1552 842 ?
1580 804 1806 858 namque
1842 787 2109 858 prioribus
2143 787 2292 841 lineis
2323 787 2549 856 exceptis
2574 785 2684 849 (ubi
2716 799 2816 838 vos:
2846 782 3107 847 Θεοτόκος
3136 784 3332 855 exstat)
3365 802 3472 839 ca:-

204 889 323 934 tera
363 880 500 932 nihil
544 878 614 932 ad
658 895 766 933 rem
796 878 1073 948 pertinent.
1116 877 1197 929 Ad
1228 877 1339 931 ha'c
1366 885 1543 932 autem
1574 877 1782 932 libellus
1822 878 1922 931 iste
1950 894 2053 931 non
2081 885 2257 931 exstat
2291 877 2345 930 in
2380 876 2770 931 collectionibus
2800 892 3013 945 operum
3058 878 3361 932 Athanasii.
3399 876 3471 932 Et

203 974 443 1027 alienum
475 990 509 1026 α
535 982 719 1026 sancto
748 972 963 1026 doctore
1010 972 1215 1027 videtur
1241 972 1412 1027 dicere
1443 989 1604 1027 unam
1634 989 1882 1027 naturam
1909 973 2244 1026 incarnatam
2267 972 2322 1024 in
2352 969 2582 1025 Christo.
2612 970 2820 1026 Etenim
2851 962 3211 1039 confusionem
3242 981 3471 1027 natura-

202 1079 322 1116 rum
348 1064 548 1131 respuit
581 1060 773 1131 ubique
803 1061 1151 1126 Athanasius,
1185 1062 1275 1133 qui
1306 1063 1656 1131 proprietates
1686 1079 1887 1131 semper
1910 1071 2225 1116 naturarum
2249 1062 2591 1124 conservavit,
2623 1061 2758 1117 duas
2782 1065 2943 1117 etiam
2966 1063 3258 1119 voluntates
3280 1065 3471 1119 distin-

200 1170 317 1214 ctas
352 1161 543 1229 cuique
564 1168 773 1212 natura!
801 1157 1041 1225 proprias
1074 1157 1295 1211 ascribit
1335 1163 1413 1211 sic
1451 1159 1544 1212 lib.
1580 1157 1654 1213 De
1687 1158 1731 1211 lt

1937 1158 2096 1219 tione,
2134 1173 2188 1227 p.
2222 1156 2329 1211 709
2362 1171 2376 1208 :
2409 1156 2513 1209 Δύο
2541 1156 2823 1227 θελήματα
2855 1158 3115 1224 δείκνυσι,
3151 1157 3212 1212 τὸ
3243 1159 3342 1229 μὲν
3373 1161 3468 1214 ἀν-

201 1250 502 1320 θρώπινον,
532 1251 669 1320 ὅπερ
698 1250 816 1302 ἐστὶ
844 1249 944 1317 τῆς
970 1249 1193 1319 σαρκὸς,
1221 1250 1282 1302 τὸ
1313 1249 1369 1303 δὲ
1400 1250 1600 1312 θεῑκὸν,
1632 1250 1769 1319 ὅπερ
1806 1248 1962 1303 Θεοῦ.
1989 1250 2062 1302 Τὸ
2087 1250 2197 1321 γὰρ
2218 1248 2555 1321 ἀνθρώπινον
2585 1251 2673 1306 διὰ
2699 1254 2795 1324 τὴν
2825 1253 3107 1308 ἀσθένειαν
3132 1256 3233 1325 τῆς
3266 1258 3470 1327 σαρκὸς

202 1348 560 1416 παραιτεῖται
599 1342 659 1396 τὸ
692 1342 883 1405 πάθος·
917 1343 976 1394 τὸ
995 1344 1053 1397 δὲ
1081 1343 1261 1398 θεῖκὺν
1294 1345 1460 1398 αὑτοῦ
1491 1344 1733 1415 πρόθυμο

1937 1362 1941 1391 τ
1971 1353 2070 1410 est,
2094 1346 2232 1400 duas
2262 1346 2569 1401 voluntates
2596 1348 2835 1401 ostendit
2867 1346 3217 1419 (Scriptura),
3243 1351 3468 1406 alteram

202 1441 524 1504 humanam,
576 1453 698 1508 qua:
742 1444 828 1492 est
859 1440 1065 1502 carnis,
1097 1440 1325 1493 alteram
1357 1439 1620 1501 divinam,
1649 1455 1773 1509 quae
1801 1438 1895 1494 Dei
1921 1449 2026 1495 est.
2063 1440 2345 1511 Siquidem
2378 1441 2617 1495 humana
2646 1443 2716 1497 ob
2748 1443 3119 1499 inﬁrmitatem
3150 1448 3333 1501 carnis
3369 1447 3467 1502 de-

203 1548 466 1607 precatur
502 1538 852 1607 passionem;
884 1532 1070 1587 divina
1105 1538 1287 1585 autem
1321 1530 1442 1599 ejus
1474 1531 1729 1586 voluntas
1773 1540 2025 1601 prompta
2070 1541 2173 1587 est.
2226 1531 2322 1587 Sin
2362 1550 2481 1587 vero
2528 1551 2634 1587 una
2685 1542 2879 1587 natura
2909 1545 3025 1602 post
3054 1537 3466 1593 incarnationem

200 1628 438 1692 dicatur,
472 1627 633 1681 tollas
665 1634 869 1694 oportet
896 1624 1179 1677 discrimen
1211 1621 1562 1677 voluntatum.
1610 1621 1695 1675 Ad
1742 1622 1873 1685 haec,
1924 1632 2108 1678 contra
2166 1624 2473 1679 Diinwritas
2522 1627 2606 1680 sui
2650 1627 2745 1679 levi
2775 1629 3047 1681 hwreticos
3082 1643 3136 1696 p.
3186 1629 3288 1684 741.
3315 1641 3467 1701 negat

200 1734 397 1787 corpus
425 1734 540 1772 esse
572 1716 769 1771 Deitati
801 1713 1270 1780 consubstantiale,
1301 1722 1350 1765 et
1385 1714 1580 1783 pagina
1609 1715 1843 1783 sequenti
1867 1716 1941 1768 ait
1988 1714 2275 1785 ἀσυγχύτῳ
2314 1715 2502 1768 ὲνὼσει
2546 1716 2825 1783 inconfusa
2872 1718 3061 1771 unione
3101 1716 3322 1771 Verbum
3349 1736 3467 1775 cum

197 1812 421 1878 propria
450 1824 611 1862 carne
637 1808 841 1860 unitum
878 1805 1061 1875 fuisse.
1097 1803 1349 1872 Corporis
1381 1814 1554 1857 autem
1588 1813 1637 1858 et
1675 1805 1853 1859 carnis
1887 1805 2098 1861 nomine
2131 1815 2189 1859 ut
2212 1806 2265 1858 in
2298 1807 2611 1875 praefatione
2634 1808 2867 1878 generali
2893 1808 3051 1877 primi
3080 1809 3206 1861 tomi
3230 1809 3469 1865 ostende-
3518 1830 3523 1835 ’

199 1902 392 1956 bamus
421 1902 810 1955 humanitatem
838 1915 1069 1968 persape
1093 1898 1358 1968 intelligit.
1397 1898 1498 1952 Ubi
1530 1915 1648 1953 vero
1678 1898 1988 1966 comprobat
2019 1901 2072 1953 in
2095 1904 2371 1968 postremis
2400 1905 2511 1958 suis
2539 1914 2722 1958 contra
2750 1902 3050 1957 Dimaeritas
3079 1906 3229 1961 libris
3257 1925 3466 1963 carnem

198 1992 309 2046 sive
340 1992 730 2044 humanitatem
780 2005 883 2042 non
929 2004 1041 2042 esse
1094 1986 1259 2041 Verbo
1294 1986 1824 2050 consubstantialem,
1856 1986 1983 2057 quid
2017 1988 2188 2051 aliud,
2233 2006 2433 2059 quaeso,
2487 1990 2794 2046 indicaverit
2827 2011 3008 2063 quant,
3042 2013 3143 2050 non
3168 2014 3279 2052 esse
3305 2016 3467 2054 unam

198 2094 357 2152 atque
383 2082 625 2136 eamdem
663 2080 819 2134 Verbi
842 2088 995 2149 atque
1022 2082 1374 2135 humanitatis
1404 2082 1764 2136 substantiam
1796 2083 1902 2135 sive
1947 2092 2235 2147 naturam;
2267 2087 2345 2137 ita
2381 2094 2437 2138 ut
2468 2088 2627 2139 etiant
2658 2088 2727 2141 ad
2756 2087 3113 2157 di/ferentiam
3151 2102 3466 2148 naturarum

196 2173 545 2229 indicandam
574 2188 630 2244 p.
659 2171 763 2225 747
789 2169 1076 2232 perfectum
1102 2172 1270 2225 Deum
1298 2181 1348 2226 et
1383 2170 1672 2240 perfectum
1702 2171 1963 2225 hominem
1989 2180 2150 2237 vocet,
2189 2188 2243 2241 p.
2283 2172 2384 2227 756
2422 2184 2595 2228 autem
2623 2193 2726 2229 uno
2756 2178 2908 2231 verbo
2938 2190 3215 2251 utramque
3243 2183 3465 2237 Itteresitt

198 2271 588 2325 Nestorianam
627 2270 827 2324 scilicet
866 2277 916 2322 et
963 2267 1355 2338 Eutychianam
1391 2268 1634 2336 proterit,
1675 2267 1801 2320 dum
1831 2269 1906 2320 ait
1948 2266 2162 2337 loquens
2192 2267 2255 2320 de
2291 2270 2656 2338 conjunctione
2696 2274 2853 2329 Verbi
2891 2294 3010 2330 cum
3046 2295 3226 2342 carne,
3260 2282 3375 2335 υὺκ
3406 2282 3465 2336 ἐν

193 2364 463 2435 διαιρέσει
520 2362 847 2435 προσώπων,
873 2360 988 2414 ἀλλ’
1031 2363 1089 2414 ὲν
1129 2360 1359 2431 ὑπάρξει
1407 2359 1659 2429 θεότητος
1711 2376 1724 2412 ι

1934 2360 2282 2431 »ρωπότητοςθ
2316 2360 2437 2416 Non
2470 2364 2526 2417 in
2559 2365 2829 2425 divisione
2859 2386 3239 2441 personarum,
3275 2374 3370 2429 sed
3410 2375 3465 2429 in

192 2457 495 2510 existentia
526 2456 746 2512 deitatis
770 2465 824 2510 et
855 2456 1233 2512 humanitatis.
1271 2454 1441 2509 Unam
1469 2455 1666 2509 scilicet
1701 2471 1980 2524 personam
2024 2456 2224 2510 Christi
2253 2457 2490 2530 duasque
2522 2470 2744 2517 naturas
2773 2481 2885 2521 esse
2910 2470 3218 2534 pronuntiat
3250 2486 3301 2539 p.
3338 2469 3459 2534 757,

192 2548 286 2601 ubi
318 2565 442 2604 vero
475 2548 739 2603 contendit
762 2550 981 2618 impium
1008 2566 1121 2603 esse
1146 2547 1317 2601 dicere
1340 2546 1573 2599 divinam
1597 2554 1843 2599 naturant
1869 2562 1981 2599 esse
2011 2563 2245 2615 passam,
2278 2566 2454 2603 annon
2478 2553 2659 2618 palam
2690 2554 2820 2623 facit
2843 2556 3008 2609 aliam
3030 2574 3141 2612 esse
3168 2560 3221 2611 in
3252 2557 3463 2613 Christo

192 2650 453 2693 naturam
484 2656 601 2710 qute
620 2656 784 2708 passa
812 2642 924 2696 sit?
947 2637 1192 2706 Adeoque
1231 2641 1612 2688 commonstrat
1642 2650 1747 2687 non
1776 2650 1939 2687 unam
1965 2635 2019 2688 in
2051 2635 2263 2690 Christo
2298 2648 2544 2693 naturam
2573 2642 2928 2707 incarnatam,
2966 2645 3056 2700 sed
3093 2647 3227 2701 duas
3251 2648 3387 2702 inter
3408 2664 3463 2703 se

190 2732 505 2799 distinctas,
549 2732 712 2785 aliam
753 2746 872 2801 qua?
893 2729 1200 2798 assumpsit,
1241 2727 1405 2781 aliam
1429 2741 1546 2796 qua:
1574 2734 1849 2795 assumpta
1887 2734 1983 2780 est.
2016 2725 2247 2782 Etiamsi
2274 2743 2433 2797 porro
2469 2741 2747 2802 antequam
2786 2735 3039 2792 Ecclesia:
3071 2738 3292 2793 decretis
3329 2739 3463 2809 deli-

194 2829 368 2880 uitum
400 2837 537 2881 esset
564 2844 727 2880 unam
767 2827 825 2879 in
868 2824 1078 2880 Christo
1112 2840 1413 2894 personam,
1452 2822 1691 2891 duasque
1730 2832 1955 2876 naturas
1984 2824 2269 2892 pra’dicari
2302 2835 2537 2894 oportere
2560 2869 2574 2892 ,
2617 2832 2871 2898 potuisset
2915 2834 3265 2899 Athanasius,
3305 2835 3383 2889 vel
3414 2835 3462 2890 si

190 2923 314 2990 quis
345 2921 512 2985 alius,
542 2920 714 2974 dicere
746 2936 909 2974 unam
937 2928 1187 2973 naturam
1227 2919 1585 2979 incarnatam,
1630 2913 1969 2984 intelligendo
2012 2916 2214 2971 scilicet
2244 2928 2454 2973 natura:
2484 2923 2691 2977 nomine
2725 2940 3042 2993 personam;
3090 2943 3192 2980 non
3231 2927 3463 2980 arbitror

193 3023 377 3067 tamen
410 3012 765 3066 Athanasium
791 3028 850 3065 eo
882 3028 1033 3064 usum
1063 3010 1230 3080 fuisse
1257 3007 1502 3078 loquendi
1529 3021 1743 3077 genere;
1785 3007 2031 3077 quoniam
2063 3008 2242 3061 multis
2275 3012 2430 3064 annis
2466 3028 2548 3065 res
2579 3014 2664 3066 illi
2689 3030 2807 3068 cum
2841 3015 3012 3072 Dimaz
3026 3019 3143 3072 ritis
3177 3020 3299 3088 fuit,
3330 3034 3461 3089 quo-

190 3123 315 3162 rum
350 3107 541 3161 ha'resi
571 3106 682 3159 haec
713 3107 889 3176 [avere
911 3104 1171 3168 videntur,
1201 3110 1251 3155 et
1287 3101 1539 3171 perfacile
1565 3108 1643 3154 est
1680 3115 1795 3155 eam
1832 3101 2146 3154 sententiam
2181 3102 2234 3153 in
2269 3103 2468 3156 malam
2499 3116 2702 3172 partem
2733 3108 3058 3179 detorquere.
3096 3109 3229 3163 Eam
3258 3110 3321 3163 ob
3351 3127 3460 3165 rem

191 3216 313 3255 cum
345 3198 570 3251 Leontio
606 3198 759 3252 valde
806 3200 1044 3266 suspicor
1087 3214 1199 3252 esse
1239 3195 1373 3250 illud
1407 3194 1737 3262 opusculum.
1786 3193 2259 3264 Eutychiunorum,
2297 3210 2389 3251 aut
2425 3199 2651 3252 aliorum
2689 3201 3056 3259 ha'reticorum
3088 3216 3455 3270 commentum,

195 3292 488 3346 Athanasii
537 3296 746 3345 nomine
795 3290 1140 3360 publicatum.
1176 3287 1302 3342 Non
1348 3287 1518 3340 ausim
1560 3301 1678 3339 vero
1722 3286 1892 3338 dicere
1937 3296 2113 3338 utrum
2154 3287 2207 3339 in
2248 3286 2440 3356 Cyrilli
2478 3306 2563 3342 scr
2585 3292 2689 3357 ptis
2722 3303 2839 3360 post
2867 3295 2980 3365 ejus
3025 3294 3223 3349 obitant
3253 3294 3461 3365 adjecta

191 3388 416 3457 fuerint,
442 3401 513 3439 an
538 3400 656 3439 vero
690 3394 812 3438 ante
842 3382 1103 3455 Cyrillum
1136 3379 1343 3435 libellus
1379 3376 1684 3447 hujusmodi
1715 3377 1980 3445 confectas
2007 3378 2074 3431 sit
2105 3388 2153 3432 et
2187 3377 2482 3433 Athanasio
2513 3383 2805 3453 ascriptus.

1302 3671 1440 3725 ΤΟΥ
1474 3672 1566 3726 EN
1599 3671 1824 3726 ΑΓΙΟΙΣ
1854 3670 2128 3725 ΠΑΤΡυΣ
2160 3672 2353 3726 ΙΙΜΩΝ

1519 3834 2152 3924 ΑΘΑΝΑΣΙΟΥ

1034 4020 1207 4075 ΠΕΡΙ
1260 4024 1400 4076 ΤΗΣ
1448 4018 1870 4075 ΣΑΡΚΩΣΕΩΣ
1928 4020 2072 4072 ΤΟΥ
2113 4021 2307 4074 ΘΕΟΥ
2356 4019 2648 4076 ΛΟΓΟΥ.²

1222 4289 1316 4376 s.
1394 4289 1500 4376 P.
1579 4288 1742 4406 N._
1793 4288 2454 4379 ATHANASII

1159 4477 1272 4539 DE
1333 4479 1982 4546 INCARNATIONE
2048 4480 2205 4540 DEI
2260 4479 2532 4542 VERBI.

270 4737 677 4810 Ὀμολογοῦμεν
703 4739 793 4793 τὸν
820 4739 948 4794 Υἱδν
976 4739 1069 4794 τοῦ
1109 4739 1267 4806 Θεοῦ,
1297 4741 1388 4795 τὸν
1429 4743 1536 4815 πρὸ
1565 4744 1777 4799 αἰώνων

1958 4745 2002 4814 1
2039 4742 2375 4799 Conﬁtemur
2400 4740 2594 4796 Filium
2625 4740 2720 4797 Dei
2762 4748 2886 4797 ante
2926 4743 3123 4798 saecula
3156 4743 3225 4798 ab
3253 4753 3454 4799 aeterno

191 4835 381 4896 ἀῖδξως
414 4835 478 4885 ὲκ
520 4832 613 4885 τοῦ
657 4833 874 4904 Πατρδς
913 4832 1263 4904 γεννηθέντα,
1308 4836 1397 4888 ἐπ’
1432 4837 1675 4906 ἐσχάτων
1719 4860 1722 4880 ι

1924 4853 1948 4891 x
1983 4835 2142 4889 Patre
2169 4834 2435 4904 genitum,
2480 4835 2772 4902 postremis
2811 4851 2938 4889 vero
2985 4837 3202 4891 saecuﬁs
3243 4836 3314 4890 ob
3356 4853 3455 4891 no-

192 4926 302 4978 τῶν
329 4923 546 4978 αἰώνων
577 4923 668 4977 διὰ
705 4924 803 4995 τὴν
838 4926 1110 4997 ἡμετέραν
1144 4927 1416 4997 σωτηρίαν
1462 4929 1526 4981 ὲκ
1561 4931 1723 5002 Μαρίι

1922 4940 2055 4983 iram
2109 4928 2339 4982 salutem
2364 4941 2428 4980 ex
2471 4925 2639 4979 Maria
2667 4926 2890 4997 Virgine
2935 4936 3122 4980 natum
3155 4928 3453 4983 secundum

191 5019 291 5087 τῆς
310 5015 594 5086 Παρθένου
625 5014 953 5086 γεννηθέντα
975 5017 1114 5070 κατὰ
1143 5018 1340 5090 σάρκα,
1368 5019 1443 5083 ὡς
1473 5018 1613 5084 θεῖος
1629 5021 1722 5074 Ἀπ

1920 5034 2128 5084 arnem,
2162 5018 2619 5089 quemadmodum
2651 5018 2808 5073 divus
2837 5019 3131 5086 Apostolus
3166 5018 3343 5083 docet,
3372 5020 3449 5074 in-

196 5110 379 5174 στολος
408 5108 651 5161 διδάσκει
688 5108 862 5177 λέγων
881 5126 895 5139 °
942 5127 960 5160 ι
992 5111 1121 5163 Ὅτε
1155 5110 1213 5163 δὲ
1245 5106 1376 5182 ἦλθε
1419 5112 1477 5164 τὸ
1506 5112 1727 5186 πλήρωρ

1926 5112 2082 5165 uiens
2118 5127 2132 5165 :
2164 5128 2183 5160 ι
2213 5109 2284 5162 At
2325 5108 2417 5162 ubi
2456 5108 2607 5162 venit
2652 5108 2934 5177 plenitudo
2971 5109 3254 5179 temporis,
3304 5110 3454 5164 misit

192 5202 285 5255 τοῦ
314 5202 535 5273 χρόνου,
566 5201 943 5267 ἐξαπέστειλεν
964 5205 993 5256 ό
1024 5202 1156 5265 Θεὸς
1175 5200 1267 5255 τὸν
1293 5202 1421 5257 Υῐὸν
1450 5204 1635 5271 αὐτοῦ,
1657 5223 1720 5276 γε

1923 5214 2029 5257 ’6115
2061 5199 2257 5254 Filium
2290 5214 2470 5263 suum,
2504 5206 2691 5251 natum
2722 5214 2787 5251 ex
2828 5200 3054 5254 muliere
3084 5201 3122 5252 ι.
3154 5218 3174 5251 ι
3216 5200 3454 5256 Conﬁte-

194 5293 435 5364 νὼμενον
475 5295 542 5345 ἐκ
590 5292 865 5361 γυναικός.
898 5312 917 5345 ι
962 5292 1358 5365 Ὀμολογοῦμεν
1407 5293 1465 5347 δὲ
1511 5290 1650 5349 εἶναι
1686 5302 1725 5350 τέ

1921 5309 2010 5349 tur
2031 5292 2219 5357 etiam,
2250 5289 2500 5345 eumdem
2546 5303 2669 5344 esse
2698 5287 2897 5342 Filium
2943 5291 3031 5344 Dei
3066 5298 3121 5345 et
3155 5289 3325 5346 Deum
3366 5307 3452 5347 se:

194 5385 356 5438 αὐτὸν
391 5384 521 5437 Υὶὸν
546 5383 704 5440 Θεοῦ.
734 5384 829 5437 καὶ
848 5383 979 5438 Θεὸν
1009 5383 1151 5438 κατὰ
1181 5384 1427 5455 πνεῦμαο
1456 5386 1570 5439 υἱὸν
1594 5385 1652 5439 δὲ
1679 5388 1725 5439 ἀπ

1920 5384 2121 5439 undum
2147 5380 2435 5452 spiritum;
2462 5380 2699 5436 hominis
2735 5388 2917 5434 autem
2951 5380 3119 5434 lilium
3153 5381 3451 5436 secundum

197 5476 414 5547 θρώπου
445 5476 591 5529 κατὰ
631 5478 829 5548 σάρκα.
872 5475 947 5530 Οὐ
976 5475 1068 5530 δύο
1105 5475 1315 5547 φύσεις,
1348 5476 1441 5533 τὸν
1483 5476 1581 5534 ἕνα
1622 5477 1728 5533 Υἱὸι

1919 5491 2124 5533 amem.
2169 5472 2291 5530 Non
2330 5473 2469 5529 duas
2504 5480 2750 5538 naturas,
2801 5471 2996 5527 Filium
3046 5488 3238 5542 unum,
3290 5488 3450 5529 unam

267 5638 283 5668 ⁸
323 5635 444 5691 Gal.
505 5649 580 5699 tv,
611 5633 669 5693 4.

669 5717 684 5753 ὶ
