3878 6196
434 256 510 312 37
1535 247 1591 301 S.
1634 245 2101 304 ATHANASIUS.
2139 276 2210 288 —
2250 246 2477 303 DUBIA.
3611 252 3684 307 28

436 368 767 427 adorandam
820 372 875 420 et
930 347 1092 418 unam
1133 376 1243 415 non
1294 360 1625 414 adorandam
1657 379 1670 413 :
1703 359 1797 414 sed
1845 374 2008 413 unam

2118 358 2245 428 μίαν
2292 360 2706 432 προσκυνητὴν,
2757 361 2849 414 καὶ
2894 360 3022 431 μίαν
3065 361 3515 436 ἀπροσκυνητονο·
3553 368 3690 421 ἀλλὰ.

437 468 687 516 naturam
718 457 808 511 Dei
837 454 1001 511 Verbi
1036 453 1395 514 incantatam,
1435 458 1490 504 et
1515 448 1850 503 adorandam
1883 463 2006 504 eum

437 566 605 608 carne
630 566 751 614 sua,
776 548 1095 602 adoratione
1117 558 1247 598 una.
1269 541 1456 612 Neque
1485 540 1624 597 duos
1646 542 1809 605 ﬁlios,
1840 541 2008 594 alium

434 644 533 699 Dei
559 642 780 706 Filium,
811 654 1001 696 verum
1043 637 1213 692 Deum
1245 645 1296 690 et
1328 633 1684 699 adorandum,
1728 634 1889 688 alium
1942 650 2006 688 ex

436 734 601 789 Maria
632 732 930 797 hominem,
963 729 1056 799 qui
1090 743 1197 782 non
1227 727 1502 791 adoretur,
1531 727 1732 796 quique
1762 741 1859 794 per
1889 740 2010 793 gra-

437 825 589 890 tiam,
617 831 678 878 ut
705 822 976 883 homines,
1002 818 1174 874 Filius
1198 818 1291 873 Dei
1319 818 1496 872 factus
1522 818 1625 882 sit;
1663 816 1757 871 sed
1780 832 1845 869 ex
1874 814 2004 878 Deo,

437 927 497 969 ut
526 914 661 979 dixi,
699 929 866 967 unum
898 911 1095 966 Filium
1129 911 1224 964 Dei
1253 917 1308 964 et
1344 909 1513 964 Deum
1540 927 1555 973 ;
1590 924 1713 963 eum
1746 908 1930 979 ipsum
1955 914 2009 961 et

436 1022 548 1061 non
574 1006 738 1060 alium
762 1011 951 1058 natum
976 1019 1042 1058 ex
1065 1001 1233 1056 Maria
1258 1001 1558 1057 secundum
1585 1014 1805 1054 carnem
1828 999 1882 1052 in
1910 1013 2008 1051 no-
2035 1062 2041 1070 _

435 1097 681 1154 vissimis
715 1097 928 1160 diebus,
977 1094 1443 1164 quemadmodum
1494 1093 1723 1163 angelus
1768 1090 2010 1161 Deipara:

437 1188 620 1243 Maria:
647 1186 851 1241 dicenti
882 1206 894 1240 :
922 1205 940 1237 ι
971 1183 1257 1251 Quomodo
1298 1183 1390 1240 fiet
1438 1183 1607 1249 istud,
1641 1182 1897 1253 quoniam
1929 1182 2011 1236 vi-

437 1296 560 1335 rum
594 1296 703 1333 non
742 1293 1014 1350 cognosco
1039 1278 1099 1330 '?
1126 1298 1145 1329 ι
1190 1279 1286 1342 ait,
1325 1296 1341 1328 ι
1378 1275 1616 1346 Spiritus
1663 1282 1887 1330 sanctus
1918 1290 2010 1329 su-

435 1372 716 1443 perveniet
739 1372 793 1424 in
824 1379 896 1431 te.
932 1378 985 1425 et
1008 1370 1182 1424 virtus
1207 1369 1472 1424 Altissimi
1497 1368 1845 1423 obumbrabit
1872 1367 2005 1421 tibi:

437 1467 669 1534 ideoque
718 1462 860 1532 quod
894 1472 1150 1517 nascetur
1192 1470 1463 1525 sanetum,
1504 1461 1795 1515 vocabitur
1836 1458 2009 1514 Filius

436 1556 531 1613 Dei
560 1557 600 1611 ³.
639 1576 657 1608 ι
694 1555 798 1622 Qui
834 1555 997 1625 igitur
1044 1561 1205 1609 natus
1234 1563 1318 1608 est
1345 1570 1409 1609 ex
1445 1552 1668 1623 Virgine
1696 1551 1887 1618 Maria,
1920 1551 2010 1606 Fi-

436 1649 545 1704 lius
584 1646 677 1702 Dei
720 1656 915 1701 natura
958 1655 1012 1701 et
1048 1645 1189 1701 Deus
1242 1661 1425 1710 verus,
1462 1660 1573 1700 non
1618 1644 1790 1715 gratia
1832 1659 2010 1715 neque

437 1740 870 1811 participatione,
897 1739 1198 1794 secundum
1231 1754 1452 1793 carnem
1486 1745 1723 1801 tantum,
1757 1752 1920 1807 quam
1942 1753 2010 1793 ex

439 1827 609 1881 Maria
645 1828 824 1893 habet,
857 1828 1055 1893 homo;
1091 1827 1393 1883 secundum
1425 1844 1555 1883 vero
1584 1826 1835 1897 spiritum
1867 1825 2010 1881 idem

440 1921 530 1976 ille
555 1920 726 1976 Filius
762 1922 875 1988 Dei,
911 1929 965 1976 et
991 1920 1135 1977 Deus
1175 1936 1376 1976 verus:
1414 1935 1612 1990 passus
1638 1918 1857 1989 quidem
1886 1933 2013 1988 pas-

437 2012 625 2069 siones
655 2021 874 2068 nostras
901 2010 1204 2066 secundum
1232 2025 1476 2077 carnem,
1504 2023 1564 2064 ut
1593 2009 1859 2079 scriptum
1892 2015 2008 2064 est:

445 2124 464 2156 ι
494 2105 717 2160 Christo
738 2119 902 2175 passo
934 2119 1033 2174 pro
1059 2103 1215 2157 nobis
1240 2116 1406 2157 carne
1427 2101 1448 2133 ‘
1475 2119 1490 2168 ;
1522 2120 1540 2152 ι
1576 2109 1630 2155 et
1652 2100 1781 2155 alibi
1809 2121 1821 2155 :
1858 2119 1877 2152 ι
1906 2101 2011 2166 Qui

439 2196 662 2269 proprio
705 2194 844 2250 Filio
872 2212 980 2251 non
1016 2194 1280 2265 pepercit,
1316 2193 1412 2248 sed
1443 2207 1544 2262 pro
1574 2190 1735 2246 nobis
1759 2192 2013 2248 omnibus

439 2288 666 2343 tradidit
697 2287 847 2342 illum
874 2286 915 2341 '.
946 2306 964 2339 ι
1004 2284 1325 2355 lmpatibilis
1355 2298 1483 2339 vero
1517 2293 1799 2354 permanet
1828 2291 1882 2337 et
1919 2282 2013 2336 im-

437 2379 716 2435 mutabilis
768 2378 1069 2435 secundum
1113 2377 1391 2442 deitatem,
1445 2376 1523 2429 uti
1564 2376 1766 2431 dicitur
1808 2391 1840 2429 a
1886 2390 2015 2446 pro-

438 2472 601 2544 pheta
625 2490 638 2525 :
668 2490 687 2521 ‹
719 2471 831 2541 Ego
852 2469 1015 2534 Deus,
1060 2476 1115 2522 et
1145 2482 1255 2521 non
1284 2476 1467 2520 mutor
1490 2466 1534 2521 ⁸.
1569 2485 1587 2517 ι
1615 2464 1863 2521 Mortuus
1892 2465 2015 2535 qui-

438 2563 562 2618 dem
589 2570 819 2616 mortem
855 2569 1122 2623 nostram,
1148 2557 1449 2613 secundum
1491 2571 1714 2611 carnem
1755 2570 1853 2626 pro
1887 2570 2016 2625 pec-

438 2655 578 2710 catis
612 2653 840 2715 nostris,
877 2660 937 2706 ut
976 2660 1205 2705 mortem
1243 2649 1485 2703 auferret
1521 2663 1615 2717 per
1648 2663 1801 2721 suam
1840 2648 2013 2716 ipsius

439 2751 670 2797 mortem
695 2756 861 2811 quam
892 2755 991 2811 pro
1030 2739 1190 2793 nobis
1235 2737 1514 2792 sustinuit.
1541 2735 2013 2802 Quemadmodum

437 2835 734 2906 Apostolus
772 2834 886 2888 ait:
921 2852 940 2885 ι
969 2832 1239 2902 Absorpta
1299 2839 1381 2886 est
1429 2844 1579 2883 mors
1622 2831 1674 2883 in
1722 2828 1953 2882 victoria
1996 2844 2011 2881 :

441 2926 674 2989 inferne,
709 2924 802 2979 ubi
835 2923 1089 2979 stimulus
1111 2932 1241 2977 tuus
1263 2922 1324 2975 "?
1358 2941 1375 2973 ι
1412 2919 1476 2973 Et
1498 2921 1628 2973 alibi
1657 2938 1673 2976 ;
1714 2940 1729 2968 ι
1758 2918 2013 2974 Christus

439 3025 694 3071 mortuus
713 3024 799 3071 est
823 3031 922 3085 pro
943 3014 1182 3083 peccatis
1212 3012 1418 3069 nostris
1446 3010 1746 3065 secundum
1774 3009 2015 3080 Scriptu-

438 3123 533 3164 ras
552 3109 596 3163 ".
631 3127 649 3159 ι
684 3106 1015 3162 Immortalis
1049 3112 1254 3168 autent,
1293 3111 1347 3159 et
1376 3102 1568 3157 mortis
1610 3102 1839 3171 imperio
1875 3102 2012 3156 liber
2041 3102 2085 3123 “

439 3206 722 3271 permanet
753 3205 975 3269 propter
1000 3197 1279 3260 deitatem,
1313 3204 1501 3264 utpote
1528 3193 1885 3264 impassibilis
1910 3191 2015 3245 Pa-

439 3292 539 3346 tris
578 3292 790 3352 virtus.
844 3286 1305 3359 quemadmodum
1352 3287 1403 3354 2
1448 3285 1526 3339 ait
1560 3283 1754 3339 Petrus
1792 3302 1805 3336 :
1849 3302 1865 3334 ι
1895 3282 2015 3337 Νοιι

437 3383 584 3438 enim
622 3389 833 3452 poterat
856 3396 887 3433 a
930 3391 1105 3434 morte
1143 3378 1428 3433 retineri‘.
1467 3397 1485 3429 ι
1522 3376 1626 3442 Qui
1674 3376 1921 3431 ascendit
1962 3377 2015 3429 in

439 3475 633 3540 caalos,
679 3474 939 3544 sedetque
971 3489 1002 3527 a
1031 3472 1241 3527 dextris
1268 3470 1468 3535 Patris,
1498 3473 1819 3525 secundum
1854 3468 2013 3523 Verbi

440 3580 664 3620 carnem
694 3579 725 3618 a
754 3573 899 3619 terra
934 3564 989 3617 in
1014 3564 1183 3617 caelos
1213 3563 1527 3626 exaltatam,
1559 3568 1721 3629 prout
1750 3575 1779 3613 a
1816 3559 2018 3614 Davide

441 3654 649 3709 dictum
683 3660 767 3708 est
801 3673 814 3708 :
846 3671 863 3703 ι
892 3652 1033 3706 Dixit
1052 3651 1315 3707 Dominus
1360 3650 1592 3704 Domino
1627 3665 1780 3703 meo:
1812 3648 1949 3703 Sede
1986 3666 2017 3703 a

441 3747 651 3803 dextris
683 3746 819 3800 meis
846 3746 911 3809 ίο,
950 3763 968 3795 ι
996 3745 1141 3814 quod
1172 3745 1240 3798 ab
1270 3745 1387 3812 ipso
1416 3743 1646 3797 Domino
1689 3752 1743 3797 et
1780 3742 1849 3796 ab
1894 3756 2019 3811 apo-

443 3837 601 3893 stolis
645 3836 1002 3890 confirmatur
1040 3854 1054 3889 :
1102 3834 1402 3889 secundum
1444 3833 1697 3887 deitatem
1739 3848 1887 3895 vero,
1934 3833 2019 3885 in-

443 3926 974 3998 comprehensibilis,
1004 3941 1219 3980 omnem
1247 3926 1535 3980 continens
1567 3926 1746 3979 locum
1769 3940 1890 3979 cum
1915 3922 2019 3976 Pa-

442 4028 529 4076 tre
544 4031 769 4084 aeterno,
801 4029 861 4073 ut
894 4030 1117 4090 paterna
1147 4026 1201 4073 et
1230 4017 1523 4073 inetfabilis
1556 4018 1752 4082 virtus,
1788 4025 1847 4071 ut
1878 4015 2021 4071 Pau-

444 4116 533 4169 lus
579 4112 779 4168 docet:
851 4130 869 4162 ι
900 4111 1156 4167 Christus
1216 4111 1314 4166 Dei
1351 4111 1524 4165 virtus
1569 4118 1624 4164 et
1661 4109 1757 4165 Dei
1803 4110 2021 4181 sapien-

442 4204 520 4258 tia
548 4203 613 4258 “.
645 4221 665 4255 ι
696 4200 971 4257 Venturus
1001 4202 1143 4256 idem
1176 4199 1350 4256 Fiiius
1390 4199 1487 4254 Dei
1516 4206 1570 4254 et
1603 4197 1769 4264 Deus,
1805 4208 1866 4253 ut
1895 4216 2021 4271 pro-

444 4294 615 4361 misit,
646 4293 893 4364 judicare
920 4293 1076 4348 vivos
1105 4300 1159 4348 et
1181 4299 1453 4358 mortuos,
1480 4300 1540 4346 ut
1570 4293 1646 4346 ait
1684 4292 1978 4362 Apostolus
2003 4312 2017 4347 :

2114 451 2240 520 μίαν
2274 452 2435 519 φύσιν
2464 452 2558 504 τοῦ
2590 450 2723 505 Θεοῦ
2758 452 2927 521 Λόγου
2955 456 3395 526 σεσαρκωμένην,
3425 458 3562 527 μετά
3591 460 3689 529 τῆς

2112 543 2311 614 σαρκὸς
2338 543 2502 596 αὑτοῦ
2537 546 2633 615 μιᾷ
2668 545 3033 614 προσκυνήσει
3063 548 3158 599 καὶ
3186 550 3685 622 προσκυνουμένην.

2112 634 2246 687 Οὐδὲ
2276 634 2368 687 δύο
2409 636 2580 699 υἱοὺς,
2608 636 2764 690 ἄλλον
2796 637 2891 707 μὲν
2922 637 3051 691 Υἱὸν
3090 638 3245 703 Θεοῦ,
3274 639 3521 710 ἀληθινὸν
3553 641 3687 696 Θεὸν

2110 726 2205 779 καὶ
2236 728 2708 797 προσκυνούμενον
2728 745 2740 758 ·
2777 730 2851 799 (il
2882 730 3037 785 ἄλλον
3068 730 3123 781 δὲ
3147 732 3211 783 ἐκ
3240 732 3457 802 Μαρίας
3479 732 3691 803 ἀνθρω-

2112 833 2231 877 πον,
2268 817 2342 887 μὴ
2372 818 2865 889 προσκυνούμενον,
2897 821 3039 873 κατὰ
3071 822 3228 890 χάριν
3259 821 3384 874 Υἱὸν
3424 821 3557 875 Θεοῦ
3588 840 3689 891 γε·

2111 907 2357 976 νόμενον,
2408 909 2483 972 ὼς
2526 910 2619 963 καί¹
2664 910 2973 980 ἄνθρωποι·
3024 912 3159 965 ἀλλὰ
3187 913 3277 966 τὸν
3319 916 3383 967 ἐκ
3417 915 3572 978 Θεοῦ,
3609 917 3689 980 ὡς

2110 998 2264 1067 ἔφην,
2312 1000 2409 1052 ἕνα
2466 1000 2594 1054 Υίὸν
2626 1000 2758 1053 Θεοῦ
2790 1003 2883 1056 καὶ
2914 1001 3077 1057 Θεόν·
3110 1004 3199 1058 τὸν
3247 1005 3407 1058 αὐτὸν
3453 1008 3545 1059 καὶ
3584 1008 3689 1060 οὐκ

2110 1090 2267 1144 ἄλλον
2295 1093 2357 1143 ὲκ
2396 1092 2615 1163 Μαρίας
2646 1093 3002 1165 γεγεννῆσθαι
3036 1096 3175 1149 κατά
3206 1097 3382 1167 σάρκα
3411 1098 3497 1150 ἐπ’
3525 1100 3690 1169 ἐσχά-

2110 1200 2216 1235 των
2241 1183 2346 1234 τῶν
2384 1183 2605 1254 ἡμερῶν
2627 1202 2640 1213 ·
2681 1185 2756 1247 ὡς
2785 1187 2813 1237 6
2853 1185 3083 1253 ἄγγελος
3114 1190 3178 1257 τῇ
3223 1188 3468 1259 Θεοτόκῳ
3499 1190 3689 1261 Μαρίᾳ.

2110 1274 2339 1344 λεγούσῃ
2368 1291 2380 1303 ⁸
2410 1274 2483 1343 (ε)
2519 1294 2535 1324 ι
2566 1274 2690 1339 Πῶς
2714 1276 2869 1330 τοῦτο
2892 1277 3065 1342 ἔσται,
3091 1279 3212 1331 ἐπεὶ
3240 1280 3407 1351 ἄνδρα
3432 1282 3491 1332 οὺ
3521 1281 3687 1349 γινώι-

2113 1383 2261 1431 σκω;
2301 1387 2318 1416 ι
2354 1367 2572 1437 εἰρηκει
2608 1387 2626 1417 ‹
2666 1368 2890 1438 Πνεῦμα
2915 1369 3068 1439 ἀγιον
3094 1372 3441 1427 ἐπελεύσεται
3484 1376 3574 1426 ἐπὶ
3601 1375 3686 1441 σέ,

2064 1498 2065 1505 η
2110 1461 2204 1513 καὶ
2233 1458 2461 1528 δύναμις
2492 1459 2743 1528 Ὑψίστου
2770 1462 3076 1516 ἐπισκιάσει
3101 1481 3181 1516 σοι
3201 1480 3213 1492 ”
3250 1464 3328 1517 διὸ
3357 1467 3448 1518 καί¹
3476 1467 3536 1519 τὸ
3564 1483 3690 1535 γενι-

2110 1549 2349 1620 νὼμενον
2397 1551 2551 1617 ἅγιον
2598 1550 2925 1623 κληθήσεται
2966 1553 3091 1618 Υἱὸς
3139 1555 3295 1609 Θεοῦ.
3335 1574 3351 1606 ι
3409 1558 3465 1608 Ὀ
3508 1557 3687 1610 τοίνυν

2111 1642 2389 1711 γεννηθεὶς
2427 1644 2490 1694 ἐκ
2531 1642 2630 1713 τῆς
2660 1643 2932 1714 Παρθένου
2972 1646 3210 1718 Μαρίας,
3252 1647 3379 1709 Υἱὸς
3408 1647 3541 1703 Θεοῦ
3582 1646 3687 1715 φύ-

2114 1752 2215 1798 σει,
2247 1734 2341 1787 καὶ
2373 1734 2505 1797 Θεὸς
2533 1734 2800 1803 ἀληθινὸς,
2835 1736 2928 1788 καὶ
2960 1737 3021 1789 οὐ
3053 1737 3254 1808 χάριτι,
3287 1738 3381 1791 καὶ
3404 1740 3463 1791 ού
3498 1756 3691 1809 μετου-

2115 1828 2224 1899 σία,
2257 1828 2397 1880 κατά
2432 1828 2610 1899 σάρκα
2654 1827 2833 1897 μόνον,
2874 1827 2971 1898 τὴν
3003 1830 3067 1881 ἐκ
3091 1830 3323 1901 Μαρίας,
3369 1830 3685 1900 ἄνθρωπος’

2112 1917 2251 1970 κατὰ
2300 1918 2355 1970 δὲ
2400 1918 2636 1988 πνεῦμα,
2683 1920 2711 1970 ὁ
2761 1918 2921 1982 αὐτὸς
2956 1918 3083 1982 Υἱὸς
3126 1919 3258 1972 Θεοῦ
3308 1922 3401 1975 καὶ
3441 1920 3573 1983 Θεὸς
3609 1921 3687 1991 (5)

2113 2008 2390 2077 ἀληθινός·
2425 2007 2611 2062 παθὼν
2644 2009 2741 2078 μὲν
2766 2009 2832 2060 τὰ
2863 2010 3106 2080 ἡμέτερα
3134 2009 3279 2081 πάθη
3310 2011 3451 2063 κατὰ
3485 2011 3685 2080 σάρκα,

2112 2100 2187 2163 ὡς
2240 2099 2546 2170 γέγραπται
2576 2116 2589 2127 '
2644 2118 2661 2149 ι
2722 2098 2956 2170 Χριστοῦ
3011 2099 3273 2163 παθόντος
3334 2102 3487 2172 ὑπὲρ
3531 2100 3688 2171 ἡμῶν

2115 2191 2308 2262 σαρκί.
2352 2210 2370 2242 ι
2410 2191 2518 2243 Καὶ
2572 2190 2751 2253 πάλιν,
2790 2210 2807 2240 ι
2854 2191 2951 2253 Ὃς
2996 2207 3059 2259 γε
3115 2190 3210 2243 τοῦ
3252 2190 3383 2243 ἰδίου
3422 2192 3549 2244 Υἱοῦ
3587 2193 3689 2246 οὐκ

2112 2284 2383 2351 ἐφείσατο,
2430 2282 2542 2334 ἀλλ’
2588 2281 2728 2352 ὑπὲρ
2778 2281 2932 2352 ἡμῶν
2969 2282 3184 2335 πάντων
3233 2283 3543 2354 παρέδωκεν
3587 2283 3688 2336 αὑ·-

2113 2375 2201 2426 τόν
2226 2391 2238 2402 ·
2284 2393 2302 2424 ι
2348 2373 2565 2443 ἀπαθὴς
2607 2373 2664 2425 δὲ
2693 2373 2971 2443 διαμείνας
3012 2375 3104 2426 καὶ
3150 2373 3504 2438 ἀναλλοίωτος
3551 2372 3691 2428 κατᾶ

2112 2465 2209 2536 τὴν
2238 2465 2488 2536 θεότητα,
2520 2463 2661 2518 κατά
2688 2464 2748 2517 τὸ
2790 2465 3081 2535 λεγόμενον
3108 2465 3212 2519 ὑπὸ
3248 2466 3342 2518 τοῦ
3375 2469 3650 2538 προφήτου
3671 2481 3689 2499 ο

2118 2577 2136 2609 ι
2182 2557 2322 2626 Ἐγὼ
2372 2558 2503 2620 Θεὸς
2552 2557 2646 2610 καὶ
2688 2558 2784 2609 οὐκ
2830 2558 3161 2629 ἡλλοίωμαι·
3195 2579 3214 2609 ›
3256 2559 3542 2613 ἀποθανὼν
3594 2560 3694 2629 μὲν

2112 2650 2202 2702 τὸν
2245 2650 2511 2721 ἡμέτερον
2556 2650 2784 2704 θάνατον
2819 2650 2962 2703 κατά
2990 2651 3167 2720 σάρκα
3196 2649 3334 2720 ὑπὲρ
3358 2649 3466 2702 τῶν
3514 2651 3697 2721 ἀμαρ-

2115 2741 2245 2794 τιῶν
2296 2742 2474 2813 ἡμῶν,
2524 2743 2611 2796 ἵνα
2661 2741 2751 2794 τὸν
2797 2741 3021 2797 θάνατον
3066 2742 3228 2814 ἀνέλῃ
3272 2742 3359 2794 διὰ
3409 2742 3501 2794 τοῦ
3554 2742 3695 2814 ὑπὲρ

2116 2831 2270 2903 ήμῶν
2295 2833 2545 2897 Θανάτου,
2580 2832 2722 2885 κατά
2744 2832 2835 2885 τὸν
2868 2833 3096 2902 λέγοντα
3110 2832 3428 2885 Ἀπόστολον
3448 2849 3459 2863 ·
3497 2851 3515 2882 ι
3538 2834 3690 2884 Κατ-

2115 2925 2285 2996 επόθη
2325 2927 2353 2979 6
2386 2926 2614 2989 θάνατος
2646 2926 2726 2989 είς
2768 2927 2949 2987 νῖκος’
2990 2924 3090 2977 ποῦ
3158 2941 3273 2985 σου,
3317 2922 3438 2994 ᾇδη,
3475 2921 3534 2975 τὸ
3572 2922 3697 2974 κέν-

2114 3031 2280 3085 τρον;
2321 3034 2338 3066 ι
2388 3016 2481 3067 καὶ
2513 3015 2705 3068 πάλινσ
2746 3033 2763 3064 ι
2815 3013 3051 3083 Χριστὸς
3099 3012 3369 3065 ἀπέθανεν
3408 3013 3546 3084 ὑπὲρ
3586 3012 3697 3066 τῶν

2116 3104 2401 3178 ἁμαρτιῶν
2427 3104 2605 3175 ἡμῶν,
2629 3103 2770 3157 κατὰ
2791 3104 2888 3167 τὰς
2912 3104 3133 3175 Γραφάς
3154 3120 3167 3133 θ
3201 3123 3218 3153 ι
3249 3103 3513 3166 ἀθάνατος
3535 3103 3592 3155 δὲ
3619 3101 3696 3173 (4)

2117 3198 2209 3250 καὶ
2236 3197 2544 3266 ἀκράτητος
2564 3194 2642 3264 τῷ
2667 3194 2879 3265 θανάτῳ
2903 3194 3182 3264 διαμείνας
3212 3194 3298 3247 διὰ
3326 3193 3423 3264 τὴν
3445 3193 3697 3263 θεότητα,

2116 3288 2193 3352 ὡς
2233 3288 2449 3359 ἀπαθὴς
2487 3288 2580 3341 τοῦ
2630 3289 2845 3359 Πατρὸς
2872 3287 3119 3357 δύναμις,
3164 3287 3307 3340 κατά
3347 3287 3437 3340 τὸν
3471 3287 3700 3354 λέγοντα

2117 3380 2350 3457 Πέτρον*
2379 3400 2397 3431 ι
2446 3381 2520 3432 Οὐ
2564 3380 2673 3451 γὰρ
2703 3376 2790 3450 ἦν,
2827 3398 2845 3430 ι
2894 3379 2967 3451 (5)
3020 3382 3171 3451 φησι,
3220 3400 3237 3431 ι
3286 3380 3507 3434 δυνατὸν
3559 3396 3700 3449 κρα-

2116 3470 2324 3524 τεῖσθαι
2356 3470 2517 3522 αὐτὸν
2544 3470 2647 3522 ὑπὸ
2674 3469 2768 3521 τοῦ
2796 3469 3028 3522 θανάτου
3048 3487 3061 3500 ο
3106 3489 3125 3520 ι
3164 3468 3402 3522 ἀνελθὼν
3431 3470 3512 3532 είς
3532 3471 3700 3541 οὐρα-

2118 3562 2242 3623 νοὺς
2270 3558 2364 3612 καὶ
2390 3559 2697 3629 καθήμενος
2725 3561 2788 3611 ἐκ
2821 3559 3010 3625 δεξιῶν
3042 3559 3134 3612 τοῦ
3158 3559 3390 3632 Πατρὸς,
3430 3561 3569 3613 κατὰ
3600 3561 3701 3631 τὴν

2119 3647 2229 3701 ἀπὸ
2260 3648 2363 3718 γῆς
2396 3649 2473 3711 εἰς
2512 3649 2774 3717 οὐρανοὺς
2817 3649 3128 3719 ὑψουμένην
3164 3651 3341 3722 σάρκα
3374 3651 3466 3703 τοῦ
3502 3652 3699 3719 Λόγου,

2120 3738 2259 3793 κατά
2286 3739 2348 3791 τὸ
2374 3739 2664 3809 λεγόμενον
2698 3740 2802 3793 ὑπὸ
2828 3740 2923 3792 τοῦ
2953 3741 3152 3794 Δαυῖδο
3195 3761 3212 3792 ι
3248 3739 3416 3796 Εἶπεν
3447 3745 3475 3794 ὁ
3499 3742 3704 3813 Κύριος

2118 3830 2196 3901 τῷ
2229 3832 2418 3902 Κυρίῳ
2448 3847 2569 3901 μου·
2601 3830 2786 3884 Κάθου
2816 3832 2880 3885 ἐκ
2907 3830 3096 3897 δεξιῶν
3135 3850 3265 3903 μου·
3305 3853 3324 3885 ι
3359 3834 3452 3886 καὶ
3484 3835 3574 3885 ὑπ’
3602 3835 3703 3885 αύ-

2118 3922 2213 3977 τοῦ
2262 3924 2356 3977 τοῦ
2390 3925 2594 3996 Κυρίου
2643 3924 3026 3996 βεϐαιούμενον
3072 3925 3167 3977 καὶ
3205 3924 3313 3977 τῶν
3357 3925 3700 3978 ἀποστόλων·

2121 4018 2262 4071 κατά
2285 4017 2341 4070 δὲ
2377 4017 2475 4089 τὴν
2505 4018 2733 4088 θεότητα
2763 4018 3155 4089 ἀπερίληπτος,
3198 4017 3374 4072 πάντα
3417 4017 3579 4071 τόπον
3610 4034 3709 4069 πε-

2125 4109 2321 4180 ριέχων
2355 4110 2492 4180 μετά
2525 4110 2618 4162 τοῦ
2646 4110 2859 4180 Πατρὸς
2885 4109 2979 4162 τοῦ
3012 4109 3205 4173 ἀϊδίου,
3242 4108 3315 4173 ὡς
3347 4108 3587 4180 πατρικὴ
3614 4109 3709 4162 καὶ

2121 4203 2357 4285 ἄρρητός
2406 4202 2665 4272 δύναμις,
2725 4203 2868 4256 κατὰ
2924 4203 3017 4255 τὸν
3084 4202 3405 4256 διδάσκοντα
3462 4201 3703 4254 Παῦλον·

2128 4314 2145 4345 ι
2177 4294 2407 4365 Χριστὸς
2440 4293 2574 4347 Θεοῦ
2609 4294 2856 4364 δύναμις,
2885 4294 2979 4347 καὶ
3000 4294 3136 4347 Θεοῦ
3165 4295 3343 4363 σοφία.
3384 4313 3403 4345 ι
3449 4293 3711 4365 Ἑρχόμε⁴

450 4404 470 4438 ι
493 4384 597 4451 Qui
621 4384 832 4455 judicat
860 4384 1075 4439 occulta
1105 4384 1479 4446 tenebrarum,
1512 4394 1568 4437 et
1591 4383 1910 4438 manifestat
1934 4398 2014 4437 oc-

2124 4376 2213 4448 νος
2249 4386 2278 4437 ὁ
2321 4386 2480 4449 αὐτὸς
2528 4386 2654 4449 Υἱὸς
2703 4384 2840 4438 Θεοῦ
2885 4387 2978 4439 καὶ
3016 4386 3168 4449 Θεὸς,
3212 4386 3287 4449 ὡς
3322 4385 3707 4455 ἐπηγγείλατο,

446 4477 593 4531 culta
620 4475 892 4539 cordium,
918 4482 973 4530 et
1002 4474 1215 4529 laudem
1252 4482 1306 4528 et
1346 4474 1671 4543 vituperium
1706 4490 1804 4545 pro
1826 4475 2022 4529 merito

447 4568 644 4638 cuique
676 4567 868 4621 tribuit
891 4568 958 4622 “.
997 4586 1017 4619 ι
1059 4565 1117 4620 Si
1151 4567 1274 4637 quis
1309 4581 1439 4620 vero
1470 4573 1665 4635 praater
1695 4567 1811 4621 haec
1833 4582 1900 4622 ex
1930 4582 2021 4621 sa-

447 4660 559 4715 cris
603 4658 903 4728 Scripturis
934 4658 1114 4722 docet,
1172 4659 1448 4728 aliumque
1487 4658 1621 4713 dicit
1659 4673 1783 4714 esse
1825 4657 2023 4712 Filium

449 4749 567 4815 Dei,
597 4760 652 4806 et
676 4749 843 4803 alium
867 4764 935 4804 ex
961 4747 1132 4803 Maria
1165 4755 1372 4813 ortum,
1407 4764 1503 4818 per
1527 4749 1781 4818 gratiam,
1818 4759 1877 4803 ut
1899 4764 2022 4813 nos,

449 4842 804 4911 adoptatum;
852 4840 925 4894 ita
965 4848 1024 4894 ut
1077 4840 1186 4894 duo
1226 4840 1338 4893 sint
1371 4837 1487 4903 filii,
1530 4839 1666 4893 alter
1717 4840 2018 4895 secundum

452 4942 701 4989 naturam
741 4932 915 4987 Filius
962 4931 1080 4997 Dei,
1127 4932 1266 4986 alter
1313 4930 1613 4986 secundum
1668 4932 1899 5002 gratiam
1950 4949 2016 4988 ex

547 5111 566 5140 ²
611 5106 745 5162 Luc.
788 5122 841 5168 I,
873 5108 960 5161 54.
1044 5108 1064 5138 ³
1105 5107 1235 5161 ibid.
1270 5108 1360 5162 55.
1438 5106 1460 5137 ⁸
1501 5105 1518 5158 1
1554 5105 1697 5161 Petr.
1740 5123 1811 5169 ιν,
1855 5108 1900 5162 Ι.
1979 5110 1999 5139 ⁵

547 5179 643 5233 ιίό.
680 5181 733 5233 ὅ.
811 5179 832 5209 ⁹
872 5179 993 5233 Act.
1032 5193 1103 5240 ιι,
1135 5178 1227 5231 24.
1308 5179 1351 5209 ¹⁰
1394 5175 1539 5231 Psal.
1578 5193 1703 5243 eux,
1745 5180 1791 5231 ι.
1869 5179 1906 5210 ’⁸
1953 5178 2014 5231 lt

2118 5124 2201 5163 um.
2237 5125 2331 5163 νιιι
2357 5149 2373 5173 ,
2439 5110 2528 5163 52.
2608 5111 2628 5143 ⁸
2668 5111 2899 5165 Malach.
2938 5127 3036 5176 ιιι,
3071 5111 3125 5165 6.

2122 5221 2134 5233 .
2172 5195 2217 5243 ι,
2256 5181 2344 5234 Ἡ.
2430 5182 2472 5211 ¹²
2514 5180 2531 5233 Ι
2568 5180 2697 5238 Cor.
2732 5199 2804 5243 Iv,
2842 5182 2893 5236 5.

452 5179 472 5211 ³
512 5179 643 5233 ibid.
680 5181 733 5233 ὅ.
811 5179 832 5209 ⁹
872 5179 993 5233 Act.
1032 5193 1103 5240 ιι,
1135 5178 1227 5231 24.
1308 5179 1351 5209 ¹⁰
1394 5175 1539 5231 Psal.
1578 5193 1703 5244 eux,
1745 5180 1791 5231 ι.

525 5355 600 5434 (1)
638 5356 797 5415 Hunc
819 5359 1009 5434 locum,
1030 5377 1095 5417 ex
1135 5361 1339 5434 Cyrillo
1376 5364 1742 5429 restituimus,
1779 5365 1831 5418 in
1863 5364 2026 5420 editis

455 5430 699 5504 antehae
715 5431 967 5504 mutilum
999 5430 1367 5504 lacerumque.

528 5497 965 5577 (2)ASic___Cyrill.
1008 5503 1157 5577 [aditi
1189 5497 1340 5571 vero,
1375 5505 1499 5569 Πῶς
1534 5505 1686 5559 ἔσται
1720 5524 1808 5577 μοι
1848 5506 2027 5560 τοῦτο.

462 5567 987 5661 Μιξξχίῖγιξὶιλέλεγε
1009 5574 1161 5661 ιΠνεῌῦ
1170 5594 1264 5645 μα.

2119 4481 2298 4550 κρῖναι
2327 4477 2534 4541 ζῶντας
2562 4479 2654 4531 καὶ
2684 4480 2928 4548 νεκροὺς,
2971 4478 3047 4541 ὥς
3079 4495 3244 4547 φησιν
3277 4482 3304 4532 6
3346 4478 3666 4541 ’Λπὸστολος
3690 4495 3706 4510 ο

2127 4591 2145 4623 ι
2178 4569 2285 4623 Τοῦ
2320 4569 2593 4641 κρίνοντος
2633 4571 2701 4623 τά
2749 4572 2966 4649 κρυπτά
3010 4570 3104 4624 τοῦ
3148 4571 3391 4633 σκότους,
3430 4570 3522 4622 καὶ
3548 4586 3712 4637 φανε-

2124 4660 2345 4733 ροῦντος
2389 4661 2459 4714 τὰ
2507 4661 2727 4734 κρυπτά
2768 4661 2879 4715 τῶν
2914 4661 3171 4733 καρδιῶν,
3223 4661 3317 4713 καὶ
3361 4659 3452 4714 τὸν
3491 4659 3712 4713 ἔπαινον

2124 4754 2220 4808 καὶ
2249 4754 2347 4824 τὴν
2378 4751 2587 4824 μέμψιν
2617 4756 2738 4807 κατ’
2767 4753 2923 4818 ἀξίαν
2950 4754 3209 4825 φέροντος
3237 4753 3474 4822 ἑκάστῳ.
3516 4770 3533 4802 ›
3566 4752 3627 4803 Εἰ
3655 4751 3713 4803 δέ

2127 4862 2210 4908 τις
2245 4842 2397 4915 παρά
2421 4843 2594 4898 ταῦτα
2615 4846 2679 4898 ἐκ
2709 4844 2818 4897 τῶν
2849 4844 3007 4898 θείων
3041 4843 3273 4915 Γραφῶν
3302 4841 3558 4905 διδάσκει,
3592 4842 3713 4893 ’ἐτε-

2131 4952 2221 5007 ρον
2253 4935 2425 5003 λέγων
2457 4935 2547 4987 τὸν
2573 4935 2701 4988 Υἱὸν
2727 4935 2821 4989 τοῦ
2854 4935 3011 5001 Θεοῦ,
3042 4938 3136 4989 καὶ
3166 4936 3351 5007 ἓτερον
3381 4934 3471 4988 τὸν
3501 4936 3565 4987 ἐκ
3593 4933 3712 4987 Μα-

3220 5113 3237 5141 "
3280 5108 3299 5162 1
3333 5111 3459 5164 Cor.
3496 5127 3583 5175 xv,
3620 5110 3709 5165 55.

2203 5366 2278 5449 (ἦ)
2318 5366 2394 5422 Ita
2426 5365 2684 5439 Cyrillus.
2721 5363 2866 5432 Haec,
2908 5365 3001 5417 καὶ
3034 5362 3363 5433 ἀκράτητος,
3394 5361 3620 5415 deerant
3657 5362 3712 5415 in

2130 5437 2479 5579 αὶίὲῗλιιησὶ,
2512 5508 2671 5579 deest
2723 5506 2868 5579 apud
2903 5505 3190 5579 Cyrillum.
3227 5503 3603 5579 lbidetn,_qute
3623 5516 3713 5555 se-

2134 5572 2554 5658 quuntuerost,
2585 5578 2690 5631 ὑπὸ
2710 5572 2807 5658 Σοῦ
2846 5572 3102 5658 θανάτουί,
3135 5590 3307 5658 usque
3331 5574 3419 5641 ad,
3456 5575 3519 5627 Εί
3548 5572 3604 5628 δέ
3633 5588 3715 5635 τις

534 5639 623 5720 (ὄλ
662 5639 956 5720 Ἀληθινός,
992 5644 1144 5699 deest
1170 5639 1314 5716 apud
1343 5645 1624 5720 Cyrillum.
1661 5646 1778 5703 Mox
1802 5689 1816 5715 ,
1857 5647 2014 5719 Cyril-

2138 5639 2289 5720 παρά
2308 5639 2498 5713 ταῦτα,
2530 5639 2636 5704 non
2670 5649 2974 5705 afferuntur
3006 5663 3037 5702 a
3064 5639 3288 5717 Cyrillo.

459 5711 565 5778 ius,
590 5706 789 5784 ὥσπερ
809 5713 1133 5785 γέγραπται.
