3890 6186
498 201 564 258 51
1666 212 1723 267 s.
1764 208 2228 267 ATHANASIUS.
2260 237 2333 251 -
2369 206 2596 264 ouem.
3695 206 3771 261 sa

499 331 592 381 tur
617 340 634 380 :
672 341 694 378 ι
720 323 861 381 Cum
888 341 1190 383 conversus
1217 327 1384 384 fuerit
1418 328 1486 384 ad
1521 326 1835 396 Dominum,
1862 328 2071 386 aufere-

2186 327 2359 397 λέγεισ
2399 345 2418 380 ι
2451 328 2622 381 Ὅταν
2671 325 2971 397 ἐπιστρέψῃ
3023 324 3161 396 πρὸς
3192 324 3419 397 Κύριον,
3451 328 3769 397 περιαιρετ-

502 424 593 471 tur
622 416 890 473 velamen.
925 416 1189 476 Dominus
1212 428 1396 475 autem
1436 419 1677 491 Spiritus
1701 430 1827 477 est:
1862 421 1958 477 ubi
1986 436 2083 477 au-

501 516 610 564 tem
641 508 881 581 Spiritus
900 509 1141 578 Domini,
1172 512 1248 568 ibi
1274 513 1503 570 libertas
1526 515 1592 569 ".
1624 534 1645 568 ι

1000 622 1052 693 3
1084 623 1139 678 2.
1166 622 1244 679 De
1273 625 1639 695 viviﬁcatione.

574 712 714 769 Dicit
756 712 1052 772 Salvator:
1081 735 1100 768 ι
1156 715 1314 772 Sicut
1363 717 1524 773 Pater
1566 717 1798 773 suscitat
1836 726 2082 773 mortuos

498 812 554 858 et
581 806 840 872 viviﬁcat,
880 808 961 863 sic
995 815 1051 863 et
1091 807 1284 875 Filius,
1329 825 1470 881 quos
1512 810 1646 874 vult,
1688 809 2010 865 viviﬁcat“.
2055 828 2075 863 ι

499 895 576 951 De
610 896 814 968 Spiritu
847 910 1042 957 sancto
1068 901 1194 956 item
1229 902 1304 956 ait
1333 920 1347 957 :
1384 922 1403 955 ι
1442 902 1680 972 Spiritus
1709 909 1794 957 est
1823 902 1915 972 qui
1943 901 2081 956 vivi-

2182 439 2273 475 ται
2298 420 2359 475 τὸ
2387 420 2669 491 κάλυμμα.
2705 419 2766 473 ὐ
2791 419 2848 473 δὲ
2881 417 3086 490 Κύριος
3128 417 3190 471 τὸ
3216 416 3441 488 Πνεῦμά
3471 418 3621 473 ἐστιν
3641 434 3655 447 ·
3702 412 3771 473 οὗ

2178 512 2240 568 δὲ
2274 512 2336 566 τὸ
2357 510 2581 583 Πνεῦμα
2606 510 2832 584 Κυρίου,
2864 512 2981 564 ἐκεῖ
3003 509 3282 581 ἐλευθερία
3321 510 3453 581 (ll).
3492 528 3513 561 ι

2620 624 2673 678 2.
2714 623 2855 694 Περὶ
2886 622 3308 691 ζωοποιήσεως.
3748 678 3755 687 ί

2255 718 2421 787 Λέγει
2444 720 2472 770 6
2488 719 2706 790 Σωτήρν
2748 736 2765 768 ι
2794 717 3006 787 Ὠσπερ
3025 719 3054 769 6
3072 715 3262 785 Πατὴρ
3292 713 3491 785 ἐγείρει
3517 725 3647 777 τους
3673 730 3771 767 νε-

2182 810 2343 880 κροὺς
2374 808 2467 863 καὶ
2493 808 2774 873 ζωοποιεῖ,
2796 806 2967 871 οὕτως
2992 808 3086 860 καὶ
3109 808 3138 858 6
3159 806 3281 869 Υἱὸς
3311 804 3404 868 οὓς
3428 804 3591 866 θέλει,
3618 803 3763 868 ζωο-

2181 903 2353 953 ποιεῖ’
2388 918 2405 951 ι
2441 900 2535 953 καὶ
2569 902 2695 971 περὶ
2719 898 2810 952 τοῦ
2838 898 3153 970 Πνεῦμα-τός
3182 916 3345 970 φησι·
3389 916 3406 949 ι
3435 898 3506 950 Τὸ
3530 895 3766 966 Πνεῦμά

499 983 647 1050 ﬂeat,
692 1002 822 1041 caro
860 1003 969 1044 non
1011 990 1233 1059 prodest
1264 990 1561 1063 quidquam
1587 993 1652 1046 ¹⁷.
1687 1011 1705 1045 ι
1745 991 1810 1048 Et
1846 992 2071 1063 Aposto-

2186 993 2296 1046 ἐστι
2326 991 2387 1045 τὸ
2418 991 2743 1058 ζωοποιοῦν,
2788 991 2821 1061 ἡ
2856 989 2993 1061 σὰρξ
3016 990 3116 1042 οὐκ
3146 988 3343 1058 ὠφελεῖ
3368 988 3537 1042 οὐδέν.
3570 1006 3589 1038 ι
3649 986 3767 1039 Καὶ

498 1075 586 1133 lus
618 1097 632 1133 :
670 1097 689 1130 ι
722 1078 927 1136 Littera
960 1082 1181 1151 occidit,
1216 1083 1455 1155 Spiritus
1482 1085 1799 1141 viviﬁcat“.
1842 1104 1863 1139 ι

1012 1261 1066 1316 5.
1103 1261 1182 1316 De
1208 1262 1561 1319 ordinatione.

568 1350 645 1406 De
674 1349 835 1408 Patre
878 1351 1082 1411 Paulus
1132 1357 1248 1411 ait:
1288 1376 1306 1408 ι
1339 1356 1531 1413 Posuit
1547 1356 1691 1413 Deus
1722 1358 1778 1413 in
1804 1356 2073 1422 Ecclesia,

498 1442 759 1512 primum,
820 1446 1135 1516 apostolos;
1194 1448 1460 1512 secundo,
1522 1448 1857 1518 praphetas;
1891 1450 2071 1514 tertio,

497 1534 792 1602 magistros
814 1536 877 1599 ",
917 1556 936 1589 ι
967 1547 1072 1594 etc.
1099 1537 1175 1593 De
1203 1538 1363 1604 Filio,
1398 1539 1542 1595 idem
1576 1538 1871 1610 Apostolus
1902 1540 2071 1597 dicit:

502 1642 523 1677 ι
562 1625 666 1692 Qui
716 1628 1041 1696 descendit,
1085 1632 1203 1702 ipse
1235 1641 1340 1693 est,
1390 1640 1444 1688 et
1475 1634 1570 1703 qui
1615 1633 1866 1689 ascendit
1909 1648 2074 1703 supra

2176 1084 2205 1134 6
2232 1082 2552 1147 ’Δπόστολος
2570 1099 2583 1113 ·
2613 1101 2632 1135 ι
2657 1082 2730 1136 Τὸ
2752 1082 2984 1154 γράμμα
3012 1080 3356 1144 ἀποκτείνει,
3377 1080 3438 1133 τὸ
3455 1079 3511 1133 δὲ
3529 1078 3764 1149 Πνεῦμα

2179 1172 2451 1237 ζωοποιεῖ.
2466 1192 2484 1225 ι

2566 1266 2619 1319 3.
2654 1264 2765 1337 (12)
2805 1266 2944 1333 Περὶ
2978 1265 3363 1335 χειροτονίας.

2247 1357 2384 1430 Περὶ
2417 1358 2631 1429 Πατρὸς
2656 1357 2867 1422 Παῦλος
2892 1356 3038 1427 λέγει
3057 1375 3072 1388 ο
3114 1375 3135 1410 ι
3162 1356 3353 1411 Ἔθετο
3372 1356 3402 1409 6
3436 1352 3569 1416 Θεὸς
3600 1354 3661 1407 ὲν
3688 1352 3762 1425 τῇ

2188 1448 2483 1521 Ἐκκλησία
2525 1449 2742 1521 πρῶτον
2773 1450 3106 1514 ἀποστόλους
3128 1490 3143 1515 ,
3168 1450 3419 1521 δεύτερον
3450 1449 3760 1520 προφήτας,

2174 1539 2355 1611 τρίτον
2384 1539 2731 1604 διδασκάλους
2749 1557 2763 1570 ·
2789 1560 2808 1593 ι
2838 1541 2931 1594 καὶ
2954 1540 3025 1593 τά
3051 1541 3198 1612 ἑξῆς.
3224 1542 3357 1612 Περὶ
3383 1539 3511 1593 Υίοῦ
3539 1541 3569 1592 6
3592 1539 3763 1602 αὐτὸς

2189 1632 2508 1697 ’Δπόστολος
2544 1632 2743 1702 φάσκει
2774 1632 2921 1703 (15)·
2971 1651 2991 1684 ι
3031 1633 3088 1687 '0
3121 1632 3363 1697 καταϐὰς
3386 1673 3401 1698 ,
3441 1631 3603 1695 αὑτός
3640 1633 3763 1683 ἐστι

496 1719 687 1784 οωιοε,
722 1730 781 1775 ιιι
820 1724 1069 1792 impleret
1112 1725 1317 1779 omnia.
1356 1724 1421 1778 Et
1460 1725 1578 1796 ipse
1627 1725 1777 1781 dedit
1822 1726 1924 1781 hos
1948 1726 2071 1796 qui-

2186 1725 2267 1778 ιιαὶ
2291 1726 2320 1778 ὁ
2347 1724 2550 1789 ἀναϐάς
2571 1724 2707 1795 ὑπὲρ
2736 1724 2846 1778 ἄνω
2868 1723 2973 1777 τῶν
2992 1724 3253 1796 οὐρανῶν,
3289 1724 3373 1778 ἵνα
3401 1721 3663 1795 πληρώσῃ
3688 1721 3764 1776 τά

496 1810 620 1866 dem
655 1815 957 1883 apostolos,
1010 1817 1136 1872 illos
1183 1818 1504 1888 prophetas,
1535 1820 1672 1875 alios
1715 1826 1964 1890 pastores
2019 1827 2075 1874 et

497 1905 872 1974 magistros".
907 1927 926 1960 ι
967 1907 1043 1964 De
1083 1907 1312 1980 Spiritu,
1358 1911 1499 1966 idem
1549 1912 1842 1981 Apostolus
1868 1912 2074 1968 accitos

498 1993 683 2052 Meto
716 2000 1066 2071 presbyteros
1121 2003 1203 2057 sic
1245 2003 1580 2073 alloquitur:
1618 2026 1637 2057 ι
1674 2005 1950 2061 Attendite
1978 2020 2074 2060 vo-

498 2084 583 2142 bis
627 2087 784 2157 ipsis.
834 2097 889 2144 et
919 2091 1175 2145 universo
1207 2092 1378 2161 gregi,
1416 2093 1483 2147 in
1526 2110 1636 2164 quo
1687 2110 1786 2150 vos
1836 2093 2073 2165 Spiritus

494 2191 721 2238 sanctus
752 2185 1260 2257 posuitepiscopos,
1277 2202 1503 2259 pascere
1530 2186 1832 2244 Ecclesiam
1851 2186 1947 2244 Dei
1964 2190 2067 2243 ιι.»

1012 2452 1066 2508 4.
1100 2451 1178 2507 De
1205 2452 1554 2524 legislatione.

564 2538 641 2595 De
678 2539 840 2597 Patre
887 2541 964 2596 ait
1032 2542 1198 2600 David
1231 2563 1245 2599 :
1285 2565 1303 2597 ι
1342 2544 1411 2600 Ut
1454 2544 1691 2602 facerem
1734 2546 2071 2602 voluntatem

494 2641 667 2697 tuam,
713 2632 854 2690 Deus
886 2651 1042 2692 meus
1088 2638 1260 2702 volui,
1298 2649 1352 2693 et
1386 2639 1557 2709 legem
1596 2648 1743 2694 tuam
1788 2639 1846 2693 in
1891 2638 2071 2694 medio

494 2728 704 2784 ventris
748 2728 854 2784 mei
873 2730 939 2783 ³⁸.
976 2747 996 2781 ι
1036 2728 1112 2786 De
1162 2729 1302 2786 Filio
1343 2741 1525 2788 autem
1576 2731 1820 2789 Paulus:
1854 2751 1873 2784 ι
1921 2731 2073 2787 Alter

495 2820 723 2876 alterius
748 2834 915 2875 onera
938 2830 1175 2891 portate,
1201 2830 1256 2879 et
1285 2825 1366 2879 sic
1395 2823 1688 2894 adimplete
1718 2825 1887 2895 legem
1911 2822 2073 2880 Chri-

493 2911 565 2967 sti
589 2913 656 2965 ".
696 2931 716 2964 ι
756 2911 833 2969 De
862 2911 1070 2984 Spiritu
1096 2914 1241 2971 idem
1273 2916 1391 2986 ipse
1420 2932 1434 2968 :
1469 2934 1488 2969 ι
1525 2915 1639 2972 Lex
1681 2914 1920 2988 Spiritus
1945 2916 2071 2974 vitae

492 3004 550 3060 in
583 3005 805 3064 Christo
833 3006 964 3063 Jesu
991 3007 1247 3063 liberavit
1272 3009 1436 3066 me“.
1485 3028 1505 3062 ι

1026 3201 1081 3257 5.
1122 3200 1202 3256 De
1242 3201 1539 3259 dominatu.

564 3292 733 3350 David
765 3294 879 3350 ait:
913 3312 932 3346 ι
972 3293 1118 3349 Dixit
1168 3293 1431 3350 Dominus
1473 3292 1704 3349 Domino
1732 3308 1854 3350 meo
1884 3310 1900 3350 :
1933 3292 2074 3351 Sede

494 3401 524 3440 a
549 3385 761 3442 dextris
792 3386 932 3441 meis
954 3387 1023 3442 ".
1063 3404 1082 3438 ι
1115 3386 1272 3452 Quod
1318 3386 1365 3441 si
1392 3386 1760 3456 obloquantur
1809 3385 2069 3454 haeretici,

493 3479 740 3536 dicentes
791 3480 926 3535 illud
979 3478 1048 3535 ad
1095 3479 1355 3535 Davidem
1403 3480 1695 3550 pertinere,
1749 3479 1837 3535 his
1867 3479 2070 3533 Christi

492 3572 674 3627 verbis
730 3581 1110 3643 coarguuntur
1156 3589 1168 3626 :
1212 3589 1232 3622 ι
1274 3571 1417 3638 Quid
1476 3571 1662 3627 dicitis
1701 3571 1769 3627 de
1812 3570 2074 3626 Christo?

493 3664 652 3734 cujus
699 3664 844 3720 illius
895 3664 1014 3720 est?
1042 3664 1264 3731 udicunt
1324 3662 1395 3726 ei,
1442 3662 1666 3718 Davidis
1707 3680 1720 3715 :
1775 3682 1794 3716 ι
1834 3679 2069 3734 respon-

492 3760 585 3815 det
617 3757 887 3814 Salvator:
927 3776 946 3810 ι
975 3757 1262 3825 Quomodo
1294 3772 1426 3827 ergo
1447 3756 1615 3812 David
1649 3758 1704 3811 in
1736 3756 1945 3828 Spiritu
1976 3772 2072 3811 vo-

493 3860 581 3908 cat
612 3866 738 3906 eum
775 3850 1068 3906 Dominum
1090 3852 1175 3906 ὀἳ
1212 3872 1230 3906 ι
1263 3851 1477 3909 Rursus
1507 3851 1575 3907 de
1602 3850 1766 3906 Patre
1798 3869 1811 3905 :
1850 3868 1869 3901 ι
1905 3849 2068 3912 Audi,

493 3943 684 4008 Israel,
728 3943 991 3999 Dominus
1043 3942 1189 4000 Deus
1214 3953 1363 4010 tuus,
1408 3944 1553 4000 Deus
1584 3961 1726 3999 unus
1754 3944 1953 3998 est".i
1996 3942 2072 4000 De

494 4035 634 4091 Filio
667 4044 848 4092 autem
868 4036 946 4090 ait
974 4056 987 4091 :
1020 4037 1134 4106 (l7)
1175 4054 1196 4088 ι
1231 4035 1499 4093 Dominus
1521 4052 1585 4091 ex
1624 4035 1756 4090 Sion
1788 4034 2068 4100 clamabit,

494 4133 550 4181 et
582 4141 647 4181 ex
684 4127 825 4184 caelo
868 4127 1023 4183 dabit
1060 4142 1251 4183 vocem
1285 4144 1464 4193 suam,
1496 4135 1551 4183 et
1576 4127 1926 4182 concutietur
1957 4140 2071 4181 coa-

495 4214 608 4273 lutn
647 4227 700 4274 et
733 4227 899 4275 terra.
942 4219 1209 4279 Dominus
1240 4231 1424 4276 autem
1473 4229 1666 4293 parcet
1699 4222 1903 4291 populo
1946 4235 2067 4285 suo,

494 4318 551 4366 et
577 4310 909 4368 confortabit
959 4312 1223 4369 Dominus
1257 4314 1397 4369 ﬁlios
1444 4314 1631 4370 Israel.
1661 4314 1727 4368 Et
1767 4329 2070 4386 cognosce-

2174 1816 2371 1871 πάντα.
2390 1817 2500 1871 Καὶ
2529 1816 2689 1880 αὐτὸς
2718 1816 2883 1869 ἔδωκε
2907 1819 3031 1880 τοὺς
3067 1817 3163 1887 μὲν
3187 1815 3532 1878 ἀποστόλους,
3551 1815 3679 1877 τοὺς
3699 1814 3761 1866 δὲ

2173 1911 2487 1981 προφήτας,
2517 1908 2644 1972 τοὺς
2673 1908 2729 1961 δὲ
2759 1909 3024 1979 ποιμένας
3048 1909 3142 1961 καὶ
3163 1907 3533 1970 διδασκάλους.
3563 1925 3583 1957 ι
3617 1906 3762 1976 Περὶ

2173 2000 2491 2071 Πνεύματος
2535 2001 2565 2053 6
2613 2000 2775 2063 αὐτὸς
2809 2000 3193 2070 μετακαλεῖται
3225 1999 3331 2053 ἀπὸ
3366 2000 3465 2070 τῆς
3505 1998 3757 2068 Μιλήτου

2171 2092 2296 2155 τοὺς
2318 2091 2738 2164 πρεσϐυτέρους,
2759 2093 2852 2145 καὶ
2876 2091 3020 2160 λέγει
3042 2092 3222 2155 αὐτοῖς
3239 2109 3253 2121 ·
3273 2092 3604 2164 «Προσέχετε
3635 2091 3762 2142 ἐαυ-

2170 2186 2301 2247 τοῖς,
2330 2184 2423 2237 καὶ
2450 2183 2613 2237 παντὶ
2641 2183 2719 2254 τῷ
2741 2184 3003 2254 ποιμενίῳ
3031 2184 3139 2255 (l4)
3160 2224 3175 2249 ,
3197 2184 3256 2237 ὲν
3282 2176 3326 2251 ᾧ
3352 2185 3494 2254 ὑμᾶς
3522 2181 3673 2235 ἔθετο
3692 2180 3757 2235 τὸ

2171 2274 2395 2345 Πνεῦμα
2415 2274 2474 2328 τὸ
2501 2276 2655 2344 ἅγιον
2680 2277 3033 2339 ἐπισκόπους,
3065 2275 3372 2346 ποιμαίνειν
3397 2274 3493 2347 τὴν
3530 2274 3757 2345 Ἐκκλη·

2171 2364 2292 2419 σίαν
2320 2363 2415 2419 τοῦ
2439 2363 2597 2420 Θεοῦ.
2621 2384 2642 2417 ι

2641 2457 2696 2512 4.
2724 2458 2858 2527 Περὶ
2889 2456 3291 2527 νομοθεσίας.¹

2245 2550 2384 2622 Περὶ
2416 2551 2629 2622 Πατρὸς
2657 2552 2686 2604 6
2718 2550 2883 2605 Δαυῒδ
2908 2551 3093 2619 λέγει·
3135 2569 3153 2602 ι
3173 2548 3279 2604 Τοῦ
3311 2550 3533 2621 ποιῆσαι
3570 2548 3631 2602 τὸ
3666 2548 3760 2603 θέ-

2168 2641 2323 2712 λημά
2363 2659 2480 2708 σου,
2507 2644 2535 2697 6
2560 2642 2691 2706 Θεός
2729 2660 2853 2715 μου,
2884 2642 3202 2714 ὲὸουλήθην,
3236 2643 3329 2695 καὶ
3357 2641 3446 2695 τὸν
3474 2640 3635 2712 νόμον
3658 2658 3755 2694 σου

2171 2735 2229 2787 ἐν
2275 2734 2424 2805 μέσῳ
2464 2735 2563 2807 τῆς
2605 2735 2812 2799 κοιλίας
2860 2752 2982 2807 μου.
3007 2753 3026 2786 ι
3079 2734 3216 2806 Περὶ
3258 2734 3389 2787 Υίοῦ
3433 2736 3463 2787 6
3503 2731 3753 2797 Παῦλος’

2175 2844 2193 2877 ι
2232 2825 2500 2898 Ἀλλήλων
2536 2825 2605 2881 τὰ
2638 2827 2777 2899 βάρη
2814 2827 3111 2897 βαστάζετε
3131 2869 3147 2894 ,
3179 2828 3274 2882 καὶ
3305 2826 3475 2891 οῦτως
3506 2826 3755 2896 ἀναπλη-

2172 2916 2383 2988 ρώσατε
2430 2918 2522 2972 τὸν
2563 2919 2725 2991 νόμον
2760 2920 2851 2973 τοῦ
2883 2920 3139 2991 Χριστοῦ.
3166 2939 3184 2972 ι
3223 2921 3358 2992 Περὶ
3386 2919 3698 2990 Πνεῦματος
3726 2922 3756 2973 6

2170 3008 2365 3073 αὐτός’
2400 3028 2419 3061 ι
2456 3010 2513 3063 Ὀ
2546 3010 2708 3082 νόμος
2746 3010 2839 3064 τοῦ
2872 3011 3188 3082 Πνεύματος
3217 3014 3315 3083 τῆς
3349 3009 3491 3083 ζωῆς
3521 3012 3578 3066 ὲν
3610 3011 3754 3081 Χρι-

2095 3092 2138 3151 C
2173 3100 2281 3172 στῷ
2321 3101 2496 3174 Ἰησοῦ
2528 3102 2637 3175 (15)
2663 3103 3003 3175 ἠλευθέρωσέ
3040 3121 3128 3176 με.
3160 3123 3178 3156 ι

2646 3216 2699 3271 5.
2737 3216 2873 3285 Περὶ
2909 3219 3273 3286 κυριότητος.

2253 3305 2311 3360 '0
2343 3304 2507 3361 Δαυῒδ
2531 3306 2679 3375 λέγει
2700 3323 2714 3338 ο
2755 3325 2772 3358 ι
2804 3303 2972 3360 Εἶπεν
3008 3308 3037 3360 6
3065 3306 3267 3379 Κύριος
3298 3305 3375 3378 τῷ
3399 3304 3585 3377 Κυρίῳ
3605 3320 3709 3375 μου
3729 3317 3754 3339 ο

2170 3396 2355 3450 Κάθου
2382 3397 2447 3452 ἐκ
2476 3397 2665 3464 δεξιῶν
2705 3414 2858 3469 μου.»
2892 3399 2955 3451 El
2987 3397 3043 3451 δὲ
3073 3397 3440 3466 ἀντιλέγουσιν
3468 3398 3516 3449 οί
3550 3397 3758 3467 αἱρετι-

2172 3488 2258 3541 κοὶ
2288 3487 2539 3558 λέγοντες
2558 3529 2572 3554 ,
2603 3490 2683 3542 ὅτι
2711 3491 2791 3552 εἰς
2822 3488 2912 3541 τὸν
2946 3488 3110 3542 Δαυῒδ
3139 3488 3536 3559 ὲκλαμὸάνεται
3568 3486 3750 3549 τοῦτο,

2171 3580 2385 3651 ἐλέγχει
2413 3581 2611 3645 αὐτοὺς
2639 3582 2699 3634 τὸ
2722 3583 2872 3654 παρὰ
2890 3580 2983 3634 τοῦ
3013 3580 3267 3652 Σωτῆρος
3291 3579 3581 3649 λεγόμενον
3604 3594 3617 3607 ·
3646 3597 3664 3628 ι
3684 3578 3754 3632 Τί

2170 3671 2356 3740 λέγετε
2373 3673 2501 3744 περὶ
2527 3672 2620 3726 τοῦ
2644 3673 2878 3745 Χριστοῦ
2902 3691 2917 3738 ;
2970 3672 3115 3736 τίνος
3154 3672 3301 3725 ἐστὶν
3328 3671 3477 3737 υίόςζ
3508 3670 3748 3739 λέγουσι’

2170 3763 2277 3818 Τοῦ
2310 3765 2492 3818 Δαυῖδ.
2545 3784 2563 3815 ι
2623 3765 3003 3836 ’Δποκρίνεται
3048 3767 3077 3817 6
3121 3764 3345 3835 Σωτήρο
3410 3780 3429 3813 t
3480 3763 3601 3825 Πῶς
3654 3758 3751 3816 οῦν

2172 3855 2333 3909 Δαυτδ
2366 3857 2422 3909 ὲν
2452 3854 2727 3925 Πνεῦματι
2753 3856 2893 3926 ἁγίῳ
2906 3854 3110 3927 Κύριον
3130 3854 3293 3907 αὑτὸν
3319 3852 3506 3916 καλεῖς
3540 3871 3559 3903 ι
3586 3851 3752 3907 πάλιν

2171 3943 2300 4014 περὶ
2324 3942 2434 4015 (l6)
2462 3942 2557 3995 τοῦ
2590 3943 2820 4015 Πατρός·
2863 3961 2882 3994 ι
2914 3945 3133 4005 Ἀκουε,
3178 3942 3426 4015 Ἰσραὴλ,
3472 3942 3674 4014 Κύριος
3719 3944 3752 3995 6

2170 4035 2304 4099 Θεός
2332 4051 2447 4098 σου,
2473 4034 2677 4106 Κύριος
2703 4031 2783 4099 εἷς
2811 4037 2946 4089 ὲστι.
2980 4054 3000 4087 ι
3038 4036 3173 4107 Περὶ
3196 4035 3253 4088 δὲ
3278 4034 3370 4089 τοῦ
3394 4033 3552 4098 Υίοῦ,
3575 4035 3750 4103 λέγει’

2177 4145 2195 4178 ι
2219 4127 2276 4179 Ὁ
2290 4126 2347 4179 δὲ
2359 4126 2560 4197 Κύριος
2575 4128 2637 4179 ἐκ
2649 4125 2784 4180 Σιὼν
2794 4125 3179 4199 ἀνακράζεται,
3192 4128 3287 4182 καὶ⁸
3302 4127 3358 4194 ἐξ
3373 4126 3599 4200 οὐρανοῦ
3614 4126 3753 4199 (17')

2170 4215 2329 4268 δώσει
2361 4216 2461 4286 τὴν
2491 4216 2674 4284 φωνὴν
2704 4215 2889 4279 αὑτοῦ,
2925 4215 3018 4268 καὶ
3050 4216 3392 4286 σεισθήσεται
3447 4216 3475 4267 6
3525 4213 3756 4285 οὐρανὸς

2172 4308 2266 4361 καὶ
2294 4308 2439 4378 ήγῆ.
2485 4306 2542 4359 '0
2562 4306 2621 4359 δὲ
2643 4306 2841 4378 Κύριος
2885 4308 3128 4376 φείσεται
3158 4307 3251 4360 τοῦ
3267 4305 3393 4360 Ααοῦ
3428 4304 3588 4359 αὑτοῦ
3607 4344 3623 4367 ,
3655 4305 3756 4358 καὶ

494 4400 566 4456 tis
616 4401 759 4471 quod
790 4418 891 4473 ego
924 4404 1027 4459 sim
1061 4402 1326 4459 Dominus
1362 4402 1503 4459 Deus
1529 4412 1730 4469 vester,
1761 4404 1853 4474 qui
1888 4403 2071 4459 taber-

2186 4397 2439 4469 tvtcrxdost
2468 4396 2670 4469 Κύριος
2697 4399 2823 4461 τοὺς
2853 4399 3001 4462 υἱοὺς
3044 4398 3278 4470 Ἰσραήλ.
3327 4398 3437 4451 Καὶ
3464 4394 3757 4464 ἐπιγνώσει

494 4487 752 4541 naculum
786 4490 944 4558 posui
979 4491 1035 4544 in
1077 4490 1230 4558 Sion,
1275 4492 1331 4545 in
1362 4499 1549 4547 monte
1597 4493 1870 4548 sancto".
1912 4512 1931 4545 ›
1964 4492 2069 4559 Qui

2186 4491 2272 4544 σθε
2298 4531 2312 4554 ,
2343 4491 2423 4543 δτι
2452 4486 2562 4557 ἐγώ
2604 4489 2719 4559 είμι
2752 4488 2955 4559 Κύριος
2983 4491 3012 4543 6
3040 4489 3171 4552 Θεὸς
3199 4487 3351 4559 ὑμῶν
3375 4528 3389 4552 ,
3419 4488 3447 4540 6
3479 4502 3755 4557 κατασκη-

456 4577 914 4632 ‘tabernaculum
937 4587 1120 4635 autem
1143 4581 1348 4650 posuit,
1384 4581 1437 4635 id
1473 4589 1557 4637 est
1584 4579 1776 4647 Filius,
1803 4583 1918 4638 haec
1952 4584 2027 4637 ait
2052 4599 2067 4634 :

2186 4581 2355 4645 νώσας
2385 4584 2442 4636 ὲν
2475 4578 2643 4645 Σιὼν,
2678 4582 2734 4634 ὲν
2757 4580 2873 4652 ὄρει
2894 4581 3052 4651 ἁγίῳ.
3076 4599 3094 4633 ι
3141 4581 3199 4634 '0
3226 4581 3282 4634 δὲ
3302 4576 3753 4648 κατασκηνώσας,

499 4687 518 4721 ι
550 4669 663 4742 Ego
692 4678 876 4728 autem
900 4674 1238 4730 constitutus
1265 4689 1388 4731 sum
1422 4690 1519 4730 rex
1550 4676 1619 4731 ab
1647 4692 1714 4733 eo
1742 4691 1907 4747 super
1935 4674 2071 4731 Sion

2186 4676 2296 4745 ἢτοι
2335 4676 2365 4729 6
2407 4674 2567 4740 Υίὸς,
2600 4672 2777 4742 λέγει·
2811 4690 2831 4725 ι
2862 4672 3003 4744 Ἐγὼ
3032 4672 3089 4727 δὲ
3127 4671 3463 4743 κατεστάθην
3504 4670 3754 4743 βασιλεὺς

565 4841 609 4873 ⁸⁸
652 4837 693 4891 ll
725 4839 853 4895 Cor.
891 4858 983 4903 ιιι,
1020 4842 1124 4905 16,
1158 4843 1246 4899 1⁸3.
1356 4842 1399 4874 ¹⁶
1437 4839 1595 4899 Joan.
1627 4857 1662 4893 v
1692 4877 1707 4903 ,
1741 4836 1857 4892 2|.'
1936 4840 1978 4871 ¹⁷
2018 4837 2071 4895 Jc

2231 4856 2314 4905 vr.
2374 4839 2468 4895 64.
2561 4840 2604 4873 ³⁸
2639 4836 2684 4893 ll
2717 4838 2845 4895 Cor.
2901 4850 2997 4900 ιιι,
3028 4833 3086 4905 β.
3193 4837 3236 4868 ¹⁹
3268 4833 3287 4887 l
3317 4831 3445 4905 Cor.
3480 4848 3554 4905 ιιι
3578 4874 3627 4905 ,_
3654 4833 3748 4890 28.

493 4911 540 4944 ³ο
580 4909 778 4980 Ephes.
815 4928 889 4975 IV,
929 4914 1031 4977 10,
1070 4902 1156 4969 Π.
1234 4916 1278 4947 ³⁸
1318 4911 1438 4968 Act.
1476 4929 1567 4975 xx,
1604 4911 1697 4964 98.
1775 4909 1820 4940 ’³
1858 4907 2005 4966 Psal.
2041 4927 2071 4965 χ

2186 4928 2233 4975 ιι.
2268 4902 2321 4967 9'.
2399 4911 2446 4943 “
2481 4910 2661 4968 σλιπ.
2692 4926 2780 4973 vr,
2810 4906 2868 4961 2.
2944 4908 2991 4939 "
3025 4904 3188 4963 Rom.
3224 4920 3355 4970 vui,
3386 4904 3441 4958 2.
3517 4904 3562 4938 ¹⁸
3597 4902 3746 4963 Psal.

489 4997 603 5043 cu,
637 4981 691 5039 l.
731 4982 776 5014 "
813 4982 1001 5041 Matth.
1035 5000 1171 5051 xm,
1207 4984 1311 5051 42,
1341 4984 1433 5040 45.
1510 4984 1554 5015 ⁸⁷
1594 4983 1752 5037 Deut.
1782 4995 1835 5034 vt
1858 5020 1872 5045 ,
1907 4981 1963 5036 4.
2040 4982 2085 5015 "
2121 4982 2240 5040 Joel
2274 4997 2372 5050 ιιι,
2406 4980 2497 5039 l6.

1356 4842 1399 4874 ¹⁶
1437 4839 1595 4899 Joan.
1627 4857 1662 4893 v
1692 4877 1707 4903 ,
1741 4836 1857 4892 2|.'
1936 4840 1978 4871 ¹⁷
2018 4837 2177 4896 Joan.
2231 4856 2314 4905 vr.
2374 4839 2468 4895 64.
2561 4840 2604 4873 ³⁸
2639 4836 2684 4893 ll
2717 4838 2845 4895 Cor.
2901 4850 2997 4900 ιιι,
3028 4833 3086 4905 β.

567 5167 679 5235 (ll)
717 5166 793 5219 T6
824 5165 977 5221 deest
1004 5166 1060 5219 in
1090 5166 1221 5221 edit.
1257 5167 1521 5223 Commel.
1561 5176 1615 5223 et
1639 5166 1892 5225 Vatican.
1923 5168 2068 5236 Mox,
2101 5220 2106 5229 .

496 5237 630 5308 ἐκεῖ,
660 5236 815 5308 deest
846 5239 904 5308 in
926 5236 1119 5308 iisdem
1147 5236 1281 5308 :_sed
1312 5239 1565 5308 leguntur
1586 5239 1670 5295 haa
1697 5256 1861 5296 voces
1890 5241 1943 5295 in
1971 5241 2075 5295 An-

497 5307 732 5381 glicano,
766 5307 930 5381 Basil.
968 5315 1022 5381 et
1064 5307 1119 5360 in
1154 5305 1347 5381 (ἔξωοο
1369 5305 1893 5381 *δούριιυι-ωγιειιιι.
1925 5311 2071 5378 Mox,

496 5377 835 5455 Basiliensis,
860 5377 1169 5455 Anglican”
1186 5377 1665 5455 Vaticanus—crept
1686 5380 2000 5455 ζωοποιίας.

573 5446 685 5517 (12)
727 5446 1576 5519 Τιιυιιιῆηερίχειροτονίας,
1611 5446 1783 5508 ’ἀθεεὶ
1832 5455 1887 5507 in
1937 5446 2069 5510 edit.

500 5516 767 5595 Campe].
795 5516 1144 5595 et__Vati_can._,
1166 5516 1382 5595 sed—est
1402 5523 1465 5595 i_n_
1482 5516 1647 5595 Baisil.
1672 5532 1727 5580 et
1750 5525 1964 5595 Anglic.
2176 5516 2568 5595 Anglicano'et
2588 5517 2877 5595 Vaticano.

574 5588 683 5659 (15)
724 5587 1063 5657 Basiliensis,
1110 5589 1369 5650 διδάσκει.
1416 5591 1540 5649 Mox
1583 5593 1746 5664 idem,
1795 5587 2071 5665 ὑπεράνω,

2248 5587 2373 5665 (Π).
2401 5589 2499 5665 llic
2529 5589 2816 5665 Dominus,
2845 5605 2945 5665 pro
2972 5587 3112 5644 Filio
3130 5588 3489 5665 intelligitur.

501 5656 611 5714 una
641 5656 793 5714 voce.
1052 5656 1055 5657 ⁷
1732 5656 1743 5664 ’
1907 5656 1919 5665 ’
2058 5656 2068 5662 ⁷

2248 5656 2296 5735 (1
2310 5656 2382 5731 7⁸)
2422 5661 2761 5731 Basiliensis,
2790 5656 3026 5735 Anglic,
3062 5660 3154 5715 καὶ
3174 5658 3234 5726 ἐξ
3265 5656 3634 5730 Ἰερουσαλήμ.

2254 5167 2364 5241 (l4)
2403 5165 2510 5241 Sic_
2528 5181 2722 5225 omnes
2745 5181 2881 5225 mss.
2909 5173 2964 5224 et
2985 5165 3137 5223 editi.
3171 5163 3234 5221 In
3267 5165 3392 5221 Act.
3414 5173 3586 5234 apost.
3615 5162 3753 5235 legi-

2175 5239 2288 5303 tur,
2320 5239 2580 5308 ποιμνίῳ.

2248 5309 2359 5379 (l5)
2411 5307 2586 5380 Ἰησοῦ
2626 5309 2781 5365 abest
2811 5323 2842 5363 a
2877 5307 3044 5364 Basil.
3075 5315 3131 5365 et
3161 5307 3376 5378 Anglic.
3414 5305 3525 5362 Nec
3554 5306 3620 5361 ab
3653 5306 3750 5361 in-

2174 5386 2415 5450 terprete
2453 5380 2655 5434 lectum
2694 5388 2797 5435 est.

2247 5446 2359 5522 ('16)
2398 5450 2533 5522 Περί
2554 5450 2707 5522 deest
2728 5451 2784 5504 in
2807 5447 2991 5510 editis.
3021 5447 3119 5506 sed
3139 5449 3338 5519 legitur
3358 5447 3414 5501 in
3435 5446 3751 5515 Basiliensi,
