3878 6196
165 356 241 413 53
890 355 979 411 DE
1018 354 1341 414 COMMUNI
1378 357 1720 415 ESSENTIA
1754 359 2009 419 PATRIS
2046 364 2138 421 ET
2176 364 2340 423 FILII
2378 366 2468 421 ΕΤ
2510 366 2691 425 SPlR.
2735 367 2795 424 S.
3377 371 3447 427 34

163 479 446 535 ὑπἀὒτοῦ
470 480 565 534 ἐπὶ
592 480 728 535 Σιὼν
753 479 879 552 ὅρος
898 480 962 534 τὸ
980 481 1135 551 ἅγιον
1162 480 1349 547 αὐτοῦ,
1372 500 1392 534 ι
1418 482 1598 537 καὶτὰ
1617 482 1764 555 ἑξῆς.

1872 493 2112 542 montem
2146 495 2397 542 sanctum
2437 488 2557 558 ejus
2576 489 2660 558 ιη,
2696 507 2715 540 ι
2741 494 2849 544 etc.
2890 485 2969 543 De
3010 485 3217 558 Spiritu
3266 496 3446 545 autem

164 573 313 662 Περὶ,
326 571 385 625 δὲ
410 572 507 625 τοῦ
532 570 850 643 Πνεύματος
887 572 1059 627 είπὼν
1077 612 1093 638 ,
1139 573 1223 626 ὃτι
1261 590 1280 625 ι
1304 569 1474 628 Εἶπεν
1501 576 1530 628 6
1562 574 1767 647 Κύριος

163 663 242 733 τῷ
274 662 467 734 Κυρίῳ
518 680 621 733 μου
641 702 657 728 ,
689 682 710 715 ι
742 663 1095 728 ὑποκαταϐὰς
1148 665 1299 734 λέγει
1342 682 1355 693 ·
1422 666 1534 720 Καὶ
1564 667 1768 739 Κύριος

164 757 230 808 ἐκ
270 754 466 821 δεξιῶν
511 773 639 809 σου·
665 774 686 809 ι
741 756 835 809 τοῦ
864 751 958 811 οὖν
989 755 1119 810 Υίοῦ
1164 757 1327 812 πάλιν
1359 759 1425 812 ὲκ
1465 756 1655 823 δεξιῶν
1706 758 1767 812 τὸ

164 846 419 919 Πνεῦμα.

166 1022 217 1078 6.
244 1025 367 1097 Ὅτι
390 1027 427 1078 ὁ
448 1023 654 1093 Πατὴρ
675 1023 1036 1097 Κύριον-(18)
1060 1024 1169 1097 τὸν
1200 1025 1340 1080 Υίὸν
1372 1025 1576 1091 καλεῖ,
1605 1028 1703 1081 καὶ
1733 1030 1767 1082 ὀ

246 1096 626 1161 Ἀπόστολος
672 1096 739 1149 τὸ
771 1094 943 1149 Πνεῦ
972 1094 1026 1148 α⁷
1060 1095 1161 1150 καί
1209 1097 1429 1165 Κύριον
1467 1098 1568 1151 καὶ
1619 1097 1768 1151 Θεὸν

246 1165 423 1219 λέγει.
457 1167 541 1219 ὡς
570 1165 670 1219 καί
701 1166 809 1219 τὸν
839 1114 994 1219 Υίιζθ.

231 1165 423 1235 λέγει,
457 1167 541 1232 ὡς
570 1165 670 1220 καί
701 1166 809 1220 τὸν
839 1168 900 1220 Υί

234 1301 405 1370 Λέγει
426 1301 537 1374 γὰρ
568 1298 772 1364 οὕτως·
812 1300 951 1354 «Καὶ
988 1300 1141 1358 ἔσται
1162 1301 1301 1373 μετὰ
1314 1300 1518 1356 ταῦτα·
1564 1300 1767 1373 Ἐκχεῶ

168 1394 271 1448 ἀπὸ
286 1393 384 1447 τοῦ
412 1391 736 1463 Πνεύματός
757 1409 858 1463 μου
885 1393 977 1445 ἐπὶ
1005 1394 1183 1447 πᾶσαν
1210 1394 1409 1464 σάρκα,
1430 1394 1526 1447 καὶ⁹
1549 1411 1766 1467 προφη-

168 1485 450 1540 τεύσουσιν
472 1486 524 1537 οί
556 1486 665 1537 υίοὶ
694 1484 848 1555 ὑμῶν
868 1524 883 1549 ,
911 1486 1007 1538 καὶ
1033 1487 1088 1539 αἱ
1117 1487 1412 1559 θυγατέρες
1455 1486 1639 1559 ὑμῶν,
1673 1487 1769 1542 καὶ

168 1581 213 1632 oi
233 1577 606 1650 πρεσϐύτεροι
643 1577 793 1648 ὑμῶν
823 1577 1050 1633 ἐνύπνια
1080 1579 1594 1650 ἐνυπνιασθήσονται
1614 1621 1629 1645 ,
1665 1580 1761 1634 καὶ

167 1674 213 1725 oi
238 1672 522 1725 νεανίσκοι
548 1669 702 1741 ὑμῶν
724 1669 944 1742 ὁράσεις
983 1671 1228 1741 ὄψονται.
1277 1672 1386 1726 Καί
1416 1690 1481 1742 γε
1514 1674 1607 1726 ἐπὶ
1636 1675 1765 1737 τοὺς

168 1761 383 1824 δούλους
423 1777 550 1831 μου,
578 1760 675 1813 καὶ
702 1760 795 1812 ἐπὶ
817 1760 916 1824 τὰς
936 1760 1130 1827 δούλας
1158 1779 1259 1833 μου
1287 1764 1346 1818 ὲν
1372 1767 1493 1827 ταῖς
1521 1764 1762 1836 ἡμέραις

1869 587 2063 635 sancto
2090 581 2169 636 sic
2202 581 2422 636 locutus
2447 600 2461 635 :
2486 599 2504 631 ι
2531 580 2680 635 Dixit
2701 579 2966 637 Dominus
2993 580 3225 636 Domino
3257 597 3398 647 meo,
3424 601 3443 634 ι

1868 669 2101 726 inferius
2134 672 2210 725 ait
2239 671 2297 736 εξ»
2332 670 2600 727 Dominus
2633 687 2665 727 a
2691 672 2901 729 dextris
2925 673 3116 729 tuis".
3142 674 3450 731 :Adextris

1866 761 2038 833 igitur
2060 761 2185 817 Filii
2216 770 2302 818 est
2336 760 2598 833 Spiritus.

1936 1010 1989 1064 6.
2016 1007 2171 1074 Quod
2192 1018 2241 1062 et
2271 1007 2437 1063 Pater
2471 1015 2615 1062 vocet
2637 1005 2862 1069 Filium,
2890 1004 3177 1058 Dominum
3208 1021 3226 1058 :
3248 1012 3297 1058 et
3318 1004 3450 1072 Apo-

1866 1079 2037 1133 stolus
2066 1078 2346 1147 Spiritum,
2369 1078 2655 1134 Dominum
2676 1093 2739 1131 ac
2764 1075 2932 1130 Deum
2957 1076 3208 1142 nominet,
3236 1076 3449 1142 perinde

1867 1159 2023 1221 atque
2062 1150 2287 1203 Filium.

1937 1303 2017 1360 Ita
2059 1305 2206 1362 enim
2263 1304 2445 1360 dicit:
2490 1323 2509 1356 ι
2540 1302 2608 1358 Et
2633 1302 2739 1359 erit
2771 1312 2895 1373 post
2934 1302 3050 1358 haec
3097 1321 3110 1358 :
3162 1301 3446 1356 Effundam

1866 1396 1936 1453 de
1959 1398 2165 1469 Spiritu
2208 1413 2333 1453 meo
2360 1413 2522 1468 super
2544 1412 2761 1451 onmem
2796 1410 3041 1463 carnem,
3074 1402 3129 1449 et
3157 1394 3448 1465 prophetae

1865 1490 2005 1545 bunt
2038 1490 2133 1545 filii
2173 1491 2377 1558 vestri,
2413 1497 2469 1545 et
2515 1490 2640 1544 ﬁliae
2693 1498 2910 1551 vestrae,
2963 1494 3018 1543 et
3066 1503 3226 1543 senes
3277 1486 3446 1541 vestri

1867 1581 2082 1637 somnia
2112 1581 2484 1645 somniabunt,
2522 1589 2577 1635 et
2611 1581 2842 1649 juvenes
2882 1580 3051 1634 vestri
3098 1580 3338 1635 visiones
3367 1578 3443 1633 vic

1865 1674 2095 1731 debunt.
2140 1672 2247 1729 Sed
2273 1682 2328 1729 et
2361 1689 2527 1743 super
2555 1686 2744 1728 servos
2776 1687 2950 1735 meos,
2985 1679 3040 1727 et
3079 1687 3246 1742 super
3279 1671 3450 1725 ancil-

1866 1767 1949 1821 las
1977 1780 2128 1820 meas
2146 1765 2201 1819 in
2228 1765 2423 1819 diebus
2444 1765 2553 1820 illis
2575 1763 2849 1819 eﬂ'undam
2872 1763 2940 1819 de
2967 1761 3172 1833 Spiritu
3202 1778 3324 1818 meo
3353 1777 3448 1817 su-

169 1854 408 1917 ἑκείναις
428 1893 444 1918 ,
478 1852 659 1923 ἐκχεῶ
696 1852 807 1906 ἀπὸ
844 1851 937 1905 τοῦ
970 1852 1288 1924 Πνεύματός
1319 1872 1420 1926 μου
1451 1856 1545 1908 ἐπὶ
1586 1857 1764 1909 πᾶσαν

1872 1873 1964 1928 per
1990 1871 2210 1912 omnem
2242 1872 2488 1921 carnem,
2528 1865 2582 1911 et
2600 1855 3026 1928 prophetabunt,
3059 1862 3114 1909 et
3146 1854 3289 1909 dabo
3320 1870 3445 1924 pro-

172 1946 345 2016 σάρκα
364 1985 380 2009 ,
413 1944 514 1997 καὶ
542 1942 979 2017 προφητεύσουσι
1000 1985 1015 2010 ,
1058 1946 1154 1998 καὶ
1186 1944 1342 1999 δώσω
1366 1946 1569 2018 τέρατα
1596 1949 1655 2000 ὲν
1681 1946 1758 2018 τῷ

170 2035 383 2109 ο-ὒρανῷ
408 2037 547 2102 ἄνω,
575 2037 669 2089 καὶ
692 2040 892 2108 σημεῖα
912 2038 1007 2091 ἐπὶ
1026 2038 1126 2108 τῆς
1151 2037 1257 2109 γῆς
1282 2040 1452 2104 κάτω,
1479 2035 1638 2111 αἷμα,
1668 2042 1763 2094 καὶ

172 2130 310 2202 πῦρ,
343 2130 443 2184 καὶ
463 2130 668 2202 ἀτμίδα
701 2130 930 2185 καπνοῦ.
978 2132 1036 2185 '0
1064 2132 1214 2203 ἥλιος
1246 2136 1762 2207 μεταστραφήσεται

170 2225 250 2286 είς
273 2223 502 2287 σκότος,
543 2223 638 2277 καί¹
671 2223 704 2294 ή
747 2223 944 2295 σελήνη
976 2225 1056 2288 είς
1081 2220 1220 2296 αἷμα
1240 2265 1254 2290 ,
1287 2227 1418 2298 πρὶν
1446 2227 1622 2282 ἐλθεῖν
1663 2228 1761 2300 τὴν

172 2316 386 2386 ἡμέραν
413 2315 643 2386 Κυρίου,
671 2315 769 2388 τὴν
801 2316 1042 2388 μεγάλην
1059 2319 1152 2371 καὶ
1169 2319 1425 2390 ἐπιφανῆ.
1455 2322 1566 2375 Καὶ
1588 2320 1760 2388 ἔσται,

172 2412 279 2474 πᾶς
295 2409 356 2473 ὃς
381 2409 451 2462 ἂν
476 2408 870 2481 ἐπικαλέσηται
890 2410 951 2463 τὸ
973 2410 1145 2482 ὄνομα
1172 2413 1378 2483 Κυρίου
1395 2454 1409 2479 ,
1432 2413 1760 2486 σωθήσεται.

172 2502 296 2566 Πῶς
323 2497 420 2554 οὖν
446 2501 885 2568 ὲπικαλέσονται,
927 2505 1006 2567 είς
1033 2503 1094 2557 ὃν
1125 2505 1226 2558 οὐκ
1252 2505 1610 2573 ὲπίστευσαν;
1647 2506 1763 2572 πῶς

171 2593 467 2648 ἁκούσουσι
486 2594 660 2666 χωρὶς
685 2595 1050 2667 κηρύσσοντος
1072 2613 1119 2662 ςι
1150 2598 1286 2669 Περὶ
1303 2597 1359 2651 δὲ
1387 2598 1480 2653 τοῦ
1509 2599 1765 2672 Πνεύμα-

171 2704 293 2750 τος,
327 2688 360 2739 6
386 2688 553 2751 αὐτὸς
590 2687 913 2752 Ἀπόστολος
950 2687 1134 2758 λέγει’
1190 2708 1209 2740 ι
1241 2690 1434 2744 Ἡνίκα
1466 2691 1511 2744 δ’
1546 2691 1612 2746 ἂν
1638 2693 1762 2746 ἐπι-

173 2776 388 2851 στρέψῃ
418 2777 557 2849 πρὸς
580 2777 807 2850 Κύριον,
835 2783 1200 2852 περιαιρεῖται
1228 2780 1290 2834 τὸ
1319 2781 1610 2853 κάλυμμα*
1642 2784 1671 2836 6
1707 2783 1764 2836 δὲ

172 2869 378 2940 Κύριος
410 2869 473 2922 τὸ
503 2869 729 2941 Πνεῦμά
756 2873 894 2925 ὲστι.
921 2891 940 2923 ι
971 2872 1082 2925 Καὶ
1114 2872 1278 2926 πάλιν
1310 2874 1338 2926 6
1366 2874 1529 2938 αὑτός
1548 2891 1561 2904 ’
1602 2893 1620 2925 ι
1646 2876 1764 2928 Καυ

174 2961 351 3032 θάπερ
378 2960 492 3015 ἀπὸ
524 2961 731 3033 Κυρίου
758 2962 1074 3035 Πνεύματος
1093 2980 1107 2993 ·
1133 2984 1153 3016 ι
1187 2965 1281 3017 καί¹
1312 2961 1499 3029 αὖθιςο
1560 2985 1579 3018 ι
1620 2967 1679 3020 Ὀ
1709 2966 1766 3019 δὲ

173 3052 379 3126 Κύριος
431 3052 755 3107 κατευθύνοι
801 3054 910 3125 (19)
950 3055 1104 3126 ὑμῶν
1133 3056 1234 3120 τὰς
1276 3057 1507 3129 καρδίας
1552 3058 1633 3121 είς
1669 3058 1767 3128 τὴν

1863 1949 2009 2020 digia
2040 1950 2098 2004 in
2129 1949 2271 2006 caelo
2323 1964 2566 2015 sursum,
2612 1956 2668 2004 et
2701 1950 2857 2019 signa
2890 1948 2949 2002 in
2986 1958 3133 2002 terra
3162 1946 3442 2010 deorsum,

1863 2032 2186 2113 sanguinem
2226 2050 2281 2096 et
2302 2041 2505 2112 ignem,
2538 2048 2593 2096 et
2626 2055 2882 2111 vaporem
2913 2039 3067 2094 fumi.
3094 2037 3188 2093 Sol
3217 2052 3447 2092 conver-

1863 2142 2009 2188 tetur
2035 2133 2092 2186 in
2133 2130 2190 2204 4
2217 2132 2493 2196 tenebras,
2528 2136 2582 2185 et
2619 2131 2748 2185 luna
2797 2130 2855 2184 in
2906 2129 3248 2199 sanguinem,
3300 2133 3449 2183 ante-

1862 2239 2028 2294 quam
2059 2224 2245 2279 veniat
2289 2223 2406 2279 dies
2452 2221 2671 2276 Domini
2728 2236 2960 2292 magnus
2993 2227 3049 2275 et
3086 2219 3344 2275 illustris.
3377 2216 3445 2271 Et

1862 2316 1987 2381 erit,
2016 2317 2196 2371 omnis
2223 2315 2319 2385 qui
2359 2315 2694 2370 invocaverit
2737 2328 2939 2368 nomen
2974 2311 3212 2377 Domini,
3253 2312 3445 2367 salvus

1861 2410 1968 2466 erit
1985 2410 2052 2465 ³¹.
2083 2427 2204 2461 »-ι
2224 2394 2509 2476 Quoinodo
2531 2424 2661 2479 ergo
2682 2407 3038 2471 invocabunt,
3062 2407 3119 2461 in
3145 2421 3304 2477 quem
3333 2420 3442 2461 non

1863 2502 2255 2558 crediderunt?
2281 2508 2376 2555 aut
2406 2500 2682 2571 quomodo
2721 2499 2944 2554 audient
2993 2500 3114 2555 sine
3151 2496 3447 2568 praedican-

1864 2602 1919 2649 te
1939 2594 2023 2647 "?
2066 2612 2085 2646 ι
2138 2592 2214 2648 De
2272 2591 2481 2664 Spiritu
2525 2606 2691 2662 porro
2720 2591 2865 2646 idem
2906 2592 3204 2661 Apostolus
3254 2591 3388 2645 dicit
3423 2607 3441 2647 :

1870 2703 1890 2737 ι
1929 2684 2070 2740 Cum
2098 2692 2281 2740 autem
2319 2699 2619 2740 conversus
2646 2683 2812 2738 fuerit
2842 2682 2911 2737 ad
2943 2682 3258 2748 Dominum,
3287 2681 3442 2737 aufe-

1866 2784 2017 2832 retur
2061 2777 2330 2841 velamen,
2368 2775 2632 2831 Dominus
2692 2782 2877 2829 autem
2935 2772 3180 2845 Spiritus
3219 2773 3379 2828 est”.
3416 2791 3437 2825 ι

1865 2868 2123 2941 Idemque
2153 2886 2349 2926 rursus
2375 2889 2387 2925 :
2426 2887 2446 2921 ι
2487 2868 2772 2939 Tanquam
2792 2883 2822 2922 a
2859 2866 3075 2922 Domini
3107 2866 3311 2938 Spiritu
3336 2865 3435 2919 ³⁵.»

1866 2965 2046 3036 Atque
2073 2965 2311 3020 iterum:
2352 2982 2371 3015 ι
2409 2962 2674 3017 Dominus
2709 2969 2891 3016 autem
2928 2960 3128 3031 dirigat
3167 2960 3335 3015 corda
3357 2973 3445 3014 ve-

1869 3066 2005 3121 stra,
2054 3056 2109 3109 in
2142 3056 2408 3111 cbaritate
2438 3053 2553 3118 Dei,
2596 3061 2650 3109 et
2680 3053 2735 3107 in
2773 3052 3035 3123 patientia
3085 3050 3291 3106 Christi
3311 3050 3377 3104 ³⁸.
3417 3069 3437 3103 ι

172 3145 395 3216 ἀγάπην
415 3144 509 3198 τοῦ
530 3144 688 3209 Θεοῦ,
708 3146 803 3200 καὶ
823 3148 902 3210 είς
929 3147 1028 3218 τὴν
1050 3147 1324 3219 ὑπομονὴν
1343 3147 1436 3202 τοῦ
1458 3149 1693 3221 Χριστοῦ
1712 3166 1760 3201 ο»

1872 3148 2110 3219 Spiritus
2146 3149 2312 3219 igitur
2352 3146 2638 3203 Dominus.
2667 3147 2745 3200 Ac
2790 3144 3011 3200 denuo:
3056 3163 3075 3197 ι
3111 3143 3222 3200 Vos
3261 3153 3443 3199 autem

172 3213 279 3310 ipa
302 3239 334 3291 ὁ
352 3213 568 3308 ’Κύριος
594 3237 657 3291 τδ
678 3236 901 3308 Πνεῦμά
926 3213 1061 3292 ἐστι.
1079 3213 1192 3293 Καὶ
1217 3213 1410 3294 πάλιν·
1451 3260 1472 3293 ι
1506 3213 1681 3312 δΥμᾶς
1709 3242 1764 3297 δὲ

1872 3213 2134 3297 Dominus
2170 3213 2486 3296 exuberare
2522 3247 2578 3295 et
2608 3238 2892 3294 abundare
2919 3237 3084 3292 faciat
3121 3238 3440 3292 charitatenn

173 3331 203 3383 6
226 3331 434 3401 Κύριος
472 3329 746 3403 πλεονάσῃ
775 3330 886 3401 (20)
905 3331 998 3385 καὶ
1032 3332 1363 3405 περισσεύσῃ
1388 3336 1454 3405 τῇ
1487 3334 1675 3406 ἀγάπῃ
1698 3336 1765 3407 τῇ

174 3424 256 3487 είς
284 3421 551 3493 ἀλλήλους
568 3421 664 3475 καὶ
692 3423 772 3485 είς
794 3422 1019 3487 πάντας,
1041 3422 1291 3496 καθάπερ
1313 3425 1472 3496 ἡμεῖς
1500 3427 1580 3488 είς
1601 3425 1630 3477 ὑ
1638 3426 1766 3495 μᾶς,

175 3516 253 3579 είς
274 3516 335 3569 τὸ
365 3514 619 3585 στηρίξαι
642 3512 793 3581 ὑμῶν
822 3512 920 3578 τὰς
942 3514 1167 3585 καρδίας
1187 3516 1491 3586 ἀμέμπτως
1514 3517 1571 3569 ὲν
1601 3516 1771 3584 ἁγιω-

178 3606 310 3678 σύνῃ
335 3604 649 3677 ἔμπροσθεν
672 3604 765 3659 τοῦ
778 3604 911 3658 Θεοῦ
941 3607 1036 3661 καὶ
1049 3606 1264 3679 Πατρὸς
1278 3606 1433 3679 ήμῶν
1453 3610 1511 3662 ὲν
1534 3610 1600 3679 τῇ
1630 3626 1770 3679 παρ-

177 3699 334 3770 ουσίᾳ
388 3696 487 3751 τοῦ
527 3696 734 3768 Κυρίου
789 3696 944 3767 ἡμῶν
985 3698 1159 3768 Ἰησοῦ
1189 3698 1424 3770 Χριστοῦ
1467 3699 1604 3770 μετὰ
1633 3701 1768 3753 πάν-

175 3808 278 3844 των
311 3790 428 3861 (21)
449 3790 561 3843 τῶν
582 3790 752 3858 ἁγίων
782 3788 967 3844 αὐτοῦ.
994 3808 1012 3841 ι
1038 3791 1148 3845 Καὶ
1180 3790 1416 3846 ἐνταῦθα
1442 3794 1472 3846 6
1500 3791 1705 3864 Κύριος
1731 3792 1760 3845 6

179 3882 488 3946 πλεονάζων
516 3882 611 3935 καὶ
629 3880 963 3952 περισσεύων
990 3884 1056 3953 τῇ
1081 3881 1269 3955 ἀγάπῃ
1291 3885 1356 3954 τῇ
1379 3884 1460 3946 είς
1484 3883 1763 3954 ἀλλήλους,

177 3977 268 4029 καὶ
285 3972 566 4046 στηρίζων
584 3973 683 4037 τὰς
707 3974 933 4044 καρδίας
954 3976 1012 4029 ἐν
1037 3975 1311 4047 ἁγιωσύνῃ
1342 3975 1645 4047 ἔμπροσθεν
1670 3974 1765 4030 τοῦ

177 4064 306 4118 Θεοῦ
326 4067 386 4117 ἐν
408 4065 477 4132 τῇ
496 4064 767 4134 παρουσία
783 4062 876 4116 τοῦ
899 4065 1104 4136 Κυρίου
1124 4064 1282 4135 ἡμῶν
1313 4065 1485 4137 Ἰησοῦ
1505 4065 1763 4138 Χριστοῦ,

177 4157 232 4210 τὸ
256 4155 496 4226 Πνεῦμά
526 4157 664 4208 ἐστι.
733 4156 846 4219 Τὰς
881 4152 975 4211 οὖν
1006 4160 1153 4227 τρεῖς
1179 4157 1505 4228 κυριότητας
1529 4160 1610 4221 εἰς
1637 4157 1766 4228 μίαν

179 4248 477 4319 κυριότητα
512 4245 857 4317 συναγαγὼν,
883 4248 1091 4319 βεϐαιοῖ
1102 4248 1274 4319 λέγων
1291 4249 1427 4321 πρὸς
1455 4249 1761 4317 Ἐφεσίουςο

185 4361 202 4391 ι
224 4337 318 4405 Εἷς
347 4340 589 4412 Κύριος,
624 4340 722 4412 μία
763 4342 978 4405 πίστις,
1012 4340 1069 4394 ἓν
1109 4341 1413 4412 βάπτισμα.
1445 4361 1462 4393 ι
1500 4342 1668 4396 Πάλιν
1700 4341 1763 4395 τὸ

179 4435 400 4504 Πνεῦμα
426 4433 635 4503 Κύριος
664 4433 881 4501 λέγεται
912 4433 1098 4503 σαφῶς
1125 4436 1183 4490 ὲν
1202 4437 1267 4505 τῇ
1304 4433 1473 4504 βίὸλῳ
1497 4434 1604 4487 τῶν
1630 4435 1674 4487 Κ
1684 4451 1764 4505 ρι-

179 4523 316 4590 τῶν,
363 4524 455 4577 ὅτε
496 4523 599 4587 τὰς
631 4522 907 4594 ἀριστείας
940 4523 1052 4594 (22)
1081 4525 1112 4577 6
1140 4523 1378 4595 Σαμψὼν
1409 4524 1612 4588 ἐποίει,
1643 4527 1766 4580 ὲπι-

180 4617 505 4689 σημαίνεται
527 4617 563 4686 ὴ
586 4613 798 4685 Γραφὴ,
824 4614 918 4667 καὶ
935 4613 1110 4682 λέγει·
1142 4615 1285 4669 «Καὶ
1313 4613 1535 4684 Πνεῦμα
1560 4615 1766 4686 Κυρίου

177 4710 337 4780 ἦλθεν
352 4710 450 4763 ἐπὶ
461 4710 538 4761 Σα
545 4706 819 4777 μψὼν,κα“ι
835 4706 1021 4760 ἕλαὸεν
1039 4706 1259 4775 σιαγόνα
1272 4707 1515 4770 ὅνου,καὶ
1530 4707 1778 4762 ἀπέκτει-

178 4819 233 4856 νε
253 4802 482 4872 χιλίους·
499 4820 517 4851 ι
540 4801 635 4853 καὶ
650 4799 830 4853 πάλιν·
842 4796 1040 4853 «Ἦλθε
1054 4799 1277 4871 Πνεῦμα
1294 4800 1499 4871 Κυρίου
1519 4800 1612 4855 ἐπὶ
1625 4802 1773 4872 Σαμ-

177 4892 313 4961 ψὼν,
338 4894 435 4947 καὶ
455 4892 783 4962 διεσπάραξε
803 4892 892 4946 τὸν
922 4893 1129 4957 λέοντα,
1155 4892 1231 4956 ὡς
1259 4892 1444 4964 ἔριφον
1463 4908 1477 4923 ·
1507 4912 1524 4944 ι
1550 4894 1643 4946 καὶ¹
1672 4893 1774 4947 πά-

178 4982 290 5038 λιν·
334 5003 355 5035 ι
374 4981 550 5037 Ἦλθε
580 4982 804 5053 Πνεῦμα
835 4984 1041 5054 Κυρίου
1071 4985 1164 5037 ἐπὶ
1189 4983 1450 5054 Σαμψὼν,
1477 4984 1570 5038 καὶ
1592 4985 1765 5056 ἐπῆρε

179 5073 276 5148 τὴν
296 5076 506 5147 πόριαν
519 5073 621 5142 τῆς
637 5072 839 5145 Γάζης,
856 5076 949 5129 καὶ
968 5075 1268 5145 ἀνήνεγκεν
1295 5077 1377 5140 είς
1390 5075 1462 5146 ,τὸ
1480 5076 1605 5146 ὅρος
1627 5076 1760 5149 (23).

1869 3340 2106 3388 vestram
2131 3331 2187 3385 in
2223 3330 2458 3385 invicem
2484 3337 2538 3383 et
2567 3329 2622 3383 in
2657 3343 2869 3395 omnes,
2903 3327 3366 3398 quemadmodum
3389 3332 3443 3380 et

1868 3440 1971 3480 nos
2001 3425 2056 3478 in
2083 3422 2260 3489 vobis,
2292 3421 2361 3476 ad
2391 3420 2765 3476 conﬁrmanda
2795 3420 2962 3475 corda
2984 3427 3187 3486 vestra,
3211 3419 3445 3489 irrepre-

1868 3512 2215 3570 bensibiliter
2259 3510 2317 3565 in
2368 3512 2658 3566 sanctitate
2703 3517 2832 3565 ante
2865 3508 3037 3565 Deum
3078 3508 3298 3564 Patrem
3341 3525 3445 3563 no-

1868 3616 2067 3671 strum,
2097 3607 2150 3660 in
2178 3603 2417 3659 adventu
2461 3602 2674 3658 Domini
2700 3604 2877 3658 nostri
2901 3602 3030 3660 Jesu
3059 3602 3287 3668 Christi,
3318 3618 3442 3659 cum

1867 3696 2122 3751 omnibus
2146 3695 2352 3749 sanctis
2378 3694 2497 3762 ejus
2521 3693 2641 3746 ³⁸..)
2682 3692 2794 3749 Hoc
2821 3701 3000 3748 autem
3028 3692 3148 3749 loco
3180 3691 3442 3750 Dominus

1867 3790 1979 3852 ille,
2010 3788 2104 3858 qui
2129 3787 2431 3842 exuberare
2466 3786 2596 3840 facit
2628 3794 2687 3842 et
2713 3787 2995 3842 abundare
3027 3786 3350 3841 charitatem
3385 3786 3441 3841 in

1866 3881 2122 3944 invicem,
2148 3886 2202 3933 et
2229 3879 2323 3949 qui
2353 3878 2643 3933 conﬁrmat
2667 3877 2835 3932 corda
2860 3878 2916 3931 in
2945 3877 3235 3933 sanctitate
3255 3891 3442 3930 coram

1866 3974 1978 4028 Deo
2001 3974 2057 4028 in
2091 3973 2327 4028 adventu
2360 3972 2572 4026 Domini
2606 3973 2781 4026 nostri
2802 3970 2930 4026 Jesu
2949 3971 3174 4034 Christi,
3202 3970 3442 4041 Spiritus

1865 4074 1971 4123 est.
2000 4064 2138 4121 Tres
2177 4065 2345 4135 igitur
2387 4063 2793 4118 deminationes
2821 4064 2876 4117 in
2910 4078 3072 4115 unam
3111 4061 3441 4117 dominatio-
3476 4048 3484 4055 ’

1866 4172 1988 4212 nem
2025 4157 2377 4219 contrahens,
2430 4155 2484 4209 id
2513 4155 2827 4219 conﬁrmat,
2870 4154 2937 4208 ad
2988 4153 3253 4218 Ephesios
3300 4151 3441 4208 scri-

1863 4248 2043 4304 bens:
2082 4267 2101 4299 ι
2138 4246 2293 4303 Unus
2347 4246 2633 4309 Dominus,
2682 4262 2788 4301 una
2844 4246 2999 4309 fides.
3047 4261 3218 4300 unum
3267 4246 3443 4316 bapti-

1864 4343 2063 4396 sma".
2099 4361 2118 4393 ι
2147 4340 2241 4396 Ille
2267 4342 2385 4411 ipse
2411 4356 2631 4395 rursum
2664 4338 2904 4410 Spiritus
2934 4340 3143 4410 liquido
3173 4340 3441 4396 Dominus

1864 4434 2169 4503 appellatur
2202 4435 2256 4487 in
2303 4434 2443 4487 libro
2471 4432 2750 4498 Iudicum,
2792 4434 2882 4487 ubi
2917 4434 2985 4488 de
3008 4435 3171 4489 rebus
3202 4450 3231 4487 ιι
3278 4431 3439 4486 Sam-

1799 4559 1842 4614 D
1867 4540 2000 4581 sone
2032 4524 2246 4581 fortiter
2272 4526 2461 4596 gestis,
2499 4526 2613 4581 haec
2660 4526 2735 4579 ait
2768 4525 3051 4597 Scriptura
3078 4545 3091 4580 :
3127 4544 3146 4579 ‹
3179 4525 3246 4579 Et
3277 4524 3444 4595 Spiri-

1873 4624 1964 4673 tus
1999 4617 2212 4673 Domini
2241 4618 2391 4673 venit
2437 4620 2496 4673 in
2526 4617 2871 4685 Samsonem,
2898 4630 2952 4673 et
2984 4620 3197 4688 accepit
3223 4616 3441 4674 mandi-

1875 4709 2062 4765 bulam
2112 4709 2275 4774 asini,
2304 4717 2360 4765 et
2403 4709 2677 4766 interfecit
2725 4711 2875 4766 mille
2889 4711 2956 4765 ³⁸.
2989 4729 3010 4764 ›
3043 4709 3397 4781 Rursumque
3419 4726 3438 4765 :

1879 4820 1900 4855 ι
1918 4800 2081 4857 Venit
2105 4801 2345 4873 Spiritus
2367 4802 2584 4857 Domini
2610 4804 2665 4857 in
2697 4802 3047 4868 Samsonem,
3071 4811 3125 4858 et
3142 4803 3440 4873 discerpsit

1869 4894 2102 4962 leonem,
2133 4896 2292 4965 quasi
2341 4896 2637 4952 haedum".
2668 4916 2687 4949 ι
2716 4897 2895 4967 Atque
2932 4897 3130 4952 iterum
3164 4911 3179 4951 :
3217 4915 3236 4948 ‹
3276 4894 3441 4951 Venit

1870 4983 2110 5056 Spiritus
2144 4986 2358 5042 Domini
2388 4989 2443 5043 in
2487 4987 2835 5055 Samsonem,
2870 4996 2924 5045 et
2961 4990 3182 5045 sustulit
3223 4996 3438 5059 portam

1864 5076 2044 5143 Gazae,
2077 5085 2131 5134 et
2162 5080 2461 5150 asportavit
2493 5081 2550 5135 in
2573 5090 2815 5137 montem
2830 5080 2896 5136 ”.
2928 5099 2948 5134 ι
2985 5079 3051 5135 Et
3084 5081 3287 5152 ubique
3318 5096 3442 5151 pro-

249 5233 295 5265 ”
333 5227 716 5302 I’sal.__n,_6L
763 5229 810 5261 '°
844 5227 992 5285 Psal.
1021 5243 1147 5302 cu,
1180 5231 1235 5302 l_.
1258 5230 1358 5302 _"
1399 5228 1518 5287 Joel
1586 5247 1658 5297 ιι,
1689 5232 1760 5290 98

1872 5273 1886 5290 .
1962 5234 2007 5268 ³³
2048 5235 2206 5292 Rom.
2247 5253 2304 5302 κ,
2339 5236 2427 5290 14.
2504 5238 2550 5270 ³³
2588 5234 2634 5292 ll
2668 5237 2795 5294 Cor.
2833 5254 2918 5301 ιιι,
2960 5238 3047 5292 16.
3142 5236 3189 5270 ³⁵
3228 5234 3270 5291 ll
3308 5236 3436 5292 Cor.

183 5315 262 5361 ιιι.
295 5300 386 5354 18.

187 5386 294 5437 Inv,
331 5370 389 5426 6.
466 5370 514 5401 δ’
539 5367 721 5425 Judic.
755 5386 869 5435 xvr,
905 5372 958 5425 5.

184 5527 365 5651 ὶθε(ιίεῆ
399 5527 629 5651 Κύιριον,
677 5524 828 5582 deest
862 5527 922 5583 in
950 5528 1273 5599 Anglicano,
1313 5543 1415 5586 nec
1462 5541 1499 5582 a
1542 5526 1754 5585 Nannio

289 5615 378 5650 Illll
412 5614 476 5651 BS
507 5641 520 5651 .

289 5615 378 5650 IIII]
412 5614 520 5653 ρει.

189 5669 361 5787 εὶΓ(19)
403 5668 750 5733 Basiliensis,
797 5668 1135 5723 κατευθύνει.
1187 5668 1505 5736 Vaticanus,
1552 5686 1749 5723 κατευ-

224 5755 345 5787 δνξῑ.

401 5809 570 5865 Basil.
609 5808 912 5894 πλεονάσοι.
947 5810 1105 5883 Angl.
1136 5812 1191 5867 et
1220 5809 1496 5878 Vatican.,
1526 5809 1753 5869 πλεονά-

190 5892 264 5931 σει
286 5892 379 5934 και
404 5892 799 5953 περισσευσει..

493 5297 852 5378 ξ’]ιητὶιοεε.
887 5316 944 5378 n_r
966 5340 981 5365 ,
1016 5301 1070 5358 5.
1147 5299 1225 5354 ³⁸1
1257 5298 1451 5357 Thess.
1488 5317 1579 5367 ιιι,
1615 5303 1704 5369 12,
1740 5306 1764 5357 1

1902 5305 1947 5338 ³⁷
1977 5297 2367 5378 Ερὶιοε.ιν,’5.
2441 5307 2487 5340 ³⁸
2522 5307 2706 5364 Judic.
2738 5326 2830 5373 xv,
2866 5297 2967 5372 14,
3003 5308 3091 5365 15.
3167 5308 3212 5344 ³⁸
3250 5305 3435 5363 Judlc.
3539 5366 3549 5376 ,

1933 5531 2045 5604 (21)
2084 5531 2144 5586 1η
2181 5531 2393 5602 Anglic.
2430 5540 2572 5604 post.
2610 5531 2760 5604 per:th
2789 5530 3027 5604 πάντων,
3070 5531 3271 5590 desunt
3308 5546 3432 5603 quae

1860 5600 2168 5675 sequuntur
2197 5600 2371 5675 usqile
2407 5600 2473 5656 a'd
2514 5600 2687 5675 Ἰησοῦ
2721 5600 2976 5675 Χριστοῦ.

1948 5673 2039 5745 22)
2080 5674 2433 5745 Anglicanus,
2458 5673 2726 5745 ἀριστίας.

1930 5741 2042 5816 (23)
2084 5741 2187 5798 Hic
2220 5741 2518 5816 scripturae
2544 5745 2699 5801 locus
2729 5757 2841 5800 non
2873 5741 2943 5799 ad
2970 5742 3222 5813 verbum,
3250 5747 3348 5808 sed
3367 5746 3439 5805 ad

1859 5812 2185 5872 sententiam
2217 5812 2459 5871 affertur.
