3890 6186
474 363 536 417 Η
1903 359 2293 417 ΡΒᾸΞῈΛΤΙΟ.
2414 395 2424 405 -
3657 364 3727 420 12

471 481 590 538 rius
630 481 891 537 nonnulla
919 478 1272 545 accedebant,
1302 476 1539 547 priorem
1567 476 1624 530 in
1661 464 1899 530 vacuum
1926 475 2108 530 locum
2137 489 2271 531 casu
2310 476 2482 547 magis
2513 491 2677 546 quam
2701 477 2935 534 consilio
2968 478 3219 548 conjecta
3251 485 3379 534 sunt
3407 497 3419 532 :
3456 486 3509 532 et
3540 479 3725 535 consi-

473 576 619 632 lione
640 592 779 647 opus
808 575 863 632 in
890 577 1057 631 rebus
1087 576 1397 632 inconsulta
1435 575 1735 630 multorum
1762 574 2075 631 temeritate
2115 574 2547 631 consarcinatis?
2579 574 2830 630 Ilomilia
2860 585 3042 632 tamen
3071 592 3265 632 omnes
3300 591 3406 630 una
3432 576 3727 642 cohaerent,

474 675 692 723 servato
715 683 897 723 rerum
930 682 1052 737 qua
1077 675 1316 738 aguntur
1335 666 1549 722 ordine.

547 762 643 820 His
671 771 853 818 autem
884 763 1052 828 notis,
1093 761 1182 818 his
1210 761 1441 818 tesseris
1472 760 1642 817 dubia
1669 769 1726 816 et
1756 760 1936 815 aliena
1965 775 1996 814 a
2030 761 2308 830 germanis
2334 760 2767 816 internoscimus
2798 781 2810 815 :
2844 761 3021 831 primo
3052 776 3118 814 ex
3152 759 3422 830 frequenti
3449 756 3729 811 Athanasii

474 872 701 929 operum
733 860 1080 921 tractatione,
1107 872 1209 912 ceu
1248 862 1442 927 gustus
1470 855 1689 927 quidem
1712 855 1913 927 legenti
1938 855 2168 911 inharet
2187 897 2202 922 ,
2231 855 2390 925 cujus
2419 871 2522 927 Ope
2552 856 2698 912 haud
2730 856 2889 911 facile
2922 856 2995 911 sit
3020 855 3120 925 ipsi
3150 854 3336 910 fucum
3366 853 3572 936 face‘re;
3604 866 3728 905 cum

474 956 712 1010 maxime
735 955 965 1009 arduum
995 954 1066 1010 sit
1091 953 1442 1024 quantumvis
1485 954 1663 1024 perito
1692 954 1933 1008 nativam
1961 953 2248 1010 Athanasii
2275 955 2603 1025 elegantiam
2636 955 2909 1010 ementiri.
2953 953 3021 1008 Et
3059 955 3280 1025 quidem
3330 954 3499 1007 multa
3536 964 3731 1004 occur-

472 1058 621 1109 runt,
651 1065 773 1118 qua
793 1049 838 1103 si
860 1048 944 1104 vel
973 1049 1308 1119 primoribus
1335 1049 1554 1119 quidem
1585 1049 1754 1103 labris
1783 1034 2041 1119 attingas,
2067 1050 2249 1103 statim
2270 1064 2502 1119 respuas
2518 1057 2576 1102 ut
2604 1049 2889 1122 peregrina
2911 1056 2967 1103 et
2981 1048 3049 1102 ab
3066 1045 3351 1101 Athanasii
3371 1045 3460 1098 illa
3476 1042 3729 1113 ἐνεργείᾳ

470 1141 839 1197 abhorrentia.
877 1138 1200 1209 Hujusmodi
1225 1148 1355 1195 sunt
1376 1139 1680 1209 Disputatio
1709 1149 1894 1193 contra
1921 1140 2109 1193 Arium
2135 1181 2150 1206 ,
2203 1140 2259 1193 in
2290 1139 2497 1211 synodo
2523 1139 2741 1195 Nicana
2762 1182 2778 1207 ,
2823 1139 3007 1195 Sermo
3046 1147 3234 1194 contra
3260 1154 3437 1192 omnes
3469 1135 3691 1190 hareses
3711 1166 3730 1200 ,

474 1235 720 1292 Historia
748 1234 1131 1299 Melchisedeci,
1158 1234 1314 1289 Liber
1343 1234 1420 1289 De
1446 1234 1863 1303 deﬁnitionibus,
1896 1240 1950 1289 et
1980 1235 2070 1288 alii
2092 1234 2341 1305 ejusdem
2375 1233 2566 1289 farina
2588 1235 2776 1289 libelli.
2812 1234 3040 1290 Etiamsi
3063 1249 3195 1289 vero
3228 1233 3285 1287 in
3318 1230 3563 1287 melioris
3587 1238 3733 1283 nota

469 1327 736 1396 opuscula
762 1324 1089 1388 incidamus,
1115 1324 1246 1380 dum
1280 1324 1336 1379 in
1366 1338 1564 1395 genere
1588 1324 1858 1394 polemico
1887 1332 2197 1389 versentur,
2235 1325 2290 1379 in
2321 1340 2431 1395 quo
2467 1325 2746 1381 cernimus
2792 1340 2931 1396 pene
2963 1333 3134 1380 totam
3178 1306 3464 1397 Athanasii
3514 1329 3732 1377 atatem

471 1435 595 1477 esse
631 1420 941 1486 contritam,
975 1419 1120 1475 haud
1156 1434 1353 1491 magno
1396 1420 1584 1475 labore
1626 1434 1657 1473 a
1692 1418 2026 1475 fraudulenti
2057 1421 2345 1492 scriptoris
2380 1420 2613 1476 artificio
2645 1436 2746 1476 nos
2800 1420 3177 1491 explicemus:
3208 1434 3333 1474 cum
3369 1419 3461 1474 vix
3494 1418 3604 1472 ulla
3637 1430 3732 1472 ars

472 1516 624 1571 illum
649 1523 730 1571 tot
762 1531 1031 1572 annorum
1056 1531 1217 1571 usum
1240 1556 1255 1579 ,
1305 1515 1452 1570 illam.
1490 1523 1685 1586 sponte
1717 1513 1971 1570 ﬂuentem
2017 1515 2387 1585 eloquentiam
2418 1515 2681 1585 consequi
2715 1514 2913 1585 possit.
2950 1512 3087 1568 Cum
3137 1519 3320 1566 autem
3352 1500 3481 1564 alio
3530 1520 3731 1579 genere

470 1607 747 1663 scribendi
779 1615 1004 1664 exarata
1033 1617 1185 1675 sunt,
1213 1623 1324 1678 quo
1375 1607 1462 1662 vel
1492 1608 1644 1661 nulla
1668 1609 1752 1662 vel
1787 1607 2121 1677 paucissima
2152 1606 2383 1663 ediderit
2418 1607 2775 1671 Athanasius,
2805 1617 2919 1661 tum
2953 1606 3158 1661 laboris
3186 1612 3241 1659 et
3268 1602 3483 1658 consilii
3505 1615 3595 1655 res
3621 1608 3725 1655 est.

470 1703 853 1775 lnvestiganda
886 1704 1097 1760 scilicet
1130 1704 1404 1767 doctrina,
1445 1705 1612 1759 verba
1648 1703 1861 1774 singula
1911 1702 2271 1773 inspicienda,
2304 1704 2588 1758 sententia
2626 1701 3014 1771 ponderanda,
3042 1716 3175 1755 num
3219 1699 3411 1754 aliena
3437 1697 3507 1751 ab
3532 1701 3693 1750 atate
3713 1736 3727 1756 ,

470 1797 540 1853 ab
571 1805 813 1861 auctore,
838 1798 908 1853 ab
933 1797 1195 1853 Ecclesia
1228 1812 1353 1851 usu.
1392 1795 1615 1851 DilIicile
1654 1810 1788 1850 sane
1818 1796 1955 1849 nihil
1983 1797 2254 1865 ejusmodi
2282 1796 2615 1866 deprehendi
2646 1796 2700 1850 in
2732 1795 2956 1866 spuriis.
2989 1794 3044 1849 Si
3074 1801 3218 1849 nota
3237 1790 3485 1863 quadam
3538 1788 3733 1857 hujus-

469 1889 615 1943 modi
646 1880 957 1955 occurrant,
989 1895 1043 1943 et
1076 1888 1184 1943 tale
1216 1903 1356 1958 opus
1388 1888 1457 1942 ab
1486 1888 1712 1956 antiquo
1743 1889 1959 1942 nemine
1988 1888 2259 1952 laudetur,
2281 1888 2392 1957 jam
2427 1896 2654 1958 augetur
2702 1888 2965 1958 suspicio.
3016 1885 3203 1955 Neque
3240 1892 3420 1937 tamen
3465 1880 3615 1935 illico
3649 1878 3732 1932 fe-

469 1978 638 2033 renda
662 1979 950 2034 adversum
985 1978 1276 2044 sententia,
1303 1978 1410 2033 nisi
1445 1978 1549 2031 alia
1596 1993 1664 2031 ex
1695 1992 1820 2031 mox
1852 1979 2178 2063 enarrandis
2209 1987 2337 2032 nota
2390 1986 2723 2049 compareat.
2758 1978 2892 2031 Nam
2917 1985 3044 2033 sunt
3077 1978 3182 2030 alia
3212 1975 3533 2045 gravissima
3572 1972 3732 2041 signa

467 2072 768 2143 quibus‘lis
801 2073 1063 2127 solvatur.
1096 2072 1235 2126 Cum
1268 2072 1503 2129 hareses
1533 2072 1742 2128 scilicet
1773 2073 2223 2143 subsequentium
2247 2082 2467 2129 atatum
2510 2076 2919 2146 impugnantur,
2955 2076 3119 2130 etiam
3151 2075 3317 2128 tacito
3347 2072 3730 2126 hareticorum

469 2165 688 2240 nomine
715 2182 728 2218 :
761 2178 999 2233 namque
1027 2162 1073 2218 si
1104 2179 1300 2219 nomen
1323 2164 1496 2227 adest,
1524 2180 1623 2219 nec
1646 2166 1968 2234 conjectura
1994 2167 2185 2221 subest
2226 2168 2407 2237 aliqua
2440 2166 2612 2222 fuisse
2643 2160 3056 2223 am'anuensium
3081 2166 3388 2221 temeritate
3414 2165 3689 2234 adjectum
3714 2203 3729 2220 .

467 2242 617 2313 nulla
650 2275 803 2314 mora
833 2259 1003 2314 fertur
1028 2259 1238 2324 νοθείας
1260 2259 1542 2330 judicium.
1575 2259 1631 2314 Si
1662 2262 1716 2314 in
1741 2262 2131 2331 manusel'iptis
2164 2264 2447 2332 inscriptio
2482 2263 2554 2315 ita
2586 2262 2783 2327 variet,
2815 2270 2875 2316 ut
2898 2265 2952 2315 in
3001 2262 3125 2317 aliis
3155 2261 3479 2324 Athanasii,
3515 2260 3569 2313 in
3605 2258 3733 2312 aliis

468 2352 695 2407 alterius
724 2352 1011 2422 scriptoris
1038 2366 1238 2406 nomen
1269 2360 1621 2422 compareat:
1653 2353 1870 2423 signum
1899 2353 2117 2408 videtur
2142 2354 2517 2419 manifestum,
2552 2370 2676 2411 esse
2706 2365 2882 2412 totum
2918 2354 3222 2412 Athanasio
3251 2354 3679 2423 abjudicaudum
3715 2370 3730 2406 :

467 2465 594 2503 nam
622 2451 667 2505 si
695 2450 949 2520 primitus
994 2448 1278 2503 Athanasii
1334 2464 1531 2503 nomen
1563 2448 1779 2503 tulisset
1830 2447 2136 2517 inscriptio,
2180 2463 2250 2503 ne
2287 2448 2582 2518 cogitasset
2611 2448 2833 2519 quidem
2861 2447 3216 2503 amanuensis
3268 2445 3493 2499 alterius
3528 2457 3734 2496 nomen

468 2543 839 2611 substituere;
882 2558 1007 2599 cum
1041 2551 1192 2597 tanta
1221 2544 1293 2598 sit
1322 2544 1744 2599 celebratissimi
1780 2544 2023 2599 doctoris
2065 2547 2387 2608 auctoritas,
2421 2552 2482 2600 ut
2511 2547 2741 2602 stultum
2772 2552 2917 2601 esset
2949 2546 3018 2599 ah
3047 2544 3154 2598 alio
3179 2542 3440 2611 majorem
3465 2538 3730 2593 mutuari.

472 2634 540 2691 Et
568 2653 701 2692 sane
732 2638 941 2693 nullum
972 2638 1209 2693 vidimus
1251 2654 1318 2694 ex
1350 2639 1599 2709 genuinis
1631 2638 1939 2704 Athanasii,
1971 2639 2199 2695 alterius
2232 2639 2485 2710 praferre
2530 2657 2729 2697 nomen
2780 2642 2837 2695 in
2883 2639 3190 2695 codicibus.
3247 2635 3733 2691 Evidentissunum

468 2730 863 2799 suppositionis
903 2737 1282 2800 argumentum
1323 2740 1427 2798 est,
1458 2745 1582 2785 cum
1631 2729 1822 2785 Patres
1850 2729 2155 2787 Athanasio
2188 2748 2454 2803 suppares
2489 2741 2582 2787 aut
2629 2732 2852 2788 omnino
2905 2731 3192 2785 inferiores
3220 2728 3514 2781 laudantur
3546 2742 3560 2778 :
3600 2737 3733 2776 nam

465 2833 581 2879 tum
612 2825 697 2880 vel
724 2840 791 2879 ex
815 2824 1118 2895 ignorantia
1153 2814 1437 2893 scriptoris
1467 2824 1646 2895 prodit
1665 2825 2245 2891 anacbronismus,vel
2275 2828 2587 2883 inconsulto
2611 2827 3026 2880 amanuensium
3050 2838 3184 2877 ausu
3216 2820 3500 2875 Athanasii
3527 2832 3734 2873 nomen

466 2914 743 2983 prafixum
775 2916 927 2984 operi
957 2914 1078 2969 fuit.
1102 2913 1200 2970 llis
1229 2932 1363 2971 usus
1392 2932 1513 2972 sum
1544 2916 1768 2971 tesseris
1795 2933 1809 2983 ;
1841 2931 1963 2986 qua
1991 2923 2173 2971 tamen
2202 2933 2350 2972 nunc
2376 2919 2567 2973 leviter
2598 2917 2940 2987 perstringo,
2982 2915 3111 2984 quia
3166 2912 3343 2969 fusius
3395 2911 3511 2966 suis
3566 2910 3731 2966 locis.

468 3003 751 3066 Uudenam
779 3005 989 3076 singula
1022 3005 1308 3075 prodeant,
1332 3004 1532 3059 videsis
1566 3006 1621 3058 in
1653 3019 1780 3059 mox
1805 3004 2054 3074 sequenti
2085 3008 2404 3062 recensione
2436 3008 2688 3063 codicum
2718 3021 2855 3061 mss.
2882 3013 2934 3060 et
2963 3006 3254 3059 editorum.

541 3097 741 3152 Frater
767 3112 831 3151 ea
860 3106 1041 3150 autem
1078 3110 1198 3165 qua
1221 3094 1312 3149 hic
1337 3102 1554 3151 exstant
1586 3110 1743 3158 cusa,
1780 3096 1885 3150 alia
1917 3097 2187 3165 permulta
2214 3109 2363 3161 sunt,
2396 3113 2517 3168 qua
2540 3112 2662 3152 cum
2694 3096 2943 3167 proxime
2972 3097 3262 3166 prateriiis
3297 3095 3513 3152 saculis
3548 3095 3732 3151 fraudi

466 3191 951 3264 Opportunioribus
980 3192 1201 3256 impune
1227 3189 1586 3244 Athanasium
1623 3189 1881 3245 ementita
1904 3189 2159 3254 fuissent,
2188 3193 2506 3267 instaurate.
2521 3194 2741 3248 demum
2771 3194 3073 3247 litterarum
3100 3205 3312 3251 usu,-ex
3336 3188 3735 3245 Athanasianis

464 3298 637 3360 ejecta
667 3294 815 3343 sunt.
848 3286 991 3341 Inter
1022 3285 1136 3339 hac
1158 3293 1591 3340 annumerantur
1618 3283 2023 3340 Commentaria
2048 3284 2441 3358 TheOphylacti
2487 3289 2544 3342 in
2577 3287 2848 3357 Epistolas
2896 3286 3086 3348 Pauli,
3115 3286 3171 3339 in
3206 3285 3487 3354 prioribus
3533 3284 3736 3342 Galliae

465 3382 627 3436 editis
658 3394 791 3434 cusa
822 3377 891 3433 ad
918 3378 1150 3433 frontem
1176 3393 1399 3446 operum
1436 3376 1494 3433 S.
1531 3378 1841 3444 Athanasii,
1880 3396 2003 3449 qua
2030 3380 2227 3436 deinde
2254 3381 2527 3453 Vulgarii,
2561 3384 2679 3438 sive
2707 3382 2969 3452 Bulgarii,
2997 3389 3089 3434 aut
3118 3381 3300 3450 potius
3330 3378 3735 3449 Theophylaeti

465 3476 827 3548 Bulgarorum
857 3473 1102 3545 episcopi
1136 3487 1260 3529 csse
1287 3474 1627 3544 deprehensa
1662 3482 1831 3539 sunt,
1884 3483 1939 3530 et
1986 3476 2099 3547 jam
2149 3477 2395 3547 ejusdem
2436 3479 2659 3533 nomine
2692 3477 2881 3533 Grace
2927 3485 2981 3531 et
3016 3476 3206 3531 Latine
3238 3476 3733 3531 circumferuntur.

463 3568 584 3624 Non
614 3568 838 3623 defuere
866 3567 1019 3629 item,
1045 3566 1139 3635 qui
1170 3564 1341 3618 libros
1368 3549 1560 3619 Hilarii
1600 3564 1678 3618 De
1712 3565 1976 3620 Trinitate
2008 3566 2313 3623 Athanasio
2353 3570 2735 3641 ascripserint,
2763 3584 2998 3641 quorum
3042 3570 3312 3624 sententia
3358 3584 3425 3624 ne
3474 3568 3735 3624 confuta-

464 3661 615 3717 tione
647 3661 867 3732 quidem
896 3667 1018 3731 eget
1044 3677 1057 3713 :
1093 3664 1145 3711 et
1172 3657 1340 3726 probe
1370 3672 1508 3727 opus
1544 3658 1678 3713 illud
1710 3657 1917 3716 Hilario
1946 3670 2219 3718 assertum
2258 3663 2362 3719 fuit
2395 3665 2450 3719 in
2477 3678 2753 3736 postrema
2785 3665 2905 3734 ejus
2927 3679 3154 3733 operum
3186 3664 3424 3720 editione
3455 3679 3484 3718 a
3516 3668 3737 3724 nostris

465 3755 748 3811 adornata.
793 3753 1052 3825 Dialogus
1088 3765 1306 3822 quoque
1338 3747 1924 3808 Joannis'Damasceni
1972 3764 2158 3808 contra
2207 3754 2531 3812 Manichwos
2574 3759 2628 3813 in
2668 3758 2838 3829 Regio
2873 3758 3064 3813 codice
3107 3773 3257 3811 num.
3292 3758 3434 3814 2502
3464 3763 3665 3817 ascribi
3699 3780 3738 3819 a

464 3846 744 3900 nonnullis
769 3844 1068 3899 Athanasio
1094 3842 1295 3896 dicitur
1326 3858 1338 3894 :
1374 3838 1471 3894 sed
1522 3841 1743 3912 γνήσιος
1777 3841 2096 3899 Damasceni
2149 3844 2290 3902 fetus
2318 3856 2434 3912 est,
2466 3856 2526 3902 ut
2572 3849 2822 3919 pluribus
2856 3856 3312 3910 commonstrabit
3347 3860 3430 3911 vir
3475 3861 3737 3920 eruditus

463 3934 528 3990 P.
559 3935 832 4007 Lequien,
865 3935 1074 3991 ordinis
1106 3931 1554 3997 Pradicatorum,
1599 3933 1655 3986 in
1680 3947 1744 3987 ea
1776 3949 1942 4003 quam
1989 3943 2147 4004 parat
2178 3936 2499 3994 Damasceni
2529 3955 2756 4010 cperum
2790 3942 3049 3999 editione.
3088 3945 3224 4001 Vere
3262 3955 3446 4004 tamen
3483 3950 3736 4007 Athana-

466 4029 583 4085 sius
619 4027 964 4091 Maniebaos,
998 4038 1229 4120 quorum
1273 4023 1468 4094 ingens
1500 4039 1598 4080 sua
1629 4033 1955 4096 tempestate
1990 4045 2274 4096 numerus,
2302 4035 2523 4104 scriptis
2551 4044 2637 4089 est
2666 4035 2892 4090 adortus
2924 4058 2936 4092 :
2971 4052 3024 4095 at
3049 4044 3319 4112 ejusmodi
3366 4050 3570 4120 scripta
3599 4068 3734 4107 cum

466 4118 771 4175 innumeris
795 4118 918 4173 aliis
951 4115 1148 4188 injuria
1175 4121 1485 4210 temporum
1518 4117 1792 4171 exstincta
1824 4125 1971 4174 sunt.
2007 4118 2074 4172 Et
2113 4121 2271 4190 plane
2307 4123 2551 4178 demiror
2598 4123 2973 4182 Graculorum
3031 4136 3379 4192 oscitantiam
3403 4179 3418 4203 ,
3465 4115 3556 4210 qui
3594 4141 3736 4197 dum

468 4214 655 4284 spuria
684 4211 989 4267 sexcenties
1015 4206 1409 4273 exscriberent,
1437 4221 1697 4278 germana
1728 4210 1803 4262 ita
1837 4210 2216 4280 neglexerunt,
2251 4207 2559 4269 ut'incuria
2590 4215 2874 4284 perierint.
2916 4216 2984 4272 Ut
3021 4227 3333 4296 conjectare
3370 4206 3537 4300 porro
3567 4233 3731 4298 licet,

466 4325 577 4365 non
605 4309 805 4380 dialogi
838 4323 989 4364 more
1016 4302 1347 4361 Manichaos
1375 4303 1710 4361 Athanasius
1749 4314 1834 4361 est
1867 4321 2162 4379 aggressus
2194 4329 2206 4363 :
2244 4326 2369 4365 nam
2395 4312 2515 4380 ejus
2563 4328 2678 4367 avo
2710 4313 2812 4377 hoc
2843 4316 3116 4372 scribendi
3158 4335 3330 4389 genus
3381 4324 3565 4379 minus
3607 4337 3738 4382 erat

467 4399 892 4469 frequentatum.
926 4397 986 4452 in
1017 4397 1301 4458 codicibus
1327 4403 1646 4473 Anglicanis
1666 4403 1911 4461 homilia
1933 4407 1989 4460 in
2016 4404 2219 4463 Christi
2239 4419 2438 4475 ortum,
2470 4426 2592 4481 qua
2618 4413 2765 4468 inter
2785 4412 3163 4485 Chrysostomi
3188 4434 3352 4487 opera
3383 4436 3735 4495 comparent,

466 4495 751 4550 Athanasii
778 4494 907 4549 item
932 4504 1129 4550 nomen
1160 4497 1477 4564 praeferunt.
1499 4497 1697 4553 Earum
1715 4500 2066 4556 meminimus
2087 4502 2141 4555 in
2157 4502 2366 4557 monito
2390 4503 2457 4558 ad
2477 4505 2754 4559 bomiliam
2775 4505 2851 4560 De
2868 4517 2986 4561 ortu
3004 4507 3222 4575 Christi,
3243 4526 3296 4580 p.
3317 4512 3422 4567 550
3440 4514 3541 4585 (a).
3567 4494 3739 4580 Quod

467 4601 644 4646 autem
675 4589 867 4645 attinet
901 4587 966 4642 ad
1000 4589 1275 4644 orationes
1308 4588 1430 4645 illas
1461 4589 1780 4645 dialecticas
1806 4590 2093 4646 Athanasii
2136 4592 2193 4649 in
2214 4592 2435 4648 Nicana
2458 4594 2668 4667 synodo
2700 4609 2967 4666 prasente
3000 4598 3366 4658 Constantino
3390 4603 3583 4675 Magno
3624 4605 3736 4661 ha-

466 4684 630 4747 bitas,
663 4692 992 4739 memoratas
1018 4698 1050 4736 a
1073 4678 1460 4743 Felckmanno,
1495 4694 1635 4749 quas
1665 4687 1854 4733 narrat
1886 4679 1957 4735 M.
1989 4680 2226 4739 Crusius
2256 4682 2736 4756 Constantinopoli
2773 4688 2915 4756 apud
2950 4689 3385 4747 illustrissimum
3421 4694 3736 4765 principem

466 4775 728 4831 Iacobum
764 4774 1144 4830 Marmoretam
1173 4787 1239 4828 eo
1270 4778 1513 4841 tempore
1541 4780 1785 4842 repertas
1812 4771 2003 4836 fuisse,
2036 4774 2126 4827 vix
2159 4776 2395 4844 putarim
2427 4774 2675 4832 diversas
2701 4792 2731 4831 a
2765 4777 3136 4848 Disputatione
3162 4795 3347 4838 contra
3371 4786 3579 4851 Arium,
3604 4804 3738 4858 qua

467 4870 523 4925 in
552 4871 755 4942 spuriis
784 4884 977 4939 agmen
1019 4868 1165 4938 agit:
1198 4867 1452 4937 permulti
1494 4883 1732 4938 namque
1765 4867 1884 4938 ejus
1918 4869 2137 4924 codices
2189 4870 2243 4923 in
2275 4871 2448 4926 variis
2491 4872 2835 4928 bibliothecis
2865 4884 3101 4931 exstant.
3147 4880 3204 4934 In
3257 4879 3390 4936 Vitis
3420 4892 3736 4943 sanctorum

468 4965 789 5026 Siculorum.
822 4964 891 5019 ab
920 4963 1145 5018 Octavio
1173 4962 1471 5032 Caietano,
1516 4963 1884 5035 Syracusano,
1926 4963 2221 5021 Societatis
2249 4964 2402 5029 Jesu,
2437 4965 2693 5021 Panormi
2727 4969 2889 5025 editis
2928 4985 3072 5024 anno
3115 4970 3273 5035 1657,
3308 4987 3353 5042 p.
3390 4972 3494 5038 24,
3543 4983 3738 5032 exstat

466 5057 689 5111 nomine
708 5056 992 5112 Athanasii
1025 5054 1422 5126 archiepiscopi
1448 5055 1799 5110 Alexandrini
1840 5055 1961 5110 Vita
1986 5056 2042 5111 S.
2102 5056 2336 5127 Philippi
2366 5058 2696 5129 Agyriensis,
2733 5061 2896 5131 vulgo
2925 5062 3229 5131 Agyrionis,
3261 5078 3325 5117 ex
3361 5073 3547 5119 monte
3582 5067 3737 5138 Agy-

466 5153 620 5208 rione
650 5154 704 5207 in
736 5152 944 5209 Sicilia.
970 5152 1041 5219 Is,
1065 5160 1125 5206 ut
1151 5151 1311 5219 vulgo
1340 5158 1587 5217 narrant,
1616 5165 1645 5204 a
1684 5149 1746 5206 Β.
1776 5149 1942 5205 Petro
1974 5152 2224 5222 apostolo
2253 5153 2306 5205 in
2337 5151 2583 5205 Siciliam
2632 5154 2839 5209 missus
2887 5154 3011 5218 fuit,
3041 5155 3289 5224 obiitque
3337 5171 3484 5209 anno
3516 5156 3735 5213 Christi

466 5237 664 5305 90,die
694 5241 761 5295 l2
791 5241 934 5297 Maii.
962 5240 1164 5296 Verum
1199 5240 1253 5294 in
1277 5241 1589 5311 hujusmodi
1614 5249 1928 5297 commento
1960 5242 2254 5298 refutando
2283 5258 2505 5313 operam
2540 5244 2733 5300 ludere
2766 5245 2932 5300 otiosi
2964 5247 3205 5303 hominis
3230 5256 3396 5302 esset.
3420 5247 3735 5306 Christiani

468 5330 647 5401 Copti,
681 5349 773 5390 seu
799 5333 1061 5405 Egyptii,
1092 5335 1356 5404 hymnum
1408 5329 1595 5386 Gloria
1636 5333 1692 5385 in
1724 5332 1967 5399 excelsis,
1999 5332 2225 5403 Copticc
2251 5334 2577 5389 translatum
2609 5332 2859 5389 tribuunt
2888 5336 3208 5393 Athanasio.
3259 5338 3364 5394 Sed
3397 5355 3520 5393 cum
3554 5356 3655 5394 nec
3699 5360 3734 5397 a

468 5425 707 5493 Gracis,
749 5443 849 5483 nec
879 5444 909 5482 a
937 5428 1147 5484 Latinis
1176 5438 1328 5485 tanto
1365 5429 1577 5485 doctori
1607 5430 1883 5499 ascriptus
1912 5445 2153 5500 unquam
2187 5429 2359 5485 fuisse
2404 5438 2761 5495 memoretur,
2798 5433 3096 5490 verisimile
3139 5446 3224 5493 est
3278 5437 3483 5508 Coptos
3532 5438 3685 5508 ipsos
3710 5482 3732 5506 ,

469 5524 751 5594 stupenda
780 5533 995 5595 gentem
1035 5526 1373 5597 ignorantia,
1411 5540 1549 5597 quos
1580 5540 1748 5595 penes
1783 5526 2084 5596 plurimum
2134 5527 2464 5581 auctoritate
2497 5526 2639 5581 valet
2670 5527 3001 5583 Athanasius
3025 5568 3041 5595 ,
3097 5527 3151 5581 id
3198 5529 3379 5599 cperis
3413 5530 3734 5589 inconsulte

468 5616 570 5686 ipsi
603 5615 881 5673 tribuisse.
921 5618 1003 5674 Ad
1031 5619 1145 5675 hac
1185 5621 1449 5678 Leontius
1484 5620 1818 5692 Byzantinus
1851 5621 1992 5676 libro
2020 5620 2282 5676 Adversus
2337 5621 2553 5692 fraudes
2587 5621 3097 5691 Apollinaristaium
3128 5625 3225 5691 ait,
3258 5624 3504 5680 solemne
3554 5624 3732 5685 fuisse

530 5795 603 5859 (a)
635 5797 725 5848 Hic
756 5804 810 5848 et
830 5798 953 5849 infra
976 5796 1178 5863 paginas
1199 5800 1431 5867 intellige
1470 5801 1697 5854 editionis
1727 5803 1932 5855 Veneta
1954 5816 2075 5866 quas
2098 5804 2225 5866 typis
2248 5803 2592 5867 grandioribus
2626 5804 2983 5868 expressimus.
3010 5803 3144 5853 Emr.
