3890 6186
177 369 243 424 15
1623 375 2017 434 ΡΒίἘΡΛΤΙΟ.
3359 392 3424 446 Η

174 481 493 550 Apollinarii
523 483 810 554 discipulis
836 485 1006 542 libros
1036 489 1277 558 magistri
1313 491 1393 545 sui
1427 489 1573 543 Julia
1599 492 1780 556 modo,
1817 507 1938 546 mox
1973 493 2234 564 Gregorio
2267 493 2696 568 Thaumaturgo,
2729 500 2890 554 modo
2919 501 3217 560 Athanasio
3252 509 3425 561 ascri—

172 573 450 628 bere.Sed
480 575 801 644 hujusmodi
849 577 968 634 libri
1014 578 1152 633 falso
1179 580 1430 650 inscripti
1459 580 1524 633 ad
1561 597 1663 636 nos
1706 599 1881 652 usque
1909 585 2134 639 minime
2164 596 2550 655 pervenerunt.
2587 586 2696 643 Nec
2747 592 2906 645 modo
2951 592 3293 662 Apollinarii,
3327 599 3425 652 sed

167 668 330 722 etiam
370 669 639 741 Eutychis
670 679 724 725 et
756 671 1031 738 Dioscori;
1056 690 1123 728 en
1157 675 1317 728 verba
1340 674 1549 729 Leontii
1585 695 1596 730 :
1635 677 1864 742 Quidam
1887 695 1951 731 ea:
1971 679 2158 732 hwresi
2185 682 2505 748 Apollinarii
2539 683 2616 735 vel
2640 681 2889 753 Eutychis
2915 685 2990 737 vel
3013 685 3274 751 Dioscori,
3307 706 3427 743 cum

171 761 354 814 rellent
377 779 538 815 suam
575 765 818 816 Itazresim
852 766 1187 835 conﬁrmare,
1211 767 1470 834 quasdam
1507 767 1772 820 orationes
1817 767 2136 836 Apollinarii
2175 771 2423 843 Gregorio
2451 773 2839 844 Thaumaturgo
2872 787 2964 829 aut
2993 777 3288 833 Athanasio
3334 787 3428 833 aut

167 853 309 908 Julia
332 857 749 925 inscripserunt,
775 870 831 912 ut
860 860 1202 924 simpliciores
1229 859 1496 928 fallerent,
1515 859 1652 930 quod
1684 861 1893 929 quidem
1924 864 2272 931 perfecerunt.
2303 867 2636 920 Auctoritate
2673 867 2812 920 enim
2835 866 3138 935 hujusmodi
3169 885 3421 937 persona-

167 966 280 1003 rum
308 953 420 1019 fide
458 953 647 1022 digna,
674 955 867 1008 multos
900 955 1147 1010 Ecclesia?
1175 956 1450 1009 catholica!
1486 973 1669 1024 capere
1716 966 2018 1025 potuerunt.
2049 959 2115 1013 Et
2155 963 2293 1029 apud
2336 963 2528 1017 multos
2571 978 2636 1016 ea:
2680 966 2816 1014 recte
2845 957 3171 1011 credentibus
3201 959 3426 1025 reperire

163 1043 354 1107 poteris
390 1043 592 1095 librum
623 1044 944 1111 Apollinarii
966 1086 980 1108 ,
1013 1047 1098 1098 cui
1130 1045 1317 1098 titulus
1356 1046 1421 1096 'H
1454 1044 1594 1098 κατὰ
1626 1046 1788 1115 μέρος
1821 1047 2022 1111 πίστις,
2059 1048 2220 1104 Fides
2261 1053 2610 1120 particularis
2637 1095 2652 1118 ,
2697 1052 3006 1118 inscriptum
3037 1049 3289 1120 Gregorio
3312 1091 3326 1113 ,
3377 1063 3429 1104 et

165 1133 423 1200 quasdam
447 1135 567 1202 ejus
591 1136 842 1204 epistolas
873 1138 1157 1206 inscriptas
1185 1136 1377 1190 Iulio:
1410 1147 1457 1190 et
1495 1138 1631 1190 alias
1665 1137 1779 1206 ejus
1803 1136 1878 1191 De
1908 1137 2285 1196 lncarnatione
2333 1144 2596 1196 orationes
2629 1143 2706 1195 vel
2733 1141 3080 1209 expositiones
3127 1140 3428 1193 Athanasio

168 1230 450 1297 inscriptas
475 1247 496 1282 :
529 1231 829 1300 cujusmodi
849 1242 1056 1303 estquae
1072 1233 1326 1300 inscripta
1347 1241 1422 1284 est
1452 1230 1750 1300 Expositio,
1780 1233 2102 1285 consentiens
2130 1250 2248 1286 cum
2275 1233 2615 1302 Expositione
2637 1242 2982 1288 trecentorum
3011 1231 3184 1285 decem
3205 1239 3255 1285 et
3277 1240 3426 1284 octo:

166 1336 323 1389 neque
355 1323 540 1375 solum
563 1323 683 1385 has,
716 1323 806 1377 sed
831 1323 966 1376 alias
994 1321 1321 1387 huiusmodi.
1355 1319 1478 1373 Fiet
1507 1332 1683 1374 autem
1710 1321 1782 1372 ibi
1804 1320 1899 1374 hoc
1924 1322 2282 1391 manifestum,
2320 1335 2369 1378 et
2395 1327 2557 1379 cuivis
2592 1325 2828 1379 veritatis
2857 1321 3099 1376 studioso
3132 1338 3198 1375 ex
3226 1321 3293 1375 iis
3313 1337 3429 1391 qua:

165 1409 218 1468 in
243 1417 480 1469 medium
507 1419 791 1486 a/feremus
820 1429 928 1471 tum
959 1419 1123 1485 ipsius
1153 1417 1492 1485 Apollinarii,
1522 1426 1631 1469 tum
1657 1416 2036 1484 discipulorum
2065 1421 2200 1489 ejus,
2238 1429 2345 1476 etc.
2381 1422 2444 1475 Et
2476 1438 2605 1478 vero
2634 1418 2726 1493 qui
2773 1417 2829 1470 in
2865 1415 3065 1484 spuriis
3096 1429 3286 1483 agmen
3319 1413 3430 1484 agit

167 1505 381 1562 libellus
403 1508 481 1561 De
508 1508 904 1572 lncarnatione,
933 1509 987 1561 in
1014 1508 1381 1576 suspicionem
1399 1508 1574 1570 venit,
1599 1507 1746 1577 quod
1774 1523 1840 1562 ex
1865 1507 2077 1564 ollicina
2114 1510 2573 1582 Entychianorum
2603 1514 2885 1568 Athanasii
2909 1513 3127 1566 nomine
3141 1512 3425 1580 prodierit.

233 1598 571 1670 Quanquam
604 1615 770 1670 porro
815 1600 1023 1655 crebris
1073 1598 1540 1652 admonitionibus
1588 1597 1643 1650 in
1695 1598 1924 1664 hujusce
1965 1600 2095 1652 tomi
2131 1601 2364 1655 decursu
2398 1601 2528 1670 quid
2563 1602 2629 1657 de
2656 1603 2900 1670 quolibet
2947 1603 3213 1671 opusculo
3263 1601 3428 1657 lcrret

171 1696 389 1749 animus
430 1682 1159 1761 commemoravimus,quia
1209 1693 1532 1761 plerumque
1577 1705 1707 1760 carp

1889 1693 2126 1760 :tigimus
2177 1694 2422 1763 singula;
2479 1695 2591 1763 jam
2651 1694 2793 1763 quod
2844 1694 3124 1765 δευτέραις
3181 1692 3425 1765 φροντίσι

171 1787 520 1856 exploratum
559 1785 661 1839 fuit
691 1785 1032 1840 adnotcmus.
1074 1783 1145 1838 De
1177 1783 1360 1838 libello
1390 1782 1442 1834 in
1474 1781 1650 1836 fronte
1676 1797 1904 1850 operum
1942 1784 2148 1851 posito.
2181 1786 2268 1838 cui
2306 1787 2504 1838 titulus
2532 1825 2546 1848 ,
2593 1784 2668 1838 De
2695 1784 3091 1848 Incol-natione,
3121 1788 3177 1840 in
3220 1784 3428 1838 Monito

166 1880 367 1934 ibidem
403 1879 658 1947 pluribus
686 1890 890 1932 actum.
925 1875 1252 1930 Testimonia
1281 1888 1410 1928 vero
1455 1871 1751 1940 Scriptura:
1798 1889 1968 1926 sacra:
2014 1875 2156 1944 quod
2192 1885 2434 1944 spectat,
2477 1876 2586 1929 vidi
2621 1876 2867 1931 eruditos
2900 1885 2953 1931 et
2983 1884 3248 1933 emunctae
3275 1877 3427 1930 naris

167 1969 422 2024 homines
455 1972 552 2038 qui
587 1969 888 2023 Athanasio
920 1983 1079 2037 posse
1105 1965 1307 2020 ascribi
1328 1964 1686 2018 aastimarent.
1731 1961 1797 2015 Et
1838 1979 1968 2018 sane
1991 1964 2172 2034 aliqua
2198 1972 2280 2019 est
2306 1966 2542 2035 hujusce
2585 1966 2706 2020 libri
2756 1966 2988 2024 allinitas
3019 1984 3142 2022 cum
3195 1968 3425 2038 epistola

167 2067 343 2134 prima
381 2065 449 2118 ad
485 2065 842 2134 Serapionem
870 2073 921 2117 et
953 2079 1076 2116 cum
1119 2063 1258 2115 libro
1289 2060 1364 2113 De
1401 2059 1794 2122 lncarnatione,
1829 2075 1880 2128 p.
1919 2058 2024 2114 695
2054 2062 2184 2114 tomi
2207 2062 2368 2130 primi
2407 2062 2502 2132 (a).
2533 2061 2608 2117 lbi
2634 2061 2802 2126 enim,
2837 2071 2898 2118 ut
2923 2064 2979 2118 in
3009 2063 3112 2119 hoc
3136 2064 3424 2134 opusculo,

166 2155 303 2208 locis
336 2171 404 2208 ex
437 2154 620 2209 Veteri
650 2170 713 2208 ac
740 2153 890 2208 Novo
920 2151 1273 2206 Testamento
1329 2148 1594 2202 mutuatis
1642 2148 1886 2202 Trinitas
1937 2155 1991 2203 et
2022 2149 2186 2202 trium
2218 2165 2574 2218 personarum
2605 2155 2891 2224 aequalitas
2937 2166 3423 2212 commonstratur.

168 2240 369 2296 Verum
399 2244 617 2297 inﬁrma
648 2246 790 2297 ratio
815 2262 829 2296 :
878 2244 985 2296 tale
1017 2244 1217 2312 quippe
1245 2238 1522 2296 scribendi
1550 2253 1720 2308 genus
1754 2248 1859 2306 est,
1891 2246 1950 2292 ut
1979 2240 2228 2309 quisquis
2258 2256 2372 2295 rem
2399 2242 2767 2312 aggrediatur,
2793 2262 2916 2301 cum
2946 2250 3054 2302 alio
3084 2227 3428 2319 simile‘opus

166 2336 346 2403 agenti
380 2337 527 2404 ston
549 2336 868 2389 conveniat.
921 2334 1174 2404 Alioquin
1205 2347 1338 2386 vero
1366 2346 1478 2385 non
1513 2337 1597 2384 sat
1644 2329 1750 2384 sibi
1787 2338 2007 2384 constat
2037 2331 2271 2400 scriptor
2313 2331 2451 2398 iste;
2489 2334 2584 2387 sed
2623 2351 2913 2412 postquam
2967 2345 3034 2400 de
3064 2344 3327 2400 Ττῑηίιειε
3361 2347 3429 2400 ad

165 2441 340 2494 usque
372 2428 675 2480 articulum
709 2425 778 2481 36
807 2427 972 2481 verba
1000 2425 1155 2494 fecit,
1181 2425 1330 2479 illico
1361 2439 1475 2477 rem
1504 2422 1841 2491 disparatam
1884 2423 2218 2492 ingreditur;
2250 2422 2467 2480 Iudaeos
2496 2428 2727 2498 scilicet,
2770 2436 2910 2492 ﬁlios
2939 2438 3309 2502 tenebrarum,
3335 2453 3431 2493 ex-

163 2525 354 2593 agitat.
370 2525 660 2581 Articulus
684 2537 866 2580 autem
891 2526 958 2580 49
983 2527 1050 2581 de
1075 2523 1415 2594 blasphemia
1445 2524 1501 2577 in
1533 2521 1839 2587 Christum,
1869 2523 2155 2578 Athanasii
2180 2540 2302 2579 esse
2322 2527 2511 2595 nequit
2545 2547 2558 2580 :
2592 2544 2718 2582 nam
2744 2529 2941 2583 acerbe
2974 2529 3110 2592 satis
3145 2530 3270 2584 istic
3303 2543 3430 2584 car-

164 2618 313 2684 pitur
347 2616 622 2689 Origenes
653 2638 666 2671 :
700 2619 793 2688 qui
831 2634 861 2672 a
892 2627 1086 2674 sancto
1121 2619 1354 2689 praesule
1397 2632 1614 2688 semper
1638 2632 1761 2672 cum
1815 2617 2025 2672 honore
2077 2617 2333 2674 laudatus
2364 2635 2428 2674 ac
2455 2619 2766 2678 vindicatus
2797 2622 2920 2678 fuit.
2949 2622 2996 2676 A
3021 2624 3328 2693 quaestione
3358 2624 3428 2678 50

161 2711 230 2764 ad
262 2711 428 2766 ﬁnem
463 2728 642 2782 usque
683 2712 888 2769 diversi
926 2729 1014 2769 res
1044 2714 1350 2785 argumenti
1379 2721 1618 2786 aguntur
1645 2731 1657 2767 :
1683 2712 1830 2768 unde
1865 2711 2007 2767 forte
2037 2713 2282 2784 suspicio
2313 2722 2574 2769 nascatur
2604 2725 2774 2771 totum
2802 2729 2941 2784 opus
2956 2730 3087 2770 esse
3115 2722 3424 2770 centonem.

231 2804 484 2872 Epistola
543 2805 817 2862 Catholica
866 2808 961 2879 (b).
1011 2808 1255 2862 Diximus
1289 2807 1562 2875 ambigere
1617 2819 1715 2859 nos
1774 2819 1841 2858 an
1877 2805 2164 2874 Athanasii
2200 2807 2293 2869 sit,
2336 2821 2527 2871 necne,
2560 2806 2630 2862 ob
2660 2807 2923 2877 quasdam
2957 2804 3200 2874 adjectas
3231 2805 3304 2859 ibi
3335 2821 3429 2860 su-

161 2899 414 2967 spicandi
445 2914 650 2955 causas
675 2918 688 2952 :
713 2911 765 2956 et
787 2902 930 2956 inter
959 2902 1114 2964 alias,
1137 2901 1260 2970 quia
1283 2899 1337 2952 in
1356 2899 1514 2953 titulo
1535 2912 1670 2952 voce
1701 2897 2086 2950 συνεπίσκοποι
2113 2898 2285 2952 utitur
2315 2899 2562 2968 quisquis
2591 2900 2710 2969 ejus
2741 2887 2930 2953 auctor
2959 2906 3208 2963 est,cum
3239 2905 3429 2952 contra

157 2994 332 3050 soleat
362 2995 710 3048 Athanasius
749 2996 1036 3063 episcopos
1067 2992 1509 3063 συλλειτουργούς
1538 3005 1693 3044 vocat

1903 2992 1948 3044 si
1978 2992 2198 3060 quando
2240 3008 2343 3047 vox
2375 2993 2760 3048 συνεπίσκοποι
2781 3001 2929 3047 tomo
2960 2994 3137 3062 primo
3162 2991 3424 3054 occurrit,

158 3101 269 3140 non
303 3089 361 3142 in
391 3089 793 3142 Athanasianis
822 3088 1005 3157 vulgo,
1032 3085 1125 3141 sed
1159 3087 1216 3138 in
1248 3086 1493 3155 epistolis
1517 3084 1729 3147 alienis,
1762 3084 1830 3137 ab
1859 3099 1924 3137 eo
1953 3083 2009 3137 in
2041 3084 2279 3138 medium
2307 3086 2556 3141 adductis
2594 3087 2882 3156 reperitur.
2912 3084 3111 3140 Vocem
3136 3085 3262 3140 item
3290 3083 3430 3154 σύμ-

155 3179 332 3244 ὕελον,
369 3195 499 3250 quae
545 3179 744 3232 ibidem
785 3185 1082 3247 comparet,
1136 3177 1374 3231 diximus
1425 3189 1536 3229 non
1584 3191 1685 3231 usu
1717 3175 1905 3230 venire
1931 3176 1984 3229 in
2014 3177 2287 3246 germanis
2318 3177 2625 3234 Athanasii.
2655 3176 2857 3231 Verum
2905 3175 3204 3232 secundum
3263 3176 3426 3231 istam

155 3272 361 3326 editam
397 3269 833 3324 admonitionem
865 3268 1086 3322 allatum
1112 3267 1274 3322 nobis
1309 3265 1480 3318 Roma
1510 3266 1816 3335 symbolum
1853 3265 1975 3329 fuit,
2023 3267 2120 3330 ita,
2164 3283 2356 3336 nempe
2388 3268 2654 3338 σύμϐολον
2707 3276 3102 3339 nuncupatum,
3141 3269 3188 3323 si
3245 3276 3430 3324 tamen

153 3362 481 3431 hujusmodi
518 3376 716 3416 nomen
747 3375 856 3414 non
884 3360 1296 3415 amanuensium
1334 3357 1516 3412 fuerit.
1542 3356 1810 3412 Nimirum
1843 3359 2170 3428 conjectura:
2200 3368 2326 3416 sunt
2355 3369 2545 3432 suapte
2575 3372 2765 3432 sponte
2794 3362 2961 3427 leves,
2991 3376 3110 3431 qua:
3139 3361 3427 3429 sejunclim

155 3459 351 3526 positae
385 3472 503 3510 non
541 3472 654 3510 rem
687 3457 1014 3522 conﬁciant;
1049 3464 1103 3508 at
1132 3470 1256 3509 cum
1286 3455 1473 3508 multm
1507 3469 1613 3507 una
1641 3463 1860 3521 coeunt,
1913 3456 2218 3524 argumenti
2260 3458 2380 3511 loco
2403 3472 2524 3511 esse
2554 3457 2784 3525 possint.
2831 3455 2972 3511 Sane
3002 3456 3171 3510 multa
3204 3455 3310 3509 alia
3337 3453 3429 3508 hic

153 3549 518 3618 peregrinum
551 3548 701 3602 olent
734 3567 746 3600 :
783 3547 1060 3616 ipsissima
1087 3547 1295 3601 scilicet
1331 3562 1454 3610 vox,
1485 3543 1788 3610 Catholica,
1824 3562 1947 3617 qua:
1980 3547 2150 3600 miror
2186 3547 2232 3602 si
2275 3548 2363 3601 vel
2386 3548 2454 3602 ab
2488 3547 2810 3610 Athanasio,
2857 3546 2945 3600 vel
3003 3545 3073 3599 ab
3124 3544 3427 3615 aequalibus

156 3640 377 3710 uspiam
421 3640 478 3692 in
515 3639 873 3708 epistolarum
909 3639 1361 3708 inscriptionibus
1395 3647 1713 3708 usurpatur,
1749 3640 1854 3696 nisi
1884 3655 2009 3694 cum
2043 3642 2109 3694 de
2144 3648 2350 3711 septem
2381 3642 2629 3712 epistolis
2663 3640 3032 3710 apostolorum
3072 3653 3194 3708 quae
3224 3636 3428 3692 Catho-

153 3733 272 3787 licae
324 3742 627 3798 vocantur,
678 3740 761 3786 est
811 3748 1010 3787 sermo.
1050 3731 1185 3786 lllud
1224 3733 1350 3786 item
1402 3728 1581 3792 θεῖκὺν
1637 3730 1853 3802 πνεῦμα
1908 3747 2015 3786 non
2068 3740 2172 3796 est,
2226 3734 2282 3787 ni
2317 3731 2495 3794 fallor.
2528 3732 2829 3786 Athanasio
2857 3731 2914 3784 in
2964 3745 3092 3793 usu,
3135 3728 3226 3798 qui
3268 3727 3428 3798 vulgo

154 3835 251 3882 aut
286 3827 440 3879 θεῖον
475 3831 569 3878 aut
602 3825 752 3893 ἅγιον
776 3824 1002 3896 Πνεῦμα
1029 3824 1179 3878 dicit.
1217 3824 1298 3878 Ad
1339 3824 1470 3885 haec,
1507 3824 1726 3878 brevior
1753 3831 1837 3880 est
1876 3826 2104 3894 epistola
2137 3842 2299 3896 quam
2332 3842 2432 3896 pro
2465 3827 2542 3880 rei
2573 3827 2859 3896 dignitate,
2900 3839 3002 3877 nec
3043 3823 3178 3877 solet
3223 3822 3314 3876 ille
3340 3837 3430 3875 res

155 3913 294 3975 "anti
321 3920 614 3990 ponderis,
647 3921 721 3973 ita
750 3921 983 3989 carptim
1024 3935 1201 3990 agerc.
1236 3917 1296 3974 ln
1325 3917 1709 3988 Refutationem
1747 3921 2038 3991 hypocrisis
2067 3921 2291 3986 Meletii,
2324 3934 2377 3979 et
2406 3923 2462 3976 in
2495 3923 2893 3994 subsequentes
2924 3921 3094 3976 libros
3133 3919 3210 3972 De
3241 3918 3430 3972 Incar~

157 4015 407 4077 natione,
433 4023 631 4066 contra
664 4011 1022 4080 Sabellianos,
1061 4019 1225 4080 atque
1257 4011 1315 4065 in
1349 4011 1503 4064 illum
1544 4012 1712 4065 alium
1742 4013 1832 4067 cui
1870 4013 2064 4069 titulus
2100 4031 2112 4064 :
2155 4012 2326 4067 Unum
2365 4032 2476 4069 esse
2506 4013 2772 4069 Christum
2813 4030 2933 4085 qua:
2965 4013 3164 4069 ibidem
3197 4025 3429 4086 praemo-

156 4107 392 4160 nuimus
424 4107 562 4161 satis
586 4113 768 4160 sunto.

235 4197 430 4253 Sermo
464 4197 528 4251 de
561 4196 810 4251 Sabbatis
839 4205 889 4249 et
922 4196 1320 4249 circumcisione
1372 4194 1612 4250 minores
1675 4195 1815 4251 forte
1861 4213 2024 4267 quam
2078 4209 2272 4254 czetera
2302 4199 2518 4269 praefert
2557 4197 2885 4269 suspicionis
2927 4205 3108 4262 notas,
3149 4203 3203 4252 et
3233 4206 3429 4265 praeter

159 4295 290 4366 styli
323 4293 776 4362 discrepantiam,
810 4291 1144 4346 remissioris
1179 4291 1453 4357 videlicet,
1486 4307 1650 4363 quam
1694 4293 1764 4346 sit
1806 4291 2234 4359 Athanasianus,
2271 4295 2361 4348 vix
2387 4295 2533 4348 aliud
2555 4292 2901 4364 deprehendo
2931 4291 3076 4363 quod
3109 4292 3164 4346 in
3191 4289 3428 4362 ἀπορίαν

160 4391 451 4459 conjiciat.
505 4385 676 4442 Secus
718 4393 898 4441 autem
946 4387 1166 4442 homilia
1196 4388 1274 4443 De
1295 4400 1542 4454 semente,
1589 4398 1782 4444 contra
1818 4404 1982 4458 quam
2020 4389 2076 4444 in
2115 4390 2232 4444 dies
2262 4396 2520 4444 crescunt
2557 4388 2900 4458 suspiciones
2933 4405 2946 4440 :
2980 4387 3034 4439 in
3061 4386 3263 4440 multas
3296 4400 3430 4440 sane

159 4485 292 4541 istic
317 4498 488 4538 voces
519 4480 844 4536 cﬂendimus
859 4483 1163 4540 Athanasio
1191 4485 1416 4540 minime
1447 4485 1695 4539 familiari

1897 4485 1944 4538 bi
1980 4500 2147 4539 causa
2173 4485 2572 4556 κατασπορεὺς,
2608 4483 3004 4554 ὲμὸαθύνομαι,
3039 4481 3240 4552 σπόρος
3272 4480 3430 4534 εὐθυ-

158 4582 351 4648 τενὴς,
382 4587 440 4632 et
467 4579 668 4632 similia
702 4594 812 4632 non
849 4594 1044 4648 pauca.
1072 4579 1304 4636 Aberrat
1333 4597 1551 4652 quoque
1575 4581 1808 4636 subinde
1837 4597 1868 4635 a
1909 4597 2076 4652 scopo
2105 4583 2342 4652 scriptor
2366 4581 2491 4648 iste,
2519 4589 2572 4636 et
2614 4597 2734 4636 sese
2768 4580 2951 4636 subito
2990 4579 3298 4650 intercipit;
3345 4579 3430 4630 di-

157 4675 453 4742 missaque
485 4687 546 4726 re
572 4687 732 4741 quam
767 4681 984 4739 tractat,
1019 4675 1352 4745 disparatam
1381 4677 1702 4748 ingreditur,
1734 4693 1765 4731 a
1788 4693 1893 4747 qua
1920 4679 2147 4747 perinde
2175 4677 2425 4742 discedit,
2456 4693 2519 4732 ac
2545 4677 2590 4731 si
2622 4677 2727 4731 huc
2759 4677 2887 4731 illuc
2917 4675 3184 4745 impulsus
3215 4675 3431 4730 oberra-

163 4774 272 4820 ret.
299 4765 358 4818 In
388 4782 510 4819 eam
532 4781 660 4820 vero
680 4782 800 4836 qua:
824 4767 964 4821 hanc
992 4770 1193 4840 excipit
1223 4771 1526 4836 homiliam,
1557 4789 1678 4843 quaa
1700 4773 2088 4843 praemisimus,
2117 4775 2219 4828 etsi
2256 4774 2609 4843 paucissima,
2642 4773 2776 4826 satis
2811 4779 2994 4827 sunto.
3028 4768 3317 4823 Homiliam
3352 4767 3430 4821 De

159 4860 421 4926 passione
460 4866 508 4910 et
551 4874 698 4911 cruce
734 4858 1050 4931 Domini-lc)
1110 4863 1212 4917 etsi
1262 4863 1684 4931 abjudicandam
1727 4865 2030 4921 Athanasio
2063 4866 2416 4927 arbitramur,
2468 4865 2521 4917 in
2552 4864 2832 4917 codicibus
2861 4871 3041 4916 tamen
3089 4859 3429 4930 perantiquis

159 4952 290 5019 ejus
329 4950 632 5019 fragmenta
660 4951 943 5005 Athanasii
968 4952 1188 5008 nomine
1223 4954 1527 5008 alleruntur
1556 4973 1567 5005 :
1595 4955 1739 5010 unde
1771 4956 2053 5025 propalam
2094 4955 2153 5008 lit
2193 4971 2221 5008 a
2254 4955 2440 5008 multis
2478 4962 2623 5007 retro
2656 4953 2870 5007 saeculis
2905 4950 3188 5004 Athanasii
3229 4963 3428 5002 nomen

161 5042 455 5114 praeferre.

237 5141 531 5196 Sermonis
587 5140 663 5194 De
687 5143 987 5213 virginitate
1019 5147 1193 5201 oratio
1237 5151 1350 5200 tota
1389 5145 1581 5211 emuit,
1607 5147 1809 5211 nervis,
1845 5146 2053 5202 salibus
2100 5155 2152 5201 et
2191 5145 2270 5216 τῷ
2314 5147 2514 5216 εὐτόνῳ
2543 5144 2840 5208 destituta;
2871 5141 3082 5209 hocque
3117 5139 3274 5208 signo
3305 5152 3428 5191 sese

160 5232 416 5305 proﬁteri
452 5233 670 5287 videtur
702 5235 810 5290 alio
843 5252 1007 5306 quam
1051 5239 1352 5293 Athanasio
1396 5250 1549 5309 patre
1579 5248 1789 5294 natum.
1829 5239 2097 5294 Praeterea
2131 5249 2464 5294 memoratur
2501 5240 2606 5302 hic,
2648 5237 2880 5305 hymnus
2912 5231 3096 5285 Gloria
3125 5231 3181 5282 ίη
3208 5230 3426 5282 θεοειδέας

162 5323 292 5390 Deo,
331 5335 540 5378 cantus
569 5323 817 5391 Alleluia,
856 5328 1160 5384 versiculus
1189 5327 1376 5382 Gloria
1408 5329 1565 5382 Patri
1596 5337 1645 5382 et
1682 5327 1828 5382 Filio
1877 5337 1926 5382 et
1957 5327 2185 5396 Spiritui
2215 5337 2417 5390 sancto,
2459 5343 2580 5380 cum
2612 5324 2910 5394 appendice
2953 5322 3022 5375 Et
3055 5337 3192 5375 nunc
3211 5329 3262 5374 et
3290 5337 3424 5373 sem-

159 5431 270 5484 per,
298 5425 441 5480 etc.;
474 5431 707 5484 quorum
743 5417 985 5471 omnium
1022 5435 1155 5474 usus
1197 5435 1265 5474 an
1314 5435 1429 5475 aevo
1482 5419 1765 5474 Athanasii
1810 5419 1865 5473 in
1908 5419 2278 5473 Alexandrina
2320 5418 2564 5473 Ecclesia
2603 5417 2895 5478 obtineret,
2931 5414 3088 5469 valde
3132 5414 3424 5467 incertum.

162 5511 363 5582 Hymni
397 5526 637 5580 namque
693 5510 880 5564 Gloria
919 5515 974 5566 in
1022 5515 1262 5579 excelsis,
1311 5516 1404 5585 qui
1441 5523 1588 5570 totus
1639 5530 1777 5585 pene
1820 5513 2018 5583 legitur
2051 5514 2192 5568 libro
2240 5517 2472 5582 septimo
2502 5511 2949 5566 Constitutionum
2988 5510 3424 5579 apostolicarum,

163 5611 336 5674 nulla,
393 5609 574 5663 ausim
624 5607 825 5676 dicere,
861 5611 1060 5664 mentio
1105 5610 1362 5669 Patribus
1397 5612 1480 5667 vel
1527 5611 1932 5683 antiquioribus
1969 5610 2272 5664 Athanasio
2320 5611 2403 5665 vel
2449 5610 2771 5680 aequalibus.
2836 5607 3045 5664 Cantus
3080 5606 3335 5670 Alleluia,
3368 5610 3424 5662 ut

225 5765 295 5827 (α)
322 5764 525 5815 Nostra:
545 5767 855 5817 recensionis
873 5767 1093 5816 secundi.
1120 5765 1254 5817 Enrr.

233 5850 308 5920 (ὁ)
348 5848 484 5919 Pag.
524 5847 613 5902 ‘22.

1940 5847 2009 5919 (ε)
2042 5847 2186 5922 Ρῖιεη
2209 5847 2293 5902 5:5.
