3890 6186
169 259 230 312 t7
1617 261 2009 318 Ριιιεῖιιτιο.
3359 249 3427 303 18

166 379 522 448 antiquorum
551 383 869 438 testimonio
904 390 1242 454 compertum
1272 384 1362 445 sit.
1399 398 1430 438 a
1455 382 1618 438 Petro
1643 392 1696 438 et
1725 383 1938 438 Achilla
1963 379 2225 452 gradibus
2246 375 2637 434 ecclesiasticis
2669 380 2888 428 auctum
2914 371 3084 426 fuisse
3108 368 3424 440 indignissi-

168 482 314 521 mum
337 468 644 534 hominem,
674 471 803 542 quia
829 487 929 542 pro
961 474 1149 527 innata
1179 473 1397 528 vafritie
1426 474 1660 544 speciem
1699 472 1837 542 frugi
1877 472 2154 542 praeferret
2187 492 2200 526 :
2234 471 2443 541 reliqua
2474 469 2595 523 vide
2626 467 2680 520 in
2723 462 2950 517 Monito.
2980 461 3061 514 Ad
3103 461 3215 514 haec
3244 466 3426 513 autem

169 567 301 628 puto
328 560 418 613 vel
450 575 521 615 ex
546 561 665 616 sola
693 561 897 633 dialogi
928 562 1124 628 forma,
1165 580 1288 634 qum
1319 563 1594 619 scribendi
1640 564 1802 627 ratio,
1831 564 1958 617 licet
1993 563 2223 616 multum
2258 559 2560 616 Athanasio
2600 553 2896 622 antiquior,
2933 565 3042 604 non
3079 557 3196 604 erat
3256 547 3423 601 Atha-

170 653 306 706 nasii
334 667 456 706 ιενο
489 652 860 724 frequentata,
895 655 1268 723 conjecturam
1294 655 1533 724 aliquam
1561 655 1773 718 νοθείας
1807 653 2034 708 oboriri.
2071 651 2351 720 Nusquam
2384 647 2683 716 accipimus
2713 640 3070 696 Athanasium
3093 638 3198 692 hoc
3229 649 3426 706 genere

168 745 384 801 dedisse
417 747 706 816 quidpiam
738 768 752 803 :
782 756 836 803 et
868 749 1172 818 aequalibus
1201 749 1322 819 ejus
1350 765 1632 821 perrarum
1665 749 1866 818 dialogi
1899 763 2052 802 more
2092 747 2351 802 scribere.
2385 743 2584 797 Verum
2619 739 2736 792 haec
2767 735 2938 789 forma
2968 732 3179 788 saeculis
3211 731 3422 800 quinto,

167 847 339 899 sexto.
378 843 621 908 septimo
668 849 722 894 et
770 840 1232 910 subsequentibus
1285 842 1513 895 multum
1547 839 1829 894 obtinuit:
1866 846 1920 893 et
1973 837 2205 906 hujusce
2267 833 2402 888 torni
2448 828 2635 900 spuria
2686 821 3092 894 complectentis
3137 834 3264 888 pars
3314 833 3424 872 non

165 927 381 982 modica
413 929 619 1000 dialogi
647 938 797 984 sunt.

235 1017 427 1074 Sermo
488 1033 682 1075 contra
738 1041 917 1079 omnes
968 1025 1216 1092 hwreses,
1271 1027 1346 1080 ita
1385 1025 1704 1082 manifestas
1750 1023 2156 1097 peregrinitatis
2209 1030 2370 1076 notas
2401 1018 2484 1074 vel
2526 1015 2660 1087 ipsis
2707 1010 3130 1067 amanuensibus
3171 1007 3426 1079 praeferre

165 1109 310 1164 visus
347 1109 477 1176 fuit,
513 1121 573 1166 ut
600 1115 656 1167 in
687 1115 962 1186 plerisque
993 1117 1274 1172 codicibus
1309 1117 1376 1171 ad
1430 1119 1751 1188 marginem,
1785 1117 1936 1182 ξένος
1970 1115 2065 1168 καὶ
2099 1113 2314 1184 χυδαῖος
2361 1110 2593 1171 dicatur,
2635 1105 2688 1160 id
2720 1114 2824 1168 est,
2859 1104 3160 1175 peregrinus
3195 1119 3257 1156 ac
3305 1103 3424 1172 fuso

165 1203 570 1273 remissioreque
597 1210 734 1275 styto
760 1208 1075 1278 descriptus,
1112 1211 1199 1265 cui
1236 1211 1443 1266 scilicet
1474 1211 1534 1264 τὸ
1568 1210 1782 1265 εὔτονον
1815 1210 2032 1265 deficiat
2059 1228 2071 1263 :
2108 1210 2298 1278 ingens
2325 1204 2569 1276 profecto
2597 1201 2720 1274 styli
2742 1202 2956 1264 vitium,
2987 1199 3132 1269 quod
3164 1199 3246 1253 vel
3277 1197 3425 1251 Grae-

163 1298 265 1350 culi
313 1301 532 1354 sentire
579 1304 814 1370 possint.
848 1283 973 1359 Fuit
1019 1315 1202 1361 autem
1233 1323 1296 1362 ex
1332 1307 1618 1361 Athanasii
1663 1307 1924 1377 operibus
1955 1319 2270 1374 expressus,
2307 1311 2366 1355 ut
2419 1300 2675 1353 lectorem
2725 1296 2924 1350 ibidem
2972 1293 3451 1364 praamonuimus.

165 1392 232 1447 De
264 1394 482 1450 insulso
517 1395 899 1455 Melchisedeci
934 1403 1077 1472 regis
1106 1411 1416 1458 commento
1448 1403 1524 1474 (a)
1555 1405 1672 1474 jam
1713 1403 1853 1457 ultra
1880 1417 2044 1471 quam
2071 1401 2205 1456 satis
2245 1399 2318 1454 sit
2347 1398 2552 1452 dictum
2579 1394 2700 1458 fuit,
2739 1395 3048 1463 pariterque
3074 1393 3140 1447 de
3173 1392 3426 1445 ἀποσπα-

164 1488 370 1558 σματίῳ
403 1489 471 1543 ad
502 1489 794 1548 Jovianum
816 1495 1199 1566 imperatorem
1228 1507 1544 1569 nuncupato
1579 1499 1677 1570 (b),
1711 1513 1776 1554 ac
1812 1497 1878 1554 de
1909 1497 2048 1553 libro
2087 1495 2465 1566 Deﬁnitionum
2490 1508 2508 1546 :
2535 1505 2710 1563 neque
2748 1489 2878 1544 libet
2913 1487 3223 1559 hujusmodi
3247 1501 3421 1558 nugas

161 1575 332 1632 denuo
373 1580 613 1649 agitare,
643 1591 829 1653 atque,
865 1593 923 1638 ut
949 1587 1024 1639 ita
1053 1587 1254 1651 dicam,
1291 1602 1698 1658 repuerascere.

226 1669 556 1742 Sequuntur
594 1690 760 1746 Opera
796 1679 863 1733 ad
912 1681 1276 1750 Antiochum;
1309 1691 1364 1738 et
1415 1683 1570 1753 praeit
1618 1681 1876 1736 Doctrina
1909 1679 1978 1734 ad
2009 1677 2321 1734 Antiochum
2361 1674 2660 1746 principem
2684 1675 2729 1727 'a
2759 1673 3004 1731 Graeculo
3046 1674 3210 1730 edita.
3245 1671 3420 1740 Hujus

159 1774 333 1822 “men
367 1769 666 1836 υθηείῖοίο.
697 1789 948 1845 magnam
985 1786 1192 1849 partem
1241 1779 1368 1835 libri
1415 1779 1682 1844 Pastoris,
1725 1793 1847 1850 qua:
1893 1776 2081 1832 Graece
2137 1773 2379 1828 nondum
2414 1771 2539 1824 data
2578 1769 2773 1832 fuerat,
2825 1780 3233 1836 recuperamus.
3268 1763 3419 1817 Alias

161 1877 281 1917 vero
324 1864 432 1917 hac
483 1865 719 1921 historia
749 1871 882 1925 nihil
921 1872 1204 1930 infantius.
1254 1874 1434 1946 IEque
1483 1875 1783 1946 conspicua
1824 1881 1907 1928 est
1941 1869 2209 1927 sermonis
2253 1865 2322 1920 ad
2371 1862 2703 1918 Antiochum
2760 1860 2960 1925 νοθεία,
3018 1872 3230 1912 necnon
3288 1855 3419 1909 sub-

158 1957 507 2024 sequentium
571 1960 640 2014 ad
686 1966 937 2019 eumdem
985 1969 1372 2038 quaestionum.
1436 1969 1550 2026 Hoc
1617 1980 1954 2041 postremum
2002 1977 2183 2022 tamen
2239 1977 2398 2032 opus,
2457 1975 2564 2014 non
2629 1957 2907 2028 indignum
2959 1953 3105 2025 quod
3162 1953 3412 2022 legatur:

158 2053 372 2105 tametsi
413 2054 570 2108 enim
625 2055 876 2116 futilibus
901 2061 1061 2120 dictis
1092 2081 1157 2121 ac
1202 2068 1448 2137 quaesitis
1481 2067 1775 2124 identidem
1819 2077 2104 2136 aspersum
2156 2068 2281 2116 est:
2339 2065 2396 2113 at
2442 2057 2581 2112 bona
2633 2055 2793 2109 malis
2835 2055 3094 2124 permista
3141 2047 3414 2119 reperias;

157 2160 416 2200 nimirum

1110 2250 1350 2316 Χρυσέα
1389 2252 1695 2319 χαλκείοις
1727 2251 2056 2320 ἑκατόμϐοα
2087 2246 2461 2301 ἐννεαϐοίων.

223 2325 317 2384 Est
349 2330 486 2384 inibi
521 2332 595 2402 (ο)
649 2333 806 2388 locus
833 2349 992 2403 quem
1044 2337 1176 2391 olim
1231 2341 1489 2396 vitiosum
1526 2340 1759 2410 suspical

1882 2356 1968 2405 ur,
2005 2338 2138 2392 illud
2185 2337 2394 2393 scilicet
2425 2354 2438 2388 ε
2475 2333 2598 2395 Πῶς
2621 2333 2676 2385 δὲ
2702 2332 2860 2385 πάλιν
2891 2331 2983 2384 καὶ
3078 2348 3184 2384 των
3231 2329 3415 2398 σωμά-

153 2435 259 2470 των
291 2419 452 2486 φύσις
499 2420 780 2494 ﬁalis":th
814 2423 957 2477 κατὰ
998 2427 1158 2495 φύσιν
1201 2431 1541 2502 ὑπάρχουσα,
1591 2434 1780 2504 ὁρᾶται
1810 2431 2001 2494 ἄδυτος
2039 2430 2133 2483 καὶ
2179 2429 2455 2490 ἀϐόλιστος
2503 2427 2559 2478 ὲν
2587 2427 2694 2487 τοῖς
2729 2423 2879 2477 ὕδασι
2916 2424 3016 2492 τῆς
3046 2421 3413 2493 Μαρμαρικῆς

152 2509 547 2578 Πενταπόλεως
569 2532 584 2544 ·
617 2515 710 2569 ubi
740 2531 838 2586 pro
884 2519 1150 2589 σωμάτων
1195 2523 1482 2595 legendum
1523 2525 1688 2579 ὑδάτα

1877 2525 2223 2597 jectabamus
2250 2543 2262 2578 :
2303 2530 2358 2575 at
2388 2519 2585 2577 exinde
2614 2518 2900 2573 lectionem
2929 2518 3094 2588 probe
3122 2516 3322 2570 habere
3356 2531 3413 2570 se

151 2620 550 2675 comperimus.

218 2700 301 2752 Ad
334 2701 552 2755 calcem
583 2704 948 2772 quaestionum
981 2704 1049 2759 ad
1096 2703 1424 2758 Antiochum
1454 2703 1555 2776 (ά),
1592 2712 1680 2760 est
1710 2711 1977 2760 tractatus
2027 2701 2328 2758 Athanasio
2372 2718 2504 2758 sane
2537 2717 2644 2758 non
2676 2704 2952 2774 indignus,
2992 2717 3152 2772 quem
3185 2701 3416 2757 fortasse

150 2795 342 2865 religio
375 2813 490 2850 non
519 2807 667 2852 esset
697 2801 841 2853 inter
868 2799 1241 2854 Athanasiana
1274 2807 1614 2869 computare.
1661 2799 1773 2854 Etsi
1803 2799 1947 2853 enim
1985 2798 2039 2852 in
2075 2798 2350 2868 plerisque
2389 2797 2674 2853 codicibus
2702 2809 3097 2869 consequenter
3125 2805 3247 2866 post
3280 2797 3415 2850 alias

150 2892 488 2960 quaestiones
539 2908 733 2963 agmen
773 2894 998 2959 claudit,
1051 2910 1162 2950 non
1204 2894 1404 2950 desunt
1435 2903 1617 2949 tamen
1646 2895 1740 2949 ubi
1781 2893 2072 2965 separatim
2108 2894 2176 2948 ab
2219 2893 2342 2948 aliis
2395 2903 2647 2964 ponatur.
2675 2895 2757 2950 Ad
2787 2895 2901 2950 haec
2930 2910 3077 2957 vero,
3118 2894 3413 2962 conspicua

149 2987 518 3042 Athanasiani
553 2989 651 3043 aevi
685 2999 812 3044 nota
843 2991 958 3045 haec
989 2997 1091 3057 est,
1119 3005 1241 3045 cum
1263 2990 1332 3046 de
1355 2990 1699 3060 septuaginta
1732 2987 2164 3044 hebdomadibus
2190 2987 2429 3043 Danielis
2457 3003 2622 3059 agens
2654 2987 2726 3042 ait
2753 3005 2767 3042 :
2797 2985 2892 3049 Τίς
2923 2982 3015 3039 οὖν
3045 2986 3193 3037 ἐστιν
3231 2983 3414 3054 ἐτερος

148 3080 393 3152 χρισθεὶς
436 3081 595 3150 ἅγιος
627 3082 818 3150 ἁγίων,
855 3083 903 3135 εί
940 3081 1012 3154 μὴ
1054 3083 1082 3135 ὁ
1129 3082 1365 3152 Χριστὸς
1409 3082 1587 3154 μόνος,
1636 3080 1710 3144 ὡς
1759 3078 1853 3132 τοῦ
1886 3079 2022 3133 Θεοῦ
2056 3078 2150 3132 τοῦ
2184 3077 2416 3145 ζῶντος;
2459 3079 2516 3131 αἱ
2557 3078 2666 3150 γὰρ
2687 3077 3050 3148 ἐϐδομήκοντα
3105 3074 3413 3146 ἐϐδομάδες,

147 3175 485 3243 τετρακόσια
543 3176 866 3246 ἐνενήκοντα
907 3176 1004 3247 ἔτη
1045 3178 1421 3247 σημαίνουσιν.
1465 3177 1596 3230 Ἀπὸ
1619 3176 1674 3228 δὲ
1705 3175 1798 3229 τοῦ
1828 3174 2027 3245 Δανιὴλ
2054 3174 2160 3239 ἕως
2205 3174 2298 3227 τοῦ
2329 3174 2422 3229 νῦν
2453 3174 2784 3246 ὑπάρχουσιν
2827 3172 2920 3243 ἐτη
2950 3171 3056 3224 τῶν
3086 3170 3416 3224 ὀκτακοσίων

150 3265 335 3318 πλείω.
383 3267 508 3320 Hoc
550 3274 636 3320 est
668 3285 679 3318 :
715 3266 846 3330 Quis
889 3283 1008 3337 ergo
1057 3268 1194 3320 alius
1215 3276 1295 3321 est
1341 3276 1529 3320 unctus
1555 3267 1782 3321 Sanctus
1821 3276 2149 3328 sanctorum,
2198 3276 2392 3334 praeter
2436 3265 2608 3320 solum
2649 3263 2937 3330 Christum,
2968 3274 3025 3316 ut
3058 3263 3156 3316 Dei
3185 3261 3413 3330 _viventis

149 3354 399 3426 (Filium)
433 3357 457 3408 ?
488 3355 841 3426 Septuaginta
885 3357 1021 3409 enim
1051 3356 1400 3411 hebdomadas
1444 3356 1858 3428 quadringentos
1904 3345 2194 3427 nonaginta
2243 3374 2408 3410 annos
2465 3357 2788 3427 signiﬁcant.
2839 3353 3082 3424 Namque
3113 3373 3146 3409 a
3196 3355 3416 3409 Daniele

149 3445 214 3496 ad
239 3445 340 3497 hoc
377 3462 549 3516 usque
599 3456 800 3514 tempus
842 3454 963 3497 sunt
1007 3446 1135 3498 anni
1175 3447 1294 3514 plus
1335 3463 1492 3518 quam
1523 3448 1828 3517 octingenti.
1862 3446 1989 3502 llaec
2018 3463 2150 3502 salte
2181 3447 2550 3517 chronologire
2600 3447 2742 3502 ratio
2789 3447 3033 3516 apprime
3066 3448 3120 3500 in
3156 3454 3412 3516 quartum

149 3538 413 3590 saeculum
437 3534 698 3604 quadrat,
730 3536 1104 3605 quo.scripsit
1140 3531 1496 3590 Athanasius.
1541 3535 1624 3589 Ad
1661 3535 1798 3600 haec,
1835 3537 1908 3589 ita
1956 3535 2202 3605 apposite
2231 3533 2409 3590 Veteri
2455 3533 2802 3590 Testamento
2841 3533 2909 3587 ad
2947 3535 3412 3604 comprobandum

148 3627 351 3682 Christi
392 3628 698 3681 adventum
724 3628 916 3691 utitur,
948 3636 1007 3680 ut
1040 3628 1178 3681 nihil
1211 3644 1398 3698 supra.
1429 3627 1735 3698 Fateorque
1763 3645 1850 3684 me
1877 3628 2015 3682 nihil
2048 3629 2150 3682 hoc
2180 3628 2234 3682 in
2264 3642 2460 3699 genere
2486 3627 2688 3682 vidisse
2715 3627 2946 3682 validius
2998 3627 3410 3681 concinniusve.

150 3717 528 3783 Quamobrem
559 3731 669 3770 non
713 3717 901 3771 eodem
935 3732 1045 3787 quo
1093 3726 1304 3772 caetera:
1334 3719 1689 3788 quaestiones,
1741 3733 1973 3774 numero
2019 3727 2072 3774 et
2113 3719 2288 3788 pretio
2318 3717 2506 3772 haberi
2556 3716 2736 3772 debet.
2771 3716 2886 3772 Etsi
2921 3732 3050 3772 vero
3087 3732 3197 3772 non
3235 3718 3411 3773 ausint

148 3812 422 3867 afﬁrmare
451 3812 740 3866 Athanasii
776 3828 916 3876 esse,
947 3813 1086 3868 nihil
1116 3823 1264 3869 certe
1292 3822 1561 3886 repugnat
1587 3829 1697 3884 quo
1728 3815 1910 3871 minus
1940 3815 2044 3885 ipsi
2075 3815 2403 3870 ascribatur.

213 3904 617 3977 Fragmentum
657 3904 730 3958 De
781 3905 1100 3976 imaginibus
1138 3921 1248 3960 non
1291 3913 1409 3961 erat
1458 3906 1598 3961 forte
1631 3907 1776 3976 quod
1814 3906 1994 3961 denuo
2021 3907 2172 3976 prelo
2203 3905 2620 3974 subjiceremus,
2666 3920 2788 3960 cum
2837 3921 2903 3961 ex
2943 3907 3066 3962 aliis
3093 3907 3206 3977 jam
3254 3906 3414 3962 editis

148 4009 473 4070 excerptum
509 3999 693 4054 fuerit.
729 3998 941 4054 Placuit
971 4007 1178 4064 tamen,
1214 4001 1345 4072 quia
1393 4001 1838 4072 frequentissime
1869 4000 1922 4054 in
1957 4000 2239 4056 codicibus
2267 4009 2320 4054 et
2357 3999 2718 4054 conciliorum
2756 4001 2891 4054 actis
2922 3999 3146 4055 affertur
3167 4007 3227 4055 ut
3260 4000 3415 4055 exhi-

147 4092 365 4157 bemus,
400 4091 540 4146 illud
563 4091 747 4155 edere,
783 4108 853 4146 ne
884 4093 1012 4161 quid
1047 4091 1150 4148 hoc
1179 4093 1233 4146 in
1262 4108 1426 4162 opere
1452 4093 1754 4148 desiderari
1784 4092 2052 4147 videatur.

219 4181 506 4236 Historias
557 4183 807 4254 imaginis
840 4182 1144 4253 Berytensis
1204 4184 1390 4253 plures
1438 4184 1672 4238 fortasse
1719 4183 2023 4246 attulimus,
2058 4197 2222 4253 quam
2268 4189 2327 4237 ut
2377 4198 2472 4238 eas
2516 4183 2716 4237 eruditi
2754 4183 2857 4238 viri
2898 4184 3017 4238 sine
3057 4185 3339 4238 stomacho
3363 4192 3418 4240 et

149 4291 360 4330 nausea
395 4277 578 4346 legere
605 4277 839 4346 possint.
866 4276 1069 4332 Verum
1098 4279 1227 4348 quia
1259 4279 1374 4332 haec
1415 4278 1645 4333 historia
1674 4278 2032 4334 celeberrima
2058 4277 2180 4342 fuit,
2212 4279 2386 4348 qualis
2429 4278 2648 4334 demum
2676 4280 2960 4350 qualisque
2987 4279 3090 4345 sit;
3125 4286 3234 4333 tam
3266 4280 3418 4334 varia

151 4379 263 4422 tum
317 4369 513 4425 Grzece
559 4378 673 4425 tum
709 4372 899 4427 Latine
950 4373 1038 4428 edi
1076 4373 1197 4442 ejus
1230 4375 1587 4444 exemplaria,
1642 4390 1753 4429 non
1792 4375 1986 4430 inutile
2027 4374 2258 4430 fortasse
2306 4373 2469 4428 fuerit
2505 4393 2518 4429 :
2557 4382 2618 4428 ut
2646 4375 2918 4432 aestimare
2971 4377 3203 4446 quisque
3240 4379 3420 4432 valeat

146 4475 374 4536 quantm
403 4467 473 4521 sit
507 4470 853 4524 auctoritatis
883 4469 998 4523 haec
1026 4469 1328 4534 historiola,
1354 4471 1513 4540 cujus
1535 4486 1604 4525 ne
1631 4471 1852 4541 quidem
1878 4485 2061 4525 veram
2100 4470 2421 4540 firmamque
2450 4469 2648 4525 seriem
2671 4470 2913 4525 nancisci
2945 4472 3244 4540 possimus.

217 4562 278 4615 1n
315 4562 591 4629 Epistolas
620 4564 689 4616 ad
717 4563 1012 4629 Castorem,
1048 4580 1169 4636 quae
1197 4574 1324 4620 sunt
1355 4565 1602 4622 Cassiani
1637 4565 2043 4642 Institutionum
2074 4566 2332 4636 epitome,
2368 4565 2506 4622 satis
2536 4572 2656 4620 esto
2690 4565 2837 4635 quod
2883 4564 3085 4619 ibidem
3137 4568 3414 4634 pramota-

147 4673 297 4712 mus.
330 4657 536 4713 Vocem
565 4667 747 4715 autem
784 4661 948 4716 Pater
995 4661 1255 4727 Muthius,
1289 4665 1419 4734 quia
1465 4665 1636 4721 codex
1689 4667 1770 4722 sic
1823 4667 2006 4738 Πάτερ
2051 4665 2287 4729 Μούθιος
2316 4664 2528 4728 dividit,
2578 4679 2678 4719 nos
2728 4675 2946 4731 quoque
2989 4657 3299 4712 divisimus.
3347 4655 3416 4710 At

146 4759 360 4804 norunt
387 4751 612 4818 eruditi,
641 4768 705 4807 ex
741 4769 871 4808 voce
899 4753 1243 4819 Thermuthi,
1269 4765 1461 4828 estque
1484 4759 1617 4812 illud
1652 4775 1850 4814 nomen
1881 4760 2163 4832 prOprium
2190 4757 2334 4828 apud
2363 4757 2669 4829 Egyptios,
2705 4765 2760 4809 et
2787 4769 2851 4807 ex
2883 4751 3114 4806 articulo
3141 4765 3244 4813 πα,
3269 4747 3416 4834 quod

145 4849 238 4896 est
273 4857 338 4895 ac
376 4842 426 4896 si
470 4843 622 4898 dicas
659 4843 820 4898 Pater
847 4853 942 4899 aut
976 4845 1176 4908 Abbas.
1209 4849 1520 4903 confectum
1564 4866 1764 4906 nomen
1818 4851 2009 4908 fuisse.
2056 4851 2122 4905 Et
2155 4859 2339 4906 tamen
2384 4851 2461 4905 ita
2504 4864 2660 4906 error
2699 4845 2952 4911 invaluit,
3001 4851 3062 4899 ut
3095 4842 3210 4912 jam
3262 4839 3416 4896 Mutii

147 4929 379 5000 quidam
414 4931 541 4986 inde
568 4942 815 4989 mutuato
847 4939 1091 5003 nomine,
1124 4950 1532 5010 nuncupentur.

221 5023 283 5076 In
309 5023 593 5077 bomiliam
624 5024 699 5078 De
719 5030 1079 5098 assumptione
1113 5030 1325 5085 Domini
1353 5034 1465 5087 haec
1501 5035 1664 5089 habet
1709 5033 2109 5091 Felckmannus
2138 5051 2151 5090 :
2190 5034 2362 5090 Porro
2390 5033 2625 5087 meminit
2666 5033 2824 5102 hujus
2852 5030 3104 5094 homiliar,
3145 5039 3194 5083 et
3227 5026 3411 5081 tribuit

145 5131 265 5168 eam
292 5113 593 5169 Athanasio
624 5119 852 5172 incertus
883 5129 1089 5185 auctor,
1121 5123 1270 5191 cujus
1293 5123 1411 5192 jam
1440 5141 1602 5194 supra
1625 5126 1692 5180 ad
1713 5143 1835 5198 pag.
1864 5127 1969 5181 545
1991 5127 2045 5183 d.
2079 5136 2217 5181 tomo
2241 5126 2266 5179 1
2298 5125 2631 5180 meminimus
2656 5123 2723 5176 ad
2754 5123 3053 5177 Maximum
3087 5121 3415 5176 Smeniotam

147 5207 210 5258 de
238 5205 341 5258 hac
373 5206 700 5274 quwstione:
736 5207 930 5263 Utrum
961 5210 1231 5275 homines,
1258 5213 1302 5268 si
1328 5229 1434 5269 non
1478 5225 1821 5284 peccassent,
1856 5215 2106 5270 morituri
2140 5215 2394 5280 fuissent,
2423 5213 2654 5268 scribens
2683 5213 2779 5282 fol.
2817 5214 2908 5279 92,
2939 5214 3038 5268 col.
3067 5214 3122 5273 4.
3147 5213 3266 5268 sic:
3301 5209 3414 5266 Καὶ

149 5303 315 5354 ἄκουε
339 5302 396 5353 τί
429 5303 560 5372 περὶ
584 5303 770 5357 τούτου
803 5307 967 5377 φησὶν
995 5309 1024 5360 ὁ
1056 5308 1228 5378 μέγας
1266 5310 1577 5375 Ἀθανάσιος
1610 5316 1666 5366 ἐν
1695 5313 1771 5384 τῷ
1797 5316 1902 5379 Εἰς
1927 5313 2040 5382 τὴν
2062 5311 2370 5380 ἀνάληψιν
2402 5311 2546 5380 λόγῳ
2573 5310 2756 5363 αὑτοῦ.
2791 5311 3030 5374 Θάνατος
3065 5310 3164 5380 μὲν
3197 5307 3412 5378 εἰσῆλθε

149 5395 233 5448 διὰ
257 5396 359 5467 τὴν
391 5399 696 5469 παρακοήν.
719 5398 874 5452 Λύων
905 5401 959 5454 δὲ
985 5403 1133 5472 ὅμως
1163 5404 1261 5474 τὴν
1283 5406 1383 5476 τῆς
1411 5407 1638 5479 ἀπειλῆς
1665 5409 1848 5480 ἀκμὴν
1880 5410 1908 5460 ὁ
1941 5406 2073 5471 Θεὸς
2097 5407 2282 5460 ἐλπίδα
2316 5402 2470 5467 αὖθις
2500 5403 2794 5468 ἀθανασίας
2827 5402 3102 5457 ἀνατέλλει
3133 5399 3211 5471 τῷ
3242 5401 3410 5468 γένει,

220 5668 296 5747 (.9)
325 5666 462 5747 ἔδει
491 5668 614 5747 ἓξὲ-

1915 5680 1984 5746 (ε)
2016 5679 2142 5747 Pag.
2181 5678 2302 5733 24³1.

222 5738 296 5809 (b)
321 5738 451 5808 Pag.
484 5739 611 5800 19?.

1915 5738 1991 5824 id)
2023 5738 2149 5821 trag.
2176 5749 2299 5803 248.
