3890 6186
458 239 525 295 ω
1816 236 2205 295 summo.
3619 210 3723 293 20'

451 357 549 411 καὶ
585 354 677 412 τὸν
717 355 883 427 Ἑνὼχ
918 356 983 410 ὲκ
1026 355 1190 425 μέσου
1226 351 1481 425 ἁρπάζει,
1518 349 1807 404 κάντεῦθεν
1851 351 1950 422 τὴν
1997 350 2197 421 θνητὴν
2230 350 2473 405 ἐδίδασκε
2514 351 2674 421 φύσιν
2706 349 2864 421 ὅρους
2908 348 3204 413 ἀθανασίας
3251 349 3586 421 ἐκδέχεσθαι.
3628 352 3705 407 Et

450 445 611 514 paulo
651 455 790 515 past,
819 445 930 499 Καὶ
948 444 1138 512 musco
1174 443 1330 514 χάριν
1362 444 1392 496 ὁ
1431 441 1604 513 μέγας
1644 440 1956 504 Ἀθανάσιος
1996 439 2198 509 ἔλεγεν,
2226 442 2310 495 ὅτι
2335 443 2429 496 καὶ
2459 442 2550 496 τὸν
2592 442 2775 495 Ἠλίαν
2810 443 3064 513 ἁρπάζει,
3104 444 3197 496 καὶ
3240 442 3315 507 ὡς
3359 448 3437 509 εις
3475 446 3705 517 οὐρανὸν

448 539 727 613 ἀναφέρει.
763 539 895 596 Raro
926 539 1023 603 ibi,
1049 553 1166 609 qua:
1192 536 1370 606 confer
1400 552 1520 589 cum
1547 534 1723 590 editis.
1759 533 1828 588 Et
1859 536 1998 589 idem
2030 535 2174 604 infra
2204 538 2259 590 in
2287 536 2615 605 opusculum:
2653 536 2844 590 Utrum
2876 534 3112 592 Joannes
3140 540 3472 609 evangelista
3507 556 3703 599 revera

447 638 665 705 obierit,
697 638 793 707 fol.
829 636 959 700 251,
994 637 1093 689 col.
1127 635 1183 697 2,
1213 636 1325 688 ait:
1364 634 1473 689 Καὶ
1501 634 1531 686 ὁ
1566 632 1818 703 μέγαςδὲ
1862 631 1983 684 Ἀθα

2167 650 2178 695 ;
2204 635 2264 686 ὲν
2288 632 2366 704 τῷ
2395 636 2504 699 Εἰς
2532 633 2645 701 τὴν
2668 631 2977 701 ἀνάληψιν
3008 633 3149 703 λόγῳ
3180 634 3365 699 αὐτοῦ,
3409 634 3577 706 Ἑνὼχ
3603 636 3703 691 καὶ

460 729 647 785 Ἠλίαν
679 728 1076 800 μνημονεύσας,
1124 728 1219 781 καὶ
1251 727 1422 781 εἰπὼν
1454 729 1512 779 ὲν
1540 728 1650 789 τοῖς
1685 724 1850 790 ζῶσιν
1888 724 2093 795 διάγειν
2127 727 2309 790 αὐτὸν,
2344 727 2531 799 ἐτέρου
2567 727 2710 791 τινὸς
2737 726 3164 798 ἐμνημόνευσεν.
3201 730 3325 785 Haec
3373 730 3704 788 Felckman-

446 837 575 878 nus.
606 820 710 877 Sed
734 821 995 892 quoniam
1030 821 1077 876 is
1112 820 1346 890 scriptor
1376 817 1649 887 sequioris
1672 823 1757 873 est
1787 816 1909 881 aavi,
1935 816 2074 871 nihil
2108 817 2256 873 illius
2284 818 2600 873 testimonio
2631 819 2698 873 ad
2728 820 3057 890 γνησιότητα
3086 821 3209 890 ejus
3237 824 3704 894 comprobandam

448 917 698 973 efficitur.
729 917 853 973 Haec
883 917 1001 988 ipsa
1030 932 1168 987 pene
1194 916 1386 971 eadem
1415 915 1581 969 verba
1610 914 1742 968 citat
1767 913 1995 968 Michael
2021 912 2220 986 Glycas
2243 916 2297 969 in
2324 914 2569 970 Historia
2599 916 2918 987 Byzantina.
2953 916 3072 982 Quo
3101 921 3412 975 testimonio
3434 921 3488 975 id
3521 922 3702 976 solum

449 1023 718 1085 superest,
754 1022 813 1069 ut
834 1022 961 1070 ante
988 1012 1269 1068 Michaelis
1299 1010 1477 1083 Glyco:
1502 1026 1673 1065 aevum
1707 1010 1989 1066 Athanasii
2014 1013 2233 1068 nomine
2262 1014 2511 1083 evulgata
2545 1013 2709 1069 fuerit
2753 1015 2866 1069 haec
2896 1011 3139 1069 homilia.
3177 1008 3422 1065 Diximus
3448 1025 3611 1080 porro
3642 1011 3703 1064 in

447 1106 652 1163 Monito
684 1107 753 1161 ad
782 1107 923 1161 hanc
954 1105 1256 1170 homiliam,
1290 1105 1523 1176 primum
1562 1104 1769 1175 publici
1804 1104 1947 1175 juris
1977 1105 2175 1161 factam
2211 1107 2379 1163 fuisse
2412 1109 2468 1162 in
2496 1108 2736 1165 editione
2766 1106 3235 1171 Commeliniana;
3285 1120 3475 1159 verum
3503 1105 3704 1160 exinde

448 1204 841 1298 comperimus,
874 1205 1152 1275 antiquius
1180 1202 1352 1258 fuisse
1381 1202 1530 1256 illam
1565 1202 1709 1273 typis
1746 1202 2078 1257 mandatam.

519 1294 809 1350 liomilia'm
847 1297 901 1350 in
932 1296 991 1352 S.
1036 1297 1303 1352 Andream
1332 1296 1524 1353 Latine
1562 1297 1711 1351 dedit
1752 1296 1992 1356 Thomas
2022 1299 2266 1365 Galctus,
2308 1299 2360 1357 J.
2395 1302 2481 1367 C.,
2526 1317 2669 1356 anno
2699 1300 2857 1367 1615,
2917 1299 3189 1373 Lugduni,
3218 1298 3416 1356 Carolo
3459 1298 3704 1357 Fabiano

382 1444 403 1463 ,
451 1389 766 1459 interprete,
799 1404 925 1443 cum
952 1389 1075 1444 aliis
1104 1389 1445 1445 diversorum
1478 1387 1703 1443 Patrum
1734 1391 1973 1461 scriptis,
2008 1407 2062 1461 p.
2093 1390 2221 1446 250.

520 1482 761 1538 Libellus
793 1482 871 1536 De
896 1498 1111 1552 corpore
1144 1494 1193 1539 et
1228 1485 1409 1538 anima
1446 1492 1529 1540 est
1569 1484 1934 1555 fragmentum
1974 1487 2222 1541 avulsum
2265 1503 2332 1543 ex
2361 1488 2503 1543 libro
2537 1487 2615 1543 De
2661 1488 3078 1558 deﬁnitionibus,
3113 1503 3236 1543 cum
3271 1488 3451 1557 aliqua
3492 1487 3706 1543 discre-

447 1576 655 1645 pantia.
686 1575 824 1630 Huic
854 1577 980 1631 item
1008 1574 1164 1631 aliine
1205 1577 1484 1648 quidpiam
1520 1577 1747 1632 habetur
1773 1586 1812 1631 t.
1847 1579 1866 1633 l
1896 1580 1998 1636 sub
2034 1579 2215 1644 ﬁnem,
2254 1581 2308 1635 in
2346 1581 2699 1652 fragmentis;
2732 1583 2827 1637 sed
2875 1584 3032 1655 longe
3075 1585 3427 1655 praestantius
3468 1584 3607 1639 istis.
3634 1582 3704 1638 Et

447 1685 579 1724 vero
609 1668 725 1722 fieri
750 1669 946 1739 potuit,
979 1676 1038 1724 ut
1070 1670 1163 1740 qui
1196 1670 1298 1725 hoc
1327 1668 1405 1724 De
1428 1685 1643 1740 corpore
1668 1681 1717 1726 et
1752 1674 1931 1728 anima
1977 1673 2301 1742 opusculum
2351 1675 2631 1730 mandavit
2664 1674 2882 1741 litteris,
2909 1676 3095 1747 aliqua
3123 1694 3186 1733 ex
3233 1679 3379 1735 veris
3411 1674 3705 1732 Athanasii

450 1767 709 1838 operibus
740 1767 811 1822 sit
840 1776 1141 1825 mutuatus.

531 1861 653 1915 Vita
704 1871 904 1916 sancta:
948 1860 1285 1931 Syncleticw,
1318 1862 1465 1917 haud
1510 1862 1748 1933 imperiti
1781 1862 2020 1918 hominis
2048 1878 2208 1934 opus,
2239 1862 2467 1935 pulchre
2499 1863 2565 1918 ad
2594 1879 2778 1919 mores
2808 1861 3174 1920 instituendos
3206 1862 3531 1917 concinnata
3562 1867 3645 1915 est
3682 1875 3697 1911 :

449 1968 577 2007 nam
609 1953 952 2023 longiuscula
973 1953 1121 2018 licet,
1154 1953 1314 2008 unica
1339 1968 1477 2025 pene
1507 1952 1891 2009 adhortatione
1931 1954 2200 2020 solvitur;
2232 1954 2309 2008 ita
2346 1963 2407 2008 ut
2439 1970 2561 2023 quae
2590 1954 2858 2023 ejusmodi
2886 1953 2952 2007 ad
2995 1953 3232 2022 virgines
3266 1951 3566 2021 paraenesiu
3600 1948 3706 2002 ha-

447 2047 637 2103 buisse
658 2046 853 2113 fertur,
884 2062 1112 2118 qumque
1142 2047 1197 2103 in
1227 2048 1456 2119 juvenili
1501 2054 1660 2103 aetate
1688 2062 1807 2103 eam
1842 2062 1970 2104 orsa
1997 2046 2220 2112 dicitur,
2251 2062 2317 2103 ea
2366 2048 2618 2104 absoluta
2645 2047 2922 2118 octoginta
2960 2061 3133 2100 annos
3161 2052 3289 2099 nata
3321 2059 3444 2098 mox
3487 2055 3730 2096 memo-'

449 2146 622 2193 retur.
658 2137 883 2195 Erudite
922 2154 1087 2209 porro
1114 2140 1167 2193 iu
1208 2154 1272 2195 ea
1311 2139 1651 2209 disceptatur
1679 2148 1872 2194 contra
1903 2137 2098 2203 fatum,
2130 2145 2184 2193 et
2212 2147 2402 2193 contra
2441 2139 2705 2210 genesim,
2751 2140 2864 2195 sive
2895 2140 3360 2211 genethliacorum
3394 2137 3700 2193 scientiam.

451 2229 556 2285 Sed
594 2231 1043 2301 praestantissima
1077 2232 1319 2287 omnium
1350 2240 1498 2298 sunt,
1526 2248 1648 2303 quae
1677 2243 1866 2288 contra
1896 2233 2020 2289 illos
2043 2233 2348 2305 proﬂigatis
2378 2235 2623 2290 moribus
2651 2234 2924 2297 homines,
2958 2251 3191 2306 quorum
3223 2235 3278 2289 in
3323 2248 3389 2288 eo
3428 2239 3540 2286 tota
3574 2245 3703 2299 spes

449 2333 555 2393 est,
588 2334 649 2382 ut
679 2327 733 2382 in
761 2328 991 2383 nihilum
1015 2337 1140 2383 eant
1165 2328 1210 2382 si
1253 2328 1474 2398 quando
1512 2328 1731 2384 vivendi
1764 2328 1925 2383 ﬁnem
1958 2328 2195 2384 faciant:
2230 2329 2321 2399 qui
2358 2330 2403 2385 si
2432 2337 2543 2384 tam
2577 2330 2775 2385 misera
2802 2344 2899 2400 spe
2926 2329 3142 2394 cadant,
3178 2335 3232 2383 et
3261 2326 3457 2381 cadent
3485 2323 3700 2393 utique,

450 2425 713 2488 quantum
760 2419 828 2476 iis
860 2422 1210 2491 supplicium,
1256 2424 1351 2494 qui
1398 2424 1523 2479 ideo
1554 2425 1610 2478 in
1655 2431 1736 2479 tot
1775 2424 1984 2480 scelera
2028 2431 2429 2495 proruperunt,
2471 2425 2616 2495 quod
2669 2424 2807 2480 falsa
2857 2425 3115 2495 Opinione
3166 2424 3386 2493 impune
3434 2420 3536 2475 sibi
3583 2416 3706 2475 fore

452 2510 783 2579 sperarent?
809 2509 886 2565 Ex
912 2511 1017 2566 hoc
1040 2513 1227 2582 itaque
1261 2513 1544 2569 hominum
1580 2528 1780 2585 genere
1817 2519 1997 2579 erant,
2028 2515 2124 2584 qui
2150 2515 2315 2586 impie
2345 2516 2612 2582 dicerent,
2643 2516 2877 2570 animam
2908 2530 3031 2571 esse
3058 2514 3243 2570 liorem
3286 2522 3512 2576 naturae,
3540 2512 3703 2582 cujus

452 2601 660 2657 scilicet
687 2600 943 2657 interitus
974 2616 1098 2656 cum
1131 2604 1327 2673 plantae
1360 2603 1477 2660 sive
1506 2604 1755 2675 corporis
1786 2604 2010 2659 interitu
2040 2607 2353 2662 necessario
2375 2608 2706 2678 conjunctus
2726 2614 2891 2663 esset.
2922 2608 3061 2679 Ipsis
3084 2623 3215 2663 sane
3236 2607 3529 2677 gentilibus
3550 2604 3704 2660 dete—

455 2694 661 2750 riores:
693 2696 787 2765 qui
820 2700 1100 2766 prazmlum
1132 2699 1321 2769 probe,
1350 2699 1677 2770 supplicium
1708 2698 1955 2769 improbe
1975 2700 2283 2758 viventibus
2308 2702 2425 2760 fore
2453 2705 2795 2761 aestimabant
2821 2720 2833 2755 :
2867 2704 2995 2759 audi
3023 2703 3437 2775 Platonem_(a):
3473 2702 3702 2757 Ἀθάνα-

452 2803 546 2851 τιις
576 2788 732 2859 ἡμῶν
757 2792 791 2861 ἡ
828 2791 973 2863 ψυχὴ
1004 2794 1100 2846 καὶ
1129 2794 1384 2848 οὐδέποτε
1409 2795 1725 2849 ἀπόλλυται.
1753 2792 1821 2847 Et
1860 2793 1988 2851 infe]

1875 2793 2093 2851 .nt‘erius
2128 2806 2357 2868 pugnat,
2386 2798 2649 2869 improbis
2676 2814 2869 2870 poenas
2907 2815 3031 2855 esse
3065 2805 3411 2871 praeparatas.

522 2878 648 2935 Haec
680 2882 816 2937 satis
844 2892 1028 2939 sunto.
1061 2884 1225 2940 Plura
1254 2887 1321 2943 de
1354 2888 1587 2960 singulis
1617 2888 1721 2942 hoc
1762 2887 1819 2942 in
1848 2899 1995 2944 torno
2017 2890 2363 2947 exstantibus
2394 2890 2449 2945 in
2495 2893 2732 2963 propriis
2775 2892 3115 2964 singulorum
3156 2887 3620 2945 admonitionibus
3646 2894 3704 2943 et

449 2974 507 3031 in
539 2975 685 3030 lotis
708 2978 966 3046 reperies.
1003 2976 1184 3045 Salve,
1216 2980 1428 3037 erudite
1460 2982 1653 3048 lector,
1686 2986 1741 3035 et
1775 2978 1863 3037 his
1891 2979 2031 3036 fave.

526 3134 606 3205 (α)
637 3135 758 3191 Lib.
787 3153 820 3191 ι
852 3138 927 3191 De
955 3137 1179 3207 republ.,
1210 3154 1315 3209 pag
1345 3138 1450 3195 608
1469 3138 1600 3197 edit.
1623 3138 1690 3194 Η.
1723 3138 2009 3212 Stephani.

1139 3439 1619 3506 CATALOGUS
1655 3437 2407 3505 MANUSCRIPTORUM
2442 3443 2546 3505 ET
2584 3442 3007 3504 EDITORUM

1290 3611 1541 3686 Quibus
1571 3611 1641 3674 iu
1675 3610 1961 3676 editione
1993 3612 2266 3697 hujusce
2302 3618 2455 3679 tomi
2487 3617 2594 3679 usi
2633 3628 2879 3678 sumus.

462 3773 653 3834 [rimo
670 3774 835 3834 editis
858 3772 917 3832 S.
949 3775 1236 3833 Athanasii
1281 3777 1538 3834 omnibus
1568 3794 1693 3835 cum
1723 3781 1936 3838 Latinis
1984 3791 2098 3837 tum
2147 3783 2576 3840 Graeco-Latinis
2610 3784 2697 3840 usi
2746 3797 2936 3840 sumus
2975 3794 3213 3851 semper,
3245 3777 3482 3833 maxime
3524 3786 3710 3833 tamen

1524 3851 1769 3908 omnium
1790 3853 2223 3911 Commcliniana
2245 3863 2301 3912 et
2331 3854 2651 3911 Parisiensi.

532 4077 599 4156 In
629 4077 1663 4156 librumdeIncarnatione._Usisumus
1692 4090 1903 4138 tantum
1919 4082 2025 4156 Cy-
2170 4081 2271 4156 __ln
2305 4080 2496 4156 librum
2526 4079 2622 4156 Ade.
2642 4076 2876 4156 βαι)ραξο
2907 4084 2958 4130 et
2991 4074 3422 4156 Circumcisione.
3454 4105 3525 4114 —
3545 4071 3713 4156 Codi-

455 4150 564 4221 τηις
595 4152 756 4206 editis
789 4151 882 4205 ubi
910 4150 1025 4205 haec
1059 4159 1239 4221 esstat
1266 4150 1517 4221 epistola.
1967 4143 1984 4156 ⁷
2134 4152 2294 4208 cibus
2324 4150 2493 4221 Regio
2521 4149 2685 4213 2284,
2718 4155 2774 4203 et
2804 4146 3141 4217 Segueriano
3161 4155 3214 4205 et
3239 4144 3589 4201 Felckmanni
3634 4143 3712 4202 le-

531 4218 598 4297 In
622 4220 1055 4297 Testimoniaex
1086 4218 1367 4297 Scriptura
1393 4238 1662 4297 saga._—
1683 4222 1903 4297 Codicis
1927 4241 2026 4297 cu-
2133 4218 2678 4297 ctionibusdisdcm.‘
2745 4288 2776 4297 _
2944 4296 2947 4297 ν
3135 4286 3173 4297 _
3208 4248 3223 4297 _-
3262 4285 3276 4297 _
3472 4285 3484 4297 _
3515 4285 3529 4297 _
3603 4285 3641 4297 Α

453 4290 674 4361 jusdam
724 4289 981 4361 Vaticani
1039 4285 1314 4361 exscripto
1352 4299 1406 4346 et
1447 4290 1798 4348 Felckinanni
1842 4295 2034 4350 lectio-
2211 4292 2277 4346 In
2307 4291 2602 4346 Homiliam
2644 4288 2711 4361 de
2738 4288 2999 4361 Semente.
3023 4317 3094 4327 —-
3133 4285 3486 4342 Felckmanni
3515 4285 3717 4341 lectio-

458 4358 623 4441 nibus
647 4361 899 4416 codicum
934 4358 1289 4441 _i3asiliensis,
1318 4362 1623 4433 Anglicani,
1682 4363 2035 4420 Felckmanni
2133 4358 2865 4441 nibuscodicisnAnglicani.
2900 4427 2941 4441 ﬁ
3187 4435 3199 4441 Δ
3417 4427 3452 4441 η
3511 4397 3544 4441 μ
3586 4426 3597 4437 ,

457 4430 618 4499 primi
650 4446 715 4485 ac
744 4430 993 4487 secundi.
1409 4426 1434 4433 ⁷
1611 4426 1615 4428 ν
2206 4432 2275 4487 1η
2302 4433 2435 4486 illud
2478 4450 2495 4487 :
2530 4426 2766 4485 Profecti
2813 4428 2865 4499 in
2900 4427 3259 4499 PagumLetc.
3304 4459 3370 4467 —
3413 4426 3715 4499 Codicihus

533 4499 602 4554 In
633 4498 1321 4575 Epistoiam__CatItolicam,
1368 4518 1437 4575 eg
1465 4501 1809 4575 Felckmanni
1840 4504 2035 4559 codici-
2134 4502 2306 4575 Regio
2334 4503 2496 4575 2284,
2529 4512 2584 4556 ct
2632 4497 2998 4575 Segucriano,
3017 4508 3071 4553 et
3113 4497 3462 4553 Felckmanni
3514 4497 3716 4552 lectio-

463 4570 580 4626 bus.
611 4601 687 4645 —_-_
708 4571 1059 4645 Lectionibus
1103 4574 1354 4628 codicum
1404 4572 1722 4630 Basiliensis
1779 4575 1940 4645 primi
1982 4582 2035 4629 et
2067 4592 2087 4619 ο
2136 4570 2301 4645 nilqu
2335 4574 2585 4627 codicum
2617 4572 2709 4645 qui
2737 4571 3010 4645 superius.

462 4641 717 4712 secundi,
746 4642 1052 4712 Anglicani,
1081 4652 1187 4698 etc.
1779 4636 1799 4645 ’
2211 4644 2276 4698 1η
2328 4659 2619 4698 sermonem
2639 4636 2648 4640 “
2670 4643 2728 4712 in
2753 4636 3087 4712 [uisionem
3112 4647 3171 4712 _et
3211 4637 3429 4712 Crucem
3476 4636 3709 4712 Domini.

533 4711 601 4767 In
623 4707 993 4784 refutationem
1031 4713 1324 4784 hypocrisis
1369 4713 1575 4769 Meletii
1615 4723 1664 4770 et
1693 4714 1909 4769 Eusebii
1933 4714 2036 4770 Sa-
2135 4746 2206 4757 —
2230 4714 2432 4769 Codice
2475 4714 2647 4783 Regio
2670 4709 2832 4764 2284.
2868 4707 2933 4764 Et
2981 4708 3334 4765 Felckmanni
3382 4708 3715 4763 lectionibus

460 4784 836 4860 ηιοερςιειξιίε.Δ
853 4782 2038 4860 —_Lectionibu_s_codici_seminentissimi
2136 4785 2366 4860 iisdem._
2550 4782 2581 4860 ξ
2623 4854 2686 4860 ψ
2756 4853 2768 4860 _
2814 4853 2827 4860 _
2897 4857 2904 4860 _
3078 4848 3120 4860 ﬁ
3155 4850 3168 4860 _
3207 4850 3221 4860 _
3414 4849 3426 4860 .
3455 4850 3470 4860 _
3547 4847 3579 4860 Α,
3663 4847 3677 4860 ⁸

461 4853 763 4925 cardinali_s
798 4851 1055 4909 Ottoboni
1096 4864 1151 4910 et
1194 4854 1544 4911 Felckmanni
1590 4856 1915 4911 lectionibus
1945 4872 2038 4911 co-
2211 4855 2277 4910 In
2305 4854 2497 4908 librant
2526 4854 2589 4908 de
2623 4853 2954 4925 Virginitate.
2977 4881 3048 4889 —
3078 4848 3430 4905 Felckmanni
3455 4848 3715 4905 lectioni-

462 4924 650 4995 dicum
717 4922 1036 4982 Basiliensis
1091 4926 1119 4980 1
1164 4935 1245 4982 σει
1301 4926 1357 4991 2,
1411 4926 1737 4995 Anglicani,
1795 4925 2036 4984 Felckm.
2138 4927 2242 4982 bus
2267 4926 2478 4981 iisdem.

463 4994 491 5047 1
520 5003 576 5066 e_t
597 4994 652 5048 2.
1345 4990 1349 4991 ⁷
1501 4990 1526 4995 ⁷
1723 4990 1737 5066 ί
1952 5064 1960 5066 Α
2212 4996 2279 5051 1η
2313 4995 2575 5066 Synopsin
2602 4995 2888 5066 Scriptura:
2905 5007 3100 5066 sacrm.
3124 5021 3195 5066 τ-
3229 4990 3348 5066 Uno
3375 4997 3584 5066 tantum
3612 5004 3713 5044 co-

536 5063 603 5118 In
631 5082 924 5120 sermonem
954 5066 1018 5121 de
1047 5066 1266 5123 Incarn.
1295 5067 1393 5123 Dei
1428 5066 1689 5122 Verbi.—-—
1709 5065 1911 5123 Codice
1941 5064 2040 5123 Se-
2139 5068 2260 5123 dice
2290 5062 2374 5122 usi
2422 5062 2551 5121 sunt
2595 5062 3014 5121 Commeliniani
3056 5063 3149 5132 qui
3196 5064 3350 5132 prius
3394 5062 3708 5124 ediderunt,

464 5137 730 5213 gueriano
762 5135 1204 5213 et__Felc_km_anni
1240 5139 1569 5213 lectionibus
1592 5137 1847 5213 codicum
1882 5138 2039 5193 Basi-
2140 5138 2310 5213 codex
2338 5139 2449 5207 jam
2482 5137 2572 5213 ubi
2606 5143 2782 5213 e_xstet
2808 5135 3107 5213 ignoratur.
3140 5132 3221 5213 Ad
3253 5141 3716 5213 postremumjr-

462 5201 673 5282 fiensis,
704 5207 1013 5282 Anglicani,
1048 5208 1382 5282 Gobleriani,
1413 5207 1651 5282 Fel_ckm.
1682 5209 1707 5263 1
1739 5216 1793 5263 et
1819 5209 1874 5263 2.
2143 5201 2367 5282 ticulum
2399 5208 2493 5277 qui
2532 5207 2722 5282 Latine
2744 5201 2958 5282 tanlum
2993 5201 3318 5282 eastabatin
3343 5204 3496 5282 prius
3517 5201 3709 5282 peditis,

536 5274 605 5329 In
628 5273 918 5333 sermonem
938 5273 1006 5335 dei
1026 5289 1227 5335 aeterna
1257 5278 1386 5333 Filii
1400 5289 1450 5335 et
1480 5278 1707 5347 Spiritus
1724 5282 1899 5333 sancti
1922 5296 2041 5333 cum
2142 5281 2226 5335 usi
2260 5273 2451 5335 sumu's
2491 5279 2772 5332 codicibus
2823 5273 2992 5347 Regio
3018 5274 3177 5347 1807,
3204 5273 3713 5347 ριρξεοῐὶριομιὶο

463 5344 583 5422 Deo
600 5349 980 5422 assistentium
1024 5361 1212 5405 contra
1234 5339 1591 5405 Sabellianos.
1609 5380 1682 5422 τ-
1706 5347 2041 5422 Segucriano
2143 5367 2173 5404 a
2207 5350 2266 5405 Ι).
2296 5349 2499 5422 Jacobo
2520 5348 2629 5402 Mill
2651 5339 2933 5418 principali
2959 5345 3172 5416 collegii
3199 5339 3541 5399 S.Edmun’di
3564 5339 3716 5396 Oxo-

463 5416 655 5494 codice
703 5426 757 5473 et
786 5417 1136 5475 Felckmanni
1169 5422 1497 5477 lectionibus
1533 5416 1804 5476 codicum'
1822 5436 2041 5475 eorum-
2142 5421 2394 5494 mensis.
2587 5490 2598 5494 _
2651 5416 2669 5418 “
3057 5487 3069 5494 _
3119 5487 3130 5494 .
3262 5486 3275 5494 _

462 5484 607 5559 dem-
2219 5491 2287 5545 In
2324 5490 2751 5559 Disputationem
2793 5498 2980 5542 contra
3006 5558 3010 5559 ν
3030 5487 3228 5559 Arium
3255 5483 3572 5559 inconcilio
3594 5484 3720 5559 diii-

535 5555 602 5610 Ῑη
625 5560 950 5636 Orationem,
983 5562 1122 5632 quod
1147 5578 1283 5636 unus
1324 5562 1393 5617 sit
1435 5560 1706 5636 Christus.
1733 5594 1804 5606 -—
1836 5562 2039 5636 codice
2146 5554 2681 5636 εωηοτῖῧοᾴἱυίῂιιε
2702 5559 2888 5636 Regiis
2910 5557 3073 5636 2358,
3096 5554 3714 5636 2_8f.)2,2_919,ethlck_-

464 5624 801 5707 Segueriano
826 5639 881 5707 e_t
910 5624 1116 5689 Catena
1157 5636 1213 5689 in
1236 5632 1443 5689 Lucam
1469 5641 1523 5690 et
1548 5631 1915 5689 .Felckmanni
1963 5633 2040 5689 le-
2148 5633 2334 5707 manui
2374 5631 2700 5707 lectionibus
2738 5624 2988 5707 codicum
3020 5627 3358 5707 Basilie‘nsis,
3384 5625 3717 5705 Augustam,

458 5697 735 5756 ctiOnibus
768 5702 983 5759 iisdem.

2150 5702 2456 5774 Anglicani,
2490 5700 2802 5758 Felckman.
2838 5701 2900 5768 1,
2929 5699 2983 5766 2,
3013 5706 3067 5755 et
3093 5697 3425 5753 Goblcriani.
