3890 6186
392 234 465 291 25
1523 234 1581 291 s.
1622 227 2081 295 ATHANASIUS.
2119 259 2189 279 -ο
2219 205 2458 292 busta;
3572 214 3669 293 εἰ

590 594 1294 690 ΑΒΜΟΝΙΤΙΟ
1370 597 1497 685 IN
1575 599 2126 690 LIBELLUI

1912 601 2187 690 .LUM
2267 599 2414 688 DE
2494 594 3448 689 INCARNATIONE.

470 906 701 967 Grandis
728 925 762 963 a
788 906 970 962 multis
998 914 1141 960 retro
1168 905 1379 959 saeculis
1407 905 1510 975 fuit
1537 908 1600 961 de
1628 909 1725 962 hoc
1751 912 2005 979 opusculo
2033 909 2410 966 controversia.
2446 906 2591 961 Nam
2630 922 2749 961 cum
2786 907 2924 959 inter
2955 904 3146 976 Cyrilli
3177 922 3337 975 opera
3366 907 3653 966 Athanasii

398 1009 609 1065 nomine
635 1012 958 1074 compareat,
994 1012 1044 1057 et
1074 1001 1530 1075 Eutychianorum
1558 1004 1748 1061 hwresi
1785 1009 2114 1076 patrocinari
2156 1007 2425 1071 uideatur,
2459 1005 2578 1058 hinc
2622 1002 2938 1071 Eutychiani
2976 1012 3287 1072 argumenta
3337 1006 3391 1058 in
3427 1021 3650 1061 suarum

397 1100 632 1173 partium
674 1094 969 1151 subsidium
1013 1096 1242 1148 mutuati
1275 1104 1435 1158 sunt;
1468 1096 1564 1148 alii
1594 1105 1780 1150 contra
1828 1097 2156 1167 pugnabant,
2213 1097 2406 1151 librum
2458 1112 2561 1151 non
2617 1092 2898 1147 Athanasii
2948 1092 3037 1145 sed
3091 1093 3320 1148 heretici
3372 1100 3650 1166 cujusdam

401 1191 754 1250 Athanasium
784 1186 1112 1245 ementientis
1142 1199 1275 1245 esse,
1308 1192 1357 1236 et
1386 1183 1644 1238 insertum
1688 1185 1856 1255 fuisse
1899 1187 1954 1240 in
1984 1184 2174 1257 Cyrilli
2208 1185 2489 1255 epistolam
2520 1183 2589 1238 ad
2621 1181 2870 1251 Reginas.
2907 1181 3039 1236 Htec
3075 1195 3196 1237 sunt
3227 1182 3423 1255 Cyrilli
3443 1189 3597 1242 verba
3634 1204 3652 1245 τ

399 1291 523 1347 Ὅτι
546 1290 602 1345 δὲ
632 1289 729 1345 καὶ
768 1289 803 1359 ἦ
844 1284 1093 1346 θεοτδκος
1131 1283 1281 1351 φωνῆ
1326 1279 1420 1334 καὶ
1458 1281 1641 1345 αὐτοῖς
1680 1281 1869 1350 γέγονε
1904 1282 2138 1355 συνήθης
2172 1286 2283 1346 τοῖς
2317 1282 2421 1351 πρὸ
2457 1281 2611 1352 ἡμῶν
2653 1279 2827 1348 ἁγίοις
2858 1276 3145 1346 πατράσιν,
3185 1276 3234 1328 οἳ
3270 1278 3361 1330 καὶ
3399 1279 3485 1332 ἐπ’
3514 1280 3650 1352 ὀρθῇ

398 1379 766 1455 θαυμάζονται
796 1378 997 1436 πίστει.
1034 1374 1128 1427 καὶ
1153 1374 1233 1436 εἰς
1255 1371 1412 1444 δεῦρο
1439 1374 1573 1426 πᾶσι
1598 1375 1711 1437 τοῖς
1734 1373 1836 1428 ἀνὰ
1869 1376 2070 1439 πᾶσαν,
2095 1376 2171 1439 ὡς
2202 1374 2330 1438 ἔπος
2356 1376 2548 1436 εἰπεῖν,
2578 1373 2676 1444 τὴν
2706 1372 2796 1425 ὑπ’
2821 1369 3064 1440 οὐρανὸν,
3096 1368 3204 1421 δεῖν
3230 1367 3414 1440 ᾠήθην
3437 1371 3653 1443 ἀληθῶς

399 1480 696 1550 ἀποφῆναι.
735 1478 851 1531 Ἵνα
876 1474 983 1545 γὰρ
1020 1472 1093 1543 μὴ
1136 1469 1349 1542 δοκοίην
1383 1470 1444 1524 τὸ
1477 1472 1557 1534 εἰς
1596 1469 1720 1525 νοῦν
1749 1466 1882 1544 ἦκον
1917 1472 2103 1536 ἁπλῶς
2147 1471 2523 1535 ἀϐασανίστως
2554 1470 2750 1540 λέγειν,
2787 1469 2853 1520 ἐκ
2883 1467 2990 1521 τῶν
3015 1468 3239 1532 ἐκείνοις
3271 1470 3654 1542 πεποιημένων

401 1567 618 1639 βιϐλίων
644 1567 702 1619 ὲν
729 1568 797 1637 τῇ
844 1560 1139 1632 Ἐκκλησία
1167 1559 1235 1614 τὰ
1276 1561 1357 1623 είς
1386 1559 1543 1613 τοῦτο
1570 1561 1816 1632 χρήσιμα
1864 1559 2311 1628 συνεισενεγκὼν,
2367 1559 2462 1612 καὶ
2500 1557 2765 1631 παραθεὶς
2811 1557 2892 1618 εἰς
2934 1553 3223 1616 ἀπόδειξιν,
3260 1560 3654 1630 κατασφραγιῶ

399 1663 481 1724 εἰς
511 1658 768 1731 ἀλήθειαν
795 1657 920 1719 τοὺς
947 1649 1184 1724 ἐμαυτοῦ
1214 1650 1422 1719 λόγους.
1456 1650 1599 1721 Ἔφη
1622 1651 1802 1705 τοίνυν
1829 1652 1905 1715 ὡς
1934 1650 2151 1722 ἀληθῶς
2174 1652 2203 1703 ὁ
2227 1650 2624 1723 τρισμακάριος
2650 1649 2742 1702 καὶ
2767 1646 3048 1715 διαϐόητος
3072 1647 3151 1708 εἰς
3180 1646 3458 1703 εὐσέϐειαν
3493 1649 3656 1703 Ἀθα-

396 1749 599 1811 νάσιος,
643 1747 672 1798 ὁ
697 1744 990 1815 γενόμενος
1018 1745 1159 1798 κατὰ
1188 1747 1417 1818 καιροὺς
1442 1747 1543 1817 τῆς
1584 1748 1976 1821 Ἀλεξανδρέων
2026 1748 2355 1819 Ἐκκλησίας
2385 1748 2702 1812 ἐπίσκοπος,
2732 1749 2789 1801 ὲν
2833 1743 2913 1815 τῷ
2954 1742 3096 1809 Περὶ
3124 1744 3479 1812 σαρκώσεως
3509 1746 3655 1819 λόγῳ

397 1841 528 1912 περὶ¹
565 1837 801 1912 Χριστοῦ
850 1837 999 1891 τάδε.
1043 1834 1110 1889 Id
1138 1844 1215 1890 est
1250 1851 1268 1888 :
1298 1835 1453 1902 Quod
1494 1847 1674 1891 autem
1704 1854 1829 1902 vox,
1860 1836 2111 1908 Deipara,
2146 1838 2350 1893 sanctis
2382 1835 2641 1892 Patribus
2677 1835 2772 1904 qui
2822 1848 2923 1888 nos
2956 1843 3318 1898 antecessere,
3352 1838 3554 1907 quique
3580 1839 3656 1894 ob

395 1940 603 1988 rectam
638 1946 795 1989 suam
824 1928 1007 1994 ﬁdem,
1044 1944 1156 1984 non
1189 1932 1310 1987 sine
1338 1932 1700 1990 admiratione
1728 1935 2046 2003 laudantur,
2086 1935 2427 2006 frequentata
2479 1934 2664 1998 fuerit,
2702 1948 2915 1989 necnon
2952 1932 3019 1986 ad
3058 1932 3161 1986 hoc
3207 1949 3381 2003 usque
3410 1943 3651 2006 tempus,

397 2038 498 2097 per
531 2031 731 2089 totum,
781 2030 843 2077 ut
875 2022 953 2076 ita
996 2022 1199 2087 dicam,
1247 2023 1436 2077 orbem
1482 2032 1754 2079 terrarum
1790 2024 1845 2079 in
1883 2041 1986 2080 usu
2028 2028 2120 2088 sit,
2166 2023 2634 2095 comprobandum
2665 2039 2785 2079 esse
2829 2027 3159 2085 existimavi.
3189 2028 3263 2084 Ne
3294 2030 3482 2086 videar
3504 2034 3653 2088 enim

397 2126 609 2174 temere
648 2122 703 2172 et
734 2114 1137 2173 inconsiderate
1166 2118 1314 2190 quod
1342 2120 1399 2173 in
1431 2127 1666 2175 mentem
1701 2121 1852 2176 venit
1880 2117 2113 2186 cll‘utire,
2146 2119 2484 2192 argumentis
2518 2119 2730 2174 idoneis
2756 2135 2822 2175 ex
2854 2121 3010 2177 libris
3037 2138 3179 2193 quos
3209 2125 3285 2179 illi
3318 2126 3371 2180 in
3406 2125 3652 2182 Ecclesia

395 2225 755 2283 composuere
791 2211 1074 2274 mutuatis,
1105 2212 1409 2267 orationem
1446 2227 1617 2267 meam
1658 2213 1726 2268 ad
1754 2215 1831 2269 rei
1859 2212 2017 2268 ﬁdem
2046 2213 2368 2283 obsignabo.
2397 2213 2485 2266 Ait
2512 2212 2674 2282 igitur
2707 2212 3062 2269 beatissimus
3093 2230 3156 2271 ac
3186 2217 3401 2287 pietatis
3434 2220 3657 2275 nomine

397 2302 791 2359 celeberrimus
820 2301 1179 2366 Athanasius,
1207 2303 1337 2357 olim
1366 2301 1751 2359 Alexandrinas
1782 2304 2041 2361 Ecclesiae
2065 2304 2360 2375 episcOpus
2399 2303 2454 2358 in
2501 2303 2644 2357 libro
2686 2302 2762 2357 De
2794 2303 3194 2373 Incarnatione,
3225 2309 3292 2364 de
3314 2308 3534 2364 Christo
3568 2309 3655 2363 lo-

397 2408 596 2465 quens,
639 2392 898 2449 isthmc...
935 2391 1204 2461 Aﬂ‘ertque
1233 2390 1423 2446 exinde
1449 2392 1739 2446 maximam
1770 2402 1974 2462 partem
2002 2393 2261 2461 opusculi.
2296 2392 2438 2458 Quia
2474 2407 2592 2446 vero
2622 2392 2773 2446 initio
2804 2394 2969 2451 libelli
3000 2400 3196 2453 dicitur
3227 2401 3279 2453 in
3310 2400 3520 2455 Christo
3547 2416 3656 2454 non

394 2488 533 2544 duas
573 2505 686 2544 6888
727 2498 949 2543 naturas
996 2487 1087 2542 διά
1123 2504 1284 2541 unam
1337 2495 1587 2541 naturam
1619 2489 1930 2543 incarnatan

2118 2506 2157 2541 ιν
2187 2487 2347 2557 φύσιν
2376 2488 2821 2560 σεσαρκωμὲνην,
2843 2490 2955 2545 lucc
2990 2493 3309 2564 Eutychiani
3354 2496 3408 2549 in
3451 2494 3654 2565 synodo

396 2582 812 2640 Chalcedonensi
842 2582 1132 2653 alferebant
1161 2597 1215 2652 p.
1254 2581 1380 2646 181,
1415 2583 1492 2637 sic
1520 2599 1538 2636 :
1582 2582 1724 2651 Ἐγὼ
1758 2583 1815 2637 δὲ
1860 2601 1932 2656 χρ

2136 2583 2245 2654 ἔχω
2291 2583 2398 2638 τῶν
2440 2584 2611 2651 ἁγίων
2643 2585 2917 2657 πατέρων,
2965 2584 3300 2649 Ἀθανασέου,
3328 2586 3653 2657 Γρηγορίου,

395 2676 689 2749 Κυρίλλου,
721 2676 780 2730 ὲν
813 2675 1027 2739 πολλοῖς
1051 2674 1262 2740 τόποις,
1290 2676 1371 2729 ὅτι
1401 2676 1462 2730 οὐ
1501 2675 1582 2730 δεῖ
1609 2676 1790 2745 λέγειν
1836 2678 1975 2749 μετὰ
2011 2676 2110 2748 τὴν
2149 2677 2344 2731 ἕνωσιν
2377 2677 2470 2730 δύο
2509 2678 2718 2747 φύσεις,
2764 2678 2900 2732 ἀλλὰ
2934 2677 3062 2748 μίαν
3097 2678 3529 2749 σεσαρκωμὲνην
3557 2677 3654 2732 τοῦ

398 2772 575 2843 Λόγου
603 2772 785 2843 φύσιν.
820 2770 938 2826 Hoc
958 2779 1037 2826 est
1067 2784 1086 2824 :
1120 2770 1234 2842 Ego
1264 2787 1398 2826 vero
1421 2786 1523 2826 usu
1557 2782 1869 2828 sanctorum
1902 2772 2147 2836 Patrum,
2178 2772 2483 2837 Athanasii,
2518 2770 2791 2843 Gregorii,
2825 2773 3014 2845 Cyrilli
3050 2776 3104 2830 in
3140 2777 3328 2833 multis
3357 2777 3490 2832 locis
3524 2791 3656 2845 pro-

397 2863 532 2921 bare
558 2880 806 2937 possunt,
849 2880 958 2921 non
993 2864 1260 2923 dicendas
1291 2884 1414 2925 esse
1452 2877 1577 2939 post
1610 2870 1865 2924 unionem
1892 2870 2029 2926 duas
2056 2878 2306 2937 naturas,
2339 2870 2433 2926 sed
2477 2886 2639 2925 unam
2671 2872 3009 2926 incarnatam
3042 2873 3205 2929 Verbi
3234 2882 3503 2935 naturam.
3538 2875 3654 2928 Alii

401 2961 681 3016 adversum
711 2958 1095 3015 contendebant
1124 2959 1362 3015 libellum
1403 2962 1687 3017 Athanasii
1717 2980 1823 3018 non
1848 2981 1980 3028 esse,
2017 2964 2109 3019 sed
2137 2965 2529 3034 supposititium
2557 2973 2605 3019 et
2634 2964 2877 3035 qua’dam
2903 2966 3058 3036 hujus
3085 2968 3210 3021 libri
3238 2985 3353 3039 qum
3383 2986 3415 3021 a
3447 2967 3656 3038 Cyrills

400 3053 714 3120 laudantur,
737 3053 937 3106 inserta
961 3050 1025 3106 ab
1050 3050 1310 3108 hwretibis
1337 3052 1501 3122 fuisse
1523 3056 1576 3109 in
1603 3054 1842 3125 operibus
1868 3053 2060 3126 Cyrilli
2085 3058 2292 3111 nomine
2320 3056 2621 3111 Athanasii.
2648 3056 2788 3110 Audi
2811 3056 3083 3113 Leontium
3107 3060 3417 3115 advocatum
3442 3061 3659 3131 Byzan-

398 3152 571 3208 tinum
605 3149 683 3205 Dc
722 3148 913 3216 sectis,
940 3147 1146 3202 actione
1176 3156 1383 3204 octava.
1431 3150 1630 3220 Aliam,
1674 3153 1866 3222 inquit,
1912 3151 2194 3222 proferunt
2237 3153 2619 3208 auctoritatem
2667 3153 2842 3208 sancti
2886 3152 3169 3209 Athanasii
3200 3169 3267 3207 ex
3295 3155 3541 3207 oratione
3580 3152 3659 3206 De

399 3246 802 3308 Incarnatione,
836 3256 958 3315 qua
983 3241 1203 3313 quidem
1237 3241 1551 3311 huiusmodi
1578 3249 1664 3299 est
1700 3263 1713 3299 :
1750 3244 2002 3300 eumdem
2036 3260 2162 3301 esse
2204 3243 2297 3299 Dei
2337 3242 2559 3309 Filium,
2607 3244 2821 3299 ratione
2853 3244 3103 3313 spiritus,
3135 3255 3187 3298 et
3216 3244 3456 3298 hominis
3486 3243 3659 3298 ﬁlium

397 3339 613 3395 ratione
640 3334 825 3391 carnis
851 3351 866 3387 :
892 3348 1001 3389 non
1025 3332 1162 3387 duas
1181 3338 1409 3388 naturas
1439 3348 1607 3390 unum
1633 3333 1784 3389 illum
1812 3333 2010 3389 Filium
2043 3355 2055 3389 :
2083 3350 2314 3407 quarum
2346 3351 2455 3390 una
2485 3336 2559 3391 sit
2581 3336 2877 3398 adoranda,
2908 3350 3017 3392 non
3043 3335 3319 3390 adoranda
3350 3336 3421 3391 sit
3442 3336 3614 3390 altera
3639 3354 3654 3391 :

398 3430 494 3490 sed
517 3445 681 3486 unam
696 3437 969 3484 naturam.
993 3425 1089 3483 Dei
1113 3427 1381 3483 sermonis
1400 3428 1759 3485 incarnatam.
1776 3427 2189 3500 Respondemus
2209 3432 2385 3502 primo
2399 3432 2605 3487 dictum
2623 3433 2725 3486 hoc
2741 3433 2902 3487 nobis
2922 3446 3030 3488 non
3045 3430 3346 3487 adversari.
3365 3429 3477 3483 Non
3503 3429 3654 3485 enim

398 3529 538 3585 duas
565 3534 789 3582 naturas
810 3525 883 3578 ita
902 3524 1171 3579 tradimus
1192 3532 1251 3577 ut
1268 3521 1523 3579 adoretur
1536 3540 1663 3589 una,
1684 3539 1793 3579 non
1811 3524 2070 3582 adoretur
2092 3526 2262 3581 altera
2281 3545 2294 3581 :
2314 3527 2407 3582 sed
2425 3542 2587 3581 unam
2602 3526 2896 3582 statuimus
2912 3539 3034 3580 esse
3051 3530 3299 3577 naturam
3334 3521 3426 3577 Dei
3446 3537 3659 3577 sermo-

398 3621 488 3678 nis
509 3622 870 3676 incarnatam.
894 3616 1098 3674 Deinde
1117 3635 1185 3673 ne
1197 3618 1417 3689 quidem
1442 3619 1825 3676 estAtbanasii
1851 3637 2008 3687 ;nam
2030 3637 2201 3677 cuma
2226 3622 2385 3677 nobis
2401 3622 2829 3693 intermgantur,
2852 3618 2944 3675 ubi
2974 3618 3182 3673 dictum
3196 3616 3301 3671 hoc
3328 3624 3535 3683 exstet;
3556 3632 3662 3671 nec

396 3717 519 3786 eius
546 3714 871 3772 ostendendi
897 3713 1112 3784 copiam
1135 3713 1336 3769 habent
1369 3733 1383 3769 :
1414 3716 1471 3770 in
1499 3723 1710 3771 arctum
1734 3718 1915 3772 coacti
1945 3719 2200 3789 pusillam
2228 3717 2522 3788 quamdam
2550 3719 2853 3773 orationem
2882 3715 3197 3786 proferunt,
3239 3712 3396 3783 quasi
3421 3711 3662 3766 duorum

399 3810 681 3876 foliorum,
717 3809 772 3863 in
812 3820 922 3878 qua
960 3806 1165 3862 dictum
1197 3807 1301 3863 hoc
1335 3808 1550 3880 legitur.
1579 3811 1649 3865 At
1679 3820 1868 3867 notum
1901 3821 1987 3869 est
2011 3813 2284 3868 universis
2313 3813 2497 3867 omnia
2537 3814 2713 3869 sancti
2748 3810 3036 3866 Athanasii
3071 3824 3239 3879 opera
3270 3808 3428 3863 valde
3465 3820 3663 3878 magna

397 3924 542 3967 esse.
577 3904 719 3972 ρυῑά
748 3910 925 3957 autem
958 3900 1027 3955 ad
1065 3902 1169 3956 hoc
1204 3902 1678 3971 respondebimus,
1719 3902 1867 3975 quod
1903 3905 2121 3959 beatum
2154 3903 2417 3975 Cyrillum
2448 3903 2777 3975 producunt,
2818 3907 3078 3960 citantem
3130 3904 3236 3959 hoc
3279 3902 3486 3958 dictum
3521 3904 3664 3958 libro

401 4001 669 4055 Aduersus
711 3993 1067 4057 Theodorum,
1102 3995 1264 4064 quasi
1307 3996 1618 4067 profectum
1665 3999 1734 4054 ab
1773 3998 2115 4054 Athanasio?
2152 3996 2419 4052 Nimirum
2467 3998 2725 4065 dicimus,
2769 4013 2965 4070 reapse
2999 3998 3221 4068 quidem
3254 3996 3391 4051 illud
3424 3996 3479 4049 in
3517 3996 3664 4050 beati

398 4095 588 4168 Cyrilli
616 4092 820 4149 Contra
848 4090 1178 4145 Theodorum
1208 4091 1496 4149 invectivis
1531 4093 1634 4163 legi
1662 4111 1676 4149 :
1718 4094 1813 4150 sed
1845 4093 2104 4149 mendum
2134 4108 2259 4148 esse
2287 4092 2554 4165 priscum.
2589 4092 2886 4149 Dioscorus
2922 4093 3093 4156 enim,
3129 4105 3420 4147 successor
3455 4089 3515 4142 B.
3556 4090 3665 4161 Cy-

397 4188 509 4243 rilli
550 4187 749 4252 factus,
782 4202 907 4242 cum
939 4187 1061 4257 ejus
1105 4196 1275 4256 Opera
1319 4190 1634 4258 reperisset,
1687 4189 1829 4244 forte
1866 4204 1978 4245 non
2012 4189 2217 4244 veritus
2262 4195 2346 4244 est
2377 4170 2620 4244 inserere
2649 4188 2935 4255 nonnulla,
2977 4204 3098 4260 quae
3136 4188 3238 4257 ipsi
3267 4187 3501 4241 lubitum
3536 4185 3664 4242 fuit.

398 4278 588 4350 Neque
615 4293 749 4335 vero
777 4278 1112 4349 conjecturis
1142 4292 1244 4333 nos
1275 4279 1436 4334 modo
1466 4279 1587 4344 niti,
1625 4281 1772 4350 quod
1818 4279 1881 4334 Β.
1927 4277 2166 4352 Cyrillus
2205 4279 2338 4334 illud
2382 4285 2577 4333 contra
2616 4277 2962 4334 Theodorum
2995 4293 3104 4332 non
3134 4276 3475 4348 produxerit,
3504 4290 3570 4329 ex
3599 4290 3667 4330 eo

400 4384 621 4440 quoque
655 4368 1010 4425 manifestum
1036 4378 1141 4430 est.
1176 4372 1313 4429 Nam
1345 4374 1728 4433 Theodoretus
1765 4379 1861 4449 qui
1897 4376 2248 4432 Theodorum
2287 4375 2636 4441 defendebat,
2672 4376 2962 4432 universas
3002 4374 3359 4429 auctoritates
3396 4372 3663 4437 refutans,

399 4474 761 4531 quascunque
789 4471 1013 4546 sapctus
1033 4462 1271 4534 Cyrillus
1306 4475 1497 4523 contra
1522 4468 1869 4525 Theodorum
1902 4470 1971 4526 de
2000 4470 2205 4525 sanctis
2234 4468 2493 4525 Patribus
2522 4469 2845 4539 protulerat,
2874 4481 3146 4537 nusquam
3177 4465 3342 4535 hujus
3374 4465 3505 4519 dicti
3550 4478 3667 4518 me-

400 4553 581 4608 minit.
608 4557 679 4606 At
710 4553 855 4608 enim
890 4554 982 4609 isti
1016 4553 1284 4621 referunt,
1309 4572 1339 4610 a
1371 4556 1715 4614 Theodoreto
1746 4560 1944 4615 callide
1975 4559 2278 4627 omissum;
2307 4557 2454 4629 quod
2484 4558 2630 4615 enim
2682 4558 2947 4614 adversus
2975 4571 3096 4611 eam
3128 4554 3513 4609 auctoritatem
3530 4567 3667 4607 ocu-

398 4647 468 4702 lis
491 4644 739 4717 aspicere
766 4659 878 4700 non
906 4654 1112 4716 posset,
1156 4655 1217 4702 ut
1250 4648 1543 4705 admodum
1576 4653 1793 4723 planam
1816 4660 1872 4708 et
1896 4661 2140 4722 apertam
2163 4694 2178 4718 ,
2218 4653 2428 4708 idcirco
2463 4658 2660 4721 sponte
2691 4651 2761 4706 ab
2786 4650 2906 4721 ipso
2936 4647 3384 4718 praetermissam.
3415 4644 3669 4715 Respon-

397 4740 613 4805 demus,
649 4744 866 4794 tantum
901 4739 1094 4796 abesse
1124 4751 1186 4798 ut
1218 4759 1337 4799 eam
1366 4744 1748 4803 Theodoretus
1782 4747 1856 4817 ibi
1885 4748 2120 4818 positam
2164 4748 2447 4818 praeterire
2484 4746 2740 4810 voluerit,
2777 4751 2837 4799 ut
2869 4758 2995 4798 cum
3027 4742 3087 4799 B.
3131 4742 3223 4797 ille
3255 4739 3497 4813 Cyrillus
3533 4739 3666 4795 alibi

398 4829 647 4895 dixisset,
672 4844 839 4885 unam
870 4838 1124 4888 naturam
1168 4832 1263 4889 Dei
1296 4837 1567 4892 sermonis
1609 4837 1974 4902 incarnatam,
2016 4837 2289 4907 siquidem
2322 4836 2577 4894 scivisset
2602 4836 2979 4891 Theodoretus
3006 4836 3061 4891 id
3089 4835 3313 4891 verbum
3344 4834 3490 4904 quod
3520 4831 3666 4902 apud

399 4922 664 4994 Cyrillum
691 4931 895 4989 exstat,
921 4942 990 4981 ex
1013 4936 1205 4985 sancto
1238 4931 1538 4987 Anathasio
1566 4933 1820 4997 citatum,
1861 4947 2209 5003 nequaquam
2233 4933 2371 4989 adeo
2403 4943 2606 4988 temere
2627 4932 2882 4987 dicturus
2905 4931 3072 4987 fuerit
3099 4951 3114 4987 :
3146 4931 3283 4997 Quis
3312 4932 3411 4985 tibi
3436 4928 3665 4984 Patrum

399 5013 537 5068 dixit
566 5029 732 5068 unam
766 5026 1016 5073 naturam
1046 5019 1142 5077 Dei
1171 5028 1442 5083 sermonis
1474 5028 1857 5082 incarnatam?
1880 5026 2138 5084 Vicissim
2170 5029 2447 5101 ingerunt,
2493 5035 2605 5082 tam
2651 5042 2774 5083 esse
2800 5035 3014 5082 certum
3046 5027 3276 5083 scivisse
3307 5027 3387 5081 sic
3417 5025 3661 5084 iocutum

400 5107 797 5193 Athanasium:
842 5119 904 5165 ut
943 5114 1109 5170 etiam
1149 5116 1383 5184 dixerit;
1417 5118 1881 5188 quemadmodum
1922 5117 2116 5175 Patres
2153 5120 2322 5174 locuti
2358 5128 2507 5175 sunt.
2548 5117 2660 5174 Nos
2689 5126 2904 5184 contra,
2936 5134 3209 5189 quemque
3241 5118 3478 5174 dicimus
3507 5119 3663 5189 eniti,

402 5212 461 5255 ut
484 5205 763 5271 ostendat,
801 5222 832 5261 a
863 5206 1119 5265 Patribus
1147 5227 1210 5266 ea
1243 5214 1475 5282 prolata,
1507 5228 1628 5283 quae
1664 5214 1780 5283 ipse
1810 5214 2008 5276 tradat,
2051 5216 2097 5270 si
2144 5230 2253 5269 non
2293 5214 2502 5270 eisdem
2538 5213 2742 5291 verbis,
2791 5212 2984 5266 saltem
3016 5210 3069 5264 vi
3109 5211 3403 5264 verborum
3447 5207 3661 5263 eadem.

404 5295 537 5353 lites
562 5299 902 5372 longiuscula
930 5304 1053 5359 licet
1084 5323 1111 5361 e
1141 5324 1197 5361 re
1235 5308 1337 5377 fuit
1370 5307 1454 5361 hic
1498 5311 1710 5379 afferre,
1745 5320 1805 5363 ut
1848 5309 2023 5365 uideat
2067 5310 2307 5364 eruditus
2356 5309 2540 5371 lector,
2585 5309 2641 5361 in
2681 5322 2782 5377 quo
2813 5305 3036 5375 quwstio
3066 5302 3375 5374 hujusmodi
3403 5302 3505 5355 sita
3534 5304 3664 5355 olim

404 5396 582 5465 fuerit.
617 5397 687 5453 Et
713 5417 841 5456 sane
870 5415 992 5457 sunt
1021 5422 1138 5474 quw
1176 5405 1311 5473 forte
1353 5407 1613 5461 suadeant
1653 5424 1715 5462 ea
1752 5424 1871 5479 quae
1892 5410 2134 5477 superius
2162 5424 2227 5461 ea,
2256 5405 2460 5477 Cyrillo
2495 5404 2801 5468 attulimus,
2831 5416 2950 5455 cum
2980 5395 3222 5449 oratione
3251 5390 3532 5445 Athanasii
3566 5406 3664 5443 no-

407 5494 547 5547 mine
584 5494 929 5567 subsequente
959 5499 1171 5569 adjecta
1210 5498 1405 5569 Cyrilli
1452 5499 1689 5569 epistola:
1720 5499 1907 5567 fuisse.
1958 5498 2104 5553 Nam
2149 5500 2228 5553 uti
2263 5513 2427 5566 supra
2457 5496 2655 5551 dicitur
2686 5512 2804 5567 qua:
2833 5494 3131 5563 afferuntur
3163 5500 3227 5539 ex
3254 5483 3549 5537 Athanasio
3584 5481 3663 5537 De

408 5585 808 5651 Incarnatione,
842 5588 912 5642 ad
941 5595 1095 5645 unius
1118 5591 1257 5645 vocis
1294 5588 1541 5653 θεοτόκος
1580 5605 1734 5643 usum
1764 5587 2212 5659 comprobandum
2241 5587 2583 5642 adducuntur
2614 5587 2670 5638 in
2700 5583 2961 5647 medium;
2991 5582 3129 5635 unde
3168 5580 3395 5648 fortasse
3422 5577 3665 5631 videatur

407 5676 593 5732 inutile
639 5677 806 5749 fuisse
840 5682 1028 5751 afferre
1068 5695 1234 5740 totum
1280 5701 1407 5756 pene
1448 5684 1702 5753 libellum,
1744 5699 1862 5738 cum
1899 5685 2129 5739 maxime
2180 5683 2277 5741 sub
2312 5684 2523 5739 initium
2555 5681 2819 5735 duntaxat
2868 5693 2967 5734 vox
3012 5678 3107 5732 illa
3150 5675 3420 5739 θεοτόκος,
3454 5672 3517 5727 de
3559 5688 3664 5743 qua
