3890 6186
214 230 289 287 εδ
1289 232 1380 287 DE
1417 231 1938 289 INCABNATIONE
1975 230 2084 285 DEI
2124 227 2350 284 VERBI.
3144 275 3163 283 ,
3414 223 3487 277 26

221 348 471 416 questio,
522 354 846 415 compareat.
899 344 1052 401 Certe
1097 346 1335 417 Cyrillus
1374 348 1429 401 in
1475 347 1702 416 epistola
1750 346 1820 400 ad
1870 346 2122 399 Acacium
2168 342 2515 405 Berteensem,
2543 340 2633 394 ubi
2661 339 2725 394 de
2757 355 2855 392 usu
2890 336 3026 392 vocis
3060 335 3316 422 Θεοτόκος
3345 338 3486 405 apud

224 438 419 492 Patres
449 439 704 508 loquitur,
738 436 1013 508 Εὑρίσκω,
1047 436 1145 500 ait,
1182 437 1241 489 ὲν
1272 438 1617 508 συγγραφαῖς
1650 434 1744 489 καὶ

1951 451 1988 504 ις
2016 432 2264 503 ἀοιδίμου
2303 433 2523 502 μνήμης
2555 428 2851 481 ἐπίσκοπον
2894 424 3207 480 Ἀθανάσιον
3235 425 3487 481 πλειστά-

222 542 308 590 κις
341 528 513 598 αὐτὴν
536 527 879 597 ὀνομάσαντα
907 524 1187 578 Θεοτόκον.
1232 523 1523 593 Comperio
1556 538 1757 593 namqu

1950 522 2069 576 bris
2102 520 2380 574 memoriae
2422 516 2737 587 episcopum
2789 517 3145 571 Athanasium
3180 516 3235 570 in
3270 517 3486 586 scriptis

223 620 340 674 suis
386 620 586 688 ξεινίης
628 620 777 673 illam
825 617 1113 687 Deiparam
1141 619 1466 688 appellasse.
1506 616 1622 672 Uno
1651 616 1805 672 verbo
1831 616 2180 685 complectens
2212 615 2309 669 illa
2347 631 2463 683 qua:
2512 611 2638 666 bene
2682 612 2852 665 multa
2895 621 3104 666 exstant
3132 612 3201 679 [in
3243 614 3486 682 operibus

219 712 506 766 Athanasii
530 714 853 767 testimonia.
887 712 1027 778 Quid
1051 729 1228 767 causa:
1253 714 1417 781 igitur
1445 724 1522 767 est
1554 712 1693 784 quod
1718 714 1771 766 in
1795 711 2026 780 epistola
2048 711 2116 765 ad
2144 713 2372 783 reginas,
2406 720 2572 765 totum
2597 725 2723 777 pene
2747 708 2985 761 libellum
3014 706 3089 762 De
3111 707 3488 765 lncarnatione

216 820 314 872 pro
348 822 467 859 voce
496 805 594 859 illa
623 806 885 868 Θεοτόκος
925 804 1292 874 conﬁrmanda
1326 805 1517 874 alferat
1543 806 1565 859 ?
1594 821 1821 875 namque
1858 804 2124 875 prioribus
2157 803 2307 858 lineis
2338 803 2564 872 exceptis
2589 802 2699 865 (ubi
2732 815 2831 855 vos:
2862 799 3121 863 Θεοτόκος
3151 801 3347 871 exstat)
3379 819 3487 856 coe-

218 905 335 950 tera
376 895 512 949 nihil
555 895 625 948 ad
670 912 778 949 rem
808 895 1086 964 pertinent.
1129 894 1211 946 Ad
1242 894 1352 948 haec
1380 902 1557 948 autem
1588 894 1797 948 libellus
1836 896 1936 948 iste
1963 911 2067 947 non
2095 902 2271 947 exstat
2306 893 2360 945 in
2394 891 2785 947 collectionibus
2816 908 3027 961 operum
3073 894 3375 949 Athanasii.
3415 893 3485 948 Et

216 990 453 1043 alienum
486 1006 521 1042 α
547 998 732 1043 sancto
760 988 976 1043 doctore
1024 988 1228 1043 videtur
1255 989 1427 1044 dicere
1458 1006 1619 1044 unam
1649 1006 1897 1044 naturam
1924 990 2259 1043 incarnatam
2281 989 2336 1041 in
2366 986 2597 1042 Christo.
2627 987 2834 1042 Etenim
2865 978 3225 1055 confusionem
3257 998 3486 1044 natura-

215 1096 334 1133 rum
360 1080 561 1148 respuit
593 1077 785 1148 ubique
815 1078 1164 1143 Athanasius,
1198 1079 1289 1149 qui
1320 1081 1671 1148 proprietates
1700 1096 1902 1148 semper
1925 1089 2240 1133 naturarum
2263 1079 2606 1141 conservavit,
2638 1078 2773 1133 duas
2798 1082 2957 1133 etiam
2981 1079 3272 1135 voluntates
3295 1081 3486 1136 distin-

214 1186 330 1230 ctas
364 1177 555 1246 cuique
576 1184 785 1228 naturte
812 1174 1055 1241 proprias
1087 1175 1309 1227 ascribit
1348 1179 1428 1228 sic
1466 1175 1559 1229 lib.
1594 1174 1668 1228 De
1702 1175 1750 1228 In

1947 1175 2110 1235 tione,
2148 1189 2203 1243 p.
2236 1172 2343 1228 709
2378 1188 2391 1225 :
2424 1172 2528 1225 Δύο
2556 1172 2838 1244 θελήματα
2869 1174 3130 1240 δείκνυσι,
3167 1174 3228 1228 τὸ
3258 1176 3356 1246 μὲν
3387 1178 3483 1230 ἀν-

214 1266 511 1336 θρώπινον,
543 1267 681 1336 ὅπερ
710 1266 828 1318 ἐστὶ
856 1265 956 1335 τῆς
983 1266 1207 1335 σαρκὸς,
1234 1267 1296 1319 τὸ
1327 1266 1384 1319 δὲ
1414 1266 1614 1329 θεῖκὺν,
1647 1267 1783 1335 ὅπερ
1820 1265 1977 1320 Θεοῦ.
2004 1266 2077 1319 Τὸ
2102 1266 2211 1337 γὰρ
2233 1265 2571 1337 ἀνθρώπινον
2600 1267 2687 1322 διὰ
2714 1270 2810 1341 τὴν
2841 1269 3122 1325 ἀσθένειαν
3147 1272 3248 1341 τῆς
3282 1274 3485 1343 σαρκὸς

215 1365 571 1433 παραιτεῖται
610 1359 671 1412 τὸ
704 1359 896 1422 πάθοςο
929 1360 989 1412 τὸ
1008 1361 1066 1414 δὲ
1094 1360 1275 1415 θεῖκὸν
1308 1361 1475 1415 αὐτοῦ
1505 1362 1751 1432 πρόθυμο

1947 1378 1956 1411 :
1985 1370 2084 1426 est,
2108 1362 2247 1416 duas
2278 1362 2584 1417 voluntates
2611 1365 2850 1417 ostendit
2882 1363 3231 1435 (Scriptura),
3257 1368 3483 1422 alteram

215 1457 534 1521 humanam,
587 1470 710 1525 quae
754 1461 840 1509 est
871 1458 1079 1519 carnis,
1111 1456 1339 1511 alteram
1371 1456 1635 1517 divinam,
1664 1472 1787 1526 quae
1815 1455 1909 1510 Dei
1936 1466 2041 1511 est.
2078 1456 2359 1528 Siquidem
2394 1457 2632 1511 humana
2661 1459 2731 1512 ob
2763 1459 3134 1515 infirmitatem
3164 1464 3348 1518 carnis
3383 1464 3482 1518 de-

214 1566 477 1624 precatur
511 1554 865 1623 passionem;
897 1549 1084 1604 diviua
1118 1555 1301 1602 autem
1335 1548 1457 1616 ejus
1489 1548 1744 1603 voluntas
1787 1556 2040 1618 prompta
2084 1558 2189 1603 est.
2242 1547 2337 1603 Sin
2378 1566 2496 1604 vero
2543 1567 2649 1603 una
2701 1558 2894 1603 natura
2924 1561 3040 1619 post
3069 1553 3481 1609 incarnationem

211 1645 448 1708 dicatur,
482 1644 646 1698 tollas
678 1651 881 1710 oportet
908 1640 1191 1695 discrimen
1224 1638 1576 1694 voluntatum.
1625 1638 1709 1692 Ad
1757 1639 1887 1702 hate,
1939 1650 2123 1695 contra
2180 1640 2487 1695 Dimaeritas
2538 1643 2621 1696 sui
2665 1644 2760 1695 wvi
2790 1644 3062 1697 htereticos
3097 1659 3151 1712 p.
3200 1645 3302 1699 741,
3330 1657 3482 1717 negat

213 1750 409 1804 corpus
435 1751 551 1788 esse
582 1733 781 1787 Deitati
812 1730 1285 1797 consubstantiale,
1315 1739 1365 1783 et
1399 1731 1593 1799 pagina
1623 1732 1857 1801 sequenti
1882 1733 1956 1784 ait
2002 1730 2290 1801 ἀσυγχύτῳ
2329 1731 2517 1784 ὲνώσει
2561 1732 2840 1799 inconfusa
2888 1734 3076 1786 unione
3117 1733 3337 1787 Verbum
3363 1752 3482 1791 cum

210 1828 431 1895 propria
461 1841 622 1879 carne
650 1825 854 1877 unitum
891 1822 1076 1892 fuisse.
1111 1820 1363 1889 Corporis
1396 1831 1568 1874 autem
1602 1830 1652 1875 et
1691 1822 1868 1875 carnis
1901 1822 2113 1877 nomine
2146 1831 2202 1875 ut
2227 1823 2279 1875 in
2313 1823 2626 1892 piwfatione
2649 1824 2883 1894 generali
2908 1825 3066 1893 primi
3095 1825 3221 1877 tomi
3245 1826 3484 1882 ostende-
3532 1846 3537 1851 ·

212 1918 404 1973 bamus
433 1919 822 1971 humanitatem
851 1932 1082 1986 persape
1107 1915 1372 1985 intelligit.
1412 1915 1513 1969 Ubi
1544 1932 1662 1970 vero
1693 1915 2003 1983 comprobat
2033 1918 2087 1970 in
2110 1920 2386 1984 postremis
2415 1921 2526 1973 suis
2554 1930 2738 1975 contra
2766 1918 3066 1973 Dimwritus
3094 1922 3243 1977 libris
3272 1940 3481 1979 carnem

210 2009 322 2063 sive
354 2009 742 2061 humanitatem
791 2022 896 2059 non
943 2021 1055 2059 esse
1108 2002 1273 2057 Verbo
1307 2003 1838 2067 consubstantialem,
1870 2003 1997 2073 quid
2032 2004 2202 2067 aliud,
2249 2022 2448 2075 quwso,
2502 2006 2810 2062 indicaverit
2842 2026 3023 2079 quam,
3056 2029 3158 2066 non
3182 2030 3294 2068 esse
3320 2032 3482 2069 unam

212 2110 371 2169 atque
399 2099 637 2153 eamdem
674 2097 831 2151 Verbi
854 2105 1008 2165 atque
1036 2099 1388 2153 humanitatis
1419 2099 1779 2153 substantiam
1810 2100 1916 2151 sive
1960 2108 2250 2164 naturam;
2282 2104 2361 2154 ita
2396 2111 2453 2154 ut
2484 2105 2642 2156 etiam
2673 2105 2742 2156 ad
2771 2104 3128 2173 diﬂ’erentiam
3166 2118 3482 2164 naturarum

210 2190 557 2245 iudicandam
585 2205 641 2260 p.
671 2188 775 2241 747
800 2185 1089 2249 perfectum
1115 2188 1284 2243 Deum
1313 2198 1361 2242 et
1398 2188 1686 2257 perfectum
1716 2188 1978 2241 hominem
2003 2197 2165 2254 vocet,
2204 2204 2258 2258 p.
2298 2188 2399 2242 756
2437 2200 2610 2244 autent
2638 2209 2742 2246 uno
2772 2195 2924 2248 verbo
2953 2206 3230 2267 utramque
3258 2198 3480 2253 hwresin

211 2287 597 2341 Nestorianam
639 2287 840 2340 scilicet
879 2294 929 2339 et
977 2283 1369 2355 Eutychianam
1405 2285 1649 2353 proterit,
1690 2282 1816 2336 dum
1845 2285 1920 2336 ait
1963 2283 2177 2353 loquens
2207 2284 2270 2337 de
2307 2286 2671 2354 conjunctione
2711 2290 2868 2345 Verbi
2907 2309 3025 2346 cum
3061 2311 3241 2358 carne,
3275 2298 3390 2350 υύκ
3421 2298 3480 2352 ὲν

207 2380 476 2451 διαιρέσει
532 2379 859 2452 προσώπων,
886 2377 1002 2431 ἀλλ’
1045 2380 1102 2430 ἐν
1143 2377 1374 2448 ὑπάρξει
1422 2376 1674 2446 θεότητος
1725 2393 1743 2429 >

1943 2376 2297 2448 ὶρωπότητος·
2333 2377 2453 2432 Non
2485 2380 2541 2434 in
2574 2382 2844 2442 divisione
2874 2403 3255 2457 personarum,
3290 2391 3385 2445 sed
3425 2391 3479 2445 in

207 2473 508 2526 existentia
538 2473 759 2529 deitatis
782 2483 837 2527 et
868 2473 1247 2529 humanitatis.
1285 2470 1455 2525 Unam
1483 2472 1681 2525 scilicet
1716 2488 1996 2540 personam
2040 2473 2239 2527 Christi
2268 2474 2505 2546 duasque
2537 2487 2760 2534 naturas
2789 2497 2901 2537 esse
2925 2486 3233 2551 pronuntiat
3266 2502 3316 2555 p.
3352 2485 3474 2551 757,

206 2565 301 2616 ubi
334 2580 456 2619 vero
488 2565 752 2619 contendit
774 2567 994 2634 impium
1023 2582 1135 2620 esse
1160 2564 1331 2617 dicere
1354 2563 1588 2615 divinam
1612 2571 1857 2616 naturam
1884 2578 1996 2616 esse
2026 2580 2261 2632 passam,
2294 2583 2468 2620 annon
2493 2570 2673 2635 palam
2706 2571 2836 2640 facit
2859 2572 3024 2626 aliam
3046 2590 3157 2628 esse
3183 2577 3237 2626 in
3267 2573 3477 2629 Christo

208 2666 467 2709 naturam
497 2672 614 2726 qua
634 2672 796 2724 passa
824 2658 937 2712 sit?
962 2654 1206 2722 Adeoque
1244 2658 1627 2705 commonstrat
1657 2667 1761 2704 non
1791 2667 1953 2703 unam
1980 2651 2034 2704 in
2066 2651 2278 2707 Christo
2313 2664 2560 2710 naturam
2588 2660 2944 2723 incarnatam,
2981 2662 3072 2716 sed
3109 2664 3242 2716 duas
3267 2664 3402 2717 inter
3424 2681 3478 2720 se

204 2747 518 2814 distinctas,
562 2748 725 2802 aliam
766 2763 884 2818 quis
906 2746 1213 2814 assumpsit,
1255 2744 1420 2798 aliam
1444 2758 1561 2813 qua:
1589 2750 1864 2812 assumpta
1902 2752 1999 2797 est.
2031 2742 2263 2798 Etiamsi
2290 2760 2448 2814 porro
2484 2758 2763 2819 antequam
2801 2751 3055 2808 Ecclesia:
3087 2754 3307 2809 decretis
3345 2754 3478 2824 deﬁ-

208 2846 386 2896 nitum
416 2853 551 2897 esset
578 2860 739 2896 unam
780 2844 838 2896 in
880 2840 1092 2897 Christo
1126 2857 1429 2911 personam,
1467 2839 1706 2908 duasque
1745 2848 1970 2893 naturas
1999 2841 2285 2909 prtt'dicari
2318 2852 2553 2911 oportere
2576 2886 2590 2909 ,
2632 2848 2887 2915 potuisset
2931 2850 3281 2914 Athanasius,
3320 2851 3398 2904 vel
3429 2852 3477 2906 si

205 2938 330 3006 quis
362 2937 526 3001 alius,
556 2936 727 2990 dicere
759 2953 923 2990 unam
952 2945 1202 2989 naturam
1241 2935 1600 2996 incarnatam,
1645 2930 1984 3001 intelligendo
2028 2934 2230 2988 scilicet
2260 2944 2470 2990 natura:
2501 2940 2707 2993 nomine
2740 2957 3058 3010 personam;
3106 2959 3208 2996 non
3247 2943 3478 2996 arbitror

208 3039 395 3083 tamen
425 3028 779 3082 Athanasium
803 3045 864 3082 eo
896 3044 1049 3081 usum
1078 3026 1244 3097 fuisse
1272 3024 1517 3095 loquendi
1544 3038 1758 3094 genere;
1800 3025 2046 3094 quoniam
2079 3026 2257 3078 multis
2291 3029 2446 3081 annis
2483 3045 2564 3081 res
2595 3030 2679 3083 illi
2705 3047 2823 3085 cum
2856 3032 3158 3089 Dimaeritis
3193 3036 3315 3104 fuit,
3345 3050 3477 3104 quo-

203 3139 329 3177 rum
366 3122 555 3177 [ια’νωὶ
585 3123 695 3175 hwc
726 3123 903 3192 favere
926 3120 1185 3184 videntur,
1216 3126 1265 3172 et
1302 3118 1554 3187 perfacile
1580 3126 1658 3171 est
1695 3132 1811 3171 eam
1848 3119 2161 3171 sententiam
2197 3119 2249 3171 in
2285 3120 2484 3172 malam
2515 3132 2718 3188 partem
2749 3125 3074 3196 detorquere.
3111 3125 3245 3179 Eam
3274 3126 3336 3179 ob
3366 3143 3475 3181 rem

201 3232 327 3271 cum
360 3213 584 3268 Leontio
619 3215 773 3268 valde
819 3216 1060 3282 suspicor
1102 3231 1214 3268 esse
1254 3212 1388 3267 illud
1423 3211 1753 3279 opusculum.
1802 3210 2274 3281 Eutyc/tiunorum,
2313 3228 2405 3267 aut
2440 3216 2666 3269 aliorum
2705 3218 3071 3274 Itwreticorunt
3103 3232 3471 3285 commentum,

209 3308 501 3363 Athanasii
550 3323 760 3361 nomine
808 3306 1156 3376 publicatum.
1193 3303 1317 3359 Non
1363 3304 1533 3357 ausim
1575 3318 1694 3356 vero
1737 3303 1907 3355 dicere
1952 3313 2129 3355 utrum
2170 3303 2222 3355 in
2264 3302 2456 3372 Cyrilli
2494 3322 2579 3358 scr
2601 3309 2705 3374 ptis
2738 3320 2855 3376 post
2882 3311 2996 3380 ejus
3040 3310 3238 3365 obitum
3268 3310 3476 3381 adjecta

203 3404 428 3473 fuerint,
454 3418 528 3455 an
551 3416 670 3456 vero
704 3410 826 3454 ante
857 3398 1119 3471 Cyrillum
1151 3395 1359 3451 libellus
1395 3393 1700 3463 hujusmodi
1730 3394 1995 3462 confectus
2023 3394 2090 3448 sit
2121 3405 2169 3448 et
2202 3394 2498 3450 Athanasio
2529 3400 2821 3469 ascriptus.

1318 3687 1456 3742 ΤΟΥ
1490 3688 1582 3741 ΕΝ
1615 3688 1840 3742 ΑΓΙΟΙΣ
1870 3687 2144 3742 ΠΑΤΡΟΣ
2176 3688 2369 3742 ΠΜΩΝ

1535 3851 2168 3941 ΑΘΑΝΑΣΙΟΥ

1051 4037 1224 4092 ΠΕΡΙ
1276 4040 1416 4093 ΤΗΣ
1463 4034 1887 4092 ΣΑΡΚΩΣΕΩΣ
1944 4036 2089 4088 ΤΟΥ
2129 4037 2323 4090 ΘΕΟΥ
2373 4035 2664 4092 ΛΟΓΟΥ.²

1237 4306 1332 4393 s.
1409 4305 1517 4393 P.
1596 4305 1759 4422 N._
1811 4304 2470 4395 ATHANASII

1174 4495 1287 4556 DE
1348 4496 1999 4562 INCARNATIONE
2065 4496 2222 4557 DEI
2276 4495 2548 4557 VERBI.

279 4755 690 4828 ὐμολογοῦμεν
716 4756 809 4810 τὸν
836 4756 964 4810 Υἱδν
992 4756 1084 4810 τοῦ
1125 4756 1283 4823 Θεοῦ,
1313 4758 1404 4813 τὸν
1446 4760 1553 4832 πρὸ
1582 4761 1794 4815 αἰώνων

1975 4761 2019 4830 ι
2056 4758 2392 4815 Conlitemur
2417 4756 2611 4811 Filium
2642 4755 2737 4812 Dei
2779 4764 2903 4813 ante
2943 4758 3139 4813 saecula
3173 4758 3242 4813 ab
3270 4766 3472 4814 aeterno

196 4853 393 4914 ἁῖδίως
422 4853 488 4903 ὲκ
532 4849 627 4902 τοῦ
670 4849 890 4921 Πατρδς
929 4849 1279 4921 γεννηθέντα,
1324 4853 1414 4904 ἐπ’
1448 4853 1692 4923 ἐσχάτων

1936 4869 1965 4907 ι
2001 4851 2159 4905 Patre
2186 4850 2451 4921 genitum,
2497 4850 2789 4918 postremis
2829 4866 2956 4904 vero
3002 4851 3218 4906 saeculis
3260 4851 3331 4905 ob
3373 4868 3472 4906 no-

196 4944 309 4995 τῶν
341 4941 559 4995 αἰώνων
590 4939 682 4995 διὰ
718 4941 816 5012 τὴν
853 4942 1126 5013 ἡμετέραν
1160 4944 1432 5013 σωτηρίαν
1479 4946 1543 4997 ὲκ
1577 4947 1732 5018 Μαρί‹

1934 4957 2072 4999 tram
2126 4944 2356 4998 salutem
2382 4957 2446 4995 ex
2489 4940 2656 4995 Maria
2685 4942 2907 5012 Virgine
2953 4951 3139 4995 natum
3172 4943 3470 4998 secundum

195 5038 297 5105 τῆς
318 5032 608 5104 Παρθένου
639 5032 968 5103 γεννηθέντα
989 5033 1130 5086 κατὰ
1159 5034 1356 5106 σάρκα,
1384 5035 1460 5099 ὡς
1489 5034 1631 5101 θεῖος
1646 5038 1731 5090 Ἀτ

1930 5050 2145 5099 arnem,
2179 5034 2636 5105 quemadmodum
2668 5033 2825 5088 divus
2854 5035 3148 5103 Apostolus
3183 5033 3360 5097 docet,
3389 5035 3466 5088 in-

200 5128 392 5191 στολος
420 5125 664 5179 διδάσκει
701 5126 910 5194 λέγων·
956 5143 975 5176 ι
1008 5127 1138 5179 ’Ὀτε
1171 5126 1229 5179 δὲ
1261 5123 1393 5197 ἦλθε
1435 5128 1494 5180 τὸ
1523 5128 1736 5202 πλήρωε

1936 5128 2099 5198 piens
2135 5143 2149 5180 :
2181 5143 2200 5175 ι
2230 5124 2301 5178 At
2343 5124 2435 5178 ubi
2473 5124 2624 5178 venit
2671 5124 2951 5193 plenitudo
2988 5124 3271 5195 temporis,
3321 5124 3472 5177 misit

195 5220 293 5273 τοῦ
324 5220 548 5290 χρόνον,
580 5218 958 5284 ἐξαπέστειλεν
980 5221 1008 5272 ό
1040 5218 1172 5282 Θεὸς
1192 5217 1283 5272 τὸν
1310 5218 1438 5273 Υῑὸν
1467 5220 1652 5287 αὑτοῦ,
1675 5239 1731 5292 γε

1935 5225 2046 5273 Deus
2079 5214 2274 5269 Filium
2307 5229 2487 5279 suum,
2522 5221 2709 5267 natum
2741 5230 2804 5267 ex
2845 5215 3072 5270 muliere
3102 5217 3140 5267 ¹.
3171 5232 3192 5266 ι
3233 5214 3471 5269 Conﬁte-

197 5311 447 5382 νὼμενον
488 5311 556 5363 ἐκ
605 5309 880 5379 γυναικός.
913 5329 932 5362 s
977 5308 1374 5382 Ὀμολογοῦμεν
1424 5309 1482 5363 δὲ
1528 5306 1667 5366 εἶναι
1704 5329 1733 5365 τ

1933 5325 2027 5366 aur
2049 5307 2236 5373 etiam,
2268 5304 2517 5361 eumdem
2564 5319 2687 5359 esse
2716 5303 2914 5358 Filium
2961 5307 3049 5360 Dei
3083 5314 3138 5360 et
3172 5303 3343 5360 Deum
3384 5321 3469 5361 se-

197 5403 371 5456 αὐτὸν
404 5401 535 5455 Υἱὺν
559 5400 718 5457 Θεοῦ.
748 5401 843 5455 καὶ
863 5400 994 5455 Θεὸν
1025 5400 1166 5455 κατὰ
1197 5399 1444 5471 πνεῦμα·
1474 5402 1587 5455 υἱὸν
1611 5401 1669 5454 δὲ
1696 5403 1731 5455 ἀ

1935 5399 2139 5454 undum
2164 5396 2453 5467 spiritum;
2480 5396 2718 5451 hominis
2753 5403 2933 5449 autem
2970 5395 3137 5449 tilium
3169 5395 3469 5451 secundum

200 5495 426 5565 θρώτωυ
458 5493 605 5548 κατὰ
644 5497 844 5566 σάρκα.
886 5493 962 5547 Οὐ
990 5492 1083 5547 δύο
1121 5492 1332 5563 φύσεις,
1365 5492 1457 5549 τὸν
1500 5493 1598 5549 ἕνα
1639 5494 1736 5548 Υἰὸ

1932 5506 2142 5548 arnem.
2187 5487 2308 5545 Non
2349 5487 2487 5545 duas
2521 5495 2768 5553 naturas,
2819 5486 3014 5543 Filium
3064 5503 3255 5556 unum,
3307 5502 3467 5543 unam

276 5656 294 5687 ¹
338 5653 457 5710 Gal.
517 5668 595 5717 Iv,
626 5651 682 5710 4.

682 5736 698 5770 ὶ
