  <div class='ocr_page' id='page_1' title='image "/cluster/home/n/w/nwhite01/storage/ocr_20150623/28/nnc1.0046978690/041.png"; bbox 0 0 3890 6186; ppageno 0'>
   <div class='ocr_carea' id='block_1_1' title="bbox 393 219 3642 285">
    <p class='ocr_par' dir='ltr' id='par_1_1' title="bbox 393 219 3642 285">
     <span class='ocr_line' id='line_1_1' title="bbox 393 219 3642 285; baseline 0.002 -10"><span class='ocrx_word' id='word_1_1' title='bbox 393 229 468 285; x_wconf 71' lang='grc'><strong>27</strong></span> <span class='ocrx_word' id='word_1_2' title='bbox 1494 221 1549 275; x_wconf 92' lang='lat' dir='ltr'><strong>S.</strong></span> <span class='ocrx_word' id='word_1_3' title='bbox 1593 219 2060 278; x_wconf 71' lang='lat' dir='ltr'><strong>ATHANASIUS.</strong></span> <span class='ocrx_word' id='word_1_4' title='bbox 2097 251 2168 263; x_wconf 90' lang='lat'><strong>—</strong></span> <span class='ocrx_word' id='word_1_5' title='bbox 2207 221 2435 278; x_wconf 78' lang='lat' dir='ltr'><strong>DUBIA.</strong></span> <span class='ocrx_word' id='word_1_6' title='bbox 3568 228 3642 282; x_wconf 81' lang='grc'><strong>28</strong></span> 
     </span>
    </p>
   </div>
   <div class='ocr_carea' id='block_1_2' title="bbox 395 321 1973 410">
    <p class='ocr_par' dir='ltr' id='par_1_2' title="bbox 395 321 1967 401">
     <span class='ocr_line' id='line_1_2' title="bbox 395 321 1967 401; baseline -0.008 -1"><span class='ocrx_word' id='word_1_7' title='bbox 395 341 726 401; x_wconf 89' lang='lat' dir='ltr'><strong>adorandam</strong></span> <span class='ocrx_word' id='word_1_8' title='bbox 779 346 833 394; x_wconf 88' lang='lat' dir='ltr'><strong>et</strong></span> <span class='ocrx_word' id='word_1_9' title='bbox 888 321 1051 391; x_wconf 77' lang='lat' dir='ltr'><strong>unam</strong></span> <span class='ocrx_word' id='word_1_10' title='bbox 1092 350 1201 389; x_wconf 89' lang='lat' dir='ltr'><strong>non</strong></span> <span class='ocrx_word' id='word_1_11' title='bbox 1253 334 1583 388; x_wconf 74' lang='lat' dir='ltr'><strong>adorandum</strong></span> <span class='ocrx_word' id='word_1_12' title='bbox 1616 353 1628 387; x_wconf 89' lang='lat'><strong>:</strong></span> <span class='ocrx_word' id='word_1_13' title='bbox 1662 334 1756 387; x_wconf 87' lang='lat' dir='ltr'><strong>sed</strong></span> <span class='ocrx_word' id='word_1_14' title='bbox 1803 349 1967 387; x_wconf 90' lang='lat' dir='ltr'><strong>unam</strong></span> 
     </span>
    </p>
   </div>
   <div class='ocr_carea' id='block_1_3' title="bbox 2076 321 3647 410">
    <p class='ocr_par' dir='ltr' id='par_1_3' title="bbox 2076 333 3647 410">
     <span class='ocr_line' id='line_1_3' title="bbox 2076 333 3647 410; baseline 0.006 -25"><span class='ocrx_word' id='word_1_15' title='bbox 2076 333 2204 402; x_wconf 86' lang='grc' dir='ltr'>μίαν</span> <span class='ocrx_word' id='word_1_16' title='bbox 2251 335 2665 406; x_wconf 80' lang='grc' dir='ltr'>προσκυνητὴν,</span> <span class='ocrx_word' id='word_1_17' title='bbox 2716 336 2807 389; x_wconf 72' lang='grc' dir='ltr'><strong>καὶ</strong></span> <span class='ocrx_word' id='word_1_18' title='bbox 2853 336 2981 406; x_wconf 85' lang='grc' dir='ltr'>μίαν</span> <span class='ocrx_word' id='word_1_19' title='bbox 3023 336 3471 410; x_wconf 55' lang='grc' dir='ltr'>ἀπροσκυνητονί</span> <span class='ocrx_word' id='word_1_20' title='bbox 3509 343 3647 396; x_wconf 82' lang='grc' dir='ltr'><strong>άλλά</strong></span> 
     </span>
    </p>
   </div>
   <div class='ocr_carea' id='block_1_4' title="bbox 396 423 1964 489">
    <p class='ocr_par' dir='ltr' id='par_1_4' title="bbox 396 423 1964 489">
     <span class='ocr_line' id='line_1_4' title="bbox 396 423 1964 489; baseline -0.008 0"><span class='ocrx_word' id='word_1_21' title='bbox 396 441 645 489; x_wconf 89' lang='lat' dir='ltr'><strong>naturam</strong></span> <span class='ocrx_word' id='word_1_22' title='bbox 676 430 766 485; x_wconf 90' lang='lat' dir='ltr'><strong>Dei</strong></span> <span class='ocrx_word' id='word_1_23' title='bbox 796 427 959 484; x_wconf 79' lang='lat' dir='ltr'><strong>Verbi</strong></span> <span class='ocrx_word' id='word_1_24' title='bbox 995 426 1353 488; x_wconf 77' lang='lat' dir='ltr'><strong>incantatam,</strong></span> <span class='ocrx_word' id='word_1_25' title='bbox 1395 432 1448 478; x_wconf 87' lang='lat' dir='ltr'><strong>et</strong></span> <span class='ocrx_word' id='word_1_26' title='bbox 1474 423 1809 478; x_wconf 80' lang='lat' dir='ltr'><strong>adorandam</strong></span> <span class='ocrx_word' id='word_1_27' title='bbox 1842 438 1964 478; x_wconf 90' lang='lat' dir='ltr'><strong>cum</strong></span> 
     </span>
    </p>
   </div>
   <div class='ocr_carea' id='block_1_5' title="bbox 395 514 1965 587">
    <p class='ocr_par' dir='ltr' id='par_1_5' title="bbox 395 514 1965 587">
     <span class='ocr_line' id='line_1_5' title="bbox 395 514 1965 587; baseline -0.009 -6"><span class='ocrx_word' id='word_1_28' title='bbox 395 540 564 581; x_wconf 88' lang='lat' dir='ltr'><strong>carne</strong></span> <span class='ocrx_word' id='word_1_29' title='bbox 589 539 710 587; x_wconf 87' lang='lat' dir='ltr'><strong>sua,</strong></span> <span class='ocrx_word' id='word_1_30' title='bbox 735 521 1054 576; x_wconf 88' lang='lat' dir='ltr'><strong>adoratione</strong></span> <span class='ocrx_word' id='word_1_31' title='bbox 1076 532 1205 572; x_wconf 90' lang='lat' dir='ltr'><strong>una.</strong></span> <span class='ocrx_word' id='word_1_32' title='bbox 1228 516 1415 586; x_wconf 86' lang='lat' dir='ltr'><strong>Neque</strong></span> <span class='ocrx_word' id='word_1_33' title='bbox 1443 514 1583 571; x_wconf 90' lang='lat' dir='ltr'><strong>duos</strong></span> <span class='ocrx_word' id='word_1_34' title='bbox 1605 516 1767 579; x_wconf 87' lang='lat' dir='ltr'><strong>tilios,</strong></span> <span class='ocrx_word' id='word_1_35' title='bbox 1799 515 1965 569; x_wconf 88' lang='lat' dir='ltr'><strong>alium</strong></span> 
     </span>
    </p>
   </div>
   <div class='ocr_carea' id='block_1_6' title="bbox 393 607 1965 679">
    <p class='ocr_par' dir='ltr' id='par_1_6' title="bbox 393 607 1965 679">
     <span class='ocr_line' id='line_1_6' title="bbox 393 607 1965 679; baseline -0.007 -7"><span class='ocrx_word' id='word_1_36' title='bbox 393 617 491 672; x_wconf 89' lang='lat' dir='ltr'><strong>Dei</strong></span> <span class='ocrx_word' id='word_1_37' title='bbox 518 615 739 679; x_wconf 82' lang='lat' dir='ltr'><strong>Filium,</strong></span> <span class='ocrx_word' id='word_1_38' title='bbox 770 628 960 669; x_wconf 89' lang='lat' dir='ltr'><strong>verum</strong></span> <span class='ocrx_word' id='word_1_39' title='bbox 1003 610 1171 665; x_wconf 90' lang='lat' dir='ltr'><strong>Deum</strong></span> <span class='ocrx_word' id='word_1_40' title='bbox 1204 619 1255 664; x_wconf 91' lang='lat' dir='ltr'><strong>et</strong></span> <span class='ocrx_word' id='word_1_41' title='bbox 1287 607 1643 673; x_wconf 88' lang='lat' dir='ltr'><strong>adorandum,</strong></span> <span class='ocrx_word' id='word_1_42' title='bbox 1687 609 1848 663; x_wconf 89' lang='lat' dir='ltr'><strong>alium</strong></span> <span class='ocrx_word' id='word_1_43' title='bbox 1901 624 1965 663; x_wconf 85' lang='lat' dir='ltr'><strong>ex</strong></span> 
     </span>
    </p>
   </div>
   <div class='ocr_carea' id='block_1_7' title="bbox 394 701 1969 772">
    <p class='ocr_par' dir='ltr' id='par_1_7' title="bbox 394 701 1969 772">
     <span class='ocr_line' id='line_1_7' title="bbox 394 701 1969 772; baseline -0.006 -10"><span class='ocrx_word' id='word_1_44' title='bbox 394 708 560 762; x_wconf 86' lang='lat' dir='ltr'><strong>Maria</strong></span> <span class='ocrx_word' id='word_1_45' title='bbox 591 705 888 770; x_wconf 86' lang='lat' dir='ltr'><strong>hominem,</strong></span> <span class='ocrx_word' id='word_1_46' title='bbox 922 702 1014 772; x_wconf 90' lang='lat' dir='ltr'><strong>qui</strong></span> <span class='ocrx_word' id='word_1_47' title='bbox 1049 717 1156 756; x_wconf 92' lang='lat' dir='ltr'><strong>non</strong></span> <span class='ocrx_word' id='word_1_48' title='bbox 1186 701 1462 765; x_wconf 75' lang='lat' dir='ltr'><strong>adoretur,</strong></span> <span class='ocrx_word' id='word_1_49' title='bbox 1490 701 1691 770; x_wconf 87' lang='lat' dir='ltr'><strong>quique</strong></span> <span class='ocrx_word' id='word_1_50' title='bbox 1721 715 1817 768; x_wconf 89' lang='lat' dir='ltr'><strong>per</strong></span> <span class='ocrx_word' id='word_1_51' title='bbox 1847 714 1969 768; x_wconf 83' lang='lat' dir='ltr'><strong>gra-</strong></span> 
     </span>
    </p>
   </div>
   <div class='ocr_carea' id='block_1_8' title="bbox 395 788 1963 864">
    <p class='ocr_par' dir='ltr' id='par_1_8' title="bbox 395 788 1963 864">
     <span class='ocr_line' id='line_1_8' title="bbox 395 788 1963 864; baseline -0.006 -12"><span class='ocrx_word' id='word_1_52' title='bbox 395 799 549 864; x_wconf 89' lang='lat' dir='ltr'><strong>tiam,</strong></span> <span class='ocrx_word' id='word_1_53' title='bbox 575 804 636 851; x_wconf 93' lang='lat' dir='ltr'><strong>ut</strong></span> <span class='ocrx_word' id='word_1_54' title='bbox 663 796 935 856; x_wconf 83' lang='lat' dir='ltr'><strong>homines,</strong></span> <span class='ocrx_word' id='word_1_55' title='bbox 961 791 1133 847; x_wconf 82' lang='lat' dir='ltr'><strong>Filius</strong></span> <span class='ocrx_word' id='word_1_56' title='bbox 1156 791 1251 846; x_wconf 88' lang='lat' dir='ltr'><strong>Dei</strong></span> <span class='ocrx_word' id='word_1_57' title='bbox 1278 792 1454 845; x_wconf 89' lang='lat' dir='ltr'><strong>factus</strong></span> <span class='ocrx_word' id='word_1_58' title='bbox 1480 792 1584 857; x_wconf 89' lang='lat' dir='ltr'><strong>sit;</strong></span> <span class='ocrx_word' id='word_1_59' title='bbox 1622 791 1716 845; x_wconf 87' lang='lat' dir='ltr'><strong>sed</strong></span> <span class='ocrx_word' id='word_1_60' title='bbox 1738 806 1804 844; x_wconf 80' lang='lat' dir='ltr'><strong>ex</strong></span> <span class='ocrx_word' id='word_1_61' title='bbox 1834 788 1963 853; x_wconf 90' lang='lat' dir='ltr'><strong>Deo,</strong></span> 
     </span>
    </p>
   </div>
   <div class='ocr_carea' id='block_1_9' title="bbox 395 883 1968 953">
    <p class='ocr_par' dir='ltr' id='par_1_9' title="bbox 395 883 1968 953">
     <span class='ocr_line' id='line_1_9' title="bbox 395 883 1968 953; baseline -0.006 -10"><span class='ocrx_word' id='word_1_62' title='bbox 395 900 457 943; x_wconf 84' lang='lat' dir='ltr'><strong>ut</strong></span> <span class='ocrx_word' id='word_1_63' title='bbox 485 888 620 952; x_wconf 80' lang='lat' dir='ltr'><strong>dixi,</strong></span> <span class='ocrx_word' id='word_1_64' title='bbox 658 902 825 941; x_wconf 90' lang='lat' dir='ltr'><strong>unum</strong></span> <span class='ocrx_word' id='word_1_65' title='bbox 857 884 1054 939; x_wconf 86' lang='lat' dir='ltr'><strong>Filium</strong></span> <span class='ocrx_word' id='word_1_66' title='bbox 1090 885 1183 938; x_wconf 92' lang='lat' dir='ltr'><strong>Dei</strong></span> <span class='ocrx_word' id='word_1_67' title='bbox 1212 892 1267 939; x_wconf 88' lang='lat' dir='ltr'><strong>et</strong></span> <span class='ocrx_word' id='word_1_68' title='bbox 1303 883 1513 947; x_wconf 87' lang='lat' dir='ltr'><strong>Deum;</strong></span> <span class='ocrx_word' id='word_1_69' title='bbox 1548 898 1672 937; x_wconf 89' lang='lat' dir='ltr'><strong>eum</strong></span> <span class='ocrx_word' id='word_1_70' title='bbox 1705 883 1889 953; x_wconf 89' lang='lat' dir='ltr'><strong>ipsum</strong></span> <span class='ocrx_word' id='word_1_71' title='bbox 1914 888 1968 935; x_wconf 90' lang='lat' dir='ltr'><strong>et</strong></span> 
     </span>
    </p>
   </div>
   <div class='ocr_carea' id='block_1_10' title="bbox 394 973 1999 1045">
    <p class='ocr_par' dir='ltr' id='par_1_10' title="bbox 394 973 1999 1045">
     <span class='ocr_line' id='line_1_10' title="bbox 394 973 1999 1045; baseline -0.006 -11"><span class='ocrx_word' id='word_1_72' title='bbox 394 995 507 1034; x_wconf 92' lang='lat' dir='ltr'><strong>non</strong></span> <span class='ocrx_word' id='word_1_73' title='bbox 533 980 697 1033; x_wconf 92' lang='lat' dir='ltr'><strong>alium</strong></span> <span class='ocrx_word' id='word_1_74' title='bbox 722 985 910 1031; x_wconf 91' lang='lat' dir='ltr'><strong>natum</strong></span> <span class='ocrx_word' id='word_1_75' title='bbox 935 992 1002 1031; x_wconf 78' lang='lat' dir='ltr'><strong>ex</strong></span> <span class='ocrx_word' id='word_1_76' title='bbox 1023 975 1192 1029; x_wconf 85' lang='lat' dir='ltr'><strong>Maria</strong></span> <span class='ocrx_word' id='word_1_77' title='bbox 1217 976 1517 1030; x_wconf 89' lang='lat' dir='ltr'><strong>secundum</strong></span> <span class='ocrx_word' id='word_1_78' title='bbox 1544 988 1763 1028; x_wconf 89' lang='lat' dir='ltr'><strong>carnem</strong></span> <span class='ocrx_word' id='word_1_79' title='bbox 1788 973 1840 1026; x_wconf 92' lang='lat' dir='ltr'><strong>in</strong></span> <span class='ocrx_word' id='word_1_80' title='bbox 1870 988 1967 1026; x_wconf 83' lang='lat' dir='ltr'><strong>no—</strong></span> <span class='ocrx_word' id='word_1_81' title='bbox 1994 1036 1999 1045; x_wconf 40' lang='grc'><em>,</em></span> 
     </span>
    </p>
   </div>
   <div class='ocr_carea' id='block_1_11' title="bbox 393 1065 1969 1138">
    <p class='ocr_par' dir='ltr' id='par_1_11' title="bbox 393 1065 1969 1138">
     <span class='ocr_line' id='line_1_11' title="bbox 393 1065 1969 1138; baseline -0.005 -11"><span class='ocrx_word' id='word_1_82' title='bbox 393 1071 639 1127; x_wconf 79' lang='lat' dir='ltr'><strong>vissimis</strong></span> <span class='ocrx_word' id='word_1_83' title='bbox 674 1071 887 1134; x_wconf 79' lang='lat' dir='ltr'><strong>diebus,</strong></span> <span class='ocrx_word' id='word_1_84' title='bbox 936 1068 1402 1138; x_wconf 86' lang='lat' dir='ltr'><strong>quemadmodum</strong></span> <span class='ocrx_word' id='word_1_85' title='bbox 1453 1067 1682 1137; x_wconf 83' lang='lat' dir='ltr'><strong>angelus</strong></span> <span class='ocrx_word' id='word_1_86' title='bbox 1726 1065 1969 1136; x_wconf 71' lang='lat' dir='ltr'><strong>Deiparte</strong></span> 
     </span>
    </p>
   </div>
   <div class='ocr_carea' id='block_1_12' title="bbox 395 1157 1969 1228">
    <p class='ocr_par' dir='ltr' id='par_1_12' title="bbox 395 1157 1969 1228">
     <span class='ocr_line' id='line_1_12' title="bbox 395 1157 1969 1228; baseline -0.004 -12"><span class='ocrx_word' id='word_1_87' title='bbox 395 1161 578 1216; x_wconf 69' lang='lat' dir='ltr'><strong>Mariae</strong></span> <span class='ocrx_word' id='word_1_88' title='bbox 606 1161 810 1215; x_wconf 90' lang='lat' dir='ltr'><strong>dicenti</strong></span> <span class='ocrx_word' id='word_1_89' title='bbox 841 1180 853 1214; x_wconf 92' lang='lat'><strong>:</strong></span> <span class='ocrx_word' id='word_1_90' title='bbox 881 1178 899 1211; x_wconf 80' lang='grc' dir='ltr'><strong>ι</strong></span> <span class='ocrx_word' id='word_1_91' title='bbox 931 1157 1215 1225; x_wconf 81' lang='lat' dir='ltr'><strong>Quomodo</strong></span> <span class='ocrx_word' id='word_1_92' title='bbox 1258 1157 1349 1214; x_wconf 86' lang='lat' dir='ltr'><strong>fiet</strong></span> <span class='ocrx_word' id='word_1_93' title='bbox 1397 1158 1565 1223; x_wconf 91' lang='lat' dir='ltr'><strong>istud,</strong></span> <span class='ocrx_word' id='word_1_94' title='bbox 1600 1157 1856 1228; x_wconf 91' lang='lat' dir='ltr'><strong>quoniam</strong></span> <span class='ocrx_word' id='word_1_95' title='bbox 1888 1157 1969 1210; x_wconf 88' lang='lat' dir='ltr'><strong>vi-</strong></span> 
     </span>
    </p>
   </div>
   <div class='ocr_carea' id='block_1_13' title="bbox 396 1250 1969 1324">
    <p class='ocr_par' dir='ltr' id='par_1_13' title="bbox 396 1250 1969 1324">
     <span class='ocr_line' id='line_1_13' title="bbox 396 1250 1969 1324; baseline -0.003 -16"><span class='ocrx_word' id='word_1_96' title='bbox 396 1270 519 1309; x_wconf 89' lang='lat' dir='ltr'><strong>rum</strong></span> <span class='ocrx_word' id='word_1_97' title='bbox 553 1270 661 1307; x_wconf 89' lang='lat' dir='ltr'><strong>non</strong></span> <span class='ocrx_word' id='word_1_98' title='bbox 701 1268 973 1324; x_wconf 84' lang='lat' dir='ltr'><strong>cognosco</strong></span> <span class='ocrx_word' id='word_1_99' title='bbox 998 1252 1058 1305; x_wconf 65' lang='grc' dir='ltr'><strong>’ἲ</strong></span> <span class='ocrx_word' id='word_1_100' title='bbox 1086 1271 1103 1303; x_wconf 74' lang='grc' dir='ltr'><strong>ι</strong></span> <span class='ocrx_word' id='word_1_101' title='bbox 1149 1253 1245 1315; x_wconf 88' lang='lat' dir='ltr'><strong>ait,</strong></span> <span class='ocrx_word' id='word_1_102' title='bbox 1284 1271 1301 1302; x_wconf 77' lang='grc' dir='ltr'><strong>ι</strong></span> <span class='ocrx_word' id='word_1_103' title='bbox 1337 1250 1574 1320; x_wconf 87' lang='lat' dir='ltr'><strong>Spiritus</strong></span> <span class='ocrx_word' id='word_1_104' title='bbox 1622 1257 1846 1304; x_wconf 91' lang='lat' dir='ltr'><strong>sanctus</strong></span> <span class='ocrx_word' id='word_1_105' title='bbox 1877 1265 1969 1304; x_wconf 87' lang='lat' dir='ltr'><strong>su-</strong></span> 
     </span>
    </p>
   </div>
   <div class='ocr_carea' id='block_1_14' title="bbox 394 1342 1963 1418">
    <p class='ocr_par' dir='ltr' id='par_1_14' title="bbox 394 1342 1963 1418">
     <span class='ocr_line' id='line_1_14' title="bbox 394 1342 1963 1418; baseline -0.004 -16"><span class='ocrx_word' id='word_1_106' title='bbox 394 1346 674 1418; x_wconf 83' lang='lat' dir='ltr'><strong>perveniet</strong></span> <span class='ocrx_word' id='word_1_107' title='bbox 698 1347 752 1399; x_wconf 92' lang='lat' dir='ltr'><strong>in</strong></span> <span class='ocrx_word' id='word_1_108' title='bbox 783 1353 856 1405; x_wconf 86' lang='lat' dir='ltr'><strong>te,</strong></span> <span class='ocrx_word' id='word_1_109' title='bbox 890 1352 944 1399; x_wconf 91' lang='lat' dir='ltr'><strong>et</strong></span> <span class='ocrx_word' id='word_1_110' title='bbox 966 1345 1141 1398; x_wconf 86' lang='lat' dir='ltr'><strong>virtus</strong></span> <span class='ocrx_word' id='word_1_111' title='bbox 1166 1343 1431 1398; x_wconf 80' lang='lat' dir='ltr'><strong>Altissimi</strong></span> <span class='ocrx_word' id='word_1_112' title='bbox 1455 1342 1803 1397; x_wconf 88' lang='lat' dir='ltr'><strong>obumbrabit</strong></span> <span class='ocrx_word' id='word_1_113' title='bbox 1831 1342 1963 1396; x_wconf 86' lang='lat' dir='ltr'><strong>tibi:</strong></span> 
     </span>
    </p>
   </div>
   <div class='ocr_carea' id='block_1_15' title="bbox 396 1433 1968 1509">
    <p class='ocr_par' dir='ltr' id='par_1_15' title="bbox 396 1433 1968 1509">
     <span class='ocr_line' id='line_1_15' title="bbox 396 1433 1968 1509; baseline -0.003 -15"><span class='ocrx_word' id='word_1_114' title='bbox 396 1440 627 1509; x_wconf 88' lang='lat' dir='ltr'><strong>ideoque</strong></span> <span class='ocrx_word' id='word_1_115' title='bbox 677 1437 819 1507; x_wconf 84' lang='lat' dir='ltr'><strong>quod</strong></span> <span class='ocrx_word' id='word_1_116' title='bbox 853 1446 1109 1491; x_wconf 81' lang='lat' dir='ltr'><strong>nascetur</strong></span> <span class='ocrx_word' id='word_1_117' title='bbox 1152 1444 1422 1499; x_wconf 89' lang='lat' dir='ltr'><strong>sanctum,</strong></span> <span class='ocrx_word' id='word_1_118' title='bbox 1463 1435 1753 1490; x_wconf 84' lang='lat' dir='ltr'><strong>vocabitur</strong></span> <span class='ocrx_word' id='word_1_119' title='bbox 1795 1433 1968 1489; x_wconf 87' lang='lat' dir='ltr'><strong>Filius</strong></span> 
     </span>
    </p>
   </div>
   <div class='ocr_carea' id='block_1_16' title="bbox 394 1525 1969 1599">
    <p class='ocr_par' dir='ltr' id='par_1_16' title="bbox 394 1525 1969 1599">
     <span class='ocr_line' id='line_1_16' title="bbox 394 1525 1969 1599; baseline -0.003 -15"><span class='ocrx_word' id='word_1_120' title='bbox 394 1530 489 1587; x_wconf 91' lang='lat' dir='ltr'><strong>Dei</strong></span> <span class='ocrx_word' id='word_1_121' title='bbox 518 1531 559 1585; x_wconf 88' lang='grc'><strong>³.</strong></span> <span class='ocrx_word' id='word_1_122' title='bbox 597 1550 615 1582; x_wconf 70' lang='grc' dir='ltr'><strong>ι</strong></span> <span class='ocrx_word' id='word_1_123' title='bbox 653 1529 757 1596; x_wconf 85' lang='lat' dir='ltr'><strong>Qui</strong></span> <span class='ocrx_word' id='word_1_124' title='bbox 793 1529 956 1599; x_wconf 79' lang='lat' dir='ltr'><strong>igitur</strong></span> <span class='ocrx_word' id='word_1_125' title='bbox 1003 1536 1164 1583; x_wconf 90' lang='lat' dir='ltr'><strong>natus</strong></span> <span class='ocrx_word' id='word_1_126' title='bbox 1193 1537 1276 1583; x_wconf 88' lang='lat' dir='ltr'><strong>est</strong></span> <span class='ocrx_word' id='word_1_127' title='bbox 1304 1544 1368 1583; x_wconf 74' lang='lat' dir='ltr'><strong>ex</strong></span> <span class='ocrx_word' id='word_1_128' title='bbox 1404 1526 1626 1597; x_wconf 80' lang='lat' dir='ltr'><strong>Virgine</strong></span> <span class='ocrx_word' id='word_1_129' title='bbox 1654 1525 1845 1592; x_wconf 81' lang='lat' dir='ltr'><strong>Maria,</strong></span> <span class='ocrx_word' id='word_1_130' title='bbox 1878 1525 1969 1580; x_wconf 86' lang='lat' dir='ltr'><strong>Fi-</strong></span> 
     </span>
    </p>
   </div>
   <div class='ocr_carea' id='block_1_17' title="bbox 395 1619 1969 1689">
    <p class='ocr_par' dir='ltr' id='par_1_17' title="bbox 395 1619 1969 1689">
     <span class='ocr_line' id='line_1_17' title="bbox 395 1619 1969 1689; baseline -0.003 -12"><span class='ocrx_word' id='word_1_131' title='bbox 395 1623 503 1678; x_wconf 90' lang='lat' dir='ltr'><strong>lius</strong></span> <span class='ocrx_word' id='word_1_132' title='bbox 542 1620 636 1676; x_wconf 92' lang='lat' dir='ltr'><strong>Dei</strong></span> <span class='ocrx_word' id='word_1_133' title='bbox 679 1630 874 1676; x_wconf 88' lang='lat' dir='ltr'><strong>natura</strong></span> <span class='ocrx_word' id='word_1_134' title='bbox 917 1629 971 1676; x_wconf 78' lang='lat' dir='ltr'><strong>et</strong></span> <span class='ocrx_word' id='word_1_135' title='bbox 1008 1619 1148 1676; x_wconf 84' lang='lat' dir='ltr'><strong>Deus</strong></span> <span class='ocrx_word' id='word_1_136' title='bbox 1201 1636 1384 1684; x_wconf 88' lang='lat' dir='ltr'><strong>verus,</strong></span> <span class='ocrx_word' id='word_1_137' title='bbox 1421 1635 1531 1674; x_wconf 89' lang='lat' dir='ltr'><strong>non</strong></span> <span class='ocrx_word' id='word_1_138' title='bbox 1577 1619 1749 1689; x_wconf 79' lang='lat' dir='ltr'><strong>gratia</strong></span> <span class='ocrx_word' id='word_1_139' title='bbox 1791 1634 1969 1689; x_wconf 89' lang='lat' dir='ltr'><strong>neque</strong></span> 
     </span>
    </p>
   </div>
   <div class='ocr_carea' id='block_1_18' title="bbox 396 1713 1968 1786">
    <p class='ocr_par' dir='ltr' id='par_1_18' title="bbox 396 1713 1968 1786">
     <span class='ocr_line' id='line_1_18' title="bbox 396 1713 1968 1786; baseline -0.001 -19"><span class='ocrx_word' id='word_1_140' title='bbox 396 1714 829 1786; x_wconf 86' lang='lat' dir='ltr'><strong>participatione,</strong></span> <span class='ocrx_word' id='word_1_141' title='bbox 856 1713 1157 1769; x_wconf 88' lang='lat' dir='ltr'><strong>secundum</strong></span> <span class='ocrx_word' id='word_1_142' title='bbox 1190 1728 1411 1767; x_wconf 85' lang='lat' dir='ltr'><strong>carnem</strong></span> <span class='ocrx_word' id='word_1_143' title='bbox 1445 1719 1681 1776; x_wconf 89' lang='lat' dir='ltr'><strong>tantum,</strong></span> <span class='ocrx_word' id='word_1_144' title='bbox 1716 1726 1878 1782; x_wconf 88' lang='lat' dir='ltr'><strong>quam</strong></span> <span class='ocrx_word' id='word_1_145' title='bbox 1900 1728 1968 1767; x_wconf 78' lang='lat' dir='ltr'><strong>ex</strong></span> 
     </span>
    </p>
   </div>
   <div class='ocr_carea' id='block_1_19' title="bbox 396 1800 1968 1872">
    <p class='ocr_par' dir='ltr' id='par_1_19' title="bbox 396 1800 1968 1872">
     <span class='ocr_line' id='line_1_19' title="bbox 396 1800 1968 1872; baseline -0.001 -17"><span class='ocrx_word' id='word_1_146' title='bbox 396 1800 567 1855; x_wconf 79' lang='lat' dir='ltr'><strong>Maria</strong></span> <span class='ocrx_word' id='word_1_147' title='bbox 603 1802 783 1867; x_wconf 79' lang='lat' dir='ltr'><strong>habet,</strong></span> <span class='ocrx_word' id='word_1_148' title='bbox 816 1802 1015 1867; x_wconf 89' lang='lat' dir='ltr'><strong>homo;</strong></span> <span class='ocrx_word' id='word_1_149' title='bbox 1050 1802 1352 1857; x_wconf 86' lang='lat' dir='ltr'><strong>secundum</strong></span> <span class='ocrx_word' id='word_1_150' title='bbox 1384 1818 1514 1857; x_wconf 84' lang='lat' dir='ltr'><strong>vero</strong></span> <span class='ocrx_word' id='word_1_151' title='bbox 1543 1801 1793 1872; x_wconf 89' lang='lat' dir='ltr'><strong>spiritum</strong></span> <span class='ocrx_word' id='word_1_152' title='bbox 1826 1800 1968 1856; x_wconf 91' lang='lat' dir='ltr'><strong>idem</strong></span> 
     </span>
    </p>
   </div>
   <div class='ocr_carea' id='block_1_20' title="bbox 398 1893 1971 1964">
    <p class='ocr_par' dir='ltr' id='par_1_20' title="bbox 398 1893 1971 1964">
     <span class='ocr_line' id='line_1_20' title="bbox 398 1893 1971 1964; baseline -0.001 -14"><span class='ocrx_word' id='word_1_153' title='bbox 398 1895 488 1951; x_wconf 88' lang='lat' dir='ltr'><strong>ille</strong></span> <span class='ocrx_word' id='word_1_154' title='bbox 513 1894 684 1950; x_wconf 86' lang='lat' dir='ltr'><strong>Filius</strong></span> <span class='ocrx_word' id='word_1_155' title='bbox 720 1896 834 1962; x_wconf 89' lang='lat' dir='ltr'><strong>Dei,</strong></span> <span class='ocrx_word' id='word_1_156' title='bbox 870 1902 923 1950; x_wconf 88' lang='lat' dir='ltr'><strong>et</strong></span> <span class='ocrx_word' id='word_1_157' title='bbox 951 1894 1094 1950; x_wconf 87' lang='lat' dir='ltr'><strong>Deus</strong></span> <span class='ocrx_word' id='word_1_158' title='bbox 1135 1910 1335 1951; x_wconf 87' lang='lat' dir='ltr'><strong>verus:</strong></span> <span class='ocrx_word' id='word_1_159' title='bbox 1373 1910 1571 1964; x_wconf 91' lang='lat' dir='ltr'><strong>passus</strong></span> <span class='ocrx_word' id='word_1_160' title='bbox 1597 1893 1815 1964; x_wconf 89' lang='lat' dir='ltr'><strong>quidem</strong></span> <span class='ocrx_word' id='word_1_161' title='bbox 1844 1908 1971 1964; x_wconf 88' lang='lat' dir='ltr'><strong>pas-</strong></span> 
     </span>
    </p>
   </div>
   <div class='ocr_carea' id='block_1_21' title="bbox 396 1984 1966 2053">
    <p class='ocr_par' dir='ltr' id='par_1_21' title="bbox 396 1984 1966 2053">
     <span class='ocr_line' id='line_1_21' title="bbox 396 1984 1966 2053; baseline -0.003 -10"><span class='ocrx_word' id='word_1_162' title='bbox 396 1986 583 2043; x_wconf 85' lang='lat' dir='ltr'><strong>siones</strong></span> <span class='ocrx_word' id='word_1_163' title='bbox 614 1995 833 2042; x_wconf 87' lang='lat' dir='ltr'><strong>nostras</strong></span> <span class='ocrx_word' id='word_1_164' title='bbox 860 1984 1163 2040; x_wconf 87' lang='lat' dir='ltr'><strong>secundum</strong></span> <span class='ocrx_word' id='word_1_165' title='bbox 1192 1999 1435 2052; x_wconf 80' lang='lat' dir='ltr'><strong>carnem,</strong></span> <span class='ocrx_word' id='word_1_166' title='bbox 1463 1997 1523 2038; x_wconf 92' lang='lat' dir='ltr'><strong>ut</strong></span> <span class='ocrx_word' id='word_1_167' title='bbox 1553 1984 1817 2053; x_wconf 90' lang='lat' dir='ltr'><strong>scriptum</strong></span> <span class='ocrx_word' id='word_1_168' title='bbox 1851 1991 1966 2039; x_wconf 88' lang='lat' dir='ltr'><strong>est:</strong></span> 
     </span>
    </p>
   </div>
   <div class='ocr_carea' id='block_1_22' title="bbox 403 2075 1968 2150">
    <p class='ocr_par' dir='ltr' id='par_1_22' title="bbox 403 2075 1968 2150">
     <span class='ocr_line' id='line_1_22' title="bbox 403 2075 1968 2150; baseline -0.002 -18"><span class='ocrx_word' id='word_1_169' title='bbox 403 2098 422 2132; x_wconf 79' lang='grc' dir='ltr'><strong>ι</strong></span> <span class='ocrx_word' id='word_1_170' title='bbox 453 2079 674 2135; x_wconf 84' lang='lat' dir='ltr'><strong>Christo</strong></span> <span class='ocrx_word' id='word_1_171' title='bbox 696 2093 861 2150; x_wconf 83' lang='lat' dir='ltr'><strong>passo</strong></span> <span class='ocrx_word' id='word_1_172' title='bbox 893 2093 992 2148; x_wconf 87' lang='lat' dir='ltr'><strong>pro</strong></span> <span class='ocrx_word' id='word_1_173' title='bbox 1018 2077 1175 2131; x_wconf 91' lang='lat' dir='ltr'><strong>nobis</strong></span> <span class='ocrx_word' id='word_1_174' title='bbox 1200 2091 1365 2131; x_wconf 89' lang='lat' dir='ltr'><strong>carne</strong></span> <span class='ocrx_word' id='word_1_175' title='bbox 1386 2076 1408 2107; x_wconf 73' lang='grc'><strong>⁸</strong></span> <span class='ocrx_word' id='word_1_176' title='bbox 1434 2094 1449 2143; x_wconf 86' lang='grc'><strong>;</strong></span> <span class='ocrx_word' id='word_1_177' title='bbox 1482 2094 1499 2125; x_wconf 71' lang='grc' dir='ltr'><strong>ι</strong></span> <span class='ocrx_word' id='word_1_178' title='bbox 1534 2083 1588 2130; x_wconf 85' lang='lat' dir='ltr'><strong>et</strong></span> <span class='ocrx_word' id='word_1_179' title='bbox 1611 2075 1739 2129; x_wconf 84' lang='lat' dir='ltr'><strong>alibi</strong></span> <span class='ocrx_word' id='word_1_180' title='bbox 1767 2095 1780 2129; x_wconf 96' lang='lat'><strong>:</strong></span> <span class='ocrx_word' id='word_1_181' title='bbox 1818 2094 1835 2126; x_wconf 80' lang='grc' dir='ltr'><strong>ι</strong></span> <span class='ocrx_word' id='word_1_182' title='bbox 1865 2076 1968 2141; x_wconf 85' lang='lat' dir='ltr'><strong>Qui</strong></span> 
     </span>
    </p>
   </div>
   <div class='ocr_carea' id='block_1_23' title="bbox 397 2165 1972 2243">
    <p class='ocr_par' dir='ltr' id='par_1_23' title="bbox 397 2165 1972 2243">
     <span class='ocr_line' id='line_1_23' title="bbox 397 2165 1972 2243; baseline -0.003 -17"><span class='ocrx_word' id='word_1_183' title='bbox 397 2170 621 2243; x_wconf 89' lang='lat' dir='ltr'><strong>proprio</strong></span> <span class='ocrx_word' id='word_1_184' title='bbox 664 2168 803 2225; x_wconf 88' lang='lat' dir='ltr'><strong>Filio</strong></span> <span class='ocrx_word' id='word_1_185' title='bbox 831 2186 939 2225; x_wconf 90' lang='lat' dir='ltr'><strong>non</strong></span> <span class='ocrx_word' id='word_1_186' title='bbox 974 2168 1239 2239; x_wconf 83' lang='lat' dir='ltr'><strong>pepercit,</strong></span> <span class='ocrx_word' id='word_1_187' title='bbox 1276 2167 1370 2222; x_wconf 89' lang='lat' dir='ltr'><strong>sed</strong></span> <span class='ocrx_word' id='word_1_188' title='bbox 1403 2181 1503 2237; x_wconf 90' lang='lat' dir='ltr'><strong>pro</strong></span> <span class='ocrx_word' id='word_1_189' title='bbox 1533 2165 1693 2220; x_wconf 85' lang='lat' dir='ltr'><strong>nobis</strong></span> <span class='ocrx_word' id='word_1_190' title='bbox 1718 2167 1972 2222; x_wconf 90' lang='lat' dir='ltr'><strong>omnibus</strong></span> 
     </span>
    </p>
   </div>
   <div class='ocr_carea' id='block_1_24' title="bbox 397 2256 1972 2329">
    <p class='ocr_par' dir='ltr' id='par_1_24' title="bbox 397 2256 1972 2329">
     <span class='ocr_line' id='line_1_24' title="bbox 397 2256 1972 2329; baseline -0.006 -11"><span class='ocrx_word' id='word_1_191' title='bbox 397 2263 624 2318; x_wconf 88' lang='lat' dir='ltr'><strong>tradidit</strong></span> <span class='ocrx_word' id='word_1_192' title='bbox 655 2261 806 2317; x_wconf 92' lang='lat' dir='ltr'><strong>illum</strong></span> <span class='ocrx_word' id='word_1_193' title='bbox 832 2261 873 2315; x_wconf 83' lang='grc'><strong>⁸.</strong></span> <span class='ocrx_word' id='word_1_194' title='bbox 905 2281 923 2313; x_wconf 74' lang='grc' dir='ltr'><strong>ι</strong></span> <span class='ocrx_word' id='word_1_195' title='bbox 962 2258 1285 2329; x_wconf 88' lang='lat' dir='ltr'><strong>lmpatibilis</strong></span> <span class='ocrx_word' id='word_1_196' title='bbox 1314 2273 1442 2313; x_wconf 89' lang='lat' dir='ltr'><strong>vero</strong></span> <span class='ocrx_word' id='word_1_197' title='bbox 1476 2267 1757 2328; x_wconf 87' lang='lat' dir='ltr'><strong>permanet</strong></span> <span class='ocrx_word' id='word_1_198' title='bbox 1787 2266 1841 2312; x_wconf 88' lang='lat' dir='ltr'><strong>ct</strong></span> <span class='ocrx_word' id='word_1_199' title='bbox 1878 2256 1972 2310; x_wconf 90' lang='lat' dir='ltr'><strong>im-</strong></span> 
     </span>
    </p>
   </div>
   <div class='ocr_carea' id='block_1_25' title="bbox 396 2350 1973 2420">
    <p class='ocr_par' dir='ltr' id='par_1_25' title="bbox 396 2350 1973 2420">
     <span class='ocr_line' id='line_1_25' title="bbox 396 2350 1973 2420; baseline -0.004 -10"><span class='ocrx_word' id='word_1_200' title='bbox 396 2354 675 2410; x_wconf 87' lang='lat' dir='ltr'><strong>mutabilis</strong></span> <span class='ocrx_word' id='word_1_201' title='bbox 727 2353 1027 2409; x_wconf 89' lang='lat' dir='ltr'><strong>sccundum</strong></span> <span class='ocrx_word' id='word_1_202' title='bbox 1072 2351 1350 2416; x_wconf 88' lang='lat' dir='ltr'><strong>deitatem,</strong></span> <span class='ocrx_word' id='word_1_203' title='bbox 1404 2350 1482 2403; x_wconf 89' lang='lat' dir='ltr'><strong>uti</strong></span> <span class='ocrx_word' id='word_1_204' title='bbox 1523 2351 1725 2405; x_wconf 89' lang='lat' dir='ltr'><strong>dicitur</strong></span> <span class='ocrx_word' id='word_1_205' title='bbox 1767 2365 1797 2403; x_wconf 86' lang='lat' dir='ltr'><strong>a</strong></span> <span class='ocrx_word' id='word_1_206' title='bbox 1844 2365 1973 2420; x_wconf 89' lang='lat' dir='ltr'><strong>pro-</strong></span> 
     </span>
    </p>
   </div>
   <div class='ocr_carea' id='block_1_26' title="bbox 396 2438 1972 2518">
    <p class='ocr_par' dir='ltr' id='par_1_26' title="bbox 396 2438 1972 2518">
     <span class='ocr_line' id='line_1_26' title="bbox 396 2438 1972 2518; baseline -0.006 -17"><span class='ocrx_word' id='word_1_207' title='bbox 396 2446 596 2518; x_wconf 89' lang='lat' dir='ltr'><strong>pheta:</strong></span> <span class='ocrx_word' id='word_1_208' title='bbox 627 2464 646 2496; x_wconf 84' lang='grc' dir='ltr'><strong>ι</strong></span> <span class='ocrx_word' id='word_1_209' title='bbox 676 2446 789 2516; x_wconf 82' lang='lat' dir='ltr'><strong>Ego</strong></span> <span class='ocrx_word' id='word_1_210' title='bbox 811 2443 974 2509; x_wconf 87' lang='lat' dir='ltr'><strong>Deus,</strong></span> <span class='ocrx_word' id='word_1_211' title='bbox 1019 2450 1073 2496; x_wconf 91' lang='lat' dir='ltr'><strong>et</strong></span> <span class='ocrx_word' id='word_1_212' title='bbox 1104 2456 1212 2495; x_wconf 88' lang='lat' dir='ltr'><strong>non</strong></span> <span class='ocrx_word' id='word_1_213' title='bbox 1243 2450 1426 2494; x_wconf 88' lang='lat' dir='ltr'><strong>mutor</strong></span> <span class='ocrx_word' id='word_1_214' title='bbox 1449 2441 1493 2496; x_wconf 77' lang='grc'><strong>⁸.</strong></span> <span class='ocrx_word' id='word_1_215' title='bbox 1528 2459 1546 2491; x_wconf 73' lang='grc' dir='ltr'><strong>ι</strong></span> <span class='ocrx_word' id='word_1_216' title='bbox 1574 2438 1821 2496; x_wconf 84' lang='lat' dir='ltr'><strong>Mortuus</strong></span> <span class='ocrx_word' id='word_1_217' title='bbox 1851 2440 1972 2510; x_wconf 87' lang='lat' dir='ltr'><strong>qui-</strong></span> 
     </span>
    </p>
   </div>
   <div class='ocr_carea' id='block_1_27' title="bbox 397 2532 1973 2600">
    <p class='ocr_par' dir='ltr' id='par_1_27' title="bbox 397 2532 1973 2600">
     <span class='ocr_line' id='line_1_27' title="bbox 397 2532 1973 2600; baseline -0.005 -9"><span class='ocrx_word' id='word_1_218' title='bbox 397 2538 521 2592; x_wconf 87' lang='lat' dir='ltr'><strong>dem</strong></span> <span class='ocrx_word' id='word_1_219' title='bbox 548 2544 778 2590; x_wconf 89' lang='lat' dir='ltr'><strong>mortem</strong></span> <span class='ocrx_word' id='word_1_220' title='bbox 814 2544 1080 2598; x_wconf 88' lang='lat' dir='ltr'><strong>nostram,</strong></span> <span class='ocrx_word' id='word_1_221' title='bbox 1106 2532 1407 2587; x_wconf 90' lang='lat' dir='ltr'><strong>secundum</strong></span> <span class='ocrx_word' id='word_1_222' title='bbox 1450 2545 1673 2585; x_wconf 87' lang='lat' dir='ltr'><strong>carnem</strong></span> <span class='ocrx_word' id='word_1_223' title='bbox 1714 2544 1812 2600; x_wconf 91' lang='lat' dir='ltr'><strong>pro</strong></span> <span class='ocrx_word' id='word_1_224' title='bbox 1845 2544 1973 2599; x_wconf 89' lang='lat' dir='ltr'><strong>pec-</strong></span> 
     </span>
    </p>
   </div>
   <div class='ocr_carea' id='block_1_28' title="bbox 397 2622 1971 2692">
    <p class='ocr_par' dir='ltr' id='par_1_28' title="bbox 397 2622 1971 2692">
     <span class='ocr_line' id='line_1_28' title="bbox 397 2622 1971 2692; baseline -0.004 -10"><span class='ocrx_word' id='word_1_225' title='bbox 397 2629 537 2683; x_wconf 90' lang='lat' dir='ltr'><strong>catis</strong></span> <span class='ocrx_word' id='word_1_226' title='bbox 571 2628 799 2689; x_wconf 90' lang='lat' dir='ltr'><strong>nostris,</strong></span> <span class='ocrx_word' id='word_1_227' title='bbox 836 2634 896 2680; x_wconf 93' lang='lat' dir='ltr'><strong>ut</strong></span> <span class='ocrx_word' id='word_1_228' title='bbox 934 2633 1164 2680; x_wconf 90' lang='lat' dir='ltr'><strong>mortem</strong></span> <span class='ocrx_word' id='word_1_229' title='bbox 1201 2623 1443 2678; x_wconf 81' lang='lat' dir='ltr'><strong>auferret</strong></span> <span class='ocrx_word' id='word_1_230' title='bbox 1479 2638 1574 2692; x_wconf 89' lang='lat' dir='ltr'><strong>per</strong></span> <span class='ocrx_word' id='word_1_231' title='bbox 1606 2637 1760 2678; x_wconf 90' lang='lat' dir='ltr'><strong>suam</strong></span> <span class='ocrx_word' id='word_1_232' title='bbox 1800 2622 1971 2690; x_wconf 88' lang='lat' dir='ltr'><strong>ipsius</strong></span> 
     </span>
    </p>
   </div>
   <div class='ocr_carea' id='block_1_29' title="bbox 398 2710 1971 2785">
    <p class='ocr_par' dir='ltr' id='par_1_29' title="bbox 398 2710 1971 2785">
     <span class='ocr_line' id='line_1_29' title="bbox 398 2710 1971 2785; baseline -0.006 -14"><span class='ocrx_word' id='word_1_233' title='bbox 398 2725 628 2771; x_wconf 90' lang='lat' dir='ltr'><strong>mortem</strong></span> <span class='ocrx_word' id='word_1_234' title='bbox 654 2730 819 2785; x_wconf 90' lang='lat' dir='ltr'><strong>quam</strong></span> <span class='ocrx_word' id='word_1_235' title='bbox 851 2729 949 2785; x_wconf 87' lang='lat' dir='ltr'><strong>pro</strong></span> <span class='ocrx_word' id='word_1_236' title='bbox 988 2713 1148 2767; x_wconf 88' lang='lat' dir='ltr'><strong>nobis</strong></span> <span class='ocrx_word' id='word_1_237' title='bbox 1193 2712 1472 2767; x_wconf 86' lang='lat' dir='ltr'><strong>sustinuit.</strong></span> <span class='ocrx_word' id='word_1_238' title='bbox 1500 2710 1971 2777; x_wconf 82' lang='lat' dir='ltr'><strong>Quemadmodum</strong></span> 
     </span>
    </p>
   </div>
   <div class='ocr_carea' id='block_1_30' title="bbox 396 2803 1969 2879">
    <p class='ocr_par' dir='ltr' id='par_1_30' title="bbox 396 2803 1969 2879">
     <span class='ocr_line' id='line_1_30' title="bbox 396 2803 1969 2879; baseline -0.005 -16"><span class='ocrx_word' id='word_1_239' title='bbox 396 2809 693 2879; x_wconf 86' lang='lat' dir='ltr'><strong>Apostolus</strong></span> <span class='ocrx_word' id='word_1_240' title='bbox 731 2808 845 2862; x_wconf 91' lang='lat' dir='ltr'><strong>ait:</strong></span> <span class='ocrx_word' id='word_1_241' title='bbox 880 2826 898 2858; x_wconf 81' lang='grc' dir='ltr'><strong>ι</strong></span> <span class='ocrx_word' id='word_1_242' title='bbox 928 2806 1197 2876; x_wconf 80' lang='lat' dir='ltr'><strong>Absorpta</strong></span> <span class='ocrx_word' id='word_1_243' title='bbox 1258 2812 1339 2860; x_wconf 92' lang='lat' dir='ltr'><strong>est</strong></span> <span class='ocrx_word' id='word_1_244' title='bbox 1388 2819 1537 2858; x_wconf 81' lang='lat' dir='ltr'><strong>mors</strong></span> <span class='ocrx_word' id='word_1_245' title='bbox 1579 2805 1633 2858; x_wconf 93' lang='lat' dir='ltr'><strong>in</strong></span> <span class='ocrx_word' id='word_1_246' title='bbox 1681 2803 1911 2857; x_wconf 79' lang='lat' dir='ltr'><strong>victoria</strong></span> <span class='ocrx_word' id='word_1_247' title='bbox 1955 2819 1969 2856; x_wconf 93' lang='lat'><strong>:</strong></span> 
     </span>
    </p>
   </div>
   <div class='ocr_carea' id='block_1_31' title="bbox 399 2893 1971 2963">
    <p class='ocr_par' dir='ltr' id='par_1_31' title="bbox 399 2893 1971 2963">
     <span class='ocr_line' id='line_1_31' title="bbox 399 2893 1971 2963; baseline -0.003 -10"><span class='ocrx_word' id='word_1_248' title='bbox 399 2899 633 2963; x_wconf 82' lang='lat' dir='ltr'><strong>inferne,</strong></span> <span class='ocrx_word' id='word_1_249' title='bbox 668 2898 761 2952; x_wconf 88' lang='lat' dir='ltr'><strong>ubi</strong></span> <span class='ocrx_word' id='word_1_250' title='bbox 793 2897 1048 2953; x_wconf 88' lang='lat' dir='ltr'><strong>stimulus</strong></span> <span class='ocrx_word' id='word_1_251' title='bbox 1070 2906 1199 2951; x_wconf 92' lang='lat' dir='ltr'><strong>tuus</strong></span> <span class='ocrx_word' id='word_1_252' title='bbox 1222 2897 1282 2949; x_wconf 73' lang='lat'><strong>7?</strong></span> <span class='ocrx_word' id='word_1_253' title='bbox 1316 2915 1334 2947; x_wconf 73' lang='grc' dir='ltr'><strong>ι</strong></span> <span class='ocrx_word' id='word_1_254' title='bbox 1369 2894 1435 2947; x_wconf 83' lang='grc' dir='ltr'>Ει</span> <span class='ocrx_word' id='word_1_255' title='bbox 1457 2896 1587 2948; x_wconf 88' lang='lat' dir='ltr'><strong>alibi</strong></span> <span class='ocrx_word' id='word_1_256' title='bbox 1616 2913 1632 2951; x_wconf 65' lang='grc' dir='ltr'><strong>ι</strong></span> <span class='ocrx_word' id='word_1_257' title='bbox 1673 2915 1688 2943; x_wconf 78' lang='grc' dir='ltr'><strong>ε</strong></span> <span class='ocrx_word' id='word_1_258' title='bbox 1716 2893 1971 2949; x_wconf 89' lang='lat' dir='ltr'><strong>Christus</strong></span> 
     </span>
    </p>
   </div>
   <div class='ocr_carea' id='block_1_32' title="bbox 397 2984 1974 3059">
    <p class='ocr_par' dir='ltr' id='par_1_32' title="bbox 397 2984 1974 3059">
     <span class='ocr_line' id='line_1_32' title="bbox 397 2984 1974 3059; baseline -0.003 -16"><span class='ocrx_word' id='word_1_259' title='bbox 397 2998 652 3045; x_wconf 88' lang='lat' dir='ltr'><strong>mortuus</strong></span> <span class='ocrx_word' id='word_1_260' title='bbox 672 2998 757 3045; x_wconf 90' lang='lat' dir='ltr'><strong>est</strong></span> <span class='ocrx_word' id='word_1_261' title='bbox 782 3005 881 3059; x_wconf 91' lang='lat' dir='ltr'><strong>pro</strong></span> <span class='ocrx_word' id='word_1_262' title='bbox 902 2988 1141 3058; x_wconf 88' lang='lat' dir='ltr'><strong>peccatis</strong></span> <span class='ocrx_word' id='word_1_263' title='bbox 1170 2986 1376 3043; x_wconf 90' lang='lat' dir='ltr'><strong>nostris</strong></span> <span class='ocrx_word' id='word_1_264' title='bbox 1404 2985 1705 3040; x_wconf 91' lang='lat' dir='ltr'><strong>secundum</strong></span> <span class='ocrx_word' id='word_1_265' title='bbox 1733 2984 1974 3054; x_wconf 88' lang='lat' dir='ltr'><strong>Scriptu-</strong></span> 
     </span>
    </p>
   </div>
   <div class='ocr_carea' id='block_1_33' title="bbox 396 3076 2043 3146">
    <p class='ocr_par' dir='ltr' id='par_1_33' title="bbox 396 3076 2043 3146">
     <span class='ocr_line' id='line_1_33' title="bbox 396 3076 2043 3146; baseline -0.003 -12"><span class='ocrx_word' id='word_1_266' title='bbox 396 3083 555 3137; x_wconf 69' lang='lat' dir='ltr'><strong>ras“.</strong></span> <span class='ocrx_word' id='word_1_267' title='bbox 590 3100 608 3133; x_wconf 73' lang='grc' dir='ltr'><strong>ι</strong></span> <span class='ocrx_word' id='word_1_268' title='bbox 644 3080 973 3136; x_wconf 91' lang='lat' dir='ltr'><strong>Immortalis</strong></span> <span class='ocrx_word' id='word_1_269' title='bbox 1008 3087 1212 3143; x_wconf 74' lang='lat' dir='ltr'><strong>autem,</strong></span> <span class='ocrx_word' id='word_1_270' title='bbox 1252 3085 1305 3133; x_wconf 89' lang='lat' dir='ltr'><strong>et</strong></span> <span class='ocrx_word' id='word_1_271' title='bbox 1334 3077 1527 3132; x_wconf 88' lang='lat' dir='ltr'><strong>mortis</strong></span> <span class='ocrx_word' id='word_1_272' title='bbox 1569 3076 1798 3146; x_wconf 90' lang='lat' dir='ltr'><strong>imperio</strong></span> <span class='ocrx_word' id='word_1_273' title='bbox 1833 3076 1970 3130; x_wconf 88' lang='lat' dir='ltr'><strong>liber</strong></span> <span class='ocrx_word' id='word_1_274' title='bbox 1999 3076 2043 3097; x_wconf 80' lang='lat'><strong><em>“</em></strong></span> 
     </span>
    </p>
   </div>
   <div class='ocr_carea' id='block_1_34' title="bbox 399 3166 1973 3245">
    <p class='ocr_par' dir='ltr' id='par_1_34' title="bbox 399 3166 1973 3245">
     <span class='ocr_line' id='line_1_34' title="bbox 399 3166 1973 3245; baseline -0.006 -17"><span class='ocrx_word' id='word_1_275' title='bbox 399 3181 681 3245; x_wconf 90' lang='lat' dir='ltr'><strong>permanet</strong></span> <span class='ocrx_word' id='word_1_276' title='bbox 712 3179 934 3243; x_wconf 89' lang='lat' dir='ltr'><strong>propter</strong></span> <span class='ocrx_word' id='word_1_277' title='bbox 960 3171 1238 3234; x_wconf 90' lang='lat' dir='ltr'><strong>deitatem,</strong></span> <span class='ocrx_word' id='word_1_278' title='bbox 1272 3178 1459 3238; x_wconf 90' lang='lat' dir='ltr'><strong>utpote</strong></span> <span class='ocrx_word' id='word_1_279' title='bbox 1488 3167 1843 3238; x_wconf 88' lang='lat' dir='ltr'><strong>impassibilis</strong></span> <span class='ocrx_word' id='word_1_280' title='bbox 1867 3166 1973 3220; x_wconf 89' lang='lat' dir='ltr'><strong>Pa-</strong></span> 
     </span>
    </p>
   </div>
   <div class='ocr_carea' id='block_1_35' title="bbox 398 3257 1973 3333">
    <p class='ocr_par' dir='ltr' id='par_1_35' title="bbox 398 3257 1973 3333">
     <span class='ocr_line' id='line_1_35' title="bbox 398 3257 1973 3333; baseline -0.004 -15"><span class='ocrx_word' id='word_1_281' title='bbox 398 3266 498 3319; x_wconf 91' lang='lat' dir='ltr'><strong>tris</strong></span> <span class='ocrx_word' id='word_1_282' title='bbox 537 3265 749 3326; x_wconf 88' lang='lat' dir='ltr'><strong>virtus,</strong></span> <span class='ocrx_word' id='word_1_283' title='bbox 802 3260 1263 3333; x_wconf 85' lang='lat' dir='ltr'><strong>quemadmodum</strong></span> <span class='ocrx_word' id='word_1_284' title='bbox 1311 3261 1362 3329; x_wconf 77' lang='grc'><strong>2</strong></span> <span class='ocrx_word' id='word_1_285' title='bbox 1407 3260 1485 3312; x_wconf 89' lang='lat' dir='ltr'><strong>ait</strong></span> <span class='ocrx_word' id='word_1_286' title='bbox 1519 3257 1713 3313; x_wconf 89' lang='lat' dir='ltr'><strong>Petrus</strong></span> <span class='ocrx_word' id='word_1_287' title='bbox 1751 3277 1763 3311; x_wconf 94' lang='lat'><strong>:</strong></span> <span class='ocrx_word' id='word_1_288' title='bbox 1807 3276 1823 3309; x_wconf 76' lang='grc' dir='ltr'><strong>ι</strong></span> <span class='ocrx_word' id='word_1_289' title='bbox 1853 3257 1973 3312; x_wconf 87' lang='lat' dir='ltr'><strong>Non</strong></span> 
     </span>
    </p>
   </div>
   <div class='ocr_carea' id='block_1_36' title="bbox 397 3351 1973 3426">
    <p class='ocr_par' dir='ltr' id='par_1_36' title="bbox 397 3351 1973 3426">
     <span class='ocr_line' id='line_1_36' title="bbox 397 3351 1973 3426; baseline -0.005 -15"><span class='ocrx_word' id='word_1_290' title='bbox 397 3356 543 3411; x_wconf 90' lang='lat' dir='ltr'><strong>enim</strong></span> <span class='ocrx_word' id='word_1_291' title='bbox 580 3362 845 3426; x_wconf 85' lang='lat' dir='ltr'><strong>poterata</strong></span> <span class='ocrx_word' id='word_1_292' title='bbox 889 3365 1063 3408; x_wconf 89' lang='lat' dir='ltr'><strong>morte</strong></span> <span class='ocrx_word' id='word_1_293' title='bbox 1103 3353 1326 3407; x_wconf 86' lang='lat' dir='ltr'><strong>retineri</strong></span> <span class='ocrx_word' id='word_1_294' title='bbox 1346 3353 1386 3405; x_wconf 69' lang='grc' dir='ltr'><strong>θ.</strong></span> <span class='ocrx_word' id='word_1_295' title='bbox 1426 3371 1444 3403; x_wconf 73' lang='grc' dir='ltr'><strong>ι</strong></span> <span class='ocrx_word' id='word_1_296' title='bbox 1480 3351 1585 3417; x_wconf 78' lang='lat' dir='ltr'><strong>Qui</strong></span> <span class='ocrx_word' id='word_1_297' title='bbox 1632 3351 1879 3406; x_wconf 87' lang='lat' dir='ltr'><strong>ascendit</strong></span> <span class='ocrx_word' id='word_1_298' title='bbox 1920 3352 1973 3404; x_wconf 89' lang='lat' dir='ltr'><strong>in</strong></span> 
     </span>
    </p>
   </div>
   <div class='ocr_carea' id='block_1_37' title="bbox 399 3442 1971 3518">
    <p class='ocr_par' dir='ltr' id='par_1_37' title="bbox 399 3442 1971 3518">
     <span class='ocr_line' id='line_1_37' title="bbox 399 3442 1971 3518; baseline -0.005 -14"><span class='ocrx_word' id='word_1_299' title='bbox 399 3449 593 3513; x_wconf 61' lang='lat' dir='ltr'><strong>caelos,</strong></span> <span class='ocrx_word' id='word_1_300' title='bbox 638 3448 899 3518; x_wconf 88' lang='lat' dir='ltr'><strong>sedetque</strong></span> <span class='ocrx_word' id='word_1_301' title='bbox 930 3463 960 3501; x_wconf 88' lang='lat' dir='ltr'><strong>a</strong></span> <span class='ocrx_word' id='word_1_302' title='bbox 990 3446 1200 3501; x_wconf 78' lang='lat' dir='ltr'><strong>dextris</strong></span> <span class='ocrx_word' id='word_1_303' title='bbox 1227 3444 1425 3510; x_wconf 84' lang='lat' dir='ltr'><strong>Patris,</strong></span> <span class='ocrx_word' id='word_1_304' title='bbox 1458 3447 1777 3499; x_wconf 83' lang='lat' dir='ltr'><strong>secundum</strong></span> <span class='ocrx_word' id='word_1_305' title='bbox 1814 3442 1971 3497; x_wconf 85' lang='lat' dir='ltr'><strong>Verbi</strong></span> 
     </span>
    </p>
   </div>
   <div class='ocr_carea' id='block_1_38' title="bbox 400 3533 1976 3604">
    <p class='ocr_par' dir='ltr' id='par_1_38' title="bbox 400 3533 1976 3604">
     <span class='ocr_line' id='line_1_38' title="bbox 400 3533 1976 3604; baseline -0.003 -12"><span class='ocrx_word' id='word_1_306' title='bbox 400 3554 623 3593; x_wconf 91' lang='lat' dir='ltr'><strong>carnem</strong></span> <span class='ocrx_word' id='word_1_307' title='bbox 653 3553 683 3591; x_wconf 92' lang='lat' dir='ltr'><strong>a</strong></span> <span class='ocrx_word' id='word_1_308' title='bbox 713 3547 857 3593; x_wconf 88' lang='lat' dir='ltr'><strong>terra</strong></span> <span class='ocrx_word' id='word_1_309' title='bbox 893 3538 947 3591; x_wconf 91' lang='lat' dir='ltr'><strong>in</strong></span> <span class='ocrx_word' id='word_1_310' title='bbox 973 3538 1142 3591; x_wconf 76' lang='lat' dir='ltr'><strong>ccelos</strong></span> <span class='ocrx_word' id='word_1_311' title='bbox 1171 3537 1485 3601; x_wconf 87' lang='lat' dir='ltr'><strong>exaltatam,</strong></span> <span class='ocrx_word' id='word_1_312' title='bbox 1517 3542 1679 3604; x_wconf 89' lang='lat' dir='ltr'><strong>prout</strong></span> <span class='ocrx_word' id='word_1_313' title='bbox 1708 3549 1738 3587; x_wconf 88' lang='lat' dir='ltr'><strong>a</strong></span> <span class='ocrx_word' id='word_1_314' title='bbox 1775 3533 1976 3588; x_wconf 87' lang='lat' dir='ltr'><strong>Davide</strong></span> 
     </span>
    </p>
   </div>
   <div class='ocr_carea' id='block_1_39' title="bbox 400 3622 1974 3683">
    <p class='ocr_par' dir='ltr' id='par_1_39' title="bbox 400 3622 1974 3683">
     <span class='ocr_line' id='line_1_39' title="bbox 400 3622 1974 3683; baseline -0.003 -1"><span class='ocrx_word' id='word_1_315' title='bbox 400 3628 608 3683; x_wconf 85' lang='lat' dir='ltr'><strong>dictum</strong></span> <span class='ocrx_word' id='word_1_316' title='bbox 643 3634 725 3682; x_wconf 88' lang='lat' dir='ltr'><strong>est</strong></span> <span class='ocrx_word' id='word_1_317' title='bbox 759 3646 772 3682; x_wconf 92' lang='lat'><strong>:</strong></span> <span class='ocrx_word' id='word_1_318' title='bbox 804 3645 822 3677; x_wconf 80' lang='grc' dir='ltr'><strong>ι</strong></span> <span class='ocrx_word' id='word_1_319' title='bbox 851 3624 1273 3681; x_wconf 74' lang='lat' dir='ltr'><strong>DixitDominus</strong></span> <span class='ocrx_word' id='word_1_320' title='bbox 1319 3624 1550 3678; x_wconf 88' lang='lat' dir='ltr'><strong>Domino</strong></span> <span class='ocrx_word' id='word_1_321' title='bbox 1585 3639 1738 3677; x_wconf 89' lang='lat' dir='ltr'><strong>meo:</strong></span> <span class='ocrx_word' id='word_1_322' title='bbox 1770 3622 1908 3677; x_wconf 90' lang='lat' dir='ltr'><strong>Sede</strong></span> <span class='ocrx_word' id='word_1_323' title='bbox 1945 3640 1974 3677; x_wconf 90' lang='lat' dir='ltr'><strong>a</strong></span> 
     </span>
    </p>
   </div>
   <div class='ocr_carea' id='block_1_40' title="bbox 400 3716 1976 3788">
    <p class='ocr_par' dir='ltr' id='par_1_40' title="bbox 400 3716 1976 3788">
     <span class='ocr_line' id='line_1_40' title="bbox 400 3716 1976 3788; baseline -0.004 -12"><span class='ocrx_word' id='word_1_324' title='bbox 400 3720 611 3776; x_wconf 79' lang='lat' dir='ltr'><strong>dextris</strong></span> <span class='ocrx_word' id='word_1_325' title='bbox 642 3720 777 3774; x_wconf 90' lang='lat' dir='ltr'><strong>meis</strong></span> <span class='ocrx_word' id='word_1_326' title='bbox 804 3720 869 3783; x_wconf 68' lang='grc' dir='ltr'><strong>ιο,</strong></span> <span class='ocrx_word' id='word_1_327' title='bbox 908 3737 926 3769; x_wconf 75' lang='grc' dir='ltr'><strong>ι</strong></span> <span class='ocrx_word' id='word_1_328' title='bbox 955 3719 1099 3788; x_wconf 89' lang='lat' dir='ltr'><strong>quod</strong></span> <span class='ocrx_word' id='word_1_329' title='bbox 1131 3719 1199 3772; x_wconf 95' lang='lat' dir='ltr'><strong>ab</strong></span> <span class='ocrx_word' id='word_1_330' title='bbox 1229 3718 1345 3786; x_wconf 86' lang='lat' dir='ltr'><strong>ipso</strong></span> <span class='ocrx_word' id='word_1_331' title='bbox 1374 3717 1604 3771; x_wconf 92' lang='lat' dir='ltr'><strong>Domino</strong></span> <span class='ocrx_word' id='word_1_332' title='bbox 1648 3726 1702 3771; x_wconf 92' lang='lat' dir='ltr'><strong>et</strong></span> <span class='ocrx_word' id='word_1_333' title='bbox 1739 3716 1808 3770; x_wconf 88' lang='lat' dir='ltr'><strong>ab</strong></span> <span class='ocrx_word' id='word_1_334' title='bbox 1853 3731 1976 3786; x_wconf 88' lang='lat' dir='ltr'><strong>apo-</strong></span> 
     </span>
    </p>
   </div>
   <div class='ocr_carea' id='block_1_41' title="bbox 402 3807 1977 3869">
    <p class='ocr_par' dir='ltr' id='par_1_41' title="bbox 402 3807 1977 3869">
     <span class='ocr_line' id='line_1_41' title="bbox 402 3807 1977 3869; baseline -0.005 -2"><span class='ocrx_word' id='word_1_335' title='bbox 402 3810 561 3867; x_wconf 89' lang='lat' dir='ltr'><strong>stolis</strong></span> <span class='ocrx_word' id='word_1_336' title='bbox 605 3810 960 3864; x_wconf 86' lang='lat' dir='ltr'><strong>confirmatur</strong></span> <span class='ocrx_word' id='word_1_337' title='bbox 998 3828 1012 3864; x_wconf 88' lang='lat'><strong>:</strong></span> <span class='ocrx_word' id='word_1_338' title='bbox 1060 3809 1361 3863; x_wconf 88' lang='lat' dir='ltr'><strong>secundum</strong></span> <span class='ocrx_word' id='word_1_339' title='bbox 1402 3807 1655 3862; x_wconf 89' lang='lat' dir='ltr'><strong>deitatem</strong></span> <span class='ocrx_word' id='word_1_340' title='bbox 1698 3822 1845 3869; x_wconf 66' lang='lat' dir='ltr'><strong>veru,</strong></span> <span class='ocrx_word' id='word_1_341' title='bbox 1893 3807 1977 3859; x_wconf 86' lang='lat' dir='ltr'><strong>in-</strong></span> 
     </span>
    </p>
   </div>
   <div class='ocr_carea' id='block_1_42' title="bbox 402 3897 1978 3971">
    <p class='ocr_par' dir='ltr' id='par_1_42' title="bbox 402 3897 1978 3971">
     <span class='ocr_line' id='line_1_42' title="bbox 402 3897 1978 3971; baseline -0.004 -15"><span class='ocrx_word' id='word_1_342' title='bbox 402 3900 932 3971; x_wconf 88' lang='lat' dir='ltr'><strong>comprehensibilis,</strong></span> <span class='ocrx_word' id='word_1_343' title='bbox 962 3915 1177 3955; x_wconf 88' lang='lat' dir='ltr'><strong>omnem</strong></span> <span class='ocrx_word' id='word_1_344' title='bbox 1205 3901 1493 3954; x_wconf 90' lang='lat' dir='ltr'><strong>continens</strong></span> <span class='ocrx_word' id='word_1_345' title='bbox 1526 3900 1704 3953; x_wconf 90' lang='lat' dir='ltr'><strong>locum</strong></span> <span class='ocrx_word' id='word_1_346' title='bbox 1726 3914 1849 3954; x_wconf 90' lang='lat' dir='ltr'><strong>cum</strong></span> <span class='ocrx_word' id='word_1_347' title='bbox 1874 3897 1978 3950; x_wconf 85' lang='lat' dir='ltr'><strong>Pa-</strong></span> 
     </span>
    </p>
   </div>
   <div class='ocr_carea' id='block_1_43' title="bbox 402 3990 1979 4064">
    <p class='ocr_par' dir='ltr' id='par_1_43' title="bbox 402 3990 1979 4064">
     <span class='ocr_line' id='line_1_43' title="bbox 402 3990 1979 4064; baseline -0.003 -16"><span class='ocrx_word' id='word_1_348' title='bbox 402 4001 488 4050; x_wconf 89' lang='lat' dir='ltr'><strong>tre</strong></span> <span class='ocrx_word' id='word_1_349' title='bbox 503 4004 727 4058; x_wconf 65' lang='lat' dir='ltr'><strong>aaterno,</strong></span> <span class='ocrx_word' id='word_1_350' title='bbox 760 4003 818 4047; x_wconf 89' lang='lat' dir='ltr'><strong>ut</strong></span> <span class='ocrx_word' id='word_1_351' title='bbox 852 4004 1076 4064; x_wconf 88' lang='lat' dir='ltr'><strong>paterna</strong></span> <span class='ocrx_word' id='word_1_352' title='bbox 1106 4000 1160 4047; x_wconf 92' lang='lat' dir='ltr'><strong>et</strong></span> <span class='ocrx_word' id='word_1_353' title='bbox 1189 3992 1481 4047; x_wconf 80' lang='lat' dir='ltr'><strong>ineﬂ‘abilis</strong></span> <span class='ocrx_word' id='word_1_354' title='bbox 1515 3992 1711 4055; x_wconf 78' lang='lat' dir='ltr'><strong>virtus,</strong></span> <span class='ocrx_word' id='word_1_355' title='bbox 1746 4000 1805 4045; x_wconf 92' lang='lat' dir='ltr'><strong>ut</strong></span> <span class='ocrx_word' id='word_1_356' title='bbox 1837 3990 1979 4045; x_wconf 87' lang='lat' dir='ltr'><strong>Pau-</strong></span> 
     </span>
    </p>
   </div>
   <div class='ocr_carea' id='block_1_44' title="bbox 403 4083 1978 4155">
    <p class='ocr_par' dir='ltr' id='par_1_44' title="bbox 403 4083 1978 4155">
     <span class='ocr_line' id='line_1_44' title="bbox 403 4083 1978 4155; baseline -0.003 -13"><span class='ocrx_word' id='word_1_357' title='bbox 403 4089 492 4142; x_wconf 89' lang='lat' dir='ltr'><strong>lus</strong></span> <span class='ocrx_word' id='word_1_358' title='bbox 538 4086 738 4141; x_wconf 91' lang='lat' dir='ltr'><strong>docet:</strong></span> <span class='ocrx_word' id='word_1_359' title='bbox 809 4103 828 4136; x_wconf 82' lang='grc' dir='ltr'><strong>ι</strong></span> <span class='ocrx_word' id='word_1_360' title='bbox 859 4085 1115 4140; x_wconf 81' lang='lat' dir='ltr'><strong>Christus</strong></span> <span class='ocrx_word' id='word_1_361' title='bbox 1175 4085 1272 4139; x_wconf 89' lang='lat' dir='ltr'><strong>Dei</strong></span> <span class='ocrx_word' id='word_1_362' title='bbox 1309 4085 1482 4139; x_wconf 85' lang='lat' dir='ltr'><strong>virtus</strong></span> <span class='ocrx_word' id='word_1_363' title='bbox 1527 4092 1582 4138; x_wconf 90' lang='lat' dir='ltr'><strong>et</strong></span> <span class='ocrx_word' id='word_1_364' title='bbox 1619 4083 1715 4138; x_wconf 89' lang='lat' dir='ltr'><strong>Dei</strong></span> <span class='ocrx_word' id='word_1_365' title='bbox 1762 4084 1978 4155; x_wconf 88' lang='lat' dir='ltr'><strong>sapien-</strong></span> 
     </span>
    </p>
   </div>
   <div class='ocr_carea' id='block_1_45' title="bbox 401 4172 1979 4245">
    <p class='ocr_par' dir='ltr' id='par_1_45' title="bbox 401 4172 1979 4245">
     <span class='ocr_line' id='line_1_45' title="bbox 401 4172 1979 4245; baseline -0.001 -15"><span class='ocrx_word' id='word_1_366' title='bbox 401 4177 479 4232; x_wconf 91' lang='lat' dir='ltr'><strong>tia</strong></span> <span class='ocrx_word' id='word_1_367' title='bbox 507 4177 571 4232; x_wconf 84' lang='lat'><strong>“.</strong></span> <span class='ocrx_word' id='word_1_368' title='bbox 605 4195 624 4228; x_wconf 76' lang='grc' dir='ltr'><strong>ι</strong></span> <span class='ocrx_word' id='word_1_369' title='bbox 656 4174 929 4231; x_wconf 85' lang='lat' dir='ltr'><strong>Venturus</strong></span> <span class='ocrx_word' id='word_1_370' title='bbox 959 4176 1102 4230; x_wconf 89' lang='lat' dir='ltr'><strong>idem</strong></span> <span class='ocrx_word' id='word_1_371' title='bbox 1136 4172 1309 4229; x_wconf 86' lang='lat' dir='ltr'><strong>Fiiius</strong></span> <span class='ocrx_word' id='word_1_372' title='bbox 1349 4173 1445 4229; x_wconf 90' lang='lat' dir='ltr'><strong>Dei</strong></span> <span class='ocrx_word' id='word_1_373' title='bbox 1474 4181 1528 4228; x_wconf 91' lang='lat' dir='ltr'><strong>et</strong></span> <span class='ocrx_word' id='word_1_374' title='bbox 1562 4172 1728 4238; x_wconf 92' lang='lat' dir='ltr'><strong>Deus,</strong></span> <span class='ocrx_word' id='word_1_375' title='bbox 1764 4183 1824 4228; x_wconf 92' lang='lat' dir='ltr'><strong>ut</strong></span> <span class='ocrx_word' id='word_1_376' title='bbox 1854 4191 1979 4245; x_wconf 88' lang='lat' dir='ltr'><strong>pro-</strong></span> 
     </span>
    </p>
   </div>
   <div class='ocr_carea' id='block_1_46' title="bbox 402 4266 1975 4339">
    <p class='ocr_par' dir='ltr' id='par_1_46' title="bbox 402 4266 1975 4339">
     <span class='ocr_line' id='line_1_46' title="bbox 402 4266 1975 4339; baseline -0.001 -16"><span class='ocrx_word' id='word_1_377' title='bbox 402 4268 574 4335; x_wconf 89' lang='lat' dir='ltr'><strong>misit,</strong></span> <span class='ocrx_word' id='word_1_378' title='bbox 605 4267 852 4339; x_wconf 89' lang='lat' dir='ltr'><strong>judicare</strong></span> <span class='ocrx_word' id='word_1_379' title='bbox 878 4268 1035 4323; x_wconf 87' lang='lat' dir='ltr'><strong>vivos</strong></span> <span class='ocrx_word' id='word_1_380' title='bbox 1064 4273 1119 4321; x_wconf 93' lang='lat' dir='ltr'><strong>et</strong></span> <span class='ocrx_word' id='word_1_381' title='bbox 1140 4273 1411 4332; x_wconf 83' lang='lat' dir='ltr'><strong>mortuos,</strong></span> <span class='ocrx_word' id='word_1_382' title='bbox 1438 4274 1498 4320; x_wconf 93' lang='lat' dir='ltr'><strong>ut</strong></span> <span class='ocrx_word' id='word_1_383' title='bbox 1528 4268 1604 4320; x_wconf 87' lang='lat' dir='ltr'><strong>ait</strong></span> <span class='ocrx_word' id='word_1_384' title='bbox 1642 4266 1937 4337; x_wconf 87' lang='lat' dir='ltr'><strong>Apostolus</strong></span> <span class='ocrx_word' id='word_1_385' title='bbox 1961 4287 1975 4321; x_wconf 97' lang='lat'><strong>:</strong></span> 
     </span>
    </p>
   </div>
   <div class='ocr_carea' id='block_1_47' title="bbox 2073 426 3646 504">
    <p class='ocr_par' dir='ltr' id='par_1_47' title="bbox 2073 426 3646 504">
     <span class='ocr_line' id='line_1_47' title="bbox 2073 426 3646 504; baseline 0.006 -27"><span class='ocrx_word' id='word_1_386' title='bbox 2073 426 2199 495; x_wconf 82' lang='grc' dir='ltr'>μίαν</span> <span class='ocrx_word' id='word_1_387' title='bbox 2232 426 2393 494; x_wconf 68' lang='grc' dir='ltr'>φύσιν</span> <span class='ocrx_word' id='word_1_388' title='bbox 2423 427 2517 479; x_wconf 87' lang='grc' dir='ltr'><strong>τοῦ</strong></span> <span class='ocrx_word' id='word_1_389' title='bbox 2549 426 2682 479; x_wconf 80' lang='grc' dir='ltr'>Θεοῦ</span> <span class='ocrx_word' id='word_1_390' title='bbox 2716 427 2886 496; x_wconf 90' lang='grc' dir='ltr'>Λόγου</span> <span class='ocrx_word' id='word_1_391' title='bbox 2914 432 3353 501; x_wconf 83' lang='grc' dir='ltr'>σεσαρκωμένην,</span> <span class='ocrx_word' id='word_1_392' title='bbox 3383 433 3518 502; x_wconf 86' lang='grc' dir='ltr'><strong>μετά</strong></span> <span class='ocrx_word' id='word_1_393' title='bbox 3546 436 3646 504; x_wconf 77' lang='grc' dir='ltr'>τῆς</span> 
     </span>
    </p>
   </div>
   <div class='ocr_carea' id='block_1_48' title="bbox 2071 518 3642 597">
    <p class='ocr_par' dir='ltr' id='par_1_48' title="bbox 2071 518 3642 597">
     <span class='ocr_line' id='line_1_48' title="bbox 2071 518 3642 597; baseline 0.006 -28"><span class='ocrx_word' id='word_1_394' title='bbox 2071 518 2269 588; x_wconf 87' lang='grc' dir='ltr'>σαρκὸς</span> <span class='ocrx_word' id='word_1_395' title='bbox 2297 518 2461 571; x_wconf 80' lang='grc' dir='ltr'>αὑτοῦ</span> <span class='ocrx_word' id='word_1_396' title='bbox 2496 522 2591 590; x_wconf 79' lang='grc' dir='ltr'>μιᾷ</span> <span class='ocrx_word' id='word_1_397' title='bbox 2627 521 2991 589; x_wconf 81' lang='grc' dir='ltr'>προσκυνήσει</span> <span class='ocrx_word' id='word_1_398' title='bbox 3022 524 3115 574; x_wconf 77' lang='grc' dir='ltr'><strong>καὶ</strong></span> <span class='ocrx_word' id='word_1_399' title='bbox 3144 525 3642 597; x_wconf 67' lang='grc' dir='ltr'>προσκυνουμένην.</span> 
     </span>
    </p>
   </div>
   <div class='ocr_carea' id='block_1_49' title="bbox 2070 609 3644 685">
    <p class='ocr_par' dir='ltr' id='par_1_49' title="bbox 2070 609 3644 685">
     <span class='ocr_line' id='line_1_49' title="bbox 2070 609 3644 685; baseline 0.006 -25"><span class='ocrx_word' id='word_1_400' title='bbox 2070 609 2205 661; x_wconf 75' lang='grc' dir='ltr'><strong>Οὐδὲ</strong></span> <span class='ocrx_word' id='word_1_401' title='bbox 2235 610 2326 662; x_wconf 69' lang='grc' dir='ltr'><strong>δύο</strong></span> <span class='ocrx_word' id='word_1_402' title='bbox 2368 611 2539 674; x_wconf 76' lang='grc' dir='ltr'>υἱοὺς,</span> <span class='ocrx_word' id='word_1_403' title='bbox 2566 611 2722 665; x_wconf 87' lang='grc' dir='ltr'>ἀλλον</span> <span class='ocrx_word' id='word_1_404' title='bbox 2754 612 2849 682; x_wconf 81' lang='grc' dir='ltr'>μὲν</span> <span class='ocrx_word' id='word_1_405' title='bbox 2882 612 3009 665; x_wconf 83' lang='grc' dir='ltr'>Υίὸν</span> <span class='ocrx_word' id='word_1_406' title='bbox 3048 613 3203 677; x_wconf 91' lang='grc' dir='ltr'>Θεοῦ,</span> <span class='ocrx_word' id='word_1_407' title='bbox 3232 614 3477 685; x_wconf 71' lang='grc' dir='ltr'>ἀληθινὸν</span> <span class='ocrx_word' id='word_1_408' title='bbox 3508 616 3644 670; x_wconf 83' lang='grc' dir='ltr'><strong>Θεὸν</strong></span> 
     </span>
    </p>
   </div>
   <div class='ocr_carea' id='block_1_50' title="bbox 2069 701 3648 778">
    <p class='ocr_par' dir='ltr' id='par_1_50' title="bbox 2069 701 3648 778">
     <span class='ocr_line' id='line_1_50' title="bbox 2069 701 3648 778; baseline 0.004 -26"><span class='ocrx_word' id='word_1_409' title='bbox 2069 701 2163 753; x_wconf 75' lang='grc' dir='ltr'><strong>καὶ</strong></span> <span class='ocrx_word' id='word_1_410' title='bbox 2195 703 2666 772; x_wconf 79' lang='grc' dir='ltr'>προσκυνούμενον</span> <span class='ocrx_word' id='word_1_411' title='bbox 2686 720 2698 733; x_wconf 80' lang='grc'><strong><em>⁸</em></strong></span> <span class='ocrx_word' id='word_1_412' title='bbox 2736 705 2809 773; x_wconf 81' lang='lat' dir='ltr'><strong>(il</strong></span> <span class='ocrx_word' id='word_1_413' title='bbox 2840 705 2995 759; x_wconf 79' lang='grc' dir='ltr'>ἄλλον</span> <span class='ocrx_word' id='word_1_414' title='bbox 3026 706 3081 756; x_wconf 79' lang='grc' dir='ltr'>δὲ</span> <span class='ocrx_word' id='word_1_415' title='bbox 3105 708 3168 757; x_wconf 82' lang='grc' dir='ltr'><strong>ὲκ</strong></span> <span class='ocrx_word' id='word_1_416' title='bbox 3198 708 3413 777; x_wconf 84' lang='grc' dir='ltr'>Μαρίας</span> <span class='ocrx_word' id='word_1_417' title='bbox 3435 707 3648 778; x_wconf 78' lang='grc' dir='ltr'>ἄνθρω-</span> 
     </span>
    </p>
   </div>
   <div class='ocr_carea' id='block_1_51' title="bbox 2070 792 3645 865">
    <p class='ocr_par' dir='ltr' id='par_1_51' title="bbox 2070 792 3645 865">
     <span class='ocr_line' id='line_1_51' title="bbox 2070 792 3645 865; baseline 0.004 -23"><span class='ocrx_word' id='word_1_418' title='bbox 2070 808 2190 852; x_wconf 82' lang='grc' dir='ltr'>πον,</span> <span class='ocrx_word' id='word_1_419' title='bbox 2227 792 2300 862; x_wconf 84' lang='grc' dir='ltr'>μὴ</span> <span class='ocrx_word' id='word_1_420' title='bbox 2330 794 2823 863; x_wconf 74' lang='grc' dir='ltr'>προσκυνούμενον,</span> <span class='ocrx_word' id='word_1_421' title='bbox 2855 796 2997 848; x_wconf 85' lang='grc' dir='ltr'><strong>κατὰ</strong></span> <span class='ocrx_word' id='word_1_422' title='bbox 3028 797 3185 865; x_wconf 57' lang='grc' dir='ltr'>χάριν</span> <span class='ocrx_word' id='word_1_423' title='bbox 3216 796 3341 849; x_wconf 85' lang='grc' dir='ltr'>Υἰὸν</span> <span class='ocrx_word' id='word_1_424' title='bbox 3381 796 3513 849; x_wconf 81' lang='grc' dir='ltr'>Θεοῦ</span> <span class='ocrx_word' id='word_1_425' title='bbox 3543 815 3645 865; x_wconf 83' lang='grc' dir='ltr'>γε-</span> 
     </span>
    </p>
   </div>
   <div class='ocr_carea' id='block_1_52' title="bbox 2070 882 3646 955">
    <p class='ocr_par' dir='ltr' id='par_1_52' title="bbox 2070 882 3646 955">
     <span class='ocr_line' id='line_1_52' title="bbox 2070 882 3646 955; baseline 0.007 -22"><span class='ocrx_word' id='word_1_426' title='bbox 2070 882 2316 951; x_wconf 87' lang='grc' dir='ltr'>νόμενον,</span> <span class='ocrx_word' id='word_1_427' title='bbox 2366 883 2442 946; x_wconf 81' lang='grc' dir='ltr'>ὡς</span> <span class='ocrx_word' id='word_1_428' title='bbox 2484 886 2578 938; x_wconf 75' lang='grc' dir='ltr'><strong>καὶ</strong></span> <span class='ocrx_word' id='word_1_429' title='bbox 2622 885 2931 955; x_wconf 83' lang='grc' dir='ltr'>ἄνθρωποι·</span> <span class='ocrx_word' id='word_1_430' title='bbox 2982 888 3117 940; x_wconf 86' lang='grc' dir='ltr'>ἀλλὰ</span> <span class='ocrx_word' id='word_1_431' title='bbox 3146 888 3234 941; x_wconf 90' lang='grc' dir='ltr'><strong>τὸν</strong></span> <span class='ocrx_word' id='word_1_432' title='bbox 3277 891 3341 941; x_wconf 82' lang='grc' dir='ltr'>ἐκ</span> <span class='ocrx_word' id='word_1_433' title='bbox 3375 891 3527 954; x_wconf 83' lang='grc' dir='ltr'>Θεοῦ,</span> <span class='ocrx_word' id='word_1_434' title='bbox 3566 892 3646 955; x_wconf 80' lang='grc' dir='ltr'>ὡς</span> 
     </span>
    </p>
   </div>
   <div class='ocr_carea' id='block_1_53' title="bbox 2069 973 3645 1041">
    <p class='ocr_par' dir='ltr' id='par_1_53' title="bbox 2069 973 3645 1041">
     <span class='ocr_line' id='line_1_53' title="bbox 2069 973 3645 1041; baseline 0.007 -17"><span class='ocrx_word' id='word_1_435' title='bbox 2069 973 2223 1041; x_wconf 65' lang='grc' dir='ltr'>ἔφην,</span> <span class='ocrx_word' id='word_1_436' title='bbox 2271 975 2367 1027; x_wconf 72' lang='grc' dir='ltr'><strong>ἕνα</strong></span> <span class='ocrx_word' id='word_1_437' title='bbox 2425 976 2552 1029; x_wconf 73' lang='grc' dir='ltr'>Υῖὸν</span> <span class='ocrx_word' id='word_1_438' title='bbox 2584 975 2716 1029; x_wconf 82' lang='grc' dir='ltr'>Θεοῦ</span> <span class='ocrx_word' id='word_1_439' title='bbox 2748 978 2841 1032; x_wconf 81' lang='grc' dir='ltr'><strong>καὶ</strong></span> <span class='ocrx_word' id='word_1_440' title='bbox 2872 977 3035 1032; x_wconf 83' lang='grc' dir='ltr'>Θεόν’</span> <span class='ocrx_word' id='word_1_441' title='bbox 3068 979 3157 1033; x_wconf 86' lang='grc' dir='ltr'><strong>τὸν</strong></span> <span class='ocrx_word' id='word_1_442' title='bbox 3204 980 3363 1033; x_wconf 78' lang='grc' dir='ltr'>αὑτὸν</span> <span class='ocrx_word' id='word_1_443' title='bbox 3409 982 3501 1034; x_wconf 73' lang='grc' dir='ltr'><strong>καὶ</strong></span> <span class='ocrx_word' id='word_1_444' title='bbox 3539 983 3645 1035; x_wconf 72' lang='grc' dir='ltr'><strong>οὐκ</strong></span> 
     </span>
    </p>
   </div>
   <div class='ocr_carea' id='block_1_54' title="bbox 2070 1065 3646 1143">
    <p class='ocr_par' dir='ltr' id='par_1_54' title="bbox 2070 1065 3646 1143">
     <span class='ocr_line' id='line_1_54' title="bbox 2070 1065 3646 1143; baseline 0.004 -25"><span class='ocrx_word' id='word_1_445' title='bbox 2070 1065 2225 1119; x_wconf 83' lang='grc' dir='ltr'>ἄλλον</span> <span class='ocrx_word' id='word_1_446' title='bbox 2254 1068 2315 1118; x_wconf 74' lang='grc' dir='ltr'>ἐκ</span> <span class='ocrx_word' id='word_1_447' title='bbox 2355 1067 2573 1137; x_wconf 79' lang='grc' dir='ltr'>Μαρίας</span> <span class='ocrx_word' id='word_1_448' title='bbox 2604 1069 2959 1139; x_wconf 78' lang='grc' dir='ltr'>γεγεννῆσθαι</span> <span class='ocrx_word' id='word_1_449' title='bbox 2993 1070 3133 1124; x_wconf 82' lang='grc' dir='ltr'>κατὰ</span> <span class='ocrx_word' id='word_1_450' title='bbox 3163 1072 3339 1142; x_wconf 84' lang='grc' dir='ltr'>σάρκα</span> <span class='ocrx_word' id='word_1_451' title='bbox 3369 1074 3453 1124; x_wconf 75' lang='grc' dir='ltr'><strong>ἐπ’</strong></span> <span class='ocrx_word' id='word_1_452' title='bbox 3482 1074 3646 1143; x_wconf 64' lang='grc' dir='ltr'>ἐσχά-</span> 
     </span>
    </p>
   </div>
   <div class='ocr_carea' id='block_1_55' title="bbox 2068 1158 3646 1235">
    <p class='ocr_par' dir='ltr' id='par_1_55' title="bbox 2068 1158 3646 1235">
     <span class='ocr_line' id='line_1_55' title="bbox 2068 1158 3646 1235; baseline 0.004 -26"><span class='ocrx_word' id='word_1_453' title='bbox 2068 1174 2175 1210; x_wconf 90' lang='grc' dir='ltr'><strong>των</strong></span> <span class='ocrx_word' id='word_1_454' title='bbox 2199 1158 2304 1209; x_wconf 77' lang='grc' dir='ltr'><strong>τῶν</strong></span> <span class='ocrx_word' id='word_1_455' title='bbox 2343 1158 2563 1229; x_wconf 77' lang='grc' dir='ltr'>ἡμερῶν</span> <span class='ocrx_word' id='word_1_456' title='bbox 2585 1176 2598 1188; x_wconf 78' lang='grc'><strong>’</strong></span> <span class='ocrx_word' id='word_1_457' title='bbox 2640 1159 2715 1222; x_wconf 84' lang='grc' dir='ltr'><strong>ὡς</strong></span> <span class='ocrx_word' id='word_1_458' title='bbox 2743 1162 2771 1212; x_wconf 99' lang='lat'><strong>6</strong></span> <span class='ocrx_word' id='word_1_459' title='bbox 2811 1160 3041 1228; x_wconf 83' lang='grc' dir='ltr'>ἄγγελος</span> <span class='ocrx_word' id='word_1_460' title='bbox 3071 1165 3136 1232; x_wconf 80' lang='grc' dir='ltr'>τῇ</span> <span class='ocrx_word' id='word_1_461' title='bbox 3180 1163 3425 1233; x_wconf 85' lang='grc' dir='ltr'>Θεοτόκῳ</span> <span class='ocrx_word' id='word_1_462' title='bbox 3455 1166 3646 1235; x_wconf 67' lang='grc' dir='ltr'>Μαρίᾳ</span> 
     </span>
    </p>
   </div>
   <div class='ocr_carea' id='block_1_56' title="bbox 2068 1249 3644 1325">
    <p class='ocr_par' dir='ltr' id='par_1_56' title="bbox 2068 1249 3644 1325">
     <span class='ocr_line' id='line_1_56' title="bbox 2068 1249 3644 1325; baseline 0.005 -25"><span class='ocrx_word' id='word_1_463' title='bbox 2068 1249 2298 1319; x_wconf 71' lang='grc' dir='ltr'>λεγούσῃ</span> <span class='ocrx_word' id='word_1_464' title='bbox 2326 1266 2339 1277; x_wconf 72' lang='grc' dir='ltr'><strong>ο</strong></span> <span class='ocrx_word' id='word_1_465' title='bbox 2368 1249 2441 1317; x_wconf 70' lang='grc'><strong>(2)</strong></span> <span class='ocrx_word' id='word_1_466' title='bbox 2477 1268 2493 1299; x_wconf 80' lang='grc' dir='ltr'><strong>ι</strong></span> <span class='ocrx_word' id='word_1_467' title='bbox 2524 1249 2648 1313; x_wconf 83' lang='grc' dir='ltr'>Πῶς</span> <span class='ocrx_word' id='word_1_468' title='bbox 2672 1251 2827 1304; x_wconf 90' lang='grc' dir='ltr'>τοῦτο</span> <span class='ocrx_word' id='word_1_469' title='bbox 2851 1252 3022 1317; x_wconf 80' lang='grc' dir='ltr'>ἔσται,</span> <span class='ocrx_word' id='word_1_470' title='bbox 3048 1254 3169 1306; x_wconf 77' lang='grc' dir='ltr'>ἐπεὶ</span> <span class='ocrx_word' id='word_1_471' title='bbox 3198 1255 3364 1325; x_wconf 81' lang='grc' dir='ltr'>ἄνδρα</span> <span class='ocrx_word' id='word_1_472' title='bbox 3389 1257 3447 1307; x_wconf 77' lang='grc' dir='ltr'>οὐ</span> <span class='ocrx_word' id='word_1_473' title='bbox 3478 1256 3644 1323; x_wconf 74' lang='grc' dir='ltr'>γινώι-</span> 
     </span>
    </p>
   </div>
   <div class='ocr_carea' id='block_1_57' title="bbox 2071 1342 3643 1415">
    <p class='ocr_par' dir='ltr' id='par_1_57' title="bbox 2071 1342 3643 1415">
     <span class='ocr_line' id='line_1_57' title="bbox 2071 1342 3643 1415; baseline 0.006 -22"><span class='ocrx_word' id='word_1_474' title='bbox 2071 1358 2219 1406; x_wconf 89' lang='grc' dir='ltr'>σκω;</span> <span class='ocrx_word' id='word_1_475' title='bbox 2259 1362 2276 1391; x_wconf 72' lang='grc' dir='ltr'><strong>ι</strong></span> <span class='ocrx_word' id='word_1_476' title='bbox 2313 1342 2530 1412; x_wconf 79' lang='grc' dir='ltr'>εἴρηκε·</span> <span class='ocrx_word' id='word_1_477' title='bbox 2566 1361 2583 1392; x_wconf 76' lang='grc' dir='ltr'><strong>ι</strong></span> <span class='ocrx_word' id='word_1_478' title='bbox 2625 1343 2847 1413; x_wconf 83' lang='grc' dir='ltr'>Πνεῦμα</span> <span class='ocrx_word' id='word_1_479' title='bbox 2873 1345 3026 1414; x_wconf 78' lang='grc' dir='ltr'>ἅγιον</span> <span class='ocrx_word' id='word_1_480' title='bbox 3052 1347 3398 1401; x_wconf 74' lang='grc' dir='ltr'>ἐπελεύσεται</span> <span class='ocrx_word' id='word_1_481' title='bbox 3441 1350 3530 1401; x_wconf 80' lang='grc' dir='ltr'>ἐπὶ</span> <span class='ocrx_word' id='word_1_482' title='bbox 3558 1350 3643 1415; x_wconf 86' lang='grc' dir='ltr'><strong>σὲ,</strong></span> 
     </span>
    </p>
   </div>
   <div class='ocr_carea' id='block_1_58' title="bbox 2022 1433 3648 1510">
    <p class='ocr_par' dir='ltr' id='par_1_58' title="bbox 2022 1433 3648 1510">
     <span class='ocr_line' id='line_1_58' title="bbox 2022 1433 3648 1510; baseline 0.005 -24"><span class='ocrx_word' id='word_1_483' title='bbox 2022 1472 2023 1477; x_wconf 60' lang='grc' dir='ltr'><strong>η</strong></span> <span class='ocrx_word' id='word_1_484' title='bbox 2069 1435 2163 1487; x_wconf 73' lang='grc' dir='ltr'>καὶ</span> <span class='ocrx_word' id='word_1_485' title='bbox 2192 1433 2418 1503; x_wconf 71' lang='grc' dir='ltr'>δύναμις</span> <span class='ocrx_word' id='word_1_486' title='bbox 2450 1434 2701 1504; x_wconf 68' lang='grc' dir='ltr'>Ὑψίστου</span> <span class='ocrx_word' id='word_1_487' title='bbox 2728 1438 3034 1491; x_wconf 78' lang='grc' dir='ltr'>ἐπισκιάσει</span> <span class='ocrx_word' id='word_1_488' title='bbox 3059 1456 3139 1491; x_wconf 90' lang='grc' dir='ltr'><strong>σοι</strong></span> <span class='ocrx_word' id='word_1_489' title='bbox 3159 1455 3170 1466; x_wconf 93' lang='grc'><strong>·</strong></span> <span class='ocrx_word' id='word_1_490' title='bbox 3207 1439 3285 1492; x_wconf 85' lang='grc' dir='ltr'><strong>διὸ</strong></span> <span class='ocrx_word' id='word_1_491' title='bbox 3314 1441 3405 1493; x_wconf 78' lang='grc' dir='ltr'><strong>καὶ</strong></span> <span class='ocrx_word' id='word_1_492' title='bbox 3434 1441 3493 1493; x_wconf 83' lang='grc' dir='ltr'><strong>τὸ</strong></span> <span class='ocrx_word' id='word_1_493' title='bbox 3520 1458 3648 1510; x_wconf 65' lang='grc' dir='ltr'>γενι-</span> 
     </span>
    </p>
   </div>
   <div class='ocr_carea' id='block_1_59' title="bbox 2069 1524 3645 1598">
    <p class='ocr_par' dir='ltr' id='par_1_59' title="bbox 2069 1524 3645 1598">
     <span class='ocr_line' id='line_1_59' title="bbox 2069 1524 3645 1598; baseline 0.004 -22"><span class='ocrx_word' id='word_1_494' title='bbox 2069 1524 2307 1595; x_wconf 83' lang='grc' dir='ltr'>νώμενον</span> <span class='ocrx_word' id='word_1_495' title='bbox 2355 1526 2509 1592; x_wconf 82' lang='grc' dir='ltr'>ἆγιον</span> <span class='ocrx_word' id='word_1_496' title='bbox 2557 1525 2883 1598; x_wconf 76' lang='grc' dir='ltr'>κληθήσεται</span> <span class='ocrx_word' id='word_1_497' title='bbox 2924 1529 3049 1592; x_wconf 83' lang='grc' dir='ltr'>Υἱὸς</span> <span class='ocrx_word' id='word_1_498' title='bbox 3097 1530 3251 1584; x_wconf 86' lang='grc' dir='ltr'>Θεοῦ.</span> <span class='ocrx_word' id='word_1_499' title='bbox 3292 1550 3309 1580; x_wconf 73' lang='grc' dir='ltr'><strong>ι</strong></span> <span class='ocrx_word' id='word_1_500' title='bbox 3366 1532 3422 1583; x_wconf 85' lang='grc' dir='ltr'>Ὀ</span> <span class='ocrx_word' id='word_1_501' title='bbox 3464 1532 3645 1584; x_wconf 83' lang='grc' dir='ltr'>τοίνυν</span> 
     </span>
    </p>
   </div>
   <div class='ocr_carea' id='block_1_60' title="bbox 2069 1616 3645 1692">
    <p class='ocr_par' dir='ltr' id='par_1_60' title="bbox 2069 1616 3645 1692">
     <span class='ocr_line' id='line_1_60' title="bbox 2069 1616 3645 1692; baseline 0.003 -24"><span class='ocrx_word' id='word_1_502' title='bbox 2069 1616 2346 1686; x_wconf 78' lang='grc' dir='ltr'>γεννηθεὶς</span> <span class='ocrx_word' id='word_1_503' title='bbox 2386 1619 2448 1669; x_wconf 76' lang='grc' dir='ltr'>ἐκ</span> <span class='ocrx_word' id='word_1_504' title='bbox 2489 1618 2587 1687; x_wconf 77' lang='grc' dir='ltr'>τῆς</span> <span class='ocrx_word' id='word_1_505' title='bbox 2618 1619 2890 1689; x_wconf 81' lang='grc' dir='ltr'>Παρθένου</span> <span class='ocrx_word' id='word_1_506' title='bbox 2931 1622 3167 1692; x_wconf 82' lang='grc' dir='ltr'>Μαρίας,</span> <span class='ocrx_word' id='word_1_507' title='bbox 3210 1622 3337 1684; x_wconf 83' lang='grc' dir='ltr'>Υἱὸς</span> <span class='ocrx_word' id='word_1_508' title='bbox 3365 1622 3497 1677; x_wconf 86' lang='grc' dir='ltr'>Θεοῦ</span> <span class='ocrx_word' id='word_1_509' title='bbox 3538 1621 3645 1690; x_wconf 79' lang='grc' dir='ltr'><strong>φύ-</strong></span> 
     </span>
    </p>
   </div>
   <div class='ocr_carea' id='block_1_61' title="bbox 2072 1709 3648 1783">
    <p class='ocr_par' dir='ltr' id='par_1_61' title="bbox 2072 1709 3648 1783">
     <span class='ocr_line' id='line_1_61' title="bbox 2072 1709 3648 1783; baseline 0.003 -22"><span class='ocrx_word' id='word_1_510' title='bbox 2072 1726 2173 1772; x_wconf 90' lang='grc' dir='ltr'>σει,</span> <span class='ocrx_word' id='word_1_511' title='bbox 2205 1709 2299 1762; x_wconf 69' lang='grc' dir='ltr'>καὶ</span> <span class='ocrx_word' id='word_1_512' title='bbox 2331 1709 2463 1772; x_wconf 87' lang='grc' dir='ltr'>Θεὸς</span> <span class='ocrx_word' id='word_1_513' title='bbox 2492 1709 2758 1779; x_wconf 84' lang='grc' dir='ltr'>ἀληθινὸς,</span> <span class='ocrx_word' id='word_1_514' title='bbox 2793 1711 2886 1763; x_wconf 79' lang='grc' dir='ltr'><strong>καὶ</strong></span> <span class='ocrx_word' id='word_1_515' title='bbox 2918 1712 2979 1763; x_wconf 80' lang='grc' dir='ltr'><strong>οὐ</strong></span> <span class='ocrx_word' id='word_1_516' title='bbox 3011 1712 3210 1783; x_wconf 82' lang='grc' dir='ltr'>χάριτι,</span> <span class='ocrx_word' id='word_1_517' title='bbox 3244 1714 3338 1766; x_wconf 74' lang='grc' dir='ltr'>καὶ</span> <span class='ocrx_word' id='word_1_518' title='bbox 3362 1715 3419 1766; x_wconf 78' lang='grc' dir='ltr'>οὐ</span> <span class='ocrx_word' id='word_1_519' title='bbox 3454 1731 3648 1783; x_wconf 87' lang='grc' dir='ltr'>μετου-</span> 
     </span>
    </p>
   </div>
   <div class='ocr_carea' id='block_1_62' title="bbox 2073 1802 3643 1875">
    <p class='ocr_par' dir='ltr' id='par_1_62' title="bbox 2073 1802 3643 1875">
     <span class='ocr_line' id='line_1_62' title="bbox 2073 1802 3643 1875; baseline 0.002 -22"><span class='ocrx_word' id='word_1_520' title='bbox 2073 1803 2183 1873; x_wconf 80' lang='grc' dir='ltr'>σία,</span> <span class='ocrx_word' id='word_1_521' title='bbox 2216 1802 2355 1854; x_wconf 82' lang='grc' dir='ltr'><strong>κατά</strong></span> <span class='ocrx_word' id='word_1_522' title='bbox 2390 1803 2568 1873; x_wconf 88' lang='grc' dir='ltr'>σάρκα</span> <span class='ocrx_word' id='word_1_523' title='bbox 2613 1803 2790 1871; x_wconf 84' lang='grc' dir='ltr'>μόνον,</span> <span class='ocrx_word' id='word_1_524' title='bbox 2832 1802 2928 1873; x_wconf 81' lang='grc' dir='ltr'><strong>τὴν</strong></span> <span class='ocrx_word' id='word_1_525' title='bbox 2961 1805 3024 1855; x_wconf 78' lang='grc' dir='ltr'>ὲκ</span> <span class='ocrx_word' id='word_1_526' title='bbox 3050 1806 3281 1875; x_wconf 80' lang='grc' dir='ltr'>Μαρίας,</span> <span class='ocrx_word' id='word_1_527' title='bbox 3326 1805 3643 1875; x_wconf 79' lang='grc' dir='ltr'>ἄνθρωπος’</span> 
     </span>
    </p>
   </div>
   <div class='ocr_carea' id='block_1_63' title="bbox 2070 1892 3644 1967">
    <p class='ocr_par' dir='ltr' id='par_1_63' title="bbox 2070 1892 3644 1967">
     <span class='ocr_line' id='line_1_63' title="bbox 2070 1892 3644 1967; baseline 0.004 -24"><span class='ocrx_word' id='word_1_528' title='bbox 2070 1892 2209 1944; x_wconf 86' lang='grc' dir='ltr'><strong>κατὰ</strong></span> <span class='ocrx_word' id='word_1_529' title='bbox 2258 1892 2313 1945; x_wconf 85' lang='grc' dir='ltr'>δὲ</span> <span class='ocrx_word' id='word_1_530' title='bbox 2358 1892 2594 1962; x_wconf 86' lang='grc' dir='ltr'>πνεῦμα,</span> <span class='ocrx_word' id='word_1_531' title='bbox 2641 1894 2668 1945; x_wconf 89' lang='grc' dir='ltr'>ὁ</span> <span class='ocrx_word' id='word_1_532' title='bbox 2719 1892 2878 1957; x_wconf 77' lang='grc' dir='ltr'>αὐτὸς</span> <span class='ocrx_word' id='word_1_533' title='bbox 2915 1893 3040 1957; x_wconf 83' lang='grc' dir='ltr'>Υἱὸς</span> <span class='ocrx_word' id='word_1_534' title='bbox 3084 1894 3215 1947; x_wconf 82' lang='grc' dir='ltr'>Θεοῦ</span> <span class='ocrx_word' id='word_1_535' title='bbox 3264 1897 3358 1949; x_wconf 72' lang='grc' dir='ltr'>καὶ</span> <span class='ocrx_word' id='word_1_536' title='bbox 3398 1896 3528 1957; x_wconf 79' lang='grc' dir='ltr'>Θεὸς</span> <span class='ocrx_word' id='word_1_537' title='bbox 3567 1896 3644 1967; x_wconf 78' lang='grc'><strong>(5)</strong></span> 
     </span>
    </p>
   </div>
   <div class='ocr_carea' id='block_1_64' title="bbox 2071 1982 3643 2055">
    <p class='ocr_par' dir='ltr' id='par_1_64' title="bbox 2071 1982 3643 2055">
     <span class='ocr_line' id='line_1_64' title="bbox 2071 1982 3643 2055; baseline 0.002 -20"><span class='ocrx_word' id='word_1_538' title='bbox 2071 1983 2347 2052; x_wconf 81' lang='grc' dir='ltr'>ἀληθινός·</span> <span class='ocrx_word' id='word_1_539' title='bbox 2384 1982 2568 2037; x_wconf 84' lang='grc' dir='ltr'>παθὼν</span> <span class='ocrx_word' id='word_1_540' title='bbox 2602 1984 2699 2053; x_wconf 78' lang='grc' dir='ltr'><strong>μὲν</strong></span> <span class='ocrx_word' id='word_1_541' title='bbox 2724 1984 2789 2035; x_wconf 77' lang='grc' dir='ltr'><strong>τὰ</strong></span> <span class='ocrx_word' id='word_1_542' title='bbox 2821 1984 3063 2055; x_wconf 74' lang='grc' dir='ltr'>ἡμέτερα</span> <span class='ocrx_word' id='word_1_543' title='bbox 3092 1984 3236 2055; x_wconf 88' lang='grc' dir='ltr'>πάθη</span> <span class='ocrx_word' id='word_1_544' title='bbox 3268 1986 3408 2037; x_wconf 76' lang='grc' dir='ltr'>κατὰ</span> <span class='ocrx_word' id='word_1_545' title='bbox 3442 1985 3643 2055; x_wconf 82' lang='grc' dir='ltr'>σάρκα,</span> 
     </span>
    </p>
   </div>
   <div class='ocr_carea' id='block_1_65' title="bbox 2071 2073 3647 2147">
    <p class='ocr_par' dir='ltr' id='par_1_65' title="bbox 2071 2073 3647 2147">
     <span class='ocr_line' id='line_1_65' title="bbox 2071 2073 3647 2147; baseline 0.002 -21"><span class='ocrx_word' id='word_1_546' title='bbox 2071 2075 2145 2138; x_wconf 86' lang='grc' dir='ltr'>ὼς</span> <span class='ocrx_word' id='word_1_547' title='bbox 2198 2073 2503 2145; x_wconf 83' lang='grc' dir='ltr'>γέγραπται</span> <span class='ocrx_word' id='word_1_548' title='bbox 2534 2090 2547 2103; x_wconf 83' lang='lat'><strong><em>&#39;</em></strong></span> <span class='ocrx_word' id='word_1_549' title='bbox 2601 2093 2619 2123; x_wconf 82' lang='grc' dir='ltr'><strong>ι</strong></span> <span class='ocrx_word' id='word_1_550' title='bbox 2679 2074 2914 2144; x_wconf 84' lang='grc' dir='ltr'>Χριστοῦ</span> <span class='ocrx_word' id='word_1_551' title='bbox 2968 2074 3230 2138; x_wconf 75' lang='grc' dir='ltr'>παθόντος</span> <span class='ocrx_word' id='word_1_552' title='bbox 3292 2077 3437 2147; x_wconf 82' lang='grc' dir='ltr'>ὑπὲρ</span> <span class='ocrx_word' id='word_1_553' title='bbox 3488 2075 3647 2145; x_wconf 77' lang='grc' dir='ltr'>ἡμῶν</span> 
     </span>
    </p>
   </div>
   <div class='ocr_carea' id='block_1_66' title="bbox 2074 2164 3648 2237">
    <p class='ocr_par' dir='ltr' id='par_1_66' title="bbox 2074 2164 3648 2237">
     <span class='ocr_line' id='line_1_66' title="bbox 2074 2164 3648 2237; baseline 0.001 -19"><span class='ocrx_word' id='word_1_554' title='bbox 2074 2166 2265 2237; x_wconf 90' lang='grc' dir='ltr'>σαρκί.</span> <span class='ocrx_word' id='word_1_555' title='bbox 2310 2184 2328 2216; x_wconf 73' lang='grc' dir='ltr'><strong>ι</strong></span> <span class='ocrx_word' id='word_1_556' title='bbox 2368 2166 2477 2218; x_wconf 75' lang='grc' dir='ltr'>Καὶ</span> <span class='ocrx_word' id='word_1_557' title='bbox 2529 2164 2708 2227; x_wconf 89' lang='grc' dir='ltr'>πάλιν,</span> <span class='ocrx_word' id='word_1_558' title='bbox 2748 2184 2765 2215; x_wconf 84' lang='grc' dir='ltr'><strong>ι</strong></span> <span class='ocrx_word' id='word_1_559' title='bbox 2811 2166 2908 2228; x_wconf 76' lang='grc' dir='ltr'><strong>’⁸ος</strong></span> <span class='ocrx_word' id='word_1_560' title='bbox 2954 2182 3017 2234; x_wconf 89' lang='grc' dir='ltr'><strong>γε</strong></span> <span class='ocrx_word' id='word_1_561' title='bbox 3073 2164 3167 2218; x_wconf 87' lang='grc' dir='ltr'><strong>τοῦ</strong></span> <span class='ocrx_word' id='word_1_562' title='bbox 3211 2166 3341 2218; x_wconf 83' lang='grc' dir='ltr'>ἰδίου</span> <span class='ocrx_word' id='word_1_563' title='bbox 3379 2167 3506 2219; x_wconf 69' lang='grc' dir='ltr'>Υιοῦ</span> <span class='ocrx_word' id='word_1_564' title='bbox 3543 2168 3648 2220; x_wconf 79' lang='grc' dir='ltr'><strong>οὐκ</strong></span> 
     </span>
    </p>
   </div>
   <div class='ocr_carea' id='block_1_67' title="bbox 2071 2256 3647 2329">
    <p class='ocr_par' dir='ltr' id='par_1_67' title="bbox 2071 2256 3647 2329">
     <span class='ocr_line' id='line_1_67' title="bbox 2071 2256 3647 2329; baseline 0 -20"><span class='ocrx_word' id='word_1_565' title='bbox 2071 2258 2341 2326; x_wconf 76' lang='grc' dir='ltr'>ἐφείσατο,</span> <span class='ocrx_word' id='word_1_566' title='bbox 2388 2256 2501 2309; x_wconf 83' lang='grc' dir='ltr'>ἀλλ’</span> <span class='ocrx_word' id='word_1_567' title='bbox 2545 2256 2686 2326; x_wconf 82' lang='grc' dir='ltr'>ὑπὲρ</span> <span class='ocrx_word' id='word_1_568' title='bbox 2736 2257 2889 2327; x_wconf 79' lang='grc' dir='ltr'>ἡμῶν</span> <span class='ocrx_word' id='word_1_569' title='bbox 2926 2257 3141 2310; x_wconf 86' lang='grc' dir='ltr'>πάντων</span> <span class='ocrx_word' id='word_1_570' title='bbox 3190 2258 3500 2329; x_wconf 78' lang='grc' dir='ltr'>παρέδωκεν</span> <span class='ocrx_word' id='word_1_571' title='bbox 3543 2258 3647 2311; x_wconf 77' lang='grc' dir='ltr'>αὐη</span> 
     </span>
    </p>
   </div>
   <div class='ocr_carea' id='block_1_68' title="bbox 2072 2347 3650 2418">
    <p class='ocr_par' dir='ltr' id='par_1_68' title="bbox 2072 2347 3650 2418">
     <span class='ocr_line' id='line_1_68' title="bbox 2072 2347 3650 2418; baseline 0.001 -18"><span class='ocrx_word' id='word_1_572' title='bbox 2072 2350 2196 2401; x_wconf 75' lang='grc' dir='ltr'>τόνο</span> <span class='ocrx_word' id='word_1_573' title='bbox 2242 2368 2260 2399; x_wconf 73' lang='grc' dir='ltr'><strong>ι</strong></span> <span class='ocrx_word' id='word_1_574' title='bbox 2307 2348 2522 2418; x_wconf 76' lang='grc' dir='ltr'>ἀπαθὴς</span> <span class='ocrx_word' id='word_1_575' title='bbox 2565 2347 2621 2399; x_wconf 82' lang='grc' dir='ltr'><strong>δὲ</strong></span> <span class='ocrx_word' id='word_1_576' title='bbox 2651 2348 2928 2417; x_wconf 81' lang='grc' dir='ltr'>διαμείνας</span> <span class='ocrx_word' id='word_1_577' title='bbox 2969 2350 3061 2401; x_wconf 75' lang='grc' dir='ltr'><strong>καὶ</strong></span> <span class='ocrx_word' id='word_1_578' title='bbox 3108 2348 3461 2412; x_wconf 84' lang='grc' dir='ltr'>ἀναλλοίωτος</span> <span class='ocrx_word' id='word_1_579' title='bbox 3508 2347 3650 2402; x_wconf 82' lang='grc' dir='ltr'><strong>κατά</strong></span> 
     </span>
    </p>
   </div>
   <div class='ocr_carea' id='block_1_69' title="bbox 2070 2438 3648 2512">
    <p class='ocr_par' dir='ltr' id='par_1_69' title="bbox 2070 2438 3648 2512">
     <span class='ocr_line' id='line_1_69' title="bbox 2070 2438 3648 2512; baseline 0 -20"><span class='ocrx_word' id='word_1_580' title='bbox 2070 2440 2167 2511; x_wconf 82' lang='grc' dir='ltr'>τὴν</span> <span class='ocrx_word' id='word_1_581' title='bbox 2197 2440 2446 2511; x_wconf 82' lang='grc' dir='ltr'>θεότητα,</span> <span class='ocrx_word' id='word_1_582' title='bbox 2477 2438 2618 2492; x_wconf 87' lang='grc' dir='ltr'><strong>κατά</strong></span> <span class='ocrx_word' id='word_1_583' title='bbox 2646 2439 2705 2491; x_wconf 88' lang='grc' dir='ltr'><strong>τὸ</strong></span> <span class='ocrx_word' id='word_1_584' title='bbox 2748 2440 3037 2510; x_wconf 80' lang='grc' dir='ltr'>λεγόμενον</span> <span class='ocrx_word' id='word_1_585' title='bbox 3065 2440 3170 2493; x_wconf 78' lang='grc' dir='ltr'><strong>ὑπὸ</strong></span> <span class='ocrx_word' id='word_1_586' title='bbox 3206 2441 3299 2493; x_wconf 89' lang='grc' dir='ltr'><strong>τοῦ</strong></span> <span class='ocrx_word' id='word_1_587' title='bbox 3332 2443 3609 2512; x_wconf 68' lang='grc' dir='ltr'>προφήτου</span> <span class='ocrx_word' id='word_1_588' title='bbox 3630 2456 3648 2473; x_wconf 78' lang='grc' dir='ltr'><strong>ο</strong></span> 
     </span>
    </p>
   </div>
   <div class='ocr_carea' id='block_1_70' title="bbox 2077 2531 3653 2603">
    <p class='ocr_par' dir='ltr' id='par_1_70' title="bbox 2077 2531 3653 2603">
     <span class='ocr_line' id='line_1_70' title="bbox 2077 2531 3653 2603; baseline 0.002 -19"><span class='ocrx_word' id='word_1_589' title='bbox 2077 2551 2095 2584; x_wconf 83' lang='grc' dir='ltr'><strong>ι</strong></span> <span class='ocrx_word' id='word_1_590' title='bbox 2140 2532 2280 2601; x_wconf 86' lang='grc' dir='ltr'>Ἐγὼ</span> <span class='ocrx_word' id='word_1_591' title='bbox 2330 2533 2461 2595; x_wconf 84' lang='grc' dir='ltr'>Θεὸς</span> <span class='ocrx_word' id='word_1_592' title='bbox 2510 2531 2603 2585; x_wconf 83' lang='grc' dir='ltr'><strong>καὶ</strong></span> <span class='ocrx_word' id='word_1_593' title='bbox 2645 2533 2741 2584; x_wconf 77' lang='grc' dir='ltr'><strong>οῦκ</strong></span> <span class='ocrx_word' id='word_1_594' title='bbox 2787 2532 3118 2603; x_wconf 75' lang='grc' dir='ltr'>ὴλλοίωμαιο</span> <span class='ocrx_word' id='word_1_595' title='bbox 3153 2553 3172 2584; x_wconf 86' lang='grc'><strong>›</strong></span> <span class='ocrx_word' id='word_1_596' title='bbox 3213 2534 3500 2588; x_wconf 80' lang='grc' dir='ltr'>ἀποθανὼν</span> <span class='ocrx_word' id='word_1_597' title='bbox 3551 2535 3653 2603; x_wconf 80' lang='grc' dir='ltr'><strong>μὲν</strong></span> 
     </span>
    </p>
   </div>
   <div class='ocr_carea' id='block_1_71' title="bbox 2072 2624 3656 2695">
    <p class='ocr_par' dir='ltr' id='par_1_71' title="bbox 2072 2624 3656 2695">
     <span class='ocr_line' id='line_1_71' title="bbox 2072 2624 3656 2695; baseline 0 -18"><span class='ocrx_word' id='word_1_598' title='bbox 2072 2624 2161 2677; x_wconf 86' lang='grc' dir='ltr'><strong>τὸν</strong></span> <span class='ocrx_word' id='word_1_599' title='bbox 2204 2625 2469 2695; x_wconf 80' lang='grc' dir='ltr'>ἡμέτερον</span> <span class='ocrx_word' id='word_1_600' title='bbox 2513 2624 2741 2679; x_wconf 86' lang='grc' dir='ltr'>θάνατον</span> <span class='ocrx_word' id='word_1_601' title='bbox 2777 2624 2920 2677; x_wconf 83' lang='grc' dir='ltr'><strong>κατά</strong></span> <span class='ocrx_word' id='word_1_602' title='bbox 2948 2625 3125 2694; x_wconf 80' lang='grc' dir='ltr'>σάρκα</span> <span class='ocrx_word' id='word_1_603' title='bbox 3153 2624 3291 2695; x_wconf 82' lang='grc' dir='ltr'>ὑπὲρ</span> <span class='ocrx_word' id='word_1_604' title='bbox 3316 2624 3424 2677; x_wconf 79' lang='grc' dir='ltr'><strong>τῶν</strong></span> <span class='ocrx_word' id='word_1_605' title='bbox 3472 2626 3656 2695; x_wconf 86' lang='grc' dir='ltr'>ἀμαρ-</span> 
     </span>
    </p>
   </div>
   <div class='ocr_carea' id='block_1_72' title="bbox 2073 2697 3653 2789">
    <p class='ocr_par' dir='ltr' id='par_1_72' title="bbox 2073 2697 3653 2789">
     <span class='ocr_line' id='line_1_72' title="bbox 2073 2697 3653 2789; baseline -0.001 -20"><span class='ocrx_word' id='word_1_606' title='bbox 2073 2716 2203 2769; x_wconf 80' lang='grc' dir='ltr'>τιῶν</span> <span class='ocrx_word' id='word_1_607' title='bbox 2254 2717 2431 2787; x_wconf 79' lang='grc' dir='ltr'>ἡμῶν,</span> <span class='ocrx_word' id='word_1_608' title='bbox 2481 2717 2568 2769; x_wconf 85' lang='grc' dir='ltr'><strong>ἵνα</strong></span> <span class='ocrx_word' id='word_1_609' title='bbox 2618 2716 2709 2769; x_wconf 86' lang='grc' dir='ltr'><strong>τὸν</strong></span> <span class='ocrx_word' id='word_1_610' title='bbox 2754 2716 2978 2771; x_wconf 86' lang='grc' dir='ltr'>θάνατον</span> <span class='ocrx_word' id='word_1_611' title='bbox 3023 2716 3185 2789; x_wconf 80' lang='grc' dir='ltr'>ἀνέλῃ</span> <span class='ocrx_word' id='word_1_612' title='bbox 3230 2716 3317 2769; x_wconf 71' lang='grc' dir='ltr'><strong>διὰ</strong></span> <span class='ocrx_word' id='word_1_613' title='bbox 3366 2697 3459 2769; x_wconf 83' lang='grc' dir='ltr'><strong>τοῦ</strong></span> <span class='ocrx_word' id='word_1_614' title='bbox 3512 2717 3653 2788; x_wconf 78' lang='grc' dir='ltr'>ὑπὲρ</span> 
     </span>
    </p>
   </div>
   <div class='ocr_carea' id='block_1_73' title="bbox 2074 2806 3649 2877">
    <p class='ocr_par' dir='ltr' id='par_1_73' title="bbox 2074 2806 3649 2877">
     <span class='ocr_line' id='line_1_73' title="bbox 2074 2806 3649 2877; baseline 0 -18"><span class='ocrx_word' id='word_1_615' title='bbox 2074 2806 2227 2877; x_wconf 83' lang='grc' dir='ltr'>ἡμῶν</span> <span class='ocrx_word' id='word_1_616' title='bbox 2252 2807 2502 2870; x_wconf 80' lang='grc' dir='ltr'>θανάτου,</span> <span class='ocrx_word' id='word_1_617' title='bbox 2538 2806 2679 2860; x_wconf 88' lang='grc' dir='ltr'><strong>κατά</strong></span> <span class='ocrx_word' id='word_1_618' title='bbox 2702 2807 2791 2860; x_wconf 88' lang='grc' dir='ltr'><strong>τὸν</strong></span> <span class='ocrx_word' id='word_1_619' title='bbox 2826 2808 3053 2876; x_wconf 83' lang='grc' dir='ltr'>λέγοντα</span> <span class='ocrx_word' id='word_1_620' title='bbox 3067 2807 3385 2859; x_wconf 85' lang='grc' dir='ltr'>Ἀπόστολον</span> <span class='ocrx_word' id='word_1_621' title='bbox 3406 2824 3417 2837; x_wconf 92' lang='grc'><strong>·</strong></span> <span class='ocrx_word' id='word_1_622' title='bbox 3455 2826 3472 2856; x_wconf 80' lang='grc' dir='ltr'><strong>ι</strong></span> <span class='ocrx_word' id='word_1_623' title='bbox 3496 2808 3649 2859; x_wconf 85' lang='grc' dir='ltr'>Κατ-</span> 
     </span>
    </p>
   </div>
   <div class='ocr_carea' id='block_1_74' title="bbox 2074 2896 3655 2970">
    <p class='ocr_par' dir='ltr' id='par_1_74' title="bbox 2074 2896 3655 2970">
     <span class='ocr_line' id='line_1_74' title="bbox 2074 2896 3655 2970; baseline -0.003 -18"><span class='ocrx_word' id='word_1_624' title='bbox 2074 2900 2243 2970; x_wconf 84' lang='grc' dir='ltr'>επόθη</span> <span class='ocrx_word' id='word_1_625' title='bbox 2282 2902 2310 2953; x_wconf 95' lang='lat'><strong>6</strong></span> <span class='ocrx_word' id='word_1_626' title='bbox 2344 2900 2571 2963; x_wconf 85' lang='grc' dir='ltr'>θάνατος</span> <span class='ocrx_word' id='word_1_627' title='bbox 2604 2901 2683 2964; x_wconf 84' lang='grc' dir='ltr'><strong>είς</strong></span> <span class='ocrx_word' id='word_1_628' title='bbox 2726 2901 2906 2962; x_wconf 83' lang='grc' dir='ltr'>νῖκος·</span> <span class='ocrx_word' id='word_1_629' title='bbox 2948 2898 3047 2951; x_wconf 89' lang='grc' dir='ltr'><strong>ποῦ</strong></span> <span class='ocrx_word' id='word_1_630' title='bbox 3117 2916 3231 2961; x_wconf 84' lang='grc' dir='ltr'>σου,</span> <span class='ocrx_word' id='word_1_631' title='bbox 3274 2897 3396 2968; x_wconf 75' lang='grc' dir='ltr'>ᾇδη,</span> <span class='ocrx_word' id='word_1_632' title='bbox 3433 2896 3492 2949; x_wconf 88' lang='grc' dir='ltr'><strong>τὸ</strong></span> <span class='ocrx_word' id='word_1_633' title='bbox 3529 2897 3655 2949; x_wconf 84' lang='grc' dir='ltr'><strong>κέν-</strong></span> 
     </span>
    </p>
   </div>
   <div class='ocr_carea' id='block_1_75' title="bbox 2072 2986 3656 3059">
    <p class='ocr_par' dir='ltr' id='par_1_75' title="bbox 2072 2986 3656 3059">
     <span class='ocr_line' id='line_1_75' title="bbox 2072 2986 3656 3059; baseline 0 -19"><span class='ocrx_word' id='word_1_634' title='bbox 2072 3005 2237 3059; x_wconf 87' lang='grc' dir='ltr'>τρον;</span> <span class='ocrx_word' id='word_1_635' title='bbox 2278 3008 2296 3041; x_wconf 77' lang='grc' dir='ltr'><strong>ι</strong></span> <span class='ocrx_word' id='word_1_636' title='bbox 2346 2990 2439 3042; x_wconf 74' lang='grc' dir='ltr'>καὶ</span> <span class='ocrx_word' id='word_1_637' title='bbox 2471 2989 2662 3042; x_wconf 82' lang='grc' dir='ltr'>πάλιν·</span> <span class='ocrx_word' id='word_1_638' title='bbox 2703 3007 2721 3038; x_wconf 77' lang='grc' dir='ltr'><strong>ι</strong></span> <span class='ocrx_word' id='word_1_639' title='bbox 2773 2987 3008 3058; x_wconf 87' lang='grc' dir='ltr'>Χριστὸς</span> <span class='ocrx_word' id='word_1_640' title='bbox 3056 2987 3327 3039; x_wconf 85' lang='grc' dir='ltr'>ἀπέθανεν</span> <span class='ocrx_word' id='word_1_641' title='bbox 3365 2987 3504 3057; x_wconf 80' lang='grc' dir='ltr'>ὑπὲρ</span> <span class='ocrx_word' id='word_1_642' title='bbox 3544 2986 3656 3040; x_wconf 76' lang='grc' dir='ltr'><strong>τῶν</strong></span> 
     </span>
    </p>
   </div>
   <div class='ocr_carea' id='block_1_76' title="bbox 2075 3076 3657 3152">
    <p class='ocr_par' dir='ltr' id='par_1_76' title="bbox 2075 3076 3657 3152">
     <span class='ocr_line' id='line_1_76' title="bbox 2075 3076 3657 3152; baseline -0.003 -20"><span class='ocrx_word' id='word_1_643' title='bbox 2075 3079 2359 3152; x_wconf 83' lang='grc' dir='ltr'>ἁμαρτιῶν</span> <span class='ocrx_word' id='word_1_644' title='bbox 2385 3079 2562 3150; x_wconf 84' lang='grc' dir='ltr'>ἡμῶν,</span> <span class='ocrx_word' id='word_1_645' title='bbox 2587 3078 2727 3131; x_wconf 79' lang='grc' dir='ltr'>κατὰ</span> <span class='ocrx_word' id='word_1_646' title='bbox 2748 3078 2845 3142; x_wconf 84' lang='grc' dir='ltr'><strong>τὰς</strong></span> <span class='ocrx_word' id='word_1_647' title='bbox 2870 3079 3090 3149; x_wconf 83' lang='grc' dir='ltr'>Γραφάς</span> <span class='ocrx_word' id='word_1_648' title='bbox 3112 3094 3124 3107; x_wconf 91' lang='grc'><strong>·</strong></span> <span class='ocrx_word' id='word_1_649' title='bbox 3159 3097 3175 3127; x_wconf 72' lang='grc' dir='ltr'><strong>ι</strong></span> <span class='ocrx_word' id='word_1_650' title='bbox 3206 3078 3469 3140; x_wconf 79' lang='grc' dir='ltr'>ἀθάνατος</span> <span class='ocrx_word' id='word_1_651' title='bbox 3493 3077 3550 3129; x_wconf 82' lang='grc' dir='ltr'><strong>δὲ</strong></span> <span class='ocrx_word' id='word_1_652' title='bbox 3579 3076 3657 3147; x_wconf 63' lang='grc'><strong>(4)</strong></span> 
     </span>
    </p>
   </div>
   <div class='ocr_carea' id='block_1_77' title="bbox 2075 3168 3657 3241">
    <p class='ocr_par' dir='ltr' id='par_1_77' title="bbox 2075 3168 3657 3241">
     <span class='ocr_line' id='line_1_77' title="bbox 2075 3168 3657 3241; baseline -0.002 -18"><span class='ocrx_word' id='word_1_653' title='bbox 2075 3172 2167 3224; x_wconf 75' lang='grc' dir='ltr'><strong>καὶ</strong></span> <span class='ocrx_word' id='word_1_654' title='bbox 2194 3172 2502 3241; x_wconf 70' lang='grc' dir='ltr'>ἀκράτητος</span> <span class='ocrx_word' id='word_1_655' title='bbox 2522 3169 2599 3240; x_wconf 80' lang='grc' dir='ltr'>τῷ</span> <span class='ocrx_word' id='word_1_656' title='bbox 2624 3170 2837 3239; x_wconf 81' lang='grc' dir='ltr'>θανάτῳ</span> <span class='ocrx_word' id='word_1_657' title='bbox 2860 3168 3139 3239; x_wconf 80' lang='grc' dir='ltr'>διαμείνας</span> <span class='ocrx_word' id='word_1_658' title='bbox 3169 3169 3255 3221; x_wconf 92' lang='grc' dir='ltr'><strong>διά</strong></span> <span class='ocrx_word' id='word_1_659' title='bbox 3283 3168 3380 3239; x_wconf 83' lang='grc' dir='ltr'>τὴν</span> <span class='ocrx_word' id='word_1_660' title='bbox 3402 3168 3657 3237; x_wconf 78' lang='grc' dir='ltr'>θεότητα,</span> 
     </span>
    </p>
   </div>
   <div class='ocr_carea' id='block_1_78' title="bbox 2074 3261 3660 3333">
    <p class='ocr_par' dir='ltr' id='par_1_78' title="bbox 2074 3261 3660 3333">
     <span class='ocr_line' id='line_1_78' title="bbox 2074 3261 3660 3333; baseline -0.001 -18"><span class='ocrx_word' id='word_1_661' title='bbox 2074 3263 2150 3327; x_wconf 82' lang='grc' dir='ltr'>ὡς</span> <span class='ocrx_word' id='word_1_662' title='bbox 2190 3263 2407 3333; x_wconf 77' lang='grc' dir='ltr'>ἀπαθὴς</span> <span class='ocrx_word' id='word_1_663' title='bbox 2445 3263 2538 3315; x_wconf 87' lang='grc' dir='ltr'><strong>τοῦ</strong></span> <span class='ocrx_word' id='word_1_664' title='bbox 2588 3263 2801 3333; x_wconf 87' lang='grc' dir='ltr'>Πατρὸς</span> <span class='ocrx_word' id='word_1_665' title='bbox 2829 3261 3076 3331; x_wconf 84' lang='grc' dir='ltr'>δύναμις,</span> <span class='ocrx_word' id='word_1_666' title='bbox 3121 3261 3264 3314; x_wconf 86' lang='grc' dir='ltr'><strong>κατά</strong></span> <span class='ocrx_word' id='word_1_667' title='bbox 3303 3262 3394 3314; x_wconf 87' lang='grc' dir='ltr'><strong>τὸν</strong></span> <span class='ocrx_word' id='word_1_668' title='bbox 3428 3261 3660 3329; x_wconf 79' lang='grc' dir='ltr'>λέγοντα</span> 
     </span>
    </p>
   </div>
   <div class='ocr_carea' id='block_1_79' title="bbox 2076 3350 3660 3432">
    <p class='ocr_par' dir='ltr' id='par_1_79' title="bbox 2076 3350 3660 3432">
     <span class='ocr_line' id='line_1_79' title="bbox 2076 3350 3660 3432; baseline 0 -25"><span class='ocrx_word' id='word_1_669' title='bbox 2076 3355 2308 3432; x_wconf 71' lang='grc' dir='ltr'>Πέτρονο</span> <span class='ocrx_word' id='word_1_670' title='bbox 2337 3375 2355 3405; x_wconf 74' lang='grc' dir='ltr'><strong>ι</strong></span> <span class='ocrx_word' id='word_1_671' title='bbox 2404 3355 2477 3406; x_wconf 82' lang='grc' dir='ltr'><strong>Οὐ</strong></span> <span class='ocrx_word' id='word_1_672' title='bbox 2522 3354 2630 3425; x_wconf 78' lang='grc' dir='ltr'>γὰρ</span> <span class='ocrx_word' id='word_1_673' title='bbox 2660 3350 2747 3425; x_wconf 76' lang='grc' dir='ltr'>ἦν,</span> <span class='ocrx_word' id='word_1_674' title='bbox 2784 3373 2803 3405; x_wconf 72' lang='grc' dir='ltr'><strong>ι</strong></span> <span class='ocrx_word' id='word_1_675' title='bbox 2978 3356 3128 3425; x_wconf 70' lang='grc' dir='ltr'>φησὶ,</span> <span class='ocrx_word' id='word_1_676' title='bbox 3177 3375 3195 3405; x_wconf 74' lang='grc' dir='ltr'><strong>ι</strong></span> <span class='ocrx_word' id='word_1_677' title='bbox 3243 3354 3463 3408; x_wconf 84' lang='grc' dir='ltr'>δυνατὸν</span> <span class='ocrx_word' id='word_1_678' title='bbox 3517 3371 3660 3423; x_wconf 83' lang='grc' dir='ltr'>κρα-</span> 
     </span>
    </p>
   </div>
   <div class='ocr_carea' id='block_1_80' title="bbox 2074 3443 3659 3515">
    <p class='ocr_par' dir='ltr' id='par_1_80' title="bbox 2074 3443 3659 3515">
     <span class='ocr_line' id='line_1_80' title="bbox 2074 3443 3659 3515; baseline -0.001 -17"><span class='ocrx_word' id='word_1_679' title='bbox 2074 3445 2281 3498; x_wconf 87' lang='grc' dir='ltr'>τεῖσθαι</span> <span class='ocrx_word' id='word_1_680' title='bbox 2314 3445 2474 3497; x_wconf 77' lang='grc' dir='ltr'>αὐτὸν</span> <span class='ocrx_word' id='word_1_681' title='bbox 2502 3444 2605 3496; x_wconf 84' lang='grc' dir='ltr'><strong>ὑπὸ</strong></span> <span class='ocrx_word' id='word_1_682' title='bbox 2632 3444 2726 3496; x_wconf 90' lang='grc' dir='ltr'><strong>τοῦ</strong></span> <span class='ocrx_word' id='word_1_683' title='bbox 2753 3443 2984 3497; x_wconf 84' lang='grc' dir='ltr'>θανάτου</span> <span class='ocrx_word' id='word_1_684' title='bbox 3005 3462 3018 3474; x_wconf 91' lang='grc'><strong>·</strong></span> <span class='ocrx_word' id='word_1_685' title='bbox 3064 3464 3081 3495; x_wconf 73' lang='grc' dir='ltr'><strong>ι</strong></span> <span class='ocrx_word' id='word_1_686' title='bbox 3122 3443 3359 3497; x_wconf 85' lang='grc' dir='ltr'>ἀνελθὼν</span> <span class='ocrx_word' id='word_1_687' title='bbox 3389 3445 3469 3506; x_wconf 80' lang='grc' dir='ltr'>εἰς</span> <span class='ocrx_word' id='word_1_688' title='bbox 3489 3445 3659 3515; x_wconf 74' lang='grc' dir='ltr'>οὐρα-</span> 
     </span>
    </p>
   </div>
   <div class='ocr_carea' id='block_1_81' title="bbox 2076 3533 3661 3606">
    <p class='ocr_par' dir='ltr' id='par_1_81' title="bbox 2076 3533 3661 3606">
     <span class='ocr_line' id='line_1_81' title="bbox 2076 3533 3661 3606; baseline 0.001 -18"><span class='ocrx_word' id='word_1_689' title='bbox 2076 3536 2199 3597; x_wconf 81' lang='grc' dir='ltr'>νοὺς</span> <span class='ocrx_word' id='word_1_690' title='bbox 2228 3533 2322 3587; x_wconf 80' lang='grc' dir='ltr'><strong>καὶ</strong></span> <span class='ocrx_word' id='word_1_691' title='bbox 2348 3534 2654 3604; x_wconf 85' lang='grc' dir='ltr'>καθήμενος</span> <span class='ocrx_word' id='word_1_692' title='bbox 2683 3535 2746 3586; x_wconf 85' lang='grc' dir='ltr'><strong>ὲκ</strong></span> <span class='ocrx_word' id='word_1_693' title='bbox 2779 3534 2967 3600; x_wconf 80' lang='grc' dir='ltr'>δεξιῶν</span> <span class='ocrx_word' id='word_1_694' title='bbox 3000 3534 3091 3587; x_wconf 85' lang='grc' dir='ltr'><strong>τοῦ</strong></span> <span class='ocrx_word' id='word_1_695' title='bbox 3115 3534 3347 3606; x_wconf 86' lang='grc' dir='ltr'>Πατρὸς,</span> <span class='ocrx_word' id='word_1_696' title='bbox 3388 3536 3526 3587; x_wconf 87' lang='grc' dir='ltr'>κατὰ</span> <span class='ocrx_word' id='word_1_697' title='bbox 3557 3536 3661 3606; x_wconf 82' lang='grc' dir='ltr'>τὴν</span> 
     </span>
    </p>
   </div>
   <div class='ocr_carea' id='block_1_82' title="bbox 2077 3622 3658 3695">
    <p class='ocr_par' dir='ltr' id='par_1_82' title="bbox 2077 3622 3658 3695">
     <span class='ocr_line' id='line_1_82' title="bbox 2077 3622 3658 3695; baseline 0.003 -21"><span class='ocrx_word' id='word_1_698' title='bbox 2077 3622 2186 3675; x_wconf 87' lang='grc' dir='ltr'><strong>ἀπὸ</strong></span> <span class='ocrx_word' id='word_1_699' title='bbox 2218 3622 2320 3693; x_wconf 81' lang='grc' dir='ltr'>γῆς</span> <span class='ocrx_word' id='word_1_700' title='bbox 2353 3624 2431 3686; x_wconf 86' lang='grc' dir='ltr'>εἰς</span> <span class='ocrx_word' id='word_1_701' title='bbox 2470 3624 2731 3692; x_wconf 76' lang='grc' dir='ltr'>οὐρανοὺς</span> <span class='ocrx_word' id='word_1_702' title='bbox 2774 3624 3085 3693; x_wconf 65' lang='grc' dir='ltr'>ὑψουμένην</span> <span class='ocrx_word' id='word_1_703' title='bbox 3121 3626 3298 3695; x_wconf 87' lang='grc' dir='ltr'>σάρκα</span> <span class='ocrx_word' id='word_1_704' title='bbox 3331 3625 3423 3677; x_wconf 92' lang='grc' dir='ltr'><strong>τοῦ</strong></span> <span class='ocrx_word' id='word_1_705' title='bbox 3459 3626 3658 3693; x_wconf 83' lang='grc' dir='ltr'>Λόγου,</span> 
     </span>
    </p>
   </div>
   <div class='ocr_carea' id='block_1_83' title="bbox 2077 3713 3664 3787">
    <p class='ocr_par' dir='ltr' id='par_1_83' title="bbox 2077 3713 3664 3787">
     <span class='ocr_line' id='line_1_83' title="bbox 2077 3713 3664 3787; baseline 0.003 -20"><span class='ocrx_word' id='word_1_706' title='bbox 2077 3713 2217 3767; x_wconf 86' lang='grc' dir='ltr'><strong>κατά</strong></span> <span class='ocrx_word' id='word_1_707' title='bbox 2245 3713 2305 3765; x_wconf 86' lang='grc' dir='ltr'><strong>τὸ</strong></span> <span class='ocrx_word' id='word_1_708' title='bbox 2332 3714 2622 3784; x_wconf 85' lang='grc' dir='ltr'>λεγόμενον</span> <span class='ocrx_word' id='word_1_709' title='bbox 2656 3715 2759 3767; x_wconf 84' lang='grc' dir='ltr'><strong>ὑπὸ</strong></span> <span class='ocrx_word' id='word_1_710' title='bbox 2786 3714 2879 3767; x_wconf 91' lang='grc' dir='ltr'><strong>τοῦ</strong></span> <span class='ocrx_word' id='word_1_711' title='bbox 2910 3716 3077 3768; x_wconf 80' lang='grc' dir='ltr'><strong>Δαυῖδ</strong></span> <span class='ocrx_word' id='word_1_712' title='bbox 3094 3732 3108 3745; x_wconf 76' lang='grc' dir='ltr'><strong>ο</strong></span> <span class='ocrx_word' id='word_1_713' title='bbox 3152 3736 3170 3766; x_wconf 80' lang='grc' dir='ltr'><strong>ι</strong></span> <span class='ocrx_word' id='word_1_714' title='bbox 3205 3713 3374 3770; x_wconf 79' lang='grc' dir='ltr'>Εἶπεν</span> <span class='ocrx_word' id='word_1_715' title='bbox 3404 3719 3432 3768; x_wconf 80' lang='grc' dir='ltr'>ὁ</span> <span class='ocrx_word' id='word_1_716' title='bbox 3457 3718 3664 3787; x_wconf 84' lang='grc' dir='ltr'>Κύριος</span> 
     </span>
    </p>
   </div>
   <div class='ocr_carea' id='block_1_84' title="bbox 2076 3804 3663 3877">
    <p class='ocr_par' dir='ltr' id='par_1_84' title="bbox 2076 3804 3663 3877">
     <span class='ocr_line' id='line_1_84' title="bbox 2076 3804 3663 3877; baseline 0.002 -20"><span class='ocrx_word' id='word_1_717' title='bbox 2076 3804 2154 3875; x_wconf 83' lang='grc' dir='ltr'>τῷ</span> <span class='ocrx_word' id='word_1_718' title='bbox 2186 3806 2376 3876; x_wconf 82' lang='grc' dir='ltr'>Κυρίῳ</span> <span class='ocrx_word' id='word_1_719' title='bbox 2406 3822 2527 3875; x_wconf 85' lang='grc' dir='ltr'>μου·</span> <span class='ocrx_word' id='word_1_720' title='bbox 2559 3805 2743 3859; x_wconf 84' lang='grc' dir='ltr'>Κάθου</span> <span class='ocrx_word' id='word_1_721' title='bbox 2773 3807 2837 3859; x_wconf 80' lang='grc' dir='ltr'>ὲκ</span> <span class='ocrx_word' id='word_1_722' title='bbox 2864 3806 3053 3872; x_wconf 79' lang='grc' dir='ltr'>δεξιῶν</span> <span class='ocrx_word' id='word_1_723' title='bbox 3092 3824 3221 3877; x_wconf 89' lang='grc' dir='ltr'>μου·</span> <span class='ocrx_word' id='word_1_724' title='bbox 3262 3826 3280 3859; x_wconf 76' lang='grc' dir='ltr'><strong>ι</strong></span> <span class='ocrx_word' id='word_1_725' title='bbox 3316 3810 3409 3860; x_wconf 72' lang='grc' dir='ltr'><strong>καὶ</strong></span> <span class='ocrx_word' id='word_1_726' title='bbox 3442 3809 3531 3860; x_wconf 78' lang='grc' dir='ltr'>ὑπ’</span> <span class='ocrx_word' id='word_1_727' title='bbox 3559 3809 3663 3860; x_wconf 78' lang='grc' dir='ltr'>αὐ-</span> 
     </span>
    </p>
   </div>
   <div class='ocr_carea' id='block_1_85' title="bbox 2076 3897 3659 3971">
    <p class='ocr_par' dir='ltr' id='par_1_85' title="bbox 2076 3897 3659 3971">
     <span class='ocr_line' id='line_1_85' title="bbox 2076 3897 3659 3971; baseline 0 -20"><span class='ocrx_word' id='word_1_728' title='bbox 2076 3897 2170 3951; x_wconf 87' lang='grc' dir='ltr'><strong>τοῦ</strong></span> <span class='ocrx_word' id='word_1_729' title='bbox 2219 3898 2314 3951; x_wconf 87' lang='grc' dir='ltr'><strong>τοῦ</strong></span> <span class='ocrx_word' id='word_1_730' title='bbox 2348 3900 2552 3970; x_wconf 83' lang='grc' dir='ltr'>Κυρίου</span> <span class='ocrx_word' id='word_1_731' title='bbox 2601 3899 2983 3971; x_wconf 78' lang='grc' dir='ltr'>βεϐαιούμενον</span> <span class='ocrx_word' id='word_1_732' title='bbox 3028 3899 3123 3952; x_wconf 80' lang='grc' dir='ltr'><strong>καὶ</strong></span> <span class='ocrx_word' id='word_1_733' title='bbox 3162 3898 3269 3951; x_wconf 85' lang='grc' dir='ltr'>τῶν</span> <span class='ocrx_word' id='word_1_734' title='bbox 3313 3899 3659 3952; x_wconf 82' lang='grc' dir='ltr'>ἀποστόλων·</span> 
     </span>
    </p>
   </div>
   <div class='ocr_carea' id='block_1_86' title="bbox 2079 3991 3669 4064">
    <p class='ocr_par' dir='ltr' id='par_1_86' title="bbox 2079 3991 3669 4064">
     <span class='ocr_line' id='line_1_86' title="bbox 2079 3991 3669 4064; baseline -0.001 -19"><span class='ocrx_word' id='word_1_735' title='bbox 2079 3992 2220 4046; x_wconf 85' lang='grc' dir='ltr'>κατὰ</span> <span class='ocrx_word' id='word_1_736' title='bbox 2243 3991 2299 4045; x_wconf 77' lang='grc' dir='ltr'>δὲ</span> <span class='ocrx_word' id='word_1_737' title='bbox 2335 3992 2433 4064; x_wconf 84' lang='grc' dir='ltr'>τὴν</span> <span class='ocrx_word' id='word_1_738' title='bbox 2463 3992 2690 4062; x_wconf 83' lang='grc' dir='ltr'>θεότητα</span> <span class='ocrx_word' id='word_1_739' title='bbox 2720 3993 3112 4064; x_wconf 74' lang='grc' dir='ltr'>ἀπερίληπτος,</span> <span class='ocrx_word' id='word_1_740' title='bbox 3154 3992 3330 4045; x_wconf 86' lang='grc' dir='ltr'>πάντα</span> <span class='ocrx_word' id='word_1_741' title='bbox 3373 3992 3535 4045; x_wconf 82' lang='grc' dir='ltr'>τόπον</span> <span class='ocrx_word' id='word_1_742' title='bbox 3566 4008 3669 4043; x_wconf 82' lang='grc' dir='ltr'>πε-</span> 
     </span>
    </p>
   </div>
   <div class='ocr_carea' id='block_1_87' title="bbox 2083 4083 3670 4155">
    <p class='ocr_par' dir='ltr' id='par_1_87' title="bbox 2083 4083 3670 4155">
     <span class='ocr_line' id='line_1_87' title="bbox 2083 4083 3670 4155; baseline 0.002 -22"><span class='ocrx_word' id='word_1_743' title='bbox 2083 4084 2279 4154; x_wconf 82' lang='grc' dir='ltr'>ριέχων</span> <span class='ocrx_word' id='word_1_744' title='bbox 2313 4083 2450 4154; x_wconf 84' lang='grc' dir='ltr'>μετὰ</span> <span class='ocrx_word' id='word_1_745' title='bbox 2483 4084 2576 4136; x_wconf 91' lang='grc' dir='ltr'><strong>τοῦ</strong></span> <span class='ocrx_word' id='word_1_746' title='bbox 2604 4085 2817 4155; x_wconf 85' lang='grc' dir='ltr'>Πατρὸς</span> <span class='ocrx_word' id='word_1_747' title='bbox 2842 4083 2937 4137; x_wconf 92' lang='grc' dir='ltr'><strong>τοῦ</strong></span> <span class='ocrx_word' id='word_1_748' title='bbox 2969 4084 3161 4147; x_wconf 81' lang='grc' dir='ltr'>ἀϊδίου,</span> <span class='ocrx_word' id='word_1_749' title='bbox 3199 4083 3271 4147; x_wconf 75' lang='grc' dir='ltr'>ὡς</span> <span class='ocrx_word' id='word_1_750' title='bbox 3303 4083 3543 4154; x_wconf 85' lang='grc' dir='ltr'>πατρικὴ</span> <span class='ocrx_word' id='word_1_751' title='bbox 3571 4084 3670 4136; x_wconf 73' lang='grc' dir='ltr'>καὶ</span> 
     </span>
    </p>
   </div>
   <div class='ocr_carea' id='block_1_88' title="bbox 2079 4175 3663 4259">
    <p class='ocr_par' dir='ltr' id='par_1_88' title="bbox 2079 4175 3663 4259">
     <span class='ocr_line' id='line_1_88' title="bbox 2079 4175 3663 4259; baseline 0 -30"><span class='ocrx_word' id='word_1_752' title='bbox 2079 4176 2314 4259; x_wconf 69' lang='grc' dir='ltr'>ἀρρητος</span> <span class='ocrx_word' id='word_1_753' title='bbox 2363 4176 2623 4246; x_wconf 87' lang='grc' dir='ltr'>δύναμις,</span> <span class='ocrx_word' id='word_1_754' title='bbox 2683 4178 2825 4230; x_wconf 85' lang='grc' dir='ltr'>κατὰ</span> <span class='ocrx_word' id='word_1_755' title='bbox 2882 4177 2975 4229; x_wconf 87' lang='grc' dir='ltr'><strong>τὸν</strong></span> <span class='ocrx_word' id='word_1_756' title='bbox 3041 4177 3361 4230; x_wconf 83' lang='grc' dir='ltr'>διδάσκοντα</span> <span class='ocrx_word' id='word_1_757' title='bbox 3419 4175 3663 4229; x_wconf 85' lang='grc' dir='ltr'>Παῦλον·</span> 
     </span>
    </p>
   </div>
   <div class='ocr_carea' id='block_1_89' title="bbox 2085 4267 3673 4339">
    <p class='ocr_par' dir='ltr' id='par_1_89' title="bbox 2085 4267 3673 4339">
     <span class='ocr_line' id='line_1_89' title="bbox 2085 4267 3673 4339; baseline 0 -20"><span class='ocrx_word' id='word_1_758' title='bbox 2085 4288 2103 4319; x_wconf 77' lang='grc' dir='ltr'><strong>ι</strong></span> <span class='ocrx_word' id='word_1_759' title='bbox 2136 4268 2365 4339; x_wconf 87' lang='grc' dir='ltr'>Χριστὸς</span> <span class='ocrx_word' id='word_1_760' title='bbox 2398 4268 2532 4320; x_wconf 86' lang='grc' dir='ltr'>Θεοῦ</span> <span class='ocrx_word' id='word_1_761' title='bbox 2568 4269 2814 4339; x_wconf 77' lang='grc' dir='ltr'>δύναμις,</span> <span class='ocrx_word' id='word_1_762' title='bbox 2843 4268 2935 4321; x_wconf 75' lang='grc' dir='ltr'>καὶ</span> <span class='ocrx_word' id='word_1_763' title='bbox 2957 4268 3092 4321; x_wconf 91' lang='grc' dir='ltr'>Θεοῦ</span> <span class='ocrx_word' id='word_1_764' title='bbox 3122 4268 3299 4337; x_wconf 82' lang='grc' dir='ltr'>σοφία,</span> <span class='ocrx_word' id='word_1_765' title='bbox 3341 4287 3360 4319; x_wconf 77' lang='grc' dir='ltr'><strong>ι</strong></span> <span class='ocrx_word' id='word_1_766' title='bbox 3406 4267 3673 4338; x_wconf 74' lang='grc' dir='ltr'>Ἐρχόμεο</span> 
     </span>
    </p>
   </div>
   <div class='ocr_carea' id='block_1_90' title="bbox 409 4350 1973 4438">
    <p class='ocr_par' dir='ltr' id='par_1_90' title="bbox 409 4357 1973 4428">
     <span class='ocr_line' id='line_1_90' title="bbox 409 4357 1973 4428; baseline 0 -17"><span class='ocrx_word' id='word_1_767' title='bbox 409 4377 429 4411; x_wconf 83' lang='grc' dir='ltr'><strong>ι</strong></span> <span class='ocrx_word' id='word_1_768' title='bbox 452 4357 556 4425; x_wconf 90' lang='lat' dir='ltr'><strong>Qui</strong></span> <span class='ocrx_word' id='word_1_769' title='bbox 580 4358 791 4428; x_wconf 87' lang='lat' dir='ltr'><strong>judicat</strong></span> <span class='ocrx_word' id='word_1_770' title='bbox 818 4359 1034 4412; x_wconf 88' lang='lat' dir='ltr'><strong>occulta</strong></span> <span class='ocrx_word' id='word_1_771' title='bbox 1064 4358 1437 4420; x_wconf 89' lang='lat' dir='ltr'><strong>tenebrarum,</strong></span> <span class='ocrx_word' id='word_1_772' title='bbox 1470 4368 1526 4412; x_wconf 90' lang='lat' dir='ltr'><strong>et</strong></span> <span class='ocrx_word' id='word_1_773' title='bbox 1550 4357 1867 4412; x_wconf 82' lang='lat' dir='ltr'><strong>manifestat</strong></span> <span class='ocrx_word' id='word_1_774' title='bbox 1892 4374 1973 4411; x_wconf 89' lang='lat' dir='ltr'><strong>oc-</strong></span> 
     </span>
    </p>
   </div>
   <div class='ocr_carea' id='block_1_91' title="bbox 2076 4350 3669 4438">
    <p class='ocr_par' dir='ltr' id='par_1_91' title="bbox 2083 4350 3669 4429">
     <span class='ocr_line' id='line_1_91' title="bbox 2083 4350 3669 4429; baseline -0.002 -16"><span class='ocrx_word' id='word_1_775' title='bbox 2083 4350 2171 4422; x_wconf 77' lang='grc' dir='ltr'><strong>νος</strong></span> <span class='ocrx_word' id='word_1_776' title='bbox 2207 4360 2236 4411; x_wconf 89' lang='grc' dir='ltr'><strong>ὁ</strong></span> <span class='ocrx_word' id='word_1_777' title='bbox 2279 4360 2438 4423; x_wconf 74' lang='grc' dir='ltr'>αὐτὸς</span> <span class='ocrx_word' id='word_1_778' title='bbox 2485 4360 2612 4423; x_wconf 84' lang='grc' dir='ltr'>Υἱὸς</span> <span class='ocrx_word' id='word_1_779' title='bbox 2662 4359 2797 4412; x_wconf 87' lang='grc' dir='ltr'>Θεοῦ</span> <span class='ocrx_word' id='word_1_780' title='bbox 2842 4361 2935 4413; x_wconf 79' lang='grc' dir='ltr'><strong>καὶ</strong></span> <span class='ocrx_word' id='word_1_781' title='bbox 2973 4360 3125 4422; x_wconf 87' lang='grc' dir='ltr'>Θεὸς,</span> <span class='ocrx_word' id='word_1_782' title='bbox 3168 4359 3244 4423; x_wconf 83' lang='grc' dir='ltr'>ὡς</span> <span class='ocrx_word' id='word_1_783' title='bbox 3279 4359 3669 4429; x_wconf 81' lang='grc' dir='ltr'>ἐπηγγείλατο,</span> 
     </span>
    </p>
   </div>
   <div class='ocr_carea' id='block_1_92' title="bbox 404 4448 1979 4518">
    <p class='ocr_par' dir='ltr' id='par_1_92' title="bbox 404 4448 1979 4518">
     <span class='ocr_line' id='line_1_92' title="bbox 404 4448 1979 4518; baseline -0.001 -14"><span class='ocrx_word' id='word_1_784' title='bbox 404 4450 552 4504; x_wconf 90' lang='lat' dir='ltr'><strong>culta</strong></span> <span class='ocrx_word' id='word_1_785' title='bbox 579 4449 850 4513; x_wconf 91' lang='lat' dir='ltr'><strong>cordium,</strong></span> <span class='ocrx_word' id='word_1_786' title='bbox 876 4456 931 4504; x_wconf 91' lang='lat' dir='ltr'><strong>et</strong></span> <span class='ocrx_word' id='word_1_787' title='bbox 959 4448 1174 4503; x_wconf 90' lang='lat' dir='ltr'><strong>laudem</strong></span> <span class='ocrx_word' id='word_1_788' title='bbox 1211 4456 1265 4502; x_wconf 90' lang='lat' dir='ltr'><strong>et</strong></span> <span class='ocrx_word' id='word_1_789' title='bbox 1305 4448 1630 4517; x_wconf 75' lang='lat' dir='ltr'><strong>vituperium</strong></span> <span class='ocrx_word' id='word_1_790' title='bbox 1664 4464 1763 4518; x_wconf 88' lang='lat' dir='ltr'><strong>pro</strong></span> <span class='ocrx_word' id='word_1_791' title='bbox 1784 4449 1979 4503; x_wconf 90' lang='lat' dir='ltr'><strong>merito</strong></span> 
     </span>
    </p>
   </div>
   <div class='ocr_carea' id='block_1_93' title="bbox 405 4539 1978 4612">
    <p class='ocr_par' dir='ltr' id='par_1_93' title="bbox 405 4539 1978 4612">
     <span class='ocr_line' id='line_1_93' title="bbox 405 4539 1978 4612; baseline -0.003 -15"><span class='ocrx_word' id='word_1_792' title='bbox 405 4542 602 4612; x_wconf 88' lang='lat' dir='ltr'><strong>cuique</strong></span> <span class='ocrx_word' id='word_1_793' title='bbox 635 4540 826 4595; x_wconf 92' lang='lat' dir='ltr'><strong>tribuit</strong></span> <span class='ocrx_word' id='word_1_794' title='bbox 850 4542 917 4596; x_wconf 74' lang='grc' dir='ltr'><strong>η.</strong></span> <span class='ocrx_word' id='word_1_795' title='bbox 955 4560 975 4593; x_wconf 74' lang='grc' dir='ltr'><strong>ι</strong></span> <span class='ocrx_word' id='word_1_796' title='bbox 1018 4539 1075 4595; x_wconf 91' lang='lat' dir='ltr'><strong>Si</strong></span> <span class='ocrx_word' id='word_1_797' title='bbox 1109 4541 1234 4611; x_wconf 88' lang='lat' dir='ltr'><strong>quis</strong></span> <span class='ocrx_word' id='word_1_798' title='bbox 1268 4554 1398 4594; x_wconf 89' lang='lat' dir='ltr'><strong>vero</strong></span> <span class='ocrx_word' id='word_1_799' title='bbox 1428 4548 1623 4609; x_wconf 67' lang='lat' dir='ltr'><strong>praeter</strong></span> <span class='ocrx_word' id='word_1_800' title='bbox 1654 4540 1769 4595; x_wconf 67' lang='lat' dir='ltr'><strong>haac</strong></span> <span class='ocrx_word' id='word_1_801' title='bbox 1791 4557 1858 4596; x_wconf 79' lang='lat' dir='ltr'><strong>ex</strong></span> <span class='ocrx_word' id='word_1_802' title='bbox 1888 4557 1978 4595; x_wconf 90' lang='lat' dir='ltr'><strong>sa-</strong></span> 
     </span>
    </p>
   </div>
   <div class='ocr_carea' id='block_1_94' title="bbox 405 4631 1980 4703">
    <p class='ocr_par' dir='ltr' id='par_1_94' title="bbox 405 4631 1980 4703">
     <span class='ocr_line' id='line_1_94' title="bbox 405 4631 1980 4703; baseline -0.001 -15"><span class='ocrx_word' id='word_1_803' title='bbox 405 4634 518 4689; x_wconf 88' lang='lat' dir='ltr'><strong>cris</strong></span> <span class='ocrx_word' id='word_1_804' title='bbox 563 4632 862 4703; x_wconf 89' lang='lat' dir='ltr'><strong>Scripturis</strong></span> <span class='ocrx_word' id='word_1_805' title='bbox 892 4632 1072 4697; x_wconf 87' lang='lat' dir='ltr'><strong>docet,</strong></span> <span class='ocrx_word' id='word_1_806' title='bbox 1131 4633 1407 4703; x_wconf 84' lang='lat' dir='ltr'><strong>aliumque</strong></span> <span class='ocrx_word' id='word_1_807' title='bbox 1446 4633 1579 4687; x_wconf 90' lang='lat' dir='ltr'><strong>dicit</strong></span> <span class='ocrx_word' id='word_1_808' title='bbox 1617 4647 1740 4688; x_wconf 89' lang='lat' dir='ltr'><strong>esse</strong></span> <span class='ocrx_word' id='word_1_809' title='bbox 1783 4631 1980 4686; x_wconf 91' lang='lat' dir='ltr'><strong>Filium</strong></span> 
     </span>
    </p>
   </div>
   <div class='ocr_carea' id='block_1_95' title="bbox 407 4722 1980 4793">
    <p class='ocr_par' dir='ltr' id='par_1_95' title="bbox 407 4722 1980 4793">
     <span class='ocr_line' id='line_1_95' title="bbox 407 4722 1980 4793; baseline 0.001 -16"><span class='ocrx_word' id='word_1_810' title='bbox 407 4723 525 4789; x_wconf 90' lang='lat' dir='ltr'><strong>Dei,</strong></span> <span class='ocrx_word' id='word_1_811' title='bbox 556 4734 610 4781; x_wconf 88' lang='lat' dir='ltr'><strong>et</strong></span> <span class='ocrx_word' id='word_1_812' title='bbox 635 4723 801 4778; x_wconf 90' lang='lat' dir='ltr'><strong>alium</strong></span> <span class='ocrx_word' id='word_1_813' title='bbox 825 4738 893 4779; x_wconf 79' lang='lat' dir='ltr'><strong>ex</strong></span> <span class='ocrx_word' id='word_1_814' title='bbox 920 4722 1090 4778; x_wconf 86' lang='lat' dir='ltr'><strong>Maria</strong></span> <span class='ocrx_word' id='word_1_815' title='bbox 1123 4730 1331 4788; x_wconf 84' lang='lat' dir='ltr'><strong>ortum,</strong></span> <span class='ocrx_word' id='word_1_816' title='bbox 1366 4739 1463 4793; x_wconf 82' lang='lat' dir='ltr'><strong>per</strong></span> <span class='ocrx_word' id='word_1_817' title='bbox 1486 4723 1739 4793; x_wconf 75' lang='lat' dir='ltr'><strong>gratiam,</strong></span> <span class='ocrx_word' id='word_1_818' title='bbox 1777 4733 1835 4777; x_wconf 92' lang='lat' dir='ltr'><strong>ut</strong></span> <span class='ocrx_word' id='word_1_819' title='bbox 1858 4739 1980 4786; x_wconf 87' lang='lat' dir='ltr'><strong>nos,</strong></span> 
     </span>
    </p>
   </div>
   <div class='ocr_carea' id='block_1_96' title="bbox 407 4813 1976 4886">
    <p class='ocr_par' dir='ltr' id='par_1_96' title="bbox 407 4813 1976 4886">
     <span class='ocr_line' id='line_1_96' title="bbox 407 4813 1976 4886; baseline -0.002 -15"><span class='ocrx_word' id='word_1_820' title='bbox 407 4817 762 4886; x_wconf 89' lang='lat' dir='ltr'><strong>adoptatum;</strong></span> <span class='ocrx_word' id='word_1_821' title='bbox 810 4815 884 4869; x_wconf 93' lang='lat' dir='ltr'><strong>ita</strong></span> <span class='ocrx_word' id='word_1_822' title='bbox 924 4823 983 4870; x_wconf 94' lang='lat' dir='ltr'><strong>ut</strong></span> <span class='ocrx_word' id='word_1_823' title='bbox 1035 4815 1145 4869; x_wconf 90' lang='lat' dir='ltr'><strong>duo</strong></span> <span class='ocrx_word' id='word_1_824' title='bbox 1185 4816 1297 4868; x_wconf 92' lang='lat' dir='ltr'><strong>sint</strong></span> <span class='ocrx_word' id='word_1_825' title='bbox 1330 4814 1446 4879; x_wconf 83' lang='lat' dir='ltr'><strong>filii,</strong></span> <span class='ocrx_word' id='word_1_826' title='bbox 1488 4814 1624 4868; x_wconf 90' lang='lat' dir='ltr'><strong>alter</strong></span> <span class='ocrx_word' id='word_1_827' title='bbox 1674 4813 1976 4868; x_wconf 86' lang='lat' dir='ltr'><strong>secundum</strong></span> 
     </span>
    </p>
   </div>
   <div class='ocr_carea' id='block_1_97' title="bbox 410 4905 1973 4976">
    <p class='ocr_par' dir='ltr' id='par_1_97' title="bbox 410 4905 1973 4976">
     <span class='ocr_line' id='line_1_97' title="bbox 410 4905 1973 4976; baseline -0.001 -13"><span class='ocrx_word' id='word_1_828' title='bbox 410 4916 659 4963; x_wconf 89' lang='lat' dir='ltr'><strong>naturam</strong></span> <span class='ocrx_word' id='word_1_829' title='bbox 699 4907 872 4963; x_wconf 90' lang='lat' dir='ltr'><strong>Filius</strong></span> <span class='ocrx_word' id='word_1_830' title='bbox 921 4907 1039 4973; x_wconf 92' lang='lat' dir='ltr'><strong>Dei,</strong></span> <span class='ocrx_word' id='word_1_831' title='bbox 1086 4907 1224 4961; x_wconf 91' lang='lat' dir='ltr'><strong>alter</strong></span> <span class='ocrx_word' id='word_1_832' title='bbox 1272 4905 1572 4961; x_wconf 87' lang='lat' dir='ltr'><strong>secundum</strong></span> <span class='ocrx_word' id='word_1_833' title='bbox 1626 4906 1858 4976; x_wconf 78' lang='lat' dir='ltr'><strong>gratiam</strong></span> <span class='ocrx_word' id='word_1_834' title='bbox 1907 4923 1973 4961; x_wconf 82' lang='lat' dir='ltr'><strong>ex</strong></span> 
     </span>
    </p>
   </div>
   <div class='ocr_carea' id='block_1_98' title="bbox 505 5080 1973 5217">
    <p class='ocr_par' dir='ltr' id='par_1_98' title="bbox 505 5080 1973 5217">
     <span class='ocr_line' id='line_1_98' title="bbox 505 5080 1956 5144; baseline 0.001 -11"><span class='ocrx_word' id='word_1_835' title='bbox 505 5085 525 5115; x_wconf 84' lang='grc'><strong><em>²</em></strong></span> <span class='ocrx_word' id='word_1_836' title='bbox 570 5080 703 5137; x_wconf 87' lang='lat' dir='ltr'><strong>Luc.</strong></span> <span class='ocrx_word' id='word_1_837' title='bbox 747 5098 800 5144; x_wconf 85' lang='grc' dir='ltr'><strong>ι,</strong></span> <span class='ocrx_word' id='word_1_838' title='bbox 831 5083 918 5136; x_wconf 71' lang='grc'><strong>54.</strong></span> <span class='ocrx_word' id='word_1_839' title='bbox 1003 5083 1023 5113; x_wconf 85' lang='grc'><em>³</em></span> <span class='ocrx_word' id='word_1_840' title='bbox 1064 5082 1192 5136; x_wconf 91' lang='lat' dir='ltr'><strong>ibid.</strong></span> <span class='ocrx_word' id='word_1_841' title='bbox 1229 5083 1318 5137; x_wconf 98' lang='grc'><strong>55.</strong></span> <span class='ocrx_word' id='word_1_842' title='bbox 1397 5081 1418 5112; x_wconf 71' lang='grc'>⁸</span> <span class='ocrx_word' id='word_1_843' title='bbox 1458 5080 1477 5133; x_wconf 89' lang='lat' dir='ltr'><strong>l</strong></span> <span class='ocrx_word' id='word_1_844' title='bbox 1511 5080 1654 5135; x_wconf 81' lang='lat' dir='ltr'><strong>Petr.</strong></span> <span class='ocrx_word' id='word_1_845' title='bbox 1698 5096 1768 5142; x_wconf 82' lang='grc' dir='ltr'><strong>ιν,</strong></span> <span class='ocrx_word' id='word_1_846' title='bbox 1813 5082 1858 5135; x_wconf 86' lang='grc' dir='ltr'><strong>Ι.</strong></span> <span class='ocrx_word' id='word_1_847' title='bbox 1936 5083 1956 5113; x_wconf 81' lang='grc'><strong><em>⁸</em></strong></span> 
     </span>
     <span class='ocr_line' id='line_1_99' title="bbox 505 5150 1973 5217; baseline -0.003 -9"><span class='ocrx_word' id='word_1_848' title='bbox 505 5154 602 5208; x_wconf 65' lang='grc' dir='ltr'><strong>ιὶό.</strong></span> <span class='ocrx_word' id='word_1_849' title='bbox 639 5155 692 5207; x_wconf 87' lang='grc'><strong>5.</strong></span> <span class='ocrx_word' id='word_1_850' title='bbox 770 5154 791 5185; x_wconf 83' lang='grc'><strong>⁹</strong></span> <span class='ocrx_word' id='word_1_851' title='bbox 831 5154 951 5208; x_wconf 83' lang='lat' dir='ltr'><strong>Act.</strong></span> <span class='ocrx_word' id='word_1_852' title='bbox 990 5168 1062 5215; x_wconf 87' lang='grc' dir='ltr'><strong>ιι,</strong></span> <span class='ocrx_word' id='word_1_853' title='bbox 1094 5153 1186 5207; x_wconf 75' lang='grc'><strong>24.</strong></span> <span class='ocrx_word' id='word_1_854' title='bbox 1266 5153 1309 5184; x_wconf 81' lang='grc'><strong>¹⁰</strong></span> <span class='ocrx_word' id='word_1_855' title='bbox 1352 5150 1497 5205; x_wconf 90' lang='lat' dir='ltr'><strong>Psal.</strong></span> <span class='ocrx_word' id='word_1_856' title='bbox 1535 5167 1660 5217; x_wconf 74' lang='lat' dir='ltr'><strong>cux,</strong></span> <span class='ocrx_word' id='word_1_857' title='bbox 1701 5152 1748 5205; x_wconf 83' lang='lat' dir='ltr'><strong>l.</strong></span> <span class='ocrx_word' id='word_1_858' title='bbox 1828 5152 1865 5183; x_wconf 87' lang='grc'><strong>’¹</strong></span> <span class='ocrx_word' id='word_1_859' title='bbox 1911 5151 1973 5205; x_wconf 70' lang='lat' dir='ltr'><strong>lt</strong></span> 
     </span>
    </p>
   </div>
   <div class='ocr_carea' id='block_1_99' title="bbox 2076 5080 3081 5217">
    <p class='ocr_par' dir='ltr' id='par_1_99' title="bbox 2076 5083 3081 5217">
     <span class='ocr_line' id='line_1_100' title="bbox 2076 5083 3081 5148; baseline 0.001 -13"><span class='ocrx_word' id='word_1_860' title='bbox 2076 5097 2159 5136; x_wconf 59' lang='lat' dir='ltr'><strong>um.</strong></span> <span class='ocrx_word' id='word_1_861' title='bbox 2195 5099 2289 5136; x_wconf 87' lang='lat' dir='ltr'><strong>vm</strong></span> <span class='ocrx_word' id='word_1_862' title='bbox 2315 5123 2331 5147; x_wconf 92' lang='lat'><strong>,</strong></span> <span class='ocrx_word' id='word_1_863' title='bbox 2397 5083 2485 5137; x_wconf 89' lang='grc'><strong>52.</strong></span> <span class='ocrx_word' id='word_1_864' title='bbox 2566 5085 2586 5115; x_wconf 80' lang='grc'><strong>⁸</strong></span> <span class='ocrx_word' id='word_1_865' title='bbox 2626 5084 2855 5137; x_wconf 83' lang='lat' dir='ltr'><strong>Malach.</strong></span> <span class='ocrx_word' id='word_1_866' title='bbox 2895 5100 2993 5148; x_wconf 77' lang='lat' dir='ltr'><strong>ut,</strong></span> <span class='ocrx_word' id='word_1_867' title='bbox 3028 5083 3081 5137; x_wconf 88' lang='lat'>6.</span> 
     </span>
     <span class='ocr_line' id='line_1_101' title="bbox 2080 5154 2850 5217; baseline 0.003 -11"><span class='ocrx_word' id='word_1_868' title='bbox 2080 5194 2091 5206; x_wconf 92' lang='lat'><em>.</em></span> <span class='ocrx_word' id='word_1_869' title='bbox 2130 5169 2175 5217; x_wconf 90' lang='grc' dir='ltr'><strong>ι,</strong></span> <span class='ocrx_word' id='word_1_870' title='bbox 2214 5154 2302 5207; x_wconf 63' lang='grc'><strong>24.</strong></span> <span class='ocrx_word' id='word_1_871' title='bbox 2388 5155 2429 5184; x_wconf 83' lang='grc'>¹¹</span> <span class='ocrx_word' id='word_1_872' title='bbox 2472 5154 2490 5206; x_wconf 92' lang='grc' dir='ltr'><strong>Ι</strong></span> <span class='ocrx_word' id='word_1_873' title='bbox 2525 5154 2654 5210; x_wconf 87' lang='lat' dir='ltr'><strong>Cor.</strong></span> <span class='ocrx_word' id='word_1_874' title='bbox 2688 5171 2761 5217; x_wconf 82' lang='lat' dir='ltr'><strong>tv,</strong></span> <span class='ocrx_word' id='word_1_875' title='bbox 2798 5155 2850 5208; x_wconf 88' lang='grc'><strong>5.</strong></span> 
     </span>
    </p>
   </div>
   <div class='ocr_carea' id='block_1_100' title="bbox 410 5150 1748 5217">
    <p class='ocr_par' dir='ltr' id='par_1_100' title="bbox 410 5150 1748 5217">
     <span class='ocr_line' id='line_1_102' title="bbox 410 5150 1748 5217; baseline -0.001 -10"><span class='ocrx_word' id='word_1_876' title='bbox 410 5153 431 5185; x_wconf 81' lang='grc'><strong>⁸</strong></span> <span class='ocrx_word' id='word_1_877' title='bbox 471 5154 602 5208; x_wconf 92' lang='lat' dir='ltr'><strong>ibid.</strong></span> <span class='ocrx_word' id='word_1_878' title='bbox 639 5155 692 5207; x_wconf 85' lang='grc'><strong>5.</strong></span> <span class='ocrx_word' id='word_1_879' title='bbox 770 5154 791 5185; x_wconf 82' lang='grc'><strong>⁹</strong></span> <span class='ocrx_word' id='word_1_880' title='bbox 831 5154 951 5208; x_wconf 84' lang='lat' dir='ltr'><strong>Act.</strong></span> <span class='ocrx_word' id='word_1_881' title='bbox 990 5168 1062 5215; x_wconf 87' lang='grc' dir='ltr'><strong>ιι,</strong></span> <span class='ocrx_word' id='word_1_882' title='bbox 1094 5153 1186 5207; x_wconf 75' lang='grc'><strong>24.</strong></span> <span class='ocrx_word' id='word_1_883' title='bbox 1266 5153 1309 5184; x_wconf 84' lang='grc'><strong>¹⁰</strong></span> <span class='ocrx_word' id='word_1_884' title='bbox 1352 5150 1497 5205; x_wconf 91' lang='lat' dir='ltr'><strong>Psal.</strong></span> <span class='ocrx_word' id='word_1_885' title='bbox 1535 5167 1660 5217; x_wconf 76' lang='lat' dir='ltr'><strong>CIX,</strong></span> <span class='ocrx_word' id='word_1_886' title='bbox 1701 5152 1748 5205; x_wconf 83' lang='lat' dir='ltr'><strong>l.</strong></span> 
     </span>
    </p>
   </div>
   <div class='ocr_carea' id='block_1_101' title="bbox 483 5330 1984 5409">
    <p class='ocr_par' dir='ltr' id='par_1_101' title="bbox 483 5330 1984 5409">
     <span class='ocr_line' id='line_1_103' title="bbox 483 5330 1984 5409; baseline 0.004 -24"><span class='ocrx_word' id='word_1_887' title='bbox 483 5330 559 5409; x_wconf 71' lang='grc'><strong>(1)</strong></span> <span class='ocrx_word' id='word_1_888' title='bbox 597 5331 755 5390; x_wconf 83' lang='lat' dir='ltr'><strong>Hunc</strong></span> <span class='ocrx_word' id='word_1_889' title='bbox 778 5334 969 5409; x_wconf 16' lang='lat' dir='ltr'><strong>locum,</strong></span> <span class='ocrx_word' id='word_1_890' title='bbox 988 5352 1053 5391; x_wconf 84' lang='lat' dir='ltr'><strong>ex</strong></span> <span class='ocrx_word' id='word_1_891' title='bbox 1093 5335 1297 5409; x_wconf 89' lang='lat' dir='ltr'><strong>Cyrillo</strong></span> <span class='ocrx_word' id='word_1_892' title='bbox 1335 5338 1699 5402; x_wconf 87' lang='lat' dir='ltr'><strong>restituimus,</strong></span> <span class='ocrx_word' id='word_1_893' title='bbox 1737 5337 1789 5391; x_wconf 90' lang='lat' dir='ltr'><strong>in</strong></span> <span class='ocrx_word' id='word_1_894' title='bbox 1821 5338 1984 5393; x_wconf 90' lang='lat' dir='ltr'><strong>editis</strong></span> 
     </span>
    </p>
   </div>
   <div class='ocr_carea' id='block_1_102' title="bbox 414 5405 1325 5478">
    <p class='ocr_par' dir='ltr' id='par_1_102' title="bbox 414 5405 1325 5478">
     <span class='ocr_line' id='line_1_104' title="bbox 414 5405 1325 5478; baseline 0.009 -25"><span class='ocrx_word' id='word_1_895' title='bbox 414 5405 658 5478; x_wconf 58' lang='lat' dir='ltr'><strong>antehac</strong></span> <span class='ocrx_word' id='word_1_896' title='bbox 675 5406 925 5459; x_wconf 89' lang='lat' dir='ltr'><strong>mutilum</strong></span> <span class='ocrx_word' id='word_1_897' title='bbox 956 5405 1325 5478; x_wconf 82' lang='lat' dir='ltr'><strong>lacerumque.</strong></span> 
     </span>
    </p>
   </div>
   <div class='ocr_carea' id='block_1_103' title="bbox 486 5472 1985 5551">
    <p class='ocr_par' dir='ltr' id='par_1_103' title="bbox 486 5472 1985 5551">
     <span class='ocr_line' id='line_1_105' title="bbox 486 5472 1985 5551; baseline 0.005 -25"><span class='ocrx_word' id='word_1_898' title='bbox 486 5472 563 5543; x_wconf 83' lang='grc'><strong>(2)</strong></span> <span class='ocrx_word' id='word_1_899' title='bbox 583 5473 922 5551; x_wconf 42' lang='lat' dir='ltr'><strong>ASicuCyrill.</strong></span> <span class='ocrx_word' id='word_1_900' title='bbox 966 5477 1115 5551; x_wconf 51' lang='lat' dir='ltr'><strong>Editi</strong></span> <span class='ocrx_word' id='word_1_901' title='bbox 1147 5472 1297 5545; x_wconf 74' lang='lat' dir='ltr'><strong>vero,</strong></span> <span class='ocrx_word' id='word_1_902' title='bbox 1334 5479 1457 5543; x_wconf 82' lang='grc' dir='ltr'><strong>Πῶς</strong></span> <span class='ocrx_word' id='word_1_903' title='bbox 1492 5479 1643 5533; x_wconf 75' lang='grc' dir='ltr'>ἔσται</span> <span class='ocrx_word' id='word_1_904' title='bbox 1677 5497 1766 5551; x_wconf 82' lang='grc' dir='ltr'><strong>μοι</strong></span> <span class='ocrx_word' id='word_1_905' title='bbox 1806 5479 1985 5534; x_wconf 88' lang='grc' dir='ltr'>τοῦτο.</span> 
     </span>
    </p>
   </div>
   <div class='ocr_carea' id='block_1_104' title="bbox 421 5542 1222 5635">
    <p class='ocr_par' dir='ltr' id='par_1_104' title="bbox 421 5542 1222 5635">
     <span class='ocr_line' id='line_1_106' title="bbox 421 5542 1222 5635; baseline 0.007 -38"><span class='ocrx_word' id='word_1_906' title='bbox 421 5542 945 5635; x_wconf 28' lang='grc' dir='ltr'><strong>Μίξξχϐγξξὶιλὲλεγε</strong></span> <span class='ocrx_word' id='word_1_907' title='bbox 962 5549 1119 5635; x_wconf 23' lang='grc' dir='ltr'>,Πνεῃῦ</span> <span class='ocrx_word' id='word_1_908' title='bbox 1128 5568 1222 5620; x_wconf 91' lang='grc' dir='ltr'>μα.</span> 
     </span>
    </p>
   </div>
   <div class='ocr_carea' id='block_1_105' title="bbox 493 5614 1993 5694">
    <p class='ocr_par' dir='ltr' id='par_1_105' title="bbox 493 5614 1993 5694">
     <span class='ocr_line' id='line_1_107' title="bbox 493 5614 1993 5694; baseline 0.001 -24"><span class='ocrx_word' id='word_1_909' title='bbox 493 5614 582 5694; x_wconf 56' lang='grc' dir='ltr'><strong>(ὄλ</strong></span> <span class='ocrx_word' id='word_1_910' title='bbox 621 5614 915 5694; x_wconf 77' lang='grc' dir='ltr'>Ἀληθινός,</span> <span class='ocrx_word' id='word_1_911' title='bbox 949 5618 1102 5674; x_wconf 85' lang='lat' dir='ltr'><strong>deest</strong></span> <span class='ocrx_word' id='word_1_912' title='bbox 1129 5614 1271 5691; x_wconf 76' lang='lat' dir='ltr'><strong>apud</strong></span> <span class='ocrx_word' id='word_1_913' title='bbox 1301 5620 1581 5694; x_wconf 83' lang='lat' dir='ltr'><strong>Cyrillum.</strong></span> <span class='ocrx_word' id='word_1_914' title='bbox 1618 5620 1735 5677; x_wconf 80' lang='lat' dir='ltr'><strong>Mox</strong></span> <span class='ocrx_word' id='word_1_915' title='bbox 1759 5662 1773 5689; x_wconf 91' lang='lat'><strong>,</strong></span> <span class='ocrx_word' id='word_1_916' title='bbox 1816 5620 1993 5692; x_wconf 81' lang='lat' dir='ltr'><strong>Cyril-</strong></span> 
     </span>
    </p>
   </div>
   <div class='ocr_carea' id='block_1_106' title="bbox 418 5681 1091 5759">
    <p class='ocr_par' dir='ltr' id='par_1_106' title="bbox 418 5681 1091 5759">
     <span class='ocr_line' id='line_1_108' title="bbox 418 5681 1091 5759; baseline -0.006 -13"><span class='ocrx_word' id='word_1_917' title='bbox 418 5681 524 5753; x_wconf 82' lang='lat' dir='ltr'><strong>ius,</strong></span> <span class='ocrx_word' id='word_1_918' title='bbox 549 5681 747 5759; x_wconf 76' lang='grc' dir='ltr'>ὥσπερ</span> <span class='ocrx_word' id='word_1_919' title='bbox 767 5688 1091 5759; x_wconf 81' lang='grc' dir='ltr'>γέγραπται.</span> 
     </span>
    </p>
   </div>
   <div class='ocr_carea' id='block_1_107' title="bbox 2077 4451 3668 4524">
    <p class='ocr_par' dir='ltr' id='par_1_107' title="bbox 2077 4451 3668 4524">
     <span class='ocr_line' id='line_1_109' title="bbox 2077 4451 3668 4524; baseline -0.003 -16"><span class='ocrx_word' id='word_1_920' title='bbox 2077 4455 2255 4524; x_wconf 86' lang='grc' dir='ltr'>κρῖναι</span> <span class='ocrx_word' id='word_1_921' title='bbox 2284 4451 2492 4515; x_wconf 79' lang='grc' dir='ltr'>ζῶντας</span> <span class='ocrx_word' id='word_1_922' title='bbox 2520 4453 2612 4505; x_wconf 75' lang='grc' dir='ltr'><strong>καὶ</strong></span> <span class='ocrx_word' id='word_1_923' title='bbox 2642 4454 2885 4523; x_wconf 78' lang='grc' dir='ltr'>νεκροὺς,</span> <span class='ocrx_word' id='word_1_924' title='bbox 2928 4451 3003 4515; x_wconf 81' lang='grc' dir='ltr'>ὥς</span> <span class='ocrx_word' id='word_1_925' title='bbox 3036 4468 3200 4520; x_wconf 82' lang='grc' dir='ltr'>φησιν</span> <span class='ocrx_word' id='word_1_926' title='bbox 3233 4456 3261 4505; x_wconf 92' lang='grc' dir='ltr'>ὁ</span> <span class='ocrx_word' id='word_1_927' title='bbox 3303 4452 3625 4516; x_wconf 82' lang='grc' dir='ltr'>’Λπὸστολος</span> <span class='ocrx_word' id='word_1_928' title='bbox 3650 4470 3668 4485; x_wconf 74' lang='grc' dir='ltr'><strong>ο</strong></span> 
     </span>
    </p>
   </div>
   <div class='ocr_carea' id='block_1_108' title="bbox 2084 4544 3674 4623">
    <p class='ocr_par' dir='ltr' id='par_1_108' title="bbox 2084 4544 3674 4623">
     <span class='ocr_line' id='line_1_110' title="bbox 2084 4544 3674 4623; baseline -0.001 -26"><span class='ocrx_word' id='word_1_929' title='bbox 2084 4565 2102 4597; x_wconf 80' lang='grc' dir='ltr'><strong>ι</strong></span> <span class='ocrx_word' id='word_1_930' title='bbox 2136 4544 2242 4597; x_wconf 89' lang='grc' dir='ltr'><strong>Τοῦ</strong></span> <span class='ocrx_word' id='word_1_931' title='bbox 2278 4544 2551 4615; x_wconf 89' lang='grc' dir='ltr'>κρίνοντος</span> <span class='ocrx_word' id='word_1_932' title='bbox 2592 4544 2659 4597; x_wconf 79' lang='grc' dir='ltr'><strong>τά</strong></span> <span class='ocrx_word' id='word_1_933' title='bbox 2706 4545 2923 4623; x_wconf 78' lang='grc' dir='ltr'>κρυπτά</span> <span class='ocrx_word' id='word_1_934' title='bbox 2967 4544 3061 4597; x_wconf 89' lang='grc' dir='ltr'><strong>τοῦ</strong></span> <span class='ocrx_word' id='word_1_935' title='bbox 3105 4545 3347 4606; x_wconf 85' lang='grc' dir='ltr'>σκότους,</span> <span class='ocrx_word' id='word_1_936' title='bbox 3387 4544 3479 4596; x_wconf 68' lang='grc' dir='ltr'><strong>καὶ</strong></span> <span class='ocrx_word' id='word_1_937' title='bbox 3505 4560 3674 4611; x_wconf 79' lang='grc' dir='ltr'>φανε-</span> 
     </span>
    </p>
   </div>
   <div class='ocr_carea' id='block_1_109' title="bbox 2082 4632 3675 4708">
    <p class='ocr_par' dir='ltr' id='par_1_109' title="bbox 2082 4632 3675 4708">
     <span class='ocr_line' id='line_1_111' title="bbox 2082 4632 3675 4708; baseline -0.001 -19"><span class='ocrx_word' id='word_1_938' title='bbox 2082 4634 2303 4707; x_wconf 87' lang='grc' dir='ltr'>ροῦντος</span> <span class='ocrx_word' id='word_1_939' title='bbox 2347 4635 2416 4688; x_wconf 85' lang='grc' dir='ltr'><strong>τὰ</strong></span> <span class='ocrx_word' id='word_1_940' title='bbox 2465 4635 2684 4708; x_wconf 86' lang='grc' dir='ltr'>κρυπτά</span> <span class='ocrx_word' id='word_1_941' title='bbox 2726 4635 2836 4688; x_wconf 83' lang='grc' dir='ltr'>τῶν</span> <span class='ocrx_word' id='word_1_942' title='bbox 2871 4633 3128 4706; x_wconf 84' lang='grc' dir='ltr'>καρδιῶν,</span> <span class='ocrx_word' id='word_1_943' title='bbox 3180 4634 3274 4687; x_wconf 72' lang='grc' dir='ltr'>καὶ</span> <span class='ocrx_word' id='word_1_944' title='bbox 3317 4633 3409 4687; x_wconf 79' lang='grc' dir='ltr'>τὸν</span> <span class='ocrx_word' id='word_1_945' title='bbox 3448 4632 3675 4687; x_wconf 77' lang='grc' dir='ltr'>ἔπαινον</span> 
     </span>
    </p>
   </div>
   <div class='ocr_carea' id='block_1_110' title="bbox 2082 4724 3677 4798">
    <p class='ocr_par' dir='ltr' id='par_1_110' title="bbox 2082 4724 3677 4798">
     <span class='ocr_line' id='line_1_112' title="bbox 2082 4724 3677 4798; baseline -0.002 -17"><span class='ocrx_word' id='word_1_946' title='bbox 2082 4728 2177 4782; x_wconf 74' lang='grc' dir='ltr'><strong>καὶ</strong></span> <span class='ocrx_word' id='word_1_947' title='bbox 2206 4727 2305 4797; x_wconf 83' lang='grc' dir='ltr'>τὴν</span> <span class='ocrx_word' id='word_1_948' title='bbox 2336 4725 2544 4797; x_wconf 76' lang='grc' dir='ltr'>μέμψιν</span> <span class='ocrx_word' id='word_1_949' title='bbox 2574 4730 2695 4780; x_wconf 90' lang='grc' dir='ltr'>κατ’</span> <span class='ocrx_word' id='word_1_950' title='bbox 2725 4727 2880 4791; x_wconf 83' lang='grc' dir='ltr'>ἀξίαν</span> <span class='ocrx_word' id='word_1_951' title='bbox 2907 4727 3165 4798; x_wconf 78' lang='grc' dir='ltr'>φέροντος</span> <span class='ocrx_word' id='word_1_952' title='bbox 3194 4725 3430 4795; x_wconf 82' lang='grc' dir='ltr'>ἑκάστῳ.</span> <span class='ocrx_word' id='word_1_953' title='bbox 3472 4744 3489 4775; x_wconf 73' lang='grc' dir='ltr'><strong>ι</strong></span> <span class='ocrx_word' id='word_1_954' title='bbox 3523 4726 3585 4777; x_wconf 86' lang='grc' dir='ltr'><strong>Εἰ</strong></span> <span class='ocrx_word' id='word_1_955' title='bbox 3614 4724 3677 4778; x_wconf 77' lang='grc' dir='ltr'><strong>δέ.</strong></span> 
     </span>
    </p>
   </div>
   <div class='ocr_carea' id='block_1_111' title="bbox 2084 4814 3677 4888">
    <p class='ocr_par' dir='ltr' id='par_1_111' title="bbox 2084 4814 3677 4888">
     <span class='ocr_line' id='line_1_113' title="bbox 2084 4814 3677 4888; baseline -0.003 -17"><span class='ocrx_word' id='word_1_956' title='bbox 2084 4835 2167 4881; x_wconf 90' lang='grc' dir='ltr'><strong>τις</strong></span> <span class='ocrx_word' id='word_1_957' title='bbox 2203 4816 2355 4888; x_wconf 82' lang='grc' dir='ltr'>παρὰ</span> <span class='ocrx_word' id='word_1_958' title='bbox 2379 4816 2551 4871; x_wconf 87' lang='grc' dir='ltr'>ταῦτα</span> <span class='ocrx_word' id='word_1_959' title='bbox 2574 4820 2637 4871; x_wconf 81' lang='grc' dir='ltr'><strong>ὲκ</strong></span> <span class='ocrx_word' id='word_1_960' title='bbox 2667 4818 2775 4870; x_wconf 80' lang='grc' dir='ltr'><strong>τῶν</strong></span> <span class='ocrx_word' id='word_1_961' title='bbox 2805 4817 2964 4871; x_wconf 85' lang='grc' dir='ltr'>θείων</span> <span class='ocrx_word' id='word_1_962' title='bbox 2998 4815 3230 4887; x_wconf 83' lang='grc' dir='ltr'>Γραφῶν</span> <span class='ocrx_word' id='word_1_963' title='bbox 3258 4814 3515 4879; x_wconf 83' lang='grc' dir='ltr'>διδάσκει,</span> <span class='ocrx_word' id='word_1_964' title='bbox 3550 4815 3677 4866; x_wconf 82' lang='grc' dir='ltr'>’ἐτε-</span> 
     </span>
    </p>
   </div>
   <div class='ocr_carea' id='block_1_112' title="bbox 2089 4906 3677 4987">
    <p class='ocr_par' dir='ltr' id='par_1_112' title="bbox 2089 4906 3677 4987">
     <span class='ocr_line' id='line_1_114' title="bbox 2089 4906 3677 4987; baseline -0.001 -26"><span class='ocrx_word' id='word_1_965' title='bbox 2089 4925 2178 4979; x_wconf 90' lang='grc' dir='ltr'><strong>ρον</strong></span> <span class='ocrx_word' id='word_1_966' title='bbox 2211 4908 2383 4987; x_wconf 79' lang='grc' dir='ltr'>λέγων</span> <span class='ocrx_word' id='word_1_967' title='bbox 2415 4908 2505 4960; x_wconf 88' lang='grc' dir='ltr'><strong>τὸν</strong></span> <span class='ocrx_word' id='word_1_968' title='bbox 2531 4908 2659 4961; x_wconf 88' lang='grc' dir='ltr'>Υἱὸν</span> <span class='ocrx_word' id='word_1_969' title='bbox 2685 4908 2778 4962; x_wconf 89' lang='grc' dir='ltr'><strong>τοῦ</strong></span> <span class='ocrx_word' id='word_1_970' title='bbox 2812 4908 2967 4973; x_wconf 88' lang='grc' dir='ltr'>Θεοῦ,</span> <span class='ocrx_word' id='word_1_971' title='bbox 2998 4910 3092 4961; x_wconf 79' lang='grc' dir='ltr'><strong>καὶ</strong></span> <span class='ocrx_word' id='word_1_972' title='bbox 3123 4908 3307 4979; x_wconf 77' lang='grc' dir='ltr'>ἓτερον</span> <span class='ocrx_word' id='word_1_973' title='bbox 3337 4906 3427 4960; x_wconf 86' lang='grc' dir='ltr'><strong>τὸν</strong></span> <span class='ocrx_word' id='word_1_974' title='bbox 3457 4909 3522 4959; x_wconf 84' lang='grc' dir='ltr'><strong>ἐκ</strong></span> <span class='ocrx_word' id='word_1_975' title='bbox 3549 4906 3677 4960; x_wconf 82' lang='grc' dir='ltr'><strong>Μα-</strong></span> 
     </span>
    </p>
   </div>
   <div class='ocr_carea' id='block_1_113' title="bbox 3176 5080 3673 5149">
    <p class='ocr_par' dir='ltr' id='par_1_113' title="bbox 3176 5080 3673 5149">
     <span class='ocr_line' id='line_1_115' title="bbox 3176 5080 3673 5149; baseline 0.01 -15"><span class='ocrx_word' id='word_1_976' title='bbox 3176 5084 3194 5113; x_wconf 83' lang='grc'><strong>⁷</strong></span> <span class='ocrx_word' id='word_1_977' title='bbox 3236 5080 3255 5134; x_wconf 93' lang='grc'><strong>1</strong></span> <span class='ocrx_word' id='word_1_978' title='bbox 3288 5083 3414 5136; x_wconf 89' lang='lat' dir='ltr'><strong>Cor.</strong></span> <span class='ocrx_word' id='word_1_979' title='bbox 3452 5100 3539 5149; x_wconf 84' lang='lat' dir='ltr'><strong>xv,</strong></span> <span class='ocrx_word' id='word_1_980' title='bbox 3577 5084 3673 5139; x_wconf 76' lang='grc'><strong>55.</strong></span> 
     </span>
    </p>
   </div>
   <div class='ocr_carea' id='block_1_114' title="bbox 2388 5154 2850 5221">
    <p class='ocr_par' dir='ltr' id='par_1_114' title="bbox 2388 5154 2850 5221">
     <span class='ocr_line' id='line_1_116' title="bbox 2388 5154 2850 5221; baseline 0.006 -16"><span class='ocrx_word' id='word_1_981' title='bbox 2388 5155 2429 5184; x_wconf 82' lang='grc'>¹¹</span> <span class='ocrx_word' id='word_1_982' title='bbox 2472 5154 2490 5206; x_wconf 92' lang='grc' dir='ltr'><strong>Ι</strong></span> <span class='ocrx_word' id='word_1_983' title='bbox 2525 5154 2654 5210; x_wconf 87' lang='lat' dir='ltr'><strong>Cor.</strong></span> <span class='ocrx_word' id='word_1_984' title='bbox 2688 5171 2761 5221; x_wconf 82' lang='lat' dir='ltr'><strong>tv,</strong></span> <span class='ocrx_word' id='word_1_985' title='bbox 2798 5155 2850 5208; x_wconf 88' lang='grc'><strong>5.</strong></span> 
     </span>
    </p>
   </div>
   <div class='ocr_carea' id='block_1_115' title="bbox 2161 5332 3678 5422">
    <p class='ocr_par' dir='ltr' id='par_1_115' title="bbox 2161 5332 3678 5422">
     <span class='ocr_line' id='line_1_117' title="bbox 2161 5332 3678 5422; baseline -0.004 -29"><span class='ocrx_word' id='word_1_986' title='bbox 2161 5340 2235 5422; x_wconf 61' lang='grc' dir='ltr'><strong>μ)</strong></span> <span class='ocrx_word' id='word_1_987' title='bbox 2275 5339 2352 5395; x_wconf 85' lang='lat' dir='ltr'><strong>ita</strong></span> <span class='ocrx_word' id='word_1_988' title='bbox 2383 5338 2641 5411; x_wconf 87' lang='lat' dir='ltr'><strong>Cyrillus.</strong></span> <span class='ocrx_word' id='word_1_989' title='bbox 2678 5336 2823 5404; x_wconf 63' lang='lat' dir='ltr'><strong>Haec,</strong></span> <span class='ocrx_word' id='word_1_990' title='bbox 2866 5338 2958 5389; x_wconf 73' lang='grc' dir='ltr'><strong>καὶ</strong></span> <span class='ocrx_word' id='word_1_991' title='bbox 2991 5335 3319 5404; x_wconf 83' lang='grc' dir='ltr'>άκράτητος,</span> <span class='ocrx_word' id='word_1_992' title='bbox 3349 5332 3576 5386; x_wconf 84' lang='lat' dir='ltr'><strong>deerant</strong></span> <span class='ocrx_word' id='word_1_993' title='bbox 3615 5333 3678 5387; x_wconf 86' lang='lat' dir='ltr'><strong>in</strong></span> 
     </span>
    </p>
   </div>
   <div class='ocr_carea' id='block_1_116' title="bbox 2088 5410 3679 5551">
    <p class='ocr_par' dir='ltr' id='par_1_116' title="bbox 2088 5410 3679 5551">
     <span class='ocr_line' id='line_1_118' title="bbox 2088 5410 3679 5551; baseline 0.008 -35"><span class='ocrx_word' id='word_1_994' title='bbox 2088 5410 2437 5551; x_wconf 37' lang='lat' dir='ltr'><strong>Nigidium,</strong></span> <span class='ocrx_word' id='word_1_995' title='bbox 2469 5480 2623 5534; x_wconf 87' lang='lat' dir='ltr'><strong>deest</strong></span> <span class='ocrx_word' id='word_1_996' title='bbox 2679 5478 2824 5551; x_wconf 86' lang='lat' dir='ltr'><strong>apud</strong></span> <span class='ocrx_word' id='word_1_997' title='bbox 2860 5477 3146 5551; x_wconf 70' lang='lat' dir='ltr'><strong>Cyrillum.</strong></span> <span class='ocrx_word' id='word_1_998' title='bbox 3183 5474 3558 5551; x_wconf 53' lang='lat' dir='ltr'><strong>ibidem,_q_n:§</strong></span> <span class='ocrx_word' id='word_1_999' title='bbox 3579 5488 3679 5527; x_wconf 84' lang='lat' dir='ltr'><strong>se-</strong></span> 
     </span>
    </p>
   </div>
   <div class='ocr_carea' id='block_1_117' title="bbox 2093 5544 3681 5621">
    <p class='ocr_par' dir='ltr' id='par_1_117' title="bbox 2093 5544 3681 5621">
     <span class='ocr_line' id='line_1_119' title="bbox 2093 5544 3681 5621; baseline -0.005 -18"><span class='ocrx_word' id='word_1_1000' title='bbox 2093 5544 2511 5621; x_wconf 54' lang='lat' dir='ltr'><strong>quuntnr&#39;post,</strong></span> <span class='ocrx_word' id='word_1_1001' title='bbox 2543 5551 2647 5603; x_wconf 85' lang='grc' dir='ltr'><strong>ὑπὸ</strong></span> <span class='ocrx_word' id='word_1_1002' title='bbox 2670 5544 2764 5603; x_wconf 84' lang='grc' dir='ltr'><strong>τοῦ</strong></span> <span class='ocrx_word' id='word_1_1003' title='bbox 2803 5544 3058 5621; x_wconf 60' lang='grc' dir='ltr'>θανάτου,</span> <span class='ocrx_word' id='word_1_1004' title='bbox 3092 5561 3262 5621; x_wconf 78' lang='lat' dir='ltr'><strong>usque</strong></span> <span class='ocrx_word' id='word_1_1005' title='bbox 3286 5544 3374 5611; x_wconf 84' lang='lat' dir='ltr'><strong>ad,</strong></span> <span class='ocrx_word' id='word_1_1006' title='bbox 3411 5545 3475 5598; x_wconf 85' lang='grc' dir='ltr'>Εί</span> <span class='ocrx_word' id='word_1_1007' title='bbox 3504 5544 3560 5599; x_wconf 82' lang='grc' dir='ltr'>δέ</span> <span class='ocrx_word' id='word_1_1008' title='bbox 3589 5559 3681 5609; x_wconf 82' lang='grc' dir='ltr'><strong>τις</strong></span> 
     </span>
    </p>
   </div>
   <div class='ocr_carea' id='block_1_118' title="bbox 2097 5617 3242 5693">
    <p class='ocr_par' dir='ltr' id='par_1_118' title="bbox 2097 5617 3242 5693">
     <span class='ocr_line' id='line_1_120' title="bbox 2097 5617 3242 5693; baseline -0.003 -19"><span class='ocrx_word' id='word_1_1009' title='bbox 2097 5617 2246 5693; x_wconf 50' lang='grc' dir='ltr'><strong>τεαρά</strong></span> <span class='ocrx_word' id='word_1_1010' title='bbox 2266 5617 2455 5685; x_wconf 70' lang='grc' dir='ltr'>ταῦτα,</span> <span class='ocrx_word' id='word_1_1011' title='bbox 2486 5637 2593 5677; x_wconf 90' lang='lat' dir='ltr'><strong>non</strong></span> <span class='ocrx_word' id='word_1_1012' title='bbox 2628 5621 2930 5676; x_wconf 85' lang='lat' dir='ltr'><strong>all&#39;cruntur</strong></span> <span class='ocrx_word' id='word_1_1013' title='bbox 2962 5634 2994 5673; x_wconf 88' lang='lat' dir='ltr'><strong>a</strong></span> <span class='ocrx_word' id='word_1_1014' title='bbox 3020 5617 3242 5687; x_wconf 83' lang='lat' dir='ltr'><strong>Cyrillo.</strong></span> 
     </span>
    </p>
   </div>
  </div>
