3890 6186
391 234 456 293 51
1558 245 1614 301 S.
1656 241 1962 300 ATHANAE

2079 241 2120 297 ὃ.
2153 270 2226 284 -
2262 239 2489 297 DUBIA.
3581 238 3656 293 52

392 365 485 415 tur
510 374 527 414 :
564 375 587 411 ι
612 357 753 414 Cum
781 374 1083 417 conversus
1109 361 1277 418 fuerit
1311 361 1379 417 ad
1415 358 1727 429 Dominum,
1755 362 1962 420 aufere-

2079 360 2252 429 λέγει·
2291 378 2311 412 ι
2345 359 2514 413 Ὅταν
2563 357 2864 429 ἐπιστρέψῃ
2916 356 3054 429 πρὸς
3084 356 3311 429 Κύριον,
3344 359 3654 429 περιαιρεῖ-

395 458 487 505 tur
515 450 783 507 velamen.
818 450 1082 509 Dominus
1104 462 1289 509 autem
1329 452 1570 524 Spiritus
1594 464 1719 511 est:
1755 454 1850 510 ubi
1879 470 1976 510 au-

394 549 504 598 tem
534 542 774 614 Spiritus
794 543 1033 611 Domini,
1064 546 1141 601 ibi
1166 546 1396 603 libertas
1418 548 1485 603 ".
1517 567 1537 601 ι

893 656 945 726 3
977 656 1032 712 2.
1058 656 1137 712 De
1165 658 1531 728 uiviﬁcatione.

467 746 607 802 Dicit
649 746 902 804 Salvator
928 769 945 805 :
974 768 993 802 ι
1049 748 1206 805 Sicut
1256 750 1417 807 Pater
1458 750 1691 807 suscitat
1729 759 1974 807 mortuos

392 844 447 892 et
475 839 733 905 viviﬁeat,
773 842 853 897 sic
888 848 943 896 et
984 841 1177 908 Filius,
1222 858 1362 914 quos
1405 844 1539 907 vult,
1580 842 1903 898 viviﬁcat“.
1948 861 1968 896 ι

392 929 469 985 De
503 930 708 1002 Spiritu
741 944 935 990 sancto
960 935 1087 989 item
1122 936 1197 989 ait
1225 954 1239 991 :
1277 956 1296 989 ι
1334 936 1573 1006 Spiritus
1602 942 1687 990 est
1716 935 1808 1005 qui
1835 934 1974 989 vivi-

392 1016 541 1084 ﬁcat,
585 1035 715 1075 caro
753 1037 863 1077 non
903 1024 1126 1093 prodest
1157 1024 1454 1096 quidquam
1480 1027 1544 1079 ".
1579 1045 1597 1078 ι
1637 1025 1703 1081 Et
1739 1025 1973 1097 Aposto-

391 1109 479 1167 lus
512 1130 525 1167 :
563 1131 582 1163 ι
614 1111 819 1170 Littera
853 1116 1074 1183 occidit,
1108 1117 1347 1189 Spiritus
1375 1118 1691 1175 viviﬁcat".
1735 1138 1756 1172 ι

905 1294 959 1350 5.
996 1294 1075 1350 De
1101 1296 1454 1352 ordinatione.

461 1384 538 1440 De
567 1382 729 1442 Patre
772 1385 976 1445 Paulus
1025 1391 1102 1444 ait
1128 1408 1141 1444 :
1181 1410 1199 1442 ι
1231 1389 1425 1447 Posuit
1440 1389 1584 1447 Deus
1615 1391 1671 1446 in
1697 1390 1966 1455 Ecclesia,

390 1476 652 1546 primum,
714 1480 1027 1550 apostolos;
1087 1481 1353 1545 secundo,
1415 1482 1750 1551 praphetas;
1783 1484 1963 1547 tertio,

390 1568 685 1636 magistros
706 1570 770 1633 ",
811 1590 830 1623 ι
860 1581 966 1627 etc.
992 1571 1068 1627 De
1096 1571 1256 1638 Filio,
1292 1573 1435 1629 idem
1469 1572 1764 1643 Apostolus
1795 1574 1964 1630 dicit:

396 1676 417 1711 ι
455 1659 560 1726 Qui
609 1662 934 1730 descendit,
978 1666 1097 1736 ipse
1128 1675 1234 1725 εει.
1284 1673 1338 1721 et
1368 1667 1464 1737 qui
1508 1667 1759 1722 ascendit
1802 1681 1966 1736 supra

2074 471 2166 508 ται
2190 453 2251 508 τὸ
2279 452 2562 523 κάλυμμα.
2599 452 2659 505 '0
2685 452 2741 505 δὲ
2774 450 2978 522 Κύριος
3021 449 3083 503 τὸ
3109 448 3333 520 Πνεῦμά
3364 450 3542 505 ἐστιν·
3589 444 3655 505 οὗ

2071 545 2132 601 δὲ
2166 544 2229 599 τὸ
2250 543 2475 616 Πνεῦμα
2499 543 2726 617 Κυρίου,
2758 545 2874 597 ἐκεῖ
2896 542 3175 614 ἐλευθερία
3213 542 3345 613 (ll).
3385 560 3406 594 ι

2513 657 2566 711 2.
2607 656 2748 727 Περὶ
2780 655 3201 724 ζωοποιήσεως.
3630 710 3639 720 ,

2148 750 2313 820 Λέγει
2337 752 2600 823 ὁΣωτήρ·
2641 769 2658 800 ι
2687 750 2898 820 ’Ὠσπερ
2919 751 2947 801 6
2965 747 3155 818 Πατὴρ
3184 745 3384 817 ἐγείρει
3410 757 3533 809 τους
3562 762 3655 799 νε-

2074 842 2237 913 κροὺς
2267 842 2360 895 καὶ
2387 841 2667 906 ζωοποιεῖ,
2689 839 2860 903 οὕτως
2885 840 2979 892 καὶ
3002 840 3031 890 6
3052 838 3174 902 Υἱὸς
3204 836 3297 900 οὓς
3321 837 3482 898 ϐέλει,
3508 835 3647 901 ζωο-

2073 936 2246 987 ποιεῖ·
2280 951 2298 984 ι
2333 933 2428 986 καὶ
2462 934 2588 1003 περὶ
2612 932 2703 985 τοῦ
2732 931 3046 1002 Πνεῦματός
3075 948 3239 1003 φησι·
3282 948 3300 981 ι
3328 930 3400 982 Τὸ
3422 928 3651 999 Πνεῦμα

2072 1026 2189 1079 ἐστι
2218 1024 2279 1078 τὸ
2310 1023 2636 1090 ζωοποιοῦν,
2682 1023 2715 1093 ἠ
2749 1021 2886 1093 σὰρξ
2909 1023 3009 1075 οὐκ
3039 1021 3236 1091 ὠφελεῖ
3261 1019 3430 1075 οὐδέν.
3461 1039 3480 1071 ι
3536 1018 3652 1072 Kal.

2069 1116 2098 1167 6
2125 1115 2446 1180 Ἀπόστολος
2463 1132 2476 1146 ·
2506 1134 2525 1167 ι
2551 1115 2624 1168 Τδ
2644 1114 2877 1187 γράμμα
2906 1112 3249 1177 ἀποκτείνει,
3271 1112 3331 1165 τὸ
3349 1111 3404 1165 δὲ
3421 1110 3649 1182 Πνεῦμα

2072 1205 2344 1270 ζωοποιεῖ.
2359 1225 2377 1258 ι

2459 1299 2512 1352 5.
2548 1297 2658 1370 (l2)
2698 1299 2838 1366 Περὶ
2871 1297 3257 1367 χειροτονίας.

2140 1390 2277 1463 Περὶ
2310 1391 2525 1462 Πατρὸς
2550 1390 2761 1454 Παῦλος
2786 1389 2932 1459 λέγει
2951 1408 2965 1421 ·
3008 1407 3028 1442 ι
3055 1388 3246 1444 ’Έθετο
3266 1389 3295 1441 6
3330 1385 3461 1449 Θεὸς
3491 1386 3549 1439 ὲν
3577 1385 3648 1457 τῇ

2081 1482 2376 1554 Ἐκκλησία
2418 1481 2635 1554 πρῶτον
2667 1482 2999 1546 ἀποστόλους
3021 1522 3037 1547 ,
3061 1482 3312 1553 δεύτερον
3343 1481 3645 1552 προφήτας,

2067 1574 2248 1644 τρίτον
2277 1572 2624 1636 διδασκάλους
2642 1589 2656 1603 ·
2683 1592 2700 1626 ι
2731 1573 2824 1626 καὶ
2848 1572 2918 1626 τὰ
2945 1573 3092 1644 ἑξῆς.
3117 1574 3252 1644 Περὶ
3277 1571 3405 1625 Υῐοῦ
3431 1573 3460 1625 6
3484 1570 3651 1635 αὐτὸς

2082 1666 2402 1729 Ἀπόστολος
2437 1665 2636 1735 φάσκει
2667 1664 2779 1736 (15)
2800 1681 2815 1695 ·
2865 1683 2884 1716 ι
2924 1666 2982 1719 '0
3015 1665 3257 1729 καταϐὰς
3280 1705 3295 1730 ,
3335 1663 3494 1727 αὑτός
3529 1665 3649 1716 ἐστι

390 1754 580 1818 caelos,
616 1764 675 1809 ut
714 1758 962 1826 impleret
1005 1759 1211 1813 omnia.
1250 1757 1315 1812 Et
1354 1759 1471 1829 ipse
1520 1759 1669 1814 dedit
1714 1759 1816 1815 hos
1840 1760 1962 1830 qui-

2079 1758 2159 1811 καὶ
2184 1759 2213 1811 6
2240 1757 2444 1822 ἀναϐὰς
2463 1757 2600 1827 ὑπὲρ
2629 1756 2739 1811 ἄνω
2761 1756 2867 1809 τῶν
2885 1756 3146 1829 οὐρανῶν,
3182 1757 3267 1810 ἵνα
3295 1753 3552 1828 πληρώσῃ
3577 1753 3650 1808 τὰ

389 1844 514 1900 dem
548 1849 851 1917 apostolos,
904 1850 1029 1905 illos
1077 1852 1397 1922 prophetas,
1428 1853 1566 1908 alios
1608 1860 1857 1923 pastores
1912 1860 1969 1907 et

390 1939 765 2009 magistros".
801 1961 820 1994 ι
860 1941 936 1999 De
976 1941 1206 2013 Spiritu,
1251 1945 1393 1999 idem
1442 1946 1736 2015 Apostolus
1761 1946 1967 2001 accitos

392 2028 576 2087 Meto
608 2034 960 2105 presbyteros
1015 2036 1096 2091 sic
1138 2037 1474 2107 alloquitur:
1512 2059 1530 2090 ι
1567 2038 1843 2094 Attendite
1871 2054 1968 2094 vo-

392 2118 477 2176 bis
520 2122 678 2191 ipsis.
728 2131 782 2178 et
812 2124 1069 2179 universo
1101 2126 1271 2195 gregi,
1309 2127 1375 2181 in~
1420 2143 1529 2197 quo
1581 2143 1679 2183 vos
1729 2126 1965 2198 Spiritus

388 2225 615 2272 sanctus
646 2219 1154 2291 posuitepiseopos,
1171 2236 1397 2292 pascere
1423 2220 1725 2278 Ecclesiam
1744 2220 1840 2277 Dei
1857 2223 1960 2276 ἰ.»

906 2486 960 2541 4.
994 2485 1072 2541 De
1099 2486 1447 2558 legistatione.

458 2573 534 2630 De
570 2573 733 2632 Patre
781 2577 858 2631 ait
926 2576 1091 2633 David
1124 2597 1138 2633 :
1178 2599 1196 2631 ‹
1236 2578 1304 2634 Ut
1348 2578 1584 2635 facerem
1628 2579 1965 2635 voluntatem

387 2675 561 2732 tuam,
606 2667 748 2726 Deus
779 2685 936 2726 meus
981 2672 1153 2735 volui,
1191 2682 1245 2728 et
1278 2673 1450 2743 legem
1490 2682 1637 2727 tuam
1681 2672 1740 2727 in
1785 2672 1965 2728 medio

388 2762 598 2818 ventris
642 2762 748 2818 mei
766 2764 833 2818 “.
870 2782 889 2815 ι
929 2762 1006 2820 De
1055 2763 1095 2817 Γ
1101 2765 1195 2819 ilio
1236 2774 1419 2821 autem
1470 2764 1714 2822 Paulus:
1747 2784 1767 2818 ι
1816 2764 1967 2821 Alter

388 2854 616 2911 alterius
641 2869 808 2909 onera
832 2865 1068 2926 portate,
1095 2865 1150 2912 et
1178 2858 1259 2913 sic
1289 2856 1581 2927 adimplete
1611 2858 1781 2928 legem
1805 2855 1966 2913 Cbri-

387 2946 459 3001 sti
483 2947 550 3000 ¹³.
590 2965 610 2998 ι
649 2946 726 3003 De
756 2945 963 3017 Spiritu
990 2948 1134 3004 idem
1166 2950 1284 3019 ipse
1313 2965 1327 3002 :
1363 2968 1382 3002 ι
1419 2949 1533 3005 Lex
1575 2948 1815 3022 Spiritus
1839 2950 1965 3008 vita:

387 3038 443 3094 in
477 3039 698 3097 Christo
726 3039 857 3097 Jesu
884 3041 1140 3097 liberavit
1166 3042 1329 3099 me“.
1379 3062 1399 3096 ι

921 3234 975 3291 5.
1016 3233 1096 3290 De
1136 3235 1433 3293 dominatu.

457 3326 628 3383 David
660 3327 773 3383 ait:
807 3346 827 3379 ι
866 3327 1013 3383 Dixit
1061 3327 1325 3384 Dominus
1366 3326 1598 3383 Domino
1626 3341 1748 3383 meo
1779 3344 1794 3384 :
1827 3325 1968 3383 Sede

388 3434 419 3474 a
443 3419 655 3475 dextris
686 3419 825 3475 meis
848 3420 916 3475 ’⁸.
957 3438 977 3471 ι
1009 3419 1166 3485 Quod
1212 3419 1259 3475 si
1286 3419 1654 3489 obloquantur
1704 3419 1963 3487 haeretici,

387 3512 634 3569 dicentes
685 3513 820 3567 illud
874 3512 942 3568 ad
989 3512 1249 3569 Davidem
1297 3514 1590 3584 pertinere,
1644 3512 1731 3568 his
1761 3512 1965 3567 Christi

386 3605 569 3660 verbis
624 3613 1004 3676 coarguuntur
1050 3622 1063 3659 :
1107 3622 1126 3656 ι
1168 3604 1312 3671 Quid
1370 3605 1557 3660 dicitis
1596 3605 1664 3660 de
1706 3603 1969 3659 Christo?

387 3698 546 3767 cujus
594 3697 739 3753 (ilius
790 3698 908 3753 est?
935 3697 1158 3764 “dicunt
1218 3696 1290 3760 ei,
1336 3695 1561 3751 Davidis
1602 3713 1615 3749 :
1669 3715 1688 3749 ι
1729 3712 1963 3768 respon-

388 3792 480 3847 det
511 3790 782 3847 Salvator:
821 3809 841 3843 ι
869 3790 1157 3858 Quomodo
1188 3806 1321 3861 ergo
1341 3789 1509 3845 David
1544 3790 1598 3845 in
1630 3789 1839 3861 Spiritu
1871 3806 1967 3845 vo-

387 3893 476 3941 cat
508 3898 632 3938 cum
670 3883 963 3939 Dominum
985 3886 1069 3940 “?
1106 3905 1125 3939 ι
1158 3885 1372 3943 Rursus
1401 3885 1469 3941 de
1496 3884 1661 3939 Patre
1692 3903 1706 3939 :
1744 3902 1763 3935 ι
1799 3882 1963 3947 Audi,

354 3976 578 4053 ’lsrael,
623 3976 886 4033 Dominus
937 3976 1084 4033 Deus
1109 3987 1258 4043 tuus,
1304 3978 1447 4034 Deus
1477 3994 1621 4033 unus
1649 3977 1847 4031 est".i
1890 3975 1966 4034 De

388 4068 529 4124 Filio
561 4077 743 4124 autem
764 4069 841 4123 ait
868 4088 882 4124 :
914 4070 1029 4140 (l7)
1070 4087 1091 4121 ι
1126 4069 1394 4126 Dominus
1415 4085 1479 4125 ex
1518 4068 1650 4124 Sion
1683 4068 1962 4133 clamabit,

389 4167 445 4214 et
477 4175 542 4214 ex
579 4161 720 4217 coelo
763 4160 917 4216 dabit
956 4176 1145 4216 vocem
1180 4177 1359 4227 suam,
1391 4169 1445 4217 et
1471 4160 1820 4215 concutietur
1851 4174 1965 4215 cna-

389 4248 502 4307 lum
541 4260 595 4307 et
628 4260 794 4309 terra.
837 4253 1104 4312 Dominus
1135 4265 1319 4310 autem
1368 4262 1560 4326 parcet
1594 4256 1797 4325 populo
1840 4269 1961 4319 suo,

389 4352 446 4399 et
471 4344 804 4401 confortabit
853 4345 1118 4402 Dominus
1151 4347 1291 4403 ﬁlios
1338 4346 1526 4403 Israel.
1556 4346 1622 4401 Et
1663 4363 1964 4420 cognosce-

2067 1848 2265 1903 πάντα.
2283 1850 2393 1903 Καὶ
2422 1849 2582 1913 αὐτὸς
2611 1849 2776 1902 ἔδωκε
2800 1851 2925 1913 τοὺς
2961 1849 3056 1920 μὲν
3080 1848 3425 1910 ἀποστόλους.
3443 1848 3569 1910 τοὺς
3587 1846 3649 1899 δὲ

2066 1944 2380 2014 προφήτας,
2410 1941 2537 2005 τοὺς
2566 1941 2623 1994 δὲ
2652 1942 2918 2012 ποιμένας
2942 1942 3035 1994 καὶ
3057 1939 3426 2003 διδασκάλους.
3455 1958 3474 1990 ι
3508 1938 3649 2009 Περὶ

2066 2034 2385 2104 Πνεύματος
2429 2034 2458 2086 6
2506 2033 2668 2097 αὐτὸς
2703 2033 3086 2103 μετακαλεῖται
3118 2032 3225 2086 ἀπὸ
3260 2033 3359 2103 τῆς
3398 2031 3645 2101 Μιλήτου

2064 2125 2189 2189 τοὺς
2211 2124 2632 2197 πρεσϐυτέρους,
2653 2126 2745 2178 καὶ
2768 2124 2914 2193 λέγει
2936 2126 3115 2187 αὐτοῖς
3133 2142 3147 2155 ·
3167 2124 3495 2196 «Προσέχετε
3525 2124 3651 2175 ἑαυ-

2062 2219 2194 2280 τοῖς,
2223 2218 2317 2270 xa‘t
2344 2217 2507 2271 παντὶ
2535 2216 2612 2287 τῷ
2634 2217 2896 2287 ποιμενίῳ
2925 2217 3034 2289 (14)
3054 2257 3068 2282 ,
3091 2217 3150 2270 ὲν
3176 2209 3220 2284 ᾧ
3245 2218 3388 2287 ὑμᾶς
3416 2214 3564 2268 έθετο
3583 2212 3647 2267 τδ

2064 2308 2289 2379 Πνεῦμα
2309 2308 2368 2362 τὸ
2395 2310 2549 2377 ἅγιον
2574 2310 2927 2373 ἐπισκόπους,
2959 2308 3265 2379 ποιμαίνειν
3291 2307 3387 2379 τὴν
3423 2305 3648 2379 Ἐκκλη-

2065 2397 2185 2452 σίαν
2214 2397 2309 2452 τοῦ
2333 2397 2490 2453 Θεοῦ.
2514 2417 2535 2451 ι

2534 2491 2589 2545 4.
2617 2491 2751 2559 Περὶ
2782 2490 3185 2559 νομοθεσίας-3

2140 2584 2278 2655 Περὶ
2310 2584 2522 2655 Πατρὸς
2551 2586 2580 2637 6
2611 2584 2776 2638 Δαυῒδ
2802 2584 2987 2653 λέγει·
3029 2602 3047 2635 ι
3066 2581 3173 2636 Τοῦ
3205 2583 3426 2654 ποιῆσαι
3463 2580 3523 2635 τὸ
3557 2581 3651 2636 θέ-

2062 2675 2216 2746 λημά
2257 2692 2373 2742 σου,
2400 2678 2429 2730 6
2453 2675 2584 2740 Θεός
2623 2693 2747 2748 μου,
2778 2675 3096 2747 ἐϐουλήθην,
3130 2675 3223 2729 καὶ
3251 2674 3340 2728 τὸν
3367 2673 3527 2744 νόμον
3549 2690 3645 2727 σου

2065 2768 2123 2821 ἐν
2169 2768 2318 2839 μέσῳ
2357 2769 2456 2840 τῆς
2499 2768 2706 2832 κοιλίας
2754 2786 2920 2840 μου.)
2973 2767 3110 2839 Περὶ
3154 2766 3282 2820 Υίοῦ
3327 2769 3357 2820 6
3396 2764 3644 2829 Παῦλος·

2069 2878 2087 2910 ι
2127 2858 2393 2931 Ἀλλήλων
2429 2858 2498 2914 τὰ
2532 2860 2670 2932 βάρη
2707 2860 3005 2931 βαστάζετε
3025 2901 3040 2926 ,
3073 2861 3168 2915 καὶ
3198 2859 3369 2924 οὕτως
3400 2858 3645 2929 ἀναπλη-

2066 2949 2277 3022 ρώσατε
2325 2951 2416 3006 τὸν
2456 2953 2619 3024 νόμον
2653 2952 2745 3006 τοῦ
2777 2953 3033 3024 Χριστοῦ.
3060 2972 3078 3005 ι
3117 2954 3252 3025 Περὶ
3279 2952 3592 3023 Πνεῦματος
3617 2953 3647 3005 6

2064 3042 2258 3106 αὐτός·
2293 3061 2312 3094 ι
2350 3043 2407 3096 '0
2439 3044 2602 3115 νόμος
2640 3043 2732 3098 τοῦ
2766 3044 3082 3116 Πνεύματος
3111 3046 3210 3116 τῆς
3243 3039 3385 3116 ζωῆς
3414 3045 3471 3099 ὲν
3504 3044 3645 3115 Χρι-

1989 3125 2032 3184 C
2067 3133 2175 3206 στῷ
2216 3134 2390 3207 Ἰησοῦ
2421 3136 2531 3209 (15)
2557 3136 2897 3208 ήλευθέρωσέ
2934 3154 3022 3209 με.
3053 3156 3072 3189 ι

2540 3249 2593 3304 5.
2631 3249 2768 3319 Περὶ
2803 3252 3167 3320 κυριότητος.

2147 3338 2205 3393 '0
2237 3337 2401 3393 Δαυῒδ
2425 3339 2573 3408 λέγει
2594 3357 2608 3371 ·
2648 3358 2666 3390 ι
2698 3336 2866 3392 Εἶπεν
2903 3342 2931 3393 6
2958 3339 3161 3412 Κύριος
3192 3338 3269 3411 τῷ
3293 3337 3480 3410 Κυρίῳ
3500 3352 3604 3407 μου
3623 3349 3646 3371 ο

2064 3429 2248 3483 Κάθου
2276 3430 2341 3484 ὲκ
2370 3430 2559 3497 δεξιῶν
2598 3447 2751 3501 μου.»
2786 3432 2849 3485 Εἰ
2880 3430 2938 3483 δὲ
2967 3429 3334 3499 ἀντιλέγουσιν
3362 3431 3410 3482 οί
3444 3430 3652 3499 αἱρετο-

2065 3521 2152 3574 κοὶ
2183 3520 2433 3591 λέγοντες
2452 3562 2466 3587 ,
2498 3523 2577 3575 ὅτι
2605 3524 2684 3585 εἰς
2715 3520 2807 3574 τὸν
2840 3520 3004 3574 Δαυῖδ
3033 3520 3430 3592 ὲκλαμϐάνεται
3462 3518 3643 3582 τοῦτο,

2065 3612 2279 3684 ἐλέγχει
2307 3614 2505 3678 αὐτοὺς
2533 3614 2593 3667 τὸ
2616 3615 2766 3687 παρὰ
2784 3613 2877 3667 τοῦ
2907 3613 3161 3685 Σωτῆρος
3184 3612 3476 3682 λεγόμενον
3499 3626 3512 3639 ·
3539 3629 3558 3661 ι
3579 3609 3647 3663 Τί

2064 3704 2249 3773 λέγετε
2267 3706 2395 3777 περὶ
2421 3705 2514 3759 τοῦ
2538 3706 2772 3778 Χριστοῦ
2797 3723 2810 3770 ;
2864 3705 3009 3768 τίνος
3048 3705 3195 3758 ἐστὶν
3222 3704 3371 3770 υίόςζ
3402 3703 3641 3771 λέγουσι·

2065 3797 2171 3851 Τοῦ
2204 3798 2387 3851 Δαυῖδ.
2440 3816 2457 3847 ι
2518 3798 2897 3869 Ἀποκρίνεται
2942 3799 2972 3850 6
3015 3797 3239 3868 Σωτήρ·
3304 3813 3323 3847 ι
3374 3795 3496 3857 Πῶς
3548 3790 3644 3849 οῦν

2067 3887 2227 3942 Δαυῒδ
2259 3891 2316 3943 ὲν
2346 3887 2621 3958 Πνεῦματι
2647 3888 2787 3959 ἁγίῳ
2800 3886 3005 3959 Κύριον
3025 3886 3187 3940 αὑτὸν
3213 3885 3401 3950 καλεῖ;
3435 3903 3453 3936 ›
3482 3883 3645 3939 πάλιν

2065 3976 2194 4047 περὶ
2218 3976 2329 4048 (16)
2357 3975 2450 4029 τοῦ
2484 3975 2714 4047 Πατρός·
2757 3994 2777 4027 ι
2809 3978 3026 4038 Ἄκουε,
3073 3975 3320 4047 Ἰσραὴλ,
3367 3974 3569 4047 Κύριος
3614 3976 3645 4028 6

2065 4068 2198 4132 Θεός
2227 4084 2341 4131 σου,
2368 4067 2572 4139 Κύριος
2597 4064 2678 4132 εἷς
2705 4070 2840 4122 ἐστι.
2875 4086 2894 4119 ι
2933 4068 3067 4139 Περὶ
3090 4068 3147 4120 δὲ
3173 4067 3265 4121 τοῦ
3289 4066 3447 4132 Υίοῦ,
3470 4067 3643 4136 λέγει·

2071 4178 2090 4212 ι
2113 4160 2170 4213 Ὀ
2184 4160 2241 4212 δὲ
2253 4159 2454 4231 Κύριος
2469 4160 2532 4212 ἐκ
2543 4157 2678 4212 Σιὼν
2688 4158 3073 4231 ἀνακράζεται,
3086 4160 3181 4213 καὶ
3196 4159 3253 4226 ἐξ
3268 4158 3496 4232 οὐρανοῦ
3511 4159 3649 4231 (17⁸)

2064 4249 2223 4302 δώσει
2256 4250 2355 4320 τὴν
2385 4248 2569 4317 φωνὴν
2598 4248 2783 4312 αὐτοῦ,
2819 4248 2913 4301 καὶ
2944 4249 3286 4318 σεισθήσεται
3341 4248 3370 4299 6
3421 4245 3653 4317 οὐρανὸς

2066 4341 2160 4394 καὶ
2188 4342 2220 4411 ή
2243 4342 2333 4411 γῆ.
2379 4339 2437 4392 '0
2457 4339 2515 4391 δὲ
2537 4338 2735 4410 Κύριος
2780 4340 3022 4408 φείσεται
3052 4339 3146 4392 τοῦ
3162 4337 3289 4392 λαοῦ
3322 4336 3484 4391 αὐτοῦ
3504 4377 3519 4400 ,
3551 4337 3652 4390 κα)⁵

389 4434 461 4489 tis
510 4434 654 4505 quod
685 4452 786 4507 ego
819 4438 921 4493 sim
955 4435 1221 4491 Dominus
1257 4436 1398 4492 Deus
1423 4444 1625 4502 vester,
1656 4437 1749 4507 qui
1782 4437 1962 4492 taber-

2079 4430 2334 4503 ὲνισχύσει
2362 4428 2565 4502 Κύριος
2592 4431 2717 4494 τοὺς
2747 4431 2896 4495 υἱοὺς
2938 4431 3173 4503 Ἰσραήλ.
3221 4431 3333 4484 Καὶ
3359 4426 3655 4497 ἐπιγνώσει

388 4521 646 4575 naculum
681 4525 838 4592 posui
874 4525 930 4578 in
972 4523 1125 4591 Sion,
1170 4524 1226 4578 in
1257 4532 1444 4580 monte
1492 4527 1764 4581 sancto".
1806 4545 1825 4578 ›
1859 4525 1962 4592 Qui

2079 4524 2166 4577 σθε
2193 4564 2206 4588 ,
2237 4525 2317 4577 ὅτι
2346 4520 2456 4590 ἐγώ
2498 4522 2613 4592 είμι
2647 4521 2850 4592 Κύριος
2877 4523 2907 4575 6
2934 4521 3067 4585 Θεὸς
3094 4520 3246 4591 ὑμῶν
3270 4561 3283 4585 ,
3314 4520 3342 4572 ὁ
3374 4534 3652 4589 κατασκη-

351 4611 809 4666 'tabernaculum
831 4621 1014 4668 autem
1038 4614 1243 4683 posuit,
1280 4614 1331 4668 id
1368 4622 1453 4669 est
1478 4613 1672 4680 Filius,
1698 4615 1813 4671 haec
1846 4617 1922 4670 ait
1947 4632 1961 4667 :

394 4721 413 4755 ι
444 4702 558 4777 Ego
587 4712 771 4761 autem
795 4708 1133 4763 constitutus
1160 4723 1283 4764 sum
1316 4723 1414 4764 rex
1445 4709 1514 4764 ab
1542 4725 1610 4766 eo
1637 4724 1803 4780 super
1830 4707 1965 4765 Sion

459 4874 504 4906 η
547 4870 587 4924 ll
620 4873 747 4928 Cor.
786 4892 878 4936 ιιι,
915 4875 1019 4939 16,
1053 4876 1141 4931 17.

388 4945 436 4977 ⁸⁸
474 4943 673 5013 Ephes.
709 4962 784 5009 ιν,
824 4948 926 5011 10,
965 4948 1051 5002 11.

385 5031 497 5077 CII.
532 5015 585 5072 1.
626 5016 671 5047 ⁸⁸
707 5016 895 5073 Matth.
930 5034 1067 5084 χιιι,
1103 5017 1206 5084 42,
1237 5017 1328 5073 45.

1251 4876 1295 4907 ¹⁸
1333 4872 1490 4931 Joan.
1524 4889 1557 4927 v
1588 4911 1603 4936 ,
1637 4869 1753 4925 21.¹

461 5200 573 5269 (ll)
612 5199 688 5252 T6
718 5198 872 5254 deest
898 5199 955 5253 in
985 5199 1117 5255 edit.
1153 5199 1417 5256 Commel.
1456 5209 1511 5256 et
1535 5200 1788 5259 Vatican.
1818 5201 1963 5268 Mox,
1996 5252 2001 5261 κ

390 5271 525 5335 ἐκεῖ,
555 5269 709 5324 deest
741 5272 795 5324 in
820 5270 1014 5325 iisdem
1043 5270 1176 5340 :_sed
1208 5272 1460 5340 leguntur
1481 5272 1566 5327 ha:
1592 5289 1756 5329 voces
1784 5274 1839 5328 in
1866 5273 1970 5328 An-

392 5341 627 5413 glicano,
661 5340 826 5413 Basil.
863 5348 918 5413 et
959 5341 1014 5393 in
1049 5338 1243 5413 Graeco
1264 5338 1578 5413 “Scriptura:
1617 5352 1788 5401 textu.
1820 5343 1966 5411 Mox,

391 5410 730 5487 Basiliensis,
755 5410 1064 5487 Anglican”
1082 5410 1561 5487 Vaticanusfrtepl
1582 5413 1895 5487 ζωοποιίας.

467 5479 580 5550 (l2)
623 5478 1472 5552 ΤίιιιΙιιεζίΠερίίχειροτονίας,
1507 5478 1678 5541 ’ἀθεεὶ
1727 5488 1782 5540 in
1832 5478 1965 5542 edit.

394 5550 662 5628 Cornute}:
690 5550 1039 5628 etﬂatiean?
1062 5550 1278 5628 Ased'est
1298 5556 1360 5628 in
1378 5553 1543 5628 Basil.
1567 5565 1622 5613 et
1646 5558 1860 5628 Anglic.

396 5620 959 5748 “(alﬁgasiliensim
1005 5622 1265 5683 διδάσκει.
1312 5624 1437 5683 Mox
1478 5626 1642 5696 idem,
1690 5620 1967 5699 ὑπεράνω,

1831 4873 1873 4904 ¹⁷
1912 4870 2071 4929 Joan.
2124 4888 2209 4937 vt,
2269 4873 2362 4928 64.
2455 4873 2498 4907 ’⁸
2534 4869 2578 4925 ll
2612 4870 2740 4927 Cor.
2795 4883 2891 4933 ιιι,
2924 4866 2981 4937 ϐ.

1130 4949 1174 4979 ³⁸
1213 4944 1334 5002 Act.
1371 4962 1463 5007 xx,
1499 4934 1597 4998 98.
1670 4942 1715 4973 ³⁸
1753 4940 1900 4998 Psal.
1936 4961 1962 4998 x

2079 4961 2128 5007 x,
2163 4934 2216 5000 9'.
2294 4945 2340 4976 ”
2376 4943 2555 5000 Galat.
2587 4958 2675 5006 vr,
2706 4939 2762 4994 2.
2839 4941 2885 4972 ⁸·
2921 4936 3083 4995 Rom.
3118 4952 3250 5003 νιιι,
3281 4936 3337 4991 2.
3413 4936 3459 4971 ⁸⁸
3496 4934 3646 4995 Psal.

1406 5017 1449 5047 ’⁷
1489 5015 1648 5070 Deut.
1677 5028 1768 5077 vt,
1803 5014 1858 5069 4.
1935 5016 1980 5048 ²⁸
2016 5015 2135 5073 Joel
2169 5030 2267 5083 ιιι,
2301 5013 2392 5072 16.

2072 4614 2249 4678 νὼσας
2280 4618 2336 4668 έν
2369 4612 2538 4678 Σιὼν,
2573 4615 2628 4667 ὲν
2652 4612 2767 4685 ὄρει
2788 4613 2947 4683 ἁγίῳ.
2970 4632 2989 4666 ι
3036 4614 3093 4666 '0
3120 4613 3177 4666 δὲ
3197 4608 3651 4681 κατασκηνώσας,

2071 4709 2190 4778 ήτοι
2229 4709 2260 4762 6
2301 4707 2462 4773 Υἱὸς,
2494 4705 2671 4775 λέγει·
2705 4723 2726 4757 ι
2756 4705 2898 4776 Ἐγὼ
2927 4705 2983 4759 δὲ
3021 4704 3358 4775 κατεστάθην
3399 4702 3652 4775 βασιλεὺς

3088 4869 3130 4901 ³⁸
3163 4865 3181 4919 l
3212 4864 3341 4920 Cor.
3377 4880 3451 4919 ιιι
3476 4906 3489 4928 ,
3554 4866 3650 4922 28.

2148 5199 2285 5324 $120
2290 5198 2617 5324 ῗξίιεωιιοο
2640 5215 2776 5258 mss.
2804 5206 2859 5257 et
2879 5198 3033 5255 editi.
3066 5195 3129 5254 In
3163 5197 3287 5253 Act.
3309 5204 3485 5267 apost.
3516 5194 3653 5268 legi-

2168 5312 2183 5336 ,
2214 5288 2306 5325 ποι
2314 5288 2475 5336 μνιῳ.

2071 5280 2183 5336 tur,
2214 5280 2475 5341 ποιμνίῳ.

2143 5342 2254 5413 (15)
2306 5340 2480 5413 Ἰησοῦ
2522 5341 2677 5397 abest
2706 5355 2737 5395 a
2772 5340 2939 5396 Basil.
2970 5346 3026 5397 et
3056 5339 3270 5411 Anglic.
3308 5337 3420 5394 Nec
3451 5338 3521 5393 ab
3555 5338 3651 5394 in-

2069 5412 2311 5483 terprete
2324 5412 2550 5483 ilectum
2589 5420 2692 5468 est.

2143 5477 2255 5555 (⁷16)
2294 5482 2428 5554 Περί
2450 5483 2603 5555 d_e_est
2623 5484 2678 5537 in
2702 5480 2886 5542 editis.
2916 5480 3013 5539 sed
3034 5481 3233 5551 legitur
3252 5479 3308 5533 in
3330 5477 3653 5545 Bastﬁensi,

2071 5550 2455 5611 Anglicano'el
2483 5550 2773 5609 Vaticano.

2196 5572 2371 5606 1103110
2401 5572 2455 5606 ει
2494 5572 2773 5609 vaucano.

2159 5572 2252 5694 i7)
2297 5621 2395 5694 ilic
2424 5621 2703 5694 Dominus,
2740 5637 2840 5694 pro
2867 5619 3384 5694 Filiointelligitur.

2169 5627 2252 5691 l7)
2297 5627 2395 5676 Hic
2424 5627 2703 5705 Dominus,
2740 5637 2840 5705 pro
2869 5627 3007 5676 Filio
3044 5627 3384 5688 intelligitur.

2144 5627 2278 5768 ίίἹξ)
2319 5693 2655 5763 BaSIllenSIS,
2685 5694 2921 5766 Anghc.,
2956 5692 3049 5746 καὶ
3069 5689 3129 5757 ἐξ
3160 5688 3536 5761 Ἰερουσαλήμ.
