3890 6186
186 359 264 416 33
910 359 1000 414 DE
1038 358 1360 418 COMMUNI
1398 361 1740 418 ESSENTIA
1776 363 1785 419 1

1893 365 2030 423 fRIS
2067 368 2158 425 ΕΤ
2198 368 2361 427 FlLlI
2399 369 2489 424 ET
2531 370 2712 429 SPIB.
2756 371 2816 428 S.
3398 376 3468 431 56

184 484 281 538 ὑπ’
296 481 466 539 αὐτοῦ
490 483 584 537 ἐπὶ
610 483 747 537 Σ·ιιῖ›ν
771 482 898 556 ὄρος
922 484 984 537 τὸ
1000 484 1156 555 ἅγιον
1182 484 1370 551 αὐτοῦ,
1392 504 1412 538 ι
1438 487 1532 541 καὶ
1549 486 1618 540 τὰ
1637 486 1785 558 ἑξῆς.

1893 496 2132 546 montem
2167 498 2418 546 sanctum
2459 492 2578 562 ejus
2596 492 2681 562 ιη,
2717 511 2736 544 ι
2762 497 2869 548 etc.
2912 489 2990 546 De
3031 488 3238 562 Spiritu
3286 500 3466 549 autem

186 576 326 647 Περὶ
347 574 405 628 δὲ
429 575 525 628 τοῦ
550 574 869 646 Πνεῦματος
906 575 1078 630 είπὼν
1096 616 1113 642 ,
1159 577 1242 630 ὅτι
1280 594 1301 629 ι
1324 573 1494 632 Εἶπεν
1521 579 1551 631 6
1582 578 1787 651 Κύριος

185 667 265 736 τῷ
295 656 487 736 Κυρίῳ
535 683 675 737 μου,
707 685 728 718 ι
761 666 1115 732 ὑποκαταϐὰς
1168 668 1320 738 λέγει
1362 686 1375 697 ·
1442 670 1554 724 Καὶ
1585 670 1789 743 Κύριος

184 760 252 811 ἐκ
292 757 485 824 δεξιῶν
529 776 658 812 σου·
682 777 704 812 ι
758 759 855 813 τοῦ
884 755 978 814 οῦν
1008 759 1139 813 Υίοῦ
1184 761 1348 815 πάλιν
1378 763 1444 816 ὲκ
1485 760 1676 826 δεξιῶν
1726 762 1788 815 τὸ

186 849 437 921 Πνεῦμα.

186 1025 239 1081 6.
266 1028 389 1100 Ὅτι
410 1030 444 1081 ὁ
467 1026 672 1096 Πατὴρ
692 1026 1056 1100 Κύριονᾼῌ8)
1080 1027 1188 1100 τὸν
1219 1028 1360 1083 Υίὸν
1391 1029 1597 1094 καλεῖ,
1626 1031 1723 1085 καὶ
1754 1034 1787 1085 ὁ

268 1098 644 1163 Ἀπόστολος
689 1099 756 1152 τὸ
788 1097 962 1152 Πνεῦ
993 1097 1046 1151 α’
1079 1098 1180 1153 καί
1229 1101 1449 1168 Κύριον
1488 1102 1588 1155 καὶ
1639 1101 1789 1155 Θεὸν

268 1168 442 1222 λέγει.
476 1169 559 1222 ὡς
589 1168 689 1222 καὶ
719 1168 827 1222 τὸν
859 1117 1013 1222 Υἱὸιτί.

254 1168 442 1238 λέγει,
476 1169 559 1234 ὡς
589 1168 689 1222 καὶ
719 1168 827 1223 τὸν
859 1171 920 1223 Υἱ

256 1303 427 1373 Λέγει
445 1304 554 1376 γάρ
585 1302 789 1366 οὕτως·
830 1303 970 1357 «Καὶ
1006 1302 1160 1361 ἔσται
1181 1304 1538 1377 μετάταῦτα·
1584 1304 1788 1377 Ἐκχεῶ

184 1397 294 1450 άπὸ
310 1395 406 1449 τοῦ
434 1394 753 1465 Πνεῦματός
774 1412 876 1466 μου
904 1396 996 1449 ἐπὶ
1023 1397 1202 1450 πᾶσαν
1230 1397 1429 1467 σάρκα,
1451 1397 1546 1451 καὶ
1569 1415 1787 1470 προφη-

183 1488 470 1542 τεύσουσιν
491 1488 542 1539 oi
574 1488 682 1540 υἱοὶ
711 1488 868 1558 ὑμῶν
887 1528 902 1552 ,
931 1489 1026 1542 καὶ
1052 1490 1106 1543 αξ
1134 1490 1433 1563 θυγατέρες
1475 1490 1660 1562 ὑμῶν,
1694 1491 1789 1546 καὶ

184 1583 233 1635 οἱ
255 1580 624 1653 πρεσϐύτεροι
661 1579 810 1651 ὑμῶν
841 1580 1068 1637 ἐνύπνια
1098 1583 1615 1654 ἐνυπνιασθήσονται
1634 1624 1650 1649 ,
1686 1583 1782 1638 καὶ⁹

184 1676 234 1727 oi
260 1674 540 1728 νεανίσκοι
566 1673 719 1744 ὑμῶν
741 1673 965 1745 ὁράσεις
1002 1674 1246 1745 ὄψονται.
1296 1677 1406 1730 Καί
1435 1694 1501 1746 γε
1534 1678 1628 1730 ἐπὶ
1656 1678 1786 1741 τοὺς

183 1762 406 1827 69510:);
444 1780 569 1834 μου,
596 1763 692 1816 καὶ
719 1764 812 1814 ἐπὶ
836 1764 935 1828 τὰς
956 1764 1148 1830 δούλας
1176 1783 1279 1837 μου
1307 1767 1365 1822 ὲν
1392 1770 1514 1831 ταῖς
1541 1768 1783 1839 ἡμέραις

1890 591 2084 638 sancto
2111 584 2191 638 sic
2224 584 2443 640 locutus
2468 604 2482 639 :
2507 603 2525 635 σ
2552 583 2700 639 Dixit
2721 583 2986 640 Dominus
3014 583 3246 641 Domino
3279 601 3420 651 meo,
3444 606 3464 638 ι

1889 672 2123 730 inferius
2156 675 2231 729 ait
2260 674 2319 739 εξ»
2352 675 2621 730 Dominus
2655 691 2687 730 a
2712 676 2923 732 dextris
2946 677 3137 733 tuis”.
3162 678 3470 734 )AdOXU‘iB

1887 765 2058 837 igitur
2080 765 2206 820 Filii
2237 773 2323 822 est
2357 764 2619 837 Spiritus.

1957 1015 2010 1068 6.
2037 1011 2192 1078 Quod
2213 1021 2262 1066 et
2292 1011 2458 1066 Pater
2492 1019 2637 1066 vocet
2658 1009 2883 1073 Filium,
2911 1007 3197 1062 Dominum
3228 1025 3246 1062 :
3268 1017 3318 1062 et
3339 1008 3470 1076 Apo-

1887 1083 2058 1137 stolus
2087 1082 2368 1151 Spiritum,
2391 1083 2676 1137 Dominum
2698 1096 2761 1135 ac
2785 1079 2953 1134 Deum
2978 1080 3228 1145 nominet,
3256 1079 3470 1146 perinde

1888 1163 2045 1225 atque
2083 1153 2308 1207 Filium.

1958 1307 2038 1363 Ita
2081 1309 2228 1365 enim
2284 1308 2466 1364 dicit:
2512 1326 2531 1360 ι
2561 1306 2629 1361 Et
2654 1307 2761 1363 erit
2792 1317 2916 1377 post
2955 1306 3070 1362 haec
3118 1325 3131 1362 :
3183 1305 3467 1360 Effundam

1887 1400 1957 1457 de
1981 1401 2187 1472 Spiritu
2230 1417 2353 1457 meo
2381 1417 2544 1471 super
2566 1415 2783 1455 omnem
2817 1414 3062 1466 carnem,
3095 1406 3149 1453 et
3178 1398 3469 1469 propheta-

1886 1494 2025 1549 bunt
2059 1493 2154 1548 lilii
2194 1495 2398 1561 vestri,
2435 1501 2490 1548 et
2537 1494 2661 1547 lilia;
2714 1501 2932 1554 vestrae,
2984 1498 3039 1547 et
3087 1507 3248 1547 senes
3297 1490 3467 1545 vestri

1888 1585 2104 1640 somnia
2133 1585 2506 1649 somniahunt,
2543 1592 2598 1639 et
2632 1584 2863 1652 juvenes
2903 1583 3072 1638 vestri
3119 1585 3359 1638 visiones
3387 1582 3464 1636 vio

1886 1677 2116 1734 debunt.
2161 1676 2267 1733 Sed
2294 1686 2349 1732 et
2382 1692 2548 1747 super
2576 1690 2765 1731 servos
2798 1690 2971 1739 meos,
3007 1683 3061 1731 et
3100 1691 3267 1746 super
3299 1675 3471 1729 ancil-

1886 1770 1969 1824 las
1998 1784 2150 1824 meas
2167 1769 2222 1822 in
2250 1767 2444 1823 diebus
2465 1768 2574 1823 illis
2596 1767 2870 1823 effundam
2892 1767 2961 1822 de
2989 1765 3194 1836 Spiritu
3224 1782 3345 1821 meo
3374 1781 3469 1821 su-

185 1856 464 1921 ἑκείναις,
498 1855 677 1927 ἐκχεῶ
713 1855 825 1908 ἀπὸ
862 1855 956 1908 τοῦ
989 1856 1306 1928 Πνεῦματός
1339 1876 1439 1929 μου
1471 1859 1565 1912 ἐπὶ
1606 1861 1785 1913 πᾶσαν

1893 1876 1984 1932 per
2011 1875 2231 1916 omnem
2263 1875 2510 1925 carnem,
2550 1868 2602 1915 et
2621 1859 3047 1931 prophetabunt,
3080 1865 3135 1913 et
3166 1858 3310 1912 dabo
3342 1873 3466 1928 pro-

187 1948 373 2018 σάρκα
390 1987 405 2011 ,
437 1947 535 2000 καὶ
560 1946 998 2019 προφητεύσουσι
1018 1988 1033 2013 ,
1076 1949 1172 2001 καὶ
1204 1947 1361 2002 δώσω
1387 1949 1589 2022 τέρατα
1617 1952 1675 2004 ἐν
1701 1949 1778 2021 τῷ

184 2039 408 2110 οὖρανῷ
431 2040 566 2104 άνω,
593 2041 687 2093 καὶ
710 2043 910 2111 σημεῖα
932 2041 1025 2094 ἐπὶ
1044 2042 1144 2111 τῆς
1170 2041 1276 2112 γῆς
1301 2044 1471 2108 κάτω,
1499 2038 1658 2114 αἷμα,
1689 2045 1784 2098 καὶ

187 2132 333 2204 πῦρ,
369 2133 462 2186 καὶ
483 2133 687 2203 ἀτμίδα
718 2134 950 2188 καπνοῦ.
998 2135 1054 2188 '0
1082 2135 1233 2206 ἥλιος
1265 2140 1782 2210 μεταστραφήσεται

185 2226 271 2288 εἰς
294 2226 524 2289 σκότος,
562 2226 657 2279 καὶ
688 2226 722 2296 ἡ
764 2226 963 2298 σελήνη
995 2229 1075 2292 εἰς
1099 2223 1239 2299 αἷμα
1258 2268 1273 2293 ,
1306 2230 1437 2302 πρὶν
1466 2231 1642 2286 ἐλθεῖν
1683 2232 1782 2304 τὴν

186 2318 410 2389 ⁴ἡμέραν
435 2318 662 2389 Κυρίου,
689 2318 787 2390 τὴν
818 2320 1061 2391 μεγάλην
1077 2322 1171 2374 καὶ
1187 2322 1445 2393 ἐπιφανῆ.
1474 2325 1585 2378 Καὶ
1608 2323 1781 2391 ἔσται,

186 2414 301 2475 πᾶς
318 2411 381 2474 ὃς
405 2410 471 2464 ἂν
498 2412 890 2484 ἐπικαλέσηται
910 2414 971 2467 τὸ
992 2413 1163 2486 ὄνομα
1192 2416 1398 2487 Κυρίου
1415 2457 1429 2482 ,
1451 2417 1780 2490 σωθήσεται.

186 2504 320 2567 Πῶς
347 2500 442 2557 οῦν
467 2504 905 2571 ἐπικαλέσονται,
947 2509 1026 2570 είς
1052 2506 1113 2560 ὃν
1144 2509 1245 2561 οὐκ
1271 2508 1631 2576 ὲπίστευσαν;
1667 2509 1784 2575 πῶς

184 2595 490 2650 ἀκοῦσουσι
508 2597 677 2669 χωρὶς
702 2598 1069 2669 κηρύσσοντος
1090 2617 1138 2665 ς)
1168 2601 1305 2672 Περὶ
1322 2601 1379 2654 δὲ
1407 2602 1500 2656 τοῦ
1529 2603 1786 2675 Πνεῦμα-

185 2705 316 2753 τος,
352 2691 385 2742 ὁ
410 2690 572 2753 αὐτὸς
609 2691 933 2755 ’Δπόστολος
971 2691 1153 2761 λέγει·
1210 2712 1229 2744 ι
1260 2694 1454 2748 Ἡνίκα
1485 2694 1530 2748 δ’
1566 2695 1632 2750 ἂν
1658 2697 1783 2749 ὲπι-

187 2779 412 2852 στρέφῃ
440 2780 577 2852 πρὸς
600 2780 825 2853 Κύριον,
854 2786 1220 2854 περιαιρεῖται
1247 2784 1309 2837 τὸ
1339 2784 1630 2857 κάλυμμα·
1662 2788 1691 2839 6
1728 2786 1785 2840 δὲ

186 2871 403 2942 Κύριος
433 2872 495 2925 τὸ
526 2872 746 2944 Πνεῦμά
774 2876 914 2927 ἐστι.
942 2894 961 2927 ι
991 2876 1101 2928 Καὶ
1132 2876 1297 2935 πάλιν
1329 2878 1357 2929 6
1386 2878 1549 2942 αὑτός
1568 2895 1580 2907 ·
1622 2897 1640 2930 ι
1667 2880 1784 2932 Κα-

188 2963 374 3034 Θάπερ
402 2962 514 3018 ἀπὸ
545 2965 748 3035 Κυρίου
776 2965 1093 3037 Πνεῦματος
1112 2984 1125 2997 ·
1153 2987 1173 3019 ι
1207 2968 1301 3021 καὶ
1330 2964 1485 3033 αὖθις
1504 2986 1518 3000 ·
1579 2988 1599 3022 ι
1640 2971 1699 3023 '0
1729 2970 1786 3023 δὲ

186 3054 404 3127 Κύριος
453 3055 772 3110 κατευθύνοι
818 3057 931 3127 (19)
971 3058 1123 3129 ὑμῶν
1152 3058 1253 3123 τὰς
1295 3060 1526 3132 καρδίας
1572 3062 1653 3125 είς
1689 3061 1787 3132 τὴν

1883 1953 2031 2024 digia
2061 1953 2119 2008 in
2150 1953 2292 2009 caelo
2344 1968 2587 2019 sursum,
2634 1960 2689 2008 et
2722 1953 2878 2023 signa
2912 1951 2970 2005 in
3008 1961 3153 2006 terra
3183 1950 3463 2013 deorsum,

1883 2036 2207 2116 sanguinem
2246 2054 2302 2100 et
2323 2045 2526 2115 ignem,
2560 2052 2615 2100 et
2646 2059 2903 2115 vaporem
2934 2043 3088 2098 fumi.
3115 2041 3209 2097 Sol
3238 2056 3468 2096 conver-

1883 2146 2030 2191 tetur
2056 2136 2114 2189 in
2154 2133 2211 2208 4
2237 2136 2514 2200 tenebras,
2548 2141 2603 2189 et
2640 2135 2769 2189 luna
2818 2134 2876 2188 in
2928 2133 3269 2203 sanguinem,
3321 2138 3469 2187 ante-

1882 2242 2048 2298 quam
2080 2228 2266 2282 veniat
2310 2227 2427 2283 dies
2475 2225 2693 2280 Domini
2749 2240 2981 2297 magnus
3014 2231 3070 2279 et
3107 2223 3365 2278 illustris.
3398 2220 3466 2276 Et

1882 2320 2009 2385 crit,
2037 2321 2218 2375 omnis
2244 2319 2340 2389 qui
2380 2319 2715 2374 invocaverit
2759 2333 2960 2372 nomen
2995 2315 3234 2381 Domini,
3274 2316 3466 2370 salvus

1882 2414 1989 2470 erit
2005 2414 2072 2469 ³¹.
2104 2432 2225 2465 ›-ι
2245 2398 2529 2480 Quoinodo
2553 2428 2683 2483 ergo
2702 2411 3059 2475 invocabant,
3083 2411 3140 2465 in
3165 2426 3325 2481 quem
3353 2424 3464 2464 non

1884 2506 2276 2562 crediderunt?
2302 2512 2397 2559 aut
2427 2504 2702 2574 quomodo
2742 2504 2965 2558 audient
3013 2503 3135 2558 sine
3172 2500 3467 2572 praedican-

1885 2606 1940 2653 te
1960 2597 2044 2651 “‘i
2086 2617 2106 2650 ι
2159 2596 2235 2652 De
2294 2595 2503 2667 Spiritu
2546 2610 2712 2666 porro
2742 2594 2887 2649 idem
2927 2596 3225 2665 Apostolus
3275 2594 3409 2649 dicit
3444 2611 3461 2651 :

1890 2706 1911 2741 ι
1950 2688 2090 2744 Cum
2119 2696 2301 2744 autem
2339 2704 2640 2744 conversus
2666 2687 2833 2742 fuerit
2863 2685 2932 2740 ad
2965 2685 3278 2751 Dominum,
3307 2685 3463 2741 aufe-

1886 2788 2037 2836 retur
2082 2781 2351 2845 velamen,
2388 2779 2653 2835 Dominus
2713 2786 2897 2833 autem
2956 2776 3200 2849 Spiritus
3240 2777 3399 2832 est”.
3437 2794 3458 2829 ι

1885 2872 2144 2945 Idemque
2174 2890 2370 2930 rursus
2396 2893 2408 2928 :
2447 2891 2466 2925 ι
2508 2872 2792 2943 Tanquam
2813 2887 2844 2926 a
2880 2871 3096 2926 Domini
3128 2870 3332 2942 Spiritu
3357 2869 3456 2923 “.i

1887 2968 2066 3039 Atque
2094 2969 2331 3023 iterum:
2373 2986 2392 3019 ι
2431 2966 2695 3021 Dominus
2730 2973 2912 3020 autem
2949 2964 3149 3035 dirigat
3188 2963 3355 3018 corda
3378 2977 3466 3019 ve-

1890 3070 2026 3125 stra,
2074 3060 2129 3113 in
2163 3059 2429 3114 cbaritate
2459 3057 2575 3122 Dei,
2616 3066 2671 3113 et
2702 3057 2757 3111 in
2794 3056 3057 3127 patientia
3106 3054 3312 3111 Christi
3332 3054 3398 3108 ³⁸.
3438 3073 3458 3107 ι

184 3147 419 3217 ἀγάπην
437 3147 531 3201 τοῦ
550 3146 705 3213 Θεοῦ,
725 3148 821 3203 καὶ
842 3151 923 3212 είς
949 3150 1048 3221 τὴν
1070 3150 1344 3222 ὑπομονὴν
1363 3151 1456 3205 τοῦ
1478 3152 1713 3225 Χριστοῦ
1733 3169 1746 3184 ·
1760 3170 1780 3205 ι

1893 3152 2130 3222 Spiritus
2168 3152 2333 3223 igitur
2373 3151 2658 3207 Dominus.
2687 3150 2766 3204 Ac
2811 3148 3033 3204 denuo:
3077 3166 3096 3201 ι
3132 3146 3243 3205 Vos
3282 3157 3463 3203 autem

186 3241 299 3312 ἄρα
324 3242 355 3294 6
386 3239 588 3311 Κύριος
612 3240 675 3293 τδ
695 3240 921 3311 Πνεῦμα
946 3217 1080 3295 ἐστι.
1099 3217 1212 3296 Κοίι
1236 3217 1430 3297 πάλιν·
1472 3263 1491 3297 ‹
1525 3217 1701 3316 δΥμες
1729 3246 1785 3301 δὲ

1893 3217 2155 3300 Dominus
2191 3217 2506 3300 vexuberare
2543 3251 2598 3299 et
2629 3242 2913 3297 abundare
2940 3241 3105 3296 faciat
3142 3242 3461 3297 charitatcrr

185 3333 221 3385 6
244 3332 454 3404 Κύριος
493 3331 764 3406 πλεονάσῃ
793 3333 1019 3403 (21))κα)⁸
1051 3335 1384 3409 περισσεύσῃ
1408 3340 1475 3408 τῇ
1507 3337 1695 3409 ἀγάπῃ
1718 3340 1786 3410 τῇ

188 3425 274 3488 είς
302 3423 571 3495 ἀλλήλους
586 3424 681 3478 καὶ
710 3425 791 3488 είς
812 3425 1039 3490 πάντας,
1060 3426 1311 3499 καθάπερ
1332 3428 1492 3499 ἡμεῖς
1520 3430 1600 3492 είς
1621 3428 1786 3499 ὑμᾶς,

188 3517 271 3582 εις
294 3518 357 3571 τὸ
389 3516 638 3587 στηρίξαι
660 3515 811 3584 ὑμῶν
840 3516 940 3580 τὰς
963 3517 1186 3588 καρδίας
1207 3519 1511 3590 ἀμέμπτως
1534 3520 1591 3572 ὲν
1621 3520 1791 3588 ἁγιω-

191 3608 331 3679 σύνῃ
357 3606 667 3679 ἔμπροσθεν
690 3607 783 3661 τοῦ
797 3606 932 3661 Θεοῦ
963 3610 1056 3662 καὶ
1070 3610 1283 3682 Πατρὸς
1297 3609 1453 3682 ήμῶν
1474 3615 1531 3665 έν
1554 3614 1620 3683 τῇ
1650 3629 1790 3683 παρ-

190 3701 356 3772 ουσίᾳ
410 3698 506 3752 τοῦ
548 3699 754 3770 Κυρίου
808 3699 965 3770 ήμῶν
1005 3701 1179 3772 Ἰησοῦ
1208 3702 1444 3773 Χριστοῦ
1488 3703 1624 3773 μετὰ
1653 3703 1788 3757 πάν-

188 3810 299 3846 των
332 3792 447 3863 (21)
467 3792 579 3845 τῶν
601 3793 770 3861 ἁγίων
800 3790 987 3847 αὐτοῦ.
1014 3812 1033 3844 ι
1061 3794 1168 3847 Καὶ
1200 3794 1436 3849 ἐνταῦθα
1463 3798 1493 3848 6
1520 3795 1725 3868 Κύριος
1751 3796 1781 3848 6

193 3884 507 3948 πλεονάζων
535 3885 630 3937 καὶ
648 3883 984 3955 περισσεῦων
1009 3888 1075 3957 τῇ
1100 3885 1290 3958 ἀγάπῃ
1312 3888 1376 3957 τῇ
1399 3886 1481 3949 είς
1504 3886 1783 3958 ἀλλήλους,

192 3980 288 4032 καὶ
307 3976 584 4048 στηρίζων
603 3976 702 4040 τὰς
726 3977 953 4047 καρδίας
976 3979 1032 4032 ἐν
1057 3978 1331 4049 ἁγιωσύνῃ
1362 3978 1667 4050 ἔμπροσθεν
1691 3978 1785 4033 τοῦ

191 4067 327 4121 Θεοῦ
348 4070 407 4120 ἐν
428 4069 495 4136 τῇ
515 4067 786 4137 παρουσία
802 4064 896 4119 τοῦ
919 4067 1124 4139 Κυρίου
1144 4067 1302 4138 ήμῶν
1332 4068 1506 4139 Ἰησοῦ
1526 4069 1783 4141 Χριστοῦ,

192 4160 253 4212 τὸ
276 4157 514 4229 Πνεῦμά
545 4160 683 4211 ἐστι.
752 4158 865 4221 Τὰς
901 4154 995 4213 οὖν
1025 4162 1173 4230 τρεῖς
1191 4147 1526 4231 ’κυριότητας
1549 4164 1629 4225 είς
1658 4160 1786 4231 μίαν

194 4250 494 4321 κυριότητα
531 4248 876 4320 συναγαγὼν,
903 4250 1110 4320 βεὸαιοῖ
1122 4251 1294 4322 λέγων
1312 4252 1447 4324 πρὸς
1476 4252 1782 4320 Ἐφεσίους·

201 4362 219 4394 ι
242 4339 339 4407 Ei;
370 4343 606 4414 Κύριος,
642 4343 740 4414 μία
782 4345 999 4407 πίστις,
1032 4343 1089 4397 ἓν
1129 4344 1434 4415 βάπτισμα.
1466 4365 1483 4397 ι
1521 4346 1689 4399 Πάλιν
1721 4345 1785 4399 τὸ

195 4436 420 4507 Πνεῦμα
444 4436 654 4505 Κύριος
682 4436 901 4504 λέγεται
932 4435 1118 4506 σαφῶς
1145 4438 1203 4492 ὲν
1222 4439 1289 4508 τῇ
1325 4436 1491 4507 βίϐλῳ
1518 4437 1625 4491 τῶν
1651 4439 1786 4509 Κρι-

197 4525 337 4592 si»,
383 4527 473 4579 ὅτε
514 4526 617 4589 τὰς
649 4525 927 4596 ἀριστείας
961 4526 1072 4597 (22)
1101 4528 1132 4579 6
1160 4526 1400 4597 Σαμψὼν
1430 4528 1634 4590 ἐποίει,
1665 4529 1787 4583 ἑπι-

198 4620 524 4690 σημαίνεται
545 4619 580 4688 ή
603 4616 816 4687 Γραφὴ,
843 4617 938 4670 καλ⁹
956 4616 1130 4686 λέγει·
1163 4618 1306 4671 «Kal
1334 4616 1556 4687 Πνεῦμα
1582 4619 1788 4689 Κυρίου

194 4711 357 4784 ἦλθεν
372 4712 467 4764 ἐπὶ
478 4708 838 4781 Σαμψὼν,καὶ
854 4709 1041 4762 ἔλαϐεν
1059 4709 1280 4777 σιαγόνα
1293 4709 1537 4772 δνου,καὶ
1552 4710 1800 4764 ἀπέκτει-

195 4821 253 4859 νε
272 4804 500 4875 χιλίους·
517 4822 535 4854 ι
558 4803 655 4855 καὶ
668 4798 1060 4856 πάλινσιἯλθε
1075 4802 1298 4873 Πνεῦμα
1315 4803 1520 4875 Κυρίου
1541 4804 1633 4858 ἐπὶ
1646 4805 1795 4874 Σαμ-

196 4895 332 4965 ᾲὶιν,
356 4896 453 4948 καὶ
473 4894 801 4966 διεσπάραξε
821 4895 911 4948 τὸν
941 4894 1150 4959 λέοντα,
1177 4895 1252 4958 ὡς
1280 4895 1467 4967 ἔριφον
1486 4912 1498 4926 ·
1528 4915 1546 4947 ι
1572 4896 1664 4950 καὶ
1693 4896 1795 4949 πά-

195 4984 309 5040 λιν·
352 5006 374 5038 ι
391 4983 569 5038 Ἦλθε
598 4985 823 5056 Πνεῦμα
854 4986 1061 5057 Κυρίου
1092 4988 1186 5040 ἐπὶ
1210 4985 1472 5057 Σαμψὼν,
1498 4987 1591 5040 καὶ
1612 4987 1786 5058 ἐπῆρε

195 5076 293 5151 τὴν
315 5078 525 5149 πόρταν
539 5076 639 5144 τῆς
655 5074 857 5148 Γάζης,
875 5078 969 5132 καὶ
988 5077 1289 5147 ἀνήνεγκεν
1316 5080 1399 5142 είς
1411 5078 1484 5148 ,τὸ
1501 5078 1626 5148 ὅρος
1648 5078 1782 5151 (25).

1890 3344 2126 3392 vestram
2151 3334 2207 3389 in
2244 3333 2478 3389 invicem
2505 3341 2559 3387 et
2588 3333 2643 3387 in
2677 3347 2890 3399 omnes,
2924 3331 3386 3402 quemadmodum
3409 3336 3464 3384 et

1888 3443 1991 3483 nos
2022 3429 2076 3481 in
2104 3426 2288 3492 vobis,
2313 3425 2382 3479 ad
2412 3423 2786 3479 conﬁrmanda
2815 3425 2983 3479 corda
3005 3431 3208 3490 vestra,
3232 3423 3466 3493 irrepre-

1888 3516 2236 3573 hensibiliter
2280 3514 2338 3568 in
2389 3516 2678 3569 sanctitate
2724 3520 2853 3569 ante
2886 3512 3056 3568 Deum
3099 3511 3319 3568 Patrem
3362 3529 3465 3567 nu-

1887 3620 2087 3675 strum,
2117 3610 2170 3664 in
2199 3607 2438 3662 adventu
2482 3606 2695 3661 Domini
2720 3608 2897 3662 nostri
2922 3606 3051 3663 Jesu
3080 3606 3308 3671 Christi,
3339 3621 3463 3661 cum

1887 3699 2143 3754 omnibus
2167 3698 2373 3752 sanctis
2399 3697 2518 3766 ejus
2542 3696 2608 3749 ".
2641 3716 2662 3749 ι
2702 3696 2816 3752 Hoc
2841 3705 3021 3752 autem
3049 3696 3168 3752 loco
3201 3696 3463 3753 Dominus

1887 3793 1999 3855 ille,
2031 3791 2125 3861 qui
2150 3791 2452 3846 exuberare
2486 3790 2616 3844 facit
2649 3797 2707 3845 et
2733 3791 3015 3845 abundare
3048 3790 3370 3845 charitatem
3406 3789 3462 3844 in

1887 3884 2143 3947 invicem,
2169 3891 2224 3937 et
2250 3883 2344 3952 qui
2374 3882 2663 3936 confirmat
2688 3881 2856 3935 corda
2882 3881 2938 3934 in
2966 3880 3257 3936 sanctitate
3276 3895 3463 3934 coram

1887 3977 1999 4031 Deo
2022 3978 2078 4031 in
2112 3977 2348 4032 adventu
2382 3975 2592 4029 Domini
2628 3976 2802 4030 nostri
2823 3973 2950 4029 Jesu
2970 3973 3195 4038 Christi,
3223 3973 3462 4043 Spiritus

1885 4076 1991 4126 est.
2021 4067 2158 4124 Tres
2197 4068 2365 4138 igitur
2408 4066 2814 4122 dominationes
2842 4067 2897 4120 in
2932 4080 3094 4119 unam
3132 4064 3461 4121 dominatio-
3497 4052 3505 4058 ’

1887 4175 2009 4215 nem
2045 4160 2398 4222 contrahens,
2451 4159 2505 4213 id
2534 4158 2848 4221 confirmat,
2890 4157 2958 4211 ad
3009 4156 3274 4221 Ephesios
3322 4155 3462 4211 scri-

1884 4251 2065 4307 bens:
2102 4270 2122 4303 ι
2160 4249 2315 4306 Unus
2368 4249 2654 4313 Dominus,
2702 4265 2809 4304 una
2867 4249 3021 4311 fides,
3069 4264 3239 4303 unum
3288 4249 3464 4319 bapti-

1886 4359 2003 4400 sma
2018 4345 2085 4398 ⁸⁴¹.
2120 4364 2139 4396 ι
2168 4343 2262 4400 ille
2288 4345 2405 4415 ipse
2432 4359 2652 4399 rursum
2685 4342 2925 4412 Spiritus
2956 4343 3165 4413 liquido
3194 4342 3462 4398 Dominus

1885 4437 2190 4506 appellatur
2222 4439 2278 4491 in
2324 4437 2465 4491 libro
2492 4435 2771 4501 Judicum,
2813 4437 2903 4490 ubi
2938 4437 3007 4492 de
3029 4437 3191 4492 rebus
3223 4453 3252 4489 a
3299 4433 3460 4489 Sam-

1820 4562 1863 4617 Β
1888 4543 2021 4584 sone
2053 4527 2267 4583 fortiter
2293 4529 2483 4599 gestis,
2520 4529 2635 4584 haec
2681 4529 2757 4583 ait
2789 4528 3072 4599 Scriptura
3099 4547 3112 4582 :
3148 4547 3167 4582 ‹
3201 4528 3267 4581 Ει
3298 4526 3465 4597 Spiri-

1894 4627 1986 4676 tus
2021 4619 2233 4675 Domini
2262 4621 2412 4677 venit
2459 4622 2517 4675 in
2547 4620 2892 4687 Samsonem,
2919 4632 2973 4676 et
3005 4622 3218 4691 accepit
3246 4618 3462 4676 mandi-

1897 4712 2082 4767 bulam
2133 4712 2296 4776 asini,
2325 4720 2380 4768 et
2424 4712 2698 4769 interfecit
2746 4713 2896 4768 mille
2911 4713 2978 4767 ⁸⁸.
3010 4732 3031 4767 ι
3063 4712 3458 4783 Rursumque:

1900 4822 1921 4856 ι
1940 4803 2102 4859 Venit
2126 4804 2367 4876 Spiritus
2388 4804 2605 4860 Domini
2632 4807 2688 4860 in
2718 4804 3068 4869 Samsonem,
3092 4814 3147 4860 et
3163 4805 3461 4875 discerpsit

1891 4895 2124 4963 leonem,
2154 4898 2313 4968 quasi
2362 4898 2658 4955 haedum".
2689 4918 2709 4952 ι
2737 4899 2917 4968 Atque
2954 4899 3151 4954 iterum
3186 4913 3200 4952 :
3238 4917 3258 4950 ‹
3297 4897 3462 4953 Venit

1891 4986 2132 5059 Spiritus
2165 4989 2379 5045 Domini
2410 4991 2464 5045 in
2509 4990 2856 5057 Samsonem,
2892 4998 2945 5047 et
2982 4992 3204 5047 sustulit
3244 4997 3459 5060 portam

1885 5078 2065 5146 Gazae,
2098 5087 2153 5137 et
2184 5082 2482 5152 asportavit
2513 5084 2571 5138 in
2594 5082 2917 5139 montem“.
2949 5101 2969 5136 ι
3006 5081 3073 5137 Et
3105 5083 3308 5154 ubique
3340 5097 3463 5152 pro-

265 5230 735 5305 "S’SﬂLJILGL‘
780 5232 828 5264 ³⁸
864 5230 1012 5288 Psal.
1042 5232 1379 5305 mstiti“
1420 5230 1539 5289 Joel
1607 5248 1679 5300 ιι,
1711 5234 1782 5292 28

1893 5276 1907 5292 .
1984 5236 2028 5270 ³³
2070 5238 2228 5295 Rom.
2268 5255 2326 5305 ι,
2362 5239 2448 5293 14.
2526 5240 2572 5273 ³³
2610 5236 2656 5294 11
2689 5238 2817 5296 Cor.
2854 5256 2940 5303 Ill,
2982 5239 3069 5294 16.
3164 5237 3210 5271 ³⁸
3249 5235 3292 5291 ll
3329 5236 3456 5292 Cor.

198 5319 278 5364 ιιι.
312 5303 404 5358 18.

202 5390 311 5439 xiv,
348 5373 406 5429 6.
483 5372 533 5404 “
558 5369 738 5428 Judie.
772 5389 888 5437 va,
924 5374 976 5428 '5.

266 5529 383 5599 (18)
417 5530 647 5601 Κύριον,
693 5527 846 5585 deest
882 5529 941 5585 in
970 5529 1294 5601 Anglicano,
1333 5545 1436 5588 nec
1484 5543 1520 5584 a
1563 5527 1776 5586 Nannio

306 5617 357 5652 Ill
526 5643 539 5655 .

201 5601 394 5791 ιῇιιξιῗ
421 5610 767 5735 ἕζέἰιίθηείε,
814 5670 1155 5725 κατευθῦνει.
1207 5670 1527 5737 Vaticanus,
1573 5688 1771 5725 κατευ-

234 5760 364 5791 τινε..

419 5811 587 5867 Basil.
625 5810 932 5885 πλεονάσαι.
966 5812 1124 5885 Augl.
1156 5819 1210 5869 et
1240 5810 1516 5880 Vatican.,
1547 5811 1775 5869 πλεονά-

211 5895 284 5932 σει
306 5884 398 5935 καί
423 5881 816 5955 περισσεύσει..

512 5300 871 5389 ξεπιινᾟιοεε.
906 5318 964 5389 l-l'l
986 5342 1001 5368 ,
1036 5304 1090 5360 5.
1168 5301 1245 5356 ³⁸1
1278 5301 1473 5359 Thess.
1509 5319 1600 5369 ιιι,
1637 5305 1725 5371 12,

1923 5307 1969 5341 ³⁷
1998 5300 2389 5380 Ερὶιοεδνίῦ.
2462 5309 2509 5342 ³⁸
2544 5309 2728 5366 Judic.
2760 5328 2851 5376 xv,
2887 5300 2988 5375 ll,
3024 5310 3112 5367 15.
3189 5309 3233 5344 ³⁸
3272 5305 3456 5363 Judic.
3559 5366 3569 5374 _

1954 5532 2066 5605 (21)
2106 5533 2165 5588 In
2203 5533 2415 5603 Anglic.
2452 5542 2594 5605 post,
2632 5532 2781 5605 μετα-
2811 5531 3048 5605 πάντων,
3091 5532 3291 5589 desunt
3328 5544 3452 5601 qua:

1882 5600 2190 5676 sequuntur
2219 5600 2393 5674 usque
2429 5600 2495 5657 ad
2536 5600 2709 5676 Ἰησοῦ
2742 5600 2998 5676 Χριστοῦ.

1970 5675 2061 5737 2‘2)
2101 5676 2455 5746 Anglicanus,
2479 5674 2748 5746 ἀριστίας.

1952 5741 2064 5817 (95)
2106 5741 2211 5800 llic
2242 5741 2539 5817 Scriptura:
2565 5746 2720 5803 locus
2750 5759 2861 5801 non
2893 5741 2962 5799 ad
2990 5742 3242 5811 verbum,
3270 5745 3368 5807 sed
3388 5744 3459 5803 ad

1881 5814 2207 5875 sententiam
2239 5814 2481 5872 affertur.
