3890 6186
390 344 462 400 55
888 348 895 355 ’
1553 344 1612 403 S.
1650 344 2115 401 ATHANASIUS.
2156 378 2224 387 —
2252 344 2489 401 'DUBIA.
3572 345 3644 401 '56

391 459 638 533 greditur
688 459 926 531 Spiritus
962 458 1195 514 Domini.
1230 458 1336 514 Ubi
1380 467 1560 515 autem
1594 461 1827 515 abrasus
1858 466 1962 521 est,

2079 460 2178 511 Kal
2207 460 2381 530 πάντη
2412 458 2768 531 ἐκπορεύεται
2792 458 2853 511 τὸ
2884 458 3109 531 Πνεῦμα
3139 460 3365 531 Κυρίου.
3420 461 3556 513 Ὅτε
3578 461 3645 514 δὲ

395 563 684 627 postquam
710 555 967 626 mysteria
1005 554 1096 611 Dei
1134 555 1322 610 Dalilae
1352 555 1682 625 aperuisset,
1713 557 1787 609 ait
1820 554 1971 608 Scri—

395 656 553 717 ptura
583 665 596 701 :
646 665 664 697 ι
696 645 761 699 Et
795 646 1025 701 recessit
1056 661 1085 699 a
1134 644 1402 701 Samsone
1430 645 1696 700 Dominus
1717 648 1781 701 “.
1817 664 1836 698 ι
1866 645 1969 699 De-

394 744 761 791 monstratum
809 736 995 806 itaque
1019 735 1131 805 jam
1174 745 1279 803 est,
1327 735 1590 807 Spiritum
1629 752 1752 791 esse
1788 736 1970 789 Domi-

392 845 526 886 num
559 849 572 885 :
600 828 747 900 quod
789 829 833 883 si
858 828 1143 895 Dominus,
1175 830 1335 898 plane
1380 828 1524 884 Deus
1553 835 1637 884 est
1664 844 1677 880 :
1716 848 1734 879 ι
1767 828 1971 883 Scitote

393 921 560 986 enim,
592 919 790 989 inquit,
837 920 1094 988 quoniam
1138 918 1405 976 Dominus
1434 920 1549 991 ipse
1587 929 1670 975 est
1702 918 1845 975 Deus
1866 919 1964 972 δ’.»

394 1006 495 1062 Et:
533 1026 550 1057 ι
568 1006 801 1073 Quando
826 1007 1237 1062 azdilicaverunt
1256 1008 1351 1063 filii
1369 1008 1483 1063 Gad
1500 1010 1671 1064 altare
1687 1008 1754 1063 ad
1781 1007 1973 1063 Jorda-

393 1114 542 1163 nem,
577 1107 632 1153 et
656 1099 926 1155 miserunt
944 1100 1038 1154 lilii
1063 1099 1230 1155 Israel
1249 1101 1315 1155 ad
1340 1116 1456 1165 eos,
1479 1100 1724 1157 dicentes
1749 1122 1759 1155 :
1791 1101 1972 1167 Quare

393 1192 529 1246 estis
578 1192 1028 1261 praevaricatores
1088 1192 1184 1247 Dei
1225 1188 1386 1248 facti?
1428 1195 1829 1264 responderunt
1869 1210 1970 1265 pro

392 1285 746 1339 excusatione
777 1284 872 1339 ﬁlii
924 1283 1117 1339 Ruben
1166 1284 1401 1339 tribunis
1447 1282 1634 1350 Israel,
1670 1286 1917 1342 dicentes
1954 1304 1966 1339 :

394 1374 538 1431 Deus
575 1374 716 1431 Deus
749 1384 834 1430 est
874 1374 1159 1439 Dominus,
1188 1383 1242 1431 et
1274 1374 1419 1430 Deus
1447 1374 1711 1433 Dominus
1739 1377 1855 1447 ipse
1880 1393 1971 1431 no-

391 1470 470 1523 vit
485 1468 551 1533 “,
587 1476 731 1524 sete.
757 1468 899 1523 Alibi
933 1483 1153 1524 rursum
1182 1466 1387 1524 Paulus
1414 1489 1426 1523 :
1454 1488 1473 1521 ι
1495 1468 1660 1533 Deus,
1682 1469 1775 1539 qui
1809 1468 1966 1534 dixit,

392 1564 453 1610 ut
478 1573 546 1613 ex
585 1558 826 1613 tenebris
844 1559 935 1612 lux
973 1559 1342 1623 illucesceret,
1380 1560 1474 1630 qui
1502 1560 1682 1615 illuxit
1710 1560 1765 1614 in
1790 1560 1970 1615 cordi-

393 1649 497 1705 bus
524 1651 749 1715 nostris,
792 1651 860 1705 ad
900 1652 1354 1707 illuminationem
1408 1653 1736 1723 cognitionis
1780 1654 1970 1724 gloria:

395 1737 513 1805 Dei,
544 1741 597 1795 in
631 1740 770 1797 facie
795 1742 1080 1797 Christi“.
1113 1761 1132 1794 ι
1170 1741 1316 1798 Deus
1361 1742 1549 1813 igitur,
1584 1743 1677 1814 qui
1707 1743 1868 1810 dixit,
1911 1753 1971 1798 ut

394 1831 488 1886 lux
519 1832 575 1885 in
600 1831 841 1888 tenebris
869 1832 1231 1897 illucesceret,
1266 1809 1504 1904 Spiritus
1526 1809 1629 1888 est.
1659 1835 1737 1888 Ac
1772 1809 1970 1889 iterum
2001 1809 2043 1865 Β

393 1923 550 1995 ipse:
582 1943 601 1976 ι
635 1923 779 1979 Deus
828 1932 1011 1978 autem
1060 1924 1338 1994 patientia:
1383 1932 1437 1979 et
1465 1924 1647 1979 solatii
1676 1925 1781 1995 ,det
1814 1926 1971 1983 vobis

392 2014 628 2084 idipsum
658 2029 849 2084 sapere
868 2013 1167 2071 secundum
1193 2013 1379 2071 Jesum
1399 2015 1678 2071 Christum
1703 2034 1716 2082 ;
1749 2026 1809 2071 ut
1832 2033 1970 2071 una-

393 2109 572 2163 nimes
608 2123 719 2162 uno
752 2124 868 2173 ore,
900 2108 1273 2177 gloriﬁeemus
1304 2107 1496 2173 Deum,
1532 2118 1586 2164 et
1610 2109 1825 2166 Patrem
1863 2110 1974 2165 Do-

395 2201 527 2254 mini
551 2200 723 2256 nostri
753 2198 883 2255 Jesu
912 2200 1121 2256 Christi
1136 2200 1380 2267 “.iQuis
1406 2203 1570 2272 igitur
1599 2210 1682 2258 est
1709 2202 1850 2258 Deus
1877 2220 1973 2273 pa-

394 2290 599 2345 tientia:
621 2300 677 2345 et
705 2290 909 2353 solatii,
936 2290 1031 2360 qui
1066 2290 1160 2357 dat
1190 2291 1353 2347 nobis
1387 2291 1625 2361 idipsum
1657 2293 1864 2348 sentire
1886 2310 1973 2348 se-

394 2383 641 2437 cundum
683 2382 966 2438 Christum
995 2381 1203 2447 Jesum,
1239 2392 1298 2438 ut
1347 2386 1681 2441 unanimiter
1703 2385 1969 2457 glorifice-

397 2490 522 2529 mus
552 2473 747 2538 Deum,
781 2488 843 2527 ac
871 2472 1089 2528 Patrem
1118 2474 1334 2530 Domini
1364 2477 1539 2531 nostri
1573 2476 1701 2533 .Iesu
1730 2478 1976 2533 Christi?

398 2581 625 2636 prorsus
649 2567 740 2620 ille
776 2574 860 2622 est
903 2564 1140 2637 Spiritus
1176 2575 1425 2624 sanctus.
1458 2568 1525 2621 Et
1560 2585 1779 2624 rursum
1809 2613 1820 2624 .
1857 2590 1875 2622 ι
1916 2569 1974 2624 Si

398 2669 580 2713 autem
610 2675 801 2714 omnes
829 2660 1178 2730 prophetent,
1214 2661 1383 2716 intret
1418 2671 1598 2717 autem
1626 2663 1751 2733 quis
1779 2663 1975 2719 inlide-

397 2750 488 2813 lis,
522 2751 606 2806 vel
647 2752 839 2817 idiota,
873 2753 1227 2825 redarguitur
1261 2756 1331 2809 ab
1361 2755 1617 2811 omnibus
1645 2772 1658 2807 :
1683 2764 1737 2811 et
1782 2758 1856 2811 ita
1883 2772 1977 2811 oc-

396 2845 546 2899 culta
585 2845 769 2900 cordis
811 2846 960 2901 illius
1008 2846 1301 2903 manifesta
1339 2847 1515 2902 ﬁunt:
1558 2857 1612 2902 et
1661 2850 1735 2903 ita
1773 2850 1975 2906 cadens

401 2936 455 2989 in
489 2935 685 2992 faciem
726 2937 979 2993 adorabit
1010 2938 1204 3003 Deum,
1242 2940 1633 3009 pronuntians,
1674 2941 1820 3011 quod
1849 2958 1976 2997 vere

397 3028 541 3085 Deus
589 3030 645 3084 in
690 3031 849 3086 vobis
880 3030 1030 3085 sit“.
1060 3050 1078 3082 ι
1116 3030 1287 3087 Deum
1338 3048 1471 3103 ergo
1508 3033 1670 3099 dixit,
1711 3032 1976 3103 Spiritum

2069 550 2326 622 ἐξυρήθη,
2356 551 2422 605 τὰ
2455 553 2731 625 μυστήρια
2759 553 2850 608 τοῦ
2876 552 3007 606 Θεοῦ
3032 554 3307 622 ἀναφάνας
3336 554 3400 623 τῇ
3425 552 3642 623 Δαλιδᾷ,

2069 642 2233 711 λέγει·
2264 643 2402 696 «Καὶ
2422 644 2632 717 ἀπέστη
2659 645 2769 699 ἀπὸ
2785 644 3022 715 Σαμψὼν
3047 646 3075 697 6
3093 644 3314 715 Κύριος.
3329 664 3347 695 ι
3367 644 3529 697 Ὥστε
3549 640 3646 698 οὖν

2070 735 2477 806 πεφανέρωται,
2511 737 2592 789 ὅτι
2623 736 2683 789 τὸ
2714 735 2939 807 Πνεῦμα
2967 736 3195 807 Κύριος·
3230 738 3278 789 εί
3317 735 3376 788 δὲ
3416 734 3643 805 Κύριος,

2071 828 2345 897 πανταχοῦ
2368 827 2481 900 (24)
2519 829 2615 882 καὶ
2658 828 2792 891 Θεός
2810 844 2827 861 ·
2863 850 2879 879 ι
2901 827 3077 881 Γνῶτε
3098 827 3227 900 γὰρ,
3252 847 3271 879 ι
3302 828 3485 897 φησὶν,
3519 846 3538 878 ι
3561 828 3647 880 δτι

2069 920 2273 991 Κύριος
2299 920 2458 983 αὐτός
2487 922 2632 973 ἐστιν
2657 923 2685 973 6
2710 920 2862 984 Θεός.
2890 940 2907 971 ι
2936 921 3065 983 Kal,
3096 940 3112 970 ι
3139 920 3265 972 Ὅτε
3290 918 3648 991 ᾠκοδόμησαν

2069 1010 2116 1061 οἱ
2148 1009 2253 1061 υἱοὶ
2286 1008 2390 1061 Γὰδ
2413 1008 2794 1081 θυσιαστήριον
2826 1010 2918 1062 ἐπὶ
2970 1009 3062 1063 τοῦ
3099 1009 3383 1080 Ἰορδάνου,
3416 1011 3511 1062 καὶ
3533 1011 3646 1063 άπ-

2070 1100 2316 1153 έστειλαν
2338 1102 2387 1154 οἱ
2422 1102 2526 1153 υἱοὶ
2569 1102 2783 1173 Ἰσραὴλ
2814 1102 2949 1173 πρὸς
2980 1101 3175 1164 αὐτοὺς
3196 1142 3210 1165 ,
3242 1100 3519 1170 λέγοντες·
3545 1100 3649 1155 Διά

2068 1192 2122 1245 τί
2147 1194 2449 1247 ἀποστάται
2472 1194 2729 1262 γεγόνατε
2756 1192 2848 1246 τοῦ
2879 1192 3035 1260 Θεοῦ;
3058 1191 3433 1263 ἀπεκρίθησαν
3452 1192 3649 1246 ἀπολο-

2069 1284 2166 1354 γού
2175 1304 2323 1357 μενοι
2340 1287 2445 1340 υἱοὶ
2472 1285 2695 1358 Ῥουόὶμ
2722 1284 2832 1357 (25)
2854 1289 2962 1350 τοῖς
2982 1286 3278 1358 χιλιάρχοις
3302 1284 3534 1356 Ἰσραὴλ,
3559 1283 3650 1336 λέ-

2069 1394 2256 1446 γοντες
2275 1396 2287 1407 ·
2324 1378 2380 1430 '0
2397 1378 2526 1441 Θεὸς
2554 1379 2582 1430 6
2598 1377 2729 1440 Θεός
2760 1379 2875 1429 ἐστι
2911 1376 3112 1447 Κύριος
3133 1393 3145 1404 ·
3169 1375 3263 1428 καὶ
3291 1375 3421 1437 Θεὸς
3443 1373 3649 1444 Κύριος

2071 1470 2233 1533 αὐτὸς
2258 1466 2388 1529 οἶδε,
2415 1488 2433 1519 ι
2469 1469 2564 1522 καὶ
2585 1468 2655 1521 τὰ
2680 1469 2824 1539 ἑξῆς.
2867 1467 2978 1520 Kal
3003 1466 3237 1537 ἀλλαχοῦ
3268 1466 3427 1519 πάλιν
3452 1468 3480 1518 6
3501 1464 3650 1518 Παῦ-

2069 1559 2183 1623 λος·
2228 1578 2246 1610 ι
2270 1560 2326 1611 '0
2346 1558 2479 1623 Θεὸς
2497 1599 2511 1621 ,
2529 1559 2557 1610 6
2581 1557 2749 1612 εἰπὼν
2772 1598 2785 1623 ,
2822 1560 2886 1611 ὲκ
2918 1559 3139 1621 σκότους
3170 1557 3283 1626 φῶς
3316 1555 3551 1626 λάμψαι,
3586 1555 3649 1619 ὃς

2069 1651 2307 1722 ἔλαμψεν
2344 1652 2403 1705 ἐν
2429 1654 2548 1715 ταῖς
2574 1651 2821 1723 καρδίαις
2848 1650 3033 1722 ήμῶν,
3066 1651 3205 1722 πρὸς
3247 1648 3521 1719 φωτισμὸν
3544 1648 3649 1720 τῆς

2070 1742 2321 1812 γνώσεως
2347 1745 2445 1814 τῆς
2465 1744 2622 1815 δόξης
2641 1742 2734 1797 τοῦ
2760 1742 2893 1797 Θεοῦ
2913 1788 2926 1810 ,
2961 1745 3019 1795 ἐν
3043 1741 3316 1816 προσώπῳ
3338 1740 3593 1813 Χριστοῦ.
3621 1759 3642 1792 ι

2085 1836 2143 1888 Ὀ
2175 1831 2266 1889 οῦν
2299 1836 2460 1901 Θεὸς,
2491 1839 2520 1890 6
2552 1835 2750 1904 εἰπὼν,
2783 1839 2847 1889 ἐκ
2892 1836 3114 1901 σκότους
3160 1835 3274 1904 φῶς
3308 1834 3553 1905 λάμψαι,
3584 1833 3649 1887 τὸ

2073 1927 2298 1999 Πνεῦμά
2328 1932 2463 1981 ἐστι.
2520 1930 2630 1982 Kal
2662 1928 2821 1983 πάλιν
2846 1931 2876 1982 6
2910 1929 3102 1993 αὐτός·
3145 1946 3164 1980 ι
3204 1929 3262 1981 Ὁ
3291 1928 3347 1980 δέ
3376 1928 3504 1991 Θεὸς
3544 1929 3649 1999 τῆς

2075 2020 2351 2091 ὑπομονῆς
2371 2021 2459 2074 καὶ
2480 2021 2579 2091 τῆς
2597 2019 2990 2091 παρακλήσεως
3006 2019 3114 2091 δῴη
3142 2019 3270 2089 ὑμῖν
3293 2018 3351 2071 τὸ
3369 2018 3497 2070 αὐτὸ
3514 2034 3648 2087 φρο-

2073 2114 2181 2166 νεῖν
2221 2112 2359 2165 κατά
2401 2112 2636 2181 Χριστὸν
2676 2111 2913 2183 Ἰησοῦνο
2967 2112 3055 2164 ἵνα
3093 2109 3435 2181 ὁμοθυμαδὸν
3465 2110 3522 2161 ἐν
3565 2110 3650 2161 ἐνὶ

2076 2204 2300 2275 στόματι
2324 2204 2431 2275 (9.6)
2454 2204 2761 2275 δοξάζωμεν
2789 2204 2877 2257 τὸν
2899 2204 3051 2266 Θεὸν,
3070 2204 3164 2256 καὶ
3185 2201 3405 2273 Πατέρα
3423 2200 3515 2255 τοῦ
3537 2202 3652 2253 Κυ-

2078 2296 2190 2366 ρίου
2233 2295 2389 2367 ἡμῶν
2429 2294 2602 2366 Ἰησοῦ
2650 2294 2907 2366 Χριστοῦ.
2934 2314 2952 2346 ι
3013 2295 3108 2358 Τίς
3149 2288 3241 2347 οῦν
3274 2296 3418 2347 ἐστιν
3456 2295 3485 2346 6
3516 2291 3651 2356 Θεὸς

2073 2388 2172 2455 τῆς
2204 2388 2479 2459 ὑπομονῆς
2524 2388 2617 2441 καὶ
2647 2387 2747 2457 τῆς
2779 2388 3179 2459 παρακλήσεως
3198 2426 3212 2451 ,
3255 2388 3283 2438 6
3312 2386 3486 2449 διδοὺς
3516 2385 3650 2455 ἡμῖν

2074 2479 2135 2531 τὸ
2161 2479 2290 2532 αὐτὸ
2320 2480 2535 2550 φρονεῖν
2564 2478 2703 2532 κατὰ
2728 2477 2961 2548 Χριστὸν
3001 2477 3229 2549 Ἰησοῦν,
3254 2477 3341 2532 ἵνα
3366 2476 3651 2548 ὁμοθυμα-

2072 2571 2161 2626 δὸν
2179 2572 2486 2642 δοξάζωμεν
2510 2573 2599 2625 τὸν
2620 2571 2772 2637 Θεὸν,
2797 2574 2892 2625 καὶ
2908 2571 3128 2643 Πατέρα
3147 2570 3239 2625 τοῦ
3264 2570 3470 2642 Κυρίου
3494 2568 3651 2640 ἡμῶν

2087 2661 2261 2732 Ἰησοῦ
2287 2661 2552 2732 Χριστοῦ;
2575 2664 2791 2726 πάντως
2816 2662 2875 2715 τὸ
2896 2662 3121 2732 Πνεῦμα
3140 2661 3202 2714 τὸ
3221 2661 3392 2730 ἅγιον.
3416 2660 3527 2714 Kal
3548 2660 3655 2713 πά-

2075 2752 2157 2807 λιν
2177 2772 2191 2785 ·
2225 2773 2244 2804 ι
2284 2754 2407 2807 Ἐάν
2438 2754 2495 2807 δέ
2521 2754 2720 2817 πάντες
2751 2753 3199 2824 προφητεύωσιν,
3233 2749 3447 2822 εἰσέλθῃ
3473 2750 3532 2803 δέ
3564 2765 3651 2814 τις

2077 2846 2321 2910 ἄπιστος,
2345 2848 2378 2919 ἢ
2408 2846 2640 2918 ίδιὼτης,
2664 2848 2945 2917 ἐλέγχεται
2967 2846 3071 2899 ὑπὸ
3096 2847 3309 2898 πάντων
3326 2862 3338 2874 ·
3364 2845 3457 2898 καὶ
3478 2842 3653 2907 οὕτως

2075 2939 2145 2992 τά
2180 2942 2396 3011 κρυπτά
2434 2941 2531 3012 τῆς
2575 2940 2804 3012 καρδίας
2842 2938 3007 2991 αὑτοῦ
3039 2939 3246 3011 φανερά
3276 2939 3485 3007 γίνεται
3506 2954 3520 2968 ο
3555 2936 3655 2990 καὶ

2076 3030 2250 3095 οὕτως
2274 3071 2288 3096 ,
2324 3030 2504 3085 πεσὼν
2534 3032 2626 3085 ἐπὶ
2656 3031 2942 3103 πρόσωπον
2960 3072 2975 3097 ,
3011 3032 3375 3103 προσκυνήσει
3408 3030 3485 3099 τῷ
3511 3028 3653 3103 Θεῷ,

398 3128 675 3182 sanctum,
712 3122 1021 3191 loquentem
1052 3126 1107 3175 in
1136 3122 1263 3179 illis.
1288 3123 1365 3176 Ac
1392 3124 1587 3178 iterum
1617 3141 1629 3175 :
1661 3143 1679 3175 ι
1713 3123 1970 3189 Nescitis,

2080 3123 2456 3192 ἀπαγγέλλων,
2480 3124 2561 3176 ὅτι
2592 3124 2760 3187 ὅντως
2788 3125 2816 3176 6
2840 3122 2970 3186 Θεὸς
2987 3125 3044 3176 ἐν
3061 3124 3188 3193 ὑμῖν
3212 3124 3346 3176 ἐστι.
3361 3141 3379 3173 ι
3403 3122 3533 3175 Θεὸν
3557 3118 3653 3175 οὖν

398 3212 527 3282 quia
561 3214 823 3284 templum
864 3212 959 3269 Dei
1003 3215 1161 3277 estis,
1187 3225 1241 3270 et
1273 3213 1514 3286 Spiritus
1555 3216 1648 3271 Dei
1679 3218 1891 3273 habitat
1918 3221 1975 3274 in

399 3302 556 3358 vobis
573 3302 652 3355 ‘7?
683 3322 702 3353 ι
735 3302 946 3369 Quibus
985 3305 1166 3360 verbis
1197 3306 1497 3361 declaravit
1535 3324 1637 3364 nos
1670 3325 1791 3364 esse
1834 3321 1974 3366 tem-

402 3392 552 3464 plum
589 3392 715 3460 Dei;
750 3395 841 3449 ubi
874 3411 1003 3451 vero
1040 3405 1125 3452 est
1156 3399 1438 3468 templum,
1465 3401 1541 3454 ibi
1573 3410 1627 3454 et
1644 3399 1809 3463 Deus,
1844 3403 1974 3457 etin

403 3499 471 3541 eo
509 3484 749 3555 Spiritus
791 3485 1022 3553 habitat,
1066 3495 1125 3542 ut
1153 3488 1206 3541 in
1250 3503 1351 3543 suo
1384 3490 1626 3559 templo;
1674 3491 1750 3544 ait
1783 3493 1971 3546 enim:

409 3593 430 3627 ι
464 3575 545 3630 An
575 3577 825 3642 nescitis,
869 3579 1013 3649 quod
1050 3594 1279 3650 corpora
1327 3590 1510 3636 vestra
1566 3582 1823 3652 templum
1866 3586 1977 3639 sint

404 3665 645 3737 Spiritus
689 3669 888 3735 sancti,
933 3686 1095 3739 quem
1144 3671 1358 3726 habetis
1399 3687 1430 3726 a
1479 3671 1620 3727 Deo?
1662 3674 1977 3731 Gloriﬁcate

399 3760 570 3830 igitur
611 3758 783 3816 Deum
813 3761 1150 3817 habitantem
1179 3764 1236 3817 in
1276 3765 1515 3820 vobis”.
1547 3784 1566 3817 ι
1606 3766 1760 3832 Quod
1793 3768 1839 3823 si
1867 3784 1975 3822 non

401 3849 675 3920 glorillcas
698 3850 1035 3905 habitantem
1058 3852 1113 3906 in
1135 3859 1189 3907 te
1204 3859 1264 3906 ut
1289 3851 1479 3917 Deum,
1505 3852 1683 3909 factus
1702 3870 1760 3910 es
1790 3853 1975 3909 fanum

405 3941 708 4007 idolorum;
734 3941 809 3996 ait
836 3942 981 3996 enim
1012 3961 1025 3996 :
1066 3959 1085 3994 ι
1128 3942 1383 4010 Nescitis,
1416 3944 1545 4014 quia
1578 3947 1841 4014 templum
1881 3943 1975 4000 Dei

402 4029 456 4101 5
489 4031 645 4094 estis,
702 4041 755 4086 et
815 4029 1051 4101 Spiritus
1084 4030 1179 4087 Dei
1231 4033 1439 4089 habitat
1471 4034 1526 4088 in
1572 4035 1727 4091 vobis
1768 4036 1860 4089 "?
1909 4035 1977 4089 Et

405 4121 533 4177 alibi
562 4123 637 4175 ait
671 4139 686 4177 :
716 4140 735 4173 ι
766 4120 957 4189 Hodie,
984 4124 1031 4178 si
1060 4137 1249 4178 vocem
1275 4126 1395 4194 ejus
1429 4125 1714 4183 audieritis
1738 4167 1753 4193 ,
1778 4144 1845 4183 ne
1880 4129 1979 4184 ob-

404 4210 617 4267 duretis
642 4213 810 4268 corda
838 4222 1042 4277 vestra,
1071 4215 1215 4270 sicut
1248 4214 1302 4270 in
1324 4218 1740 4274 exacerbatione
1780 4236 1980 4277 secun-

405 4305 536 4359 dum
582 4306 727 4361 diem
759 4308 1076 4363 tentationis
1114 4308 1171 4362 in
1217 4308 1455 4376 deserto,
1493 4311 1585 4365 ubi
1633 4320 1979 4368 tentaverunt

406 4414 493 4452 me
543 4410 726 4467 patres
757 4400 949 4464 vestri,
1009 4401 1381 4471 probaverunt
1439 4418 1548 4466 me,
1604 4411 1660 4459 et
1726 4406 1979 4460 viderunt

2082 3211 2200 3268 εἷπε
2228 3217 2289 3268 τὸ
2320 3214 2542 3285 Πνεῦμα
2566 3214 2626 3267 τὸ
2655 3215 2838 3282 ἅγιον,
2870 3213 2930 3266 τὸ
2960 3212 3151 3266 λαλοῦν
3196 3215 3253 3265 ἐν
3299 3213 3501 3275 αὐτοῖς.
3543 3211 3657 3264 Kal

2081 3307 2241 3360 πάλιν
2261 3322 2273 3334 ·
2300 3326 2317 3358 ι
2330 3307 2443 3359 Οὐκ
2462 3306 2660 3366 οἴδατε,
2679 3306 2759 3358 ὅτι
2781 3303 2905 3367 ναὸς
2918 3304 3051 3359 Θεοῦ
3075 3307 3215 3367 ἐστε,
3239 3306 3334 3357 καὶ
3353 3304 3413 3357 τὸ
3431 3303 3657 3374 Πνεῦμα

2079 3400 2173 3453 τοῦ
2191 3399 2324 3452 Θεοῦ
2340 3401 2478 3452 οίκεῖ
2494 3402 2551 3451 ἐν
2567 3400 2692 3469 ὑμῖν
2711 3415 2756 3463 ;›
2783 3397 3021 3462 Ἔδειξεν
3058 3399 3139 3451 ὅτι
3162 3398 3285 3460 ναὸς
3301 3396 3435 3450 Θεοῦ
3454 3399 3623 3466 ἐσμεν
3639 3413 3652 3426 '

2080 3490 2212 3543 ὅπου
2236 3490 2289 3542 δὲ
2306 3489 2452 3552 ναὸς,
2472 3492 2588 3542 ἐκεῖ
2606 3488 2738 3552 Θεός
2758 3505 2771 3518 ·
2791 3489 2849 3541 τὸ
2870 3489 2926 3542 δὲ
2949 3487 3172 3559 Πνεῦμα
3190 3490 3344 3553 οἰκεῖ,
3371 3489 3447 3552 ὡς
3464 3489 3521 3541 ἐν
3540 3489 3662 3560 ἰδίῳ

2081 3580 2212 3649 ναῷ.
2231 3582 2367 3648 Φησὶ
2382 3581 2507 3651 γάρ·
2531 3581 2672 3633 (Οὐκ
2696 3580 2872 3634 οἴδατε
2888 3621 2902 3642 ,
2932 3582 3014 3633 ὃτι
3035 3581 3103 3634 τά
3119 3583 3344 3652 σώματα
3361 3584 3390 3635 ὑ
3398 3582 3513 3654 μῶν
3527 3583 3659 3648 ναὸς

2081 3672 2173 3724 τοῦ
2191 3675 2247 3725 ὲν
2276 3673 2403 3742 ὑμῖν
2428 3671 2582 3740 ἁγίου
2612 3672 2926 3742 Πνεύματός
2941 3674 3107 3738 ἐστιν,
3138 3667 3197 3726 οῦ
3227 3674 3377 3744 ἔχετε
3399 3674 3505 3728 ἀπὸ
3518 3675 3659 3727 Θεοῦ

2083 3765 2228 3834 (‘27);
2263 3765 2532 3829 Δοξάσατε
2562 3761 2651 3819 οὖν
2680 3764 2770 3819 τὸν
2793 3766 2922 3819 Θεὸν
2945 3769 3255 3822 ἐνοικοῦντα
3280 3771 3336 3822 ἐν
3368 3771 3515 3840 ὑμῖν.
3540 3789 3560 3821 ι
3591 3771 3660 3824 Et

2081 3855 2138 3908 δέ
2149 3856 2207 3908 οὐ
2224 3855 2462 3920 δοξάζεις
2476 3856 2566 3909 τὸν
2583 3856 2891 3910 ἐνοικοῦντα
2907 3860 2963 3910 ἐν
2979 3859 3060 3911 σοὶ
3076 3859 3151 3923 ὡς
3162 3860 3315 3921 Θεὸν,
3331 3861 3514 3929 ἐγένου
3529 3862 3665 3926 ναὸς

2083 3947 2336 4002 εἰδώλων.
2354 3948 2515 4017 Λέγει
2530 3950 2637 4019 γάρ
2656 3966 2669 3980 ·
2708 3968 2725 4000 ι
2762 3951 2875 4003 Οὐκ
2892 3950 3089 4015 οἴδατε,
3107 3952 3186 4005 ὅτι
3207 3952 3334 4015 ναὸς
3358 3953 3492 4007 Θεοῦ
3508 3957 3655 4018 ἐστε,

2084 4039 2257 4092 καὶτὸ
2284 4040 2506 4110 Πνεῦμα
2527 4040 2620 4093 τοῦ
2647 4041 2780 4093 Θεοῦ
2808 4043 2945 4094 οἰκεῖ
2969 4044 3026 4095 ἐν
3058 4044 3217 4113 ὑμῖν;
3247 4063 3266 4095 ι
3294 4045 3403 4098 Kal
3424 4044 3664 4116 ἀλλαχοῦ

2084 4129 2257 4198 λέγει·
2294 4150 2311 4182 ι
2341 4132 2580 4203 Σήμερον
2606 4131 2700 4185 ἐὰν
2721 4130 2819 4200 τῆς
2842 4132 3026 4201 φωνῆς
3056 4134 3220 4186 αὐτοῦ
3254 4135 3540 4206 ἀκούσητε,
3579 4137 3658 4209 μὴ

2085 4221 2421 4293 σκληρύνητε
2461 4221 2557 4285 τὰς
2606 4222 2830 4294 καρδίας
2873 4223 3046 4294 ὑμῶν,
3088 4226 3162 4288 ὼς
3195 4227 3254 4278 ὲν
3299 4226 3377 4297 τῷ
3414 4245 3662 4300 παραπι-

2086 4311 2338 4382 κρασμῷ,
2392 4310 2534 4364 κατά
2573 4311 2669 4383 τὴν
2718 4313 2928 4383 ἡμέραν
2968 4314 3074 4366 -τοῦ
3128 4316 3432 4387 πειρασμοῦ
3485 4320 3541 4371 ἐν
3589 4322 3660 4390 τῇ

2086 4404 2295 4474 ἐρήμῳ,
2325 4397 2386 4456 οὗ
2408 4402 2704 4473 ἐπείρασάν
2738 4419 2804 4472 με
2835 4404 2883 4455 οἱ
2917 4404 3149 4475 πατέρες
3183 4407 3367 4477 ὑμῶν’
3403 4408 3664 4478 ἐδοκίμα-

405 4505 573 4560 opera
600 4506 719 4545 mea
747 4492 1104 4563 quadraginta
1135 4494 1296 4548 annis
1326 4495 1446 4564 ⁸⁰.ξ›
1481 4495 1606 4551 [hec
1633 4506 1815 4551 autem
1846 4495 1970 4567 Spi-

2079 4494 2178 4548 σάν
2225 4511 2314 4564 με,
2365 4494 2458 4547 καὶ
2497 4490 2638 4547 εἶδον
2663 4494 2775 4564 (28)
2817 4494 2885 4547 τὰ
2930 4496 3065 4567 ἔργα
3108 4515 3207 4567 μου
3254 4501 3663 4570 τεσσαράκοντα

406 4580 548 4637 ritus
578 4591 804 4636 sanctus
841 4581 1088 4651 proferre
1114 4582 1335 4648 dicitur,
1368 4600 1602 4656 namque
1633 4587 1710 4640 ait
1744 4587 1981 4657 Aposto-

408 4674 496 4729 lus
524 4692 536 4727 :
569 4691 587 4724 ι
629 4672 970 4743 Quapropter
999 4675 1140 4729 sicut
1164 4675 1297 4730 dicit
1324 4677 1565 4747 Spiritus
1598 4688 1843 4744 sanctus,
1870 4679 1980 4733 Ho-

408 4766 517 4828 die,
546 4765 591 4821 si
624 4781 809 4821 vocem
831 4765 951 4835 ejus
991 4768 1278 4826 audieritis
1305 4771 1373 4835 υί,
1420 4790 1439 4822 ι
1476 4778 1583 4825 etc.
1618 4770 1761 4841 Ergo
1809 4771 1982 4841 Spiri-

408 4867 526 4913 tum
556 4868 805 4915 sanctum
837 4860 1066 4915 tentavit
1095 4860 1283 4926 Israel,
1308 4870 1362 4917 et
1384 4864 1633 4933 probavit
1661 4864 1717 4917 in
1744 4864 1981 4929 deserto,

408 4958 464 5005 et
493 4951 748 5006 viderunt
777 4966 942 5022 opera
966 4951 1108 5022 ejus,
1133 4969 1327 5024 nempe
1360 4955 1643 5010 miracula.
1669 4956 1728 5010 ln
1768 4957 1985 5027 alioque

409 5040 644 5110 psalmo,
677 5041 753 5095 ait
800 5040 890 5095 ille
926 5059 939 5095 :
971 5062 989 5093 ‹
1025 5041 1089 5095 Ει
1125 5051 1478 5098 tentaverunt
1524 5043 1694 5099 Deum
1748 5045 1800 5099 in
1863 5046 1987 5100 ina-

481 5197 525 5227 “
563 5194 743 5251 ludic.
785 5213 896 5260 xvi.
943 5198 1033 5252 20.

412 5269 457 5299 ⁸⁸
488 5266 504 5318 l
537 5267 663 5321 Cor.
696 5284 806 5331 xw,
840 5270 943 5333 24,
978 5271 1065 5325 25.

412 5338 454 5369 ⁸¹
499 5337 663 5393 llebr.
698 5354 797 5405 ιιι,
833 5339 887 5395 7.

1173 5270 1217 5301 "’
1257 5272 1275 5323 ι
1308 5268 1433 5323 Cor.
1469 5285 1575 5333 ιιιι
1601 5268 1688 5326 16.

507 5500 599 5565 24)
638 5499 822 5564 Forte,
851 5502 1086 5566 πάντως.

509 5571 601 5641 25)
644 5571 732 5626 Sic
766 5574 978 5642 Anglic.
1015 5572 1073 5626 in
1104 5574 1225 5628 aliis
1244 5580 1299 5628 et
1325 5572 1486 5628 editis
1514 5571 1668 5627 deest
1695 5571 1980 5642 articulus.

416 5641 847 5782 9:)0x,6f'1P006E§L.
865 5641 957 5699 isie
991 5660 1180 5699 omnes
1222 5643 1581 5713 manuscripti
1611 5650 1665 5697 et
1699 5641 1830 5697 editi
1865 5657 1985 5712 pro,

491 5729 549 5763 ου
630 5730 688 5782 μ.

491 5729 621 5782 ουοη
630 5730 688 5783 μ.

488 5784 601 5853 (26)
652 5784 739 5837 Ἐν
776 5784 855 5837 ἐνὶ
898 5783 1145 5842 στόματι.
1181 5792 1383 5840 desunt
1416 5784 1531 5839 haec
1573 5784 1631 5839 in
1658 5782 1982 5855 Anglicano,

1135 5200 1180 5231 "
1220 5198 1364 5269 Psal.
1403 5212 1560 5261 xcrx,
1598 5200 1657 5269 3.
1742 5201 1787 5233 "
1826 5200 1974 5256 Josm

2079 5219 2179 5269 Im,
2221 5203 2410 5261 l0-22.
2500 5204 2546 5237 “
2585 5204 2627 5257 ll
2660 5206 2788 5260 Cor.
2822 5221 2908 5265 Iv.
2941 5206 2996 5259 6.

1796 5272 1843 5304 "
1882 5272 2058 5328 lCor.
2093 5293 2178 5341 Vl,
2217 5275 2304 5332 19.
2337 5292 2354 5299 ·
2414 5278 2458 5309 ⁸³
2499 5276 2516 5329 Ι
2551 5275 2677 5331 Cor.
2719 5293 2820 5341 ιιι,
2859 5277 2944 5332 16.

2086 4584 2201 4655 ἔτη.
2245 4605 2264 4637 ›
2304 4585 2376 4638 Τὸ
2405 4585 2461 4638 δὲ
2496 4586 2718 4658 Πνεῦμα
2747 4589 2807 4641 τὸ
2836 4588 2987 4658 ἆγιον
3015 4589 3228 4658 λέγεται
3256 4593 3427 4644 εἰπεῖν
3452 4591 3661 4647 ταῦτα’

2089 4679 2221 4747 φησὶ
2242 4676 2349 4748 γὰρ
2374 4680 2401 4730 6
2428 4678 2746 4743 Ἀπόστολος
2764 4698 2777 4711 ·
2803 4700 2821 4731 ι
2846 4681 2934 4733 Διὸ
2962 4682 3141 4746 καθὼς
3174 4682 3322 4752 λέγει
3348 4685 3408 4737 τὸ
3437 4685 3668 4757 Πνεῦμα

2087 4770 2147 4823 τὸ
2180 4770 2351 4837 ἅγιον·
2388 4771 2633 4842 Σήμερον
2662 4772 2755 4826 ἐὰν
2780 4774 2878 4844 τῆς
2910 4774 3093 4843 φωνῆς
3121 4774 3283 4827 αὐτοῦ
3318 4776 3612 4847 ἀκούσητε,
3640 4797 3661 4829 ι

2089 4863 2184 4917 καὶ
2228 4861 2297 4915 τὰ
2341 4862 2486 4933 ἑξῆς.
2526 4866 2666 4936 Ἀρα
2710 4861 2802 4918 οῦν
2824 4866 2883 4917 τὸ
2917 4866 3138 4937 Πνεῦμα
3171 4868 3231 4920 τὸ
3264 4868 3415 4935 ἆγιον
3442 4869 3672 4939 ἐπείρα-

2092 4972 2183 5008 σεν
2206 4957 2233 5007 6
2267 4954 2498 5026 Ἰσραὴλ,
2533 4958 2627 5009 καὶ
2655 4957 2973 5028 ἐδοκίμασεν
3016 4961 3073 5011 ἐν
3113 4963 3177 5031 τῇ
3206 4963 3397 5033 ἐρήμῳ
3416 4977 3431 4991 ο
3462 4962 3557 5015 καὶ
3584 4960 3668 5015 εἷ-

2088 5047 2176 5101 δον
2212 5047 2281 5101 τά
2322 5046 2457 5119 ἔργα
2487 5048 2670 5113 αὑτοῦ,
2706 5050 2825 5119 ήτοι
2864 5049 2934 5102 τὰ
2975 5049 3268 5121 θαυμάσια.
3317 5053 3403 5105 Ἐν
3434 5052 3579 5122 ἄλλῳ
3609 5053 3673 5106 δὲ

3090 5206 3133 5239 ⁸⁵
3173 5207 3331 5262 Rom.
3368 5226 3457 5273 xv,
3494 5210 3569 5272 5',
3605 5209 3668 5267 6.

3057 5278 3103 5309 ⁵⁰
3142 5278 3287 5335 Psal.
3325 5296 3469 5345 xcnr,
3504 5280 3667 5336 3-10.

2086 5516 2187 5557 nec
2219 5515 2247 5554 a
2274 5499 2489 5557 Nannio
2516 5500 2653 5555 lecta
2685 5508 2836 5556 sunt.

2158 5570 2270 5641 (27)
2311 5570 2387 5624 lta
2417 5569 2739 5641 Vaticanus,
2785 5570 3103 5641 Basiliensis
3142 5580 3197 5625 et
3232 5569 3447 5640 Anglic.
3495 5569 3670 5637 Editi,

2086 5635 2180 5721 ἐπί
2204 5635 2362 5696 Θεοῦ.
2424 5641 2547 5695 Mox
2584 5640 2903 5702 Basilicusis
2935 5651 2991 5695 et
3026 5635 3380 5720 Anglicanus,
3411 5641 3502 5696 τὸν
3531 5635 3677 5697 Evot-

2085 5729 2289 5854 κοῖἔέῗ
2310 5781 2652 5839 Basiliensis.
2688 5781 2919 5837 εἶδοσαν.
2957 5782 3193 5855 Anglie.,
3237 5782 3435 5838 ι’δοσαν.
