3890 6186
169 339 235 391 57
880 336 970 392 DE
1008 336 1330 394 COMMUNI
1368 335 1710 392 ESSENTIA
1748 336 2004 393 PATRIS
2043 338 2129 393 ET
2167 339 2326 394 ΡΠ..ῐὶ
2365 339 2453 394 ET
2497 339 2673 397 SPlR.
2719 340 2779 398 S.
2845 404 2848 408 λ
3368 344 3437 401 58

171 452 373 524 ᾧαλμῷ
402 452 550 521 λέγει
584 454 614 506 ὀ
655 453 816 514 αὑτός
837 470 849 481 ·
890 412 914 502 ι.
944 454 1053 506 Καὶ
1097 453 1392 524 ἐπείρασαν
1421 453 1510 505 τὸν
1542 451 1675 504 Θεὸν
1704 453 1760 505 ἐν

1871 469 2039 524 quoso
2059 454 2125 508 δ’.
2159 474 2177 505 ι
2205 453 2302 510 Est
2330 455 2499 525 igitur
2519 453 2664 509 Deus
2689 453 2925 525 Spiritus
2956 460 3203 512 sanctus.
3232 455 3300 511 Et
3334 458 3442 513 alio

172 544 405 615 ἀνύδρῳ.
446 562 465 593 ι
490 545 633 614 Ἀρα
649 543 760 614 (29)
778 539 872 597 οὖν
899 544 928 594 ὁ
948 544 1099 607 Θεὸς,
1119 544 1177 596 τὸ
1198 544 1350 612 ἆγιον
1371 543 1597 613 Πνεῦμὰ
1620 545 1755 598 ἐστι.

170 640 283 691 Καὶ
331 635 600 705 ἀλλαχοῦ,
650 636 740 688 ὅτε
786 636 1192 707 ἀνελαμϐάνετο
1239 640 1268 690 6
1302 636 1513 699 Ἠλίας,
1566 636 1685 706 ᾔτει
1732 635 1761 686 6

185 728 487 789 Ἐλισσαῖος
521 728 647 800 παρ’
689 724 856 779 αὐτοῦ
908 728 994 779 ἐπ’
1040 728 1201 782 αὑτὸν
1239 728 1300 781 τὸ
1342 727 1569 798 Πνεῦμα
1610 718 1762 794 γενέ-

174 820 297 873 σθαι
346 818 589 873 διπλοῦν.
636 821 1036 889 Ἐπηγγέλλετο
1080 817 1173 875 οὖν
1218 823 1247 874 6
1284 821 1474 883 Ἠλίας
1504 820 1634 890 (50),
1667 821 1762 873 ἐὰν

172 911 257 983 ἴδῃ
293 912 455 963 αὑτὸν
501 910 1037 981 ἁναλαμϐανόμενον.
1080 911 1226 965 Ἰδὼν
1276 908 1391 975 οὖν,
1444 913 1538 966 καὶ
1582 911 1762 965 λαϐὼν

171 1003 266 1073 τὴν
306 1002 588 1074 μηλωτὴν,
617 999 782 1073 ἦλθεν
824 1005 920 1056 ἐπὶ
952 1004 1046 1057 τὸν
1080 1003 1385 1075 Ἰορδάνην·
1446 1005 1541 1057 καὶ
1584 1004 1761 1057 πατά-

172 1094 362 1158 ξαντος
415 1093 584 1147 αὐτοῦ
658 1098 725 1166 τῇ
782 1094 1006 1165 μηλωτῇ
1053 1093 1148 1147 τὸν
1200 1095 1465 1165 ποταμὸν,
1506 1096 1606 1165 οὐχ
1649 1095 1752 1147 ὐπ-

172 1187 375 1255 ήκουσε
402 1185 465 1238 τὸ
495 1184 660 1257 ὕδωρ.
696 1186 864 1254 Λέγει
888 1181 1012 1240 οὖν·
1043 1184 1156 1257 (51)
1186 1186 1297 1239 Ποῦ
1335 1187 1365 1238 6
1387 1186 1518 1249 Θεὸς
1553 1184 1758 1255 ὰφφώς

184 1275 375 1344 Ἀφφὼ
418 1276 477 1329 δέ
508 1277 874 1347 ἑρμηνεύεται
929 1278 1116 1348 ἄμφω,
1166 1280 1417 1332 τουτέστι
1446 1279 1506 1331 τὸ
1538 1277 1762 1349 Πνεῦμα

169 1371 232 1423 τὸ
285 1369 529 1424 διπλοῦν.
582 1370 693 1423 Ποῦ
731 1367 824 1424 οὗν
869 1373 898 1425 6
948 1370 1080 1435 Θεὸς
1132 1371 1320 1442 ἁμφὼ,
1374 1372 1495 1425 ἀντὶ
1546 1369 1661 1437 τοῦ,
1702 1371 1762 1424 τὸ

170 1460 399 1531 Πνεῦμα
450 1461 696 1515 διπλοῦν.
746 1463 859 1517 Καὶ
913 1462 1074 1516 πάλιν
1121 1462 1270 1531 λέγει
1304 1464 1332 1515 6
1364 1463 1591 1534 Σωτήρο
1634 1481 1652 1514 ι
1702 1458 1763 1516 Ὀ

170 1552 445 1606 πιστεύων
488 1555 571 1617 εἰς
611 1553 733 1623 ἐμὲ,
783 1552 968 1616 καθὼς
1016 1549 1168 1607 εἶπεν
1209 1555 1241 1623 ἡ
1277 1553 1492 1625 Γραφὴ,
1526 1554 1763 1623 τιοταμο)⁵

168 1646 234 1697 ἐκ
268 1646 373 1714 τῆς
423 1645 634 1708 κοιλίας
674 1645 844 1698 αὑτοῦ
895 1644 1178 1714 ῥεύσουσιν
1225 1644 1418 1708 ὓδατος
1460 1644 1678 1709 ζῶντος.
1740 1664 1756 1697 ι

180 1734 538 1805 Ἐρμηνεύων
590 1736 650 1789 δὲ
701 1736 731 1786 6
786 1734 1176 1805 εὖαγγελιστὴς
1225 1736 1277 1788 τί
1330 1736 1468 1799 ἐστι,
1511 1754 1529 1787 ι
1571 1735 1764 1800 ὓδατος

1863 547 2005 609 loco,
2051 562 2175 600 cum
2227 554 2603 602 assumeretur
2654 546 2828 613 Elias,
2881 548 3198 617 postulabat
3252 548 3320 604 ab
3374 564 3442 603 eo

1864 630 2081 688 Eliseus
2109 677 2122 701 ,
2157 642 2217 687 ut
2264 635 2319 688 in
2375 651 2435 691 se
2463 637 2673 691 veniret
2710 636 2962 706 geminus
2997 635 3237 707 Spiritus
3272 653 3442 708 :pro-

1863 726 2123 796 misitque
2150 726 2297 782 Elias
2326 769 2342 793 ,
2372 728 2418 783 si
2448 729 2613 783 modo
2646 745 2705 783 se
2729 727 2941 783 videret
2979 729 3185 783 auferri
3210 729 3279 783 ⁸³.
3303 730 3443 785 Cum

1863 818 2032 890 igitur
2079 821 2309 876 vidisset
2337 830 2390 877 et
2420 822 2726 891 accepisset
2782 822 3058 885 melotem,
3094 824 3330 878 accessit
3375 821 3446 877 ad

1861 911 2178 976 Iordanem,
2210 921 2264 969 et
2292 928 2417 968 cum
2450 915 2649 970 melote
2681 913 2903 968 ﬁuvium
2928 914 3312 984 percussisset,
3336 929 3447 967 non

1863 1005 2263 1074 obtemperavit
2297 1020 2460 1075 aqua.
2494 1005 2634 1060 Dicit
2682 1006 2850 1076 igitur
2874 1004 3088 1062 Eliseus
3121 1025 3134 1060 :
3170 1004 3275 1060 Ubi
3303 1004 3449 1061 Deus

1864 1093 2073 1162 dtpcpo')?
2104 1109 2226 1164 quae
2262 1110 2366 1149 vox
2418 1094 2691 1165 signiﬁcat
2749 1096 2947 1161 ambo,
3010 1097 3124 1152 sive
3170 1096 3446 1166 geminum

1866 1184 2129 1254 Spiritum
2164 1185 2230 1240 “.
2276 1186 2382 1241 Ubi
2410 1186 2578 1257 igitur
2614 1185 2760 1241 Deus
2810 1185 3002 1257 ἀμφὼ,
3037 1202 3136 1257 pro
3184 1202 3252 1242 eo
3302 1187 3450 1257 quod

1862 1284 1948 1331 est
1983 1274 2222 1346 Spiritus
2248 1278 2518 1346 geminus.
2546 1276 2858 1346 lterumquc
2883 1275 3135 1333 Salvator
3151 1279 3227 1332 ait
3260 1296 3273 1332 :
3304 1295 3323 1329 ι
3344 1275 3451 1344 Qui

1864 1366 1921 1420 in
1975 1383 2062 1422 me
2120 1370 2313 1429 credit,
2363 1368 2507 1423 sicut
2565 1367 2697 1421 dicit
2739 1366 3065 1437 Scriptura,
3108 1367 3332 1423 ﬁumina
3380 1369 3452 1423 de

1864 1465 2057 1512 ventre
2090 1458 2211 1526 ejus
2276 1457 2445 1512 ﬂuent
2479 1473 2633 1528 aqua}
2677 1459 2812 1512 vivae
2848 1459 2915 1511 ⁸⁵.
2942 1479 2960 1510 ›
2998 1458 3293 1530 Exponens
3352 1475 3453 1513 au-

1865 1554 1974 1601 tem
2024 1549 2381 1618 evangelista,
2416 1549 2549 1618 quid
2587 1549 2689 1601 hoc
2736 1557 2905 1610 esset,
2943 1567 2961 1599 ι
3027 1564 3183 1619 aquae
3226 1549 3383 1612 vivae,
3427 1568 3446 1599 ι

1864 1636 2043 1707 inquit
2077 1655 2089 1690 :
2134 1657 2152 1690 ι
2188 1638 2303 1694 Hoc
2328 1648 2507 1693 autem
2540 1639 2679 1693 dixit
2711 1639 2778 1694 de
2811 1635 3019 1709 Spiritu
3052 1646 3267 1700 sancto.
3287 1653 3451 1707 quem

1866 1729 2329 1798 accepturicraut,
2358 1730 2645 1785 credentes
2676 1730 2731 1783 in
2758 1746 2882 1784 eum
2911 1730 2978 1783 ³⁸.
3015 1750 3033 1781 ι
3066 1729 3220 1796 Quod
3238 1731 3283 1785 si
3309 1743 3450 1799 aqua

170 1823 399 1887 ζῶντος,
447 1843 468 1876 ι
518 1824 657 1895 ἔφη·
705 1843 723 1875 ι
777 1823 965 1876 Τοῦτο⁶
990 1822 1046 1877 δὲ
1101 1824 1255 1892 ἔλεγε
1287 1825 1416 1895 περὶ
1459 1824 1554 1877 τοῦ
1609 1825 1764 1894 ἁγίου

1871 1824 1989 1874 viva
2023 1830 2105 1875 est
2140 1819 2379 1892 Spiritus
2419 1831 2667 1886 sanctus,
2714 1838 2847 1876 sane
2891 1821 3034 1877 Deus
3078 1830 3163 1877 est
3212 1822 3453 1892 Spiritus

169 1913 512 1983 Πνεύματος,
537 1916 567 1966 6
596 1912 831 1983 ἤμελλον
881 1911 1176 1983 λαμϐάνειν
1210 1916 1260 1965 οἱ
1307 1913 1651 1978 πιστεύοντες
1688 1917 1766 1979 είς

170 2008 361 2060 αὐτόν.
384 2026 402 2057 ι
423 2008 488 2058 Εἰ
511 2006 566 2059 δὲ
594 2004 659 2056 τὸ
681 2004 828 2075 ὕδωρ
853 2004 914 2056 τὸ
945 2003 1051 2068 ζῶν
1079 2004 1140 2057 τὸ
1169 2004 1321 2072 ἅγιον
1352 2003 1577 2075 Πνεῦμά
1599 2007 1766 2071 ἐστιν,

170 2100 282 2171 ἄρα
303 2099 441 2161 Θεὸς
463 2098 528 2149 τὸ
552 2096 775 2167 Πνεῦμα
794 2096 857 2148 τὸ
880 2096 1032 2165 ἆγιον
1047 2111 1061 2123 ⁸
1092 2095 1241 2164 λέγει
1265 2097 1373 2167 γὰρ
1400 2098 1427 2149 6
1452 2098 1734 2168 προφήτης
1752 2113 1765 2126 ’

170 2213 195 2243 ί
237 2193 374 2261 Ἐμὲ
404 2189 762 2258 ἐγκατέλιπον
784 2188 964 2259 πηγὴν
997 2187 1186 2252 ὓδατος
1233 2187 1433 2253 ζῶντος
1453 2206 1464 2218 ·
1506 2189 1598 2241 καὶ
1628 2187 1769 2260 dipu-

171 2282 270 2347 ξαν
314 2285 530 2341 ἑαυτοῖς
560 2283 797 2345 λάκκους
847 2281 1360 2352 συντετριμμένους,
1395 2281 1443 2332 οἳ
1477 2281 1536 2333 οὐ
1575 2281 1649 2352 μὴ
1682 2281 1772 2333 δυ-

166 2379 431 2446 νήσονται
467 2374 609 2446 ὕδωρ
635 2374 898 2444 συνέχειν.
939 2392 957 2423 ι
994 2374 1103 2425 Καὶ
1131 2375 1158 2425 6
1191 2372 1383 2426 Δαυῖδ·
1414 2391 1432 2423 ι
1463 2373 1586 2424 Ὅτι
1620 2371 1771 2443 παρὰ

171 2469 258 2519 σοὶ
287 2466 443 2536 πηγὴ
486 2464 652 2532 ζωῆς,
705 2466 764 2516 ἐν
813 2461 890 2532 τῷ
944 2463 1081 2531 φωτί
1127 2479 1218 2514 σου
1264 2461 1506 2532 ὀψόμεθα
1566 2462 1700 2532 φῶς.
1746 2482 1764 2514 ›

176 2561 355 2630 Ὁρᾷς
397 2559 478 2610 ὅτι
517 2559 544 2609 6
572 2556 762 2627 Πατὴρ
784 2556 937 2627 πηγὴ
970 2554 1192 2627 ἐκλήθη,
1217 2555 1312 2607 καὶ
1342 2557 1370 2607 6
1393 2553 1518 2618 Υἱὸς
1549 2554 1767 2625 ὁμοίως,

166 2656 268 2706 καὶ
288 2652 355 2704 τὸ
388 2650 613 2720 Πνεῦμα
640 2649 701 2702 τὸ
726 2650 881 2717 ἅγιον
900 2688 914 2711 ,
941 2649 1041 2718 οὐχ
1065 2648 1147 2699 ὅτι
1169 2649 1320 2717 τρεῖς
1345 2648 1450 2698 εἱσι
1475 2645 1588 2698 θεοί
1621 2644 1732 2715 (52)
1755 2663 1768 2675 ·

167 2740 256 2809 εἷς
287 2745 403 2816 γάρ
433 2743 586 2806 Θεὸς,
620 2744 715 2795 καὶ
754 2737 834 2805 εἷς
877 2741 1060 2810 νόμος,
1094 2737 1389 2810 νομοθέτης
1424 2734 1525 2801 εἷς,
1552 2738 1647 2790 καὶ
1691 2732 1771 2800 εἷς

166 2836 405 2908 Κύριος.
445 2832 541 2898 Εἷς
578 2835 686 2903 γὰρ
713 2834 846 2895 Θεὸς
876 2835 933 2885 ἐν
974 2831 1119 2902 τρισὶ
1160 2829 1471 2902 προσώποις
1508 2830 1773 2900 κηρύττε-

165 2949 265 2985 ται
316 2930 432 2984 καὶ
458 2930 597 2991 πῶς,
631 2929 785 2998 φησι,
814 2926 1035 2979 δύναται
1059 2924 1314 2991 λέγεσθαι
1346 2924 1375 2975 ὁ
1400 2922 1589 2993 Πατὴρ
1616 2921 1769 2984 Θεὸς,

167 3021 270 3074 καὶ
302 3021 334 3071 6
358 3019 485 3081 Υἱὸς
507 3018 659 3081 Θεὸς,
683 3018 777 3070 καὶ
812 3016 872 3068 τὸ
888 3015 1111 3085 Πνεῦμα
1140 3015 1201 3067 τὸ
1226 3015 1381 3081 ἅγιον
1410 3014 1561 3077 Θεὸς,
1592 3014 1684 3067 καὶ
1709 3014 1770 3066 οὐ

165 3101 326 3182 τρεξ
350 3112 457 3163 εἱσι
480 3110 623 3171 ﬁsci;
653 3111 785 3162 ὅπου
806 3106 964 3161 κοινὰ
986 3107 1054 3159 τὰ
1084 3105 1184 3175 τῆς
1207 3104 1442 3173 φύσεως,
1478 3105 1651 3159 κοινὸν
1680 3106 1773 3157 καὶ

1870 1918 2094 1965 sanctus
2125 1928 2139 1966 :
2169 1912 2244 1964 ait
2282 1912 2426 1966 enim
2461 1912 2727 1982 propheta
2761 1933 2772 1966 :
2804 1932 2822 1964 ι
2862 1912 2944 1967 Me
2974 1913 3314 1983 reliquerunt
3338 1912 3456 1967 fon-

1871 2008 1974 2056 tem
2012 2017 2168 2073 aquae
2197 2004 2352 2068 vim,
2377 2012 2433 2059 et
2480 2005 2787 2060 eﬁoderunt
2844 2004 2948 2059 sibi
2979 2004 3249 2059 cisternas
3285 2004 3452 2059 dissi-

1869 2101 2048 2163 patas,
2091 2110 2215 2166 quae
2267 2111 2467 2166 aquam
2518 2098 2805 2151 cominere
2859 2112 2968 2150 non
3010 2103 3270 2166 poterunt
3312 2096 3379 2150 ⁸⁷.
3427 2115 3448 2148 ι

1871 2185 1937 2237 Et
1959 2183 2127 2239 David
2157 2201 2375 2256 quoque
2396 2206 2408 2241 :
2430 2206 2448 2237 ι
2486 2186 2756 2253 Quoniam
2791 2188 2934 2257 apud
2962 2197 3012 2241 te
3037 2195 3121 2240 est
3158 2185 3280 2241 fons
3304 2186 3452 2249 vitae,

1870 2274 1924 2328 in
1958 2277 2160 2332 lumine
2192 2286 2287 2331 tuo
2319 2278 2621 2332 videbimus
2675 2279 2858 2333 lumen
2887 2278 2951 2329 ⁸⁸.
2992 2298 3011 2330 ι
3047 2276 3213 2333 Vides
3239 2278 3456 2333 Patrem

1870 2369 2076 2425 fontem
2098 2372 2283 2425 vocari
2315 2390 2328 2425 :
2370 2388 2582 2426 necnon
2609 2370 2831 2436 Filium,
2859 2371 3159 2441 itidemque
3187 2370 3456 2442 Spiritum

1870 2473 2145 2518 sanctum.
2174 2462 2295 2517 Non
2331 2464 2479 2534 quod
2512 2474 2625 2519 tres
2651 2466 2761 2518 sint
2786 2464 2863 2519 dii
2901 2484 2914 2519 :
2944 2481 3087 2520 unus
3114 2467 3261 2521 enim
3285 2467 3453 2532 Deus,

1870 2570 1979 2609 una
2011 2556 2121 2620 lex,
2156 2572 2298 2611 unus
2334 2557 2617 2627 legislator
2637 2566 2690 2612 et
2722 2574 2865 2613 unus
2889 2557 3172 2615 Dominus.
3204 2562 3455 2634 Namque

1872 2662 2015 2702 unus
2059 2647 2203 2702 Deus
2253 2648 2308 2701 in
2344 2649 2521 2703 tribus
2573 2651 2825 2719 personis
2869 2650 3215 2719 praedicatur.
3263 2652 3332 2705 At
3359 2652 3456 2722 qui

1870 2739 1987 2793 ﬁeri
2040 2747 2241 2810 potest,
2297 2740 2532 2811 inquies,
2562 2749 2621 2795 ut
2662 2750 2715 2796 et
2745 2740 2909 2796 Pater
2938 2742 3156 2798 dicatur
3204 2743 3371 2808 Deus,
3401 2753 3457 2799 et

1872 2830 2063 2896 Filius,
2094 2845 2149 2887 et
2191 2832 2429 2902 Spiritus
2483 2842 2712 2890 sanctus
2769 2834 2935 2900 Deus,
2982 2851 3085 2891 nec
3127 2844 3311 2892 tamen
3341 2844 3457 2893 tres

1871 2928 2004 2983 deos
2061 2929 2220 2983 esse?
2256 2928 2360 2984 Ubi
2422 2931 2732 2985 communis
2782 2938 2981 2986 natura
3014 2971 3029 2994 ,
3056 2931 3131 2986 ibi
3162 2947 3456 2986 commune

1874 3035 2091 3090 quoque
2121 3029 2206 3076 est
2234 3036 2434 3077 nomen
2461 3023 2765 3093 dignitatis.
2809 3023 3278 3090 Quemadmodum
3313 3025 3457 3083 Deus

1874 3124 1958 3172 ea,
1992 3125 2113 3179 quae
2140 3126 2208 3164 ex
2237 3124 2345 3164 una
2376 3119 2572 3164 natura
2599 3113 2656 3165 in
2682 3113 3087 3168 multitudinem
3116 3115 3455 3181 dividuntur,

164 3204 346 3271 ὅνομα
379 3202 490 3271 (55)
523 3201 622 3270 τῆς
644 3200 833 3265 άξίας³
866 3192 978 3250 οἷον
1011 3199 1039 3250 6
1063 3196 1195 3259 Θεὸς
1222 3195 1290 3248 τὰ
1332 3197 1412 3258 είς
1453 3195 1634 3265 πλήθη
1659 3195 1766 3266 διῃ-

1876 3220 1986 3259 ιιηο
2008 3204 2230 3258 nomine
2258 3205 2515 3274 appellat.
2552 3204 2617 3258 Et
2651 3220 2774 3259 cum
2821 3205 3081 3260 irascitur
3117 3205 3456 3275 hominibus,

167 3294 394 3368 ρημὲνα
422 3293 534 3345 ἀπὸ
561 3293 690 3362 μιᾶς
724 3290 940 3360 φύσεως
966 3288 1046 3341 ἐνὶ
1082 3287 1303 3357 ὀνόματι
1332 3286 1516 3339 καλεῖ*
1544 3286 1639 3339 καὶ
1680 3288 1768 3339 ὅτε

165 3386 458 3456 ὀργίζεται
494 3387 608 3446 τοῖς
647 3381 975 3451 ἀνθρώποις,
1015 3380 1107 3432 τὸν
1158 3378 1334 3432 πάντα
1373 3377 1657 3449 ἄνθρωπον
1702 3381 1766 3450 τῇ

166 3480 307 3549 ὀργῇ
336 3474 705 3544 ὑποκείμενον
738 3474 836 3526 ἕνα
861 3471 1143 3541 ἄνθρωπον
1166 3469 1351 3523 καλεῖ·
1378 3470 1472 3522 καὶ
1502 3471 1592 3522 ὅτε
1620 3470 1767 3523 διαλ-

165 3570 435 3623 λάττεται
462 3566 541 3636 τῷ
563 3566 776 3636 κόσμῳ,
817 3564 894 3627 ὼς
937 3565 1017 3616 ἐνὶ
1058 3561 1329 3633 ἀνθρώπῳ
1350 3560 1766 3616 διαλλάσσεταιο

167 3650 280 3707 οἷον
305 3656 510 3722 ἐπάγει
548 3653 933 3722 κατακλυσμὸν
964 3650 1053 3704 διὰ
1083 3652 1184 3722 τὴν
1221 3649 1518 3721 ἁμαρτίαν,
1554 3652 1647 3703 καὶ
1686 3651 1772 3703 λέ-

168 3749 310 3815 γειὸ
339 3745 516 3809 Θεόςο
548 3763 567 3795 ‹
610 3746 685 3798 Οὐ
736 3744 810 3815 μὴ
855 3742 1160 3815 καταμείνῃ
1198 3742 1259 3794 τὸ
1304 3740 1531 3812 Πνεῦμά
1571 3760 1670 3813 μου
1712 3744 1771 3796 ἐν

167 3848 280 3909 τοὶς
308 3845 624 3916 ἀνθρώποις
646 3844 875 3909 τούτοις,
911 3845 1005 3897 καὶ
1046 3844 1310 3914 ἐξαλείψω
1340 3845 1429 3897 τὸν
1463 3843 1767 3916 ἄνθρωπον,

167 3946 228 3999 ὃν
272 3946 537 4017 ἐποίησα.
591 3965 610 3996 ι
654 3946 848 3999 Καίτοι
895 3946 997 3999 οὐκ
1052 3941 1119 4017 ἦν
1172 3942 1272 4010 εΤς,
1325 3944 1461 3998 ἀλλὰ
1516 3946 1772 4017 μυριάδες

170 4052 428 4121 ἄπειροι·
489 4049 630 4102 ἀλλὰ
673 4048 750 4118 τῷ
797 4049 1018 4119 ὀνόματι
1067 4048 1168 4118 τῆς
1208 4049 1423 4118 φύσεως
1459 4048 1549 4100 τὸν
1596 4047 1772 4101 πάντα

168 4151 466 4223 ἄνθρωπον
504 4150 602 4203 ἕνα
638 4150 892 4204 ἐκάλεσεν
937 4150 1219 4221 ἄνθρωπον
1257 4149 1344 4202 διὰ
1373 4148 1433 4201 τὸ
1462 4148 1639 4201 κοινὸν
1674 4148 1772 4218 τῆς

169 4251 382 4314 οὗσίας.
414 4251 532 4303 Καὶ
554 4249 714 4303 πάλιν
741 4248 889 4317 λέγει
916 4248 1079 4302 Δαυῖδ
1098 4266 1110 4278 ·
1136 4267 1154 4299 ι
1192 4248 1255 4301 Τί
1283 4250 1430 4302 ἐστιν
1464 4246 1768 4317 ἅνθρωπος,

170 4348 246 4400 ὅτι
279 4350 575 4420 μιμνήσκῃ
590 4346 698 4417 (54)
716 4345 906 4412 αὐτοῦ,
936 4345 1097 4416 ῆυὶὸς
1126 4344 1433 4416 ἀνθρώπου,
1452 4345 1774 4397 ὃτιὲπισκέ-

171 4464 280 4522 πτῃ
312 4448 482 4501 αὐτόν
502 4464 550 4511 ;›
584 4448 698 4517 Οὐχ
725 4448 808 4500 ὅτι
839 4446 936 4499 ἕνα
967 4446 1248 4517 ἄνθρωπον
1274 4445 1570 4514 ἐσκέψατοο
1596 4444 1774 4497 πᾶσαν

73 4602 87 4615 ,
171 4556 278 4627 γὰρ
309 4556 413 4627 τὴν
445 4555 778 4627 οἰκουμένην
823 4553 1032 4624 ἤγειρε.
1083 4553 1194 4607 Ἑνὶ
1238 4552 1295 4605 δὲ
1342 4550 1595 4621 συντόμῳ
1636 4565 1774 4619 χρη-

172 4680 383 4754 σόμεθα
422 4680 574 4749 λόγῳ
616 4678 706 4732 διὰ
756 4677 1001 4742 Μωσέως
1052 4676 1352 4748 εἰρημένῳ·
1394 4675 1525 4726 Ὅτε
1574 4668 1769 4740 ἐξῆλθε

170 4783 375 4856 Φαραὼ
406 4782 554 4836 κατὰ
582 4782 684 4852 τὴν
713 4779 1006 4842 θάλασσαν,
1040 4779 1135 4833 καὶ
1166 4777 1370 4847 ὑπέσχε
1407 4774 1485 4845 τῷ
1513 4774 1663 4844 νόμῳ
1689 4768 1769 4840 τῷ

174 4885 304 4957 θείῳ
332 4885 446 4956 (53)
482 4883 585 4953 τὴν
613 4882 905 4955 τιμωρίαν,
935 4881 1147 4934 πίπτων
1189 4878 1327 4949 μετὰ
1359 4875 1567 4949 μυρίων
1595 4871 1771 4944 ἁρμά-

242 5043 290 5075 ⁸²
329 5041 484 5095 Psal.
521 5054 615 5101 cv,
654 5040 741 5093 14.
817 5039 866 5071 ⁵³
904 5036 972 5093 1V
1004 5037 1220 5104 Begu,
1251 5037 1319 5100 9,
1356 5035 1443 5089 10.

1538 5034 1585 5065 ⁸³
1622 5030 1750 5086 ibid.
1788 5026 1973 5082 lQ-M.

1871 3312 2087 3351 onmem
2115 3297 2392 3352 hominem
2443 3298 2538 3352 ira:
2589 3298 2898 3367 subjectum
2940 3314 3053 3355 sua:
3084 3315 3253 3353 unum
3297 3308 3460 3355 vocat

1872 3386 2148 3442 hominem
2183 3407 2195 3441 :
2225 3398 2432 3443 etcum
2475 3389 2871 3444 reconciliatur
2918 3389 3144 3453 mundo,
3178 3391 3324 3446 velut
3362 3393 3459 3447 uni

1871 3477 2079 3534 homini
2141 3482 2550 3535 reconciliatur.
2613 3480 2817 3548 Quare,
2874 3497 3000 3536 cum
3055 3483 3328 3537 diluvium
3381 3486 3455 3540 ob

1870 3581 2095 3642 peccata
2131 3572 2366 3641 inducit,
2399 3576 2477 3629 ait
2516 3573 2661 3630 Deus
2692 3590 2707 3627 :
2745 3593 2763 3625 ι
2796 3571 2917 3629 Non
2956 3577 3298 3645 permanebit
3342 3575 3459 3649 Spi-

1871 3666 2013 3718 ritus
2043 3679 2199 3718 meus
2227 3664 2282 3718 in
2318 3664 2637 3721 hominibus
2667 3664 2810 3730 istis,
2847 3672 2901 3721 et
2933 3664 3127 3721 dclcbo
3152 3665 3456 3733 hominem,

1873 3774 2033 3829 quem
2080 3757 2185 3813 feci
2220 3758 2285 3812 ³⁸.
2325 3778 2345 3809 ι
2397 3758 2563 3829 Atqui
2602 3768 2719 3813 tum
2767 3773 2877 3813 nou
2924 3775 3071 3815 unus
3111 3767 3231 3814 erat
3271 3760 3456 3828 homo,

1873 3850 1969 3905 sed
2004 3850 2277 3921 myriades
2305 3849 2552 3916 inﬁnitae,
2585 3866 2738 3921 azque
2782 3859 2966 3906 tamen
2992 3852 3216 3907 nomine
3246 3860 3460 3908 naturae

1873 3958 2065 3998 omnes
2129 3943 2379 4000 homines
2407 3961 2578 3999 unum
2628 3946 2907 4003 hominem
2945 3946 3260 4017 appellavit,
3295 3946 3460 4016 idque

1874 4038 1945 4092 ob
1991 4037 2314 4093 substantia:
2346 4038 2813 4093 communionem.
2853 4036 3025 4092 David
3066 4052 3233 4108 porro
3260 4038 3459 4094 iterum

1875 4129 2007 4184 dicit
2039 4146 2053 4181 :
2095 4148 2113 4180 ι
2150 4129 2292 4196 Quid
2326 4137 2409 4185 est
2439 4129 2627 4194 homo,
2677 4130 2823 4199 quod
2855 4145 3069 4184 memor
3097 4145 3158 4184 es
3193 4129 3335 4199 ejus,
3365 4139 3461 4185 aut

1875 4223 2020 4279 ﬁlius
2056 4223 2328 4287 hominis,
2355 4223 2618 4293 quoniam
2640 4224 2832 4279 visitas
2858 4238 2982 4276 cum
3009 4222 3091 4277 ⁸οέ
3128 4242 3146 4275 ι
3167 4221 3288 4277 Νοη
3313 4225 3461 4294 quod

1875 4331 2045 4371 unum
2080 4314 2358 4368 hominem
2398 4314 2603 4377 visitet,
2655 4312 2751 4368 sed
2803 4314 3125 4367 universum
3172 4312 3363 4367 orbem
3403 4313 3461 4368 in

1875 4418 2045 4459 unum
2100 4403 2337 4472 collegit.
2402 4402 2519 4456 Jam
2568 4418 2722 4467 vero,
2772 4402 3084 4473 compendii
3115 4418 3307 4469 causa,
3350 4419 3460 4460 uno

1878 4505 2097 4551 utemur
2117 4494 2321 4566 Moysis
2353 4494 2523 4550 dicto.
2549 4494 2687 4549 Cum
2712 4511 2807 4566 per
2840 4512 2992 4551 mare
3014 4497 3191 4551 exiret
3219 4495 3457 4561 Pharao,

1808 4614 1851 4668 ι)
1879 4588 2211 4658 meritasque
2260 4604 2328 4642 ex
2369 4589 2484 4658 lege
2531 4588 2716 4643 divina
2756 4602 2947 4658 poenas
3007 4589 3202 4650 lueret,
3257 4588 3459 4643 cadens

1879 4697 2004 4738 cum
2038 4681 2267 4737 inﬁnitis
2322 4681 2578 4737 curribus
2609 4683 2662 4735 in
2684 4697 2854 4747 mare,
2888 4698 2999 4752 quo
3025 4690 3272 4752 tempore
3301 4682 3459 4736 multi

1875 4773 2124 4829 homines
2155 4787 2262 4826 una
2287 4788 2411 4827 cum
2435 4788 2499 4826 eo
2520 4773 2758 4828 demersi
2785 4782 2935 4840 sunt,
2972 4775 3239 4843 multique
3269 4775 3457 4830 itidem

1876 4865 2001 4936 equi
2036 4883 2050 4919 :
2088 4864 2300 4935 Moyses
2343 4872 2527 4917 tamen
2561 4864 2775 4927 videns,
2805 4865 2861 4917 in
2902 4865 3159 4919 omnibus
3192 4863 3459 4918 demersis

2071 5022 2115 5052 ⁵⁵
2152 5019 2311 5077 Joan.
2346 5038 2450 5088 vu,
2512 5023 2602 5077 58.
2699 5023 2746 5055 ⁸⁸
2784 5021 2917 5076 ibid.
2956 5020 3043 5078 59.
3149 5022 3192 5053 ⁵⁷
3231 5019 3343 5076 Jer.
3378 5037 3456 5088 ιι,

177 5110 263 5167 15.
341 5113 390 5144 ⁸³
428 5111 581 5167 Psal.
604 5097 787 5176 'xxxv,
821 5110 910 5165 10.
985 5110 1029 5140 ⁵⁸
1065 5097 1265 5163 Cenes.
1302 5097 1391 5172 vl,
1427 5106 1482 5160 5.
1560 5104 1604 5135 ⁸ο
1645 5102 1766 5157 Psal

1871 5114 1960 5171 ur,
1995 5097 2047 5151 5.

244 5269 359 5411 (ἳθ)
400 5269 753 5334 Basiliensis,
782 5263 952 5391 Ἆρα.
1323 5337 1335 5350 ⁸
1437 5337 1448 5348 _
1488 5335 1499 5348 ⁸

266 5343 358 5401 5ῡ)
399 5340 749 5403 Basiliensis,
792 5340 859 5391 Ἦ
897 5338 1001 5402 ίας,
1034 5352 1157 5391 cum
1187 5344 1337 5392 tenui
1368 5351 1499 5406 splrt

266 5343 358 5401 '50)
399 5340 749 5403 Basiliensis,
792 5338 1001 5402 Ἠλίας,
1034 5352 1157 5391 cum
1187 5338 1337 5392 tenui
1368 5338 1588 5406 spiritu.

250 5433 359 5501 (31)
399 5431 587 5485 Locus
630 5428 898 5484 Hebraice
942 5429 1023 5483 sic
1055 5429 1251 5492 habet,
1296 5412 1429 5487 vn‘m
1480 5434 1601 5486 mm
1661 5432 1765 5485 ms

180 5531 277 5579 am
311 5533 395 5606 ἢκ
434 5505 602 5579 τρίτοι
640 5519 693 5573 id
727 5525 837 5573 est.
881 5516 981 5571 Ubi
1008 5527 1085 5572 est
1117 5517 1256 5572 Deus
1290 5515 1428 5572 Elia;
1450 5516 1611 5569 etiam
1633 5517 1761 5585 ipse,

182 5612 282 5673 vel,
317 5614 486 5666 etiam
517 5625 678 5663 nunc.
714 5607 886 5673 Quasi
914 5608 1140 5669 diceret,
1174 5623 1274 5661 cur
1311 5623 1420 5661 non
1451 5608 1565 5677 jam
1605 5606 1764 5661 adest

73 5736 91 5759 ,
184 5682 331 5765 mihi,
377 5691 439 5734 ut
489 5678 623 5762 Prlia:
666 5680 879 5765 aderat.
930 5678 1068 5733 Male
1090 5679 1271 5765 'igitur
1304 5678 1417 5765 hic,
1459 5677 1623 5765 αφιεώ
1661 5692 1762 5757 ιιιςο

190 5750 364 5831 iugari),
398 5754 644 5831 positum
672 5750 897 5831 dicitur,
927 5764 1061 5831 cum
1090 5751 1249 5828 longe
1283 5750 1393 5831 alia
1431 5750 1501 5829 sit
1530 5748 1650 5831 ejus
1684 5749 1764 5801 si.

182 5819 474 5884 gniﬁcatio.
528 5819 759 5885 Ibidem,
798 5819 964 5886 editi,
1016 5819 1239 5894 Πνεῦμα
1278 5819 1518 5873 διπλοῦν.
1568 5819 1759 5873 Manu-

1875 5259 2066 5329 scripti
2098 5272 2248 5329 vero.
2281 5255 2341 5329 τὸ
2372 5251 2597 5329 Πνεῦμα
2620 5251 2686 5329 τὸ
2706 5248 2953 5329 διπλοῦνζ
3017 5319 3028 5329 _
3108 5317 3153 5329 ﬂ
3196 5317 3229 5329 Α
3310 5302 3313 5305 .

1947 5317 2057 5399 (52)
2100 5328 2246 5387 Haec,
2278 5326 2377 5394 οὐχ
2404 5326 2486 5399 ὅτι
2523 5317 2804 5399 τρεῖς-εἱσι
2841 5319 2973 5381 θεοί,
3015 5319 3069 5399 in
3101 5317 3375 5399 .Vaticano
3405 5326 3459 5374 et

1875 5400 1929 5453 in
1954 5389 2135 5453 ‘editis
2180 5401 2247 5450 ad
2296 5389 2514 5447 modum
2544 5389 2688 5445 tituli
2717 5392 2923 5458 jacent,
2969 5390 3064 5443 sed
3101 5389 3156 5443 in
3201 5389 3458 5444 omnibus

1874 5470 1998 5523 aliis
2046 5465 2440 5534 manuscriptis
2485 5472 2891 5531 consequentur
2929 5469 3253 5529 ponuntur:
3295 5468 3458 5528 atque

1873 5544 1948 5594 ita
1980 5538 2318 5593 restituenda
2355 5535 2523 5589 fuisse
2556 5543 2702 5603 patet
2737 5549 2799 5585 ex
2826 5538 3107 5603 contextu.

1942 5611 2052 5677 (55)
2096 5609 2413 5661 Basiliensls
2442 5613 2496 5661 et
2526 5600 2883 5677 Anglicanus,
2915 5603 3008 5654 καὶ
3035 5602 3096 5655 τὸ
3121 5600 3313 5670 ὄνομα.

1944 5675 2056 5747 (54)
2099 5679 2453 5743 Anglicanus.
2485 5675 2799 5747 μιμνήσκοι.

1872 5818 1913 5873 Β
2098 5738 2195 5820 Tt?
2220 5750 2369 5817 Οείῳ,
2414 5738 2567 5802 deest
2602 5738 2657 5801 in
2687 5742 2900 5816 Anglic.
2937 5740 3082 5811 Mox,
3119 5743 3177 5797 ὲν
3211 5741 3365 5797 deest
3396 5738 3454 5792 in

1918 5836 1997 5873 as:
2027 5860 2040 5873 .

1918 5821 2040 5876 asil.
