3890 6186
382 345 454 404 59
1547 339 1605 395 S.
1652 336 2114 393 ATHANASIUS.
2154 368 2225 379 -
2258 336 2484 393 DUBIA.
3576 338 3654 395 ιο

382 466 629 525 eamdem
664 479 789 522 esse
811 470 1086 532 naturam,
1104 470 1159 518 et
1171 461 1238 519 de
1255 462 1414 534 equis
1434 471 1489 519 et
1517 461 1583 517 de
1611 461 1957 528 hominibus,

2071 477 2172 514 των
2214 461 2271 513 ἐν
2307 462 2375 531 τῇ
2424 458 2690 531 θαλάσσῃ,
2740 460 2834 513 καὶ
2868 454 3008 531 ἦσαν
3053 458 3239 513 πολλοὶ
3278 458 3555 532 ἅνθρωποι
3598 463 3652 514 οἱ

383 562 457 616 ita
501 560 615 615 haec
666 559 790 613 ait:
826 576 845 610 ι
881 556 1181 613 Cantemus
1231 555 1484 622 Domino,
1528 555 1764 626 gloriose
1814 554 1962 608 enim

383 650 765 723 magniﬁcatus
820 659 926 715 est,
957 663 1159 719 equum
1185 647 1242 719 6
1269 659 1322 702 et
1379 661 1730 702 ascensorem
1765 644 1964 713 dejecit

381 748 437 801 in
467 761 618 801 mare
658 746 737 796 σιτ
778 751 1036 797 stantum
1096 756 1386 796 numerum
1437 753 1705 810 equorum
1750 750 1961 806 equum

381 852 551 891 unum
582 835 893 906 appellavit,
923 833 994 888 ob
1022 834 1466 887 communionem
1514 838 1726 885 natura).
1752 845 1764 880 :
1800 836 1856 884 et
1891 829 1965 882 vi-

380 945 571 985 rorum
601 928 1002 983 multitudinem
1043 942 1213 980 unum
1251 926 1529 982 hominem
1579 923 1959 993 nuncupavit:

379 1039 583 1094 equum
616 1024 761 1079 enim
780 1031 834 1078 et
866 1034 1218 1076 ascensorem
1246 1018 1342 1082 ait,
1379 1019 1449 1073 ob
1476 1026 1687 1072 naturae
1731 1016 1965 1071 societa-

379 1123 509 1172 tem.
551 1114 609 1169 Si
654 1114 823 1186 igitur
858 1106 914 1168 in
965 1111 1315 1175 hominibus,
1362 1111 1453 1165 ubi
1494 1124 1558 1164 ea
1592 1124 1714 1178 quae
1754 1116 1964 1163 naturae

381 1217 511 1265 sunt
540 1208 974 1267 confunduntur,
1008 1203 1101 1258 ubi
1144 1201 1439 1257 discrimen
1472 1199 1680 1264 formae,
1723 1200 1960 1265 roboris,

379 1309 434 1357 et
454 1300 671 1355 consilii
705 1319 718 1354 :
750 1313 1099 1369 nequaquam
1133 1297 1279 1350 enim
1313 1293 1369 1347 in
1412 1293 1521 1347 illis
1547 1308 1644 1363 par
1667 1291 1960 1357 sententia,

380 1409 558 1463 neque
581 1393 788 1455 formae,
826 1406 1003 1462 neque
1051 1388 1196 1442 vires
1226 1405 1241 1441 :
1273 1385 1571 1440 dissimiles
1597 1386 1727 1439 item
1764 1384 1964 1453 linguae

381 1492 530 1547 sunt,
555 1480 698 1535 unde
727 1480 915 1546 etiam,
951 1478 1210 1550 μέροπες,
1245 1475 1299 1530 id
1331 1483 1416 1529 est
1442 1473 1633 1528 divisae
1660 1473 1833 1540 vocis,
1866 1474 1964 1527 lio-

380 1575 559 1629 mines
592 1574 869 1628 dicuntur.
907 1571 1050 1636 Quin
1086 1571 1250 1624 etiam
1282 1567 1353 1621 ob
1388 1576 1598 1621 natura:
1624 1566 1960 1622 communio-

382 1680 526 1730 nem,
558 1672 706 1720 totus
737 1672 1010 1719 terrarum
1041 1661 1194 1716 orbis
1244 1675 1391 1716 unus
1421 1659 1587 1714 homo
1615 1668 1960 1729 nuncupatus

379 1765 485 1815 est.
522 1755 622 1812 Ubi
656 1770 786 1811 vero
814 1753 1049 1809 indivisa
1075 1751 1335 1823 dignitas,
1368 1765 1540 1804 unum
1578 1765 1825 1821 regnum,
1852 1765 1961 1804 una

382 1849 648 1921 potentia,
707 1846 1022 1908 consilium,
1075 1844 1336 1907 eﬁicacia,
1392 1840 1719 1896 Trinitatem
1759 1842 1959 1897 distin-

2073 555 2413 627 βυθισθέντες
2472 558 2588 627 μετ’
2629 557 2859 619 ἐκείνου,
2904 558 2999 611 καὶ
3055 557 3209 611 ἵπποι
3254 557 3469 611 πολλοί’
3512 561 3542 612 6
3593 558 3655 611 δὲ

2068 654 2274 725 Μωσῆς
2325 653 2502 719 εἰδὼς,
2523 657 2604 708 ὅτι
2623 657 2841 710 πάντων
2866 657 2973 710 τῶν
3001 656 3359 728 βυθισθέντων
3377 659 3473 731 μία
3498 660 3655 714 ἐστὶν

2070 755 2103 825 ἡ
2143 753 2324 825 φύσις,
2361 755 2455 807 καὶ
2485 756 2612 825 περὶ
2652 754 2759 809 τῶν
2789 755 2970 808 ἵππων
3008 755 3101 808 καὶ
3142 755 3269 826 περὶ
3305 755 3411 808 τῶν
3440 754 3655 827 ἀνδρῶν

2068 854 2245 923 λέγει’
2294 874 2313 906 ι
2352 855 2606 926 ’ᾼσωμεν
2644 855 2721 927 τῷ
2765 856 2988 928 Κυρίῳ⁹
3035 855 3259 922 ἐνδόξως
3293 856 3402 927 γὰρ
3432 856 3655 923 δεδόξα-

2072 975 2223 1011 σται·
2273 958 2435 1013 ἵππον
2480 958 2576 1012 καὶ
2622 958 2896 1030 ἀναϐάτην
2927 957 3146 1031 ἔρριψεν
3174 960 3253 1021 εἰς
3283 955 3583 1012 θάλασσαν·
3630 978 3651 1009 ι

2068 1057 2180 1127 (56)
2204 1057 2277 1110 τὰ
2303 1057 2481 1129 πλήθη
2506 1057 2611 1111 τῶν
2645 1057 2825 1112 ἵππων
2852 1058 3107 1111 ἐκάλεσεν
3133 1059 3299 1113 ἵππον
3323 1059 3418 1113 ἐνα
3438 1060 3526 1114 διὰ
3550 1062 3657 1132 τὴν

2069 1160 2351 1214 κοινωνίαν
2378 1160 2477 1230 τῆς
2501 1160 2733 1230 φύσεως,
2757 1159 2938 1214 καὶτὰ
2962 1158 3140 1230 πλήθη
3167 1157 3275 1212 τῶν
3288 1159 3495 1230 ἀνδρῶν
3528 1161 3661 1214 ἐκά-

2069 1263 2222 1317 λεσεν
2237 1265 2333 1318 ἕνα
2359 1263 2661 1335 ἄνθρωπον·
2684 1264 2849 1316 ἵππον
2874 1261 2982 1333 γὰρ
3003 1263 3095 1315 καὶ
3117 1262 3393 1332 ἀναὸάτην
3418 1257 3537 1314 εἷπε
3562 1250 3660 1315 διὰ

2067 1366 2165 1436 τὴν
2204 1365 2486 1418 κοινωνίαν
2501 1364 2602 1434 τῆς
2627 1364 2859 1433 φύσεως.
2886 1362 2948 1416 El
2980 1358 3071 1417 οὖν
3095 1364 3152 1415 ἐν
3175 1365 3285 1426 τοῖς
3318 1361 3655 1434 ἀνθρώποις,

2067 1464 2201 1516 ὅπου
2224 1462 2549 1533 συγκέχυται
2583 1462 2649 1516 τά
2670 1462 2769 1531 τῆς
2791 1461 3023 1530 φύσεως,
3048 1461 3180 1514 ὅπου
3213 1460 3441 1533 διάφορα
3461 1460 3528 1513 τὰ
3551 1464 3659 1532 τῆς

2071 1566 2308 1638 μορφῆς,
2338 1567 2431 1619 καὶ
2456 1565 2757 1635 δυνάμεως,
2778 1564 2870 1616 καὶ
2894 1562 3088 1634 βουλῆς
3108 1579 3120 1592 ·
3144 1562 3203 1614 οὐ
3234 1563 3342 1635 γάρ
3366 1564 3507 1616 ἐστιν
3523 1562 3656 1616 οὔτε

2066 1668 2258 1740 γνώμη
2302 1669 2424 1741 ἴση,
2474 1666 2596 1721 οὔτε
2642 1668 2841 1739 μορφὴ,
2878 1666 3001 1721 οὗτε
3046 1666 3224 1738 ἰσχύς·
3271 1668 3365 1720 καὶ
3403 1666 3660 1738 διάφοροι

2066 1761 2329 1832 γλῶτται·
2383 1759 2461 1812 διὸ
2508 1757 2600 1812 καὶ
2639 1759 2912 1829 ἄνθρωποι
2945 1756 3180 1828 μέροπες
3207 1756 3453 1824 λέγονται
3497 1754 3610 1826 (57)
3636 1773 3653 1785 ·

2066 1853 2201 1907 ἀλλὰ
2227 1852 2315 1906 διὰ
2345 1851 2406 1904 τὸ
2440 1851 2613 1906 κοινὸν
2638 1851 2737 1921 τῆς
2761 1849 2975 1919 φύσεως
3002 1852 3149 1905 πᾶσα
3180 1851 3212 1921 ή
3244 1847 3531 1918 οἰκουμένη
3569 1842 3659 1911 εἷς

381 1956 555 2013 guens
577 1946 914 2006 aereatura;
946 1938 1020 1992 ibi
1054 1951 1222 1991 unum
1256 1934 1464 1989 aﬁirmo
1497 1932 1685 1988 Deum.
1729 1931 1826 1987 Sin
1867 1948 1966 1986 au-

2071 1946 2348 2018 ἄνθρωπος
2390 1944 2611 2015 ἐκλήθη.
2643 1944 2815 1996 Ὅπου
2855 1943 2911 1996 δὲ
2945 1942 3236 2013 ἀμέριστος
3276 1942 3308 2010 ή
3349 1940 3507 2005 ἀξία,
3553 1940 3660 2010 μία

381 2044 512 2101 tem,
543 2035 689 2106 quod
717 2034 906 2099 Deum,
943 2041 996 2089 et
1017 2032 1209 2099 Deum,
1238 2039 1292 2087 et
1322 2029 1493 2086 Deum
1519 2029 1667 2095 dico,
1700 2038 1815 2084 tres
1844 2029 1965 2085 ideo

381 2130 515 2185 deos
545 2129 863 2189 constituo:
891 2135 1083 2182 etcum
1103 2126 1191 2180 aio
1221 2123 1533 2186 Dominum,
1564 2132 1621 2178 et
1652 2120 1964 2188 Dominum,

380 2230 436 2279 et
470 2220 782 2286 Dominum,
815 2229 926 2274 tres
959 2220 1085 2273 dico
1115 2217 1373 2274 Dominos
1394 2237 1406 2272 :
1428 2216 1475 2271 si
1505 2231 1655 2287 ergo,
1689 2214 1849 2270 Pater
1864 2214 1968 2269 Do«

384 2312 591 2376 minus,
617 2309 789 2365 Filius
831 2309 1115 2373 Dominus,
1158 2306 1395 2378 Spiritus
1418 2317 1640 2362 sanctus
1682 2303 1964 2368 Dominus,

385 2403 663 2475 quomodo
694 2411 774 2465 tu,
802 2401 1057 2471 Apostole
1081 2400 1361 2470 legislator
1406 2398 1673 2460 veritatis,
1705 2407 1967 2467 patronus

385 2497 689 2567 religionis,
711 2494 961 2564 Ephesiis
984 2492 1232 2546 clamasti
1256 2491 1444 2546 dicens
1460 2509 1471 2543 :
1486 2486 1668 2544 «Unus
1682 2488 1967 2555 Dominus,

390 2604 499 2644 una
528 2587 683 2653 ﬁdes,
710 2602 878 2641 unum
912 2584 1184 2656 baptisma
1209 2583 1292 2636 °'?
1322 2601 1341 2635 ι
1378 2580 1533 2637 Uutts
1560 2580 1824 2636 Dominus
1885 2595 1970 2635 se-

385 2679 625 2736 cundum
680 2678 1169 2734 sanctiﬁcationem
1226 2675 1665 2746 serapliiuorum.
1726 2672 1860 2726 Nam
1918 2681 1973 2727 et

386 2772 465 2826 illi
488 2772 842 2825 clamabant:
878 2789 897 2821 ι
936 2770 1193 2831 Sanctus,
1227 2780 1473 2831 sanctus,
1518 2775 1743 2821 sanctus
1783 2765 1969 2820 Domi-

384 2879 491 2918 nus
510 2863 573 2916 ”.
614 2882 633 2915 ι
663 2860 819 2928 Quod
864 2862 911 2917 si
956 2860 1359 2916 contentiosius
1411 2864 1574 2929 agant
1622 2857 1882 2918 haeretici,
1917 2863 1972 2910 et

386 2955 597 3020 dicant,
630 2954 797 3008 alium
830 2968 955 3009 esse
981 2952 1320 3007 dominatum
1364 2949 1580 3014 Patris,
1616 2949 1783 3003 alium
1822 2947 1969 3013 Filii,

385 3049 579 3115 miror,
623 3062 723 3102 cur
758 3049 1070 3103 sustineant.
1114 3044 1332 3100 duobus
1387 3043 1626 3098 dominis
1679 3043 1968 3107 inservire,

388 3157 495 3196 vox
533 3138 804 3210 siquidem
846 3136 1062 3192 Domini
1112 3144 1237 3191 est:
1278 3155 1296 3187 ι
1333 3134 1504 3190 Nemo
1544 3144 1722 3205 potest
1765 3134 1973 3189 servire

387 3230 604 3287 duobus
644 3226 883 3282 dominis
923 3225 988 3279 “.
1030 3243 1049 3276 ι
1088 3223 1146 3277 Si
1193 3224 1334 3279 alius
1378 3230 1462 3278 est
1517 3221 1832 3275 dominatus
1875 3218 1973 3272 Pa-

2070 2038 2329 2109 βασιλεία,
2357 2037 2453 2108 μία
2479 2037 2724 2106 δύναμις,
2754 2038 2845 2089 καὶ
2874 2035 3057 2106 βουλὴ,
3091 2036 3185 2088 καὶ
3217 2034 3484 2105 ἐνέργεια,
3518 2033 3661 2086 ἰδιά-

2069 2130 2234 2197 ζουσα
2262 2131 2357 2202 τὴν
2387 2130 2592 2201 Τριάδα
2633 2129 2739 2182 ἀπὸ
2775 2130 2873 2200 τῆς
2916 2129 3165 2193 κτίσεως,
3199 2129 3294 2182 ἕνα
3326 2129 3466 2199 λέγω
3493 2132 3655 2187 Θεόν.

2069 2222 2131 2274 El
2159 2220 2234 2282 δὲ,
2261 2220 2347 2273 διὰ
2387 2220 2446 2272 τὸ
2482 2219 2660 2288 λέγειν
2692 2218 2843 2283 Θεὸν,
2872 2219 2967 2271 καὶ
3004 2219 3154 2284 Θεὸν,
3196 2222 3289 2274 καὶ
3320 2222 3470 2285 Θεὸν,
3500 2227 3659 2295 τρεῖς

2068 2309 2211 2380 λέγω
2237 2310 2421 2374 θεούς·
2471 2314 2565 2365 καὶ
2610 2310 2707 2364 ἐὰν
2737 2309 2875 2363 εἴπω
2909 2310 3130 2382 Κύριον,
3162 2314 3255 2365 καὶ
3300 2313 3522 2385 Κύριον,
3556 2316 3659 2368 καὶ

2069 2401 2292 2474 Κύριον,
2317 2405 2465 2474 τρεῖς
2498 2401 2641 2470 λέγω
2677 2401 2913 2472 κυρίους
2933 2418 2945 2430 ·
2979 2404 3026 2454 εἰ
3054 2404 3229 2456 τοίνυν
3265 2407 3293 2458 6
3315 2406 3503 2477 Πατὴρ
3534 2407 3658 2460 Κύ-

2071 2511 2205 2565 ριος,
2237 2495 2330 2547 καὶ
2354 2496 2381 2547 6
2423 2494 2548 2558 Υἱὸς
2578 2494 2921 2566 Κύριος,⁹καὶ
2954 2497 3014 2550 τὸ
3039 2496 3262 2567 Πνεῦμα
3284 2497 3343 2550 τὸ
3365 2498 3516 2567 ἅγιον
3536 2498 3661 2552 Κύ-

2072 2601 2207 2656 ριος,
2261 2583 2379 2645 πῶς
2418 2586 2504 2649 σὺ,
2537 2579 2581 2638 ὦ
2622 2586 2936 2651 ’Λπὸστολε,
2968 2589 2996 2640 6
3046 2588 3338 2659 νομοθέτης
3380 2590 3477 2660 τῆς
3515 2591 3660 2661 ἁλη-

2070 2675 2240 2740 θείας,
2287 2676 2315 2728 6
2354 2677 2650 2748 συνήγορος
2692 2680 2790 2749 τῆς
2841 2679 3155 2743 εὐσεϐείας,
3190 2679 3452 2748 Ἐφεσίοις
3493 2680 3661 2747 ἐϐόας

2069 2764 2273 2834 λέγων·
2323 2785 2341 2817 ι
2378 2762 2472 2831 Εἷς
2512 2767 2732 2838 Κύριος,
2783 2766 2880 2837 μία
2921 2767 3122 2832 πίστις,
3166 2767 3223 2819 ἓν
3269 2768 3586 2838 βάπτισμα;
3630 2788 3655 2822 ι

2070 2857 2166 2922 Εἷς
2217 2858 2417 2932 Κύριος
2476 2859 2617 2912 κατὰ
2666 2859 2756 2912 τὸν
2797 2860 3065 2930 ἁγιασμὸν
3100 2860 3206 2914 τῶν
3245 2862 3505 2932 σεραφίμο
3554 2860 3658 2915 καὶ

2070 2952 2179 3024 γὰρ
2209 2953 2391 3005 ἐκεῖνα
2429 2951 2557 3004 ἐϐόα
2577 2991 2591 3014 ,
2643 2969 2662 3002 ι
2705 2952 2910 3020 Ἀγιος,
2963 2951 3150 3020 ἅγιος,
3181 2952 3334 3021 ἅγιος
3364 2954 3589 3025 Κύριος.
3625 2976 3649 3008 ι

2070 3044 2135 3096 Εἰ
2177 3043 2235 3095 δέ
2283 3040 2674 3112 φιλονεικοῦσιν
2703 3044 2751 3095 oi
2790 3043 3075 3112 αἱρετικοὶ,
3125 3044 3217 3097 καὶ
3260 3044 3524 3114 λέγουσιν,
3566 3049 3657 3102 ὅτι

2070 3135 2204 3206 ἄλλη
2232 3135 2488 3206 κυριότης
2514 3134 2608 3187 τοῦ
2640 3135 2871 3206 Πατρὸς,
2905 3135 3038 3207 ἄλλη
3062 3136 3155 3189 τοῦ
3186 3134 3336 3202 Υίοῦ,
3364 3138 3657 3210 θαυμάζω,

2073 3228 2190 3292 πῶς
2217 3229 2498 3298 ἀνέχονται
2537 3227 2807 3280 δουλεύειν
2847 3227 2968 3281 δυσὶ
3001 3229 3241 3300 κυρίοις·
3274 3230 3368 3283 τοῦ
3401 3234 3508 3304 γὰρ
3548 3236 3664 3288 Κυ-

388 3322 514 3387 tris,
582 3321 725 3377 alius
756 3317 907 3382 Filii,
960 3326 1017 3373 et
1067 3316 1267 3371 dividis
1308 3321 1657 3385 potestatem,
1694 3311 1967 3382 quomodo

2075 3319 2189 3391 ρίου
2223 3320 2339 3372 ἐστὶ
2375 3318 2554 3389 φωνὴ,
2587 3338 2605 3370 ι
2643 3319 2830 3382 Οὐδεὶς
2871 3318 3091 3379 δύναται
3134 3321 3253 3373 δυσὶ
3279 3300 3491 3392 κυρίοις
3529 3323 3665 3377 δου-

266 3451 277 3459 -
388 3429 558 3484 regno
580 3411 826 3468 servies?
853 3409 969 3465 Non
999 3417 1180 3479 potest
1222 3407 1437 3462 duabus
1473 3420 1578 3460 una
1605 3403 1971 3473 obtemperari

389 3505 777 3578 potestatibus,
808 3503 913 3559 nisi
941 3504 1053 3558 sint
1074 3502 1263 3557 eadem
1299 3499 1585 3570 dignitate.
1622 3495 1794 3552 Nemo
1836 3495 1970 3550 ado-

388 3605 475 3654 rat
508 3612 726 3668 regem,
774 3604 828 3652 et
880 3595 1219 3666 praefectum.
1257 3591 1359 3647 Ubi
1389 3593 1535 3646 enim
1570 3605 1669 3660 par
1702 3590 1963 3660 dignitas,

390 3707 490 3763 par
527 3706 746 3763 quoque
802 3689 1073 3743 adoratio.
1121 3687 1177 3740 ln
1228 3686 1347 3757 pari
1406 3685 1670 3755 dignitate
1726 3698 1837 3737 non
1888 3693 1973 3739 est

392 3801 593 3855 pugna.
624 3782 953 3854 lmparilitas
987 3795 1224 3851 pugnam
1248 3778 1453 3833 excitat
1483 3795 1497 3833 :
1532 3776 1819 3847 arqualitas
1876 3792 1974 3847 pa-

391 3889 510 3929 cem
547 3880 750 3928 tuctur.
786 3870 909 3926 Non
952 3870 1204 3940 permisit
1260 3868 1362 3924 tibi
1422 3867 1673 3922 Christus
1732 3867 1975 3922 dividere

390 3966 678 4027 honorem,
714 3978 838 4017 cum
872 3962 1083 4016 diceret
1124 3978 1137 4014 :
1177 3977 1195 4010 ι
1232 3957 1359 4013 Haec
1391 3965 1477 4013 est
1510 3957 1766 4012 voluntas
1800 3957 1974 4012 Patris

392 4055 521 4120 mei,
547 4062 606 4108 ut
633 4068 825 4108 omnes
852 4052 1123 4106 honorent
1168 4047 1391 4113 Filium,
1424 4045 1883 4118 quemadmodum
1922 4053 1976 4101 et

391 4144 610 4202 Patrem
632 4146 697 4199 ⁸⁵.
723 4163 742 4195 ι
765 4144 986 4198 Honora
1013 4141 1253 4204 Patrem,
1290 4149 1350 4194 ut
1381 4139 1618 4194 honores
1644 4135 1863 4202 Filium,
1892 4140 1976 4193 vel

393 4240 579 4311 potius
599 4239 808 4292 honora
832 4235 1053 4301 Filium,
1077 4241 1137 4288 ut
1158 4234 1396 4287 honores
1422 4230 1658 4286 Patrem.
1680 4231 1979 4286 Contume-

394 4330 519 4385 liam
552 4330 604 4385 iu
636 4327 830 4383 Filium
866 4327 1008 4382 Deus
1043 4342 1196 4382 suam
1216 4334 1370 4396 putat
1392 4342 1406 4391 ;
1431 4323 1679 4379 Salvator
1695 4326 1838 4378 enim
1864 4325 1974 4380 ait:

398 4422 531 4491 «Qui
562 4423 679 4478 odit
708 4438 814 4488 me,
839 4430 895 4476 et
915 4419 1131 4475 Patrem
1163 4434 1341 4473 meum
1365 4418 1498 4472 odit.
1527 4418 1593 4471 “.
1636 4436 1654 4468 ι
1691 4416 1769 4471 Ne
1793 4417 1982 4471 existi-

394 4526 546 4572 ment
564 4515 828 4575 lmretici,
854 4530 913 4569 se
938 4511 1237 4585 gratiﬁcari
1254 4509 1386 4573 Deo,
1407 4524 1532 4563 eum
1562 4509 1825 4577 majorem
1841 4507 1979 4563 Filio

2071 3412 2265 3467 λεύειν.
2305 3431 2322 3463 ι
2353 3413 2414 3464 Εί
2442 3412 2573 3482 ἄλλη
2606 3412 2862 3483 κυριότης
2890 3412 3124 3483 Πατρὸς,
3164 3412 3258 3466 καὶ
3290 3413 3423 3486 άλλη
3466 3417 3664 3487 κυριό-

2070 3522 2171 3576 της
2205 3502 2357 3569 Υίοῦ,
2392 3504 2485 3557 καὶ
2532 3503 2773 3573 μερίζεις
2805 3492 2901 3575 τὴν
2930 3505 3194 3570 ἐξουσίαν,
3227 3506 3342 3571 πῶς
3374 3507 3665 3579 λατρεύεις

2071 3600 2138 3668 τῇ
2177 3596 2454 3667 βασιλείᾳ;
2484 3597 2557 3649 Ού
2589 3596 2810 3649 δύναται
2852 3596 3213 3668 λατρευθῆναι
3245 3597 3338 3650 δύο
3370 3598 3667 3668 ἀξιώματα.

2073 3688 2215 3742 κατὰ
2237 3688 2297 3740 τὸ
2338 3687 2522 3752 αὐτοῦ,
2558 3688 2651 3741 ἐὰν
2680 3687 2753 3758 μὴ
2786 3687 3023 3759 ὁμότιμοι
3149 3690 3335 3754 Οὐδεὶς
3366 3695 3671 3763 προσκυνεῖ

2076 3777 2299 3849 βασιλέα
2323 3777 2416 3830 καὶ
2443 3779 2698 3849 ἄρχονταο
2725 3778 2857 3830 ὅπου
2883 3778 2989 3849 γὰρ
3015 3779 3272 3850 ὁμότιμος
3300 3781 3332 3850 ή
3359 3779 3504 3846 ἀξία,
3525 3782 3667 3851 ὁμό-

2072 3889 2231 3943 τιμος
2267 3872 2361 3924 καὶ
2392 3873 2424 3938 ή
2455 3870 2843 3941 προσκύνησις.
2886 3871 2973 3923 Ἐν
3001 3870 3079 3941 τῷ
3116 3870 3214 3942 ἴσῳ
3252 3871 3519 3944 ἀξιώματι
3553 3875 3665 3927 οὐκ

2076 3964 2189 4018 ἐστι
2223 3964 2389 4035 μάχη.
2421 3963 2493 4016 Τὸ
2525 3964 2705 4018 ἄνισον
2744 3964 2945 4035 ἐγείρει
2987 3962 3083 4034 τὴν
3124 3964 3303 4035 μάχην
3323 3983 3336 3995 ·
3364 3966 3425 4017 τὸ
3460 3965 3515 4017 δὲ
3544 3964 3669 4019 ἴσον

2079 4057 2333 4129 βραϐεύει
2364 4056 2460 4128 τὴν
2490 4058 2726 4128 είρήνην.
2759 4058 2833 4109 Ού
2880 4056 3222 4127 συνεχώρησέ
3257 4074 3336 4110 σοι
3368 4058 3395 4110 6
3423 4057 3672 4129 Χριστὸς

2081 4150 2300 4221 μερίσαι
2336 4149 2435 4220 τὴν
2459 4148 2645 4219 τιμήν,
2678 4147 2845 4202 εἰπών
2868 4165 2879 4177 ·
2924 4168 2942 4200 ι
2978 4149 3144 4201 Τοῦτό
3188 4151 3305 4203 ἐστι
3351 4150 3409 4202 τὸ
3446 4149 3672 4220 θέλημα.

2077 4242 2171 4296 τοῦ
2206 4235 2418 4312 Πατρός
2458 4258 2579 4311 μου,
2613 4242 2700 4294 ἵνα
2729 4242 2929 4304 πάντες
2957 4242 3154 4311 τιμῶσι
3182 4241 3272 4294 τὸν
3304 4242 3448 4306 rem,
3476 4241 3672 4309 καθὼς

2079 4332 2278 4403 τιμῶσι
2327 4332 2417 4386 τὸν
2464 4333 2703 4401 Πατέρα.
2749 4350 2767 4381 ι
2806 4331 2951 4401 Τίμα
2984 4332 3241 4404 Πατέρα,
3286 4332 3370 4383 ἵνα
3421 4334 3675 4407 τιμήσῃς

2080 4425 2242 4480 Υίόνο
2288 4424 2485 4496 μᾶλλον
2532 4423 2589 4475 δὲ
2635 4422 2770 4493 τίμα
2810 4422 2961 4484 Υίὸν,
3004 4423 3091 4475 ἴνα
3128 4424 3367 4495 τιμήσῃς
3412 4424 3667 4495 Πατέρα.

2094 4520 2445 4573 Ἰδιοποιεῖται
2475 4516 2567 4571 τοῦ
2610 4517 2741 4570 Υίοῦ
2778 4516 2874 4587 τὴν
2914 4516 3067 4588 ὓϐριν
3106 4518 3135 4568 ὁ
3166 4517 3328 4579 Θεός·
3365 4517 3509 4586 λέγει
3550 4518 3675 4591 γὰρ

396 4609 838 4679 pronuntiantes.
867 4604 983 4660 Non
1012 4605 1209 4671 recipit
1238 4602 1340 4656 sibi
1363 4599 1819 4662 Paterlionorem,
1853 4613 1967 4652 cum

2083 4613 2111 4664 6
2140 4614 2360 4684 Σωτήρο
2399 4630 2417 4663 ι
2467 4611 2525 4663 Ὁ
2557 4610 2657 4680 ἐμὲ
2707 4610 2879 4680 μισῶν
2933 4610 3025 4663 καὶ
3073 4609 3162 4662 τὸν
3189 4610 3406 4681 Πατέρα
3437 4628 3538 4681 μου
3572 4629 3677 4682 μι-

395 4698 569 4755 Filius
596 4699 716 4769 ejus
739 4697 1071 4753 contumelia
1093 4694 1345 4749 alﬁcitur.
1366 4691 1503 4748 Vide
1532 4691 1756 4746 evidens
1786 4706 1967 4746 earum

2083 4704 2184 4758 σεῖ.
2223 4722 2242 4754 ι
2267 4702 2358 4773 Μὴ
2391 4701 2683 4773 νομίσωσιν
2718 4701 3000 4773 αἱρετικοὶ,
3041 4700 3121 4753 ὅτι
3157 4699 3233 4770 τῷ
3266 4700 3385 4771 Θεῷ
3410 4702 3678 4772 χαρίσον-

396 4806 583 4849 rerum
630 4797 1011 4863 argumentum
1061 4803 1130 4843 ex
1195 4788 1372 4843 Veteri
1428 4785 1735 4857 Scriptura.
1804 4782 1967 4839 Amici

2080 4816 2170 4853 ται
2206 4799 2426 4869 μείζονα
2460 4797 2619 4852 αὐτὸν
2656 4796 2903 4865 λέγοντες
2947 4794 3039 4846 τοῦ
3086 4794 3214 4847 Υίοῦ
3255 4795 3439 4848 αὑτοῦ.
3468 4796 3543 4847 Ού
3575 4796 3677 4848 δέ-

396 4907 521 4973 Job,
545 4907 638 4978 qui
675 4911 941 4960 venerant
970 4902 1038 4956 ad
1083 4901 1514 4957 consolationem
1545 4898 1687 4968 ejus,
1725 4899 1967 4967 increpa-

2083 4909 2233 4962 χεται
2254 4892 2421 4961 τιμὴν
2456 4891 2554 4962 τὴν
2582 4891 2663 4953 είς
2695 4888 2883 4942 ἐαυτὸν
2912 4891 2940 4941 6
2979 4888 3187 4959 Πατὴρ,
3218 4888 3310 4941 τοῦ
3343 4888 3471 4941 Υἱοῦ
3496 4890 3677 4944 αὐτοῦ

398 5002 533 5057 bant
559 5013 709 5061 eum,
742 4996 899 5066 quasi
926 4993 1217 5049 temeraria
1253 4993 1588 5060 loqueretur,
1628 4997 1683 5042 et
1707 4987 1967 5057 justiﬁca-

2083 4985 2457 5057 ὑϐριζομένου.
2492 4984 2602 5036 Καὶ
2635 4982 2798 5053 βλέπε
2831 4980 3167 5053 πραγμάτων
3197 4980 3466 5047 ἀπόδειξιν
3503 4981 3680 5052 ἐναρ-

396 5093 530 5149 bant
560 5090 751 5155 Deum,
782 5086 885 5143 Job
926 5097 1105 5140 autem
1143 5083 1358 5147 dicebat
1390 5080 1499 5135 Deo
1536 5099 1550 5135 -.
1596 5097 1613 5130 ι
1660 5076 1796 5144 Quis
1826 5077 1967 5130 dabit

2080 5076 2150 5146 γῆ
2204 5076 2271 5128 ἐκ
2312 5074 2413 5145 τῆς
2450 5072 2686 5134 παλαιᾶς
2724 5069 3065 5141 Γραφῆς.’οί
3099 5068 3242 5136 φίλοι
3287 5067 3379 5121 τοῦ
3429 5066 3583 5129 Ἰὼϐ,
3611 5069 3680 5122 οε

398 5186 641 5257 judicem
696 5183 840 5236 inter
876 5193 969 5234 .ne
1008 5186 1064 5231 et
1098 5185 1170 5240 te,
1211 5184 1273 5229 ut
1300 5172 1536 5235 videam,
1563 5179 1697 5242 quot
1728 5170 1839 5224 sint
1869 5169 1967 5223 ini-

2080 5167 2322 5230 ἐλθόντες
2350 5169 2429 5228 εἰς
2461 5162 2833 5236 παραμυθίαν,
2871 5159 3157 5215 ἐνεκάλουν
3187 5159 3355 5230 αὐτῷ,
3390 5161 3466 5223 ὡς
3496 5158 3683 5228 φθεγ-

469 5341 513 5375 ⁶⁸
554 5338 725 5399 Exod.
759 5353 853 5403 xv,
893 5335 950 5392 2.
1003 5334 1050 5367 θ’
1090 5316 1292 5404 Ephes.
1332 5345 1404 5395 tv,
1441 5328 1495 5383 5.
1573 5325 1618 5359 “
1658 5324 1765 5381 lsa.
1802 5340 1894 5388 vr,
1929 5323 1983 5380 5.
2061 5321 2109 5353 “
2147 5320 2337 5375 Matth.
2374 5335 2463 5383 vr,
2496 5316 2588 5373 24.
2666 5318 2710 5350 δ’
2748 5315 2905 5372 Joan.
2940 5332 2993 5384 v,
3025 5316 3114 5371 ‘25.
3193 5316 3238 5348 “
3274 5310 3431 5370 Joan.
3468 5315 3678 5377 xv,23.

476 5521 585 5593 ('56)
620 5520 765 5593 llaec
791 5521 865 5577 ita
900 5518 1257 5593 restituimus
1295 5511 1686 5593 exDasiliensi
1722 5517 1791 5593 et.
1816 5506 1970 5593 γεμί-
2092 5577 2110 5593 Δ
2152 5505 2267 5593 (ζῇ)
2310 5502 2416 5593 Sic‘
2450 5501 2749 5593 Vaticanus
2800 5510 2855 5557 et
2893 5501 3047 5593 editi.
3089 5499 3411 5593 Basilienlsis
3445 5514 3575 5579 vero
3607 5508 3685 5556 et.

401 5570 1249 5649 οει’ὧῖ’Νῆῐῖίιῖῖξᾱίιῖηζὸιῆιήξ
1264 5570 1452 5640 mutila
1485 5593 1663 5643 erant,
1693 5589 1748 5634 et
1779 5581 1832 5632 in
1861 5579 1967 5630 An-

2080 5570 2316 5649 An'glic”
2466 5575 2560 5649 καὶ
2588 5573 2863 5649 ᾲνθρωποι
2893 5572 3157 5649 λέγονται.
3195 5570 3542 5649 Felcktuunni
3574 5584 3685 5626 se-

580 5642 739 5732 queni
758 5642 992 5717 secutus
1012 5642 1094 5714 est
1121 5659 1387 5732 Ninnius,
1417 5671 1537 5732 quae
1562 5654 1629 5707 de
1654 5642 1967 5732 hominibus

2082 5642 2316 5732 cuiidus,
2340 5646 2419 5699 διὸ
2456 5647 2550 5698 καὶ
2580 5642 2855 5715 ἄνθρωποι
2887 5645 2947 5696 ού
2977 5642 3243 5710 λέγονται,
3270 5643 3476 5697 omissa
3504 5654 3683 5711 voce,

402 5719 660 5861 git-untur
694 5735 984 5812 praeposita
1019 5737 1148 5786 sunt
1183 5730 1251 5784 iis
1294 5719 1530 5799 quae-de
1571 5738 1736 5792 equo,
1785 5727 1978 5775 contra
2089 5719 2345 5791 μέροπες,
2375 5732 2495 5787 quae
2521 5724 2704 5771 tamen
2733 5730 2988 5785 germana
3018 5721 3122 5769 est.

446 5815 703 5861 crmtura:
733 5817 951 5858 seriem.

446 5807 703 5876 criptura:
733 5805 951 5858 seriem.
