3890 6186
109 376 170 424 ιι
832 369 919 422 DE
956 368 1275 426 COMMUNI
1314 369 1656 426 ESSENTIA
1691 367 1944 426 PATRIS
1979 367 2068 423 ΕΤ
2104 365 2262 423 Fl-Lll
2294 367 2381 423 ET
2424 366 2595 421 SPIR.
2639 366 2697 422 S.
3303 366 3374 421 42

106 481 328 552 γομὲνῳ
375 481 651 553 τολμηρὰ,
699 484 795 537 καὶ
844 485 1114 539 ἐδικαίουν
1154 485 1247 539 τὸν
1291 485 1443 540 Θεόν.
1485 487 1544 540 '0
1583 485 1700 540 Ἰὼϐ

1808 485 2041 555 quitates
2066 497 2199 538 mea!
2220 502 2233 538 :
2251 484 2509 553 quoniam
2532 482 2608 536 ita
2628 497 2716 537 me
2735 480 2999 552 judicasti
3025 480 3069 513 "
3096 481 3118 534 ?
3145 499 3164 532 ι
3198 480 3375 536 Amici

104 571 262 640 ἔλεγε
289 570 370 641 τῷ
395 571 549 642 Θεῷ·
582 590 603 624 ι
641 572 737 636 Τίς
766 573 929 627 δώσει
982 574 1171 647 κριτὴν
1220 575 1322 628 ἀνὰ
1371 576 1534 646 μέσον
1563 574 1697 646 ὲμοῦ

106 663 202 717 καὶ
228 662 350 729 σοῦ,
395 664 485 717 ἴνα
528 664 624 718 ῐδω
661 666 828 719 πόσαι
868 667 1004 720 εἰσὶν
1040 667 1098 720 αἱ
1137 668 1400 739 ἁμαρτίαι
1439 685 1573 738 μου,
1617 669 1700 722 ὅτι

105 755 282 820 οὕτως
305 774 374 827 με
398 755 622 829 ἔκρινας
645 775 660 823 ;
684 777 704 810 ι
731 760 796 813 Οἱ
827 759 969 829 φίλοι
996 759 1087 813 τοῦ
1116 758 1237 813 Ἰὼϐ
1254 761 1578 814 ἐδικαίωσαν
1605 761 1702 814 τὸν

105 847 262 912 Θεὸν,
297 849 541 917 καίτοιγε
586 850 956 921 ἀγνοουμένης
987 852 1085 923 τῆς
1115 851 1424 915 ὑποθέσεως
1446 870 1461 882 ·
1495 851 1701 905 καὶτὸν

110 942 208 1013 μὲν
256 941 468 996 δίκαιον
519 943 723 1012 μᾶλλον
773 943 1102 1015 κατέκριναν
1146 945 1223 1007 ὼς
1273 945 1698 1016 ἁμαρτήσανταο

104 1035 196 1088 τὸν
239 1035 300 1087 δὲ
340 1034 501 1099 Θεὸν,
552 1036 630 1098 ὡς
672 1035 898 1099 δικαίως
943 1036 1236 1102 ἐπάγοντα,
1268 1036 1569 1106 ἐπῄνεσαν·
1607 1036 1702 1089 καὶ

105 1126 325 1195 λέγουσι
348 1125 433 1197 τῷ
473 1125 620 1179 Ἰώϐο
654 1144 673 1178 ι
712 1126 980 1194 Μεγάλαις
1019 1126 1305 1196 ὲλάλησας,
1337 1126 1702 1198 ὑπερϐαλλόν-

104 1235 209 1282 τως
241 1217 360 1287 (38)
393 1218 725 1289 ἐτόλμησας,
755 1218 819 1270 σὺ
856 1216 996 1270 κατὰ
1021 1216 1115 1271 τοῦ
1142 1216 1326 1270 ἱκανοῦ
1367 1217 1634 1289 λαλήσας
1675 1235 1693 1266 ι

105 1313 219 1375 καὶ,
240 1329 261 1361 ι
284 1311 346 1363 '0
364 1309 499 1373 Θεὸς
524 1310 601 1381 μὴ
628 1310 886 1381 ταράττει
918 1310 980 1363 τὸ
1002 1309 1226 1363 δίκαιον.
1252 1327 1272 1360 ι
1295 1309 1404 1361 Καὶ
1435 1308 1597 1362 πάλιν
1616 1309 1701 1361 λέο

105 1420 190 1470 γει
224 1404 254 1456 ὁ
282 1403 440 1472 φίλος
481 1401 681 1455 αὑτοῦ·
725 1420 744 1453 ι
780 1401 941 1455 Κατά
988 1401 1087 1466 τὰς
1122 1401 1397 1472 ἁμαρτίας
1436 1419 1529 1455 σου
1568 1402 1702 1472 ἐπή-

104 1492 241 1560 γαγέ
276 1509 383 1546 σοι.
427 1493 496 1545 Et
539 1490 598 1544 δὲ
647 1491 725 1562 μὴ
758 1491 952 1545 πολλαί
993 1508 1086 1545 σου
1131 1488 1274 1564 ἦσαν
1307 1493 1363 1545 αἱ
1410 1493 1698 1563 ἁμαρτίαι,

104 1585 204 1637 οὐκ
226 1582 295 1637 ἂν
327 1581 593 1653 ἐμάστιξέ
637 1599 718 1636 σε.
756 1601 776 1634 ι
806 1583 919 1637 Καὶ
964 1582 1179 1636 ἐδόκουν
1207 1583 1287 1654 τῷ
1324 1584 1444 1655 Θεῷ
1475 1600 1703 1655 συνηγο-

102 1679 240 1746 ρεῖν,
268 1674 365 1728 τὸν
412 1675 474 1728 δὲ
507 1675 717 1730 δίκαιον
760 1674 1137 1747 κατακρίνειν
1188 1671 1297 1748 ἄρα
1340 1676 1451 1747 (39)
1493 1679 1522 1730 ὁ
1572 1676 1704 1739 Θεὸς

104 1766 324 1831 ἐδέξατο
361 1768 491 1831 τοὺς
529 1767 672 1839 ὑπὲρ
718 1764 882 1819 αὐτοῦ
914 1766 1168 1835 λέγοντας
1197 1767 1350 1838 παρὰ
1375 1767 1438 1820 τὸ
1460 1767 1700 1833 δίκαιον;

1802 586 1982 632 autem
2010 574 2114 630 Job
2136 573 2512 645 justiﬂcabant
2554 572 2746 636 Deum,
2784 588 2909 627 cum
2947 586 3143 627 causas
3189 586 3375 627 rerum

1804 668 2018 739 ignotas
2053 667 2316 723 haberent
2354 686 2366 720 :
2401 665 2610 735 justum
2663 667 2864 723 virum.
2896 673 2958 718 ut
2992 666 3231 734 peccatis
3269 664 3373 720 ob-

1802 760 2047 824 noxium,
2097 759 2557 825 condemnabam,
2617 757 2922 828 Deumque,
2979 765 3040 811 ut
3075 757 3228 826 juste
3271 758 3374 812 bas

1801 850 2145 907 calamitates
2196 848 2555 914 inferentem,
2608 848 3011 914 collaudabaut,
3065 856 3228 918 atque
3296 850 3374 904 ita

1802 945 2136 1016 respondent
2163 944 2230 998 ad
2260 944 2427 999 verba
2452 942 2554 998 Job
2585 963 2597 998 :
2629 961 2650 995 ι
2681 943 2962 1014 Magniﬁce
3016 944 3235 999 locutus
3287 958 3372 1008 es,

1803 1036 2032 1091 audacia
2061 1037 2331 1092 sermonis
2364 1036 2443 1089 tui
2470 1037 2693 1100 eximia,
2724 1038 2988 1092 adversus
3011 1036 3183 1091 Deum
3204 1037 3375 1093 verba

1803 1126 1979 1182 fecisti
2001 1126 2068 1181 “.
2106 1145 2125 1177 ι
2164 1125 2262 1179 Et:
2290 1144 2308 1177 ι
2344 1125 2488 1181 Deus
2518 1141 2626 1180 non
2658 1126 3242 1195 coulundetjustitiam
3268 1127 3368 1179 ⁸⁸.»

1804 1218 2043 1275 Rursum
2089 1219 2225 1273 dicit
2258 1218 2466 1275 amicus
2518 1218 2680 1289 ejus:
2720 1238 2738 1270 ι
2786 1216 3098 1274 Secundum
3149 1227 3373 1289 peccata

1803 1318 1896 1363 tua
1957 1309 2140 1364 intulit
2168 1310 2286 1364 tibi.
2343 1308 2401 1364 Si
2432 1325 2541 1364 non
2575 1310 2746 1364 multa
2776 1317 2965 1366 essent
2993 1318 3213 1380 peccata
3257 1317 3371 1375 tua,

1804 1417 1912 1457 non
1963 1409 2018 1457 te
2047 1402 2369 1473 ﬂagellasset
2383 1404 2450 1457 "'.
2475 1424 2494 1455 ι
2528 1401 2593 1457 Et
2622 1404 2887 1473 putabant
2917 1419 2976 1459 se
3006 1402 3115 1458 Deo
3138 1404 3375 1473 patroci-

1804 1495 1943 1559 nari,
1972 1494 2101 1549 dum
2145 1494 2355 1564 justum
2387 1496 2843 1563 condemnarent;
2892 1496 2987 1551 sed
3040 1494 3184 1551 Deus
3215 1511 3376 1549 num-

1803 1585 1935 1656 quid
1989 1586 2244 1657 probavit
2295 1600 2411 1651 eos,
2450 1586 2545 1656 qui
2582 1586 2656 1639 ita
2686 1601 2785 1655 pro
2810 1601 2867 1640 se
2911 1594 3108 1657 prater
3156 1600 3374 1655 mquum

1803 1677 1969 1731 verba
2008 1676 2294 1733 facerent?
2325 1678 2466 1732 Num
2496 1679 2603 1734 hoc
2628 1694 2799 1749 genus
2837 1679 3128 1749 patrocinii
3156 1686 3372 1748 gratum

1807 1769 2016 1836 habuit,
2063 1768 2380 1840 iustumque
2432 1770 2699 1825 dedecore
2730 1771 2947 1824 aﬂecit?
2994 1770 3370 1841 Nequaquam.

105 1852 254 1928 τΑρα
289 1855 510 1920 ἐδέξατο
555 1855 656 1927 τὴν
694 1855 836 1926 ὑπὲρ
868 1854 1033 1908 αὑτοῦ
1072 1855 1420 1927 συνηγορίαν,
1455 1858 1549 1909 καὶ
1586 1857 1700 1927 ητί-

1808 1858 1922 1913 Non
1954 1859 2119 1930 igitur
2160 1861 2398 1917 admittit
2446 1863 2549 1919 sibi
2592 1863 2878 1927 honorem,
2921 1863 3015 1933 qui
3068 1878 3191 1917 cum
3234 1861 3377 1916 indi-

107 1961 249 2015 μασε
272 1944 368 1997 τὸν
394 1944 642 2010 δίκαιονς
687 1944 970 2015 Οὐδαμῶς.
1005 1945 1213 1998 Οὐκοῦν
1261 1947 1322 1999 οὐ
1357 1946 1569 2017 δέχεται
1600 1948 1697 2019 τὴν

106 2038 189 2100 είς
234 2036 429 2089 ἑαυτὸν
479 2035 664 2107 τιμὴν,
712 2036 1111 2107 ἀτιμαζομένου
1143 2037 1238 2090 τοῦ
1282 2037 1431 2091 Υίοῦ.
1474 2040 1701 2111 Ἰδωμεν

104 2129 165 2182 δὲ
189 2130 245 2181 τί
270 2127 420 2197 λέγει
448 2132 560 2191 τοῖς
584 2129 757 2198 φίλοις
775 2128 870 2182 τοῦ
886 2127 1007 2182 Ἱώϐ
1027 2144 1040 2158 ·
1071 2129 1199 2183 ιΔιὰ
1214 2130 1267 2183 τί
1284 2131 1384 2185 οὐκ
1400 2131 1700 2203 ἐλαλήσατε

104 2218 245 2290 ὀρθὰ
282 2219 416 2291 περὶ
462 2218 558 2272 τοῦ
603 2219 935 2291 θεράποντος
970 2238 1102 2292 μου;
1141 2243 1160 2274 ι
1198 2224 1261 2276 El
1290 2218 1383 2277 οὖν
1411 2226 1536 2288 τοὺς
1561 2224 1702 2280 κατὰ

102 2309 202 2363 τοῦ
225 2310 561 2383 θεράποντος
601 2310 769 2365 αὐτοῦ
810 2311 948 2383 ὀρθὰ
978 2312 1052 2385 μὴ
1084 2313 1342 2383 λέγοντας
1368 2315 1700 2381 ἀποσείεται,

104 2403 236 2466 τοὺς
262 2402 410 2456 κατὰ
436 2403 532 2456 τοῦ
557 2404 899 2474 Μονογενοῦς
930 2404 1237 2471 ἀκονῶντας
1273 2406 1383 2479 (40)
1411 2407 1512 2479 τὴν
1529 2407 1703 2477 γλῶτ-

104 2513 210 2550 ταν
258 2495 515 2566 δέχεταις
558 2497 846 2569 Οὐδαμῶς.
901 2499 1297 2572 Ἀπαραίτητος
1350 2500 1528 2555 τοίνυν
1577 2500 1701 2572 δίκη

105 2592 220 2652 τοῖς
253 2587 638 2658 βλασφημοῦσι
672 2590 736 2641 τὸ
760 2588 987 2660 Πνεῦμα
1014 2588 1074 2643 τὸ
1097 2590 1281 2660 ἆγιον⁸
1313 2592 1478 2647 ἄκουε
1501 2595 1612 2667 γὰρ
1649 2594 1702 2648 τί

104 2696 273 2751 φησιν
307 2681 340 2733 ὁ
386 2679 616 2750 Σωτήρ·
652 2698 671 2731 ι
702 2680 861 2734 Πᾶσα
906 2678 1224 2752 βλασφημία
1264 2682 1625 2755 ἀφεθήσεται·
1666 2687 1700 2756 η

100 2772 165 2826 ἃ
210 2772 293 2835 εἰς
325 2772 388 2825 τὺ
426 2772 653 2842 Πνεῦμα
693 2772 757 2825 τὸ
791 2772 947 2839 ἅγιον
985 2772 1303 2844 βλασφημία
1351 2775 1452 2829 οὐκ
1495 2775 1702 2850 ἀφεθή-

106 2880 283 2919 σεται.
315 2882 340 2916 1

251 2957 306 3012 7.
338 2957 471 3010 Ὀτι
486 2959 524 3024 ἠ
553 2958 721 3025 Τριὰς
744 2956 1111 3012 ἀποστέλλει
1136 2958 1547 3027 ἀποστόλους.

176 3047 319 3119 Περὶ
350 3046 450 3101 τοῦ
486 3047 700 3119 Πατρός
729 3047 914 3116 λέγει’
947 3066 967 3099 t
1018 3048 1105 3102 Ἐν
1133 3049 1243 3121 γὰρ
1272 3048 1350 3120 τῷ
1379 3049 1498 3122 ὄρει
1532 3050 1693 3117 Σιὼν,

102 3138 226 3209 ἥξει
254 3141 286 3193 ό
312 3139 827 3210 εὐαγγελιζόμενος,
863 3140 959 3194 καὶ
982 3141 1031 3193 ot
1071 3140 1571 3213 εὐαγγελιζόμενοι,
1602 3143 1699 3208 οὓς
1728 3183 1776 3248 c

104 3231 364 3303 ὀΚύριος
408 3230 840 3302 προκέκληται.
891 3252 911 3284 ι
958 3234 1095 3305 Περὶ
1138 3232 1231 3288 τοῦ
1274 3234 1444 3289 Υἱοῦο
1493 3255 1513 3287 ι
1564 3237 1696 3292 Ἰδοὺ

110 3323 432 3377 ἀποστέλλω
456 3324 626 3394 ὑμᾶς,
646 3324 721 3387 ὡς
748 3323 1018 3395 πρόϐατα,
1043 3325 1100 3378 ἐν
1123 3326 1272 3397 μέσῳ
1294 3326 1494 3381 λύκων.
1523 3347 1541 3381 ι
1565 3329 1701 3401 Περὶ

107 3416 200 3471 τοῦ
227 3416 554 3487 Πνεῦματος
590 3418 651 3469 ὲν
683 3418 806 3480 ταῖς
832 3416 1073 3489 Πράξεσι
1101 3417 1249 3486 λέγει
1269 3436 1281 3448 ’
1322 3437 1343 3471 ι
1382 3419 1445 3474 Οἱ
1482 3420 1582 3491 μὲν
1606 3419 1700 3476 οῦν

107 3509 511 3572 ἁπταὶ-ἐπες
550 3509 660 3562 ὑπὸ
690 3508 783 3561 τοῦ
837 3508 995 3577 ἁγίου
1042 3508 1359 3580 Πνεύματος
1408 3506 1574 3583 ἦλθον
1619 3516 1700 3577 εἰς

111 3605 452 3659 Σελεύκειαν.
480 3620 503 3654 ι
522 3601 588 3654 ΕΞ
608 3600 788 3653 τοίνυν
814 3599 953 3653 Θεοῦ
976 3601 1038 3654 τὸ
1067 3602 1510 3675 προσκαλεῖσθαι,
1538 3605 1627 3659 διὰ
1645 3607 1697 3659 τί

111 3696 165 3748 τὸ
184 3694 417 3764 Πνεῦμα
438 3693 531 3746 διὰ
551 3691 661 3745 τῶν
683 3691 978 3763 προφητῶν
1004 3692 1153 3762 λέγει
1179 3712 1192 3724 ’
1213 3713 1233 3745 ‹
1263 3694 1402 3749 Τάδε
1423 3695 1570 3764 λέγει
1587 3697 1700 3750 Κύ-

114 3802 217 3855 ριος
238 3803 255 3850 ;
277 3806 297 3836 ι
320 3786 433 3837 Καὶ
449 3783 619 3837 πάλιν
638 3782 697 3836 τὸ
713 3783 936 3854 Πνεῦμα
959 3786 1069 3848 τοῖς
1086 3786 1145 3837 ὲν
1183 3785 1484 3858 Ἀντιοχείᾳ
1500 3788 1696 3855 ἁγίοις·

114 3893 136 3926 ι
180 3874 520 3945 Ἀφορίσατε
550 3872 615 3944 δή
648 3889 738 3943 μοι
770 3873 884 3943 (41)
924 3873 1016 3927 τὸν
1044 3865 1376 3929 Παῦλον⁶καὶ
1406 3873 1696 3945 Βαρνάϐαν

113 3967 267 4029 sig-ob
311 3964 480 4036 ἔργον
519 3964 549 4017 ὃ
602 3965 1017 4037 προσκέκλημαι
1068 3964 1307 4032 αὑτούς;
1348 3986 1368 4019 ι
1406 3966 1563 4021 Μάθε
1608 3964 1701 4021 οῦν

113 4057 199 4127 τὴν
242 4055 489 4125 δύναμιν
529 4054 630 4125 τῆς
671 4054 919 4125 Τριάδος.
972 4056 1033 4109 '0
1082 4057 1276 4129 Πατὴρ
1326 4057 1637 4127 νομοθετεῖ·
1673 4059 1702 4111 ό

115 4145 231 4210 Υἱὸς
266 4147 524 4201 Eleusin
557 4146 622 4199 τὸ
659 4147 885 4218 Πνεῦμα
910 4147 1174 4203 αὐθεντεῖ.
1208 4151 1406 4203 Ἄκουε
1446 4150 1699 4219 λέγοντος

113 4238 196 4290 τοῦ
224 4238 396 4292 Θεοῦ*
436 4257 460 4291 ι
506 4236 994 4309 Εὐαγγελιξόμενοι
1030 4239 1272 4309 ἥξουσιν,
1303 4239 1399 4304 οὓς
1436 4242 1466 4293 ὁ
1501 4241 1704 4312 Κύριος

116 4331 547 4402 προσκέκληται.
589 4349 609 4381 ι

177 4442 229 4497 8.
260 4443 395 4494 Ὅτι
426 4441 469 4508 ἡ
495 4441 641 4510 ἁγία
672 4442 840 4510 Τριὰς
869 4440 1173 4495 δείκνυται
1201 4440 1499 4509 καθῆσθαι
1530 4443 1629 4495 ἐπὶ

639 4514 855 4579 θρόνου
877 4513 917 4565 ὑ
925 4512 1144 4579 ψηλοῦ.

176 4605 345 4674 φησιν
368 4606 399 4655 ὁ
433 4543 709 4663 Ἦσαῖαὲῗ
731 4619 753 4651 ι
778 4543 1048 4653 Εἷδονγτόν
1076 4552 1278 4672 Κῦριον
1302 4599 1531 4654 Σαϐαὼθ
1565 4599 1700 4653 καθ·
1736 4543 1780 4597 D

112 4694 308 4763 ήμενον
346 4693 443 4745 ἐπὶ
475 4691 668 4762 θρόνου
715 4690 920 4760 ὑψηλοῦ
968 4691 1061 4743 καὶ
1099 4691 1435 4762 ἐπηρμένου,
1495 4691 1591 4745 καὶ
1635 4691 1703 4745 τὰ

112 4788 354 4857 σεραφὶμ
394 4784 745 4853 είστήκεισαν
777 4782 962 4853 κύκλῳ
1001 4781 1193 4845 αὑτοῦ,
1246 4801 1265 4834 ι
1307 4784 1401 4836 καὶ
1430 4782 1499 4836 τὰ
1541 4782 1692 4851 ἑξῆς.

124 4879 383 4946 Ἀνάγκη,
410 4877 497 4930 ἵκει
520 4878 550 4928 ὁ
583 4874 771 4945 Πατὴρ
809 4873 922 4943 (ιε)
949 4873 1386 4943 ὑπολαμϐάνεται
1418 4874 1535 4945 πρὸ
1559 4873 1696 4926 πάν-

114 4988 234 5023 των.
268 4967 382 5024 Εἶθ’
412 4966 769 5028 ὑποκαταϐὰς
799 4964 981 5034 λέγει’
1022 4984 1042 5016 ι
1071 4967 1182 5019 Καὶ
1215 4967 1425 5036 ἥκουσα
1455 4967 1554 5037 τῆς
1581 4982 1696 5035 φω-

116 5060 206 5129 νῆς
232 5059 463 5130 Κυρίου,
507 5056 782 5123 λέγοντος·
824 5055 959 5109 Τίνα
1001 5055 1311 5123 ἁποστελῶς
1342 5059 1435 5109 κα)⁵
1479 5058 1562 5119 τίς
1606 5073 1701 5108 πο-

186 5286 226 5315 ⁶⁷
259 5285 366 5342 Job
402 5301 545 5350 xm,
579 5286 672 5341 23.
750 5287 796 5319 ⁸³
831 5285 936 5343 Job
966 5303 1055 5350 xv,
1106 5288 1193 5342 11.
1268 5288 1311 5321 ⁶⁹
1349 5286 1453 5342 Job
1493 5302 1583 5346 xi.
1622 5284 1675 5338 6.

196 5353 306 5409 Joel
342 5372 407 5409 ιι.
443 5356 541 5409 52.
615 5355 896 5409 "'Matth.
931 5373 962 5409 ι
989 5397 1006 5409 .
1042 5358 1127 5409 16.
1204 5360 1250 5389 ⁷⁸
1291 5358 1412 5409 Act.
1452 5373 1582 5409 xm.
1621 5356 1673 5409 ί.

1837 5282 1939 5338 Job
1976 5301 2087 5338 xm
2118 5325 2131 5347 ,
2166 5285 2217 5339 5.

1838 5355 1969 5409 ibid.
2002 5355 2059 5409 ‘2.
2136 5356 2182 5387 ⁷⁷

124 5352 166 5382 τι
196 5353 306 5411 ποθι
342 5372 407 5421 η.
443 5356 541 5413 52,
615 5355 896 5412 “Matth.
931 5373 962 5410 Χ
989 5397 1006 5421 ,
1042 5358 1127 5412 ίϐ.
1204 5360 1250 5389 ⁷⁸
1291 5358 1412 5410 Act.
1452 5373 1582 5418 XIII,
1621 5356 1673 5410 4.

1801 1951 2010 2021 guitate
2032 1949 2153 2006 Filii
2187 1953 2518 2020 conjunctus
2548 1954 2637 2008 sit.
2678 1952 2974 2008 Videamus
3004 1965 3210 2016 autem,
3241 1953 3376 2023 quid

1802 2040 1949 2095 dicat
1996 2042 2187 2097 amicis
2211 2040 2335 2098 Jobi
2366 2058 2379 2094 :
2411 2061 2430 2095 ι
2471 2043 2654 2110 Quare
2680 2060 2789 2099 non
2833 2053 2983 2101 recta
3034 2047 3204 2101 locuti
3240 2047 3377 2102 estis

1801 2133 1871 2189 de
1897 2148 2057 2189 servo
2086 2149 2208 2188 meo
2227 2135 2311 2188 “?
2342 2155 2360 2186 ι
2396 2135 2454 2189 Si
2479 2136 2648 2206 igitur
2668 2152 2777 2190 non
2810 2146 2958 2192 recta
2990 2138 3056 2193 de
3087 2153 3247 2194 servo
3274 2155 3377 2194 suo

1804 2225 2089 2295 loquentes
2115 2226 2397 2295 repudiat;
2428 2242 2498 2281 an
2545 2228 2779 2291 scilicet,
2815 2229 2907 2299 qui
2959 2239 3151 2283 contra
3187 2232 3379 2302 unigeo

1804 2317 1979 2372 nitum
2008 2316 2204 2372 Filium
2222 2334 2381 2373 suum
2409 2320 2623 2390 linguas
2641 2331 2864 2387 acuunt,
2886 2323 3146 2394 recipiet?
3173 2339 3380 2394 nequa-

1802 2411 2049 2481 quam!)
2066 2410 2488 2482 lndeprecabilis
2504 2415 2663 2485 igitur
2689 2430 2852 2485 poena
2872 2415 3378 2486 blasphemantibus

1808 2502 2075 2573 Spiritum
2102 2513 2376 2561 sanetum.
2402 2506 2543 2561 Audi
2571 2509 2715 2562 enim
2744 2509 2875 2579 quid
2912 2507 3162 2564 Salvator
3182 2509 3328 2564 dicat
3359 2530 3372 2563 :

1810 2614 1829 2647 ι
1865 2592 2057 2653 Omnis
2072 2596 2411 2667 blasphemia
2441 2599 2751 2655 remittetur
2776 2640 2792 2663 ,
2825 2601 3166 2671 blasphemia
3197 2615 3378 2657 autem

1805 2687 1862 2743 in
1888 2687 2152 2759 Spiritum
2181 2698 2435 2744 sanctum
2469 2706 2578 2746 non
2617 2693 2924 2748 remittetur
2949 2695 3015 2748 ".
3052 2714 3070 2744 ι

2050 2954 2106 3011 7.
2146 2954 2298 3022 Quod
2336 2955 2574 3011 Trinitas
2602 2966 2869 3022 apostoaos
2904 2966 3100 3011 mutat.

1876 3046 1952 3102 De
1989 3047 2148 3103 Patre
2177 3046 2310 3101 dicit
2342 3066 2355 3102 :
2392 3067 2411 3099 ι
2440 3046 2498 3102 In
2527 3055 2768 3103 montem
2799 3046 2930 3103 Sion
2961 3049 3140 3103 veniet
3165 3064 3381 3104 annun-

1805 3139 1972 3194 tiator
1986 3138 2286 3210 Evangelii,
2303 3146 2356 3193 et
2376 3137 2648 3209 Evangelii
2674 3140 3110 3202 annuutiatores,
3125 3155 3263 3210 quos
3282 3140 3382 3194 ad-

1806 3231 2024 3288 vocavit
2059 3228 2325 3285 Dominus
2346 3230 2412 3284 ".
2447 3250 2467 3283 ι
2498 3230 2574 3285 De
2605 3228 2780 3286 Filio:
2814 3250 2833 3282 ι
2867 3229 3008 3285 Ecce
3054 3231 3209 3285 mitto
3260 3245 3379 3298 vos,

1806 3324 1969 3396 quasi
2014 3338 2167 3389 oves,
2198 3323 2253 3377 in
2303 3322 2482 3378 medio
2533 3322 2783 3393 luporum
2799 3323 2868 3379 ⁷⁵.
2905 3343 2924 3374 ι
2960 3321 3037 3377 De
3072 3321 3277 3393 Spiritu
3325 3325 3383 3379 in

1807 3416 1964 3471 Actis
2006 3414 2139 3469 dicit
2175 3433 2189 3468 :
2226 3432 2246 3464 ι
2282 3411 2350 3467 Ει
2391 3413 2469 3468 illi
2506 3414 2722 3483 quidem
2761 3413 2915 3467 missi
2951 3427 2982 3467 a
3012 3411 3219 3483 Spiritu
3255 3429 3384 3469 sau-

1807 3516 1897 3565 cto
1934 3508 2189 3563 abierunt
2236 3504 2543 3561 Seleuciam
2562 3506 2629 3561 ⁷⁸.
2670 3525 2688 3557 ι
2724 3504 2781 3559 Si
2835 3506 3003 3577 igitur
3036 3504 3130 3561 Dei
3160 3514 3246 3563 est
3280 3524 3382 3561 vo-

1806 3617 1955 3668 care,
2000 3614 2100 3655 cur
2144 3597 2379 3669 Spiritus
2414 3611 2510 3667 per
2538 3597 2830 3667 prophetas
2866 3598 2986 3651 ait:
3021 3615 3042 3649 ι
3084 3596 3208 3651 Haec
3250 3598 3384 3652 dicit

1808 3689 2111 3747 Dominus?
2147 3708 2167 3742 ι
2219 3695 2314 3743 aut
2364 3704 2465 3744 cur
2510 3686 2768 3757 Spiritus,
2820 3688 2889 3743 iis
2926 3687 3021 3758 qui
3078 3687 3385 3742 Antiochiae

1806 3789 1986 3849 erant,
2018 3781 2225 3837 sanctis
2269 3779 2405 3834 dixit
2437 3797 2451 3832 :
2479 3798 2502 3830 ι
2541 3778 2832 3848 Segregate
2876 3779 3007 3831 mihi
3049 3777 3275 3832 Paulum
3327 3789 3383 3832 et

1808 3872 2113 3928 Barnabam
2156 3872 2211 3925 in
2256 3886 2417 3941 opus,
2448 3869 2514 3923 ad
2548 3870 2691 3939 quod
2717 3869 2907 3922 vocavi
2936 3869 3132 3923 eos"?
3166 3888 3186 3921 ι
3225 3867 3384 3925 Disce

1809 3964 1976 4035 igitur
2004 3964 2302 4033 potentiam
2331 3959 2636 4015 Trinitatis.
2661 3958 2822 4013 Pater
2852 3960 3024 4029 legem
3058 3961 3264 4021 condit,
3293 3958 3383 4013 Fi-

1808 4056 1917 4111 lius
1940 4055 2115 4125 jubet,
2151 4052 2389 4123 Spiritus
2418 4053 2800 4106 auctoritatem
2833 4050 3003 4106 addit.
3034 4052 3173 4105 Audi
3213 4052 3381 4105 Deum

1809 4150 1928 4205 haec
1978 4150 2286 4219 loquentem
2338 4165 2351 4200 :
2410 4164 2429 4197 (
2479 4144 2582 4210 Qui
2635 4144 2985 4212 Evangelium
3032 4145 3380 4206 annuutiaut,

1809 4243 2050 4303 venient,
2078 4255 2220 4310 quos
2248 4237 2510 4294 Dominus
2540 4221 2891 4291 vocavit".'i

1810 4442 1864 4495 8.
1902 4438 2170 4493 Probatur
2217 4448 2460 4491 sanctam
2516 4436 2830 4559 Trilm'tatcm
2882 4436 3060 4489 sedere
3109 4436 3166 4488 in
3196 4434 3383 4490 throno

2483 4523 2606 4559 erce
2627 4525 2708 4559 so.

2483 4523 2708 4562 επεεηο.

1882 4603 2021 4658 Dicit
2051 4602 2268 4658 Isaias:
2328 4622 2346 4652 ι
2385 4599 2506 4655 Vidi
2567 4599 2855 4655 Dominum
2903 4599 3145 4653 Sabaoth
3190 4598 3387 4655 seden-

1807 4703 1914 4749 tem
1952 4697 2011 4750 in
2036 4696 2235 4750 throno
2256 4694 2474 4748 excelso
2508 4701 2560 4746 et
2584 4693 2826 4756 sublimi,
2860 4699 2915 4747 et
2948 4691 3221 4761 seraphim
3253 4690 3301 4744 ei
3329 4692 3384 4742 iu

1806 4783 1994 4837 orbem
2048 4782 2481 4838 circumstabant
2514 4783 2580 4846 ⁷⁸,
2627 4802 2645 4833 ι
2680 4789 2787 4836 etc.
2839 4779 3136 4835 Necessum
3169 4790 3254 4834 est
3296 4780 3385 4832 hic

1808 4872 2020 4929 Patrem
2052 4881 2180 4929 ante
2205 4888 2397 4929 omnes
2426 4873 2677 4943 intelligi.
2702 4865 2906 4927 Deinde
2928 4880 3050 4941 post
3073 4886 3245 4941 pauca
3268 4870 3384 4925 haec

1806 4965 2125 5035 subiungit:
2160 4984 2177 5016 ι
2218 4964 2284 5019 Ει
2336 4963 2521 5019 audivi
2573 4980 2761 5020 vocem
2824 4963 3037 5017 Domini
3093 4963 3381 5018 dicentis:

1803 5059 1976 5123 Quem
2035 5060 2267 5122 mittam,
2295 5066 2349 5111 et
2399 5057 2523 5127 quis
2576 5056 2957 5127 proﬁciscetur
3006 5055 3072 5109 ad
3121 5055 3384 5124 populum

2297 5286 2338 5316 '”
2378 5283 2480 5338 Job
2515 5299 2626 5337 xui
2653 5324 2666 5347 ,
2704 5284 2754 5335 7.
2832 5284 2877 5313 ⁷¹
2923 5282 3109 5336 Matth.
3144 5297 3252 5347 xu,
3293 5282 3382 5335 3|.

2136 5356 2182 5387 ⁷⁷
2220 5354 2337 5410 Joel
2372 5372 2445 5418 ll,
2484 5355 2572 5406 52.
2681 5354 2724 5383 ⁷⁸
2766 5352 2871 5409 lsa.
2904 5366 2996 5416 γι,
3036 5352 3102 5419 1,
3133 5353 3188 5408 2.

189 5512 293 5587 (38)
333 5512 681 5587 Basiliensis.
735 5514 1185 5587 ὑπερϐαλόντας,
1218 5515 1361 5587 Mox,
1412 5515 1573 5587 κατὰ-
1600 5512 1694 5587 τοῦ

1808 5509 2099 5587 An_g_lic.,_'_l)
2126 5509 2270 5583 δίκη.
2322 5510 2380 5564 ιιι
2403 5511 2531 5567 edit.
2562 5511 2825 5587 Commel.
2850 5511 2988 5587 ibid;
3004 5511 3184 5587 τοίνυν
3209 5511 3384 5587 deest.

128 5581 318 5644 ἱκανοῦ,
348 5584 402 5637 id
435 5592 523 5637 est
559 5583 830 5639 adversus
848 5581 1054 5638 'Beuni.
1090 5583 1225 5640 Vide
1254 5586 1505 5640 Gnaeum
1539 5583 1694 5638 Scri-

1804 5651 1855 5668 M
1872 5582 1989 5655 (tu
2029 5581 2122 5637 Sic
2139 5581 2334 5637 omnes
2359 5597 2491 5637 mss.
2516 5590 2571 5637 et
2593 5584 2727 5639 edit.
2749 5581 2926 5637 Paris.
2948 5581 3092 5634 Edit.
3112 5582 3360 5637 Commel

132 5660 285 5725 plur;
304 5662 441 5725 text.
464 5652 648 5725 Ruth.
677 5670 717 5715 I,
738 5654 844 5725 20;
879 5653 985 5709 Job
1008 5670 1159 5725 x_xxr,
1181 5654 1251 5721 2;
1288 5654 1511 5716 Ezecb.,
1537 5670 1577 5714 ι.
1598 5654 1689 5708 24.

1808 5652 1857 5707 δέ
1883 5652 2001 5725 μοι.

191 5723 296 5795 (39)
331 5721 654 5795 Basilieusis
676 5733 732 5778 et
759 5724 997 5794 Anglie.,
1027 5721 1158 5795 ἆρα.
1183 5737 1237 5779 et
1258 5726 1340 5781 sic
1361 5726 1525 5794 paulo
1544 5732 1688 5793 post.

195 5791 297 5861 (illi
336 5793 679 5856 Basilio-usis,
727 5791 1080 5859 ἀκονοῦνταςξ
1125 5794 1245 5851 Mox
1287 5791 1607 5853 Babiliensis
1637 5801 1691 5850 et

276 5886 545 5949 Ρηιιοι..
595 5886 715 5949 Gn.
752 5887 1045 5949 XXVIII.

1871 5722 1984 5795 (112)
2024 5722 2342 5781 Basiliensis
2369 5730 2420 5779 et
2454 5722 2808 5794 Anglicanus,
2835 5723 2916 5777 ὅτι
2951 5723 3044 5776 καὶ
3079 5723 3292 5794 Πατήρ.

3060 5882 3100 5938 2
