3890 6186
378 326 452 383 45
1554 325 1612 380 S.
1653 324 1936 380 ATHANA
1946 323 2122 380 SHJS.
2163 353 2235 366 —
2258 324 2497 380 'DUBIA.
3580 329 3658 383 41

379 448 587 503 istum?
619 447 684 502 Et
708 448 821 504 dixi
846 467 859 504 :
881 447 1022 505 Ecce
1050 463 1176 519 ego,
1212 449 1367 504 mitte
1396 464 1505 505 me.
1537 447 1604 503 Et
1628 447 1767 502 dixit
1796 448 1960 503 mihi:

2072 446 2319 518 ρεύσεται
2347 446 2484 519 πρὸς
2515 448 2607 501 τδν
2635 448 2761 501 λαὸν
2789 448 2977 502 τοῦτον
3001 467 3015 513 ;
3040 450 3151 504 Καὶ
3179 443 3307 503 εἶπα
3342 447 3453 520 (45)
3470 466 3482 479 ⁸
3527 450 3660 505 Ἰδοὺ

378 542 532 597 Vade
565 543 633 597 ad
656 544 918 613 populum
948 544 1113 597 istum
1134 582 1150 607 ,
1183 549 1237 597 et
1266 542 1357 598 dic
1378 542 1428 597 ei
1461 561 1474 597 :
1502 540 1743 598 Auribus
1776 541 1963 597 audie-

379 636 472 702 tis,
501 643 555 690 et
588 650 698 690 non
730 636 1065 707 intelligetis,
1096 642 1151 691 et
1189 632 1439 691 videntes
1470 634 1745 699 videbitis,
1769 641 1823 688 et
1852 649 1963 688 non

379 729 642 784 cernetis.
666 728 1038 783 lncrassatum
1061 734 1146 784 est
1174 728 1318 782 enim
1338 742 1433 782 cor
1463 727 1647 798 pepuli
1664 726 1828 797 hujus
1843 726 1912 790 ",
1938 744 1956 776 ι

377 829 487 877 etc.
551 817 791 875 Joannes
840 836 973 876 vero
1024 821 1092 875 ad
1142 818 1340 874 Filium
1379 820 1570 875 eadem
1609 820 1704 874 illa
1758 819 1961 883 refert,

377 913 538 984 cujus
578 912 695 967 haec
728 912 908 968 verba
947 920 1078 970 sunt
1114 931 1128 967 :
1169 931 1189 965 ι
1231 912 1369 967 Cum
1399 922 1581 969 autem
1620 919 1775 967 tanta
1808 912 1963 983 signa

377 1004 601 1061 fecisset
633 1019 819 1061 coram
852 1005 955 1070 eis,
1008 1019 1118 1060 non
1176 1004 1529 1061 crediderunt
1576 1003 1631 1058 in
1680 1003 1855 1067 illum,
1905 1010 1964 1057 ut

377 1110 563 1151 sermo
618 1094 771 1151 Isaia
828 1093 1108 1165 prophetae
1156 1093 1478 1165 impleretur
1530 1108 1694 1165 quem
1745 1091 1885 1147 dixit
1946 1112 1957 1146 :

375 1180 628 1246 Domine,
646 1183 772 1254 quis
803 1181 1038 1237 credidit
1068 1180 1277 1238 auditui
1318 1181 1545 1239 nostro?
1587 1188 1642 1237 et
1674 1180 1962 1237 brachium

377 1273 594 1329 Domini
622 1275 712 1328 cui
742 1274 1039 1330 revelatum
1062 1275 1184 1330 est?
1203 1272 1329 1329 Πίος
1374 1281 1554 1329 autem
1594 1272 1734 1327 dixit
1765 1272 1958 1336 Isaias,

375 1376 502 1417 cum
535 1362 672 1418 vidit
717 1363 951 1435 gloriam
981 1362 1186 1433 ejus“.
1218 1381 1236 1415 ι
1265 1362 1340 1419 De
1369 1361 1581 1432 Spiritu
1603 1371 1788 1418 autem
1817 1360 1963 1416 Pau-

375 1454 464 1510 lus
514 1470 642 1510 cum
693 1454 917 1518 Iudaeis,
940 1455 1035 1525 qui
1067 1452 1253 1509 Romae
1299 1462 1477 1518 erant,
1508 1453 1845 1527 disceptans,
1890 1454 1963 1508 ita

375 1546 596 1603 locutus
622 1554 744 1602 est:
769 1565 788 1598 ι
807 1544 1094 1602 Benedixit
1116 1545 1357 1617 Spiritus
1388 1553 1617 1602 sanctus
1639 1561 1737 1617 per
1764 1544 1962 1602 Isaiam

375 1635 701 1706 prophetam
734 1654 748 1690 :
774 1635 1011 1689 Auribus
1045 1634 1375 1699 audietis,et
1403 1636 1887 1707 non-intelligetis,
1908 1643 1964 1691 et

374 1726 624 1783 videntes
648 1725 926 1792 videbitis,
962 1734 1015 1781 et
1043 1742 1152 1782 non
1182 1727 1500 1793 cernetis",
1529 1746 1547 1779 ι
1586 1736 1694 1783 etc.

801 2001 855 2057 9.
886 1998 1037 2067 Quod
1071 1998 1535 2067 Spiritus-sedeat.

451 2084 528 2146 Ex
561 2092 703 2147 libro
727 2090 914 2155 Mosis,
945 2107 1055 2146 non
1080 2091 1256 2147 solum
1288 2090 1499 2155 sedere,
1518 2090 1615 2145 sed
1640 2097 1694 2144 et
1720 2089 1963 2145 assidere

375 2184 557 2252 Patri,
597 2193 652 2240 et
709 2183 870 2248 Filio,
914 2182 1178 2255 Spiritum
1234 2193 1486 2241 sanctum
1533 2184 1959 2239 demonstratur.

379 2275 490 2333 Sed
520 2276 577 2331 id
608 2284 857 2347 petamus
881 2292 947 2333 ex
976 2277 1173 2332 idonea
1197 2276 1432 2331 historia
1464 2295 1477 2333 :
1514 2291 1748 2347 propero
1780 2283 1961 2332 autem

376 2370 446 2424 ad
494 2369 865 2424 Abrahamum
908 2388 921 2424 :
981 2387 1001 2419 ι
1051 2368 1315 2439 Apparuit
1363 2368 1508 2423 Deus
1560 2367 1859 2432 Abraham,
1907 2373 1961 2421 et

377 2476 508 2517 ecce
563 2468 676 2516 tres
730 2461 855 2525 viri,
881 2475 1019 2531 quos
1072 2460 1312 2532 hospitio
1340 2461 1557 2530 excepit
1593 2460 1697 2515 sub
1730 2473 1960 2530 quercu,

378 2553 472 2624 qui
533 2563 896 2610 surrexerunt
970 2560 1024 2608 et
1076 2561 1437 2624 respexerunt
1512 2569 1707 2609 versus
1785 2551 1962 2607 Sodo-

376 2662 524 2701 mam
543 2647 611 2701 3’.
656 2665 676 2699 ι
714 2645 835 2701 Jam
870 2647 1004 2700 illud
1052 2647 1305 2711 verbum,
1343 2665 1362 2697 ι
1402 2653 1784 2711 surrexerunt,
1825 2664 1844 2698 ι
1880 2645 1965 2699 in-

376 2740 527 2796 (icat
578 2740 881 2796 sessionem
922 2740 1293 2809 praecessisse.
1323 2737 1420 2793 Dic
1466 2740 1597 2793 mihi
1657 2738 1841 2810 igitur,
1905 2738 1962 2792 in

376 2845 569 2888 mensa
621 2839 733 2888 tres
770 2832 862 2888 isti
911 2832 1193 2897 sederunt,
1245 2831 1464 2886 annon?
1498 2830 1792 2892 Sederunt,
1838 2829 1958 2884 ait:

377 2922 524 2994 Ergo
553 2922 776 2987 sedere,
809 2923 953 2978 idem
988 2930 1073 2979 est
1104 2933 1269 2994 atque
1297 2938 1408 2977 una
1436 2918 1832 2978 considere."ln
1863 2919 1964 2975 Da-

377 3015 543 3081 niele,
589 3030 716 3070 cum
775 3013 1029 3071 Susanna
1085 3014 1152 3069 ad
1195 3023 1424 3070 mortem
1471 3013 1856 3079 abduceretur,
1887 3013 1965 3067 ait

380 3106 669 3179 Scriptura
720 3126 735 3163 :

377 3200 615 3269 pueruli,
655 3200 747 3254 cui
798 3214 999 3255 nomen
1056 3198 1327 3254 Daniel“.
1383 3217 1404 3250 ι
1468 3196 1585 3253 Vox
1627 3198 1796 3269 igitur
1841 3197 1956 3262 illa,

382 3310 401 3342 ι
439 3292 747 3357 suscitavit,
789 3311 808 3343 ι
856 3290 925 3346 de
972 3298 1154 3347 stante
1211 3305 1324 3346 non
1363 3291 1707 3363 intelligitur,
1752 3288 1851 3347 sed
1892 3288 1962 3345 de

378 3383 603 3439 sedente
653 3393 747 3438 aut
791 3382 1097 3439 dormiente
1124 3401 1139 3439 :
1169 3383 1629 3456 quemadmodum
1650 3390 1705 3439 et
1727 3383 1784 3438 in
1804 3380 1958 3438 Psal-

377 3491 471 3532 mo
504 3496 517 3531 :
556 3495 574 3527 ι
602 3476 888 3533 Excitatus
921 3485 1008 3533 est
1036 3485 1300 3547 tanquam
1349 3476 1631 3533 dormiens
1670 3475 1956 3541 Dominus,

377 3577 638 3639 tanquam
657 3580 849 3640 potens
864 3570 1250 3639 etcrapulatus
1283 3585 1312 3624 a
1341 3570 1547 3625 vino“.
1575 3589 1593 3620 ι
1629 3568 1727 3625 Ει;
1754 3587 1772 3620 ι
1799 3567 1961 3624 Exci-

377 3667 529 3715 tatus
575 3665 661 3715 est
719 3657 984 3713 Dominus
1036 3675 1104 3713 ex
1154 3660 1395 3715 nubibus
1445 3660 1560 3715 suis
1601 3659 1893 3715 sanctis".
1936 3678 1956 3711 ι

378 3748 554 3803 Aliam
596 3763 813 3819 quoque
858 3748 1079 3803 afferam
1111 3750 1399 3804 historiam
1437 3750 1504 3805 de
1529 3748 1689 3805 Patre
1720 3749 1956 3815 Domini,

381 3840 448 3895 ad
486 3840 752 3897 Joannem
802 3840 1017 3897 dicente
1055 3862 1066 3896 :
1100 3862 1123 3893 ί
1172 3840 1349 3912 Super
1372 3858 1533 3912 quem
1560 3843 1764 3899 videris
1787 3841 1961 3913 Spiri-

380 3943 498 3991 tum
561 3936 984 3991 descendentem
1018 3945 1072 3990 et
1122 3944 1433 3990 manentem
1483 3951 1649 4005 super
1680 3951 1804 3991 eum
1825 3936 1893 3990 ⁸⁸.
1936 3955 1954 3989 ι

379 4028 646 4083 Dominus
682 4029 792 4082 ait:
823 4046 841 4080 ι
875 4025 972 4081 Sin
1003 4034 1186 4081 autem
1207 4025 1388 4089 Pater,
1425 4028 1519 4097 qui
1553 4028 1608 4082 in
1636 4042 1721 4083 me
1750 4036 1957 4093 manet,

380 4119 501 4189 ipse
542 4118 675 4173 facit
702 4134 870 4189 opera
891 4119 961 4171 ⁸⁷.
1007 4137 1025 4168 ›
1061 4117 1155 4171 Dic
1190 4121 1357 4189 igitur
1378 4120 1535 4189 juxta
1567 4120 1625 4191 8
1649 4121 1762 4175 haec
1804 4122 1963 4177 testi-

378 4210 587 4275 monia,
636 4208 799 4266 Pater
826 4220 880 4266 et
911 4210 1151 4282 Spiritus
1202 4221 1425 4267 manent
1456 4213 1513 4266 in
1542 4210 1702 4279 Filio,
1738 4214 1964 4268 annon?

380 4301 619 4368 Manent,
636 4303 871 4372 inquies.
898 4301 955 4357 Si
986 4304 1172 4375 itaque
1198 4305 1252 4358 in
1285 4303 1425 4358 Filio
1460 4313 1683 4361 manent
1713 4304 1876 4361 Pater
1907 4314 1963 4361 et

382 4391 642 4463 Spiritus,
686 4409 913 4452 necesse
948 4410 1176 4465 prorsus
1207 4404 1312 4457 est,
1346 4393 1488 4450 Filio
1522 4395 1767 4461 sedente,
1810 4396 1963 4467 ipsos

2067 539 2200 609 ἐγὼ,
2240 539 2560 593 ἀπόπειλὸν
2597 556 2685 610 με.
2722 540 2829 594 Καὶ
2869 537 2990 594 εἶπέ
3025 559 3143 613 μοι·
3181 540 3484 613 Πορεύθητι
3518 542 3662 614 πρὸς

2065 633 2156 687 τὸν
2181 632 2311 685 λαὸν
2337 632 2549 693 τοῦτον,
2574 634 2670 687 καὶ
2698 634 2817 686 εἰπὲ
2838 634 2986 706 αὐτῷ
3007 652 3021 665 ·
3064 636 3223 706 Ἀκοῇ
3245 634 3534 707 ἀκούσητε,
3562 636 3661 688 καὶ

2066 726 2126 778 ού
2165 723 2240 796 μὴ
2285 726 2512 795 συνῆτε⁸
2565 726 2661 778 καὶ
2704 725 2993 796 βλέποντες
3040 726 3293 798 βλέψητε,
3327 728 3423 781 καὶ
3472 728 3532 781 οὐ
3578 728 3660 801 μὴ

2069 816 2235 889 ῐδητε·
2254 816 2535 889 ἐπαχύνθη
2565 818 2675 889 γάρ
2707 821 2740 889 ή
2770 819 2967 890 καρδία
2995 819 3089 873 τοῦ
3118 819 3250 873 λαοῦ
3270 820 3483 885 τούτου,
3513 838 3530 872 ι
3558 821 3661 874 καὶ

2065 909 2134 964 τά
2185 909 2333 981 ἑξῆς.
2381 910 2439 963 Ὁ
2481 910 2540 965 δὲ
2572 911 2826 982 Ἰωάννης
2878 914 2958 976 είς
3014 912 3107 965 τὸν
3152 912 3291 980 Υίὸν,
3323 911 3661 983 ἐκλαμϐάνει

2066 1002 2267 1057 ταῦτα’
2314 1003 2463 1073 λέγει
2499 1005 2644 1076 γάρ’
2684 1024 2703 1056 ι
2735 1003 2985 1058 Τοσαῦτα
3024 1004 3083 1059 δὲ
3117 1004 3281 1058 αὐτοῦ
3326 1008 3527 1076 σημεῖα
3556 1023 3661 1059 πει

2067 1095 2356 1167 ποιηκότος
2425 1095 2737 1168 ἔμπροσθεν
2776 1095 2979 1161 αὐτῶν,
3044 1096 3144 1149 οὐκ
3191 1097 3516 1151 ἐπίστευσαν
3575 1099 3661 1161 είς

2067 1185 2249 1250 αὑτὸν,
2282 1185 2372 1239 ἵνα
2403 1186 2433 1239 6
2476 1185 2634 1255 λόγος
2677 1187 2898 1240 Ἡσαΐου
2921 1186 3015 1240 τοῦ
3055 1188 3335 1259 προφήτου
3367 1187 3658 1260 πληρωθῇ,

2063 1276 2124 1330 ὃν
2150 1272 2299 1330 εἷπε·
2334 1295 2354 1329 ι
2392 1278 2585 1350 Κύριε,
2617 1278 2699 1342 τίς
2736 1280 3021 1333 ἐπίστευσε
3050 1281 3117 1350 τῇ
3148 1281 3284 1350 ἀκοῇ
3323 1280 3511 1350 ἠμῶν;
3557 1282 3661 1334 καὶ

2065 1370 2094 1422 6
2124 1368 2365 1441 βραχίων
2397 1371 2604 1443 Κυρίου
2634 1374 2741 1425 τίνι
2773 1371 3136 1442 ἀπεκαλύφθη
3161 1390 3175 1439 ;
3205 1372 3390 1426 Ταῦτα
3419 1372 3476 1426 δὲ
3499 1367 3661 1425 εἶπεν

2079 1461 2327 1526 Ἡσαΐας,
2354 1463 2443 1516 ὅτε
2473 1460 2581 1516 εῐδε
2600 1463 2697 1535 τὴν
2725 1463 2882 1529 δόξαν
2915 1464 3101 1521 αὐτοῦ.
3139 1485 3158 1517 ι
3191 1465 3328 1537 Περὶ
3354 1464 3449 1519 τοῦ
3476 1463 3656 1518 Πνεύ-

2070 1569 2239 1625 ματος
2270 1553 2326 1608 δὲ
2355 1555 2385 1607 6
2408 1554 2620 1619 Παῦλος
2641 1555 3024 1628 διαλεγόμενος
3052 1559 3165 1621 τοῖς
3196 1558 3256 1610 ἐν
3297 1556 3482 1629 Ῥώμῃ
3522 1557 3659 1609 Ἰου-

2064 1647 2255 1711 δαίοις,
2294 1643 2448 1701 εἷπε*
2487 1666 2507 1700 ι
2550 1647 2749 1713 Καλῶς
2788 1645 2907 1702 εἷπε
2942 1650 3002 1703 τὸ
3027 1649 3252 1721 Πνεῦμα
3280 1648 3340 1703 τὸ
3376 1649 3536 1717 ἆγιον
3563 1648 3658 1702 διὰ

2082 1741 2303 1795 Ἡσαΐου
2329 1740 2423 1795 τοῦ
2447 1743 2727 1813 προφήτου
2745 1758 2759 1772 ·
2782 1742 2919 1814 ἀκοῇ
2939 1742 3208 1813 ἀκούσητε
3226 1742 3361 1814 (14),
3375 1742 3468 1796 καὶ
3487 1742 3548 1794 οὐ
3576 1740 3656 1813 μὴ

2072 1834 2301 1903 amr-7115‘
2346 1834 2440 1887 καὶ
2471 1833 2754 1904 βλέποντες
2790 1834 3041 1906 suam,
3087 1834 3181 1889 καὶ
3212 1835 3272 1887 ού
3316 1834 3391 1906 μὴ
3432 1833 3652 1905 ῐδητε,»

2067 1926 2156 1978 καὶ
2185 1925 2253 1979 τὰ
2282 1924 2430 1996 ἑξῆς.

2320 2020 2375 2075 9.
2408 2019 2547 2086 Περὶ
2578 2018 2685 2072 τοῦ
2711 2017 3007 2086 καθῆσθαι
3029 2018 3096 2073 τὸ
3127 2018 3387 2088 Πνεῦμα.

2149 2112 2243 2164 Ἐκ
2292 2112 2393 2181 τῆς
2449 2111 2633 2181 βίϐλου
2673 2110 2916 2175 Μωσέως
2969 2111 3031 2163 οὑ
3087 2111 3244 2181 μόνον
3319 2111 3651 2182 καθήμενον,

2066 2200 2201 2255 ἀλλά
2244 2201 2340 2254 καὶ
2391 2201 2803 2273 συγκαθήμενον
2847 2201 2910 2254 τὸ
2938 2200 3162 2272 Πνεῦμα
3193 2201 3254 2255 τὸ
3280 2202 3434 2270 ἆγιον
3472 2200 3655 2272 Πατρὶ

2064 2293 2158 2345 καὶ
2189 2290 2304 2362 Υίῷ
2330 2291 2627 2348 δείκνυται.
2664 2291 2760 2345 Ἐκ
2789 2292 2889 2363 τῆς
2919 2288 3012 2346 οὖν
3040 2291 3354 2365 πρεπούσης
3387 2290 3651 2363 ἱστορίας.

2068 2384 2359 2455 ’Ὥρμημαι
2391 2382 2504 2456 (45)
2538 2383 2594 2436 δὲ
2628 2384 2722 2437 ἐπὶ
2762 2384 3045 2456 Ἀϐραάμο
3080 2402 3099 2436 ι
3134 2383 3309 2455 Ὠφθη
3359 2386 3388 2437 6
3420 2384 3549 2447 Θεὸς
3574 2382 3657 2454 τῷ

2079 2474 2349 2549 Ἀϐραὰμ,
2375 2477 2473 2529 καὶ
2501 2475 2607 2529 ἰδοὺ
2630 2476 2821 2547 ἄνδρες
2849 2478 3019 2547 τρεῖς,
3041 2475 3135 2541 οὓς
3167 2476 3261 2530 καὶ
3278 2475 3525 2540 ἐξένισεν
3546 2476 3656 2529 ὑπὸ

2065 2568 2164 2640 τὴν
2197 2564 2349 2637 δρῦν,
2384 2568 2435 2620 οἳ
2475 2566 2861 2638 ἐξανέστησαν,
2892 2567 3282 2637 ἐπιϐλέψαντες
3309 2566 3402 2620 ἐπὶ
3435 2565 3657 2637 πρόσω-

2069 2674 2168 2712 πον
2191 2657 2460 2729 Σοδόμων.
2504 2678 2522 2711 ι
2558 2659 2631 2712 Τὸ
2662 2659 2742 2724 δὲ,
2780 2678 2798 2710 ι
2836 2657 3221 2732 ἐξανέστησαν,
3256 2680 3276 2712 ι
3313 2658 3660 2714 καθισάντων

2065 2751 2183 2803 ἐστί
2214 2748 2479 2822 σημασία.
2521 2750 2657 2815 Εἰπὲ
2701 2745 2815 2814 οῦν,
2851 2751 2942 2804 ἐπὶ
2978 2750 3079 2820 τῆς
3106 2751 3387 2824 τραπέζης
3417 2752 3465 2805 οἱ
3504 2750 3659 2823 τρεῖς

2067 2840 2348 2905 ἐκάθισαν,
2381 2840 2416 2911 ἢ
2446 2839 2542 2906 of»;
2577 2840 2766 2911 Φησὶν,
2791 2840 3101 2894 Ἐκάθισαν.
3145 2842 3219 2894 Τὸ
3260 2836 3353 2895 οὖν
3385 2839 3661 2913 καθῆσθαι

2066 2931 2159 2986 ἐπὶ
2187 2931 2248 2985 τὸ
2275 2929 2409 2984 αὐτὸ
2440 2931 2764 3000 συγκαθίσαι
2795 2929 2963 2984 ἐστίν.
3003 2931 3091 2983 Ἐν
3117 2930 3173 2983 δέ
3204 2929 3282 3001 τῷ
3306 2928 3521 3000 Δανιὴλ,
3546 2929 3664 2982 Σω-

2068 3020 2268 3091 σάννης
2317 3019 2671 3092 ἀπαγομένης
2722 3019 3119 3092 θανατωθῆναι,
3166 3018 3312 3088 λέγει
3346 3019 3381 3091 ἡ
3427 3018 3659 3089 Γραφή·

791 3127 810 3160 ι
860 3107 1159 3163 Suscitavit
1197 3106 1343 3162 Deus
1396 3104 1663 3177 Spiritum
1710 3112 1960 3162 sanctum

2072 3130 2103 3202 ι-
2142 3111 2453 3184 Ἐξήγειρεν
2477 3113 2507 3164 6
2539 3112 2671 3176 Θεὸς
2701 3111 2763 3166 τὸ
2791 3111 3018 3202 Πνεῦμα
3061 3110 3123 3164 τὺ
3152 3110 3305 3179 ἅγιον
3341 3109 3659 3181 παιδαρίου,

2066 3194 2112 3272 ᾧ
2141 3202 2316 3274 ὄνομα
2340 3203 2559 3276 Δανιήλ.
2605 3221 2623 3256 ι
2672 3203 2738 3256 Ἦ
2765 3195 2859 3258 οῦν
2883 3221 2903 3255 ι
2938 3201 3269 3275 ἐξεγέρσεως
3306 3220 3326 3254 ι
3358 3200 3511 3272 φωνὴ
3551 3201 3663 3253 οὐκ

2068 3297 2163 3350 ἐπὶ
2192 3295 2428 3361 ἑστῶτος
2472 3296 2826 3369 λαμϐάνεται,
2859 3294 2975 3351 ἀλλ’
2996 3296 3091 3348 ἐπὶ
3120 3293 3430 3366 καθημένου
3465 3293 3499 3365 ἢ
3538 3308 3665 3347 κοι-

2070 3384 2356 3457 μωμένουο
2408 3385 2485 3451 ὼς
2544 3387 2639 3439 καὶ
2689 3386 2748 3440 ἐν
2798 3383 2878 3456 τῷ
2921 3382 3122 3456 ψαλμῷ
3169 3382 3349 3453 λέγει·
3411 3401 3431 3436 ι
3493 3381 3662 3454 Ἐξη-

2067 3477 2241 3551 γέρθη
2265 3476 2379 3549 (46)
2406 3477 2482 3542 ὡς
2519 3480 2549 3533 6
2579 3477 2762 3532 ὑπνῶν
2792 3476 3018 3550 Κύριος,
3045 3478 3123 3542 ὡς
3160 3476 3385 3541 δυνατὸς
3425 3476 3523 3530 καὶ
3564 3494 3669 3531 κε-

2069 3570 2464 3642 κραιπαληκὼς
2508 3570 2567 3637 ἐξ
2598 3569 2744 3625 οἴνου
2767 3587 2781 3600 ⁸
2818 3589 2837 3622 ι
2871 3569 2966 3624 καὶ
3000 3570 3095 3634 τὸ,
3132 3587 3152 3622 ι
3199 3567 3498 3640 Ἐξηγέρθη
3534 3568 3651 3623 Κύ-

2073 3679 2185 3734 ριος
2212 3664 2276 3715 ἐκ
2306 3661 2543 3729 νεφελῶν
2590 3662 2759 3729 ἁγίων
2797 3660 2983 3717 αὑτοῦ.
3022 3679 3042 3713 ι
3075 3661 3187 3715 Καὶ
3214 3660 3380 3731 ἄλλης
3413 3660 3667 3731 ἱστορίας

2072 3752 2431 3824 μνημονεύσω
2459 3753 2553 3807 τοῦ
2578 3752 2793 3826 Πατρὺς
2814 3752 2910 3806 τοῦ
2939 3754 3166 3824 Κυρίου,
3197 3753 3334 3825 πρὸς
3354 3752 3447 3805 τὸν
3480 3753 3669 3809 Ἰωάν-

2068 3861 2165 3915 νην
2200 3844 2480 3914 λέγοντος·
2524 3835 2557 3895 ι’
2594 3845 2710 3913 Ἐφ’
2747 3844 2809 3897 ὃν
2846 3843 2913 3897 ἂν
2967 3843 3083 3915 ἴδῃς
3112 3843 3174 3896 τὸ
3217 3842 3443 3913 Πνεῦμα
3480 3860 3665 3897 κατα-

2070 3935 2273 3999 ϐαῖνον,
2328 3935 2423 3990 καὶ
2475 3934 2637 4006 μένον
2686 3937 2775 3988 ἐπ’
2820 3933 3002 3989 αὐτόν.
3043 3953 3061 3986 ι
3110 3935 3170 3987 '0
3210 3934 3415 4005 Κύριος
3463 3928 3666 3987 εἶπεν*

2075 4049 2094 4080 ι
2135 4030 2198 4082 Et
2232 4028 2326 4082 καὶ
2350 4029 2379 4080 6
2416 4026 2609 4098 Πατὴρ
2639 4026 2770 4098 (47),
2801 4026 2830 4078 6
2871 4026 3130 4098 μένωνέν
3150 4026 3294 4097 ἐμοὶ,
3319 4026 3481 4090 αὐτὸς
3512 4029 3674 4080 ποιεῖ

2068 4121 2137 4175 τά
2165 4120 2318 4193 ἔργα,
2357 4138 2376 4171 ι
2415 4120 2551 4173 Εἰπὲ
2598 4115 2691 4172 οὖν
2730 4118 2871 4172 κατά
2907 4118 3007 4181 τὰς
3048 4118 3375 4191 μαρτυρίας,
3408 4121 3436 4172 6
3466 4116 3672 4190 Πατὴρ

2070 4214 2166 4266 καὶ
2209 4211 2271 4264 τὸ
2317 4210 2541 4282 Πνεῦμα
2582 4210 2831 4281 μένουσιν
2882 4210 2943 4263 ἐν
2985 4208 3062 4281 τῷ
3107 4209 3258 4279 Υἱῷ,
3297 4209 3331 4279 ἢ
3358 4208 3458 4275 ob;
3495 4209 3669 4278 Φησὶ,

2070 4305 2357 4357 Μένουσιν.
2399 4303 2463 4356 Oi
2494 4298 2586 4356 οῦν
2618 4304 2676 4355 ἐν
2710 4302 2788 4375 τῷ
2825 4302 2943 4373 Υἱῷ
2975 4303 3246 4373 μένοντες.
3273 4304 3302 4356 6
3340 4302 3531 4373 Πατὴρ
3562 4304 3676 4356 καὶ

2070 4396 2131 4448 τὸ
2165 4393 2409 4465 Πνεῦμα,
2432 4392 2525 4447 τοῦ
2555 4393 2687 4447 Υἱοῦ
2728 4394 3075 4457 καθίσαντος,
3103 4393 3317 4465 ἀνάγκη
3352 4394 3503 4447 πᾶσα
3531 4408 3676 4461 συγ-

380 4500 600 4557 quoque
648 4502 756 4541 una
786 4487 977 4543 sedere
1005 4488 1098 4558 qui
1130 4504 1254 4544 cum
1284 4489 1378 4543 illo
1412 4499 1670 4554 manent;
1723 4499 1783 4543 ut
1832 4504 1960 4561 ergo

2072 4486 2343 4557 καθῆσθαι
2373 4482 2520 4555 αὺτῷ
2555 4485 2647 4538 καὶ
2673 4485 2723 4539 οἱ
2762 4485 3014 4556 μένοντες
3038 4487 3096 4539 ὲν
3118 4485 3298 4555 αὐτῷ’
3326 4485 3402 4549 ὡς
3426 4479 3520 4538 οὖν
3554 4485 3673 4539 κά-

383 4576 537 4631 sedet
585 4578 721 4646 ipse,
757 4577 832 4631 ita
893 4594 1002 4632 una
1052 4578 1245 4634 sedent
1281 4578 1383 4635 illi.
1410 4576 1469 4633 Si
1503 4580 1668 4650 igitur
1718 4579 1836 4634 haec
1876 4588 1966 4635 est

382 4669 615 4724 historia
656 4668 725 4724 de
751 4669 1028 4725 Abraham
1060 4680 1115 4725 et
1143 4669 1263 4733 Lot,
1300 4678 1354 4726 et
1404 4671 1459 4724 in
1492 4671 1644 4725 Actis
1689 4671 1967 4740 apostolo-

384 4778 504 4816 rum
539 4764 805 4833 scriptum
829 4772 915 4819 est
941 4782 954 4819 :
980 4783 999 4817 ι
1034 4765 1101 4819 Ει
1129 4764 1271 4819 sedit
1298 4779 1465 4834 supra
1500 4764 1748 4832 singulos
1773 4778 1964 4819 eorum

384 4853 623 4925 Spiritus
648 4856 953 4920 sanctus”,
989 4876 1008 4909 ι
1031 4865 1091 4910 ιιι
1117 4865 1174 4911 et
1210 4858 1264 4911 in
1289 4854 1507 4911 Psalmo
1533 4855 1737 4910 dicitur
1764 4873 1778 4907 ε
1817 4873 1835 4905 ι
1856 4854 1967 4920 Qui

344 4982 354 5037 ἰ
384 4945 543 5003 sedes
569 4962 735 5017 super
764 4947 1048 5002 cherubim
1065 4948 1108 4979 δ’
1133 4966 1147 5007 ;
1177 4968 1195 4998 ι
1232 4946 1371 5002 Filio
1419 4956 1567 5002 certe
1604 4947 1821 5002 scimus
1848 4946 1965 5000 exi-

2072 4577 2253 4649 θηται,
2283 4577 2378 4630 καὶ
2411 4576 2803 4647 συγκάθηνται.
2850 4578 2913 4631 Ei
2940 4573 3033 4631 οὖν
3070 4576 3207 4648 αῦτη
3253 4578 3403 4630 ἐστὶν
3442 4576 3674 4649 ἱστορία.

2072 4669 2164 4721 ἐπὶ
2206 4667 2457 4739 Ἀϐραὰμ
2484 4667 2596 4739 (48)
2629 4669 2723 4722 καὶ
2750 4668 2895 4732 Λὼτ,
2923 4670 3018 4722 καὶ
3042 4670 3101 4722 ἐν
3130 4671 3250 4732 ταῖς
3283 4667 3524 4741 Πράξεσι
3549 4668 3675 4725 τῶν

2072 4760 2384 4814 ἀποστόλων
2423 4760 2764 4832 γέγραπται·
2793 4779 2812 4813 ι
2848 4762 2960 4814 Καὶ
2998 4760 3253 4815 ἐκάθισεν
3277 4762 3363 4831 ἐφ’
3387 4763 3484 4815 ἕνα
3521 4761 3676 4816 ἐκα-

2075 4869 2198 4907 στον
2239 4851 2420 4906 αὐτῶν
2459 4851 2519 4904 τὸ
2559 4852 2786 4923 Πνεῦμα
2833 4852 2895 4906 16
2949 4852 3134 4921 ἅγιον·
3181 4873 3201 4905 ι
3233 4852 3310 4917 ὡς
3351 4853 3449 4907 καὶ
3480 4854 3540 4906 ἐν
3581 4855 3678 4927 τῷ

2073 4942 2273 5014 ψαλμῷ
2313 4941 2493 5011 λέγει·
2537 4961 2557 4994 ι
2605 4944 2663 4995 '0
2697 4944 3005 5014 καθήμενος
3050 4945 3146 4998 ἐπὶ
3186 4944 3483 5015 χερουϐίμ·
3524 4963 3545 4996 ι
3581 4946 3678 5017 τῷ

454 5106 500 5136 ⁷³
529 5104 631 5159 lsa.
668 5121 742 5171 vi,
766 5107 919 5162 840.
994 5106 1212 5162 “Joan.
1250 5123 1365 5170 xu,
1397 5106 1586 5161 37-".
1663 5108 1845 5162 "Act.
1882 5124 1960 5162 xx‘

2072 5147 2085 5171 ,
2119 5108 2225 5170 25,
2262 5105 2355 5160 26.
2430 5104 2696 5161 "Cenes.
2733 5121 2869 5160 xvm
2894 5147 2908 5171 ,
2944 5109 2996 5171 1,
3033 5108 3089 5171 9,
3114 5106 3204 5161 22.
3281 5107 3329 5139 ⁸³
3356 5106 3494 5161 Dan.
3530 5122 3673 5173 xm,

382 5174 472 5228 45.
550 5174 595 5205 ⁸⁸
616 5173 763 5231 Psal.
802 5194 1021 5243 Lxxvu,
1055 5178 1144 5233 65.
1226 5178 1273 5210 ⁸⁸
1315 5177 1482 5234 Zach.
1520 5193 1580 5243 ιι,
1614 5178 1702 5232 15.
1778 5178 1825 5209 ⁸⁸
1862 5176 1960 5234 Joa

2072 5198 2099 5243 ι,
2137 5180 2226 5234 55.

386 5259 553 5299 Lxxix
570 5285 585 5311 ,
617 5243 673 5299 2.

405 5444 412 5452 .
459 5400 570 5472 (45)
610 5401 758 5467 Haec,
794 5403 890 5457 καὶ
934 5400 1085 5462 εἶπα,
1122 5418 1297 5472 usque
1336 5402 1425 5467 ad,
1467 5402 1557 5455 τὸν
1601 5400 1729 5455 λαὸν
1773 5402 1961 5456 τοῦτον

387 5471 678 5542 inclusive,
711 5474 909 5529 desunt
954 5480 1010 5527 in
1048 5471 1239 5538 Basil.,
1285 5481 1505 5542 propter
1534 5472 1957 5542 ὁμοιοτέλευτον.

388 5541 509 5614 illo);
539 5541 715 5614 idem,
736 5543 1015 5614 ἀκούσετε.
1043 5542 1209 5614 Paulo
1223 5541 1716 5614 po’st,Anglicanus
1743 5550 1797 5598 et
1824 5544 1957 5599 edit.

385 5608 564 5683 Paris.
598 5611 840 5681 βλέψετε,
873 5615 963 5667 alii
996 5608 1245 5683 βλέῷητεῖ

461 5682 572 5753 (44)
614 5683 953 5753 Dasiliensis,
981 5682 1262 5738 ἀκούσετε.

460 5751 574 5824 (45)
614 5752 950 5822 Basiliensis,
1006 5753 1279 5826 ὥρμηται.
1330 5753 1535 5810 Ibidem
1587 5755 1723 5823 hzec,
1782 5751 1956 5820 Ὠφθη

2332 5176 2374 5207 ⁸⁷
2415 5174 2573 5230 Joan.
2598 5192 2708 5243 xuv,
2741 5178 2828 5231 10.
2904 5180 2950 5210 ⁸³
2987 5178 3109 5232 Act.
3148 5194 3209 5241 ιι,
3247 5176 3337 5232 13.
3415 5178 3461 5209 ⁸⁸
3503 5176 3669 5236 Psal.

2068 5404 2097 5457 6
2129 5404 2262 5477 Θερς
2289 5404 2368 5477 τῷ
2412 5404 2905 5477 Ῐᾼϐραάμηάθειιιιι
2936 5406 2989 5459 in
3016 5405 3339 5476 Anglicano.

2138 5474 2250 5545 (46)
2288 5474 2634 5545 Basiliensis,
2659 5474 2977 5545 ἐξηγέρθην.

2139 5491 2250 5542 r40)
2288 5491 2623 5540 nasmensrs,
2659 5491 2716 5539 ες
2756 5491 2977 5545 γερυην.

2139 5530 2249 5615 (ιι-ι)
2288 5543 2607 5615 Basiliensis
2631 5554 2686 5598 et
2710 5491 3030 5615 θεροεηυε.
3060 5546 3125 5599 Et
3153 5546 3212 5599 δὲ
3238 5548 3287 5599 6.

2138 5612 2251 5689 (ιιι)
2289 5613 2678 5689 ln__Anglican_o
2710 5622 2765 5669 et
2793 5612 2975 5689 Felckj.
3015 5632 3053 5679 ι,
3095 5615 3371 5689 Ἀϐραάμ,
3397 5633 3530 5676 cum
3565 5628 3674 5681 ιο-

2065 5684 2180 5745 nui.
2213 5684 2273 5741 In
2310 5685 2435 5743 aliis
2465 5699 2592 5740 cum
2614 5684 2807 5751 denso,
2834 5693 2889 5742 et
2922 5687 3004 5743 sic
3035 5684 3271 5757 semper.
