3890 6186
378 328 386 353 ’
467 355 541 412 ιτ
1607 355 1665 414 s.
1704 350 2168 412 AT-HANASIUS.
2208 386 2280 398 —
2315 352 2546 411 DUBIA.
3643 348 3724 408 ss

468 477 609 532 siina
660 483 783 530 vota
829 485 940 541 tua,
984 484 1039 532 et
1091 476 1284 533 invoca
1314 491 1400 533 me
1441 477 1499 534 iu
1544 478 1634 534 die
1665 464 2034 533 tribulationis

2154 478 2391 550 ’Υψίστῳ
2419 477 2518 541 τὰς
2544 476 2708 547 εὐχάς
2738 490 2852 541 σου,
2881 474 2977 529 καὶ
3003 470 3323 528 ἑπικάλεσαί
3351 488 3418 543 με
3449 470 3506 524 ἐν
3528 468 3724 541 ἡμέρᾳ.
3784 530 3787 531 ν

466 574 594 630 tum,
628 575 681 622 et
710 582 897 623 eruam
930 575 1005 632 te,
1034 575 1088 623 et
1140 569 1526 626 honorificabis
1565 585 1654 625 me
1669 570 1710 626 ⁸.
1743 589 1763 623 s
1797 568 2034 640 Spiritus

467 657 723 712 nimirum
754 668 861 723 est,
902 659 995 728 qui
1023 659 1155 714 dicit
1191 678 1204 715 :
1244 677 1263 713 ι
1293 659 1492 716 Eruam
1522 671 1594 726 te,
1614 670 1669 717 et
1706 660 2036 716 honoriﬁca-

464 750 553 897 ἒξ
585 766 689 808 me.
722 771 741 805 ι
773 752 826 808 ld
860 753 1002 807 enim
1033 761 1199 824 patet,
1234 755 1365 826 quia
1394 755 1510 828 ipse
1537 756 1676 811 dixit
1703 775 1717 811 :
1751 772 1772 808 ι
1811 754 2037 810 lmmola

545 855 598 896 ο.
627 860 647 894 ι

545 855 647 896 ο.»

501 952 560 1026 9
606 954 689 1010 15.
728 954 881 1022 Quod
910 955 1096 1027 ubique
1126 956 1266 1012 adsit
1302 958 1559 1015 Trinitas.
1600 990 1671 1002 -—-
1703 958 1781 1015 De
1816 959 1999 1014 Patre.

544 1084 566 1119 ι
602 1068 812 1125 Caelum
867 1079 922 1125 et
974 1078 1176 1127 terram
1228 1087 1330 1144 ego
1388 1073 1607 1144 impleo,
1655 1073 1791 1129 dicit
1852 1070 2040 1128 Domi-

467 1173 573 1216 nus
601 1160 644 1215 ⁸.
669 1178 690 1212 ι

1056 1254 1143 1310 Η».
1169 1251 1245 1308 De
1276 1252 1440 1309 Filio.

542 1368 564 1403 ι
599 1348 704 1417 Qui
734 1349 1003 1413 ascendit,
1053 1350 1098 1405 is
1137 1357 1242 1415 est,
1301 1350 1394 1421 qui
1440 1348 1725 1405 descendit
1774 1348 1842 1403 ad
1897 1347 2038 1405 infe~

466 1443 643 1500 riores
668 1450 850 1513 partes
890 1449 1068 1500 terrae.
1098 1449 1157 1494 ut
1186 1441 1433 1511 impleret
1463 1441 1646 1496 omnia
1668 1442 1709 1498 ⁸.
1747 1459 1766 1493 ι

1027 1532 1116 1586 l5.
1140 1531 1218 1586 De
1247 1530 1474 1600 Spiritu.

528 1647 562 1676 -ι
593 1624 713 1692 Quo
757 1625 904 1681 iboa
936 1624 1141 1695 Spiritu
1185 1630 1301 1690 tuo,
1344 1630 1399 1677 et
1445 1636 1553 1694 quo
1584 1641 1614 1676 ει
1656 1621 1793 1679 facie
1835 1632 1925 1678 tua
1954 1621 2038 1676 fu-

464 1718 654 1790 giam?
684 1716 742 1772 Si
773 1717 1074 1774 ascendero
1116 1717 1174 1771 in
1221 1716 1444 1782 caelum,
1490 1726 1550 1770 tu
1603 1716 1712 1771 illic
1736 1732 1797 1772 es
1822 1733 1835 1769 :
1863 1716 1906 1771 si
1942 1714 2037 1769 de-

2139 569 2369 642 θλίψεώς
2400 588 2493 624 σου
2513 589 2526 602 ·
2557 570 2649 623 καὶ
2676 567 2961 639 ὲξελοῦμαί
2986 584 3067 636 σε,
3084 566 3177 621 καὶ
3199 564 3441 630 δοξάσεις
3470 580 3557 634 με.
3599 581 3620 614 ι
3639 561 3726 616 Τὸ

2138 661 2363 732 Πνεῦμα
2402 656 2496 714 οὖν
2541 662 2656 713 ἐστι
2691 658 2825 729 (53),
2872 658 2934 711 16
2978 658 3162 711 εἰπόν·
3192 674 3213 707 ι
3265 651 3579 724 Ἐξελοῦμαί
3630 668 3722 717 σε,

2137 754 2233 807 καὶ
2272 752 2515 817 δοξάσεις
2571 770 2658 823 με.
2699 771 2717 803 ι
2755 750 2926 821 Δῆλον
2963 750 3068 816 ὅτι,
3105 749 3235 804 αὐτὸ
3265 748 3374 820 (56)
3413 746 3521 820 γὰρ
3565 741 3716 802 εἷπε.

2144 864 2164 899 ι
2203 845 2375 899 Θῦσον
2400 844 2481 917 τῷ
2512 845 2651 915 Θεῷ.
2690 862 2710 896 s

2141 959 2226 1014 i5.
2265 959 2386 1013 Ὅτι
2411 957 2662 1027 πάρεστι
2691 954 2886 1023 πάντη
2913 955 2952 1023 ἠ
2988 953 3177 1023 Τριάς.
3194 984 3266 995 -—
3285 953 3425 1022 Περὶ
3454 953 3714 1023 Πατρός.

2216 1091 2235 1125 ι
2263 1072 2369 1127 Τὸν
2398 1071 2625 1143 οὐρανὸν
2655 1071 2749 1124 καὶ
2776 1070 2875 1143 τὴν
2906 1071 3011 1142 γῆν
3036 1066 3147 1138 ἐγὼ
3184 1064 3396 1141 πληρῶ,
3422 1066 3569 1137 λέγει
3594 1060 3724 1122 K6-

2141 1181 2274 1237 ριος.
2309 1182 2329 1215 ι

2706 1253 2788 1308 Η.
2818 1253 2957 1322 Περὶ
2994 1249 3153 1307 Υιοῦ.

2212 1367 2234 1401 ι
2267 1348 2325 1402 '0
2356 1345 2580 1411 ἀναϐὰς,
2614 1347 2775 1411 αὐτός
2809 1348 2923 1400 ἐστι
2963 1347 3054 1400 καὶ
3087 1347 3116 1398 6
3146 1342 3391 1408 καταϐὰς
3413 1345 3493 1410 εἰς
3515 1343 3587 1399 τὰ
3614 1358 3728 1400 κα-

2137 1437 2347 1512 τώτερα
2382 1438 2521 1512 μέρη
2551 1441 2649 1511 τῆς
2673 1439 2797 1509 γῆς,
2830 1439 2917 1493 ἵνα
2948 1436 3206 1511 πληρώσῃ
3238 1436 3308 1491 τὰ
3347 1437 3540 1492 πάντα.
3581 1456 3600 1489 ι

2600 1532 2685 1586 15.
2724 1531 2861 1599 Περὶ
2890 1533 3254 1599 Πνεύματος.

2214 1644 2233 1679 ι
2269 1623 2380 1679 Ποῦ
2414 1625 2662 1698 πορευθῶ
2690 1624 2797 1678 ἀπὸ
2823 1622 2916 1676 τοῦ
2960 1622 3276 1693 Πνεῦματός
3308 1638 3422 1684 σου,
3470 1621 3562 1674 καὶ
3604 1618 3727 1673 ἀπὺ

2138 1716 2231 1770 τοῦ
2278 1715 2569 1787 προσώπου
2605 1733 2697 1769 σου
2748 1712 2851 1767 ποῦ
2883 1713 3072 1783 φύγως
3116 1713 3241 1766 Ἐὰν
3275 1711 3458 1766 ἀναδῶ
3502 1712 3581 1774 είς
3622 1709 3727 1763 τὸν

465 1807 731 1865 scendero
757 1808 815 1863 in
862 1807 1157 1871 infernum,
1218 1806 1351 1863 ades
1372 1807 1413 1860 ⁸.
1447 1826 1466 1860 ι
1521 1806 1681 1862 Aliud
1714 1827 1727 1863 :
1754 1827 1772 1859 ι
1800 1806 1914 1863 Vos
1947 1822 2034 1863 co-

2154 1808 2385 1879 ιύρανδν,
2406 1807 2467 1859 σὺ
2492 1808 2609 1859 ἐκεῖ
2630 1801 2707 1859 εἷο
2738 1806 2834 1860 ἐὰν
2860 1802 3082 1859 καταδῶ
3103 1803 3180 1866 εἰς
3195 1803 3285 1855 τὸν
3304 1801 3455 1872 ᾅδην,
3480 1801 3661 1871 πάρει.
3696 1818 3723 1852 s

462 1904 727 1975 gnoscitis
758 1901 933 1966 illum,
965 1908 1019 1958 et
1049 1900 1193 1971 apud
1221 1917 1320 1958 vos
1368 1901 1615 1956 manet'.
1653 1920 1671 1953 ι
1705 1901 1772 1955 Et
1814 1901 1987 1959 lsaias
2019 1922 2034 1957 :

469 2009 491 2044 ι
526 1991 633 2058 Qui
681 1990 918 2045 ﬁrmavit
953 1991 1152 2046 coelum
1181 1997 1235 2046 et
1259 1998 1485 2055 terram,
1510 1998 1564 2046 et
1592 1990 1685 2045 dat
1719 1990 1906 2045 ﬂatum
1942 2008 2037 2062 po-

460 2084 617 2155 pulo,
645 2084 737 2153 qui
775 2083 829 2138 in
869 2098 933 2138 ea
962 2090 1065 2148 est,
1104 2091 1157 2138 et
1186 2083 1445 2153 spiritum
1493 2083 1563 2139 iis
1599 2083 1691 2153 qui
1728 2084 1943 2138 calcant
1976 2085 2044 2139 il-

465 2176 573 2231 lam
593 2176 636 2230 ⁸.
668 2194 687 2228 ι
721 2174 786 2228 Et
809 2174 940 2229 illud
976 2193 988 2229 :
1026 2193 1045 2226 ι
1075 2173 1314 2245 Spiritus
1347 2173 1563 2230 Domini
1595 2176 1821 2245 replevit
1852 2178 2041 2231 orbem

458 2274 733 2322 terrarum
773 2267 815 2321 ’.
846 2285 864 2318 ι
919 2262 984 2319 Et
1019 2284 1034 2320 :
1085 2284 1105 2318 ι
1136 2264 1373 2337 Spiritus
1409 2282 1565 2324 meus
1616 2275 1725 2324 stat
1776 2268 1829 2322 in
1863 2268 2040 2324 medio

462 2367 703 2412 vestrum
730 2358 795 2410 ¹⁰.
826 2377 846 2410 s
885 2355 1067 2422 Vides,
1097 2364 1158 2410 ut
1190 2355 1429 2428 Spiritus
1466 2364 1592 2414 ante
1620 2356 1837 2413 Patrem
1871 2373 2042 2429 pona-

462 2448 591 2501 tur?

674 2537 763 2593 16.
802 2538 953 2605 Quod
986 2556 1134 2594 nemo
1167 2550 1445 2611 cognoscat
1483 2539 1820 2595 Trinitatem.

533 2625 676 2682 Dicit
709 2627 959 2683 Salvator
992 2648 1005 2683 :
1044 2649 1062 2680 ι
1092 2629 1254 2686 Pater
1297 2639 1506 2695 sancte,
1556 2633 1793 2686 mundus
1827 2640 1879 2686 te
1928 2646 2040 2686 non

461 2720 736 2789 cognovit,
767 2735 868 2790 ego
901 2730 1079 2775 autem
1109 2724 1235 2776 novi
1270 2730 1321 2777 te
1350 2723 1413 2779 ¹¹.
1450 2742 1467 2775 ι
1507 2721 1580 2777 De
1611 2722 1746 2779 Filio
1779 2724 1831 2777 in
1860 2721 2039 2778 Evan—

460 2812 644 2883 gelio:
705 2829 724 2862 ι
779 2812 835 2867 ln
875 2812 1082 2867 mundo
1142 2822 1281 2877 erat,
1338 2822 1392 2869 et
1434 2815 1674 2869 mundus
1714 2830 1811 2885 per
1860 2816 2037 2884 ipsum

464 2900 642 2958 factus
662 2911 767 2968 est,
786 2913 840 2958 et
869 2904 1106 2959 mundus
1126 2920 1247 2959 eum
1270 2921 1377 2961 non
1406 2906 1660 2975 cognovit
1680 2908 1744 2960 η.
1780 2925 1798 2956 ›
1823 2903 1895 2960 De
1918 2904 2042 2974 Spi-

461 2993 573 3048 ritu
605 3010 623 3047 :
662 3012 681 3046 ι
725 2994 897 3061 Quem
940 2997 1179 3051 mundus
1214 3011 1326 3051 non
1372 3005 1554 3068 potest
1586 2998 1855 3069 accipere,
1896 3012 2039 3068 quo-

460 3086 610 3141 niam
638 3102 764 3142 eum
790 3101 898 3143 non
923 3089 1170 3159 agnoscit
1193 3089 1257 3143 “.
1281 3110 1300 3142 ο

462 3202 549 3258 17.
585 3203 757 3278 Quod
789 3205 841 3257 in
884 3203 1055 3258 Veteri
1080 3222 1278 3276 quoque
1308 3206 1640 3262 Testamento
1675 3208 1912 3262 Trinitas
1940 3224 2033 3278 pe-

653 3275 908 3328 culiarem
953 3292 1105 3329 suam
1144 3275 1494 3345 operationem
1524 3278 1838 3332 exhibuerit.

542 3380 563 3415 ι
605 3361 792 3427 Sume,
828 3382 847 3415 ι
894 3365 1092 3435 inquit,
1151 3384 1171 3419 ι
1212 3368 1534 3437 sanguinem
1571 3367 1918 3431 initialionis,
1982 3372 2036 3419 et

462 3454 681 3525 impone
704 3456 1083 3514 sacerdotibus
1110 3458 1166 3513 in
1192 3460 1508 3516 summitate
1529 3459 1788 3515 auricula:
1812 3458 2033 3524 dextrae,

460 3554 517 3602 et
565 3546 623 3601 in
671 3547 984 3605 summitate
1038 3549 1192 3619 pedis
1240 3551 1452 3617 dextri,
1495 3558 1550 3605 et
1605 3550 1661 3606 in
1723 3549 2037 3606 summitate

461 3636 667 3693 dextrae
728 3653 926 3695 manus
982 3639 1045 3693 “.
1085 3659 1104 3692 δ
1158 3639 1223 3693 Ει
1284 3640 1661 3695 animadverte
1719 3644 1885 3709 caput
1937 3653 2037 3708 po-

461 3732 575 3803 puli
617 3734 779 3787 tertio
821 3732 1189 3801 obsignatum,
1228 3731 1292 3786 ad
1351 3730 1585 3786 formam
1628 3730 1902 3800 seraphim
1954 3727 2037 3782 di-

460 3825 701 3880 centium
744 3841 758 3878 :
797 3841 817 3875 ι
856 3822 1112 3887 Sanctus,
1172 3831 1437 3889 sanctus,
1494 3831 1715 3878 sanctus
1775 3820 2037 3875 Dominus

463 3912 703 3969 Sabaoth
748 3913 793 3947 “
836 3932 904 3970 ιι
959 3922 1013 3969 et
1068 3914 1135 3968 ad
1168 3913 1398 3969 formam
1445 3913 1629 3982 lintei,
1690 3913 1836 3984 quod
1875 3910 2039 3965 Petro

459 4007 647 4080 Joppa
682 4008 934 4079 apparuit
984 4024 1015 4063 e
1046 4009 1186 4063 caelo
1236 4008 1532 4065 demissum
1562 4047 1580 4075 ,
1632 4024 1698 4063 eo
1750 4006 1899 4078 quod
1954 4013 2039 4061 ter

460 4100 758 4156 demissum
816 4101 888 4155 sit
926 4099 990 4154 “.
1022 4099 1088 4153 Et
1127 4116 1251 4155 cum
1292 4099 1553 4155 Dominus
1601 4099 1888 4170 imperavit
1920 4095 2036 4151 Mo-

461 4192 531 4259 si,
584 4200 645 4246 ut
689 4192 894 4248 diceret
942 4191 1146 4247 Aaroni
1193 4199 1247 4247 et
1301 4192 1426 4247 ﬁliis
1472 4192 1639 4261 ejus:
1698 4208 1717 4243 ι
1754 4189 1831 4245 ita
1873 4190 2041 4244 bene-

462 4286 656 4341 dicetis
686 4286 811 4340 ﬁliis
841 4286 1027 4352 Israel,
1071 4286 1313 4341 dicentes
1349 4286 1475 4340 illis.
1517 4285 1585 4340 Et
1628 4286 1908 4355 imponent
1937 4299 2038 4337 no-

462 4392 589 4432 men
630 4392 813 4432 meutn
840 4379 965 4432 [iliis
993 4379 1179 4443 Israel,
1217 4387 1271 4433 et
1300 4393 1401 4448 ego
1429 4377 1694 4433 Dominus
1716 4373 2038 4431 benedicam

460 4467 594 4521 illis.
620 4467 913 4523 Benedicet
941 4469 1039 4522 tibi
1069 4467 1357 4533 Dominus,
1385 4476 1440 4522 et
1465 4467 1703 4523 servabit
1736 4472 1824 4521 te:
1854 4472 2040 4518 osten-

2147 1896 2309 1951 Ἀλλο
2325 1896 2438 1969 (57)
2454 1914 2468 1926 ·
2494 1916 2512 1948 ι
2536 1896 2725 1967 Ὑμεῖς
2742 1895 2797 1949 δὲ
2818 1893 3110 1963 γινώσκετε
3128 1890 3308 1956 αὐτὸν,
3324 1890 3418 1944 καὶ
3440 1891 3565 1960 παρ’
3584 1889 3729 1958 ὑμῖν

2146 1988 2317 2061 μένει..
2351 2008 2370 2041 ι
2399 1989 2508 2042 Καὶ
2535 1989 2564 2040 6
2605 1989 2832 2051 Ἡσαΐας
2850 2004 2865 2018 ο
2902 2005 2921 2038 ι
2944 1987 3002 2039 Ὀ
3036 1982 3343 2055 στερεώσας
3372 1982 3460 2036 τὸν
3489 1980 3731 2052 οῦρανδν

2142 2085 2235 2136 καὶ
2278 2083 2375 2155 τὴν
2402 2082 2524 2152 γῆν,
2561 2082 2657 2135 καὶ
2701 2080 2876 2144 διδοὺς
2904 2078 3071 2149 πνοὴν
3113 2076 3190 2147 τῷ
3221 2075 3352 2147 λαῷ,
3387 2073 3464 2144 τῷ
3503 2074 3589 2125 ἐπ’
3615 2073 3731 2126 αὖ·

2139 2177 2259 2247 τῆς,
2310 2176 2343 2247 ἢ
2398 2176 2493 2229 καὶ
2548 2172 2766 2243 πνεῦμα
2815 2174 2929 2237 τοῖς
2980 2168 3238 2225 πατοῦσιν
3286 2168 3486 2237 αὐτήν·
3531 2185 3550 2218 ι
3596 2166 3725 2230 καὶ,

2148 2288 2167 2320 ι
2200 2268 2421 2339 Πνεῦμα
2454 2267 2660 2340 Κυρίου
2693 2265 3021 2337 πεπλήρωκε
3051 2263 3148 2335 τὴν
3167 2260 3517 2333 οἰκουμένην·
3542 2278 3560 2310 ι
3598 2260 3725 2322 καὶ,

2148 2376 2167 2409 ι
2206 2353 2431 2427 Πνεῦμα
2468 2373 2569 2426 μου
2603 2355 2832 2426 ἕστηκεν
2862 2357 2919 2408 ὲν
2952 2354 3099 2425 μέσῳ
3130 2353 3305 2424 ὑμῶν.
3339 2370 3358 2403 ι
3403 2350 3565 2422 Ὁρᾷς
3596 2349 3729 2413 πῶς
3876 2388 3879 2415 τ

2139 2448 2201 2501 16
2228 2447 2451 2519 Πνεῦμα
2490 2448 2848 2519 προτάττεται
2886 2447 2980 2499 τοῦ
3010 2446 3219 2515 Πατρός
3245 2461 3260 2510 ;

2339 2541 2424 2595 l6.
2457 2542 2576 2594 Ὅτι
2602 2540 2802 2605 οὐδεὶς
2835 2536 3107 2609 γινώσκει
3138 2536 3255 2605 τὴν
3285 2534 3513 2604 Τριὰδα.

2211 2633 2376 2703 Λέγει
2408 2635 2438 2687 6
2488 2634 2713 2704 Σωτήρ·
2751 2649 2771 2682 ι
2810 2632 2991 2703 Πάτερ
3054 2631 3198 2699 ἆγιε,
3261 2630 3463 2700 κόσμος
3515 2644 3576 2680 σε
3616 2626 3731 2679 οὐκ

2141 2727 2307 2796 ἔγνω·
2339 2724 2449 2795 ἐγὼ
2478 2725 2534 2779 δέ
2564 2743 2621 2778 σε
2650 2725 2837 2794 ἔγνων.
2865 2743 2883 2776 ι
2905 2723 3039 2795 Περὶ
3067 2723 3161 2777 τοῦ
3191 2722 3320 2775 Υἰοῦ
3351 2724 3407 2774 ὲν
3432 2719 3509 2791 τῷ
3541 2720 3731 2789 Εὐαγ-

2141 2820 2323 2891 γελίῳ·
2341 2837 2360 2870 ι
2383 2820 2470 2873 Ἐν
2496 2818 2572 2891 τῷ
2599 2820 2787 2889 κόσμῳ
2815 2814 2903 2889 ἦν,
2923 2818 3018 2872 καὶ
3041 2818 3069 2869 6
3091 2816 3292 2886 κόσμος
3319 2813 3563 2867 διἀῦτοῦ
3591 2810 3730 2881 ἐγι-

2139 2930 2282 2977 νετο,
2332 2911 2429 2966 καὶ
2469 2914 2498 2965 6
2535 2912 2737 2982 κόσμος
2788 2909 2949 2963 αὐτὸν
3013 2910 3112 2962 οὐκ
3162 2907 3320 2977 ἔγνω.
3363 2925 3382 2958 ι
3435 2906 3568 2974 Περὶ
3620 2903 3729 2959 τοῦ

2142 3002 2459 3074 Πνεύματος
2478 3019 2492 3032 ⁵
2521 3020 2539 3053 ι
2560 3004 2623 3053 "O
2653 3004 2680 3055 6
2707 3002 2912 3073 κόσμος
2947 3001 3006 3054 οὐ
3052 2999 3273 3054 δύναται
3317 2998 3518 3062 λαϐεῖν,
3540 2996 3622 3049 ὅτι
3657 2996 3730 3050 σὺ

2141 3096 2401 3167 γινώσκει
2425 3094 2575 3150 αὑτό.
2605 3114 2624 3148 υ

2065 3164 2109 3221 C
2142 3164 2229 3265 i7.
2263 3210 2380 3264 Ὀτι
2413 3209 2511 3265 καὶ
2538 3209 2607 3262 ἐν
2629 3207 2704 3276 τῇ
2730 3204 2961 3273 Παλαιᾷ
3001 3208 3040 3274 ή
3082 3206 3249 3273 Τριὰς
3271 3205 3385 3273 τὴν
3412 3204 3732 3277 ἐνέργειαν

2498 3279 2613 3348 τὴν
2644 3280 2801 3331 ἰδίαν
2835 3278 2946 3347 (58)
2982 3278 3374 3331 ἐνδείκνυται.

2220 3390 2238 3422 ι
2274 3370 2441 3435 Λάϐε,
2485 3388 2504 3422 s
2541 3371 2694 3440 φησι,
2733 3388 2751 3419 ι
2783 3369 2843 3421 16
2874 3363 3012 3440 αἷμα
3062 3371 3161 3440 τῆς
3213 3366 3574 3433 τελειώσεως,
3622 3366 3737 3423 καὶ

2144 3464 2330 3528 ἐπίθες
2365 3464 2457 3517 ἐπὶ
2486 3462 2612 3525 τοὺς
2652 3463 2835 3535 ἱερεῖς,
2881 3462 2974 3515 ἐπὶ
3023 3460 3082 3514 16
3109 3460 3275 3531 ἄκρον
3315 3460 3409 3513 τοῦ
3447 3460 3585 3524 ὠτὸς
3620 3458 3734 3515 τοῦ

2140 3554 2336 3622 δεξιοῦ,
2395 3555 2489 3612 καὶ
2519 3554 2611 3607 ἐπὶ
2656 3554 2716 3606 16
2747 3554 2915 3624 ἄκρον
2946 3551 3039 3605 τοῦ
3073 3552 3231 3615 ποδὸς
3272 3550 3366 3604 τοῦ
3394 3550 3590 3616 δεξιοῦ,
3626 3553 3735 3605 καὶ

2143 3651 2235 3703 ἐπὶ
2260 3648 2320 3702 16
2345 3649 2512 3720 ἄκρον
2544 3648 2642 3719 τῆς
2664 3647 2845 3718 χειρὸς
2871 3646 2969 3717 τῆς
2989 3646 3186 3712 δεξιᾶς.
3220 3664 3239 3696 ι
3287 3645 3396 3697 Καὶ
3432 3643 3597 3714 βλέπε
3620 3644 3736 3716 τὴν

2143 3739 2387 3812 κεφαλὴν
2439 3736 2536 3791 τοῦ
2564 3738 2692 3791 λαοῦ
2729 3738 2909 3809 τρίτον
2960 3734 3419 3808 σφραγιζομὲνην,
3462 3733 3603 3787 κατὰ
3631 3736 3735 3790 τὸν

2142 3833 2311 3888 τύπον
2330 3831 2437 3885 τῶν
2462 3831 2711 3903 Σεραφὶμ
2748 3830 2857 3883 τῶν
2883 3829 3151 3899 λεγόντων
3172 3846 3183 3857 ·
3224 3848 3241 3880 ι
3279 3828 3486 3895 Ἀγιος,
3539 3828 3732 3895 ἅγιος,

2143 3926 2300 3997 ἅγιος
2345 3923 2550 3996 Κύριος
2591 3922 2849 3977 Σαϐαώθ·
2901 3941 2919 3975 ι
2962 3923 3057 3976 καὶ
3107 3922 3248 3976 κατὰ
3281 3921 3372 3975 τὸν
3422 3920 3590 3974 τύπον
3619 3921 3736 3993 τῆς

2145 4018 2398 4084 σινδόνος,
2431 4017 2529 4088 τῆς
2553 4016 2811 4086 φανείσης
2847 4015 3037 4087 Πέτρῳ
3064 4016 3121 4067 ὲν
3162 4014 3371 4088 Ἰόππη,
3408 4015 3471 4067 ὲκ
3496 4013 3589 4067 τοῦ
3630 4015 3740 4069 οὐ·

2148 4108 2309 4182 ρανοῦ
2344 4107 2726 4180 χαλασθείσης,
2756 4106 2844 4160 διὰ
2875 4107 2936 4159 16
2979 4106 3159 4177 τρίτον
3207 4104 3561 4176 χαλασθῆναι.
3607 4104 3738 4160 Καὶ

2143 4203 2232 4255 ὅτε
2259 4199 2444 4263 ὁΘεδς
2474 4194 2596 4252 εἶπε
2632 4198 2711 4270 τῷ
2765 4200 2956 4252 Μωσεί
3001 4200 3173 4251 εἰπεῖν
3214 4196 3424 4269 Ἀαρὼν
3471 4197 3565 4250 καὶ
3607 4200 3740 4263 τοῖς

2145 4292 2280 4355 υίοίς
2324 4287 2509 4352 αὑτοῦ,
2558 4287 2763 4356 λέγων’
2807 4306 2825 4339 ι
2861 4286 3046 4350 Οῦτως
3082 4287 3400 4358 εὐλογήσετε
3424 4285 3535 4356 (59)
3587 4287 3737 4352 τοὺς

2143 4382 2293 4444 υἱοὺς
2338 4378 2571 4451 Ἰσραὴλ,
2622 4378 2870 4448 λέγοντες
2904 4378 3119 4441 αὐτοῖς·
3151 4378 3262 4432 Καὶ
3292 4376 3611 4448 ἐπιθήσουσι
3664 4378 3737 4432 τὸ

2144 4471 2315 4542 ὅνομά
2349 4489 2448 4542 μου
2480 4472 2573 4524 ἐπὶ
2604 4473 2726 4534 τοὺς
2761 4471 2910 4534 υἱοὺς
2943 4470 3178 4543 Ἰσραὴλ,
3236 4471 3327 4524 καί
3375 4468 3485 4538 ἐγὼ
3512 4468 3738 4540 Κύριος

460 4558 556 4613 det
588 4556 782 4611 faciem
822 4573 976 4613 suam
1024 4574 1189 4629 super
1217 4566 1292 4622 te,
1340 4567 1393 4614 et
1419 4559 1767 4615 miserebitur
1795 4557 1891 4613 tui.
1931 4556 2030 4609 At-

2154 4541 2415 4633 ιὺλογήσω
2437 4560 2651 4624 αὐτούς.
2680 4560 2978 4630 Εὑλογήσει
3013 4541 3072 4613 as
3101 4541 3326 4628 Κύριος,
3365 4557 3458 4610 καὶ
3490 4555 3737 4625 φυλάξει

460 4648 616 4704 tollat
664 4647 927 4704 Dominus
955 4648 1148 4704 faciem
1198 4665 1353 4706 suam
1394 4666 1557 4721 super
1585 4659 1659 4716 te,
1713 4658 1768 4706 et
1809 4652 1899 4707 det
1930 4652 2029 4706 tibi

2154 4672 2191 4708 re
2215 4673 2228 4686 ·
2263 4655 2517 4723 ἐπιφανεῖ
2546 4654 2606 4707 τὸ
2640 4653 2929 4724 πρόσωπον
2955 4650 3118 4706 αὐτοῦ
3150 4652 3242 4704 ἐπὶ
3274 4650 3353 4713 σὲ,
3378 4650 3473 4702 καλ⁵
3498 4648 3736 4720 ἐλεήσει

462 4752 651 4809 pacem
677 4739 741 4791 ¹⁷.
767 4758 785 4791 ι
816 4739 889 4793 Et
915 4739 971 4793 iu
1003 4738 1154 4795 Novo
1181 4739 1528 4798 Testamento
1560 4741 1746 4797 itidem
1770 4741 1839 4798 de
1869 4742 2032 4799 Patre

462 4830 710 4901 loquitur
757 4829 961 4887 Paulus
998 4848 1012 4883 :
1043 4850 1061 4883 ι
1099 4830 1244 4888 Deus
1273 4842 1454 4889 autem
1484 4841 1588 4899 est,
1647 4836 1743 4905 qui
1775 4844 2033 4905 operatur

456 4923 643 4977 omnia
673 4923 729 4977 in
756 4924 1011 4979 omnibus
1037 4927 1101 4978 ιε.
1126 4945 1145 4979 ι
1171 4927 1244 4982 De
1265 4926 1403 4983 Filio
1416 4944 1634 4999 quoque
1658 4929 1801 4983 idem
1830 4944 1844 4979 ;
1881 4947 1901 4981 ς
1925 4928 2032 4985 Sed

454 5014 645 5069 omnia
690 5021 746 5068 et
796 5014 854 5070 in
898 5016 1155 5073 omnibus
1206 5018 1454 5079 Christus
1500 5022 1565 5076 ".
1607 5040 1625 5073 ι
1694 5020 1772 5077 De
1822 5022 2027 5092 Spiritu

453 5162 485 5246 '_
523 5168 555 5246 _‘
591 5167 738 5222 Psal.
768 5185 932 5246 nix,
967 5169 1188 5246 ilLlS.
1268 5170 1436 5246 δέει.
1472 5190 1643 5238 χχιιι,
1678 5174 1768 5229 24.
1851 5175 1881 5246 ,⁸
1920 5174 2034 5246 Eph

2160 5191 2234 5237 Iv.
2273 5175 2360 5229 10.

2018 5248 2056 5276 ¹¹
2099 5245 2255 5301 Joan.
2294 5259 2438 5307 xvn,
2474 5244 2568 5296 25.

465 5306 509 5338 “
546 5306 720 5381 Exod.
752 5325 917 5377 xxix,
950 5309 1042 5367 20.
1119 5306 1161 5342 ⁸⁵
1201 5309 1303 5366 lsa.
1341 5328 1425 5377 Vl,
1457 5313 1511 5368 5.
1593 5306 1658 5346 ῖ⁶⁷
1677 5306 1797 5370 Aet.
1841 5332 1910 5381 x,
1943 5316 1996 5380 5,

2200 5316 2240 5346 ¹⁷
2282 5306 2442 5368 Num.
2478 5329 2554 5380 v1,
2587 5312 2774 5366 22-26.

462 5236 629 5315 ilia.
666 5255 805 5315 xui,
838 5240 893 5295 5.
954 5241 1021 5315 Af
1062 5239 1278 5315 Sa_p._t,
1311 5241 1364 5297 7.
1460 5246 1507 5315 ξ’
1545 5236 1682 5315 Agg.
1726 5260 1802 5310 ιι,
1836 5244 1889 5301 6.

464 5390 566 5441 ιιι,
606 5379 694 5435 ιι.

532 5559 645 5631 (δίι)
684 5558 831 5631 litae,
863 5559 926 5613 τὸ
947 5560 1169 5631 Πνεῦμα
1194 5556 1287 5614 οὖν
1322 5560 1457 5627 ἐστι,
1482 5570 1614 5624 etc.,
1640 5576 1814 5630 usque
1844 5559 1995 5631 addi]

459 5628 554 5687 λον
573 5628 676 5693 ὅτι,
706 5629 932 5701 deerant
969 5631 1023 5684 in
1054 5628 1484 5701 edit._Commel.
1517 5643 1570 5686 et
1607 5634 1665 5686 in
1699 5628 2028 5701 quibusdam

460 5714 625 5758 mss...
657 5701 751 5754 sed
784 5700 1038 5769 leguntur
1072 5700 1127 5755 in
1160 5699 1337 5755 Vatic.
1367 5708 1422 5755 et
1457 5704 1513 5755 in
1545 5701 1709 5757 Basil.

534 5768 645 5842 (56)
686 5770 775 5826 Sic
799 5768 1095 5827 Vaticanus
1122 5779 1176 5827 et
1202 5770 1413 5841 Anglic.
1441 5770 1636 5828 Ceteri
1658 5787 1807 5840 vero,
1844 5771 2024 5836 αὑτός.

2136 4765 2215 4801 σε.
2264 4746 2472 4818 Ἑπάρῃ
2518 4745 2722 4817 Κύριος
2760 4744 2821 4797 16
2853 4745 3142 4814 πρόσωπον
3172 4740 3337 4797 αὑτοῦ
3384 4740 3476 4792 ἐπὶ
3508 4740 3593 4803 σὲ,
3621 4743 3737 4797 καὶ

2135 4840 2245 4912 δῴη
2282 4856 2365 4892 σοι
2392 4840 2634 4910 εἰρήνην,
2678 4853 2699 4890 s
2736 4837 2845 4890 Kal
2876 4838 2933 4889 ὲν
2958 4838 3024 4906 τῇ
3066 4834 3182 4905 Νέᾳ
3203 4834 3402 4904 ὁμοίως
3440 4832 3569 4902 περὶ
3603 4833 3736 4889 Πα-

2137 4931 2265 5002 τρὸς
2295 4933 2322 4984 6
2344 4928 2553 4992 Παῦλος
2569 4942 2582 4956 ⁸
2612 4948 2630 4980 ι
2653 4928 2710 4981 '0
2732 4928 2788 4981 δὲ
2807 4928 2938 4990 Θεός
2966 4926 3113 4979 ἐστιν
3137 4928 3166 4978 6
3185 4924 3421 4996 ἐνεργῶν
3443 4924 3510 4977 τὰ
3536 4924 3735 4981 πάντα

2137 5027 2194 5077 ὲν
2239 5024 2392 5076 πᾶσι.
2427 5041 2446 5073 ι
2490 5021 2625 5092 Περὶ
2670 5018 2765 5072 τοῦ
2812 5016 2942 5071 Υἱοῦ
2983 5020 3011 5071 6
3061 5015 3260 5077 αὐτός’
3299 5034 3317 5067 ι
3341 5014 3496 5069 Ἀλλὰ
3532 5016 3733 5071 πάντα

2459 5175 2480 5205 ⁸
2518 5172 2663 5228 Psal.
2699 5185 2941 5227 cxxxvnl
2965 5210 2980 5233 ,
3016 5171 3065 5232 7,
3103 5171 3153 5223 8.
3264 5172 3282 5202 ⁷
3309 5168 3467 5224 Joan.
3502 5185 3623 5229 xw.
3668 5172 3728 5228 '7.

2664 5246 2707 5274 "
2745 5242 2900 5296 Joan.
2938 5256 2992 5302 I,
3030 5241 3112 5293 tl).
3214 5240 3432 5295 "Joan.
3469 5254 3583 5299 xlv,
3626 5240 3728 5298 17.

2854 5311 2899 5342 ¹⁸
2938 5309 3112 5365 lCor.
3149 5324 3250 5373 xu,
3282 5311 3334 5364 6.
3414 5310 3455 5341 “
3492 5309 3707 5369 Coloss

2208 5556 2319 5629 (57)
2362 5556 2525 5629 Ἄλλο
2552 5556 2707 5629 abest
2737 5555 2806 5629 ab
2833 5555 3153 5629 Anglicano.

2207 5625 2318 5697 (58)
2359 5625 2452 5697 Sic
2482 5625 2658 5697 Vatia.
2682 5635 2737 5680 et
2757 5625 2971 5697 Anglic.
2997 5626 3191 5683 Caneri
3221 5628 3457 5697 etpediti,
3479 5630 3728 5691 οικεεαν.

2207 5693 2347 5769 (59)-
2361 5696 2506 5769 Edit.
2547 5693 3220 5769 ϐοιιιιηςιηξεύλογῄσητε.
3253 5696 3576 5769 Vaticanus,
3601 5702 3735 5762 Διι-

2137 5764 2485 5837 ειὶὸηΒαείι.
2514 5773 2568 5822 et
2592 5766 2724 5823 edit.
2749 5764 2950 5833 Paris.,
2974 5764 3307 5832 εὐλογήσας,
