  <div class='ocr_page' id='page_1' title='image "/cluster/home/n/w/nwhite01/storage/ocr_20150623/28/nnc1.0046978690/053.png"; bbox 0 0 3890 6186; ppageno 0'>
   <div class='ocr_carea' id='block_1_1' title="bbox 422 213 2122 274">
    <p class='ocr_par' dir='ltr' id='par_1_1' title="bbox 422 213 2122 274">
     <span class='ocr_line' id='line_1_1' title="bbox 422 213 2122 274; baseline 0.004 -6"><span class='ocrx_word' id='word_1_1' title='bbox 422 213 482 269; x_wconf 75' lang='grc'><strong>51</strong></span> <span class='ocrx_word' id='word_1_2' title='bbox 1557 217 1614 274; x_wconf 92' lang='lat' dir='ltr'><strong>S.</strong></span> <span class='ocrx_word' id='word_1_3' title='bbox 1655 217 2122 274; x_wconf 82' lang='lat' dir='ltr'><strong>ATHANASIUS.</strong></span> 
     </span>
    </p>
   </div>
   <div class='ocr_carea' id='block_1_2' title="bbox 2272 197 3685 282">
    <p class='ocr_par' dir='ltr' id='par_1_2' title="bbox 2272 197 3685 282">
     <span class='ocr_line' id='line_1_2' title="bbox 2272 197 3685 282; baseline 0.006 -8"><span class='ocrx_word' id='word_1_4' title='bbox 2272 197 2502 279; x_wconf 68' lang='lat' dir='ltr'><strong>nuutA‘.‘</strong></span> <span class='ocrx_word' id='word_1_5' title='bbox 3605 223 3685 282; x_wconf 60' lang='grc' dir='ltr'><strong>ω</strong></span> 
     </span>
    </p>
   </div>
   <div class='ocr_carea' id='block_1_3' title="bbox 378 329 2007 413">
    <p class='ocr_par' dir='ltr' id='par_1_3' title="bbox 378 329 1992 404">
     <span class='ocr_line' id='line_1_3' title="bbox 378 329 1992 404; baseline -0.001 -13"><span class='ocrx_word' id='word_1_6' title='bbox 378 385 384 391; x_wconf 91' lang='grc'>.</span> <span class='ocrx_word' id='word_1_7' title='bbox 421 346 518 387; x_wconf 85' lang='lat' dir='ltr'><strong>eos</strong></span> <span class='ocrx_word' id='word_1_8' title='bbox 560 329 796 403; x_wconf 73' lang='lat' dir='ltr'><strong>Spiritus</strong></span> <span class='ocrx_word' id='word_1_9' title='bbox 835 331 963 390; x_wconf 84' lang='lat' dir='ltr'><strong>Jesu</strong></span> <span class='ocrx_word' id='word_1_10' title='bbox 999 335 1064 387; x_wconf 74' lang='grc'><strong>³⁸.</strong></span> <span class='ocrx_word' id='word_1_11' title='bbox 1095 353 1114 386; x_wconf 74' lang='grc' dir='ltr'><strong>ι</strong></span> <span class='ocrx_word' id='word_1_12' title='bbox 1171 335 1245 389; x_wconf 90' lang='lat' dir='ltr'><strong>De</strong></span> <span class='ocrx_word' id='word_1_13' title='bbox 1300 332 1540 404; x_wconf 80' lang='lat' dir='ltr'><strong>Spiritu:</strong></span> <span class='ocrx_word' id='word_1_14' title='bbox 1582 356 1600 384; x_wconf 77' lang='grc' dir='ltr'>σ</span> <span class='ocrx_word' id='word_1_15' title='bbox 1638 334 1816 389; x_wconf 87' lang='lat' dir='ltr'><strong>Nolite</strong></span> <span class='ocrx_word' id='word_1_16' title='bbox 1856 351 1992 390; x_wconf 82' lang='lat' dir='ltr'><strong>con-</strong></span> 
     </span>
    </p>
   </div>
   <div class='ocr_carea' id='block_1_4' title="bbox 2114 329 3682 413">
    <p class='ocr_par' dir='ltr' id='par_1_4' title="bbox 2114 337 3682 413">
     <span class='ocr_line' id='line_1_4' title="bbox 2114 337 3682 413; baseline 0.004 -25"><span class='ocrx_word' id='word_1_17' title='bbox 2114 337 2312 391; x_wconf 69' lang='lat' dir='ltr'><strong>lius-{av</strong></span> <span class='ocrx_word' id='word_1_18' title='bbox 2335 339 2469 408; x_wconf 74' lang='grc'>(64),</span> <span class='ocrx_word' id='word_1_19' title='bbox 2489 337 2786 409; x_wconf 78' lang='grc' dir='ltr'><strong>ἐπειρῶντο</strong></span> <span class='ocrx_word' id='word_1_20' title='bbox 2813 338 2892 402; x_wconf 85' lang='grc' dir='ltr'>εἰς</span> <span class='ocrx_word' id='word_1_21' title='bbox 2923 338 3018 410; x_wconf 85' lang='grc' dir='ltr'>τὴν</span> <span class='ocrx_word' id='word_1_22' title='bbox 3045 337 3298 394; x_wconf 87' lang='grc' dir='ltr'>Βιθυνίαν</span> <span class='ocrx_word' id='word_1_23' title='bbox 3329 339 3682 413; x_wconf 84' lang='grc' dir='ltr'>πορευθῆναι,</span> 
     </span>
    </p>
   </div>
   <div class='ocr_carea' id='block_1_5' title="bbox 382 422 1993 497">
    <p class='ocr_par' dir='ltr' id='par_1_5' title="bbox 382 422 1993 497">
     <span class='ocr_line' id='line_1_5' title="bbox 382 422 1993 497; baseline -0.001 -16"><span class='ocrx_word' id='word_1_24' title='bbox 382 465 390 481; x_wconf 65' lang='grc' dir='ltr'><strong><em>ε</em></strong></span> <span class='ocrx_word' id='word_1_25' title='bbox 423 424 643 478; x_wconf 89' lang='lat' dir='ltr'><strong>tristare</strong></span> <span class='ocrx_word' id='word_1_26' title='bbox 683 422 944 494; x_wconf 77' lang='lat' dir='ltr'><strong>Spiritum</strong></span> <span class='ocrx_word' id='word_1_27' title='bbox 975 434 1251 491; x_wconf 83' lang='lat' dir='ltr'><strong>sanctum,</strong></span> <span class='ocrx_word' id='word_1_28' title='bbox 1287 428 1343 480; x_wconf 91' lang='lat' dir='ltr'><strong>in</strong></span> <span class='ocrx_word' id='word_1_29' title='bbox 1367 443 1475 496; x_wconf 93' lang='lat' dir='ltr'><strong>quo</strong></span> <span class='ocrx_word' id='word_1_30' title='bbox 1505 428 1706 497; x_wconf 80' lang='lat' dir='ltr'><strong>signati</strong></span> <span class='ocrx_word' id='word_1_31' title='bbox 1740 429 1951 483; x_wconf 81' lang='lat' dir='ltr'><strong>estis&quot;.</strong></span> <span class='ocrx_word' id='word_1_32' title='bbox 1974 447 1993 480; x_wconf 75' lang='grc' dir='ltr'><strong>ι</strong></span> 
     </span>
    </p>
   </div>
   <div class='ocr_carea' id='block_1_6' title="bbox 425 515 2002 582">
    <p class='ocr_par' dir='ltr' id='par_1_6' title="bbox 425 515 2002 582">
     <span class='ocr_line' id='line_1_6' title="bbox 425 515 2002 582; baseline 0.004 -15"><span class='ocrx_word' id='word_1_33' title='bbox 425 515 623 570; x_wconf 87' lang='lat' dir='ltr'><strong>Dicunt</strong></span> <span class='ocrx_word' id='word_1_34' title='bbox 662 515 924 582; x_wconf 67' lang='lat' dir='ltr'><strong>haeretici,</strong></span> <span class='ocrx_word' id='word_1_35' title='bbox 955 520 1254 574; x_wconf 90' lang='lat' dir='ltr'><strong>secundum</strong></span> <span class='ocrx_word' id='word_1_36' title='bbox 1291 518 1539 573; x_wconf 87' lang='lat' dir='ltr'><strong>ordinem</strong></span> <span class='ocrx_word' id='word_1_37' title='bbox 1570 527 1624 574; x_wconf 85' lang='lat' dir='ltr'><strong>et</strong></span> <span class='ocrx_word' id='word_1_38' title='bbox 1671 535 2002 575; x_wconf 86' lang='lat' dir='ltr'><strong>annumera-</strong></span> 
     </span>
    </p>
   </div>
   <div class='ocr_carea' id='block_1_7' title="bbox 424 606 2002 680">
    <p class='ocr_par' dir='ltr' id='par_1_7' title="bbox 424 606 2002 680">
     <span class='ocr_line' id='line_1_7' title="bbox 424 606 2002 680; baseline 0.003 -19"><span class='ocrx_word' id='word_1_39' title='bbox 424 607 629 662; x_wconf 90' lang='lat' dir='ltr'><strong>tionem</strong></span> <span class='ocrx_word' id='word_1_40' title='bbox 677 609 980 664; x_wconf 85' lang='lat' dir='ltr'><strong>consistere</strong></span> <span class='ocrx_word' id='word_1_41' title='bbox 1023 608 1304 664; x_wconf 84' lang='lat' dir='ltr'><strong>deitatem.</strong></span> <span class='ocrx_word' id='word_1_42' title='bbox 1347 606 1825 680; x_wconf 83' lang='lat' dir='ltr'><strong>Respondebimus</strong></span> <span class='ocrx_word' id='word_1_43' title='bbox 1864 613 2002 667; x_wconf 90' lang='lat' dir='ltr'><strong>scri-</strong></span> 
     </span>
    </p>
   </div>
   <div class='ocr_carea' id='block_1_8' title="bbox 425 699 2001 783">
    <p class='ocr_par' dir='ltr' id='par_1_8' title="bbox 425 699 2001 783">
     <span class='ocr_line' id='line_1_8' title="bbox 425 699 2001 783; baseline 0.006 -31"><span class='ocrx_word' id='word_1_44' title='bbox 425 707 575 783; x_wconf 68' lang='lat' dir='ltr'><strong>ptum</strong></span> <span class='ocrx_word' id='word_1_45' title='bbox 604 714 724 754; x_wconf 86' lang='lat' dir='ltr'><strong>esse</strong></span> <span class='ocrx_word' id='word_1_46' title='bbox 751 719 764 754; x_wconf 92' lang='lat'>:</span> <span class='ocrx_word' id='word_1_47' title='bbox 812 720 831 752; x_wconf 78' lang='grc' dir='ltr'><strong>ι</strong></span> <span class='ocrx_word' id='word_1_48' title='bbox 866 699 1084 757; x_wconf 88' lang='lat' dir='ltr'><strong>Primus</strong></span> <span class='ocrx_word' id='word_1_49' title='bbox 1116 702 1299 766; x_wconf 89' lang='lat' dir='ltr'><strong>homo,</strong></span> <span class='ocrx_word' id='word_1_50' title='bbox 1325 703 1392 758; x_wconf 92' lang='lat' dir='ltr'><strong>de</strong></span> <span class='ocrx_word' id='word_1_51' title='bbox 1414 711 1558 757; x_wconf 87' lang='lat' dir='ltr'><strong>terra</strong></span> <span class='ocrx_word' id='word_1_52' title='bbox 1591 711 1881 768; x_wconf 89' lang='lat' dir='ltr'><strong>terrenus;</strong></span> <span class='ocrx_word' id='word_1_53' title='bbox 1916 721 2001 761; x_wconf 89' lang='lat' dir='ltr'><strong>se-</strong></span> 
     </span>
    </p>
   </div>
   <div class='ocr_carea' id='block_1_9' title="bbox 424 792 1998 856">
    <p class='ocr_par' dir='ltr' id='par_1_9' title="bbox 424 792 1998 856">
     <span class='ocr_line' id='line_1_9' title="bbox 424 792 1998 856; baseline 0.002 -10"><span class='ocrx_word' id='word_1_54' title='bbox 424 792 639 847; x_wconf 92' lang='lat' dir='ltr'><strong>cundus</strong></span> <span class='ocrx_word' id='word_1_55' title='bbox 679 793 864 856; x_wconf 88' lang='lat' dir='ltr'><strong>homo,</strong></span> <span class='ocrx_word' id='word_1_56' title='bbox 901 793 968 848; x_wconf 93' lang='lat' dir='ltr'><strong>de</strong></span> <span class='ocrx_word' id='word_1_57' title='bbox 1015 795 1154 849; x_wconf 86' lang='lat' dir='ltr'><strong>coelo</strong></span> <span class='ocrx_word' id='word_1_58' title='bbox 1192 795 1435 852; x_wconf 73' lang='lat' dir='ltr'><strong>cmlestis</strong></span> <span class='ocrx_word' id='word_1_59' title='bbox 1452 798 1517 851; x_wconf 81' lang='grc'><strong>³⁸.</strong></span> <span class='ocrx_word' id='word_1_60' title='bbox 1562 817 1582 849; x_wconf 84' lang='grc'><strong>›</strong></span> <span class='ocrx_word' id='word_1_61' title='bbox 1629 797 1694 850; x_wconf 89' lang='lat' dir='ltr'><strong>Et</strong></span> <span class='ocrx_word' id='word_1_62' title='bbox 1738 813 1998 853; x_wconf 90' lang='lat' dir='ltr'><strong>rursum:</strong></span> 
     </span>
    </p>
   </div>
   <div class='ocr_carea' id='block_1_10' title="bbox 431 880 2002 957">
    <p class='ocr_par' dir='ltr' id='par_1_10' title="bbox 431 880 2002 957">
     <span class='ocr_line' id='line_1_10' title="bbox 431 880 2002 957; baseline 0.007 -26"><span class='ocrx_word' id='word_1_63' title='bbox 431 899 450 931; x_wconf 73' lang='grc' dir='ltr'><strong>ι</strong></span> <span class='ocrx_word' id='word_1_64' title='bbox 473 880 716 936; x_wconf 90' lang='lat' dir='ltr'><strong>Primum</strong></span> <span class='ocrx_word' id='word_1_65' title='bbox 734 885 864 938; x_wconf 89' lang='lat' dir='ltr'><strong>dicit</strong></span> <span class='ocrx_word' id='word_1_66' title='bbox 882 886 1194 951; x_wconf 87' lang='lat' dir='ltr'><strong>animalem,</strong></span> <span class='ocrx_word' id='word_1_67' title='bbox 1225 895 1414 955; x_wconf 89' lang='lat' dir='ltr'><strong>postea</strong></span> <span class='ocrx_word' id='word_1_68' title='bbox 1441 889 1778 957; x_wconf 87' lang='lat' dir='ltr'><strong>spiritualem</strong></span> <span class='ocrx_word' id='word_1_69' title='bbox 1805 889 1868 942; x_wconf 81' lang='grc'><strong>³⁸.</strong></span> <span class='ocrx_word' id='word_1_70' title='bbox 1900 907 1918 938; x_wconf 76' lang='grc' dir='ltr'><strong>ι</strong></span> <span class='ocrx_word' id='word_1_71' title='bbox 1945 885 2002 942; x_wconf 90' lang='lat' dir='ltr'><strong>Si</strong></span> 
     </span>
    </p>
   </div>
   <div class='ocr_carea' id='block_1_11' title="bbox 427 975 1998 1048">
    <p class='ocr_par' dir='ltr' id='par_1_11' title="bbox 427 975 1998 1048">
     <span class='ocr_line' id='line_1_11' title="bbox 427 975 1998 1048; baseline 0.005 -20"><span class='ocrx_word' id='word_1_72' title='bbox 427 975 594 1043; x_wconf 80' lang='lat' dir='ltr'><strong>igitur</strong></span> <span class='ocrx_word' id='word_1_73' title='bbox 633 978 811 1046; x_wconf 92' lang='lat' dir='ltr'><strong>primo</strong></span> <span class='ocrx_word' id='word_1_74' title='bbox 852 977 906 1030; x_wconf 90' lang='lat' dir='ltr'><strong>in</strong></span> <span class='ocrx_word' id='word_1_75' title='bbox 956 979 1337 1034; x_wconf 85' lang='lat' dir='ltr'><strong>numeratione</strong></span> <span class='ocrx_word' id='word_1_76' title='bbox 1388 980 1676 1048; x_wconf 89' lang='lat' dir='ltr'><strong>subjicitur</strong></span> <span class='ocrx_word' id='word_1_77' title='bbox 1704 982 1998 1046; x_wconf 90' lang='lat' dir='ltr'><strong>secundus,</strong></span> 
     </span>
    </p>
   </div>
   <div class='ocr_carea' id='block_1_12' title="bbox 426 1068 2004 1145">
    <p class='ocr_par' dir='ltr' id='par_1_12' title="bbox 426 1068 2004 1145">
     <span class='ocr_line' id='line_1_12' title="bbox 426 1068 2004 1145; baseline 0.005 -24"><span class='ocrx_word' id='word_1_78' title='bbox 426 1068 520 1138; x_wconf 91' lang='lat' dir='ltr'><strong>qui</strong></span> <span class='ocrx_word' id='word_1_79' title='bbox 553 1077 735 1125; x_wconf 89' lang='lat' dir='ltr'><strong>autem</strong></span> <span class='ocrx_word' id='word_1_80' title='bbox 768 1071 1079 1140; x_wconf 87' lang='lat' dir='ltr'><strong>subjicitur,</strong></span> <span class='ocrx_word' id='word_1_81' title='bbox 1130 1088 1196 1128; x_wconf 91' lang='lat' dir='ltr'><strong>eo</strong></span> <span class='ocrx_word' id='word_1_82' title='bbox 1252 1075 1341 1128; x_wconf 92' lang='lat' dir='ltr'><strong>cui</strong></span> <span class='ocrx_word' id='word_1_83' title='bbox 1393 1075 1686 1145; x_wconf 84' lang='lat' dir='ltr'><strong>subjicitur</strong></span> <span class='ocrx_word' id='word_1_84' title='bbox 1724 1075 1780 1129; x_wconf 90' lang='lat' dir='ltr'><strong>in</strong></span> <span class='ocrx_word' id='word_1_85' title='bbox 1812 1091 2004 1131; x_wconf 86' lang='lat' dir='ltr'><strong>nume-</strong></span> 
     </span>
    </p>
   </div>
   <div class='ocr_carea' id='block_1_13' title="bbox 426 1160 2004 1224">
    <p class='ocr_par' dir='ltr' id='par_1_13' title="bbox 426 1160 2004 1224">
     <span class='ocr_line' id='line_1_13' title="bbox 426 1160 2004 1224; baseline 0.006 -12"><span class='ocrx_word' id='word_1_86' title='bbox 426 1160 584 1214; x_wconf 85' lang='lat' dir='ltr'><strong>randi</strong></span> <span class='ocrx_word' id='word_1_87' title='bbox 641 1162 872 1224; x_wconf 88' lang='lat' dir='ltr'><strong>ratione,</strong></span> <span class='ocrx_word' id='word_1_88' title='bbox 925 1163 1085 1218; x_wconf 85' lang='lat' dir='ltr'><strong>vilior</strong></span> <span class='ocrx_word' id='word_1_89' title='bbox 1144 1172 1230 1218; x_wconf 81' lang='lat' dir='ltr'><strong>est</strong></span> <span class='ocrx_word' id='word_1_90' title='bbox 1277 1181 1289 1215; x_wconf 90' lang='lat'><strong>:</strong></span> <span class='ocrx_word' id='word_1_91' title='bbox 1337 1165 1497 1218; x_wconf 83' lang='lat' dir='ltr'><strong>vilior</strong></span> <span class='ocrx_word' id='word_1_92' title='bbox 1543 1167 1648 1220; x_wconf 91' lang='lat' dir='ltr'><strong>erit</strong></span> <span class='ocrx_word' id='word_1_93' title='bbox 1699 1168 2004 1222; x_wconf 86' lang='lat' dir='ltr'><strong>secundum</strong></span> 
     </span>
    </p>
   </div>
   <div class='ocr_carea' id='block_1_14' title="bbox 427 1255 2003 1326">
    <p class='ocr_par' dir='ltr' id='par_1_14' title="bbox 427 1255 2003 1326">
     <span class='ocr_line' id='line_1_14' title="bbox 427 1255 2003 1326; baseline 0.006 -22"><span class='ocrx_word' id='word_1_94' title='bbox 427 1261 666 1308; x_wconf 81' lang='lat' dir='ltr'><strong>vestram</strong></span> <span class='ocrx_word' id='word_1_95' title='bbox 699 1255 1025 1308; x_wconf 91' lang='lat' dir='ltr'><strong>sententiam</strong></span> <span class='ocrx_word' id='word_1_96' title='bbox 1059 1256 1280 1309; x_wconf 85' lang='lat' dir='ltr'><strong>animali</strong></span> <span class='ocrx_word' id='word_1_97' title='bbox 1313 1257 1637 1326; x_wconf 91' lang='lat' dir='ltr'><strong>spiritualis,</strong></span> <span class='ocrx_word' id='word_1_98' title='bbox 1672 1265 1728 1312; x_wconf 88' lang='lat' dir='ltr'><strong>et</strong></span> <span class='ocrx_word' id='word_1_99' title='bbox 1755 1261 2003 1314; x_wconf 86' lang='lat' dir='ltr'><strong>terrestri</strong></span> 
     </span>
    </p>
   </div>
   <div class='ocr_carea' id='block_1_15' title="bbox 429 1343 2006 1420">
    <p class='ocr_par' dir='ltr' id='par_1_15' title="bbox 429 1343 2006 1420">
     <span class='ocr_line' id='line_1_15' title="bbox 429 1343 2006 1420; baseline 0.006 -25"><span class='ocrx_word' id='word_1_100' title='bbox 429 1343 650 1397; x_wconf 87' lang='lat' dir='ltr'><strong>homine</strong></span> <span class='ocrx_word' id='word_1_101' title='bbox 673 1344 837 1398; x_wconf 89' lang='lat' dir='ltr'><strong>homo</strong></span> <span class='ocrx_word' id='word_1_102' title='bbox 867 1346 1128 1401; x_wconf 68' lang='lat' dir='ltr'><strong>caelestis.</strong></span> <span class='ocrx_word' id='word_1_103' title='bbox 1169 1346 1330 1401; x_wconf 89' lang='lat' dir='ltr'><strong>Aliud</strong></span> <span class='ocrx_word' id='word_1_104' title='bbox 1366 1347 1793 1420; x_wconf 81' lang='lat' dir='ltr'><strong>(argumentum)</strong></span> <span class='ocrx_word' id='word_1_105' title='bbox 1824 1368 1838 1404; x_wconf 89' lang='lat'><strong>:</strong></span> <span class='ocrx_word' id='word_1_106' title='bbox 1875 1349 2006 1404; x_wconf 86' lang='lat' dir='ltr'><strong>Nul-</strong></span> 
     </span>
    </p>
   </div>
   <div class='ocr_carea' id='block_1_16' title="bbox 429 1435 2002 1508">
    <p class='ocr_par' dir='ltr' id='par_1_16' title="bbox 429 1435 2002 1508">
     <span class='ocr_line' id='line_1_16' title="bbox 429 1435 2002 1508; baseline 0.006 -20"><span class='ocrx_word' id='word_1_107' title='bbox 429 1435 516 1490; x_wconf 90' lang='lat' dir='ltr'><strong>lus</strong></span> <span class='ocrx_word' id='word_1_108' title='bbox 559 1437 773 1506; x_wconf 80' lang='lat' dir='ltr'><strong>ignorat</strong></span> <span class='ocrx_word' id='word_1_109' title='bbox 818 1435 1156 1508; x_wconf 88' lang='lat' dir='ltr'><strong>Scripturam</strong></span> <span class='ocrx_word' id='word_1_110' title='bbox 1213 1440 1497 1496; x_wconf 90' lang='lat' dir='ltr'><strong>nominare</strong></span> <span class='ocrx_word' id='word_1_111' title='bbox 1537 1440 1703 1495; x_wconf 91' lang='lat' dir='ltr'><strong>Deum</strong></span> <span class='ocrx_word' id='word_1_112' title='bbox 1750 1442 2002 1505; x_wconf 65' lang='lat' dir='ltr'><strong>Abrahae,</strong></span> 
     </span>
    </p>
   </div>
   <div class='ocr_carea' id='block_1_17' title="bbox 431 1527 2004 1606">
    <p class='ocr_par' dir='ltr' id='par_1_17' title="bbox 431 1527 2004 1606">
     <span class='ocr_line' id='line_1_17' title="bbox 431 1527 2004 1606; baseline 0.007 -27"><span class='ocrx_word' id='word_1_113' title='bbox 431 1527 598 1582; x_wconf 89' lang='lat' dir='ltr'><strong>Deum</strong></span> <span class='ocrx_word' id='word_1_114' title='bbox 633 1529 805 1596; x_wconf 85' lang='lat' dir='ltr'><strong>Isaac,</strong></span> <span class='ocrx_word' id='word_1_115' title='bbox 829 1539 883 1587; x_wconf 93' lang='lat' dir='ltr'><strong>et</strong></span> <span class='ocrx_word' id='word_1_116' title='bbox 910 1531 1078 1586; x_wconf 89' lang='lat' dir='ltr'><strong>Deum</strong></span> <span class='ocrx_word' id='word_1_117' title='bbox 1107 1531 1297 1588; x_wconf 81' lang='lat' dir='ltr'><strong>Jacob.</strong></span> <span class='ocrx_word' id='word_1_118' title='bbox 1325 1534 1482 1588; x_wconf 90' lang='lat' dir='ltr'><strong>Aliud</strong></span> <span class='ocrx_word' id='word_1_119' title='bbox 1519 1551 1530 1585; x_wconf 94' lang='lat'>:</span> <span class='ocrx_word' id='word_1_120' title='bbox 1563 1534 1766 1590; x_wconf 86' lang='lat' dir='ltr'><strong>Contra</strong></span> <span class='ocrx_word' id='word_1_121' title='bbox 1790 1551 1885 1591; x_wconf 89' lang='lat' dir='ltr'><strong>eos</strong></span> <span class='ocrx_word' id='word_1_122' title='bbox 1911 1537 2004 1606; x_wconf 90' lang='lat' dir='ltr'><strong>qui</strong></span> 
     </span>
    </p>
   </div>
   <div class='ocr_carea' id='block_1_18' title="bbox 428 1623 2005 1695">
    <p class='ocr_par' dir='ltr' id='par_1_18' title="bbox 428 1623 2005 1695">
     <span class='ocr_line' id='line_1_18' title="bbox 428 1623 2005 1695; baseline 0.004 -17"><span class='ocrx_word' id='word_1_123' title='bbox 428 1625 591 1680; x_wconf 90' lang='lat' dir='ltr'><strong>tertio</strong></span> <span class='ocrx_word' id='word_1_124' title='bbox 623 1625 742 1679; x_wconf 91' lang='lat' dir='ltr'><strong>loco</strong></span> <span class='ocrx_word' id='word_1_125' title='bbox 785 1623 1046 1695; x_wconf 90' lang='lat' dir='ltr'><strong>Spiritum</strong></span> <span class='ocrx_word' id='word_1_126' title='bbox 1090 1636 1344 1681; x_wconf 83' lang='lat' dir='ltr'><strong>sanctum</strong></span> <span class='ocrx_word' id='word_1_127' title='bbox 1390 1628 1756 1684; x_wconf 89' lang='lat' dir='ltr'><strong>constituunt.</strong></span> <span class='ocrx_word' id='word_1_128' title='bbox 1800 1628 2005 1684; x_wconf 83' lang='lat' dir='ltr'><strong>Adver-</strong></span> 
     </span>
    </p>
   </div>
   <div class='ocr_carea' id='block_1_19' title="bbox 2101 431 3684 506">
    <p class='ocr_par' dir='ltr' id='par_1_19' title="bbox 2101 431 3684 506">
     <span class='ocr_line' id='line_1_19' title="bbox 2101 431 3684 506; baseline 0.003 -24"><span class='ocrx_word' id='word_1_129' title='bbox 2101 431 2194 483; x_wconf 79' lang='grc' dir='ltr'><strong>καὶ</strong></span> <span class='ocrx_word' id='word_1_130' title='bbox 2224 431 2323 484; x_wconf 79' lang='grc' dir='ltr'><strong>οὐκ</strong></span> <span class='ocrx_word' id='word_1_131' title='bbox 2349 431 2532 485; x_wconf 77' lang='grc' dir='ltr'>εἴασεν</span> <span class='ocrx_word' id='word_1_132' title='bbox 2561 433 2756 495; x_wconf 77' lang='grc' dir='ltr'>αὐτοὺς</span> <span class='ocrx_word' id='word_1_133' title='bbox 2788 431 2848 484; x_wconf 78' lang='grc' dir='ltr'>τὸ</span> <span class='ocrx_word' id='word_1_134' title='bbox 2877 431 3097 502; x_wconf 77' lang='grc' dir='ltr'><strong>Πνεῦμα</strong></span> <span class='ocrx_word' id='word_1_135' title='bbox 3140 431 3328 502; x_wconf 82' lang='grc' dir='ltr'><strong>Ἰησοῦ.</strong></span> <span class='ocrx_word' id='word_1_136' title='bbox 3362 451 3380 484; x_wconf 75' lang='grc' dir='ltr'><strong>ι</strong></span> <span class='ocrx_word' id='word_1_137' title='bbox 3417 433 3553 506; x_wconf 74' lang='grc' dir='ltr'>Περὶ</span> <span class='ocrx_word' id='word_1_138' title='bbox 3582 433 3684 487; x_wconf 89' lang='grc' dir='ltr'><strong>τοῦ</strong></span> 
     </span>
    </p>
   </div>
   <div class='ocr_carea' id='block_1_20' title="bbox 2101 522 3685 596">
    <p class='ocr_par' dir='ltr' id='par_1_20' title="bbox 2101 522 3685 596">
     <span class='ocr_line' id='line_1_20' title="bbox 2101 522 3685 596; baseline 0.003 -22"><span class='ocrx_word' id='word_1_139' title='bbox 2101 522 2416 594; x_wconf 82' lang='grc' dir='ltr'>Πνεῦματος</span> <span class='ocrx_word' id='word_1_140' title='bbox 2443 540 2456 552; x_wconf 85' lang='grc'><strong>·</strong></span> <span class='ocrx_word' id='word_1_141' title='bbox 2492 542 2514 574; x_wconf 72' lang='grc'><strong><em>4</em></strong></span> <span class='ocrx_word' id='word_1_142' title='bbox 2549 525 2638 596; x_wconf 81' lang='grc' dir='ltr'><strong>Μὴ</strong></span> <span class='ocrx_word' id='word_1_143' title='bbox 2683 525 2901 578; x_wconf 78' lang='grc' dir='ltr'><strong>λυπεῖτε</strong></span> <span class='ocrx_word' id='word_1_144' title='bbox 2947 524 3005 577; x_wconf 85' lang='grc' dir='ltr'>τὸ</span> <span class='ocrx_word' id='word_1_145' title='bbox 3050 523 3274 595; x_wconf 81' lang='grc' dir='ltr'>Πνεῦμα</span> <span class='ocrx_word' id='word_1_146' title='bbox 3315 524 3374 578; x_wconf 98' lang='lat' dir='ltr'><strong>rb</strong></span> <span class='ocrx_word' id='word_1_147' title='bbox 3402 526 3576 595; x_wconf 72' lang='grc' dir='ltr'>ἅγιον,</span> <span class='ocrx_word' id='word_1_148' title='bbox 3623 530 3685 579; x_wconf 86' lang='grc' dir='ltr'><strong>ἐν</strong></span> 
     </span>
    </p>
   </div>
   <div class='ocr_carea' id='block_1_21' title="bbox 2101 610 3686 689">
    <p class='ocr_par' dir='ltr' id='par_1_21' title="bbox 2101 610 3686 689">
     <span class='ocr_line' id='line_1_21' title="bbox 2101 610 3686 689; baseline 0.004 -24"><span class='ocrx_word' id='word_1_149' title='bbox 2101 610 2144 681; x_wconf 81' lang='grc' dir='ltr'>ᾧ</span> <span class='ocrx_word' id='word_1_150' title='bbox 2167 615 2589 686; x_wconf 83' lang='grc' dir='ltr'>ἐσφραγίσθητε.</span> <span class='ocrx_word' id='word_1_151' title='bbox 2627 635 2644 666; x_wconf 81' lang='grc' dir='ltr'><strong>ι</strong></span> <span class='ocrx_word' id='word_1_152' title='bbox 2703 617 2968 684; x_wconf 82' lang='grc' dir='ltr'><strong>Λέγουσιν</strong></span> <span class='ocrx_word' id='word_1_153' title='bbox 2989 618 3039 669; x_wconf 83' lang='grc' dir='ltr'><strong>οἱ</strong></span> <span class='ocrx_word' id='word_1_154' title='bbox 3064 619 3327 689; x_wconf 71' lang='grc' dir='ltr'>αἱρετικοὶ</span> <span class='ocrx_word' id='word_1_155' title='bbox 3362 620 3500 673; x_wconf 86' lang='grc' dir='ltr'><strong>κατά</strong></span> <span class='ocrx_word' id='word_1_156' title='bbox 3526 619 3686 682; x_wconf 81' lang='grc' dir='ltr'>τάξιν</span> 
     </span>
    </p>
   </div>
   <div class='ocr_carea' id='block_1_22' title="bbox 2102 707 3684 782">
    <p class='ocr_par' dir='ltr' id='par_1_22' title="bbox 2102 707 3684 782">
     <span class='ocr_line' id='line_1_22' title="bbox 2102 707 3684 782; baseline 0.003 -24"><span class='ocrx_word' id='word_1_157' title='bbox 2102 709 2195 760; x_wconf 75' lang='grc' dir='ltr'>καὶ</span> <span class='ocrx_word' id='word_1_158' title='bbox 2239 707 2611 778; x_wconf 86' lang='grc' dir='ltr'>ὑπαρὶθμησιν</span> <span class='ocrx_word' id='word_1_159' title='bbox 2664 709 2883 760; x_wconf 80' lang='grc' dir='ltr'>ἑστάναι</span> <span class='ocrx_word' id='word_1_160' title='bbox 2926 709 3026 780; x_wconf 82' lang='grc' dir='ltr'><strong>τὴν</strong></span> <span class='ocrx_word' id='word_1_161' title='bbox 3073 709 3320 782; x_wconf 82' lang='grc' dir='ltr'>θεότητα.</span> <span class='ocrx_word' id='word_1_162' title='bbox 3393 710 3684 781; x_wconf 82' lang='grc' dir='ltr'>Ἐροῦμεν,</span> 
     </span>
    </p>
   </div>
   <div class='ocr_carea' id='block_1_23' title="bbox 2100 798 3684 873">
    <p class='ocr_par' dir='ltr' id='par_1_23' title="bbox 2100 798 3684 873">
     <span class='ocr_line' id='line_1_23' title="bbox 2100 798 3684 873; baseline 0.003 -23"><span class='ocrx_word' id='word_1_163' title='bbox 2100 798 2180 850; x_wconf 88' lang='grc' dir='ltr'>ὃτι</span> <span class='ocrx_word' id='word_1_164' title='bbox 2207 798 2513 869; x_wconf 86' lang='grc' dir='ltr'>γέγραπται</span> <span class='ocrx_word' id='word_1_165' title='bbox 2534 818 2546 830; x_wconf 82' lang='lat'><strong>-</strong></span> <span class='ocrx_word' id='word_1_166' title='bbox 2575 818 2593 851; x_wconf 77' lang='grc' dir='ltr'><strong>ι</strong></span> <span class='ocrx_word' id='word_1_167' title='bbox 2617 800 2673 851; x_wconf 85' lang='lat'><strong>&#39;0</strong></span> <span class='ocrx_word' id='word_1_168' title='bbox 2696 799 2909 870; x_wconf 86' lang='grc' dir='ltr'>πρῶτος</span> <span class='ocrx_word' id='word_1_169' title='bbox 2937 800 3221 872; x_wconf 84' lang='grc' dir='ltr'>ἄνθρωπος</span> <span class='ocrx_word' id='word_1_170' title='bbox 3247 803 3310 855; x_wconf 90' lang='grc' dir='ltr'><strong>ἐκ</strong></span> <span class='ocrx_word' id='word_1_171' title='bbox 3338 802 3438 872; x_wconf 81' lang='grc' dir='ltr'>γῆς</span> <span class='ocrx_word' id='word_1_172' title='bbox 3467 803 3649 873; x_wconf 80' lang='grc' dir='ltr'>χοϊκός</span> <span class='ocrx_word' id='word_1_173' title='bbox 3667 818 3684 832; x_wconf 79' lang='grc'><strong><em>⁸</em></strong></span> 
     </span>
    </p>
   </div>
   <div class='ocr_carea' id='block_1_24' title="bbox 2101 889 3688 963">
    <p class='ocr_par' dir='ltr' id='par_1_24' title="bbox 2101 889 3688 963">
     <span class='ocr_line' id='line_1_24' title="bbox 2101 889 3688 963; baseline 0.001 -21"><span class='ocrx_word' id='word_1_174' title='bbox 2101 890 2129 942; x_wconf 76' lang='grc' dir='ltr'><strong>ὁ</strong></span> <span class='ocrx_word' id='word_1_175' title='bbox 2157 889 2406 960; x_wconf 81' lang='grc' dir='ltr'>δεύτερος</span> <span class='ocrx_word' id='word_1_176' title='bbox 2435 890 2718 960; x_wconf 76' lang='grc' dir='ltr'>ἄνθρωπος</span> <span class='ocrx_word' id='word_1_177' title='bbox 2754 890 2811 956; x_wconf 86' lang='grc' dir='ltr'>ἐξ</span> <span class='ocrx_word' id='word_1_178' title='bbox 2842 890 3070 962; x_wconf 79' lang='grc' dir='ltr'>οὐρανοῦ</span> <span class='ocrx_word' id='word_1_179' title='bbox 3094 893 3123 943; x_wconf 98' lang='lat'><strong>6</strong></span> <span class='ocrx_word' id='word_1_180' title='bbox 3153 892 3489 963; x_wconf 87' lang='grc' dir='ltr'>ἐπουράνιος.</span> <span class='ocrx_word' id='word_1_181' title='bbox 3520 911 3538 944; x_wconf 75' lang='grc' dir='ltr'><strong>ι</strong></span> <span class='ocrx_word' id='word_1_182' title='bbox 3570 894 3688 946; x_wconf 72' lang='grc' dir='ltr'>Καὶ</span> 
     </span>
    </p>
   </div>
   <div class='ocr_carea' id='block_1_25' title="bbox 2103 979 3692 1054">
    <p class='ocr_par' dir='ltr' id='par_1_25' title="bbox 2103 979 3692 1054">
     <span class='ocr_line' id='line_1_25' title="bbox 2103 979 3692 1054; baseline 0.003 -22"><span class='ocrx_word' id='word_1_183' title='bbox 2103 979 2263 1033; x_wconf 87' lang='grc' dir='ltr'>πάλιν</span> <span class='ocrx_word' id='word_1_184' title='bbox 2283 997 2296 1009; x_wconf 83' lang='lat'><strong><em>°</em></strong></span> <span class='ocrx_word' id='word_1_185' title='bbox 2333 1000 2352 1032; x_wconf 76' lang='grc' dir='ltr'><strong>ι</strong></span> <span class='ocrx_word' id='word_1_186' title='bbox 2383 981 2604 1054; x_wconf 86' lang='grc' dir='ltr'>Πρῶτόν</span> <span class='ocrx_word' id='word_1_187' title='bbox 2638 1000 2770 1053; x_wconf 85' lang='grc' dir='ltr'>φησι</span> <span class='ocrx_word' id='word_1_188' title='bbox 2801 982 2860 1034; x_wconf 85' lang='grc' dir='ltr'>τὺ</span> <span class='ocrx_word' id='word_1_189' title='bbox 2884 982 3132 1053; x_wconf 74' lang='grc' dir='ltr'>ψυχικὸν,</span> <span class='ocrx_word' id='word_1_190' title='bbox 3163 979 3281 1037; x_wconf 76' lang='grc' dir='ltr'>εἶτα</span> <span class='ocrx_word' id='word_1_191' title='bbox 3309 984 3369 1036; x_wconf 86' lang='lat' dir='ltr'><strong>rb</strong></span> <span class='ocrx_word' id='word_1_192' title='bbox 3385 1001 3692 1054; x_wconf 89' lang='grc' dir='ltr'>πνευματι-</span> 
     </span>
    </p>
   </div>
   <div class='ocr_carea' id='block_1_26' title="bbox 2105 1069 3688 1145">
    <p class='ocr_par' dir='ltr' id='par_1_26' title="bbox 2105 1069 3688 1145">
     <span class='ocr_line' id='line_1_26' title="bbox 2105 1069 3688 1145; baseline 0.003 -24"><span class='ocrx_word' id='word_1_193' title='bbox 2105 1069 2216 1121; x_wconf 87' lang='grc' dir='ltr'>κόν.</span> <span class='ocrx_word' id='word_1_194' title='bbox 2244 1088 2261 1120; x_wconf 74' lang='lat'><strong>)</strong></span> <span class='ocrx_word' id='word_1_195' title='bbox 2284 1071 2347 1122; x_wconf 80' lang='lat' dir='ltr'><strong>Et</strong></span> <span class='ocrx_word' id='word_1_196' title='bbox 2377 1070 2556 1124; x_wconf 82' lang='grc' dir='ltr'>τοίνυν</span> <span class='ocrx_word' id='word_1_197' title='bbox 2587 1071 2665 1140; x_wconf 83' lang='grc' dir='ltr'>τῷ</span> <span class='ocrx_word' id='word_1_198' title='bbox 2695 1070 2895 1143; x_wconf 84' lang='grc' dir='ltr'>πρώτῳ</span> <span class='ocrx_word' id='word_1_199' title='bbox 2925 1072 3388 1143; x_wconf 81' lang='grc' dir='ltr'>ὑπαριθμεῖταιτὸ</span> <span class='ocrx_word' id='word_1_200' title='bbox 3407 1074 3688 1145; x_wconf 84' lang='grc' dir='ltr'>δεύτερον,</span> 
     </span>
    </p>
   </div>
   <div class='ocr_carea' id='block_1_27' title="bbox 2103 1160 3692 1236">
    <p class='ocr_par' dir='ltr' id='par_1_27' title="bbox 2103 1160 3692 1236">
     <span class='ocr_line' id='line_1_27' title="bbox 2103 1160 3692 1236; baseline 0.003 -23"><span class='ocrx_word' id='word_1_201' title='bbox 2103 1160 2163 1212; x_wconf 83' lang='lat' dir='ltr'><strong>rb</strong></span> <span class='ocrx_word' id='word_1_202' title='bbox 2185 1160 2241 1214; x_wconf 88' lang='grc' dir='ltr'><strong>δέ</strong></span> <span class='ocrx_word' id='word_1_203' title='bbox 2290 1162 2764 1234; x_wconf 78' lang='grc' dir='ltr'>ὑπαριθμούμενον</span> <span class='ocrx_word' id='word_1_204' title='bbox 2801 1163 3122 1235; x_wconf 83' lang='grc' dir='ltr'>ἀτιμότερόν</span> <span class='ocrx_word' id='word_1_205' title='bbox 3181 1165 3296 1217; x_wconf 82' lang='grc' dir='ltr'>ἐστι</span> <span class='ocrx_word' id='word_1_206' title='bbox 3340 1165 3434 1217; x_wconf 89' lang='grc' dir='ltr'><strong>τοῦ</strong></span> <span class='ocrx_word' id='word_1_207' title='bbox 3482 1166 3620 1236; x_wconf 84' lang='grc' dir='ltr'>πρὸς</span> <span class='ocrx_word' id='word_1_208' title='bbox 3658 1165 3692 1218; x_wconf 83' lang='grc' dir='ltr'>ὃ</span> 
     </span>
    </p>
   </div>
   <div class='ocr_carea' id='block_1_28' title="bbox 2105 1253 3692 1328">
    <p class='ocr_par' dir='ltr' id='par_1_28' title="bbox 2105 1253 3692 1328">
     <span class='ocr_line' id='line_1_28' title="bbox 2105 1253 3692 1328; baseline 0.003 -23"><span class='ocrx_word' id='word_1_209' title='bbox 2105 1254 2218 1323; x_wconf 74' lang='grc' dir='ltr'>ἔχει</span> <span class='ocrx_word' id='word_1_210' title='bbox 2269 1253 2365 1324; x_wconf 85' lang='grc' dir='ltr'>τὴν</span> <span class='ocrx_word' id='word_1_211' title='bbox 2417 1254 2821 1326; x_wconf 83' lang='grc' dir='ltr'>ὑπαρίθμησιν·</span> <span class='ocrx_word' id='word_1_212' title='bbox 2878 1257 3197 1328; x_wconf 85' lang='grc' dir='ltr'>ἀτιμότερος</span> <span class='ocrx_word' id='word_1_213' title='bbox 3250 1256 3374 1310; x_wconf 89' lang='grc' dir='ltr'>καθ’</span> <span class='ocrx_word' id='word_1_214' title='bbox 3406 1259 3548 1326; x_wconf 76' lang='grc' dir='ltr'>ὑμᾶς</span> <span class='ocrx_word' id='word_1_215' title='bbox 3587 1256 3692 1310; x_wconf 76' lang='grc' dir='ltr'><strong>τοῦ</strong></span> 
     </span>
    </p>
   </div>
   <div class='ocr_carea' id='block_1_29' title="bbox 2105 1342 3689 1417">
    <p class='ocr_par' dir='ltr' id='par_1_29' title="bbox 2105 1342 3689 1417">
     <span class='ocr_line' id='line_1_29' title="bbox 2105 1342 3689 1417; baseline 0.003 -22"><span class='ocrx_word' id='word_1_216' title='bbox 2105 1342 2335 1412; x_wconf 78' lang='grc' dir='ltr'>ψυχικοῦ</span> <span class='ocrx_word' id='word_1_217' title='bbox 2369 1345 2396 1396; x_wconf 91' lang='lat'><strong>6</strong></span> <span class='ocrx_word' id='word_1_218' title='bbox 2425 1344 2812 1414; x_wconf 81' lang='grc' dir='ltr'>πνευματικὸς,</span> <span class='ocrx_word' id='word_1_219' title='bbox 2836 1345 2931 1397; x_wconf 79' lang='grc' dir='ltr'><strong>καὶ</strong></span> <span class='ocrx_word' id='word_1_220' title='bbox 2958 1345 3048 1398; x_wconf 90' lang='grc' dir='ltr'><strong>τοῦ</strong></span> <span class='ocrx_word' id='word_1_221' title='bbox 3077 1345 3259 1415; x_wconf 84' lang='grc' dir='ltr'>χοϊκοῦ</span> <span class='ocrx_word' id='word_1_222' title='bbox 3290 1347 3318 1397; x_wconf 90' lang='lat'><strong>6</strong></span> <span class='ocrx_word' id='word_1_223' title='bbox 3344 1347 3689 1417; x_wconf 78' lang='grc' dir='ltr'>ἐπουράνιος.</span> 
     </span>
    </p>
   </div>
   <div class='ocr_carea' id='block_1_30' title="bbox 2110 1434 3691 1509">
    <p class='ocr_par' dir='ltr' id='par_1_30' title="bbox 2110 1434 3691 1509">
     <span class='ocr_line' id='line_1_30' title="bbox 2110 1434 3691 1509; baseline 0.004 -23"><span class='ocrx_word' id='word_1_224' title='bbox 2110 1434 2302 1487; x_wconf 81' lang='grc' dir='ltr'>Ἀλλο·</span> <span class='ocrx_word' id='word_1_225' title='bbox 2337 1435 2526 1499; x_wconf 74' lang='grc' dir='ltr'>Οὐδεὶς</span> <span class='ocrx_word' id='word_1_226' title='bbox 2562 1438 2762 1504; x_wconf 87' lang='grc' dir='ltr'>ἀγνοεῖ,</span> <span class='ocrx_word' id='word_1_227' title='bbox 2801 1437 2883 1488; x_wconf 85' lang='grc' dir='ltr'><strong>ὄτι</strong></span> <span class='ocrx_word' id='word_1_228' title='bbox 2925 1437 3058 1489; x_wconf 80' lang='grc' dir='ltr'>Θεὸν</span> <span class='ocrx_word' id='word_1_229' title='bbox 3107 1437 3378 1509; x_wconf 78' lang='grc' dir='ltr'>Ἀϐραὰμ,</span> <span class='ocrx_word' id='word_1_230' title='bbox 3427 1439 3518 1490; x_wconf 77' lang='grc' dir='ltr'><strong>καὶ</strong></span> <span class='ocrx_word' id='word_1_231' title='bbox 3549 1438 3691 1492; x_wconf 83' lang='grc' dir='ltr'>Θεὸν</span> 
     </span>
    </p>
   </div>
   <div class='ocr_carea' id='block_1_31' title="bbox 2119 1527 3692 1601">
    <p class='ocr_par' dir='ltr' id='par_1_31' title="bbox 2119 1527 3692 1601">
     <span class='ocr_line' id='line_1_31' title="bbox 2119 1527 3692 1601; baseline 0.004 -23"><span class='ocrx_word' id='word_1_232' title='bbox 2119 1527 2322 1590; x_wconf 82' lang='grc' dir='ltr'>Ἰσαὰκ,</span> <span class='ocrx_word' id='word_1_233' title='bbox 2349 1527 2442 1580; x_wconf 73' lang='grc' dir='ltr'>καὶ</span> <span class='ocrx_word' id='word_1_234' title='bbox 2466 1527 2597 1580; x_wconf 84' lang='grc' dir='ltr'>Θεὸν</span> <span class='ocrx_word' id='word_1_235' title='bbox 2632 1527 2843 1593; x_wconf 77' lang='grc' dir='ltr'>Ἰακὼϐ,</span> <span class='ocrx_word' id='word_1_236' title='bbox 2879 1529 3088 1600; x_wconf 84' lang='grc' dir='ltr'>καλεῖή</span> <span class='ocrx_word' id='word_1_237' title='bbox 3119 1531 3328 1601; x_wconf 80' lang='grc' dir='ltr'>Γραφή.</span> <span class='ocrx_word' id='word_1_238' title='bbox 3363 1530 3519 1582; x_wconf 80' lang='grc' dir='ltr'><strong>Ἀλλο</strong></span> <span class='ocrx_word' id='word_1_239' title='bbox 3540 1549 3552 1560; x_wconf 72' lang='grc' dir='ltr'><strong>ο</strong></span> <span class='ocrx_word' id='word_1_240' title='bbox 3587 1533 3692 1584; x_wconf 82' lang='grc' dir='ltr'><strong>Διὰ</strong></span> 
     </span>
    </p>
   </div>
   <div class='ocr_carea' id='block_1_32' title="bbox 2105 1620 3687 1692">
    <p class='ocr_par' dir='ltr' id='par_1_32' title="bbox 2105 1620 3687 1692">
     <span class='ocr_line' id='line_1_32' title="bbox 2105 1620 3687 1692; baseline 0.003 -22"><span class='ocrx_word' id='word_1_241' title='bbox 2105 1620 2230 1682; x_wconf 82' lang='grc' dir='ltr'>τοὺς</span> <span class='ocrx_word' id='word_1_242' title='bbox 2282 1620 2452 1691; x_wconf 89' lang='grc' dir='ltr'>τρίτῳ</span> <span class='ocrx_word' id='word_1_243' title='bbox 2489 1620 2636 1689; x_wconf 81' lang='grc' dir='ltr'>τόπῳ</span> <span class='ocrx_word' id='word_1_244' title='bbox 2685 1621 2981 1684; x_wconf 83' lang='grc' dir='ltr'>τάσσοντας</span> <span class='ocrx_word' id='word_1_245' title='bbox 3029 1622 3088 1673; x_wconf 82' lang='grc' dir='ltr'><strong>τὸ</strong></span> <span class='ocrx_word' id='word_1_246' title='bbox 3135 1622 3356 1692; x_wconf 89' lang='grc' dir='ltr'>Πνεῦμα</span> <span class='ocrx_word' id='word_1_247' title='bbox 3409 1622 3470 1675; x_wconf 84' lang='grc' dir='ltr'><strong>τὸ</strong></span> <span class='ocrx_word' id='word_1_248' title='bbox 3505 1623 3687 1690; x_wconf 77' lang='grc' dir='ltr'>ἅγιον.</span> 
     </span>
    </p>
   </div>
   <div class='ocr_carea' id='block_1_33' title="bbox 427 1701 2007 1793">
    <p class='ocr_par' dir='ltr' id='par_1_33' title="bbox 427 1717 2003 1793">
     <span class='ocr_line' id='line_1_33' title="bbox 427 1717 2003 1793; baseline 0.001 -19"><span class='ocrx_word' id='word_1_249' title='bbox 427 1726 582 1774; x_wconf 85' lang='lat' dir='ltr'><strong>satur</strong></span> <span class='ocrx_word' id='word_1_250' title='bbox 611 1725 791 1772; x_wconf 92' lang='lat' dir='ltr'><strong>autem</strong></span> <span class='ocrx_word' id='word_1_251' title='bbox 833 1719 941 1774; x_wconf 92' lang='lat' dir='ltr'><strong>illis</strong></span> <span class='ocrx_word' id='word_1_252' title='bbox 975 1719 1031 1772; x_wconf 94' lang='lat' dir='ltr'><strong>in</strong></span> <span class='ocrx_word' id='word_1_253' title='bbox 1072 1717 1253 1773; x_wconf 83' lang='lat' dir='ltr'><strong>Veteri</strong></span> <span class='ocrx_word' id='word_1_254' title='bbox 1299 1718 1651 1775; x_wconf 86' lang='lat' dir='ltr'><strong>Testamento</strong></span> <span class='ocrx_word' id='word_1_255' title='bbox 1682 1722 1774 1776; x_wconf 90' lang='lat' dir='ltr'><strong>ubi</strong></span> <span class='ocrx_word' id='word_1_256' title='bbox 1827 1723 2003 1793; x_wconf 90' lang='lat' dir='ltr'><strong>loqui-</strong></span> 
     </span>
    </p>
   </div>
   <div class='ocr_carea' id='block_1_34' title="bbox 2114 1701 3692 1793">
    <p class='ocr_par' dir='ltr' id='par_1_34' title="bbox 2119 1710 3692 1784">
     <span class='ocr_line' id='line_1_34' title="bbox 2119 1710 3692 1784; baseline 0.001 -22"><span class='ocrx_word' id='word_1_257' title='bbox 2119 1710 2486 1780; x_wconf 76' lang='grc' dir='ltr'>Ἀντιστρέιρει</span> <span class='ocrx_word' id='word_1_258' title='bbox 2515 1712 2694 1774; x_wconf 81' lang='grc' dir='ltr'>αὐτοῖς</span> <span class='ocrx_word' id='word_1_259' title='bbox 2715 1714 2770 1764; x_wconf 84' lang='grc' dir='ltr'><strong>ἐν</strong></span> <span class='ocrx_word' id='word_1_260' title='bbox 2795 1714 2860 1782; x_wconf 81' lang='grc' dir='ltr'>τῇ</span> <span class='ocrx_word' id='word_1_261' title='bbox 2889 1711 3101 1782; x_wconf 84' lang='grc' dir='ltr'>Παλαιᾷ</span> <span class='ocrx_word' id='word_1_262' title='bbox 3118 1711 3381 1784; x_wconf 85' lang='grc' dir='ltr'>Διαθήκῃ,</span> <span class='ocrx_word' id='word_1_263' title='bbox 3417 1713 3510 1764; x_wconf 72' lang='grc' dir='ltr'><strong>καὶ</strong></span> <span class='ocrx_word' id='word_1_264' title='bbox 3533 1712 3692 1779; x_wconf 80' lang='grc' dir='ltr'>λέγει</span> 
     </span>
    </p>
   </div>
   <div class='ocr_carea' id='block_1_35' title="bbox 427 1809 2006 1884">
    <p class='ocr_par' dir='ltr' id='par_1_35' title="bbox 427 1809 2006 1884">
     <span class='ocr_line' id='line_1_35' title="bbox 427 1809 2006 1884; baseline 0.004 -22"><span class='ocrx_word' id='word_1_265' title='bbox 427 1816 520 1862; x_wconf 88' lang='lat' dir='ltr'><strong>tur</strong></span> <span class='ocrx_word' id='word_1_266' title='bbox 563 1810 710 1879; x_wconf 90' lang='lat' dir='ltr'><strong>(cum</strong></span> <span class='ocrx_word' id='word_1_267' title='bbox 745 1809 800 1863; x_wconf 91' lang='lat' dir='ltr'><strong>in</strong></span> <span class='ocrx_word' id='word_1_268' title='bbox 832 1809 1107 1881; x_wconf 84' lang='lat' dir='ltr'><strong>Babylone</strong></span> <span class='ocrx_word' id='word_1_269' title='bbox 1161 1811 1558 1866; x_wconf 80' lang='lat' dir='ltr'><strong>exterminatus</strong></span> <span class='ocrx_word' id='word_1_270' title='bbox 1601 1811 1796 1869; x_wconf 81' lang='lat' dir='ltr'><strong>fuisset</strong></span> <span class='ocrx_word' id='word_1_271' title='bbox 1832 1829 2006 1884; x_wconf 60' lang='lat' dir='ltr'><strong>popuo</strong></span> 
     </span>
    </p>
   </div>
   <div class='ocr_carea' id='block_1_36' title="bbox 428 1897 2004 1967">
    <p class='ocr_par' dir='ltr' id='par_1_36' title="bbox 428 1897 2004 1967">
     <span class='ocr_line' id='line_1_36' title="bbox 428 1897 2004 1967; baseline 0.004 -15"><span class='ocrx_word' id='word_1_272' title='bbox 428 1897 538 1967; x_wconf 89' lang='lat' dir='ltr'><strong>lus)</strong></span> <span class='ocrx_word' id='word_1_273' title='bbox 570 1897 656 1954; x_wconf 89' lang='lat' dir='ltr'><strong>his</strong></span> <span class='ocrx_word' id='word_1_274' title='bbox 677 1899 890 1953; x_wconf 87' lang='lat' dir='ltr'><strong>verbis:</strong></span> <span class='ocrx_word' id='word_1_275' title='bbox 925 1919 942 1949; x_wconf 76' lang='grc' dir='ltr'><strong>ι</strong></span> <span class='ocrx_word' id='word_1_276' title='bbox 974 1899 1039 1952; x_wconf 89' lang='lat' dir='ltr'><strong>Et</strong></span> <span class='ocrx_word' id='word_1_277' title='bbox 1063 1900 1397 1955; x_wconf 89' lang='lat' dir='ltr'><strong>recordabor</strong></span> <span class='ocrx_word' id='word_1_278' title='bbox 1419 1904 1732 1957; x_wconf 88' lang='lat' dir='ltr'><strong>testamenti</strong></span> <span class='ocrx_word' id='word_1_279' title='bbox 1757 1905 1860 1959; x_wconf 83' lang='grc' dir='ltr'>ιιιεὶ</span> <span class='ocrx_word' id='word_1_280' title='bbox 1879 1919 2004 1958; x_wconf 91' lang='lat' dir='ltr'><strong>cum</strong></span> 
     </span>
    </p>
   </div>
   <div class='ocr_carea' id='block_1_37' title="bbox 427 1988 2006 2062">
    <p class='ocr_par' dir='ltr' id='par_1_37' title="bbox 427 1988 2006 2062">
     <span class='ocr_line' id='line_1_37' title="bbox 427 1988 2006 2062; baseline 0.005 -18"><span class='ocrx_word' id='word_1_281' title='bbox 427 1988 621 2057; x_wconf 80' lang='lat' dir='ltr'><strong>Jacob,</strong></span> <span class='ocrx_word' id='word_1_282' title='bbox 645 2000 699 2046; x_wconf 88' lang='lat' dir='ltr'><strong>et</strong></span> <span class='ocrx_word' id='word_1_283' title='bbox 735 1994 1049 2048; x_wconf 84' lang='lat' dir='ltr'><strong>testamenti</strong></span> <span class='ocrx_word' id='word_1_284' title='bbox 1088 1993 1192 2048; x_wconf 90' lang='lat' dir='ltr'><strong>mei</strong></span> <span class='ocrx_word' id='word_1_285' title='bbox 1240 2010 1364 2049; x_wconf 92' lang='lat' dir='ltr'><strong>cum</strong></span> <span class='ocrx_word' id='word_1_286' title='bbox 1406 1995 1579 2062; x_wconf 89' lang='lat' dir='ltr'><strong>Isaac,</strong></span> <span class='ocrx_word' id='word_1_287' title='bbox 1609 2004 1664 2051; x_wconf 90' lang='lat' dir='ltr'><strong>et</strong></span> <span class='ocrx_word' id='word_1_288' title='bbox 1692 1999 2006 2052; x_wconf 87' lang='lat' dir='ltr'><strong>testamenti</strong></span> 
     </span>
    </p>
   </div>
   <div class='ocr_carea' id='block_1_38' title="bbox 429 2066 2007 2157">
    <p class='ocr_par' dir='ltr' id='par_1_38' title="bbox 429 2066 2007 2157">
     <span class='ocr_line' id='line_1_38' title="bbox 429 2066 2007 2157; baseline 0.007 -24"><span class='ocrx_word' id='word_1_289' title='bbox 429 2080 536 2134; x_wconf 90' lang='lat' dir='ltr'><strong>mei</strong></span> <span class='ocrx_word' id='word_1_290' title='bbox 585 2096 709 2135; x_wconf 92' lang='lat' dir='ltr'><strong>cum</strong></span> <span class='ocrx_word' id='word_1_291' title='bbox 749 2067 1022 2138; x_wconf 85' lang='lat' dir='ltr'><strong>Abraham</strong></span> <span class='ocrx_word' id='word_1_292' title='bbox 1047 2084 1114 2138; x_wconf 68' lang='grc' dir='ltr'><strong>⁵ο.</strong></span> <span class='ocrx_word' id='word_1_293' title='bbox 1156 2103 1175 2135; x_wconf 75' lang='grc' dir='ltr'><strong>ι</strong></span> <span class='ocrx_word' id='word_1_294' title='bbox 1197 2084 1394 2139; x_wconf 87' lang='lat' dir='ltr'><strong>Aliud:</strong></span> <span class='ocrx_word' id='word_1_295' title='bbox 1424 2105 1442 2137; x_wconf 75' lang='grc' dir='ltr'><strong>ι</strong></span> <span class='ocrx_word' id='word_1_296' title='bbox 1479 2066 1783 2145; x_wconf 81' lang='lat' dir='ltr'><strong>Divisiones</strong></span> <span class='ocrx_word' id='word_1_297' title='bbox 1805 2089 2007 2157; x_wconf 90' lang='lat' dir='ltr'><strong>gratia-</strong></span> 
     </span>
    </p>
   </div>
   <div class='ocr_carea' id='block_1_39' title="bbox 431 2173 2007 2247">
    <p class='ocr_par' dir='ltr' id='par_1_39' title="bbox 431 2173 2007 2247">
     <span class='ocr_line' id='line_1_39' title="bbox 431 2173 2007 2247; baseline 0.006 -22"><span class='ocrx_word' id='word_1_298' title='bbox 431 2187 553 2225; x_wconf 89' lang='lat' dir='ltr'><strong>rum</strong></span> <span class='ocrx_word' id='word_1_299' title='bbox 588 2179 738 2239; x_wconf 87' lang='lat' dir='ltr'><strong>sunt,</strong></span> <span class='ocrx_word' id='word_1_300' title='bbox 784 2173 927 2230; x_wconf 91' lang='lat' dir='ltr'><strong>idem</strong></span> <span class='ocrx_word' id='word_1_301' title='bbox 962 2184 1143 2230; x_wconf 88' lang='lat' dir='ltr'><strong>autem</strong></span> <span class='ocrx_word' id='word_1_302' title='bbox 1180 2175 1452 2247; x_wconf 85' lang='lat' dir='ltr'><strong>Spiritus;</strong></span> <span class='ocrx_word' id='word_1_303' title='bbox 1487 2185 1541 2231; x_wconf 87' lang='lat' dir='ltr'><strong>et</strong></span> <span class='ocrx_word' id='word_1_304' title='bbox 1578 2177 1877 2235; x_wconf 88' lang='lat' dir='ltr'><strong>divisiones</strong></span> <span class='ocrx_word' id='word_1_305' title='bbox 1905 2182 2007 2235; x_wconf 91' lang='lat' dir='ltr'><strong>mi-</strong></span> 
     </span>
    </p>
   </div>
   <div class='ocr_carea' id='block_1_40' title="bbox 431 2265 2009 2339">
    <p class='ocr_par' dir='ltr' id='par_1_40' title="bbox 431 2265 2009 2339">
     <span class='ocr_line' id='line_1_40' title="bbox 431 2265 2009 2339; baseline 0.005 -21"><span class='ocrx_word' id='word_1_306' title='bbox 431 2265 820 2320; x_wconf 88' lang='lat' dir='ltr'><strong>nistrationum</strong></span> <span class='ocrx_word' id='word_1_307' title='bbox 851 2274 999 2332; x_wconf 88' lang='lat' dir='ltr'><strong>sunt,</strong></span> <span class='ocrx_word' id='word_1_308' title='bbox 1031 2267 1173 2324; x_wconf 90' lang='lat' dir='ltr'><strong>idem</strong></span> <span class='ocrx_word' id='word_1_309' title='bbox 1203 2277 1385 2326; x_wconf 81' lang='lat' dir='ltr'><strong>autem</strong></span> <span class='ocrx_word' id='word_1_310' title='bbox 1417 2268 1720 2339; x_wconf 90' lang='lat' dir='ltr'><strong>Dominus;</strong></span> <span class='ocrx_word' id='word_1_311' title='bbox 1781 2280 1835 2327; x_wconf 90' lang='lat' dir='ltr'><strong>et</strong></span> <span class='ocrx_word' id='word_1_312' title='bbox 1869 2271 2009 2326; x_wconf 91' lang='lat' dir='ltr'><strong>divi-</strong></span> 
     </span>
    </p>
   </div>
   <div class='ocr_carea' id='block_1_41' title="bbox 430 2357 2007 2434">
    <p class='ocr_par' dir='ltr' id='par_1_41' title="bbox 430 2357 2007 2434">
     <span class='ocr_line' id='line_1_41' title="bbox 430 2357 2007 2434; baseline 0.004 -22"><span class='ocrx_word' id='word_1_313' title='bbox 430 2357 616 2414; x_wconf 87' lang='lat' dir='ltr'><strong>siones</strong></span> <span class='ocrx_word' id='word_1_314' title='bbox 649 2359 1025 2430; x_wconf 82' lang='lat' dir='ltr'><strong>Operationum</strong></span> <span class='ocrx_word' id='word_1_315' title='bbox 1061 2369 1210 2426; x_wconf 89' lang='lat' dir='ltr'><strong>sunt,</strong></span> <span class='ocrx_word' id='word_1_316' title='bbox 1243 2361 1384 2416; x_wconf 91' lang='lat' dir='ltr'><strong>idem</strong></span> <span class='ocrx_word' id='word_1_317' title='bbox 1409 2377 1540 2417; x_wconf 87' lang='lat' dir='ltr'><strong>vero</strong></span> <span class='ocrx_word' id='word_1_318' title='bbox 1569 2361 1732 2428; x_wconf 89' lang='lat' dir='ltr'><strong>Deus,</strong></span> <span class='ocrx_word' id='word_1_319' title='bbox 1757 2364 1850 2432; x_wconf 92' lang='lat' dir='ltr'><strong>qui</strong></span> <span class='ocrx_word' id='word_1_320' title='bbox 1878 2378 2007 2434; x_wconf 87' lang='lat' dir='ltr'><strong>ope-</strong></span> 
     </span>
    </p>
   </div>
   <div class='ocr_carea' id='block_1_42' title="bbox 433 2451 2008 2521">
    <p class='ocr_par' dir='ltr' id='par_1_42' title="bbox 433 2451 2008 2521">
     <span class='ocr_line' id='line_1_42' title="bbox 433 2451 2008 2521; baseline 0.003 -17"><span class='ocrx_word' id='word_1_321' title='bbox 433 2457 586 2505; x_wconf 87' lang='lat' dir='ltr'><strong>ratur</strong></span> <span class='ocrx_word' id='word_1_322' title='bbox 613 2451 797 2505; x_wconf 90' lang='lat' dir='ltr'><strong>omnia</strong></span> <span class='ocrx_word' id='word_1_323' title='bbox 834 2451 887 2506; x_wconf 91' lang='lat' dir='ltr'><strong>in</strong></span> <span class='ocrx_word' id='word_1_324' title='bbox 939 2452 1193 2508; x_wconf 89' lang='lat' dir='ltr'><strong>omnibus</strong></span> <span class='ocrx_word' id='word_1_325' title='bbox 1226 2452 1291 2507; x_wconf 79' lang='lat'><strong>“.</strong></span> <span class='ocrx_word' id='word_1_326' title='bbox 1327 2471 1346 2505; x_wconf 73' lang='grc' dir='ltr'><strong>ι</strong></span> <span class='ocrx_word' id='word_1_327' title='bbox 1391 2453 1552 2508; x_wconf 89' lang='lat' dir='ltr'><strong>Aliud</strong></span> <span class='ocrx_word' id='word_1_328' title='bbox 1588 2473 1600 2507; x_wconf 93' lang='lat'>:</span> <span class='ocrx_word' id='word_1_329' title='bbox 1644 2472 1663 2504; x_wconf 79' lang='grc' dir='ltr'><strong>ι</strong></span> <span class='ocrx_word' id='word_1_330' title='bbox 1699 2453 1818 2521; x_wconf 87' lang='lat' dir='ltr'><strong>Quo</strong></span> <span class='ocrx_word' id='word_1_331' title='bbox 1854 2455 1943 2510; x_wconf 89' lang='lat' dir='ltr'><strong>ibo</strong></span> <span class='ocrx_word' id='word_1_332' title='bbox 1977 2470 2008 2509; x_wconf 92' lang='lat' dir='ltr'><strong>a</strong></span> 
     </span>
    </p>
   </div>
   <div class='ocr_carea' id='block_1_43' title="bbox 433 2542 1718 2616">
    <p class='ocr_par' dir='ltr' id='par_1_43' title="bbox 433 2542 1718 2616">
     <span class='ocr_line' id='line_1_43' title="bbox 433 2542 1718 2616; baseline 0.003 -19"><span class='ocrx_word' id='word_1_333' title='bbox 433 2542 625 2613; x_wconf 86' lang='lat' dir='ltr'><strong>spiritu</strong></span> <span class='ocrx_word' id='word_1_334' title='bbox 657 2551 771 2604; x_wconf 91' lang='lat' dir='ltr'><strong>tuo,</strong></span> <span class='ocrx_word' id='word_1_335' title='bbox 801 2550 855 2600; x_wconf 90' lang='lat' dir='ltr'><strong>et</strong></span> <span class='ocrx_word' id='word_1_336' title='bbox 879 2559 987 2614; x_wconf 89' lang='lat' dir='ltr'><strong>quo</strong></span> <span class='ocrx_word' id='word_1_337' title='bbox 1014 2559 1044 2598; x_wconf 87' lang='lat' dir='ltr'><strong>a</strong></span> <span class='ocrx_word' id='word_1_338' title='bbox 1073 2544 1212 2601; x_wconf 81' lang='lat' dir='ltr'><strong>facie</strong></span> <span class='ocrx_word' id='word_1_339' title='bbox 1241 2556 1332 2601; x_wconf 91' lang='lat' dir='ltr'><strong>tua</strong></span> <span class='ocrx_word' id='word_1_340' title='bbox 1357 2545 1560 2616; x_wconf 79' lang='lat' dir='ltr'><strong>fugiam</strong></span> <span class='ocrx_word' id='word_1_341' title='bbox 1587 2548 1672 2603; x_wconf 72' lang='lat'><strong>“1&#39;</strong></span> <span class='ocrx_word' id='word_1_342' title='bbox 1704 2569 1718 2601; x_wconf 89' lang='grc' dir='ltr'><strong>ι</strong></span> 
     </span>
    </p>
   </div>
   <div class='ocr_carea' id='block_1_44' title="bbox 605 2720 1830 2792">
    <p class='ocr_par' dir='ltr' id='par_1_44' title="bbox 605 2720 1830 2792">
     <span class='ocr_line' id='line_1_44' title="bbox 605 2720 1830 2792; baseline 0.003 -18"><span class='ocrx_word' id='word_1_343' title='bbox 605 2721 692 2774; x_wconf 77' lang='grc'><strong>21.</strong></span> <span class='ocrx_word' id='word_1_344' title='bbox 733 2722 886 2788; x_wconf 84' lang='lat' dir='ltr'><strong>Quod</strong></span> <span class='ocrx_word' id='word_1_345' title='bbox 928 2720 1105 2777; x_wconf 78' lang='lat' dir='ltr'><strong>Filius</strong></span> <span class='ocrx_word' id='word_1_346' title='bbox 1149 2732 1272 2777; x_wconf 84' lang='lat' dir='ltr'><strong>ante</strong></span> <span class='ocrx_word' id='word_1_347' title='bbox 1316 2721 1536 2777; x_wconf 81' lang='lat' dir='ltr'><strong>Patrem</strong></span> <span class='ocrx_word' id='word_1_348' title='bbox 1581 2733 1830 2792; x_wconf 81' lang='lat' dir='ltr'><strong>ponatur.</strong></span> 
     </span>
    </p>
   </div>
   <div class='ocr_carea' id='block_1_45' title="bbox 504 2811 2012 2885">
    <p class='ocr_par' dir='ltr' id='par_1_45' title="bbox 504 2811 2012 2885">
     <span class='ocr_line' id='line_1_45' title="bbox 504 2811 2012 2885; baseline 0.003 -20"><span class='ocrx_word' id='word_1_349' title='bbox 504 2813 594 2865; x_wconf 85' lang='lat' dir='ltr'><strong>Ait</strong></span> <span class='ocrx_word' id='word_1_350' title='bbox 625 2811 874 2869; x_wconf 85' lang='lat' dir='ltr'><strong>Salvator</strong></span> <span class='ocrx_word' id='word_1_351' title='bbox 912 2831 924 2866; x_wconf 91' lang='lat'>:</span> <span class='ocrx_word' id='word_1_352' title='bbox 962 2832 980 2866; x_wconf 75' lang='grc' dir='ltr'><strong>ι</strong></span> <span class='ocrx_word' id='word_1_353' title='bbox 1012 2814 1122 2885; x_wconf 87' lang='lat' dir='ltr'><strong>Ego</strong></span> <span class='ocrx_word' id='word_1_354' title='bbox 1163 2822 1216 2869; x_wconf 90' lang='lat' dir='ltr'><strong>et</strong></span> <span class='ocrx_word' id='word_1_355' title='bbox 1253 2813 1413 2869; x_wconf 87' lang='lat' dir='ltr'><strong>Pater</strong></span> <span class='ocrx_word' id='word_1_356' title='bbox 1443 2815 1741 2876; x_wconf 87' lang='lat' dir='ltr'><strong>veniemus,</strong></span> <span class='ocrx_word' id='word_1_357' title='bbox 1773 2823 1825 2869; x_wconf 85' lang='lat' dir='ltr'><strong>et</strong></span> <span class='ocrx_word' id='word_1_358' title='bbox 1857 2829 2012 2869; x_wconf 88' lang='lat' dir='ltr'><strong>man-</strong></span> 
     </span>
    </p>
   </div>
   <div class='ocr_carea' id='block_1_46' title="bbox 432 2905 2012 2978">
    <p class='ocr_par' dir='ltr' id='par_1_46' title="bbox 432 2905 2012 2978">
     <span class='ocr_line' id='line_1_46' title="bbox 432 2905 2012 2978; baseline 0.003 -19"><span class='ocrx_word' id='word_1_359' title='bbox 432 2905 642 2959; x_wconf 86' lang='lat' dir='ltr'><strong>sionem</strong></span> <span class='ocrx_word' id='word_1_360' title='bbox 692 2907 836 2976; x_wconf 91' lang='lat' dir='ltr'><strong>apud</strong></span> <span class='ocrx_word' id='word_1_361' title='bbox 900 2923 1024 2961; x_wconf 91' lang='lat' dir='ltr'><strong>eum</strong></span> <span class='ocrx_word' id='word_1_362' title='bbox 1066 2907 1332 2961; x_wconf 83' lang='lat' dir='ltr'><strong>faciemus</strong></span> <span class='ocrx_word' id='word_1_363' title='bbox 1353 2907 1420 2960; x_wconf 75' lang='lat'><strong>&quot;.</strong></span> <span class='ocrx_word' id='word_1_364' title='bbox 1463 2926 1481 2958; x_wconf 70' lang='grc' dir='ltr'><strong>ι</strong></span> <span class='ocrx_word' id='word_1_365' title='bbox 1509 2907 1668 2962; x_wconf 86' lang='lat' dir='ltr'><strong>Aliud</strong></span> <span class='ocrx_word' id='word_1_366' title='bbox 1710 2927 1730 2962; x_wconf 65' lang='grc' dir='ltr'><strong>ε’</strong></span> <span class='ocrx_word' id='word_1_367' title='bbox 1771 2925 1787 2958; x_wconf 84' lang='grc' dir='ltr'><strong>ι</strong></span> <span class='ocrx_word' id='word_1_368' title='bbox 1813 2906 1924 2978; x_wconf 87' lang='lat' dir='ltr'><strong>Ego</strong></span> <span class='ocrx_word' id='word_1_369' title='bbox 1958 2914 2012 2963; x_wconf 76' lang='lat' dir='ltr'><strong>et</strong></span> 
     </span>
    </p>
   </div>
   <div class='ocr_carea' id='block_1_47' title="bbox 433 2998 2010 3072">
    <p class='ocr_par' dir='ltr' id='par_1_47' title="bbox 433 2998 2010 3072">
     <span class='ocr_line' id='line_1_47' title="bbox 433 2998 2010 3072; baseline 0.003 -21"><span class='ocrx_word' id='word_1_370' title='bbox 433 2998 593 3054; x_wconf 88' lang='lat' dir='ltr'><strong>Pater</strong></span> <span class='ocrx_word' id='word_1_371' title='bbox 622 3016 789 3054; x_wconf 90' lang='lat' dir='ltr'><strong>unum</strong></span> <span class='ocrx_word' id='word_1_372' title='bbox 824 3016 1015 3057; x_wconf 91' lang='lat' dir='ltr'><strong>sumus</strong></span> <span class='ocrx_word' id='word_1_373' title='bbox 1038 3001 1105 3056; x_wconf 70' lang='lat'><strong>“.</strong></span> <span class='ocrx_word' id='word_1_374' title='bbox 1133 3021 1151 3055; x_wconf 77' lang='grc' dir='ltr'><strong>ι</strong></span> <span class='ocrx_word' id='word_1_375' title='bbox 1192 3000 1429 3056; x_wconf 85' lang='lat' dir='ltr'><strong>Rursum</strong></span> <span class='ocrx_word' id='word_1_376' title='bbox 1456 3001 1752 3072; x_wconf 89' lang='lat' dir='ltr'><strong>Apostolus</strong></span> <span class='ocrx_word' id='word_1_377' title='bbox 1780 3021 1792 3054; x_wconf 92' lang='lat'>:</span> <span class='ocrx_word' id='word_1_378' title='bbox 1830 3021 1847 3052; x_wconf 79' lang='grc' dir='ltr'><strong>ι</strong></span> <span class='ocrx_word' id='word_1_379' title='bbox 1874 2999 2010 3055; x_wconf 84' lang='lat' dir='ltr'><strong>Gra-</strong></span> 
     </span>
    </p>
   </div>
   <div class='ocr_carea' id='block_1_48' title="bbox 434 3091 2010 3158">
    <p class='ocr_par' dir='ltr' id='par_1_48' title="bbox 434 3091 2010 3158">
     <span class='ocr_line' id='line_1_48' title="bbox 434 3091 2010 3158; baseline 0.001 -14"><span class='ocrx_word' id='word_1_380' title='bbox 434 3093 509 3146; x_wconf 89' lang='lat' dir='ltr'><strong>tia</strong></span> <span class='ocrx_word' id='word_1_381' title='bbox 556 3093 770 3148; x_wconf 91' lang='lat' dir='ltr'><strong>Domini</strong></span> <span class='ocrx_word' id='word_1_382' title='bbox 810 3094 987 3148; x_wconf 89' lang='lat' dir='ltr'><strong>nostri</strong></span> <span class='ocrx_word' id='word_1_383' title='bbox 1033 3091 1163 3148; x_wconf 88' lang='lat' dir='ltr'><strong>Jesu</strong></span> <span class='ocrx_word' id='word_1_384' title='bbox 1195 3093 1416 3158; x_wconf 86' lang='lat' dir='ltr'><strong>Christi,</strong></span> <span class='ocrx_word' id='word_1_385' title='bbox 1444 3103 1496 3147; x_wconf 90' lang='lat' dir='ltr'><strong>et</strong></span> <span class='ocrx_word' id='word_1_386' title='bbox 1519 3095 1759 3149; x_wconf 80' lang='lat' dir='ltr'><strong>Charitas</strong></span> <span class='ocrx_word' id='word_1_387' title='bbox 1799 3092 1918 3158; x_wconf 90' lang='lat' dir='ltr'><strong>Dei,</strong></span> <span class='ocrx_word' id='word_1_388' title='bbox 1955 3101 2010 3148; x_wconf 88' lang='lat' dir='ltr'><strong>et</strong></span> 
     </span>
    </p>
   </div>
   <div class='ocr_carea' id='block_1_49' title="bbox 435 3184 2009 3256">
    <p class='ocr_par' dir='ltr' id='par_1_49' title="bbox 435 3184 2009 3256">
     <span class='ocr_line' id='line_1_49' title="bbox 435 3184 2009 3256; baseline 0 -17"><span class='ocrx_word' id='word_1_389' title='bbox 435 3187 864 3240; x_wconf 90' lang='lat' dir='ltr'><strong>communicatio</strong></span> <span class='ocrx_word' id='word_1_390' title='bbox 903 3187 1080 3241; x_wconf 87' lang='lat' dir='ltr'><strong>sancti</strong></span> <span class='ocrx_word' id='word_1_391' title='bbox 1135 3184 1399 3256; x_wconf 89' lang='lat' dir='ltr'><strong>Spiritus,</strong></span> <span class='ocrx_word' id='word_1_392' title='bbox 1450 3202 1575 3241; x_wconf 92' lang='lat' dir='ltr'><strong>cum</strong></span> <span class='ocrx_word' id='word_1_393' title='bbox 1616 3187 1871 3242; x_wconf 89' lang='lat' dir='ltr'><strong>omnibus</strong></span> <span class='ocrx_word' id='word_1_394' title='bbox 1913 3200 2009 3240; x_wconf 88' lang='lat' dir='ltr'><strong>vo-</strong></span> 
     </span>
    </p>
   </div>
   <div class='ocr_carea' id='block_1_50' title="bbox 435 3278 665 3334">
    <p class='ocr_par' dir='ltr' id='par_1_50' title="bbox 435 3278 665 3334">
     <span class='ocr_line' id='line_1_50' title="bbox 435 3278 665 3334; baseline -0.004 -2"><span class='ocrx_word' id='word_1_395' title='bbox 435 3278 520 3333; x_wconf 87' lang='lat' dir='ltr'><strong>bis</strong></span> <span class='ocrx_word' id='word_1_396' title='bbox 541 3280 605 3334; x_wconf 72' lang='lat'><strong>&quot;.</strong></span> <span class='ocrx_word' id='word_1_397' title='bbox 645 3297 665 3331; x_wconf 73' lang='grc' dir='ltr'><strong>ι</strong></span> 
     </span>
    </p>
   </div>
   <div class='ocr_carea' id='block_1_51' title="bbox 439 3389 2009 3460">
    <p class='ocr_par' dir='ltr' id='par_1_51' title="bbox 439 3389 2009 3460">
     <span class='ocr_line' id='line_1_51' title="bbox 439 3389 2009 3460; baseline 0 -18"><span class='ocrx_word' id='word_1_398' title='bbox 439 3390 538 3458; x_wconf 78' lang='grc' dir='ltr'><strong>ιι</strong></span> <span class='ocrx_word' id='word_1_399' title='bbox 579 3389 667 3443; x_wconf 66' lang='grc'><strong>22.</strong></span> <span class='ocrx_word' id='word_1_400' title='bbox 707 3389 968 3444; x_wconf 79' lang='lat' dir='ltr'><strong>Adversus</strong></span> <span class='ocrx_word' id='word_1_401' title='bbox 1007 3407 1093 3443; x_wconf 77' lang='lat' dir='ltr'><strong>eoa</strong></span> <span class='ocrx_word' id='word_1_402' title='bbox 1141 3391 1231 3460; x_wconf 78' lang='lat' dir='ltr'><strong>qui</strong></span> <span class='ocrx_word' id='word_1_403' title='bbox 1299 3391 1576 3444; x_wconf 76' lang='lat' dir='ltr'><strong>discrimen</strong></span> <span class='ocrx_word' id='word_1_404' title='bbox 1615 3402 1812 3460; x_wconf 83' lang='lat' dir='ltr'><strong>ponunt</strong></span> <span class='ocrx_word' id='word_1_405' title='bbox 1850 3391 2009 3455; x_wconf 82' lang='lat' dir='ltr'><strong>inter,</strong></span> 
     </span>
    </p>
   </div>
   <div class='ocr_carea' id='block_1_52' title="bbox 508 3459 2010 3530">
    <p class='ocr_par' dir='ltr' id='par_1_52' title="bbox 508 3459 2010 3530">
     <span class='ocr_line' id='line_1_52' title="bbox 508 3459 2010 3530; baseline 0 -17"><span class='ocrx_word' id='word_1_406' title='bbox 508 3477 571 3530; x_wconf 84' lang='lat' dir='ltr'><strong>ex</strong></span> <span class='ocrx_word' id='word_1_407' title='bbox 608 3475 738 3530; x_wconf 85' lang='lat' dir='ltr'><strong>quo,</strong></span> <span class='ocrx_word' id='word_1_408' title='bbox 769 3469 851 3524; x_wconf 88' lang='lat' dir='ltr'><strong>et,</strong></span> <span class='ocrx_word' id='word_1_409' title='bbox 889 3475 984 3530; x_wconf 89' lang='lat' dir='ltr'><strong>per</strong></span> <span class='ocrx_word' id='word_1_410' title='bbox 1013 3459 1172 3530; x_wconf 70' lang='lat' dir='ltr'><strong>quem</strong></span> <span class='ocrx_word' id='word_1_411' title='bbox 1200 3478 1213 3524; x_wconf 91' lang='lat'>;</span> <span class='ocrx_word' id='word_1_412' title='bbox 1247 3470 1295 3514; x_wconf 87' lang='lat' dir='ltr'><strong>et</strong></span> <span class='ocrx_word' id='word_1_413' title='bbox 1329 3459 1462 3513; x_wconf 81' lang='lat' dir='ltr'><strong>illud</strong></span> <span class='ocrx_word' id='word_1_414' title='bbox 1484 3500 1499 3525; x_wconf 94' lang='lat'><strong>,</strong></span> <span class='ocrx_word' id='word_1_415' title='bbox 1534 3459 1762 3530; x_wconf 35' lang='lat' dir='ltr'><strong>ex&#39;quo,</strong></span> <span class='ocrx_word' id='word_1_416' title='bbox 1812 3460 2010 3526; x_wconf 78' lang='lat' dir='ltr'><strong>Patri,</strong></span> 
     </span>
    </p>
   </div>
   <div class='ocr_carea' id='block_1_53' title="bbox 509 3529 1868 3600">
    <p class='ocr_par' dir='ltr' id='par_1_53' title="bbox 509 3529 1868 3600">
     <span class='ocr_line' id='line_1_53' title="bbox 509 3529 1868 3600; baseline 0.001 -17"><span class='ocrx_word' id='word_1_417' title='bbox 509 3529 677 3597; x_wconf 77' lang='lat' dir='ltr'><strong>illud,</strong></span> <span class='ocrx_word' id='word_1_418' title='bbox 719 3546 815 3600; x_wconf 88' lang='lat' dir='ltr'><strong>per</strong></span> <span class='ocrx_word' id='word_1_419' title='bbox 848 3529 1009 3600; x_wconf 86' lang='lat' dir='ltr'><strong>quem</strong></span> <span class='ocrx_word' id='word_1_420' title='bbox 1029 3571 1042 3594; x_wconf 96' lang='lat'><strong>,</strong></span> <span class='ocrx_word' id='word_1_421' title='bbox 1078 3529 1222 3583; x_wconf 82' lang='lat' dir='ltr'><strong>Filio</strong></span> <span class='ocrx_word' id='word_1_422' title='bbox 1254 3540 1310 3583; x_wconf 87' lang='lat' dir='ltr'><strong>ut</strong></span> <span class='ocrx_word' id='word_1_423' title='bbox 1341 3532 1514 3585; x_wconf 75' lang='lat' dir='ltr'><strong>minus</strong></span> <span class='ocrx_word' id='word_1_424' title='bbox 1550 3529 1868 3586; x_wconf 73' lang='lat' dir='ltr'><strong>attribuunt.</strong></span> 
     </span>
    </p>
   </div>
   <div class='ocr_carea' id='block_1_54' title="bbox 509 3644 2015 3715">
    <p class='ocr_par' dir='ltr' id='par_1_54' title="bbox 509 3644 2015 3715">
     <span class='ocr_line' id='line_1_54' title="bbox 509 3644 2015 3715; baseline 0.002 -17"><span class='ocrx_word' id='word_1_425' title='bbox 509 3645 822 3701; x_wconf 79' lang='lat' dir='ltr'><strong>invenimus</strong></span> <span class='ocrx_word' id='word_1_426' title='bbox 857 3656 1044 3700; x_wconf 89' lang='lat' dir='ltr'><strong>contra</strong></span> <span class='ocrx_word' id='word_1_427' title='bbox 1083 3647 1140 3699; x_wconf 91' lang='lat' dir='ltr'><strong>in</strong></span> <span class='ocrx_word' id='word_1_428' title='bbox 1173 3645 1506 3715; x_wconf 88' lang='lat' dir='ltr'><strong>Scripturis,</strong></span> <span class='ocrx_word' id='word_1_429' title='bbox 1541 3645 1707 3700; x_wconf 91' lang='lat' dir='ltr'><strong>etiam</strong></span> <span class='ocrx_word' id='word_1_430' title='bbox 1738 3646 1806 3701; x_wconf 88' lang='lat' dir='ltr'><strong>de</strong></span> <span class='ocrx_word' id='word_1_431' title='bbox 1852 3644 2015 3702; x_wconf 88' lang='lat' dir='ltr'><strong>Patre</strong></span> 
     </span>
    </p>
   </div>
   <div class='ocr_carea' id='block_1_55' title="bbox 440 3735 2015 3807">
    <p class='ocr_par' dir='ltr' id='par_1_55' title="bbox 440 3735 2015 3807">
     <span class='ocr_line' id='line_1_55' title="bbox 440 3735 2015 3807; baseline -0.001 -15"><span class='ocrx_word' id='word_1_432' title='bbox 440 3737 577 3802; x_wconf 88' lang='lat' dir='ltr'><strong>dici,</strong></span> <span class='ocrx_word' id='word_1_433' title='bbox 599 3756 616 3788; x_wconf 80' lang='grc' dir='ltr'><strong>ι</strong></span> <span class='ocrx_word' id='word_1_434' title='bbox 640 3753 737 3807; x_wconf 91' lang='lat' dir='ltr'><strong>per</strong></span> <span class='ocrx_word' id='word_1_435' title='bbox 757 3753 918 3807; x_wconf 91' lang='lat' dir='ltr'><strong>quem</strong></span> <span class='ocrx_word' id='word_1_436' title='bbox 944 3757 955 3790; x_wconf 95' lang='lat'>:</span> <span class='ocrx_word' id='word_1_437' title='bbox 986 3757 1003 3789; x_wconf 72' lang='grc' dir='ltr'><strong>ι</strong></span> <span class='ocrx_word' id='word_1_438' title='bbox 1027 3746 1082 3793; x_wconf 86' lang='grc' dir='ltr'><strong>ει</strong></span> <span class='ocrx_word' id='word_1_439' title='bbox 1107 3738 1173 3792; x_wconf 92' lang='lat' dir='ltr'><strong>de</strong></span> <span class='ocrx_word' id='word_1_440' title='bbox 1189 3735 1347 3801; x_wconf 88' lang='lat' dir='ltr'><strong>Filio,</strong></span> <span class='ocrx_word' id='word_1_441' title='bbox 1376 3755 1395 3785; x_wconf 72' lang='grc' dir='ltr'><strong><em>α</em></strong></span> <span class='ocrx_word' id='word_1_442' title='bbox 1419 3753 1487 3792; x_wconf 88' lang='lat' dir='ltr'><strong>ex</strong></span> <span class='ocrx_word' id='word_1_443' title='bbox 1515 3753 1643 3807; x_wconf 92' lang='lat' dir='ltr'><strong>quo,</strong></span> <span class='ocrx_word' id='word_1_444' title='bbox 1673 3756 1690 3788; x_wconf 79' lang='grc' dir='ltr'><strong>ι</strong></span> <span class='ocrx_word' id='word_1_445' title='bbox 1709 3744 1762 3792; x_wconf 83' lang='grc' dir='ltr'><strong>ει</strong></span> <span class='ocrx_word' id='word_1_446' title='bbox 1793 3737 1860 3792; x_wconf 89' lang='lat' dir='ltr'><strong>de</strong></span> <span class='ocrx_word' id='word_1_447' title='bbox 1891 3738 2015 3807; x_wconf 92' lang='lat' dir='ltr'><strong>Spi-</strong></span> 
     </span>
    </p>
   </div>
   <div class='ocr_carea' id='block_1_56' title="bbox 442 3826 2015 3898">
    <p class='ocr_par' dir='ltr' id='par_1_56' title="bbox 442 3826 2015 3898">
     <span class='ocr_line' id='line_1_56' title="bbox 442 3826 2015 3898; baseline 0.001 -16"><span class='ocrx_word' id='word_1_448' title='bbox 442 3830 550 3884; x_wconf 90' lang='lat' dir='ltr'><strong>ritu</strong></span> <span class='ocrx_word' id='word_1_449' title='bbox 606 3830 877 3884; x_wconf 90' lang='lat' dir='ltr'><strong>similiter.</strong></span> <span class='ocrx_word' id='word_1_450' title='bbox 933 3828 1009 3885; x_wconf 90' lang='lat' dir='ltr'><strong>De</strong></span> <span class='ocrx_word' id='word_1_451' title='bbox 1059 3829 1222 3884; x_wconf 81' lang='lat' dir='ltr'><strong>Patre</strong></span> <span class='ocrx_word' id='word_1_452' title='bbox 1273 3829 1574 3898; x_wconf 89' lang='lat' dir='ltr'><strong>Apostolus</strong></span> <span class='ocrx_word' id='word_1_453' title='bbox 1625 3826 2015 3884; x_wconf 73' lang='lat' dir='ltr'><strong>aitthidelis</strong></span> 
     </span>
    </p>
   </div>
   <div class='ocr_carea' id='block_1_57' title="bbox 442 3920 2013 3991">
    <p class='ocr_par' dir='ltr' id='par_1_57' title="bbox 442 3920 2013 3991">
     <span class='ocr_line' id='line_1_57' title="bbox 442 3920 2013 3991; baseline -0.001 -17"><span class='ocrx_word' id='word_1_454' title='bbox 442 3920 617 3984; x_wconf 90' lang='lat' dir='ltr'><strong>Deus,</strong></span> <span class='ocrx_word' id='word_1_455' title='bbox 655 3937 752 3991; x_wconf 91' lang='lat' dir='ltr'><strong>per</strong></span> <span class='ocrx_word' id='word_1_456' title='bbox 797 3937 958 3990; x_wconf 90' lang='lat' dir='ltr'><strong>quem</strong></span> <span class='ocrx_word' id='word_1_457' title='bbox 1006 3921 1184 3976; x_wconf 85' lang='lat' dir='ltr'><strong>vocati</strong></span> <span class='ocrx_word' id='word_1_458' title='bbox 1227 3922 1364 3977; x_wconf 89' lang='lat' dir='ltr'><strong>estis</strong></span> <span class='ocrx_word' id='word_1_459' title='bbox 1415 3922 1470 3975; x_wconf 94' lang='lat' dir='ltr'><strong>in</strong></span> <span class='ocrx_word' id='word_1_460' title='bbox 1524 3921 1843 3976; x_wconf 84' lang='lat' dir='ltr'><strong>societatem</strong></span> <span class='ocrx_word' id='word_1_461' title='bbox 1892 3920 2013 3975; x_wconf 89' lang='lat' dir='ltr'><strong>Filii</strong></span> 
     </span>
    </p>
   </div>
   <div class='ocr_carea' id='block_1_58' title="bbox 440 4010 2017 4082">
    <p class='ocr_par' dir='ltr' id='par_1_58' title="bbox 440 4010 2017 4082">
     <span class='ocr_line' id='line_1_58' title="bbox 440 4010 2017 4082; baseline 0 -16"><span class='ocrx_word' id='word_1_462' title='bbox 440 4013 561 4081; x_wconf 83' lang='lat' dir='ltr'><strong>ejus</strong></span> <span class='ocrx_word' id='word_1_463' title='bbox 592 4012 660 4066; x_wconf 47' lang='grc' dir='ltr'><strong>ις.</strong></span> <span class='ocrx_word' id='word_1_464' title='bbox 687 4032 704 4064; x_wconf 80' lang='grc' dir='ltr'><strong>ι</strong></span> <span class='ocrx_word' id='word_1_465' title='bbox 738 4011 901 4066; x_wconf 90' lang='lat' dir='ltr'><strong>Aliud</strong></span> <span class='ocrx_word' id='word_1_466' title='bbox 930 4031 981 4066; x_wconf 76' lang='grc' dir='ltr'><strong>ε(</strong></span> <span class='ocrx_word' id='word_1_467' title='bbox 1005 4011 1208 4067; x_wconf 90' lang='lat' dir='ltr'><strong>Paulus</strong></span> <span class='ocrx_word' id='word_1_468' title='bbox 1239 4013 1520 4082; x_wconf 89' lang='lat' dir='ltr'><strong>apostolus</strong></span> <span class='ocrx_word' id='word_1_469' title='bbox 1543 4010 1671 4066; x_wconf 87' lang='lat' dir='ltr'><strong>Jesu</strong></span> <span class='ocrx_word' id='word_1_470' title='bbox 1691 4011 1895 4066; x_wconf 85' lang='lat' dir='ltr'><strong>Christi</strong></span> <span class='ocrx_word' id='word_1_471' title='bbox 1921 4028 2017 4082; x_wconf 86' lang='lat' dir='ltr'><strong>per</strong></span> 
     </span>
    </p>
   </div>
   <div class='ocr_carea' id='block_1_59' title="bbox 440 4103 2017 4174">
    <p class='ocr_par' dir='ltr' id='par_1_59' title="bbox 440 4103 2017 4174">
     <span class='ocr_line' id='line_1_59' title="bbox 440 4103 2017 4174; baseline 0.001 -17"><span class='ocrx_word' id='word_1_472' title='bbox 440 4103 776 4158; x_wconf 87' lang='lat' dir='ltr'><strong>voluntatem</strong></span> <span class='ocrx_word' id='word_1_473' title='bbox 822 4103 919 4159; x_wconf 92' lang='lat' dir='ltr'><strong>Dei</strong></span> <span class='ocrx_word' id='word_1_474' title='bbox 963 4103 1029 4158; x_wconf 79' lang='lat'><strong>&quot;.</strong></span> <span class='ocrx_word' id='word_1_475' title='bbox 1058 4124 1074 4156; x_wconf 76' lang='grc' dir='ltr'><strong>ι</strong></span> <span class='ocrx_word' id='word_1_476' title='bbox 1099 4103 1312 4159; x_wconf 80' lang='lat' dir='ltr'><strong>Rursus</strong></span> <span class='ocrx_word' id='word_1_477' title='bbox 1338 4122 1353 4159; x_wconf 90' lang='lat'><strong>:</strong></span> <span class='ocrx_word' id='word_1_478' title='bbox 1377 4123 1395 4154; x_wconf 77' lang='grc' dir='ltr'><strong>ι</strong></span> <span class='ocrx_word' id='word_1_479' title='bbox 1422 4103 1609 4174; x_wconf 88' lang='lat' dir='ltr'><strong>Itaque</strong></span> <span class='ocrx_word' id='word_1_480' title='bbox 1643 4105 1754 4174; x_wconf 86' lang='lat' dir='ltr'><strong>jam</strong></span> <span class='ocrx_word' id='word_1_481' title='bbox 1811 4119 1919 4157; x_wconf 91' lang='lat' dir='ltr'><strong>non</strong></span> <span class='ocrx_word' id='word_1_482' title='bbox 1958 4120 2017 4158; x_wconf 91' lang='lat' dir='ltr'><strong>es</strong></span> 
     </span>
    </p>
   </div>
   <div class='ocr_carea' id='block_1_60' title="bbox 2108 1798 3688 1872">
    <p class='ocr_par' dir='ltr' id='par_1_60' title="bbox 2108 1798 3688 1872">
     <span class='ocr_line' id='line_1_60' title="bbox 2108 1798 3688 1872; baseline 0.003 -22"><span class='ocrx_word' id='word_1_483' title='bbox 2108 1798 2214 1869; x_wconf 79' lang='grc' dir='ltr'>(ὅτε</span> <span class='ocrx_word' id='word_1_484' title='bbox 2236 1800 2291 1850; x_wconf 87' lang='grc' dir='ltr'><strong>ἐν</strong></span> <span class='ocrx_word' id='word_1_485' title='bbox 2314 1798 2592 1852; x_wconf 77' lang='grc' dir='ltr'>Βαϐυλῶνι</span> <span class='ocrx_word' id='word_1_486' title='bbox 2620 1798 2876 1872; x_wconf 82' lang='grc' dir='ltr'>ἐξώριστο</span> <span class='ocrx_word' id='word_1_487' title='bbox 3041 1803 3069 1853; x_wconf 89' lang='lat'><strong>6</strong></span> <span class='ocrx_word' id='word_1_488' title='bbox 3101 1801 3273 1871; x_wconf 86' lang='grc' dir='ltr'>λαὸς),</span> <span class='ocrx_word' id='word_1_489' title='bbox 3301 1801 3472 1866; x_wconf 72' lang='grc' dir='ltr'>οὕτως</span> <span class='ocrx_word' id='word_1_490' title='bbox 3500 1798 3647 1869; x_wconf 85' lang='grc' dir='ltr'>λέγει</span> <span class='ocrx_word' id='word_1_491' title='bbox 3672 1821 3688 1834; x_wconf 78' lang='grc' dir='ltr'><strong>ο</strong></span> 
     </span>
    </p>
   </div>
   <div class='ocr_carea' id='block_1_61' title="bbox 2111 1890 3695 1966">
    <p class='ocr_par' dir='ltr' id='par_1_61' title="bbox 2111 1890 3695 1966">
     <span class='ocr_line' id='line_1_61' title="bbox 2111 1890 3695 1966; baseline 0.004 -25"><span class='ocrx_word' id='word_1_492' title='bbox 2111 1909 2129 1939; x_wconf 77' lang='grc' dir='ltr'><strong>ι</strong></span> <span class='ocrx_word' id='word_1_493' title='bbox 2175 1890 2285 1942; x_wconf 71' lang='grc' dir='ltr'>Καὶ</span> <span class='ocrx_word' id='word_1_494' title='bbox 2317 1890 2694 1961; x_wconf 88' lang='grc' dir='ltr'>μνησθήσομαι</span> <span class='ocrx_word' id='word_1_495' title='bbox 2736 1892 2836 1961; x_wconf 83' lang='grc' dir='ltr'>τῆς</span> <span class='ocrx_word' id='word_1_496' title='bbox 2867 1892 3128 1964; x_wconf 74' lang='grc' dir='ltr'>διαθήκης</span> <span class='ocrx_word' id='word_1_497' title='bbox 3159 1911 3258 1964; x_wconf 91' lang='grc' dir='ltr'><strong>μου</strong></span> <span class='ocrx_word' id='word_1_498' title='bbox 3288 1895 3384 1965; x_wconf 82' lang='grc' dir='ltr'>τῆς</span> <span class='ocrx_word' id='word_1_499' title='bbox 3418 1894 3551 1966; x_wconf 81' lang='grc' dir='ltr'>πρὸς</span> <span class='ocrx_word' id='word_1_500' title='bbox 3585 1896 3695 1947; x_wconf 86' lang='grc' dir='ltr'>Ἰα-</span> 
     </span>
    </p>
   </div>
   <div class='ocr_carea' id='block_1_62' title="bbox 2107 1979 3693 2056">
    <p class='ocr_par' dir='ltr' id='par_1_62' title="bbox 2107 1979 3693 2056">
     <span class='ocr_line' id='line_1_62' title="bbox 2107 1979 3693 2056; baseline 0.005 -24"><span class='ocrx_word' id='word_1_501' title='bbox 2107 1979 2242 2045; x_wconf 82' lang='grc' dir='ltr'>κὼϐ,</span> <span class='ocrx_word' id='word_1_502' title='bbox 2275 1982 2369 2034; x_wconf 73' lang='grc' dir='ltr'>καὶ</span> <span class='ocrx_word' id='word_1_503' title='bbox 2414 1983 2513 2052; x_wconf 83' lang='grc' dir='ltr'>τῆς</span> <span class='ocrx_word' id='word_1_504' title='bbox 2561 1982 2828 2055; x_wconf 84' lang='grc' dir='ltr'><strong>διαθήκης</strong></span> <span class='ocrx_word' id='word_1_505' title='bbox 2876 2001 2977 2054; x_wconf 88' lang='grc' dir='ltr'><strong>μου</strong></span> <span class='ocrx_word' id='word_1_506' title='bbox 3017 1985 3117 2054; x_wconf 85' lang='grc' dir='ltr'>τῆς</span> <span class='ocrx_word' id='word_1_507' title='bbox 3156 1986 3292 2056; x_wconf 89' lang='grc' dir='ltr'>πρὸς</span> <span class='ocrx_word' id='word_1_508' title='bbox 3338 1985 3537 2051; x_wconf 84' lang='grc' dir='ltr'>Ἰσαὰκ,</span> <span class='ocrx_word' id='word_1_509' title='bbox 3592 1989 3693 2040; x_wconf 72' lang='grc' dir='ltr'><strong>καὶ</strong></span> 
     </span>
    </p>
   </div>
   <div class='ocr_carea' id='block_1_63' title="bbox 2103 2072 3693 2147">
    <p class='ocr_par' dir='ltr' id='par_1_63' title="bbox 2103 2072 3693 2147">
     <span class='ocr_line' id='line_1_63' title="bbox 2103 2072 3693 2147; baseline 0.005 -24"><span class='ocrx_word' id='word_1_510' title='bbox 2103 2072 2203 2142; x_wconf 81' lang='grc' dir='ltr'>τῆς</span> <span class='ocrx_word' id='word_1_511' title='bbox 2240 2072 2505 2144; x_wconf 85' lang='grc' dir='ltr'>διαθήκης</span> <span class='ocrx_word' id='word_1_512' title='bbox 2533 2090 2633 2143; x_wconf 89' lang='grc' dir='ltr'><strong>μου</strong></span> <span class='ocrx_word' id='word_1_513' title='bbox 2656 2073 2756 2144; x_wconf 82' lang='grc' dir='ltr'>τῆς</span> <span class='ocrx_word' id='word_1_514' title='bbox 2777 2073 2913 2145; x_wconf 81' lang='grc' dir='ltr'>πρὸς</span> <span class='ocrx_word' id='word_1_515' title='bbox 2939 2074 3206 2147; x_wconf 74' lang='grc' dir='ltr'>Ἀϐραάμ.</span> <span class='ocrx_word' id='word_1_516' title='bbox 3231 2095 3248 2127; x_wconf 75' lang='grc' dir='ltr'><strong>ι</strong></span> <span class='ocrx_word' id='word_1_517' title='bbox 3282 2077 3468 2130; x_wconf 80' lang='grc' dir='ltr'>Ἀλλο’</span> <span class='ocrx_word' id='word_1_518' title='bbox 3496 2096 3513 2128; x_wconf 84' lang='grc' dir='ltr'><strong>ι</strong></span> <span class='ocrx_word' id='word_1_519' title='bbox 3534 2079 3693 2131; x_wconf 87' lang='grc' dir='ltr'>Διαι-</span> 
     </span>
    </p>
   </div>
   <div class='ocr_carea' id='block_1_64' title="bbox 2110 2163 3700 2239">
    <p class='ocr_par' dir='ltr' id='par_1_64' title="bbox 2110 2163 3700 2239">
     <span class='ocr_line' id='line_1_64' title="bbox 2110 2163 3700 2239; baseline 0.004 -23"><span class='ocrx_word' id='word_1_520' title='bbox 2110 2163 2286 2234; x_wconf 89' lang='grc' dir='ltr'>ρέσεις</span> <span class='ocrx_word' id='word_1_521' title='bbox 2307 2165 2364 2217; x_wconf 85' lang='grc' dir='ltr'><strong>δὲ</strong></span> <span class='ocrx_word' id='word_1_522' title='bbox 2397 2166 2751 2236; x_wconf 84' lang='grc' dir='ltr'>χαρισμάτων</span> <span class='ocrx_word' id='word_1_523' title='bbox 2783 2167 2911 2229; x_wconf 74' lang='grc' dir='ltr'>εἰσὶ,</span> <span class='ocrx_word' id='word_1_524' title='bbox 2949 2166 3011 2220; x_wconf 87' lang='grc' dir='ltr'><strong>τὸ</strong></span> <span class='ocrx_word' id='word_1_525' title='bbox 3041 2167 3098 2221; x_wconf 84' lang='grc' dir='ltr'>δὲ</span> <span class='ocrx_word' id='word_1_526' title='bbox 3127 2168 3260 2222; x_wconf 84' lang='grc' dir='ltr'>αὐτὸ</span> <span class='ocrx_word' id='word_1_527' title='bbox 3302 2169 3557 2239; x_wconf 87' lang='grc' dir='ltr'>Πνεῦμα·</span> <span class='ocrx_word' id='word_1_528' title='bbox 3591 2171 3700 2224; x_wconf 79' lang='grc' dir='ltr'>καὶ,</span> 
     </span>
    </p>
   </div>
   <div class='ocr_carea' id='block_1_65' title="bbox 2105 2257 3689 2334">
    <p class='ocr_par' dir='ltr' id='par_1_65' title="bbox 2105 2257 3689 2334">
     <span class='ocr_line' id='line_1_65' title="bbox 2105 2257 3689 2334; baseline 0.003 -24"><span class='ocrx_word' id='word_1_529' title='bbox 2105 2257 2397 2329; x_wconf 84' lang='grc' dir='ltr'>διαιρέσεις</span> <span class='ocrx_word' id='word_1_530' title='bbox 2425 2259 2536 2332; x_wconf 89' lang='grc'>(66)</span> <span class='ocrx_word' id='word_1_531' title='bbox 2571 2260 2854 2314; x_wconf 83' lang='grc' dir='ltr'>διακονιῶν</span> <span class='ocrx_word' id='word_1_532' title='bbox 2886 2263 3043 2328; x_wconf 84' lang='grc' dir='ltr'>εἰσιν,</span> <span class='ocrx_word' id='word_1_533' title='bbox 3091 2264 3119 2316; x_wconf 91' lang='lat'><strong>6</strong></span> <span class='ocrx_word' id='word_1_534' title='bbox 3160 2262 3219 2318; x_wconf 85' lang='grc' dir='ltr'><strong>δέ</strong></span> <span class='ocrx_word' id='word_1_535' title='bbox 3261 2263 3423 2325; x_wconf 80' lang='grc' dir='ltr'>αὐτὸς</span> <span class='ocrx_word' id='word_1_536' title='bbox 3451 2262 3689 2334; x_wconf 76' lang='grc' dir='ltr'>Κύριος’</span> 
     </span>
    </p>
   </div>
   <div class='ocr_carea' id='block_1_66' title="bbox 2107 2350 3691 2424">
    <p class='ocr_par' dir='ltr' id='par_1_66' title="bbox 2107 2350 3691 2424">
     <span class='ocr_line' id='line_1_66' title="bbox 2107 2350 3691 2424; baseline 0.004 -23"><span class='ocrx_word' id='word_1_537' title='bbox 2107 2351 2198 2402; x_wconf 75' lang='grc' dir='ltr'>καὶ</span> <span class='ocrx_word' id='word_1_538' title='bbox 2239 2350 2531 2420; x_wconf 79' lang='grc' dir='ltr'>διαιρέσεις</span> <span class='ocrx_word' id='word_1_539' title='bbox 2559 2352 2946 2424; x_wconf 76' lang='grc' dir='ltr'>ἐνεργημάτων</span> <span class='ocrx_word' id='word_1_540' title='bbox 2993 2355 3149 2419; x_wconf 76' lang='grc' dir='ltr'>εἰσὶν,</span> <span class='ocrx_word' id='word_1_541' title='bbox 3186 2356 3215 2407; x_wconf 97' lang='lat'><strong>6</strong></span> <span class='ocrx_word' id='word_1_542' title='bbox 3249 2355 3306 2407; x_wconf 84' lang='grc' dir='ltr'>δὲ</span> <span class='ocrx_word' id='word_1_543' title='bbox 3339 2355 3502 2418; x_wconf 85' lang='grc' dir='ltr'>αὐτὸς</span> <span class='ocrx_word' id='word_1_544' title='bbox 3529 2353 3691 2418; x_wconf 79' lang='grc' dir='ltr'>Θεὸς,</span> 
     </span>
    </p>
   </div>
   <div class='ocr_carea' id='block_1_67' title="bbox 2105 2441 3696 2512">
    <p class='ocr_par' dir='ltr' id='par_1_67' title="bbox 2105 2441 3696 2512">
     <span class='ocr_line' id='line_1_67' title="bbox 2105 2441 3696 2512; baseline 0.004 -20"><span class='ocrx_word' id='word_1_545' title='bbox 2105 2442 2134 2492; x_wconf 90' lang='lat'><strong>6</strong></span> <span class='ocrx_word' id='word_1_546' title='bbox 2182 2441 2421 2512; x_wconf 83' lang='grc' dir='ltr'>ἐνεργῶν</span> <span class='ocrx_word' id='word_1_547' title='bbox 2473 2442 2543 2496; x_wconf 83' lang='grc' dir='ltr'>τὰ</span> <span class='ocrx_word' id='word_1_548' title='bbox 2573 2444 2749 2496; x_wconf 90' lang='grc' dir='ltr'>πάντα</span> <span class='ocrx_word' id='word_1_549' title='bbox 2804 2445 2861 2496; x_wconf 88' lang='grc' dir='ltr'><strong>ἐν</strong></span> <span class='ocrx_word' id='word_1_550' title='bbox 2907 2445 3060 2497; x_wconf 77' lang='grc' dir='ltr'>πᾶσι.</span> <span class='ocrx_word' id='word_1_551' title='bbox 3101 2463 3119 2495; x_wconf 78' lang='grc' dir='ltr'><strong>ι</strong></span> <span class='ocrx_word' id='word_1_552' title='bbox 3170 2445 3279 2498; x_wconf 81' lang='grc' dir='ltr'><strong>Καὶ</strong></span> <span class='ocrx_word' id='word_1_553' title='bbox 3330 2445 3488 2500; x_wconf 80' lang='grc' dir='ltr'>ἄλλο’</span> <span class='ocrx_word' id='word_1_554' title='bbox 3521 2464 3539 2496; x_wconf 76' lang='grc' dir='ltr'><strong>ι</strong></span> <span class='ocrx_word' id='word_1_555' title='bbox 3575 2443 3696 2498; x_wconf 81' lang='grc' dir='ltr'>Ποῦ</span> 
     </span>
    </p>
   </div>
   <div class='ocr_carea' id='block_1_68' title="bbox 2108 2532 3694 2610">
    <p class='ocr_par' dir='ltr' id='par_1_68' title="bbox 2108 2532 3694 2610">
     <span class='ocr_line' id='line_1_68' title="bbox 2108 2532 3694 2610; baseline 0.005 -26"><span class='ocrx_word' id='word_1_556' title='bbox 2108 2532 2356 2603; x_wconf 81' lang='grc' dir='ltr'>πορευθῶ</span> <span class='ocrx_word' id='word_1_557' title='bbox 2384 2534 2490 2587; x_wconf 82' lang='grc' dir='ltr'><strong>ἀπὸ</strong></span> <span class='ocrx_word' id='word_1_558' title='bbox 2513 2533 2603 2588; x_wconf 88' lang='grc' dir='ltr'><strong>τοῦ</strong></span> <span class='ocrx_word' id='word_1_559' title='bbox 2633 2536 2941 2606; x_wconf 84' lang='grc' dir='ltr'>πνεύματός</span> <span class='ocrx_word' id='word_1_560' title='bbox 2981 2555 3093 2603; x_wconf 90' lang='grc' dir='ltr'>σου,</span> <span class='ocrx_word' id='word_1_561' title='bbox 3128 2540 3221 2591; x_wconf 73' lang='grc' dir='ltr'><strong>καὶ</strong></span> <span class='ocrx_word' id='word_1_562' title='bbox 3259 2538 3366 2591; x_wconf 82' lang='grc' dir='ltr'><strong>ἀπὸ</strong></span> <span class='ocrx_word' id='word_1_563' title='bbox 3399 2538 3491 2591; x_wconf 88' lang='grc' dir='ltr'><strong>τοῦ</strong></span> <span class='ocrx_word' id='word_1_564' title='bbox 3516 2555 3694 2610; x_wconf 86' lang='grc' dir='ltr'>προσ-</span> 
     </span>
    </p>
   </div>
   <div class='ocr_carea' id='block_1_69' title="bbox 2107 2621 2807 2696">
    <p class='ocr_par' dir='ltr' id='par_1_69' title="bbox 2107 2621 2807 2696">
     <span class='ocr_line' id='line_1_69' title="bbox 2107 2621 2807 2696; baseline 0.007 -21"><span class='ocrx_word' id='word_1_565' title='bbox 2107 2621 2256 2676; x_wconf 79' lang='grc' dir='ltr'>ώπου</span> <span class='ocrx_word' id='word_1_566' title='bbox 2295 2641 2388 2677; x_wconf 87' lang='grc' dir='ltr'><strong>σου</strong></span> <span class='ocrx_word' id='word_1_567' title='bbox 2437 2625 2539 2679; x_wconf 84' lang='grc' dir='ltr'><strong>ποῦ</strong></span> <span class='ocrx_word' id='word_1_568' title='bbox 2572 2627 2756 2696; x_wconf 78' lang='grc' dir='ltr'>φύγως</span> <span class='ocrx_word' id='word_1_569' title='bbox 2789 2648 2807 2679; x_wconf 77' lang='grc' dir='ltr'><strong>ι</strong></span> 
     </span>
    </p>
   </div>
   <div class='ocr_carea' id='block_1_70' title="bbox 2248 2719 3524 2791">
    <p class='ocr_par' dir='ltr' id='par_1_70' title="bbox 2248 2719 3524 2791">
     <span class='ocr_line' id='line_1_70' title="bbox 2248 2719 3524 2791; baseline 0.002 -19"><span class='ocrx_word' id='word_1_570' title='bbox 2248 2719 2337 2773; x_wconf 70' lang='grc'><strong>21.</strong></span> <span class='ocrx_word' id='word_1_571' title='bbox 2358 2720 2477 2772; x_wconf 86' lang='grc' dir='ltr'>Ὅτι</span> <span class='ocrx_word' id='word_1_572' title='bbox 2515 2721 2898 2788; x_wconf 81' lang='grc' dir='ltr'>προτάττεται</span> <span class='ocrx_word' id='word_1_573' title='bbox 2929 2723 3032 2776; x_wconf 88' lang='grc' dir='ltr'><strong>τοῦ</strong></span> <span class='ocrx_word' id='word_1_574' title='bbox 3061 2724 3288 2791; x_wconf 71' lang='grc' dir='ltr'>Πατρός</span> <span class='ocrx_word' id='word_1_575' title='bbox 3322 2727 3354 2776; x_wconf 81' lang='grc' dir='ltr'><em>ὁ</em></span> <span class='ocrx_word' id='word_1_576' title='bbox 3394 2723 3524 2788; x_wconf 82' lang='grc' dir='ltr'><strong>Υἱός</strong></span> 
     </span>
    </p>
   </div>
   <div class='ocr_carea' id='block_1_71' title="bbox 2180 2809 3699 2886">
    <p class='ocr_par' dir='ltr' id='par_1_71' title="bbox 2180 2809 3699 2886">
     <span class='ocr_line' id='line_1_71' title="bbox 2180 2809 3699 2886; baseline 0.001 -25"><span class='ocrx_word' id='word_1_577' title='bbox 2180 2809 2341 2877; x_wconf 84' lang='grc' dir='ltr'>Λέγει</span> <span class='ocrx_word' id='word_1_578' title='bbox 2365 2813 2393 2864; x_wconf 88' lang='lat'><strong>6</strong></span> <span class='ocrx_word' id='word_1_579' title='bbox 2420 2811 2639 2883; x_wconf 74' lang='grc' dir='ltr'>Σωτήρο</span> <span class='ocrx_word' id='word_1_580' title='bbox 2686 2832 2704 2864; x_wconf 75' lang='grc' dir='ltr'><strong>ι</strong></span> <span class='ocrx_word' id='word_1_581' title='bbox 2743 2812 2883 2883; x_wconf 82' lang='grc' dir='ltr'><strong>Ἐγὼ</strong></span> <span class='ocrx_word' id='word_1_582' title='bbox 2923 2815 3015 2868; x_wconf 71' lang='grc' dir='ltr'><strong>καὶ</strong></span> <span class='ocrx_word' id='word_1_583' title='bbox 3043 2819 3071 2869; x_wconf 90' lang='lat'><strong>6</strong></span> <span class='ocrx_word' id='word_1_584' title='bbox 3106 2815 3292 2886; x_wconf 80' lang='grc' dir='ltr'>Πατὴρ</span> <span class='ocrx_word' id='word_1_585' title='bbox 3338 2813 3699 2882; x_wconf 71' lang='grc' dir='ltr'>ἐλευσόμεθα,</span> 
     </span>
    </p>
   </div>
   <div class='ocr_carea' id='block_1_72' title="bbox 2111 2902 3698 2978">
    <p class='ocr_par' dir='ltr' id='par_1_72' title="bbox 2111 2902 3698 2978">
     <span class='ocr_line' id='line_1_72' title="bbox 2111 2902 3698 2978; baseline 0.001 -23"><span class='ocrx_word' id='word_1_586' title='bbox 2111 2902 2216 2956; x_wconf 60' lang='grc' dir='ltr'>καὶ</span> <span class='ocrx_word' id='word_1_587' title='bbox 2242 2902 2418 2976; x_wconf 72' lang='grc' dir='ltr'>μονὴν</span> <span class='ocrx_word' id='word_1_588' title='bbox 2431 2905 2564 2977; x_wconf 82' lang='grc' dir='ltr'>παρ’</span> <span class='ocrx_word' id='word_1_589' title='bbox 2592 2904 2738 2977; x_wconf 83' lang='grc' dir='ltr'><strong>αὑτῷ</strong></span> <span class='ocrx_word' id='word_1_590' title='bbox 2763 2909 3077 2978; x_wconf 87' lang='grc' dir='ltr'>ποιήσομεν.</span> <span class='ocrx_word' id='word_1_591' title='bbox 3115 2927 3132 2959; x_wconf 77' lang='grc' dir='ltr'><strong>ι</strong></span> <span class='ocrx_word' id='word_1_592' title='bbox 3168 2908 3328 2960; x_wconf 82' lang='grc' dir='ltr'>Ἀλλο</span> <span class='ocrx_word' id='word_1_593' title='bbox 3348 2924 3362 2938; x_wconf 87' lang='grc'><strong>·</strong></span> <span class='ocrx_word' id='word_1_594' title='bbox 3389 2925 3407 2956; x_wconf 81' lang='lat' dir='ltr'><strong>t</strong></span> <span class='ocrx_word' id='word_1_595' title='bbox 3430 2903 3569 2973; x_wconf 87' lang='grc' dir='ltr'><strong>Ἐγὼ</strong></span> <span class='ocrx_word' id='word_1_596' title='bbox 3596 2904 3698 2957; x_wconf 64' lang='grc' dir='ltr'>καὶ</span> 
     </span>
    </p>
   </div>
   <div class='ocr_carea' id='block_1_73' title="bbox 2112 2995 3695 3068">
    <p class='ocr_par' dir='ltr' id='par_1_73' title="bbox 2112 2995 3695 3068">
     <span class='ocr_line' id='line_1_73' title="bbox 2112 2995 3695 3068; baseline -0.001 -20"><span class='ocrx_word' id='word_1_597' title='bbox 2112 2997 2139 3048; x_wconf 87' lang='grc' dir='ltr'>ὁ</span> <span class='ocrx_word' id='word_1_598' title='bbox 2173 2996 2361 3067; x_wconf 81' lang='grc' dir='ltr'>Πατὴρ</span> <span class='ocrx_word' id='word_1_599' title='bbox 2393 2997 2451 3050; x_wconf 75' lang='grc' dir='ltr'><strong>ἐν</strong></span> <span class='ocrx_word' id='word_1_600' title='bbox 2492 2999 2677 3068; x_wconf 78' lang='grc' dir='ltr'>ἐσμεν.</span> <span class='ocrx_word' id='word_1_601' title='bbox 2722 3019 2739 3049; x_wconf 80' lang='grc' dir='ltr'><strong>ι</strong></span> <span class='ocrx_word' id='word_1_602' title='bbox 2778 3000 2887 3054; x_wconf 79' lang='grc' dir='ltr'>Καὶ</span> <span class='ocrx_word' id='word_1_603' title='bbox 2922 3001 3083 3054; x_wconf 89' lang='grc' dir='ltr'>πάλιν</span> <span class='ocrx_word' id='word_1_604' title='bbox 3128 3003 3156 3053; x_wconf 88' lang='grc' dir='ltr'>ὁ</span> <span class='ocrx_word' id='word_1_605' title='bbox 3195 2999 3543 3060; x_wconf 83' lang='grc' dir='ltr'>Ἀπόστολος·</span> <span class='ocrx_word' id='word_1_606' title='bbox 3586 2995 3695 3047; x_wconf 79' lang='grc' dir='ltr'><strong>«Ἡ</strong></span> 
     </span>
    </p>
   </div>
   <div class='ocr_carea' id='block_1_74' title="bbox 2111 3087 3698 3164">
    <p class='ocr_par' dir='ltr' id='par_1_74' title="bbox 2111 3087 3698 3164">
     <span class='ocr_line' id='line_1_74' title="bbox 2111 3087 3698 3164; baseline -0.001 -21"><span class='ocrx_word' id='word_1_607' title='bbox 2111 3090 2269 3160; x_wconf 86' lang='grc' dir='ltr'>χάρις</span> <span class='ocrx_word' id='word_1_608' title='bbox 2295 3087 2390 3142; x_wconf 90' lang='grc' dir='ltr'><strong>τοῦ</strong></span> <span class='ocrx_word' id='word_1_609' title='bbox 2421 3091 2628 3162; x_wconf 86' lang='grc' dir='ltr'>Κυρίου</span> <span class='ocrx_word' id='word_1_610' title='bbox 2659 3091 2813 3162; x_wconf 82' lang='grc' dir='ltr'>ἡμῶν</span> <span class='ocrx_word' id='word_1_611' title='bbox 2847 3093 3019 3164; x_wconf 84' lang='grc' dir='ltr'>Ἰησοῦ</span> <span class='ocrx_word' id='word_1_612' title='bbox 3041 3092 3297 3164; x_wconf 89' lang='grc' dir='ltr'>Χριστοῦ,</span> <span class='ocrx_word' id='word_1_613' title='bbox 3317 3091 3411 3144; x_wconf 70' lang='grc' dir='ltr'>καὶ</span> <span class='ocrx_word' id='word_1_614' title='bbox 3441 3092 3472 3159; x_wconf 86' lang='grc' dir='ltr'><strong>ὴ</strong></span> <span class='ocrx_word' id='word_1_615' title='bbox 3503 3088 3698 3160; x_wconf 83' lang='grc' dir='ltr'>ἀγάπη</span> 
     </span>
    </p>
   </div>
   <div class='ocr_carea' id='block_1_75' title="bbox 2111 3180 3696 3252">
    <p class='ocr_par' dir='ltr' id='par_1_75' title="bbox 2111 3180 3696 3252">
     <span class='ocr_line' id='line_1_75' title="bbox 2111 3180 3696 3252; baseline -0.001 -18"><span class='ocrx_word' id='word_1_616' title='bbox 2111 3180 2204 3234; x_wconf 89' lang='grc' dir='ltr'><strong>τοῦ</strong></span> <span class='ocrx_word' id='word_1_617' title='bbox 2235 3181 2368 3234; x_wconf 87' lang='grc' dir='ltr'>Θεοῦ</span> <span class='ocrx_word' id='word_1_618' title='bbox 2397 3181 2528 3251; x_wconf 84' lang='grc'>(67),</span> <span class='ocrx_word' id='word_1_619' title='bbox 2569 3181 2661 3236; x_wconf 59' lang='grc' dir='ltr'><strong>καὶ⁴</strong></span> <span class='ocrx_word' id='word_1_620' title='bbox 2723 3183 2976 3237; x_wconf 84' lang='grc' dir='ltr'>κοινωνία</span> <span class='ocrx_word' id='word_1_621' title='bbox 3027 3183 3122 3239; x_wconf 91' lang='grc' dir='ltr'><strong>τοῦ</strong></span> <span class='ocrx_word' id='word_1_622' title='bbox 3164 3184 3319 3252; x_wconf 85' lang='grc' dir='ltr'>ἁγίου</span> <span class='ocrx_word' id='word_1_623' title='bbox 3352 3181 3696 3252; x_wconf 84' lang='grc' dir='ltr'>Πνεύματος,</span> 
     </span>
    </p>
   </div>
   <div class='ocr_carea' id='block_1_76' title="bbox 2117 3271 2756 3342">
    <p class='ocr_par' dir='ltr' id='par_1_76' title="bbox 2117 3271 2756 3342">
     <span class='ocr_line' id='line_1_76' title="bbox 2117 3271 2756 3342; baseline 0.002 -17"><span class='ocrx_word' id='word_1_624' title='bbox 2117 3272 2253 3342; x_wconf 85' lang='grc' dir='ltr'>μετὰ</span> <span class='ocrx_word' id='word_1_625' title='bbox 2288 3272 2505 3326; x_wconf 89' lang='grc' dir='ltr'>πάντων</span> <span class='ocrx_word' id='word_1_626' title='bbox 2536 3271 2710 3342; x_wconf 83' lang='grc' dir='ltr'>ὑμῶν.</span> <span class='ocrx_word' id='word_1_627' title='bbox 2736 3292 2756 3325; x_wconf 75' lang='grc' dir='ltr'><strong>ι</strong></span> 
     </span>
    </p>
   </div>
   <div class='ocr_carea' id='block_1_77' title="bbox 2112 3378 3703 3455">
    <p class='ocr_par' dir='ltr' id='par_1_77' title="bbox 2112 3378 3703 3455">
     <span class='ocr_line' id='line_1_77' title="bbox 2112 3378 3703 3455; baseline 0 -17"><span class='ocrx_word' id='word_1_628' title='bbox 2112 3384 2202 3439; x_wconf 68' lang='grc'><strong>22.</strong></span> <span class='ocrx_word' id='word_1_629' title='bbox 2245 3385 2406 3454; x_wconf 26' lang='grc' dir='ltr'>Πρὸς,</span> <span class='ocrx_word' id='word_1_630' title='bbox 2424 3385 2566 3452; x_wconf 83' lang='grc' dir='ltr'>τοὺς</span> <span class='ocrx_word' id='word_1_631' title='bbox 2593 3385 2884 3455; x_wconf 76' lang='grc' dir='ltr'>λέγοντας</span> <span class='ocrx_word' id='word_1_632' title='bbox 2915 3387 3000 3451; x_wconf 91' lang='grc' dir='ltr'>τὸ,</span> <span class='ocrx_word' id='word_1_633' title='bbox 3029 3385 3085 3452; x_wconf 77' lang='grc' dir='ltr'><strong>ἐξ</strong></span> <span class='ocrx_word' id='word_1_634' title='bbox 3117 3383 3201 3448; x_wconf 78' lang='grc' dir='ltr'><strong>οὗ,</strong></span> <span class='ocrx_word' id='word_1_635' title='bbox 3234 3387 3332 3455; x_wconf 63' lang='lat' dir='ltr'><strong>xa}</strong></span> <span class='ocrx_word' id='word_1_636' title='bbox 3364 3385 3430 3439; x_wconf 82' lang='lat' dir='ltr'><strong>6t’</strong></span> <span class='ocrx_word' id='word_1_637' title='bbox 3463 3378 3544 3449; x_wconf 80' lang='grc' dir='ltr'><strong>οῦ,</strong></span> <span class='ocrx_word' id='word_1_638' title='bbox 3576 3382 3703 3438; x_wconf 78' lang='grc' dir='ltr'>δια-</span> 
     </span>
    </p>
   </div>
   <div class='ocr_carea' id='block_1_78' title="bbox 2183 3451 3699 3527">
    <p class='ocr_par' dir='ltr' id='par_1_78' title="bbox 2183 3451 3699 3527">
     <span class='ocr_line' id='line_1_78' title="bbox 2183 3451 3699 3527; baseline -0.003 -18"><span class='ocrx_word' id='word_1_639' title='bbox 2183 3451 2407 3527; x_wconf 58' lang='grc' dir='ltr'>φέρειν,</span> <span class='ocrx_word' id='word_1_640' title='bbox 2444 3451 2869 3527; x_wconf 15' lang='grc' dir='ltr'>καὶχδιδὸνταςί</span> <span class='ocrx_word' id='word_1_641' title='bbox 2892 3458 2959 3510; x_wconf 87' lang='grc' dir='ltr'>τὸ</span> <span class='ocrx_word' id='word_1_642' title='bbox 2984 3451 3121 3527; x_wconf 49' lang='grc' dir='ltr'>μὲν,</span> <span class='ocrx_word' id='word_1_643' title='bbox 3164 3458 3225 3522; x_wconf 83' lang='grc' dir='ltr'><strong>ἐξ</strong></span> <span class='ocrx_word' id='word_1_644' title='bbox 3262 3451 3346 3521; x_wconf 81' lang='grc' dir='ltr'>οὗ,</span> <span class='ocrx_word' id='word_1_645' title='bbox 3373 3456 3452 3522; x_wconf 83' lang='grc' dir='ltr'>τῷ</span> <span class='ocrx_word' id='word_1_646' title='bbox 3484 3455 3699 3521; x_wconf 84' lang='grc' dir='ltr'>Πατρὶ,</span> 
     </span>
    </p>
   </div>
   <div class='ocr_carea' id='block_1_79' title="bbox 2183 3519 3281 3594">
    <p class='ocr_par' dir='ltr' id='par_1_79' title="bbox 2183 3519 3281 3594">
     <span class='ocr_line' id='line_1_79' title="bbox 2183 3519 3281 3594; baseline 0.004 -16"><span class='ocrx_word' id='word_1_647' title='bbox 2183 3519 2374 3589; x_wconf 69' lang='grc' dir='ltr'>τάδὲ,</span> <span class='ocrx_word' id='word_1_648' title='bbox 2405 3527 2471 3579; x_wconf 77' lang='grc' dir='ltr'>δι’</span> <span class='ocrx_word' id='word_1_649' title='bbox 2507 3519 2590 3594; x_wconf 77' lang='grc' dir='ltr'><strong>οὗ,</strong></span> <span class='ocrx_word' id='word_1_650' title='bbox 2627 3526 2705 3593; x_wconf 80' lang='grc' dir='ltr'>τῷ</span> <span class='ocrx_word' id='word_1_651' title='bbox 2743 3519 2873 3593; x_wconf 82' lang='grc' dir='ltr'><strong>Υἱῷ,</strong></span> <span class='ocrx_word' id='word_1_652' title='bbox 2903 3519 3281 3593; x_wconf 48' lang='lat' dir='ltr'><strong>cogamur)».</strong></span> 
     </span>
    </p>
   </div>
   <div class='ocr_carea' id='block_1_80' title="bbox 2185 3640 3703 3713">
    <p class='ocr_par' dir='ltr' id='par_1_80' title="bbox 2185 3640 3703 3713">
     <span class='ocr_line' id='line_1_80' title="bbox 2185 3640 3703 3713; baseline 0.004 -21"><span class='ocrx_word' id='word_1_653' title='bbox 2185 3640 2524 3712; x_wconf 84' lang='grc' dir='ltr'>Εὑρίσκομεν</span> <span class='ocrx_word' id='word_1_654' title='bbox 2556 3641 2612 3694; x_wconf 84' lang='grc' dir='ltr'>δὲ</span> <span class='ocrx_word' id='word_1_655' title='bbox 2651 3643 2718 3694; x_wconf 85' lang='grc' dir='ltr'><strong>ἐκ</strong></span> <span class='ocrx_word' id='word_1_656' title='bbox 2753 3641 2862 3693; x_wconf 91' lang='grc' dir='ltr'><strong>τῶν</strong></span> <span class='ocrx_word' id='word_1_657' title='bbox 2895 3642 3149 3713; x_wconf 78' lang='grc' dir='ltr'>Γραφῶν,</span> <span class='ocrx_word' id='word_1_658' title='bbox 3198 3644 3281 3696; x_wconf 86' lang='grc' dir='ltr'>ὃτι</span> <span class='ocrx_word' id='word_1_659' title='bbox 3337 3644 3434 3697; x_wconf 81' lang='grc' dir='ltr'><strong>καὶ</strong></span> <span class='ocrx_word' id='word_1_660' title='bbox 3477 3645 3570 3698; x_wconf 72' lang='grc' dir='ltr'><strong>ἐπὶ</strong></span> <span class='ocrx_word' id='word_1_661' title='bbox 3600 3645 3703 3698; x_wconf 85' lang='grc' dir='ltr'><strong>τοῦ</strong></span> 
     </span>
    </p>
   </div>
   <div class='ocr_carea' id='block_1_81' title="bbox 2117 3728 3702 3805">
    <p class='ocr_par' dir='ltr' id='par_1_81' title="bbox 2117 3728 3702 3805">
     <span class='ocr_line' id='line_1_81' title="bbox 2117 3728 3702 3805; baseline 0.002 -18"><span class='ocrx_word' id='word_1_662' title='bbox 2117 3734 2330 3805; x_wconf 85' lang='grc' dir='ltr'>Πατρὸς</span> <span class='ocrx_word' id='word_1_663' title='bbox 2363 3735 2580 3803; x_wconf 89' lang='grc' dir='ltr'>λέγεται</span> <span class='ocrx_word' id='word_1_664' title='bbox 2606 3734 2684 3800; x_wconf 85' lang='grc' dir='ltr'><strong>τὸ,</strong></span> <span class='ocrx_word' id='word_1_665' title='bbox 2719 3752 2737 3784; x_wconf 80' lang='grc' dir='ltr'><strong>ι</strong></span> <span class='ocrx_word' id='word_1_666' title='bbox 2769 3733 2834 3785; x_wconf 85' lang='grc' dir='ltr'>δι’</span> <span class='ocrx_word' id='word_1_667' title='bbox 2863 3728 2944 3796; x_wconf 81' lang='grc' dir='ltr'><strong>οῦ,</strong></span> <span class='ocrx_word' id='word_1_668' title='bbox 2990 3753 3007 3784; x_wconf 76' lang='grc' dir='ltr'><strong>ι</strong></span> <span class='ocrx_word' id='word_1_669' title='bbox 3054 3735 3147 3787; x_wconf 77' lang='grc' dir='ltr'><strong>καὶ</strong></span> <span class='ocrx_word' id='word_1_670' title='bbox 3181 3737 3272 3789; x_wconf 78' lang='grc' dir='ltr'><strong>ἐπὶ</strong></span> <span class='ocrx_word' id='word_1_671' title='bbox 3299 3736 3393 3789; x_wconf 85' lang='grc' dir='ltr'><strong>τοῦ</strong></span> <span class='ocrx_word' id='word_1_672' title='bbox 3429 3736 3580 3798; x_wconf 80' lang='grc' dir='ltr'>Υἱοῦ,</span> <span class='ocrx_word' id='word_1_673' title='bbox 3613 3739 3702 3800; x_wconf 82' lang='grc' dir='ltr'><strong>τὸ,</strong></span> 
     </span>
    </p>
   </div>
   <div class='ocr_carea' id='block_1_82' title="bbox 2125 3821 3706 3901">
    <p class='ocr_par' dir='ltr' id='par_1_82' title="bbox 2125 3821 3706 3901">
     <span class='ocr_line' id='line_1_82' title="bbox 2125 3821 3706 3901; baseline 0.003 -22"><span class='ocrx_word' id='word_1_674' title='bbox 2125 3845 2143 3878; x_wconf 80' lang='grc' dir='ltr'><strong>ι</strong></span> <span class='ocrx_word' id='word_1_675' title='bbox 2180 3827 2238 3894; x_wconf 76' lang='grc' dir='ltr'>ἐξ</span> <span class='ocrx_word' id='word_1_676' title='bbox 2268 3821 2353 3894; x_wconf 83' lang='grc' dir='ltr'><strong>οῦ,</strong></span> <span class='ocrx_word' id='word_1_677' title='bbox 2388 3847 2406 3879; x_wconf 77' lang='grc' dir='ltr'><strong>ι</strong></span> <span class='ocrx_word' id='word_1_678' title='bbox 2445 3829 2539 3880; x_wconf 76' lang='grc' dir='ltr'><strong>καὶ</strong></span> <span class='ocrx_word' id='word_1_679' title='bbox 2567 3825 2678 3897; x_wconf 89' lang='grc'>(68)</span> <span class='ocrx_word' id='word_1_680' title='bbox 2713 3828 2806 3880; x_wconf 80' lang='grc' dir='ltr'><strong>ἐπὶ</strong></span> <span class='ocrx_word' id='word_1_681' title='bbox 2832 3828 3147 3900; x_wconf 80' lang='grc' dir='ltr'>Πνεῦματος</span> <span class='ocrx_word' id='word_1_682' title='bbox 3179 3829 3397 3900; x_wconf 83' lang='grc' dir='ltr'>ὁμοίως.</span> <span class='ocrx_word' id='word_1_683' title='bbox 3435 3831 3571 3901; x_wconf 75' lang='grc' dir='ltr'>Περὶ</span> <span class='ocrx_word' id='word_1_684' title='bbox 3603 3831 3706 3884; x_wconf 80' lang='grc' dir='ltr'><strong>τοῦ</strong></span> 
     </span>
    </p>
   </div>
   <div class='ocr_carea' id='block_1_83' title="bbox 2118 3916 3708 3988">
    <p class='ocr_par' dir='ltr' id='par_1_83' title="bbox 2118 3916 3708 3988">
     <span class='ocr_line' id='line_1_83' title="bbox 2118 3916 3708 3988; baseline 0.001 -16"><span class='ocrx_word' id='word_1_685' title='bbox 2118 3918 2332 3988; x_wconf 84' lang='grc' dir='ltr'>Πατρὸς</span> <span class='ocrx_word' id='word_1_686' title='bbox 2361 3921 2389 3972; x_wconf 92' lang='lat'><strong>6</strong></span> <span class='ocrx_word' id='word_1_687' title='bbox 2432 3919 2754 3982; x_wconf 83' lang='grc' dir='ltr'>Ἀπόστολος</span> <span class='ocrx_word' id='word_1_688' title='bbox 2786 3919 2964 3988; x_wconf 90' lang='grc' dir='ltr'>λέγει·</span> <span class='ocrx_word' id='word_1_689' title='bbox 3009 3940 3026 3971; x_wconf 83' lang='grc' dir='ltr'><strong>ι</strong></span> <span class='ocrx_word' id='word_1_690' title='bbox 3069 3921 3266 3984; x_wconf 88' lang='grc' dir='ltr'>Πιστὸς</span> <span class='ocrx_word' id='word_1_691' title='bbox 3295 3920 3323 3972; x_wconf 89' lang='grc' dir='ltr'>ὁ</span> <span class='ocrx_word' id='word_1_692' title='bbox 3349 3921 3500 3985; x_wconf 80' lang='grc' dir='ltr'>Θεὸς,</span> <span class='ocrx_word' id='word_1_693' title='bbox 3541 3921 3608 3974; x_wconf 85' lang='grc' dir='ltr'>δι’</span> <span class='ocrx_word' id='word_1_694' title='bbox 3639 3916 3708 3975; x_wconf 74' lang='grc' dir='ltr'>οὗ</span> 
     </span>
    </p>
   </div>
   <div class='ocr_carea' id='block_1_84' title="bbox 2119 4007 3703 4080">
    <p class='ocr_par' dir='ltr' id='par_1_84' title="bbox 2119 4007 3703 4080">
     <span class='ocr_line' id='line_1_84' title="bbox 2119 4007 3703 4080; baseline 0.001 -20"><span class='ocrx_word' id='word_1_695' title='bbox 2119 4008 2385 4080; x_wconf 86' lang='grc' dir='ltr'>ἐκλήθητε</span> <span class='ocrx_word' id='word_1_696' title='bbox 2432 4012 2510 4072; x_wconf 82' lang='grc' dir='ltr'><strong>είς</strong></span> <span class='ocrx_word' id='word_1_697' title='bbox 2553 4010 2838 4063; x_wconf 89' lang='grc' dir='ltr'>κοινωνίαν</span> <span class='ocrx_word' id='word_1_698' title='bbox 2895 4007 2990 4062; x_wconf 87' lang='grc' dir='ltr'><strong>τοῦ</strong></span> <span class='ocrx_word' id='word_1_699' title='bbox 3025 4010 3156 4063; x_wconf 85' lang='grc' dir='ltr'>Υίοῦ</span> <span class='ocrx_word' id='word_1_700' title='bbox 3204 4010 3392 4064; x_wconf 81' lang='grc' dir='ltr'>αὑτοῦ.</span> <span class='ocrx_word' id='word_1_701' title='bbox 3440 4030 3458 4064; x_wconf 85' lang='grc'><strong>›</strong></span> <span class='ocrx_word' id='word_1_702' title='bbox 3499 4010 3661 4062; x_wconf 74' lang='grc' dir='ltr'>’Ἄλλο</span> <span class='ocrx_word' id='word_1_703' title='bbox 3688 4029 3703 4041; x_wconf 88' lang='grc'>·</span> 
     </span>
    </p>
   </div>
   <div class='ocr_carea' id='block_1_85' title="bbox 2126 4101 3710 4174">
    <p class='ocr_par' dir='ltr' id='par_1_85' title="bbox 2126 4101 3710 4174">
     <span class='ocr_line' id='line_1_85' title="bbox 2126 4101 3710 4174; baseline 0.003 -23"><span class='ocrx_word' id='word_1_704' title='bbox 2126 4120 2144 4150; x_wconf 75' lang='grc' dir='ltr'><strong>ι</strong></span> <span class='ocrx_word' id='word_1_705' title='bbox 2180 4101 2388 4164; x_wconf 91' lang='grc' dir='ltr'>Παῦλος</span> <span class='ocrx_word' id='word_1_706' title='bbox 2434 4101 2731 4165; x_wconf 84' lang='grc' dir='ltr'>ἀπόστολος</span> <span class='ocrx_word' id='word_1_707' title='bbox 2775 4102 2950 4172; x_wconf 84' lang='grc' dir='ltr'>Ἰησοῦ</span> <span class='ocrx_word' id='word_1_708' title='bbox 2988 4103 3226 4173; x_wconf 86' lang='grc' dir='ltr'>Χριστοῦ</span> <span class='ocrx_word' id='word_1_709' title='bbox 3262 4103 3348 4156; x_wconf 83' lang='grc' dir='ltr'><strong>διὰ</strong></span> <span class='ocrx_word' id='word_1_710' title='bbox 3397 4103 3710 4174; x_wconf 83' lang='grc' dir='ltr'>θελήματος</span> 
     </span>
    </p>
   </div>
   <div class='ocr_carea' id='block_1_86' title="bbox 441 4191 2007 4264">
    <p class='ocr_par' dir='ltr' id='par_1_86' title="bbox 441 4191 2007 4264">
     <span class='ocr_line' id='line_1_86' title="bbox 441 4191 2007 4264; baseline -0.001 -16"><span class='ocrx_word' id='word_1_711' title='bbox 441 4209 672 4258; x_wconf 85' lang='lat' dir='ltr'><strong>servus,</strong></span> <span class='ocrx_word' id='word_1_712' title='bbox 721 4191 817 4247; x_wconf 89' lang='lat' dir='ltr'><strong>sed</strong></span> <span class='ocrx_word' id='word_1_713' title='bbox 869 4193 1047 4255; x_wconf 82' lang='lat' dir='ltr'><strong>ﬁlius.</strong></span> <span class='ocrx_word' id='word_1_714' title='bbox 1095 4195 1240 4264; x_wconf 89' lang='lat' dir='ltr'><strong>quod</strong></span> <span class='ocrx_word' id='word_1_715' title='bbox 1284 4193 1328 4250; x_wconf 92' lang='lat' dir='ltr'><strong>si</strong></span> <span class='ocrx_word' id='word_1_716' title='bbox 1376 4193 1556 4259; x_wconf 79' lang='lat' dir='ltr'><strong>(ilius,</strong></span> <span class='ocrx_word' id='word_1_717' title='bbox 1603 4201 1656 4248; x_wconf 89' lang='lat' dir='ltr'><strong>et</strong></span> <span class='ocrx_word' id='word_1_718' title='bbox 1703 4195 1878 4249; x_wconf 86' lang='lat' dir='ltr'><strong>haeres</strong></span> <span class='ocrx_word' id='word_1_719' title='bbox 1921 4209 2007 4264; x_wconf 86' lang='lat' dir='ltr'><strong>pet</strong></span> 
     </span>
    </p>
   </div>
   <div class='ocr_carea' id='block_1_87' title="bbox 2114 4191 3710 4264">
    <p class='ocr_par' dir='ltr' id='par_1_87' title="bbox 2121 4193 3710 4261">
     <span class='ocr_line' id='line_1_87' title="bbox 2121 4193 3710 4261; baseline 0 -13"><span class='ocrx_word' id='word_1_720' title='bbox 2121 4194 2289 4248; x_wconf 78' lang='grc' dir='ltr'>Θεοῦ’</span> <span class='ocrx_word' id='word_1_721' title='bbox 2334 4215 2351 4247; x_wconf 76' lang='grc' dir='ltr'><strong>ι</strong></span> <span class='ocrx_word' id='word_1_722' title='bbox 2384 4195 2478 4249; x_wconf 77' lang='grc' dir='ltr'><strong>καὶ</strong></span> <span class='ocrx_word' id='word_1_723' title='bbox 2519 4194 2716 4249; x_wconf 87' lang='grc' dir='ltr'>πάλιν·</span> <span class='ocrx_word' id='word_1_724' title='bbox 2759 4215 2778 4246; x_wconf 82' lang='grc' dir='ltr'><strong>ι</strong></span> <span class='ocrx_word' id='word_1_725' title='bbox 2817 4197 2977 4250; x_wconf 84' lang='grc' dir='ltr'>Ὥστε</span> <span class='ocrx_word' id='word_1_726' title='bbox 3028 4197 3211 4249; x_wconf 79' lang='grc' dir='ltr'>οὐκέτι</span> <span class='ocrx_word' id='word_1_727' title='bbox 3247 4193 3297 4249; x_wconf 71' lang='grc' dir='ltr'>εἷ</span> <span class='ocrx_word' id='word_1_728' title='bbox 3341 4196 3544 4261; x_wconf 89' lang='grc' dir='ltr'>δοῦλος,</span> <span class='ocrx_word' id='word_1_729' title='bbox 3587 4195 3710 4250; x_wconf 83' lang='grc' dir='ltr'>ἀλλ’</span> 
     </span>
    </p>
   </div>
   <div class='ocr_carea' id='block_1_88' title="bbox 443 4283 2007 4359">
    <p class='ocr_par' dir='ltr' id='par_1_88' title="bbox 443 4283 2007 4352">
     <span class='ocr_line' id='line_1_88' title="bbox 443 4283 2007 4352; baseline 0.002 -17"><span class='ocrx_word' id='word_1_730' title='bbox 443 4283 611 4339; x_wconf 88' lang='lat' dir='ltr'><strong>Deum</strong></span> <span class='ocrx_word' id='word_1_731' title='bbox 643 4285 708 4339; x_wconf 72' lang='grc'><strong>⁸⁸.</strong></span> <span class='ocrx_word' id='word_1_732' title='bbox 746 4303 764 4334; x_wconf 72' lang='grc' dir='ltr'><strong>ι</strong></span> <span class='ocrx_word' id='word_1_733' title='bbox 792 4284 858 4338; x_wconf 85' lang='lat' dir='ltr'><strong>Et</strong></span> <span class='ocrx_word' id='word_1_734' title='bbox 906 4286 1039 4341; x_wconf 93' lang='lat' dir='ltr'><strong>illud</strong></span> <span class='ocrx_word' id='word_1_735' title='bbox 1079 4305 1092 4340; x_wconf 91' lang='lat'><strong>:</strong></span> <span class='ocrx_word' id='word_1_736' title='bbox 1131 4303 1151 4337; x_wconf 71' lang='grc' dir='ltr'><strong>ι</strong></span> <span class='ocrx_word' id='word_1_737' title='bbox 1189 4286 1664 4352; x_wconf 82' lang='lat' dir='ltr'><strong>Quemadmodum</strong></span> <span class='ocrx_word' id='word_1_738' title='bbox 1719 4285 2007 4342; x_wconf 88' lang='lat' dir='ltr'><strong>resurrein</strong></span> 
     </span>
    </p>
   </div>
   <div class='ocr_carea' id='block_1_89' title="bbox 2114 4283 3711 4359">
    <p class='ocr_par' dir='ltr' id='par_1_89' title="bbox 2121 4285 3711 4359">
     <span class='ocr_line' id='line_1_89' title="bbox 2121 4285 3711 4359; baseline -0.002 -19"><span class='ocrx_word' id='word_1_739' title='bbox 2121 4288 2234 4350; x_wconf 85' lang='grc' dir='ltr'>υἱός</span> <span class='ocrx_word' id='word_1_740' title='bbox 2257 4304 2268 4316; x_wconf 93' lang='grc'><strong>·</strong></span> <span class='ocrx_word' id='word_1_741' title='bbox 2304 4289 2352 4340; x_wconf 85' lang='grc' dir='ltr'><strong>εί</strong></span> <span class='ocrx_word' id='word_1_742' title='bbox 2380 4287 2437 4340; x_wconf 86' lang='grc' dir='ltr'>δὲ</span> <span class='ocrx_word' id='word_1_743' title='bbox 2469 4288 2603 4351; x_wconf 79' lang='grc' dir='ltr'>υἱὸς,</span> <span class='ocrx_word' id='word_1_744' title='bbox 2631 4289 2727 4340; x_wconf 74' lang='grc' dir='ltr'><strong>καὶ</strong></span> <span class='ocrx_word' id='word_1_745' title='bbox 2759 4288 3093 4359; x_wconf 79' lang='grc' dir='ltr'>κληρονόμος</span> <span class='ocrx_word' id='word_1_746' title='bbox 3123 4288 3211 4340; x_wconf 82' lang='grc' dir='ltr'>διὰ</span> <span class='ocrx_word' id='word_1_747' title='bbox 3239 4286 3394 4340; x_wconf 84' lang='grc' dir='ltr'>Θεοῦ.</span> <span class='ocrx_word' id='word_1_748' title='bbox 3430 4307 3449 4339; x_wconf 74' lang='grc' dir='ltr'><strong>ι</strong></span> <span class='ocrx_word' id='word_1_749' title='bbox 3480 4287 3589 4338; x_wconf 76' lang='grc' dir='ltr'>Καὶ</span> <span class='ocrx_word' id='word_1_750' title='bbox 3620 4285 3711 4348; x_wconf 86' lang='lat' dir='ltr'><strong>rb,</strong></span> 
     </span>
    </p>
   </div>
   <div class='ocr_carea' id='block_1_90' title="bbox 443 4377 2007 4461">
    <p class='ocr_par' dir='ltr' id='par_1_90' title="bbox 443 4377 2007 4451">
     <span class='ocr_line' id='line_1_90' title="bbox 443 4377 2007 4451; baseline 0.001 -19"><span class='ocrx_word' id='word_1_751' title='bbox 443 4378 698 4436; x_wconf 79' lang='lat' dir='ltr'><strong>Christus</strong></span> <span class='ocrx_word' id='word_1_752' title='bbox 718 4418 733 4442; x_wconf 95' lang='lat'><strong>,</strong></span> <span class='ocrx_word' id='word_1_753' title='bbox 771 4395 867 4448; x_wconf 89' lang='lat' dir='ltr'><strong>per</strong></span> <span class='ocrx_word' id='word_1_754' title='bbox 896 4379 1125 4448; x_wconf 77' lang='lat' dir='ltr'><strong>gloriam</strong></span> <span class='ocrx_word' id='word_1_755' title='bbox 1156 4380 1334 4435; x_wconf 86' lang='lat' dir='ltr'><strong>Patris</strong></span> <span class='ocrx_word' id='word_1_756' title='bbox 1365 4379 1432 4436; x_wconf 73' lang='lat'><strong>&quot;.</strong></span> <span class='ocrx_word' id='word_1_757' title='bbox 1460 4399 1476 4431; x_wconf 82' lang='lat' dir='ltr'><strong>I</strong></span> <span class='ocrx_word' id='word_1_758' title='bbox 1501 4377 1740 4435; x_wconf 81' lang='lat' dir='ltr'><strong>Rursum</strong></span> <span class='ocrx_word' id='word_1_759' title='bbox 1773 4395 1896 4433; x_wconf 91' lang='lat' dir='ltr'><strong>cum</strong></span> <span class='ocrx_word' id='word_1_760' title='bbox 1927 4395 2007 4451; x_wconf 85' lang='lat' dir='ltr'><strong>ge-</strong></span> 
     </span>
    </p>
   </div>
   <div class='ocr_carea' id='block_1_91' title="bbox 2114 4377 3715 4461">
    <p class='ocr_par' dir='ltr' id='par_1_91' title="bbox 2130 4377 3715 4450">
     <span class='ocr_line' id='line_1_91' title="bbox 2130 4377 3715 4450; baseline 0.003 -23"><span class='ocrx_word' id='word_1_761' title='bbox 2130 4395 2147 4427; x_wconf 78' lang='grc' dir='ltr'><strong>ι</strong></span> <span class='ocrx_word' id='word_1_762' title='bbox 2191 4379 2398 4450; x_wconf 84' lang='grc' dir='ltr'>Ὥσπερ</span> <span class='ocrx_word' id='word_1_763' title='bbox 2419 4379 2626 4449; x_wconf 79' lang='grc' dir='ltr'>ἠγέρθη</span> <span class='ocrx_word' id='word_1_764' title='bbox 2654 4381 2889 4450; x_wconf 85' lang='grc' dir='ltr'>Χριστὸς</span> <span class='ocrx_word' id='word_1_765' title='bbox 2911 4379 2998 4433; x_wconf 82' lang='grc' dir='ltr'>διὰ</span> <span class='ocrx_word' id='word_1_766' title='bbox 3023 4379 3134 4450; x_wconf 88' lang='grc'>(69)</span> <span class='ocrx_word' id='word_1_767' title='bbox 3168 4380 3266 4449; x_wconf 83' lang='grc' dir='ltr'>τῆς</span> <span class='ocrx_word' id='word_1_768' title='bbox 3289 4378 3446 4448; x_wconf 79' lang='grc' dir='ltr'>δόξης</span> <span class='ocrx_word' id='word_1_769' title='bbox 3469 4377 3560 4430; x_wconf 88' lang='grc' dir='ltr'><strong>τοῦ</strong></span> <span class='ocrx_word' id='word_1_770' title='bbox 3594 4377 3715 4431; x_wconf 85' lang='grc' dir='ltr'>Πα-</span> 
     </span>
    </p>
   </div>
   <div class='ocr_carea' id='block_1_92' title="bbox 444 4468 2007 4542">
    <p class='ocr_par' dir='ltr' id='par_1_92' title="bbox 444 4469 2007 4538">
     <span class='ocr_line' id='line_1_92' title="bbox 444 4469 2007 4538; baseline -0.002 -13"><span class='ocrx_word' id='word_1_771' title='bbox 444 4471 656 4528; x_wconf 82' lang='lat' dir='ltr'><strong>nuisset</strong></span> <span class='ocrx_word' id='word_1_772' title='bbox 700 4469 808 4523; x_wconf 87' lang='lat' dir='ltr'><strong>Eva</strong></span> <span class='ocrx_word' id='word_1_773' title='bbox 848 4469 980 4524; x_wconf 86' lang='lat' dir='ltr'><strong>Cain</strong></span> <span class='ocrx_word' id='word_1_774' title='bbox 1004 4511 1017 4529; x_wconf 86' lang='lat'><strong>,</strong></span> <span class='ocrx_word' id='word_1_775' title='bbox 1074 4471 1250 4524; x_wconf 81' lang='lat' dir='ltr'><strong>dixit:</strong></span> <span class='ocrx_word' id='word_1_776' title='bbox 1282 4487 1301 4520; x_wconf 84' lang='grc'><strong><em>‹</em></strong></span> <span class='ocrx_word' id='word_1_777' title='bbox 1331 4469 1560 4526; x_wconf 90' lang='lat' dir='ltr'><strong>Possedi</strong></span> <span class='ocrx_word' id='word_1_778' title='bbox 1604 4471 1879 4524; x_wconf 89' lang='lat' dir='ltr'><strong>hominem</strong></span> <span class='ocrx_word' id='word_1_779' title='bbox 1926 4485 2007 4538; x_wconf 83' lang='lat' dir='ltr'><strong>pet</strong></span> 
     </span>
    </p>
   </div>
   <div class='ocr_carea' id='block_1_93' title="bbox 2114 4468 3713 4542">
    <p class='ocr_par' dir='ltr' id='par_1_93' title="bbox 2125 4468 3713 4542">
     <span class='ocr_line' id='line_1_93' title="bbox 2125 4468 3713 4542; baseline 0.001 -22"><span class='ocrx_word' id='word_1_780' title='bbox 2125 4469 2272 4540; x_wconf 83' lang='grc' dir='ltr'>τρός.</span> <span class='ocrx_word' id='word_1_781' title='bbox 2319 4489 2337 4522; x_wconf 74' lang='grc' dir='ltr'><strong>ι</strong></span> <span class='ocrx_word' id='word_1_782' title='bbox 2376 4471 2488 4523; x_wconf 78' lang='grc' dir='ltr'>Καὶ</span> <span class='ocrx_word' id='word_1_783' title='bbox 2528 4471 2710 4534; x_wconf 82' lang='grc' dir='ltr'>πάλιν,</span> <span class='ocrx_word' id='word_1_784' title='bbox 2759 4472 2847 4523; x_wconf 86' lang='grc' dir='ltr'>ὅτε</span> <span class='ocrx_word' id='word_1_785' title='bbox 2885 4471 3148 4542; x_wconf 84' lang='grc' dir='ltr'>ἐγεννήθη</span> <span class='ocrx_word' id='word_1_786' title='bbox 3181 4471 3360 4532; x_wconf 82' lang='grc' dir='ltr'>’Κάῖν,</span> <span class='ocrx_word' id='word_1_787' title='bbox 3393 4468 3508 4522; x_wconf 81' lang='grc' dir='ltr'><strong>Εὕα</strong></span> <span class='ocrx_word' id='word_1_788' title='bbox 3552 4468 3713 4539; x_wconf 86' lang='grc' dir='ltr'>είρή-</span> 
     </span>
    </p>
   </div>
   <div class='ocr_carea' id='block_1_94' title="bbox 445 4559 2007 4634">
    <p class='ocr_par' dir='ltr' id='par_1_94' title="bbox 445 4559 2007 4631">
     <span class='ocr_line' id='line_1_94' title="bbox 445 4559 2007 4631; baseline -0.002 -16"><span class='ocrx_word' id='word_1_789' title='bbox 445 4560 615 4616; x_wconf 88' lang='lat' dir='ltr'><strong>Deum</strong></span> <span class='ocrx_word' id='word_1_790' title='bbox 645 4562 710 4614; x_wconf 75' lang='grc' dir='ltr'><strong>⁵ο.</strong></span> <span class='ocrx_word' id='word_1_791' title='bbox 741 4581 758 4612; x_wconf 74' lang='grc' dir='ltr'><strong>ι</strong></span> <span class='ocrx_word' id='word_1_792' title='bbox 780 4560 1091 4631; x_wconf 85' lang='lat' dir='ltr'><strong>lterumque</strong></span> <span class='ocrx_word' id='word_1_793' title='bbox 1118 4559 1354 4631; x_wconf 85' lang='lat' dir='ltr'><strong>Joscpbo</strong></span> <span class='ocrx_word' id='word_1_794' title='bbox 1387 4561 1440 4614; x_wconf 92' lang='lat' dir='ltr'><strong>in</strong></span> <span class='ocrx_word' id='word_1_795' title='bbox 1472 4575 1690 4615; x_wconf 79' lang='lat' dir='ltr'><strong>carcere</strong></span> <span class='ocrx_word' id='word_1_796' title='bbox 1721 4575 1900 4614; x_wconf 90' lang='lat' dir='ltr'><strong>nonne</strong></span> <span class='ocrx_word' id='word_1_797' title='bbox 1923 4576 2007 4630; x_wconf 80' lang='lat' dir='ltr'><strong>per</strong></span> 
     </span>
    </p>
   </div>
   <div class='ocr_carea' id='block_1_95' title="bbox 2114 4559 3715 4634">
    <p class='ocr_par' dir='ltr' id='par_1_95' title="bbox 2126 4560 3715 4634">
     <span class='ocr_line' id='line_1_95' title="bbox 2126 4560 3715 4634; baseline -0.001 -20"><span class='ocrx_word' id='word_1_798' title='bbox 2126 4579 2209 4614; x_wconf 89' lang='grc' dir='ltr'><strong>κει</strong></span> <span class='ocrx_word' id='word_1_799' title='bbox 2237 4580 2250 4591; x_wconf 93' lang='grc'><strong>·</strong></span> <span class='ocrx_word' id='word_1_800' title='bbox 2288 4579 2306 4611; x_wconf 79' lang='grc' dir='ltr'><strong>ι</strong></span> <span class='ocrx_word' id='word_1_801' title='bbox 2358 4562 2709 4634; x_wconf 88' lang='grc' dir='ltr'>Ἐκτησάμην</span> <span class='ocrx_word' id='word_1_802' title='bbox 2756 4563 3040 4634; x_wconf 83' lang='grc' dir='ltr'>ἄνθρωπον</span> <span class='ocrx_word' id='word_1_803' title='bbox 3082 4562 3172 4615; x_wconf 86' lang='grc' dir='ltr'>διὰ</span> <span class='ocrx_word' id='word_1_804' title='bbox 3209 4561 3302 4615; x_wconf 90' lang='grc' dir='ltr'><strong>τοῦ</strong></span> <span class='ocrx_word' id='word_1_805' title='bbox 3347 4560 3502 4615; x_wconf 90' lang='grc' dir='ltr'>Θεοῦ.</span> <span class='ocrx_word' id='word_1_806' title='bbox 3540 4581 3561 4613; x_wconf 75' lang='grc' dir='ltr'><strong>ι</strong></span> <span class='ocrx_word' id='word_1_807' title='bbox 3597 4561 3715 4614; x_wconf 75' lang='grc' dir='ltr'>Καὶ</span> 
     </span>
    </p>
   </div>
   <div class='ocr_carea' id='block_1_96' title="bbox 448 4651 2007 4726">
    <p class='ocr_par' dir='ltr' id='par_1_96' title="bbox 448 4651 2007 4724">
     <span class='ocr_line' id='line_1_96' title="bbox 448 4651 2007 4724; baseline 0.001 -18"><span class='ocrx_word' id='word_1_808' title='bbox 448 4652 616 4709; x_wconf 89' lang='lat' dir='ltr'><strong>Deum</strong></span> <span class='ocrx_word' id='word_1_809' title='bbox 660 4656 784 4709; x_wconf 84' lang='lat' dir='ltr'><strong>data</strong></span> <span class='ocrx_word' id='word_1_810' title='bbox 827 4663 912 4710; x_wconf 90' lang='lat' dir='ltr'><strong>est</strong></span> <span class='ocrx_word' id='word_1_811' title='bbox 963 4654 1336 4709; x_wconf 79' lang='lat' dir='ltr'><strong>manifestatio</strong></span> <span class='ocrx_word' id='word_1_812' title='bbox 1363 4654 1450 4708; x_wconf 62' lang='lat'><strong>5&#39;?</strong></span> <span class='ocrx_word' id='word_1_813' title='bbox 1486 4653 1562 4708; x_wconf 90' lang='lat' dir='ltr'><strong>De</strong></span> <span class='ocrx_word' id='word_1_814' title='bbox 1602 4651 1740 4707; x_wconf 88' lang='lat' dir='ltr'><strong>Filio</strong></span> <span class='ocrx_word' id='word_1_815' title='bbox 1777 4669 1842 4708; x_wconf 83' lang='lat' dir='ltr'><strong>ex</strong></span> <span class='ocrx_word' id='word_1_816' title='bbox 1889 4669 2007 4724; x_wconf 87' lang='lat' dir='ltr'><strong>pro-</strong></span> 
     </span>
    </p>
   </div>
   <div class='ocr_carea' id='block_1_97' title="bbox 2114 4651 3715 4726">
    <p class='ocr_par' dir='ltr' id='par_1_97' title="bbox 2122 4653 3715 4726">
     <span class='ocr_line' id='line_1_97' title="bbox 2122 4653 3715 4726; baseline 0 -20"><span class='ocrx_word' id='word_1_817' title='bbox 2122 4653 2282 4707; x_wconf 87' lang='grc' dir='ltr'>πάλιν</span> <span class='ocrx_word' id='word_1_818' title='bbox 2321 4653 2397 4723; x_wconf 84' lang='grc' dir='ltr'><strong>τῷ</strong></span> <span class='ocrx_word' id='word_1_819' title='bbox 2457 4655 2655 4725; x_wconf 82' lang='grc' dir='ltr'>Ἰωσὴφ</span> <span class='ocrx_word' id='word_1_820' title='bbox 2689 4656 2768 4719; x_wconf 86' lang='grc' dir='ltr'><strong>είς</strong></span> <span class='ocrx_word' id='word_1_821' title='bbox 2799 4655 2897 4725; x_wconf 88' lang='grc' dir='ltr'><strong>τὴν</strong></span> <span class='ocrx_word' id='word_1_822' title='bbox 2930 4654 3172 4726; x_wconf 84' lang='grc' dir='ltr'>φυλακὴν</span> <span class='ocrx_word' id='word_1_823' title='bbox 3197 4653 3317 4724; x_wconf 78' lang='grc' dir='ltr'>οὐχὶ</span> <span class='ocrx_word' id='word_1_824' title='bbox 3341 4653 3429 4706; x_wconf 85' lang='grc' dir='ltr'>διὰ</span> <span class='ocrx_word' id='word_1_825' title='bbox 3451 4653 3544 4706; x_wconf 92' lang='grc' dir='ltr'><strong>τοῦ</strong></span> <span class='ocrx_word' id='word_1_826' title='bbox 3569 4653 3715 4711; x_wconf 79' lang='grc' dir='ltr'>Θεοῦ</span> 
     </span>
    </p>
   </div>
   <div class='ocr_carea' id='block_1_98' title="bbox 516 4853 2007 4923">
    <p class='ocr_par' dir='ltr' id='par_1_98' title="bbox 516 4853 2004 4923">
     <span class='ocr_line' id='line_1_98' title="bbox 516 4853 2004 4923; baseline -0.001 -13"><span class='ocrx_word' id='word_1_827' title='bbox 516 4857 560 4888; x_wconf 77' lang='grc'><strong>³⁵</strong></span> <span class='ocrx_word' id='word_1_828' title='bbox 601 4859 720 4912; x_wconf 83' lang='lat' dir='ltr'><strong>Act.</strong></span> <span class='ocrx_word' id='word_1_829' title='bbox 758 4874 867 4921; x_wconf 78' lang='lat' dir='ltr'><strong>xw,</strong></span> <span class='ocrx_word' id='word_1_830' title='bbox 907 4857 968 4919; x_wconf 83' lang='lat'><em>6,</em></span> <span class='ocrx_word' id='word_1_831' title='bbox 1005 4858 1058 4909; x_wconf 88' lang='lat'><strong>&#39;7.</strong></span> <span class='ocrx_word' id='word_1_832' title='bbox 1138 4857 1180 4888; x_wconf 86' lang='grc'><strong>³⁷</strong></span> <span class='ocrx_word' id='word_1_833' title='bbox 1224 4856 1424 4923; x_wconf 83' lang='lat' dir='ltr'><strong>Ephes.</strong></span> <span class='ocrx_word' id='word_1_834' title='bbox 1465 4873 1538 4918; x_wconf 86' lang='lat' dir='ltr'><strong>Iv,</strong></span> <span class='ocrx_word' id='word_1_835' title='bbox 1570 4855 1659 4908; x_wconf 79' lang='lat'><strong>30.</strong></span> <span class='ocrx_word' id='word_1_836' title='bbox 1739 4855 1782 4885; x_wconf 83' lang='grc'><strong>³⁸</strong></span> <span class='ocrx_word' id='word_1_837' title='bbox 1821 4853 2004 4908; x_wconf 86' lang='lat' dir='ltr'><strong>lCor.</strong></span> 
     </span>
    </p>
   </div>
   <div class='ocr_carea' id='block_1_99' title="bbox 2114 4853 3710 4923">
    <p class='ocr_par' dir='ltr' id='par_1_99' title="bbox 2115 4854 3710 4922">
     <span class='ocr_line' id='line_1_99' title="bbox 2115 4854 3710 4922; baseline 0.002 -13"><span class='ocrx_word' id='word_1_838' title='bbox 2115 4895 2128 4918; x_wconf 95' lang='lat'><strong>,</strong></span> <span class='ocrx_word' id='word_1_839' title='bbox 2165 4854 2254 4909; x_wconf 73' lang='grc'><strong>47.</strong></span> <span class='ocrx_word' id='word_1_840' title='bbox 2366 4857 2409 4887; x_wconf 72' lang='grc'><strong>³⁸</strong></span> <span class='ocrx_word' id='word_1_841' title='bbox 2459 4855 2478 4908; x_wconf 87' lang='grc' dir='ltr'><strong>Ι</strong></span> <span class='ocrx_word' id='word_1_842' title='bbox 2514 4856 2641 4911; x_wconf 89' lang='lat' dir='ltr'><strong>Cor.</strong></span> <span class='ocrx_word' id='word_1_843' title='bbox 2675 4874 2748 4920; x_wconf 88' lang='grc' dir='ltr'><strong>ιι,</strong></span> <span class='ocrx_word' id='word_1_844' title='bbox 2789 4858 2891 4921; x_wconf 76' lang='grc' dir='ltr'>Η,</span> <span class='ocrx_word' id='word_1_845' title='bbox 2932 4858 3017 4912; x_wconf 80' lang='grc'><strong>15.</strong></span> <span class='ocrx_word' id='word_1_846' title='bbox 3126 4858 3171 4890; x_wconf 74' lang='grc' dir='ltr'><strong>⁸ο</strong></span> <span class='ocrx_word' id='word_1_847' title='bbox 3211 4858 3443 4912; x_wconf 88' lang='lat' dir='ltr'><strong>Baruch.</strong></span> <span class='ocrx_word' id='word_1_848' title='bbox 3481 4873 3554 4922; x_wconf 90' lang='grc' dir='ltr'><strong>ιι,</strong></span> <span class='ocrx_word' id='word_1_849' title='bbox 3615 4859 3710 4912; x_wconf 76' lang='grc'><strong>54.</strong></span> 
     </span>
    </p>
   </div>
   <div class='ocr_carea' id='block_1_100' title="bbox 445 4924 2007 4992">
    <p class='ocr_par' dir='ltr' id='par_1_100' title="bbox 445 4924 2007 4992">
     <span class='ocr_line' id='line_1_100' title="bbox 445 4924 2007 4992; baseline -0.003 -12"><span class='ocrx_word' id='word_1_850' title='bbox 445 4928 488 4958; x_wconf 72' lang='grc'>⁸¹</span> <span class='ocrx_word' id='word_1_851' title='bbox 531 4927 710 4983; x_wconf 86' lang='lat' dir='ltr'><strong>lCor.</strong></span> <span class='ocrx_word' id='word_1_852' title='bbox 761 4945 837 4980; x_wconf 83' lang='lat' dir='ltr'><strong>xu</strong></span> <span class='ocrx_word' id='word_1_853' title='bbox 868 4970 881 4992; x_wconf 89' lang='lat'><strong>,</strong></span> <span class='ocrx_word' id='word_1_854' title='bbox 931 4927 1047 4980; x_wconf 71' lang='grc'><strong>4-6.</strong></span> <span class='ocrx_word' id='word_1_855' title='bbox 1157 4927 1201 4957; x_wconf 76' lang='grc'><strong>’⁵³</strong></span> <span class='ocrx_word' id='word_1_856' title='bbox 1241 4925 1390 4983; x_wconf 83' lang='lat' dir='ltr'><strong>Psal.</strong></span> <span class='ocrx_word' id='word_1_857' title='bbox 1438 4940 1714 4989; x_wconf 83' lang='lat' dir='ltr'><strong>cxxxvm,</strong></span> <span class='ocrx_word' id='word_1_858' title='bbox 1751 4924 1802 4979; x_wconf 91' lang='lat'><strong>7.</strong></span> <span class='ocrx_word' id='word_1_859' title='bbox 1916 4926 1960 4955; x_wconf 74' lang='lat'>”</span> <span class='ocrx_word' id='word_1_860' title='bbox 2001 4960 2007 4976; x_wconf 81' lang='grc'><strong>.</strong></span> 
     </span>
    </p>
   </div>
   <div class='ocr_carea' id='block_1_101' title="bbox 2114 4924 3710 4992">
    <p class='ocr_par' dir='ltr' id='par_1_101' title="bbox 2114 4927 3710 4992">
     <span class='ocr_line' id='line_1_101' title="bbox 2114 4927 3710 4992; baseline 0.006 -15"><span class='ocrx_word' id='word_1_861' title='bbox 2114 4941 2157 4978; x_wconf 74' lang='grc' dir='ltr'><strong>[ι.</strong></span> <span class='ocrx_word' id='word_1_862' title='bbox 2192 4942 2308 4990; x_wconf 76' lang='grc' dir='ltr'>ιιν,</span> <span class='ocrx_word' id='word_1_863' title='bbox 2369 4927 2460 4982; x_wconf 73' lang='lat'><strong>2&#39;5.</strong></span> <span class='ocrx_word' id='word_1_864' title='bbox 2573 4927 2617 4959; x_wconf 69' lang='lat'><strong>“</strong></span> <span class='ocrx_word' id='word_1_865' title='bbox 2643 4928 2798 4982; x_wconf 84' lang='lat' dir='ltr'><strong>Joan.</strong></span> <span class='ocrx_word' id='word_1_866' title='bbox 2838 4945 2902 4991; x_wconf 81' lang='lat' dir='ltr'><strong>x,</strong></span> <span class='ocrx_word' id='word_1_867' title='bbox 2937 4930 3024 4982; x_wconf 76' lang='lat'><strong>30.</strong></span> <span class='ocrx_word' id='word_1_868' title='bbox 3123 4930 3167 4960; x_wconf 77' lang='lat'><strong>&quot;</strong></span> <span class='ocrx_word' id='word_1_869' title='bbox 3207 4928 3250 4981; x_wconf 91' lang='lat' dir='ltr'><strong>Il</strong></span> <span class='ocrx_word' id='word_1_870' title='bbox 3279 4929 3406 4984; x_wconf 86' lang='lat' dir='ltr'><strong>Cor.</strong></span> <span class='ocrx_word' id='word_1_871' title='bbox 3444 4943 3576 4992; x_wconf 80' lang='lat' dir='ltr'><strong>xui,</strong></span> <span class='ocrx_word' id='word_1_872' title='bbox 3618 4931 3710 4987; x_wconf 79' lang='grc'><strong>15.</strong></span> 
     </span>
    </p>
   </div>
   <div class='ocr_carea' id='block_1_102' title="bbox 445 4994 2007 5066">
    <p class='ocr_par' dir='ltr' id='par_1_102' title="bbox 445 4995 2000 5062">
     <span class='ocr_line' id='line_1_102' title="bbox 445 4995 2000 5062; baseline -0.002 -10"><span class='ocrx_word' id='word_1_873' title='bbox 445 4999 492 5030; x_wconf 73' lang='grc'>⁸⁸</span> <span class='ocrx_word' id='word_1_874' title='bbox 521 4999 538 5052; x_wconf 89' lang='lat' dir='ltr'><strong>l</strong></span> <span class='ocrx_word' id='word_1_875' title='bbox 566 4998 694 5054; x_wconf 81' lang='lat' dir='ltr'><strong>Cor.</strong></span> <span class='ocrx_word' id='word_1_876' title='bbox 722 5016 761 5052; x_wconf 91' lang='grc' dir='ltr'>ι.</span> <span class='ocrx_word' id='word_1_877' title='bbox 793 4999 846 5052; x_wconf 88' lang='grc'><strong>9.</strong></span> <span class='ocrx_word' id='word_1_878' title='bbox 925 4998 967 5028; x_wconf 67' lang='grc'><strong>⁸⁷</strong></span> <span class='ocrx_word' id='word_1_879' title='bbox 995 4996 1016 5051; x_wconf 93' lang='grc' dir='ltr'><strong>ι</strong></span> <span class='ocrx_word' id='word_1_880' title='bbox 1040 4997 1168 5052; x_wconf 88' lang='lat' dir='ltr'><strong>Cor.</strong></span> <span class='ocrx_word' id='word_1_881' title='bbox 1199 5013 1272 5062; x_wconf 88' lang='lat' dir='ltr'><strong>tv,</strong></span> <span class='ocrx_word' id='word_1_882' title='bbox 1307 4998 1357 5050; x_wconf 82' lang='grc'><strong>1.</strong></span> <span class='ocrx_word' id='word_1_883' title='bbox 1439 4995 1482 5027; x_wconf 63' lang='grc'><strong>⁵⁸</strong></span> <span class='ocrx_word' id='word_1_884' title='bbox 1510 4995 1686 5051; x_wconf 88' lang='lat' dir='ltr'><strong>Galat.</strong></span> <span class='ocrx_word' id='word_1_885' title='bbox 1717 5011 1791 5059; x_wconf 86' lang='lat' dir='ltr'><strong>tv,</strong></span> <span class='ocrx_word' id='word_1_886' title='bbox 1822 4995 1872 5050; x_wconf 85' lang='lat'><strong>7.</strong></span> <span class='ocrx_word' id='word_1_887' title='bbox 1953 4995 2000 5026; x_wconf 76' lang='lat'>&quot;</span> 
     </span>
    </p>
   </div>
   <div class='ocr_carea' id='block_1_103' title="bbox 2114 4994 3562 5066">
    <p class='ocr_par' dir='ltr' id='par_1_103' title="bbox 2115 4996 3562 5066">
     <span class='ocr_line' id='line_1_103' title="bbox 2115 4996 3562 5066; baseline 0.003 -17"><span class='ocrx_word' id='word_1_888' title='bbox 2115 5010 2188 5050; x_wconf 93' lang='lat' dir='ltr'><strong>m.</strong></span> <span class='ocrx_word' id='word_1_889' title='bbox 2220 5012 2296 5060; x_wconf 88' lang='lat' dir='ltr'><strong>vt,</strong></span> <span class='ocrx_word' id='word_1_890' title='bbox 2330 4996 2419 5053; x_wconf 77' lang='grc'><strong>40.</strong></span> <span class='ocrx_word' id='word_1_891' title='bbox 2498 4999 2544 5030; x_wconf 70' lang='grc'><strong>⁸³</strong></span> <span class='ocrx_word' id='word_1_892' title='bbox 2575 4996 2775 5055; x_wconf 85' lang='lat' dir='ltr'><strong>Genes.</strong></span> <span class='ocrx_word' id='word_1_893' title='bbox 2814 5014 2888 5059; x_wconf 87' lang='lat' dir='ltr'><strong>tv,</strong></span> <span class='ocrx_word' id='word_1_894' title='bbox 2928 4999 2980 5053; x_wconf 80' lang='lat' dir='ltr'><strong>l.</strong></span> <span class='ocrx_word' id='word_1_895' title='bbox 3053 4999 3095 5030; x_wconf 82' lang='lat'><strong>&quot;</strong></span> <span class='ocrx_word' id='word_1_896' title='bbox 3130 4998 3329 5056; x_wconf 90' lang='lat' dir='ltr'><strong>Genes.</strong></span> <span class='ocrx_word' id='word_1_897' title='bbox 3374 5014 3464 5066; x_wconf 74' lang='grc' dir='ltr'>ιι,</span> <span class='ocrx_word' id='word_1_898' title='bbox 3509 5000 3562 5054; x_wconf 89' lang='grc'><strong>8.</strong></span> 
     </span>
    </p>
   </div>
   <div class='ocr_carea' id='block_1_104' title="bbox 518 5173 2007 5248">
    <p class='ocr_par' dir='ltr' id='par_1_104' title="bbox 518 5173 2007 5248">
     <span class='ocr_line' id='line_1_104' title="bbox 518 5173 2007 5248; baseline -0.001 -20"><span class='ocrx_word' id='word_1_899' title='bbox 518 5175 631 5245; x_wconf 74' lang='grc'>(64)</span> <span class='ocrx_word' id='word_1_900' title='bbox 677 5175 768 5230; x_wconf 91' lang='lat' dir='ltr'><strong>Sic</strong></span> <span class='ocrx_word' id='word_1_901' title='bbox 801 5177 1118 5248; x_wconf 68' lang='lat' dir='ltr'><strong>Vaticanus,</strong></span> <span class='ocrx_word' id='word_1_902' title='bbox 1139 5176 1316 5248; x_wconf 62' lang='lat' dir='ltr'><strong>Basil.</strong></span> <span class='ocrx_word' id='word_1_903' title='bbox 1337 5174 1580 5248; x_wconf 75' lang='lat' dir='ltr'><strong>Angl._et</strong></span> <span class='ocrx_word' id='word_1_904' title='bbox 1612 5173 1850 5248; x_wconf 66' lang='lat' dir='ltr'><strong>Graecus</strong></span> <span class='ocrx_word' id='word_1_905' title='bbox 1869 5173 2007 5248; x_wconf 82' lang='lat' dir='ltr'><strong>Scri-</strong></span> 
     </span>
    </p>
   </div>
   <div class='ocr_carea' id='block_1_105' title="bbox 2114 5173 2352 5248">
    <p class='ocr_par' dir='ltr' id='par_1_105' title="bbox 2127 5177 2352 5248">
     <span class='ocr_line' id='line_1_105' title="bbox 2127 5177 2352 5248; baseline 0.013 -20"><span class='ocrx_word' id='word_1_906' title='bbox 2127 5177 2352 5248; x_wconf 78' lang='grc' dir='ltr'>Κύριος.</span> 
     </span>
    </p>
   </div>
   <div class='ocr_carea' id='block_1_106' title="bbox 449 5243 3720 5318">
    <p class='ocr_par' dir='ltr' id='par_1_106' title="bbox 449 5243 3720 5318">
     <span class='ocr_line' id='line_1_106' title="bbox 449 5243 3720 5318; baseline 0.001 -21"><span class='ocrx_word' id='word_1_907' title='bbox 449 5243 621 5318; x_wconf 60' lang='lat' dir='ltr'><strong>plurali</strong></span> <span class='ocrx_word' id='word_1_908' title='bbox 645 5254 843 5303; x_wconf 79' lang='lat' dir='ltr'><strong>textus.</strong></span> <span class='ocrx_word' id='word_1_909' title='bbox 878 5247 1041 5318; x_wconf 84' lang='lat' dir='ltr'><strong>Editi,</strong></span> <span class='ocrx_word' id='word_1_910' title='bbox 1078 5249 1135 5299; x_wconf 89' lang='grc' dir='ltr'>ὲν</span> <span class='ocrx_word' id='word_1_911' title='bbox 1162 5249 1224 5316; x_wconf 82' lang='grc' dir='ltr'>τῇ</span> <span class='ocrx_word' id='word_1_912' title='bbox 1266 5243 1474 5318; x_wconf 49' lang='lat' dir='ltr'><strong>Mucia;</strong></span> <span class='ocrx_word' id='word_1_913' title='bbox 1497 5243 1639 5318; x_wconf 71' lang='lat' dir='ltr'><strong>Mox,</strong></span> <span class='ocrx_word' id='word_1_914' title='bbox 1679 5244 1853 5318; x_wconf 49' lang='grc' dir='ltr'>’Παισοῦ</span> <span class='ocrx_word' id='word_1_915' title='bbox 1884 5245 2019 5318; x_wconf 69' lang='lat' dir='ltr'><strong>legi-</strong></span> <span class='ocrx_word' id='word_1_916' title='bbox 2203 5243 2314 5318; x_wconf 58' lang='lat'><strong>(&#39;67)</strong></span> <span class='ocrx_word' id='word_1_917' title='bbox 2357 5246 2449 5301; x_wconf 90' lang='lat' dir='ltr'><strong>Sic</strong></span> <span class='ocrx_word' id='word_1_918' title='bbox 2491 5248 2831 5313; x_wconf 88' lang='lat' dir='ltr'><strong>Basiliensis,</strong></span> <span class='ocrx_word' id='word_1_919' title='bbox 2870 5248 3171 5304; x_wconf 83' lang='lat' dir='ltr'><strong>Vaticanus</strong></span> <span class='ocrx_word' id='word_1_920' title='bbox 3199 5256 3254 5302; x_wconf 92' lang='lat' dir='ltr'><strong>et</strong></span> <span class='ocrx_word' id='word_1_921' title='bbox 3291 5247 3516 5302; x_wconf 83' lang='lat' dir='ltr'><strong>Graecus</strong></span> <span class='ocrx_word' id='word_1_922' title='bbox 3559 5245 3720 5300; x_wconf 74' lang='lat' dir='ltr'><strong>Scri-</strong></span> 
     </span>
    </p>
   </div>
   <div class='ocr_carea' id='block_1_107' title="bbox 449 5315 2007 5388">
    <p class='ocr_par' dir='ltr' id='par_1_107' title="bbox 449 5315 2007 5388">
     <span class='ocr_line' id='line_1_107' title="bbox 449 5315 2007 5388; baseline -0.002 -18"><span class='ocrx_word' id='word_1_923' title='bbox 449 5315 538 5370; x_wconf 87' lang='lat' dir='ltr'><strong>tur</strong></span> <span class='ocrx_word' id='word_1_924' title='bbox 569 5317 623 5388; x_wconf 89' lang='lat' dir='ltr'><strong>in</strong></span> <span class='ocrx_word' id='word_1_925' title='bbox 654 5317 786 5388; x_wconf 90' lang='lat' dir='ltr'><strong>edit.</strong></span> <span class='ocrx_word' id='word_1_926' title='bbox 839 5318 892 5371; x_wconf 87' lang='lat' dir='ltr'><strong>in</strong></span> <span class='ocrx_word' id='word_1_927' title='bbox 938 5317 1115 5388; x_wconf 79' lang='lat' dir='ltr'><strong>Valic.</strong></span> <span class='ocrx_word' id='word_1_928' title='bbox 1149 5315 1308 5383; x_wconf 83' lang='lat' dir='ltr'><strong>Angl.</strong></span> <span class='ocrx_word' id='word_1_929' title='bbox 1348 5327 1402 5388; x_wconf 79' lang='lat' dir='ltr'><strong>et</strong></span> <span class='ocrx_word' id='word_1_930' title='bbox 1438 5315 1661 5388; x_wconf 23' lang='lat' dir='ltr'><strong>Felcu2.</strong></span> <span class='ocrx_word' id='word_1_931' title='bbox 1704 5315 1871 5369; x_wconf 85' lang='lat' dir='ltr'><strong>Basil.</strong></span> <span class='ocrx_word' id='word_1_932' title='bbox 1907 5315 2007 5385; x_wconf 70' lang='lat' dir='ltr'><strong>ejus</strong></span> 
     </span>
    </p>
   </div>
   <div class='ocr_carea' id='block_1_108' title="bbox 2114 5315 3619 5388">
    <p class='ocr_par' dir='ltr' id='par_1_108' title="bbox 2134 5315 3619 5388">
     <span class='ocr_line' id='line_1_108' title="bbox 2134 5315 3619 5388; baseline -0.001 -18"><span class='ocrx_word' id='word_1_933' title='bbox 2134 5315 2306 5388; x_wconf 70' lang='lat' dir='ltr'><strong>ptume</strong></span> <span class='ocrx_word' id='word_1_934' title='bbox 2342 5327 2544 5372; x_wconf 74' lang='lat' dir='ltr'><strong>textus.</strong></span> <span class='ocrx_word' id='word_1_935' title='bbox 2580 5319 2719 5373; x_wconf 87' lang='lat' dir='ltr'><strong>Edili</strong></span> <span class='ocrx_word' id='word_1_936' title='bbox 2750 5329 2804 5373; x_wconf 89' lang='lat' dir='ltr'><strong>et</strong></span> <span class='ocrx_word' id='word_1_937' title='bbox 2836 5320 2948 5378; x_wconf 88' lang='lat' dir='ltr'><strong>alii,</strong></span> <span class='ocrx_word' id='word_1_938' title='bbox 2979 5319 3072 5372; x_wconf 87' lang='grc' dir='ltr'><strong>τοῦ</strong></span> <span class='ocrx_word' id='word_1_939' title='bbox 3099 5320 3233 5371; x_wconf 85' lang='grc' dir='ltr'>Θεοῦ</span> <span class='ocrx_word' id='word_1_940' title='bbox 3266 5319 3357 5371; x_wconf 79' lang='grc' dir='ltr'><strong>καὶ</strong></span> <span class='ocrx_word' id='word_1_941' title='bbox 3387 5318 3619 5388; x_wconf 81' lang='grc' dir='ltr'>Πατρός.</span> 
     </span>
    </p>
   </div>
   <div class='ocr_carea' id='block_1_109' title="bbox 450 5385 2007 5459">
    <p class='ocr_par' dir='ltr' id='par_1_109' title="bbox 450 5385 1702 5459">
     <span class='ocr_line' id='line_1_109' title="bbox 450 5385 1702 5459; baseline -0.001 -18"><span class='ocrx_word' id='word_1_942' title='bbox 450 5390 572 5459; x_wconf 65' lang='lat' dir='ltr'><strong>loco</strong></span> <span class='ocrx_word' id='word_1_943' title='bbox 591 5387 760 5459; x_wconf 75' lang='lat' dir='ltr'><strong>habet</strong></span> <span class='ocrx_word' id='word_1_944' title='bbox 789 5388 882 5440; x_wconf 83' lang='grc' dir='ltr'><strong>τοῦ</strong></span> <span class='ocrx_word' id='word_1_945' title='bbox 913 5388 1067 5442; x_wconf 88' lang='grc' dir='ltr'>Θεοῦ.</span> <span class='ocrx_word' id='word_1_946' title='bbox 1099 5387 1209 5459; x_wconf 77' lang='lat' dir='ltr'><strong>ibid</strong></span> <span class='ocrx_word' id='word_1_947' title='bbox 1253 5387 1436 5456; x_wconf 84' lang='lat' dir='ltr'><strong>Angl.,</strong></span> <span class='ocrx_word' id='word_1_948' title='bbox 1473 5385 1702 5454; x_wconf 84' lang='grc' dir='ltr'>λυπῆτε.</span> 
     </span>
    </p>
   </div>
   <div class='ocr_carea' id='block_1_110' title="bbox 2114 5385 3718 5459">
    <p class='ocr_par' dir='ltr' id='par_1_110' title="bbox 2137 5385 3718 5459">
     <span class='ocr_line' id='line_1_110' title="bbox 2137 5385 3718 5459; baseline 0.001 -17"><span class='ocrx_word' id='word_1_949' title='bbox 2137 5385 2148 5386; x_wconf 28' lang='grc' dir='ltr'><strong>ί</strong></span> <span class='ocrx_word' id='word_1_950' title='bbox 2207 5387 2318 5457; x_wconf 90' lang='grc'>(68)</span> <span class='ocrx_word' id='word_1_951' title='bbox 2361 5389 2416 5442; x_wconf 96' lang='lat' dir='ltr'><strong>In</strong></span> <span class='ocrx_word' id='word_1_952' title='bbox 2458 5391 2590 5444; x_wconf 91' lang='lat' dir='ltr'><strong>edit.</strong></span> <span class='ocrx_word' id='word_1_953' title='bbox 2637 5390 2810 5445; x_wconf 83' lang='lat' dir='ltr'><strong>Paris.</strong></span> <span class='ocrx_word' id='word_1_954' title='bbox 2853 5389 2945 5442; x_wconf 89' lang='grc' dir='ltr'><strong>καί</strong></span> <span class='ocrx_word' id='word_1_955' title='bbox 2975 5391 3267 5451; x_wconf 87' lang='lat' dir='ltr'><strong>omittitur,</strong></span> <span class='ocrx_word' id='word_1_956' title='bbox 3305 5389 3399 5443; x_wconf 87' lang='lat' dir='ltr'><strong>sed</strong></span> <span class='ocrx_word' id='word_1_957' title='bbox 3429 5385 3630 5459; x_wconf 79' lang='lat' dir='ltr'><strong>legitur</strong></span> <span class='ocrx_word' id='word_1_958' title='bbox 3659 5388 3718 5443; x_wconf 88' lang='lat' dir='ltr'><strong>in</strong></span> 
     </span>
    </p>
   </div>
   <div class='ocr_carea' id='block_1_111' title="bbox 527 5457 2007 5528">
    <p class='ocr_par' dir='ltr' id='par_1_111' title="bbox 527 5457 1868 5528">
     <span class='ocr_line' id='line_1_111' title="bbox 527 5457 1868 5528; baseline 0.001 -17"><span class='ocrx_word' id='word_1_959' title='bbox 527 5457 638 5528; x_wconf 83' lang='lat'><strong>(65)</strong></span> <span class='ocrx_word' id='word_1_960' title='bbox 677 5458 1032 5528; x_wconf 75' lang='lat' dir='ltr'><strong>Anglicanus,</strong></span> <span class='ocrx_word' id='word_1_961' title='bbox 1062 5458 1354 5528; x_wconf 82' lang='grc' dir='ltr'>ἐξόριστος.</span> <span class='ocrx_word' id='word_1_962' title='bbox 1571 5526 1578 5528; x_wconf 11' lang='grc' dir='ltr'>ξ</span> <span class='ocrx_word' id='word_1_963' title='bbox 1690 5523 1718 5528; x_wconf 73' lang='lat'>_</span> <span class='ocrx_word' id='word_1_964' title='bbox 1856 5525 1868 5528; x_wconf 94' lang='lat'>_</span> 
     </span>
    </p>
   </div>
   <div class='ocr_carea' id='block_1_112' title="bbox 2114 5457 2664 5528">
    <p class='ocr_par' dir='ltr' id='par_1_112' title="bbox 2135 5459 2664 5528">
     <span class='ocr_line' id='line_1_112' title="bbox 2135 5459 2664 5528; baseline 0.004 -17"><span class='ocrx_word' id='word_1_965' title='bbox 2135 5468 2253 5512; x_wconf 70' lang='lat' dir='ltr'><strong>eaet.</strong></span> <span class='ocrx_word' id='word_1_966' title='bbox 2279 5459 2413 5528; x_wconf 88' lang='lat' dir='ltr'><strong>edit.</strong></span> <span class='ocrx_word' id='word_1_967' title='bbox 2447 5468 2501 5514; x_wconf 89' lang='lat' dir='ltr'><strong>et</strong></span> <span class='ocrx_word' id='word_1_968' title='bbox 2530 5476 2664 5515; x_wconf 91' lang='lat' dir='ltr'><strong>mss.</strong></span> 
     </span>
    </p>
   </div>
   <div class='ocr_carea' id='block_1_113' title="bbox 525 5521 3715 5600">
    <p class='ocr_par' dir='ltr' id='par_1_113' title="bbox 525 5521 3715 5600">
     <span class='ocr_line' id='line_1_113' title="bbox 525 5521 3715 5600; baseline 0.001 -19"><span class='ocrx_word' id='word_1_969' title='bbox 525 5521 782 5600; x_wconf 60' lang='grc' dir='ltr'><strong>(δεδείέ</strong></span> <span class='ocrx_word' id='word_1_970' title='bbox 803 5521 1120 5590; x_wconf 82' lang='lat' dir='ltr'><strong>Vaticanus,</strong></span> <span class='ocrx_word' id='word_1_971' title='bbox 1155 5521 1401 5600; x_wconf 5' lang='lat' dir='ltr'><strong>Bpasiltct</strong></span> <span class='ocrx_word' id='word_1_972' title='bbox 1426 5526 1636 5600; x_wconf 64' lang='lat' dir='ltr'><strong>Anglic.</strong></span> <span class='ocrx_word' id='word_1_973' title='bbox 1679 5523 1871 5600; x_wconf 64' lang='lat' dir='ltr'><strong>Caneri</strong></span> <span class='ocrx_word' id='word_1_974' title='bbox 1898 5540 2026 5600; x_wconf 82' lang='lat' dir='ltr'><strong>vero</strong></span> <span class='ocrx_word' id='word_1_975' title='bbox 2205 5527 2320 5600; x_wconf 77' lang='lat'><strong>(69)</strong></span> <span class='ocrx_word' id='word_1_976' title='bbox 2362 5530 2460 5584; x_wconf 88' lang='grc' dir='ltr'>Διά</span> <span class='ocrx_word' id='word_1_977' title='bbox 2506 5529 2660 5585; x_wconf 90' lang='lat' dir='ltr'><strong>deest</strong></span> <span class='ocrx_word' id='word_1_978' title='bbox 2694 5532 2748 5584; x_wconf 89' lang='lat' dir='ltr'><strong>in</strong></span> <span class='ocrx_word' id='word_1_979' title='bbox 2794 5530 2926 5586; x_wconf 89' lang='lat' dir='ltr'><strong>edit.</strong></span> <span class='ocrx_word' id='word_1_980' title='bbox 2955 5529 3246 5594; x_wconf 84' lang='lat' dir='ltr'><strong>Commel.,</strong></span> <span class='ocrx_word' id='word_1_981' title='bbox 3288 5529 3381 5600; x_wconf 88' lang='lat' dir='ltr'><strong>sed</strong></span> <span class='ocrx_word' id='word_1_982' title='bbox 3422 5528 3623 5597; x_wconf 79' lang='lat' dir='ltr'><strong>legitur</strong></span> <span class='ocrx_word' id='word_1_983' title='bbox 3654 5529 3715 5584; x_wconf 87' lang='lat' dir='ltr'><strong>in</strong></span> 
     </span>
    </p>
   </div>
   <div class='ocr_carea' id='block_1_114' title="bbox 454 5597 3564 5673">
    <p class='ocr_par' dir='ltr' id='par_1_114' title="bbox 454 5597 3564 5673">
     <span class='ocr_line' id='line_1_114' title="bbox 454 5597 3564 5673; baseline 0 -20"><span class='ocrx_word' id='word_1_984' title='bbox 454 5610 506 5673; x_wconf 85' lang='lat' dir='ltr'><strong>et</strong></span> <span class='ocrx_word' id='word_1_985' title='bbox 535 5597 704 5673; x_wconf 51' lang='lat' dir='ltr'><strong>editi,</strong></span> <span class='ocrx_word' id='word_1_986' title='bbox 732 5613 820 5652; x_wconf 71' lang='grc' dir='ltr'><strong>και</strong></span> <span class='ocrx_word' id='word_1_987' title='bbox 853 5617 1143 5673; x_wconf 65' lang='grc' dir='ltr'>οιαιρεσεις</span> <span class='ocrx_word' id='word_1_988' title='bbox 1184 5598 1261 5650; x_wconf 79' lang='grc' dir='ltr'>δέ.</span> <span class='ocrx_word' id='word_1_989' title='bbox 1282 5598 1449 5673; x_wconf 74' lang='lat' dir='ltr'><strong>_Mox,</strong></span> <span class='ocrx_word' id='word_1_990' title='bbox 1498 5597 1663 5673; x_wconf 49' lang='lat' dir='ltr'><strong>tias“.</strong></span> <span class='ocrx_word' id='word_1_991' title='bbox 1696 5605 1749 5673; x_wconf 76' lang='lat' dir='ltr'><strong>et</strong></span> <span class='ocrx_word' id='word_1_992' title='bbox 1786 5597 2023 5673; x_wconf 49' lang='lat' dir='ltr'><strong>Anglic”</strong></span> <span class='ocrx_word' id='word_1_993' title='bbox 2137 5597 2360 5670; x_wconf 83' lang='lat' dir='ltr'><strong>reliquis</strong></span> <span class='ocrx_word' id='word_1_994' title='bbox 2380 5610 2432 5657; x_wconf 85' lang='lat' dir='ltr'><strong>ct</strong></span> <span class='ocrx_word' id='word_1_995' title='bbox 2463 5601 2519 5656; x_wconf 92' lang='lat' dir='ltr'><strong>in</strong></span> <span class='ocrx_word' id='word_1_996' title='bbox 2549 5603 2907 5673; x_wconf 84' lang='lat' dir='ltr'><strong>manuscript.</strong></span> <span class='ocrx_word' id='word_1_997' title='bbox 2945 5601 3118 5657; x_wconf 76' lang='lat' dir='ltr'><strong>Vatic.</strong></span> <span class='ocrx_word' id='word_1_998' title='bbox 3153 5601 3318 5657; x_wconf 88' lang='lat' dir='ltr'><strong>Basil.</strong></span> <span class='ocrx_word' id='word_1_999' title='bbox 3349 5599 3564 5669; x_wconf 86' lang='lat' dir='ltr'><strong>Anglic.</strong></span> 
     </span>
    </p>
   </div>
   <div class='ocr_carea' id='block_1_115' title="bbox 454 5667 2026 5738">
    <p class='ocr_par' dir='ltr' id='par_1_115' title="bbox 454 5667 2026 5738">
     <span class='ocr_line' id='line_1_115' title="bbox 454 5667 2026 5738; baseline -0.001 -17"><span class='ocrx_word' id='word_1_1000' title='bbox 454 5672 485 5727; x_wconf 88' lang='lat'><strong>6</strong></span> <span class='ocrx_word' id='word_1_1001' title='bbox 537 5668 594 5722; x_wconf 80' lang='grc' dir='ltr'>δὲ</span> <span class='ocrx_word' id='word_1_1002' title='bbox 647 5669 808 5734; x_wconf 74' lang='grc' dir='ltr'>αὐτὸς</span> <span class='ocrx_word' id='word_1_1003' title='bbox 847 5667 1068 5738; x_wconf 76' lang='grc' dir='ltr'>Κύριος.</span> <span class='ocrx_word' id='word_1_1004' title='bbox 1101 5669 1295 5725; x_wconf 65' lang='lat' dir='ltr'><strong>Cameri</strong></span> <span class='ocrx_word' id='word_1_1005' title='bbox 1333 5679 1385 5724; x_wconf 85' lang='lat' dir='ltr'><strong>ct</strong></span> <span class='ocrx_word' id='word_1_1006' title='bbox 1449 5668 1599 5730; x_wconf 86' lang='lat' dir='ltr'><strong>editi,</strong></span> <span class='ocrx_word' id='word_1_1007' title='bbox 1659 5667 1747 5720; x_wconf 79' lang='grc' dir='ltr'><strong>καὶ</strong></span> <span class='ocrx_word' id='word_1_1008' title='bbox 1793 5669 1818 5719; x_wconf 86' lang='lat'><strong>6</strong></span> <span class='ocrx_word' id='word_1_1009' title='bbox 1866 5667 2026 5725; x_wconf 70' lang='grc' dir='ltr'>αὐτὸς</span> 
     </span>
    </p>
   </div>
  </div>
