3890 6186
229 210 315 331 SS
910 224 999 281 DE
1035 229 1353 291 COMMUNI
1387 235 1724 297 ESSENTIA
1762 243 2013 305 PATRIS
2050 250 2148 307 ΕΤ
2174 253 2329 310 FILII
2369 256 2455 312 ET
2497 260 2675 323 SPIR.
2704 263 2762 320 S.
3445 275 3514 331 ει

227 328 626 461 ἒεῗῗσῗηῗς
655 338 892 461 Elicuit;
919 345 1176 461 Περιτοῦ
1204 351 1336 461 Υίοῦ
1375 356 1455 409 ὲκι
1479 359 1579 428 τῆς
1611 376 1818 432 προφη-

1932 368 2115 436 phetia
2154 371 2305 432 Isaiae
2326 415 2342 441 ,
2377 376 2581 436 Paulus
2612 380 2750 436 dixit
2778 402 2791 437 :
2827 403 2846 436 ι
2876 384 3142 455 Quoniam
3172 404 3237 444 ex
3272 390 3427 461 ipso,
3459 404 3514 448 et

229 422 392 518 τείας
428 424 657 482 Ἡσαΐου
707 433 922 500 Παῦλος
953 435 1105 495 εἶπεν
1125 460 1139 473 ’
1181 462 1203 496 ι
1244 445 1367 500 Ὅτι
1408 449 1467 516 ἐξ
1514 422 1703 518 αὑτοῦ,
1734 422 1832 509 Ᾰεὲιι

228 511 299 615 ῦΰ
324 515 527 615 αὑτοῦ,
544 523 641 575 καὶ
668 526 749 589 εἰς
778 528 944 583 αὑτὸν
974 533 1042 586 τὰ
1074 536 1273 593 πάντα.
1312 558 1331 590 3
1365 542 1428 595 Εἰ
1450 511 1527 596 *δὲ
1559 511 1832 615 ἀντιλέγει

228 608 575 709 ἀναίρετυώς
619 615 699 687 τῷ
736 620 915 693 Πατρὶ
957 625 1036 696 τῷ
1072 629 1194 700 Θεῷ
1235 631 1485 705 λελέχθαι
1530 638 1651 709 τὴν,
1691 657 1710 690 ι
1756 608 1831 694 ’δι’

227 689 318 799 οξ,
341 705 630 799 ὶξωνὴν,
663 689 896 779 πρέπειν
925 689 1088 770 δώσει
1117 689 1230 791 (ίο)
1269 689 1501 797 καὶῧτὴν
1673 689 1831 795 ἀξίαν

227 789 322 892 τῷ.
341 791 459 865 Υίῷ
478 813 494 827 ·
524 801 621 892 διαὶ
653 803 815 857 πάλιν
858 789 1178 877 Ἐφεσίοιςηὸ
1219 789 1544 882 Ἀπόστολος
1565 835 1580 850 ⁸
1674 789 1832 892 ’λέλη-

230 881 483 977 θεῦοντες
537 890 597 944 δὲ
646 894 703 946 ὲν
756 898 984 973 ἀγάπῃ,
1030 903 1360 977 αὐξήσωμεν
1410 910 1490 973 είς
1526 881 1714 964 αὐτὸν
1760 881 1830 965 τὶι

231 975 436 1073 ταντα,
471 980 536 1046 ἐξ
565 978 629 1036 οὗ
657 987 766 1040 πᾶν
792 989 854 1043 τὸ
872 991 1163 1066 (71)σῶμα
1181 975 1777 1073 συναρμολογούμενον,
1804 1022 1823 1054 3

229 1067 327 1164 ita).
370 1071 443 1125 τὰ
484 1074 636 1146 ἑξῆς.
681 1080 794 1134 Kal.
832 1082 972 1154 πρὸς
1030 1067 1370 1156 Κολοσσαεές-
1389 1067 1529 1164 πρὸς
1564 1067 1692 1158 τοὺς
1722 1067 1824 1148 οὐκ

226 1162 453 1256 έχοντας
482 1169 584 1238 τὴν
609 1170 813 1237 γνῶσιν
839 1175 933 1228 τοῦ
963 1177 1301 1249 Μονογενοῦς
1351 1162 1569 1256 εἴρηται
1590 1203 1603 1216 ν
1639 1204 1659 1238 ι
1697 1189 1822 1243 Ὀτι
1862 1200 1865 1203 “

224 1254 258 1305 6
282 1257 509 1346 κρατῶν
533 1259 636 1330 τὴν
660 1262 923 1336 κεφαλὴν,
950 1285 971 1318 3
995 1269 1240 1323 τουτέστι
1255 1272 1347 1327 τὸν
1365 1254 1625 1346 Χριστὸν,
1645 1297 1663 1329 t
1689 1278 1750 1346 ἐξ
1766 1273 1827 1335 οὗ

224 1345 338 1439 παν
380 1346 444 1399 τὸ
491 1348 657 1421 σῶμα
694 1352 785 1407 διὰ
805 1354 914 1409 τῶν
959 1358 1133 1426 ἁφῶν,
1164 1361 1262 1416 καὶ
1308 1345 1820 1439 τῶνσυνδέσμωνρ

224 1438 321 1491 καὶ
348 1439 418 1492 τὰ
455 1440 619 1511 ἑξῆς·
658 1445 755 1499 καὶ
774 1447 858 1513 τὸ,
887 1468 908 1501 ι
956 1451 1050 1504 Ἐκ
1100 1451 1196 1505 τοῦ
1248 1454 1612 1528 πληρώματος
1650 1438 1825 1515 αὐτοῦ

220 1532 389 1602 ἡμεῖς
413 1535 621 1601 πάντες
646 1538 934 1611 ἐλάϐομεν.
972 1560 993 1594 3
1023 1545 1135 1598 Καὶ
1161 1546 1325 1611 αὐτὸς
1359 1550 1388 1602 6
1415 1550 1620 1623 Κύριος
1642 1552 1823 1625 λέγει’

227 1642 257 1676 ι
284 1626 412 1679 Ὅτι
443 1630 512 1682 ὲκ
556 1629 652 1683 τοῦ
698 1632 835 1703 ἐμοῦ
868 1633 1118 1706 λήψεται,
1153 1640 1251 1693 καὶ
1291 1642 1584 1711 ἀναγγελεῖ
1612 1646 1761 1716 ὕμέν.
1797 1665 1818 1699 3

223 1717 335 1770 Καὶ
374 1718 543 1772 πάλιν
586 1720 775 1790 λέγει’
810 1742 831 1775 ι
878 1726 1091 1794 Ἐγνων
1134 1727 1365 1801 δύναμιν
1408 1732 1727 1801 ἐξελθοῦσαν
1762 1737 1822 1804 ἐξ
1855 1719 1900 1780 Β

220 1810 383 1881 ἐμοῦ.
428 1831 450 1864 3
510 1814 648 1886 Περὶ
689 1814 785 1868 τοῦ
812 1817 1162 1889 Πνεῦματος·
1195 1839 1215 1873 ι
1265 1822 1327 1876 '0
1360 1825 1601 1896 σπείρων
1641 1831 1721 1892 είς
1760 1831 1820 1883 τὸ

222 1904 451 1974 Πνεῦμα
481 1906 550 1959 ὲκ
593 1906 689 1960 τοῦ
721 1909 1040 1980 Πνεῦματος
1085 1912 1292 1987 θερίσει
1326 1914 1472 1988 ζωὴν
1513 1918 1753 1976 αἰώνιον.
1794 1941 1812 1974 3

221 1996 339 2050 Καὶ
373 1999 405 2051 6
448 1998 704 2071 Ἰωάννης
732 2002 922 2072 φησίνο
955 2021 975 2054 ι
1017 2005 1105 2057 Ἐν
1139 2005 1314 2076 τούτῳ
1337 2007 1704 2082 γινώσκομεν,
1735 2013 1818 2067 ὅτι

222 2086 283 2140 ἑν
325 2088 461 2158 ἡμῖν
491 2090 644 2143 ἐστιν
690 2093 720 2145 6
760 2091 914 2157 Θεὸς,
945 2094 1011 2146 ὲκ
1053 2093 1148 2148 τοῦ
1182 2095 1499 2168 Πνεύματος
1533 2101 1723 2169 αὐτοῦ,
1756 2097 1817 2159 οὗ

221 2175 427 2231 ἔδωκεν
470 2179 628 2248 ἡμῖν.
676 2198 695 2230 3
729 2181 842 2234 Καὶ
887 2184 916 2234 6
948 2182 1180 2252 ἄγγελος
1212 2183 1397 2254 λέγει·
1436 2205 1456 2239 ι
1496 2190 1571 2243 Τὸ
1605 2191 1717 2264 γὰρ
1757 2195 1817 2247 ὲν

219 2269 364 2339 αὐτῇ
392 2269 655 2341 γεννηθὲν
682 2273 748 2324 ἐκ
794 2273 1113 2345 Πνεῦματός
1145 2278 1294 2331 ἐστιν
1338 2279 1516 2347 ἁγίου.
1552 2301 1572 2334 3
1620 2283 1678 2336 Ὀ
1701 2284 1817 2337 Κύ-

223 2359 344 2431 ριός
391 2377 560 2430 φησι·
602 2380 622 2412 ι
663 2363 737 2416 Τὸ
787 2366 1189 2438 γεγεννημένον
1232 2370 1297 2423 ὲκ
1346 2370 1441 2423 τοῦ
1491 2376 1810 2444 πνεύματος

222 2446 451 2517 πνεῦμά
490 2449 662 2503 ἐστιν.
715 2470 736 2504 3
771 2453 835 2505 El
874 2452 935 2506 δὲ
964 2454 1043 2520 τὸ,
1079 2474 1099 2507 ι
1135 2458 1194 2525 ἐξ
1235 2452 1320 2524 οὗ,
1371 2480 1391 2513 3
1440 2463 1817 2532 ὲπιτάττοντός

222 2537 365 2603 ἐστι,
394 2540 646 2594 τουτέστι
680 2542 777 2596 τοῦ
823 2544 1060 2617 Πατρδς,
1099 2547 1201 2602 ποῦ
1244 2567 1329 2614 τις
1359 2552 1518 2623 θήσει
1559 2553 1642 2619 τὸ,
1688 2574 1707 2606 ι
1742 2559 1817 2611 Οὐ

1935 476 2033 530 per
2061 463 2276 534 ipsum,
2312 477 2366 523 et
2396 469 2451 524 in
2483 472 2604 542 ipso
2636 474 2819 535 omnia
2854 478 2923 533 ⁸³.
2951 497 2968 530 3
2993 479 3150 545 Quod
3185 481 3232 536 si
3263 482 3351 538 hic
3381 499 3516 539 con-

1931 555 2170 611 tradicat
2219 558 2544 629 haereticus,
2597 574 2649 621 et
2694 567 2764 624 de
2814 569 2926 625 Deo
2977 570 3139 629 Patre
3176 575 3317 640 hoc,
3368 592 3515 648 «per

1931 660 2130 714 quem,
2160 668 2178 700 3
2206 654 2622 719 pronuntiatum
2665 657 2847 722 dicat,
2884 663 3150 718 concedat
3187 672 3370 719 tamen
3413 681 3513 721 ne-

1930 751 2086 795 cesse
2115 747 2235 808 est,
2270 745 2533 813 aequalem
2576 746 2898 818 dignitatem
2944 754 3346 810 attribuendam
3388 773 3513 813 esse

1929 827 2091 887 Filio.
2133 833 2337 889 lterum
2376 836 2672 907 Apostolus
2711 842 2779 897 ad
2808 842 3075 915 Ephesios
3106 868 3118 902 :
3148 847 3416 909 «Veraces
3453 856 3511 912 in

1928 921 2221 981 dilectione
2261 943 2617 991 crescamus.
2658 933 2714 988 in
2755 952 2879 990 eum
2917 953 3014 1007 per
3044 941 3263 1009 omnia,
3296 959 3363 999 ex
3402 962 3512 1017 quo

1931 1021 2103 1070 totum
2137 1032 2343 1089 corpus
2373 1032 2685 1094 coaptatum
2720 1027 2786 1092 ⁸³,
2819 1048 2837 1080 3
2865 1036 2973 1084 etc.
3001 1031 3083 1084 Ad
3112 1031 3472 1094 Colossenses
3492 1078 3512 1105 ,

1928 1107 1998 1163 iis
2020 1148 2035 1173 ,
2062 1109 2157 1179 qui
2184 1126 2292 1166 non
2324 1113 2528 1171 habent
2554 1118 2801 1173 notitiam
2836 1119 3113 1191 Unigeniti
3141 1125 3349 1181 dictum
3377 1138 3465 1185 est
3492 1150 3507 1186 :

1934 1217 1954 1251 ι
1971 1199 2127 1266 Quod
2153 1204 2247 1273 qui
2274 1213 2438 1274 caput
2461 1216 2605 1265 tenet
2624 1250 2639 1273 ,
2668 1230 2687 1263 3
2712 1211 2764 1266 id
2790 1221 2904 1279 est,
2931 1212 3208 1271 Christum
3231 1260 3245 1282 ,
3270 1237 3289 1269 ι
3312 1235 3377 1275 ex
3401 1237 3511 1293 quo

1926 1300 2103 1348 totum
2142 1312 2345 1366 corpus
2385 1315 2482 1369 per
2520 1319 2695 1360 nexus
2735 1314 2788 1361 et
2826 1307 3243 1377 coniunctiones
3269 1312 3334 1378 “,
3360 1323 3506 1372 3etc.

1925 1384 2024 1438 Et:
2049 1403 2069 1436 ι
2096 1385 2171 1444 De
2200 1391 2541 1458 plenitudine
2567 1396 2687 1465 ejus
2716 1414 2818 1453 nos
2842 1414 3035 1457 omnes
3060 1403 3373 1473 accepimus
3400 1406 3504 1464 ".3

1926 1473 2072 1540 Quin
2102 1485 2157 1533 et
2188 1480 2307 1551 ipse
2336 1482 2602 1541 Dominus
2632 1489 2707 1542 ait
2737 1507 2791 1542 τι
2817 1488 3087 1555 Quoniam
3118 1492 3187 1548 de
3217 1509 3339 1550 meo
3364 1497 3510 1552 acci-

1924 1565 2124 1636 piet,et
2159 1574 2508 1631 annuntiabit
2534 1578 2690 1634 vobis
2717 1580 2783 1633 '5.
2810 1600 2829 1631 3
2851 1579 2917 1635 Et
2946 1597 3139 1638 rursus
3168 1603 3182 1637 :
3207 1603 3224 1635 ι
3244 1583 3379 1641 Novi
3405 1587 3509 1641 vir-

1926 1663 2098 1714 tutem
2131 1662 2200 1717 de
2227 1678 2314 1720 me
2342 1667 2523 1723 exisse
2555 1669 2621 1725 ".
2652 1689 2669 1721 3
2700 1670 2776 1726 De
2809 1670 3015 1743 Spiritu
3043 1691 3055 1727 :
3082 1692 3101 1725 ι
3126 1674 3232 1742 Qui
3268 1676 3507 1731 seminat

1930 1748 1983 1801 in
2017 1747 2256 1820 Spiritu,
2288 1763 2455 1812 metet
2485 1759 2541 1813 in
2570 1758 2780 1830 Spiritu
2809 1763 2977 1817 vitam
3008 1772 3266 1825 aeternam
3298 1766 3364 1817 ⁸⁸.
3390 1786 3408 1816 3
3438 1764 3505 1819 Et

1924 1836 2165 1897 Joannes
2198 1843 2419 1916 inquit:
2455 1867 2472 1899 ι
2499 1848 2557 1904 1η
2593 1852 2698 1907 hoc
2731 1855 3153 1924 cognoscimus,
3175 1856 3319 1926 quod
3361 1854 3505 1913 Deus

1926 1930 1983 1985 in
2011 1932 2174 1989 nobis
2204 1936 2311 2003 sit,
2340 1954 2406 1994 ex
2436 1939 2641 2012 Spiritu
2669 1944 2789 2013 ejus
2824 1961 2984 2015 quem
3035 1944 3186 2005 dedit
3213 1947 3371 2003 nobis
3397 1947 3498 2003 ".3

1923 2020 1992 2076 Et
2028 2025 2257 2095 angelus
2295 2030 2405 2085 ait:
2431 2051 2450 2083 ι
2477 2031 2635 2100 Quod
2679 2037 2826 2089 enim
2866 2046 3055 2091 natum
3087 2037 3147 2093 in
3172 2053 3237 2092 ea
3276 2044 3396 2106 est,
3435 2053 3505 2094 ex

1925 2109 2136 2182 Spiritu
2162 2125 2358 2173 sancto
2384 2127 2471 2177 est
2507 2123 2626 2178 “.‘3
2659 2121 2783 2194 Ipse
2818 2140 3053 2197 quoque,
3077 2126 3343 2184 Dominus
3378 2127 3457 2183 ait
3484 2147 3501 2184 :

1926 2219 1945 2252 ι
1966 2202 2123 2268 Quod
2150 2215 2338 2263 natum
2363 2217 2450 2267 est
2490 2227 2557 2268 ex
2600 2214 2792 2284 spiritu
2814 2253 2830 2279 ,
2858 2215 3086 2286 spiritus
3109 2226 3192 2274 est
3214 2218 3278 2272 ⁶¹.
3305 2237 3323 2271 3
3345 2216 3504 2284 Quod

1922 2296 1966 2350 si
1994 2296 2128 2352 illud
2152 2338 2167 2361 ,
2193 2316 2213 2351 ι
2237 2315 2303 2356 ex
2334 2318 2474 2373 quo,
2496 2323 2514 2356 3
2535 2306 2856 2376 imperantis
2883 2317 2996 2371 est,
3023 2309 3128 2363 hoc
3152 2316 3265 2373 est,
3296 2308 3500 2373 Patris,

1919 2400 2066 2454 quo,
2103 2404 2326 2460 quaeso,
2359 2395 2494 2451 illud
2536 2398 2741 2454 refert:
2773 2417 2791 2451 ι
2822 2399 2939 2455 Non
2965 2399 3145 2457 factus
3188 2407 3273 2459 est
3309 2402 3395 2458 vir
3432 2417 3500 2459 es

1920 2476 2186 2547 muliere,
2236 2482 2331 2538 sed
2383 2486 2579 2542 mulier
2605 2505 2671 2544 ex
2705 2491 2826 2545 viro
2855 2492 2901 2523 ⁸¹
2927 2493 2951 2546 ?
2978 2511 2996 2544 3
3032 2492 3115 2548 An
3169 2494 3377 2549 scilicet
3409 2494 3502 2551 hic

1920 2564 2091 2623 Deum
2123 2573 2302 2629 virum
2335 2579 2777 2648 appellabimus?
2805 2596 2811 2601 ·

220 2632 451 2701 γέγονεν
497 2634 635 2707 ἀνὴρ
670 2638 736 2689 ἐκ
763 2638 1041 2705 γυναικὸς,
1070 2640 1186 2694 ἀλλ’
1215 2644 1250 2714 ἡ
1283 2646 1423 2719 γυνὴ
1448 2647 1508 2714 ἐξ
1538 2648 1731 2721 ἀνδρός
1753 2668 1767 2717 ;
1792 2672 1812 2705 ι
1854 2650 1997 2730 ’Ἄρα
2027 2662 2138 2735 (72)
2175 2668 2268 2722 τδν
2288 2632 2466 2744 ἀνέρῖ
2487 2632 2871 2746 asiam-im
2891 2692 2917 2743 ς,

222 2789 320 2878 21⁷)ἒ
359 2792 494 2878 ’ρτι
521 2795 898 2878 Πατρός-,ικαὶ
926 2800 1082 2878 Υἱοῦ,
1110 2819 1211 2878 καἴ
1250 2804 1426 2873 αγίου
1459 2809 1821 2878 λΠνεύματός

293 2863 433 2945 ἐστι
460 2880 595 2945 τινα
631 2868 804 2922 κοινὰ
824 2863 1098 2945 Δὀνόματα
1114 2912 1128 2936 ,
1176 2863 1383 2945 ὼο-ιὶερ
1412 2876 1498 2939 τὸ,
1529 2863 1692 2945 Θεὸξὲ,
1729 2863 1819 2945 τί,

570 2935 792 3005 Ἄγιος,
824 2934 1089 3009 Ἀγὰθὸς,
1110 2934 1375 3014 Πνεῦμᾰ,
1398 2934 1666 3005 autin
1680 2934 1825 3005 ’τινά

1925 2830 2013 2885 23.
2060 2830 2276 2895 Patris,
2307 2832 2469 2896 Filii,
2509 2845 2559 2888 et
2603 2833 2839 2903 Spiritus
2880 2836 3058 2890 sancti
3100 2851 3212 2889 esse
3255 2833 3498 2904 quaedam

1996 2905 2583 2975 communiajtomina‘,
2615 2906 2797 2975 qualia
2825 2916 2947 2960 sunt
2985 2905 3127 2960 Deus
3150 2945 3164 2969 ,
3196 2904 3454 2959 Dominus
3476 2945 3494 2970 ,

1996 2974 2224 3030 Sanctus
2244 3014 2259 3040 ,
2291 2973 2502 3043 Bonus,
2533 2973 2763 3045 Spiritus
2785 3016 2800 3041 ,
2831 2985 2880 3030 et
2907 2975 3025 3030 alia
3051 2977 3327 3030 nonnulla.

306 3137 434 3191 Ἐπὶ
463 3139 633 3193 ποσὸν
656 3137 751 3195 οὖν
769 3143 828 3196 ὲν
852 3145 1099 3229 περινοίᾳ
1127 3147 1403 3216 γενέσθαι,
1435 3147 1661 3220 Πνεῦμα
1685 3149 1817 3204 ὠνό-

1989 3168 2273 3236 Quatenus
2318 3170 2483 3243 igitur
2531 3178 2617 3228 est
2656 3172 2987 3243 cogitatione
3034 3176 3088 3227 et
3134 3168 3495 3240 intelligentia

222 3242 433 3299 μσται
451 3246 466 3259 υ
500 3229 597 3294 ὠς,
627 3250 647 3282 ι
688 3226 913 3304 Πνεῦμα
939 3236 968 3286 6
993 3236 1144 3300 Θεὸς,
1174 3239 1269 3292 καὶ
1296 3240 1422 3303 τοὺς
1445 3241 1815 3311 προσκυνοῦν-

217 3335 321 3383 τας
351 3321 529 3391 αὐτῷ,
559 3323 621 3377 ἐν
652 3323 925 3395 πνεύματι
961 3328 1055 3380 καὶ
1077 3327 1305 3402 ἀληθείᾳ
1332 3330 1414 3384 δεῖ
1430 3335 1809 3403 προσκυνεῖν.»

219 3412 334 3465 Καὶ
381 3413 551 3467 πάλιν
602 3415 731 3487 περὶ
777 3416 874 3471 τοῦ
927 3418 1095 3472 Υίοῦο
1159 3439 1177 3470 ι
1229 3421 1457 3493 Πνεῦμα
1517 3423 1814 3496 προσώπου

217 3507 383 3577 ἡμῶν
410 3506 653 3573 Χριστὸς
685 3508 903 3582 Κύριος.
946 3530 965 3563 3
999 3512 1187 3580 Ἀγιος
1216 3515 1244 3566 6
1272 3514 1484 3586 Πατὴρ,
1530 3515 1624 3568 καὶ
1662 3515 1817 3585 ἅγιος

216 3596 249 3649 6
274 3596 429 3663 Υἱὸς,
461 3598 527 3650 τὸ
553 3598 613 3651 δὲ
662 3599 891 3671 Πνεῦμα
936 3602 1033 3672 οὐχ
1078 3603 1442 3674 ἁγιαζόμενόν
1486 3608 1654 3670 ἐστιν,
1699 3607 1814 3661 ἀλλ’

217 3685 455 3755 ἁγιάζον
475 3704 492 3717 ·
528 3687 753 3755 ἀγαθὸν,
786 3689 862 3753 ὼς
888 3690 1093 3758 ἀγαθὸς
1121 3694 1149 3745 6
1188 3693 1398 3764 Πατὴρ,
1440 3696 1535 3749 καὶ
1560 3697 1589 3747 6
1627 3698 1692 3749 ὲκ
1719 3696 1814 3749 τοῦ

217 3776 433 3846 ἀγαθοῦ
477 3776 681 3845 ἀγαθὸς
711 3778 992 3849 γεννηθεὶς
1032 3779 1160 3843 Υἱός
1184 3797 1198 3810 ·
1231 3781 1387 3845 eoos;
1421 3782 1645 3855 Πνεῦμα
1679 3783 1813 3855 (75),

217 3868 298 3934 ὦς
330 3856 500 3933 εειθᾷ
521 3868 727 3938 Κύριος
751 3871 780 3922 6
807 3868 939 3933 Θεὸς
970 3870 1148 3941 ἡμῶν,
1167 3871 1247 3943 τῷ
1268 3868 1409 3927 εἶναι
1434 3874 1813 3947 αὐτοαλήθεια,

218 3960 561 4033 δικαιοσύνη.
580 3960 669 4014 διὰ
697 3961 760 4014 τὺ
781 3962 1168 4035 ἄτρεπτονςτῆς
1198 3965 1382 4029 οὐσίας
1402 3982 1415 3996 ⁸
1434 3967 1813 4038 Παράκλητος,

221 4051 299 4115 ὡς
346 4052 681 4122 μονογενής·
724 4051 867 4105 κατὰ
908 4050 1001 4105 τό·
1055 4069 1074 4102 ι
1124 4052 1265 4121 Ἐγὼ
1314 4054 1682 4125 παρακαλέσω
1722 4057 1814 4112 τὸν

222 4144 449 4212 Πατέρα
505 4160 632 4214 μου,
676 4145 773 4197 καὶ
819 4143 978 4199 ἄλλον
1021 4145 1379 4217 Παράκλητον
1408 4146 1571 4200 δώσει
1600 4148 1749 4220 ὑμῖν.
1790 4170 1810 4202 3

221 4234 410 4289 Οὕτω
440 4234 623 4289 κοινὸν
651 4235 713 4289 τὺ
754 4235 925 4307 ὄνομα
971 4236 1108 4308 πρὸς
1160 4237 1380 4309 Πατέρα
1419 4238 1516 4293 καὶ
1583 4238 1709 4294 Υίὸν
1736 4240 1816 4312 τῷ

222 4326 529 4398 Πνεύματι,
575 4328 644 4380 ὲκ
666 4326 770 4399 τῆς
806 4327 948 4380 κατὰ
981 4327 1144 4396 φύσιν
1173 4328 1456 4393 κοινωνίας
1491 4331 1586 4385 καὶ
1615 4332 1814 4386 οίκειό-

222 4435 385 4491 τητος
425 4421 462 4488 ἡ
504 4419 846 4490 προσηγορία
876 4419 1083 4479 τούτων
1118 4420 1343 4491 ἥνωται.
1375 4420 1548 4475 Πόθεν
1572 4423 1680 4495 γὰρ
1715 4424 1810 4478 ἄλ-

222 4511 401 4575 λοθεν,
435 4510 603 4564 πάλιν
643 4512 996 4582 ἡγεμονικὸν,
1050 4510 1211 4565 πάλιν
1254 4514 1479 4586 Πνεῦμα
1534 4514 1813 4585 ἀληθείας,
1844 4499 1895 4559 Ῐ)

224 4600 392 4655 πάλιν
423 4599 654 4671 Πνεῦμα
684 4600 877 4670 σοφίας
902 4600 1244 4672 ὠνόμασταις

220 4735 314 4795 24.
382 4735 507 4787 Ὅτι
557 4734 676 4788 ὅσα
721 4739 754 4789 ὁ
804 4734 1300 4807 Χριστός-ποιεῖ,
1335 4736 1432 4790 καὶ
1518 4736 1585 4790 τὸ
1641 4738 1814 4807 ἄτιον

724 4804 968 4875 Πνεῦμα
1004 4805 1116 4877 (74)
1136 4804 1322 4859 ποιεῖ.
1372 4862 1381 4870 ,

308 4925 698 4997 Ἔνεργήματα
725 4921 1029 4991 δυνάμεων,
1061 4922 1378 4994 χαρίσματα
1407 4924 1672 4993 ἰαμάτων.
1713 4926 1813 4979 Διὰ

220 5020 320 5075 τοῦ
349 5017 677 5089 Πνεῦματος
714 5016 871 5087 ἁγίου
899 5015 1153 5087 δαίμονες
1188 5015 1591 5086 ἀπηλαύνοντο·
1638 5019 1697 5071 ὲν
1738 5017 1817 5088 τῷ

300 5175 347 5206 ⁶¹
372 5171 539 5225 Rom.
558 5187 636 5228 xl.
660 5171 750 5226 36.

226 5258 347 5301 ‘ml.
368 5243 466 5297 46.
546 5242 595 5275 ³⁸
623 5240 801 5296 Gaiat.
831 5258 906 5307 vr,
936 5239 989 5296 8.
1065 5242 1161 5294 "'I
1194 5239 1350 5296 Joan.
1394 5257 1467 5303 Iv,
1504 5241 1592 5295 l5.

253 5313 417 5375 κει.
498 5311 545 5343 ⁸⁸
573 5310 778 5366 Thren.
805 5327 879 5374 ιν,
902 5310 996 5367 20.
1072 5311 1118 5343 ⁶⁵
1148 5311 1304 5365 Joan.
1336 5328 1445 5376 xlv,
1478 5309 1571 5366 16.,

295 5420 411 5494 (70)
450 5422 812 5494 Anglicanus,
845 5422 1046 5494 πρέπει
1076 5422 1289 5494 δώσειν.

298 5492 415 5564 (7i)
454 5492 557 5564 Τά
586 5493 831 5564 deestin
869 5492 1039 5564 Basil.
1065 5502 1119 5547 et
1145 5493 1362 5564 Anglic.

294 5563 410 5625 (72)
453 5561 623 5633 Basili.
655 5573 711 5617 et
740 5562 980 5633 Anglic.,
1009 5562 1136 5633 ᾄρα.
1237 5561 1257 5564 ⁷
1500 5632 1507 5633 7
1572 5600 1578 5604 .

301 5633 416 5702 (75)
454 5632 687 5702 Πνεῦμα
718 5632 873 5687 deest
911 5632 966 5686 in
1022 5632 1307 5697 Vaticano,
1346 5632 1658 5696 Basiliensi,
1699 5634 1811 5686 An-

237 5702 448 5771 glicano
473 5721 489 5770 ;
517 5704 575 5757 in
609 5704 731 5760 aliis
765 5703 984 5772 legitur,
1013 5713 1065 5759 et
1098 5705 1187 5758 ubi
1221 5721 1328 5759 non
1354 5705 1584 5758 habetur
1617 5704 1807 5763 subin-

830 5170 1088 5241 “Ephes.
1123 5188 1197 5233 tv,
1228 5171 1317 5233 15,
1351 5170 1441 5225 16.
1533 5171 1580 5203 ⁵⁵
1634 5171 1818 5229 Coloss

831 5258 906 5307 γι,
936 5242 989 5296 8.
1065 5242 1161 5294 "'1
1194 5239 1350 5296 Joan.
1394 5241 1592 5311 ιννίῦ.
1672 5245 1718 5275 ⁸ο
1748 5243 1818 5299 Ma

1928 5216 1942 5238 ,
1983 5175 2070 5230 l9.
2176 5174 2222 5205 "
2252 5170 2408 5226 Joan.
2444 5187 2484 5235 ι,
2520 5170 2607 5226 16.
2683 5170 2729 5204 ⁵⁸
2753 5170 2911 5223 Joan.
2939 5182 3028 5222 xv:
3054 5207 3068 5230 ,
3114 5170 3203 5222 M.
3281 5170 3326 5196 "
3358 5170 3491 5220 Luc.

1926 5286 1936 5298 .
1975 5263 2014 5311 ι,
2038 5245 2143 5301 20.
2206 5245 2248 5276 εί
2285 5240 2444 5298 Joan.
2480 5258 2564 5306 tu,
2596 5241 2650 5295 6.
2729 5243 2773 5273 ⁶¹
2807 5239 2833 5292 Ἰ
2860 5240 2995 5299 (ἔοι-ω
3022 5253 3085 5301 ιι,
3116 5238 3169 5291 8.
3248 5235 3294 5267 ⁸³
3328 5232 3491 5293 Joan.

1918 3260 2199 3331 praeditus,
2225 3260 2461 3332 Spiritus
2486 3262 2707 3330 dicitur,
2728 3271 2789 3318 ut
2808 3303 2823 3327 ,
2848 3282 2867 3315 ι
2893 3262 3129 3334 Spiritus
3152 3268 3237 3318 est
3252 3260 3416 3322 Deus,
3442 3266 3497 3315 et

1917 3356 2009 3423 qui
2040 3354 2269 3409 adorant
2291 3370 2447 3421 eum,
2478 3354 2535 3409 in
2563 3356 2758 3425 spiritu
2787 3363 2842 3411 et
2864 3355 3093 3410 veritate
3118 3359 3336 3424 oportet
3364 3352 3497 3407 ado-

1914 3459 2039 3500 rare
2063 3444 2130 3498 ⁶⁸.
2160 3463 2178 3496 3
2204 3442 2444 3501 Rursum
2476 3445 2544 3500 de
2573 3444 2714 3500 Filio
2741 3465 2753 3500 :
2780 3463 2799 3497 ι
2826 3444 3068 3516 Spiritus
3102 3443 3263 3499 faciei
3294 3449 3499 3498 nostra:

1913 3533 2171 3591 Christus
2199 3534 2463 3592 Dominus
2485 3536 2580 3590 “.3
2605 3533 2841 3591 Sanctus
2864 3535 3046 3598 Pater,
3073 3542 3129 3590 et
3154 3541 3380 3589 sanctus
3402 3531 3497 3586 Fi-

1916 3625 2043 3689 lius,
2071 3622 2310 3696 Spiritus
2332 3640 2461 3681 vero
2485 3640 2595 3705 non
2620 3624 2994 3680 sanctiﬁcatns
3018 3631 3101 3680 est
3123 3636 3139 3687 ,'
3168 3622 3264 3679 sed
3290 3621 3499 3679 sancti-

1919 3715 2088 3772 ficans
2115 3735 2130 3772 :
2159 3717 2401 3788 itemque
2421 3717 2625 3786 bonus,
2653 3726 2714 3773 ut
2740 3717 2920 3773 bonus
2952 3715 3136 3777 Pater,
3170 3722 3225 3771 et
3250 3730 3319 3771 ex
3349 3715 3499 3768 bono

1916 3808 2132 3877 genitus
2153 3808 2330 3865 bonus
2352 3807 2525 3867 Filius
2550 3829 2563 3864 :
2596 3818 2780 3866 rectus
2808 3808 3066 3881 Spiritus,
3101 3817 3161 3863 ut
3181 3817 3366 3862 rectus
3388 3804 3498 3861 Do-

1917 3903 2099 3960 minus
2119 3901 2262 3959 Deus
2284 3913 2496 3968 nostcr,
2518 3919 2593 3960 eo-
2607 3904 2753 3975 quod
2779 3904 2851 3959 sit
2876 3904 2994 3974 ipsa
3017 3903 3239 3968 veritas,
3258 3899 3496 3972 iustitia,

1916 3995 1986 4048 ob
2008 3993 2506 4049 immutabilitatem
2535 3993 2885 4050 substantiae:
2918 3992 3255 4058 Paraclctus,
3282 3998 3345 4046 ut
3373 3991 3498 4045 uni-

1915 4088 2131 4157 genitus
2152 4127 2167 4153 ,
2196 4087 2357 4157 juxta
2391 4087 2525 4142 illud
2551 4106 2564 4142 :
2588 4106 2607 4141 ι
2636 4087 2751 4160 Ego
2783 4087 2986 4159 rogabo
3024 4085 3243 4142 Patrem
3275 4098 3495 4148 meum,

1915 4189 1969 4235 et
1991 4181 2155 4235 alium
2175 4178 2518 4236 Paracletum
2544 4180 2697 4236 dabit
2718 4180 2876 4237 vobis
2899 4180 2964 4236 “.
2979 4198 2998 4233 3
3026 4180 3104 4234 Ita
3131 4193 3421 4235 commune
3441 4177 3497 4232 id

1915 4287 2115 4327 nomen
2140 4271 2371 4343 Spiritui.
2399 4288 2523 4328 cum
2548 4271 2713 4329 Patre
2732 4279 2786 4328 et
2806 4269 2946 4327 Filio
2967 4310 2982 4336 ,
3012 4286 3078 4327 ex
3110 4269 3501 4326 communione

1914 4367 2126 4418 natura:
2161 4368 2217 4417 et
2261 4364 2598 4433 pr0prietate
2634 4370 2945 4433 coaptatum
2983 4368 3088 4416 est.
3136 4359 3273 4414 Nam
3317 4359 3497 4427 unde,

1919 4468 2141 4522 quaeso,
2174 4455 2427 4522 aliunde,
2473 4454 2636 4509 modo
2677 4453 3029 4525 principalis,
3061 4452 3225 4507 modo
3260 4450 3497 4523 Spiritus

1923 4545 2200 4611 veritatis,
2238 4546 2373 4601 alias
2407 4544 2647 4616 Spiritus
2675 4544 2960 4615 sapientiae
2992 4543 3307 4598 nominatus
3334 4539 3464 4597 est?

1925 4743 2026 4814 12
2057 4744 2147 4799 24.
2184 4743 2378 4799 Omnia
2410 4742 2665 4811 Spiritum
2696 4742 2888 4811 facere,
2924 4756 3040 4811 qua:
3062 4738 3305 4794 Christus
3341 4736 3496 4807 facit.

1992 4917 2351 4990 Operationes
2403 4919 2697 4983 virtutum,
2754 4918 2962 4990 gratias
3019 4918 3337 4972 sanitatum.
3393 4913 3503 4973 Pen

1928 5012 2190 5083 Spiritum
2223 5020 2472 5067 sanctum
2499 5010 2774 5067 daemones
2798 5009 3207 5080 expellebantur
3235 5025 3252 5075 ;
3283 5008 3339 5062 in
3371 5006 3498 5080 Spi-

2176 5174 2222 5205 "
2252 5170 2408 5226 Joan.
2444 5187 2484 5235 ι,
2520 5170 2607 5226 16.
2683 5170 2729 5204 ⁵⁸
2753 5168 2911 5223 Joan.
2939 5182 3028 5222 xv:
3054 5207 3068 5230 ,
3114 5166 3203 5222 14.
3281 5162 3493 5235 "_Luc.

1928 5424 2276 5494 telligendum
2323 5432 2426 5479 est.
2478 5418 2829 5494 Mox,_ijp76’3v
2889 5419 3044 5494 abest
3079 5433 3109 5472 a
3140 5417 3412 5494 Vaticano
3441 5424 3497 5494 et

1924 5487 2137 5565 Anglic.
2184 5495 2413 5565 Ibidem,
2450 5508 2575 5565 cum
2618 5487 2910 5565 Basiliensi
2946 5489 3195 5565 legimus,
3226 5487 3495 5560 αὑτοαλή-

1923 5559 2072 5619 θειᾶ.“
2090 5564 2327 5633 Reliqui,
2358 5563 2493 5616 αὐτὸ
2527 5560 2773 5631 ἀλήθεια,
2803 5560 2996 5615 divisis
3023 5559 3283 5615 vocibus.

1989 5636 2100 5705 (74)
2144 5635 2361 5703 Πνεῦμα
2396 5633 2549 5688 deest
2578 5633 2630 5685 in
2666 5633 2981 5702 Anglicano.
