3890 6186
412 232 484 289 55
1559 234 1619 291 S.
1661 234 2137 296 ATHANASIUS.
2183 267 2236 281 —
2281 238 2510 296 DUBIA.
3615 245 3695 302 56

412 350 521 404 ritu
572 346 669 403 Dei
717 344 971 402 diabolus
1003 346 1506 418 comprimebatur:
1542 349 1610 405 ad
1644 350 1986 421 praesentiam

2098 339 2378 425 Πνὲὺματι
2403 353 2499 408 τοῦ
2527 354 2662 408 Θεοῦ
2703 353 2946 417 διάϐολος
2991 354 3335 426 κατήργητο·
3368 356 3697 429 συμπαρόν-

410 441 649 512 Spiritus
668 479 684 506 ,
723 447 1074 511 peccatorum
1102 440 1406 511 redemptio
1427 440 1482 496 in
1509 441 1684 513 gratia
1711 441 1990 514 Spiritus:

414 553 434 585 α
457 533 642 589 Abluti
673 532 820 589 enim
856 532 1022 597 estis,
1060 539 1115 587 et
1161 532 1491 589 sanctificati
1521 534 1656 590 estis
1686 535 1743 589 in
1772 536 1995 591 nomine

408 626 624 682 Domini
656 629 829 683 nostri
853 626 981 683 Jesu
1010 627 1222 683 Christi
1239 667 1253 691 ,
1278 629 1409 684 etin
1435 627 1645 701 Spiritu
1668 637 1862 686 sancto
1888 631 1986 686 ⁸⁸.»

407 714 488 769 Ex
519 718 753 772 mortuis
781 720 1135 781 resurrectio,
1158 718 1324 789 idque
1345 735 1444 791 per
1464 721 1840 790 operationem
1870 718 1994 791 Spi-

405 806 549 862 ritus
582 824 637 862 :¢
661 807 895 863 Emittes
927 813 1071 878 enim
1112 808 1379 879 Spiritum
1407 817 1599 876 tuum,
1632 818 1688 866 et
1721 810 1995 867 creabun-

407 906 517 964 tur,
547 908 603 955 et
634 901 930 955 renovabis
962 900 1154 956 faciem
1188 913 1348 956 terra:
1375 902 1439 954 ⁸⁷.
1463 923 1482 955 ι
1508 902 1723 960 Rursus
1751 904 1826 959 ait
1850 923 1863 959 :
1888 923 1907 956 ι
1932 902 1991 959 Si

409 999 590 1046 autem
623 990 865 1063 Spiritus
884 1034 900 1057 ,
932 995 1027 1064 qui
1056 996 1315 1051 excitavit
1345 996 1530 1051 Jesum
1558 1014 1589 1052 a
1615 1000 1848 1055 mortuis
1877 998 1943 1054 ⁸⁸.
1966 1017 1986 1051 ι

409 1080 564 1146 Quod
597 1082 644 1137 si
675 1083 801 1152 quis
835 1083 979 1138 hanc
1011 1086 1347 1141 creationem
1386 1087 1621 1157 accipiat
1651 1088 1720 1143 de
1748 1096 1996 1141 mortuo-

408 1185 533 1224 rum
565 1172 963 1237 vivificatione,
990 1174 1118 1245 qui,
1144 1191 1332 1245 quaeso
1352 1218 1366 1241 ,
1396 1191 1506 1231 non
1539 1177 1731 1247 ingens
1753 1174 1995 1231 efficacia

409 1258 685 1332 Spiritus,
720 1265 1097 1335 dispensantis
1136 1267 1296 1322 nobis
1332 1269 1500 1322 vitam
1549 1270 1698 1322 illam
1742 1284 1995 1325 resurre-

407 1355 643 1422 ctionis,
688 1366 741 1410 et
769 1357 837 1410 ad
869 1358 1214 1427 spiritualem
1252 1360 1401 1415 illam
1433 1362 1603 1416 vitam
1648 1364 1865 1420 animas
1893 1379 1996 1419 no-

409 1456 555 1505 stras
581 1450 947 1506 adornantis?
992 1452 1146 1518 Quod
1180 1454 1226 1509 si
1258 1455 1350 1508 illa
1380 1455 1589 1509 creatio
1633 1455 1993 1528 intelligatur,

406 1556 530 1615 qua:
573 1545 628 1598 in
670 1544 773 1599 hac
819 1546 930 1600 vita
974 1554 1059 1602 est
1105 1563 1171 1603 ex
1215 1549 1455 1620 peccatis
1482 1549 1902 1606 transformatio
1935 1551 1991 1606 in

406 1634 647 1689 melius:
677 1636 840 1702 (nam
875 1636 947 1690 ita
977 1638 1156 1709 accipi
1201 1648 1382 1710 potest
1414 1641 1720 1697 secundum
1758 1657 1994 1698 consueo

2095 458 2187 506 τος
2233 441 2329 497 τοῦ
2380 442 2723 515 Πνεῦματος,
2768 443 3055 516 ἁμαρτιῶν
3097 444 3476 517 ἀπολύτρωσις
3512 447 3575 501 ἐν
3615 451 3690 521 τῇ

2095 532 2277 605 χάριτι
2325 532 2420 588 τοῦ
2469 534 2817 605 Πνεύματοςο
2870 551 2890 586 ι
2961 532 3357 589 Ἀπελούσασθε
3386 534 3529 607 γὰρ,
3591 539 3693 592 καὶ

2095 624 2397 697 ἡγιάσθητε
2424 626 2482 681 ἐν
2518 625 2598 697 τῷ
2625 625 2850 698 ὀνόματι
2876 624 2973 679 τοῦ
3011 626 3215 698 Κυρίου
3244 626 3400 698 ἡμῶν
3430 626 3543 701 (75)
3577 628 3693 697 Ἰη-

2097 716 2192 771 σοῦ
2223 716 2484 790 Χριστοῦ,
2511 719 2605 772 καὶ
2631 718 2690 772 ἐν
2713 717 2793 789 τῷ
2836 717 3116 787 Πνεῦματι
3148 717 3226 789 τῷ
3252 717 3412 789 ἀγίῳ.
3457 736 3477 771 ι
3524 719 3594 772 Ἠ
3621 720 3693 772 ἐκ

2095 811 2304 883 νεκρῶν
2364 812 2736 877 ἐπανάστασις
2783 813 2852 884 τῇ
2903 813 3157 885 ἐνεργείᾳ
3194 811 3288 866 τοῦ
3343 811 3691 884 Πνεῦματος·

2100 925 2120 958 ι
2172 904 2581 971 Ἐξαποστελεῖς
2618 904 2719 977 γὰρ
2745 904 2808 959 τδ
2835 905 3060 977 Πνεῦμά
3092 923 3210 974 σου,
3244 905 3340 959 καὶ¹
3363 905 3690 978 κτισθήσον-

2094 1015 2185 1053 ται
2206 1016 2220 1030 ’
2259 999 2354 1052 καὶ
2386 999 2724 1063 ἀνακαινιείς
2768 998 2831 1052 τὸ
2872 1000 3164 1071 πρόσωπον
3202 1000 3303 1071 τῆς
3345 1000 3468 1071 γῆς.
3509 1018 3531 1051 ι
3573 1000 3694 1053 Καὶ

2096 1096 2258 1149 πάλιν
2291 1095 2445 1164 λέγει
2471 1111 2483 1124 -
2525 1113 2544 1145 ι
2582 1094 2644 1147 Ei
2671 1093 2730 1146 δὲ
2757 1092 2817 1147 τὸ
2851 1092 3098 1164 Πνεῦμα,
3132 1092 3193 1146 τὸ
3218 1094 3437 1164 ἐγείραν
3476 1089 3697 1163 Ἰησοῦν

2096 1190 2161 1242 ἐκ
2183 1187 2413 1258 νεκρῶν.
2452 1206 2469 1237 ι
2504 1185 2573 1238 Εἴ
2613 1202 2700 1250 τις
2747 1180 2841 1239 οὖν
2869 1185 2967 1257 τὴν
2997 1185 3175 1239 κτίσιν
3212 1183 3542 1255 ἐκλαμϐάνει
3589 1184 3694 1236 ἐπὶ

2094 1282 2194 1353 τῆς
2236 1280 2344 1333 τῶν
2386 1278 2745 1334 διαλυθέντων
2787 1276 3157 1345 ὰναϐιὼσεως,
3205 1276 3323 1340 πῶς
3358 1276 3420 1329 οὐ
3470 1277 3690 1349 μεγάλη

2094 1372 2189 1428 τοῦ
2220 1371 2538 1442 Πνεῦματος
2583 1372 2617 1441 ή
2657 1371 2925 1444 ἐνέργεια,
2954 1370 3049 1425 τοῦ
3095 1369 3504 1442 οἱκονομοῦντος
3548 1372 3693 1441 ἡμῖν

2097 1465 2186 1518 τὸν
2216 1463 2275 1529 ἐξ
2310 1464 2663 1526 ἀναστάσεως
2695 1463 2833 1534 βίον,
2865 1463 2961 1516 καὶ
3006 1462 3144 1534 πρὸς
3174 1463 3273 1531 τὴν
3303 1462 3694 1533 πνευματικὴν

2094 1556 2313 1626 ἐκείνην
2363 1554 2509 1627 ζωὴν
2550 1555 2652 1618 τὰς
2692 1553 2872 1626 ψυχὰς
2918 1554 3077 1625 ἡμῶν
3112 1553 3691 1625 μεταρρυθμίζοντοςς

2097 1647 2207 1701 εἴτε
2233 1648 2443 1717 λέγοιτο
2481 1649 2659 1712 κτίσις
2686 1649 2719 1719 ή
2759 1645 2992 1702 ἐνταῦθα
3028 1648 3135 1702 τῶν
3163 1644 3223 1711 ἐξ
3254 1645 3537 1717 ἁμαρτιῶν
3563 1646 3691 1701 δια-

404 1728 656 1785 tudinem
692 1728 1023 1802 Scriptum,
1054 1748 1178 1787 cum
1206 1732 1413 1790 Paulus
1436 1735 1513 1789 ita
1539 1735 1687 1791 dicat
1711 1756 1725 1791 :
1753 1756 1771 1788 ι
1797 1735 1857 1793 Si
1885 1751 1986 1808 qua

2099 1740 2463 1794 πεπτωκότων
2496 1740 2589 1793 ἐπὶ
2617 1740 2679 1793 τὸ
2727 1739 2932 1810 βέλτιον
2955 1740 3364 1811 μετακόσμησις
3385 1757 3398 1769 ·
3441 1739 3695 1809 (λέγεται

405 1818 461 1872 in
485 1817 708 1876 Christo
730 1838 870 1877 nova
896 1832 1148 1879 creatura
1174 1827 1247 1892 ⁶⁹;
1283 1845 1302 1877 ι
1323 1836 1378 1881 et
1408 1826 1515 1882 ista
1544 1827 1850 1898 innovatio,
1869 1845 1986 1901 qua

2099 1832 2208 1903 γὰρ
2238 1833 2332 1886 καὶ
2362 1832 2506 1887 οὕτω
2536 1832 2677 1887 κατὰ
2705 1833 2806 1905 τὴν
2848 1833 3138 1902 συνήθειαν
3162 1832 3261 1903 τῆς
3290 1832 3532 1905 Γραφῆς,
3552 1833 3693 1887 ὅταν

406 1927 438 1965 a
479 1914 733 1969 terrestri
772 1922 828 1968 et
868 1917 1220 1984 passionihus
1258 1919 1497 1975 obnoxia
1534 1921 1645 1975 vita
1668 1962 1682 1984 ,
1718 1920 1784 1976 ad
1823 1922 1986 1978 cocle-

2098 1925 2310 1989 Παῦλος
2344 1926 2509 1998 λέγῃ·
2557 1944 2576 1977 ι
2626 1927 2696 1981 Εἴ
2717 1943 2804 1990 τις
2840 1927 2900 1981 ἐν
2942 1925 3163 1997 Χριστῷ
3207 1926 3367 1995 καινὴ
3409 1924 3618 1988 κτίσις*
3656 1943 3691 1979 ι

405 2013 546 2060 stem
576 2005 793 2061 vivendi
830 2010 1101 2064 rationem
1138 2027 1241 2065 nos
1272 2013 1538 2068 transfert
1571 2030 1667 2084 per
1687 2013 1986 2085 Spiritum,

2099 2019 2193 2072 καὶ
2225 2022 2253 2072 6
2278 2019 2511 2074 ἐνταῦθα
2536 2020 2953 2091 ἁνακαινισμὸς,
2979 2022 3074 2074 καὶ
3099 2020 3206 2073 ἀπὸ
3235 2021 3334 2089 τῆς
3359 2021 3558 2090 γηῖνης
3585 2018 3691 2072 καὶ

404 2111 576 2169 supra
610 2098 832 2154 modum
854 2142 868 2164 ,
900 2101 1341 2176 mirabiliterque
1377 2105 1588 2161 animas
1622 2116 1842 2162 nostras
1875 2106 1986 2161 alli-

2098 2111 2378 2183 ἐμπαθοῦς
2405 2109 2551 2183 ζωῆς
2581 2113 2675 2166 ἐπὶ
2698 2113 2797 2183 τὴν
2828 2113 3077 2184 οὐράνιον
3111 2110 3386 2165 πολιτείαν
3413 2110 3691 2183 μεταϐολὴ

404 2188 568 2260 cit;)
616 2206 686 2245 an
738 2192 904 2248 isthic
951 2194 1300 2261 timebimus,
1340 2211 1412 2252 ne
1446 2198 1636 2254 nimiis
1682 2198 1986 2255 honoribus

2097 2205 2182 2259 διά
2208 2204 2304 2260 τοῦ
2330 2204 2649 2276 Πνεῦματος
2686 2207 2821 2276 ἡμῖν
2859 2205 3145 2277 γινομένη,
3168 2205 3261 2258 ἐπὶ
3292 2206 3473 2259 πᾶσαν
3509 2204 3693 2277 ὑπερ-

403 2281 633 2353 gloriam
668 2282 903 2354 Spiritus
932 2286 1312 2344 excedamus?
1347 2304 1415 2343 an
1445 2290 1631 2360 potius
1662 2298 1887 2355 contra,
1916 2307 1986 2348 ne

2097 2298 2250 2370 ϐολήν
2280 2298 2608 2370 θαυμαστῶς
2628 2298 2723 2362 τάς
2741 2297 2921 2369 ψυχὰς
2947 2297 3104 2370 ἡμῶν
3132 2298 3256 2367 ἄγει
3278 2298 3317 2365 ο)
3348 2296 3441 2350 ἐπὶ¹
3469 2296 3689 2361 τούτοις

403 2374 570 2430 nimis
611 2375 893 2432 humiliter
921 2378 989 2433 de
1014 2394 1081 2434 eo
1112 2380 1461 2439 sentiamus?
1493 2381 1637 2437 Dicit
1664 2383 1813 2438 enim
1842 2383 1986 2438 Ana-

2097 2391 2321 2462 πότερον
2364 2390 2716 2462 φοϐηθῶμεν,
2768 2391 2843 2463 μὴ
2875 2391 2974 2462 τήν
3008 2391 3171 2459 ἁγίαν
3218 2390 3376 2455 δόξαν
3427 2389 3686 2460 ὑπερθω-

402 2466 508 2521 niaa
538 2464 736 2525 Petrus
769 2471 1093 2539 apostolus:
1120 2490 1139 2523 ι
1172 2471 1286 2527 Cur
1328 2471 1565 2530 Satanas
1605 2475 1852 2547 implevit
1891 2490 1986 2532 cor

2097 2479 2233 2549 μεθα
2256 2480 2351 2535 τοῦ
2385 2482 2700 2553 Πνεῦματος
2739 2485 2859 2547 ταῖς
2890 2481 3220 2554 ὑπερϐολαῖς
3246 2481 3354 2534 τῶν
3396 2479 3609 2550 τιμῶν;
3644 2480 3683 2549 ἢ

401 2565 589 2625 tuum,
626 2570 686 2614 ut
716 2563 1027 2619 mentireris
1060 2562 1288 2634 Spiritui
1322 2566 1559 2623 sancto?
1584 2582 1695 2622 non
1723 2568 1988 2625 mentitus

399 2665 463 2707 es
493 2650 845 2721 hominibus,
880 2655 975 2710 sed
1006 2654 1120 2711 Deo
1148 2657 1217 2709 ⁷ο.
1250 2675 1271 2710 ι

2089 2572 2148 2624 τὸ
2187 2574 2452 2639 ἐναντίον,
2487 2575 2562 2646 μὴ
2608 2577 2688 2638 είς
2712 2574 2970 2628 ταπεινὸν
2997 2572 3400 2643 καταγάγωμεν
3423 2571 3523 2641 τὴν
3550 2568 3689 2641 περὶ

2090 2665 2257 2719 αὑτοῦ
2306 2665 2550 2735 ἐννοιαν;
2585 2667 2749 2737 Λέγει
2776 2668 2884 2740 γὰρ
2924 2666 3005 2738 τῷ
3050 2666 3270 2737 Ἀνανίᾳ
3310 2668 3338 2719 6
3383 2662 3690 2725 ἀπόστολος

399 2747 638 2821 Πέτροςο
677 2767 696 2799 ι
736 2750 835 2804 Διά
860 2751 914 2804 τί
950 2752 1266 2823 ἐπλήρωσεν
1293 2753 1324 2806 6
1356 2752 1603 2818 Σατανᾶς
1627 2753 1727 2825 τὴν
1757 2755 1989 2826 καρδίαν
2026 2775 2140 2825 σου,
2172 2761 2477 2833 ψεύσασθαί
2509 2779 2569 2816 σε
2596 2762 2658 2816 τὸ
2687 2763 2914 2834 Πνεῦμα
2951 2762 3012 2816 τὸ
3050 2764 3239 2832 ἆγιον;
3304 2760 3403 2814 οὐκ
3464 2757 3684 2828 ἐψεύσω

399 2840 727 2914 ἀνθρώποις,
756 2843 890 2897 ἀλλὰ.
915 2844 993 2915 τῷ
1020 2845 1157 2916 Θεῷ.
1188 2865 1208 2897 ι

606 2978 857 3042 Patrem,
899 2991 949 3035 et
988 2980 1228 3045 Filium,
1267 2993 1317 3038 et
1358 2983 1617 3052 Spiritum
1657 2999 1900 3042 sanctum

890 3052 1074 3107 ducem
1107 3055 1271 3123 [fuisse
1304 3053 1494 3110 Israel.

468 3143 743 3217 Propheta
785 3148 952 3218 igitur
977 3148 1250 3206 Jeremias
1284 3151 1355 3206 ita
1391 3151 1459 3209 de
1489 3152 1654 3211 Patre
1688 3156 1937 3227 loquitur
1966 3174 1981 3190 ·

407 3257 424 3290 ι
452 3240 574 3310 Ipse
623 3241 735 3296 dux
783 3242 885 3296 fuit
914 3244 1107 3298 lsraeli
1145 3244 1200 3298 in
1233 3248 1450 3300 deserto
1484 3247 1550 3300 ".
1580 3265 1599 3298 ›
1625 3248 1689 3301 Et
1711 3265 1725 3302 :
1751 3264 1769 3298 ι
1796 3246 1876 3305 Ne
1903 3248 1989 3304 di-

399 3333 612 3399 :xeritis,
639 3352 658 3386 ι
680 3335 887 3404 inquit,
913 3355 929 3385 ι
958 3336 1051 3389 ubi
1088 3344 1172 3391 est
1211 3336 1391 3404 Deus,
1423 3338 1518 3409 qui
1547 3338 1739 3394 eduxit
1777 3355 1879 3398 nos
1917 3357 1986 3397 ex

401 3422 675 3497 Egypto,
707 3426 802 3504 qui
833 3426 942 3481 dux
977 3427 1140 3484 nobis
1172 3427 1276 3483 fuit
1308 3431 1365 3485 in
1396 3429 1615 3486 deserto
1642 3432 1773 3486 7'?»
1794 3440 1849 3487 et
1880 3431 1986 3487 Da-

402 3518 488 3571 vid
519 3518 697 3588 inquit
722 3538 733 3573 :
756 3538 775 3571 ι
799 3517 1083 3574 Deduxisti
1101 3560 1114 3583 ,
1142 3528 1200 3574 ut
1222 3536 1385 3585 oves,
1410 3523 1674 3596 populum
1696 3525 1936 3579 tuum".
1959 3543 1980 3578 ι

402 3610 572 3666 Isaias
608 3619 791 3667 autem
828 3611 965 3667 dixit
1008 3612 1276 3684 Spiritum
1310 3625 1561 3671 sanctum
1595 3617 1850 3672 lsraelem
1880 3616 1985 3672 du-

402 3703 551 3759 xisse
573 3702 628 3757 in
658 3703 980 3759 solitudine.
1013 3703 1119 3761 Sed
1153 3706 1336 3762 licebit
1362 3710 1542 3779 ipsum
1572 3709 1764 3766 audire
1794 3711 1983 3766 dicen-

401 3805 509 3851 tem
538 3814 551 3851 :
576 3812 597 3846 ‹
621 3794 785 3850 Duxit
815 3811 911 3852 eos
942 3812 1038 3867 per
1066 3798 1358 3869 abyssum,
1391 3800 1550 3870 quasi
1581 3815 1780 3871 equum
1810 3802 1866 3857 in
1898 3817 1985 3858 so-

398 3886 651 3953 litudine,
676 3894 731 3941 et
757 3901 868 3942 non
890 3895 1017 3943 sunt
1043 3889 1253 3961 fatigati
1272 3931 1285 3955 ,
1312 3901 1367 3947 et
1395 3898 1456 3946 ut
1487 3908 1685 3963 pecora
1713 3909 1809 3964 per
1834 3910 1984 3949 cam-

400 3993 554 4049 pum,
574 3977 861 4034 desceudit
889 3978 1129 4050 Spiritus
1147 3997 1179 4036 a
1199 3981 1450 4051 Domino,
1472 3984 1704 4051 etjduxit
1719 4000 1815 4041 eos
1830 3984 1928 4039 ⁷³⁸.
1956 4005 1976 4038 ι

395 4071 481 4127 Ad
508 4072 826 4127 Corinthios
856 4080 1038 4127 autem
1061 4113 1077 4139 ,
1128 4074 1203 4129 ait
1250 4074 1459 4131 Paulus
1493 4077 1776 4132 Christum
1809 4076 1982 4133 fuisse

396 4164 629 4220 ducem:
653 4184 673 4218 ε
696 4164 965 4221 Bibehant
987 4206 1003 4232 ,
1030 4185 1048 4219 ι
1072 4167 1253 4237 inquit
1274 4208 1289 4231 ,
1315 4188 1333 4220 ι
1363 4184 1428 4223 ex
1472 4169 1745 4241 spirituali
1785 4186 1981 4227 conse-

394 4266 595 4326 quente
623 4272 721 4314 eos
750 4265 904 4328 petra
927 4299 941 4326 ,
973 4266 1130 4328 petra
1160 4266 1343 4314 autem
1375 4268 1495 4315 erat
1545 4261 1801 4318 Christus
1853 4262 1922 4319 τδ.
1953 4281 1973 4314 ι

395 4347 552 4416 Quod
587 4351 632 4404 si
662 4350 787 4420 quis
815 4351 1053 4419 dixerit,
1087 4349 1352 4421 Spiritum
1382 4352 1725 4409 intercedere
1753 4369 1852 4423 pro
1881 4369 1981 4409 no-

396 4443 480 4496 bis
509 4482 525 4506 ,
559 4457 624 4497 ac
654 4443 914 4514 proinde,
947 4452 1153 4514 quanto
1184 4445 1415 4515 supplex
1447 4444 1674 4501 inferior
1702 4454 1789 4501 est
1818 4445 1979 4501 dato-
2008 4473 2058 4532 υ

2094 2990 2183 3045 25.
2228 2990 2359 3043 Ὀτι
2395 2992 2429 3043 ὀ
2456 2988 2675 3055 Πατὴρ.
2702 2987 2801 3041 καὶ
2839 2989 2872 3041 ό
2908 2986 3060 3053 Υἱὸς.
3089 2985 3186 3040 καὶ
3220 2985 3287 3056 τὸ
3325 2985 3567 3056 Πνεῦμα
3609 2986 3685 3041 τὸ

2408 3059 2579 3129 ἅγιον
2608 3058 2886 3129 ὡδήγησε
2913 3059 3021 3111 τὸν
3058 3055 3323 3125 Ἰσραήλ.

2177 3152 2235 3205 Ὀ
2270 3151 2367 3223 μὲν
2391 3146 2484 3204 οὖν
2525 3149 2638 3221 (76)
2674 3149 2959 3221 προψήτης
3000 3148 3271 3220 Ἱερεμίας
3319 3148 3469 3216 λέγει
3500 3142 3683 3213 οὕτως

2090 3247 2220 3318 περὶ
2254 3244 2470 3317 Πατρός
2490 3262 2503 3275 ·
2557 3243 2640 3296 ὅτι
2678 3261 2696 3293 ι
2748 3241 2920 3304 Αὐτὸς
2953 3238 3203 3311 ὡδήγησε
3233 3240 3324 3294 τὸν
3369 3240 3586 3312 Ἰσραὴλ
3617 3244 3685 3296 ἐν

2087 3342 2153 3411 τῇ
2197 3339 2410 3410 ἐρήμῳ.
2445 3356 2463 3387 ι
2492 3334 2638 3389 Καί·
2689 3351 2709 3384 ι
2751 3333 2864 3387 Οὐκ
2912 3330 3127 3393 εἴπατε,
3163 3332 3329 3403 φησὶ,
3388 3332 3499 3385 Ποῦ
3526 3331 3680 3386 ἔστιν

2085 3433 2115 3485 6
2146 3430 2298 3494 Θεὸς,
2333 3432 2362 3483 6
2393 3425 2686 3497 ἀναγαγὼν
2722 3427 2872 3497 ἡμᾶς
2906 3426 2969 3478 ἐκ
2993 3425 3096 3495 γῆς
3124 3424 3424 3494 Αίγύπτου,
3451 3425 3481 3477 6
3506 3423 3679 3478 καθο-

2086 3524 2330 3596 δηγήσας
2373 3521 2522 3592 ἡμᾶς
2552 3521 2610 3574 ἐν
2639 3523 2707 3591 τῇ
2745 3519 2973 3591 ἐρήμῳ;
3014 3537 3033 3569 ι
3068 3518 3160 3571 καὶ
3196 3518 3225 3570 6
3264 3517 3429 3571 Δαϐίδ
3467 3533 3635 3587 φησιν
3658 3535 3675 3547 ο

2093 3635 2111 3668 ι
2165 3615 2485 3685 Ὠδήγησας,
2531 3612 2607 3675 ὼς
2655 3610 2923 3683 πρόϐατα,
2969 3610 3063 3663 τὸν
3107 3609 3235 3663 λαόν
3281 3625 3395 3663 σου.
3438 3627 3457 3661 ι
3514 3608 3571 3662 '0
3616 3608 3677 3663 δὲ

2098 3709 2326 3771 Ἡσαΐας
2358 3707 2419 3761 τὸ
2464 3705 2687 3776 Πνεῦμα
2713 3704 2775 3758 τὸ
2819 3703 2974 3772 ἆγιον
3017 3697 3169 3757 εἶπεν
3202 3700 3548 3773 ὡδηγηκέναι
3579 3699 3679 3756 τὸν

2098 3801 2316 3873 Ἰσραὴλ
2341 3803 2400 3855 ὲν
2429 3803 2495 3872 τῇ
2529 3801 2740 3870 ἐρήμῳ.
2786 3798 2975 3850 Ἔστιν
3012 3793 3108 3850 οὖν
3128 3795 3293 3849 αὐτοῦ
3327 3794 3557 3849 ἀκοῦσαι
3584 3793 3677 3847 λέ-

2083 3911 2271 3965 γοντος
2293 3911 2306 3925 '
2345 3913 2365 3946 ι
2404 3894 2650 3961 Ἠγαγεν
2679 3890 2878 3953 αὐτοὺς
2909 3888 3022 3960 (77)
3049 3888 3137 3941 διὰ
3164 3889 3263 3958 τῆς
3300 3885 3558 3951 ἀϐύσσου,
3590 3884 3674 3949 ὡς

2084 3988 2251 4042 ἵππον
2298 3988 2356 4039 ἐν
2414 3988 2482 4056 τῇ
2536 3984 2751 4055 ἐρήμῳ,
2794 3982 2889 4036 καὶ
2940 3981 3041 4034 οὐκ
3086 3978 3407 4043 ἐκοπίασαν,
3449 3978 3545 4031 καὶ
3590 3976 3674 4041 ὼς

2085 4081 2257 4151 κτήνη
2288 4077 2376 4132 διὰ
2402 4076 2608 4139 πεδίου,
2639 4073 2845 4144 κατέϐη
2876 4071 3105 4142 Πνεῦμα
3136 4069 3288 4141 παρὰ
3316 4068 3543 4140 Κυρίου,
3563 4069 3668 4121 καὶ

2083 4169 2365 4239 ὡδήγησεν
2412 4164 2644 4228 αὐτούς.
2698 4183 2715 4213 ι
2771 4163 2917 4233 Πρὸς
2963 4162 3020 4214 δὲ
3072 4159 3387 4232 Κορινθίους
3436 4158 3582 4226 λέγει
3638 4161 3673 4212 6

2084 4260 2317 4323 Παῦλος,
2355 4260 2437 4312 ὃτι
2460 4256 2692 4327 Χριστὸς
2712 4250 2779 4325 ἦν
2802 4271 2814 4284 ’
2841 4273 2859 4305 ί
2886 4255 3108 4307 Ἔπινον
3131 4274 3147 4304 ι
3165 4252 3296 4322 γὰρ,
3333 4252 3518 4322 φησὶν,
3540 4267 3560 4300 ι
3600 4253 3672 4304 ἐκ

2084 4348 2466 4422 πνευματικῆς
2495 4346 2893 4417 ἀκολουθούσης
2914 4345 3118 4417 πέτρας
3140 4359 3153 4373 '
3189 4343 3222 4413 ἡ
3252 4342 3309 4394 δὲ
3336 4341 3511 4414 πέτρα
3536 4334 3606 4410 ἦν
3638 4339 3673 4391 ὁ

2083 4441 2335 4514 Χριστός.
2363 4459 2382 4492 ι
2425 4438 2549 4492 Ἐὰν
2595 4438 2652 4492 δὲ
2694 4437 2824 4510 εἴπῃ
2864 4453 2968 4500 τις,
3015 4434 3191 4488 ὅτιτὸ
3223 4432 3447 4503 Πνεῦμα
3477 4433 3676 4496 ἐντυγ-

394 4549 488 4601 re,
521 4541 674 4589 tanto
701 4548 920 4605 quoque
962 4534 1279 4591 inferiorem
1323 4552 1447 4593 esse
1498 4535 1799 4607 Spiritum;
1845 4539 1976 4594 huic

2097 4533 2235 4604 (άνει
2268 4533 2407 4602 ὑπὲρ
2432 4531 2609 4603 ἡμῶν,
2636 4530 2776 4584 ὥστε
2803 4524 2896 4584 οὖν
2921 4530 3043 4582 ὅσον
3069 4531 3098 4581 ὁ
3123 4526 3310 4599 ἱκέτης
3337 4525 3450 4597 (78)
3482 4523 3673 4625 λείπε-

392 4627 466 4681 ita
506 4627 963 4697 respondebimus
1021 4647 1037 4685 :
1089 4628 1441 4700 Unigenitum
1482 4628 1682 4685 Filium
1741 4646 1863 4686 esse
1908 4631 1978 4686 ad

2097 4645 2170 4680 rat
2213 4625 2309 4680 τοῦ
2360 4622 2673 4695 εὐεργέτου,
2709 4621 2962 4675 τοσοῦτον
3009 4619 3256 4672 λείπεται
3298 4617 3360 4670 τὸ
3404 4616 3675 4685 Πνεῦμαή

390 4719 672 4773 dexteram
725 4718 854 4783 Dei,
897 4726 952 4775 et
996 4720 1339 4777 intercedere
1378 4738 1477 4792 pro
1522 4724 1724 4781 nobis:
1756 4723 1978 4781 «Nolite

2097 4719 2326 4791 ιέγωμεν
2357 4714 2526 4787 αὐτῷ,
2559 4716 2642 4769 ὅτι
2668 4717 2697 4769 6
2723 4713 3043 4783 Μονογενής
3083 4714 3231 4764 ἐστιν
3281 4711 3341 4764 ἐν
3374 4708 3527 4780 δεξιᾷ
3567 4708 3670 4762 τοῦ

391 4809 577 4878 itaque
616 4809 953 4865 contristare
993 4808 1259 4881 Spiritum
1294 4824 1545 4868 sanctum
1565 4854 1579 4878 ,
1605 4815 1798 4885 ijuxta
1827 4815 1966 4871 Pau-

2097 4809 2237 4875 9506,
2278 4811 2372 4864 καὶ
2416 4808 2733 4880 ἐντυγχάνει
2779 4806 2917 4877 ὑπὲρ
2963 4803 3155 4875 ήμῶν’
3210 4820 3229 4854 ι
3286 4801 3378 4873 Μὴ
3425 4796 3519 4855 οῦν
3570 4800 3672 4857 λυ-

388 4900 502 4954 lum
543 4900 627 4964 ⁷⁸,
668 4901 744 4955 ita
789 4901 1193 4971 loquentemzt
1221 4902 1282 4957 ln
1330 4918 1439 4974 quo
1485 4904 1686 4975 signati
1731 4905 1868 4961 estis
1916 4906 1973 4960 in

2097 4908 2231 4958 τεῖτε
2264 4903 2324 4956 τὸ
2354 4902 2579 4973 Πνεῦμα
2604 4902 2665 4955 τὸ
2702 4901 2879 4969 ἅγιον,
2939 4917 2958 4950 ι
2989 4897 3131 4951 κατά
3180 4895 3271 4948 τὸν
3318 4894 3529 4950 Παῦλον
3573 4894 3675 4949 τὸν

386 4995 528 5049 diem
551 4994 959 5064 redemptionis.
990 5013 1008 5044 ›
1031 4993 1173 5061 Quin
1189 5003 1243 5051 et
1263 4994 1575 5066 Stephanus
1597 4997 1668 5052 ita
1688 4997 1965 5068 loquitur:

2097 4997 2302 5065 ιέγοντα
2323 5012 2335 5024 ·
2374 5015 2393 5047 ι
2427 4995 2517 5048 Ἐν
2562 4986 2606 5062 ᾧ
2656 4989 3062 5063 ἐσφραγίσθητε
3091 4989 3171 5053 είς
3203 4986 3419 5059 ἡμέραν
3460 4983 3672 5039 ἀπολυ-

436 5083 546 5140 Vos
574 5101 793 5155 semper
812 5083 1040 5154 Spiritui
1060 5094 1253 5140 sancto
1282 5087 1576 5152 obsistitis,
1611 5089 1755 5142 sicut
1782 5098 1967 5158 patres

2097 5087 2349 5159 τρώσεως.
2392 5106 2412 5139 ι
2460 5086 2571 5140 Καὶ
2601 5085 2630 5137 6
2664 5083 2935 5152 Στέφανος
2968 5080 3027 5135 δὲ
3058 5079 3241 5148 λέγει·
3281 5097 3301 5132 ι
3352 5077 3544 5148 Ὑμεῖς
3576 5078 3669 5133 ἀεὶ

456 5264 503 5294 ⁸⁸
531 5260 551 5315 l
584 5261 712 5316 Cor.
753 5281 828 5328 vr,
862 5264 950 5317 ll.
1030 5264 1072 5296 ⁸⁷
1104 5264 1250 5319 Psal.
1303 5281 1398 5321 cm
1423 5308 1437 5331 ,
1491 5270 1578 5325 50.
1692 5269 1735 5301 ⁸⁸
1767 5266 1925 5323 Rom.

2097 5309 2109 5333 .
2146 5270 2234 5326 Η.
2339 5270 2383 5302 ⁸⁸³
2406 5267 2451 5322 ll
2479 5268 2607 5323 Cor.
2637 5285 2693 5332 ν,
2721 5267 2809 5322 17.
2912 5264 2961 5297 ⁷⁸
2990 5262 3114 5317 Act.
3148 5279 3202 5329 ν,
3224 5262 3281 5327 5,
3312 5261 3392 5333 4.-
3462 5261 3513 5294 ⁷⁸
3547 5258 3663 5316 J‘er.

385 5348 543 5398 xxttt,
573 5334 623 5387 7.
701 5336 745 5368 τ’
777 5334 889 5391 Jer.
914 5351 975 5399 tt,
1002 5333 1056 5389 6.
1133 5338 1179 5369 ⁷³
1202 5336 1347 5392 Psal.
1376 5353 1535 5395 Lxxw
1558 5384 1572 5408 ,
1593 5342 1684 5397 2|.
1726 5340 1792 5372 η’
1826 5340 1931 5396 lsa.
1956 5356 1986 5396 ι.

2098 5331 2225 5407 ,15,
2249 5341 2336 5399 M.
2412 5341 2457 5371 ⁷⁵
2487 5339 2505 5392 Ι
2540 5331 2746 5406 (ἔοικι,
2778 5338 2831 5393 4.
2910 5336 2958 5370 ⁷⁸
2987 5334 3189 5405 Ephes.
3227 5349 3303 5399 tv,
3333 5331 3423 5387 50.

2145 5581 2260 5657 (77)
2294 5586 2544 5657 ῥρτούς,
2565 5591 2619 5639 et
2648 5601 2796 5650 mox,
2832 5583 2964 5657 τῆς,
2997 5585 3199 5642 desunt
3226 5587 3279 5642 in
3296 5584 3622 5657 Anglicano.

2145 5653 2259 5727 (78)
2302 5653 2446 5727 Edit.
2478 5657 2742 5727 Commel.
2791 5666 2845 5711 et
2877 5654 3162 5727 ,Vaticanq
3192 5652 3434 5727 οἰκέτης.
3462 5652 3660 5710 Gaeteri

2072 5732 2127 5782 et
2159 5725 2292 5781 edit.
2315 5724 2515 5793 Paris,
2553 5726 2760 5796 ἱκέτης,
2792 5736 2856 5784 et
2872 5726 2949 5782 ita
2982 5729 3105 5795 legit
3136 5724 3407 5784 Nannius.

452 5582 565 5658 (35)
604 5580 749 5658 gerit.
771 5582 1031 5658 Commel.
1046 5585 1110 5658 ,6
1120 5584 1467 5658 qu._Reliq.
1486 5593 1539 5642 et
1561 5600 1711 5658 ,‘mss.’
1723 5624 1766 5658 ,__
1784 5582 1965 5658 ﬁgam,

451 5654 565 5721 {75)
603 5652 749 5727 Edit,
781 5656 936 5727 Con].
964 5652 1136 5714 Vaticl
1167 5666 1223 5714 et
1258 5652 1452 5727 Basili,
1484 5656 1637 5727 γοῦν.
1671 5652 1967 5712 ΕᾶὶιζῬεί-

379 5739 478 5779 ns.
508 5733 564 5779 et.
591 5724 830 5793 Anglic.,
856 5721 971 5781 οὖν.
