3890 6186
262 239 328 291 57
950 234 1041 287 DE
1078 233 1400 290 COMMUNI-
1431 234 1771 292 ESSENTIA
1806 236 2059 292 PATRIS
2095 235 2184 291 ET
2222 235 2380 292 FlLll
2417 234 2509 291 ET
2546 234 2719 294 SPIR.
2761 235 2833 293 S.’

3457 243 3534 300 58

260 349 343 419 τῷ
377 348 659 418 Πνεύματι
690 347 769 419 τῷ
810 350 955 419 ἁγίῳ
998 350 1371 416 ἀντιπίπτετε,
1404 353 1481 416 ὡς
1522 355 1572 406 oi
1620 357 1840 427 πατέρες

1956 355 2124 410 vestri
2145 355 2211 409 ⁷⁸.
2238 354 2449 412 »Ιεειίοε
2480 370 2647 425 porro
2668 355 2835 410 dicit:
2858 375 2879 409 ι
2904 355 3383 415 Exacerbaverunt
3412 359 3530 432 Spi-

260 436 444 508 ὐμῶν.
506 456 525 487 ι
599 438 711 490 Καὶ
752 440 780 490 6
839 437 1069 501 Ἡσαΐας
1115 437 1298 505 λέγει·
1354 458 1372 489 ι
1432 438 1763 508 Παρώξυναν
1788 439 1840 492 τὲ

1954 447 2118 500 ritum
2167 453 2425 502 sanctum
2473 446 2542 502 ".
2583 464 2603 499 ι
2648 445 2716 500 Et
2744 447 2873 501 alibi
2904 465 2959 501 τι
2983 446 3187 505 Domus
3221 447 3394 507 Iacob
3430 466 3530 507 ex-

260 527 491 599 [Ινεῦμα
513 529 575 581 τὸ
600 531 770 597 ἅγιον.
796 548 815 580 ι
835 530 948 582 Καὶ
978 529 1221 601 ἑτέρωθι·
1255 547 1273 579 ι
1306 526 1466 594 Οἶκος
1495 531 1687 585 Ἰακὼὸ
1708 547 1850 602 παρ-

258 618 467 690 ὥργισε
508 618 570 672 τὸ
614 619 841 689 Πνεῦμα
869 618 1097 690 Κυρίου.
1138 637 1158 671 ι
1203 618 1363 672 Ἀλλὰ
1390 616 1577 671 δοῦλον
1605 618 1737 673 αὐτὸ
1764 619 1851 672 λέ-

257 727 379 780 γεις
400 728 416 741 ·
454 729 473 761 ι
513 712 575 764 '0
600 709 786 773 δοῦλος
800 706 904 763 οὑκ
935 707 1039 763 οἶδε
1072 711 1126 763 τί
1150 713 1291 763 ποιεῖ
1316 710 1481 763 αὐτοῦ
1514 714 1542 765 6
1569 711 1770 783 Κύριος
1794 729 1843 764 ἰ

258 802 320 856 τὸ
347 802 405 855 δὲ
434 802 663 873 Πνεῦμα
694 801 868 865 οὕτως
890 797 998 856 οἶδε
1028 801 1098 855 τὰ
1120 802 1213 855 τοῦ
1245 801 1405 866 Θεοῦ,
1430 802 1505 865 ὡς
1532 803 1593 856 τὸ
1629 803 1849 874 πνεῦμα

255 894 353 949 τοῦ
388 894 700 969 ἀνθρώπου,
730 896 791 948 τὸ
823 897 882 949 ὲν
917 894 1087 966 αύτῷ.

544 987 638 1042 26.
678 987 810 1040 Ὅτι
843 989 877 1040 ὁ
916 989 964 1039 Υ
962 986 1051 1052 ἰὸς
1076 986 1364 1053 ἀληθινὸς
1395 988 1561 1054 Θεός.

341 1076 403 1131 Ὅ
439 1076 696 1147 Ἰωάννης
727 1077 927 1147 γράφει
962 1078 1018 1129 ὲν
1050 1079 1116 1146 τῇ
1160 1076 1448 1147 Ἐπιστολῇ
1470 1093 1484 1107 ·
1526 1095 1545 1127 ι
1587 1075 1849 1146 Οἴδαμεν,

252 1168 343 1224 ὅτι
367 1168 398 1221 6
429 1167 561 1230 Υἱὸς
584 1167 677 1220 τοῦ
704 1166 840 1220 Θεοῦ
864 1166 1010 1238 ἥκει,
1037 1168 1134 1219 καὶ
1160 1166 1393 1220 δέδωκεν
1422 1168 1556 1237 ἡμῖν
1584 1166 1845 1230 διάνοιαν,

257 1260 350 1313 ἴνα
383 1258 745 1328 γινώσκωμεν
769 1258 860 1310 τὸν
888 1257 1139 1328 ἀληθινὸν
1166 1258 1319 1324 Θεὸν,
1359 1258 1451 1313 καί
1481 1261 1651 1329 ἐσμεν
1678 1261 1737 1314 ἐν
1770 1260 1848 1330 τῷ

255 1350 505 1422 ἀληθινῷ
563 1349 680 1420 Υίῷ
730 1348 898 1402 αὑτοῦ
937 1348 1113 1420 Ἰησοῦ
1156 1349 1397 1421 Χριστῷ.
1431 1335 1597 1414 Οὗτός
1639 1352 1785 1404 ἐστιν
1818 1352 1847 1403 6

253 1441 515 1512 ἀληθινὸς
542 1440 699 1503 Θεὸς,
724 1440 819 1493 καὶ
848 1441 881 1511 ἡ
912 1439 1024 1511 ζωὴ
1048 1442 1081 1511 ἡ
1114 1438 1331 1503 αἰώνιος
1362 1439 1495 1512 (79).
1538 1459 1560 1493 ι

472 1532 566 1587 27.
597 1533 719 1585 Ὀτι
756 1529 949 1602 μέγας
978 1530 1121 1597 Θεὸς
1147 1530 1375 1599 ἐκλήθη
1403 1534 1436 1585 δ
1474 1533 1627 1599 Υἱός.

337 1626 399 1679 '0
439 1623 767 1686 Ἀπὸστολος
810 1622 949 1694 πρὸς
978 1623 1169 1675 Τῖτον·
1204 1639 1223 1674 ι
1262 1622 1691 1695 Προσδεχόμενοι
1743 1623 1843 1696 τὴν

1951 537 2231 591 acerbavit
2262 535 2524 607 Spiritum
2555 536 2772 591 Domini
2807 539 2873 593 ⁷⁸.
2902 558 2920 591 ι
2940 538 3011 593 At
3041 548 3100 594 tu
3123 541 3274 595 illum
3303 556 3525 596 servum

1950 628 2123 697 dicis;
2157 629 2250 684 sed
2270 669 2283 693 ,
2308 648 2326 680 ι
2353 627 2558 684 Servus
2586 630 2795 695 nescit,
2829 630 2960 701 quid
2992 630 3156 686 faciat
3185 649 3320 688 suus
3348 632 3528 690 domi-

1950 735 2057 775 nus
2077 721 2143 772 '9.
2173 740 2191 772 ι
2213 718 2452 790 Spiritus
2477 729 2659 776 autem
2692 723 2765 775 ita
2792 724 2944 777 novit
2972 739 3034 777 ea
3055 763 3070 789 ,
3092 740 3213 794 qua:
3236 732 3366 783 sunt
3393 724 3530 795 Dei,

1954 818 2012 864 ut
2051 810 2277 880 spiritus
2308 811 2549 868 hominis
2570 852 2585 878 ,
2615 813 2710 884 qui
2740 820 2826 870 est
2854 814 2910 869 in
2940 814 3060 885 ipso
3088 816 3151 868 ⁸⁸.

2234 991 2326 1047 26.
2373 991 2527 1059 Quod
2567 991 2745 1047 Filius
2784 993 2853 1047 sit
2891 1010 3040 1048 verus
3080 993 3242 1051 Deus.

2018 1081 2257 1140 Joannes
2297 1082 2373 1135 ita
2418 1082 2475 1135 in
2516 1079 2758 1150 Epistola
2802 1083 3028 1136 scribit:
3070 1101 3089 1134 ι
3115 1081 3331 1140 Scimus
3373 1085 3522 1155 quod

1947 1177 2118 1232 Filius
2147 1175 2242 1230 Dei
2274 1175 2457 1238 venit,
2488 1181 2543 1229 et
2571 1174 2720 1228 dedit
2747 1175 2907 1229 nobis
2933 1184 3170 1231 mentem
3189 1215 3204 1241 ,
3234 1184 3292 1230 ut
3317 1191 3524 1247 cogno-

1947 1286 2167 1326 scamus
2196 1283 2386 1323 verum
2415 1265 2586 1320 Deum
2606 1306 2621 1329 ,
2653 1275 2709 1321 et
2735 1282 2927 1322 sumus
2957 1268 3014 1321 in
3042 1284 3171 1323 vero
3197 1267 3334 1323 Filio
3361 1270 3521 1339 ejus,

1945 1360 2076 1417 Jesu
2104 1358 2348 1414 Christo.
2375 1356 2477 1413 Hic
2501 1366 2587 1413 est
2616 1373 2777 1413 verus
2797 1357 2940 1413 Deus
2962 1366 3018 1414 et
3046 1358 3161 1413 vita
3188 1368 3390 1415 aeterna
3411 1360 3517 1415 “.s

2020 1536 2123 1606 l3
2152 1535 2244 1591 27.
2286 1532 2443 1601 Quod
2477 1531 2527 1586 F
2530 1534 2655 1587 ilius
2684 1543 2899 1588 vocatus
2940 1534 3008 1589 sit
3036 1551 3260 1606 magnus
3284 1534 3446 1591 Deus.

2012 1624 2311 1695 Apostolus
2368 1622 2435 1677 ad
2486 1621 2669 1676 Titum
2716 1641 2730 1677 :
2782 1641 2801 1675 ι
2852 1622 3245 1694 Exspectantes
3303 1625 3522 1684 beatam

257 1714 543 1787 μακαρίαν
581 1714 776 1767 ἐλπίδα
803 1712 901 1766 καὶ
933 1711 1253 1781 ἐπιφάνειαν
1288 1711 1391 1782 τῆς
1430 1712 1587 1783 δόξης
1619 1713 1713 1766 τοῦ
1750 1731 1840 1783 με-

1954 1732 2098 1787 spem
2129 1722 2183 1770 et
2215 1715 2509 1769 adventum
2540 1714 2724 1784 gloriae
2759 1716 2939 1785 magni
2975 1715 3091 1783 Dei,
3127 1727 3180 1771 et
3216 1717 3518 1774 Salvatoris

250 1808 425 1877 γάλου
458 1805 628 1870 Θεοῦ,
657 1807 755 1858 καὶ
788 1804 1043 1877 Σωτῆρος
1077 1804 1236 1872 ἡμῶν
1272 1803 1448 1875 Ἰησοῦ
1488 1805 1748 1874 Χριστοῦ,
1782 1805 1841 1870 ὃς

252 1899 455 1954 ἔδωκεν
479 1898 672 1953 ἑαυτὸν
691 1899 834 1971 ὑπὲρ
860 1897 1034 1971 ἡμῶν.
1048 1916 1069 1950 ι
1090 1898 1148 1951 '0
1162 1896 1326 1961 αὐτὸς
1345 1897 1482 1968 πρὸς
1508 1897 1808 1968 Ῥωμαίους
1823 1914 1837 1927 ·

256 2007 280 2044 ι
315 1989 408 2054 Ἐξ
424 1982 501 2042 ὧν
534 1991 563 2041 6
592 1970 830 2060 Χριστὸς
858 1987 919 2041 τὸ
952 1970 1092 2041 κατὰ
1126 1989 1327 2061 σάρκα,
1347 1989 1378 2042 6
1405 1987 1481 2042 ὣν
1509 1988 1600 2042 ἐπὶ
1625 1989 1842 2043 πάντων

251 2083 388 2147 Θεὸς
410 2081 700 2153 εὐλογητὸς
724 2083 805 2147 είς
835 2082 962 2146 τοὺς
993 2081 1218 2145 αἰῶνας.
1250 2099 1271 2134 ι
1310 2082 1503 2153 Ἀμήν.

249 2194 365 2265 282
375 2195 534 2265 Πρὸς
559 2197 703 2263 τοὺς
717 2194 1210 2265 ἐκλαμϐάνοντας
1240 2196 1325 2260 εἰς
1345 2194 1525 2265 ,ὕϐριν
1553 2194 1642 2261 τὸ,
1666 2213 1686 2247 ι
1718 2197 1841 2251 Οὐκ

324 2230 347 2251 ι
375 2214 534 2265 υρος
559 2214 703 2276 τους
717 2214 1210 2319 εκνιαέιοανοντας
1240 2214 1323 2260 εις
1354 2214 1525 2263 υοριν
1553 2214 1642 2261 το,
1666 2214 1686 2247 ι
1718 2214 1839 2282 υακ

324 2262 521 2333 ἦλθον
544 2282 795 2334 ποιησαι
818 2285 852 2320 τ
911 2264 1138 2334 θέλημα
1159 2265 1223 2319 τὸ
1253 2263 1421 2334 ἐμὸν,
1452 2266 1614 2320 ἀλλὰ
1644 2265 1710 2321 τὸ
1745 2270 1839 2321 θε-

325 2339 494 2405 λημα
509 2335 621 2408 (80)
651 2338 760 2391 τοῦ
791 2337 1145 2406 πέμψαντός
1166 2352 1244 2406 με
1275 2336 1525 2403 Πατρός.

327 2427 394 2481 Ei
422 2428 689 2500 αἰσχύνην
718 2428 875 2500 φέρει
898 2426 984 2497 τῷ
1020 2425 1159 2497 Υίῷ,
1186 2425 1249 2479 τὸ
1281 2424 1523 2497 πληροῦν
1547 2425 1607 2480 τὺ
1630 2425 1843 2497 θέλημα

250 2519 352 2574 τοῦ
383 2520 621 2590 Πατρὸς,
656 2518 921 2590 αἰσχύνην
950 2517 1104 2589 φέρει
1134 2518 1228 2570 καὶ
1256 2516 1334 2588 τῷ
1358 2516 1496 2586 Θεῷ,
1527 2516 1623 2570 καὶ
1641 2517 1840 2588 Πατρὶ,

254 2611 503 2682 πληροῦν
540 2610 603 2663 τὺ
636 2610 852 2681 θέλημα
901 2609 996 2663 τοῦ
1040 2609 1285 2663 δικαίου·
1327 2626 1347 2660 ι
1385 2608 1607 2680 Θέλημα
1644 2628 1664 2660 ι
1710 2608 1840 2680 γὰρ,

254 2707 424 2775 φησὶν
470 2705 502 2756 6
530 2703 714 2767 Aa6't6,
754 2723 773 2754 ι
796 2702 906 2756 τῶν
958 2702 1307 2774 φοϐουμένων
1360 2702 1523 2755 αὐτὸν
1565 2703 1778 2774 ποιήσει
1814 2704 1844 2755 6

256 2795 487 2867 Κύριος,
535 2794 631 2847 καὶ
668 2795 769 2865 τῆς
798 2794 1036 2865 δεήσεως
1078 2793 1256 2848 αὐτῶν
1296 2794 1692 2848 εἰσακούσεται.
1719 2814 1738 2845 ι
1780 2794 1843 2848 El

250 2889 462 2961 θνητῆς
494 2888 711 2959 φύσεως
739 2888 951 2958 θέλημα
988 2887 1229 2960 πληροῦν
1251 2889 1279 2940 6
1303 2889 1437 2953 Θεὸς
1462 2889 1563 2941 οὐκ
1594 2889 1846 2960 αἰσχύνε-

249 3000 367 3044 ται,
382 2983 413 3034 6
434 2981 561 3044 Υἱὸς
579 2980 670 3033 διὰ
686 2980 787 3052 τὴν
807 2980 1071 3051 ένσαρκον
1090 2981 1401 3052 οἰκονομίαν
1422 2982 1514 3035 καὶ
1534 2980 1633 3053 τὴν
1655 2979 1840 3051 σχέσιν

1943 1808 2121 1862 nostri
2150 1805 2279 1861 Jesu
2313 1805 2538 1869 Christi,
2574 1807 2668 1876 qui
2708 1805 2856 1862 dedit
2898 1808 3249 1877 semetipsum
3283 1825 3382 1879 pro
3412 1826 3516 1864 no-

1942 1899 2029 1955 bis
2053 1900 2118 1952 ⁸².
2143 1917 2162 1950 ι
2198 1897 2341 1953 Idem
2371 1897 2440 1952 ad
2477 1896 2798 1954 Romanos:
2835 1917 2853 1949 ι
2886 1899 2962 1953 Ex
3001 1899 3200 1969 quibus
3241 1898 3514 1970 Christus,

1943 1991 2247 2047 secundum
2292 2005 2536 2060 carnem,
2571 1992 2667 2063 qui
2708 2000 2794 2049 est
2837 2007 3004 2065 super
3031 1995 3213 2049 omnia
3241 1995 3384 2052 Deus
3421 1996 3518 2053 be-

1937 2082 2197 2139 nedictus
2227 2082 2284 2137 in
2312 2083 2534 2140 saecula.
2564 2082 2739 2139 Amen
2758 2085 2824 2140 ⁸³.
2858 2105 2879 2138 ι

1939 2195 2034 2271 28,
2054 2197 2349 2271 -ᾼλιιρεηιιε
2385 2216 2496 2265 eos,
2544 2201 2636 2271 qui
2661 2199 2772 2271 _I_toc
2797 2201 2997 2255 dictum
3043 2201 3111 2256 ad
3144 2203 3527 2258 contumeliam-

2016 2265 2192 2338 (Filii)
2239 2265 2612 2341 acqipiuntﬁ:
2645 2269 2769 2341 Non
2819 2274 2929 2325 veni
2980 2272 3154 2341 facere
3199 2274 3517 2329 voluntatem

2013 2354 2205 2402 meam,
2236 2338 2326 2393 sed
2356 2341 2675 2394 voluntatem
2709 2340 2914 2409 Patris,
2942 2338 3031 2412 qni
3055 2344 3197 2397 misit
3229 2360 3309 2397 me
3324 2344 3392 2400 “.
3420 2363 3440 2398 ι

2017 2428 2074 2485 Si
2104 2430 2305 2500 probro
2332 2440 2417 2487 est
2445 2431 2583 2486 Filio
2616 2431 2916 2503 adimplere
2949 2436 3285 2492 voluntatem
3310 2435 3516 2504 Patris,

1943 2522 2145 2593 probro
2175 2538 2393 2594 quoque
2423 2534 2512 2578 est
2540 2523 2669 2589 Deo,
2700 2534 2755 2580 et
2786 2524 2959 2590 Patri,
2990 2527 3287 2599 adimplere
3321 2529 3517 2584 volun-

1942 2621 2109 2669 tatem
2136 2614 2307 2684 justi;
2334 2615 2505 2670 David
2547 2617 2692 2671 enim
2742 2616 2851 2672 ait:
2885 2637 2904 2669 ι
2936 2616 3281 2674 Voluntatem
3311 2620 3514 2675 timen-

1942 2708 2078 2761 tium
2121 2722 2180 2763 se
2224 2706 2387 2763 faciet
2415 2707 2702 2774 Dominus,
2753 2718 2807 2766 et
2837 2710 3274 2782 deprecationem
3325 2728 3525 2769 eorum

1944 2800 2198 2855 exaudiet
2221 2800 2287 2854 ⁸⁸.
2323 2819 2344 2855 ι
2375 2799 2531 2867 Quod
2563 2802 2610 2857 si
2639 2801 2803 2869 Deus,
2845 2804 3148 2876 adimplens
3181 2806 3514 2861 voluntatem

1944 2893 2280 2959 mortalium,
2305 2906 2415 2948 non
2439 2892 2774 2949 suﬂ‘unditur
2793 2896 3032 2966 pudore;
3064 2896 3235 2952 Filius
3258 2897 3422 2968 igitur
3444 2897 3515 2953 ob

1947 2983 2198 3040 humana:
2233 2986 2416 3041 carnis
2456 2987 2921 3057 dispensationem
2969 2995 3023 3044 et
3068 2988 3313 3043 habitum
3354 2988 3519 3044 nobis

250 3074 355 3146 τὴν
389 3075 532 3148 πρὸς
562 3075 735 3145 ἡμᾶς,
773 3075 871 3128 καὶ
917 3073 1253 3129 κατάστασιν
1277 3075 1377 3145 τὴν
1422 3072 1696 3147 δουλικὴν,
1743 3074 1840 3146 τὴν

1954 3075 2383 3142 convenientem,
2410 3085 2465 3133 et
2493 3078 2863 3135 conditionem
2896 3081 3173 3146 servilem,
3212 3096 3376 3152 quam
3415 3095 3517 3135 no-

249 3172 321 3226 δι⁹
350 3172 503 3241 ἡμᾶς
534 3168 859 3240 γενομένην,
884 3169 1093 3238 λέγων·
1124 3188 1142 3221 ι
1166 3170 1283 3224 Ούκ
1310 3165 1474 3241 ἦλθον
1514 3171 1736 3241 ποιῆσαι
1775 3171 1837 3223 τὸ

248 3262 388 3335 ἐμὸν
436 3261 686 3332 θέλημα,
725 3281 745 3313 ι
779 3262 1024 3314 τουτέστι
1055 3261 1115 3315 τὸ
1163 3263 1260 3331 τῆς
1301 3262 1502 3336 σαρκὸς
1526 3303 1541 3327 ,
1581 3263 1768 3335 ἐπειδὴ
1802 3264 1836 3335 ἡ

251 3354 395 3427 σὰρξ
418 3355 527 3408 ίδία
552 3353 742 3418 αὐτοῦ,
770 3373 791 3405 ‹
820 3353 957 3407 ἀλλὰ
979 3354 1042 3407 τὸ
1071 3354 1166 3408 τοῦ
1190 3356 1432 3426 Πατρός·
1464 3376 1482 3408 ι
1508 3356 1753 3410 τουτέστι
1777 3356 1838 3409 τὸ

250 3446 470 3500 θεῖκόν·
499 3444 575 3515 μὴ
609 3440 703 3497 οὖν
741 3445 823 3507 είς
866 3443 1142 3498 εὐτέλειαν
1188 3434 1633 3515 ἐκλαμϐανέσθω,
1657 3446 1706 3497 εί
1746 3444 1838 3497 καὶ

248 3539 324 3592 τὰ
352 3537 591 3609 μάλιστα
623 3535 876 3589 ἐκλύεται
909 3534 1090 3589 αὐτῶν
1132 3537 1165 3607 ἡ
1199 3536 1448 3590 ὲπίνοια·
1481 3554 1499 3586 ι
1528 3534 1838 3607 Προσῆλθεν

251 3631 405 3702 αὐτῷ
425 3631 652 3702 λεπρὸς,
680 3628 992 3698 γονυπετῶν
1034 3629 1128 3682 καὶ
1164 3629 1337 3699 λέγων
1357 3647 1370 3660 ·
1401 3628 1596 3701 Κύριε,
1627 3628 1723 3682 ἐὰν
1752 3628 1840 3681 θέ-

249 3724 373 3795 λῃς,
400 3722 632 3777 δύνασαί
669 3739 738 3792 με
783 3721 1110 3790 καθαρίσαι·
1142 3740 1160 3773 ι
1204 3720 1278 3792 μὴ
1315 3721 1647 3775 ἀπεσείσατο
1678 3721 1839 3776 αὐτὸν

250 3818 281 3869 6
307 3815 543 3885 M9;
576 3811 651 3884 μὴ
694 3807 838 3875 εἷπε,
866 3809 933 3863 Τί
964 3810 1307 3880 βλασφημεῖς
1329 3847 1345 3873 ,
1388 3808 1484 3862 ἐὰν
1509 3808 1619 3877 ἐγὼ
1659 3807 1834 3874 θέλω;

248 3908 350 3964 ἐὰν
394 3906 529 3980 θέλῃ
560 3908 589 3959 6
620 3903 782 3967 Θεός·
820 3903 943 3973 οὐχὶ
989 3901 1047 3954 δὲ
1088 3901 1304 3967 ἐδέξατο
1330 3901 1392 3953 τὸ
1434 3899 1838 3973 ἀπηρτισμένον

248 4004 355 4073 τῆς
377 4000 655 4062 πίστεωςς
684 3996 827 4066 οὐχὶ,
866 3994 945 4065 τῷ
968 3992 1118 4065 αὐτῷ
1147 3992 1291 4063 λόγῳ
1334 3992 1659 4064 ἀντιτρέψας
1690 3990 1839 4063 αὐτῷ

248 4093 354 4163 τὴν
382 4088 679 4157 συλλαϐὴν,
725 4087 825 4158 τὴν
854 4085 1129 4156 σωτηρίαν
1156 4085 1364 4154 ἢγαγεν
1399 4082 1549 4153 αὐτῷ
1566 4123 1581 4147 ,
1628 4083 1801 4153 λέγων
1820 4099 1834 4113 ·

255 4202 277 4234 ι
312 4182 507 4246 Θέλω,
535 4178 939 4250 καθαρίσθητι;
974 4195 994 4229 ι
1042 4175 1222 4229 Θέλων
1268 4174 1554 4246 καθαρίζει
1601 4173 1832 4245 λεπρόν·

250 4273 427 4328 θέλων
461 4271 720 4335 ζωοποιεῖ
743 4268 974 4340 νεκρόν·
1021 4267 1273 4338 ⁴ἠθέλησε,
1311 4268 1407 4321 καὶ
1432 4266 1621 4340 ἤγειρε
1654 4268 1837 4332 Λάζα-

1939 3170 2037 3225 stri
2074 3185 2241 3226 causa
2285 3172 2549 3243 suscepit,
2593 3188 2717 3228 cum
2748 3173 2881 3228 dicit
2915 3193 2928 3228 :
2962 3194 2979 3226 ι
3007 3173 3125 3229 Non
3165 3176 3288 3230 veni
3334 3174 3517 3233 facere

1936 3263 2271 3316 voluntatem
2306 3278 2504 3329 meam,
2536 3283 2557 3316 ι
2587 3264 2691 3321 hoc
2719 3274 2805 3321 est
2832 3267 3016 3322 carnis
3048 3282 3201 3329 meae.
3238 3286 3256 3319 ι
3286 3267 3380 3322 sed
3408 3266 3516 3321 Pa-

1936 3355 2060 3419 tris,
2083 3354 2132 3385 "
2163 3375 2182 3407 ι
2216 3355 2321 3410 hoc
2347 3363 2432 3412 est
2460 3357 2703 3412 divinam
2734 3359 3100 3427 voluntatem;
3124 3376 3193 3415 ne
3233 3360 3287 3414 in
3315 3359 3514 3430 despe-

1937 3452 2084 3497 ctum
2132 3446 2339 3511 veniat,
2387 3447 2639 3517 quamvis
2685 3448 2905 3503 illorum
2961 3450 3230 3505 sententia
3275 3451 3515 3507 maxime

1938 3534 2138 3590 isthinc
2187 3536 2521 3592 dissolvatur
2560 3557 2573 3593 :
2610 3557 2629 3590 ι
2662 3539 2911 3597 Accessit
2950 3540 3018 3596 ad
3065 3559 3190 3598 eum
3238 3544 3510 3613 lcprosus,

1937 3639 2115 3695 genua
2153 3625 2401 3692 ﬂectens,
2433 3634 2488 3682 et
2534 3627 2692 3690 dixit,
2725 3626 2973 3692 Domine,
3002 3629 3049 3684 si
3076 3631 3183 3694 vis,
3228 3638 3385 3701 potes
3426 3646 3517 3685 me

1938 3716 2204 3773 mundare
2224 3718 2289 3775 ⁸⁷.
2325 3739 2344 3771 ι
2377 3717 2534 3774 Hunc
2567 3720 2755 3790 igitur,
2791 3736 2861 3775 an
2894 3722 3083 3790 rejecit
3122 3721 3411 3778 Salvator?
3440 3737 3510 3777 an

1938 3809 2076 3864 dixit
2105 3811 2178 3878 ei,
2200 3810 2340 3878 Quid
2369 3812 2717 3882 blasphemas
2745 3829 2869 3870 cum
2898 3813 3058 3881 dicis,
3082 3815 3127 3871 si
3149 3817 3293 3878 volo,
3320 3830 3381 3870 ac
3400 3830 3511 3869 non

1940 3902 2122 3970 potius
2159 3900 2345 3957 Deus?
2369 3902 2511 3969 Quid
2558 3905 2725 3976 ergo?
2758 3921 2939 3961 nonne
2979 3907 3301 3977 approbavit
3342 3906 3514 3976 perie-

1939 3994 2174 4049 ctionem
2202 3993 2323 4064 ejus
2351 3994 2512 4051 ﬁdei?
2540 4012 2721 4052 nonne
2751 3995 2944 4052 iisdem
2983 3996 3323 4067 respondens
3346 3997 3513 4067 sylla-

1938 4085 2024 4141 bis
2086 4086 2319 4142 salutem
2376 4088 2457 4142 illi
2509 4090 2744 4144 contulit
2791 4089 2984 4145 dicens
3027 4108 3091 4145 ει
3141 4087 3296 4156 Volo,
3348 4104 3513 4143 mun-

1937 4176 2072 4234 dare
2092 4179 2181 4234 Is'3?
2207 4199 2225 4232 ι
2254 4179 2459 4237 Volens
2488 4189 2686 4253 purgat
2718 4184 2991 4253 leprosum
3016 4201 3030 4237 :
3055 4181 3245 4239 volens
3271 4180 3514 4236 viviﬁcat

1940 4284 2255 4330 mortuum:
2288 4274 2480 4340 voluit,
2513 4283 2568 4330 et
2605 4275 2862 4332 excitavit
2893 4273 3161 4329 Lazarum
3175 4274 3241 4339 θ’,
3283 4272 3519 4344 ejusque

251 4382 376 4438 ρον·
413 4364 513 4417 καὶ
544 4361 711 4416 αὑτοῦ
756 4361 876 4413 ἐστι
918 4360 1104 4430 φωνή·
1134 4376 1154 4410 ι
1183 4360 1390 4428 Ὥσπερ
1416 4358 1445 4409 6
1471 4358 1661 4429 Πατὴρ
1692 4356 1837 4428 ζωὴν

1954 4380 2043 4419 vox
2080 4373 2165 4421 est
2197 4384 2213 4421 :
2246 4384 2265 4418 ι
2298 4365 2452 4421 Sicut
2482 4365 2644 4424 Pater
2688 4369 2855 4424 vitam
2900 4367 3062 4423 habet
3091 4366 3150 4421 in
3191 4366 3507 4438 semetipso,

249 4429 364 4528 ξχει
392 4458 453 4509 ὲν
485 4453 699 4525 ἑαυτῷ,
725 4452 900 4515 οὕτως
933 4452 1028 4505 καὶ⁹
1067 4450 1145 4521 τῷ
1170 4451 1286 4521 Υίῷ
1312 4450 1481 4504 ἔδωκε
1516 4449 1659 4520 ζωὴν
1694 4448 1837 4520 ἔχειν

1961 4463 2014 4510 ta
2045 4466 2100 4511 et
2142 4456 2280 4512 Filio
2338 4458 2488 4513 dedit
2520 4460 2686 4514 vitam
2726 4460 2928 4514 habere
2962 4459 3018 4513 in
3065 4457 3360 4527 semetipso
3381 4429 3447 4511 δ’.

250 4553 311 4603 ὲν
338 4547 519 4618 ἑαυτῷ
541 4565 555 4577 ·
590 4566 610 4599 ι
644 4547 740 4600 καὶ
767 4544 959 4599 πάλιν·
995 4561 1015 4593 ι
1046 4543 1255 4614 Ὥσπερ
1276 4545 1304 4595 6
1345 4543 1539 4613 Πατὴρ
1586 4541 1840 4607 ζωοποιεῖ

1954 4547 2005 4603 Et
2034 4564 2294 4605 rursum:
2325 4569 2344 4603 ι
2377 4549 2447 4606 Ut
2472 4550 2632 4606 Pater
2664 4552 2904 4606 viviﬁcat
2931 4560 3198 4618 mortuos,
3233 4550 3309 4604 ita
3334 4558 3388 4604 et
3418 4545 3511 4601 Fi-

253 4642 379 4705 τοῖρς
399 4640 653 4710 νεκροὺς,
676 4635 848 4700 οὕτως
876 4634 972 4689 καὶ
998 4636 1027 4688 6
1056 4635 1181 4699 Υἱὸς
1200 4634 1293 4698 οὒς
1320 4634 1483 4699 θέλει,
1504 4634 1785 4699 ζωοποιεῖ·
1814 4653 1833 4686 ι

1954 4638 2066 4702 ius,
2102 4654 2240 4709 quos
2269 4640 2405 4703 vult,
2436 4640 2736 4695 viviﬁcat"
2769 4659 2783 4695 :
2819 4660 2839 4694 ι
2868 4640 3017 4712 quod
3054 4640 3234 4710 ipsum
3263 4638 3431 4693 etiam
3473 4651 3505 4689 a

252 4732 347 4785 καὶ
373 4730 537 4784 τοῦτο
559 4727 725 4782 Δαόὶδ
759 4727 939 4795 λέγει·
977 4744 997 4776 ι
1021 4727 1142 4780 Ὅτι
1166 4726 1305 4798 ὀργὴ
1341 4728 1400 4779 ὲν
1442 4725 1521 4797 τῷ
1547 4725 1704 4797 θυμῷ
1737 4725 1836 4779 αύ-

1954 4728 2141 4786 Davide
2202 4732 2404 4786 dicitur
2446 4751 2459 4787 :
2509 4750 2527 4782 ι
2559 4732 2830 4799 Quoniam
2886 4733 2968 4787 ira
3016 4733 3071 4787 in
3137 4729 3511 4802 indignatione

250 4823 371 4887 τοῦ,
400 4822 500 4876 καὶ
532 4819 648 4891 ζωὴ
678 4823 736 4874 ὲν
757 4819 837 4890 τῷ
873 4820 1141 4890 θελήματι
1173 4817 1359 4872 αὐτοῦ.
1386 4838 1405 4871 ι

1954 4821 2080 4890 ejus,
2111 4830 2164 4877 et
2201 4824 2313 4877 vita
2337 4824 2393 4878 in
2419 4824 2701 4880 voluntate
2730 4824 2850 4895 ejus
2870 4825 2936 4880 θ’.
2964 4844 2982 4876 ι

249 4934 342 4989 ‘29.
385 4933 549 5001 Πρὸς
580 4932 722 4997 τοὺς
752 4931 1067 5000 λέγοντας,
1105 4930 1190 4983 ὅτι
1227 4931 1419 4986 εἰπεῖν
1454 4930 1563 5001 τὸν
1589 4930 1836 4999 Σωτῆρα

1954 4934 2029 4989 ὶ9.
2074 4934 2340 4991 Adversus
2370 4953 2459 4993 eos

319 5003 399 5084 ζῆ
427 4999 609 5084 my»:
646 5001 780 5084 ,τῶν
808 4999 957 5056 utan-
1003 5001 1342 5054 Ζεϐεδαίου·
1384 5001 1445 5055 Τί
1494 4999 1723 5067 θέλειςς
1752 5002 1833 5067 ὡς

320 5073 694 5144 ἀγνοοῦντός
726 5072 919 5126 ἐστιν.

320 5163 669 5236 Εὑρίσκομεν
701 5163 761 5216 ὲν
791 5165 860 5234 τῇ
890 5160 1106 5232 Παλαιᾷ
1134 5162 1376 5235 Διαθήκῃ
1395 5201 1410 5227 ,
1453 5162 1702 5230 λέγοντος
1735 5165 1829 5219 τοῦ

2508 4940 2599 5006 qui
2631 4939 2833 4995 dicunt.
2868 4939 3019 4994 verba
3046 4938 3157 4993 Iure
3179 4934 3505 5001 Saluatoris,

2014 5003 2153 5071 Quid
2190 5008 2308 5061 vis?
2340 5010 2499 5062 matri
2520 5003 2754 5077 ﬁliorum
2794 5008 3032 5064 Zebedazi
3058 5010 3222 5074 dicta,
3254 5008 3506 5078 ignoran-

2012 5079 2141 5128 tiam
2172 5092 2283 5145 pne
2303 5094 2360 5131 se
2387 5079 2542 5147 ferre.

2008 5166 2320 5225 Invenimus
2343 5171 2394 5224 in
2414 5169 2596 5226 Veteri
2625 5169 2997 5237 Testamento,
3025 5170 3139 5225 haec
3169 5169 3317 5240 loqui
3336 5167 3507 5225 Deum

315 5319 363 5350 "
394 5317 659 5392 Atilii",
692 5314 800 5392 5i;
932 5313 1057 5392 Isa_._
1082 5329 1243 5392 Exin,
1275 5315 1363 5369 i0.
1384 5385 1412 5392 __
1443 5316 1489 5348 '“'
1513 5314 1677 5392 Migh.
1708 5334 1765 5381 ll,
1794 5318 1840 5374 7.

1954 5323 1966 5353 ’
1999 5320 2157 5392 Joan.
2183 5339 2273 5387 xv,
2311 5325 2399 5380 i5.
2502 5325 2547 5357 '°
2577 5325 2596 5378 Ι
2623 5325 2748 5381 Cor.
2781 5342 2840 5389 ιι,
2865 5327 2953 5392 10,
2987 5326 3073 5380 ii.
3145 5327 3188 5359 ⁵⁸
3218 5325 3237 5378 1
3263 5324 3422 5383 Joan.
3447 5341 3505 5390 v,

253 5386 340 5461 τί).
416 5388 465 5461 ἐξ
494 5388 606 5461 Tit.
643 5385 937 5461 ti,_15._ji_.
1014 5385 1059 5417 ⁸³
1084 5384 1455 5461 Βοσιᾷιιηῧκ
1509 5387 1557 5418 ⁸⁸
1586 5385 1747 5461 Joan.
1781 5405 1840 5442 vt

1954 5400 1976 5445 ι.
2052 5391 2099 5423 ⁸⁸
2121 5384 2269 5449 Ρεειιζ
2299 5410 2477 5459 cxuv,
2510 5394 2595 5449 i9.
2673 5397 2720 5427 ⁸⁸
2745 5384 2902 5450 Joan.
2928 5384 3002 5461 vi,
3028 5397 3118 5453 '58.
3196 5396 3240 5427 ⁸⁷
3268 5397 3434 5451 Marc.
3465 5384 3504 5460 ι,

260 5459 340 5513 ιο.
412 5456 747 5512 “ibid”.
817 5453 1277 5520 "Joan.x1,43.
1357 5454 1783 5521 “Joan.v,26.
1841 5453 1904 5492 τοι
1938 5461 2070 5517 ibid.
2098 5462 2186 5518 ει.
2264 5453 2474 5520 “Psal.
2512 5465 2741 5527 xxxx,6.
2991 5453 3033 5483 "

320 5641 440 5779 179;
479 5641 806 5703 Vaticanus,
837 5641 930 5695 καὶ
958 5638 1072 5712 ζωὴ
1101 5641 1338 5704 αἰώνιος.

324 5711 416 5771 (80
477 5711 553 5763 Τὸ
586 5709 798 5779 Θέλημα
830 5712 984 5768 deest
1022 5712 1076 5767 in
1131 5712 1263 5769 edit.
1300 5711 1338 5770 C

324 5709 440 5779 (80)
477 5711 553 5763 Τὸ
586 5709 798 5782 Θέλημα
830 5712 984 5768 deest
1022 5709 1076 5767 in
1131 5712 1263 5769 edit.
1300 5711 1587 5781 Commel.,
1619 5711 1716 5770 sed
1743 5711 1942 5783 legitur
1965 5710 2020 5767 in
2044 5711 2307 5769 Vaticano
2336 5721 2388 5768 et
2417 5711 2741 5783 Anglicano,
2767 5721 2820 5769 et
2843 5714 2897 5769 in
2921 5714 3151 5783 reliquis
3171 5712 3355 5771 editis.
