3890 6186
360 203 428 258 59
1491 207 1547 264 S.
1592 207 2056 268 ATHANASIUS.
2098 243 2166 253 —
2193 211 2418 267 DUBI'A.
3555 210 3638 268 δέ)

361 323 429 377 ad
461 319 808 376 Salomonem
837 340 850 376 :
881 339 900 373 ι
930 321 1157 379 Postula
1187 340 1217 378 a
1243 341 1349 392 me,
1379 335 1432 382 et
1463 326 1658 383 iaciam
1695 330 1793 384 tibi
1816 330 1886 388 θ’.
1917 349 1936 382 ι

2058 330 2180 384 θεοῦ
2219 330 2492 402 Σολομῶνι
2513 347 2526 359 ·
2551 328 2691 400 ((81)
2711 328 2942 399 Αίτησαι
2968 328 3097 400 παρ’
3119 325 3385 399 ὲμοῦ,καὶ
3413 329 3638 398 ποιήσω

358 413 500 482 Quid
549 415 756 486 igitur?
790 431 920 469 num
975 424 1268 488 antequam
1318 421 1621 489 postularet
1657 421 1937 487 Salomon,

361 507 651 577 ignorabat
696 506 842 564 Deus
887 510 1018 579 quid
1075 513 1166 567 ille
1210 513 1267 567 in
1317 514 1498 568 animo
1540 516 1800 572 haberet?
1844 520 1940 574 sed

359 601 476 654 vult
515 616 626 656 una
657 617 783 656 cum
819 604 1131 673 cognitione
1163 603 1278 668 Dei,
1309 606 1662 662 manifestare
1696 611 1942 678 postula-

360 691 562 755 tiones,
596 701 656 746 ut
683 693 861 762 inquit
898 693 1140 751 Paulus:
1170 715 1188 746 ι
1223 695 1288 749 Et
1315 697 1603 766 petitiones
1635 707 1830 754 vestrae
1864 701 1943 754 in-

358 793 651 839 notescant
679 786 821 856 apud
854 786 1023 843 Deum
1049 790 1118 844 οδ.
1153 809 1171 842 ι
1208 788 1266 844 1d
1297 798 1400 854 est,
1437 791 1673 846 indicate
1700 793 1776 846 illi
1810 793 1939 862 quid

358 877 564 940 velitis,
594 894 702 932 non
727 889 984 949 tanquam
1010 881 1303 951 ignoranti,
1337 883 1430 937 sed
1455 889 1712 954 tanquam
1736 884 1940 939 bonum

361 970 704 1039 propositum
737 973 1084 1041 approbanti.

359 1057 458 1131 50;
492 1059 753 1114 Adversus
776 1078 862 1115 eos
891 1064 982 1131 qui
1007 1062 1212 1125 dicunt,
1240 1064 1293 1118 in
1342 1066 1574 1120 ministri
1605 1067 1788 1120 ordine
1830 1082 1942 1127 esse

411 1127 636 1194 Filium,
661 1147 719 1186 eo
749 1132 889 1202 quod
904 1127 1098 1201 afferat
1124 1132 1281 1187 Patri
1309 1135 1596 1190 humanam
1619 1148 1887 1191 naturam.

434 1311 723 1384 Scriptura
762 1315 970 1370 indicat
1010 1316 1248 1380 Patrem,
1303 1317 1574 1374 adducere
1618 1319 1683 1373 ad
1717 1319 1937 1376 Filium.

359 1404 504 1458 Audi
531 1420 766 1475 namque
794 1406 992 1461 Filium
1024 1409 1139 1463 haec
1173 1409 1290 1479 ipsa
1334 1411 1646 1481 loquentem
1676 1432 1688 1466 :
1724 1431 1742 1460 ι
1773 1412 1943 1468 Nemo

362 1504 545 1566 potest
597 1498 784 1552 venire
834 1500 901 1552 ad
954 1515 1061 1565 me,
1120 1501 1227 1556 nisi
1282 1500 1443 1557 Pater
1499 1519 1653 1559 meus
1702 1507 1943 1562 caelestis

364 1588 593 1642 traxerit
624 1587 774 1642 illum
795 1591 862 1644 ³⁵.
897 1610 915 1642 ι

363 1699 454 1754 51.
496 1699 758 1776 Adversus
792 1718 878 1756 eos
910 1704 999 1772 qui
1013 1705 1273 1776 “serviunt
1305 1705 1537 1770 vocibus,
1568 1716 1618 1762 et
1667 1727 1770 1764 non
1820 1728 1938 1767 sen-
1977 1723 2016 1776 Β

437 1772 611 1845 tentiis
647 1788 942 1845 sacrarunt
1001 1774 1302 1829 litterarum
1331 1793 1348 1829 :
1375 1787 1426 1830 et
1473 1779 1677 1845 faciunt
1726 1781 1945 1836 Patrem

436 1839 605 1894 Deum
638 1840 788 1898 Filii.

435 1959 736 2028 Apostolus
765 1958 898 2014 dicit
927 1977 945 2014 :-
972 1977 990 2010 ι
1016 1959 1158 2016 Deus
1186 1959 1404 2016 Domini
1430 1963 1607 2017 nostri
1635 1962 1764 2020 Iesu
1791 1963 1949 2020 Chri-

361 2049 456 2113 sti,
481 2048 642 2105 Pater
670 2051 931 2122 gloria".
967 2071 986 2105 ›
1023 2051 1188 2108 lsthic
1220 2068 1404 2108 rerum
1437 2057 1804 2111 oeconomiam
1833 2058 1949 2112 dis—

369 2143 640 2211 pensavit,
672 2158 799 2197 nam
864 2152 919 2199 et
958 2143 1189 2215 gloriam
1222 2144 1419 2201 Filium
1465 2150 1805 2219 unigenitum
1853 2166 1948 2219 ap-

371 2233 595 2303 pellavit
620 2254 633 2289 :
659 2233 843 2290 Jesum
879 2235 1161 2292 Christum
1193 2253 1322 2293 vero
1347 2239 1650 2294 nominavit
1682 2241 1949 2314 praedica-

370 2327 572 2380 tionem
630 2326 1084 2396 dispensationis.
1144 2327 1249 2400 14
1308 2329 1744 2402 Dispensatiouis
1800 2335 1944 2389 enim

363 2416 509 2473 Deus
545 2427 651 2479 est.
699 2420 886 2490 glorize
916 2435 1046 2474 vero
1091 2419 1277 2476 Pater.
1332 2420 1391 2474 Si
1445 2438 1553 2476 non
1584 2424 1766 2479 credis
1817 2423 1947 2478 huic

363 2512 534 2575 dicto,
562 2511 656 2566 sed
689 2512 848 2564 aliam
871 2512 1152 2566 existimas
1179 2528 1303 2568 esse
1327 2514 1580 2584 gloriam,
1608 2517 1765 2586 cujus
1788 2515 1948 2572 Pater

363 2601 508 2658 Deus
536 2611 647 2670 est;
693 2603 855 2657 aliam
885 2603 1054 2673 igitur
1084 2605 1503 2662 comminiscere
1538 2615 1814 2673 naturam,
1854 2626 1946 2665 su—

365 2697 672 2750 blimiorem
707 2693 846 2749 Filio
879 2715 892 2750 :
921 2702 982 2750 ut
1010 2697 1101 2767 qui
1136 2704 1221 2751 est
1250 2696 1411 2752 Pater
1439 2699 1648 2767 glorize,
1694 2701 1813 2771 ejus
1843 2700 1947 2756 Pa.

363 2797 445 2842 ter
474 2789 820 2857 nominetur;
857 2789 1025 2858 hujus
1053 2804 1182 2845 vero
1219 2788 1381 2846 Deus.
1419 2788 1606 2845 Gloria
1639 2794 1784 2848 enim
1809 2792 1941 2849 Uni-

358 2880 579 2950 genitus
617 2881 861 2936 dicitur:
895 2901 915 2933 ι
951 2881 1018 2935 Ει
1065 2883 1326 2948 vidimus,
1361 2901 1379 2934 ι
1419 2882 1618 2954 inquit,
1667 2903 1684 2935 ι
1716 2887 1942 2956 gloriam

363 2973 505 3042 ejus,
543 2974 772 3044 gloriam
805 2977 966 3046 quasi
995 2975 1277 3047 Unigeniti
1305 2991 1337 3029 a
1368 2976 1528 3032 Patre
1554 2978 1620 3032 ⁵⁷.
1650 2997 1666 3028 ι
1696 2978 1943 3050 Quapro-

2051 438 2154 474 σοι.
2179 441 2197 473 ι
2224 418 2350 492 τΑρ’
2384 417 2478 475 οῦν
2513 421 2642 492 πρὶν
2676 421 2928 488 αἰτῆσαι,
2973 420 3072 471 οὑκ
3106 418 3222 489 ᾔδει
3256 417 3292 472 ἃ
3336 414 3447 490 εἶχε
3483 419 3638 473 κατὰ

2047 513 2261 584 ψυχήν;
2301 513 2461 570 Ἀλλά
2491 513 2740 584 βούλεται
2768 514 2914 584 ἡμᾶς
2946 511 3086 582 μετὰ
3122 511 3221 581 τῆς
3250 510 3502 579 γνώσεως
3529 510 3636 566 τοῦ

2048 606 2181 658 Θεοῦ
2211 605 2477 677 φανεροῦν
2500 605 2567 658 τὰ
2600 607 2898 676 αἰτήματα,
2921 604 2995 667 ὥς
3035 622 3168 675 φησι
3192 604 3434 668 Παῦλος·
3464 622 3484 656 ‹
3513 605 3634 660 Καὶ

2047 699 2119 754 τὰ
2159 700 2437 770 αἰτήματα
2488 699 2641 770 ὑμῶν
2686 698 3034 770 γνωριζέσθω
3084 699 3219 770 πρὸς
3272 698 3363 752 τὸν
3403 700 3569 753 Θεόν·
3606 719 3626 752 ι

2048 795 2168 848 ἀντὶ
2226 794 2350 858 τοῦ,
2389 793 2688 865 Γνωρίζετε
2720 792 2868 863 αὐτῷ
2901 792 2950 844 τί
2984 791 3186 854 θέλετε,
3221 793 3318 862 οὐχ
3361 793 3436 856 ὡς
3462 794 3630 865 ἀγνο-

2049 889 2219 955 οῦντι,
2247 889 2360 942 ἀλλ’
2394 888 2470 952 ὡς
2503 887 2601 958 τὴν
2641 885 2811 956 καλὴν
2845 884 3102 955 πρόθεσιν
3138 883 3538 954 ἀποδεχομένῳ.

2047 1071 2139 1128 50.
2184 1069 2342 1138 Πρὸς
2378 1070 2524 1138 τοὺς
2556 1065 2954 1138 λέγονταςίέν
2984 1064 3281 1138 ὑπηρέτου
3310 1065 3474 1138 τάξει
3506 1067 3631 1119 κεῖ-

2118 1135 2258 1196 σθαι
2292 1135 2398 1193 τὸν
2441 1135 2648 1204 ’Υἱὸνξ
2687 1138 2784 1190 διὰ
2814 1137 2877 1190 τὸ
2927 1135 3290 1204 προσφέρειν
3320 1135 3400 1201 τῷ
3443 1140 3632 1206 Πατρὶ

2118 1213 2236 1281 τὴν
2273 1211 2722 1278 ἀνθρωπότητα.
2842 1244 2858 1253 -

2128 1327 2195 1378 Ἥ
2223 1323 2414 1396 Γραφὴ
2469 1323 2709 1376 δείκνυσι
2755 1322 2844 1376 τὸν
2893 1319 3111 1391 Πατέρα
3167 1318 3512 1391 προσάγοντα
3551 1319 3635 1389 τῷ

2050 1416 2182 1488 Υῐῷ.
2207 1417 2404 1468 ’Ἄκουε
2439 1414 2546 1486 γὰρ
2574 1413 2667 1467 τοῦ
2691 1413 2818 1465 Υίοῦ
2847 1411 3092 1480 λέγοντος
3113 1429 3124 1440 ·
3151 1431 3168 1462 ι
3191 1411 3379 1474 Οὐδεὶς
3406 1410 3635 1466 δύναται

2051 1509 2186 1580 πρὸς
2239 1508 2306 1578 μὲ
2363 1506 2569 1569 ἐλθεῖν,
2614 1505 2708 1558 ἐὰν
2761 1503 2836 1578 μὴ
2867 1507 2895 1557 6
2941 1504 3131 1574 Πατήρ
3169 1519 3269 1573 μου
3319 1501 3347 1552 6
3380 1501 3637 1572 οὐράνιος

2053 1599 2257 1671 ἐλκύσῃ
2291 1597 2473 1651 αὐτόν.

2046 1712 2134 1768 Exi.
2176 1709 2332 1776 Πρὸς
2358 1707 2500 1772 τοὺς
2547 1707 2953 1776 δουλεύοντας
2981 1703 3222 1769 λέξεο-ι,
3261 1703 3357 1776 καί.
3389 1704 3474 1773 μὴ
3506 1705 3638 1776 τοῖς

2118 1775 2385 1848 νοήμασι
2413 1777 2531 1830 τῶν
2557 1779 2729 1848 θείων
2751 1775 3026 1845 Γραφῶν,
3052 1777 3148 1828 καὶ
3176 1775 3500 1842 ποιοῦντας
3525 1775 3639 1833 τὸν

2120 1847 2354 1918 Πατέρα
2382 1849 2530 1903 Θεὸν
2558 1847 2664 1901 τοῦ
2697 1848 2854 1902 Υἱοῦ.

2124 1963 2524 2025 ὈἈπόστολος
2567 1960 2752 2030 λέγει·
2776 1979 2794 2010 ι
2832 1960 2889 2015 '0
2929 1962 3062 2025 Θεὸς
3099 1959 3194 2014 τοῦ
3228 1962 3434 2033 Κυρίου
3473 1959 3641 2032 ἡμῶν

2061 2057 2238 2129 Ἰησοῦ
2262 2055 2520 2128 Χριστοῦ,
2555 2058 2582 2109 6
2612 2055 2799 2126 Πατὴρ
2835 2054 2936 2125 τῆς
2960 2053 3140 2125 δόξης.
3168 2074 3187 2105 ι
3231 2053 3496 2108 Ἐνταῦθα
3534 2052 3640 2124 τὴν

2049 2148 2362 2218 οἰκονομίαν
2407 2145 2660 2218 διώρισε·
2713 2146 2805 2198 καὶ
2855 2145 3013 2209 δόξαν
3061 2145 3159 2215 μὲν
3206 2146 3300 2198 τὸν
3351 2145 3639 2215 Μονογενῆ

2050 2242 2207 2296 καλεῖ
2231 2257 2244 2271 ·
2266 2239 2475 2312 Ἰησοῦν
2499 2241 2556 2293 δὲ
2571 2239 2611 2292 Χ
2625 2237 2805 2311 ριστὸν
2826 2239 2886 2291 τὸ
2904 2240 3166 2310 κήρυγμα
3187 2239 3285 2309 τῆς
3301 2237 3639 2310 οἰκονομίας.

2048 2334 2160 2404 Τῆς
2190 2333 2290 2406 μὲν
2320 2332 2428 2404 γὰρ
2460 2332 2772 2402 οἰκονομίας
2803 2331 2942 2398 Θεὸς,
2962 2371 2976 2394 ,
3009 2332 3109 2402 τῆς
3139 2331 3197 2386 δὲ
3230 2330 3389 2402 δόξης
3417 2333 3636 2403 Πατήρ.

2051 2425 2111 2478 Εἰ
2141 2425 2197 2478 δὲ
2211 2423 2284 2495 μὴ
2319 2423 2494 2500 πείθει
2523 2441 2580 2476 σε
2605 2423 2666 2475 τὸ
2683 2423 2857 2494 ῥῆμα,
2885 2421 3211 2493 ἀλλὰ,ᾰλλην
3234 2423 3355 2477 τινὰ
3387 2422 3640 2493 νομίζεις

2047 2515 2203 2580 δόξαν
2236 2511 2397 2579 εἶναι,
2429 2510 2495 2586 ἧς
2522 2513 2713 2584 Πατὴρ
2741 2515 2769 2564 6
2801 2513 2960 2575 Θεὸς·
2993 2513 3158 2583 ἄλλην
3190 2514 3312 2565 τινὰ
3345 2513 3642 2583 ἐπινόησον

2050 2609 2211 2678 φύσιν
2254 2608 2535 2680 ἁνωτέραν
2581 2605 2674 2660 τοῦ
2708 2605 2873 2658 Υίοῦ·
2910 2607 2996 2657 ἵνα
3049 2607 3265 2676 ἐκείνης
3313 2607 3409 2676 μὲν
3445 2606 3641 2679 Πατὴρ

2047 2700 2241 2771 κληθῇ,
2272 2699 2460 2752 τούτου
2490 2699 2547 2751 δὲ
2576 2698 2706 2761 Θεὸς
2731 2698 3006 2769 ὀνομασθῇ
3037 2701 3064 2752 6
3093 2699 3283 2770 Πατὴρ
3312 2698 3413 2767 τῆς
3440 2697 3627 2769 δόξης.

2047 2791 2183 2858 Δόξα
2209 2793 2317 2864 γὰρ
2346 2792 2561 2860 λέγεται
2584 2792 2612 2842 6
2640 2793 2950 2862 Μονογενής
2970 2808 2984 2821 ·
3028 2811 3045 2842 ι
3099 2791 3208 2862 (8'2)
3254 2790 3636 2861 Ἐθεασάμεθα.

2047 2884 2176 2955 γὰρ,
2209 2884 2374 2954 φησὶ,
2414 2884 2516 2954 τὴν
2547 2882 2705 2948 δόξαν
2747 2883 2909 2935 αὑτοῦ
2932 2925 2945 2949 ,
2981 2883 3141 2946 δόξαν
3189 2883 3265 2945 ὡς
3298 2881 3640 2950 Μονογενοῦς

2047 2978 2200 3048 παρὰ
2226 2976 2466 3046 Πατρός·
2496 2996 2516 3028 ι
2547 2975 2685 3031 ὥστε
2718 2974 2799 3038 τὸ,
2825 2994 2844 3025 ι
2877 2976 2933 3028 '0
2955 2975 3087 3038 Θεὸς
3115 2974 3210 3027 τοῦ
3239 2973 3438 3046 Κυρίου
3466 2973 3629 3044 ἡμῶν

365 3074 448 3121 ιει·
472 3067 680 3121 dictum
727 3068 858 3122 illud
888 3088 900 3123 :
939 3087 957 3119 ι
996 3067 1141 3124 Deus
1171 3068 1387 3124 Domini
1423 3071 1595 3125 nostri
1621 3071 1750 3126 Jesu
1784 3072 1944 3125 Ghri-

2063 3070 2240 3142 Ίησοῦ
2272 3068 2531 3138 Χριστοῦ,
2561 3088 2578 3119 ›
2609 3069 2727 3122 ἀντὶ
2769 3067 2886 3132 τοῦ,
2916 3071 2944 3120 6
2975 3067 3107 3129 Θεὸς
3144 3067 3242 3136 τῆς
3290 3065 3490 3138 σαρκὸς
3541 3065 3641 3119 τοῦ

365 3159 435 3214 sti
459 3158 541 3225 ’3;
573 3179 590 3210 ι
630 3159 685 3214 id
714 3168 819 3226 est,
853 3159 998 3216 Deus
1029 3161 1214 3216 carnis
1241 3161 1470 3227 Christi,
1497 3161 1659 3218 Pater
1688 3179 1817 3218 vero
1838 3164 1946 3234 glo-

363 3252 479 3316 riae,
521 3250 682 3308 Pater
713 3254 954 3309 deitatis.
1009 3252 1253 3308 Gloriam
1297 3255 1498 3326 quippe
1524 3253 1694 3311 Isaias
1730 3272 1953 3327 quoque.

367 3341 706 3399 Salvatorem
749 3353 1000 3399 nostrum
1033 3355 1334 3415 nuncupat,
1387 3347 1689 3401 secundum
1729 3349 1947 3406 deitatis

369 3435 690 3506 dignitatem
721 3451 881 3491 :cum
920 3436 1065 3490 enim
1099 3446 1412 3494 recenseret
1443 3439 1709 3494 miracula
1738 3457 1859 3510 quae
1893 3443 1953 3498 in

371 3527 592 3583 deserto
628 3529 994 3598 contigerant,
1031 3515 1086 3584 et
1121 3529 1409 3585 solitudini
1459 3531 1602 3585 bona
1651 3535 1950 3587 annuntia-

370 3625 477 3682 ret,
507 3618 620 3672 ait:
651 3636 670 3668 ι
701 3616 990 3673 Exsultent
1011 3618 1232 3674 deserta
1256 3617 1537 3683 Jordanis,
1565 3627 1618 3675 et
1639 3619 1868 3677 ﬂoreant
1888 3631 1948 3677 ut

371 3709 566 3774 lilium,
595 3710 856 3779 quoniam
888 3709 1060 3780 gloria
1088 3709 1282 3765 Libani
1312 3711 1438 3765 data
1466 3720 1549 3767 est
1581 3713 1653 3777 ei,
1688 3720 1742 3766 et
1775 3715 1952 3770 honor

366 3801 604 3857 Carmeli
633 3821 645 3856 :
671 3809 725 3856 et
759 3805 995 3873 populus
1023 3819 1177 3859 meus
1206 3804 1414 3859 videbit
1443 3805 1673 3876 gloriam
1705 3807 1944 3874 Domini,

368 3903 424 3951 et
472 3895 864 3950 sublimitatem
898 3895 990 3952 Dei
1024 3905 1114 3952 :et
1161 3897 1365 3953 videbit
1403 3899 1582 3953 omnis
1629 3915 1758 3955 caro
1801 3903 1950 3957 salu-

369 3994 489 4042 tare
532 3985 707 4044 Dei”.
741 4007 759 4040 ι
797 3987 984 4044 Gloria
1037 3991 1205 4061 igitur
1257 3998 1342 4045 est
1385 4005 1416 4044 a
1467 3993 1660 4061 gloria,
1707 3993 1853 4048 unde
1896 4001 1949 4048 et

369 4077 574 4135 Paulus
621 4080 696 4135 ait
736 4099 748 4135 :
790 4098 807 4130 ι
846 4081 950 4146 Qui
1003 4091 1087 4137 est
1129 4082 1388 4153 splendor
1441 4083 1648 4154 gloriae,
1695 4091 1748 4138 ct
1779 4083 1948 4154 ﬁgura

370 4173 693 4227 substantia:
717 4174 757 4229 ί.
791 4193 809 4226 ι
863 4174 958 4230 Est
991 4175 1158 4244 igitur
1206 4173 1370 4229 Pater
1422 4175 1610 4244 gloria:
1644 4174 1942 4247 Unigeniti,

372 4263 516 4320 Deus
545 4248 908 4321 vero.carnis
943 4266 1172 4322 Christi.
1221 4265 1338 4320 Non
1389 4265 1536 4336 quod
1584 4266 1751 4321 alium
1782 4265 1949 4320 Chri-

373 4365 518 4410 stum
547 4357 748 4420 dicam,
769 4366 823 4413 et
845 4359 1012 4414 alium
1045 4356 1400 4428 Unigenitum
1427 4377 1439 4412 :
1463 4373 1574 4412 non
1601 4357 1747 4413 enim
1771 4365 1953 4413 mente

2050 3162 2318 3232 Χριστοῦ·
2351 3165 2380 3216 6
2403 3162 2596 3232 Πατὴρ
2613 3161 2713 3231 τῆς
2744 3156 2920 3231 δόξης,
2956 3162 2984 3214 6
3013 3157 3202 3230 Πατὴρ
3232 3157 3332 3227 τῆς
3363 3157 3640 3228 θεότητος.

2049 3254 2219 3320 Δόξαν
2248 3254 2356 3325 γὰρ
2387 3254 2479 3307 καὶ
2504 3254 2532 3305 6
2573 3252 2800 3314 Ἡσαΐας
2831 3252 2920 3306 τὸν
2949 3252 3178 3323 Σωτῆρα
3203 3251 3376 3314 καλεῖ,
3406 3248 3549 3302 κατὰ
3576 3248 3643 3302 τὸ

2049 3348 2150 3417 τῆς
2184 3344 2436 3416 θεότητος
2488 3342 2738 3412 ἀξίωμα·
2776 3340 2946 3395 εἰπὼν
2996 3341 3104 3412 γὰρ
3138 3339 3206 3392 τὰ
3248 3341 3307 3392 ἐν
3341 3341 3404 3410 τῇ
3445 3339 3643 3408 ἐρήμῳ

2052 3438 2303 3508 θαύματα
2322 3478 2337 3502 ,
2368 3438 2461 3491 καὶ
2491 3437 2988 3506 εὐαγγελισάμενος
3028 3435 3124 3506 τὴν
3171 3433 3397 3505 ἔρημον,
3431 3432 3600 3502 φησίν
3620 3448 3638 3462 ·

2057 3549 2076 3580 ι
2133 3529 2505 3598 Ἀγαλλιάσθω
2534 3529 2602 3583 τὰ
2649 3529 2833 3600 ἔρημα
2864 3526 2960 3580 τοῦ
3009 3525 3281 3597 Ἰορδάνου
3324 3525 3418 3576 καὶ
3457 3523 3643 3576 ἀνθεί-

2049 3639 2128 3674 τω
2161 3622 2271 3692 (85)
2321 3622 2396 3685 ὡς
2439 3621 2651 3692 κρίνον·
2686 3622 2768 3674 ὅτι
2808 3622 2842 3691 ἡ
2887 3619 3013 3684 δόξα
3057 3617 3153 3671 τοῦ
3190 3616 3426 3670 Λιϐάνου
3479 3615 3641 3686 ἐδόθη

2051 3713 2218 3784 αὐτῇ,
2255 3713 2346 3766 καὶ
2388 3715 2421 3783 ἡ
2471 3713 2605 3783 τιμὴ
2647 3711 2739 3764 τοῦ
2780 3711 3101 3782 Καρμήλου.
3152 3710 3262 3762 Καὶ
3293 3711 3321 3763 6
3372 3708 3499 3772 λαός
3534 3723 3640 3778 μου

2051 3805 2239 3874 ὅψεται
2267 3805 2366 3877 τὴν
2392 3791 2548 3869 δόξαν
2579 3804 2808 3873 Κυρίου,
2835 3803 2930 3856 καὶ
2964 3801 3025 3854 τὸ
3054 3800 3187 3870 ὕψος
3219 3801 3313 3854 τοῦ
3347 3801 3484 3854 Θεοῦ
3502 3818 3516 3831 ·
3545 3801 3642 3854 καὶ

2051 3896 2242 3964 ὄψεται
2275 3897 2426 3949 πᾶσα
2462 3895 2599 3966 σὰρξ
2629 3895 2690 3948 τὸ
2717 3895 2984 3965 σωτήριον
3008 3893 3101 3946 τοῦ
3135 3892 3292 3946 Θεοῦ.
3323 3912 3341 3944 ›
3376 3890 3512 3956 Δόξα
3544 3888 3642 3946 οὖν

2053 3987 2202 4039 ὲστιν
2233 3986 2341 4039 ἀπὸ
2365 3985 2522 4056 δόξης
2543 4001 2554 4012 ·
2591 3985 2711 4037 ὅθεν
2741 3984 2836 4037 καὶ
2870 3987 2898 4037 6
2932 3983 3144 4046 Παῦλος
3170 3982 3349 4053 λέγει·
3383 4000 3401 4032 ι
3431 3984 3528 4045 Ὃς
3561 3979 3642 4034 ὢν

2054 4079 2394 4148 ἀπαύγασμα
2453 4079 2550 4147 τῆς
2592 4075 2750 4146 δόξης
2805 4077 2900 4128 καὶ
2949 4075 3236 4146 χαρακτὴρ
3273 4075 3370 4146 τῆς
3402 4073 3644 4127 ὑποστά-

2055 4187 2213 4234 σεως.
2246 4189 2264 4220 ι
2304 4169 2494 4239 Πατὴρ
2535 4163 2627 4220 οὖν
2671 4170 2788 4220 ἐστι
2819 4167 2919 4238 τῆς
2950 4167 3108 4238 δόξης
3141 4165 3234 4219 τοῦ
3268 4164 3638 4234 Μονογενοῦς·

2053 4261 2186 4325 Θεὸς
2217 4260 2276 4314 δὲ
2306 4259 2408 4330 τῆς
2439 4259 2641 4330 σαρκὸς
2671 4257 2764 4312 τοῦ
2807 4257 3066 4330 Χριστοῦ.
3103 4258 3216 4310 Οὐκ
3265 4257 3422 4311 ἄλλον
3459 4257 3514 4311 δὲ
3547 4256 3641 4311 τὸν

2055 4354 2291 4427 Χριστὸν
2341 4352 2518 4421 λέγω,
2568 4352 2664 4405 καὶ
2708 4351 2867 4406 ἄλλον
2918 4352 3011 4406 τὸν
3061 4351 3372 4420 Μονογενῆ·
3417 4353 3484 4421 τῇ
3527 4349 3641 4420 γὰρ

372 4447 560 4502 divido
587 4465 706 4519 qum
736 4449 807 4503 ob
840 4451 1106 4504 unitatem
1153 4463 1259 4502 non
1292 4447 1632 4503 dividuntur.
1667 4447 1827 4503 Pater
1875 4449 1945 4504 si-

2058 4446 2233 4518 ἐννοίᾳ
2259 4447 2319 4498 οὐ
2353 4446 2538 4516 τέμνω
2573 4444 2641 4498 τὰ
2674 4443 2748 4516 μὴ
2775 4443 3083 4514 τεμνόμενα
3107 4444 3174 4513 τῇ
3204 4442 3412 4495 ὲνώσει.
3445 4441 3640 4512 Πατὴρ

371 4540 592 4610 quidem
619 4540 898 4610 Unigeniti
931 4547 1015 4595 est
1048 4546 1174 4594 ante
1212 4539 1448 4605 saecula;
1482 4537 1626 4594 Deus
1654 4553 1781 4593 vero
1810 4536 1950 4592 Uni-

372 4633 538 4703 geniti
566 4632 866 4687 secundum
895 4647 1117 4686 carnem
1142 4630 1200 4684 in
1240 4629 1346 4684 ﬁne
1366 4630 1552 4684 saeculi
1585 4650 1596 4684 :
1623 4643 1950 4698 semperque

371 4726 519 4780 illius
540 4724 703 4780 Pater
723 4720 827 4791 est,
861 4739 974 4779 non
1005 4740 1222 4796 semper
1266 4733 1448 4780 autem
1480 4723 1629 4778 illius
1655 4722 1820 4785 Deus,
1854 4721 1949 4776 sed

371 4835 436 4873 ex
468 4832 577 4888 quo
606 4832 826 4872 carnem
855 4817 945 4872 ille
973 4817 1292 4889 assumpsit.
1333 4815 1475 4872 Deus
1500 4815 1664 4870 Pater
1695 4821 1778 4869 est
1800 4813 1949 4868 illius

371 4909 592 4966 deitatis
623 4909 818 4965 :Pater
846 4909 1116 4980 siquidem
1149 4918 1236 4964 est
1261 4916 1524 4974 :eternus,
1564 4906 1736 4962 Filius
1765 4914 1948 4960 autem

439 5093 485 5162 '3
514 5091 580 5146 111
610 5092 741 5162 Reg.

370 5164 416 5195 ⁹⁹
451 5161 554 5217 lsa.
604 5159 767 5228 xxiv,
799 5165 852 5228 1,
881 5163 955 5230 2;
988 5177 1085 5227 1.11,
1125 5162 1209 5216 10.
1243 5159 1258 5161 “
1282 5159 1307 5193 ’⁸
1341 5160 1506 5220 Hebr.
1542 5176 1582 5224 1,
1617 5159 1673 5215 '5.

444 5316 556 5384 (8|)
597 5315 690 5371 Sic
718 5315 1038 5380 Vaticanus,
1068 5315 1233 5371 Basil.
1279 5313 1495 5385 Anglic.
1527 5313 1956 5385 Ed_iti,ai'ci)aet.

444 5383 558 5460 (82)
597 5386 780 5460 Editio
807 5387 1097 5460 Commel.,
1129 5386 1222 5460 καί
1245 5383 1565 5460 ἔπιες-φησί.
1599 5383 1958 5460 Πιίἀειιιζτήν

372 5455 526 5514 deest
540 5455 598 5512 in
609 5458 792 5522 editis,
812 5457 906 5512 sed
933 5458 1166 5512 habetur
1185 5459 1236 5510 in
1257 5456 1543 5510 Basiliensi
1559 5463 1614 5509 et
1633 5455 1952 5525 Anglicano.

449 5527 562 5599 (85)
604 5525 696 5583 Sic
729 5527 1047 5584 Basiliensis
1077 5535 1131 5581 et
1169 5528 1340 5599 editio
1383 5524 1740 5599 Parisiensis.’
1774 5524 1954 5599 Editio

377 5595 510 5654 vero
544 5595 980 5655 Commeliniana
1026 5613 1149 5653 cum
1189 5595 1474 5662 Vaticano,
1516 5595 1753 5665 ἀνθήτω.
1787 5595 1954 5649 Paulo

382 5680 502 5740 post
551 5669 716 5726 editio
749 5669 1077 5726 l’arisiensis
1108 5677 1158 5724 et
1191 5667 1546 5738 Anglicanus,
1574 5665 1738 5734 αὐτῷ.
1780 5665 1954 5721 Editio

779 5108 862 5157 ιιι,
891 5093 943 5147 5.
1019 5091 1067 5122 ⁸⁸
1098 5090 1332 5161 Philipp.
1359 5107 1432 5161 iv.
1467 5090 1500 5145 6
1596 5087 1814 5161 9ngoan.
1856 5103 1933 5152 v1,

2132 5085 2392 5156 "Eplies.
2426 5101 2464 5150 1,
2495 5085 2580 5139 i7.
2647 5085 2690 5116 ’7
2718 5081 2874 5138 Joan.
2920 5099 2957 5146 1,
2990 5082 3076 5135 Μ.

2051 4541 2160 4611 γὰρ
2187 4537 2280 4593 τοῦ
2315 4535 2653 4606 Μονογενοῦς
2685 4536 2790 4607 πρὸ
2823 4534 3068 4588 αἰώνων·
3105 4535 3236 4598 Θεὸς
3254 4534 3310 4586 δὲ
3339 4533 3434 4587 τοῦ
3465 4535 3643 4587 Μονο-

2052 4628 2242 4700 γενοῦς
2289 4627 2430 4682 κατὰ
2462 4627 2561 4698 τὴν
2609 4627 2789 4698 σάρκα
2835 4626 2928 4679 ἐπὶ
2969 4625 3112 4677 τέλει
3157 4624 3251 4676 τοῦ
3282 4624 3506 4688 αἰῶνος·
3547 4625 3642 4678 ἀεὶ

2052 4720 2216 4774 αὐτοῦ
2247 4718 2456 4790 Πατὴρ,
2479 4720 2580 4773 οὐκ
2609 4719 2696 4773 ἀεὶ
2720 4716 2886 4774 αὑτοῦ
2907 4715 3058 4781 Θεὸς,
3083 4715 3218 4768 ἀλλὰ
3243 4717 3335 4784 ἀφ’
3367 4708 3427 4768 οὗ
3459 4717 3641 4788 σάρκα

2052 4810 2332 4866 ἀνέλαϐεν.
2370 4809 2502 4872 Θεὸς
2528 4808 2635 4879 (84)
2669 4811 2696 4862 6
2737 4809 2925 4878 Πατὴρ
2955 4807 3123 4859 αὑτοῦ
3157 4807 3256 4877 τῆς
3285 4805 3568 4877 θεότητος·
3610 4811 3641 4863 6

2055 4905 2154 4975 μὲν
2187 4903 2296 4974 γὰρ
2335 4901 2523 4972 Πατὴρ
2551 4901 2740 4964 ἀΐδιος,
2773 4900 2801 4952 6
2827 4899 2885 4952 δὲ
2915 4899 3038 4963 Υἱὸς
3074 4900 3373 4964 συναῖδιος·
3405 4901 3496 4954 καὶ
3537 4900 3640 4956 οὐκ

3177 5082 3221 5114 ⁹⁸
3249 5082 3446 5154 Eplies.
3483 5101 3522 5150 1,
3548 5085 3634 5140 17.

2058 5326 2190 5368 vero
2231 5311 2517 5384 Commela
2533 5320 2596 5384 et
2633 5311 2885 5368 Vatican.
2920 5329 3055 5384 cum
3103 5313 3296 5384 Grzeco
3343 5313 3640 5384 Scripturae

2061 5393 2232 5447 textu,
2283 5384 2443 5455 αὐτῇ.
2499 5383 2622 5438 Mox
2657 5384 2809 5450 editi,
2849 5383 3006 5448 δόξαν
3050 5383 3144 5437 τοῦ
3181 5385 3410 5455 Κυρίου,
3449 5383 3545 5440 sed
3583 5388 3639 5439 in

2060 5469 2196 5508 mss.
2234 5452 2326 5505 τοῦ
2357 5452 2530 5508 deest.

2129 5523 2238 5592 (8i)
2282 5522 2373 5576 Sic
2406 5523 2741 5584 Basiliensis,
2774 5523 2985 5592 Anglic.
3024 5523 3344 5580 Vaticanus.
3377 5525 3434 5578 ln
3468 5524 3632 5580 editis

2058 5593 2210 5650 deest
2240 5596 2269 5646 6
2300 5594 2452 5656 Θεός.
2486 5593 2628 5667 Mos,
2650 5593 2964 5652 Basiliensis
2987 5604 3040 5650 ct
3071 5596 3310 5667 Anglic.,
3346 5595 3550 5661 ἀῖδίως,
3588 5604 3637 5649 et

2059 5667 2221 5722 paulo
2254 5672 2394 5727 post,
2419 5664 2721 5725 συναῖδίως.
