3890 6186
287 236 347 293 6|
945 233 1035 290 DE
1073 234 1395 292 COMMUNI
1437 237 1781 293 ESSENTIA
1820 238 2079 295 PATRIS
2118 237 2207 293 ET
2248 237 2408 293 FlLll
2444 237 2535 292 ET
2579 233 2762 294 SI’IR.
2806 236 2864 292 S.
3473 237 3544 291 62

285 349 389 420 ἔχει
415 365 601 419 τομην,
631 346 746 401 οὐδὲ
773 346 1037 418 διαίρεσιν
1062 351 1096 419 ἡ
1131 347 1260 415 δόξα
1288 351 1385 420 τῆς
1411 349 1690 421 ἀληθείας.
1715 350 1846 403 Πότε

1962 351 2007 403 ei
2036 357 2346 405 coaeternus
2372 368 2385 400 :
2414 364 2593 418 neque
2627 346 2834 416 accipit
2862 346 3158 401 sectionem
3195 351 3290 399 aut
3319 345 3546 401 divisio-

285 436 369 494 ὧν
387 439 579 510 ἐκλήθη
604 439 733 500 Θεὸς
750 439 846 494 τοῦ
865 439 996 493 Υἱοῦ
1025 441 1053 492 6
1082 441 1270 513 Πατὴρ
1302 440 1391 494 διὰ
1417 442 1514 513 τὴν
1533 443 1711 513 σάρκα
1730 460 1743 506 ;
1760 442 1846 510 ἀφ¹

1962 457 2080 495 nem
2115 441 2290 511 gloria
2321 441 2590 496 veritatis.
2625 438 2994 506 Quahdonam
3029 438 3197 508 igitur
3234 436 3419 502 Pater,
3452 436 3546 492 Fi-

283 523 339 584 οὗ
373 528 632 600 προῆλθεν
659 531 720 581 ἐκ
737 529 945 591 κοιλίας
976 529 1202 600 μητρός.
1229 529 1329 582 Διὰ
1350 529 1510 583 τοῦτο
1539 532 1596 582 ἐν
1616 529 1695 599 τῷ
1716 545 1846 600 προ-

1962 531 2014 585 lii
2047 531 2192 586 Deus
2223 531 2295 585 ob
2338 547 2560 585 carnem
2609 530 2934 585 nominatus
2967 529 3093 584 est?
3123 529 3192 583 ab
3225 543 3291 582 eo
3333 529 3548 583 scilicet

285 623 435 692 φήτῃ,
461 621 777 692 βουλόμενος
808 620 981 686 δεῖξαι
1016 622 1209 676 ἐαυτοῦ
1235 623 1328 676 καὶ
1355 623 1452 694 τὴν
1497 621 1728 692 θεότητα
1761 621 1854 674 καὶ

281 713 370 784 τὴν
396 712 564 782 σάρκα
584 712 978 783 ἁληθεύουσαν,
998 712 1182 781 ἔλεγεν
1206 730 1219 742 ο
1246 733 1264 762 ι
1300 714 1396 766 Ἐκ
1417 712 1622 776 κοιλίας
1647 712 1853 783 μητρός

285 819 396 874 μου,
423 802 549 866 Θεός
574 820 675 873 μου
705 799 759 854 εἴ
785 803 873 856 σύ.
901 824 918 855 ι
944 805 1007 856 Ei
1037 804 1091 859 δὲ
1121 803 1300 874 βούλει
1322 805 1392 857 τὰ
1416 805 1685 858 ὑπόλοιπα
1711 802 1852 872 γνῶ-

282 913 378 959 ναι,
403 895 456 947 ἐν
483 894 560 965 τῷ
593 895 828 966 εἰκοστῷ
852 895 1088 969 δευτέρῳ
1115 897 1319 968 ψαλμῷ
1352 897 1671 969 διδαχθήσῃ.

1956 630 2223 692 tempore,
2254 639 2366 693 quo
2399 624 2601 694 prodiit
2635 639 2702 677 ex
2756 629 2914 674 utero
2957 621 3171 676 matris.
3222 620 3349 676 ldeo
3399 621 3543 690 apud

1954 710 2284 782 Prophetam
2327 715 2517 768 volens
2561 713 2857 768 ostendere
2900 720 2954 764 et
2999 710 3256 764 deitatem
3302 724 3460 764 suam
3491 714 3548 763 et

1953 819 2176 860 carnem
2211 821 2398 860 veram
2432 821 2577 869 esse,
2600 804 2769 859 dicit:
2797 821 2816 852 ‹
2842 801 2920 856 De
2951 811 3138 857 ventre
3162 803 3356 857 matris
3387 816 3545 866 meae.

1952 895 2098 952 Deus
2128 913 2284 952 meus
2314 913 2374 953 es
2409 901 2559 952 ια’.»
2593 897 2750 964 Quod
2776 897 2827 953 si
2862 895 3072 965 reliqua
3101 909 3432 966 cognoscere
3453 910 3549 951 ve-

1953 989 2042 1054 lis,
2077 989 2133 1043 in
2163 991 2429 1046 vicesimo
2456 990 2704 1046 secundo
2737 988 2960 1046 Psalmo
2989 989 3226 1043 edisces.

279 1097 357 1153 39..
394 1097 547 1167 Πρὸς
579 1097 725 1164 τοὺς
765 1098 1059 1169 λέγοντας
1103 1100 1300 1169 μέγαν
1354 1099 1505 1153 Θεὸν
1538 1095 1694 1156 εἶναι
1745 1099 1851 1153 τὸν

563 1169 819 1237 Πατέρα,
859 1170 972 1223 τὸν
998 1169 1067 1223 δὲ
1102 1171 1240 1225 Υἱόν
1265 1169 1352 1240 μὴ
1387 1170 1544 1224 ἴσον.

340 1261 396 1314 Εἰ
424 1261 514 1315 καὶ
538 1259 607 1313 τὰ
642 1261 879 1332 μάλιστα
902 1261 1001 1332 τὴν
1033 1261 1236 1334 Τριάὸα
1266 1262 1395 1333 μίαν
1418 1261 1650 1332 θεότητα
1666 1261 1850 1329 λέγον-

277 1369 375 1415 τες,
401 1353 728 1424 εὑρίσκομεν
757 1355 848 1406 τὴν
868 1355 997 1407 Υἱὸν
1026 1357 1083 1408 ἐν
1113 1357 1178 1425 τῇ
1214 1355 1428 1426 Γραφῇ,
1456 1355 1593 1426 πρὸς
1622 1355 1682 1408 τὸ
1711 1355 1850 1426 φρά-

278 1443 354 1510 ξαι
374 1445 436 1500 τὰ
481 1447 726 1516 στόματα
754 1448 866 1501 τῶν
899 1449 1184 1509 ἐναντίων,
1225 1449 1398 1519 μέγαν
1425 1449 1579 1520 παρὰ
1609 1448 1700 1501 τὸν
1734 1448 1846 1501 Πα-

1951 1104 2040 1158 32.
2081 1104 2344 1159 Adversus
2389 1121 2476 1158 eos
2504 1105 2604 1174 qui
2645 1103 2832 1157 dicunt
2891 1101 3102 1174 Patrem
3147 1116 3262 1174 esse
3297 1115 3546 1172 magnum

2245 1175 2432 1238 Deum,
2475 1171 2677 1228 Filium
2705 1192 2823 1229 vero
2853 1174 2901 1227 ei
2932 1171 3268 1242 ianualem.

2021 1267 2137 1325 Etsi
2186 1267 2422 1322 maxime
2460 1267 2786 1323 Trinitatem
2852 1280 3020 1320 unam
3087 1264 3347 1319 deitatem
3394 1262 3548 1318 dica-

1948 1375 2094 1423 mus,
2127 1360 2440 1414 invenimus
2486 1367 2671 1416 tamen
2707 1360 2763 1413 in
2809 1358 2988 1414 sacris
3015 1356 3235 1416 litteris,
3268 1355 3337 1409 ad
3379 1355 3546 1409 obtu-

1948 1452 2121 1506 randa
2148 1452 2592 1507 adversariorum
2615 1468 2734 1516 ora,
2766 1453 2967 1506 Filium
2995 1465 3252 1519 magnum
3281 1448 3547 1518 appellari

275 1538 418 1609 τέρα·
453 1539 600 1608 λέγει
636 1542 748 1611 γὰρ
787 1543 817 1593 6
864 1540 1058 1593 Δαϐίδ·
1095 1559 1112 1589 ι
1138 1541 1386 1604 Γνωστὸς
1422 1543 1478 1594 ἐν
1516 1543 1582 1612 τῇ
1618 1541 1846 1612 Ἰουδαίᾳ

1962 1559 2198 1600 seorsum
2234 1560 2265 1597 a
2297 1544 2490 1600 Patre:
2517 1546 2594 1598 ait
2621 1547 2764 1599 enim
2793 1543 2961 1598 David
2993 1561 3004 1595 :
3038 1560 3055 1591 ι
3087 1539 3259 1596 Notus
3286 1541 3340 1594 in
3359 1539 3548 1594 Iudaea

274 1634 300 1687 ὁ
326 1632 472 1696 Θεός⁶
507 1634 567 1686 ἐν
599 1632 680 1702 τῷ
713 1633 937 1704 Ἰσραὴλ
974 1633 1115 1703 μέγα
1145 1633 1206 1686 τὸ
1238 1632 1408 1701 ὄνομα
1432 1631 1596 1685 αὐτοῦ
1617 1648 1630 1662 ’
1663 1652 1681 1683 ι
1720 1633 1752 1702 ἡ
1787 1629 1844 1681 δὲ

1962 1636 2094 1692 Deus
2143 1657 2158 1693 :
2205 1637 2260 1691 in
2317 1639 2485 1692 Israel
2530 1653 2788 1706 magnum
2832 1653 3035 1693 nomen
3088 1636 3271 1704 ejus”.
3307 1653 3326 1686 ι
3357 1633 3548 1689 Judaza

285 1724 493 1779 Ἰουδαία
517 1723 854 1797 περιώριστο
878 1726 1031 1796 τόπῳ
1052 1724 1290 1797 φανερῷ.
1309 1725 1444 1796 Περὶ
1474 1724 1530 1778 δὲ
1557 1722 1652 1778 τοῦ
1681 1722 1811 1776 Υἱοῦ
1831 1739 1842 1751 ·

1962 1737 2136 1784 autem
2190 1731 2359 1784 certis
2413 1731 2551 1785 locis
2585 1731 2810 1784 delinita
2849 1740 2986 1787 erat.
3034 1728 3114 1784 De
3146 1727 3286 1782 Filio
3321 1735 3544 1783 autem:

280 1833 297 1867 ι
321 1818 482 1889 Κύριε
508 1819 536 1870 6
569 1818 780 1888 Κύριος
810 1817 990 1887 ἡμῶν,
1027 1818 1100 1882 ὼς
1130 1817 1444 1888 θαυμαστὴν
1472 1818 1533 1870 τὸ
1556 1817 1728 1888 ὄνομά
1755 1833 1846 1868 σου

1962 1821 2248 1877 iDomine
2299 1822 2566 1877 Dominus
2615 1831 2827 1890 noster,
2878 1838 3041 1892 quam
3093 1820 3422 1876 admirabile
3462 1826 3550 1876 est

273 1907 324 1958 ὲν
356 1906 496 1979 πάσῃ
525 1910 594 1979 τῇ
626 1910 699 1979 γῇ
723 1909 734 1959 !
761 1927 780 1960 ι
833 1907 1056 1979 Ἐπειδὴ
1089 1909 1267 1961 πᾶσαν
1294 1907 1582 1980 ἐπλήρωσε
1607 1906 1703 1978 τὴν
1745 1905 1850 1975 γῆν

273 1999 302 2068 ἡ
325 1997 549 2069 Χριστοῦ
573 1999 921 2071 προσηγορία
941 2017 954 2030 ·
987 2001 1067 2062 εἰς
1099 2001 1280 2054 πᾶσαν
1313 1998 1424 2072 γὰρ
1443 1998 1542 2071 τὴν
1570 1999 1673 2070 γῆν
1695 1998 1852 2068 ἐξῆλ-

272 2089 353 2141 θεν
379 2091 407 2141 6
432 2089 669 2159 φθόγγος
714 2089 825 2144 τῶν
859 2090 1068 2157 ἁγίων.
1101 2090 1197 2143 καὶ
1249 2089 1331 2153 εἰς
1373 2088 1441 2143 τὰ
1494 2088 1711 2160 πέρατα
1750 2088 1852 2160 τῆς

269 2181 578 2252 οἰκουμένης
605 2181 676 2234 τὰ
706 2183 931 2252 ῥήματα
959 2181 1139 2237 αὐτῶν
1157 2197 1170 2210 ·
1211 2181 1439 2244 εἰκότως
1469 2180 1620 2250 λέγει
1651 2181 1680 2233 6
1711 2178 1849 2248 ψαλ-

271 2273 388 2342 μός·
431 2292 448 2325 ι
477 2274 808 2344 Θαυμαστὸν
848 2273 911 2327 τὸ
948 2273 1122 2344 δνομά
1172 2290 1266 2328 σου
1305 2275 1363 2327 ἐν
1403 2273 1552 2345 πάσῃ
1596 2275 1663 2344 τῇ
1696 2274 1790 2342 γῇ.
1825 2290 1845 2323 ι

268 2364 368 2418 Καὶ
391 2364 442 2417 τί
473 2364 532 2418 τὸ
576 2365 945 2436 ἐπαγόμενον,
975 2382 995 2417 ι
1037 2365 1158 2418 Ὀτι
1199 2363 1417 2437 ἐπήρθη
1445 2364 1478 2434 ἡ
1513 2359 1852 2434 μεγαλοπρέ-

267 2459 387 2511 «aut
434 2473 529 2510 σου
577 2457 840 2528 ὑπεράνω
887 2455 1000 2509 τῶν
1045 2455 1324 2527 οὐρανῶν;
1363 2475 1381 2506 ι
1435 2453 1748 2526 Πληροῦται
1794 2453 1852 2506 δέ

263 2549 430 2613 τοῦτο,
449 2551 538 2604 ὅτε
571 2549 854 2621 ἀνέϐησαν
882 2551 964 2614 εἰς
997 2548 1058 2601 τὸ
1087 2549 1212 2620 ὅρος
1240 2550 1290 2601 οἱ
1323 2547 1562 2620 μαθηταὶ
1593 2545 1732 2618 μετὰ
1756 2544 1848 2598 τοῦ

265 2642 504 2713 Σωτῆρος
528 2685 544 2709 ,
597 2641 892 2713 μέλλοντος
942 2639 1424 2714 ἀναλαμϐάνεσθαι
1450 2681 1466 2706 ,
1519 2638 1674 2708 ἔλεγε
1713 2638 1851 2709 πρὸς

263 2733 475 2798 αὐτούς’
511 2753 530 2783 Ι
559 2734 802 2788 Μείνατε
824 2735 908 2797 εἰς
939 2733 1308 2804 Ἰεροσόλυμα,
1331 2733 1436 2797 ἕως
1467 2727 1528 2786 οὗ
1558 2729 1852 2800 ἐνδύσησθε

263 2825 478 2898 δύναμιν
509 2827 570 2892 ἐξ
596 2826 798 2896 ὕψους·
833 2845 851 2877 ι
877 2826 967 2878 διὰ
987 2825 1050 2878 τὸ
1073 2824 1340 2897 ἐπῆρθαιο
1373 2824 1551 2895 «rem
1577 2822 1792 2894 ἐπήρθη
1816 2822 1850 2892 ἡ

266 2919 704 2990 μεγαλοπρέπεια
746 2936 841 2972 σου
885 2917 1142 2988 ὑπεράνω
1191 2916 1300 2970 τῶν
1331 2916 1598 2988 οὐρανῶν.
1629 2936 1647 2967 ι
1694 2915 1851 2988 Αύτῷ

263 3003 347 3062 οτῖιν
400 3009 567 3063 Δαϐὶδ
615 3012 939 3083 προσφωνεῖ
985 3007 1190 3076 λέγων·
1249 3025 1268 3059 ι
1309 3009 1430 3062 Ὅτι
1479 3007 1681 3079 ὄψομαι
1725 3009 1851 3073 τοὺς

261 3102 535 3173 οὐρανοὺς,
569 3103 716 3174 ἔργα
743 3102 854 3156 τῶν
873 3101 1156 3156 δακτύλων
1187 3117 1302 3154 σου.
1325 3118 1343 3151 ι

261 3215 343 3272 35.
385 3218 506 3271 Ὀτι
542 3215 755 3286 ὥσπερ
790 3219 824 3270 ὁ
857 3216 1063 3282 Πατὴρ
1093 3216 1310 3283 Κύριος
1344 3216 1610 3281 Σαϐαὼθ,
1659 3216 1850 3283 οὕτως

751 3287 855 3341 καὶ
876 3290 910 3341 ό
949 3287 1081 3350 Υἱὸς
1109 3287 1346 3355 ὁμοίως.

333 3377 390 3432 '0
426 3378 660 3442 Ἡσαΐας
691 3378 881 3447 λέγει·
930 3397 948 3430 ι
976 3378 1087 3431 Καὶ
1129 3380 1332 3449 σημεῖα
1383 3378 1478 3430 καὶ
1529 3376 1735 3449 τέρατα
1789 3377 1848 3431 ἐν

260 3470 329 3541 τῷ
357 3473 487 3543 οἴκῳ
533 3471 763 3544 Ἰσραὴλ
795 3470 946 3542 παρὰ
982 3472 1187 3542 Κυρίου
1226 3470 1476 3535 Σαϐαὼθ,
1513 3470 1571 3535 ὃς
1603 3473 1851 3525 κατοικεῖ

260 3565 312 3618 ἐν
338 3564 411 3636 τῷ
437 3565 555 3638 ὄρει
580 3564 746 3618 Σιών.
775 3585 794 3616 ι
833 3565 923 3616 Ἐν
943 3563 1001 3616 δὲ
1029 3563 1107 3636 τῷ
1143 3562 1365 3634 ψαλμῷ·
1395 3581 1414 3614 ‹
1452 3563 1594 3632 Ἐγὼ
1621 3563 1680 3616 δὲ
1712 3579 1847 3616 κατ-

260 3655 480 3728 εστάθην
513 3655 779 3726 βασιλεὺς
809 3654 900 3708 ὑπ’
930 3652 1095 3707 αὐτοῦ
1123 3654 1215 3706 ἐπὶ
1249 3652 1387 3707 Σιὼν
1421 3652 1546 3722 ὅρος
1578 3653 1638 3706 τὸ
1691 3653 1848 3721 ἆγιον

261 3741 436 3798 αὐτοῦ.
482 3762 502 3796 ι

260 3855 342 3909 54.
372 3856 526 3926 Πρὸς
568 3854 723 3924 τοὺς
761 3855 1054 3925 λέγοντας
1080 3849 1262 3926 ἧττον
1291 3852 1446 3912 εἶναι
1484 3856 1552 3909 τὸ
1605 3857 1847 3926 Πνεῦμα

321 3925 427 3981 τοῦ
461 3927 755 3996 Χριστοῦ,
811 3927 1020 3996 ἐπειδὴ
1052 3927 1326 3996 ἀρραϐὼν
1351 3925 1602 3995 ἐκλήθη,
1638 3925 1842 3997 μέρος,

320 3999 526 4066 φησιν,
556 4000 721 4052 ἐστι.

321 4091 634 4161 Γέγραπται
691 4093 752 4143 ἐν
790 4093 856 4162 τῇ
910 4090 1046 4161 πρὸς
1095 4091 1408 4160 Ἐφεσίουςο
1452 4109 1472 4142 ε
1528 4091 1616 4143 Ἐν
1660 4082 1706 4157 ᾧ
1751 4089 1844 4143 καὶ

259 4183 639 4248 πιστεύσαντες
684 4181 1093 4254 ἐσφραγίσθητε
1122 4181 1201 4252 τῷ
1234 4182 1516 4253 Πνεύματι
1541 4183 1641 4253 τῆς
1674 4184 1846 4250 ἐπαγ-

260 4272 426 4340 γελίας
453 4275 532 4345 τῷ
574 4275 742 4346 ἁγὲῳ,
769 4276 798 4328 ὅ
831 4275 942 4346 (85)
978 4276 1126 4328 ἐστιν
1155 4277 1183 4327 6
1215 4274 1473 4348 ἀρραϐὼν
1512 4275 1614 4345 τῆς
1647 4274 1845 4347 κληρο-

258 4368 433 4436 νομίας
443 4370 475 4440 ὴ
486 4367 626 4438 μῶν,
643 4370 729 4432 είς
744 4367 1118 4439 ἀπολύτρωσιν
1132 4368 1228 4438 τῆς
1242 4369 1648 4438 περιποιήσεως
1663 4365 1841 4438 ἡμῶν,

259 4463 328 4522 είς
381 4461 600 4516 ἔπαινον
658 4462 764 4533 τῆς
804 4461 962 4531 δόξης
1009 4459 1193 4514 αὐτοῦ.
1231 4479 1250 4511 ι
1285 4459 1626 4532 Εὑρίσκομεν
1656 4459 1712 4512 δὲ
1746 4459 1840 4513 τὸν

259 4553 461 4626 Πατέρα
492 4559 552 4609 ἐν
585 4558 658 4627 τῇ
701 4555 892 4627 Γραφῇ
931 4553 1098 4624 μέρος
1142 4552 1477 4624 καλούμενον
1514 4551 1663 4624 (86)·
1690 4551 1838 4621 λέγει

261 4645 357 4716 γὰρ
382 4648 436 4700 ἐν
459 4647 538 4718 τῷ
564 4645 775 4717 ψαλμῷ
795 4663 808 4675 ·
839 4664 857 4696 ‹
893 4645 1068 4716 Μερίς
1102 4661 1203 4718 μου
1235 4639 1288 4696 εἷ
1335 4645 1394 4696 ἐν
1428 4647 1498 4715 γῇ
1534 4641 1751 4707 ζώντων
1772 4661 1785 4674 ·
1811 4661 1830 4694 ι

261 4738 344 4792 καὶ
367 4739 524 4795 πάλιν
551 4741 612 4792 ἐν
639 4737 724 4808 τῷ
756 4736 1132 4807 ἑκκαιδεκάτῳ
1168 4735 1402 4814 ψαλμῷθ
1445 4753 1464 4786 ε
1504 4735 1706 4805 Κύριος
1742 4751 1838 4804 με-

263 4829 336 4897 ρὶς
365 4830 460 4899 τῆς
493 4829 866 4900 κληρονομίας
902 4845 1027 4899 μου,
1080 4827 1174 4882 καὶ
1216 4827 1310 4880 τοῦ
1358 4827 1619 4896 ποτηρίου
1663 4843 1785 4897 μου.
1814 4845 1832 4877 ι

262 4941 339 4997 55.
380 4945 533 5012 Πρός
580 4944 730 5009 τοὺς
759 4945 1054 5014 λέγοντας
1109 4943 1216 4995 τὸν
1265 4942 1407 5014 Υὶὸν
1445 4941 1526 5011 μὴ
1550 4940 1702 5014 εἶναι
1729 4941 1841 5011 τῆς

323 5016 530 5081 οὐσίας
559 5016 671 5069 τοῦ
698 5013 952 5082 Πατρός,
985 5013 1075 5066 ὅτι
1108 5015 1218 5082 μία
1245 5013 1498 5076 ἐξουσία
1525 5015 1621 5066 καὶ
1661 5013 1843 5067 δύνα-

318 5102 434 5166 μις,
459 5085 559 5208 αἰαὶ
579 5086 912 5165 βασιλεία,
943 5083 1042 5137 καὶ
1078 5084 1300 5152 ξθεότης
1336 5084 1444 5138 τοῦ
1483 5083 1717 5152 Πατρός
1742 5083 1842 5137 καὶ

325 5171 425 5208 του
512 5173 630 5208 ιου.

325 5171 425 5208 του
470 5171 495 5208 ι
504 5171 630 5209 10v.

325 5246 477 5313 Λέγει
505 5249 535 5299 6
570 5246 686 5318 (87)
727 5247 1016 5318 προφήτης
1038 5262 1052 5275 ·
1087 5263 1106 5296 ι
1151 5245 1445 5316 Ἐξαίφνης
1483 5243 1604 5315 ἥξει
1642 5245 1723 5307 εἰς
1748 5242 1842 5298 τὸν

1951 1928 2152 1968 nomen
2175 1920 2332 1966 tuum
2358 1913 2412 1966 in
2439 1913 2696 1966 universa
2729 1921 2874 1967 terra
2894 1914 2945 1966 ‘!
2980 1931 2997 1965 ›
3027 1911 3299 1979 Quoniam
3329 1925 3548 1966 omnem

1951 2013 2154 2059 terram
2190 2004 2434 2076 implevit
2467 2003 2674 2059 Christi
2704 2005 3054 2059 vocabulum.
3092 2004 3311 2060 Etenim
3338 2004 3394 2056 in
3425 2017 3549 2057 om-

1951 2110 2077 2150 nem
2112 2103 2317 2150 terram
2353 2095 2520 2150 exivit
2561 2110 2732 2150 sonus
2772 2103 3128 2159 sanctorum,
3169 2103 3221 2150 et
3261 2108 3440 2162 usque
3478 2092 3549 2148 ad

1953 2187 2091 2242 ﬁnes
2127 2186 2280 2242 orbis
2307 2187 2475 2242 verba
2509 2202 2724 2242 eorum.
2770 2185 2966 2241 Merito
3014 2202 3146 2258 ergo
3173 2185 3431 2241 Psalmus
3457 2182 3548 2237 di-

1953 2281 2048 2343 cit,
2080 2298 2098 2330 ι
2120 2279 2458 2334 Admirabile
2480 2287 2778 2336 estnomen
2803 2289 2955 2334 tuum
2974 2279 3027 2333 in
3053 2279 3310 2336 universa
3325 2287 3495 2334 terra.
3522 2293 3544 2327 ι

1950 2373 2229 2440 Quorsum
2264 2372 2420 2439 illud,
2463 2374 2610 2443 quod
2644 2372 2950 2443 subjungit,
2984 2391 3002 2423 ι
3033 2371 3302 2438 Quoniam
3334 2372 3549 2426 elevata

1951 2467 2037 2517 est
2086 2460 2492 2532 magnificentia
2540 2470 2635 2515 tua
2683 2477 2851 2531 super
2899 2461 3146 2516 ccelos'?
3175 2481 3194 2514 ι
3231 2461 3388 2529 Quod
3427 2469 3550 2516 tum

1952 2554 2237 2626 impletum
2269 2561 2374 2616 est,
2406 2570 2530 2608 cum
2572 2555 2943 2610 ascenderunt
2983 2555 3235 2625 discipuli
3287 2555 3341 2608 in
3386 2570 3549 2610 mon»

1955 2653 2062 2701 tem
2095 2663 2220 2702 cum
2256 2646 2542 2702 Salvatore
2591 2648 2645 2701 in
2692 2648 2865 2702 caelos
2893 2648 3251 2712 assumenda,
3295 2647 3545 2717 dixitque

1954 2738 2021 2793 ad
2064 2752 2200 2793 eos:
2235 2755 2254 2788 ι
2287 2735 2500 2791 Manete
2548 2737 2602 2791 in
2646 2735 2976 2800 Jerusalem,
3019 2735 3195 2790 donec
3239 2733 3545 2790 induamini

1953 2831 2155 2886 virtute
2207 2845 2274 2885 ex
2323 2830 2522 2885 alto“:
2572 2849 2590 2882 ι
2636 2830 2765 2900 quia
2823 2829 3036 2884 scilicet
3083 2834 3402 2898 assumptus
3453 2826 3546 2881 ille

1952 2929 2074 2976 erat
2099 2940 2113 2977 :
2143 2940 2162 2973 ι
2192 2921 2462 2988 Quoniam
2488 2922 2697 2977 elevata
2727 2929 2812 2976 est
2836 2919 3244 2992 magniﬁcentia
3267 2928 3359 2974 tua
3380 2934 3546 2990 super

1954 3015 2149 3070 caelos.
2178 3033 2196 3064 ›
2221 3013 2390 3085 Igitur
2411 3029 2534 3068 eum
2563 3012 2732 3068 David
2765 3013 3084 3083 alloquitur,
3115 3011 3306 3066 dicens
3329 3031 3342 3065 :
3365 3029 3384 3062 ‹
3405 3010 3546 3078 Quo-

1955 3109 2101 3161 niam
2135 3106 2331 3160 videbo
2355 3106 2549 3173 eoelos,
2580 3121 2749 3176 opera
2781 3105 3077 3176 digitorum
3107 3113 3330 3160 tuorum
3351 3104 3395 3159 ".
3430 3123 3452 3156 ι

1951 3217 2036 3272 53.
2086 3217 2155 3273 Ut
2204 3218 2371 3274 Pater
2399 3229 2476 3274 est
2523 3218 2789 3274 Dominus
2839 3217 3096 3286 Sabaoth,
3133 3219 3210 3271 ila
3253 3227 3302 3272 et
3342 3216 3541 3275 Filius.

2027 3372 2198 3428 Isaias
2227 3371 2364 3427 dicit
2392 3389 2406 3426 ;
2440 3391 2458 3424 ι
2497 3370 2664 3445 Signa
2699 3380 2752 3428 et
2803 3372 3054 3443 prodigia
3098 3372 3152 3426 in
3181 3373 3344 3426 domo
3376 3372 3545 3427 Israel

1950 3477 1981 3515 a
2011 3461 2245 3517 Domino
2278 3463 2538 3524 Sabaoth,
2580 3463 2675 3534 qui
2703 3463 2912 3517 habitat
2962 3464 3016 3517 in
3067 3471 3252 3519 monte
3293 3463 3484 3517 Sion”.
3517 3483 3538 3515 ι

1949 3555 2008 3612 In
2045 3557 2266 3612 Psalmo
2317 3567 2497 3613 autem
2553 3558 2726 3613 dicit:
2758 3576 2777 3608 ι
2808 3556 2922 3628 Ego
2976 3565 3158 3612 autem
3205 3557 3543 3613 constitutus

1952 3665 2074 3706 sum
2111 3665 2208 3706 rex
2232 3650 2301 3706 ab
2321 3665 2406 3718 eo,
2435 3666 2600 3721 super
2625 3647 2756 3703 Sion
2780 3656 3020 3705 montem
3045 3656 3291 3704 sanctum
3317 3648 3492 3718 ejus’.
3517 3667 3537 3700 ι

1953 3855 2054 3928 15
2113 3857 2203 3912 54.
2243 3854 2509 3910 Adversus
2561 3873 2648 3911 eos
2667 3896 2699 3928 7,,
2735 3857 2823 3927 qui
2879 3857 3061 3911 dicunt
3133 3857 3386 3911 minorem
3433 3872 3546 3910 esse

2019 3927 2277 3995 Spiritum
2334 3937 2578 3980 sanctum
2635 3927 2890 3989 Christo,
2947 3929 3238 3997 aiuntque,
3295 3929 3546 3980 auom’am

2020 3998 2181 4052 arrha
2207 4007 2421 4051 vocatus
2445 4006 2522 4051 est
2540 4036 2554 4061 ,
2586 4007 2789 4066 partem
2821 4000 3060 4070 aliquam
3089 4015 3222 4052 esse.

2021 4089 2296 4162 Scriptum
2343 4098 2428 4146 est
2461 4091 2516 4144 in
2548 4090 2792 4160 Epistola
2825 4092 2889 4146 ad
2922 4090 3186 4160 Ephesios
3216 4109 3229 4145 :
3269 4108 3288 4141 ι
3333 4089 3390 4144 ln
3432 4105 3545 4160 quo

1947 4184 2235 4239 credentes
2267 4183 2465 4254 signati
2489 4185 2622 4238 estis
2657 4182 2863 4254 Spiritu
2902 4182 3283 4252 promissionis
3311 4188 3543 4240 sancto:

1946 4278 2040 4348 qui
2078 4283 2162 4332 est
2181 4276 2345 4331 arrha
2373 4276 2706 4331 hazreditatis
2749 4283 2973 4340 nostra,
3007 4275 3073 4330 ad
3107 4275 3544 4346 redemptionem

1946 4369 2327 4440 acquisitionis
2353 4376 2578 4434 nostra},
2636 4369 2692 4424 in
2728 4369 2943 4424 laudem
2976 4369 3163 4440 gloriae
3209 4369 3383 4439 ipsius
3408 4366 3472 4422 ¹⁰.
3520 4387 3538 4419 ι

1949 4461 2055 4517 Sed
2079 4470 2134 4517 et
2149 4461 2364 4516 Patrem
2393 4461 2706 4516 invenimus
2731 4461 2788 4516 in
2819 4459 3116 4531 Scripturis
3133 4470 3340 4531 partem
3360 4461 3546 4532 appel-

1947 4556 2084 4620 lari,
2133 4555 2187 4609 in
2218 4553 2441 4608 Psalmo
2469 4553 2617 4609 enim
2649 4552 2852 4607 dicitur
2880 4573 2892 4608 :
2938 4571 2957 4604 ‹
3019 4552 3207 4607 Portio
3241 4568 3360 4608 mea
3395 4569 3454 4608 es
3485 4559 3543 4606 tu

1946 4647 1999 4702 in
2023 4656 2167 4702 terra
2193 4647 2491 4701 viventium
2515 4647 2578 4701 ’³.
2606 4665 2625 4696 ι
2653 4647 2837 4716 Atque
2873 4647 3069 4700 iterum
3091 4645 3144 4699 in
3163 4645 3544 4700 decimosexto

1945 4741 2194 4810 psalmo:
2237 4757 2255 4788 ε
2299 4737 2565 4794 Dominus
2600 4725 2731 4808 pars
2772 4737 3107 4792 haereditatis
3141 4751 3295 4801 mem,
3323 4745 3378 4791 et
3406 4736 3540 4790 cali-

1946 4830 2028 4882 eis
2051 4828 2158 4882 mei
2191 4828 2267 4903 ι’..
2295 4846 2314 4878 ›

1947 4940 2037 4994 55.
2078 4939 2344 4995 Adversus
2377 4958 2464 4996 eos
2497 4942 2588 5010 qui
2627 4940 2810 4994 dicunt
2860 4939 3065 4993 Filium
3114 4957 3218 4994 non
3265 4955 3378 4994 esse
3414 4938 3540 4993 sub-

2018 5013 2233 5064 stantia:
2279 5011 2458 5066 Patris
2493 5030 2506 5065 :
2539 5013 2778 5082 quodque
2806 5027 2914 5065 una
2941 5010 3222 5082 cadentque
3251 5013 3340 5082 sit_
3359 5019 3540 5078 poten-

2021 5082 2118 5149 tia,
2149 5083 2338 5147 virtus,
2371 5079 2609 5153 regnum,
2642 5079 2700 5137 et
2723 5081 2976 5136 divinitas
3015 5079 3199 5135 Patris
3219 5090 3266 5134 et
3293 5079 3444 5134 Filii.

2020 5243 2163 5301 Dicit
2216 5246 2534 5317 propheta:
2577 5265 2596 5298 ι
2655 5245 2856 5300 Statim
2916 5244 3107 5316 veniet,
3151 5243 3218 5298 ad
3279 5243 3542 5315 templum

329 5465 346 5494 ²
382 5462 526 5536 Psal.
561 5480 684 5528 nt,
726 5465 813 5520 l2.
895 5465 915 5496 ³
943 5463 1090 5536 Psal.
1137 5481 1300 5527 Lxxv,
1339 5465 1390 5518 l.
1470 5464 1492 5496 ⁴
1525 5463 1673 5521 Psal.
1712 5479 1834 5530 vm,

1999 5469 2022 5501 ⁸
2053 5468 2189 5524 ibid.
2266 5469 2287 5498 ⁸
2318 5471 2442 5525 Act.
2484 5484 2524 5536 ι,
2561 5469 2615 5523 4.
2693 5470 2711 5500 ⁷
2744 5468 2890 5523 Psal.
2929 5481 3050 5534 vin,
3083 5467 3138 5521 4.
3214 5465 3236 5497 ⁸
3270 5465 3377 5522 lsa.
3407 5477 3533 5534 vm,

268 5534 344 5589 18.
412 5538 432 5567 ⁹
481 5534 636 5592 Psal.
693 5551 765 5600 ll,
797 5536 852 5590 6.

331 5648 435 5720 (85)
467 5650 535 5720 ﬁt)
564 5649 720 5706 deest
751 5653 804 5705 in
832 5651 1156 5720 Anglicano.

331 5717 434 5787 (86)
475 5718 774 5777 Vaticanus
813 5733 865 5779 et
893 5717 1249 5790 Anglicanus,
1276 5721 1569 5793 λεγόμενον

933 5538 976 5567 ιο
1009 5535 1206 5606 Ephes.
1253 5552 1288 5601 ι,
1327 5536 1427 5601 15,
1478 5536 1565 5591 id.
1646 5537 1686 5569 ”
1714 5536 2038 5613 Psal.;cxt.l,
2073 5540 2125 5594 6.
2205 5539 2248 5569 ¹²
2279 5538 2425 5596 Psal.
2459 5555 2546 5606 xv,
2578 5540 2631 5595 5.

2025 5653 2136 5727 (87)
2167 5653 2253 5727 lta
2289 5653 2587 5712 Vaticanus
2627 5661 2682 5710 ct
2723 5654 3082 5727 Anglicanus.
3119 5649 3178 5709 In
3209 5651 3375 5708 editis
3409 5649 3538 5706 arti-

1951 5726 2108 5782 culus
2147 5726 2319 5781 deest.
