3890 6186
388 229 458 284 ss
1055 253 1059 258 ·
1302 224 1305 229 ’
1553 250 1611 308 s.
1654 254 2120 323 ATHANASIUS.
2160 300 2231 311 —
2269 271 2499 334 DUBIA.
3578 296 3652 351 σι

386 365 546 404 suum
595 349 890 422 Dominus,
949 373 1114 429 quem
1161 379 1262 422 vos
1296 371 1565 437 quaeritis,
1619 386 1674 431 et
1726 379 1935 451 Angelu

386 444 714 486 testamenti-
737 461 899 486 ninam
927 464 1023 486 mn
1070 453 1238 486 uuln.
1283 459 1329 486 ιι
1360 460 1404 486 ιι
1451 480 1466 486 -
1512 462 1605 486 “-ε
1643 467 1737 486 ε,ρ.
1835 483 1846 486 _

2071 392 2197 445 ναὸν
2230 395 2423 449 ἑαυτοῦ
2456 398 2486 451 ό
2519 399 2743 472 Κύριος,
2770 403 2829 457 ὃν
2860 405 3016 476 ὑμεῖς
3045 407 3277 479 ζητεῖτε,
3315 415 3407 469 καὶ
3439 418 3466 470 6
3486 417 3655 486 ἄγγε-

385 444 716 509 testamenti,
737 461 900 516 quem
927 464 1025 505 vos
1070 453 1240 511 vultis
1283 459 1426 516 ¹³-¹⁸.
1450 480 1470 513 ι
1511 462 1607 520 Dei
1642 444 1972 539 igitur'tem-

2072 479 2162 544 λος
2205 483 2308 553 τῆς
2362 485 2648 561 διαθήκης,
2696 490 2756 545 δν
2801 493 2960 564 ὑμεῖς
3002 495 3220 552 θέλετε’
3265 521 3284 553 ι
3316 503 3451 558 Θεοῦ
3492 479 3583 560 οῦν
3620 509 3653 562 6

384 530 532 598 illum
568 541 673 598 est,
719 537 863 606 quod
892 547 947 594 et
976 555 1137 598 suum
1195 546 1445 623 (Filius)
1498 569 1622 612 esse
1665 530 1835 631 dicit;
1898 581 1935 622 ιι

384 622 787 671 existimaretur
812 629 1026 671 (“val-nn
1068 651 1191 671 οαεο
1215 636 1393 671 Βηικε..
1425 644 1718 671 A-_:_-.:-
1792 662 1833 671 ,.
1901 657 1937 671 ι.

2074 530 2159 544 ..-τ
2218 530 2303 553 -.μ
2365 530 2648 561 -..νην-η’,
2697 530 2754 545 νγ
2805 530 2956 564 υμςιν
3003 530 3184 552 velut:
3265 530 3284 553 Ι
3316 530 3451 558 υιυυ
3492 530 3583 560 ουν
3620 530 3650 562 ο

2070 572 2216 636 ναὸς,
2254 576 2348 629 καὶ
2383 576 2533 647 λέγει
2563 581 2758 636 ἑαυτοῦ
2802 580 2939 641 εἶναι
2971 588 3064 642 τὸν
3093 591 3240 657 ναὸν,
3274 594 3350 658 ὡς
3385 595 3459 668 μὴ
3488 614 3650 671 νομι-

382 622 787 682 existimaretur
812 629 1030 689 diversa
1068 651 1191 693 esse
1215 636 1394 699 Patris
1423 622 1746 717 dominatio,
1781 622 1837 709 et
1884 657 1969 711 di—

382 731 596 772 versum
623 718 746 776 Filii
771 738 1020 793 regnum.
1075 727 1359 803 Templum
1394 735 1597 806 Patris,
1635 746 1784 814 quod
1812 748 1968 805 dedi-

379 808 523 863 cavit
557 809 816 870 Salomon
854 817 985 883 Deo,
1020 820 1125 877 hoc
1153 823 1332 894 ipsum
1378 828 1499 885 Filii
1534 808 1795 906 templum
1824 856 1967 896 nun-

378 906 545 966 cupat
572 905 859 974 propheta,
895 924 1018 965 cum
1050 913 1128 967 ait
1155 935 1168 970 :
1218 936 1239 968 ι
1278 916 1476 975 Statim
1508 905 1689 981 veniet
1721 929 1789 983 ad
1830 940 1965 988 tem-

381 987 531 1057 plum
568 1009 748 1083 rsuum
807 997 1094 1061 Dominus.
1166 1026 1185 1060 ι
1245 1009 1480 1083 Ideoque
1540 1016 1791 1076 Salvator
1844 987 1960 1082 ait:

385 1096 407 1129 ε
441 1078 635 1149 Ejicite
677 1085 793 1142 haec
830 1089 1054 1159 isthinc,
1086 1105 1140 1153 et
1171 1100 1340 1157 nolite
1387 1078 1569 1163 iacere
1606 1108 1829 1167 domum
1860 1078 1964 1170 Pa-

381 1171 482 1227 tris
538 1177 691 1244 mei,
747 1180 968 1239 domum
1019 1194 1408 1260 negotiationis
1438 1198 1521 1254 "z
1559 1218 1579 1252 ι
1638 1202 1756 1272 ipse
1787 1206 1957 1265 dicit:

382 1279 405 1315 ι
446 1262 640 1334 Ejicite
670 1271 774 1327 ista
808 1274 977 1333 hinc:
1006 1278 1202 1338 domus
1235 1286 1379 1341 enim
1425 1304 1567 1355 mea,
1597 1262 1795 1353 domus
1834 1313 1961 1355 ora-

374 1353 542 1412 tionis
569 1361 871 1422 vocabitur.
906 1366 1111 1427 Domus
1131 1413 1143 1434 ,
1179 1375 1376 1446 inquit,
1405 1353 1587 1437 Patris
1616 1384 1755 1451 mei,
1786 1353 1961 1445 etdo—

378 1460 501 1503 mus
528 1464 647 1504 mea
666 1453 730 1509 ὀ.
769 1473 788 1507 ι

377 1559 464 1617 56.
508 1560 710 1618 Filium
758 1566 946 1625 habere
995 1590 1179 1629 nomen
1228 1577 1444 1647 Patris,
1489 1593 1547 1636 ut
1581 1584 1747 1641 Deum
1778 1602 1830 1643 et
1854 1591 1959 1645 Do-

1059 1681 1280 1720 manum.

445 1764 700 1824 Testatur
727 1771 885 1831 Pater
911 1778 965 1832 in
1010 1777 1233 1837 Exodo:
1274 1805 1291 1836 ι
1344 1786 1487 1845 Ecce
1517 1806 1617 1862 ego
1661 1795 1816 1851 mitto
1846 1797 1957 1853 An-
1988 1757 2030 1812 Β

371 1859 551 1928 gelum
581 1878 763 1920 meum
798 1878 925 1925 ante
956 1871 1147 1929 faciem
1180 1885 1328 1931 tuam
1357 1919 1370 1942 ,
1415 1890 1473 1935 ut
1498 1859 1773 1943 custodiat
1817 1899 1869 1948 te
1897 1893 1952 1948 in

371 1949 478 2015 via,
513 1964 573 2006 ut
606 1954 919 2016 introducat
951 1970 1004 2018 te
1051 1965 1104 2018 in
1158 1975 1379 2033 terram,
1414 1988 1577 2041 quam
1631 1985 1954 2051 praeparavit

371 2043 467 2097 tibi
497 2064 509 2099 :
552 2050 769 2105 attende
797 2053 895 2107 tibi
922 2061 1239 2114 etausculta
1266 2077 1411 2128 eum,
1438 2083 1506 2123 ne
1544 2070 1623 2126 sis
1653 2073 1703 2128 ei
1737 2075 1953 2133 inobse—

368 2148 563 2201 quens.
604 2135 719 2193 Non
770 2144 917 2198 enim
964 2147 1250 2205 remissius
1310 2162 1432 2223 aget
1481 2164 1701 2216 tecum:
1753 2181 1948 2222 nomen

368 2226 513 2279 enim
573 2245 749 2285 meum
810 2243 895 2289 est
934 2236 989 2291 in
1046 2238 1139 2293 illo
1190 2239 1256 2297 ¹¹.
1303 2264 1321 2297 ι
1363 2244 1518 2305 Unde
1564 2260 1619 2308 et
1666 2253 1836 2313 Filius
1892 2261 1948 2315 in

369 2313 662 2389 Evangelio
697 2322 866 2381 dicit:
906 2344 925 2377 ι
967 2326 1081 2399 Ego
1115 2333 1236 2387 veni
1269 2335 1323 2388 in
1358 2341 1578 2397 nomine
1612 2343 1791 2402 Patris
1816 2351 1945 2416 mei,

365 2414 418 2460 et
444 2409 556 2463 non
576 2413 860 2483 recepistis
885 2433 1005 2486 me;
1036 2421 1081 2476 si
1107 2423 1247 2482 alius
1269 2432 1478 2487 venerit
1507 2433 1561 2488 in
1584 2451 1684 2490 suo
1705 2441 1944 2508 nomine,

366 2498 518 2553 illum
555 2506 872 2573 receperitis
904 2511 969 2563 η.
1034 2532 1052 2565 ι
1093 2512 1159 2568 Et
1210 2518 1266 2575 in
1323 2525 1536 2593 psalmo
1580 2542 1761 2595 cxvn,
1821 2533 1942 2590 ait:

368 2606 389 2638 c
422 2590 742 2651 Benedictus
770 2640 784 2666 ,
844 2604 940 2672 qui
999 2610 1149 2662 venit
1205 2612 1260 2667 in
1312 2590 1535 2674 nomine
1566 2618 1780 2676 Domini
1811 2625 1877 2681 ³³.
1919 2643 1939 2678 ι

365 2678 551 2738 Sancti
582 2688 748 2758 igitur
795 2698 1092 2764 prophetae,
1125 2718 1235 2757 non
1284 2708 1447 2763 modo
1500 2711 1682 2767 Solem
1719 2678 1944 2783 iustitia:

359 2774 548 2832 dixere
576 2777 939 2853 Salvatorem,
972 2799 1025 2844 et
1052 2795 1377 2851 matutinam
1405 2816 1697 2873 veramque
1739 2807 1939 2875 lucem,

359 2867 454 2921 sed
482 2876 535 2924 et
579 2871 914 2944 lampadem,
961 2890 1014 2937 et
1062 2886 1387 2944 brachium:
1423 2902 1484 2947 ut
1533 2867 1767 2952 testatur
1798 2899 1941 2958 Deus

359 2974 454 3027 per
484 2959 675 3019 Isaiam
710 2971 1048 3040 pr0phetam,
1072 2977 1264 3035 dicens
1292 3001 1304 3036 :
1345 3001 1364 3034 ‹
1406 2985 1819 3062 Appropinquat
1850 3011 1942 3051 ce—

356 3054 772 3126 leriterjustitia
804 3079 941 3127 mea,
972 3070 1219 3139 utadsit;
1251 3054 1490 3134 salutare
1521 3092 1699 3138 autem
1735 3103 1936 3156 meum,
1967 3104 2008 3159 (ζ

356 3156 415 3203 ut
438 3149 645 3221 lampas
680 3155 889 3212 ardebit
925 3159 989 3215 “.
1033 3180 1053 3215 ι
1092 3163 1251 3220 Nulla
1297 3167 1535 3226 humana
1586 3178 1728 3231 ratio
1763 3181 1937 3235 inter-

354 3253 599 3312 pretetur
618 3261 736 3316 qua:
767 3260 892 3304 sunt
919 3250 1034 3307 Dei.
1054 3253 1170 3310 Non
1200 3266 1378 3328 potest
1399 3267 1677 3321 veritatem
1693 3270 1939 3330 ediscere

353 3333 665 3405 quispiam,
711 3340 816 3395 nisi
866 3343 934 3396 ab
972 3345 1087 3415 ipsa
1128 3349 1376 3406 veritate.
1440 3355 1577 3411 Cum
1626 3362 1937 3431 unigenitus

353 3423 616 3484 Dominus
642 3442 827 3486 noster
847 3432 1008 3492 Jesus
1029 3437 1285 3497 Christus
1308 3443 1487 3501 editus
1514 3456 1597 3503 est
1619 3451 1687 3505 ab
1716 3423 1935 3525 nuptia-

353 3517 419 3573 lis
446 3534 774 3591 congressus
821 3540 1042 3598 experte
1099 3535 1299 3602 puclla,
1334 3552 1534 3594 novum
1577 3552 1769 3612 partus
1818 3563 1937 3602 mo-

350 3609 480 3664 dum
519 3613 571 3667 in
603 3616 813 3683 orbem,
846 3636 1153 3694 novamque
1189 3626 1424 3684 feturam
1462 3632 1519 3686 in
1548 3637 1717 3691 vitam
1755 3640 1932 3697 intro-

348 3701 575 3770 ducens,
609 3708 758 3764 illum
789 3712 967 3769 adhuc
1015 3716 1345 3776 infantulum
1389 3734 1565 3794 gestat
1618 3738 1832 3799 mater,
1878 3743 1935 3791 et

346 3792 505 3848 oﬂ'ert
536 3795 778 3855 Simeoni
812 3805 1105 3862 sacerdoti.
1143 3808 1250 3866 iste
1277 3812 1333 3866 in
1365 3792 1520 3871 ulnas
1551 3831 1776 3890 accepto
1812 3823 1932 3882 Sal-

345 3890 555 3950 vatore,
585 3889 651 3942 ad
685 3906 808 3946 eum
850 3894 924 3948 ita
967 3896 1244 3968 loquitur,
1296 3919 1361 3959 ac
1388 3906 1521 3962 dicit
1554 3929 1566 3963 :
1605 3929 1624 3961 ι
1661 3889 1819 3969 Nunc
1847 3917 1932 3971 di-

346 3977 518 4033 mittis
569 3995 787 4038 servum
830 3994 1016 4055 tuum,
1074 3990 1322 4061 Domine,
1370 4001 1671 4057 secundum
1702 4007 1926 4062 verbum

344 4075 520 4138 tuum,
554 4071 607 4125 in
657 4089 808 4143 pace.
845 4075 979 4143 Quia
1013 4081 1265 4141 viderunt
1312 4089 1456 4143 oculi
1524 4093 1631 4147 mei
1689 4096 1929 4156 salutare

345 4167 497 4212 tuum
526 4161 571 4193 "
596 4202 613 4227 ,
648 4183 666 4215 ι
700 4165 803 4221 hoc
828 4178 932 4235 est,
966 4176 1311 4242 praesentiam
1344 4177 1571 4238 Christi.
1604 4182 1798 4244 Merito
1821 4190 1925 4261 igi-

342 4256 435 4304 tur
475 4255 738 4326 pr0pheta
788 4259 920 4317 dixit
984 4265 1087 4320 sub
1137 4282 1374 4336 persona
1425 4270 1563 4331 Dei:
1602 4295 1622 4329 ι
1676 4255 1925 4338 Salutare

342 4357 522 4398 meum
546 4358 603 4400 ut
626 4349 833 4422 lampas
854 4355 1086 4422 ardebit,
1114 4369 1167 4414 et
1198 4360 1253 4415 in
1280 4361 1563 4436 brachium
1589 4385 1769 4427 meum
1793 4389 1920 4444 gen-

2072 663 2265 733 σθῆναι
2294 667 2486 740 ἑτέραν
2522 667 2660 725 εῖναι
2685 672 2777 727 τοῦ
2808 676 3023 750 Πατρὺς
3061 681 3160 753 τὴν
3186 663 3518 753 δεσποτείαν,
3550 663 3651 746 καὶ

2068 757 2260 828 ἑτέραν
2283 760 2376 814 τοῦ
2401 763 2529 816 Υἰοῦ
2550 765 2648 836 τὴν
2680 767 2976 836 βασιλείαν.
3001 772 3104 827 Τὸν
3132 777 3257 830 ναὸν
3284 780 3378 831 τοῦ
3408 782 3647 856 Πατρός,

2065 848 2124 900 ὃν
2164 851 2433 922 ἀνέθηκεν
2499 858 2528 909 6
2568 858 2817 930 Σολομὼν
2857 862 2934 933 τῷ
2975 864 3114 933 Θεῷ,
3156 869 3345 924 τοῦτον
3373 874 3496 929 ναὸν
3529 848 3649 931 ’τοῦ

2067 938 2195 993 Υἱοῦ
2230 941 2385 995 καλεῖ
2419 947 2447 998 6
2479 949 2795 1020 προφήτηςε
2830 972 2850 1005 ‹
2898 954 3187 1030 Ἐξαίφνης
3245 962 3365 1031 ἣξει
3413 969 3494 1030 εἰς
3548 968 3644 1023 τὸν

2065 1030 2187 1083 ναὸν
2220 1033 2413 1087 ἑαυτοῦ
2446 1039 2475 1089 6
2504 1039 2726 1110 Κύριος.
2770 1062 2788 1095 ο
2834 1045 2933 1099 Διὰ
2970 1048 3128 1102 τοῦτο
3164 1054 3192 1105 6
3231 1054 3422 1127 Σωτὴρ
3453 1057 3636 1127 λέγει·

2069 1138 2088 1171 ι
2136 1121 2423 1179 Ἐκσάλετε
2449 1129 2619 1182 ταῦτα
2646 1133 2896 1189 ἐντεῦθεν
2930 1137 3064 1209 (88),
3096 1142 3191 1194 καὶ
3216 1143 3290 1216 μὴ
3321 1121 3645 1206 ποιεῖτετὺν

2061 1206 2209 1266 οἶκον
2241 1216 2334 1269 τοῦ
2368 1218 2580 1293 Πατρός
2626 1242 2727 1296 μου
2767 1224 2913 1281 οἶκον
2941 1206 3257 1307 ’ἐμπορίου-ο
3279 1206 3311 1291 ἰ
3353 1241 3512 1306 αὐτὸς
3543 1243 3639 1297 λέ·-

2060 1319 2146 1372 γει
2169 1323 2183 1337 ο
2225 1325 2245 1358 ι
2299 1309 2587 1368 Ἐκῦἀλετε
2636 1318 2805 1373 ταῦτα
2834 1322 3082 1377 ἐντεῦθεν
3104 1344 3117 1356 ·
3147 1330 3175 1382 6
3208 1329 3314 1401 γὰρ
3346 1329 3493 1399 οἶκός
3533 1354 3645 1407 μου

2058 1390 2205 1461 οἶκος
2243 1405 2550 1475 προσευχῆς
2588 1406 2938 1481 κληθήσεται.
2996 1417 3055 1470 '0
3098 1390 3296 1486 oixoig;
3329 1390 3494 1497 φησὶ,
3533 1390 3638 1483 ἱτοῦ

2059 1485 2271 1559 Πατρός
2306 1508 2407 1562 μου
2442 1497 2536 1549 καὶ
2560 1494 2706 1563 οἶκός
2735 1519 2855 1573 μου.
2896 1523 2915 1555 ι

2058 1601 2145 1657 56.
2186 1605 2305 1660 Ὅτι
2363 1613 2397 1664 ὀ
2458 1614 2688 1702 Υἱὸςητιξ
2735 1618 3073 1702 dread-toﬁ
3113 1626 3342 1695 Πατρός
3376 1630 3521 1700 ἔχει,
3553 1633 3638 1702 ὡς

2583 1685 2727 1753 Θεὸς
2747 1685 2845 1741 καὶ
2867 1693 3101 1759 Κύριος.

2125 1787 2410 1861 Μαρτυρεῖ
2439 1793 2467 1846 6
2493 1792 2680 1868 Πατὴρ
2711 1798 2768 1851 ὲν
2810 1803 2873 1872 τῇ
2922 1803 3141 1876 Ἐξόδῳο
3172 1828 3190 1859 ι
3213 1809 3342 1863 Ἰδοὺ
3373 1811 3479 1881 ἐγὼ
3499 1810 3637 1868 ἀπο-

2056 1879 2257 1934 στέλλω
2308 1883 2399 1937 τὸν
2458 1885 2689 1955 ἄγγελόν
2745 1908 2847 1961 μου
2900 1895 3007 1966 πρὸ
3055 1898 3347 1969 προσώπου
3394 1879 3509 1968 σου,
3545 1907 3635 1962 ἵνα

2054 1969 2265 2044 φυλάξῃ
2285 1990 2344 2026 σε
2376 1976 2432 2027 ὲν
2456 1977 2520 2046 τῇ
2542 1976 2665 2047 ὁδῷ,
2699 1980 2847 2046 ὅπως
2882 1985 3151 2061 εἰσαγάγῃ
3184 1983 3242 2043 σε
3262 1993 3321 2044 ὲν
3354 1995 3527 2067 τῇγῇ,
3561 1996 3634 2069 ῆν

2053 2060 2314 2132 ήτοίμασέ
2367 2081 2482 2117 σοι·
2524 2068 2754 2140 πρόσεχε
2822 2076 3036 2146 σεαυτῷ
3077 2060 3186 2151 (89)
3236 2083 3331 2136 καὶ
3379 2060 3631 2142 eiad-xeat

2051 2151 2214 2205 αὐτοῦ
2241 2171 2253 2183 ·
2288 2156 2361 2227 μὴ
2394 2156 2601 2210 ἀπείθει
2628 2160 2797 2233 αὐτῷ.
2844 2164 2919 2216 Οὐ
2969 2166 3077 2240 γὰρ
3126 2170 3201 2243 μὴ
3248 2172 3632 2248 ὑποστείληται

2053 2261 2112 2296 σε
2131 2263 2144 2275 ·
2184 2247 2245 2301 τὸ
2267 2248 2375 2320 γὰρ
2407 2248 2579 2321 ὄνομά
2607 2253 2707 2323 μού
2751 2255 2899 2311 ἐστιν
2927 2260 2986 2312 ὲν
3007 2261 3172 2333 αὐτῷ.
3201 2282 3220 2316 ι
3261 2266 3420 2320 Ὅθεν
3442 2270 3470 2321 6
3505 2247 3631 2336 Υἱὸς

2050 2335 2107 2387 ὲν
2126 2335 2205 2406 τῷ
2237 2337 2552 2412 Εὑαγγελίῳ
2571 2340 2717 2412 λέγει
2744 2361 2757 2375 ·
2787 2364 2805 2397 ι
2831 2346 2970 2416 Ἐγὼ
2997 2345 3161 2420 ἦλθον
3202 2354 3260 2406 ὲν
3296 2354 3375 2427 τῷ
3402 2335 3629 2428 ὀνόματι

2048 2426 2142 2478 τοῦ
2175 2428 2387 2501 Πατρός
2451 2449 2574 2503 μου,
2639 2435 2733 2489 καὶ
2759 2439 2862 2492 οὐκ
2892 2440 3145 2506 ἐδέξασθέ
3181 2463 3277 2517 με·
3323 2426 3418 2502 ὲάν
3468 2426 3631 2519 ἄλλος

2047 2517 2178 2592 ἔλθῃ
2212 2521 2293 2584 εἰς
2320 2521 2381 2576 τὸ
2412 2523 2584 2596 ὄνομα
2607 2528 2823 2596 ἑαυτοῦ,
2856 2534 3062 2589 ἐκεῖνον
3090 2535 3335 2610 δέξησθε.
3357 2560 3376 2593 ι
3403 2543 3513 2598 Καὶ
3546 2517 3629 2610 εἰς

2045 2611 2136 2665 τὸν
2165 2612 2456 2668 ἑκατοστὸν
2483 2619 2942 2680 ἑπτακαιδέκατον
2983 2625 3195 2699 ψαλμὸν
3241 2632 3422 2702 λέγει·
3461 2652 3479 2686 ι
3522 2636 3631 2689 Εὐ-

2044 2702 2343 2777 λογημένος
2366 2709 2393 2762 6
2422 2709 2713 2780 ἐρχόμενος
2741 2715 2799 2767 ὲν
2833 2716 3053 2786 ὀνόματι
3101 2720 3327 2792 Κυρίου.
3362 2742 3380 2774 ι
3416 2726 3480 2778 Oi
3530 2720 3630 2781 οὖν

2044 2795 2187 2865 ἆγιοι
2220 2800 2494 2871 προφῆται
2523 2802 2582 2854 οὐ
2616 2804 2776 2873 μόνον
2808 2805 2993 2861 Ἥλιον
3027 2809 3369 2885 δικαιοσύνης
3394 2816 3627 2873 ἐκάλουν

2042 2887 2132 2943 τὸν
2168 2890 2418 2963 Σωτῆρα,
2458 2895 2551 2948 καὶ
2596 2894 2854 2969 κόρθρινὸν
2885 2900 3001 2970 φῶς
3046 2902 3316 2975 ἀληθινὸν,
3351 2908 3486 2964 ἀλλὰ
3526 2913 3624 2967 καὶ

2041 2979 2319 3052 λαμπάδα,
2349 2985 2442 3038 καὶ
2467 2986 2725 3060 βραχίονα
2748 3006 2762 3021 °
2793 2990 2869 3056 ὡς
2910 3001 3176 3067 μαρτυρεί
3216 3000 3244 3051 6
3274 2998 3427 3065 Θεὸς,
3449 3002 3635 3072 λέγων.

2041 3071 2127 3125 διὰ
2169 3073 2388 3128 Ἡσαΐου
2443 3078 2538 3132 τοῦ
2589 3084 2866 3155 προφήτου
2895 3102 2908 3115 ’
2959 3105 2977 3137 ι
3032 3089 3268 3159 Ἐγγίζει
3298 3095 3434 3164 ταχὺ
3479 3096 3621 3167 ἡδιη

2042 3167 2300 3239 καιοσύνη
2335 3187 2436 3240 μου
2460 3176 2902 3244 παραγενέσθαι·
2935 3180 2994 3233 τὸ
3019 3181 3075 3234 δὲ
3108 3186 3371 3257 σωτήριόν
3405 3205 3505 3259 μου
3544 3190 3621 3256 ὡς

2039 3254 2262 3321 λααπάς
2309 3260 2658 3331 καυθήσεται.
2699 3284 2717 3317 ι
2757 3264 2955 3338 Μηδεὶς
2990 3254 3328 3343 ἀνθρώπινος
3362 3254 3621 3349 λογισμὸς

2040 3347 2391 3419 ἑρμηνευέτω
2416 3353 2485 3407 τά
2522 3354 2618 3407 τοῦ
2653 3356 2809 3412 Θεοῦ.
2842 3361 2955 3413 Οὐκ
2989 3360 3136 3417 ἔστιν
3160 3365 3414 3437 ἀλήθειαν
3442 3347 3618 3441 ἐκμα-

2037 3436 2148 3492 θεῖν
2170 3458 2292 3496 τινα
2334 3444 2366 3514 ἢ
2417 3447 2735 3520 παράὑτῆς
2780 3452 2949 3523 αὐτὴν
2997 3436 3453 3525 ἐκμανθάνοντας.
3487 3436 3617 3517 ’Ὅτε

2036 3530 2064 3582 6
2095 3533 2409 3608 Μονογενὴς
2435 3539 2464 3590 ὁ
2492 3538 2695 3611 Κύριος
2729 3543 2884 3614 ήμῶν
2932 3546 3138 3617 Ἰησοῦς
3159 3551 3393 3621 Χριστὸς
3417 3553 3614 3628 ἐτέχθη

2035 3624 2093 3691 ἐξ
2140 3626 2514 3701 ἀπειρογάμου
2565 3635 2753 3705 κόρης,
2799 3638 2879 3700 εἰς
2906 3638 2997 3693 τὸν
3037 3640 3240 3712 κόσμον
3272 3642 3428 3716 ξένην
3452 3624 3617 3703 ὠδῖνα

2029 3902 2107 3974 τῷ
2137 3905 2288 3977 ἱερεῖ.
2332 3903 2498 3974 Οὗτος
2526 3912 2704 3967 λαϐὼν
2733 3917 2813 3978 εἰς
2846 3916 2945 3981 τὰς
2976 3918 3221 3988 ἀγκάλας
3241 3923 3330 3977 τὸν
3361 3902 3609 3997 Σωτῆρα,

2029 3997 2165 4067 πρὸς
2197 4000 2357 4053 αὑτὸν
2386 4002 2679 4072 φθέγγεται
2703 4006 2797 4060 καί
2822 4026 2951 4080 φησι
2983 4010 3092 4083 (90)
3113 4029 3125 4042 ·
3166 4032 3185 4063 ‹
3207 4014 3320 4067 Νῦν
3354 4016 3609 4083 ἀπολύεις

2026 4090 2118 4144 τὸν
2136 4090 2320 4147 δοῦλόν
2346 4111 2461 4159 σου,
2481 4097 2749 4165 Δέσποτα,
2772 4103 2912 4155 κατὰ
2925 4103 2986 4156 τὸ
3010 4105 3075 4175 ῥῆ
3085 4106 3161 4176 μά
3183 4123 3296 4171 σου,
3315 4108 3373 4161 ὲν
3396 4111 3607 4184 εἰρήνῃ.

2028 4181 2149 4242 “uti.
2176 4179 2313 4237 εἶδον
2341 4187 2391 4238 οἰ
2439 4188 2705 4261 ὀφθαλμοί
2729 4209 2832 4262 μου
2860 4193 2921 4248 τὸ
2949 4198 3215 4269 σωτήριόν
3243 4217 3363 4265 σου,
3398 4222 3417 4254 ι

2025 4273 2172 4342 ἐστι,
2226 4276 2325 4349 τὴν
2379 4282 2683 4351 παρουσίαν
2716 4285 2811 4339 τοῦ
2863 4288 3123 4361 Χριστοῦ.
3163 4292 3406 4359 Εἰκότως
3439 4292 3532 4351 οὖν
3578 4300 3609 4353 6

2023 4368 2308 4440 προφήτης
2337 4369 2522 4440 ἔλεγεν
2552 4373 2616 4427 ὲκ
2663 4375 2954 4447 προσώπου
2983 4379 3078 4435 τοῦ
3109 4381 3244 4437 Θεοῦ
3270 4402 3283 4415 ο
3321 4404 3341 4437 ι
3378 4387 3490 4440 Καὶ
3543 4389 3611 4443 τὸ

341 4441 423 4489 tes
445 4439 743 4523 sperabunt
772 4445 837 4500 ".
876 4464 895 4497 ι
923 4446 1210 4507 Brachium
1257 4471 1494 4528 namque
1551 4464 1728 4531 patris
1776 4439 1913 4522 lini-

2046 4439 2288 4531 τωτήριόν
2346 4439 2448 4533 μου
2479 4462 2555 4529 ὡς
2600 4439 2822 4537 λαμπὰς
2864 4470 3220 4542 καυθήσεται,
3265 4476 3359 4529 καὶ
3391 4478 3472 4542 εἰς
3512 4481 3605 4535 τὸν

338 4525 580 4595 genitum
614 4533 860 4588 nominat
893 4537 1219 4598 :brachium
1253 4525 1510 4615 quidem.
1551 4525 1664 4608 non
1697 4562 1756 4610 ut
1789 4572 1919 4627 par-

336 4625 444 4674 tem
474 4619 724 4693 deitatis;
781 4627 875 4684 sed
937 4640 995 4685 ut
1040 4634 1363 4695 substantiae
1410 4619 1808 4714 conjunctum:
1848 4649 1919 4707 Ut

2022 4549 2284 4622 βραχίονά
2318 4572 2419 4626 μου
2449 4555 2574 4626 ἔθνη
2598 4558 2841 4615 ὲλπιοῦσι
2871 4564 3003 4633 (91).
3038 4584 3057 4616 ι
3086 4567 3353 4640 Βραχίονα
3374 4572 3481 4644 γὰρ
3504 4574 3602 4627 τοῦ

2022 4644 2234 4715 Πατρὸς
2265 4648 2426 4702 πάλιν
2473 4651 2628 4704 καλεί
2667 4653 2757 4707 τὸν
2781 4657 3082 4731 Μονογενῆ.
3121 4661 3392 4734 Βραχίονα
3420 4665 3477 4720 δὲ
3502 4670 3601 4739 οὐχ

332 4714 478 4768 enim
528 4716 814 4775 brachium
846 4723 1088 4794 ejusdem
1133 4738 1218 4785 est
1265 4734 1600 4803 substantiae,
1636 4740 1795 4811 cujus
1825 4744 1917 4800 ille

334 4804 419 4831 ,ιηζ
450 4806 726 4831 L---L2___.-
778 4830 785 4831 ,
810 4826 845 4831 ,-
938 4817 969 4831 ι-
1043 4819 1057 4831 1
1177 4822 1187 4831 .
1218 4823 1229 4831 .
1357 4824 1390 4831 _
1489 4828 1499 4831 _

2046 4753 2092 4798 ›ς
2121 4737 2286 4810 μέρος
2319 4739 2573 4814 θεότητος
2615 4745 2797 4800 καλεῖο
2835 4714 2951 4803 ἀλλ;
2977 4714 3058 4814 ὡς
3085 4756 3150 4824 τῇ
3168 4714 3342 4827 ὀὐσία
3390 4714 3601 4831 συνημῖ

331 4804 421 4859 cui
449 4806 732 4867 brachium
766 4826 885 4883 est;
936 4817 1008 4872 ita
1043 4819 1327 4878 brachium
1356 4824 1534 4885 Patris
1559 4832 1908 4899 nominatur,

329 4897 772 4971 quandoquidem
803 4919 1127 4978 cooperator
1162 4921 1247 4971 est
1289 4914 1471 4972 Patris
1521 4921 1577 4976 in
1610 4926 1907 4980 creatione.

331 4986 506 5059 Atque
531 4991 692 5049 istius
719 5000 1022 5067 argumenti
1057 5004 1213 5060 testis
1241 5014 1328 5062 est
1365 5008 1470 5081 16
1505 5011 1700 5070 beatus
1744 5013 1910 5072 Joan-

326 5092 427 5134 nes
455 5084 808 5154 evangelista,
839 5088 933 5158 qui
974 5105 1142 5162 supra
1176 5103 1368 5164 pectus
1403 5096 1705 5159 Salvatoris
1748 5118 1907 5161 recu-

2023 4829 2201 4899 μένον.
2228 4833 2438 4906 Ὥσπερ
2464 4835 2571 4909 γὰρ
2599 4838 2628 4890 6
2655 4839 2894 4912 βραχίων
2926 4844 3025 4915 τῆς
3049 4847 3222 4918 αὐτῆς
3234 4850 3383 4903 ἐστιν
3408 4829 3598 4915 οὐσίας

2017 4921 2246 4991 ἐκείνου,
2269 4919 2330 4978 οῦ
2363 4928 2479 4980 ἐστι
2510 4927 2770 5001 βραχίων,
2804 4934 2891 4987 διὰ
2910 4935 3068 4991 τοῦτο
3097 4937 3337 5010 βραχίων
3361 4942 3455 4996 τοῦ
3485 4945 3598 4997 Πα-

2013 5014 2141 5085 τρὸς
2160 5017 2506 5089 ὀνομάζεται,
2533 5023 2719 5096 ἐπειδὴ
2740 5030 2998 5099 συνεργός
3016 5032 3243 5103 ὲστιτῆς
3266 5032 3360 5087 τοῦ
3381 5037 3596 5108 Πατρὸς

2013 5108 2391 5182 δημιουργίας.
2433 5116 2543 5169 Καὶ
2580 5117 2783 5190 ταύτης
2825 5121 2925 5191 τῆς
2962 5124 3290 5191 ἀποδείξεως
3325 5129 3536 5203 μάρτυς
3563 5134 3592 5184 ὀ

399 5235 516 5268 ¹³⁶¹¹³
547 5236 774 5295 Malach.
812 5258 895 5309 Ill,
928 5246 975 5300 i.
1043 5248 1084 5279 "
1108 5249 1267 5305 Joan.
1302 5267 1365 5313 It.
1401 5252 1484 5308 16.
1547 5256 1592 5287 ὀ
1622 5256 1812 5315 Matth.
1847 5277 1937 5315 XXI

399 5320 492 5349 tm-
526 5306 597 5349 96
695 5312 844 5349 “Im
895 5332 1002 5349 ιτ..
1055 5321 1077 5349 ι
1188 5320 1368 5349 ηι..,.
1426 5339 1463 5349 ..
1520 5325 1592 5349 an
1639 5327 1707 5349 um
1804 5331 1850 5349 η
1883 5331 1896 5349 ι

2046 5266 2074 5319 ἱ.
2135 5266 2372 5349 ἰιίἰξοιι
2415 5287 2570 5337 χχιιι,
2597 5273 2688 5339 20,
2724 5274 2814 5330 21.
2881 5280 2928 5310 "
2957 5278 3116 5338 Joan.
3144 5299 3193 5349 v,
3215 5283 3307 5338 45.
3371 5287 3417 5318 ³³
3442 5285 3587 5344 Psal.

323 5316 495 5370 cxvn,
526 5306 616 5364 26.
695 5312 740 5343 "
766 5306 1027 5383 lsa.'uu,
1055 5321 1107 5374 1.
1188 5322 1233 5352 ³⁸
1259 5306 1389 5377 an.
1425 5306 1486 5387 ti,
1520 5306 1727 5393 29,36.

396 5458 508 5530 (88)
547 5459 694 5557 Haec,
730 5471 1003 5557 usquead
1034 5473 1309 5557 ἐντεῦθεν,
1358 5476 1558 5534 desunt
1605 5483 1660 5537 in
1708 5482 1900 5557 Angli-

325 5544 485 5588 cano.
522 5548 621 5587 nec
649 5534 788 5590 lecta
817 5534 948 5594 sunt
978 5557 1007 5595 a
1034 5543 1269 5599 Nannio.

398 5600 510 5694 (8‘9)
551 5600 803 5694 §ic-edit.
836 5609 1162 5694 Qommelin.
1199 5622 1264 5694 et
1282 5632 1472 5694 omnes
1505 5625 1895 5694 manuscripti,

328 5678 523 5739 praeter
551 5672 739 5743 Basil.,
773 5680 864 5746 qui
903 5696 1027 5738 cum
1061 5685 1192 5742 edit.
1231 5685 1403 5745 Paris.
1422 5672 1787 5753 Βοῦλιἶῖὐὲνᾶ

1804 5331 1850 5363 ³⁸
1881 5331 1972 5388 lsa.
2014 5350 2148 5401 tht,
2181 5338 2231 5403 l,
2257 5338 2311 5391 2.

2082 5490 2195 5574 (νο.)
2238 5492 2332 5548 Sic
2347 5493 3321 5580 “Vaticanum.Basiliensis,Anglic.
3355 5518 3409 5567 et
3445 5510 3583 5573 edit.

2008 5558 2491 5650 Parisicls:.‘Edit.
2517 5585 2647 5650 vero
2683 5558 3298 5650 Cpgnmgtg,'§al{ié§éil

2079 5632 2192 5704 (9|)
2230 5633 2375 5722 Edit.
2407 5636 2693 5710 C0mmci.,
2732 5632 2980 5700 ἐλπιῶσιί
