3890 6186
338 312 405 364 67
1471 310 1529 365 S.
1576 305 2049 365 ATHANASIUS.
2085 332 2158 346 —--
2193 305 2426 361 DUBIA»
3535 292 3609 346 68

338 426 564 483 relictus
593 440 713 480 sum
741 425 914 487 solus,
947 432 1002 479 et
1027 432 1280 494 quaerunt
1302 424 1557 479 animam
1584 440 1762 481 meam
1810 432 1874 479 to.

2074 441 2173 477 ιται
2204 421 2355 491 αὐτῷ
2392 423 2422 473 ὁ
2480 420 2896 493 χρηματισμός’
2932 437 2953 470 ι
2998 414 3357 487 Ἐξελεξάμην
3384 410 3610 484 ἐμαυτῷ

338 520 451 573 lere
473 520 539 574 ⁸⁸.
571 535 591 570 ι
617 516 928 589 Respondet
950 517 1002 572 ei
1041 518 1363 573 oraculum:
1399 536 1419 568 ι
1454 517 1633 588 Delegi
1663 518 1796 572 mihi
1831 533 1874 573 ει

2072 511 2468 584 ττακισχιλίους
2510 512 2731 582 ἄνδρας,
2761 511 2957 573 οἵτινες
2978 509 3079 562 οὐκ
3102 506 3355 579 ἔκαμψαν
3379 506 3507 575 γόνυ
3534 507 3608 578 τῇ

337 612 479 682 pties
532 613 681 667 mille
744 611 927 676 viros,
991 612 1084 681 qui
1135 626 1246 666 non
1295 612 1725 666 incurvaverunt
1781 627 1873 683 gen

2074 604 2192 658 άαλ.
2222 623 2241 655 ι
2277 603 2505 674 Ἴδωμεν
2535 599 2648 669 οὖν,
2683 605 2732 657 εί
2765 603 2861 657 καὶ
2885 602 2944 655 τὸ
2983 600 3207 670 Πνεῦμα
3243 599 3357 671 ἔχει
3388 613 3610 671 χρημα-

336 705 487 760 Baali
518 705 584 760 “.
616 725 636 759 ι
664 703 958 762 Videamus
989 707 1178 776 igitur,
1206 721 1335 760 num
1368 714 1423 760 et
1456 705 1696 778 Spiritus
1724 705 1872 761 habe

2072 697 2236 767 σμόν.
2266 696 2357 767 Τῷ
2382 694 2626 767 Συμεὼν,
2662 696 2797 768 ίερεῖ
2828 696 2941 749 δντι
2975 694 3069 748 καὶ
3094 695 3331 766 γέροντι,
3360 694 3608 764 ἐχρημαρ

337 796 535 854 edendi
560 797 770 853 oraculi
798 806 1145 868 potestatem.
1194 797 1436 853 Simeoni
1481 805 1667 861 certe,
1723 806 1778 852 et
1833 812 1873 852 s:

2068 788 2182 859 ίσθη
2222 788 2371 859 αὐτῷ
2401 789 2508 842 ὑπὸ
2532 787 2629 841 τοῦ
2672 787 3007 858 Πνεύματος,
3059 787 3141 840 ὅτι
3178 805 3197 837 ι
3234 786 3308 839 Οὐ
3342 784 3429 856 μὴ
3464 785 3604 838 ἀπο-

338 890 551 946 cerdoti
582 897 637 944 et
662 890 801 955 seni,
828 891 1111 946 oraculum
1153 889 1424 945 redditum
1463 897 1548 945 est
1597 905 1628 943 a
1661 889 1869 960 Spiritu

2070 882 2215 955 ίνῃς,
2238 883 2369 954 πρὶν
2402 881 2467 936 ἂν
2503 881 2620 954 ἴδῃς
2647 881 2737 935 τὸν
2767 880 3021 952 Χριστόν.
3056 898 3076 931 ι
3109 880 3220 934 Καὶ
3258 880 3347 931 ὅτε
3394 876 3606 930 παιδίον

344 999 365 1033 ι
396 979 749 1051 Nequaquam
803 980 1089 1044 morieris,
1139 979 1271 1049 quin
1331 980 1484 1049 prius
1517 979 1722 1035 videris
1764 979 1877 1033 Chr

2069 975 2311 1047 ὶσηνέχθη
2338 978 2417 1040 είς
2435 976 2497 1030 τὸ
2546 975 2711 1048 ἱερὸν,
2746 976 2841 1028 καὶ
2878 974 3178 1029 ἐϐάστασεν
3214 972 3375 1026 αὑτὸν
3401 972 3458 1024 tv
3482 973 3605 1035 ταῖς

339 1080 487 1129 stum
516 1070 582 1127 “.
621 1090 640 1124 ι
686 1071 749 1125 Et
778 1087 902 1126 cum
939 1073 1291 1126 induceretur
1320 1087 1456 1141 puer
1481 1072 1538 1126 in
1565 1073 1845 1142 templum,
1869 1097 1875 1121 ‹

2072 1069 2293 1139 γκάλαις
2340 1069 2529 1135 αὐτοῦ,
2570 1070 2694 1124 τότε
2744 1069 3104 1141 ἀποκρίνεται
3142 1065 3393 1139 Συμεών·
3437 1087 3456 1119 ι
3491 1066 3608 1121 Νῦν

338 1172 579 1236 gestaret
598 1181 722 1221 eum
754 1166 811 1219 in
836 1166 980 1221 ulnis
1014 1164 1260 1234 Simeon,
1294 1175 1411 1219 tum
1444 1166 1727 1236 respondit
1777 1166 1869 1221 ille

2073 1159 2282 1225 πολύεις
2322 1161 2414 1214 τὸν
2466 1159 2651 1214 δοῦλόν
2694 1176 2811 1224 σου,
2859 1159 3132 1224 Δέσποτα,
3165 1159 3307 1213 κατά
3351 1158 3412 1211 τὸ
3456 1157 3609 1229 ῥῆμά

345 1275 368 1310 ι
400 1256 560 1314 Nunc
582 1258 815 1315 dimittis
842 1273 1060 1315 servum
1090 1266 1264 1325 tuum,
1308 1258 1533 1314 Domine
1556 1301 1571 1325 ,
1623 1260 1881 1314 secundm

2073 1268 2146 1312 au,
2177 1253 2234 1305 tv
2252 1252 2440 1323 εἰρήνῃ
2460 1251 2598 1322 (93).
2623 1270 2643 1305 ι
2665 1250 2875 1325 Οὐκοῦν
2893 1250 3097 1322 Κύριος
3129 1252 3224 1305 καὶ
3250 1250 3513 1321 δεσπότης
3543 1249 3609 1302 τὸ

340 1350 568 1404 verbum
592 1358 779 1419 tuum,
816 1351 871 1405 in
913 1366 1047 1421 pace
1072 1348 1138 1403 “.
1178 1370 1197 1402 ι
1246 1350 1415 1421 Igitur
1440 1350 1700 1422 Spiritus,
1734 1360 1790 1406 et
1819 1351 1928 1406 Do-
2028 1342 2274 1416 Πνεῦμα.
3446 1372 3451 1375 -

341 1442 528 1499 minus
552 1450 612 1499 et
638 1443 806 1498 herus
834 1450 942 1499 est.

346 1558 450 1629 17
494 1556 585 1613 40.
636 1556 789 1624 Quod
838 1556 1044 1679 dicunt,
1077 1554 1337 1679 priritum
1393 1556 1495 1611 vim
1544 1556 1882 1626 sanctiﬁcata

1020 1643 1093 1679 .ta
1131 1643 1236 1679 ere.

2064 1538 2153 1598 ιο.
2187 1543 2308 1596 Ὅτι
2338 1542 2590 1613 λέγουσι
2628 1542 2695 1597 τὸ
2737 1539 2984 1613 Πνεῦμα
3015 1543 3369 1614 ἁγιαστικὺν
3397 1539 3570 1599 εἶναι.

1020 1643 1236 1680 ςιιουενε.

411 1718 472 1774 Si
512 1717 895 1776 sanctiﬁcandi
926 1734 1127 1774 munus
1171 1732 1268 1790 per
1298 1717 1530 1789 gratiam
1585 1720 1635 1774 ei
1692 1735 1926 1775 conces-

2100 1719 2166 1773 Εί
2198 1719 2295 1789 μὲν
2335 1718 2493 1789 ἐδόθη
2526 1717 2672 1789 αὐτῷ
2703 1716 2765 1772 τὸ
2797 1719 3045 1787 ἁγιάζειν
3077 1711 3219 1772 κατὰ
3245 1719 3426 1791 χάριν,
3462 1718 3614 1792 εὑρί-

342 1827 467 1869 sum
501 1810 623 1877 fuit,
680 1811 958 1866 invenitur
994 1824 1131 1866 sane
1185 1810 1278 1864 ille
1328 1808 1635 1867 sacerdotis
1688 1810 1878 1865 oﬁiciu;

2080 1826 2223 1863 ιεται
2252 1809 2442 1880 ἱερέων
2472 1809 2580 1879 (96)
2614 1809 2802 1864 ποιοῦν
2834 1810 3016 1882 ἔργον.
3045 1811 3119 1864 Οὐ
3146 1809 3256 1881 γὰρ
3275 1810 3495 1863 δύναται
3516 1809 3616 1864 καὶ

342 1917 625 1959 exercere.
678 1900 801 1956 Non
842 1901 990 1956 enim
1027 1907 1211 1970 potest
1261 1908 1315 1956 et
1348 1900 1615 1957 Dominus
1658 1903 1878 1966 simul,

2075 1901 2299 1973 ιστοότης
2330 1897 2470 1954 εἶναι
2501 1902 2596 1956 καὶ
2628 1902 2919 1974 ὑπουργός.
2960 1903 3071 1956 Καὶ
3100 1905 3148 1955 εἰ
3181 1902 3280 1974 μὲν
3316 1901 3611 1973 ὑπουργὸς,

345 1996 604 2051 minister
629 2009 771 2051 esse.
809 1991 870 2049 Si
899 1994 1068 2066 igitur
1096 1994 1348 2049 minister
1368 2003 1473 2057 est,
1527 2011 1881 2065 supervacqu

2078 1994 2285 2065 εριττὺν
2305 1992 2368 2047 τὸ
2392 1991 2745 2062 βαπτίζεσθαι
2768 1996 2914 2065 ἡμᾶς
2934 1994 3013 2057 είς
3034 1993 3095 2046 τὸ
3116 1993 3285 2065 δνομα
3302 1992 3396 2047 τοῦ
3418 1995 3614 2065 ὑπουρ-

341 2097 428 2142 est
465 2102 597 2158 ergo
645 2100 747 2141 nos
780 2085 1049 2156 baptizari
1087 2085 1144 2139 in
1176 2084 1398 2140 nomine
1430 2086 1690 2141 ministri.
1718 2084 1875 2141 Eteni

2079 2082 2151 2143 οῦ.
2183 2084 2295 2143 Καὶ
2318 2089 2427 2160 γὰρ
2458 2092 2487 2142 ὁ
2522 2090 2699 2158 ἱερεὺς
2728 2090 2790 2142 ού
2820 2088 2879 2142 τὸ
2906 2086 3050 2160 ὕδωρ
3084 2088 3321 2157 ἁγιάζει,
3346 2086 3481 2141 ἀλλὰ
3513 2087 3615 2158 τὴν

344 2177 607 2235 sacerdos
640 2195 749 2235 non
777 2194 973 2249 aquam
1009 2178 1338 2247 sanctiﬁcat,
1390 2178 1488 2235 sed
1540 2179 1880 2234 ministeriun

2077 2178 2257 2232 ίουσαν
2301 2178 2604 2250 ὑπηρεσίαν
2648 2178 2979 2250 ἀποπληροῖ,
3027 2178 3265 2249 εἰληφὼς
3320 2178 3472 2250 παρὰ
3516 2178 3613 2231 τοῦ

347 2271 496 2341 quod
525 2266 846 2343 requiritur,
874 2271 1158 2341 adimplet,
1192 2286 1319 2325 cum
1350 2269 1403 2324 id
1446 2267 1605 2326 ofﬁcii
1654 2285 1883 2340 acceper

2077 2268 2167 2322 εοῦ
2203 2270 2344 2323 κατὰ
2376 2270 2559 2341 χάριν.
2591 2270 2653 2337 Ei
2697 2266 2789 2323 οῦν
2821 2271 2883 2323 τὸ
2915 2270 3045 2322 αὐτὸ
3092 2273 3234 2322 ποιεῖ
3275 2269 3335 2323 τὸ
3365 2269 3613 2341 Πνεῦμα,

347 2378 379 2415 a
409 2358 519 2416 Deo
552 2377 650 2432 per
683 2361 938 2431 gratiam.
977 2356 1036 2415 Si
1082 2360 1252 2431 igitur
1297 2361 1440 2416 idem
1496 2361 1627 2415 facit
1669 2359 1883 2431 Spiritu:

2102 2361 2196 2415 καὶ
2240 2362 2268 2415 ό
2310 2363 2508 2433 ἱερεὺς,
2559 2364 2607 2415 εί
2656 2361 2812 2433 ἐδόθη
2854 2362 3002 2432 αὐτῷ
3030 2362 3091 2415 τὸ
3133 2361 3398 2431 ἁγιάζειν,
3439 2362 3514 2426 ὡς
3548 2364 3614 2417 σὺ

348 2452 494 2523 quod
526 2453 785 2508 sacerdos
816 2490 832 2517 ,
865 2453 912 2507 si
943 2452 1068 2507 data
1101 2461 1186 2509 est
1207 2452 1284 2507 illi
1323 2452 1555 2508 facultas
1585 2452 1884 2509 sanctiﬁcat

2082 2454 2162 2526 ὴςν
2196 2451 2285 2507 διὰ
2317 2454 2368 2508 τί
2399 2457 2428 2509 ὁ
2458 2456 2650 2528 Πατὴρ
2673 2455 2889 2525 ἁγιάζει
2911 2472 2924 2520 ;
2950 2455 3208 2519 Βασιλεὺς
3230 2456 3360 2527 γὰρ,
3394 2456 3618 2510 ἐπιτάτ-

347 2545 425 2608 di,
458 2550 517 2597 ut
542 2550 600 2596 tu
635 2543 738 2607 ais,
774 2557 875 2596 cur
904 2539 1067 2599 Pater
1090 2543 1437 2598 sanctiﬁcat?
1474 2539 1531 2596 Si
1566 2543 1787 2612 quidem
1822 2542 1883 2613 [re

2076 2564 2141 2600 ων
2162 2548 2268 2599 τινὶ
2297 2546 2475 2618 ἔργον,
2498 2548 2691 2618 ἐκείνῳ
2716 2551 3005 2619 συγχωρεῖ,
3036 2539 3080 2615 ᾦ
3109 2548 3385 2601 ἐπιτάττει
3409 2551 3581 2603 ποιεῖν
3596 2562 3612 2580 ⁶

348 2652 487 2707 opus
515 2635 677 2690 alicui
709 2635 1029 2705 injungens,
1063 2634 1119 2689 id
1142 2634 1194 2690 ei
1239 2635 1505 2706 agendum
1541 2632 1814 2701 concedit,
1844 2651 1884 2689 οη

1262 2635 1505 2706 ιεοιιᾱιιιῐι
1541 2632 1814 2701 concedit,
1844 2635 1934 2690 cui
2035 2636 2131 2692 καὶ
2163 2641 2263 2693 οὐκ
2298 2640 2461 2704 αὐτὸς
2487 2637 2798 2710 ἐργάζεται.

348 2725 605 2796 iniungit,
631 2740 732 2782 nec
749 2724 867 2795 ipse
898 2731 1186 2794 operatur.

346 2817 439 2872 41.
481 2813 714 2869 Rursum
771 2814 1050 2886 haereticus
1090 2823 1149 2868 ut
1189 2813 1433 2870 ostendat
1487 2815 1626 2886 quod
1681 2810 1880 2885 Spiritu

2174 2810 2372 2886 Illum
2424 2818 2457 2870 ό
2506 2813 2833 2883 αἱρετικὸς,
2893 2814 3084 2871 θέλων
3138 2816 3348 2883 δεῖξαι,
3404 2816 3494 2873 ὅτι
3548 2818 3615 2875 τὸ

576 2886 798 2942 Verbum
856 2885 949 2940 Dei
982 2885 1262 2940 Dominum
1295 2883 1577 2955 nuncupat,
1609 2883 1729 2942 ait.'
1920 2883 1924 2884 ⁷
2063 2883 2112 2939 Π

2063 2883 2308 2954 Πνεῦμα
2328 2884 2544 2954 Κύριον
2560 2886 2854 2940 Miror
2867 2890 3062 2957 Λόγον
3078 2887 3185 2941 τοῦ
3204 2889 3373 2953 Θεοῦ,
3401 2889 3580 2959 λέγει.

423 2995 444 3030 ι
479 2976 626 3033 Dixit
681 2976 950 3033 Dominus
1011 2974 1246 3032 Domino
1296 2993 1458 3033 meo:
1497 2977 1639 3034 Sede
1668 2993 1699 3032 a
1726 2978 1936 3035 dextris

2168 2974 2336 3032 Εἶπεν
2367 2979 2396 3030 ὁ
2438 2979 2643 3049 Κύριος
2688 2977 2767 3050 τῷ
2799 2979 2992 3051 Κυρίῳ
3036 2995 3172 3050 μου·
3206 2980 3389 3034 Κάθου
3432 2983 3495 3034 ἐκ
3530 2982 3621 3037 δι.
3670 2986 3678 2993 ·

348 3067 488 3126 meis
512 3067 581 3125 “.
614 3085 633 3121 ι
691 3064 898 3122 Volens
928 3072 1113 3120 autem
1142 3062 1401 3121 Salvator
1428 3067 1740 3132 ostendere,
1789 3082 1884 3137 qut

718 3155 954 3176 σαψ---
991 3153 1270 3176 nL_=-.___
1312 3154 1594 3176 “mam---
1843 3173 1884 3176 --

2082 3069 2168 3124 ιῶν
2202 3087 2322 3143 μου.
2358 3089 2377 3123 ι
2402 3069 2582 3124 Θέλων
2604 3070 2660 3124 δὲ
2686 3073 2716 3124 ὁ
2746 3071 2936 3144 Σωτὴρ
2963 3071 3134 3139 δεῖξαι
3178 3073 3260 3126 ὅτι
3286 3073 3347 3126 οὐ
3374 3073 3533 3145 μόνον
3554 3073 3618 3129 τὺ

349 3174 463 3214 non
501 3159 680 3216 solum
718 3155 958 3228 Spiritus
990 3153 1277 3211 Christum
1310 3154 1601 3211 Dominum
1631 3166 1812 3222 vocet,
1836 3173 1885 3214 st

2084 3162 2261 3234 ’νεῦμα
2296 3163 2500 3234 Κύριον
2539 3162 2698 3216 καλεῖ
2737 3163 2829 3218 τὸν
2854 3164 3109 3236 Χριστὸν,
3138 3164 3274 3219 ἀλλὰ
3321 3168 3417 3219 καὶ
3454 3164 3620 3231 αὐτὸς

350 3251 499 3323 quod
519 3252 638 3322 ipse
676 3249 958 3315 Christus,
994 3248 1260 3304 Dominus
1284 3263 1348 3303 ac
1381 3248 1527 3306 Deus
1549 3249 1642 3313 sit,
1699 3251 1886 3307 intem

2103 3255 2339 3325 Χριστὸς
2384 3255 2590 3326 Κύριος
2629 3255 2726 3309 καὶ
2768 3254 2900 3318 Θεός
2942 3256 3111 3322 ἐστιν,
3159 3254 3465 3322 ἐξετασθεὶς
3506 3256 3619 3328 (9⁸1)

351 3353 513 3416 gatus
541 3359 573 3397 a
601 3342 790 3398 Iudaeo
820 3343 876 3397 in
901 3342 1020 3397 haec
1040 3342 1208 3397 verba
1233 3358 1247 3394 :
1273 3360 1292 3392 ι
1321 3341 1648 3413 Praeceptor,
1675 3345 1820 3414 quod
1851 3359 1887 3399 e:

2085 3347 2194 3420 αρὰ
2244 3347 2497 3401 Ἰουδαίου
2550 3346 2799 3416 λέγοντος
2823 3364 2836 3378 ’
2886 3366 2906 3400 ι
2964 3346 3279 3414 Ἐπιστάτα,
3328 3349 3459 3404 ποία
3500 3349 3621 3403 ἐστὶ

351 3436 588 3506 primum
650 3433 1009 3489 mandatum?
1067 3433 1202 3489 dicit
1255 3433 1305 3489 ei
1340 3453 1354 3489 :
1386 3432 1588 3505 Diliges
1646 3434 1887 3491 Dominui

2088 3439 2230 3511 ρὼτη
2265 3439 2486 3510 ἐντολής
2519 3439 2667 3508 λέγει
2707 3438 2884 3510 αὐτῷ’
2927 3440 3258 3510 Ἀγαπήσεις
3293 3440 3496 3514 Κύριον
3526 3441 3620 3494 τὸν

350 3526 522 3583 Deum
554 3535 707 3581 tuum
739 3543 803 3582 ex
835 3533 950 3580 toto
976 3524 1143 3581 corde
1177 3532 1273 3580 tuo
1317 3526 1385 3582 ν’.
1426 3524 1635 3581 Etenim
1670 3529 1886 3596 scriptu:

2081 3533 2173 3587 ἐόν
2221 3549 2314 3585 σου
2363 3532 2421 3599 ἐξ
2468 3531 2597 3602 ὅλης
2638 3533 2862 3604 καρδίας
2911 3550 3001 3586 σου
3029 3550 3043 3564 ο
3106 3535 3201 3588 καὶ
3243 3533 3351 3606 γὰρ
3410 3535 3617 3606 γέγρα-

351 3628 439 3676 est
474 3639 488 3674 :
529 3618 784 3673 Dominus
830 3618 966 3674 Deus
1019 3636 1155 3673 unus
1197 3628 1277 3673 est
1314 3619 1380 3673 ⁸⁸.
1416 3618 1727 3675 Secundum
1755 3631 1887 3676 aute

2079 3642 2173 3677 πται
2197 3640 2210 3654 ’
2256 3625 2471 3692 Κύριος
2517 3623 2663 3690 Θεὸς
2694 3619 2781 3689 εἷς
2806 3624 3003 3678 ἐστιν.
3051 3624 3116 3677 Ἦ
3147 3624 3375 3695 δευτέρα
3400 3624 3615 3695 ἐντολή·

352 3713 672 3767 mandatum
693 3732 707 3767 ε
725 3711 928 3783 Diliges
952 3713 1265 3783 proximum
1288 3720 1464 3775 tuum,
1490 3714 1634 3769 sicut
1656 3724 1708 3769 te
1734 3713 1888 3784 ipsun

2082 3718 2388 3789 Αγαπήσεις
2412 3717 2505 3769 τὸν
2538 3716 2763 3788 πλησίον
2804 3734 2894 3770 σου
2936 3716 3012 3780 ὡς
3056 3716 3281 3771 σεαυτόν
3315 3716 3448 3788 (98).
3483 3716 3618 3770 Τότε

353 3803 495 3860 Τιιω
537 3803 822 3873 respondit
865 3804 1089 3861 Judaeus
1122 3824 1135 3860 :
1170 3803 1338 3860 Recte
1393 3806 1610 3861 locutus
1664 3822 1745 3875 es,
1802 3822 1889 3876 pra

2083 3808 2313 3881 πεκρίθη
2347 3810 2376 3862 ὁ
2411 3809 2700 3871 Ἰουδαῖος·
2749 3806 2953 3878 Ὀρθῶς
2980 3804 3158 3871 εἶπας,
3205 3808 3489 3873 ἐπιστάτα,
3536 3809 3619 3862 ὅτι

353 3905 563 3968 ceptor,
601 3896 769 3951 Deum
794 3913 961 3971 unum
993 3912 1117 3954 esse
1136 3899 1204 3953 ι’.
1248 3916 1268 3950 ι
1332 3897 1448 3952 Ηοο
1475 3907 1659 3955 autem
1686 3899 1844 3965 dixit,
1879 3917 1889 3953 ι

2098 3901 2231 3964 Θεὸς
2258 3897 2337 3963 εἷς
2370 3902 2503 3953 ἐστι.
2540 3918 2559 3951 ι
2602 3899 2774 3952 Τοῦτο
2801 3899 2858 3952 δὲ
2893 3898 3095 3967 ἔλεγεν,
3133 3898 3220 3952 ἵνα
3252 3899 3351 3968 τὴν
3392 3895 3622 3967 θεότητα

354 3991 613 4045 deitatem
643 3988 767 4044 Filii
812 3988 1152 4046 inﬁciaretur
1186 4010 1203 4047 :
1250 3988 1503 4046 Salvator
1534 4001 1717 4046 autem
1749 3993 1888 4046 volet

2085 3992 2135 4046 δῦ
2171 3991 2300 4046 Υίοῦ
2348 3992 2670 4064 ἀρνήσηται.
2711 3991 2769 4044 Ὀ
2822 3991 2881 4044 δὲ
2924 3989 3134 4061 Σωτὴρ,
3171 3989 3491 4060 βουλόμενος
3521 3988 3621 4061 τὴν

355 4083 696 4138 dominatum
742 4098 902 4138 suum
935 4082 1062 4137 cum
1100 4081 1284 4138 Patris
1322 4083 1607 4138 dominatu
1656 4093 1891 4154 coaptan

2084 4085 2338 4158 υριότητα
2367 4083 2531 4138 αὐτοῦ
2566 4082 2802 4152 συνάψαι
2823 4085 2888 4154 τῇ
2916 4082 3010 4135 τοῦ
3034 4082 3246 4153 Πατρὸς
3274 4081 3403 4153 (99),
3431 4080 3620 4148 ἐξετά-

355 4184 713 4246 percontatur
740 4190 807 4229 cx
836 4189 935 4228 eo:
965 4191 983 4225 ι
1013 4172 1157 4239 Quid
1195 4171 1381 4235 dicitis
1416 4174 1483 4230 de
1501 4174 1744 4239 Christo,
1780 4175 1891 4244 cujt

2086 4192 2131 4228 ει
2158 4175 2344 4229 αὐτόν’
2383 4191 2403 4226 ι
2433 4174 2570 4245 Περὶ
2596 4172 2691 4227 τοῦ
2720 4173 2959 4246 Χριστοῦ
2983 4173 3038 4226 τί
3062 4171 3439 4243 λέγετε;τίνος
3474 4173 3622 4227 ἐστὶν

356 4267 532 4323 Filius
556 4269 684 4323 est?
715 4267 904 4334 Aiunt,
945 4266 1139 4322 David.
1199 4287 1220 4321 ι
1279 4266 1593 4339 Respondet
1645 4267 1892 4327 Salvator

2084 4266 2188 4332 ίός;
2234 4266 2470 4335 Λέγουσι
2520 4264 2629 4319 Τοῦ
2659 4257 2842 4320 Δαϐίδ.
2879 4264 3301 4336 »Ἀποκρίνεται
3342 4265 3620 4336 όΣωτήρ·

363 4380 384 4413 ι
422 4359 707 4426 Quomodo
749 4361 918 4431 igitur
963 4358 1133 4415 David
1181 4359 1237 4414 in
1272 4358 1482 4429 Spiritu
1538 4369 1732 4417 sancto
1786 4361 1899 4416 illul

2105 4358 2230 4422 Πῶς
2254 4355 2347 4412 οῦν
2378 4357 2543 4412 Δαϐὶδ
2574 4359 2632 4411 ἐν
2687 4357 2969 4428 Πνεύματι
3018 4356 3157 4427 ἁγίῳ
3202 4355 3407 4427 Κύριον
3460 4355 3624 4408 αὐτὸν

360 4452 648 4508 Dominum
677 4451 947 4522 appellat?
997 4449 1055 4504 Si
1109 4450 1277 4522 igitur
1307 4448 1481 4506 Filius
1503 4453 1624 4521 ejus
1660 4460 1766 4517 est,
1798 4469 1896 4524 quo

2088 4450 2234 4516 ιλεῖ;
2280 4451 2345 4504 Εἰ
2392 4445 2486 4503 οῦν
2512 4449 2640 4513 Υἱὸς
2672 4448 2847 4502 αὐτοῦ
2881 4448 3027 4515 ἐστι,
3057 4447 3175 4511 πῶς
3218 4447 3380 4500 αὑτὸν
3422 4446 3624 4518 Κύριον

361 4542 523 4598 modo
547 4558 672 4597 eum
690 4541 978 4597 Dominum
998 4555 1152 4599 vocat
1164 4542 1246 4597 "?
1274 4562 1292 4594 ι
1311 4541 1551 4599 Rursum
1563 4544 1817 4599 dixerunt
1835 4547 1892 4599 ill

2090 4542 2230 4607 αλεῖ;
2274 4561 2293 4593 ι
2352 4542 2521 4596 Πάλιν
2567 4540 2753 4610 ἔλεγον
2792 4539 2973 4612 αὐτῷ,
3016 4541 3105 4594 ὅτε
3156 4538 3409 4605 ἐξέϐαλλε
3439 4539 3517 4613 (1)
3557 4539 3626 4593 τὰ

362 4650 490 4690 cum
564 4635 787 4705 ejiceret
847 4634 1114 4690 daemonia
1178 4653 1193 4689 :
1256 4651 1276 4685 ι
1344 4633 1447 4689 Hic
1509 4636 1568 4690 in
1617 4636 1898 4692 Beelzebul

2089 4635 2329 4705 ιιμόνιαο
2386 4652 2404 4684 ι
2457 4628 2625 4697 Οῦτος
2672 4635 2731 4685 tv
2786 4632 3112 4697 Βεελξεϐοὺλ
3141 4674 3155 4698 ,
3232 4632 3454 4704 ἄρχοντι
3514 4632 3625 4686 τῶν

364 4726 608 4797 principe
623 4726 1017 4782 dmmoniorum
1041 4726 1194 4797 ejicit
1215 4724 1485 4782 daemonia
1499 4727 1567 4781 ".
1581 4727 1832 4794 {Quibus
1863 4730 1900 4783 it

2091 4726 2355 4796 ιιμονίων,
2386 4725 2634 4779 ἐκϐάλλει
2651 4723 2721 4778 τὰ
2749 4724 3049 4795 δαιμόνια.»
3069 4721 3202 4779 Εἶτα
3217 4724 3497 4794 λέγειίΕί
3515 4722 3627 4794 ἐγὼ

361 4818 703 4890 respondet:
746 4838 764 4871 ι
810 4818 869 4874 Si
925 4834 1026 4890 ego
1078 4819 1137 4873 in
1204 4816 1783 4890 Beelzebuleflejicio,
1840 4819 1896 4874 ﬁl

2089 4838 2106 4873 ν
2126 4817 2451 4884 Βεελζεϐοὺλ
2478 4817 2742 4881 ἐκϐάλλω,
2777 4816 2848 4870 τὰ
2870 4817 3039 4871 τέκνα
3058 4815 3282 4888 ύμῶνέν
3306 4816 3410 4869 τίνι
3428 4816 3625 4870 ἐκϐάλ-

362 4911 530 4965 vestri
563 4911 619 4965 in
646 4925 885 4981 quonam
915 4910 1145 4980 ejiciunt
1164 4910 1250 4966 “1
1279 4929 1298 4962 ι
1332 4909 1625 4975 Caeterum,
1656 4928 1780 4968 cum
1806 4912 1898 4967 ﬁlii

2089 4929 2260 4979 ouatv;
2288 4932 2307 4964 ι
2337 4912 2640 4965 Αίνίττεται
2672 4910 2729 4962 δὲ
2762 4911 2960 4972 αὐτοὺς
2993 4909 3190 4972 τέκνα,
3225 4908 3397 4976 λέγων
3431 4924 3625 4978 γεννη-

361 5002 517 5062 dicit.
565 5003 842 5073 apostolos
869 5001 1203 5067 subindicat,
1255 5017 1322 5058 ex
1352 5004 1491 5075 ipsis
1520 5003 1812 5070 oriundos,
1848 5020 1897 5076 qi

2092 5004 2240 5067 ἑντας
2275 5002 2374 5073 μὲν
2396 5000 2459 5064 ἐξ
2499 4999 2679 5055 αὐτῶν
2710 5000 2835 5063 τοὺς
2878 4998 3231 5061 ἀποστόλους,
3268 4995 3628 5062 ἐκϐάλλοντας

437 5158 483 5228 ξι
515 5157 585 5211 Ill
618 5156 751 5228 Reg.
776 5174 892 5220 xm,
927 5157 1016 5213 10.
1091 5156 1138 5189 ⁸³
1168 5156 1303 5212 ibid.
1335 5157 1423 5212 18.
1523 5158 1572 5191 ⁸⁸
1596 5156 1729 5214 Luc.
1767 5174 1829 5223 ιι,
1861 5158 1951 5214 26.

2088 5161 2112 5192 ⁸
2143 5159 2276 5214 ibid.
2300 5157 2402 5228 29.7
2487 5156 2535 5189 “
2564 5153 2905 5228 Psal.c1x,‘j
3005 5226 3012 5228 _
3039 5156 3092 5228 _"
3117 5155 3285 5228 Marc.
3311 5173 3412 5225 xu,
3439 5155 3624 5212 28.50.

366 5228 411 5261 “
438 5227 592 5284 Deut.
619 5225 776 5295 v|,'5.
855 5228 901 5261 ‘°
930 5228 1096 5283 Marc.
1119 5243 1217 5295 ιιι,
1257 5228 1348 5294 51,
1376 5228 1464 5283 52.
1563 5230 1610 5261 ⁵ο
1636 5228 1827 5286 Matth.
1856 5246 1902 5284 ιε

1661 5228 1827 5286 ίίιῑιίι.
1856 5245 1995 5299 ml,
2021 5230 2208 5286 ιε-ιι.
2310 5229 2357 5261 ⁸⁸
2387 5227 2523 5283 Luc.
2561 5243 2639 5293 XI,
2668 5227 2754 5282 l5.
2859 5225 2907 5257 ⁸⁸
2943 5226 3076 5281 ibid.
3107 5227 3197 5284 l9.

436 5427 737 5505 (95)__Ha_3c,
768 5431 1101 5505 Lthslpﬁvn,
1153 5429 1351 5505 desunt
1399 5429 1465 5505 in
1505 5429 1640 5505 edit.
1674 5428 1938 5505 Commel.

1707 5429 1938 5505 Iommel.
2119 5427 2739 5505 (99)_Edit.__Cornmel.,
2778 5427 3243 5505 rofLHvsupa'gog.

436 5429 549 5500 (95)
589 5429 737 5498 Haec,
787 5431 845 5485 tv
890 5434 1101 5505 εἰρήνῃ,
1153 5429 1351 5485 desunt
1399 5429 1457 5484 in
1505 5429 1640 5485 edit.
1674 5429 1938 5484 Commel.
2119 5429 2234 5573 $99)
2277 5429 2417 5484 Edit.
2451 5429 2739 5491 Commel.,
2778 5429 2872 5482 τοῦ
2906 5429 3267 5509 Πνεύματος..
3534 5496 3548 5509 ⁸

364 5498 532 5585 Rasil.
557 5500 732 5556 Vatic.
756 5499 1157 5585 _Sed_‘|egu.ntur
1184 5503 1241 5556 in
1269 5502 1402 5557 edit.
1430 5498 1608 5557 Paris.
1639 5507 1695 5558 et
1726 5500 1952 5585 Anglic.
2098 5501 2200 5585 ml)
2222 5501 2339 5585 _Sic
2364 5500 2531 5581 editio
2556 5499 2820 5585 Com’m‘el.
2862 5498 3028 5585 Easil.
3061 5497 3632 5585 etﬁVatIcLCaz‘teErst

364 5568 614 5635 lectaque
646 5582 775 5627 sunt
803 5586 833 5625 a
857 5565 1092 5627 Nannio.
1815 5565 1841 5573 ⁷

2095 5565 2192 5628 iit.
2219 5570 2545 5634 Parisiens.,
2582 5565 2821 5635 ἐξέϐαλε.
2863 5568 3032 5624 Paulo
3067 5569 3208 5624 infra
3238 5569 3392 5629 editi,
3433 5567 3631 5621 ἐκϐάλ-

458 5635 549 5715 9tj)
588 5642 928 5715 Basiliensis,
961 5644 1174 5715 ἱερέως.
1225 5712 1236 5715 _

2092 5659 2129 5696 ει
2162 5642 2233 5695 τὰ
2262 5640 2545 5715 δαιμόνια,
2574 5635 2693 5715 εἷτα
2725 5638 2890 5715 λέγει.
2918 5639 3339 5715 Basiliensiset
3370 5638 3628 5715 Apglica-

456 5706 550 5783 97)
584 5706 937 5783 Anglicanus,
973 5706 1297 5783 ἐρωτηθείς.

2096 5728 2176 5777 us,
2208 5706 2460 5783 ἐκϐάλλει
2494 5711 2562 5783 τά
2595 5706 3033 5783 δαιρόνιαμαὺτὰ,
3067 5706 3186 5766 εἶτα
3212 5709 3380 5780 λέγει.
3410 5706 3632 5765 vation-

458 5778 547 5853 93)
586 5778 942 5854 Anglicanus,
980 5778 1149 5841 Basil.
1178 5791 1232 5841 et
1258 5782 1456 5853 Vatic.,
1492 5783 1703 5841 ἑαυτόν.

1444 5824 1456 5852 ,
1492 5783 1703 5841 ἑαυτόν.
2047 5799 2176 5851 nus,
2202 5781 2452 5838 ἐκϐάλλει
2482 5779 2643 5851 αύτᾲ,
2671 5778 2789 5836 εἶτα
2816 5779 2980 5850 λέγει.
