3890 6186
203 261 269 357 θε)
883 305 973 359 DE
1009 305 1332 362 COMMUNI
1371 300 1714 360 ESSENTIA
1753 295 2008 356 PATRIS
2047 301 2133 356 ET
2176 301 2330 357 FILII
2364 303 2455 360 ET
2509 305 2682 362 SPIII.
2726 307 2784 362 S.
3409 314 3478 368 70

201 418 259 473 δὲ
295 417 366 472 τὰ
391 419 649 490 δαιμόνια
671 423 730 475 ὲν
760 422 992 494 ὀνόματι
1025 426 1198 496 Ἰησοῦ
1230 425 1326 479 τοῦ
1357 424 1694 495 Ναζαραίου,
1723 423 1788 487 ὥς

1901 422 2168 479 daemonia
2212 426 2544 496 expellerent
2572 466 2588 488 ,
2646 427 2698 480 in
2737 427 2956 482 nomine
3002 427 3133 483 Jesu
3184 427 3476 484 Nazareni,

203 528 374 582 φησιν
398 529 412 542 ·
443 513 506 566 Εἰ
528 513 596 567 τὰ
613 515 781 568 τέκνα
810 516 840 568 ὑ
849 518 967 587 μῶν
989 518 1128 588 πρὸς
1156 519 1215 571 τὸ
1239 518 1507 572 ἀπελάσαι
1533 517 1796 586 δαίμονας

202 600 504 671 ἀρκοῦνται
526 601 606 672 τῷ
649 604 879 674 ὀνόματί
910 624 1032 676 μου,
1064 605 1176 674 ἐγὼ
1213 607 1292 670 εἰς
1323 606 1386 659 τὸ
1422 604 1596 677 ὄνομα
1633 604 1794 657 Βεελ-

203 691 401 756 ξεὸοὺλ
427 695 529 747 οὐκ
558 695 807 749 ἐκϐάλλω
837 696 909 750 τὰ
933 696 1207 768 δαιμόνια.

337 805 432 860 42.
470 805 630 875 Πρὸς
659 808 808 876 τοὺς
831 802 1126 880 λέγοντας
1152 809 1243 864 ὅτι
1274 808 1430 864 αἰτεῖ
1456 811 1490 863 ό
1534 808 1686 875 Υἱός.

272 922 688 987 Κατασκευάζει
713 925 742 976 ὁ
779 924 1079 996 αἱρετικὺς,
1110 928 1203 980 καὶ
1226 926 1373 995 λέγει
1408 928 1630 981 ἔλαττον
1655 924 1794 982 εἶναι

203 1002 295 1062 τὶν
314 1011 574 1064 αἰτοῦντα
605 1013 863 1078 διδόντος.
891 1015 1017 1068 Ἐὰν
1039 1012 1132 1070 οὖν
1159 1017 1251 1070 τὸν
1287 1017 1507 1088 Πατέρα
1541 1016 1796 1071 αἰτοῦντα

204 1099 358 1172 παρὰ
385 1101 696 1173 ἀνθρώπων
736 1105 991 1176 εὕρωμεν
1022 1109 1082 1160 ὲν
1112 1112 1179 1180 τῇ
1204 1108 1416 1180 Παλαιᾷ
1439 1111 1707 1181 Διαθήκῃ,
1741 1111 1794 1162 τί

201 1193 417 1262 λέγεις
457 1213 480 1246 ‹
521 1197 635 1249 Καὶ
662 1197 780 1263 νῦν,
829 1199 1064 1271 Ἰσραὴλ,
1104 1202 1157 1254 τί
1206 1201 1410 1274 Κύριος
1453 1204 1595 1257 αἰτεῖ
1641 1203 1793 1275 παρὰ

205 1284 322 1351 σοῦ,
358 1287 474 1340 ἀλλ’
501 1289 536 1359 ἢ
557 1290 622 1342 τὸ
657 1290 943 1358 φοδεῖσθαι
966 1292 1164 1356 αὐτόν;
1201 1311 1220 1343 ι

199 1393 301 1475 4⁵5.-
335 1399 480 1475 Περὶ
527 1400 1078 1475 τοῦίὸμοιοτρόπως
1130 1402 1412 1458 δεδόσθαι
1452 1404 1562 1458 τὸν
1605 1407 1796 1475 νόμον

270 1468 392 1546 11:16
448 1471 592 1523 τοῦ⁹
617 1468 1000 1546 ΙζνζσειλιιαπὲοςΣ
1038 1468 1136 1546 dte
1178 1475 1356 1546 ἐδόθη
1409 1478 1443 1528 ό
1490 1468 1691 1545 νόμος⁷
1719 1476 1793 1546 τῇ

269 1540 692 1608 Πεντηκοστῇ,
725 1540 804 1608 ὡς
833 1544 905 1596 ἐν
926 1541 1007 1608 τῷ
1035 1543 1153 1611 ὄρει
1180 1542 1346 1598 Σινᾶ.

267 1630 564 1701 Μαρτυρεῖ
619 1633 828 1704 Μωσῆς
875 1635 1077 1704 λέγων’
1129 1654 1148 1688 ι
1189 1637 1301 1690 Καὶ⁵
1343 1631 1412 1707 ἦν
1455 1638 1490 1708 ἡ
1521 1637 1650 1703 δόξα
1697 1639 1791 1692 τοῦ

199 1717 336 1771 Θεοῦ
372 1720 595 1792 Ἰσραὴλ
628 1724 684 1775 ὲν
711 1722 790 1793 τῷ
816 1723 934 1795 δρει
963 1726 1116 1792 Σινᾶ,
1145 1726 1221 1788 ὡς
1254 1726 1364 1798 πῦρ
1407 1728 1700 1798 καιόμενον
1719 1746 1731 1758 ’
1767 1748 1787 1780 ι

203 1810 289 1862 ενα
318 1811 583 1882 πληρωθῇ
635 1814 726 1866 τόδ
762 1832 780 1865 ‹
802 1813 922 1886 Πῦρ
951 1810 1113 1886 ἦλθον
1145 1815 1328 1886 βαλεῖν
1353 1817 1445 1870 ἐπὶ
1472 1818 1570 1888 τὴν
1615 1819 1738 1888 γῆν,
1770 1838 1786 1869 ι
1825 1798 1867 1851 Β

199 1900 314 1972 πῦρ
338 1904 439 1954 οὐκ
469 1905 846 1971 ἀφανιστικὺν,
874 1906 1010 1959 ἀλλὰ
1038 1908 1386 1980 καθαρτικόν.
1413 1910 1512 1963 Διὰ
1532 1909 1690 1963 τοῦτο
1717 1910 1795 1981 τῷ

212 1991 411 2064 Ἡσαΐᾳ
425 1993 633 2048 δίδοται
650 1997 835 2060 ἐντοῖς
853 1998 1074 2066 χείλεσι.
1093 2000 1204 2052 Καὶ
1224 2000 1372 2069 λέγει
1391 2017 1436 2052 ἰ
1460 2000 1590 2053 Ἰδοὺ
1605 2001 1795 2070 ἀφῆκα

197 2083 298 2146 τὰς
317 2085 593 2155 ἁμαρτίας
610 2103 724 2138 σου·
740 2108 757 2138 ι
769 2087 911 2142 οὕτω
934 2089 1055 2142 τότε
1071 2090 1240 2162 ἐφάνη
1254 2093 1314 2144 τὸ
1332 2091 1557 2162 Πνεῦμα
1572 2092 1630 2144 τὸ
1643 2091 1796 2160 ἆγιον

197 2177 256 2228 ὲν
279 2181 347 2247 τῇ
374 2179 728 2252 Πεντηκοστῇ
766 2183 824 2234 ἐν
859 2183 990 2235 εῖδει
1021 2184 1212 2253 πυρός.
1258 2185 1658 2257 Ἐμερίσθησαν
1684 2183 1796 2256 γὰρ

198 2269 440 2336 γλῶσσαι
474 2271 608 2323 ὡσεὶ
633 2273 826 2344 πυρὸς,
845 2275 940 2327 καὶ
964 2274 1216 2328 ἐκάθισεν
1244 2276 1320 2348 (2)
1342 2277 1426 2346 ἐφ’
1447 2276 1543 2329 ἕνα
1563 2277 1794 2330 ἕκαστον

197 2362 400 2416 αὐτῶν.
435 2365 547 2416 Καὶ
580 2363 772 2436 ὥσπερ
794 2370 853 2420 ἐν
881 2369 950 2438 τῇ
988 2367 1218 2439 Παλαιᾷ,
1245 2369 1670 2439 ἐπιφαινομένου
1697 2367 1791 2422 τοῦ

198 2455 356 2518 Θεοῦ,
390 2458 563 2510 πολλὰ
605 2455 672 2529 ἦν
706 2459 776 2512 τὰ
813 2459 1213 2532 δορυφοροῦντα
1252 2462 1528 2533 φόϐητρα,
1560 2462 1790 2530 γνόφος.

199 2550 293 2601 καὶ
321 2549 544 2616 θύελλα,
588 2551 684 2604 καὶ
719 2551 976 2620 σάλπιγξ,
1010 2555 1102 2606 καὶ
1137 2554 1384 2625 βρονταὶ,
1425 2552 1794 2624 περιηχοῦντα

201 2641 258 2692 τὸ
293 2641 447 2711 690;,
497 2642 656 2696 ἅτινα
696 2639 765 2711 ἦν
791 2645 1394 2717 προπαρασκευάζοντα
1419 2646 1510 2698 τὸν
1551 2645 1678 2698 λαὸν
1714 2646 1794 2707 είς

200 2733 362 2799 φόϐον
389 2733 489 2786 τοῦ
516 2734 808 2804 νομοθέτου
828 2753 841 2765 ·
868 2735 1042 2799 οὕτως
1074 2737 1170 2790 καὶ
1185 2737 1278 2790 τοῦ
1303 2738 1460 2806 ἁγίου
1477 2736 1617 2790 Πνεύ
1627 2753 1804 2807 ματος

203 2825 495 2893 μέλλοντος
546 2828 864 2898 ἐπιφοιτᾷν·
917 2827 1005 2881 ἵνα
1053 2828 1263 2897 μάθωσι
1318 2829 1412 2882 τοῦ
1476 2828 1794 2899 Πνεύματος

201 2917 293 2986 τὴν
326 2917 488 2983 ἀξίαν
521 2916 750 2981 ἐνδόξως
779 2919 1174 2987 ὲπιφοιτῶσαν.
1222 2919 1432 2990 Ὥσπερ
1462 2921 1520 2973 ὲν
1556 2917 1635 2988 τῷ
1676 2918 1792 2987 δρει

200 3010 395 3076 γνόφος
431 3010 527 3062 καὶ
575 3009 772 3063 θύελλα
811 3009 1187 3083 προέδραμεν,
1217 3011 1360 3066 οὕτω
1404 3013 1500 3066 καὶ
1551 3011 1644 3066 ἐπὶ
1693 3006 1789 3062 τοῦ

199 3099 519 3169 Πνεύματος
566 3101 813 3168 ἐγένετοο
864 3120 883 3154 ι
929 3103 1017 3158 Ἐν
1068 3103 1148 3175 τῷ
1195 3103 1648 3175 συμπληροῦσθαι
1691 3101 1791 3170 τὴν

1905 515 2061 585 quasi
2099 515 2354 571 diceret:
2394 515 2452 571 Si
2508 519 2667 572 liberi
2712 522 2880 574 vestri
2927 519 2995 574 ad
3037 521 3312 577 dmmones
3363 522 3479 591 pel-

1903 605 2116 672 lendos,
2158 608 2383 664 nomine
2405 625 2526 664 meo
2551 612 2686 666 satis
2708 611 2966 666 instructi
2997 621 3146 677 sunt,
3177 628 3280 684 ego
3297 613 3352 667 in
3379 629 3480 669 no-

1901 699 2050 754 mine
2070 699 2406 755 Beelzebulis
2435 717 2544 755 non
2573 701 2733 770 ejicio
2765 703 3052 758 daemonia.

1971 809 2061 863 42.
2099 809 2362 864 Adversus
2385 826 2472 864 eo:
2511 812 2600 880 qui
2628 811 2808 864 dicunt
2859 809 3062 864 Filium
3086 811 3376 880 postulare.

1969 921 2162 990 Arguit
2213 922 2526 988 hereticus,
2583 931 2747 993 atque
2783 924 2878 983 ait.
2936 925 3203 978 minorem
3231 939 3352 979 esse
3385 939 3478 994 pe—

1903 1022 2104 1069 tentem
2136 1015 2346 1071 datore.
2381 1015 2488 1073 Sed
2517 1019 2563 1073 si
2599 1018 2812 1072 Patrem
2845 1019 2913 1071 ab
2944 1017 3257 1073 hominibus
3293 1027 3479 1087 peten-

1901 1114 2012 1158 tem
2044 1104 2386 1161 inveniamus
2444 1105 2499 1160 in
2543 1105 2726 1161 Veteri
2759 1106 3129 1171 Testamento,
3187 1108 3316 1178 quid
3345 1109 3476 1163 mihi

1901 1196 2011 1260 hic,
2045 1212 2254 1266 quaeso,
2301 1199 2700 1268 respondebis?
2751 1217 2769 1250 ι
2809 1199 2874 1252 Ει
2915 1216 3083 1264 nunc,
3118 1200 3305 1266 Israel,
3344 1201 3475 1270 quid

1901 1285 2164 1343 Dominus
2189 1295 2315 1343 tuus
2340 1304 2371 1342 a
2404 1297 2458 1344 te
2486 1292 2640 1359 petit,
2680 1289 2788 1344 nisi
2814 1299 2870 1344 ut
2905 1291 3083 1361 ipsum
3109 1299 3320 1348 metuas
3339 1292 3427 1345 ⁸³2
3451 1311 3471 1343 ι

1899 1402 1991 1458 45.
2032 1403 2186 1469 Quod
2216 1407 2337 1474 pari
2371 1407 2524 1460 modo
2550 1407 2678 1461 data
2709 1409 2778 1463 sit
2819 1410 2902 1462 lea:
2924 1428 2955 1463 a
2999 1410 3202 1479 Spiritu
3251 1413 3304 1466 in
3332 1413 3475 1466 Pen-

2254 1484 2468 1542 tecoste,
2510 1489 2665 1549 atque
2695 1480 2749 1532 in
2773 1491 2946 1534 monte
2970 1480 3125 1537 Sina.

1969 1629 2229 1684 Testatur
2263 1629 2463 1692 Moses,
2517 1630 2708 1688 dicens
2748 1650 2760 1685 :
2805 1651 2825 1685 ι
2865 1633 2932 1689 Ει
2974 1642 3094 1690 erat
3149 1637 3322 1706 gloria
3380 1635 3476 1692 Dei

1898 1716 2065 1775 Israel
2099 1721 2155 1774 in
2185 1730 2369 1776 monte
2405 1722 2557 1787 Sina,
2613 1725 2780 1780 veluti
2836 1726 2980 1796 ignis
3019 1726 3219 1783 ardens
3234 1729 3314 1793 “;
3347 1746 3366 1779 ›
3415 1736 3478 1782 ut

1895 1813 2283 1882 adimpleretur
2295 1815 2429 1869 illud
2449 1833 2494 1870 τι
2517 1815 2697 1888 Ignem
2713 1819 2834 1873 veni
2853 1821 3068 1876 mittere
3082 1823 3138 1875 in
3155 1829 3355 1877 terram
3367 1822 3436 1887 ",
3451 1841 3470 1874 ο

1901 1904 2104 1973 ignem,
2130 1920 2237 1958 non
2265 1906 2360 1975 qui
2391 1918 2758 1970 consumeret.
2779 1910 2874 1965 sed
2898 1911 2990 1980 qui
3022 1920 3294 1982 purgaret.
3319 1911 3476 1968 Ideo-

1895 2011 2004 2064 que
2034 1997 2124 2051 ille
2149 1997 2310 2053 datus
2339 2009 2424 2053 est
2454 1998 2606 2054 Isaia:
2636 2001 2689 2054 in
2725 2002 2883 2058 labiis
2914 2004 3031 2058 suis
3048 2005 3114 2068 ἐ.
3143 2007 3320 2076 Atque
3347 2008 3476 2064 hinc

1895 2095 2001 2152 est,
2035 2088 2178 2158 quod
2211 2089 2345 2142 dicit
2379 2107 2391 2142 :
2421 2108 2440 2140 ι
2475 2089 2615 2146 Ecce
2637 2091 2821 2148 dimisi
2856 2102 3078 2162 peccata
3117 2102 3210 2150 tua
3235 2097 3304 2151 ⁸⁷.
3344 2118 3362 2151 ι
3396 2096 3476 2154 Ita

1895 2186 2028 2233 tunc
2070 2196 2289 2250 quoque
2330 2183 2586 2251 apparuit
2643 2181 2884 2253 Spiritus
2919 2193 3148 2242 sanctus
3192 2188 3247 2242 in
3280 2187 3475 2246 Pente-

1895 2279 2067 2336 coste,
2106 2276 2160 2326 in
2195 2274 2377 2342 specie
2402 2274 2578 2344 ignis;
2615 2271 3090 2344 dispartitae'enim
3120 2288 3250 2334 sunt
3277 2281 3477 2350 lingua:

1849 2365 2053 2432 .quasi
2100 2364 2264 2433 ignis,
2310 2374 2364 2419 et
2411 2367 2553 2422 sedit
2592 2381 2758 2436 supra
2807 2368 3054 2438 singulos
3096 2386 3285 2426 eorum
3307 2373 3375 2428 ⁸⁸.
3407 2372 3476 2428 Et

1896 2463 1956 2509 ut
1988 2454 2044 2510 in
2078 2454 2260 2510 Veteri
2294 2456 2649 2514 Testamento
2673 2460 2740 2523 ",
2773 2461 2840 2512 ad
2871 2458 2965 2515 Dei
2998 2464 3344 2531 praesentiam
3377 2463 3475 2518 ad-

1894 2557 2229 2618 ventumque
2246 2549 2415 2603 multa
2442 2551 2699 2605 terricula
2739 2552 3168 2622 pavefaciebant,
3195 2556 3368 2627 caligo
3388 2557 3475 2611 ni-

1894 2639 2117 2704 mirum,
2154 2642 2412 2708 procella,
2455 2643 2604 2705 tuba,
2639 2644 2745 2714 18
2771 2652 2825 2698 et
2850 2645 3092 2700 tonitrua
3127 2648 3192 2701 ad
3231 2656 3472 2704 montem

1893 2731 2214 2798 reboantia,
2250 2749 2372 2802 qua:
2420 2735 2682 2804 populum
2730 2735 2799 2788 ad
2854 2737 3103 2792 timorem
3141 2738 3471 2808 Iegislatoris

1893 2823 2306 2892 praeparabant;
2364 2825 2439 2878 ita
2473 2839 2694 2894 quoque
2752 2825 2954 2879 factum
2994 2835 3076 2882 est
3109 2843 3234 2882 cum
3268 2830 3472 2886 adven-

1895 2923 2051 2969 turus
2079 2929 2203 2968 mox
2237 2923 2384 2970 esset
2417 2913 2654 2985 Spiritus
2687 2924 2914 2971 sanctus
2943 2936 2956 2972 :
2991 2926 3051 2971 ut
3075 2929 3470 2990 cognoscerent

1893 3005 2150 3077 discipuli
2175 3005 2495 3076 dignitatem
2524 3005 2764 3077 Spiritus
2807 3023 2932 3063 cum
2967 3009 3139 3080 gloria
3173 3011 3468 3068 advenien-
3519 3059 3529 3068 .

1892 3107 2023 3156 tem.
2054 3099 2144 3164 Ut,
2180 3099 2423 3170 inquam,
2457 3098 2513 3153 in
2537 3109 2740 3163 monte,
2770 3101 2952 3170 caligo.
2975 3111 3030 3156 et
3056 3103 3296 3170 procella
3326 3119 3466 3174 pre-

201 3191 410 3262 ημέραν
440 3191 543 3261 τῆς
574 3193 984 3265 Πεντηκοστῆς,
1015 3171 1231 3263 ἐγένετο
1260 3171 1604 3266 ἦχος-ὧσπερ
1628 3210 1788 3268 φερο-

1896 3191 2192 3256 cedebant,
2223 3192 2298 3246 ita
2331 3207 2549 3262 quoque
2580 3191 2636 3247 in
2677 3191 2913 3248 adventu
2945 3191 3182 3264 Spiritus
3216 3214 3229 3250 :
3266 3213 3284 3246 ι
3326 3171 3464 3250 Eum

202 3283 369 3352 μένης
401 3284 576 3352 πνοῆς
616 3282 816 3352 βιαίας,
851 3285 949 3338 καὶ
975 3286 1097 3339 τότε
1122 3285 1282 3358 ὤφθη
1307 3287 1370 3340 τὸ
1401 3285 1654 3357 Πνεῦμα,
1693 3285 1788 3338 καὶ

203 3375 479 3427 συνέσεισε
512 3376 607 3428 τὸν
636 3372 806 3430 οἷκον.
836 3397 856 3429 ι

203 3577 413 3631 utan
427 3579 726 3649 λέγουσιν
747 3584 800 3633 οι
819 3583 1121 3650 αἱρετικοί,
1140 3581 1228 3634 ὅτι
1248 3582 1316 3636 τὸ
1337 3580 1577 3651 Πνεῦμα
1593 3581 1786 3649 δῶρόν

727 3651 859 3703 ἐστι
895 3653 1056 3720 παρὰ
1083 3652 1252 3706 Θεοῦ.

278 3763 473 3834 Ἦμεῖς
523 3765 757 3835 λέγομεν
805 3767 977 3837 δῶρον
1035 3767 1181 3838 ζωῆς
1243 3766 1620 3838 (ἠλευθέρωσε
1673 3766 1781 3838 γὰρ

203 3855 346 3922 ἡμᾶς
370 3871 385 3883 ·
431 3855 462 3905 ὁ
499 3853 612 3924 γὰρ
647 3855 813 3924 νόμος
850 3855 944 3908 τοῦ
972 3855 1288 3926 Πνεύματος
1327 3858 1424 3927 τῆς
1449 3857 1595 3927 ζωῆς
1622 3858 1782 3927 ἠλευ-

201 3945 435 4019 θέρωσεν
487 3948 639 4017 ἡμᾶς
670 3947 714 4016 ),
749 3947 845 4000 καὶ
893 3947 1066 4018 δῶρον
1116 3947 1426 4017 δυνάμεως·
1479 3967 1496 3998 ι
1529 3947 1782 4016 Λήψεσθε

199 4037 301 4110 γὰρ
327 4040 585 4109 δύναμιν,
623 4039 944 4102 ἐπελθόντος
975 4041 1068 4092 τοῦ
1116 4041 1274 4109 ἁγίου
1322 4039 1639 4110 Πνεύματος
1696 4041 1780 4108 ἐφ’

197 4132 358 4201 ὑμᾶς.
389 4151 410 4184 ι
446 4131 643 4202 Ἡμεῖς
671 4132 728 4184 δὲ
761 4133 854 4184 καὶ
877 4132 1003 4185 Υίὸν
1023 4133 1116 4186 καὶ
1138 4131 1408 4186 υἱοθεσίαν
1441 4132 1780 4203 δεικνύομεν,

193 4222 273 4273 ὅτι
304 4222 607 4292 ἐχαρίσατο
642 4223 703 4274 τὸ
733 4223 957 4293 Πνεῦμα
993 4223 1054 4275 τὸ
1091 4223 1246 4290 ἅγιον
1284 4227 1397 4286 τοῖς
1436 4223 1742 4295 ἀνθρώποις
1764 4240 1777 4254 ⁸

197 4312 287 4364 καὶ
320 4315 438 4382 μετ’
465 4311 659 4379 ὀλίγα·
694 4330 713 4362 ι
745 4311 871 4375 Πῶς
907 4312 1028 4382 οὐχὶ
1059 4314 1152 4365 καὶ
1185 4313 1284 4364 σὺν
1328 4314 1477 4384 αὑτῷ
1504 4313 1574 4366 τὰ
1605 4313 1781 4367 πάντα

193 4402 322 4469 ἡμῖν
367 4401 699 4471 χαρίσηται;
732 4421 750 4452 ι
795 4401 891 4453 καὶ
933 4400 1190 4472 ὲτέρωθν
1226 4421 1244 4453 ι
1291 4403 1409 4457 Ἵνα
1461 4401 1660 4472 ἴδωμεν
1711 4403 1782 4456 τὰ

197 4490 297 4544 ὑπὸ
338 4493 439 4546 τοῦ
481 4492 620 4546 Θεοῦ
665 4491 994 4562 χαρισθέντα
1023 4495 1152 4563 ἡμῖν
1189 4494 1288 4562 (5).
1315 4511 1336 4544 ι
1375 4493 1511 4565 Περὶ
1544 4494 1638 4546 τοῦ
1673 4512 1778 4564 μυ-
1807 4532 1858 4593 D

197 4583 416 4654 στηρίου
431 4582 536 4652 τῆς
555 4581 654 4635 ἀνθ
663 4582 963 4652 ρωπήσεως
982 4580 1154 4650 λέγων
1171 4582 1228 4634 ὲν
1248 4584 1313 4653 τῇ
1337 4582 1473 4653 πρὸς
1495 4582 1586 4634 Ἐ6
1595 4581 1778 4652 ραίους

193 4674 450 4744 ἐπιστολῇ
507 4673 778 4744 παραθεὶς
828 4671 1043 4736 Παῦλος
1085 4673 1185 4743 τὴν
1238 4673 1552 4742 φάσκουσαν
1597 4673 1742 4738 λέξιν
1763 4691 1776 4704 ·

199 4785 216 4816 ι
251 4766 383 4819 Ἰδοὺ
430 4765 545 4832 ἐγὼ
597 4765 691 4818 καὶ
717 4764 786 4817 τὰ
812 4763 1022 4826 παιδία,
1050 4764 1086 4817 ὅ.
1113 4781 1203 4834 μοι
1243 4763 1444 4818 ἔδωκεν
1487 4767 1516 4818 ὁ
1547 4764 1680 4828 Θεός
1701 4781 1717 4796 ο
1756 4783 1777 4817 ι

191 4853 558 4926 ὲπεργάζεται
595 4854 724 4926 περὶ
765 4851 1004 4921 Χριστοῦ
1049 4851 1256 4920 λέγων’
1309 4870 1328 4904 ι
1382 4852 1536 4906 Ἐπεὶ
1575 4847 1669 4905 οὖν
1712 4850 1784 4905 τὰ

195 4947 382 5002 παιδία
413 4945 813 5017 κεκοινώνηκεν
839 4944 1068 5014 αἵματος
1093 4946 1188 4997 καὶ
1232 4943 1454 5015 σαρκὸς,
1488 4945 1583 4997 καὶ
1619 4944 1782 5007 αὐτὸς

194 5039 593 5110 ¹θιιιρςιτιιληιειίως
623 5038 854 5110 μετέσχε
882 5036 992 5089 τῶν
1018 5036 1226 5090 αὐτῶν·
1255 5037 1341 5090 ἵνα
1377 5037 1465 5091 διὰ
1487 5037 1582 5090 τοῦ
1609 5036 1776 5090 θανά-
1821 5105 1824 5108 γ

193 5148 283 5183 του
315 5131 649 5203 καταργήσῃ
678 5129 769 5182 τὸν
805 5129 868 5181 τὸ
907 5127 1110 5198 κράτος
1147 5128 1340 5199 ἔχοντα
1366 5127 1462 5182 τοῦ
1508 5128 1736 5182 θανάτου
1758 5166 1772 5190 ,

193 5224 437 5277 τουτέστι
464 5224 558 5276 τὸν
591 5221 853 5276 διάϐολον.
875 5239 896 5273 ι
924 5221 1128 5283 Παῖδας
1165 5221 1223 5274 δὲ
1254 5219 1420 5273 αὐτοῦ
1467 5221 1527 5276 ὲν
1564 5219 1776 5283 τούτοις

1887 3282 2258 3351 compleretur
2285 3283 2404 3340 dies
2431 3283 2806 3348 Pentecostes,
2825 3285 3000 3341 factus
3028 3294 3116 3342 est
3145 3303 3316 3344 sonus
3343 3295 3466 3344 tan-

1886 3387 2052 3442 quam
2075 3372 2416 3431 advenientis
2453 3376 2684 3446 spiritus
2715 3375 3054 3434 vehementis
3085 3379 3130 3411 ‘°
3156 3399 3170 3435 :
3203 3401 3220 3431 ι
3247 3390 3303 3435 et
3330 3389 3461 3437 tunc

1887 3464 2143 3532 apparuit
2175 3463 2414 3535 Spiritus
2443 3485 2456 3521 :
2487 3476 2542 3521 et
2564 3468 2844 3522 concussit
2873 3468 3114 3524 domum.

1887 3575 1974 3629 44.
2001 3574 2156 3642 Quod
2197 3575 2434 3632 haeretici
2464 3577 2664 3648 dicant,
2700 3579 2958 3648 Spiritum
2985 3581 3181 3636 donum
3206 3581 3303 3636 Dei
3325 3598 3457 3638 esse.

1955 3753 2066 3810 Nos
2119 3770 2244 3810 eum
2294 3755 2530 3811 dicimus
2562 3755 2764 3810 donum
2798 3758 2923 3811 vitae
2977 3758 3262 3827 (liberavit
3313 3762 3458 3816 enim

1886 3863 2024 3913 nos;
2061 3862 2190 3901 nam
2237 3847 2323 3902 lex
2365 3847 2606 3916 Spiritus
2647 3848 2773 3902 vitae
2829 3848 3081 3904 liberavit
3135 3867 3236 3907 nos
3257 3853 3346 3923 ⁶¹),
3405 3864 3461 3908 et

1885 3939 2088 3994 donum
2123 3938 2412 4008 potentiae:
2442 3957 2461 3990 ι
2491 3939 2786 4008 Accipietis
2807 3940 2952 3995 enim
2987 3942 3241 3996 virtutem
3271 3961 3461 4014 super-

1883 4031 2155 4086 venientis
2175 4031 2228 4084 in
2245 4046 2343 4085 vos
2365 4028 2603 4100 Spiritus
2621 4032 2818 4086 sancti.
2840 4032 2915 4084 "i
2935 4031 3046 4088 Nos
3078 4043 3257 4090 autem
3275 4044 3461 4091 osten»

1884 4120 2067 4177 dimus
2096 4122 2241 4190 quod
2278 4120 2518 4190 Spiritus
2553 4129 2778 4176 sanctus
2811 4130 2866 4178 et
2903 4122 3097 4178 Filium
3127 4131 3182 4180 et
3209 4126 3461 4198 adoptio-

1883 4229 2008 4269 nem
2035 4213 2246 4270 dederit
2279 4213 2631 4268 hominibus:
2656 4225 2709 4270 et
2739 4217 2902 4285 paulo
2925 4223 3048 4286 post
3081 4237 3094 4271 :
3133 4235 3151 4269 ι
3175 4217 3460 4283 Quomodo

1885 4320 1993 4359 non
2023 4307 2187 4360 etiam
2211 4320 2335 4359 cum
2365 4320 2430 4361 eo
2453 4306 2614 4362 nobis
2641 4307 2823 4362 omnia
2851 4309 3136 4364 donaverit
3156 4310 3240 4364 "'t
3269 4331 3290 4364 ι
3326 4311 3457 4368 Item

1883 4394 2066 4449 alibi:
2105 4413 2126 4446 ι
2167 4393 2240 4449 Ut
2269 4395 2555 4452 videamus
2604 4413 2726 4468 qua:
2779 4398 2980 4453 donata
3029 4401 3191 4458 nobis
3247 4410 3376 4458 sunt
3425 4418 3457 4457 a

1885 4484 2072 4542 Deo“.
2100 4505 2120 4538 ι
2144 4485 2221 4542 De
2239 4489 2502 4559 mysterio
2531 4497 2799 4559 susceptae
2827 4491 3183 4548 humanitatis
3204 4493 3454 4564 loquens,

1885 4582 1942 4634 in
1976 4579 2220 4650 Epistola
2260 4580 2326 4635 ad
2368 4579 2624 4637 Hebraeos
2675 4580 2900 4647 Paulus,
2945 4591 3071 4652 post
3116 4584 3230 4638 hac
3273 4585 3455 4642 addita

1884 4671 2052 4725 verba
2080 4688 2094 4724 :
2118 4688 2137 4720 ι
2157 4670 2298 4724 Ecce
2319 4685 2438 4740 ego,
2462 4681 2516 4726 et
2546 4671 2722 4741 pueri.
2739 4687 2878 4742 quos
2893 4673 3026 4726 mihi
3053 4673 3202 4728 dedit
3225 4672 3404 4743 Deus;
3429 4693 3450 4728 ι

1884 4760 1952 4816 de
1984 4760 2204 4816 Christo
2240 4762 2314 4816 ita
2363 4763 2806 4818 sermocinatur:
2860 4780 2880 4815 ι
2919 4763 3058 4830 Quia
3110 4781 3240 4836 ergo
3298 4767 3453 4836 pueri

1883 4854 2424 4909 communicaverunt
2465 4855 2718 4925 sanguini
2750 4863 2804 4911 et
2829 4858 3003 4922 carni,
3055 4857 3172 4927 ipse
3206 4857 3456 4913 similiter

1886 4945 2230 5015 participavit
2255 4945 2498 5013 eisdem;
2551 4953 2612 5000 ut
2651 4963 2750 5017 per
2781 4956 3012 5003 mortem
3055 4949 3294 5002 aboleret
3329 4964 3454 5003 eum

1883 5036 1976 5103 qui
2005 5037 2236 5092 habebat
2261 5038 2454 5094 mortis
2486 5039 2796 5108 imperium,
2827 5039 2880 5092 id
2913 5046 3018 5104 est,
3048 5039 3323 5094 diabolum
3343 5040 3448 5091 ⁸⁵.»

1881 5127 2050 5184 Filios
2092 5139 2275 5185 autem
2331 5147 2461 5186 suos
2505 5132 2594 5188 his
2627 5132 2808 5187 verbis
2845 5131 3122 5201 apostolos
3166 5132 3452 5197 nominat;

1881 5235 1980 5290 per
2004 5235 2144 5292 quos
2167 5221 2323 5292 signa
2352 5232 2406 5278 et
2434 5221 2679 5293 prodigia
2706 5223 2764 5277 in
2788 5223 2953 5278 domo
2990 5221 3152 5279 Israel
3178 5222 3452 5277 facturum

263 5382 307 5413 ⁸³
333 5379 494 5436 Deut.
533 5395 593 5442 ι,
625 5377 716 5434 12.
789 5377 839 5410 ⁸⁸
876 5374 1050 5447 Exod.
1085 5391 1241 5447 xnv,
1271 5373 1362 5447 16Σ
1436 5373 1650 5447 ἐἰδῶ
1703 5390 1780 5430 xn

1896 5374 1960 5447 g9.
2035 5376 2084 5408 ⁸⁸
2124 5375 2228 5432 Isa.
2259 5393 2350 5439 γι,
2401 5377 2456 5432 7.
2524 5377 2575 5447 f’
2603 5377 2738 5433 Luc.
2769 5394 2826 5442 v,
2853 5378 2946 5435 25.
2987 5381 3034 5413 ⁸⁸
3066 5379 3188 5435 Act.
3222 5389 3283 5445 ιι,
3313 5381 3450 5447 1,ὖ.

197 5452 239 5484 ⁸³
261 5450 436 5504 Exod.
468 5465 590 5510 xu,
629 5448 716 5508 I8.
747 5447 832 5503 I9.
910 5447 954 5476 ⁶⁰
979 5446 1097 5499 Act.
1135 5461 1195 5510 ll,
1222 5445 1250 5498 1
1279 5484 1296 5510 ,
1337 5444 1393 5498 2.
1468 5445 1510 5476 ⁸⁸
1540 5444 1699 5499 Rom.
1735 5458 1788 5500 Vl

1896 5445 1944 5500 2.
2021 5448 2066 5482 “
2100 5447 2220 5502 Act.
2247 5465 2282 5513 ι,
2315 5448 2370 5504 8.
2449 5447 2494 5478 ⁸³
2519 5445 2678 5503 Rom.
2708 5463 2828 5512 vm,
2854 5449 2944 5506 '52.
3023 5452 3067 5484 “
3096 5450 3114 5503 I
3149 5444 3276 5506 Cor.
3303 5444 3362 5514 ιι,
3387 5452 3448 5508 2.

198 5525 238 5554 ⁸⁵
270 5521 438 5577 Hebr.
467 5535 529 5584 ιι,
558 5519 648 5584 15,
674 5519 760 5572 M.

260 5685 338 5754 (Ξ)
375 5683 525 5738 Edit.
555 5680 848 5754 Qommel.,
880 5677 1167 5754 ξκαθησεν.

373 5753 522 5812 Edit.
555 5742 844 5824 Commel.,
888 5742 1051 5820 ὑμῖν(
1076 5747 1388 5819 Vaticanus,
1421 5745 1762 5815 Basiliensis,
1792 5745 2005 5818 Anglic.
2034 5753 2088 5802 et
2115 5745 2243 5802 edit.
2283 5742 2600 5809 Parisiens.,
2636 5742 2790 5812 ἡμῖν.
