3890 6186
298 317 360 365 7t
1435 304 1494 360 S.
1537 296 2005 368 ATHANA§IUS.
2045 330 2115 341 —
2155 294 2380 353 DUBIA.
3498 293 3578 351 7.2

299 424 589 478 Dominum
632 422 910 487 Sabaoth,
978 421 1312 477 habitantem
1366 420 1425 476 in
1486 428 1674 477 monte
1724 418 1876 485 Sion,

1989 418 2112 481 τοὺς
2136 416 2467 480 ἀποστόλους
2497 415 2772 487 ὀνομάζει,
2796 413 2880 484 ἐφ’
2905 406 2980 468 ὧν
3009 415 3212 484 σημεῖα
3243 411 3339 469 καὶ
3363 414 3576 486 τέρατα

292 518 508 572 edocet.
528 514 672 583 Quin
689 516 855 571 etiam
883 515 1126 570 illustres
1161 514 1278 571 lore
1300 515 1638 586 pronuntiat,
1661 528 1883 570 eorum-

297 627 404 682 que
436 609 604 665 facies
638 607 1015 679 obsignandas
1045 622 1169 663 esse
1205 606 1392 678 sigillo
1433 606 1660 669 Christi,
1693 604 1882 660 erudi-

302 715 515 775 tosque,
553 718 662 757 non
691 702 807 772 jam
841 701 1102 770 deinceps
1137 699 1253 771 lege
1290 698 1482 763 Mosis,
1530 699 1730 769 quippe
1760 711 1883 767 quae

300 796 532 851 ulterius
559 810 667 849 non
711 792 998 855 consistat,
1030 800 1085 847 et
1109 789 1259 861 quod
1277 790 1475 847 domus
1503 805 1627 862 qua:
1654 798 1882 845 vocatur

295 888 467 948 Jacob
492 888 753 944 derelicta
783 887 855 944 sit
879 903 910 941 a
936 886 1066 943 Deo.

364 1194 458 1254 45.
475 1194 629 1265 Quod
661 1195 803 1250 Deus
842 1192 1072 1275 Verbum
1086 1190 1354 1261 defendat,
1387 1188 1568 1244 Patris
1596 1199 1645 1245 et
1676 1185 1809 1242 Filii

823 1272 1163 1319 concordiam
1208 1279 1340 1316 esse.

364 1377 434 1436 Et
462 1396 531 1437 ne
561 1380 864 1437 credideris
896 1380 1119 1434 vilitatis
1145 1393 1267 1433 esse
1295 1377 1483 1443 verba,
1530 1377 1629 1432 sed
1684 1377 1881 1432 huma-

293 1475 486 1531 nitatis
518 1493 531 1528 :
563 1473 789 1527 vilitatis
836 1471 1056 1543 quidem
1120 1471 1365 1541 species,
1410 1472 1645 1523 amantis
1695 1479 1878 1524 tamen

297 1564 547 1621 homines
570 1562 865 1634 promissio
893 1568 997 1617 est.
1030 1559 1282 1615 Christus
1315 1563 1459 1615 enim
1495 1560 1743 1612 omnium
1772 1558 1879 1612 Do-

296 1658 502 1723 minus,
530 1656 674 1711 idem
717 1655 808 1709 ille
853 1653 946 1725 qui
985 1652 1190 1708 Iudaeis
1218 1653 1333 1706 haec
1360 1652 1494 1706 dicit
1531 1670 1544 1705 :
1579 1668 1599 1702 ι
1637 1649 1775 1716 Quis
1810 1666 1874 1705 ex

296 1747 456 1804 vobis
494 1747 677 1819 arguit
716 1762 802 1801 me
852 1745 922 1800 de
964 1752 1189 1815 peccato
1211 1743 1290 1797 ‘6?
1319 1762 1338 1796 ι
1382 1741 1556 1797 Filius
1600 1742 1722 1811 ejus
1766 1749 1873 1805 est,

1983 507 2145 579 ἐντῷ
2192 507 2331 579 οἴκῳ
2375 508 2589 581 Ἰσραὴλ
2639 509 2886 578 ποιήσειν
2915 505 3123 577 Κύριον
3174 503 3437 572 Σαϐαὼθ,
3478 507 3576 560 τὸν

1983 601 2339 656 κατοικοῦντα
2364 602 2422 656 ἐν
2472 600 2552 673 τῷ
2597 600 2715 672 ὄρει
2744 598 2917 664 Σιὼν,
2948 597 3207 652 διδάσκει.
3242 598 3476 664 Τούτους
3513 597 3577 653 δι

1982 694 2179 758 αὐτοὺς
2207 695 2476 766 φανερούς
2503 678 2668 765 φησιν
2707 692 2947 757 ἔσεσθαι,
2974 690 3036 743 τὸ
3066 690 3355 761 πρόσωπον
3388 708 3569 763 σφρα-

1982 787 2300 859 γιζομένους
2322 792 2388 861 τῇ
2423 788 2517 842 τοῦ
2561 787 2797 861 Χριστοῦ
2827 786 3105 858 σφραγῖδι,
3142 786 3571 857 παιδευομένους

1982 898 2041 934 τε
2067 882 2264 953 μηκέτι
2308 881 2400 935 τὸν
2438 880 2684 943 Μωσέως
2715 879 2880 950 νόμον
2913 878 3223 950 μανθάνειν,
3256 878 3335 950 τῷ
3369 879 3569 950 μηκέτι

1985 973 2293 1027 συνιστάναι
2322 973 2506 1037 αὐτὸν,
2542 972 2639 1025 καὶ
2686 972 2778 1027 τὸν
2823 971 3157 1044 καλούμενον
3188 968 3335 1026 οἶκον
3367 958 3568 1027 Ἰάκειῗὸ

1982 1062 2404 1123 καταλελεῖφθαι
2431 1063 2537 1117 ὑπὸ
2567 1062 2727 1118 Θεοῦ.

1981 1196 2070 1252 45.
2105 1198 2225 1252 Ὅτι
2245 1197 2352 1253 τοῦ
2380 1199 2613 1267 Πατρός
2642 1199 2739 1253 καὶ
2770 1199 2877 1253 τοῦ
2916 1199 3054 1253 Υιοῦ
3072 1198 3188 1266 τὴν
3205 1198 3570 1268 συμφωνίαν

2335 1269 2721 1339 ἀπολογεῖται
2755 1273 2789 1323 ό
2814 1270 2961 1336 Θεὸς
2994 1272 3207 1339 Λόγος.

2050 1379 2159 1433 Kal
2195 1380 2271 1453 μὴ
2296 1381 2525 1455 νομίσῃς
2563 1381 2837 1446 εὐτελείας
2867 1378 3007 1435 εἶναι
3055 1382 3123 1436 τὰ
3156 1383 3400 1453 ῥήματα,
3424 1379 3568 1435 ἀλλὰ

1981 1468 2388 1542 φιλανθρωπίας
2407 1490 2420 1501 ·
2456 1470 2732 1535 εὐτελείας
2775 1471 2876 1542 μὲν
2903 1471 3012 1542 γὰρ
3036 1471 3097 1524 τὸ
3127 1470 3335 1541 σχῆμα,
3376 1470 3568 1540 φιλαν-

1980 1562 2200 1634 θρὼπου
2225 1563 2282 1616 δέ
2310 1564 2373 1616 τὸ
2403 1564 2730 1635 ἐπάγγελμα
2757 1565 2834 1635 (4)
2853 1581 2867 1595 ’
2890 1564 3126 1637 Χριστὸς
3151 1565 3259 1637 γάρ
3291 1566 3320 1619 6
3345 1564 3565 1620 πάντων

1979 1655 2202 1725 Κύριος,
2234 1650 2393 1718 οὗτος
2442 1656 2605 1720 αὐτὸς
2635 1657 2665 1709 6
2713 1656 2888 1725 λέγων
2945 1657 3247 1722 Ἰουδαίοιςο
3296 1677 3316 1710 ι
3358 1659 3455 1723 Τίς
3503 1658 3568 1728 ἐξ

1980 1750 2132 1821 ὑμῶν
2162 1750 2372 1820 ἐλέγχει
2405 1766 2472 1821 με
2512 1751 2640 1823 περὶ
2669 1752 2975 1824 ἀμαρτίας;
3004 1771 3023 1802 ι
3056 1752 3183 1816 Υἱός
3206 1755 3320 1806 ἐστι
3347 1752 3442 1807 τοῦ
3471 1753 3565 1808 λέ-

293 1843 392 1913 qui
443 1855 540 1912 per
578 1840 897 1911 prophetam
938 1837 1218 1893 Michteam
1274 1835 1519 1907 loquitur
1559 1854 1573 1889 :
1616 1853 1635 1885 ι
1672 1834 1876 1905 Popule

1989 1859 2169 1913 γοντος
2197 1842 2287 1897 διὰ
2332 1844 2426 1898 τοῦ
2460 1846 2743 1917 προφήτου
2796 1847 3068 1917 Μιχαίου·
3112 1866 3132 1898 ι
3165 1847 3306 1912 Λαός
3341 1865 3465 1920 μου,
3510 1847 3566 1902 τί

296 1933 392 1996 mi,
425 1930 558 2002 quid
587 1930 689 1985 feci
718 1928 861 1983 tibi?
895 1936 988 1981 aut
1017 1941 1124 1997 qua
1152 1924 1208 1979 in
1240 1939 1301 1980 re
1339 1924 1606 1979 molestus
1636 1921 1715 1976 fui
1745 1921 1879 1975 tibi?

296 2024 570 2096 responde
605 2022 738 2076 mihi
769 2021 812 2052 "'
840 2038 854 2073 :
884 2041 903 2072 ι
930 2027 986 2074 ει
1015 2018 1109 2089 qui
1134 2019 1188 2072 in
1219 2015 1530 2087 Evangeliis
1556 2012 1731 2068 dicit:
1763 2030 1783 2065 ι
1820 2010 1879 2067 Si

295 2114 439 2169 male
455 2114 673 2167 locutus
689 2126 836 2174 sum,
863 2108 1239 2165 testimonium
1266 2106 1493 2177 perhibe
1512 2104 1580 2161 de
1608 2106 1752 2160 malo
1766 2104 1829 2158 ⁸⁸.
1852 2123 1873 2157 ι

295 2203 471 2261 Filius
499 2204 621 2274 ejus
667 2202 874 2268 itidem,
910 2201 1006 2273 qui
1053 2215 1155 2272 per
1201 2198 1494 2255 Jeremiam
1536 2198 1660 2252 ait:
1701 2215 1721 2248 ι
1755 2194 1879 2249 Dixi

293 2296 672 2353 habitantibus
700 2294 887 2359 Israel,
922 2294 1065 2361 Quid
1098 2293 1420 2349 invenerunt
1477 2291 1533 2345 in
1583 2305 1672 2345 me
1695 2298 1878 2359 patres

293 2388 464 2445 vestri
494 2386 679 2442 delicti
714 2390 809 2440 aut
857 2384 1097 2455 injuriae,
1142 2383 1292 2455 quod
1327 2383 1487 2453 longe
1514 2395 1547 2434 a
1576 2395 1664 2435 me
1695 2394 1878 2434 reces-

294 2481 469 2538 serint
498 2479 582 2533 "‘2
615 2497 635 2531 ι
666 2476 714 2533 0
735 2477 951 2548 qualem
984 2478 1403 2539 humanitatem,
1437 2475 1494 2528 in
1521 2486 1631 2543 qua
1660 2470 1876 2527 bonitas

294 2582 583 2638 naturam,
630 2572 742 2626 imo
788 2571 972 2643 potius
1019 2586 1130 2625 non
1194 2577 1305 2624 tam
1360 2576 1640 2631 naturam,
1710 2580 1877 2636 quam

294 2675 517 2724 nostras
554 2665 917 2737 cogitationes
941 2664 1311 2733 (exsuperat)!

518 2804 609 2862 ιδ.
644 2805 919 2873 Quomodo
947 2805 1156 2861 bonitas
1200 2805 1297 2859 Dei
1332 2802 1663 2859 ostendatur.

362 2921 506 2978 Dicit
532 2921 703 2978 Mosi:
734 2940 752 2972 ι
786 2920 900 2992 Ego
917 2937 1039 2978 sum
1072 2920 1237 2983 Deus.
1265 2920 1359 2991 qui
1387 2918 1633 2975 retribuo
1656 2925 1879 2989 peccata

292 3022 582 3084 parentum
640 3013 697 3068 in
744 3012 887 3069 ﬁlios
911 3012 981 3067 "°.
1018 3030 1037 3065 ι
1069 3010 1137 3065 Ει
1167 3011 1495 3083 quousque?
1526 3028 1546 3062 ι
1584 3009 1772 3080 Usque
1810 3010 1879 3064 ad

289 3104 512 3162 tertiam
532 3111 589 3160 et
620 3111 872 3175 quartam
902 3101 1391 3172 generationem".
1416 3121 1435 3153 ι
1455 3101 1690 3156 Attende
1719 3100 1876 3165 mihi,

1981 1933 2213 2007 ὴδίκησά
2243 1951 2324 2003 σε,
2355 1935 2463 2007 ἢτί
2481 1936 2886 2010 παρηνώχλησὰ
2904 1940 3356 2013 σοι;ἀποκρίθητί
3391 1957 3510 2012 μοι·
3539 1960 3558 1993 ι

1981 2027 2076 2081 καὶ
2117 2030 2147 2082 6
2183 2027 2261 2100 (5)
2295 2029 2384 2084 διὰ
2431 2029 2540 2085 τῶν
2579 2031 2928 2100 Εὐαγγελίων
2970 2032 3169 2087 είπὼν·
3209 2052 3230 2085 ι
3270 2034 3335 2088 El
3378 2033 3565 2100 κακῶς

1981 2120 2240 2194 ἐλάλησα,
2283 2122 2635 2195 μαρτύρησον
2670 2125 2797 2195 περὶ
2828 2125 2924 2179 τοῦ
2951 2127 3148 2193 κακοῦ,
3185 2147 3203 2180 ι
3227 2129 3257 2181 6
3287 2127 3419 2191 Υἱός
3445 2129 3564 2181 ἐστι

1980 2211 2074 2264 τοῦ
2107 2211 2358 2281 λέγοντος
2413 2214 2549 2285 πρὸς
2582 2215 2885 2287 Ἱερεμίαν·
2924 2235 2943 2267 ι
2984 2213 3153 2271 Εἶπον
3193 2220 3259 2290 τῇ
3311 2219 3566 2290 κατοικία

1994 2302 2237 2376 Ἰσραήλ’
2271 2305 2337 2357 Τί
2364 2297 2522 2376 εὖρον
2553 2308 2610 2359 ἐν
2631 2308 2755 2378 ἐμοὶ
2778 2309 2828 2360 οξ
2861 2309 3097 2379 πατέρες
3121 2309 3274 2380 ὑμῶν
3306 2309 3566 2381 πλημμέ-

1981 2394 2130 2467 λημα
2157 2395 2191 2467 ἢ
2224 2396 2487 2468 ἀδίκημα,
2519 2399 2600 2451 ὅτι
2624 2399 2942 2472 ἀπέστησαν
2975 2402 3069 2454 ἀπ’
3091 2400 3223 2473 ἐμοῦ
3258 2402 3511 2475 μακράν;
3541 2422 3563 2456 s

1984 2488 2052 2540 Ὦ
2086 2488 2188 2559 τῆς
2235 2488 2645 2561 φιλανθρωπίας
2690 2492 2937 2564 ἐκείνης,
2982 2495 3039 2545 ἐν
3163 2493 3435 2565 ἁγαθότης
3463 2494 3569 2566 τὴν

1983 2581 2166 2651 φύσιν,
2201 2582 2399 2653 μᾶλλον
2431 2584 2488 2636 δὲ
2528 2585 2589 2637 οὐ
2623 2586 2725 2656 τὴν
2763 2586 2953 2655 φύσιν,
2988 2585 3126 2640 ἀλλά
3157 2588 3257 2660 τὴν
3288 2588 3571 2662 ἡμετέραν

1980 2672 2279 2745 ἐνθύμησιν
2300 2677 2313 2729 ι

2086 2807 2176 2862 46.
2211 2809 2347 2876 Πῶς
2370 2812 2409 2879 ἠ
2440 2812 2737 2882 ἀγαθότης
2755 2811 2864 2867 τοῦ
2888 2815 3037 2870 Θεοῦ
3060 2814 3455 2870 ἐνδείκνυται.

2050 2920 2214 2990 Λέγει
2261 2921 2340 2993 τῷ
2397 2924 2614 2978 Μωσεῖ·
2650 2944 2670 2978 ι
2726 2924 2869 2994 Ἐγὼ
2909 2927 2939 2979 6
2988 2926 3123 2991 Θεὸς
3143 2968 3157 2993 ,
3205 2931 3234 2983 6
3282 2929 3573 2993 ἀποδιδοὺς

1981 3013 2259 3084 ἁμαρτίας
2309 3015 2561 3087 πατέρων
2603 3017 2698 3070 ἐπὶ
2727 3019 2914 3072 τέκνα.
2951 3039 2972 3071 ι
3019 3020 3131 3074 Kal
3172 3021 3333 3093 μέχρι
3382 3024 3566 3089 τίνος;

1987 3123 2006 3155 ι
2039 3105 2165 3158 Ἐπὶ
2189 3106 2380 3177 τρίτην
2424 3106 2517 3160 καὶ
2555 3108 2824 3181 τετάρτην
2856 3111 3067 3179 γενεάν.
3100 3130 3121 3164 ι
3164 3112 3407 3185 Πρόσεχε
3449 3114 3570 3177 πῶς

291 3194 499 3271 quasso,
523 3212 634 3269 quo
653 3207 816 3269 pacto
833 3195 1098 3250 ultionem
1125 3194 1388 3250 extendat
1410 3209 1586 3264 usque
1616 3194 1686 3249 ad
1717 3208 1876 3264 quar-

1989 3197 2078 3268 τὴν
2103 3198 2376 3269 τιμωρίαν
2407 3199 2660 3269 ἥπλωσεν
2690 3203 2786 3255 ἐπὶ
2823 3202 3097 3273 τέσσαρας
3121 3204 3332 3272 γενεάς.
3365 3206 3476 3277 Τὴν
3508 3206 3571 3260 δὲ

292 3302 406 3348 tam
437 3293 868 3364 generationem.
902 3290 1073 3345 Suam
1105 3306 1236 3347 vero
1258 3306 1390 3363 erga
1428 3292 1683 3349 homines
1720 3292 1879 3348 beni-

293 3384 559 3456 gnitatem
585 3384 912 3453 quousque?
943 3402 964 3438 s
1003 3382 1075 3439 Et
1104 3384 1313 3441 faciens
1348 3384 1788 3441 misericordiam
1819 3385 1876 3440 in

293 3475 444 3531 mille
477 3475 904 3547 (generationes)
933 3476 1294 3549 diligentibus
1345 3494 1434 3535 me
1457 3480 1524 3535 ⁷³.
1573 3498 1593 3531 ι

294 3586 382 3643 Π.
425 3585 580 3660 Quod
621 3604 799 3660 omnes
831 3590 1097 3660 prophetae
1134 3593 1190 3646 in
1222 3608 1385 3646 unum
1413 3592 1641 3658 collecti,
1699 3608 1876 3646 rerum

362 3675 398 3711 a
426 3658 641 3741 Christo
688 3659 742 3713 in
782 3658 938 3716 carne
982 3672 1273 3733 gestarum,
1339 3666 1651 3718 memoriam
1699 3663 1878 3717 absol-

362 3744 555 3787 verant.

364 3842 544 3902 Moses
573 3846 800 3918 ﬁguram
842 3850 1027 3906 crucis
1056 3850 1349 3906 constituit
1378 3869 1391 3905 :
1424 3849 1571 3920 quod
1613 3858 1875 3905 testatum

294 3953 515 4010 quoque
543 3941 675 3996 facit
716 3943 836 4014 ipse
873 3943 1125 4000 Salvator
1155 3960 1170 3997 :
1207 3962 1226 3997 ι
1258 3943 1757 4011 Quemadmodum,
1791 3944 1876 3999 in-

298 4031 520 4101 quiens,
564 4030 743 4090 Moses
768 4035 1029 4091 exaltavit
1053 4044 1359 4107 serpentem
1386 4037 1443 4090 in
1467 4036 1688 4092 deserto
1707 4037 1775 4100 ",
1801 4036 1877 4091 ita

294 4131 516 4192 oportet
529 4126 756 4180 exaltari
767 4124 1073 4196 19Filium
1091 4127 1332 4184 hominis
1344 4127 1413 4181 ⁷⁸.
1428 4125 1645 4182 ιιιίἀεω
1660 4142 1877 4197 quoque

292 4224 352 4269 et
365 4214 534 4273 Jonas
555 4219 747 4275 mortis
770 4219 891 4288 ejus
911 4221 1235 4275 memoriam
1255 4219 1384 4276 fecit
1398 4222 1465 4276 ⁷⁸.
1488 4220 1768 4292 Siquidem
1788 4221 1879 4275 ille

296 4305 585 4361 descendit
624 4308 683 4363 in
710 4317 917 4375 cetum,
938 4316 1102 4381 atque
1150 4311 1294 4365 intra
1330 4311 1573 4366 triduum
1604 4312 1732 4367 inde
1752 4328 1880 4382 pro-

294 4397 420 4463 diit,
454 4397 741 4470 factusque
772 4408 856 4458 est
881 4409 1043 4474 typus
1072 4405 1516 4460 resurrectionis.
1548 4404 1660 4460 Hoc
1696 4406 1876 4477 ipsum

299 4489 483 4545 denuo
511 4488 766 4549 Salvator
789 4504 1068 4564 repetens,
1101 4502 1290 4566 typum
1318 4498 1470 4551 illum
1498 4498 1714 4553 veritati
1746 4513 1877 4553 coa-

1978 3288 2389 3358 φιλανθρωπίαν
2450 3292 2555 3355 ἓως
2613 3291 2792 3359 τίνος;
2842 3313 2861 3347 ι
2905 3296 3017 3348 Kal
3069 3296 3237 3350 ποιῶν
3285 3296 3433 3361 ἔλεος
3483 3297 3571 3362 εἰς

1978 3379 2222 3450 χιλιάδας
2254 3384 2367 3447 τοῖς
2392 3382 2649 3451 ἀγαπῶσι
2680 3402 2769 3456 με.
2799 3405 2817 3437 ι

1977 3585 2066 3639 47.
2092 3587 2283 3661 Ὅπως
2302 3587 2527 3661 πάντες
2544 3592 2597 3644 οἱ
2621 3588 2944 3659 προφῆται,
2962 3591 3111 3660 ὁμοῦ
3132 3590 3569 3661 συναχθέντες,

2192 3656 2308 3725 τὴν
2324 3658 2577 3728 μνήμην
2599 3656 2945 3731 οὶκοίὀμίας
2965 3656 3349 3731 gemmati.

2048 3839 2257 3910 Μωσῆς
2284 3841 2376 3894 τὸν
2410 3840 2582 3895 τύπον
2614 3842 2706 3894 τοῦ
2744 3841 2981 3913 σταυροῦ
3019 3841 3263 3911 ἐποίησε,
3287 3842 3382 3896 καὶ
3422 3860 3566 3916 μαρ-

1976 3934 2132 4002 τυρεῖ
2156 3933 2186 3984 6
2208 3931 2421 4004 Σωτὴρ,
2457 3931 2631 4002 λέγων
2647 3951 2660 3963 ·
2686 3952 2706 3984 ι
2728 3934 2838 3988 Καὶ
2854 3934 2927 4007 (6)
2954 3934 3134 3999 καθὼς
3158 3935 3362 4006 Μωσῆς
3380 3933 3566 4004 ὕψωσε

1975 4022 2067 4076 τὸν
2089 4021 2212 4090 ὅφιν
2242 4024 2300 4077 ἐν
2330 4026 2395 4095 τῇ
2445 4025 2658 4096 ἐρήμῳ,
2695 4024 2868 4090 οὕτως
2896 4026 2977 4079 δεῖ
3004 4025 3282 4097 ὑψωθῆναι
3314 4026 3406 4080 τὸν
3436 4026 3567 4080 Υἰδν

1976 4115 2070 4168 τοῦ
2091 4114 2403 4187 ἀνθρώπου.
2427 4136 2447 4169 ι
2480 4117 2711 4187 Ὁμοίως
2728 4119 2822 4172 καὶ
2859 4119 3039 4182 Ἰωνᾶς
3054 4118 3282 4188 ἐποίησε
3304 4118 3404 4188 τὴν
3435 4119 3564 4191 μνή-

1981 4226 2089 4279 μην
2111 4209 2206 4262 τοῦ
2235 4208 2487 4263 θανάτου.
2517 4208 2771 4280 Κατῆλθε
2801 4209 2910 4281 γὰρ
2939 4211 3021 4274 εἰς
3047 4211 3109 4263 τὸ
3133 4211 3318 4282 κῆτος,
3347 4212 3444 4265 καὶ
3472 4210 3564 4264 διὰ

1977 4300 2144 4373 τριῶν
2173 4301 2398 4374 ἡμερῶν
2434 4300 2684 4373 ἀνεδόθη,
2720 4303 2815 4355 καὶ
2860 4303 3069 4369 ἐγίνετο
3093 4302 3264 4367 τύπος
3287 4302 3388 4372 τῆς
3427 4303 3563 4356 ἀνα-

1981 4394 2244 4458 στάσεως.
2282 4392 2453 4447 Τοῦτο
2496 4392 2660 4447 πάλιν
2700 4392 2795 4446 καὶ
2827 4393 2856 4444 6
2897 4393 3089 4464 Σωτὴρ
3132 4391 3438 4457 ἀναλαϐὼν,
3470 4393 3565 4446 τὸν

1979 4486 2148 4541 τύπον
2171 4490 2249 4549 εἰς
2271 4485 2527 4557 ἀλήθειαν
2558 4486 2782 4556 ἐκφέρει
2816 4485 2914 4555 (6')
2949 4485 3143 4554 λέγων’
3186 4504 3206 4538 ι
3237 4485 3348 4539 Kal.
3380 4483 3564 4549 καθὼς

294 4580 450 4635 ciliat
470 4581 695 4647 dicens:
729 4601 751 4637 ι
792 4582 948 4639 Sicut
983 4585 1088 4640 fuit
1115 4584 1286 4642 Jonas
1335 4588 1389 4641 in
1413 4596 1605 4643 ventre
1631 4588 1739 4643 ceti
1779 4590 1876 4642 tri-

1989 4580 2233 4650 ὲποίησεν
2276 4580 2460 4642 Ἰωνᾶς
2486 4581 2543 4632 ἐν
2569 4581 2636 4650 τῇ
2677 4578 2853 4649 κοιλίᾳ
2886 4578 2977 4632 τοῦ
3019 4580 3221 4650 κήτους
3248 4582 3397 4650 τρεῖς
3430 4579 3565 4649 ἡμέ-

298 4670 402 4725 hus
451 4670 647 4727 diebus
686 4680 742 4728 et
760 4673 959 4742 nribus
998 4675 1274 4737 noctibus,
1336 4674 1411 4728 ita
1439 4689 1660 4745 quoque
1709 4689 1871 4744 agere

296 4771 517 4833 Oportet
549 4762 749 4818 Filium
781 4764 1021 4822 hominis
1048 4766 1105 4820 in
1129 4766 1297 4821 corde
1317 4771 1479 4821 terrae
1502 4768 1569 4822 '°.
1603 4786 1622 4819 ι

502 4898 593 4953 48.
628 4897 783 4966 Quod
816 4901 1051 4957 Trinitas
1073 4900 1142 4955 sit
1171 4900 1663 4957 consubstantialis.

364 5010 511 5080 Quid
564 5021 650 5068 est
695 5012 879 5071 Deus?
907 5012 1163 5070 Omnium
1191 5015 1543 5087 principium,
1573 5015 1873 5071 secundum

298 5105 642 5174 Apostolum,
672 5106 943 5164 dicentem
975 5126 988 5161 :
1021 5127 1040 5161 ι
1075 5106 1229 5164 Unus
1260 5107 1404 5164 Deus
1439 5108 1618 5172 Pater,
1653 5124 1721 5164 ex
1762 5124 1871 5178 quo

296 5199 482 5251 omnia
508 5195 572 5251 ⁷⁷.
600 5217 618 5250 ι
654 5196 893 5254 Verbum
921 5202 1066 5256 enim
1101 5201 1224 5271 ejus
1256 5216 1323 5255 ex
1358 5202 1478 5271 ipso
1512 5216 1608 5270 per
1636 5215 1868 5270 genera-

1980 4692 2081 4746 ρας
2100 4675 2195 4727 καὶ
2218 4675 2365 4745 τρεῖς
2389 4672 2611 4737 νύκτας,
2633 4672 2807 4736 οὕτως
2831 4673 2913 4727 δεῖ
2941 4675 3162 4745 ποιῆσαι
3193 4674 3285 4728 τὸν
3312 4674 3440 4728 Υἱὸν
3466 4673 3562 4729 τοῦ

1977 4765 2264 4838 ἀνθρώπου
2298 4767 2355 4818 ἐν
2382 4768 2448 4836 τῇ
2484 4765 2694 4836 καρδίαι
2712 4767 2808 4836 τῆς
2838 4767 2960 4837 γῆς.
2998 4786 3017 4818 ›

2258 4899 2346 4954 48.
2378 4901 2506 4954 Ὀτι
2534 4903 2572 4970 ἠ
2607 4901 2680 4972 (7)
2717 4904 2883 4971 Τριὰς
2932 4904 3268 4972 ὀμοούσιος.

2049 5017 2114 5070 Τί
2147 5018 2262 5069 ἐστι
2289 5016 2456 5083 Θεός;
2493 5018 2558 5071 Ἠ
2586 5018 2802 5073 πάντων
2832 5019 2975 5092 ἀρχὴ
3009 5020 3148 5075 κατά
3179 5022 3271 5075 τὸν
3307 5023 3565 5077 Ἀπόστο-

1975 5109 2086 5174 λον,
2108 5109 2335 5178 λέγοντα
2353 5126 2366 5140 ο
2409 5128 2428 5162 ι
2455 5104 2550 5173 Εἷς
2580 5109 2713 5174 Θεὸς
2742 5113 2770 5163 ὁ
2799 5112 3010 5183 Πατὴρ,
3043 5111 3103 5177 ἐξ
3128 5108 3190 5167 οὗ
3223 5113 3291 5168 τὰ
3312 5115 3511 5171 πάντα.
3537 5136 3557 5167 ι

1979 5200 2090 5255 Kal
2118 5200 2226 5271 γὰρ
2248 5202 2276 5253 6
2291 5200 2461 5269 Λόγος
2479 5201 2536 5268 ἐξ
2560 5202 2724 5256 αὑτοῦ
2759 5201 3024 5275 γενητῶς,
3048 5205 3143 5258 καὶ
3170 5203 3229 5258 τὸ
3251 5203 3480 5275 Πνεῦμα
3504 5206 3565 5272 ἐξ

376 5357 424 5431 ff
448 5354 606 5410 Joan.
635 5372 756 5431 vui,
793 5356 877 5431 ιε.
922 5358 997 5431 _"
1029 5358 1191 5415 Mich.
1216 5376 1292 5420 vr.
1320 5359 1423 5431 5.”
1448 5359 1495 5431 ξ’
1515 5356 1675 5413 Joan.
1698 5372 1875 5431 xvm,

2046 5356 2089 5431 f9
2121 5355 2231 5411 Jer.
2266 5375 2329 5431 tt,
2352 5360 2404 5414 5.
2442 5359 2530 5431 __'{
2554 5357 2722 5431 Exod.
2749 5375 2841 5424 xx,
2870 5360 2923 5415 5.
2958 5361 3024 5431 ιη
3053 5359 3183 5416 ibid.
3228 5363 3308 5401 »τ’
3339 5362 3473 5419 ibid.
3508 5364 3563 5418 6.

379 5425 541 5482 Num.
567 5442 682 5493 xxi,
707 5427 762 5483 9.
837 5428 885 5459 ”
915 5425 1075 5486 Joau.
1106 5447 1188 5496 ιιι,
1213 5431 1299 5485 ﬂ.
1378 5428 1597 5489 "Joan.
1624 5430 1755 5500 ",1.
1831 5429 1878 5460 "
1911 5426 2100 5480 Matth.
2139 5442 2241 5494 xu,
2270 5430 2362 5485 40.
2441 5429 2485 5460 ’⁷
2514 5427 2534 5481 l
2564 5429 2691 5487 Cor.
2746 5446 2868 5496 vm,
2901 5431 2955 5485 6.

368 5651 450 5789 ἐξ
488 5652 841 5779 ᾼὸιὲιίειιιιιιε.
872 5656 932 5711 τὸ
948 5657 1245 5740 ἐπίταγμα,
1271 5672 1324 5719 et
1354 5662 1428 5718 ita
1455 5663 1584 5739 legit
1604 5663 1869 5722 Nannius.

614 5732 730 5781 eest
757 5728 810 5782 in
834 5726 1042 5789 Anglic.

614 5732 731 5798 eest
757 5728 810 5782 in
834 5726 1042 5798 Anglic.

371 5793 452 5867 (6)
478 5792 549 5850 .ln
579 5796 789 5870 Anglic.
820 5792 1108 5858 xaldecsl.

2053 5662 2151 5735 (6‘)
2192 5661 2546 5735 Anglicanus,
2578 5664 2831 5735 ἐμφέρει.

2054 5734 2136 5806 (7)
2174 5733 2641 5806 Articulusdeest
2664 5733 2927 5806 inpeditis,
2966 5746 3021 5793 et
3050 5736 3107 5793 in
3142 5735 3430 5806 Vaticano,
3463 5733 3565 5793 sed

1982 5801 2218 5860 habetur
2250 5805 2307 5859 in
2337 5801 2503 5862 Basil.
2534 5812 2590 5860 et
2620 5806 2675 5861 in
2705 5805 2917 5872 Anglic.

3823 494 3838 619 Ι

3824 648 3836 733 l

3826 796 3833 885 ι

3824 944 3833 1123 ι

3880 410 3890 418 Α

3870 1204 3875 1211 Ι
