3890 6186
303 258 372 314 75
1477 244 1534 300 s.
1583 239 2044 299 ATHANASIUS.
2083 271 2154 282 -
2192 239 2421 296 DUBIA.
2514 215 2518 221 ’
3509 232 3588 290 7o

297 376 670 431 carnatlonem
715 369 837 426 Filii
876 367 1248 440 blasphemias
1283 365 1664 436 protulerunt?
1691 365 1874 436 Apage

1991 363 2086 424 δοῖς
2107 360 2240 432 (15),
2265 361 2360 414 καὶ
2388 362 2501 424 τοῖς
2524 360 2732 422 λοιποῖς
2762 359 2928 424 πᾶσι,
2963 357 3075 420 τοῖς
3098 355 3179 418 είς
3199 354 3297 426 τὴν
3323 350 3419 406 τοῦ
3449 350 3587 404 Tia-3

297 469 441 521 hanc
474 464 888 522 abs'urditatem.
919 461 977 516 Si
1005 461 1150 518 enim
1172 458 1263 530 qui
1284 459 1392 529 20
1411 457 1544 512 dicit
1571 455 1726 511 fratri
1750 471 1872 519 suo,

297 559 489 623 Fatue,
520 573 650 613 reus
678 562 763 612 est
813 555 1074 625 gehennae
1101 551 1327 625 ignis“,
1362 552 1419 606 in
1453 564 1639 620 quam,
1669 562 1876 618 quaeso,

297 653 604 724 gehennam
648 649 1024 723 gehennarum
1085 647 1434 718 conjicietur,
1493 643 1589 716 qui
1647 643 1879 698 afIirmat

297 746 468 800 Deum
498 759 658 800 suum
693 751 1003 799 creaturam
1049 757 1192 805 esse,
1235 755 1348 795 non
1375 737 1575 795 Filium
1614 738 1733 805 Dei,
1779 736 1874 794 sed

213 871 217 876 η
297 852 539 901 servum,
565 836 660 892 sed
684 835 1066 890 administrum
1097 842 1150 889 et
1183 833 1492 889 minutum?
1525 831 1592 886 Et
1624 833 1669 889 si
1707 833 1753 888 is
1784 831 1878 904 qui

297 937 491 984 contra
521 927 719 983 Filium
764 927 990 982 verbum
1024 925 1246 993 dixerit,
1293 925 1675 982 remissionem
1708 928 1879 992 impe-

297 1023 485 1085 trahit,
513 1019 788 1092 quomodo
828 1019 971 1075 idem
1006 1019 1176 1075 Filius
1204 1015 1360 1074 'dixit
1397 1039 1410 1075 :
1453 1039 1470 1072 ι
1509 1019 1612 1087 Qui
1654 1035 1763 1073 non
1786 1034 1882 1075 co-

296 1113 468 1168 medit
494 1127 716 1168 carnem
752 1126 947 1180 meam,
981 1127 1082 1168 nec
1125 1112 1264 1167 bibit
1317 1113 1640 1184 sanguinem
1673 1127 1876 1177 meum,

296 1221 408 1262 non
435 1205 600 1261 habet
619 1205 785 1260 vitam
816 1205 1173 1261 aeternam“?
1195 1223 1214 1257 ι
1241 1203 1351 1260 Aut
1368 1207 1482 1276 qui,
1505 1221 1711 1276 quaeso,
1728 1216 1882 1276 pote-

297 1300 372 1353 rit
400 1301 493 1369 qui
529 1298 826 1369 ignominia
854 1297 1018 1353 allicit
1044 1296 1242 1353 Filium
1268 1315 1375 1354 non
1405 1299 1789 1371 blasphemare
1824 1302 1881 1356 in

298 1389 659 1446 Trinitatem?
695 1391 799 1458 Qui
832 1405 965 1446 vero
996 1390 1050 1446 in
1074 1406 1196 1445 eam
1221 1392 1615 1463 blasphemiam
1641 1393 1795 1459 dicit,
1832 1395 1880 1450 is

297 1481 445 1537 haud
479 1481 644 1536 dubie
682 1482 914 1552 abnegat
952 1489 1206 1536 sanctum
1238 1482 1528 1553 baptisma.
1561 1483 1665 1550 Qui
1698 1492 1880 1541 autem

298 1583 552 1631 sanctum
609 1574 881 1645 baptisma
925 1575 1182 1648 abnegat,
1215 1575 1263 1631 is
1311 1576 1572 1630 nimirum
1613 1576 1880 1648 Spiritum

298 1675 551 1724 sanctum
603 1667 775 1722 exuit.
809 1665 876 1720 Et
912 1667 1372 1739 quemadmodum
1400 1667 1456 1722 in
1483 1669 1597 1724 sole
1623 1668 1732 1725 isto
1761 1684 1885 1724 sen-

1984 455 2256 527 σάρκωσιν
2289 454 2779 525 βλασφημήσασιν;
2835 453 3048 520 ’Ἄπαγε
3075 449 3175 520 τῆς
3217 447 3478 510 ἀτοπίαςῐ
3510 446 3590 514 Et

1983 546 2092 618 γὰρ
2123 548 2150 598 0
2180 545 2353 614 λέγων
2381 546 2472 599 τὸν
2499 544 2726 614 ἀδελφὸν
2758 543 2944 608 αὐτοῦ,
2991 543 3180 614 Μωρὲ,
3217 540 3399 610 ἔνοχός
3426 539 3586 592 ἐστιν

1984 641 2064 702 είς
2083 637 2181 708 τὴν
2200 637 2422 706 γέενναν
2447 636 2539 690 τοῦ
2565 637 2768 709 πυρὸς,
2792 637 2871 700 είς
2895 635 3054 689 ποίαν
3079 633 3284 698 λοιπὸν,
3314 631 3435 686 εἰπέ
3461 646 3586 701 μοι,

1987 731 2204 799 γέενναν
2219 729 2444 800 γεέννης
2465 729 2859 800 ἐκϐληθήσεται
2879 729 2908 780 0
2927 728 3102 806 λέγων
3128 725 3218 778 τὸν
3245 724 3376 780 Θεὸν
3411 719 3587 778 αὑτοῦ

1987 820 2219 891 κτίσμα,
2264 823 2356 875 καὶ
2382 823 2502 893 οὐχὶ
2522 822 2657 875 Θεοῦ
2698 821 2846 885 Υίὸν,
2872 819 3007 874 ἀλλὰ
3028 817 3233 884 δοῦλον,
3257 817 3350 871 καὶ
3381 817 3588 888 ὑπουρ-

1986 914 2101 982 γὸν,
2120 916 2212 967 καὶ
2229 915 2422 987 μικρόν
2439 932 2452 980 ;
2473 914 2580 968 Καὶ
2596 917 2664 978 εί,
2678 914 2825 977 ὅστις
2844 915 2970 983 εἴπῃ
2987 913 3141 982 λόγον
3158 910 3298 964 κατὰ
3311 909 3402 962 τοῦ
3421 909 3580 974 Υίοῦ,

1987 1006 2318 1078 ἀφεθήσεται
2349 1006 2530 1078 αὐτῷ,
2565 1005 2682 1071 πῶς
2712 1005 2875 1068 αὐτὸς
2898 1007 2926 1059 0
2957 1005 3086 1068 Υἱὸς
3115 999 3266 1056 εἶπεν
3285 1042 3299 1067 ,
3344 1005 3422 1056 ’ότι
3459 1022 3480 1054 ι
3517 1003 3578 1056 '0

1991 1102 2065 1169 μὴ
2091 1097 2314 1170 τρώγων
2361 1117 2464 1169 μου
2506 1097 2602 1169 τὴν
2636 1099 2844 1170 σάρκα,
2899 1097 2992 1150 καὶ
3015 1096 3186 1149 πίνων
3216 1113 3316 1166 μου
3341 1094 3402 1147 τὸ
3434 1090 3580 1165 αἷμα

1987 1191 2087 1244 ούκ
2111 1191 2222 1262 ἔχει
2244 1189 2388 1262 ζωὴν
2408 1189 2620 1245 αἰώνιον
2640 1207 2654 1256 ;
2685 1210 2702 1242 ι
2751 1189 2876 1252 Πῶς
2891 1189 2948 1242 δὲ
2970 1189 3061 1242 καὶ
3081 1187 3302 1242 δύναταί
3317 1206 3420 1252 τις,
3456 1189 3580 1242 ἀτι-

1993 1284 2179 1355 μάζων
2199 1285 2288 1339 τὸν
2309 1285 2456 1349 Υίὸν,
2486 1284 2560 1355 μὴ
2590 1283 2927 1355 βλασφημεῖν
2950 1283 3029 1347 είς
3045 1281 3144 1354 τὴν
3169 1281 3405 1354 Τριάδα;
3434 1281 3492 1336 '0
3516 1281 3577 1338 δὲ

1989 1378 2068 1439 εἰς
2111 1375 2280 1446 αὐτὴν
2329 1375 2671 1447 βλασφημῶν
2699 1375 2941 1447 δηλονότι
2983 1372 3390 1445 ἀπαρνεῖταιτδ
3418 1372 3577 1441 ἅγιον

1993 1468 2294 1539 βάπτισμα.
2363 1468 2419 1520 Ὁ
2459 1468 2515 1520 δὲ
2556 1468 2617 1521 τὸ
2650 1468 2803 1536 ἆγιον
2843 1466 3124 1538 βάπτισμα
3166 1464 3582 1538 ἀπαρνούμενος

1989 1562 2147 1632 δῆλον
2177 1564 2258 1616 ὃτι
2287 1559 2346 1613 τὸ
2380 1559 2606 1632 Πνεῦμα
2637 1561 2696 1614 τὸ
2728 1561 2882 1628 ἅγιον
2913 1559 3224 1614 ἀποδύεται.
3252 1559 3360 1612 Καὶ
3385 1556 3580 1628 ὥσπερ

1991 1655 2082 1707 ἐπὶ
2105 1653 2200 1708 τοῦ
2223 1652 2481 1726 αἰσθητοῦ
2507 1653 2682 1724 ἡλίου,
2715 1653 2810 1707 ὲὰν
2842 1653 2940 1724 τὴν
2966 1651 3176 1723 θέρμην
3204 1652 3236 1723 ἦ
3262 1651 3357 1722 τὴν
3379 1651 3578 1705 ἀκτῖνα

299 1757 465 1820 sihili,
509 1757 557 1812 si
611 1755 782 1811 calori
827 1756 1062 1812 radiisve
1095 1757 1217 1828 ejus
1239 1759 1625 1814 contumeliam
1658 1759 1878 1825 feceris,

1991 1748 2150 1802 αὐτοῦ
2184 1747 2541 1819 καθυϐρίσῃς,
2572 1749 2652 1810 εἰς
2676 1746 2802 1817 ὅλην
2836 1747 2934 1817 τὴν
2964 1745 3124 1815 φύσιν
3146 1743 3310 1797 αὑτοῦ
3343 1744 3579 1813 ἀνατρέ-

299 1849 355 1901 in
389 1857 561 1904 totam
607 1856 862 1903 naturam
894 1850 1028 1904 solis
1060 1849 1298 1904 recurrit
1326 1849 1640 1920 huiusmodi
1683 1859 1881 1906 contu-

298 1941 462 1995 melia
493 1961 505 1996 :
540 1940 614 1993 ita
647 1955 866 2011 quoque
913 1956 972 1996 se
1011 1956 1100 1996 res
1139 1941 1305 1996 habet
1346 1941 1405 1997 in
1436 1941 1731 2014 trigemino
1765 1944 1882 1999 sole

299 2031 589 2086 Trinitatis
619 2039 672 2087 et
702 2031 948 2103 mysterii
981 2051 995 2088 :
1026 2033 1361 2089 contumelia
1400 2034 1571 2090 unius
1604 2050 1879 2107 personae,

299 2123 640 2193 blasphemia
667 2132 755 2179 est
783 2124 839 2178 in
867 2125 1180 2180 universam
1213 2126 1606 2197 plenitudinem
1629 2127 1878 2186 Deitatis.

299 2215 441 2282 Quid
474 2215 642 2287 igitur
691 2217 795 2272 sibi
825 2216 943 2270 vult
976 2215 1185 2277 dictum
1228 2218 1362 2272 illud
1399 2217 1616 2274 Domini
1670 2219 1738 2274 ad
1780 2219 1882 2276 Ju-

299 2308 448 2362 dmos
489 2327 501 2362 :
543 2325 561 2360 ι
598 2306 772 2365 Omne
799 2319 1083 2379 peccatum
1119 2317 1173 2364 et
1206 2310 1542 2381 blasphemia
1574 2312 1884 2368 remittetur

300 2398 656 2455 hominibus:
687 2401 780 2472 qui
814 2411 996 2458 autem
1025 2401 1227 2457 dixerit
1263 2405 1493 2459 verbum
1533 2411 1726 2460 contra
1761 2404 1886 2476 Spi-

300 2489 466 2544 ritum
518 2497 793 2556 sauctum,
836 2506 949 2546 non
1003 2492 1312 2547 remittetur
1359 2493 1432 2559 ei,
1487 2509 1666 2566 neque
1694 2497 1750 2550 in
1781 2497 1886 2551 hoc

302 2582 524 2647 saeculo,
555 2598 732 2652 neque
783 2584 839 2638 in
875 2583 1063 2638 futuro
1079 2584 1167 2637 “7?
1205 2603 1224 2636 ι
1256 2583 1564 2640 Prudenter
1595 2584 1886 2640 audiamus

299 2681 355 2728 et
382 2689 452 2729 ne
481 2673 1128 2746 seducamur.Duplicem
1192 2691 1314 2732 esse
1344 2676 1624 2731 Christum
1656 2686 1780 2746 post
1802 2678 1886 2732 in-

297 2768 666 2824 enarrabilem
715 2769 994 2834 unionem,
1023 2769 1149 2824 dico
1169 2779 1351 2825 autem
1376 2786 1442 2825 ex
1472 2769 1675 2825 deitate
1703 2777 1757 2825 et
1779 2770 1882 2824 hu-

299 2861 586 2927 manitate,
640 2876 812 2916 sacrae
868 2861 1030 2917 nobis
1099 2863 1442 2932 proclamant
1512 2859 1811 2933 Scriptura:
1868 2881 1882 2918 :

305 2973 324 3005 ι
360 2949 599 3009 Verbum
643 2973 662 3006 ι
696 2955 841 3008 enim
881 2972 900 3004 ι
933 2969 1062 3008 caro
1108 2955 1314 3009 factum
1356 2961 1441 3012 est
1470 2953 1536 3009 ⁸⁸.
1569 2973 1588 3006 ι
1620 2953 1885 3010 Deitatem

1981 1859 2065 1912 χει
2098 1844 2132 1914 ἡ
2182 1840 2362 1914 ὕϐρις·
2401 1839 2573 1904 οὕτως
2605 1840 2701 1893 καὶ
2724 1839 2816 1891 ἐπὶ
2843 1837 2937 1892 τοῦ
2972 1836 3248 1910 τρισηλίου
3281 1837 3378 1907 τῆς
3412 1837 3579 1906 ἁγίας

1982 1933 2207 2005 Τριάδος
2227 1933 2404 2004 φωτὸς
2420 1933 2512 1986 καὶ
2531 1931 2852 2005 μυστηρίου,
2872 1933 2936 2002 τῇ
2961 1933 3058 2002 τῆς
3080 1931 3208 2001 μιᾶς
3227 1930 3578 1992 ὑποστάσεως

1982 2027 2178 2099 ἀτιμίᾳ.
2229 2027 2429 2090 παντὸς
2482 2024 2576 2080 τοῦ
2609 2023 2975 2096 πληρώματος
3005 2023 3104 2093 τῆς
3133 2023 3385 2094 θεότητός
3425 2023 3578 2074 ἐστιν

1982 2122 2017 2189 ἡ
2043 2119 2380 2191 βλασφημία.
2417 2119 2480 2172 Τί
2500 2115 2593 2172 οὖν
2617 2120 2766 2171 ἐστιν
2795 2117 2898 2170 ὑπὸ
2926 2115 3019 2170 τοῦ
3048 2115 3254 2187 Κυρίου
3277 2114 3412 2186 πρὸς
3445 2116 3579 2167 Ἰου-

1982 2211 2160 2277 δαίους
2187 2213 2495 2286 λεγόμενον,
2517 2211 2598 2265 ὅτι
2628 2230 2648 2263 ι
2671 2212 2827 2265 Πᾶσα
2855 2209 3101 2282 ἁμαρτία
3135 2209 3229 2262 καὶ
3257 2207 3576 2279 βλασφημία

1984 2308 2315 2379 ἀφεθήσεται
2346 2309 2458 2370 τοῖς
2487 2307 2822 2379 ἀνθρώποις·
2859 2304 2916 2368 ὃς
2945 2303 2988 2356 δ’
3019 2303 3085 2357 ἂν
3113 2303 3240 2373 εἴπῃ
3275 2301 3383 2372 (16)
3417 2300 3576 2370 λόγον

1985 2401 2128 2456 κατὰ
2146 2400 2239 2454 τοῦ
2268 2399 2406 2454 Πνεύ
2414 2417 2579 2472 ματος
2602 2399 2779 2468 ἁγίου,
2801 2398 2900 2453 οὐκ
2926 2396 3259 2467 ἀφεθήσεται
3287 2393 3433 2464 αὐτῷ
3452 2393 3580 2447 οὐδὲ

1986 2496 2044 2548 ὲν
2077 2493 2154 2565 τῷ
2183 2493 2278 2546 νῦν
2324 2493 2503 2555 αἰῶνι,
2547 2492 2668 2545 οὐδὲ
2700 2494 2758 2545 ὲν
2792 2489 2870 2561 τῷ
2921 2490 3198 2560 μέλλοντις
3222 2507 3240 2539 ι
3287 2485 3576 2558 Νουνεχῶς

1987 2589 2329 2658 ἀκούσωμεν,
2350 2587 2444 2640 καὶ
2468 2585 2543 2657 μὴ
2561 2585 2940 2656 πλανηθῶμεν.
2956 2583 3140 2638 Διττὸν
3168 2578 3305 2636 εἶναι
3328 2581 3417 2635 τὸν
3437 2583 3578 2652 Χρι-

1989 2686 2114 2734 στὸν
2151 2681 2288 2752 μετὰ
2324 2680 2420 2752 τὴν
2446 2681 2722 2752 ἄφραστον
2757 2679 2986 2742 ἕνωσιν,
3024 2677 3164 2748 φημὶ
3195 2674 3258 2746 δὴ
3284 2675 3348 2728 ἐκ
3381 2674 3541 2745 θεότη
3561 2701 3578 2714 ο

1986 2789 2079 2835 τος
2111 2773 2206 2825 καὶ
2237 2769 2680 2842 ἁνθρωτιότητος,
2708 2771 2763 2822 αἱ
2806 2768 2948 2839 ἱεραὶ
2981 2767 3093 2837 (Π)
3141 2767 3272 2836 ἡμῖν
3314 2763 3576 2818 διαϐοῶσι

1988 2866 2220 2937 Γραφαί·
2257 2886 2274 2917 ι
2297 2867 2354 2920 Ὀ
2375 2866 2482 2938 γὰρ
2513 2864 2684 2932 Λόγος
2712 2861 2850 2933 σὰρξ
2883 2861 3120 2930 ἐγένετο.
3153 2878 3169 2911 ι
3196 2858 3307 2928 Τὴν
3329 2856 3457 2926 γοῦν
3475 2855 3573 2910 τοῦ

1988 2961 2160 3030 Λόγου
2184 2959 2410 3031 θεότητα
2442 2961 2470 3011 0
2499 2958 2660 3020 αὐτὸς
2691 2956 2923 3028 Χριστὸς
2945 2954 3170 3024 Πνεῦμα
3194 2951 3348 3020 ἅγιον
3370 2949 3577 3019 ὀνομάο

296 3064 430 3117 ergo
459 3043 628 3100 Verbi
658 3045 776 3117 ipse
818 3045 1074 3102 Christus
1100 3044 1366 3116 Spiritum
1403 3053 1654 3102 sanctum
1697 3047 1883 3116 appel-

1991 3051 2068 3116 ζει
2087 3068 2099 3083 ’
2119 3051 2261 3106 καθὰ
2281 3051 2374 3104 καὶ
2397 3051 2530 3122 πρὸς
2553 3051 2650 3121 τὴν
2667 3050 2997 3120 Σαμαρεῖτιν
3018 3045 3200 3114 ἔλεγεν
3217 3061 3230 3074 ·
3253 3045 3336 3097 ὅτι
3367 3041 3575 3096 «Πνεῦ-

297 3140 394 3202 lat,
453 3137 911 3209 quemadmodum
949 3138 1017 3192 ad
1062 3138 1464 3194 Samaritanam
1499 3140 1718 3196 locutus
1749 3150 1830 3195 est
1865 3156 1878 3192 :

303 3252 321 3283 ι
363 3231 628 3300 Spiritus,
666 3250 684 3282 ι
719 3231 998 3301 inquiens,
1047 3249 1066 3282 ‹
1112 3229 1255 3286 Deus
1284 3241 1367 3286 est
1384 3231 1450 3286 ⁸³.
1487 3251 1506 3284 ι
1555 3231 1882 3286 Humanita-

296 3331 409 3377 tcm
461 3338 592 3378 vero
625 3336 802 3384 suam,
835 3320 1032 3376 Filium
1075 3322 1315 3378 hominis
1359 3324 1663 3378 nominavit
1696 3343 1708 3377 :
1742 3325 1886 3379 sicut

297 3420 464 3469 etiam
511 3414 641 3468 alibi
666 3413 734 3469 de
774 3429 874 3469 sua
906 3429 1074 3469 carne
1104 3414 1350 3484 loquitur
1382 3434 1395 3470 :
1438 3436 1456 3466 ι
1496 3415 1653 3470 Nunc
1680 3418 1886 3487 gloriﬁ-

297 3518 454 3561 catus
493 3513 580 3562 est
605 3503 748 3560 [ilius
780 3505 1018 3561 hominis
1036 3506 1102 3561 9°.
1137 3525 1156 3558 ι
1189 3504 1360 3560 Judaei
1397 3506 1582 3577 igitur,
1617 3507 1711 3577 qui
1739 3523 1885 3563 som-

298 3616 399 3670 per
429 3598 484 3653 in
516 3595 688 3652 Deum
710 3597 1013 3661 oﬂ‘endtmt,
1041 3597 1279 3669 duplicis
1301 3597 1568 3654 adversus
1601 3599 1883 3654 Christum

300 3691 654 3763 blasphemi-te
678 3693 754 3747 rei
788 3699 936 3746 sunt.
957 3690 1201 3758 Quorum
1229 3692 1324 3746 alii
1352 3692 1408 3746 in
1443 3707 1664 3748 carnem
1689 3694 1886 3764 impin-

298 3791 455 3854 gunt,
494 3782 598 3838 hoc
627 3789 735 3847 est,
779 3782 836 3836 in
867 3781 1066 3836 Filium
1098 3782 1358 3848 hominis,
1388 3798 1515 3844 eum
1541 3785 1883 3856 prophetam,

301 3891 413 3931 non
456 3873 628 3930 Deum
671 3873 1053 3932 existimantes
1090 3891 1106 3928 :
1143 3873 1347 3944 quibus
1387 3875 1601 3930 veniam
1625 3875 1794 3942 dedit,
1831 3877 1888 3932 id

299 3967 448 4032 enim
479 3967 696 4022 initium
728 3973 852 4023 erat
887 3965 1316 4045 praedicationis,
1347 3980 1474 4021 cum
1507 3965 1753 4022 nondum
1789 3983 1883 4023 ca-

299 4079 406 4133 pax
445 4070 564 4118 erat
591 4061 854 4127 mundus,
875 4067 936 4115 ut
963 4058 1133 4115 Deum
1159 4060 1311 4114 illum
1341 4075 1465 4116 esse
1494 4060 1766 4127 crederet,
1793 4062 1884 4136 qui

300 4157 468 4224 homo
522 4157 838 4226 apparebat.
869 4154 1050 4223 Atque
1095 4151 1224 4208 hinc
1282 4161 1389 4218 est,
1447 4155 1597 4224 quod
1633 4154 1888 4213 Christus

303 4247 380 4300 ait
424 4264 442 4302 :
487 4266 506 4297 ι
548 4246 653 4312 Qui
689 4245 888 4300 dixerit
917 4242 1158 4300 Verbum
1212 4250 1409 4298 contra
1457 4244 1657 4300 Filium
1711 4246 1890 4301 homi-

298 4337 412 4404 nis,
446 4358 464 4389 ι
499 4339 604 4392 hoc
635 4346 717 4393 est
769 4337 823 4392 in
869 4351 1074 4406 corpus
1107 4334 1246 4404 ejus,
1289 4353 1308 4386 ι
1347 4337 1657 4393 remittetur
1677 4339 1808 4394 ei".
1859 4357 1878 4391 ι

1989 3161 2064 3216 μα
2092 3146 2120 3198 ὁ
2147 3144 2280 3208 Θεός
2297 3161 2312 3174 ο
2340 3163 2358 3195 ι
2383 3144 2481 3214 τὴν
2511 3142 2567 3195 δὲ
2598 3141 2994 3212 ἀνθρωπότητα
3019 3137 3185 3192 αὐτοῦ
3207 3137 3335 3191 Υίὸν
3362 3134 3578 3207 ἀνθρώ·

1985 3255 2088 3291 που
2105 3255 2118 3268 °
2151 3236 2333 3301 καθὼς
2359 3236 2520 3291 πάλιν
2543 3232 2776 3304 ἀλλαχοῦ
2806 3231 3054 3303 περὶτῆς
3084 3230 3218 3293 ἰδίας
3249 3229 3447 3302 σαρκὸς
3475 3229 3576 3282 αὐ-

1985 3328 2078 3382 τοῦ
2108 3345 2268 3399 φησι·
2330 3346 2347 3377 ι
2374 3325 2489 3379 Νῦν
2536 3323 2794 3394 ἐδοξάσθη
2847 3325 2875 3375 ὁ
2910 3322 3038 3386 Υἱὸς
3079 3321 3172 3375 τοῦ
3209 3319 3521 3393 ἀνθρώπου.
3548 3339 3572 3374 ι

1986 3423 2049 3475 Εἰ
2072 3421 2181 3490 (i8)
2211 3415 2303 3474 οῦν
2335 3419 2421 3472 ἀεὶ
2457 3417 2536 3489 τῷ
2568 3415 2686 3488 Θεῴ
2713 3415 3144 3487 προσκρούοντες
3185 3414 3427 3468 Ἰουδαῖοι
3457 3414 3578 3467 διτ-

1986 3515 2085 3586 τὴν
2136 3512 2274 3585 πρὸς
2314 3510 2547 3582 Χριστὸν
2585 3509 2684 3580 τὴν
2725 3506 3072 3578 βλασφημίαν
3109 3506 3422 3578 ἐκέκτηντο.
3509 3509 3576 3560 Oi

1990 3607 2090 3677 μὲν
2137 3608 2199 3675 τῇ
2235 3603 2400 3676 σαρκὶ
2423 3601 2586 3656 αὑτοῦ
2611 3642 2625 3666 ,
2657 3602 2822 3672 ἤγουν
2855 3598 2934 3669 τῷ
2967 3599 3083 3669 Υἱῷ
3129 3598 3225 3652 τοῦ
3263 3597 3572 3668 ἀνθρώπου,

1987 3697 2423 3768 προσκόπτοντες
2443 3735 2457 3759 ,
2489 3695 2776 3764 προφήτην
2806 3692 2970 3746 αὑτὸν
2989 3731 3004 3756 ,
3038 3690 3152 3744 ἀλλ’
3184 3691 3244 3743 οὐ
3277 3689 3409 3743 Θεὸν
3435 3685 3574 3742 εἶναι.

1987 3789 2252 3860 ἐνόμιζονο
2275 3784 2356 3852 οἷς
2376 3789 2468 3840 καὶ
2497 3785 2825 3856 συγγνώμην
2847 3783 3045 3837 ἔδωκεν
3065 3799 3078 3812 ·
3097 3782 3240 3854 ἀρχὴ
3263 3783 3371 3853 γὰρ
3388 3777 3456 3853 ἦν
3476 3781 3573 3835 τοῦ

1989 3879 2363 3951 κηρύγματος,
2387 3879 2481 3932 καὶ
2497 3878 2638 3931 οὕτω
2663 3874 2730 3949 ἦν
2760 3877 2951 3948 χωρῶν
2979 3877 3008 3929 0
3035 3875 3240 3945 κόσμος
3265 3873 3376 3944 (19)
3396 3912 3412 3937 ,
3441 3872 3578 3926 Θεὸν

1990 3971 2295 4035 πιστεύειν,
2341 3971 2664 4041 φαινόμενον
2715 3969 3039 4040 ἄνθρωπον·
3077 3967 3157 4020 διὸ
3203 3967 3296 4020 καί
3344 3981 3506 4035 φησιν
3544 3967 3576 4019 ό

1989 4063 2242 4136 Χριστὸς,
2267 4065 2350 4117 ὅτι
2386 4082 2405 4116 t
2434 4064 2530 4127 Ὃς
2558 4062 2652 4115 ἐὰν
2683 4062 2811 4134 εἴπῃ
2839 4061 2994 4129 λόγον
3017 4059 3158 4113 κατά
3189 4058 3284 4112 τοῦ
3316 4057 3446 4112 Υίοῦ
3475 4055 3571 4109 τοῦ

1990 4156 2278 4229 ἀνθρώπου
2300 4197 2314 4222 ,
2335 4177 2354 4208 ι
2394 4156 2491 4209 εἴτ’
2513 4155 2604 4210 οῦν
2631 4156 2742 4228 (90)
2777 4155 2871 4209 τοῦ
2903 4153 3154 4222 σώματος
3177 4149 3364 4217 αὐτοῦ,
3399 4169 3419 4201 ι
3437 4150 3574 4217 ἀφε-

1991 4249 2213 4320 θήσεται
2258 4246 2428 4317 αὐτῷ.
2460 4267 2477 4296 ι
2514 4247 2708 4318 Τολμῶ
2749 4246 2858 4317 γὰρ
2899 4245 3108 4313 λέγειν,
3148 4244 3229 4296 ὅτι
3269 4243 3392 4296 οὐδὲ
3419 4242 3576 4296 αὐτοὶ

1991 4343 2042 4394 οἱ
2071 4340 2327 4412 μακάριοι
2351 4338 2516 4392 αὑτοῦ
2555 4339 2790 4410 μαθηταὶ
2817 4339 2876 4392 τὸ
2901 4338 3104 4391 τέλειον
3128 4335 3256 4408 περὶ
3285 4336 3385 4406 τῆς
3406 4333 3574 4389 αὐτοῦ

299 4429 493 4483 Ausim
553 4431 698 4483 enim
751 4427 954 4495 dicere,
989 4446 1063 4486 ne
1091 4431 1243 4503 ipsos
1287 4432 1509 4502 quidem
1544 4431 1736 4486 beatos
1763 4432 1883 4502 ejus

1993 4433 2242 4502 θεότητος
2281 4427 2423 4503 εἶχον
2464 4433 2718 4503 φρόνημα
2740 4472 2753 4494 ,
2807 4431 2912 4494 ἕως
2961 4431 3020 4484 τὸ
3053 4429 3280 4496 Πνεῦμα
3318 4427 3379 4482 τὸ
3419 4429 3575 4496 ἅγιον

296 4521 603 4591 discipulos
647 4520 943 4591 perfectam
979 4523 1051 4578 de
1086 4525 1207 4595 ejus
1239 4525 1526 4581 divinitate
1557 4525 1884 4581 sententiam

299 4612 584 4676 habuisse,
610 4611 785 4667 donec
812 4613 1053 4683 Spiritus
1103 4623 1331 4672 sanctus
1368 4616 1425 4670 in
1484 4615 1575 4672 die
1618 4614 1888 4671 Penteco-

300 4713 415 4759 stes
441 4718 538 4759 eos
569 4702 871 4760 visitasset.
911 4703 1196 4776 Siquidem
1246 4715 1373 4776 post
1417 4709 1884 4764 resurrectionem

301 4796 481 4864 ipsum
511 4793 779 4860 videntes,
810 4795 902 4850 alii
945 4796 1170 4864 quidem
1207 4797 1575 4852 adoraverunt
1605 4814 1752 4865 eum,
1793 4799 1885 4855 alii

297 4900 430 4941 vero
451 4887 838 4943 haesitaverunt
865 4906 880 4944 :
911 4903 1014 4942 nec
1036 4897 1223 4943 tamen
1253 4889 1324 4944 ob
1345 4905 1466 4946 eam
1493 4906 1608 4946 rem
1641 4891 1886 4948 damnati

303 4985 450 5033 Sunt.
486 4975 734 5031 Suntalii
766 4977 860 5048 qui
892 4977 947 5032 in
980 4975 1250 5048 Spiritum
1277 4989 1529 5036 sanctum
1555 4981 1882 5052 impingunt,

1993 4526 2174 4587 αὐτοῖς
2206 4526 2270 4594 τῇ
2306 4524 2649 4594 Πεντηκοστῇ
2697 4522 3070 4592 ἐπεφοίτησεν.
3121 4521 3272 4572 Ἐπεὶ
3311 4520 3404 4572 καὶ
3434 4520 3575 4590 μετὰ

1992 4616 2090 4684 τὴν
2123 4615 2414 4667 ἀνάστασιν
2463 4612 2661 4676 ἰδόντες
2698 4613 2893 4676 αὐτὸν,
2923 4613 2972 4666 oi
3004 4613 3104 4684 μὲν
3137 4611 3572 4682 προσεκύνησαν,

1993 4707 2043 4758 οἱ
2080 4705 2136 4757 δὲ
2167 4704 2483 4756 ἐδίστασανο
2515 4702 2629 4757 ἀλλ’
2671 4704 2772 4756 οὐκ
2805 4704 2869 4756 ὲκ
2909 4704 3095 4756 τούτου
3145 4702 3571 4774 κατεκρίθησαν.

1995 4802 2056 4853 Οἱ
2079 4800 2132 4853 δὲ
2155 4801 2232 4862 εἱς
2251 4799 2311 4851 τὸ
2326 4798 2552 4868 Πνεῦμα
2582 4797 2641 4850 τὸ
2661 4797 2835 4864 ἅγιον,
2857 4797 2952 4848 εἴτ’
2976 4792 3068 4850 οὖν
3094 4799 3172 4861 είς
3200 4796 3297 4868 τὴν
3320 4796 3414 4850 τοῦ
3435 4799 3574 4867 Χρι-

1997 4893 2122 4945 στοῦ
2146 4892 2371 4961 θεότητα
2393 4891 2882 4962 βλασφημήσαντες
2898 4930 2911 4953 ,
2933 4891 3026 4941 καὶ
3046 4890 3313 4958 λέγοντες,
3331 4890 3414 4943 ὅτι
3443 4908 3462 4939 ι
3487 4889 3576 4941 Ἐν

1995 4984 2346 5048 Βεελζεϐοὺλ,
2381 4983 2459 5054 τῷ
2498 4984 2718 5053 ἄρχοντι
2753 4980 2860 5034 τῶν
2891 4981 3183 5050 δαιμονίων
3219 4981 3468 5034 ἐκϐάλλει
3509 4982 3577 5034 τὰ

363 5131 409 5164 ιδ
453 5131 655 5206 itaita.
682 5150 748 5206 ν,
788 5115 878 5206 22.
956 5133 1002 5167 ιο
1029 5133 1189 5192 toan.
1220 5136 1410 5200 v1.54.
1483 5136 1527 5170 ιτ
1555 5134 1744 5194 Matth.
1793 5152 1893 5206 xu,
1932 5137 2022 5203 δι,
2062 5137 2153 5192 52.
2228 5137 2274 5170 σε
2307 5137 2464 5192 Joan.
2501 5153 2538 5204 ι,
2589 5137 2675 5192 ιιι.
2752 5137 2797 5169 ου
2839 5135 2998 5192 Joan.
3031 5153 3104 5202 IV,
3148 5137 3235 5193 et.
3317 5137 3362 5166 ὀ
3406 5135 3571 5192 Joan.

302 5217 420 5266 xm,
453 5202 542 5258 51.
618 5205 660 5236 ’⁸
695 5203 884 5260 Matth.
920 5221 1022 5272 xu,
1049 5206 1138 5261 52.

375 5359 487 5429 (l5)
528 5359 710 5414 Editio
742 5361 1199 5423 Commeliniana,
1242 5361 1588 5424 Φωτειανοίς.
1622 5362 1892 5418 Basilien-

305 5431 403 5502 εἰς,
435 5430 620 5502 Angl.,
654 5430 968 5494 Vaticanus,
1026 5433 1365 5502 Φωίτιανοῖς.⁸
1395 5431 1608 5502 Reliqui
1653 5441 1708 5488 et
1756 5434 1889 5488 editi

301 5497 630 5575 Parisieus.,
667 5503 1062 5575 dfmzervtayoig,
1111 5509 1281 5575 recte.
1325 5500 1392 5556 Et
1419 5504 1495 5558 ita
1525 5497 1722 5575 legitur
1745 5503 1888 5559 infra

304 5571 359 5623 in
394 5569 786 5634 Qumstiom’bus
816 5573 886 5625 ad
911 5572 1242 5627 Antiochum.

377 5641 487 5712 (16)
529 5639 871 5714 Basiliensis,
904 5644 1030 5714 εῑπῃ
1069 5643 1226 5712 λόγον
1258 5643 1404 5699 κατὰ
1444 5642 1539 5698 τοῦ
1585 5643 1720 5699 Υίοῦ
1756 5644 1888 5714 ἀφε-

305 5708 526 5768 θήσεται
565 5710 733 5764 αὐτῶο
770 5711 829 5774 ὃς
855 5713 899 5766 δ’
930 5708 1173 5778 ἄνἐῐπη,
1208 5722 1318 5771 etc.

2067 5365 2178 5436 (17)
2220 5363 2384 5436 Editi,
2403 5363 2506 5436 καὶ
2527 5364 2583 5416 αἱ
2613 5360 2778 5434 ἱεραί,
2803 5361 2898 5418 sed
2919 5361 3011 5416 καί
3026 5362 3180 5419 deest
3202 5361 3256 5415 in
3278 5359 3571 5431 Vaticano,

1995 5433 2166 5504 Bas“.
2193 5442 2255 5504 et
2280 5434 2598 5504 Anglicano.

2065 5503 2177 5576 (18)
2215 5503 2400 5576 forte,
2435 5505 2504 5558 οἱ.

2066 5571 2175 5646 (19)
2215 5573 2514 5630 Vaticanus
2573 5582 2627 5630 et
2685 5574 3041 5646 Anglicanus,
3095 5573 3250 5629 οὔπω
3293 5571 3494 5646 ἐχώρει
3538 5571 3579 5632 ὃ

1992 5646 2216 5715 κόσμος.

2063 5717 2172 5781 (‘20)
2215 5715 2376 5770 Basil.
2411 5715 2500 5770 hic
2535 5724 2589 5771 et
2621 5715 2782 5783 infra,
2819 5715 3012 5768 εἵτουν.
