3890 6186
302 340 387 401 ’⁸79
558 366 563 373 ’
1480 337 1540 395 8.
1579 336 2039 394 ATHANASIUS.
2080 368 2150 379 —
2187 338 2415 397 DL'BIA.
3488 338 3566 392 80

310 462 476 515 ritum
528 458 605 515 ait
651 473 919 531 pugnare,
955 469 1066 512 non
1102 470 1223 513 eam
1254 454 1476 528 quidem
1521 455 1876 521 immobilem,

1983 457 2363 529 διαμάχεσθαι,
2393 459 2454 512 οὐ
2484 457 2582 529 τὴν
2610 457 2884 528 ἀκίνητον,
2915 455 3035 510 οὐδὲ
3074 455 3175 527 τὴν
3200 454 3423 525 ἄψυχον.
3454 454 3570 505 Φυ-

308 561 403 609 aut
450 552 821 609 inanimalem.
867 550 1141 605 Naturalis
1177 548 1324 605 enim
1363 547 1709 604 aﬂectionum
1762 565 1880 604 mo-

306 652 395 701 tus
448 645 499 700 ei
550 643 749 700 insitus
771 648 876 705 est,
902 641 1020 711 qui,
1046 653 1169 694 cum
1200 653 1330 693 caro
1363 638 1698 703 nominatur,
1732 645 1791 692 ut
1822 639 1879 692 in

306 733 548 804 Episto'la
575 732 644 787 ad
673 731 950 787 Romanos
974 727 1319 785 manifestius
1345 728 1741 797 interpretatus
1770 737 1876 793 est,

306 827 591 882 declarans
644 832 884 889 motum,
939 824 1033 894 qui
1101 822 1160 877 in
1211 836 1379 877 carne
1426 828 1534 887 est,
1588 821 1882 893 confligere

306 917 572 973 adversus
611 925 871 980 mentem,
902 923 957 972 et
1008 915 1241 970 invicem
1291 914 1616 987 oppugnari,
1646 922 1707 968 ut
1764 929 1880 970 rem

305 1022 654 1079 nequaquam
686 1007 931 1063 eamdem
959 1014 1121 1077 atque
1144 1013 1403 1072 mentem,
1435 1004 1531 1061 sed
1559 1020 1787 1076 prorsus
1810 1006 1879 1059 ab

306 1116 369 1156 ea
398 1101 669 1156 diversam
704 1119 718 1155 :
752 1117 771 1151 ι
812 1099 1174 1155 Condelector
1199 1100 1346 1155 enim
1367 1139 1382 1164 ,
1418 1117 1437 1151 ι
1475 1096 1674 1167 inquit,
1709 1115 1729 1149 ι
1775 1097 1881 1166 legi

306 1190 424 1258 Dei,
457 1190 759 1248 secundum
792 1190 1109 1246 interiorem
1138 1189 1415 1244 hominem
1446 1207 1460 1244 :
1493 1187 1654 1245 video
1697 1197 1879 1243 autem

306 1281 469 1336 aliam
512 1281 686 1352 legem
724 1280 798 1335 ‘in
846 1279 1107 1336 membris
1159 1279 1319 1343 meis,
1351 1280 1645 1335 bellantem
1687 1286 1880 1334 contra

303 1372 476 1442 legem
504 1370 704 1426 mentis
730 1384 883 1435 meae,
909 1378 962 1425 et
984 1371 1347 1440 captivantem
1383 1369 1579 1426 me’b
1603 1367 1754 1423 Hanc
1782 1384 1878 1424 vo-

303 1462 592 1528 luntatem,
615 1469 670 1518 et
701 1462 939 1516 animam
972 1464 1188 1533 proprie
1203 1461 1736 1533 appellavitPaulus,
1768 1460 1883 1540 di_s-

305 1553 562 1624 tinguens
617 1568 737 1609 eam
767 1552 1055 1622 aspiritu,
1114 1567 1240 1607 cum
1293 1553 1466 1609 dicit:
1505 1572 1525 1605 ι
1560 1552 1704 1608 Deus
1754 1550 1882 1608 san-

1986 548 2135 602 σικὸν
2166 548 2273 620 γὰρ
2303 549 2631 621 ὲνέσπαρται
2668 548 2838 621 ταύτῃ
2863 548 3066 619 κίνημα
3098 546 3415 619 παθητικὸν,
3439 544 3566 617 μεθ’

1983 633 2043 693 οῦ
2088 639 2225 710 σὰρξ
2255 640 2598 710 ὀνομάζεται,
2630 639 2705 705 ὡς
2734 642 2793 693 tv
2835 642 2901 711 τῇ
2950 638 3089 711 πρὸς
3125 636 3427 707 Ῥωμαίους
3479 636 3567 692 ἔτι

1984 732 2313 804 σαφέστερον
2339 732 2668 805 ἡρμήνευσε,
2698 732 2760 789 τὺ
2792 733 2849 786 ὲν
2896 735 2961 805 τῇ
3010 733 3172 802 σαρκὶ
3221 731 3569 800 διασαφήσας

1983 823 2210 895 κίνημα,
2259 824 2658 895 διαμαχόμενον
2706 825 2843 896 πρὸς
2889 824 3012 878 νοῦν
3069 824 3162 878 καὶ
3206 825 3561 895 ἀντιπάσχειν,

1981 914 2057 979 ὡς
2083 916 2143 969 οὐ
2174 915 2368 969 ταύτὸν
2402 916 2593 987 δήπου,
2624 916 2737 970 ἀλλ’
2771 916 2958 989 ἕτερον
2988 916 3047 970 ὃν
3076 915 3153 987 τῷ
3177 916 3280 987 νῷ·
3323 935 3340 968 ι
3379 919 3562 988 Συνή-

1982 1005 2141 1078 δομαι
2174 1006 2302 1079 γὰρ,
2344 1026 2363 1060 ι
2410 1008 2562 1080 φησὶ,
2600 1027 2620 1059 ι
2660 1008 2738 1080 τῷ
2779 1008 2929 1079 νόμῳ
2970 1007 3062 1062 τοῦ
3093 1008 3251 1071 Θεοῦ,
3283 1009 3422 1063 κατὰ
3465 1010 3563 1063 τὸν

1984 1096 2091 1151 ἔσω
2123 1098 2405 1169 ἄνθρωπον
2427 1118 2440 1132 ·
2494 1099 2677 1169 βλέπω
2713 1100 2771 1154 δὲ
2803 1101 2988 1169 ἕτερον
3030 1100 3193 1171 νόμον
3228 1102 3284 1152 tv
3316 1103 3424 1163 τοῖς
3458 1100 3564 1171 μέ-

1985 1190 2098 1244 λεσί
2128 1208 2250 1262 μου,
2282 1192 2835 1264 ἀντιστρατευόμενον
2876 1191 2952 1262 τῷ
2980 1194 3128 1261 νόμῳ
3150 1191 3243 1244 τοῦ
3275 1192 3395 1257 νοός
3432 1209 3563 1262 μου,

1983 1280 2077 1332 καὶ
2124 1280 2594 1351 αἰχμαλωτίζοντά
2637 1299 2724 1353 με.
2786 1300 2803 1332 ι
2838 1280 3009 1334 Τοῦτο
3037 1281 3093 1334 δὲ
3137 1281 3197 1334 τὸ
3229 1280 3437 1351 θέλημα
3462 1280 3568 1335 καὶ

1980 1371 2159 1442 ψυχὴν
2206 1372 2347 1436 ίδίως
2388 1375 2417 1427 ὁ
2464 1373 2675 1437 Παῦλος
2721 1374 2995 1436 ἐκάλεσεν,
3033 1373 3275 1443 χωρίσας
3325 1372 3433 1427 ἀπὸ
3459 1372 3564 1426 τοῦ

1986 1462 2315 1534 πνεύματος,
2354 1464 2442 1517 ὅτε
2474 1464 2636 1535 φησίν
2656 1482 2669 1495 ·
2707 1482 2726 1515 ι
2778 1465 2833 1518 Ὀ
2865 1465 2991 1527 Θεὸς
3022 1464 3223 1538 ἁγιάσῃ
3254 1466 3397 1535 ὑμᾶς
3441 1464 3565 1519 ὁλο-

1983 1557 2175 1621 τελεῖς,
2207 1557 2301 1610 καὶ
2324 1556 2616 1628 ὁλόκληρον
2646 1556 2798 1627 ὑμῶν
2830 1555 2890 1608 τὸ
2924 1555 3160 1624 πνεῦμα,
3200 1557 3293 1609 καὶ
3322 1559 3354 1628 ἡ
3386 1556 3560 1626 ψυχὴ,

304 1645 505 1701 ctilicet
534 1658 631 1701 vos
669 1660 768 1716 per
797 1644 1002 1709 omnia,
1027 1651 1082 1699 et
1108 1645 1317 1715 integer
1345 1645 1575 1715 spiritus
1595 1654 1796 1711 vester,
1828 1653 1876 1700 et

1984 1648 2078 1700 καὶ
2102 1648 2164 1700 τὸ
2191 1647 2349 1717 σῶμα
2378 1647 2682 1717 ἀμέμπτως
2714 1649 2769 1699 tv
2800 1650 2865 1718 τῇ
2911 1645 3180 1717 παρουσίᾳ
3221 1647 3315 1701 τοῦ
3352 1649 3564 1719 Κυρίου

304 1750 504 1806 corpus
549 1744 604 1792 et
653 1737 832 1791 anima
873 1737 992 1794 sine
1022 1736 1182 1805 culpa
1217 1737 1273 1790 in
1325 1737 1621 1791 adventum
1664 1735 1876 1791 Domini

1989 1739 2146 1810 ἡμῶν
2171 1738 2282 1811 (26)
2313 1739 2485 1811 Ἰησοῦ
2510 1737 2747 1810 Χριστοῦ
2770 1737 3031 1810 τηρηθείη
3051 1756 3063 1767 ·
3109 1758 3127 1790 ι
3153 1740 3209 1790 tv
3227 1738 3282 1790 δὲ
3297 1740 3468 1810 τούτῳ
3499 1742 3566 1793 τὸ

302 1829 478 1881 nostri
494 1823 624 1883 Jesu
643 1826 845 1884 Christi
863 1827 1188 1883 servetur”.
1222 1846 1240 1878 ι
1277 1825 1374 1881 His
1406 1827 1584 1882 verbis
1602 1826 1876 1898 spiritum,

1983 1831 2218 1903 πνεῦμα,
2252 1832 2344 1885 καὶ
2364 1831 2561 1902 ψυχὴν,
2594 1831 2685 1886 καὶ
2709 1830 2886 1902 σῶμα,
2913 1831 3004 1884 τὸν
3032 1831 3251 1901 ὁλοτελῆ
3274 1832 3566 1903 ἄνθρωπον

301 1918 541 1973 animam
582 1926 638 1975 et
690 1934 892 1990 corpus
938 1935 1038 1989 pro
1082 1920 1294 1990 integro
1321 1918 1544 1975 homine
1578 1934 1878 1991 exponens,

300 2022 609 2078 rogansque
665 2023 791 2064 eum
842 2008 1196 2073 sanctiﬁcari,
1228 2015 1283 2063 et
1312 2008 1433 2064 sine
1475 2009 1635 2079 culpa
1660 2024 1883 2066 conser-

298 2099 437 2153 vari.
470 2098 613 2171 Ergo
658 2100 966 2173 designavit
1016 2102 1292 2173 spiritum,
1323 2102 1417 2174 qui
1448 2104 1879 2161 sanctiﬁcandus

298 2199 464 2259 esset,
495 2193 601 2247 hoc
640 2202 726 2248 est
750 2202 987 2250 mentem
1027 2195 1341 2251 humanam.
1369 2197 1619 2253 Animam
1660 2196 1876 2264 deinde,

217 2338 239 2357 ,
298 2283 412 2339 vim
437 2286 885 2356 concupiscendi,
920 2294 974 2343 et
1002 2302 1204 2359 corpus
1258 2290 1673 2346 tabernaculum
1705 2297 1879 2347 terre-

301 2384 413 2431 stre
474 2378 709 2448 appellat
752 2397 765 2433 :
819 2386 881 2434 ut
937 2380 1238 2435 secundum
1266 2380 1410 2436 hanc
1468 2381 1876 2438 distinctionem

300 2467 479 2523 tribus
509 2476 725 2525 constet
782 2470 945 2525 homo
981 2471 1276 2543 terrigena,
1304 2473 1656 2545 intelligibili,
1684 2490 1879 2531 concu-

298 2561 555 2632 piscibili,
576 2564 867 2634 corporali.
894 2564 1155 2621 Voluntas
1190 2581 1354 2636 porro
1385 2565 1501 2622 sive
1534 2567 1737 2632 anima,
1757 2583 1878 2638 quae

299 2660 384 2710 est
427 2653 512 2709 vis
560 2656 1027 2726 concupiscibilis.
1062 2658 1216 2715 unita
1239 2667 1324 2714 est
1352 2658 1543 2723 menti,
1575 2666 1631 2715 et
1657 2660 1875 2730 corpori

298 2743 561 2801 humano.
591 2746 963 2803 lnvalescente
1014 2747 1184 2819 igitur
1224 2747 1565 2820 intelligendi
1600 2749 1677 2813 vi,
1727 2757 1876 2805 totus

297 2833 464 2889 homo
492 2833 724 2891 edicitur
769 2837 1175 2903 intellectuaiis,
1211 2853 1522 2909 quanquam
1563 2838 1875 2910 implicatus

296 2926 371 2981 sit
424 2927 735 2983 carnalibus
773 2928 1258 2999 concupiscentiis,
1297 2931 1600 2985 secundum
1654 2931 1874 3002 conspi-

296 3033 459 3074 cuam
511 3019 910 3076 dissensionem
957 3024 1014 3076 et
1045 3036 1282 3093 pugnam
1312 3022 1463 3093 ejus,
1496 3038 1617 3094 quae
1664 3024 1721 3079 in
1773 3024 1873 3078 ho-

293 3109 443 3167 mine
470 3118 577 3178 est,
615 3112 906 3168 rationalis
938 3112 1022 3167 vis
1053 3127 1179 3167 cum
1225 3113 1554 3179 irrationali,
1591 3128 1700 3170 non
1749 3112 1873 3185 qui-

1987 1924 2352 1996 ὲρμηνεύσας,
2380 1925 2472 1978 καὶ
2497 1922 2865 1995 ὑπευξάμενος
2893 1924 3053 1977 αὐτὸν
3084 1924 3427 1993 ἁγιασθῆναι,
3461 1926 3566 1977 καὶ

1986 2016 2290 2088 ἀμέμπτως
2336 2017 2656 2089 τηρηθῆναι.
2710 2016 2933 2089 Πνεῦμα
2978 2019 3076 2089 μὲν
3122 2013 3217 2071 οὖν
3271 2016 3438 2083 ἔδειξε
3499 2016 3566 2069 τὸ

1984 2104 2366 2177 ἀγιαζόμενον,
2420 2106 2555 2176 ὅπερ
2587 2105 2733 2158 ἐστὶν
2755 2107 2799 2158 ’ὁ
2834 2104 2957 2168 νοῦς
2997 2106 3027 2158 ὁ
3058 2102 3426 2176 ἀνθρώπινοςο
3455 2101 3565 2171 ψυ-

1985 2194 2088 2267 χὴν
2118 2196 2179 2249 δὲ
2216 2196 2355 2267 μετὰ
2377 2196 2534 2250 τοῦτο
2562 2197 2623 2250 τὸ
2657 2196 3070 2267 ἐπιθυμητικὸν,
3099 2196 3194 2249 καὶ
3234 2194 3393 2264 σῶμα
3426 2193 3564 2263 σκῆ-

1984 2304 2072 2352 νος
2097 2288 2158 2341 τὸ
2184 2290 2369 2359 γήϊνον
2388 2305 2401 2318 ·
2435 2288 2575 2342 ὥστε
2624 2289 2766 2341 κατὰ
2795 2288 2997 2359 ταύτην
3019 2286 3115 2358 τὴν
3145 2286 3405 2358 διαίρεσιν
3430 2285 3561 2356 τρία

1983 2374 2122 2433 εἶναι
2136 2379 2225 2432 τὸν
2241 2379 2523 2451 ἄνθρωπον
2542 2379 2630 2433 τὸν
2650 2382 2853 2451 γηγενῆ
2874 2396 2887 2408 ·
2906 2379 2966 2431 τὸ
2991 2378 3194 2449 νοερὸν,
3210 2378 3271 2431 τὸ
3290 2376 3446 2430 ἐπιθυ
3455 2395 3559 2448 μη-

1982 2470 2164 2534 τικὸν,
2198 2471 2257 2525 τὸ
2291 2473 2620 2542 σωματικόν.
2665 2470 2834 2525 Τοῦτο
2868 2471 2977 2542 (27)
3008 2471 3069 2524 τὸ
3115 2470 3343 2541 θέλημα,
3376 2471 3488 2541 ἦτοι
3521 2471 3556 2541 ἡ

1981 2561 2145 2633 ψυχη,
2164 2564 2221 2616 τὸ
2238 2563 2649 2633 ἐπιθυμητικὸν,
2665 2564 2868 2634 ἥνωται
2883 2562 2960 2632 τῷ
2971 2562 3047 2632 νῷ
3068 2561 3143 2633 τῷ
3159 2561 3251 2615 τοῦ
3270 2560 3557 2633 ἀνθρώπου

1982 2655 2177 2727 καὶτῷ
2215 2664 2447 2725 σώματι.
2495 2656 2945 2728 Ἐπικρατοῦντος
2971 2652 3063 2710 οῦν
3109 2656 3203 2710 τοῦ
3247 2654 3451 2727 νοεροῦ,
3493 2654 3556 2707 τὸ

1979 2746 2099 2799 ὅλον
2133 2747 2247 2799 ἐστὶ
2274 2747 2457 2818 νοερὸς
2494 2747 2808 2817 ἄνθρωπος’
2845 2748 3088 2816 καίτοιγε
3130 2746 3557 2817 συμπεπλεγμέ-

1980 2853 2070 2890 νον
2102 2835 2240 2906 ἔχων
2286 2839 2343 2889 tv
2390 2840 2511 2900 ταῖς
2562 2840 2852 2909 σαρκικαῖς
2902 2838 3234 2907 ἐπιθυμίαις,
3269 2838 3409 2890 κατὰ
3456 2847 3559 2906 την

1979 2927 2242 2998 πρόδηλον
2267 2928 2527 2999 διαφορὰν
2557 2930 2651 2982 καὶ
2680 2929 2859 3001 μάχην
2885 2929 3102 2999 λογικοῦ
3127 2947 3185 2982 τε
3204 2928 3303 2982 ικαὶ
3333 2928 3553 2995 ἀλόγου,

1977 3014 2071 3069 τοῦ
2108 3017 2165 3068 tv
2193 3016 2270 3087 τῷ
2300 3016 2589 3088 ἀνθρώπῳ,
2638 3017 2751 3071 ἀλλ’
2783 3019 2883 3072 οὐκ
2931 3018 3371 3090 ἐπικρατοῦντος,
3419 3016 3558 3070 ἀλλὰ

1978 3108 2461 3179 ὲπικρατουμένου.
2505 3108 2858 3180 Ἡγεμονικὸν
2907 3108 2965 3163 δὲ
3011 3108 3247 3179 λέγεται,
3303 3108 3483 3172 καθὼς
3527 3111 3559 3161 ὁ

293 3200 416 3257 dem
450 3200 786 3267 dominante,
814 3201 912 3258 sed
970 3200 1273 3257 dominium
1309 3203 1572 3272 patiente.
1599 3203 1869 3260 Cmterum

1983 3198 2097 3263 νοῦς
2125 3202 2335 3269 ἡγεῖται
2368 3201 2461 3253 τοῦ
2504 3199 2737 3265 ζωτικοῦ
2787 3200 3054 3272 σώματος.
3086 3201 3405 3275 Ἀνθρωπος
3458 3197 3555 3254 οῦν

293 3292 618 3364 principalis
648 3293 755 3364 22
778 3293 980 3348 dicitur
1004 3308 1180 3359 mens,
1198 3301 1470 3364 quatenus
1504 3294 1759 3365 princeps
1788 3303 1874 3352 est

292 3389 348 3439 et
368 3383 480 3438 dux
525 3385 777 3454 corporis
816 3382 1086 3438 animalis.
1108 3381 1291 3451 Homo
1339 3383 1526 3453 igitur,
1571 3383 1871 3439 secundum

290 3474 661 3545 principatum
717 3473 941 3537 mentis,
973 3472 1246 3544 particeps
1274 3480 1359 3529 est
1386 3473 1627 3540 deitatis,
1652 3489 1777 3530 cum
1802 3475 1874 3532 sit

293 3566 496 3621 animal
554 3565 921 3622 intellectuale
953 3584 967 3631 ;
1000 3565 1231 3637 ideoque
1276 3566 1409 3623 dicit
1440 3586 1454 3622 :
1486 3585 1505 3619 ι
1535 3565 1640 3636 Qui
1691 3568 1873 3625 adhae-

291 3668 376 3717 ret
406 3657 658 3724 Domino,
693 3674 838 3715 unus
865 3659 1091 3729 spiritus
1107 3669 1191 3717 est
1210 3661 1277 3713 ⁹⁶.
1312 3679 1332 3713 s

1975 3289 2097 3344 καθ’
2118 3292 2416 3361 ἠγεμονίαν
2437 3291 2527 3344 νοῦ
2551 3291 2661 3363 (28)
2678 3293 2904 3363 μετέσχε
2928 3292 3195 3365 θεότητος,
3210 3293 3392 3365 νοερὸν
3411 3291 3553 3357 ζῶον

1974 3377 2050 3431 ὢν
2075 3396 2088 3409 ’
2140 3378 2228 3432 διὰ
2268 3379 2423 3433 τοῦτο
2457 3380 2631 3450 λέγει’
2667 3400 2687 3436 ι
2722 3381 2779 3437 ’0
2811 3381 3143 3455 κολλώμενος
3167 3384 3245 3456 τῷ
3274 3382 3464 3457 Κυρίῳ
3492 3384 3555 3440 ἐν

1975 3468 2195 3543 πνεῦμά
2220 3472 2386 3527 ἐστιν.
2434 3490 2455 3526 s

359 3820 408 3855 ’δ
437 3816 595 3876 Rom.
624 3836 723 3888 vn,
744 3820 816 3875 22
861 3820 952 3877 25.
1031 3822 1078 3855 ’⁵
1108 3820 1128 3876 Ι
1152 3820 1346 3881 Thess.
1374 3839 1430 3878 v.
1460 3820 1553 3878 25.
1628 3821 1675 3854 "
1705 3821 1877 3880 lCor.
1906 3841 1983 3891 γι,
2010 3825 2099 3883 17.

360 3995 1034 4069 (Ξϐγῐηύνει-ὺοηήμῶν,
1083 3998 1263 4053 deﬁcit
1302 3999 1472 4055 codex
1521 3997 1863 4059 Basiliensis.

289 4064 702 4142 Μοξέᾼρείίθη
735 4070 793 4142 εν
822 4064 886 4120 δὲ’
899 4064 1130 4142 ’τούτοις
1143 4070 1381 4142 πνεῦμα,
1408 4076 1515 4126 etc.

359 4137 473 4207 (27)
511 4136 700 4202 Τοῦτο,
730 4140 883 4192 deest
915 4140 969 4192 in
999 4139 1212 4210 Anglic.

2045 4003 2157 4086 (28)
2182 4005 2478 4086 _Vox,__voii,
2515 4010 2829 4086 habeturin
2858 4012 3181 4086 Anglicano,
3220 4021 3276 4069 et
3315 4014 3371 4071 in
3412 4016 3544 4074 edit.

1974 4073 2150 4131 Paris.
2180 4076 2239 4133 In
2267 4081 2493 4151 reliquis
2515 4090 2572 4138 et
2600 4082 2655 4137 in
2684 4084 2817 4139 edit.
2849 4073 3111 4141 Commel.
3143 4073 3504 4143 desideratur.

1069 4444 1151 4504 IN
1183 4444 1645 4506 EPISTOLAM
1691 4444 2222 4508 CATHOLICAM
2267 4445 2756 4509 ADMONITIO.

360 4611 487 4668 Htec
549 4610 785 4683 Epistola
833 4625 937 4663 non
977 4607 1196 4662 habetur
1220 4610 1274 4662 in
1318 4611 1549 4680 antiquis
1610 4609 1888 4667 Athanasii
1920 4609 2147 4680 Operum
2176 4612 2592 4680 collectionibus,
2618 4614 3029 4686 ambigimusque
3052 4632 3121 4669 an
3152 4618 3221 4671 sit
3250 4633 3311 4671 ea
3332 4633 3543 4688 germa-

285 4722 411 4760 num
460 4704 742 4759 Athanasii
778 4716 946 4772 opus;
983 4700 1239 4754 nonnulla
1283 4700 1469 4769 quippe
1518 4710 1640 4754 sunt
1685 4700 1768 4754 hic
1799 4700 2042 4772 loquendi
2078 4717 2270 4772 genera
2294 4703 2347 4756 in
2380 4703 2513 4756 veris
2570 4703 2855 4758 Athanasii
2884 4704 3125 4774 operibus
3165 4722 3268 4759 non
3312 4709 3536 4774 usitata,

282 4816 581 4873 quanquam
606 4797 890 4852 sexcenties
921 4809 1031 4849 sese
1057 4792 1140 4845 illi
1172 4790 1421 4845 obtulerit
1443 4807 1507 4845 ea
1538 4793 1837 4861 usurpandi
1862 4810 1876 4847 t

1983 4794 2092 4861 'sio,
2124 4811 2173 4849 υ.
2204 4811 2256 4865 g.
2294 4794 2560 4866 σύμϐολον
2585 4796 2681 4865 τῆς
2703 4795 2940 4858 πίστεως
2959 4834 2975 4859 ,
2996 4795 3166 4865 stylus
3200 4796 3324 4849 item
3347 4798 3536 4851 remis-

282 4892 393 4945 sior
424 4907 583 4962 quam
619 4889 1040 4945 Athanasianus.
1079 4887 1144 4942 In
1175 4888 1328 4943 titulo
1355 4888 1517 4941 etiam
1545 4888 1791 4960 quwdam
1822 4906 1876 4943 oc

1983 4901 2106 4944 runt
2136 4890 2348 4956 νοθείας
2372 4892 2524 4962 signa
2553 4908 2571 4945 :
2601 4907 2721 4956 vox,
2753 4892 2803 4945 οί
2834 4891 3241 4957 συνεπίσκοποι,
3272 4908 3535 4962 nusquam

283 4982 348 5035 ab
377 4982 672 5037 Athanasio
720 4990 1001 5050 usurpata,
1033 4978 1163 5033 solet
1192 4980 1377 5050 quippe
1405 4978 1594 5050 ubique
1626 4979 1717 5033 ille
1748 4984 2076 5049 coepiscopos
2106 4996 2291 5035 vocare
2336 4980 2801 5051 συλλειτουργούς.
2839 4979 3089 5037 Nomina-
3112 4984 3237 5037 item
3261 4986 3530 5055 regionum

280 5075 556 5144 pauciora.
591 5089 751 5143 quam
778 5088 895 5143 quae
919 5070 1173 5141 Epistolaa
1200 5069 1487 5126 Catholica
1524 5085 1642 5142 quae
1666 5069 1931 5141 encyclica
1955 5079 2053 5135 est,
2089 5071 2252 5125 inseri
2278 5072 2502 5125 soleant.
2536 5071 2803 5127 Praeterea
2835 5074 2966 5128 solet
3003 5074 3327 5130 Athanasius
3356 5075 3533 5145 fusius

279 5177 328 5220 et
369 5169 623 5238 liquidius
651 5185 733 5222 res
763 5178 936 5239 gestas
976 5168 1031 5222 in
1065 5166 1303 5237 epistolis
1334 5166 1446 5222 suis
1485 5180 1758 5233 enarrare,
1795 5180 1955 5236 quam
1992 5164 2077 5220 hic
2125 5164 2437 5221 habeantur.
2464 5164 2796 5235 Quapropter
2827 5165 2963 5220 inter
3008 5161 3170 5219 dubia
3223 5179 3377 5234 opera
3410 5180 3531 5220 eam

280 5254 527 5328 ablegare
560 5257 729 5314 visum
766 5266 864 5315 est.
