3890 6186
316 390 387 449 85
1486 383 1547 438 S.
1586 380 2051 438 ATHANASIUS.
2091 409 2158 421 -—
2197 378 2427 435 DUBIA.
3507 382 3581 437 ει

318 508 598 565 simulant.
627 506 731 573 Qui
755 504 801 562 si
832 519 943 560 non
979 508 1165 559 essent
1193 500 1260 556 iis
1290 498 1576 557 allectibus
1614 515 1894 571 praeoccu—

2014 499 2293 570 ίιπατηλοῖς
2313 518 2326 532 ο
2365 502 2459 555 καὶ
2504 499 2818 555 ἐπισκόπων
2853 500 3077 572 πλῆθος,
3105 498 3176 552 τὰ
3219 499 3317 569 μὲν
3342 497 3430 551 διὰ
3460 498 3584 551 δέος

318 600 453 673 pati,
483 598 769 653 veritatem
819 611 954 653 sane
982 595 1172 667 paucis
1200 595 1353 651 hisce
1379 595 1562 652 verbis
1600 595 1903 666 expositam

319 678 717 762 agnoscerent:
751 688 981 753 scilicet,
1006 686 1151 743 Deus
1182 694 1237 743 et
1269 686 1363 743 Dei
1394 685 1566 744 Filius
1591 703 1701 742 non
1726 694 1907 758 potest

322 798 445 845 esse
480 797 570 837 res
612 796 644 835 a
681 780 790 835 Deo
841 779 1006 846 facta,
1054 794 1155 836 nec
1202 777 1441 849 Spiritus
1473 787 1698 836 sanctus
1741 778 1906 833 rebus

323 871 485 928 factis
516 879 928 927 annumeratur.
972 869 1092 934 Dei,
1128 886 1238 924 non
1261 886 1390 925 vero
1409 877 1691 937 creatura,
1712 869 1909 925 adven-

323 972 445 1018 tum
487 963 828 1020 admittimus
860 984 873 1017 :
900 979 1077 1033 neque
1127 964 1185 1017 in
1235 964 1376 1019 servi
1408 964 1698 1018 adventum
1724 962 1906 1018 credi-

325 1071 479 1124 mus,
509 1056 788 1126 divinique
837 1055 1075 1127 Spiritus
1119 1056 1347 1126 gratiam
1381 1056 1720 1111 admittimus
1754 1075 1767 1111 :
1811 1072 1908 1126 per

324 1163 486 1226 quem
514 1157 568 1204 et
598 1148 671 1202 dii
699 1148 984 1214 ellicimur,
1017 1158 1071 1203 et
1102 1147 1192 1203 Dei
1222 1148 1423 1218 templa
1459 1148 1760 1204 reddimur.
1779 1147 1906 1203 Hac

323 1241 471 1301 enim
526 1241 713 1312 paucis
781 1241 908 1296 licet
968 1239 1263 1302 declarata,
1328 1239 1645 1295 Christiano
1709 1240 1907 1310 cuique

324 1339 513 1402 aperta
530 1338 817 1396 sunt,eum
833 1340 1142 1386 accuratam
1177 1332 1247 1385 ab
1267 1332 1531 1401 initioque
1558 1330 1905 1402 praedicatam

325 1423 606 1479 veritatem
626 1432 952 1480 conservent
976 1442 991 1479 :
1012 1424 1067 1478 in
1089 1438 1196 1494 qua
1218 1423 1265 1478 si
1289 1437 1627 1490 maneamus,
1649 1431 1906 1478 aeternam

323 1522 705 1586 exspectamus
738 1531 909 1585 spem.
942 1513 1092 1570 Fidei
1129 1515 1312 1585 itaque
1344 1525 1546 1570 nostra;
1590 1512 1906 1587 Symbolum

332 1605 1247 1674 est:Consubstantialis‘Trinitas;
1279 1605 1421 1662 Deus
1452 1621 1617 1662 verus
1648 1622 1716 1662 ex
1738 1604 1906 1660 Maria

327 1698 508 1755 factus
532 1698 694 1754 homo
721 1699 844 1770 :qui
875 1698 960 1754 his
974 1713 1084 1753 non
1107 1698 1454 1768 astipulatur,
1497 1699 1785 1753 anathema
1811 1699 1902 1753 sit.

2005 592 2113 645 τῶν
2136 594 2192 646 ὲν
2221 593 2439 646 πόλεσιν
2471 591 2909 665 ὲπιφανεστέρων
2939 590 3072 664 (56),
3120 590 3190 644 τὰ
3224 590 3281 644 δὲ
3319 590 3385 644 δι’
3428 591 3583 643 ἀντι·
3615 635 3624 673 ε

2007 685 2223 756 ποίησιν
2253 684 2410 757 δόξης
2434 704 2447 717 ’
2470 686 2563 740 καὶ
2590 685 2625 739 ἀ
2650 686 2746 757 μὲν
2778 683 3088 756 φρονοῦσιν,
3116 682 3581 754 ἀποκρύπτουσιν,
3616 678 3624 695 ³

2006 778 2042 832 ἃ
2083 779 2138 832 δὲ
2166 779 2239 851 μὴ
2269 778 2553 850 φρονοῦσιν
2590 778 2989 850 ὑποκρίνονται.
3035 778 3144 840 Ὦς,
3180 776 3313 845 εἴγε
3351 774 3423 848 μὴ
3453 773 3585 828 τού-

2007 892 2119 938 τοις
2158 877 2273 938 τοῖς
2319 874 2513 929 πάθεσι
2567 873 3072 947 προκατεσχημένοι
3115 872 3243 934 εἰσὶ,
3287 870 3381 925 καὶ
3421 871 3588 943 μόνον

2009 964 2263 1035 ῥηθεῖσαν
2306 965 2404 1037 τὴν
2448 965 2706 1035 ἀλήθειαν
2759 965 2959 1034 ὀλίγοις
3015 966 3271 1035 ῥήμασιν,
3327 962 3586 1029 ἐπιγινώ-

2010 1071 2249 1118 σκουσιν,
2290 1055 2371 1107 ὅτι
2401 1057 2537 1126 μήτε
2578 1054 2786 1125 ποίημα
2821 1052 2955 1106 Θεοῦ
2997 1053 3127 1115 Θεὸς
3160 1054 3253 1104 καὶ
3285 1052 3409 1114 Υἱὸς
3443 1050 3586 1104 Θεοῦ

2007 1139 2145 1197 εἶναι
2193 1143 2435 1205 δύναται,
2488 1144 2625 1214 μήτε
2656 1143 2715 1195 τὸ
2745 1143 2968 1213 Πνεῦμα
3004 1143 3067 1195 τὸ
3105 1143 3256 1211 ἆγιον
3283 1143 3586 1212 ποιήμασιν

2007 1234 2506 1304 ὲγκαταριθμεῖτᾳι.
2523 1233 2658 1286 Θεοῦ
2674 1251 2731 1286 τε
2747 1233 3065 1303 ἐπιφάνειαν
3082 1233 3473 1302 ὑπεδεξάμεθα,
3488 1233 3590 1286 καὶ

2006 1326 2125 1397 ουχὶ
2152 1327 2263 1396 (57)
2292 1326 2586 1397 κτίσματος
2610 1327 2901 1397 ἐπιδημίαν
2921 1344 2934 1357 ·
2969 1326 3090 1379 οὐδὲ
3117 1328 3194 1389 εἰς
3225 1324 3408 1378 δούλου
3439 1342 3588 1396 παρ-

2005 1418 2190 1470 ουσίαν
2235 1418 2714 1491 πεπιστεύκαμεν,
2761 1419 2854 1471 καὶ
2882 1416 3063 1470 θεῖκοῦ
3102 1416 3415 1488 Πνεῦματος
3447 1416 3590 1469 ὑπε-

2007 1511 2297 1583 δεξάμεθα,
2344 1512 2410 1565 δι’
2448 1504 2508 1565 οῦ
2558 1512 2653 1564 καὶ
2703 1509 3113 1581 θεοποιούμεθα,
3156 1511 3249 1563 καὶ
3291 1508 3424 1561 Θεοῦ
3467 1508 3596 1562 ναοὶ

2010 1603 2400 1675 καθιστάμεθα.
2454 1603 2639 1656 Ταῦτα
2672 1602 2782 1674 γὰρ
2834 1604 2924 1656 καὶ
2954 1601 3097 1657 οὕτω
3137 1601 3379 1672 βραχέως
3427 1599 3593 1668 λεγόο

2012 1714 2168 1767 μενα,
2202 1695 2366 1749 παντὶ
2415 1693 2725 1767 Χριστιανῷ
2772 1694 3069 1764 κατάδηλα,
3115 1694 3189 1757 ὡς
3234 1693 3331 1763 τὴν
3380 1691 3593 1764 ἀκριϐῆ

326 1791 454 1848 llaec
487 1795 633 1850 enim
659 1793 878 1867 praefert
903 1793 1134 1849 Nieaenae
1163 1793 1356 1865 synodi
1389 1795 1714 1864 rescriptum
1735 1811 1747 1847 :
1765 1792 1906 1848 Con-

2014 1789 2118 1860 (38)
2154 1786 2213 1852 ἐξ
2248 1786 2422 1858 ἀρχῆς
2470 1785 2835 1857 κηρυχθεῖσαν
2883 1784 3138 1856 ἀλήθειαν
3187 1782 3468 1848 σώζουσιν,
3500 1783 3593 1853 ἐφ’

326 1884 737 1943 substantialem
754 1901 875 1941 esse
885 1884 1033 1939 Patri
1048 1885 1265 1951 Filium,
1282 1898 1336 1941 et
1353 1884 1616 1957 Spiritum
1654 1893 1905 1940 sanctum

2014 1875 2044 1954 ᾖ
2077 1880 2403 1951 ἐμμένοντες
2427 1878 2526 1941 ea;
2549 1878 2799 1941 αἰωνίους
2824 1877 3041 1940 ἐλπίδας
3071 1875 3416 1947 ὲκδεχόμεθα.
3440 1874 3596 1946 Σύμ-

327 1973 476 2029 Patri
495 1981 550 2030 et
585 1972 723 2029 Filio
744 1976 1164 2046 conglorilicari.
1185 1974 1354 2033 Deum
1371 1991 1559 2032 verum
1585 1974 1785 2031 Filium
1819 1974 1906 2030 Dei

2014 1973 2162 2026 Βολον
2187 1969 2277 2027 οῦν
2304 1973 2401 2043 τῆς
2422 1972 2656 2035 πίστεως
2688 1974 2719 2042 ἡ
2729 1970 2844 2041 μῶν
2875 1969 3156 2041 όμοούσιος
3187 1972 3218 2039 ἡ
3248 1966 3596 2038 Τριάς,Θεδς

325 2053 696 2133 inearnatum,
723 2077 777 2124 et
810 2084 1028 2140 passum
1059 2085 1203 2134 esse,
1238 2070 1633 2133 resurrexisse,
1654 2070 1709 2123 in
1734 2068 1906 2124 caelos

2014 2068 2125 2138 (39)
2177 2065 2451 2136 ἀληθινὸς,
2499 2067 2565 2119 ὲκ
2605 2065 2821 2136 Μαρίας
2848 2064 3137 2134 γενόμενος
3186 2061 3486 2133 ἄνθρωπος.
3530 2062 3598 2114 ὐ

327 2159 667 2231 ascendisse,
692 2170 981 2216 venturum
1005 2177 1127 2218 esse
1143 2161 1381 2231 judicem
1407 2161 1651 2216 vivorum
1680 2169 1734 2216 et
1763 2176 1906 2214 mor-

2014 2160 2067 2214 se
2101 2158 2175 2231 μὴ
2199 2158 2575 2229 συντιθέμενος
2610 2158 2857 2229 ἀνάθεμα
2880 2156 3039 2211 ἔστω.
3069 2155 3252 2209 Ταῦτα
3273 2155 3381 2227 γάρ
3402 2156 3496 2208 καὶ
3525 2154 3595 2207 τὸ

326 2257 544 2307 tuorum
581 2272 595 2309 :
628 2253 716 2308 cui
743 2252 916 2325 gloria
948 2255 1000 2308 in
1044 2254 1243 2311 saecula
1276 2254 1620 2309 seculorum.
1656 2254 1851 2309 Amen.

2014 2253 2110 2324 τῆς
2152 2253 2390 2323 μεγάλης
2424 2252 2642 2305 συνόδου
2675 2251 2775 2320 τῆς
2804 2254 2862 2303 ὲν
2902 2250 3105 2321 Νικαίᾳ
3139 2249 3371 2320 γράμμα
3404 2247 3598 2318 βούλει-

326 2360 448 2397 ται·
486 2342 802 2415 Ὀμοούσιον
849 2339 985 2398 εἶναι
1058 2343 1136 2416 τῷ
1178 2345 1353 2415 Πατρὶ
1396 2345 1487 2399 τὸν
1536 2346 1696 2398 Υίόνο
1746 2345 1838 2399 καὶ
1880 2345 1940 2398 τὸ
1980 2344 2237 2416 Πνεῦμα,
2288 2343 2368 2414 τῷ
2413 2344 2627 2414 Πατρί,
2676 2344 2769 2396 καὶ
2813 2341 2890 2413 τῷ
2949 2341 3062 2411 Υἱῷ
3118 2338 3531 2404 συνδοξάζεσθαι
3567 2357 3593 2375 ο

326 2432 460 2491 Θιδν
484 2434 737 2507 ἀληθινὸν
773 2435 863 2490 τὸν
892 2436 1019 2490 Υίδν
1064 2435 1158 2490 τοῦ
1191 2436 1326 2490 Θεοῦ
1371 2436 1771 2509 σεσαρκῶσθαι,
1809 2435 2167 2498 πεπονθέναι,
2213 2435 2541 2504 ἀναστῆναι,
2596 2435 2677 2494 εἰς
2726 2432 2984 2504 οὐρανοὺς
3034 2427 3598 2500 ἀνεληλυθέναι,ἧξειν

327 2524 517 2597 κριτὴν
548 2522 769 2589 ζώντων
792 2526 887 2580 καὶ
914 2527 1123 2596 νεκρῶν
1148 2543 1161 2557 ·
1198 2519 1242 2595 ᾧ
1268 2528 1301 2599 ἡ
1334 2526 1459 2594 δόξα
1503 2529 1583 2592 εἰς
1611 2530 1737 2591 τοὺς
1766 2528 1966 2588 αἰῶνας
1995 2527 2102 2579 τῶν
2131 2527 2344 2580 αἰώνων
2376 2526 2510 2595 (ω).
2563 2525 2755 2595 Ἀμήν.

2088 2666 2209 2756 (58)
2241 2683 2331 2738 Sic
2353 2685 2484 2739 edit.
2520 2682 2697 2738 Paris.
2723 2689 2777 2737 et
2795 2682 2973 2756 _l_37asi_l.
2999 2680 3055 2736 ε.
3077 2680 3136 2756 In
3165 2679 3295 2756 edit.
3318 2679 3593 2756 Commel.

404 2680 515 2753 (576)
558 2678 841 2753 Sic7BasiI.
869 2683 923 2747 2,
961 2688 1183 2740 rectius.
1219 2684 1412 2739 Caneri
1443 2694 1497 2738 et
1525 2686 1678 2751 editi,
1714 2685 1910 2753 strip:-

2013 2762 2067 2809 et
2097 2749 2159 2809 in
2181 2749 2418 2825 reliquis
2450 2771 2610 2815 mss.,
2649 2753 2851 2825 ἀκριϐῆ
2906 2753 3077 2808 deest.
3101 2749 3270 2806 Paulo
3295 2760 3440 2822 post,
3472 2750 3599 2808 An-

327 2751 631 2824 νεστέραις.
661 2752 804 2826 Infra
833 2753 997 2809 Basil.
1028 2757 1081 2820 l,
1114 2754 1632 2826 προκατισχημένοι.
1667 2751 1908 2825 Anglic,

330 2824 865 2895 apaugtqaxqpévm.
912 2894 917 2895 7
1159 2824 1170 2826 “
1316 2894 1321 2895 7
1392 2824 1395 2825 ⁷
1446 2824 1471 2825 ”
1508 2894 1513 2895 7
1568 2894 1583 2895 77
1714 2894 1719 2895 7
1762 2824 1771 2825 “
2013 2826 2166 2895 glic..
2194 2825 2289 2878 καὶ
2315 2825 2416 2889 τὰς
2441 2825 2711 2888 αἰωνίους.

402 2892 514 2961 (57)
555 2891 711 2965 Baio,
748 2897 841 2950 καὶ
870 2894 1011 2965 οὐχί,
1053 2910 1228 2964 usque
1262 2894 1351 2959 ad,
1374 2894 1771 2965 ὑπεδεξάμεθα
1805 2910 1906 2965 7se-

2017 2891 2039 2895 “
2085 2896 2195 2965 (39)
2236 2897 2591 2965 Anglicanus,
2621 2897 2651 2947 ό
2675 2895 2826 2959 Θεος.

402 2896 514 2961 (57)
556 2896 701 2958 Haec,
748 2897 841 2950 καὶ
870 2896 1011 2965 οὐχί,
1053 2910 1228 2964 usque
1262 2896 1351 2959 ad,
1393 2896 1771 2964 ὑπεδεξάμεθα
1817 2910 1909 2948 se-
2085 2896 2174 2962 (39
2236 2897 2591 2965 Anglicanus,
2621 2896 2826 2959 όΘεος.

329 2977 538 3036 quens,
562 2962 951 3036 desiderantur
983 2967 1039 3036 in
1069 2965 1254 3031 editis,
1292 2964 1388 3022 sed
1415 2966 1691 3020 habentur
1718 2965 1772 3020 in
1802 2964 1910 3019 Ba-
2062 2896 2197 3036 (to;
2238 2968 2328 3036 Sic
2360 2966 2680 3036 Basiliensis
2715 2964 3011 3021 secundus.
3061 2966 3123 3019 ln
3175 2964 3388 3020 caeteris
3433 2969 3488 3018 et
3533 2962 3598 3021 in

332 3032 543 3093 siliensi
583 3035 759 3106 primo
792 3045 847 3091 et
877 3035 1200 3108 Anglicano.
2012 3032 2186 3091 editis
2208 3034 2317 3090 τῶν
2346 3035 2557 3090 αἰώνων
2591 3038 2766 3092 deest.

337 3228 3572 3258 Μ

765 3385 1241 3450 ADMONITIO
1278 3389 1359 3450 IN
1396 3389 2037 3452 REFUTATIONEM
2074 3387 2553 3450 HYPOCRISIS
2590 3386 2947 3460 MELETII,
2983 3386 3155 3447 ETC.

407 3573 471 3625 ιιι
502 3554 709 3615 Nannii
738 3557 1171 3627 interpretatione
1197 3559 1491 3615 titulus~sic
1516 3560 1693 3625 habet,
1730 3558 2007 3615 Refutatio
2033 3568 2225 3615 contra
2266 3557 2581 3628 hypocrisin
2616 3555 2833 3622 Meletii,
2862 3555 3082 3612 Eusebii
3112 3563 3168 3611 et
3193 3554 3347 3610 Pauli
3406 3552 3604 3611 Sarno-

330 3649 601 3719 salensis;
656 3651 899 3705 vitiatum
929 3654 1115 3723 quippe
1142 3655 1371 3710 codicem
1403 3655 1753 3726 Anglicanam
1785 3665 1995 3709 secutus
2023 3654 2114 3709 ille
2140 3663 2219 3708 est
2246 3669 2264 3707 :
2300 3653 2550 3707 nimirum
2573 3693 2588 3717 ,
2614 3652 2768 3721 lapsu
2800 3649 3077 3720 cujusdam
3113 3651 3386 3711 scriptoris
3420 3650 3606 3719 primo

329 3747 560 3814 positum
608 3754 707 3811 est,
756 3746 851 3799 καὶ
896 3743 1176 3816 Εὑσέὁιον,
1209 3750 1302 3803 καὶ
1333 3748 1423 3801 τὸν
1452 3748 1794 3819 Σαμοσατέα,
1830 3757 1884 3801 ιιι

2020 3756 2106 3799 tur
2132 3747 2188 3799 in
2226 3743 2582 3815 superioribus
2643 3742 2807 3798 editis
2841 3761 2860 3799 :
2896 3749 3015 3804 hinc
3048 3750 3188 3804 alius
3234 3750 3605 3816 amanuensis,

330 3838 484 3892 illum
517 3835 943 3893 Samosatensem
976 3847 1128 3893 ratus
1157 3854 1270 3893 esse
1298 3837 1532 3891 Paulum
1561 3838 1906 3894 Ineresiarcho

2028 3848 2215 3891 temere
2238 3836 2483 3900 inseruit,
2506 3836 2603 3889 καὶ
2635 3837 2845 3892 Παῦλον
2875 3841 2965 3893 τὸν
2999 3841 3336 3913 Σαμοσατέα,
3354 3851 3411 3894 ιιι
3442 3841 3603 3895 liabe-

332 3940 420 3983 tur
450 3930 503 3983 in
534 3928 827 4000 Anglicano
870 3927 1063 3982 codice.
1095 3930 1164 3982 At
1205 3928 1479 4000 legendum
1511 3944 1623 3983 esse
1664 3929 1771 3982 τῶν
1812 3946 1906 3999 περ

2014 3926 2229 3980 [ελὲτιον
2256 3925 2352 3979 καὶ
2387 3926 2647 3980 Εὐσέϐιον
2675 3929 2765 3981 τὸν
2798 3931 3136 4002 Σαμοσατέα,
3166 3950 3279 3987 cum
3312 3948 3377 3987 ea:
3403 3948 3605 3986 manu-

332 4021 542 4088 scriptis
573 4020 682 4090 fere
710 4019 982 4082 'omnibus,
1016 4029 1127 4073 tum
1151 4032 1216 4072 ea:
1251 4026 1394 4071 recta
1423 4017 1662 4071 historia:
1688 4019 1822 4071 serie
1848 4025 2077 4070 constat.
2105 4014 2266 4083 Carpi
2285 4016 2424 4068 enim
2440 4015 2537 4069 Itoc
2563 4015 2677 4069 loco
2702 4015 2922 4084 Meletii,
2950 4020 3163 4075 Eusebii
3183 4021 3606 4083 Samosatensis,

333 4124 741 4184 cwtcrorumque
788 4113 1080 4169 Antiochia:
1127 4121 1428 4166 coactorum
1468 4113 1827 4180 episcoporum
1859 4111 2137 4175 epistolam
2182 4112 2251 4164 ad
2282 4109 2570 4165 Iovianum
2600 4112 2970 4180 imperatorem
3009 4130 3146 4166 anno
3196 4112 3301 4168 565
3344 4114 3606 4174 scriptam

336 4205 475 4259 nulli
502 4207 808 4278 ambiguum
835 4209 959 4274 erit,
989 4226 1105 4263 eam
1131 4210 1413 4279 epistolam
1447 4210 1588 4278 apud
1625 4210 1897 4264 Socratem
1928 4209 2229 4279 inspicienti
2260 4224 2279 4263 :
2312 4210 2465 4279 cujus
2494 4221 2698 4280 partem
2732 4210 2815 4264 hic
2846 4227 3107 4281 apponere
3136 4212 3316 4266 visum'
3331 4219 3409 4265 est
3434 4226 3452 4264 :
3486 4212 3607 4281 Τῆς

334 4295 494 4364 ἁγίας
520 4299 741 4354 συνόδου
765 4301 861 4372 τῆς
898 4303 957 4353 ὲν
996 4301 1202 4372 Νικαίᾳ
1232 4301 1397 4355 πάλαι
1431 4300 1895 4373 συγκροτηθείσης
1931 4300 2028 4371 τὴν
2062 4300 2244 4353 πίστιν
2271 4301 2365 4355 καὶ
2398 4301 2771 4372 ἀποδεχόμεθα
2807 4303 2900 4355 καὶ
2934 4303 3234 4372 κατέχομεν
3258 4319 3272 4331 ·
3311 4302 3469 4355 ὁπότε
3504 4302 3607 4356 ita."

331 4387 395 4441 τὺ
424 4389 611 4444 δοκοῦν
636 4393 695 4445 ὲν
719 4391 855 4463 αὐτῇ
881 4390 1028 4457 ξένον
1049 4408 1189 4445 τισιν
1215 4392 1402 4461 ὄνομα,
1427 4394 1488 4445 τὺ
1508 4391 1602 4445 τοῦ
1629 4394 1956 4461 όμυουσίου
1986 4390 2186 4462 φαμὲν,
2217 4390 2492 4460 ἀσφαλοῦς
2513 4392 2774 4463 τετύχηκε
2809 4394 2959 4466 παρὰ
2987 4398 3098 4457 τοῖς
3125 4394 3395 4467 πατράσιν
3427 4395 3611 4467 ἑρμη-

334 4478 502 4541 νείας,
547 4482 935 4551 σημαινούσης,
971 4482 1053 4535 ὅτι
1084 4482 1149 4534 ἐκ
1180 4482 1278 4552 τῆς
1311 4481 1498 4545 οὐσίας
1527 4480 1621 4533 τοῦ
1655 4481 1868 4554 Πατρδς
1898 4483 1927 4534 ὁ
1982 4480 2107 4545 Υὲὺς
2141 4480 2424 4551 ἐγεννήθη,
2451 4483 2545 4535 καὶ
2573 4482 2655 4535 ὃτι
2682 4483 2865 4553 ὅμοιος
2904 4488 3024 4539 κατ’
3052 4486 3240 4540 οὐσίαν
3282 4485 3361 4557 τῷ
3391 4486 3607 4558 Πατρί’

333 4567 456 4624 οὔτε
487 4571 545 4626 δὲ
573 4572 649 4635 ὡς
670 4571 877 4635 πάθους
912 4575 1056 4637 τινὸς
1084 4573 1212 4646 περὶ
1241 4575 1340 4644 τὴν
1373 4575 1611 4645 ἄρρητον
1634 4574 1887 4645 γέννησιν
1912 4573 2314 4642 ὲπινοουμένου,
2344 4573 2465 4626 οὗτε
2491 4575 2631 4628 κατά
2656 4592 2776 4629 τινα
2808 4578 3000 4649 χρῆσιν
3040 4578 3359 4653 Ἑλληνικὴν
3382 4580 3609 4651 λαμδά-

334 4679 483 4717 νεται
509 4667 622 4729 τοῖς
649 4666 901 4737 ’πατράσι
929 4666 991 4720 τὸ
1036 4668 1206 4737 ὄνομα
1252 4668 1349 4737 τῆς
1396 4666 1607 4730 οὐσίας.
1643 4668 1723 4729 εἰς
1772 4666 2081 4738 ἀνατροπὴν
2132 4666 2186 4718 δὲ
2217 4666 2333 4729 τοῦ,
2372 4665 2475 4730 Ἐξ
2514 4669 2623 4720 οὐκ
2653 4668 2845 4735 ὄντος.
2888 4690 2908 4723 t
2936 4672 3151 4729 Sancta:
3185 4675 3376 4746 synodi
3406 4674 3611 4730 Nicaea

335 4761 542 4819 coacta:
585 4752 745 4809 ﬁdem
779 4756 1122 4815 admittimus
1145 4761 1575 4830 retinemusque.
1617 4758 1679 4811 Si
1708 4757 1927 4827 quidem
1958 4772 2153 4811 nomen
2187 4758 2655 4812 consubstantialis
2706 4759 2781 4814 ibi
2816 4760 3135 4833 admissum,
3171 4765 3318 4837 quod
3356 4766 3613 4824 insolens

335 4850 662 4923 quibusdam
708 4851 886 4909 visum
918 4863 1037 4916 'est.
1074 4866 1235 4911 cauta
1288 4855 1741 4927 interpretatione
1787 4870 1817 4909 a
1850 4853 2106 4909 Patribus
2139 4862 2224 4908 est
2246 4855 2608 4922 explicatum;
2652 4855 2723 4909 ita
2755 4863 2815 4910 ut
2846 4842 3136 4927 signiticet,
3160 4875 3229 4914 ex
3251 4858 3430 4914 Patris
3458 4859 3609 4913 sub-

336 4948 535 5003 stantia
578 4946 775 5001 Filiuin
816 4964 941 5006 esse
970 4952 1236 5022 genitum,
1257 4968 1491 5021 eumque
1516 4951 1824 5007 substantia
1856 4949 2036 5003 Patris
2063 4964 2185 5004 esse
2220 4949 2453 5003 similem
2489 4967 2502 5002 :
2538 4965 2648 5003 non
2679 4949 2837 5021 quasi
2863 4953 3047 5021 passio
3075 4956 3321 5022 quaedam
3352 4953 3408 5006 in
3436 4967 3614 5023 gene-

335 5044 548 5099 ratione
577 5045 669 5098 illa
703 5045 963 5101 ineii'abili
1012 5049 1367 5122 intelligatur,
1400 5066 1579 5120 neque
1610 5065 1711 5105 usu
1734 5048 1970 5105 ouodam
2000 5046 2173 5101 Graeci
2201 5045 2472 5101 sermonis
2499 5047 2819 5103 substantiae
2847 5060 3046 5102 nomen
3081 5061 3110 5099 a
3141 5044 3397 5101 Patribus
3443 5062 3616 5101 usur-

334 5145 528 5206 patur;
564 5136 660 5191 sed
685 5137 753 5191 ad
779 5138 1194 5195 subversionem
1228 5141 1372 5196 illius
1407 5140 1561 5203 dicti,
1598 5139 1681 5193 Ea:
1703 5156 1805 5193 non
1834 5138 2183 5192 exstantibus.
2223 5156 2243 5189 ‹
2270 5137 2399 5190 Ηαιο
2439 5153 2666 5192 maxime
2688 5139 2861 5201 verba,
2889 5139 3167 5193 Catholica
3188 5155 3334 5203 sane,
3361 5147 3419 5191 ut
3448 5156 3610 5195 nemo

333 5238 419 5285 eat
446 5228 678 5298 inﬁcias,
726 5230 795 5282 ad
825 5243 1122 5299 suspectum
1168 5242 1216 5286 et
1246 5250 1465 5303 pravum
1514 5249 1724 5287 sensum
1752 5232 2059 5302 detorquere
2091 5232 2442 5303 nequidquam
2468 5243 2696 5288 conatur
2718 5235 2944 5305 scriptor
2974 5236 3090 5290 iste.
3121 5236 3254 5302 Qum
3276 5252 3405 5289 sane
3432 5251 3614 5293 causa

336 5315 435 5383 fuit
490 5324 547 5368 ut
599 5333 633 5370 a
676 5317 846 5371 doctis
869 5319 993 5372 viris
1025 5318 1255 5374 Paulino
1283 5331 1393 5374 tum
1452 5321 2059 5386 Ecclesiw‘Antioc/teme
2088 5331 2293 5390 partem
2334 5323 2632 5389 occupanti,
2674 5334 2766 5377 aut
2799 5324 3010 5378 cuidam
3049 5341 3116 5379 ex
3147 5326 3459 5396 sequacibus
3481 5326 3611 5395 ejus

335 5410 658 5465 ascribatur.
695 5411 849 5479 Quod
880 5415 985 5468 veri
1023 5415 1157 5468 satis
1188 5416 1364 5470 simile
1405 5427 1504 5479 est,
1528 5433 1649 5470 cum
1679 5427 1880 5472 certum
1908 5417 2045 5470 alios
2078 5417 2147 5471 sit
2178 5415 2529 5472 Paulinianos
2561 5418 2677 5473 ideo
2703 5437 2736 5473 a
2767 5419 2965 5476 Meletii
2995 5422 3361 5476 communione
3386 5410 3611 5479 avulso:

334 5517 468 5569 esse,
503 5502 643 5573 quod
671 5504 784 5574 ejus
817 5514 1113 5573 suspectam
1147 5506 1395 5562 haberent
1423 5509 1606 5580 ﬁdem.

406 5619 471 5677 ll.
518 5622 772 5694 Quisquis
805 5633 983 5677 tamen
1019 5626 1089 5679 sit
1114 5625 1273 5700 hujus
1307 5630 1548 5698 opusculi
1578 5638 1789 5693 auctor,
1823 5628 2027 5682 videtur
2060 5644 2162 5681 non
2192 5643 2306 5682 esse
2331 5627 2698 5691 Athanasius;
2735 5628 2991 5698 siquidem
3021 5628 3155 5681 hanc
3184 5629 3273 5682 ille
3303 5627 3612 5682 doctrinam

336 5717 527 5787 probat
560 5721 615 5773 in
646 5718 781 5774 libro
814 5719 889 5775 De
917 5719 1164 5791 synodis,
1199 5736 1345 5774 nunt.
1373 5720 1465 5781 M,
1495 5719 1581 5772 ubi
1608 5719 1750 5775 clare
1781 5720 1954 5774 innuit
1985 5735 2156 5773 vocem.
2173 5718 2509 5789 ὁμοιοούσιον
2528 5720 2706 5790 (quam
2738 5720 3011 5789 impugnat
3041 5718 3197 5786 hujus
3223 5716 3466 5783 opusculi
3493 5715 3609 5769 edi-

341 5808 445 5881 tor)
474 5810 617 5877 piant
651 5825 784 5891 esse,
816 5826 907 5864 nec
933 5820 1111 5865 tamen
1132 5811 1365 5897 sttﬂicere
1397 5811 1464 5865 ad
1494 5810 1696 5868 Christi
1735 5812 2126 5880 generationem
2155 5812 2571 5886 explanandam,
2598 5820 2914 5883 quapropter
2943 5809 3241 5866 addendam
3274 5824 3386 5865 esse
3427 5823 3608 5876 uocem
