3890 6186
313 272 381 328 87
1512 275 1570 331 S.
1612 274 2071 332 ATHANASIUS.
2113 307 2182 318 -—-
2219 275 2447 333 DUBIA.
3507 278 3579 331 88

316 385 419 441 Ubi
447 399 611 456 porro
635 383 824 440 eadem
858 384 976 454 ipsa
1000 391 1085 440 est
1111 383 1446 449 substantia,
1475 385 1550 442 ibi
1583 388 1893 443 substantia

2003 362 2169 453 οὕτως
2193 388 2324 459 (47),
2348 391 2377 443 6
2404 388 2462 441 δέ
2493 386 2694 459 Κύριος
2716 387 2745 441 6
2772 385 2933 450 αὐτὸς
2960 386 3047 441 ἀεί
3068 403 3079 414 '
3112 388 3207 441 καὶ
3235 388 3294 440 οὐ
3326 390 3450 441 ποτὲ
3479 391 3583 454 μὲν

316 494 425 532 non
458 476 695 547 proiicit,
724 492 827 532 nec
875 476 1117 531 admittit
1171 476 1372 547 majus,
1410 478 1494 532 vel
1546 479 1751 542 minus.
1800 480 1895 537 sed

317 561 554 616 hominis
585 561 719 616 illud
745 568 829 617 est
859 577 877 615 :
917 567 973 614 at
1027 559 1295 615 Dominus
1339 561 1482 616 idem
1515 578 1733 633 semper
1781 566 1897 633 ipse

314 660 422 715 est,
446 668 549 708 nec
581 653 744 709 modo
775 653 975 716 minor,
1013 652 1175 707 modo
1227 652 1425 722 major,
1480 661 1670 724 utpote
1706 654 1847 711 Deus
1880 673 1894 708 :

321 758 340 790 ι
378 739 564 807 Jesus,
594 761 613 794 ι
663 742 863 812 inquit,
903 762 923 794 ι
961 742 1078 797 heri
1117 751 1171 797 et
1224 743 1404 810 hodie,
1440 743 1559 815 ipse
1584 751 1640 799 et
1697 746 1753 800 in
1796 762 1899 801 sa:-

317 832 443 887 cula
468 835 506 886 ¹.
551 852 570 884 ι
602 832 706 898 Qui
736 834 902 904 igitur
936 832 1070 887 illud
1108 831 1246 887 Filio
1282 832 1500 897 adimit,
1537 834 1683 904 quod
1708 834 1777 889 sit
1804 835 1899 889 Pa-

318 924 387 978 tri
420 923 935 998 consubstantialis,
959 924 1307 992 similemque
1356 924 1536 995 ipsum
1596 925 1693 991 ait,
1728 924 1894 979 Deum

319 1016 474 1070 illum
510 1030 634 1071 esse
659 1023 837 1087 negat.
876 1014 1271 1088 Similiterque,
1304 1018 1399 1088 qui
1429 1020 1899 1075 consubstantiale

318 1108 528 1175 deﬁnit,
559 1118 620 1165 ut
662 1113 970 1165 substantia
1004 1112 1204 1175 simile,
1247 1112 1295 1167 is
1322 1113 1549 1166 alteram
1599 1112 1720 1183 ejus
1768 1114 1899 1168 sub-

319 1200 579 1254 stantiam
617 1198 845 1264 inducit,
882 1198 1101 1270 Deoque
1136 1200 1369 1257 similem
1402 1200 1622 1256 factam.
1656 1200 1776 1256 Non
1796 1202 1901 1255 ita-

318 1306 427 1362 que
475 1291 566 1347 ille
605 1299 1006 1363 consequenter
1051 1293 1128 1347 ait
1175 1309 1301 1349 eum
1326 1309 1450 1350 esse
1491 1308 1558 1349 ex
1595 1293 1899 1349 substantia

320 1381 517 1445 Patris,
549 1396 675 1436 cum
697 1382 1220 1439 consubstantialem
1243 1399 1355 1440 non
1376 1386 1607 1454 sentiat;
1638 1385 1901 1456 quemad-

320 1473 543 1529 modum
578 1480 663 1530 est
690 1473 855 1528 homo
888 1474 1073 1544 qui‘ex
1107 1477 1347 1534 hominis
1375 1478 1685 1533 substantia
1724 1478 1902 1550 gigni-

322 1573 435 1623 tur.
468 1566 626 1632 Quod
660 1567 707 1623 si
741 1565 914 1622 Filius
941 1584 1007 1623 e1
1040 1567 1152 1623 Deo
1177 1585 1290 1625 non
1320 1578 1405 1627 est
1438 1570 1738 1627 secundum
1771 1572 1904 1628 suli-

324 1659 607 1726 stantiam,
639 1661 1102 1730 quemadmodum
1125 1662 1288 1717 homo
1308 1678 1376 1717 ex
1403 1662 1644 1729 homine,
1686 1664 1782 1719 sed
1827 1663 1904 1721 si-

318 1749 629 1806 militudine
654 1752 914 1822 quadam,
946 1762 1005 1808 ut
1031 1762 1214 1809 statua
1249 1755 1457 1810 homini
1488 1765 1570 1811 est
1594 1756 1812 1820 similis,
1844 1765 1898 1811 et
1929 1749 1971 1805 Β

317 1849 381 1897 ut
405 1841 570 1897 homo
597 1841 747 1911 Deo;
780 1846 958 1913 palam
1002 1854 1152 1901 certe
1213 1855 1298 1902 est
1345 1862 1471 1902 eum
1503 1848 1595 1918 qui
1641 1848 1721 1904 sic
1771 1863 1899 1904 sen-

318 1934 443 2000 tiat,
498 1936 1027 1991 consubstantialem
1079 1938 1308 1994 minime
1353 1939 1560 1995 sentire
1597 1954 1610 1991 :
1646 1954 1754 1995 non
1783 1941 1899 1994 vult

318 2029 519 2100 quippe
543 2028 635 2083 ille
666 2030 1141 2086 consubstantiale
1174 2047 1274 2103 pro
1308 2047 1460 2088 more
1475 2042 1530 2089 et
1563 2034 1896 2104 usu'accipi,

320 2119 389 2177 de
428 2135 537 2176 una
578 2120 787 2177 scilicet
811 2131 867 2177 et
910 2123 1097 2179 eadem
1136 2125 1468 2191 substantia,
1499 2125 1595 2181 sed
1645 2133 1706 2180 ut
1758 2128 1900 2179 mala

322 2214 399 2268 uti
433 2222 609 2285 possnt
661 2215 1130 2285 interpretatione,
1178 2215 1428 2272 Graecam
1467 2232 1659 2273 vocem
1698 2224 1898 2288 praeter

322 2306 776 2363 consuetudinem
834 2317 1063 2378 usurpat
1114 2308 1432 2381 ὁμοούσιον,
1480 2325 1707 2381 nempe,
1775 2325 1899 2382 quae

324 2416 433 2455 non
464 2414 568 2471 pro
593 2400 698 2455 alia
747 2415 809 2455 re
854 2401 1000 2472 apud
1065 2400 1285 2459 Graecos
1334 2405 1611 2467 usuvenit,
1635 2417 1797 2474 quam
1830 2403 1899 2458 ad

321 2491 570 2547 eamdem
600 2498 855 2547 naturam
901 2492 1311 2552 declarandam.
1356 2510 1519 2565 quam
1567 2495 1898 2550 credendum

319 2592 407 2640 est
434 2599 560 2639 esse
589 2584 646 2638 in
688 2582 876 2649 Patre,
915 2593 970 2641 et
1003 2583 1163 2651 Filio,
1192 2594 1246 2641 et
1304 2587 1512 2657 Spiritu
1542 2595 1754 2642 sancto.
1782 2586 1896 2651 Ille,

321 2674 567 2746 inquam,
604 2690 712 2731 una
752 2677 1378 2733 consubstantialitatem
1422 2680 1639 2743 evertit,
1683 2694 1900 2734 vocem-

321 2782 429 2837 que
448 2768 771 2824 substantiaa
822 2770 1011 2840 spurie
1046 2778 1295 2840 usurpat,
1329 2768 1458 2824 dum
1513 2786 1633 2825 eam
1687 2771 1899 2840 cogitat

318 2875 444 2916 esse
467 2875 626 2932 opus,
657 2875 768 2916 non
790 2877 922 2917 vero
948 2862 1136 2919 fetum.
1191 2862 1423 2934 Ideoque
1466 2877 1653 2918 vocem
1705 2864 1902 2932 impas-

320 2950 566 3014 sibiliter,
587 2953 782 3009 callide
807 2954 1030 3025 adjicit;
1063 2970 1172 3010 non
1195 2965 1255 3010 ut
1279 2956 1551 3025 passionis
1570 2956 1899 3010 calumniam

320 3046 429 3118 25
467 3046 782 3116 dimoveat;
814 3049 939 3119 quis
966 3049 1112 3103 enim
1135 3048 1306 3103 Deum
1330 3049 1667 3119 passibilem,
1703 3049 1785 3104 vel
1816 3047 1899 3102 di-

320 3150 447 3194 cere
478 3139 665 3196 ausit?
695 3139 791 3196 sed
822 3147 881 3194 ut
915 3139 1118 3195 factum
1141 3157 1208 3195 ex
1255 3139 1365 3195 Deo
1398 3139 1571 3203 dicat,
1607 3156 1708 3194 nec
1743 3140 1894 3209 geni-
1926 3121 1971 3180 ε

319 3236 439 3285 tum
464 3245 532 3286 ex
562 3229 676 3286 Deo
708 3232 1052 3303 processisse
1100 3231 1337 3286 fateatur
1372 3232 1567 3302 :quasi
1618 3233 1898 3302 processio

320 3322 636 3393 hujusmodi
660 3324 1005 3396 passioni’sit
1028 3325 1285 3391 obnoxia,
1325 3326 1783 3397 quemadmodum
1814 3325 1900 3380 di-

320 3426 447 3467 cere
473 3412 650 3469 solent
678 3414 772 3484 qui
825 3415 1234 3485 processiouem
1272 3431 1341 3471 ex
1386 3416 1695 3471 substantia
1739 3414 1898 3486 quasi

320 3504 635 3576 passionem
678 3518 946 3577 respuunt
979 3522 994 3559 :
1025 3523 1189 3579 quam
1241 3523 1372 3564 vero
1433 3515 1630 3562 vocant
1662 3524 1727 3562 ex
1767 3507 1900 3562 sub-

323 3595 524 3651 stantia
555 3595 846 3662 iacturam,
880 3599 1038 3669 quasi
1065 3599 1325 3669 passione
1357 3599 1584 3654 liberam
1628 3614 1901 3653 commen-

321 3686 474 3743 dant.
498 3686 824 3761 Quanquam
849 3689 1060 3746 factura
1097 3693 1238 3761 ipsa,
1271 3692 1317 3747 si
1346 3691 1588 3746 humano
1636 3706 1786 3745 more
1814 3690 1899 3745 in-

320 3780 620 3852 telligatur,
660 3788 715 3837 et
738 3788 945 3838 motum
977 3783 1194 3847 habeat,
1225 3791 1281 3839 et
1308 3798 1376 3838 ex
1422 3791 1571 3837 motu
1599 3783 1840 3838 laborem
1881 3798 1893 3832 :

319 3887 444 3944 quae
466 3887 601 3929 sane
629 3872 697 3929 ab
721 3874 917 3946 opiﬁce
947 3874 1055 3931 Deo
1080 3876 1257 3930 aliena
1290 3884 1439 3932 sunt.
1465 3877 1718 3931 Attamen
1771 3874 1898 3929 licet

319 3980 421 4039 per
439 3965 755 4037 hujusmodi
812 3968 1275 4038 explanationem,
1320 3969 1725 4040 processionem
1775 3966 1897 4023 Filii

319 4057 482 4128 quasi
515 4057 918 4127 generationem
964 4058 1356 4129 impassibilem
1414 4059 1741 4132 intelligant,
1776 4058 1900 4129 Spi-

319 4148 486 4204 ritum
550 4164 683 4205 saue
742 4163 772 4203 a
820 4147 980 4205 Patre
1021 4161 1074 4206 et
1132 4149 1272 4206 Filio
1316 4153 1552 4206 alienum
1601 4161 1895 4208 statuunt:

320 4238 761 4311 quandoquidem
790 4256 901 4297 non
929 4243 1267 4314 generationi
1310 4244 1506 4299 similis
1531 4243 1651 4314 ejus
1677 4258 1898 4314 proces-

321 4334 551 4415 sio‘est,
606 4335 698 4390 sed
761 4336 1069 4405 spirationi,
1115 4337 1374 4392 nimirum
1417 4337 1490 4393 ob
1529 4336 1895 4408 participandi

323 4425 569 4490 modum,
595 4426 755 4496 quasi
782 4427 992 4483 scilicet
1015 4428 1194 4484 eiilatu
1222 4430 1459 4500 quodam
1507 4446 1575 4485 ex
1632 4445 1727 4485 ore
1769 4445 1895 4500 pro-

1996 478 2198 549 ἧττων,
2238 479 2368 533 ποτέ
2411 478 2469 532 δὲ
2504 479 2727 550 μείζων,
2753 478 2830 542 ὼς
2855 478 2987 543 Θεὸς
3012 494 3026 508 ·
3067 497 3086 529 ι
3130 477 3356 548 Ἰησοῦς,
3388 480 3578 549 φησὶν,

1998 571 2124 641 χθὲς
2165 574 2259 625 καὶ
2295 573 2531 643 σήμερον
2556 573 2586 626 6
2615 571 2776 636 αὐτὸς
2804 571 2896 625 καὶ
2920 573 3001 636 εἰς
3034 571 3159 634 τοὺς
3192 569 3413 634 αἰῶνας.
3453 591 3472 623 ι
3516 572 3582 625 '0

1996 663 2177 717 τοίνυν
2213 664 2471 737 ἀναιρῶν,
2501 663 2562 717 τὸ
2596 660 2733 718 εῖναι
2771 663 2862 718 τὸν
2903 664 3027 718 Υἱδν
3056 664 3339 736 ὁμοούσιον
3366 664 3444 734 τῷ
3468 665 3585 718 Πα-

1997 756 2109 828 τρὶ,
2138 756 2312 826 λέγων
2344 756 2401 810 δέ
2428 758 2635 828 ὅμοιον,
2664 757 2881 828 ἀναιρεῖ
2917 756 2977 810 τὸ
3017 752 3154 810 εἶναι
3190 756 3340 810 Θεόν.
3385 755 3581 810 Ὡσαύ-

1998 868 2107 915 τως
2138 850 2196 905 δέ
2238 852 2333 905 καὶ
2366 851 2395 904 6
2439 849 2804 921 ἐξηγούμενος
2841 849 2903 903 τδ
2943 848 3246 921 δμοούσιον,
3285 848 3361 912 ὡς
3394 850 3581 920 ὅμοιον

1997 946 2065 1017 τῇ
2094 944 2269 1016 οὐσίᾳ,
2298 943 2492 1015 ἑτέραν
2529 942 2627 1015 τὴν
2655 941 2842 996 οὐσίαν
2868 941 3033 1011 λέγει,
3069 940 3188 1011 Θεῴ
3219 940 3275 993 δέ
3307 938 3581 1011 ὀμοιωμέ-

1998 1054 2116 1108 νην.
2151 1037 2225 1090 Οὐ
2259 1036 2439 1090 τοίνυν
2460 1035 2581 1088 οὐδὲ
2609 1035 2669 1088 τὸ
2699 1036 2762 1089 ἐκ
2807 1035 2905 1106 τῆς
2942 1033 3126 1097 οὐσίας
3175 1028 3312 1085 εἶναι
3345 1031 3580 1103 πρεπόν-

1999 1145 2109 1191 τως
2150 1127 2321 1197 λέγει,
2364 1127 2437 1199 μὴ
2483 1127 2697 1199 φρονῶν
2735 1125 3039 1197 ὁμοούσιον,
3086 1124 3160 1187 ὡς
3198 1122 3481 1195 ἄνθρωπος
3514 1123 3582 1175 ἐκ

1999 1220 2098 1290 τῆς
2124 1217 2409 1291 ἀνθρώπου
2443 1219 2654 1282 οὐσίας.
2685 1218 2748 1270 Ei
2772 1217 2828 1270 δὲ
2864 1216 2958 1287 μὴ,
2992 1216 3068 1281 ὡς
3094 1214 3378 1286 ἄνθρωπος
3406 1212 3463 1278 ἐξ
3487 1214 3581 1267 άν-

2002 1305 2219 1378 θρώπου
2267 1309 2387 1360 κατ’
2432 1306 2641 1370 οὐσίαν,
2676 1306 2739 1358 ἐκ
2788 1304 2923 1359 Θεοῦ
2970 1307 2998 1357 6
3041 1304 3188 1368 Υἱὸς,
3238 1303 3355 1358 ἀλλ’
3402 1304 3478 1367 ὡς
3522 1305 3583 1356 ἐν

2000 1396 2327 1469 ὁμοιώματι,
2355 1398 2606 1470 καθάπερ
2633 1397 2854 1470 ἀνδριὰς
2888 1396 3182 1469 ἀνθρώπῳ,
3206 1395 3239 1468 ἢ
3265 1395 3339 1459 ῶς
3366 1394 3582 1467 ἄνθρωο

2004 1508 2104 1555 πος
2137 1490 2288 1562 Θεῷ·
2320 1490 2480 1561 δῆλός
2509 1493 2657 1544 ἐστιν
2691 1492 2720 1544 6
2749 1489 2988 1553 τοιοῦτος
3020 1487 3303 1561 ὁμοούσιον
3336 1487 3442 1559 (48)
3479 1486 3584 1558 μὲν

2003 1583 2197 1653 λέγων,
2232 1584 2516 1656 ὁμοούσιον
2560 1583 2617 1637 δὲ
2664 1583 2725 1637 οὐ
2755 1582 2998 1654 φρονῶν·
3040 1582 3102 1635 οὐ
3143 1581 3251 1653 γάρ
3296 1579 3438 1634 κατά
3480 1579 3585 1649 τὴν

2007 1677 2294 1748 συνήθειαν
2343 1674 2589 1746 βούλεται
2640 1674 2699 1728 τὸ
2746 1674 3030 1746 ὁμοούσιον
3077 1672 3386 1734 ἀκούεσθαι,
3440 1673 3583 1743 ὅπερ

2000 1768 2167 1826 ἐστὶν,
2186 1767 2277 1819 ἐπὶ
2308 1768 2436 1837 μιᾶς
2461 1765 2569 1836 (49)
2594 1764 2690 1819 καὶ
2718 1764 2817 1834 τῆς
2841 1764 3011 1835 αὐτῆς
3038 1763 3245 1826 οὐσίας,
3269 1761 3404 1815 ἀλλὰ
3428 1761 3583 1832 παρὰ

2000 1859 2100 1929 τὴν
2123 1856 2409 1929 συνήθειαν
2428 1874 2442 1886 ·
2475 1855 2570 1909 καὶ
2595 1857 2683 1909 ἵνα
2714 1855 2971 1927 διαϐάλλῃ
3001 1856 3225 1926 ταύτην,
3264 1855 3584 1927 Ἑλληνικὴν

2003 1947 2159 2017 ῥῆσιν
2191 1946 2492 2017 εἰρηκέναι,
2521 1943 2584 1997 τὸ
2615 1942 2899 2015 ὁμοούσιον
2933 1944 3086 2015 ῥῆμα
3110 1942 3204 1996 τοῦ
3237 1943 3294 1995 ἐν
3324 1941 3584 2011 Ἕλλησιν

2001 2037 2155 2101 ἔθους
2182 2037 2268 2091 ἐπ’
2295 2036 2470 2089 οὐδενὶ
2498 2036 2669 2107 ἑτέρῳ
2698 2035 2971 2106 κείμενον,
3001 2035 3035 2105 ἥ
3060 2034 3153 2087 ἐπὶ
3180 2033 3258 2105 τῷ
3286 2033 3383 2105 τὴν
3409 2034 3585 2103 αὐτὴν

2003 2129 2164 2200 φύσιν
2196 2128 2578 2202 παραστῆσαι·
2615 2128 2752 2197 ὅπερ
2780 2127 2860 2180 δεῖ
2892 2126 3178 2179 πιστεῦσαι
3206 2126 3299 2179 ἐπὶ
3343 2124 3583 2196 Πατρδς,

2002 2223 2100 2275 καὶ
2143 2220 2297 2285 Υίοῦ,
2344 2221 2438 2274 καὶ
2482 2219 2637 2288 ἁγίου
2693 2219 3030 2290 Πνεύματος.
3076 2219 3228 2289 Ἀμα
3272 2235 3334 2271 τε
3376 2213 3470 2271 οὖν
3519 2215 3584 2269 τὸ

1998 2314 2282 2387 ὀμοούσιον
2308 2310 2462 2377 οὗτος
2500 2313 2776 2385 ἐκτρέπει,
2808 2313 2902 2366 καὶ
2943 2311 3005 2365 τὸ
3042 2311 3141 2381 τῆς
3186 2311 3373 2374 οὐσίας
3410 2308 3584 2373 νόθως

1999 2407 2283 2480 ὀνομάζει·
2315 2408 2391 2471 ὡς
2432 2408 2591 2479 ἔργον
2622 2406 2779 2470 νοῶν,
2820 2406 2919 2474 οὐχ
2957 2404 3031 2468 ὡς
3066 2405 3330 2475 γέννημα,
3370 2403 3464 2455 καὶ
3490 2401 3584 2457 διὰ

1999 2500 2157 2553 τοῦτο
2201 2499 2294 2553 καὶ
2332 2498 2393 2551 τὸ
2417 2498 2663 2563 ἀπαθῶς
2704 2497 3028 2569 προστίθησι
3062 2496 3331 2559 πιθανῶς·
3360 2496 3459 2567 οὐχ
3489 2497 3581 2550 ἵνα

2001 2592 2205 2655 πάθους
2230 2591 2404 2664 ἀφέλῃ
2433 2590 2711 2662 διαϐολήν·
2747 2590 2830 2654 τίς
2864 2591 2973 2661 γάρ
3002 2591 3095 2643 καὶ
3133 2590 3279 2657 λέγει
3311 2589 3445 2643 Θεοῦ
3469 2589 3582 2643 πά-

2002 2685 2122 2751 θος;
2153 2685 2267 2738 ἀλλ’
2294 2685 2383 2737 ἵνα
2407 2683 2625 2753 ποιητὸν
2652 2685 2713 2736 ἐκ
2755 2682 2890 2735 Θεοῦ
2917 2682 3069 2754 λέγῃ,
3102 2684 3195 2736 καὶ
3224 2682 3297 2754 μὴ
3322 2682 3583 2753 γεννητὸν

2001 2780 2065 2831 ἐκ
2091 2775 2226 2830 Θεοῦ
2256 2775 2682 2848 προεληλυθότα·
2711 2774 2787 2838 ὡς
2810 2774 2908 2845 τῆς
2930 2774 3183 2845 τοιαύτης
3212 2774 3435 2845 προόδου
3474 2791 3585 2827 πα-

2003 2870 2230 2941 θητικῆς
2265 2869 2431 2939 οὐσης
2454 2885 2467 2898 ·
2501 2867 2640 2921 καθὰ
2671 2866 2725 2919 δὲ
2759 2866 2939 2935 λέγειν
2982 2865 3236 2918 εἰώθασιν
3263 2867 3312 2919 οἱ
3352 2865 3449 2937 τὴν
3480 2867 3583 2936 μὲν

2003 2964 2069 3015 ἐκ
2101 2963 2197 3032 τῆς
2237 2960 2423 3024 οὐσίας
2450 2959 2674 3030 πρόοδον
2702 2958 2778 3021 ὡς
2813 2957 2982 3021 πάθος
3012 2957 3385 3023 ἐκϐάλλοντες,
3426 2957 3494 3026 ἣν
3521 2956 3583 3009 δὲ

2004 3054 2249 3122 λέγουσιν
2279 3054 2342 3105 ἐκ
2370 3051 2467 3120 τῆς
2499 3051 2685 3113 οὐσίας
2717 3050 2936 3119 ποίησιν
2965 3047 3041 3111 ὡς
3078 3050 3259 3120 ἀπαθῆ
3297 3047 3588 3101 συνιστῶνσ

2001 3164 2111 3209 τες.
2141 3144 2349 3214 Ὥσπερ
2379 3142 2489 3214 (50)
2517 3144 2564 3195 εί
2597 3142 2689 3194 καὶ
2714 3144 2811 3212 τῆς
2844 3141 3131 3211 ποιήσεως,
3156 3142 3203 3193 εί
3226 3137 3584 3210 ἀνθρωπίνως

1999 3235 2345 3306 λαμϐάνοιτο,
2370 3233 2580 3305 κίνησιν
2606 3233 2853 3304 ἐχούσης,
2878 3234 2971 3287 καὶ
2990 3232 3079 3285 τὸν
3101 3235 3164 3285 ἐκ
3190 3231 3287 3301 τῆς
3312 3231 3584 3301 κινήσεως

2001 3328 2245 3398 κάματον
2270 3342 2283 3356 ·
2310 3325 2414 3379 ἂπε
2422 3342 2452 3396 ρ
2474 3324 2727 3395 ἀλλότρια
2756 3324 2818 3395 δη
2829 3340 2949 3394 μιού
2957 3324 3213 3395 ργοῦντος
3233 3320 3369 3375 Θεοῦ
3390 3339 3403 3352 ·
3428 3321 3583 3391 ὅμως

2000 3419 2151 3487 γοῦν,
2190 3419 2264 3482 ὡς
2309 3420 2560 3490 γέννησιν
2606 3417 2790 3489 άπαθῆ
2830 3418 2917 3472 διὰ
2965 3418 3223 3488 τοιαύτης
3267 3416 3584 3488 ἐξηγήσεως

1998 3511 2096 3582 τὴν
2136 3511 2229 3565 τοῦ
2285 3511 2414 3563 Υἱοῦ
2452 3510 2698 3573 νοοῦντες
2748 3510 2993 3581 πρόοδον,
3045 3510 3105 3563 τὸ
3152 3508 3376 3579 Πνεῦμα
3417 3509 3583 3562 ἀλλο-

1998 3603 2209 3674 τριοῦσι
2235 3603 2445 3673 Πατρὸς
2484 3603 2579 3656 καὶ
2604 3601 2734 3655 Υἰοῦ
2756 3619 2769 3632 ·
2816 3603 2897 3655 ὅτι
2934 3603 3007 3673 μὴ
3046 3603 3301 3671 γεννήσει
3325 3604 3357 3671 ἡ
3383 3601 3581 3655 τούτου

1999 3695 2245 3768 πρόοδος,
2282 3695 2417 3749 ἀλλὰ
2446 3694 2664 3748 πνεύσει
2686 3694 2964 3764 ὁμοιοῦται
2997 3695 3085 3748 διὰ
3112 3695 3209 3766 τὴν
3251 3694 3578 3765 μετάληψιν,

1998 3786 2073 3849 ὡς
2101 3786 2266 3856 πνοῆς
2294 3787 2358 3839 ἐκ
2387 3786 2653 3855 στόματος
2694 3783 2995 3855 ἐρχομένης
3018 3784 3128 3854 (51)
3161 3785 3255 3837 καὶ
3291 3783 3382 3836 τὸν
3412 3800 3585 3855 μετα-

1998 3877 2342 3950 λαμϐάνοντα
2392 3876 2743 3947 ἁγιαζούσης,
2784 3874 2926 3929 καθὰ
2970 3875 3033 3945 δὴ
3075 3876 3291 3943 λέγεται
3334 3874 3583 3945 πνεύμιι⁸

1997 3989 2089 4034 τος
2123 3972 2254 4041 (52).
2290 3967 2397 4024 τΗν
2432 3970 2488 4024 δέ
2515 3968 2772 4023 ἀδύνατον
2801 3969 2858 4021 ἐν
2888 3971 2955 4039 τῇ
2986 3969 3084 4037 τῆς
3111 3968 3337 4040 Τριάδος
3358 3968 3482 4039 δόξῃ
3517 3967 3584 4020 τὸ

1998 4064 2223 4134 Πνεῦμα
2244 4061 2576 4128 δοξάζεσθαι,
2612 4063 2686 4133 μὴ
2713 4061 3013 4131 προοδικῶς
3038 4060 3096 4114 ὃν
3124 4063 3187 4113 ἐκ
3208 4060 3343 4113 Θεοῦ
3369 4061 3435 4114 δι’
3462 4060 3581 4130 (53)

1999 4153 2151 4218 Υἱοῦ,
2183 4154 2316 4207 ἀλλὰ
2342 4152 2638 4222 ποιητικῶς
2669 4154 2734 4204 ἐκ
2756 4151 2890 4205 Θεοῦ
2914 4153 3155 4220 γεγονὸς,
3200 4152 3276 4215 ὡς
3305 4151 3578 4218 λέγουσιν.

1999 4247 2073 4299 Οὐ
2100 4247 2207 4317 γὰρ
2232 4244 2613 4311 συνδοξάζεται
2644 4245 2854 4314 ποίημα
2879 4247 3098 4315 ποιητῇ,
3123 4245 3242 4297 οὐδὲ
3263 4244 3443 4306 δοῦλος
3461 4243 3582 4312 (54)

1998 4339 2264 4412 δεσπότῃ·
2299 4338 2417 4391 οὐδὲ
2450 4339 2483 4408 ή
2521 4337 2619 4406 τῆς
2656 4334 2941 4405 ἀλλοτρίας
2972 4336 3106 4390 Θεοῦ
3146 4336 3334 4398 οὐσίας
3360 4334 3583 4405 μέθεξις

1999 4431 2065 4486 ἂν
2091 4432 2173 4503 εἴη
2198 4430 2330 4484 Θεοῦ
2348 4447 2360 4459 ·
2392 4449 2410 4481 ι
2433 4430 2521 4484 Ἐν
2544 4429 2718 4500 τούτῳ
2743 4430 2872 4501 γὰρ,
2898 4448 2916 4481 i
2944 4431 3105 4501 φησὶν
3121 4429 3413 4499 ὀΊωάννης
3438 4428 3579 4498 (55),

322 4517 556 4583 deunte;
588 4533 651 4573 ac
680 4519 1030 4590 recipientem
1074 4538 1154 4586 se,
1205 4499 1604 4587 sanctiﬁcante,
1635 4499 1785 4593 quod
1828 4521 1895 4577 de

2007 4544 2026 4577 ι
2062 4524 2421 4595 γινώσκομεν,
2448 4525 2530 4578 ὅτι
2564 4525 2621 4579 ἐν
2656 4525 2788 4595 ἡμῖν
2822 4525 2988 4587 ἐστιν,
3025 4526 3088 4577 ἐκ
3120 4523 3211 4578 τοῦ
3237 4523 3579 4595 Πνεύματος,

326 4607 534 4693 Spiritu
561 4610 782 4666 dicitur.
813 4613 976 4684 Atqui
1042 4615 1383 4686 impossibile
1412 4622 1560 4671 esset
1604 4613 1893 4671 Trinitatis

395 4771 413 4804 ¹
455 4768 622 4829 Hebr.
655 4787 754 4829 xui
778 4813 792 4838 ,
827 4772 884 4827 8.

391 4928 509 5000 (Π)
543 4927 825 4996 0tlohon.,
856 4920 1028 4993 οὗτος.
1073 4927 1217 4983 Infra
1248 4927 1409 4995 idem,
1464 4926 1691 5000 Ἰησοῦς,
1740 4927 1895 4999 φησὶ,

322 4999 736 5071 Χριστὸςᾼχθές.

548 5068 694 5142 ξοιο.
723 5071 779 5132 2,
809 5068 1161 5142 ὁμοιοούσιος.

417 5137 507 5209 49)
549 5138 644 5194 Sic
676 5137 870 5196 omnes
916 5157 1049 5196 mss.
1087 5148 1283 5209 praeter
1323 5137 1469 5194 Felc.
1512 5139 1566 5201 5,
1602 5138 1697 5207 qui
1739 5138 1903 5209 habet

322 5208 449 5284 eum
482 5208 670 5284 editis,
703 5212 830 5284 περὶ
866 5208 1233 5284 μιᾶςτν-Ρ-ειιιιο
1276 5219 1418 5284 post,
1451 5208 1900 5284 Allgiiciln.“5ta.-

321 5278 482 5352 βάλῃ,
518 5279 690 5352 Mox,_
710 5278 790 5345 ἐν,
839 5278 965 5352 aute
1000 5278 1294 5352 Ἕλλησιν,
1341 5281 1493 5335 deest
1535 5282 1591 5334 in
1640 5279 1804 5335 Basil.
1847 5281 1899 5347 1,

321 5349 537 5407 Ληιιιὶο.
566 5358 622 5405 et
651 5350 797 5407 Fele.
826 5351 880 5404 2.

321 5365 405 5404 an
449 5365 537 5405 uc.
566 5365 622 5405 et
652 5365 797 5407 rete.
826 5365 880 5404 2.

291 5453 354 5507 ,Α
397 5365 510 5507 (ξ’)θ)
545 5418 812 5507 Suspecta
847 5421 1026 5507 lectio.
1049 5420 1406 5507 Apglicanus,
1436 5421 1503 5507 ᾖν
1528 5419 1893 5507 δέρλέγουσιν,

321 5488 491 5562 ᾡςήὲκ
508 5491 607 5553 τῆς
621 5488 809 5562 οὐσίας
834 5492 1064 5562 πρόησιν
1089 5488 1209 5562 (sic)
1224 5492 1298 5554 ὡς
1318 5488 1501 5562 ἀπαθῆ
1524 5489 1893 5562 ἐκϐάλλοντες,

323 5559 535 5632 ὥσπερ,
560 5558 1039 5632 λειοηρουιοροει,
1072 5558 1358 5627 OttObon.,
1386 5558 1600 5632 κίνησιν
1625 5561 1855 5632 ἔχουσιν.

393 5576 477 5613 me
520 5600 535 5625 ,
566 5576 672 5615 etc.
700 5576 867 5615 rauio
898 5576 1039 5631 post,
1072 5576 1208 5616 uuo:

393 5576 515 5705 (ῥίς
542 5630 895 5705 ἐξηεηοαηιιε.
923 5632 1208 5705 ἐχομένης.

396 5698 510 5771 (59.)
549 5698 675 5757 Haec
718 5698 1033 5759 referuntur
1058 5704 1113 5758 in
1142 5698 1373 5759 concilio
1400 5700 1517 5760 Flor
1580 5702 1737 5759 itino.
1763 5716 1885 5768 pag.

1999 4610 2059 4673 οὗ
2086 4615 2282 4671 ἔδωκεν
2313 4614 2462 4687 ἡμῖν.
2494 4633 2513 4665 i

2000 4928 2125 4992 415,
2164 4932 2383 4986 nomine
2418 4930 2720 4985 Athanasii.

2074 5003 2183 5071 (53)
2225 5001 2299 5055 lla
2323 5004 2518 5071 legitur
2544 5003 2597 5054 in
2618 4999 2851 5056 concilio
2875 4997 3211 5071 Florentino.
3235 4995 3379 5071 Feiic.
3409 5012 3581 5071 porro

2003 5069 2125 5126 loco
2155 5069 2319 5127 variae
2354 5069 2625 5135 lectionis,
2659 5086 2822 5141 quam
2850 5086 2912 5123 ex
2946 5069 3111 5124 Basil.
3148 5070 3171 5141 1
3214 5077 3269 5122 et
3294 5070 3348 5131 9.,
3380 5081 3433 5122 et
3461 5069 3579 5141 All-

2003 5142 2129 5210 glic.
2164 5152 2356 5197 notare
2384 5144 2621 5203 volebat,
2664 5137 2906 5195 eamdem
2943 5140 3186 5207 reposuit
3209 5155 3329 5206 quae
3362 5140 3414 5210 iu
3450 5137 3543 5191 edi

2003 5208 2078 5266 iis
2108 5213 2359 5274 habetur,
2381 5213 2610 5273 scilicet,
2636 5210 2724 5265 διὰ
2756 5210 2951 5280 Ἰησοῦ.
2975 5212 3297 5280 Quanquam
3327 5208 3580 5280 videatur

2005 5297 2151 5346 eum,
2183 5284 2250 5336 δι’
2288 5282 2440 5345 Υἰοῦ,
2484 5284 2679 5351 legisse
2709 5279 2995 5351 in_iisdem
3024 5279 3324 5341 codicibus,
3358 5287 3416 5331 ut
3446 5279 3583 5351 legit

2006 5352 2133 5406 item
2177 5353 2443 5408 Nannius.
2504 5347 2706 5407 Ibidem
2764 5347 2909 5406 Felc.
2960 5352 3258 5415 secundus,
3311 5347 3577 5420 γεγονώς,

2003 5423 2286 5477 mendose.

2073 5493 2185 5564 (A754)
2226 5493 2371 5549 Felc.
2396 5491 2458 5564 2,
2488 5492 2692 5564 δοῦλον,

2072 5561 2184 5632 (55)
2236 5565 2294 5618 '0
2346 5562 2814 5634 ’lma'tvvqg,_deest
2854 5563 2910 5618 in
2952 5561 3243 5634 Basiliensi
3296 5562 3471 5631 primo
3523 5567 3582 5617 et

1998 5627 2143 5691 Felc.
2168 5627 2432 5692 secundo.
2464 5627 2589 5689 Μοὶ
2616 5632 2896 5698 Ottobon.,
2922 5627 2982 5687 οὐ
3010 5634 3241 5689 δέδωκεν
3269 5627 3416 5705 ἡμῖν.
