3890 6186
209 238 277 289 89
1383 247 1470 301 DE
1517 245 2031 304 lNCARNATlONE
2074 249 2179 304 DEI
2227 249 2449 304 VERBI.
3420 246 3493 303 90

216 354 393 423 gloria
427 352 703 424 Spiritum
727 357 1046 428 gloriﬁcari,
1080 361 1127 416 si
1163 376 1259 432 per
1280 366 1690 433 processionem
1738 381 1802 419 ex
1833 364 1942 420 Deo
1974 381 2068 437 per
2099 366 2293 421 Filium
2338 383 2445 421 non
2494 375 2661 427 esset.
2716 365 2874 434 sique
2925 380 3015 421 res
3050 362 3239 419 eli‘ecta
3301 376 3329 417 ο
3383 362 3493 417 Deo

210 454 384 509 esset,
410 455 475 499 ut
548 451 709 503 aiunt
770 451 898 521 ipsi.
927 452 1054 508 Non
1098 456 1241 510 enim
1306 472 1396 512 res
1462 458 1604 512 liuta
1654 474 1781 514 cum
1817 458 2025 515 factore
2085 476 2187 515 suo
2234 460 2699 531 cunglorilicatur,
2752 475 2930 529 neque
2985 474 3178 514 servus
3227 472 3352 511 cum
3395 458 3494 509 do-

212 537 367 590 mino
402 554 419 587 :
455 554 639 608 neque
662 542 1017 611 participatio
1042 545 1363 602 substantiae
1389 563 1419 601 a
1452 546 1563 603 Deo
1591 548 1808 614 alienae,
1850 550 2199 620 participatio
2228 549 2320 604 Dei
2341 550 2525 605 fuerit.
2554 569 2572 602 ι
2623 547 2679 603 In
2730 549 2839 608 hoc
2886 549 3029 604 enim
3051 545 3486 619 cognoscimus,»

210 633 287 683 ait
320 627 593 687 Joannes.
630 649 653 683 ι
687 635 821 704 quia
844 635 902 690 in
938 638 1099 694 nobis
1124 646 1230 705 est,
1256 654 1327 694 ex
1362 638 1570 712 Spiritu
1601 650 1797 698 sancto
1834 657 1995 713 quem
2028 642 2177 699 dedit
2207 644 2428 699 nobis'.
2467 661 2485 694 ι

280 785 304 816 ⁸
342 783 364 837 Ι
395 782 561 840 Joan.
595 802 695 851 ut,
729 787 823 842 24.

217 965 3471 994 m

700 1081 785 1141 IN
817 1083 1277 1144 EPISTOLAM
1309 1084 1417 1145 DE
1444 1082 2056 1145 INCARNATIONE
2090 1083 2224 1143 DEI
2256 1082 2497 1143 VERBI
2530 1055 3012 1143 iADMONlTlO.

276 1240 589 1310 Epistoiarn
618 1244 684 1298 de
711 1245 1085 1299 incarnatione
1105 1244 1203 1300 Dei
1250 1244 1403 1301 Verbi
1428 1246 1714 1301 Athanasii
1751 1262 1856 1300 non
1886 1262 2020 1311 esse,
2052 1245 2247 1299 eruditi
2282 1244 2574 1310 complures
2606 1246 2963 1312 suspicantur,
3001 1261 3224 1315 quorum
3257 1246 3491 1315 opinioni

205 1333 684 1400 "assentiamur,
748 1334 892 1389 haud
953 1335 1145 1390 levibus
1209 1353 1335 1391 sane
1389 1352 1657 1391 movemur
1698 1336 2040 1404 argumentis.
2098 1332 2204 1387 Illo
2270 1351 2493 1405 namque
2536 1351 2644 1389 aavo
2701 1336 2902 1405 scripta
2955 1343 3054 1398 est,
3106 1351 3203 1405 qua
3262 1328 3490 1389 lta’retici'

203 1427 338 1482 ditas
367 1445 488 1483 esse
520 1431 577 1483 in
607 1429 824 1486 Christo
863 1446 1119 1500 personas
1165 1440 1345 1501 aperte
1384 1443 1434 1486 et
1469 1447 1679 1487 summa
1702 1431 1750 1484 vi
1786 1428 2189 1492 contendebant,
2231 1438 2289 1481 ut
2317 1428 2487 1498 fertur
2514 1446 2658 1484 num.
2685 1428 2900 1497 2,quod
2936 1444 3072 1484 certe
3110 1429 3178 1484 ad
3211 1429 3491 1484 Athanasii

204 1528 416 1574 etatem
453 1538 615 1576 nemo
662 1522 849 1578 doctus
874 1524 1092 1593 referat,
1145 1524 1233 1578 sed
1277 1525 1453 1594 potius
1500 1523 1569 1578 ad
1613 1534 1849 1593 tempora
1891 1522 2360 1587 Nestorianorum,
2406 1539 2631 1593 quorum
2668 1524 2752 1577 hic
2795 1523 3009 1578 heresis
3047 1524 3375 1594 confutatur.
3421 1522 3490 1577 Et

203 1626 328 1663 sane
359 1627 523 1681 quem
570 1611 752 1666 locum
782 1613 1079 1684 Scripturw
1119 1615 1200 1668 hic
1229 1616 1448 1686 legimus
1485 1630 1538 1669 η.
1571 1613 1625 1679 1,
1667 1612 1798 1676 Θεὸς

1920 1612 2166 1685 ανερὼθη
2199 1614 2257 1665 ὲν
2299 1613 2485 1685 σαρκί,
2538 1623 2671 1678 etc.,
2707 1615 2845 1669 sieo
2899 1616 3012 1683 ipso
3068 1616 3223 1670 modo
3282 1616 3490 1687 legisset

203 1703 565 1769 Athanasius,
603 1704 762 1759 plane
794 1716 1106 1776 usurpasset
1133 1707 1288 1761 illum
1332 1706 1403 1760 ad
1454 1704 1584 1759 Filii
1625 1704 1956 1759 divinitatem
1989 1714 2177 1759 contra
2212 1706 2440 1759 Arianos
2482 1707 2840 1760 asserendam.
2887 1707 2993 1763 Sed
3023 1709 3088 1762 iis
3115 1724 3244 1763 usus
3286 1709 3489 1764 videtur

206 1797 605 1864 exemplaribus
646 1800 737 1868 qui
792 1799 1077 1868 habebant,
1117 1800 1147 1854 ὃ
1184 1798 1504 1872 ἐφανερώθη
1556 1800 1613 1853 ὲν
1667 1815 1798 1871 σαρκ

1920 1805 2037 1864 3tc.,
2072 1807 2205 1853 utet
2247 1798 2476 1870 Vulgata
2526 1800 2802 1865 hodierna,
2856 1801 2913 1855 in
2963 1819 3068 1872 qua
3124 1804 3202 1856 sic
3249 1802 3486 1873 legitur:

207 1890 360 1957 Quod
394 1893 820 1949 manifestatum
854 1906 941 1951 est
989 1897 1045 1951 in
1093 1912 1278 1963 carne,
1327 1903 1457 1963 etc.,
1496 1893 1588 1948 ubi
1636 1893 1793 1956 illud,
1838 1894 2007 1965 quod,
2064 1890 2445 1962 praecedentem
2484 1912 2679 1961 vocem,
2736 1897 3081 1968 mysterium,
3144 1897 3380 1966 respicit.
3426 1893 3488 1949 Si

206 1980 384 2035 Priora
410 1985 600 2054 utique
641 1984 795 2039 modo
842 1985 1054 2057 legisset
1094 1985 1444 2050 Athanasius,
1477 1995 1586 2039 tam
1629 1984 1885 2054 insignem
1917 1984 2090 2037 locum
2125 2002 2226 2039 non
2256 1986 2711 2053 prwtermissurus
2742 1995 2877 2049 erat,
2905 1986 3057 2041 homo
3089 1987 3488 2056 Scripturarum

209 2076 623 2133 scientissimus.
654 2078 880 2133 Demum
930 2081 978 2134 si
1015 2080 1295 2135 Athanasii
1320 2089 1476 2144 esset,
1508 2097 1542 2135 a
1588 2077 1793 2150 Cyrillo
1821 2078 1900 2133 uel
1937 2096 1971 2133 a
2014 2080 2217 2151 synodo
2249 2078 2513 2143 Ephesina
2545 2080 2769 2135 laudata
2815 2082 3001 2151 fuisset
3033 2099 3051 2140 :
3084 2084 3259 2151 aptior
3297 2084 3486 2154 quippe

214 2164 281 2218 si
332 2166 725 2224 Nestorianam
758 2171 1143 2241 confutandam
1193 2173 1459 2238 haeresim,
1491 2188 1653 2243 quam
1706 2170 1930 2233 epistola
1962 2171 2032 2224 ad
2087 2171 2405 2243 Epictetum,
2452 2172 2868 2243 frequentissime
2909 2175 2972 2228 ab
3004 2176 3193 2230 iisdem
3240 2172 3484 2229 laudata.

215 2258 278 2313 in
314 2260 417 2315 hac
444 2264 618 2328 enim,
656 2265 737 2318 uti
779 2265 1038 2336 diximus,
1086 2266 1201 2335 ipsa
1232 2264 1472 2321 Nestorii
1514 2263 1727 2319 lueresis
1759 2265 2119 2334 impugnatur,
2159 2275 2216 2318 ut
2254 2265 2416 2319 etiam
2454 2264 2651 2321 codicis
2696 2265 3014 2321 Basiliensis
3066 2265 3378 2323 scholiastes
3416 2264 3487 2319 ad

212 2356 508 2428 marginem
538 2355 833 2412 adnotavit.

1319 2579 1458 2633 ΤΟΥ
1493 2580 1584 2633 ΕΝ
1621 2580 1845 2635 ΔΓΙΟΙΣ
1876 2581 2149 2635 ΠΑΤΡΟΣ
2188 2582 2389 2637 ΗΜΩΝ

1498 2842 1503 2847 .
1536 2749 2177 2840 ΑΘΑΝΑΣΙΟΥ

1001 2938 1180 2992 ΠΕΡΙ
1221 2939 1356 2993 nn:
1384 2938 1819 2993 ΣΔΡΚΩΣΕΩΣ
1862 2938 2003 2990 ΤΟΥ
2048 2937 2234 2990 ΘΕΟΥ
2264 2936 2519 2990 ΛΟΓΟΥ
2563 2930 2698 3004 (56).

1244 3188 1338 3275 S.
1417 3190 1526 3276 Ρ.
1607 3191 1723 3278 Ν.
1802 3185 2449 3277 ATHANASII

1176 3379 1293 3440 DE
1352 3373 1997 3443 ΙΝΟΑΒΝἉΤΙΟΝΕ
2039 3377 2194 3438 DEI
2248 3374 2519 3436 VERBI.

277 3619 328 3674 i.
361 3617 593 3672 Ἐλύπει
618 3619 719 3690 μὲν
749 3617 850 3690 τὴν
886 3618 1048 3687 ἀγίαν
1088 3619 1303 3673 σύνοδον
1334 3619 1545 3674 Παύλου
1580 3619 1673 3674 τοῦ
1704 3622 1798 3674 Σα-

1981 3622 2032 3674 l.
2076 3612 2300 3669 Sacram
2328 3610 2457 3666 olim
2485 3608 2753 3682 synodum
2793 3605 2980 3663 dolore
3015 3604 3279 3662 alliciebat
3326 3606 3487 3662 inso-

207 3713 493 3784 μοτσατέως
520 3714 556 3783 ἡ
589 3713 934 3784 καινοτομία,
966 3714 1027 3767 τδ
1062 3714 1204 3784 μέγα
1224 3715 1542 3785 μυστήριον,
1576 3715 1638 3769 τὸ
1662 3715 1802 3770 κατὰ

206 3806 467 3877 Χριστὸν,
497 3805 834 3874 ἀνατρέπειν
870 3804 1251 3877 ἐπιχειροῦσα·
1287 3805 1446 3860 λυπεῖ
1486 3805 1544 3859 δὲ
1577 3807 1672 3859 καὶ
1706 3806 1802 3859 νῦν

205 3899 329 3962 τοὺς
387 3897 798 3968 ἀντεχομένους
851 3897 951 3967 τῆς
999 3897 1158 3965 ἁγίας
1202 3897 1492 3969 πίστεωςὴ
1528 3897 1655 3969 napi.
1691 3897 1801 3950 τῶν

205 3989 384 4042 αὐτῶν
433 3988 803 4061 βλασφημιῶν
846 3989 957 4059 (57)
1015 3989 1324 4058 βλάπτουσα
1368 3991 1494 4054 τοὺς
1540 3988 1796 4053 πολλούς·

209 4082 451 4152 μάλιστα
501 4083 634 4145 τοὺς
689 4081 1106 4151 ἠλαττωμένους
1134 4083 1263 4152 περὶ
1304 4082 1401 4153 τὴν
1445 4081 1680 4135 σύνεσιν.
1721 4082 1803 4135 Τὰ

206 4175 313 4245 γὰρ
348 4174 575 4246 μεγάλα
598 4214 613 4236 ,
647 4175 746 4227 καὶ
798 4174 1223 4245 δυσκατάληπτα
1264 4174 1375 4227 τῶν
1422 4173 1765 4245 πραγμάτων
1786 4213 1801 4237 ,

208 4266 474 4337 πίστειτῇ
507 4265 646 4337 πρὸς
668 4265 761 4317 τὸν
792 4265 902 4334 (58)
918 4263 1050 4318 Θεὸν
1065 4264 1401 4336 λαμϐάνεται
1420 4282 1434 4295 ο
1469 4266 1592 4319 ὅθεν
1611 4265 1803 4337 οἱπερὶ

207 4357 534 4429 τὴνγνῶσιν
567 4355 978 4420 ἀδυνατοῦντες,
1032 4356 1453 4421 ἀποπίπτουσιν,
1477 4358 1526 4411 εί
1566 4356 1640 4428 μὴ
1680 4374 1801 4409 πει-

209 4451 384 4504 σθεῖεν
399 4449 670 4520 ἐμμένειν
682 4452 747 4520 τῇ
772 4449 973 4511 πίστει,
995 4449 1087 4503 καί
1102 4449 1201 4513 τὰς
1213 4450 1535 4522 περιέργους
1547 4451 1803 4521 ζητήσεις

206 4541 602 4611 ἐκτρέπεσθαι.
633 4540 732 4594 Διά
775 4540 936 4595 τοῦτο
957 4541 985 4594 ὁ
1011 4541 1278 4612 μακάριος
1316 4539 1530 4603 Παῦλος
1575 4540 1758 4609 ἔλεγεν
1784 4555 1798 4570 ο

211 4652 230 4683 ι
268 4633 769 4704 Ὅμολογουμένως
787 4634 929 4703 μέγα
948 4634 1064 4687 ἐστὶ
1084 4633 1145 4688 τὸ
1167 4633 1268 4704 τῆς
1293 4632 1574 4696 εὐσεϐείας
1598 4634 1803 4704 μυστή-

208 4742 345 4795 ριον,
367 4724 511 4788 Θεὸς
550 4724 871 4795 ἐφανερώθη
903 4727 962 4778 ὲν
987 4725 1170 4797 σαρκὶ,
1206 4722 1498 4793 ἐδικαιώθη
1535 4724 1593 4775 ὲν
1639 4722 1802 4776 Πνεύ-

210 4834 361 4887 ματι,
388 4815 553 4887 ὤφθη
585 4816 857 4885 ἀγγέλοις,
875 4816 1156 4889 ἐκηρύχθη
1187 4818 1244 4870 ὲν
1260 4816 1489 4881 ἔθνεσιν,
1506 4812 1799 4887 ἐπιστεύθη

208 4908 262 4960 ὲν
290 4907 517 4976 κόσμῳ,
546 4906 828 4978 ἀνελήφθη
858 4909 917 4961 ὲν
943 4907 1090 4981 δόξῃ.
1127 4927 1146 4958 ι

273 4999 329 5053 2.
377 4999 540 5051 Ἐπεὶ
586 4999 766 5052 τοίνυν
815 4999 1128 5070 ἠκούσαμεν
1171 5000 1300 5071 παρ’
1346 5001 1475 5072 ὑμῖν
1504 4999 1615 5069 (59)
1648 5015 1801 5061 τινας

1907 3718 2028 3771 lens
2057 3711 2150 3767 illa
2171 3706 2327 3761 Pauli
2356 3701 2763 3758 Sainosatensis
2789 3699 3059 3763 doctrina,
3081 3712 3191 3769 qua
3228 3712 3486 3768 magnum

1906 3805 2110 3865 Christi
2138 3800 2457 3874 mysterium
2491 3795 2809 3851 subvertere
2829 3792 3133 3847 conabatur
3165 3807 3178 3842 :
3208 3789 3321 3861 jam
3357 3804 3488 3845 vero

1909 3906 2115 3956 sancta:
2151 3893 2275 3949 ﬁdei
2331 3888 2583 3946 vindices
2639 3900 2986 3955 summopere
3032 3883 3320 3938 contristat
3369 3881 3486 3943 illa.

1908 4007 2030 4063 qua:
2067 3988 2260 4044 iisdem
2289 3997 2386 4040 usa
2427 3979 2804 4050 blasphemiis,
2858 3975 3276 4047 quamplurimis
3323 3983 3487 4027 noxia

1905 4093 1991 4140 est
2022 4100 2037 4138 :
2069 4081 2136 4136 iis
2160 4092 2288 4133 vero
2317 4075 2589 4146 praecipue
2614 4070 2708 4141 qui
2738 4070 3009 4125 diminuto
3031 4075 3159 4123 sunt
3182 4065 3484 4121 intellectu.

1907 4175 2016 4230 Res
2037 4173 2182 4229 enim
2223 4183 2455 4239 magnae,
2480 4174 2535 4221 et
2569 4161 3061 4232 comprehensione
3093 4158 3339 4214 diliiciles
3368 4158 3485 4213 sola

1908 4263 1964 4318 in
2016 4262 2187 4317 Deum
2236 4258 2341 4313 [ide
2384 4253 2796 4327 perspiciuntur
2829 4272 2842 4306 :
2873 4249 3018 4307 unde
3057 4249 3151 4320 qui
3206 4245 3485 4302 imbecilla

1908 4360 2038 4411 sunt
2078 4349 2458 4418 intelligentia,
2508 4347 2791 4409 labuntur,
2830 4343 2933 4400 nisi
2976 4341 3086 4413 26
3139 4341 3195 4395 in
3228 4339 3333 4395 [ide
3359 4353 3485 4409 per-

1907 4461 2133 4502 manere
2193 4443 2548 4507 suadeautur,
2593 4447 2646 4495 et
2679 4439 2932 4494 curiosas
2985 4445 3309 4492 averseutur
3335 4449 3484 4505 quae-

1909 4544 2136 4597 stiones.
2178 4534 2523 4606 Quapropter
2579 4532 2772 4587 beatus
2805 4529 3011 4585 Paulus
3059 4529 3237 4584 aiebat
3269 4543 3282 4579 :
3311 4545 3330 4578 ι
3370 4524 3484 4579 Ma-

1907 4632 2106 4687 nil'cste
2139 4641 2395 4699 magnum
2427 4632 2512 4681 est
2577 4624 2796 4695 pietatis
2862 4627 3293 4683 sacramentum,
3339 4617 3481 4672 Deus

1907 4721 2288 4780 manifestatus
2308 4727 2393 4776 cst
2426 4719 2483 4773 in
2505 4732 2692 4779 carne,
2739 4713 3076 4786 justiﬁcatus
3123 4720 3207 4767 est
3267 4711 3322 4764 in
3356 4708 3480 4779 Spi-

1905 4819 2036 4879 ritu,
2100 4812 2358 4886 apparuit
2406 4810 2638 4881 angelis,
2670 4808 3000 4880 praedicatus
3051 4813 3138 4860 est
3197 4802 3485 4872 gentibus,

1903 4908 2144 4964 creditus
2167 4912 2251 4961 est
2278 4905 2332 4959 in
2363 4904 2589 4967 mundo,
2620 4908 2935 4971 assumptus
2958 4905 3041 4954 est
3073 4898 3127 4952 in
3158 4896 3330 4967 gloria
3365 4894 3408 4948 ³.
3454 4911 3476 4946 ι

1971 4998 2029 5053 2.
2071 4997 2526 5067 Quandoquidem
2583 4995 2751 5066 igitur
2808 4993 3120 5047 audivimus
3178 4987 3478 5043 nonnullos
3548 5006 3551 5009 ν

208 5089 604 5159 ταράττεσθαι,
646 5091 742 5143 καὶ
783 5066 966 5162 ζητεῖν
997 5066 1301 5163 γράμματα
1336 5066 1467 5163 παρ’
1497 5066 1652 5162 ἡμῶν
1678 5090 1798 5161 περὶ

1920 5100 2149 5148 vestrum
2174 5066 2406 5156 turbari,
2441 5101 2766 5158 nosuasque
2811 5086 3023 5140 litteras
3052 5084 3197 5140 circa
3230 5094 3479 5138 commu-

276 5245 301 5274 ³
338 5243 362 5299 Ι
397 5244 547 5299 Tim.
585 5260 685 5310 ιιι,
724 5244 812 5299 16.

279 5424 397 5495 (56)
441 5424 586 5479 Editi
627 5424 804 5479 Latini
841 5425 1072 5489 addunt,
1113 5435 1299 5479 contra
1332 5424 1563 5479 Paulum
1599 5427 1793 5481 Samo-

217 5507 496 5565 satensem.
523 5511 647 5565 quae
678 5496 847 5549 verba
885 5511 1012 5550 cum
1044 5512 1144 5551 nec
1176 5497 1230 5550 in
1258 5512 1391 5550 mss.
1424 5512 1526 5551 nec
1557 5497 1611 5550 in
1641 5505 1793 5551 textu

219 5564 409 5637 Greco
428 5564 576 5619 edita
600 5568 870 5636 legantur,
902 5575 1088 5637 aperte
1108 5568 1453 5637 supposititia
1484 5573 1631 5621 sunt.
1656 5566 1790 5621 Nam

222 5636 456 5705 alioquin
502 5646 651 5704 patet
692 5652 814 5690 eam
862 5636 969 5691 non
1019 5638 1282 5692 adversus
1325 5636 1787 5705 Samosatensem,

222 5706 312 5761 sed
339 5708 605 5763 adversus
637 5708 927 5763 haereticos
958 5708 1093 5762 alios
1123 5708 1493 5764 conscriptam
1530 5706 1670 5764 esse.

1976 5426 2088 5497 (57)
2126 5424 2363 5496 Anglic.,
2398 5420 2753 5497 βλασφημιῷν
2778 5416 3035 5497 φλυαρία,
3082 5413 3201 5473 scd.
3232 5410 3471 5497 φλυαρία

1902 5489 2058 5551 deest
2085 5497 2137 5549 in
2166 5489 2348 5560 editis,
2380 5489 2435 5548 et
2462 5495 2514 5546 in
2542 5489 2755 5545 caeteris
2781 5489 3037 5543 omnibus
3061 5489 3469 5552 mauuscriptis.

1973 5565 2084 5641 (_5_'8)
2124 5565 2423 5641 Idv,_dees_t
2446 5565 2500 5617 in
2526 5560 2835 5641 B‘asil-iensi:
2934 5635 2944 5641 Δ
3086 5626 3099 5641 ⁸
3356 5620 3471 5641 δ’,

1973 5566 2063 5635 (58
2124 5568 2247 5629 Τόν,
2270 5565 2423 5619 deest
2446 5565 2500 5617 in
2526 5565 2835 5616 Basiliensi.

1970 5565 2084 5709 (59;
2124 5635 2437 5693 Basiliensis
2466 5641 2519 5692 et
2549 5631 2708 5703 Angl.
2752 5630 2972 5698 habent,
3006 5626 3120 5695 καί,
3160 5635 3302 5689 ante,
3342 5638 3456 5693 παρ

1897 5707 2044 5763 ὑμῖν.
