3890 6186
372 269 434 326 91
1535 267 1592 324 5.
1633 268 2088 327 ATHANASIUS.
2130 300 2198 311 —
2232 270 2457 327 DUBIA.
3543 272 3630 326 92

372 402 497 442 nem
522 394 576 441 et
629 386 696 441 ab
757 381 1023 456 apostolis
1072 351 1350 439 inductam
1409 384 1568 439 tidem
1637 386 1932 454 postulare,

2040 385 2138 455 τῆς
2169 385 2353 457 κοινῆς
2389 385 2482 438 καὶ
2531 384 2592 449 ἐξ
2627 386 2941 440 ἀποστόλων
2970 385 3315 456 είσαχθείσης
3345 385 3585 448 πίστεως

373 479 666 536 scribimus
699 492 995 548 paucorum
1024 492 1144 532 esse
1177 477 1325 530 illam
1359 477 1551 532 sedulo
1590 477 1895 546 disquirere
1922 494 1937 530 :

371 569 530 624 ﬁdem
563 580 744 623 autem
779 571 1033 631 retinere,
1060 568 1303 622 omnium
1326 583 1449 623 esse
1477 584 1668 624 eorum
1703 571 1794 639 qui
1832 569 1942 625 Deo

370 661 735 730 obsequentes
761 670 908 726 sunt,
939 659 1033 730 qui
1067 668 1123 715 et
1151 675 1402 730 magnam
1429 661 1594 716 studii
1619 663 1702 716 sui
1730 663 1940 716 laudem

371 749 632 806 referunt.
664 749 767 818 Qui
795 751 941 804 enim
974 767 1095 821 quae
1129 751 1269 806 ultra
1300 753 1444 807 vires
1486 769 1616 808 suas
1674 763 1804 809 sunt
1859 755 1944 807 in-

369 844 551 914 dagat,
583 845 637 898 in
668 845 912 913 periculo
942 851 1190 899 versatur
1224 859 1237 892 :
1273 845 1366 914 qui
1399 855 1577 899 autem
1607 847 1826 901 traditis
1867 848 1943 901 in-

372 937 561 999 haeret,
585 942 738 990 extra
765 936 1067 1004 periculum
1099 943 1204 992 est.
1237 935 1542 993 Suademus
1573 939 1738 1008 igitur
1765 941 1938 1002 vobis,

373 1025 520 1095 quod
547 1034 600 1080 et
653 1026 812 1082 nobis
860 1026 994 1096 ipsis
1042 1027 1355 1092 suademus,
1405 1035 1462 1081 ut
1491 1029 1748 1083 traditam
1779 1029 1940 1084 {idem

371 1117 643 1182 servetis,
695 1117 1031 1188 profanaque
1107 1135 1260 1173 nova:
1325 1119 1622 1189 cujuslibet
1679 1121 1941 1176 doctrinae

367 1207 533 1262 verba
587 1207 938 1270 aversemini,
992 1224 1292 1279 omnesque
1345 1209 1661 1275 hortemini,
1705 1219 1762 1266 ut
1803 1214 1939 1266 tanti

369 1300 616 1372 mysterii
648 1301 1056 1370 inquisitionem
1087 1303 1528 1359 exhorrescant':
1555 1311 1609 1359 et
1639 1303 1940 1359 conﬁtean-

368 1401 479 1458 tur,
511 1401 622 1446 tum
655 1390 747 1447 Dei
779 1392 834 1446 in
865 1407 1029 1447 carne
1059 1391 1583 1459 manifestationem,
1639 1396 1938 1450 secundum

367 1481 714 1537 traditionem
739 1483 1134 1553 apostolicam;
1161 1494 1272 1538 tum
1325 1485 1599 1554 justitiam
1645 1502 1807 1557 quam
1835 1487 1940 1541 Do-

366 1577 550 1631 minus
574 1574 765 1628 habuit
814 1575 868 1628 in
916 1574 1143 1646 Spiritu,
1178 1576 1230 1630 id
1273 1585 1378 1643 est,
1412 1593 1518 1632 non
1551 1577 1784 1632 humana
1819 1595 1939 1633 mu-

368 1668 589 1730 tatione,
619 1665 712 1722 sed
769 1667 950 1721 divina
1000 1669 1261 1737 puritate.
1297 1667 1634 1740 lmpossibile
1657 1671 1802 1725 enim
1853 1680 1938 1726 est

2041 479 2345 549 γράφομεν,
2380 479 2462 532 ὅτι
2489 478 2590 550 τὴν
2623 480 2720 550 μὲν
2761 478 3044 550 ἀκρίϐειαν
3077 477 3246 547 αὐτῆς
3283 477 3393 546 (60)
3426 477 3632 548 ἐπιζη-

2041 573 2152 621 τεῖν
2181 569 2376 638 ὀλίγων
2405 569 2543 634 ἐστὶ,
2574 570 2672 640 τὴν
2693 570 2748 622 δὲ
2768 570 2947 623 πίστιν
2973 569 3218 640 κατέχειν
3238 567 3486 621 ἁπάντων
3507 566 3630 620 τῶν

2042 661 2179 731 πρὸς
2223 661 2314 714 τὸν
2356 660 2488 714 Θεὸν
2535 661 2824 725 εὐπειθῶν,
2874 661 2922 714 οἳ
2968 663 3062 714 καὶ
3105 660 3356 732 μέγιστον
3397 659 3623 712 ἔπαινον

2041 753 2402 824 ἀποφέρονται
2455 753 2556 824 τῆς
2609 752 2922 824 ἐπιθυμίας.
2981 754 3038 805 '0
3071 753 3169 824 μὲν
3203 751 3311 822 γάρ
3346 749 3524 821 ζητῶν
3543 749 3623 803 τὰ

2043 844 2182 914 ὑπὲρ
2208 844 2398 898 ἑαυτὸν
2427 843 2764 908 ἐπικίνδυνος
2787 861 2800 874 ·
2827 847 2854 897 6
2879 843 2937 896 δὲ
2969 846 3082 906 τοῖς
3107 842 3489 914 παραδοθεῖσιν
3515 845 3625 915 ἐμ-

2043 935 2217 1004 μένων
2277 934 2573 999 ἀκίνδυνος.
2636 934 3012 1007 Παραινοῦμεν
3052 935 3108 988 δὲ
3149 937 3275 1006 ὑμῖν
3305 935 3440 1004 (61),
3477 934 3629 1005 ὅπερ

2041 1026 2132 1079 καὶ
2164 1028 2372 1090 ἑαυτοῖς
2425 1026 2816 1099 παραινοῦμεν,
2863 1027 2962 1098 τὴν
3000 1028 3393 1099 παραδοθεῖσαν
3433 1027 3625 1080 πίστιν

2043 1117 2348 1188 φυλάττειν,
2407 1119 2766 1190 ἐκτρέπεσθαι
2809 1119 2865 1173 δὲ
2909 1120 3007 1184 τὰς
3043 1119 3302 1190 βεῦήλους
3345 1134 3624 1186 καινοφω-

2041 1213 2179 1277 νίας,
2211 1211 2484 1266 καὶτοῦτο
2521 1212 2655 1266 πᾶσι
2696 1213 3016 1284 παρεγγυᾷν
3043 1210 3322 1281 φοϐεῖσθαι
3348 1211 3447 1282 τὴν
3488 1211 3624 1283 περὶ

2039 1298 2132 1351 τοῦ
2191 1297 2509 1368 τηλικούτου
2568 1299 2866 1371 μυστηρίου
2910 1301 3164 1370 ζήτησιν·
3209 1299 3486 1369 ὁμολογεῖν
3526 1301 3622 1365 δὲ,

2040 1391 2120 1443 ὅτι
2160 1391 2538 1460 πεφανέρωται
2582 1390 2713 1456 Θεὸς
2752 1393 2810 1444 ὲν
2843 1392 3002 1463 σαρκὶ
3047 1391 3186 1444 κατά
3219 1391 3316 1462 τὴν
3341 1392 3629 1446 ἀποστολι-

2041 1482 2141 1554 κὴν
2174 1482 2488 1554 παράδοσιν,
2535 1484 2627 1538 καὶ
2653 1483 2749 1554 τὴν
2776 1483 3138 1554 δικαιοσύνην,
3174 1483 3240 1552 ἢν
3261 1483 3414 1553 ἔσχεν
3440 1485 3468 1536 6
3502 1482 3628 1538 Κύ-

2044 1593 2156 1645 ριος
2207 1577 2264 1629 ὲν
2299 1575 2596 1647 Πνεύματι,
2628 1575 2920 1641 τουτέστιν,
2948 1576 3048 1630 οὐκ
3071 1575 3388 1651 ἀνθρωπίνῃ
3414 1580 3621 1651 τροπῇ,

2040 1667 2174 1747 ἀλλά
2223 1668 2376 1740 θεῖκῇ
2409 1673 2474 1740 τῇ
2522 1670 2891 1742 καθαρότητι⁹
2938 1669 3196 1724 ἀδύνατον
3246 1671 3354 1743 γὰρ
3408 1673 3624 1744 ἑτέρως

367 1758 660 1812 humanam
713 1766 989 1823 naturam,
1020 1774 1211 1828 puram
1265 1770 1318 1814 et
1354 1761 1475 1815 sine
1530 1769 1752 1832 peccato
1793 1762 1932 1816 exhi-

2038 1756 2097 1808 τὸ
2125 1757 2360 1828 καθαρὸν
2390 1760 2480 1811 καὶ
2505 1761 2887 1830 ἀναμάρτητον
2919 1760 3004 1812 ἐπ’
3031 1761 3378 1833 ἀνθρωπίνης
3402 1763 3621 1832 φύσεως

365 1848 505 1914 beﬁ,
549 1848 655 1905 nisi
687 1849 832 1904 Deus
885 1851 940 1910 in
1000 1865 1162 1906 carne
1192 1867 1314 1907 esse
1347 1852 1624 1917 credatur,
1651 1855 1742 1922 qui
1771 1853 1936 1922 justi-

364 1939 494 1995 tiam
529 1942 738 2012 peccati
771 1949 1050 2012 expertem
1097 1945 1152 1998 in
1205 1945 1464 1998 mundum
1509 1945 1806 2008 induxerit,
1841 1962 1935 2000 cu-

360 2031 454 2102 jus
511 2033 804 2103 participes
861 2033 1060 2101 eﬂ'ecti,
1118 2037 1362 2092 vivemus
1418 2044 1471 2091 et
1521 2039 1654 2092 salvi
1707 2039 1931 2092 erimus.

365 2121 503 2177 Illud
532 2126 676 2178 enim
714 2143 726 2178 :
765 2143 782 2174 ι
815 2122 934 2178 Non
957 2135 1041 2180 est
1062 2128 1244 2195 justus
1270 2129 1322 2182 in
1349 2137 1494 2183 terra
1525 2132 1617 2198 qui
1646 2129 1807 2183 faciat
1834 2132 1932 2183 bo-

363 2231 496 2271 num
554 2225 608 2271 et
669 2233 778 2272 non
811 2227 997 2288 peccet
1026 2220 1068 2282 ‘,
1094 2241 1112 2271 ι
1152 2222 1207 2274 in
1261 2236 1551 2276 contmune
1582 2223 1648 2277 de
1681 2224 1935 2279 omnibus

363 2307 679 2364 hominibus
736 2311 941 2364 dictum
987 2322 1071 2366 est
1108 2332 1120 2365 :
1156 2313 1318 2376 unde,
1368 2332 1386 2363 ι
1433 2312 1507 2367 De
1537 2315 1677 2367 (σξιο
1709 2315 1870 2379 venit,
1910 2335 1929 2366 ι

363 2400 560 2470 inquit,
597 2418 620 2452 ι
660 2400 804 2471 quod
862 2403 1264 2458 immaculatam
1324 2405 1597 2474 justitiam
1640 2421 1706 2460 ex
1756 2422 1815 2461 se
1845 2407 1936 2461 dat

363 2491 621 2548 Verbum.
661 2513 680 2546 ι
715 2493 780 2546 Ει
827 2493 1034 2564 liquido
1088 2497 1221 2550 dicut
1255 2512 1267 2547 :
1309 2515 1326 2548 ι
1364 2495 1533 2549 Nemo
1580 2499 1828 2552 ascendit
1879 2499 1932 2552 in

359 2582 582 2646 caelum,
620 2584 726 2638 nisi
784 2585 876 2654 qui
933 2585 1215 2641 descendit
1245 2587 1311 2641 de
1341 2587 1482 2640 ccelo
1535 2586 1707 2644 Filius
1753 2589 1930 2643 homi-

360 2675 502 2728 nis‘.
547 2693 564 2726 ι
593 2671 658 2729 Ει
692 2690 909 2728 rursum
942 2694 956 2730 ε
995 2693 1015 2726 ι
1054 2674 1111 2728 Si
1146 2675 1393 2731 videritis
1444 2674 1641 2731 Filium
1695 2678 1932 2734 hominis

2038 1849 2458 1920 παραδεχθῆναι,
2494 1853 2541 1902 εί
2585 1850 2658 1921 μὴ
2702 1851 2832 1915 Θεὸς
2862 1853 2918 1904 ὲν
2953 1852 3115 1923 σαρκὶ
3153 1852 3453 1906 πιστεύοιτο
3477 1848 3625 1907 εἶναι

2033 1943 2062 1994 6
2077 1941 2172 2012 τὴν
2196 1943 2572 2013 ἀναμάρτητον
2591 1943 2932 2014 δικαιοσύνην
2962 1945 3039 2007 είς
3059 1944 3148 1997 τὸν
3175 1945 3376 2014 κόσμον
3391 1946 3622 2012 εἰσαγα-

2033 2030 2172 2100 γὼν,
2201 2025 2268 2103 ἧς
2305 2031 2621 2102 μετέχοντες
2667 2030 2941 2103 ζησόμεθα
2985 2034 3079 2086 καὶ
3110 2034 3426 2103 σωσόμεθα
3454 2032 3618 2105 (61⁸).

2037 2123 2113 2175 Τὸ
2132 2123 2257 2195 γὰρ,
2284 2142 2301 2174 ι
2331 2124 2443 2175 Οὐκ
2471 2123 2584 2176 ἔστι
2603 2125 2806 2188 δίκαιος
2829 2126 2920 2176 ἐπὶ
2947 2127 3045 2196 τῆς
3066 2125 3187 2196 γῆς,
3233 2125 3293 2188 ὃς
3315 2127 3528 2196 ποιήσει
3553 2127 3621 2180 τὸ

2034 2215 2254 2284 ἀγαθὸν,
2313 2216 2406 2269 καὶ
2441 2217 2539 2287 οὐχ
2579 2217 2972 2288 ἁμαρτήσεται,
3010 2235 3028 2268 ι
3062 2217 3238 2270 κοινὸν
3271 2217 3439 2289 δήπου
3470 2219 3621 2272 κατὰ

2037 2307 2252 2360 πάντων
2284 2306 2583 2378 ἀνθρώπων
2608 2309 2754 2361 ἐστίν
2779 2325 2792 2338 ν
2823 2308 2962 2373 ὅθεν,
3004 2327 3022 2360 ι
3067 2309 3153 2374 Ἐξ
3187 2307 3411 2380 οὐρανοῦ
3442 2326 3622 2362 κατα-

2034 2399 2256 2468 ϐέϐηκε,
2300 2420 2318 2451 ι
2355 2401 2538 2471 φησιν,
2569 2420 2586 2452 ι
2620 2401 2647 2452 6
2679 2399 2777 2471 τὴν
2809 2400 3071 2471 ἄχραντον
3099 2400 3442 2472 δικαιοσύνην
3475 2403 3618 2474 παρ’

2034 2491 2224 2543 ἑαυτοῦ
2255 2491 2591 2562 δωρούμενος
2620 2492 2809 2560 Λόγος.
2843 2512 2860 2542 ι
2891 2491 2996 2543 Καὶ
3025 2491 3169 2559 λέγει
3195 2492 3378 2560 σαφῶς
3397 2509 3410 2522 ·
3446 2512 3464 2544 ι
3499 2493 3616 2546 Οὐ·-

2031 2582 2138 2646 δεὶς
2159 2584 2494 2654 ἀναϐέϐηκεν
2524 2585 2602 2646 είς
2627 2583 2717 2636 τὸν
2750 2582 2978 2654 οὐρανὸν
3007 2585 3054 2636 εί
3080 2582 3154 2654 μὴ
3183 2585 3211 2636 6
3230 2585 3293 2637 ὲκ
3319 2583 3411 2638 τοῦ
3443 2585 3620 2656 οὐρα-

2031 2668 2122 2722 νοῦ
2155 2669 2420 2732 καταϐὰς,
2451 2673 2479 2723 6
2518 2670 2646 2734 Υἱὸς
2683 2670 2776 2724 τοῦ
2827 2669 3145 2741 ἀνθρώπου·
3193 2692 3212 2723 ι
3262 2673 3355 2725 καὶ
3405 2673 3610 2728 πάλινο

361 2764 742 2818 ascendentem
792 2762 882 2817 ubi
939 2770 1057 2817 erat
1109 2766 1260 2832 prius
1278 2764 1318 2815 ‘.
1367 2783 1386 2815 ι
1423 2762 1488 2816 Ει
1534 2780 1598 2815 ει
1644 2763 1755 2834 Ego
1805 2782 1926 2820 sum

2038 2779 2054 2812 t
2110 2762 2233 2814 Ἐἀν
2261 2761 2497 2833 θεωρῆτε
2527 2762 2638 2833 (62)
2669 2763 2759 2815 τὸν
2788 2763 2914 2817 Υἰὸν
2945 2762 3038 2816 τοῦ
3065 2762 3351 2835 ἀνθρώπου
3381 2765 3616 2819 ἀναϐαί-

359 2855 538 2925 panis,
572 2853 665 2923 qui
687 2852 753 2908 de
769 2853 908 2908 cmlo
942 2851 1219 2919 descendi,
1244 2854 1420 2919 vivus,
1450 2861 1503 2908 et
1525 2855 1617 2924 qui
1646 2854 1736 2909 dat
1765 2857 1926 2910 vitam

2038 2870 2206 2919 νοντα,
2241 2855 2374 2907 ὅπου
2405 2849 2473 2924 ἦν
2499 2855 2559 2906 τὸ
2606 2855 2869 2924 πρότερον
2888 2871 2900 2884 ·
2937 2874 2954 2905 ι
2989 2855 3102 2923 καὶ,
3146 2855 3287 2924 Ἐγώ
3315 2859 3427 2928 εἰμι
3454 2861 3483 2910 6
3505 2857 3616 2927 ἄρ-

360 2943 619 2998 tnundo'.
662 2962 681 2994 ι
734 2940 949 3009 Quibus
1001 2958 1157 2997 suam
1208 2943 1382 3014 ipsius
1433 2943 1690 2997 deitatem
1745 2955 1929 3015 aperte

2038 2962 2137 3011 τος,
2163 2948 2190 2998 ὁ
2211 2945 2276 2998 ἐκ
2295 2944 2391 2998 τοῦ
2420 2944 2649 3016 οὐρανοῦ
2685 2945 2945 3008 καταϐὰς,
2971 2949 2998 3000 6
3021 2947 3128 3010 ζῶν
3152 2949 3244 3001 καὶ
3265 2947 3406 3019 ζωὴν
3425 2947 3613 3013 διδοὺς

359 3050 462 3090 nos
483 3033 696 3098 edocet,
730 3048 832 3088 nec
861 3042 1041 3088 tamen
1073 3032 1251 3087 aufert
1285 3032 1432 3104 quod
1472 3035 1773 3088 secundum
1804 3053 1928 3090 car-

2038 3037 2106 3107 τῷ
2165 3037 2385 3108 κόσμων
2443 3056 2460 3087 ι
2501 3037 2686 3105 σαφῶς
2733 3037 2817 3090 διὰ
2872 3036 3072 3090 τούτων
3119 3037 3230 3108 (6'5)
3273 3037 3611 3092 ἐκδιδάσκων

356 3147 480 3186 nem
512 3131 916 3201 assumpseratj;
947 3131 1041 3187 sed
1072 3133 1312 3202 seipsum
1337 3148 1462 3188 eum
1492 3148 1657 3190 carne
1698 3134 1928 3201 conjun-

2038 3131 2176 3199 ὴμᾶς
2203 3129 2301 3198 τὴν
2340 3127 2565 3198 θεότητα
2607 3128 2703 3198 τὴν
2739 3126 2954 3190 ἑαυτοῦ,
2985 3130 3084 3181 οὐκ
3113 3129 3348 3198 ἀναιρῶν
3369 3129 3430 3182 τὸ
3458 3130 3612 3183 κατὰ

356 3223 434 3292 git
466 3239 476 3274 :
507 3222 948 3292 quandoquidem
981 3223 1138 3292 juxta
1166 3221 1395 3278 Paulum
1424 3225 1478 3279 in
1511 3224 1926 3280 similitudinem

358 3313 641 3366 hominum
693 3311 873 3366 factus
927 3321 1042 3376 est,
1092 3321 1146 3367 et
1197 3314 1384 3368 habitu
1437 3315 1692 3370 inventus
1735 3322 1816 3369 est
1870 3321 1928 3368 ut

359 3402 576 3457 homo“.
615 3398 788 3455 Homo
812 3410 992 3456 autem
1023 3418 1130 3456 una
1161 3418 1394 3473 persona
1426 3412 1480 3459 et
1508 3419 1674 3457 unum
1729 3405 1928 3458 animal

356 3501 463 3555 est,
495 3508 562 3547 ex
604 3492 799 3563 spiritu
834 3501 888 3548 et
919 3508 1082 3548 carne
1128 3495 1493 3564 compositum
1528 3495 1666 3566 (59')
1693 3514 1705 3549 :
1735 3495 1804 3549 ad
1833 3511 1929 3550 cu-

352 3587 448 3655 jus
469 3585 883 3642 similitudinem
907 3586 1318 3657 intelligendum
1343 3596 1426 3642 est
1450 3587 1732 3644 Christum
1761 3603 1924 3653 unam

355 3693 481 3733 esse
531 3693 842 3747 personam,
871 3690 925 3732 et
983 3693 1091 3732 non
1139 3679 1296 3744 duas,
1335 3690 1394 3734 ιιι
1425 3679 1536 3749 jam
1572 3678 1928 3734 incredulitas

357 3769 734 3839 magnitudine
791 3769 989 3824 divina:
1033 3771 1219 3840 gratia:
1261 3770 1541 3835 destituta,
1565 3780 1618 3826 et
1668 3770 1723 3824 in
1755 3770 1929 3842 genti-

356 3861 488 3918 lium
517 3861 836 3916 scandalum
861 3862 1137 3932 prolapsa,
1171 3868 1356 3930 aperte
1383 3869 1438 3915 et
1476 3875 1688 3915 summa
1719 3861 1771 3915 vi
1793 3877 1926 3916 eon-

358 3951 554 4006 teudit.
586 3950 722 4006 Cum
763 3951 907 4007 enim
932 3966 1042 4004 non
1063 3951 1250 4006 credat
1296 3951 1557 4021 possibile
1607 3966 1728 4006 esse
1759 3950 1926 4006 Deum

359 4042 632 4099 hominem
661 4041 799 4106 ﬁeri,
831 4040 1249 4112 juxtaJoannis
1272 4043 1437 4096 verba
1481 4041 1638 4096 initio
1695 4041 1869 4110 posita
1908 4057 1920 4093 :

361 4153 378 4185 ι
417 4133 651 4188 Verbum
683 4150 813 4188 caro
854 4133 1055 4188 factum
1093 4135 1237 4198 est”,
1271 4153 1288 4185 ι
1320 4132 1618 4198 ἱόοοΑἱώι,
1650 4131 1923 4186 hominem

356 4226 574 4295 quidem
607 4243 730 4280 eum
755 4242 876 4282 esse
899 4243 963 4281 ex
994 4225 1214 4296 Virgine
1237 4227 1503 4297 genitum,
1542 4233 1596 4280 et
1625 4241 1691 4282 ex
1731 4236 1925 4280 natura

355 4331 458 4375 sua
510 4316 648 4370 nihil
696 4316 940 4372 divinum
998 4317 1233 4384 habere;
1265 4316 1435 4370 Deum
1483 4333 1611 4371 vero
1668 4317 1720 4371 in
1782 4317 1924 4372 hunc

2034 3219 2210 3289 σάρκα
2258 3218 2708 3290 προσειληφέναι,
2765 3216 2874 3270 ἀλλ’
2925 3217 3059 3272 ἑνῶν
3107 3219 3296 3272 ἑαυτὸν
3338 3219 3473 3290 πρὸς
3502 3220 3612 3290 τὴν

2032 3310 2208 3381 σάρκα
2233 3327 2246 3339 ο
2302 3309 2488 3381 ἐπειδὴ
2539 3309 2679 3363 κατά
2713 3309 2924 3363 Παῦλον
2955 3309 3064 3381 (64)
3099 3312 3156 3362 ὲν
3178 3310 3478 3382 ὁμοιώματι
3508 3312 3611 3364 ἀν-

2031 3401 2259 3475 θρώπων
2279 3403 2488 3471 γέγονε,
2525 3403 2618 3455 καὶ
2639 3405 2874 3473 σχήματι
2921 3403 3162 3472 εὑρεθεὶς
3186 3403 3260 3466 ὡς
3293 3402 3607 3473 ἄνθρωπος.

2041 3495 2099 3546 '0
2121 3493 2176 3546 δὲ
2201 3492 2480 3565 ἄνθρωπος
2529 3493 2585 3546 ἓν
2640 3494 2947 3565 πρόσωπον,
2987 3495 3080 3546 καὶ
3125 3495 3262 3558 ζῶον
3287 3493 3364 3558 ἓν,
3400 3493 3510 3548 ἀπό
3539 3511 3612 3550 τε

2030 3587 2336 3657 πνεύματος
2374 3586 2468 3638 καὶ
2529 3585 2764 3657 σαρκόςσ
2820 3586 2958 3639 κατά
2997 3586 3054 3640 δὲ
3102 3585 3161 3638 τὸ
3203 3585 3454 3656 ὁμοίωμα
3503 3587 3612 3641 αὑ-

2027 3677 2120 3731 τοῦ
2151 3678 2260 3749 (65)
2305 3679 2520 3748 νοητέον
2547 3677 2634 3730 τὸν
2673 3676 2901 3748 Χριστὸν
2930 3677 3042 3742 ἕνα,
3078 3677 3171 3730 καὶ
3221 3680 3280 3731 οὐ
3312 3678 3403 3732 δύο
3431 3679 3613 3751 πρόσ-

2027 3787 2171 3830 ωπα,
2213 3769 2348 3838 ὅπερ
2387 3768 2538 3839 ήνῦν
2589 3767 2812 3820 ἀπιστία
2845 3767 3109 3838 βιάζεται,
3164 3767 3349 3837 σαφῶς
3389 3768 3612 3821 ἀπολει-

2029 3861 2240 3932 πομένη
2267 3861 2362 3914 τοῦ
2396 3861 2654 3932 μεγέθους
2681 3861 2782 3931 τῆς
2808 3860 2957 3924 θείας
2981 3861 3218 3932 χάριτος,
3245 3863 3339 3914 καὶ
3361 3861 3436 3932 τῷ
3479 3860 3610 3914 Ἐλ-

2027 3953 2228 4025 ληνικῷ
2263 3954 2540 4024 σκανδάλῳ
2565 3954 2983 4024 περιπίπτουσα.
3026 3955 3240 4026 Ἐπειδὴ
3265 3953 3373 4025 γὰρ
3411 3955 3469 4007 οὐ
3505 3971 3607 4006 πι-

2030 4045 2206 4100 στεύει
2258 4046 2482 4099 δυνατὸν
2524 4041 2661 4098 εἶναι
2717 4045 2807 4098 τὸν
2865 4045 2996 4098 Θεὸν
3027 4046 3310 4116 ἄνθρωπον
3345 4045 3606 4115 γενέσθαι

2028 4137 2170 4191 κατά
2222 4138 2319 4208 τὴν
2363 4136 2421 4201 ἐξ
2453 4137 2627 4210 ἀρχῆς
2682 4137 2864 4206 φωνὴν
2903 4137 3170 4201 Ἰωάννου,
3212 4137 3478 4206 λέγοντος,
3513 4138 3605 4191 ὅτι

2032 4248 2050 4280 ι
2099 4231 2157 4283 '0
2186 4230 2354 4297 Λόγος
2392 4229 2526 4301 σὰρξ
2568 4230 2801 4298 ἐγένετο,
2833 4248 2849 4280 ι
2885 4229 2968 4282 διὰ
2995 4229 3150 4282 τοῦτό
3188 4247 3350 4298 φησιν
3374 4229 3482 4301 (66)
3512 4229 3607 4283 ἄν⁹

2025 4320 2240 4391 θρωπον
2297 4320 2395 4390 μὲν
2424 4316 2561 4373 εἶναι
2615 4321 2679 4374 ὲκ
2722 4323 2822 4391 τῆς
2853 4319 3127 4390 Παρθένου
3175 4319 3452 4389 τεχθέντα,
3498 4319 3604 4372 καὶ

356 4406 535 4475 ipsum
584 4408 956 4463 descendisse.
1013 4406 1185 4463 Porro
1238 4407 1331 4476 qui
1373 4407 1490 4461 hanc
1546 4407 1758 4472 dicunt,
1819 4407 1922 4463 sibi

2038 4413 2192 4484 μηδὲν
2228 4413 2368 4484 ἔχειν
2382 4417 2445 4485 τῇ
2477 4415 2633 4484 φύσει
2664 4414 2840 4468 θεῖκόν
2859 4433 2871 4444 ·
2905 4415 3035 4468 Θεὸν
3062 4415 3118 4468 δὲ
3135 4415 3214 4476 εἰς
3244 4413 3404 4466 αὐτὸν
3430 4429 3604 4465 κατα-

354 4497 459 4567 ipsi
491 4497 718 4554 adversa
737 4500 1040 4569 proferunt,
1071 4499 1228 4570 quasi
1254 4498 1432 4554 Verbo
1455 4501 1918 4566 contradicentes,

2038 4477 2337 4575 δεδηκένάι.
2383 4477 2445 4558 Οί
2489 4477 2551 4557 ’δὲ
2593 4505 2765 4558 ταῦτα
2810 4505 3076 4573 λέγοντες,
3097 4505 3234 4558 αὐτά
3264 4503 3335 4556 τὰ
3375 4504 3598 4557 ἐναντία

352 4588 484 4644 dum
517 4589 687 4654 aiunt,
735 4589 932 4644 Filium
991 4590 1230 4645 hominis
1285 4605 1393 4645 non
1423 4605 1454 4645 e
1490 4591 1628 4646 cmlo
1684 4590 1918 4646 descen-

358 4682 604 4746 dentem,
639 4682 733 4738 sed
761 4699 790 4739 e
833 4691 976 4738 terra
1009 4691 1348 4755 surgentem,
1372 4683 1543 4740 Deum
1577 4699 1607 4740 e
1636 4685 1778 4738 coelo
1825 4684 1923 4739 de-

352 4774 699 4832 scendentem
723 4775 776 4828 in
801 4791 860 4830 se
890 4778 1180 4850 recepisse.

421 4866 475 4921 3.
518 4865 628 4921 Nos
652 4866 832 4938 itaque
855 4870 1008 4924 decet
1034 4871 1231 4928 divinis
1287 4871 1552 4927 inhaerere
1584 4869 1789 4936 verbis,
1814 4885 1916 4925 nec

426 5025 448 5054 ⁸
485 5023 665 5080 Eccle.
702 5042 775 5079 vn
804 5024 892 5078 2|.
971 5027 991 5056 ⁸
1017 5025 1173 5080 Joan.
1226 5041 1280 5083 nt
1305 5065 1320 5088 ,
1353 5027 1439 5081 1'5.
1517 5027 1537 5058 ⁶
1571 5025 1729 5082 Joan.
1763 5042 1817 5080 vr
1841 5068 1856 5092 ,
1894 5025 1932 5080 6:

2057 5026 2078 5058 ⁷
2115 5026 2246 5081 ibid.
2279 5027 2341 5081 5l
2368 5068 2382 5093 ,
2414 5027 2500 5081 5'5.
2577 5027 2597 5058 ⁸
2636 5024 2868 5098 Philipp.
2909 5042 2946 5080 tt
2971 5067 2986 5092 ,
3023 5028 3073 5083 7.

2028 4596 2292 4665 λέγουσιν,
2322 4597 2509 4668 ὥσπερ
2536 4597 2901 4667 ἀντιλέγοντες
2934 4597 3010 4668 τῷ
3035 4599 3211 4668 Λόγῳ,
3242 4597 3322 4648 ὅτι
3343 4596 3459 4666 οὐχὶ
3491 4612 3600 4648 κα-

2027 4686 2344 4758 ταδεδηκὼς
2388 4689 2447 4754 ἐξ
2482 4688 2708 4759 ούρανοῦ
2757 4688 2881 4751 Υἱὸς
2912 4687 3218 4758 ἀνθρώπου,
3248 4685 3361 4739 ἀλλ’
3389 4686 3452 4740 ἐκ
3483 4688 3597 4760 γῆς

2026 4780 2282 4844 ἀναστὰς,
2313 4779 2603 4846 ὑπεδέξατο
2628 4780 2736 4850 (67)
2770 4779 2859 4834 τὸν
2889 4779 2947 4844 ἐξ
2969 4778 3196 4852 οὐρανοῦ
3221 4779 3370 4832 Θεόν.

2092 4870 2145 4924 2.
2199 4873 2374 4942 Ἠμᾶς
2394 4867 2484 4925 οῦν
2539 4871 2715 4936 καλῶς
2748 4869 2858 4941 ἔχει
2903 4872 3014 4934 τοῖς
3040 4869 3200 4934 θείοις
3223 4868 3446 4923 ἕπεσθαι
3486 4870 3596 4941 ῥή-

3165 5027 3366 5082 ’Joan.
3403 5045 3441 5093 ι,
3478 5030 3569 5084 l4.

427 5137 560 5208 (59‘)
599 5140 657 5192 In
681 5137 937 5209 Symbolo
968 5159 980 5194 :
1018 5139 1157 5194 Nam
1188 5142 1323 5194 sicut
1347 5141 1525 5196 anima
1555 5142 1834 5197 rationalis
1863 5148 1912 5195 et

2038 5159 2128 5200 ιον.
2159 5140 2323 5205 Editi,
2349 5141 2488 5194 κατά
2511 5141 2737 5195 Παῦλον.

350 5225 477 5266 βαι-ο
501 5224 635 5262 unus
664 5221 737 5262 est
771 5210 944 5273 homo,
969 5218 1074 5264 etc.

422 5277 532 5350 (60)
571 5278 768 5350 ῥύτῆς,
799 5281 949 5334 deest
981 5281 1033 5332 in
1071 5279 1290 5350 Seguer.

2091 5212 2202 5283 (65)
2245 5211 2501 5283 segnem,
2524 5212 2721 5283 αὐτῶν.
2753 5211 2894 5283 Infra
2949 5210 3176 5283 Gobler.
3207 5219 3261 5265 et
3292 5211 3436 5283 fele.
3471 5214 3587 5281 pri-

2021 5280 2162 5342 mus,
2185 5280 2594 5351 ἀπολιπομένη.
2615 5281 2734 5334 Mox
2761 5280 3006 5350 Seguer.,
3024 5281 3262 5351 Anglic.,
3291 5280 3510 5336 Gohler.
3532 5293 3588 5337 et

424 5347 549 5422 (61)_
571 5347 735 5422 Basil.
769 5350 1061 5422 Anglictet'
1092 5347 1337 5421 segnem,
1365 5350 1420 5404 δὲ
1450 5350 1543 5422 καὶ¹
1571 5353 1716 5422 ὑμῖν.
1748 5349 1915 5405 Paulo

2038 5355 2166 5409 Felc.
2204 5354 2253 5414 Ι,
2286 5353 2384 5422 τῆς
2414 5347 3000 5422 θείαςχάριτοςίΕᾱὶιὶ
3035 5358 3089 5406 et
3115 5347 3298 5406 Ceteri
3330 5366 3583 5408 manusc.

351 5427 506 5500 post,
525 5418 753 5500 6é,'ante
782 5418 879 5500 τὰς
913 5418 1375 5500 βεϐήλουςζ-ἢᾱεεει
1402 5422 1458 5476 in
1483 5418 1695 5490 Anglic.

449 5486 728 5560 6l7')_Leg.
764 5486 1139 5560 σωθησόμεθα.
1185 5491 1336 5544 Ευιτ.

577 5556 966 5631 Ποείιίριιεὶεἰθι
986 5556 1227 5631 Anglic"
1264 5562 1359 5615 ἐὰν
1387 5557 1480 5614 οὖν
1511 5560 1767 5631 θεωρῆτε.

580 5628 828 5701 §eguer.,
860 5630 1056 5696 Σαφῶς
1076 5627 1132 5683 δέ
1165 5650 1265 5684 που
1299 5631 1383 5684 διὰ
1411 5631 1473 5701 δὴ
1504 5627 1725 5683 τούτων.

449 5698 538 5770 64)
580 5698 1166 5770 Basilicusis,Anglic.,
1203 5698 1904 5779 Seguer.,'xata‘A1t6ara-_-

2020 5425 2180 5485 male,
2211 5423 2307 5493 τῆς
2331 5421 2594 5493 ἀληθείας
2609 5421 2844 5492 χάριτος.

2088 5493 2200 5558 (66)
2240 5491 2314 5545 Ita
2348 5507 2481 5545 mss.
2512 5491 2653 5547 Editi
2684 5491 2885 5557 autem,
2927 5491 3051 5561 ἔφη.

2087 5564 2199 5636 (67)
2241 5561 2527 5636 Basiliens.
2577 5572 2629 5618 et
2672 5561 2920 5635 Seguer.,
2961 5559 3221 5630 ὕτὲεδέξω,
3257 5576 3380 5632 qua
3415 5562 3584 5618 lectio

2009 5631 2118 5693 non
2151 5631 2471 5706 spernenda.
