  <div class='ocr_page' id='page_1' title='image "/cluster/home/n/w/nwhite01/storage/ocr_20150623/28/nnc1.0046978690/075.png"; bbox 0 0 3890 6186; ppageno 0'>
   <div class='ocr_carea' id='block_1_1' title="bbox 266 268 3543 332">
    <p class='ocr_par' dir='ltr' id='par_1_1' title="bbox 266 268 3543 332">
     <span class='ocr_line' id='line_1_1' title="bbox 266 268 3543 332; baseline 0.002 -7"><span class='ocrx_word' id='word_1_1' title='bbox 266 270 338 326; x_wconf 81' lang='lat'><strong>95</strong></span> <span class='ocrx_word' id='word_1_2' title='bbox 1442 269 1504 325; x_wconf 87' lang='lat' dir='ltr'><strong>S.</strong></span> <span class='ocrx_word' id='word_1_3' title='bbox 1545 270 2003 327; x_wconf 80' lang='lat' dir='ltr'><strong>ATHANASIUS.</strong></span> <span class='ocrx_word' id='word_1_4' title='bbox 2045 301 2110 314; x_wconf 89' lang='lat'><strong>-</strong></span> <span class='ocrx_word' id='word_1_5' title='bbox 2157 268 2385 326; x_wconf 83' lang='lat' dir='ltr'><strong>DUBIA.</strong></span> <span class='ocrx_word' id='word_1_6' title='bbox 3463 278 3543 332; x_wconf 85' lang='lat'><strong>96</strong></span> 
     </span>
    </p>
   </div>
   <div class='ocr_carea' id='block_1_2' title="bbox 271 384 1853 462">
    <p class='ocr_par' dir='ltr' id='par_1_2' title="bbox 271 384 1844 459">
     <span class='ocr_line' id='line_1_2' title="bbox 271 384 1844 459; baseline 0.003 -18"><span class='ocrx_word' id='word_1_7' title='bbox 271 387 339 443; x_wconf 82' lang='lat' dir='ltr'><strong>ad</strong></span> <span class='ocrx_word' id='word_1_8' title='bbox 372 384 790 443; x_wconf 69' lang='lat' dir='ltr'><strong>similitudinem</strong></span> <span class='ocrx_word' id='word_1_9' title='bbox 820 401 1038 459; x_wconf 90' lang='lat' dir='ltr'><strong>quoque</strong></span> <span class='ocrx_word' id='word_1_10' title='bbox 1072 402 1230 444; x_wconf 89' lang='lat' dir='ltr'><strong>suam</strong></span> <span class='ocrx_word' id='word_1_11' title='bbox 1259 387 1424 459; x_wconf 81' lang='lat' dir='ltr'><strong>illum</strong></span> <span class='ocrx_word' id='word_1_12' title='bbox 1470 390 1732 455; x_wconf 84' lang='lat' dir='ltr'><strong>restituit,</strong></span> <span class='ocrx_word' id='word_1_13' title='bbox 1768 391 1844 446; x_wconf 85' lang='lat' dir='ltr'><strong>si-</strong></span> 
     </span>
    </p>
   </div>
   <div class='ocr_carea' id='block_1_3' title="bbox 1956 384 3543 462">
    <p class='ocr_par' dir='ltr' id='par_1_3' title="bbox 1956 385 3543 462">
     <span class='ocr_line' id='line_1_3' title="bbox 1956 385 3543 462; baseline -0.001 -18"><span class='ocrx_word' id='word_1_14' title='bbox 1956 392 2204 462; x_wconf 71' lang='lat' dir='ltr'><strong>bpoiwatv</strong></span> <span class='ocrx_word' id='word_1_15' title='bbox 2236 390 2335 460; x_wconf 80' lang='grc' dir='ltr'>τὴν</span> <span class='ocrx_word' id='word_1_16' title='bbox 2368 386 2504 458; x_wconf 81' lang='grc' dir='ltr'>πρὸς</span> <span class='ocrx_word' id='word_1_17' title='bbox 2535 385 2696 440; x_wconf 85' lang='grc' dir='ltr'>αὐτὸν</span> <span class='ocrx_word' id='word_1_18' title='bbox 2725 388 2988 457; x_wconf 74' lang='grc' dir='ltr'><strong>ἐπανάγει</strong></span> <span class='ocrx_word' id='word_1_19' title='bbox 3023 389 3205 453; x_wconf 81' lang='grc' dir='ltr'>πάλιν,</span> <span class='ocrx_word' id='word_1_20' title='bbox 3243 392 3543 462; x_wconf 65' lang='grc' dir='ltr'>ὀμοιωθεὶς</span> 
     </span>
    </p>
   </div>
   <div class='ocr_carea' id='block_1_4' title="bbox 272 475 1847 553">
    <p class='ocr_par' dir='ltr' id='par_1_4' title="bbox 272 475 1847 553">
     <span class='ocr_line' id='line_1_4' title="bbox 272 475 1847 553; baseline 0.004 -21"><span class='ocrx_word' id='word_1_21' title='bbox 272 478 400 534; x_wconf 84' lang='lat' dir='ltr'><strong>mile</strong></span> <span class='ocrx_word' id='word_1_22' title='bbox 428 475 630 533; x_wconf 77' lang='lat' dir='ltr'><strong>factum</strong></span> <span class='ocrx_word' id='word_1_23' title='bbox 668 481 817 549; x_wconf 89' lang='lat' dir='ltr'><strong>operi</strong></span> <span class='ocrx_word' id='word_1_24' title='bbox 848 495 968 545; x_wconf 89' lang='lat' dir='ltr'><strong>suo,</strong></span> <span class='ocrx_word' id='word_1_25' title='bbox 1003 480 1132 551; x_wconf 84' lang='lat' dir='ltr'><strong>quia</strong></span> <span class='ocrx_word' id='word_1_26' title='bbox 1161 496 1227 537; x_wconf 80' lang='lat' dir='ltr'><strong>ex</strong></span> <span class='ocrx_word' id='word_1_27' title='bbox 1280 488 1471 538; x_wconf 81' lang='lat' dir='ltr'><strong>sancta</strong></span> <span class='ocrx_word' id='word_1_28' title='bbox 1528 491 1585 538; x_wconf 89' lang='lat' dir='ltr'><strong>et</strong></span> <span class='ocrx_word' id='word_1_29' title='bbox 1619 480 1847 553; x_wconf 85' lang='lat' dir='ltr'><strong>Deipara</strong></span> 
     </span>
    </p>
   </div>
   <div class='ocr_carea' id='block_1_5' title="bbox 272 567 1849 642">
    <p class='ocr_par' dir='ltr' id='par_1_5' title="bbox 272 567 1849 642">
     <span class='ocr_line' id='line_1_5' title="bbox 272 567 1849 642; baseline 0.002 -18"><span class='ocrx_word' id='word_1_30' title='bbox 272 568 441 624; x_wconf 74' lang='lat' dir='ltr'><strong>Maria</strong></span> <span class='ocrx_word' id='word_1_31' title='bbox 465 567 686 640; x_wconf 73' lang='lat' dir='ltr'><strong>Virgine</strong></span> <span class='ocrx_word' id='word_1_32' title='bbox 704 585 925 626; x_wconf 88' lang='lat' dir='ltr'><strong>carnem</strong></span> <span class='ocrx_word' id='word_1_33' title='bbox 951 572 1203 642; x_wconf 87' lang='lat' dir='ltr'><strong>sumpsit,</strong></span> <span class='ocrx_word' id='word_1_34' title='bbox 1236 579 1291 628; x_wconf 88' lang='lat' dir='ltr'><strong>et</strong></span> <span class='ocrx_word' id='word_1_35' title='bbox 1319 573 1486 629; x_wconf 92' lang='lat' dir='ltr'><strong>homo</strong></span> <span class='ocrx_word' id='word_1_36' title='bbox 1510 572 1715 629; x_wconf 81' lang='lat' dir='ltr'><strong>factum</strong></span> <span class='ocrx_word' id='word_1_37' title='bbox 1743 581 1849 639; x_wconf 88' lang='lat' dir='ltr'><strong>est,</strong></span> 
     </span>
    </p>
   </div>
   <div class='ocr_carea' id='block_1_6' title="bbox 272 659 1853 729">
    <p class='ocr_par' dir='ltr' id='par_1_6' title="bbox 272 659 1853 729">
     <span class='ocr_line' id='line_1_6' title="bbox 272 659 1853 729; baseline 0.003 -15"><span class='ocrx_word' id='word_1_38' title='bbox 272 673 503 716; x_wconf 85' lang='lat' dir='ltr'><strong>manens</strong></span> <span class='ocrx_word' id='word_1_39' title='bbox 524 668 707 715; x_wconf 90' lang='lat' dir='ltr'><strong>tamen</strong></span> <span class='ocrx_word' id='word_1_40' title='bbox 738 659 903 725; x_wconf 88' lang='lat' dir='ltr'><strong>Deus,</strong></span> <span class='ocrx_word' id='word_1_41' title='bbox 937 669 996 716; x_wconf 87' lang='lat' dir='ltr'><strong>ut</strong></span> <span class='ocrx_word' id='word_1_42' title='bbox 1020 661 1296 729; x_wconf 89' lang='lat' dir='ltr'><strong>homines,</strong></span> <span class='ocrx_word' id='word_1_43' title='bbox 1317 666 1420 720; x_wconf 86' lang='lat' dir='ltr'><strong>etsi</strong></span> <span class='ocrx_word' id='word_1_44' title='bbox 1453 664 1704 721; x_wconf 87' lang='lat' dir='ltr'><strong>homines</strong></span> <span class='ocrx_word' id='word_1_45' title='bbox 1736 679 1853 720; x_wconf 86' lang='lat' dir='ltr'><strong>ma-</strong></span> 
     </span>
    </p>
   </div>
   <div class='ocr_carea' id='block_1_7' title="bbox 273 750 1855 825">
    <p class='ocr_par' dir='ltr' id='par_1_7' title="bbox 273 750 1855 825">
     <span class='ocr_line' id='line_1_7' title="bbox 273 750 1855 825; baseline 0.003 -20"><span class='ocrx_word' id='word_1_46' title='bbox 273 756 463 815; x_wconf 83' lang='lat' dir='ltr'><strong>neant,</strong></span> <span class='ocrx_word' id='word_1_47' title='bbox 494 750 628 807; x_wconf 86' lang='lat' dir='ltr'><strong>deos</strong></span> <span class='ocrx_word' id='word_1_48' title='bbox 657 750 912 807; x_wconf 75' lang='lat' dir='ltr'><strong>alliceret.</strong></span> <span class='ocrx_word' id='word_1_49' title='bbox 948 750 1173 823; x_wconf 90' lang='lat' dir='ltr'><strong>Unaque</strong></span> <span class='ocrx_word' id='word_1_50' title='bbox 1198 769 1432 825; x_wconf 82' lang='lat' dir='ltr'><strong>persona</strong></span> <span class='ocrx_word' id='word_1_51' title='bbox 1461 762 1546 811; x_wconf 89' lang='lat' dir='ltr'><strong>est</strong></span> <span class='ocrx_word' id='word_1_52' title='bbox 1595 763 1721 811; x_wconf 85' lang='lat' dir='ltr'><strong>ante</strong></span> <span class='ocrx_word' id='word_1_53' title='bbox 1776 754 1855 810; x_wconf 81' lang='lat' dir='ltr'><strong>in-</strong></span> 
     </span>
    </p>
   </div>
   <div class='ocr_carea' id='block_1_8' title="bbox 276 844 1851 914">
    <p class='ocr_par' dir='ltr' id='par_1_8' title="bbox 276 844 1851 914">
     <span class='ocr_line' id='line_1_8' title="bbox 276 844 1851 914; baseline 0.003 -16"><span class='ocrx_word' id='word_1_54' title='bbox 276 844 651 899; x_wconf 84' lang='lat' dir='ltr'><strong>carnationem</strong></span> <span class='ocrx_word' id='word_1_55' title='bbox 680 854 736 899; x_wconf 87' lang='lat' dir='ltr'><strong>et</strong></span> <span class='ocrx_word' id='word_1_56' title='bbox 759 853 882 914; x_wconf 88' lang='lat' dir='ltr'><strong>post</strong></span> <span class='ocrx_word' id='word_1_57' title='bbox 905 844 1360 910; x_wconf 85' lang='lat' dir='ltr'><strong>incarnationem,</strong></span> <span class='ocrx_word' id='word_1_58' title='bbox 1393 844 1538 903; x_wconf 85' lang='lat' dir='ltr'><strong>Deus</strong></span> <span class='ocrx_word' id='word_1_59' title='bbox 1568 861 1736 904; x_wconf 89' lang='lat' dir='ltr'><strong>carne</strong></span> <span class='ocrx_word' id='word_1_60' title='bbox 1763 847 1851 902; x_wconf 89' lang='lat' dir='ltr'><strong>in-</strong></span> 
     </span>
    </p>
   </div>
   <div class='ocr_carea' id='block_1_9' title="bbox 277 932 1855 1005">
    <p class='ocr_par' dir='ltr' id='par_1_9' title="bbox 277 932 1855 1005">
     <span class='ocr_line' id='line_1_9' title="bbox 277 932 1855 1005; baseline 0.001 -16"><span class='ocrx_word' id='word_1_61' title='bbox 277 932 810 1004; x_wconf 86' lang='lat' dir='ltr'><strong>comprehensibilis,</strong></span> <span class='ocrx_word' id='word_1_62' title='bbox 839 933 896 987; x_wconf 90' lang='lat' dir='ltr'><strong>in</strong></span> <span class='ocrx_word' id='word_1_63' title='bbox 925 947 1148 988; x_wconf 86' lang='lat' dir='ltr'><strong>carnem</strong></span> <span class='ocrx_word' id='word_1_64' title='bbox 1213 932 1585 997; x_wconf 86' lang='lat' dir='ltr'><strong>indivisibilis,</strong></span> <span class='ocrx_word' id='word_1_65' title='bbox 1616 934 1672 988; x_wconf 90' lang='lat' dir='ltr'><strong>in</strong></span> <span class='ocrx_word' id='word_1_66' title='bbox 1728 948 1855 1005; x_wconf 91' lang='lat' dir='ltr'><strong>pas-</strong></span> 
     </span>
    </p>
   </div>
   <div class='ocr_carea' id='block_1_10' title="bbox 278 1025 1854 1097">
    <p class='ocr_par' dir='ltr' id='par_1_10' title="bbox 278 1025 1854 1097">
     <span class='ocr_line' id='line_1_10' title="bbox 278 1025 1854 1097; baseline -0.002 -14"><span class='ocrx_word' id='word_1_67' title='bbox 278 1026 528 1083; x_wconf 81' lang='lat' dir='ltr'><strong>sionibus</strong></span> <span class='ocrx_word' id='word_1_68' title='bbox 555 1025 739 1081; x_wconf 91' lang='lat' dir='ltr'><strong>carnis</strong></span> <span class='ocrx_word' id='word_1_69' title='bbox 780 1025 1159 1094; x_wconf 89' lang='lat' dir='ltr'><strong>impassibilis,</strong></span> <span class='ocrx_word' id='word_1_70' title='bbox 1188 1026 1283 1097; x_wconf 89' lang='lat' dir='ltr'><strong>qui</strong></span> <span class='ocrx_word' id='word_1_71' title='bbox 1340 1033 1574 1081; x_wconf 89' lang='lat' dir='ltr'><strong>mortem</strong></span> <span class='ocrx_word' id='word_1_72' title='bbox 1625 1026 1755 1081; x_wconf 86' lang='lat' dir='ltr'><strong>vicit</strong></span> <span class='ocrx_word' id='word_1_73' title='bbox 1798 1034 1854 1081; x_wconf 90' lang='lat' dir='ltr'><strong>et</strong></span> 
     </span>
    </p>
   </div>
   <div class='ocr_carea' id='block_1_11' title="bbox 281 1117 1851 1188">
    <p class='ocr_par' dir='ltr' id='par_1_11' title="bbox 281 1117 1851 1188">
     <span class='ocr_line' id='line_1_11' title="bbox 281 1117 1851 1188; baseline -0.002 -14"><span class='ocrx_word' id='word_1_74' title='bbox 281 1118 441 1174; x_wconf 87' lang='lat' dir='ltr'><strong>tertia</strong></span> <span class='ocrx_word' id='word_1_75' title='bbox 465 1118 555 1172; x_wconf 91' lang='lat' dir='ltr'><strong>die</strong></span> <span class='ocrx_word' id='word_1_76' title='bbox 586 1117 887 1174; x_wconf 82' lang='lat' dir='ltr'><strong>resurrexit</strong></span> <span class='ocrx_word' id='word_1_77' title='bbox 922 1136 935 1172; x_wconf 91' lang='lat'><strong>:</strong></span> <span class='ocrx_word' id='word_1_78' title='bbox 968 1118 1061 1188; x_wconf 92' lang='lat' dir='ltr'><strong>qui</strong></span> <span class='ocrx_word' id='word_1_79' title='bbox 1112 1117 1358 1173; x_wconf 87' lang='lat' dir='ltr'><strong>ascendit</strong></span> <span class='ocrx_word' id='word_1_80' title='bbox 1419 1118 1476 1171; x_wconf 90' lang='lat' dir='ltr'><strong>in</strong></span> <span class='ocrx_word' id='word_1_81' title='bbox 1527 1117 1729 1173; x_wconf 59' lang='lat' dir='ltr'><strong>coelum</strong></span> <span class='ocrx_word' id='word_1_82' title='bbox 1792 1118 1851 1171; x_wconf 91' lang='lat' dir='ltr'><strong>in</strong></span> 
     </span>
    </p>
   </div>
   <div class='ocr_carea' id='block_1_12' title="bbox 278 1210 1855 1282">
    <p class='ocr_par' dir='ltr' id='par_1_12' title="bbox 278 1210 1855 1282">
     <span class='ocr_line' id='line_1_12' title="bbox 278 1210 1855 1282; baseline 0 -17"><span class='ocrx_word' id='word_1_83' title='bbox 278 1211 453 1282; x_wconf 74' lang='lat' dir='ltr'><strong>gloria</strong></span> <span class='ocrx_word' id='word_1_84' title='bbox 475 1210 582 1266; x_wconf 89' lang='lat' dir='ltr'><strong>sibi</strong></span> <span class='ocrx_word' id='word_1_85' title='bbox 610 1211 870 1275; x_wconf 85' lang='lat' dir='ltr'><strong>naturali,</strong></span> <span class='ocrx_word' id='word_1_86' title='bbox 905 1216 961 1265; x_wconf 86' lang='lat' dir='ltr'><strong>et</strong></span> <span class='ocrx_word' id='word_1_87' title='bbox 1014 1225 1125 1265; x_wconf 92' lang='lat' dir='ltr'><strong>non</strong></span> <span class='ocrx_word' id='word_1_88' title='bbox 1154 1225 1248 1280; x_wconf 88' lang='lat' dir='ltr'><strong>per</strong></span> <span class='ocrx_word' id='word_1_89' title='bbox 1294 1210 1526 1281; x_wconf 74' lang='lat' dir='ltr'><strong>gratiam</strong></span> <span class='ocrx_word' id='word_1_90' title='bbox 1561 1229 1574 1265; x_wconf 90' lang='lat'><strong>:</strong></span> <span class='ocrx_word' id='word_1_91' title='bbox 1602 1210 1696 1282; x_wconf 90' lang='lat' dir='ltr'><strong>qui</strong></span> <span class='ocrx_word' id='word_1_92' title='bbox 1728 1226 1855 1281; x_wconf 86' lang='lat' dir='ltr'><strong>pro-</strong></span> 
     </span>
    </p>
   </div>
   <div class='ocr_carea' id='block_1_13' title="bbox 279 1303 1857 1376">
    <p class='ocr_par' dir='ltr' id='par_1_13' title="bbox 279 1303 1857 1376">
     <span class='ocr_line' id='line_1_13' title="bbox 279 1303 1857 1376; baseline -0.001 -17"><span class='ocrx_word' id='word_1_93' title='bbox 279 1304 459 1376; x_wconf 85' lang='lat' dir='ltr'><strong>palam</strong></span> <span class='ocrx_word' id='word_1_94' title='bbox 485 1304 541 1358; x_wconf 94' lang='lat' dir='ltr'><strong>in</strong></span> <span class='ocrx_word' id='word_1_95' title='bbox 565 1317 663 1359; x_wconf 87' lang='lat' dir='ltr'><strong>sua</strong></span> <span class='ocrx_word' id='word_1_96' title='bbox 701 1303 904 1359; x_wconf 87' lang='lat' dir='ltr'><strong>deitate</strong></span> <span class='ocrx_word' id='word_1_97' title='bbox 955 1311 1224 1357; x_wconf 86' lang='lat' dir='ltr'><strong>venturus</strong></span> <span class='ocrx_word' id='word_1_98' title='bbox 1246 1312 1351 1370; x_wconf 87' lang='lat' dir='ltr'><strong>est,</strong></span> <span class='ocrx_word' id='word_1_99' title='bbox 1385 1317 1618 1372; x_wconf 85' lang='lat' dir='ltr'><strong>corpore</strong></span> <span class='ocrx_word' id='word_1_100' title='bbox 1665 1311 1857 1359; x_wconf 89' lang='lat' dir='ltr'><strong>sancto</strong></span> 
     </span>
    </p>
   </div>
   <div class='ocr_carea' id='block_1_14' title="bbox 281 1392 1858 1464">
    <p class='ocr_par' dir='ltr' id='par_1_14' title="bbox 281 1392 1858 1464">
     <span class='ocr_line' id='line_1_14' title="bbox 281 1392 1858 1464; baseline -0.001 -15"><span class='ocrx_word' id='word_1_101' title='bbox 281 1409 405 1458; x_wconf 85' lang='lat' dir='ltr'><strong>suo,</strong></span> <span class='ocrx_word' id='word_1_102' title='bbox 430 1394 575 1464; x_wconf 93' lang='lat' dir='ltr'><strong>quod</strong></span> <span class='ocrx_word' id='word_1_103' title='bbox 598 1409 665 1449; x_wconf 81' lang='lat' dir='ltr'><strong>ex</strong></span> <span class='ocrx_word' id='word_1_104' title='bbox 700 1392 868 1447; x_wconf 80' lang='lat' dir='ltr'><strong>Maria</strong></span> <span class='ocrx_word' id='word_1_105' title='bbox 896 1394 1150 1463; x_wconf 81' lang='lat' dir='ltr'><strong>sumpsit;</strong></span> <span class='ocrx_word' id='word_1_106' title='bbox 1181 1392 1446 1463; x_wconf 78' lang='lat' dir='ltr'><strong>eﬂ‘ulgens</strong></span> <span class='ocrx_word' id='word_1_107' title='bbox 1495 1394 1665 1464; x_wconf 77' lang='lat' dir='ltr'><strong>gloria</strong></span> <span class='ocrx_word' id='word_1_108' title='bbox 1717 1393 1858 1450; x_wconf 82' lang='lat' dir='ltr'><strong>inef-</strong></span> 
     </span>
    </p>
   </div>
   <div class='ocr_carea' id='block_1_15' title="bbox 1953 477 3545 553">
    <p class='ocr_par' dir='ltr' id='par_1_15' title="bbox 1953 477 3545 553">
     <span class='ocr_line' id='line_1_15' title="bbox 1953 477 3545 553; baseline 0.002 -18"><span class='ocrx_word' id='word_1_109' title='bbox 1953 481 2030 553; x_wconf 85' lang='grc' dir='ltr'>τῷ</span> <span class='ocrx_word' id='word_1_110' title='bbox 2052 482 2167 552; x_wconf 87' lang='grc' dir='ltr'>ίδίῳ</span> <span class='ocrx_word' id='word_1_111' title='bbox 2195 481 2479 551; x_wconf 76' lang='grc' dir='ltr'><strong>ποιήματι,</strong></span> <span class='ocrx_word' id='word_1_112' title='bbox 2518 477 2608 531; x_wconf 84' lang='grc' dir='ltr'>διὰ</span> <span class='ocrx_word' id='word_1_113' title='bbox 2630 478 2692 531; x_wconf 83' lang='grc' dir='ltr'>τὸ</span> <span class='ocrx_word' id='word_1_114' title='bbox 2716 480 3094 551; x_wconf 74' lang='grc' dir='ltr'>πσαρκῶσθαι</span> <span class='ocrx_word' id='word_1_115' title='bbox 3121 484 3181 547; x_wconf 78' lang='grc' dir='ltr'>ἐξ</span> <span class='ocrx_word' id='word_1_116' title='bbox 3217 485 3377 553; x_wconf 79' lang='grc' dir='ltr'>ἁγίας</span> <span class='ocrx_word' id='word_1_117' title='bbox 3407 486 3545 538; x_wconf 80' lang='grc' dir='ltr'>Θεο¹¹</span> 
     </span>
    </p>
   </div>
   <div class='ocr_carea' id='block_1_16' title="bbox 1952 570 3541 647">
    <p class='ocr_par' dir='ltr' id='par_1_16' title="bbox 1952 570 3541 647">
     <span class='ocr_line' id='line_1_16' title="bbox 1952 570 3541 647; baseline 0.001 -19"><span class='ocrx_word' id='word_1_118' title='bbox 1952 575 2113 628; x_wconf 88' lang='grc' dir='ltr'>τόκου</span> <span class='ocrx_word' id='word_1_119' title='bbox 2134 574 2363 643; x_wconf 81' lang='grc' dir='ltr'><strong>Μαρίας</strong></span> <span class='ocrx_word' id='word_1_120' title='bbox 2393 570 2688 644; x_wconf 82' lang='grc' dir='ltr'><strong>Παρθένου,</strong></span> <span class='ocrx_word' id='word_1_121' title='bbox 2715 573 2810 624; x_wconf 79' lang='grc' dir='ltr'><strong>καὶ</strong></span> <span class='ocrx_word' id='word_1_122' title='bbox 2851 573 3133 644; x_wconf 80' lang='grc' dir='ltr'>ἅνθρωπος</span> <span class='ocrx_word' id='word_1_123' title='bbox 3182 576 3541 647; x_wconf 85' lang='grc' dir='ltr'>γεγενῆσθαι,</span> 
     </span>
    </p>
   </div>
   <div class='ocr_carea' id='block_1_17' title="bbox 1957 662 3544 739">
    <p class='ocr_par' dir='ltr' id='par_1_17' title="bbox 1957 662 3544 739">
     <span class='ocr_line' id='line_1_17' title="bbox 1957 662 3544 739; baseline -0.001 -19"><span class='ocrx_word' id='word_1_124' title='bbox 1957 665 2133 737; x_wconf 85' lang='grc' dir='ltr'>μένων</span> <span class='ocrx_word' id='word_1_125' title='bbox 2162 665 2314 727; x_wconf 82' lang='grc' dir='ltr'><strong>Θεὸς,</strong></span> <span class='ocrx_word' id='word_1_126' title='bbox 2342 663 2427 716; x_wconf 89' lang='grc' dir='ltr'>ἴνα</span> <span class='ocrx_word' id='word_1_127' title='bbox 2447 664 2573 725; x_wconf 78' lang='grc' dir='ltr'>τοὺς</span> <span class='ocrx_word' id='word_1_128' title='bbox 2593 662 2915 735; x_wconf 78' lang='grc' dir='ltr'><strong>ἀνθρώπους</strong></span> <span class='ocrx_word' id='word_1_129' title='bbox 2955 665 3110 730; x_wconf 81' lang='grc' dir='ltr'>θεοὺς</span> <span class='ocrx_word' id='word_1_130' title='bbox 3145 666 3397 739; x_wconf 75' lang='grc' dir='ltr'><strong>ἀποδείξῃ</strong></span> <span class='ocrx_word' id='word_1_131' title='bbox 3438 668 3544 738; x_wconf 84' lang='grc' dir='ltr'>μέ-</span> 
     </span>
    </p>
   </div>
   <div class='ocr_carea' id='block_1_18' title="bbox 1953 754 3546 831">
    <p class='ocr_par' dir='ltr' id='par_1_18' title="bbox 1953 754 3546 831">
     <span class='ocr_line' id='line_1_18' title="bbox 1953 754 3546 831; baseline 0.002 -22"><span class='ocrx_word' id='word_1_132' title='bbox 1953 773 2143 820; x_wconf 82' lang='grc' dir='ltr'><strong>νοντας</strong></span> <span class='ocrx_word' id='word_1_133' title='bbox 2171 754 2510 826; x_wconf 79' lang='grc' dir='ltr'><strong>ἀνθρώπους.</strong></span> <span class='ocrx_word' id='word_1_134' title='bbox 2539 754 2835 825; x_wconf 86' lang='grc' dir='ltr'>Πρόσωπον</span> <span class='ocrx_word' id='word_1_135' title='bbox 2859 755 2919 809; x_wconf 79' lang='grc' dir='ltr'>ἓν</span> <span class='ocrx_word' id='word_1_136' title='bbox 2938 757 3030 809; x_wconf 78' lang='grc' dir='ltr'><strong>καὶ</strong></span> <span class='ocrx_word' id='word_1_137' title='bbox 3058 758 3164 829; x_wconf 81' lang='grc' dir='ltr'><strong>πρὸ</strong></span> <span class='ocrx_word' id='word_1_138' title='bbox 3194 758 3295 829; x_wconf 83' lang='grc' dir='ltr'><strong>τῆς</strong></span> <span class='ocrx_word' id='word_1_139' title='bbox 3315 765 3546 831; x_wconf 82' lang='grc' dir='ltr'>σαρκώ-</span> 
     </span>
    </p>
   </div>
   <div class='ocr_carea' id='block_1_19' title="bbox 1957 841 3543 919">
    <p class='ocr_par' dir='ltr' id='par_1_19' title="bbox 1957 841 3543 919">
     <span class='ocr_line' id='line_1_19' title="bbox 1957 841 3543 919; baseline 0.001 -22"><span class='ocrx_word' id='word_1_140' title='bbox 1957 861 2113 909; x_wconf 86' lang='grc' dir='ltr'>σεως,</span> <span class='ocrx_word' id='word_1_141' title='bbox 2176 845 2268 898; x_wconf 75' lang='grc' dir='ltr'><strong>καὶ</strong></span> <span class='ocrx_word' id='word_1_142' title='bbox 2316 843 2453 914; x_wconf 84' lang='grc' dir='ltr'><strong>μετά</strong></span> <span class='ocrx_word' id='word_1_143' title='bbox 2497 843 2595 914; x_wconf 85' lang='grc' dir='ltr'>τὴν</span> <span class='ocrx_word' id='word_1_144' title='bbox 2638 841 2914 915; x_wconf 85' lang='grc' dir='ltr'>σάρκωσιν</span> <span class='ocrx_word' id='word_1_145' title='bbox 2957 846 3323 918; x_wconf 82' lang='grc' dir='ltr'>ἀπερίληπτος</span> <span class='ocrx_word' id='word_1_146' title='bbox 3366 849 3543 919; x_wconf 76' lang='grc' dir='ltr'>σαρκὶ</span> 
     </span>
    </p>
   </div>
   <div class='ocr_carea' id='block_1_20' title="bbox 1955 933 3544 1008">
    <p class='ocr_par' dir='ltr' id='par_1_20' title="bbox 1955 933 3544 1008">
     <span class='ocr_line' id='line_1_20' title="bbox 1955 933 3544 1008; baseline 0.002 -21"><span class='ocrx_word' id='word_1_147' title='bbox 1955 934 2107 998; x_wconf 83' lang='grc' dir='ltr'>Θεὸς,</span> <span class='ocrx_word' id='word_1_148' title='bbox 2145 934 2439 1006; x_wconf 84' lang='grc' dir='ltr'>ἀμέριστος</span> <span class='ocrx_word' id='word_1_149' title='bbox 2482 935 2562 996; x_wconf 82' lang='grc' dir='ltr'><strong>είς</strong></span> <span class='ocrx_word' id='word_1_150' title='bbox 2606 933 2803 1004; x_wconf 83' lang='grc' dir='ltr'><strong>σάρκα,</strong></span> <span class='ocrx_word' id='word_1_151' title='bbox 2848 934 3062 1007; x_wconf 78' lang='grc' dir='ltr'>ἀπαθὴς</span> <span class='ocrx_word' id='word_1_152' title='bbox 3107 939 3164 989; x_wconf 82' lang='grc' dir='ltr'>ὲν</span> <span class='ocrx_word' id='word_1_153' title='bbox 3201 941 3313 1000; x_wconf 84' lang='grc' dir='ltr'>τοῖς</span> <span class='ocrx_word' id='word_1_154' title='bbox 3354 938 3544 1008; x_wconf 76' lang='grc' dir='ltr'>παθή-</span> 
     </span>
    </p>
   </div>
   <div class='ocr_carea' id='block_1_21' title="bbox 1960 1025 3540 1101">
    <p class='ocr_par' dir='ltr' id='par_1_21' title="bbox 1960 1025 3540 1101">
     <span class='ocr_line' id='line_1_21' title="bbox 1960 1025 3540 1101; baseline 0.002 -23"><span class='ocrx_word' id='word_1_155' title='bbox 1960 1043 2091 1096; x_wconf 91' lang='grc' dir='ltr'>μασι</span> <span class='ocrx_word' id='word_1_156' title='bbox 2121 1026 2222 1096; x_wconf 78' lang='grc' dir='ltr'>τῆς</span> <span class='ocrx_word' id='word_1_157' title='bbox 2252 1025 2473 1095; x_wconf 81' lang='grc' dir='ltr'>σαρκὸς,</span> <span class='ocrx_word' id='word_1_158' title='bbox 2513 1026 2737 1095; x_wconf 83' lang='grc' dir='ltr'>νικήσας</span> <span class='ocrx_word' id='word_1_159' title='bbox 2763 1026 3010 1093; x_wconf 83' lang='grc' dir='ltr'>θάνατον,</span> <span class='ocrx_word' id='word_1_160' title='bbox 3047 1028 3141 1082; x_wconf 76' lang='grc' dir='ltr'><strong>καὶ</strong></span> <span class='ocrx_word' id='word_1_161' title='bbox 3187 1030 3424 1093; x_wconf 82' lang='grc' dir='ltr'>ἀναστὰς</span> <span class='ocrx_word' id='word_1_162' title='bbox 3467 1033 3540 1101; x_wconf 80' lang='grc' dir='ltr'><strong>τῇ</strong></span> 
     </span>
    </p>
   </div>
   <div class='ocr_carea' id='block_1_22' title="bbox 1956 1116 3537 1193">
    <p class='ocr_par' dir='ltr' id='par_1_22' title="bbox 1956 1116 3537 1193">
     <span class='ocr_line' id='line_1_22' title="bbox 1956 1116 3537 1193; baseline 0.003 -22"><span class='ocrx_word' id='word_1_163' title='bbox 1956 1120 2140 1190; x_wconf 82' lang='grc' dir='ltr'>ἡμέρᾳ</span> <span class='ocrx_word' id='word_1_164' title='bbox 2175 1120 2241 1189; x_wconf 79' lang='grc' dir='ltr'><strong>τῇ</strong></span> <span class='ocrx_word' id='word_1_165' title='bbox 2273 1117 2459 1190; x_wconf 83' lang='grc' dir='ltr'><strong>τρίτῃ·</strong></span> <span class='ocrx_word' id='word_1_166' title='bbox 2508 1116 2745 1171; x_wconf 88' lang='grc' dir='ltr'>ἀνελθὼν</span> <span class='ocrx_word' id='word_1_167' title='bbox 2791 1120 2871 1181; x_wconf 86' lang='grc' dir='ltr'><strong>είς</strong></span> <span class='ocrx_word' id='word_1_168' title='bbox 2910 1118 3002 1172; x_wconf 81' lang='grc' dir='ltr'>τὸν</span> <span class='ocrx_word' id='word_1_169' title='bbox 3044 1120 3269 1192; x_wconf 80' lang='grc' dir='ltr'>οὐρανὸν</span> <span class='ocrx_word' id='word_1_170' title='bbox 3308 1123 3366 1178; x_wconf 80' lang='grc' dir='ltr'>ὲν</span> <span class='ocrx_word' id='word_1_171' title='bbox 3404 1120 3537 1193; x_wconf 80' lang='grc' dir='ltr'><strong>δόξῃ</strong></span> 
     </span>
    </p>
   </div>
   <div class='ocr_carea' id='block_1_23' title="bbox 1957 1208 3537 1285">
    <p class='ocr_par' dir='ltr' id='par_1_23' title="bbox 1957 1208 3537 1285">
     <span class='ocr_line' id='line_1_23' title="bbox 1957 1208 3537 1285; baseline 0.004 -24"><span class='ocrx_word' id='word_1_172' title='bbox 1957 1212 2185 1280; x_wconf 79' lang='grc' dir='ltr'>φυσικῇ,</span> <span class='ocrx_word' id='word_1_173' title='bbox 2213 1210 2307 1262; x_wconf 74' lang='grc' dir='ltr'><strong>καὶ</strong></span> <span class='ocrx_word' id='word_1_174' title='bbox 2332 1208 2432 1261; x_wconf 78' lang='grc' dir='ltr'><strong>οὐκ</strong></span> <span class='ocrx_word' id='word_1_175' title='bbox 2460 1209 2517 1260; x_wconf 83' lang='grc' dir='ltr'>ὲν</span> <span class='ocrx_word' id='word_1_176' title='bbox 2542 1208 2727 1280; x_wconf 85' lang='grc' dir='ltr'>χάριτι</span> <span class='ocrx_word' id='word_1_177' title='bbox 2747 1227 2761 1241; x_wconf 78' lang='grc' dir='ltr'><strong>ο</strong></span> <span class='ocrx_word' id='word_1_178' title='bbox 2803 1210 3097 1282; x_wconf 81' lang='grc' dir='ltr'>ἐρχόμενος</span> <span class='ocrx_word' id='word_1_179' title='bbox 3136 1214 3191 1267; x_wconf 69' lang='grc' dir='ltr'>ιν</span> <span class='ocrx_word' id='word_1_180' title='bbox 3232 1216 3298 1285; x_wconf 80' lang='grc' dir='ltr'>τῇ</span> <span class='ocrx_word' id='word_1_181' title='bbox 3336 1214 3537 1268; x_wconf 78' lang='grc' dir='ltr'>ἑαυτοῦ</span> 
     </span>
    </p>
   </div>
   <div class='ocr_carea' id='block_1_24' title="bbox 1958 1302 3541 1379">
    <p class='ocr_par' dir='ltr' id='par_1_24' title="bbox 1958 1302 3541 1379">
     <span class='ocr_line' id='line_1_24' title="bbox 1958 1302 3541 1379; baseline 0.004 -24"><span class='ocrx_word' id='word_1_182' title='bbox 1958 1302 2171 1374; x_wconf 84' lang='grc' dir='ltr'>θεότητι</span> <span class='ocrx_word' id='word_1_183' title='bbox 2205 1305 2481 1374; x_wconf 75' lang='grc' dir='ltr'>ἐμφανῶς,</span> <span class='ocrx_word' id='word_1_184' title='bbox 2520 1306 2819 1377; x_wconf 80' lang='grc' dir='ltr'>ὲκλάμπων</span> <span class='ocrx_word' id='word_1_185' title='bbox 2856 1307 2921 1359; x_wconf 76' lang='grc' dir='ltr'><strong>ἐκ</strong></span> <span class='ocrx_word' id='word_1_186' title='bbox 2943 1306 3037 1359; x_wconf 80' lang='grc' dir='ltr'>τοῦ</span> <span class='ocrx_word' id='word_1_187' title='bbox 3072 1308 3135 1360; x_wconf 72' lang='grc' dir='ltr'><strong>ἐχ</strong></span> <span class='ocrx_word' id='word_1_188' title='bbox 3178 1308 3396 1379; x_wconf 86' lang='grc' dir='ltr'>Μαρίας</span> <span class='ocrx_word' id='word_1_189' title='bbox 3428 1307 3541 1361; x_wconf 83' lang='grc' dir='ltr'>σώ-</span> 
     </span>
    </p>
   </div>
   <div class='ocr_carea' id='block_1_25' title="bbox 1961 1396 3542 1470">
    <p class='ocr_par' dir='ltr' id='par_1_25' title="bbox 1961 1396 3542 1470">
     <span class='ocr_line' id='line_1_25' title="bbox 1961 1396 3542 1470; baseline 0.001 -21"><span class='ocrx_word' id='word_1_190' title='bbox 1961 1413 2130 1467; x_wconf 89' lang='grc' dir='ltr'>ματος</span> <span class='ocrx_word' id='word_1_191' title='bbox 2153 1396 2318 1450; x_wconf 78' lang='grc' dir='ltr'>αὐτοῦ</span> <span class='ocrx_word' id='word_1_192' title='bbox 2351 1397 2443 1451; x_wconf 81' lang='grc' dir='ltr'>τοῦ</span> <span class='ocrx_word' id='word_1_193' title='bbox 2479 1398 2632 1467; x_wconf 86' lang='grc' dir='ltr'>ἀγίου</span> <span class='ocrx_word' id='word_1_194' title='bbox 2667 1398 2768 1469; x_wconf 81' lang='grc' dir='ltr'>τὴν</span> <span class='ocrx_word' id='word_1_195' title='bbox 2791 1397 2947 1462; x_wconf 83' lang='grc' dir='ltr'>δόξαν</span> <span class='ocrx_word' id='word_1_196' title='bbox 2973 1398 3071 1467; x_wconf 82' lang='grc' dir='ltr'><strong>τὴν</strong></span> <span class='ocrx_word' id='word_1_197' title='bbox 3094 1399 3422 1470; x_wconf 73' lang='grc' dir='ltr'>ἀπόρρητον,</span> <span class='ocrx_word' id='word_1_198' title='bbox 3459 1399 3542 1463; x_wconf 83' lang='grc' dir='ltr'>ὡς</span> 
     </span>
    </p>
   </div>
   <div class='ocr_carea' id='block_1_26' title="bbox 282 1482 1853 1561">
    <p class='ocr_par' dir='ltr' id='par_1_26' title="bbox 282 1482 1853 1554">
     <span class='ocr_line' id='line_1_26' title="bbox 282 1482 1853 1554; baseline -0.001 -14"><span class='ocrx_word' id='word_1_199' title='bbox 282 1482 461 1549; x_wconf 79' lang='lat' dir='ltr'><strong>fabili,</strong></span> <span class='ocrx_word' id='word_1_200' title='bbox 486 1483 946 1554; x_wconf 88' lang='lat' dir='ltr'><strong>quemadmodum</strong></span> <span class='ocrx_word' id='word_1_201' title='bbox 975 1498 1097 1539; x_wconf 88' lang='lat' dir='ltr'><strong>sese</strong></span> <span class='ocrx_word' id='word_1_202' title='bbox 1127 1483 1186 1537; x_wconf 89' lang='lat' dir='ltr'><strong>in</strong></span> <span class='ocrx_word' id='word_1_203' title='bbox 1230 1492 1413 1537; x_wconf 89' lang='lat' dir='ltr'><strong>monte</strong></span> <span class='ocrx_word' id='word_1_204' title='bbox 1445 1498 1509 1539; x_wconf 76' lang='lat' dir='ltr'><strong>ex</strong></span> <span class='ocrx_word' id='word_1_205' title='bbox 1544 1492 1699 1554; x_wconf 88' lang='lat' dir='ltr'><strong>parte</strong></span> <span class='ocrx_word' id='word_1_206' title='bbox 1729 1492 1853 1539; x_wconf 88' lang='lat' dir='ltr'><strong>tan-</strong></span> 
     </span>
    </p>
   </div>
   <div class='ocr_carea' id='block_1_27' title="bbox 1956 1482 3541 1561">
    <p class='ocr_par' dir='ltr' id='par_1_27' title="bbox 1960 1488 3541 1561">
     <span class='ocr_line' id='line_1_27' title="bbox 1960 1488 3541 1561; baseline 0.001 -19"><span class='ocrx_word' id='word_1_207' title='bbox 1960 1488 2053 1542; x_wconf 74' lang='grc' dir='ltr'><strong>καὶ</strong></span> <span class='ocrx_word' id='word_1_208' title='bbox 2100 1488 2193 1542; x_wconf 75' lang='grc' dir='ltr'><strong>ἐπὶ</strong></span> <span class='ocrx_word' id='word_1_209' title='bbox 2236 1488 2331 1542; x_wconf 83' lang='grc' dir='ltr'><strong>τοῦ</strong></span> <span class='ocrx_word' id='word_1_210' title='bbox 2378 1488 2538 1560; x_wconf 74' lang='grc' dir='ltr'>ὅρους</span> <span class='ocrx_word' id='word_1_211' title='bbox 2583 1488 2782 1554; x_wconf 74' lang='grc' dir='ltr'>ἔδειξεν</span> <span class='ocrx_word' id='word_1_212' title='bbox 2830 1489 2938 1542; x_wconf 82' lang='grc' dir='ltr'><strong>ἀπὸ</strong></span> <span class='ocrx_word' id='word_1_213' title='bbox 2984 1490 3221 1561; x_wconf 81' lang='grc' dir='ltr'>μέρους,</span> <span class='ocrx_word' id='word_1_214' title='bbox 3268 1490 3541 1543; x_wconf 81' lang='grc' dir='ltr'><strong>διδάσκων</strong></span> 
     </span>
    </p>
   </div>
   <div class='ocr_carea' id='block_1_28' title="bbox 282 1572 1853 1649">
    <p class='ocr_par' dir='ltr' id='par_1_28' title="bbox 282 1572 1853 1637">
     <span class='ocr_line' id='line_1_28' title="bbox 282 1572 1853 1637; baseline 0 -8"><span class='ocrx_word' id='word_1_215' title='bbox 282 1581 401 1629; x_wconf 86' lang='lat' dir='ltr'><strong>tum</strong></span> <span class='ocrx_word' id='word_1_216' title='bbox 430 1572 691 1637; x_wconf 88' lang='lat' dir='ltr'><strong>ostendit,</strong></span> <span class='ocrx_word' id='word_1_217' title='bbox 725 1580 783 1627; x_wconf 87' lang='lat' dir='ltr'><strong>ut</strong></span> <span class='ocrx_word' id='word_1_218' title='bbox 811 1573 1034 1628; x_wconf 86' lang='lat' dir='ltr'><strong>doceret</strong></span> <span class='ocrx_word' id='word_1_219' title='bbox 1064 1587 1123 1628; x_wconf 90' lang='lat' dir='ltr'><strong>se</strong></span> <span class='ocrx_word' id='word_1_220' title='bbox 1150 1582 1207 1629; x_wconf 90' lang='lat' dir='ltr'><strong>et</strong></span> <span class='ocrx_word' id='word_1_221' title='bbox 1238 1580 1398 1628; x_wconf 89' lang='lat' dir='ltr'><strong>antea</strong></span> <span class='ocrx_word' id='word_1_222' title='bbox 1430 1582 1484 1629; x_wconf 89' lang='lat' dir='ltr'><strong>et</strong></span> <span class='ocrx_word' id='word_1_223' title='bbox 1508 1590 1657 1629; x_wconf 93' lang='lat' dir='ltr'><strong>nunc</strong></span> <span class='ocrx_word' id='word_1_224' title='bbox 1701 1590 1853 1629; x_wconf 86' lang='lat' dir='ltr'><strong>eum-</strong></span> 
     </span>
    </p>
   </div>
   <div class='ocr_carea' id='block_1_29' title="bbox 1956 1572 3543 1649">
    <p class='ocr_par' dir='ltr' id='par_1_29' title="bbox 1960 1578 3543 1649">
     <span class='ocr_line' id='line_1_29' title="bbox 1960 1578 3543 1649; baseline 0 -19"><span class='ocrx_word' id='word_1_225' title='bbox 1960 1579 2125 1649; x_wconf 81' lang='grc' dir='ltr'>ὴμᾶς,</span> <span class='ocrx_word' id='word_1_226' title='bbox 2149 1579 2232 1630; x_wconf 78' lang='grc' dir='ltr'>ὃτι</span> <span class='ocrx_word' id='word_1_227' title='bbox 2265 1580 2359 1630; x_wconf 75' lang='grc' dir='ltr'><strong>καὶ</strong></span> <span class='ocrx_word' id='word_1_228' title='bbox 2383 1578 2645 1649; x_wconf 86' lang='grc' dir='ltr'>πρότερον</span> <span class='ocrx_word' id='word_1_229' title='bbox 2678 1579 2773 1632; x_wconf 80' lang='grc' dir='ltr'><strong>καὶ</strong></span> <span class='ocrx_word' id='word_1_230' title='bbox 2798 1578 2894 1631; x_wconf 81' lang='grc' dir='ltr'>νῦν</span> <span class='ocrx_word' id='word_1_231' title='bbox 2916 1580 2945 1631; x_wconf 87' lang='grc' dir='ltr'>ὁ</span> <span class='ocrx_word' id='word_1_232' title='bbox 2974 1580 3135 1642; x_wconf 81' lang='grc' dir='ltr'>αὑτός</span> <span class='ocrx_word' id='word_1_233' title='bbox 3160 1581 3297 1642; x_wconf 74' lang='grc' dir='ltr'>ἐστι,</span> <span class='ocrx_word' id='word_1_234' title='bbox 3325 1579 3419 1631; x_wconf 76' lang='grc' dir='ltr'>καὶ</span> <span class='ocrx_word' id='word_1_235' title='bbox 3439 1580 3543 1649; x_wconf 79' lang='grc' dir='ltr'><strong>οὐχ</strong></span> 
     </span>
    </p>
   </div>
   <div class='ocr_carea' id='block_1_30' title="bbox 285 1664 1853 1742">
    <p class='ocr_par' dir='ltr' id='par_1_30' title="bbox 285 1664 1853 1735">
     <span class='ocr_line' id='line_1_30' title="bbox 285 1664 1853 1735; baseline -0.001 -14"><span class='ocrx_word' id='word_1_236' title='bbox 285 1664 409 1722; x_wconf 88' lang='lat' dir='ltr'><strong>dem</strong></span> <span class='ocrx_word' id='word_1_237' title='bbox 449 1665 629 1735; x_wconf 89' lang='lat' dir='ltr'><strong>ipsum</strong></span> <span class='ocrx_word' id='word_1_238' title='bbox 664 1680 805 1731; x_wconf 89' lang='lat' dir='ltr'><strong>esse,</strong></span> <span class='ocrx_word' id='word_1_239' title='bbox 857 1679 959 1721; x_wconf 91' lang='lat' dir='ltr'><strong>nec</strong></span> <span class='ocrx_word' id='word_1_240' title='bbox 1016 1664 1072 1719; x_wconf 93' lang='lat' dir='ltr'><strong>in</strong></span> <span class='ocrx_word' id='word_1_241' title='bbox 1118 1666 1368 1735; x_wconf 88' lang='lat' dir='ltr'><strong>sequenti</strong></span> <span class='ocrx_word' id='word_1_242' title='bbox 1397 1673 1641 1735; x_wconf 86' lang='lat' dir='ltr'><strong>tempore</strong></span> <span class='ocrx_word' id='word_1_243' title='bbox 1684 1664 1853 1721; x_wconf 89' lang='lat' dir='ltr'><strong>Deum</strong></span> 
     </span>
    </p>
   </div>
   <div class='ocr_carea' id='block_1_31' title="bbox 1956 1664 3539 1742">
    <p class='ocr_par' dir='ltr' id='par_1_31' title="bbox 1961 1669 3539 1742">
     <span class='ocr_line' id='line_1_31' title="bbox 1961 1669 3539 1742; baseline -0.001 -19"><span class='ocrx_word' id='word_1_244' title='bbox 1961 1670 2186 1741; x_wconf 74' lang='grc' dir='ltr'>ὕστερον</span> <span class='ocrx_word' id='word_1_245' title='bbox 2217 1670 2547 1734; x_wconf 84' lang='grc' dir='ltr'>ἀποθεωθείς</span> <span class='ocrx_word' id='word_1_246' title='bbox 2572 1689 2584 1701; x_wconf 91' lang='grc'><strong>·</strong></span> <span class='ocrx_word' id='word_1_247' title='bbox 2618 1671 2693 1734; x_wconf 85' lang='grc' dir='ltr'>ὡς</span> <span class='ocrx_word' id='word_1_248' title='bbox 2718 1675 2750 1742; x_wconf 83' lang='grc' dir='ltr'>ἠ</span> <span class='ocrx_word' id='word_1_249' title='bbox 2782 1670 2877 1723; x_wconf 78' lang='grc' dir='ltr'><strong>νῦν</strong></span> <span class='ocrx_word' id='word_1_250' title='bbox 2906 1670 3223 1740; x_wconf 71' lang='grc' dir='ltr'>βλασφημία</span> <span class='ocrx_word' id='word_1_251' title='bbox 3259 1669 3539 1740; x_wconf 79' lang='grc' dir='ltr'>βιάζεται·</span> 
     </span>
    </p>
   </div>
   <div class='ocr_carea' id='block_1_32' title="bbox 286 1756 1853 1833">
    <p class='ocr_par' dir='ltr' id='par_1_32' title="bbox 286 1756 1853 1828">
     <span class='ocr_line' id='line_1_32' title="bbox 286 1756 1853 1828; baseline 0.001 -16"><span class='ocrx_word' id='word_1_252' title='bbox 286 1756 493 1814; x_wconf 82' lang='lat' dir='ltr'><strong>factum</strong></span> <span class='ocrx_word' id='word_1_253' title='bbox 534 1757 710 1813; x_wconf 81' lang='lat' dir='ltr'><strong>fuisse</strong></span> <span class='ocrx_word' id='word_1_254' title='bbox 759 1758 843 1828; x_wconf 89' lang='lat' dir='ltr'><strong>(ut</strong></span> <span class='ocrx_word' id='word_1_255' title='bbox 892 1757 1004 1827; x_wconf 83' lang='lat' dir='ltr'><strong>jam</strong></span> <span class='ocrx_word' id='word_1_256' title='bbox 1036 1758 1319 1813; x_wconf 85' lang='lat' dir='ltr'><strong>contendit</strong></span> <span class='ocrx_word' id='word_1_257' title='bbox 1367 1756 1769 1828; x_wconf 86' lang='lat' dir='ltr'><strong>blasphemia):</strong></span> <span class='ocrx_word' id='word_1_258' title='bbox 1803 1772 1853 1813; x_wconf 79' lang='lat' dir='ltr'><strong>se</strong></span> 
     </span>
    </p>
   </div>
   <div class='ocr_carea' id='block_1_33' title="bbox 1956 1756 3545 1833">
    <p class='ocr_par' dir='ltr' id='par_1_33' title="bbox 1964 1759 3545 1833">
     <span class='ocr_line' id='line_1_33' title="bbox 1964 1759 3545 1833; baseline 0.001 -20"><span class='ocrx_word' id='word_1_259' title='bbox 1964 1760 2084 1813; x_wconf 76' lang='grc' dir='ltr'><strong>οὐδὲ</strong></span> <span class='ocrx_word' id='word_1_260' title='bbox 2107 1761 2453 1831; x_wconf 78' lang='grc' dir='ltr'>παυσάμενος</span> <span class='ocrx_word' id='word_1_261' title='bbox 2484 1761 2575 1815; x_wconf 79' lang='grc' dir='ltr'>τοῦ</span> <span class='ocrx_word' id='word_1_262' title='bbox 2606 1759 2746 1815; x_wconf 84' lang='grc' dir='ltr'>εἶναι</span> <span class='ocrx_word' id='word_1_263' title='bbox 2777 1762 2903 1825; x_wconf 86' lang='grc' dir='ltr'><strong>Υἱὸς</strong></span> <span class='ocrx_word' id='word_1_264' title='bbox 2928 1761 3233 1833; x_wconf 84' lang='grc' dir='ltr'>ἀνθρώπου,</span> <span class='ocrx_word' id='word_1_265' title='bbox 3258 1762 3381 1814; x_wconf 77' lang='grc' dir='ltr'><strong>οὐδὲ</strong></span> <span class='ocrx_word' id='word_1_266' title='bbox 3411 1762 3545 1815; x_wconf 84' lang='grc' dir='ltr'>ἀπο-</span> 
     </span>
    </p>
   </div>
   <div class='ocr_carea' id='block_1_34' title="bbox 286 1847 1853 1923">
    <p class='ocr_par' dir='ltr' id='par_1_34' title="bbox 286 1848 1853 1921">
     <span class='ocr_line' id='line_1_34' title="bbox 286 1848 1853 1921; baseline -0.003 -14"><span class='ocrx_word' id='word_1_267' title='bbox 286 1852 416 1907; x_wconf 87' lang='lat' dir='ltr'><strong>ltem</strong></span> <span class='ocrx_word' id='word_1_268' title='bbox 444 1865 622 1921; x_wconf 88' lang='lat' dir='ltr'><strong>neque</strong></span> <span class='ocrx_word' id='word_1_269' title='bbox 666 1849 941 1904; x_wconf 86' lang='lat' dir='ltr'><strong>hominem</strong></span> <span class='ocrx_word' id='word_1_270' title='bbox 967 1864 1091 1905; x_wconf 88' lang='lat' dir='ltr'><strong>esse</strong></span> <span class='ocrx_word' id='word_1_271' title='bbox 1150 1848 1401 1914; x_wconf 86' lang='lat' dir='ltr'><strong>desiisse,</strong></span> <span class='ocrx_word' id='word_1_272' title='bbox 1437 1865 1612 1920; x_wconf 87' lang='lat' dir='ltr'><strong>neque</strong></span> <span class='ocrx_word' id='word_1_273' title='bbox 1638 1863 1853 1905; x_wconf 90' lang='lat' dir='ltr'><strong>carnem</strong></span> 
     </span>
    </p>
   </div>
   <div class='ocr_carea' id='block_1_35' title="bbox 1956 1847 3546 1923">
    <p class='ocr_par' dir='ltr' id='par_1_35' title="bbox 1967 1847 3546 1923">
     <span class='ocr_line' id='line_1_35' title="bbox 1967 1847 3546 1923; baseline 0.001 -21"><span class='ocrx_word' id='word_1_274' title='bbox 1967 1849 2189 1921; x_wconf 81' lang='grc' dir='ltr'>θέμενος</span> <span class='ocrx_word' id='word_1_275' title='bbox 2226 1851 2324 1921; x_wconf 82' lang='grc' dir='ltr'>τὴν</span> <span class='ocrx_word' id='word_1_276' title='bbox 2358 1852 2556 1923; x_wconf 78' lang='grc' dir='ltr'>σάρκα.</span> <span class='ocrx_word' id='word_1_277' title='bbox 2594 1853 2705 1906; x_wconf 80' lang='lat' dir='ltr'><strong>Kal</strong></span> <span class='ocrx_word' id='word_1_278' title='bbox 2726 1851 2834 1923; x_wconf 85' lang='grc' dir='ltr'>γὰρ</span> <span class='ocrx_word' id='word_1_279' title='bbox 2865 1853 2953 1905; x_wconf 80' lang='grc' dir='ltr'>ὅτε</span> <span class='ocrx_word' id='word_1_280' title='bbox 2979 1851 3206 1922; x_wconf 77' lang='grc' dir='ltr'>ἄρχεται</span> <span class='ocrx_word' id='word_1_281' title='bbox 3239 1847 3377 1903; x_wconf 80' lang='grc' dir='ltr'>εἶναι</span> <span class='ocrx_word' id='word_1_282' title='bbox 3411 1851 3546 1914; x_wconf 75' lang='grc' dir='ltr'><strong>Υἱὸς</strong></span> 
     </span>
    </p>
   </div>
   <div class='ocr_carea' id='block_1_36' title="bbox 288 1940 1853 2015">
    <p class='ocr_par' dir='ltr' id='par_1_36' title="bbox 288 1940 1853 2013">
     <span class='ocr_line' id='line_1_36' title="bbox 288 1940 1853 2013; baseline -0.001 -14"><span class='ocrx_word' id='word_1_283' title='bbox 288 1941 625 2013; x_wconf 82' lang='lat' dir='ltr'><strong>deposuisse.</strong></span> <span class='ocrx_word' id='word_1_284' title='bbox 649 1941 861 1998; x_wconf 84' lang='lat' dir='ltr'><strong>Etenim</strong></span> <span class='ocrx_word' id='word_1_285' title='bbox 889 1956 1012 1997; x_wconf 91' lang='lat' dir='ltr'><strong>cum</strong></span> <span class='ocrx_word' id='word_1_286' title='bbox 1048 1940 1369 2013; x_wconf 79' lang='lat' dir='ltr'><strong>Unigenitus</strong></span> <span class='ocrx_word' id='word_1_287' title='bbox 1397 1943 1488 1997; x_wconf 89' lang='lat' dir='ltr'><strong>ille</strong></span> <span class='ocrx_word' id='word_1_288' title='bbox 1524 1943 1716 2012; x_wconf 89' lang='lat' dir='ltr'><strong>incipit</strong></span> <span class='ocrx_word' id='word_1_289' title='bbox 1740 1958 1853 1998; x_wconf 85' lang='lat' dir='ltr'><strong>esse</strong></span> 
     </span>
    </p>
   </div>
   <div class='ocr_carea' id='block_1_37' title="bbox 1956 1940 3547 2015">
    <p class='ocr_par' dir='ltr' id='par_1_37' title="bbox 1964 1940 3547 2015">
     <span class='ocr_line' id='line_1_37' title="bbox 1964 1940 3547 2015; baseline 0.001 -22"><span class='ocrx_word' id='word_1_290' title='bbox 1964 1940 2252 2013; x_wconf 82' lang='grc' dir='ltr'>ἀνθρώπου</span> <span class='ocrx_word' id='word_1_291' title='bbox 2294 1945 2322 1996; x_wconf 85' lang='grc' dir='ltr'>ὁ</span> <span class='ocrx_word' id='word_1_292' title='bbox 2365 1944 2677 2014; x_wconf 79' lang='grc' dir='ltr'>Μονογενὴς</span> <span class='ocrx_word' id='word_1_293' title='bbox 2723 1944 2835 2015; x_wconf 77' lang='lat'><strong>(75)</strong></span> <span class='ocrx_word' id='word_1_294' title='bbox 2878 1944 3219 1997; x_wconf 82' lang='grc' dir='ltr'>ἀποστέλλων</span> <span class='ocrx_word' id='word_1_295' title='bbox 3263 1943 3380 1996; x_wconf 81' lang='grc' dir='ltr'>ἐστὶ</span> <span class='ocrx_word' id='word_1_296' title='bbox 3412 1944 3547 2007; x_wconf 81' lang='grc' dir='ltr'>τοὺς</span> 
     </span>
    </p>
   </div>
   <div class='ocr_carea' id='block_1_38' title="bbox 289 2031 1853 2106">
    <p class='ocr_par' dir='ltr' id='par_1_38' title="bbox 289 2031 1853 2105">
     <span class='ocr_line' id='line_1_38' title="bbox 289 2031 1853 2105; baseline -0.002 -14"><span class='ocrx_word' id='word_1_297' title='bbox 289 2036 465 2092; x_wconf 83' lang='lat' dir='ltr'><strong>Filius</strong></span> <span class='ocrx_word' id='word_1_298' title='bbox 499 2035 760 2100; x_wconf 89' lang='lat' dir='ltr'><strong>hominis,</strong></span> <span class='ocrx_word' id='word_1_299' title='bbox 789 2042 904 2088; x_wconf 90' lang='lat' dir='ltr'><strong>tum</strong></span> <span class='ocrx_word' id='word_1_300' title='bbox 939 2035 1103 2089; x_wconf 89' lang='lat' dir='ltr'><strong>etiam</strong></span> <span class='ocrx_word' id='word_1_301' title='bbox 1149 2031 1373 2105; x_wconf 79' lang='lat' dir='ltr'><strong>angelos</strong></span> <span class='ocrx_word' id='word_1_302' title='bbox 1400 2050 1530 2090; x_wconf 91' lang='lat' dir='ltr'><strong>suos</strong></span> <span class='ocrx_word' id='word_1_303' title='bbox 1559 2034 1745 2099; x_wconf 87' lang='lat' dir='ltr'><strong>mittit,</strong></span> <span class='ocrx_word' id='word_1_304' title='bbox 1775 2034 1853 2088; x_wconf 90' lang='lat' dir='ltr'><strong>in-</strong></span> 
     </span>
    </p>
   </div>
   <div class='ocr_carea' id='block_1_39' title="bbox 1956 2031 3547 2106">
    <p class='ocr_par' dir='ltr' id='par_1_39' title="bbox 1964 2034 3547 2106">
     <span class='ocr_line' id='line_1_39' title="bbox 1964 2034 3547 2106; baseline 0.001 -19"><span class='ocrx_word' id='word_1_305' title='bbox 1964 2034 2231 2102; x_wconf 80' lang='grc' dir='ltr'>ἀγγέλους</span> <span class='ocrx_word' id='word_1_306' title='bbox 2269 2035 2452 2099; x_wconf 82' lang='grc' dir='ltr'>αὐτοῦ,</span> <span class='ocrx_word' id='word_1_307' title='bbox 2489 2036 2844 2100; x_wconf 84' lang='grc' dir='ltr'>ἀναλλοίωτος</span> <span class='ocrx_word' id='word_1_308' title='bbox 2871 2035 2946 2089; x_wconf 83' lang='grc' dir='ltr'>ὢν</span> <span class='ocrx_word' id='word_1_309' title='bbox 2983 2036 3091 2101; x_wconf 76' lang='grc' dir='ltr'>ἀεὶ,</span> <span class='ocrx_word' id='word_1_310' title='bbox 3120 2037 3215 2089; x_wconf 76' lang='grc' dir='ltr'><strong>καὶ</strong></span> <span class='ocrx_word' id='word_1_311' title='bbox 3240 2034 3547 2106; x_wconf 77' lang='grc' dir='ltr'>μεταϐολὴν</span> 
     </span>
    </p>
   </div>
   <div class='ocr_carea' id='block_1_40' title="bbox 289 2124 1853 2198">
    <p class='ocr_par' dir='ltr' id='par_1_40' title="bbox 289 2124 1853 2195">
     <span class='ocr_line' id='line_1_40' title="bbox 289 2124 1853 2195; baseline -0.003 -14"><span class='ocrx_word' id='word_1_312' title='bbox 289 2125 570 2182; x_wconf 80' lang='lat' dir='ltr'><strong>variabilis</strong></span> <span class='ocrx_word' id='word_1_313' title='bbox 600 2140 835 2195; x_wconf 86' lang='lat' dir='ltr'><strong>semper,</strong></span> <span class='ocrx_word' id='word_1_314' title='bbox 871 2131 925 2179; x_wconf 88' lang='lat' dir='ltr'><strong>et</strong></span> <span class='ocrx_word' id='word_1_315' title='bbox 990 2124 1198 2177; x_wconf 91' lang='lat' dir='ltr'><strong>nullam</strong></span> <span class='ocrx_word' id='word_1_316' title='bbox 1252 2125 1609 2178; x_wconf 83' lang='lat' dir='ltr'><strong>mutationem</strong></span> <span class='ocrx_word' id='word_1_317' title='bbox 1664 2124 1719 2177; x_wconf 92' lang='lat' dir='ltr'><strong>in</strong></span> <span class='ocrx_word' id='word_1_318' title='bbox 1757 2138 1853 2177; x_wconf 91' lang='lat' dir='ltr'><strong>sua</strong></span> 
     </span>
    </p>
   </div>
   <div class='ocr_carea' id='block_1_41' title="bbox 1956 2124 3549 2198">
    <p class='ocr_par' dir='ltr' id='par_1_41' title="bbox 1964 2125 3549 2198">
     <span class='ocr_line' id='line_1_41' title="bbox 1964 2125 3549 2198; baseline 0 -20"><span class='ocrx_word' id='word_1_319' title='bbox 1964 2125 2218 2195; x_wconf 80' lang='grc' dir='ltr'>οὐδεμίαν</span> <span class='ocrx_word' id='word_1_320' title='bbox 2240 2127 2376 2197; x_wconf 69' lang='grc' dir='ltr'><strong>ἔχων</strong></span> <span class='ocrx_word' id='word_1_321' title='bbox 2407 2129 2534 2198; x_wconf 72' lang='grc' dir='ltr'>περὶ</span> <span class='ocrx_word' id='word_1_322' title='bbox 2564 2129 2663 2198; x_wconf 83' lang='grc' dir='ltr'>τὴν</span> <span class='ocrx_word' id='word_1_323' title='bbox 2692 2127 2939 2198; x_wconf 78' lang='grc' dir='ltr'>θεότητα,</span> <span class='ocrx_word' id='word_1_324' title='bbox 2972 2127 3113 2181; x_wconf 79' lang='grc' dir='ltr'>κατὰ</span> <span class='ocrx_word' id='word_1_325' title='bbox 3141 2127 3198 2180; x_wconf 84' lang='grc' dir='ltr'><strong>δὲ</strong></span> <span class='ocrx_word' id='word_1_326' title='bbox 3231 2127 3330 2196; x_wconf 82' lang='grc' dir='ltr'>τὴν</span> <span class='ocrx_word' id='word_1_327' title='bbox 3361 2126 3549 2198; x_wconf 81' lang='grc' dir='ltr'>σάρκα</span> 
     </span>
    </p>
   </div>
   <div class='ocr_carea' id='block_1_42' title="bbox 289 2214 1853 2290">
    <p class='ocr_par' dir='ltr' id='par_1_42' title="bbox 289 2214 1853 2287">
     <span class='ocr_line' id='line_1_42' title="bbox 289 2214 1853 2287; baseline -0.004 -13"><span class='ocrx_word' id='word_1_328' title='bbox 289 2218 493 2274; x_wconf 88' lang='lat' dir='ltr'><strong>deitate</strong></span> <span class='ocrx_word' id='word_1_329' title='bbox 524 2232 741 2287; x_wconf 89' lang='lat' dir='ltr'><strong>passus,</strong></span> <span class='ocrx_word' id='word_1_330' title='bbox 772 2214 1071 2270; x_wconf 87' lang='lat' dir='ltr'><strong>secundum</strong></span> <span class='ocrx_word' id='word_1_331' title='bbox 1107 2230 1328 2270; x_wconf 86' lang='lat' dir='ltr'><strong>carnem</strong></span> <span class='ocrx_word' id='word_1_332' title='bbox 1351 2231 1502 2280; x_wconf 85' lang='lat' dir='ltr'><strong>vero,</strong></span> <span class='ocrx_word' id='word_1_333' title='bbox 1535 2214 1694 2270; x_wconf 88' lang='lat' dir='ltr'><strong>nobis</strong></span> <span class='ocrx_word' id='word_1_334' title='bbox 1728 2229 1853 2269; x_wconf 89' lang='lat' dir='ltr'><strong>con-</strong></span> 
     </span>
    </p>
   </div>
   <div class='ocr_carea' id='block_1_43' title="bbox 1956 2214 3547 2290">
    <p class='ocr_par' dir='ltr' id='par_1_43' title="bbox 1969 2216 3547 2290">
     <span class='ocr_line' id='line_1_43' title="bbox 1969 2216 3547 2290; baseline 0.002 -21"><span class='ocrx_word' id='word_1_335' title='bbox 1969 2218 2360 2288; x_wconf 79' lang='grc' dir='ltr'>σχηματισθεὶς</span> <span class='ocrx_word' id='word_1_336' title='bbox 2392 2220 2521 2290; x_wconf 81' lang='grc' dir='ltr'>ἡμῖν</span> <span class='ocrx_word' id='word_1_337' title='bbox 2567 2219 2659 2272; x_wconf 81' lang='grc' dir='ltr'>καὶ</span> <span class='ocrx_word' id='word_1_338' title='bbox 2697 2217 3113 2290; x_wconf 78' lang='grc' dir='ltr'>συσχηματίζων</span> <span class='ocrx_word' id='word_1_339' title='bbox 3154 2220 3301 2289; x_wconf 78' lang='grc' dir='ltr'>ἡμᾶς</span> <span class='ocrx_word' id='word_1_340' title='bbox 3339 2216 3547 2287; x_wconf 77' lang='grc' dir='ltr'>ἑαυτῷ.</span> 
     </span>
    </p>
   </div>
   <div class='ocr_carea' id='block_1_44' title="bbox 290 2307 1469 2378">
    <p class='ocr_par' dir='ltr' id='par_1_44' title="bbox 290 2307 1469 2378">
     <span class='ocr_line' id='line_1_44' title="bbox 290 2307 1469 2378; baseline -0.005 -12"><span class='ocrx_word' id='word_1_341' title='bbox 290 2310 582 2374; x_wconf 78' lang='lat' dir='ltr'><strong>formatus,</strong></span> <span class='ocrx_word' id='word_1_342' title='bbox 610 2317 665 2364; x_wconf 87' lang='lat' dir='ltr'><strong>et</strong></span> <span class='ocrx_word' id='word_1_343' title='bbox 697 2323 799 2364; x_wconf 91' lang='lat' dir='ltr'><strong>nos</strong></span> <span class='ocrx_word' id='word_1_344' title='bbox 832 2308 934 2363; x_wconf 85' lang='lat' dir='ltr'><strong>sibi</strong></span> <span class='ocrx_word' id='word_1_345' title='bbox 969 2309 1072 2378; x_wconf 90' lang='lat' dir='ltr'><strong>ipsi</strong></span> <span class='ocrx_word' id='word_1_346' title='bbox 1095 2307 1469 2363; x_wconf 85' lang='lat' dir='ltr'><strong>conformans.</strong></span> 
     </span>
    </p>
   </div>
   <div class='ocr_carea' id='block_1_45' title="bbox 362 2465 1853 2544">
    <p class='ocr_par' dir='ltr' id='par_1_45' title="bbox 362 2468 1853 2544">
     <span class='ocr_line' id='line_1_45' title="bbox 362 2468 1853 2544; baseline -0.005 -17"><span class='ocrx_word' id='word_1_347' title='bbox 362 2472 472 2544; x_wconf 79' lang='lat'><strong>(73)</strong></span> <span class='ocrx_word' id='word_1_348' title='bbox 516 2469 866 2527; x_wconf 83' lang='lat' dir='ltr'><strong>Felckmanni</strong></span> <span class='ocrx_word' id='word_1_349' title='bbox 915 2469 1142 2544; x_wconf 76' lang='lat' dir='ltr'><strong>primus</strong></span> <span class='ocrx_word' id='word_1_350' title='bbox 1170 2478 1224 2523; x_wconf 86' lang='lat' dir='ltr'><strong>et</strong></span> <span class='ocrx_word' id='word_1_351' title='bbox 1268 2470 1399 2526; x_wconf 86' lang='lat' dir='ltr'><strong>edit.</strong></span> <span class='ocrx_word' id='word_1_352' title='bbox 1460 2468 1764 2533; x_wconf 85' lang='lat' dir='ltr'><strong>Commel.,</strong></span> <span class='ocrx_word' id='word_1_353' title='bbox 1798 2471 1853 2539; x_wconf 71' lang='grc' dir='ltr'>ὀρ</span> 
     </span>
    </p>
   </div>
   <div class='ocr_carea' id='block_1_46' title="bbox 1956 2465 3533 2544">
    <p class='ocr_par' dir='ltr' id='par_1_46' title="bbox 1956 2465 3533 2541">
     <span class='ocr_line' id='line_1_46' title="bbox 1956 2465 3533 2541; baseline -0.001 -21"><span class='ocrx_word' id='word_1_354' title='bbox 1956 2471 2081 2540; x_wconf 80' lang='grc' dir='ltr'>;νής,</span> <span class='ocrx_word' id='word_1_355' title='bbox 2140 2470 2396 2525; x_wconf 80' lang='lat' dir='ltr'><strong>mendose</strong></span> <span class='ocrx_word' id='word_1_356' title='bbox 2434 2491 2447 2525; x_wconf 91' lang='lat'>:</span> <span class='ocrx_word' id='word_1_357' title='bbox 2482 2472 2571 2525; x_wconf 88' lang='lat' dir='ltr'><strong>alii</strong></span> <span class='ocrx_word' id='word_1_358' title='bbox 2637 2486 2862 2537; x_wconf 87' lang='lat' dir='ltr'><strong>omnes,</strong></span> <span class='ocrx_word' id='word_1_359' title='bbox 2906 2470 2936 2521; x_wconf 82' lang='grc' dir='ltr'>ὁ</span> <span class='ocrx_word' id='word_1_360' title='bbox 2974 2469 3301 2541; x_wconf 71' lang='grc' dir='ltr'>Μονοοινενής.</span> <span class='ocrx_word' id='word_1_361' title='bbox 3354 2465 3533 2532; x_wconf 77' lang='lat' dir='ltr'><strong>Infra,</strong></span> 
     </span>
    </p>
   </div>
   <div class='ocr_carea' id='block_1_47' title="bbox 288 2539 1193 2611">
    <p class='ocr_par' dir='ltr' id='par_1_47' title="bbox 288 2539 1193 2611">
     <span class='ocr_line' id='line_1_47' title="bbox 288 2539 1193 2611; baseline -0.01 -11"><span class='ocrx_word' id='word_1_362' title='bbox 288 2539 463 2600; x_wconf 52' lang='lat' dir='ltr'><strong>Bisi.</strong></span> <span class='ocrx_word' id='word_1_363' title='bbox 501 2545 671 2606; x_wconf 85' lang='lat' dir='ltr'><strong>solus,</strong></span> <span class='ocrx_word' id='word_1_364' title='bbox 714 2557 883 2611; x_wconf 77' lang='grc' dir='ltr'>συσχη</span> <span class='ocrx_word' id='word_1_365' title='bbox 894 2540 1193 2609; x_wconf 64' lang='grc' dir='ltr'>ματισθείς.</span> 
     </span>
    </p>
   </div>
   <div class='ocr_carea' id='block_1_48' title="bbox 3097 2688 3528 2714">
    <p class='ocr_par' dir='ltr' id='par_1_48' title="bbox 3097 2688 3528 2714">
     <span class='ocr_line' id='line_1_48' title="bbox 3097 2688 3528 2714; baseline -0.005 -3"><span class='ocrx_word' id='word_1_366' title='bbox 3097 2688 3528 2714; x_wconf 41' lang='lat' dir='ltr'><strong>ﬂ</strong></span> 
     </span>
    </p>
   </div>
   <div class='ocr_carea' id='block_1_49' title="bbox 1004 2798 2825 2864">
    <p class='ocr_par' dir='ltr' id='par_1_49' title="bbox 1004 2798 2825 2864">
     <span class='ocr_line' id='line_1_49' title="bbox 1004 2798 2825 2864; baseline -0.003 0"><span class='ocrx_word' id='word_1_367' title='bbox 1004 2804 1083 2864; x_wconf 84' lang='grc' dir='ltr'><strong>ΙΝ</strong></span> <span class='ocrx_word' id='word_1_368' title='bbox 1124 2802 1424 2864; x_wconf 81' lang='lat' dir='ltr'><strong>LIBRUM</strong></span> <span class='ocrx_word' id='word_1_369' title='bbox 1465 2803 1785 2864; x_wconf 78' lang='lat' dir='ltr'><strong>CONTRA</strong></span> <span class='ocrx_word' id='word_1_370' title='bbox 1826 2799 2379 2862; x_wconf 72' lang='lat' dir='ltr'><strong>SABELLIANOS</strong></span> <span class='ocrx_word' id='word_1_371' title='bbox 2418 2798 2825 2859; x_wconf 83' lang='lat' dir='ltr'><strong>MONITUM.</strong></span> 
     </span>
    </p>
   </div>
   <div class='ocr_carea' id='block_1_50' title="bbox 362 2987 3555 3073">
    <p class='ocr_par' dir='ltr' id='par_1_50' title="bbox 362 2987 3555 3073">
     <span class='ocr_line' id='line_1_50' title="bbox 362 2987 3555 3073; baseline -0.003 -18"><span class='ocrx_word' id='word_1_372' title='bbox 362 3000 474 3073; x_wconf 67' lang='lat'><strong>28</strong></span> <span class='ocrx_word' id='word_1_373' title='bbox 506 2998 680 3055; x_wconf 83' lang='lat' dir='ltr'><strong>Tanta</strong></span> <span class='ocrx_word' id='word_1_374' title='bbox 737 3006 815 3052; x_wconf 87' lang='lat' dir='ltr'><strong>est</strong></span> <span class='ocrx_word' id='word_1_375' title='bbox 869 2995 1096 3065; x_wconf 73' lang='lat' dir='ltr'><strong>afﬁnitas</strong></span> <span class='ocrx_word' id='word_1_376' title='bbox 1150 2990 1304 3061; x_wconf 81' lang='lat' dir='ltr'><strong>hujus</strong></span> <span class='ocrx_word' id='word_1_377' title='bbox 1338 2992 1459 3044; x_wconf 82' lang='lat' dir='ltr'><strong>libri</strong></span> <span class='ocrx_word' id='word_1_378' title='bbox 1513 3007 1633 3044; x_wconf 89' lang='lat' dir='ltr'><strong>cum</strong></span> <span class='ocrx_word' id='word_1_379' title='bbox 1687 2989 1904 3043; x_wconf 84' lang='lat' dir='ltr'><strong>homilia</strong></span> <span class='ocrx_word' id='word_1_380' title='bbox 1958 2989 2033 3044; x_wconf 75' lang='lat'><strong>27-</strong></span> <span class='ocrx_word' id='word_1_381' title='bbox 2060 2989 2255 3044; x_wconf 80' lang='lat' dir='ltr'><strong>Basilii</strong></span> <span class='ocrx_word' id='word_1_382' title='bbox 2296 2997 2491 3043; x_wconf 90' lang='lat' dir='ltr'><strong>contra</strong></span> <span class='ocrx_word' id='word_1_383' title='bbox 2531 2987 2892 3052; x_wconf 87' lang='lat' dir='ltr'><strong>Sabellianos,</strong></span> <span class='ocrx_word' id='word_1_384' title='bbox 2939 2989 3127 3044; x_wconf 86' lang='lat' dir='ltr'><strong>Arium</strong></span> <span class='ocrx_word' id='word_1_385' title='bbox 3162 2996 3215 3045; x_wconf 87' lang='lat' dir='ltr'><strong>et</strong></span> <span class='ocrx_word' id='word_1_386' title='bbox 3250 2991 3555 3046; x_wconf 74' lang='lat' dir='ltr'><strong>Anomoeos</strong></span> 
     </span>
    </p>
   </div>
   <div class='ocr_carea' id='block_1_51' title="bbox 292 3083 3555 3165">
    <p class='ocr_par' dir='ltr' id='par_1_51' title="bbox 292 3083 3555 3165">
     <span class='ocr_line' id='line_1_51' title="bbox 292 3083 3555 3165; baseline -0.003 -13"><span class='ocrx_word' id='word_1_387' title='bbox 292 3108 615 3165; x_wconf 71' lang='lat' dir='ltr'><strong>nuncupata,</strong></span> <span class='ocrx_word' id='word_1_388' title='bbox 645 3102 701 3146; x_wconf 87' lang='lat' dir='ltr'><strong>ut</strong></span> <span class='ocrx_word' id='word_1_389' title='bbox 733 3092 1046 3145; x_wconf 86' lang='lat' dir='ltr'><strong>alterutrum</strong></span> <span class='ocrx_word' id='word_1_390' title='bbox 1080 3088 1390 3158; x_wconf 81' lang='lat' dir='ltr'><strong>opusculum</strong></span> <span class='ocrx_word' id='word_1_391' title='bbox 1437 3102 1502 3141; x_wconf 76' lang='lat' dir='ltr'><strong>ea:</strong></span> <span class='ocrx_word' id='word_1_392' title='bbox 1536 3085 1700 3140; x_wconf 90' lang='lat' dir='ltr'><strong>altero</strong></span> <span class='ocrx_word' id='word_1_393' title='bbox 1730 3100 2033 3154; x_wconf 70' lang='lat' dir='ltr'><strong>expressum</strong></span> <span class='ocrx_word' id='word_1_394' title='bbox 2074 3083 2238 3147; x_wconf 77' lang='lat' dir='ltr'><strong>fuisse</strong></span> <span class='ocrx_word' id='word_1_395' title='bbox 2291 3084 2570 3153; x_wconf 82' lang='lat' dir='ltr'><strong>propalam</strong></span> <span class='ocrx_word' id='word_1_396' title='bbox 2598 3085 2686 3137; x_wconf 90' lang='lat' dir='ltr'><strong>sit.</strong></span> <span class='ocrx_word' id='word_1_397' title='bbox 2724 3083 2791 3136; x_wconf 87' lang='lat' dir='ltr'><strong>Et</strong></span> <span class='ocrx_word' id='word_1_398' title='bbox 2828 3101 2955 3138; x_wconf 86' lang='lat' dir='ltr'><strong>sane</strong></span> <span class='ocrx_word' id='word_1_399' title='bbox 3002 3084 3187 3138; x_wconf 80' lang='lat' dir='ltr'><strong>iisdem</strong></span> <span class='ocrx_word' id='word_1_400' title='bbox 3220 3088 3555 3153; x_wconf 71' lang='lat' dir='ltr'><strong>argumentis</strong></span> 
     </span>
    </p>
   </div>
   <div class='ocr_carea' id='block_1_52' title="bbox 289 3173 3557 3259">
    <p class='ocr_par' dir='ltr' id='par_1_52' title="bbox 289 3173 3557 3259">
     <span class='ocr_line' id='line_1_52' title="bbox 289 3173 3557 3259; baseline -0.005 -14"><span class='ocrx_word' id='word_1_401' title='bbox 289 3190 349 3245; x_wconf 83' lang='lat' dir='ltr'><strong>in</strong></span> <span class='ocrx_word' id='word_1_402' title='bbox 388 3197 609 3259; x_wconf 87' lang='lat' dir='ltr'><strong>utroque</strong></span> <span class='ocrx_word' id='word_1_403' title='bbox 647 3183 949 3256; x_wconf 80' lang='lat' dir='ltr'><strong>proceditur</strong></span> <span class='ocrx_word' id='word_1_404' title='bbox 994 3179 1062 3233; x_wconf 89' lang='lat' dir='ltr'><strong>ad</strong></span> <span class='ocrx_word' id='word_1_405' title='bbox 1105 3181 1380 3234; x_wconf 65' lang='lat' dir='ltr'><strong>haereticos</strong></span> <span class='ocrx_word' id='word_1_406' title='bbox 1414 3177 1793 3247; x_wconf 74' lang='lat' dir='ltr'><strong>ronfutandos,</strong></span> <span class='ocrx_word' id='word_1_407' title='bbox 1842 3176 2022 3229; x_wconf 87' lang='lat' dir='ltr'><strong>eadem</strong></span> <span class='ocrx_word' id='word_1_408' title='bbox 2078 3176 2195 3242; x_wconf 87' lang='lat' dir='ltr'><strong>ipsa</strong></span> <span class='ocrx_word' id='word_1_409' title='bbox 2245 3184 2570 3244; x_wconf 78' lang='lat' dir='ltr'><strong>usurpantur</strong></span> <span class='ocrx_word' id='word_1_410' title='bbox 2615 3173 2907 3243; x_wconf 75' lang='lat' dir='ltr'><strong>Scriptum</strong></span> <span class='ocrx_word' id='word_1_411' title='bbox 2963 3177 3097 3242; x_wconf 88' lang='lat' dir='ltr'><strong>loca,</strong></span> <span class='ocrx_word' id='word_1_412' title='bbox 3134 3193 3239 3231; x_wconf 91' lang='lat' dir='ltr'><strong>uno</strong></span> <span class='ocrx_word' id='word_1_413' title='bbox 3272 3187 3322 3230; x_wconf 90' lang='lat' dir='ltr'><strong>et</strong></span> <span class='ocrx_word' id='word_1_414' title='bbox 3352 3175 3557 3247; x_wconf 67' lang='lat' dir='ltr'><strong>aequali</strong></span> 
     </span>
    </p>
   </div>
   <div class='ocr_carea' id='block_1_53' title="bbox 293 3265 3555 3347">
    <p class='ocr_par' dir='ltr' id='par_1_53' title="bbox 293 3265 3555 3347">
     <span class='ocr_line' id='line_1_53' title="bbox 293 3265 3555 3347; baseline -0.005 -9"><span class='ocrx_word' id='word_1_415' title='bbox 293 3282 476 3339; x_wconf 82' lang='lat' dir='ltr'><strong>ordine</strong></span> <span class='ocrx_word' id='word_1_416' title='bbox 509 3280 703 3347; x_wconf 89' lang='lat' dir='ltr'><strong>posita.</strong></span> <span class='ocrx_word' id='word_1_417' title='bbox 750 3275 1123 3343; x_wconf 81' lang='lat' dir='ltr'><strong>Nentinemque</strong></span> <span class='ocrx_word' id='word_1_418' title='bbox 1149 3279 1397 3340; x_wconf 84' lang='lat' dir='ltr'><strong>putamus</strong></span> <span class='ocrx_word' id='word_1_419' title='bbox 1447 3285 1559 3323; x_wconf 88' lang='lat' dir='ltr'><strong>esse</strong></span> <span class='ocrx_word' id='word_1_420' title='bbox 1614 3269 1738 3340; x_wconf 86' lang='lat' dir='ltr'><strong>quin</strong></span> <span class='ocrx_word' id='word_1_421' title='bbox 1753 3267 1979 3337; x_wconf 83' lang='lat' dir='ltr'><strong>judicet,</strong></span> <span class='ocrx_word' id='word_1_422' title='bbox 2011 3266 2067 3318; x_wconf 90' lang='lat' dir='ltr'><strong>id</strong></span> <span class='ocrx_word' id='word_1_423' title='bbox 2108 3266 2337 3334; x_wconf 80' lang='lat' dir='ltr'><strong>artiﬁcio</strong></span> <span class='ocrx_word' id='word_1_424' title='bbox 2364 3265 2639 3334; x_wconf 86' lang='lat' dir='ltr'><strong>cujusdam</strong></span> <span class='ocrx_word' id='word_1_425' title='bbox 2676 3266 2906 3321; x_wconf 78' lang='lat' dir='ltr'><strong>Grreculi</strong></span> <span class='ocrx_word' id='word_1_426' title='bbox 2946 3269 3220 3335; x_wconf 87' lang='lat' dir='ltr'><strong>scriptoris</strong></span> <span class='ocrx_word' id='word_1_427' title='bbox 3251 3269 3555 3324; x_wconf 85' lang='lat' dir='ltr'><strong>admissum</strong></span> 
     </span>
    </p>
   </div>
   <div class='ocr_carea' id='block_1_54' title="bbox 293 3358 3559 3450">
    <p class='ocr_par' dir='ltr' id='par_1_54' title="bbox 293 3358 3559 3450">
     <span class='ocr_line' id='line_1_54' title="bbox 293 3358 3559 3450; baseline -0.005 -19"><span class='ocrx_word' id='word_1_428' title='bbox 293 3379 461 3450; x_wconf 68' lang='lat' dir='ltr'><strong>fuisse</strong></span> <span class='ocrx_word' id='word_1_429' title='bbox 513 3372 603 3444; x_wconf 88' lang='lat' dir='ltr'><strong>qui</strong></span> <span class='ocrx_word' id='word_1_430' title='bbox 652 3368 960 3424; x_wconf 77' lang='lat' dir='ltr'><strong>atterutrius</strong></span> <span class='ocrx_word' id='word_1_431' title='bbox 1015 3364 1191 3418; x_wconf 87' lang='lat' dir='ltr'><strong>Patris</strong></span> <span class='ocrx_word' id='word_1_432' title='bbox 1225 3363 1418 3417; x_wconf 89' lang='lat' dir='ltr'><strong>librum</strong></span> <span class='ocrx_word' id='word_1_433' title='bbox 1451 3361 1618 3416; x_wconf 82' lang='lat' dir='ltr'><strong>verbis</strong></span> <span class='ocrx_word' id='word_1_434' title='bbox 1649 3361 1822 3415; x_wconf 90' lang='lat' dir='ltr'><strong>solum</strong></span> <span class='ocrx_word' id='word_1_435' title='bbox 1854 3358 2188 3413; x_wconf 87' lang='lat' dir='ltr'><strong>commutatis</strong></span> <span class='ocrx_word' id='word_1_436' title='bbox 2229 3358 2384 3412; x_wconf 80' lang='lat' dir='ltr'><strong>alteri</strong></span> <span class='ocrx_word' id='word_1_437' title='bbox 2433 3359 2757 3429; x_wconf 81' lang='lat' dir='ltr'><strong>ascripserit.</strong></span> <span class='ocrx_word' id='word_1_438' title='bbox 2785 3358 2855 3413; x_wconf 88' lang='lat' dir='ltr'><strong>Et</strong></span> <span class='ocrx_word' id='word_1_439' title='bbox 2881 3361 3094 3429; x_wconf 86' lang='lat' dir='ltr'><strong>quidem</strong></span> <span class='ocrx_word' id='word_1_440' title='bbox 3123 3361 3177 3413; x_wconf 89' lang='lat' dir='ltr'><strong>in</strong></span> <span class='ocrx_word' id='word_1_441' title='bbox 3203 3360 3341 3414; x_wconf 88' lang='lat' dir='ltr'><strong>hunc</strong></span> <span class='ocrx_word' id='word_1_442' title='bbox 3386 3362 3559 3415; x_wconf 83' lang='lat' dir='ltr'><strong>Atha-</strong></span> 
     </span>
    </p>
   </div>
   <div class='ocr_carea' id='block_1_55' title="bbox 295 3454 3560 3529">
    <p class='ocr_par' dir='ltr' id='par_1_55' title="bbox 295 3454 3560 3529">
     <span class='ocr_line' id='line_1_55' title="bbox 295 3454 3560 3529; baseline -0.005 -5"><span class='ocrx_word' id='word_1_443' title='bbox 295 3471 447 3529; x_wconf 81' lang='lat' dir='ltr'><strong>nasio</strong></span> <span class='ocrx_word' id='word_1_444' title='bbox 480 3465 794 3521; x_wconf 89' lang='lat' dir='ltr'><strong>attributum</strong></span> <span class='ocrx_word' id='word_1_445' title='bbox 835 3462 1021 3516; x_wconf 84' lang='lat' dir='ltr'><strong>cadere</strong></span> <span class='ocrx_word' id='word_1_446' title='bbox 1060 3458 1264 3513; x_wconf 83' lang='lat' dir='ltr'><strong>videtur</strong></span> <span class='ocrx_word' id='word_1_447' title='bbox 1310 3458 1590 3526; x_wconf 81' lang='lat' dir='ltr'><strong>suspicio:</strong></span> <span class='ocrx_word' id='word_1_448' title='bbox 1642 3472 1764 3509; x_wconf 90' lang='lat' dir='ltr'><strong>nam</strong></span> <span class='ocrx_word' id='word_1_449' title='bbox 1812 3464 2003 3523; x_wconf 64' lang='lat' dir='ltr'><strong>praeter</strong></span> <span class='ocrx_word' id='word_1_450' title='bbox 2054 3455 2177 3524; x_wconf 80' lang='lat' dir='ltr'><strong>styli</strong></span> <span class='ocrx_word' id='word_1_451' title='bbox 2234 3454 2589 3508; x_wconf 84' lang='lat' dir='ltr'><strong>diversitatem</strong></span> <span class='ocrx_word' id='word_1_452' title='bbox 2640 3472 2767 3510; x_wconf 90' lang='lat' dir='ltr'><strong>sane</strong></span> <span class='ocrx_word' id='word_1_453' title='bbox 2811 3458 3168 3524; x_wconf 81' lang='lat' dir='ltr'><strong>conspicuam,</strong></span> <span class='ocrx_word' id='word_1_454' title='bbox 3218 3473 3560 3526; x_wconf 80' lang='lat' dir='ltr'><strong>nequaquam</strong></span> 
     </span>
    </p>
   </div>
   <div class='ocr_carea' id='block_1_56' title="bbox 295 3546 3557 3630">
    <p class='ocr_par' dir='ltr' id='par_1_56' title="bbox 295 3546 3557 3630">
     <span class='ocr_line' id='line_1_56' title="bbox 295 3546 3557 3630; baseline -0.006 -11"><span class='ocrx_word' id='word_1_455' title='bbox 295 3563 550 3619; x_wconf 85' lang='lat' dir='ltr'><strong>memoria</strong></span> <span class='ocrx_word' id='word_1_456' title='bbox 578 3559 846 3630; x_wconf 88' lang='lat' dir='ltr'><strong>proditum</strong></span> <span class='ocrx_word' id='word_1_457' title='bbox 871 3563 949 3610; x_wconf 91' lang='lat' dir='ltr'><strong>est</strong></span> <span class='ocrx_word' id='word_1_458' title='bbox 980 3569 1097 3607; x_wconf 90' lang='lat' dir='ltr'><strong>cum</strong></span> <span class='ocrx_word' id='word_1_459' title='bbox 1127 3552 1194 3606; x_wconf 89' lang='lat' dir='ltr'><strong>iis</strong></span> <span class='ocrx_word' id='word_1_460' title='bbox 1241 3550 1497 3605; x_wconf 73' lang='lat' dir='ltr'><strong>hwreticis</strong></span> <span class='ocrx_word' id='word_1_461' title='bbox 1527 3564 1788 3619; x_wconf 84' lang='lat' dir='ltr'><strong>pugnasse</strong></span> <span class='ocrx_word' id='word_1_462' title='bbox 1834 3547 2207 3611; x_wconf 83' lang='lat' dir='ltr'><strong>Athanasium,</strong></span> <span class='ocrx_word' id='word_1_463' title='bbox 2237 3548 2326 3617; x_wconf 89' lang='lat' dir='ltr'><strong>qui</strong></span> <span class='ocrx_word' id='word_1_464' title='bbox 2354 3563 2472 3599; x_wconf 90' lang='lat' dir='ltr'><strong>cum</strong></span> <span class='ocrx_word' id='word_1_465' title='bbox 2517 3546 2768 3612; x_wconf 87' lang='lat' dir='ltr'><strong>Sabellio,</strong></span> <span class='ocrx_word' id='word_1_466' title='bbox 2807 3548 3021 3602; x_wconf 88' lang='lat' dir='ltr'><strong>Patrem</strong></span> <span class='ocrx_word' id='word_1_467' title='bbox 3056 3547 3360 3617; x_wconf 80' lang='lat' dir='ltr'><strong>Filiumque</strong></span> <span class='ocrx_word' id='word_1_468' title='bbox 3386 3564 3557 3601; x_wconf 79' lang='lat' dir='ltr'><strong>unam</strong></span> 
     </span>
    </p>
   </div>
   <div class='ocr_carea' id='block_1_57' title="bbox 295 3633 3561 3723">
    <p class='ocr_par' dir='ltr' id='par_1_57' title="bbox 295 3633 3561 3723">
     <span class='ocr_line' id='line_1_57' title="bbox 295 3633 3561 3723; baseline -0.005 -14"><span class='ocrx_word' id='word_1_469' title='bbox 295 3673 409 3713; x_wconf 86' lang='lat' dir='ltr'><strong>esse</strong></span> <span class='ocrx_word' id='word_1_470' title='bbox 434 3667 733 3723; x_wconf 85' lang='lat' dir='ltr'><strong>personam,</strong></span> <span class='ocrx_word' id='word_1_471' title='bbox 766 3649 881 3704; x_wconf 89' lang='lat' dir='ltr'><strong>solo</strong></span> <span class='ocrx_word' id='word_1_472' title='bbox 928 3645 1134 3701; x_wconf 89' lang='lat' dir='ltr'><strong>nomine</strong></span> <span class='ocrx_word' id='word_1_473' title='bbox 1163 3642 1467 3697; x_wconf 89' lang='lat' dir='ltr'><strong>distinctam</strong></span> <span class='ocrx_word' id='word_1_474' title='bbox 1510 3640 1873 3710; x_wconf 65' lang='lat' dir='ltr'><strong>afﬁrmarent:</strong></span> <span class='ocrx_word' id='word_1_475' title='bbox 1910 3639 2047 3709; x_wconf 79' lang='lat' dir='ltr'><strong>quod</strong></span> <span class='ocrx_word' id='word_1_476' title='bbox 2079 3648 2256 3693; x_wconf 88' lang='lat' dir='ltr'><strong>tamen</strong></span> <span class='ocrx_word' id='word_1_477' title='bbox 2294 3654 2458 3691; x_wconf 88' lang='lat' dir='ltr'><strong>unum</strong></span> <span class='ocrx_word' id='word_1_478' title='bbox 2498 3640 2675 3708; x_wconf 84' lang='lat' dir='ltr'><strong>agitur</strong></span> <span class='ocrx_word' id='word_1_479' title='bbox 2715 3640 2769 3692; x_wconf 88' lang='lat' dir='ltr'><strong>in</strong></span> <span class='ocrx_word' id='word_1_480' title='bbox 2821 3640 2918 3693; x_wconf 88' lang='lat' dir='ltr'><strong>hoc</strong></span> <span class='ocrx_word' id='word_1_481' title='bbox 2945 3641 3213 3708; x_wconf 86' lang='lat' dir='ltr'><strong>opusculo.</strong></span> <span class='ocrx_word' id='word_1_482' title='bbox 3249 3633 3313 3693; x_wconf 67' lang='lat' dir='ltr'><strong>l&#39;n</strong></span> <span class='ocrx_word' id='word_1_483' title='bbox 3358 3639 3561 3698; x_wconf 80' lang='lat' dir='ltr'><strong>Basilii</strong></span> 
     </span>
    </p>
   </div>
   <div class='ocr_carea' id='block_1_58' title="bbox 296 3728 3561 3800">
    <p class='ocr_par' dir='ltr' id='par_1_58' title="bbox 296 3728 3561 3800">
     <span class='ocr_line' id='line_1_58' title="bbox 296 3728 3561 3800; baseline -0.006 -1"><span class='ocrx_word' id='word_1_484' title='bbox 296 3760 415 3800; x_wconf 77' lang='lat' dir='ltr'><strong>vero</strong></span> <span class='ocrx_word' id='word_1_485' title='bbox 462 3742 685 3797; x_wconf 89' lang='lat' dir='ltr'><strong>homilia</strong></span> <span class='ocrx_word' id='word_1_486' title='bbox 735 3741 790 3794; x_wconf 90' lang='lat' dir='ltr'><strong>in</strong></span> <span class='ocrx_word' id='word_1_487' title='bbox 836 3739 1115 3792; x_wconf 77' lang='lat' dir='ltr'><strong>Anomaeos</strong></span> <span class='ocrx_word' id='word_1_488' title='bbox 1162 3733 1392 3789; x_wconf 72' lang='lat' dir='ltr'><strong>maxime</strong></span> <span class='ocrx_word' id='word_1_489' title='bbox 1443 3731 1557 3799; x_wconf 85' lang='lat' dir='ltr'><strong>ejus</strong></span> <span class='ocrx_word' id='word_1_490' title='bbox 1610 3729 1856 3797; x_wconf 88' lang='lat' dir='ltr'><strong>temporis</strong></span> <span class='ocrx_word' id='word_1_491' title='bbox 1903 3728 2173 3782; x_wconf 61' lang='lat' dir='ltr'><strong>hereticos</strong></span> <span class='ocrx_word' id='word_1_492' title='bbox 2227 3729 2448 3781; x_wconf 85' lang='lat' dir='ltr'><strong>vertitur</strong></span> <span class='ocrx_word' id='word_1_493' title='bbox 2497 3730 2659 3795; x_wconf 85' lang='lat' dir='ltr'><strong>acies,</strong></span> <span class='ocrx_word' id='word_1_494' title='bbox 2715 3730 2833 3783; x_wconf 88' lang='lat' dir='ltr'><strong>licet</strong></span> <span class='ocrx_word' id='word_1_495' title='bbox 2869 3729 3134 3785; x_wconf 87' lang='lat' dir='ltr'><strong>Sabellius</strong></span> <span class='ocrx_word' id='word_1_496' title='bbox 3169 3747 3370 3800; x_wconf 89' lang='lat' dir='ltr'><strong>quoque</strong></span> <span class='ocrx_word' id='word_1_497' title='bbox 3409 3729 3561 3782; x_wconf 84' lang='lat' dir='ltr'><strong>haud</strong></span> 
     </span>
    </p>
   </div>
   <div class='ocr_carea' id='block_1_59' title="bbox 296 3823 3563 3906">
    <p class='ocr_par' dir='ltr' id='par_1_59' title="bbox 296 3823 3563 3906">
     <span class='ocr_line' id='line_1_59' title="bbox 296 3823 3563 3906; baseline -0.004 -16"><span class='ocrx_word' id='word_1_498' title='bbox 296 3834 523 3906; x_wconf 83' lang='lat' dir='ltr'><strong>segniter</strong></span> <span class='ocrx_word' id='word_1_499' title='bbox 552 3833 905 3901; x_wconf 82' lang='lat' dir='ltr'><strong>impugnetur.</strong></span> <span class='ocrx_word' id='word_1_500' title='bbox 948 3826 1054 3882; x_wconf 87' lang='lat' dir='ltr'><strong>Sed</strong></span> <span class='ocrx_word' id='word_1_501' title='bbox 1086 3828 1173 3897; x_wconf 86' lang='lat' dir='ltr'><strong>qui</strong></span> <span class='ocrx_word' id='word_1_502' title='bbox 1206 3842 1272 3881; x_wconf 78' lang='lat' dir='ltr'><strong>ea:</strong></span> <span class='ocrx_word' id='word_1_503' title='bbox 1325 3825 1531 3881; x_wconf 84' lang='lat' dir='ltr'><strong>Basilio</strong></span> <span class='ocrx_word' id='word_1_504' title='bbox 1561 3825 1655 3878; x_wconf 89' lang='lat' dir='ltr'><strong>hac</strong></span> <span class='ocrx_word' id='word_1_505' title='bbox 1699 3823 2009 3893; x_wconf 87' lang='lat' dir='ltr'><strong>opusculum</strong></span> <span class='ocrx_word' id='word_1_506' title='bbox 2055 3825 2338 3878; x_wconf 80' lang='lat' dir='ltr'><strong>Athanasii</strong></span> <span class='ocrx_word' id='word_1_507' title='bbox 2383 3825 2589 3883; x_wconf 85' lang='lat' dir='ltr'><strong>nomine</strong></span> <span class='ocrx_word' id='word_1_508' title='bbox 2636 3827 2914 3894; x_wconf 72' lang='lat' dir='ltr'><strong>expressit,</strong></span> <span class='ocrx_word' id='word_1_509' title='bbox 2961 3826 3027 3879; x_wconf 87' lang='lat' dir='ltr'><strong>ad</strong></span> <span class='ocrx_word' id='word_1_510' title='bbox 3070 3826 3311 3895; x_wconf 71' lang='lat' dir='ltr'><strong>fraudem</strong></span> <span class='ocrx_word' id='word_1_511' title='bbox 3342 3835 3401 3879; x_wconf 90' lang='lat' dir='ltr'><strong>ut</strong></span> <span class='ocrx_word' id='word_1_512' title='bbox 3453 3841 3563 3894; x_wconf 89' lang='lat' dir='ltr'><strong>pu-</strong></span> 
     </span>
    </p>
   </div>
   <div class='ocr_carea' id='block_1_60' title="bbox 297 3908 3647 3996">
    <p class='ocr_par' dir='ltr' id='par_1_60' title="bbox 297 3908 3647 3996">
     <span class='ocr_line' id='line_1_60' title="bbox 297 3908 3647 3996; baseline -0.001 -15"><span class='ocrx_word' id='word_1_513' title='bbox 297 3935 474 3981; x_wconf 86' lang='lat' dir='ltr'><strong>tamus</strong></span> <span class='ocrx_word' id='word_1_514' title='bbox 504 3924 876 3996; x_wconf 86' lang='lat' dir='ltr'><strong>contegendam</strong></span> <span class='ocrx_word' id='word_1_515' title='bbox 917 3924 1290 3978; x_wconf 74' lang='lat' dir='ltr'><strong>Anomaeorum</strong></span> <span class='ocrx_word' id='word_1_516' title='bbox 1319 3908 1577 3989; x_wconf 78' lang='lat' dir='ltr'><strong>nusquam</strong></span> <span class='ocrx_word' id='word_1_517' title='bbox 1630 3917 1887 3970; x_wconf 88' lang='lat' dir='ltr'><strong>meminit.</strong></span> <span class='ocrx_word' id='word_1_518' title='bbox 1931 3914 2043 3969; x_wconf 80' lang='lat' dir='ltr'><strong>Nec</strong></span> <span class='ocrx_word' id='word_1_519' title='bbox 2072 3917 2187 3985; x_wconf 87' lang='lat' dir='ltr'><strong>quis</strong></span> <span class='ocrx_word' id='word_1_520' title='bbox 2228 3920 2509 3985; x_wconf 81' lang='lat' dir='ltr'><strong>putaverit,</strong></span> <span class='ocrx_word' id='word_1_521' title='bbox 2550 3918 2811 3973; x_wconf 84' lang='lat' dir='ltr'><strong>Basiliam</strong></span> <span class='ocrx_word' id='word_1_522' title='bbox 2843 3929 3007 3985; x_wconf 70' lang='lat' dir='ltr'><strong>tantae</strong></span> <span class='ocrx_word' id='word_1_523' title='bbox 3054 3922 3220 3974; x_wconf 79' lang='lat' dir='ltr'><strong>virum</strong></span> <span class='ocrx_word' id='word_1_524' title='bbox 3244 3921 3563 3990; x_wconf 74' lang='lat' dir='ltr'><strong>eloquentia:</strong></span> <span class='ocrx_word' id='word_1_525' title='bbox 3632 3942 3647 3951; x_wconf 64' lang='grc' dir='ltr'><strong><em>ί</em></strong></span> 
     </span>
    </p>
   </div>
   <div class='ocr_carea' id='block_1_61' title="bbox 297 4010 3560 4084">
    <p class='ocr_par' dir='ltr' id='par_1_61' title="bbox 297 4010 3560 4084">
     <span class='ocr_line' id='line_1_61' title="bbox 297 4010 3560 4084; baseline -0.002 -9"><span class='ocrx_word' id='word_1_526' title='bbox 297 4030 347 4075; x_wconf 83' lang='lat' dir='ltr'><strong>et</strong></span> <span class='ocrx_word' id='word_1_527' title='bbox 382 4021 716 4084; x_wconf 87' lang='lat' dir='ltr'><strong>eruditionis,</strong></span> <span class='ocrx_word' id='word_1_528' title='bbox 751 4020 959 4083; x_wconf 89' lang='lat' dir='ltr'><strong>alienis,</strong></span> <span class='ocrx_word' id='word_1_529' title='bbox 986 4026 1044 4071; x_wconf 92' lang='lat' dir='ltr'><strong>ut</strong></span> <span class='ocrx_word' id='word_1_530' title='bbox 1077 4018 1248 4080; x_wconf 89' lang='lat' dir='ltr'><strong>aiunt,</strong></span> <span class='ocrx_word' id='word_1_531' title='bbox 1275 4031 1385 4070; x_wconf 83' lang='lat' dir='ltr'><strong>sese</strong></span> <span class='ocrx_word' id='word_1_532' title='bbox 1413 4013 1592 4081; x_wconf 87' lang='lat' dir='ltr'><strong>pennis</strong></span> <span class='ocrx_word' id='word_1_533' title='bbox 1621 4020 1955 4065; x_wconf 71' lang='lat' dir='ltr'><strong>exornatum.</strong></span> <span class='ocrx_word' id='word_1_534' title='bbox 1999 4010 2137 4065; x_wconf 84' lang='lat' dir='ltr'><strong>Sane</strong></span> <span class='ocrx_word' id='word_1_535' title='bbox 2192 4012 2317 4065; x_wconf 87' lang='lat' dir='ltr'><strong>talis</strong></span> <span class='ocrx_word' id='word_1_536' title='bbox 2342 4023 2418 4066; x_wconf 84' lang='lat' dir='ltr'><strong>est</strong></span> <span class='ocrx_word' id='word_1_537' title='bbox 2457 4014 2633 4079; x_wconf 90' lang='lat' dir='ltr'><strong>homo,</strong></span> <span class='ocrx_word' id='word_1_538' title='bbox 2664 4024 2723 4066; x_wconf 90' lang='lat' dir='ltr'><strong>ut</strong></span> <span class='ocrx_word' id='word_1_539' title='bbox 2754 4032 2816 4068; x_wconf 89' lang='lat' dir='ltr'><strong>ne</strong></span> <span class='ocrx_word' id='word_1_540' title='bbox 2844 4015 2896 4067; x_wconf 91' lang='lat' dir='ltr'><strong>in</strong></span> <span class='ocrx_word' id='word_1_541' title='bbox 2947 4014 3299 4081; x_wconf 84' lang='lat' dir='ltr'><strong>suspicionem</strong></span> <span class='ocrx_word' id='word_1_542' title='bbox 3339 4012 3560 4083; x_wconf 85' lang='lat' dir='ltr'><strong>quidem</strong></span> 
     </span>
    </p>
   </div>
   <div class='ocr_carea' id='block_1_62' title="bbox 299 4104 3559 4189">
    <p class='ocr_par' dir='ltr' id='par_1_62' title="bbox 299 4104 3559 4189">
     <span class='ocr_line' id='line_1_62' title="bbox 299 4104 3559 4189; baseline -0.003 -21"><span class='ocrx_word' id='word_1_543' title='bbox 299 4116 433 4189; x_wconf 79' lang='lat' dir='ltr'><strong>furti</strong></span> <span class='ocrx_word' id='word_1_544' title='bbox 469 4117 730 4187; x_wconf 85' lang='lat' dir='ltr'><strong>plagiique</strong></span> <span class='ocrx_word' id='word_1_545' title='bbox 770 4115 962 4170; x_wconf 82' lang='lat' dir='ltr'><strong>ueniat.</strong></span> <span class='ocrx_word' id='word_1_546' title='bbox 1020 4110 1313 4165; x_wconf 82' lang='lat' dir='ltr'><strong>Ilomiliam</strong></span> <span class='ocrx_word' id='word_1_547' title='bbox 1354 4110 1530 4178; x_wconf 88' lang='lat' dir='ltr'><strong>itaque</strong></span> <span class='ocrx_word' id='word_1_548' title='bbox 1577 4106 1648 4160; x_wconf 69' lang='grc'><strong>27</strong></span> <span class='ocrx_word' id='word_1_549' title='bbox 1674 4106 1953 4175; x_wconf 87' lang='lat' dir='ltr'><strong>genuinum</strong></span> <span class='ocrx_word' id='word_1_550' title='bbox 1999 4104 2191 4159; x_wconf 88' lang='lat' dir='ltr'><strong>Basilii</strong></span> <span class='ocrx_word' id='word_1_551' title='bbox 2232 4121 2342 4159; x_wconf 88' lang='lat' dir='ltr'><strong>esse</strong></span> <span class='ocrx_word' id='word_1_552' title='bbox 2394 4123 2542 4176; x_wconf 83' lang='lat' dir='ltr'><strong>opus,</strong></span> <span class='ocrx_word' id='word_1_553' title='bbox 2599 4108 2694 4163; x_wconf 89' lang='lat' dir='ltr'><strong>hoc</strong></span> <span class='ocrx_word' id='word_1_554' title='bbox 2737 4124 2854 4162; x_wconf 78' lang='lat' dir='ltr'><strong>vero</strong></span> <span class='ocrx_word' id='word_1_555' title='bbox 2894 4107 3189 4160; x_wconf 80' lang='lat' dir='ltr'><strong>Athanasio</strong></span> <span class='ocrx_word' id='word_1_556' title='bbox 3239 4107 3559 4177; x_wconf 87' lang='lat' dir='ltr'><strong>ascriptum,</strong></span> 
     </span>
    </p>
   </div>
   <div class='ocr_carea' id='block_1_63' title="bbox 299 4199 3563 4276">
    <p class='ocr_par' dir='ltr' id='par_1_63' title="bbox 299 4199 3563 4276">
     <span class='ocr_line' id='line_1_63' title="bbox 299 4199 3563 4276; baseline -0.003 -13"><span class='ocrx_word' id='word_1_557' title='bbox 299 4207 536 4276; x_wconf 84' lang='lat' dir='ltr'><strong>spurium</strong></span> <span class='ocrx_word' id='word_1_558' title='bbox 571 4208 899 4262; x_wconf 87' lang='lat' dir='ltr'><strong>arbitramur</strong></span> <span class='ocrx_word' id='word_1_559' title='bbox 929 4223 946 4261; x_wconf 94' lang='lat'><em>:</em></span> <span class='ocrx_word' id='word_1_560' title='bbox 971 4205 1091 4260; x_wconf 88' lang='lat' dir='ltr'><strong>licet</strong></span> <span class='ocrx_word' id='word_1_561' title='bbox 1112 4203 1323 4274; x_wconf 87' lang='lat' dir='ltr'><strong>jamdiu</strong></span> <span class='ocrx_word' id='word_1_562' title='bbox 1367 4204 1502 4256; x_wconf 88' lang='lat' dir='ltr'><strong>inter</strong></span> <span class='ocrx_word' id='word_1_563' title='bbox 1536 4199 1903 4253; x_wconf 83' lang='lat' dir='ltr'><strong>Athanasiana</strong></span> <span class='ocrx_word' id='word_1_564' title='bbox 1938 4209 2268 4267; x_wconf 86' lang='lat' dir='ltr'><strong>compareat;</strong></span> <span class='ocrx_word' id='word_1_565' title='bbox 2314 4202 2366 4254; x_wconf 86' lang='lat' dir='ltr'><strong>in</strong></span> <span class='ocrx_word' id='word_1_566' title='bbox 2402 4202 2631 4272; x_wconf 85' lang='lat' dir='ltr'><strong>antiquis</strong></span> <span class='ocrx_word' id='word_1_567' title='bbox 2666 4203 2805 4257; x_wconf 91' lang='lat' dir='ltr'><strong>enim</strong></span> <span class='ocrx_word' id='word_1_568' title='bbox 2848 4201 3243 4255; x_wconf 85' lang='lat' dir='ltr'><strong>collectionibus</strong></span> <span class='ocrx_word' id='word_1_569' title='bbox 3271 4199 3563 4255; x_wconf 80' lang='lat' dir='ltr'><strong>Athanasii</strong></span> 
     </span>
    </p>
   </div>
   <div class='ocr_carea' id='block_1_64' title="bbox 299 4302 785 4373">
    <p class='ocr_par' dir='ltr' id='par_1_64' title="bbox 299 4302 785 4373">
     <span class='ocr_line' id='line_1_64' title="bbox 299 4302 785 4373; baseline 0.002 -15"><span class='ocrx_word' id='word_1_570' title='bbox 299 4316 512 4373; x_wconf 74' lang='lat' dir='ltr'><strong>operum</strong></span> <span class='ocrx_word' id='word_1_571' title='bbox 547 4302 785 4359; x_wconf 85' lang='lat' dir='ltr'><strong>habetur.</strong></span> 
     </span>
    </p>
   </div>
   <div class='ocr_carea' id='block_1_65' title="bbox 1393 4542 2446 4631">
    <p class='ocr_par' dir='ltr' id='par_1_65' title="bbox 1393 4542 2446 4631">
     <span class='ocr_line' id='line_1_65' title="bbox 1393 4542 2446 4631; baseline -0.007 -30"><span class='ocrx_word' id='word_1_572' title='bbox 1393 4547 1531 4601; x_wconf 87' lang='grc' dir='ltr'><strong>ΤΟΥ</strong></span> <span class='ocrx_word' id='word_1_573' title='bbox 1568 4542 1659 4601; x_wconf 88' lang='lat' dir='ltr'><strong>EN</strong></span> <span class='ocrx_word' id='word_1_574' title='bbox 1692 4547 1917 4601; x_wconf 75' lang='grc' dir='ltr'>ΔΓΙΟΙΣ</span> <span class='ocrx_word' id='word_1_575' title='bbox 1945 4543 2219 4631; x_wconf 68' lang='grc' dir='ltr'><strong>ΠᾼΤΡΟΣ</strong></span> <span class='ocrx_word' id='word_1_576' title='bbox 2249 4542 2446 4596; x_wconf 82' lang='grc' dir='ltr'><strong>ΗΜΩΝ</strong></span> 
     </span>
    </p>
   </div>
   <div class='ocr_carea' id='block_1_66' title="bbox 1622 4709 2256 4800">
    <p class='ocr_par' dir='ltr' id='par_1_66' title="bbox 1622 4709 2256 4800">
     <span class='ocr_line' id='line_1_66' title="bbox 1622 4709 2256 4800; baseline -0.006 -2"><span class='ocrx_word' id='word_1_577' title='bbox 1622 4709 2256 4800; x_wconf 83' lang='grc' dir='ltr'><strong>ΑΘΑΝΑΣΙΟΥ</strong></span> 
     </span>
    </p>
   </div>
   <div class='ocr_carea' id='block_1_67' title="bbox 374 4864 3516 4973">
    <p class='ocr_par' dir='ltr' id='par_1_67' title="bbox 374 4864 3516 4973">
     <span class='ocr_line' id='line_1_67' title="bbox 374 4864 3516 4973; baseline -0.009 -13"><span class='ocrx_word' id='word_1_578' title='bbox 374 4900 516 4973; x_wconf 73' lang='grc' dir='ltr'>Περὶ</span> <span class='ocrx_word' id='word_1_579' title='bbox 549 4899 661 4972; x_wconf 82' lang='grc' dir='ltr'>τῆς</span> <span class='ocrx_word' id='word_1_580' title='bbox 696 4900 891 4957; x_wconf 81' lang='grc' dir='ltr'>ἀϊδίου</span> <span class='ocrx_word' id='word_1_581' title='bbox 921 4901 1229 4973; x_wconf 79' lang='grc' dir='ltr'><strong>ὑπάρξεως</strong></span> <span class='ocrx_word' id='word_1_582' title='bbox 1255 4900 1361 4955; x_wconf 83' lang='grc' dir='ltr'>τοῦ</span> <span class='ocrx_word' id='word_1_583' title='bbox 1403 4898 1540 4954; x_wconf 86' lang='grc' dir='ltr'><strong>Υίοῦ</strong></span> <span class='ocrx_word' id='word_1_584' title='bbox 1569 4898 1666 4952; x_wconf 77' lang='grc' dir='ltr'><strong>καὶ</strong></span> <span class='ocrx_word' id='word_1_585' title='bbox 1706 4899 1813 4951; x_wconf 82' lang='grc' dir='ltr'>τοῦ</span> <span class='ocrx_word' id='word_1_586' title='bbox 1855 4896 2199 4964; x_wconf 79' lang='grc' dir='ltr'>Πνεύματος</span> <span class='ocrx_word' id='word_1_587' title='bbox 2230 4890 2352 4944; x_wconf 82' lang='grc' dir='ltr'><strong>σὺν</strong></span> <span class='ocrx_word' id='word_1_588' title='bbox 2382 4864 2524 4953; x_wconf 79' lang='grc' dir='ltr'><strong>Θεῷ,</strong></span> <span class='ocrx_word' id='word_1_589' title='bbox 2554 4885 2655 4940; x_wconf 77' lang='grc' dir='ltr'><strong>καὶ</strong></span> <span class='ocrx_word' id='word_1_590' title='bbox 2679 4883 2828 4953; x_wconf 78' lang='grc' dir='ltr'>πρὸς</span> <span class='ocrx_word' id='word_1_591' title='bbox 2861 4883 3003 4948; x_wconf 83' lang='grc' dir='ltr'>τοὺς</span> <span class='ocrx_word' id='word_1_592' title='bbox 3024 4879 3516 4946; x_wconf 71' lang='grc' dir='ltr'>Σαϐελλίζοντας.</span> 
     </span>
    </p>
   </div>
   <div class='ocr_carea' id='block_1_68' title="bbox 1297 5078 2507 5237">
    <p class='ocr_par' dir='ltr' id='par_1_68' title="bbox 1297 5078 2507 5237">
     <span class='ocr_line' id='line_1_68' title="bbox 1297 5078 2507 5237; baseline -0.01 0"><span class='ocrx_word' id='word_1_593' title='bbox 1297 5149 1390 5237; x_wconf 87' lang='lat' dir='ltr'><strong>S.</strong></span> <span class='ocrx_word' id='word_1_594' title='bbox 1470 5151 1577 5237; x_wconf 89' lang='lat' dir='ltr'><strong>P.</strong></span> <span class='ocrx_word' id='word_1_595' title='bbox 1660 5149 1778 5236; x_wconf 90' lang='lat' dir='ltr'><strong>N.</strong></span> <span class='ocrx_word' id='word_1_596' title='bbox 1853 5078 2507 5236; x_wconf 57' lang='lat' dir='ltr'><strong>ATHANASII</strong></span> 
     </span>
    </p>
   </div>
   <div class='ocr_carea' id='block_1_69' title="bbox 583 5285 3274 5381">
    <p class='ocr_par' dir='ltr' id='par_1_69' title="bbox 583 5285 3274 5381">
     <span class='ocr_line' id='line_1_69' title="bbox 583 5285 3274 5381; baseline -0.007 -14"><span class='ocrx_word' id='word_1_597' title='bbox 583 5307 672 5367; x_wconf 88' lang='lat' dir='ltr'><strong>De</strong></span> <span class='ocrx_word' id='word_1_598' title='bbox 701 5314 932 5367; x_wconf 79' lang='lat' dir='ltr'><strong>aeterna</strong></span> <span class='ocrx_word' id='word_1_599' title='bbox 957 5302 1114 5365; x_wconf 86' lang='lat' dir='ltr'><strong>Filii</strong></span> <span class='ocrx_word' id='word_1_600' title='bbox 1145 5310 1201 5363; x_wconf 86' lang='lat' dir='ltr'><strong>et</strong></span> <span class='ocrx_word' id='word_1_601' title='bbox 1234 5302 1515 5381; x_wconf 82' lang='lat' dir='ltr'><strong>Spiritus</strong></span> <span class='ocrx_word' id='word_1_602' title='bbox 1550 5301 1750 5362; x_wconf 87' lang='lat' dir='ltr'><strong>sancti</strong></span> <span class='ocrx_word' id='word_1_603' title='bbox 1774 5298 2067 5377; x_wconf 55' lang='lat' dir='ltr'><strong>cum2Deo</strong></span> <span class='ocrx_word' id='word_1_604' title='bbox 2096 5291 2491 5362; x_wconf 73' lang='lat' dir='ltr'><strong>exsistentia,</strong></span> <span class='ocrx_word' id='word_1_605' title='bbox 2524 5295 2579 5348; x_wconf 85' lang='lat' dir='ltr'><strong>et</strong></span> <span class='ocrx_word' id='word_1_606' title='bbox 2615 5294 2833 5348; x_wconf 82' lang='lat' dir='ltr'><strong>contra</strong></span> <span class='ocrx_word' id='word_1_607' title='bbox 2861 5285 3274 5348; x_wconf 86' lang='lat' dir='ltr'><strong>Sabellianos.</strong></span> 
     </span>
    </p>
   </div>
   <div class='ocr_carea' id='block_1_70' title="bbox 383 5509 1853 5604">
    <p class='ocr_par' dir='ltr' id='par_1_70' title="bbox 383 5530 1853 5604">
     <span class='ocr_line' id='line_1_70' title="bbox 383 5530 1853 5604; baseline -0.006 -15"><span class='ocrx_word' id='word_1_608' title='bbox 383 5534 434 5589; x_wconf 79' lang='grc' dir='ltr'><strong>Ι.</strong></span> <span class='ocrx_word' id='word_1_609' title='bbox 474 5531 787 5588; x_wconf 75' lang='lat' dir='ltr'><strong>Jndaismus</strong></span> <span class='ocrx_word' id='word_1_610' title='bbox 824 5531 1108 5604; x_wconf 77' lang='lat' dir='ltr'><strong>gentilitati</strong></span> <span class='ocrx_word' id='word_1_611' title='bbox 1168 5530 1478 5586; x_wconf 88' lang='lat' dir='ltr'><strong>contrarius</strong></span> <span class='ocrx_word' id='word_1_612' title='bbox 1533 5535 1638 5592; x_wconf 90' lang='lat' dir='ltr'><strong>est,</strong></span> <span class='ocrx_word' id='word_1_613' title='bbox 1675 5536 1853 5583; x_wconf 76' lang='lat' dir='ltr'><strong>ncutrt</strong></span> 
     </span>
    </p>
   </div>
   <div class='ocr_carea' id='block_1_71' title="bbox 1956 5509 3574 5604">
    <p class='ocr_par' dir='ltr' id='par_1_71' title="bbox 2044 5509 3574 5587">
     <span class='ocr_line' id='line_1_71' title="bbox 2044 5509 3574 5587; baseline 0.001 -11"><span class='ocrx_word' id='word_1_614' title='bbox 2044 5523 2096 5576; x_wconf 78' lang='grc'><strong>1.</strong></span> <span class='ocrx_word' id='word_1_615' title='bbox 2147 5514 2478 5587; x_wconf 79' lang='grc' dir='ltr'>ἰουδαῖσμὸς</span> <span class='ocrx_word' id='word_1_616' title='bbox 2520 5514 2816 5567; x_wconf 86' lang='grc' dir='ltr'>ἀντικειται</span> <span class='ocrx_word' id='word_1_617' title='bbox 2870 5510 3002 5583; x_wconf 77' lang='grc' dir='ltr'>πρὸς</span> <span class='ocrx_word' id='word_1_618' title='bbox 3044 5509 3418 5581; x_wconf 64' lang='grc' dir='ltr'>Ἐλληνῑσμῦνν</span> <span class='ocrx_word' id='word_1_619' title='bbox 3471 5514 3574 5565; x_wconf 62' lang='grc' dir='ltr'><strong>καὶ</strong></span> 
     </span>
    </p>
   </div>
   <div class='ocr_carea' id='block_1_72' title="bbox 308 5600 1853 5694">
    <p class='ocr_par' dir='ltr' id='par_1_72' title="bbox 308 5600 1853 5694">
     <span class='ocr_line' id='line_1_72' title="bbox 308 5600 1853 5694; baseline -0.005 -14"><span class='ocrx_word' id='word_1_620' title='bbox 308 5629 495 5680; x_wconf 65' lang='lat' dir='ltr'><strong>tamen</strong></span> <span class='ocrx_word' id='word_1_621' title='bbox 544 5624 733 5694; x_wconf 74' lang='lat' dir='ltr'><strong>religio</strong></span> <span class='ocrx_word' id='word_1_622' title='bbox 797 5600 906 5693; x_wconf 76' lang='lat' dir='ltr'><strong>pia,</strong></span> <span class='ocrx_word' id='word_1_623' title='bbox 947 5622 1042 5678; x_wconf 89' lang='lat' dir='ltr'><strong>sed</strong></span> <span class='ocrx_word' id='word_1_624' title='bbox 1100 5631 1331 5691; x_wconf 89' lang='lat' dir='ltr'><strong>utraque</strong></span> <span class='ocrx_word' id='word_1_625' title='bbox 1376 5631 1531 5677; x_wconf 79' lang='lat' dir='ltr'><strong>extra</strong></span> <span class='ocrx_word' id='word_1_626' title='bbox 1593 5621 1853 5675; x_wconf 83' lang='lat' dir='ltr'><strong>veritaten</strong></span> 
     </span>
    </p>
   </div>
   <div class='ocr_carea' id='block_1_73' title="bbox 1956 5600 3573 5694">
    <p class='ocr_par' dir='ltr' id='par_1_73' title="bbox 1985 5600 3573 5681">
     <span class='ocr_line' id='line_1_73' title="bbox 1985 5600 3573 5681; baseline -0.018 -15"><span class='ocrx_word' id='word_1_627' title='bbox 1985 5612 2261 5681; x_wconf 73' lang='grc' dir='ltr'>οὐδέτερος</span> <span class='ocrx_word' id='word_1_628' title='bbox 2320 5604 2583 5675; x_wconf 76' lang='grc' dir='ltr'>εὐσεϐὴς,</span> <span class='ocrx_word' id='word_1_629' title='bbox 2634 5601 2747 5654; x_wconf 80' lang='grc' dir='ltr'>ἀλλ’</span> <span class='ocrx_word' id='word_1_630' title='bbox 2804 5601 3100 5670; x_wconf 81' lang='grc' dir='ltr'>ἀμφότεροι</span> <span class='ocrx_word' id='word_1_631' title='bbox 3150 5600 3249 5669; x_wconf 80' lang='grc' dir='ltr'>τῆς</span> <span class='ocrx_word' id='word_1_632' title='bbox 3305 5600 3573 5671; x_wconf 66' lang='grc' dir='ltr'><strong>ἀληθείας</strong></span> 
     </span>
    </p>
   </div>
   <div class='ocr_carea' id='block_1_74' title="bbox 315 5692 1853 5785">
    <p class='ocr_par' dir='ltr' id='par_1_74' title="bbox 315 5692 1853 5785">
     <span class='ocr_line' id='line_1_74' title="bbox 315 5692 1853 5785; baseline -0.005 -15"><span class='ocrx_word' id='word_1_633' title='bbox 315 5714 591 5771; x_wconf 76' lang='lat' dir='ltr'><strong>consistit.</strong></span> <span class='ocrx_word' id='word_1_634' title='bbox 637 5692 918 5785; x_wconf 82' lang='lat' dir='ltr'><strong>Siquidem</strong></span> <span class='ocrx_word' id='word_1_635' title='bbox 957 5723 1011 5772; x_wconf 85' lang='lat' dir='ltr'><strong>et</strong></span> <span class='ocrx_word' id='word_1_636' title='bbox 1064 5713 1348 5784; x_wconf 81' lang='lat' dir='ltr'><strong>Babylonii</strong></span> <span class='ocrx_word' id='word_1_637' title='bbox 1402 5713 1602 5770; x_wconf 84' lang='lat' dir='ltr'><strong>bellum</strong></span> <span class='ocrx_word' id='word_1_638' title='bbox 1655 5725 1853 5780; x_wconf 69' lang='lat' dir='ltr'><strong>gessert</strong></span> 
     </span>
    </p>
   </div>
   <div class='ocr_carea' id='block_1_75' title="bbox 1956 5692 3579 5785">
    <p class='ocr_par' dir='ltr' id='par_1_75' title="bbox 1981 5692 3579 5766">
     <span class='ocr_line' id='line_1_75' title="bbox 1981 5692 3579 5766; baseline -0.008 -8"><span class='ocrx_word' id='word_1_639' title='bbox 1981 5704 2132 5766; x_wconf 74' lang='grc' dir='ltr'>ἐκτός</span> <span class='ocrx_word' id='word_1_640' title='bbox 2205 5699 2353 5753; x_wconf 69' lang='grc' dir='ltr'><strong>Ἐπεὶ</strong></span> <span class='ocrx_word' id='word_1_641' title='bbox 2387 5696 2477 5751; x_wconf 68' lang='grc' dir='ltr'><strong>καὶ</strong></span> <span class='ocrx_word' id='word_1_642' title='bbox 2524 5693 2849 5749; x_wconf 75' lang='grc' dir='ltr'>Βαϐυλώνιοι</span> <span class='ocrx_word' id='word_1_643' title='bbox 2903 5692 3355 5762; x_wconf 81' lang='grc' dir='ltr'>πεπολεμήκασιν</span> <span class='ocrx_word' id='word_1_644' title='bbox 3406 5693 3579 5763; x_wconf 72' lang='grc' dir='ltr'>Αἰγυ-</span> 
     </span>
    </p>
   </div>
  </div>
