3890 6186
112 356 166 413 97
1294 322 1575 404 comas
1618 346 2089 403 SABELLIANOS
3162 416 3167 419 τ
3249 351 3317 408 es

113 471 287 533 πτίους,
317 448 403 521 in
424 466 565 520 ἄλλοι
595 465 780 519 πολλοὶ
802 463 1022 529 ἀσεϐεῖς
1050 463 1164 534 (τι)
1199 462 1452 518 ἀσεϐέσιν
1478 464 1638 533 ἠναν-

1764 473 1934 519 :ontra
1968 463 2259 537 [Egyptios
2294 484 2307 519 :
2349 464 2551 536 aliique
2576 466 2886 539 complures
2928 467 3103 539 impii,
3137 470 3321 541 impiis

110 563 358 632 τιώθησαν.
386 559 457 611 Οὐ
488 558 661 611 τοίνυν
696 555 926 627 ἐξαρκεῖ
952 554 1015 609 τὸ
1037 556 1173 627 πρὸς
1198 554 1457 609 ἀσέϐειαν
1490 554 1641 609 ἀνθί-

114 653 322 714 στασθαι,
358 652 403 703 εί
448 649 520 719 μὴ
550 649 618 702 δι’
652 648 944 703 εὐσέϐειαν
992 648 1028 718 ἠ
1076 647 1213 717 πρὸς
1256 647 1357 718 τὴν
1388 646 1646 701 ἀσέϐειαν

112 746 376 805 ἀντίστασις
392 741 637 812 γίγνηται
659 741 794 811 (75).
813 741 994 795 Πολλά
1018 740 1112 795 καὶ
1138 740 1350 811 μεγάλα
1372 741 1515 794 κατά
1535 742 1647 795 τῶν

113 834 575 904 είᾶυλολατροὺντων
606 832 793 903 ἔχουσι
831 832 1012 901 λέγειν
1042 834 1091 885 oi
1137 832 1407 896 Ἰουδαῖοι,
1441 832 1537 885 καὶ
1576 832 1648 885 δί-

113 944 219 981 καια
245 926 434 993 λέγουσι
462 924 897 996 κατηγοροῦντες
917 922 1098 978 αὐτῶν
1123 925 1190 995 τῇ
1213 923 1390 978 κτίσει
1419 923 1649 995 λατρευ-

113 1017 253 1069 ὀντων
278 1017 412 1087 παρὰ
440 1014 548 1084 (76)
586 1015 681 1068 τὸν
715 1014 1003 1068 κτίσαντα.
1046 1013 1183 1066 Ἀλλ’
1218 1014 1319 1083 οὐχ
1341 1014 1422 1067 ὅτι
1450 1012 1649 1066 δυσσέο

114 1107 235 1161 ϐειαν
270 1107 548 1176 ἐλέγχουσι,
599 1105 691 1159 διὰ
720 1104 879 1157 τοῦτο
928 1104 1174 1157 εὐσεϐεῖν
1212 1102 1650 1174 ὁμολογηθήσον-

112 1215 200 1262 ται,
235 1201 314 1251 τὸν
342 1198 459 1252 ΐὶὸν
500 1197 597 1250 τοῦ
641 1195 800 1258 Θεοῦ,
830 1195 898 1247 δι’
948 1188 1011 1247 οὗ
1051 1196 1121 1249 τὰ
1171 1195 1352 1249 πάντα
1400 1194 1645 1264 γέγονεν,

112 1290 398 1363 ἀρνούμενοι,
435 1290 528 1343 καὶ
568 1292 683 1351 τοῖς
713 1288 780 1341 δι’
814 1287 984 1341 αὐτοῦ
1026 1287 1118 1339 τὸν
1152 1287 1378 1359 Πατέρα
1418 1285 1648 1356 σεϐομέ-

114 1400 203 1447 νοις
232 1381 559 1450 ἐγκαλοῦντες
596 1380 988 1451 τοολυθεότητα.
1016 1380 1215 1450 Διόπερ
1246 1378 1650 1449 ὲξεληλύθαμεν

114 1476 161 1540 ἐξ
188 1475 440 1547 Ἑλλήνων,
470 1476 564 1528 καὶ
596 1472 982 1545 ἀφωρίσμεθα,
1015 1470 1151 1543 πρὸς
1176 1472 1237 1526 τὸ
1271 1471 1345 1543 μὴ
1377 1473 1496 1534 ταῖς
1518 1472 1651 1523 ἀκα-

116 1568 289 1637 θάρτοις
320 1565 783 1637 είδωλολατρείαις
829 1563 1232 1634 ἀναμίγνυσθαι
1256 1580 1270 1593 ’
1309 1562 1649 1631 ἐξεληλύθα-

118 1676 194 1728 μεν
225 1658 385 1712 δὲκαὶ
415 1661 475 1711 ἐκ
521 1658 625 1728 τῆς
664 1656 774 1711 τῶν
818 1655 1087 1710 Ἰουδαίων
1140 1655 1511 1726 βλασφημίας,
1555 1654 1647 1706 τὸν

118 1752 217 1803 mw
231 1751 643 1821 ὁμολογήσαντες
668 1748 766 1802 τοῦ
791 1747 953 1812 Θεοῦ,
988 1748 1083 1801 καὶ
1115 1748 1378 1817 φυγόντες
1402 1747 1500 1816 τὴν
1532 1745 1648 1797 6λέ-

1746 556 2019 612 adversati
2051 565 2202 613 sunt.
2228 555 2466 627 Ideoque
2499 574 2609 613 non
2645 558 2843 615 suilicit
2882 560 3149 631 impietati
3171 560 3325 616 obsi-

1745 656 1913 712 stere,
1945 649 2052 704 nisi
2078 650 2301 719 pietatis
2326 666 2494 707 causa
2538 651 2617 706 illi
2664 652 2987 707 obsistatur.
3028 650 3088 706 In
3133 652 3323 709 multis

1747 742 2116 811 gravibusque
2146 742 2312 798 rebus
2360 741 2531 798 Judaei
2582 742 2906 798 idololatras
2934 757 3166 812 arguere
3192 758 3325 813 pos-

1746 843 1896 897 sunt,
1928 833 2172 904 ipsisque
2188 834 2339 905 justa
2361 834 2430 891 de
2456 850 2623 891 causa
2654 835 2871 890 crimini
2905 843 3147 897 vertunt,
3174 835 3323 906 quod

1747 933 2017 981 creaturae
2042 927 2225 996 potius
2260 942 2425 996 quam
2478 928 2712 982 creatori
2766 928 3027 983 serviant.
3073 925 3187 981 Nec
3236 937 3321 981 ta-

1749 1031 1873 1071 men
1900 1032 1966 1071 eo
1994 1017 2142 1087 quod
2177 1017 2513 1088 impietatem
2558 1027 2814 1087 arguant,
2849 1018 2977 1072 hinc
3009 1018 3094 1088 pie
3120 1018 3326 1073 sentire

1750 1117 2143 1179 agnoscentur,
2172 1108 2301 1163 dum
2351 1108 2552 1163 Filium
2605 1108 2724 1177 Dei,
2787 1126 2885 1182 per
2932 1126 3092 1181 quem
3140 1111 3326 1164 omnia

1753 1200 1894 1254 facta
1931 1210 2080 1266 sunt,
2127 1208 2329 1271 negant
2363 1217 2376 1253 :
2412 1210 2467 1257 et
2492 1201 2621 1256 dum
2674 1217 2791 1266 eos,
2824 1202 2919 1273 qui
2971 1218 3067 1271 per
3120 1202 3323 1271 ipsum,

1751 1291 1965 1347 Patrem
1990 1293 2202 1357 colunt,
2223 1294 2462 1347 inductae
2483 1293 2709 1349 deorum
2737 1294 3158 1364 multiplicitatis
3186 1294 3325 1348 insi-

1750 1384 1980 1437 mulant.
2006 1382 2275 1449 Quocirca
2313 1384 2381 1438 ab
2436 1384 2668 1440 ethnicis
2714 1385 3097 1451 discessimus,
3132 1384 3204 1439 ab
3236 1386 3327 1440 iis-

1749 1490 1856 1543 que
1891 1474 2163 1544 segregati
2202 1490 2415 1538 sumus,
2449 1490 2517 1528 ne
2562 1473 2779 1544 impuro
2835 1474 3105 1529 idolorum
3154 1475 3326 1529 cultui

1749 1564 2231 1621 admisceremur:
2271 1581 2299 1619 a
2346 1564 2658 1621 Judaeorum
2710 1582 2931 1638 quoque
2988 1567 3328 1639 blasphemia

1752 1658 2153 1723 abscessimus,
2178 1674 2302 1712 cum
2338 1657 2433 1713 Dei
2490 1658 2687 1713 Filium
2735 1658 2975 1714 confessi
3005 1675 3220 1725 sumus,
3243 1668 3329 1713 at-

1751 1767 1857 1822 que
1914 1751 2206 1822 ell‘ugimus
2242 1752 2609 1823 perniciosam
2657 1753 3071 1823 abnegationem
3113 1751 3328 1808 Domini

118 1841 234 1912 θριον
256 1844 460 1915 ἄρνησιν
487 1842 582 1895 τοῦ
616 1841 829 1913 Κυρίου
862 1839 1039 1911 ἡμῶν,
1071 1840 1165 1892 τοῦ
1189 1840 1439 1908 λέγοντος
1457 1855 1469 1869 ⁸
1507 1858 1525 1889 ι
1551 1839 1645 1900 Ὃς

1764 1844 1926 1900 tostri
1960 1844 2232 1899 dicentis:
2264 1862 2282 1894 ι
2313 1842 2415 1910 Qui
2453 1840 2633 1898 autem
2694 1844 2972 1913 negaverit
3017 1858 3104 1899 me
3144 1857 3329 1898 coram

117 1936 152 1988 δ’
178 1936 230 1989 ἂν
250 1936 528 2007 ἀρνήσηταί
553 1952 623 2005 με
653 1932 965 2005 ἔμπροσθεν
990 1931 1095 1985 τῶν
1119 1930 1445 2003 ἀνθρώπων,
1475 1930 1647 1999 ἀρνή-

121 2043 250 2097 σομαι
282 2029 424 2081 αὑτὸν
456 2027 770 2098 ἔμπροσθεν
803 2024 900 2077 τοῦ
937 2024 1147 2095 Πατρός
1178 2040 1279 2094 μου
1312 2021 1408 2075 τοῦ
1443 2023 1501 2074 ὲν
1536 2024 1650 2085 τοῖς

119 2120 334 2190 οὖρανοξ.
368 2140 386 2170 ι
433 2117 839 2189 Ὀμολογοῦμεν
879 2116 937 2170 δὲ
987 2115 1079 2171 τὸν
1120 2115 1247 2168 Υἰὸν
1293 2115 1360 2167 ὲκ
1412 2113 1647 2185 Πατρὸς,

120 2214 193 2263 ut
217 2212 288 2263 ἀεὶ
323 2212 449 2281 μετᾶ
468 2210 563 2264 τοῦ
607 2210 848 2282 Πατρὸς,
880 2209 1226 2271 πιστεύοντες
1253 2204 1401 2277 αὐτῷ
1437 2205 1650 2275 λέγοντι

121 2305 194 2355 καὶ
224 2302 650 2374 ἐπαγγελλομένῳ
689 2302 837 2370 (77)⁶
879 2320 898 2353 ‹
944 2303 1057 2365 Πᾶς
1094 2301 1243 2364 ὅστις
1270 2300 1652 2371 ὁμολογήσειεν

124 2394 200 2464 ὶμὲ
241 2394 522 2465 ἔμπροσθεν
574 2393 694 2447 τῶν
745 2392 1071 2465 ἀνθρώπων,
1124 2392 1446 2463 ὁμολογήσω
1497 2391 1653 2461 κάγὼ

124 2485 249 2537 αὑτὸν
280 2484 569 2556 ἔμπροσθεν
595 2483 697 2538 τοῦ
732 2485 945 2557 Πατρός
979 2501 1082 2554 μου
1116 2478 1209 2537 τοῦ
1248 2484 1307 2536 ὲν
1339 2486 1455 2546 τοῖς
1486 2483 1652 2555 οὐρα-

125 2581 272 2641 νοίς.»

174 2692 218 2745 2.
247 2693 396 2747 Τοῦτο
418 2694 664 2765 δρῶντες
690 2692 751 2745 τὸ
773 2691 1143 2763 παράδειγμα,
1176 2690 1272 2745 καὶ
1303 2688 1397 2743 νῦν
1418 2689 1655 2759 ἀπηλλο-

124 2783 376 2855 τριώθημεν
404 2788 507 2839 τῶν
543 2784 971 2857 Ἑλληνιζὸντων
1001 2785 1086 2837 ἐπ’
1128 2784 1351 2854 ὀνόματι
1395 2784 1656 2854 Χριστια-

124 2876 295 2946 νισμοῦ,
326 2878 425 2932 τῶν
461 2879 627 2950 ἔργον
652 2876 793 2930 Θεοῦ
819 2875 1142 2947 τολμώντων
1173 2875 1443 2944 θεολογεῖν
1475 2891 1532 2927 τε
1561 2875 1656 2930 καὶ

129 2974 417 3036 προσκυνεῖν.
461 2970 834 3043 Χωριζόμεθα
879 2969 937 3022 δὲ
983 2967 1217 3023 καὶτῶν
1260 2967 1656 3031 ἰουδαῖζόντων

128 3062 196 3114 ni
224 3062 301 3116 τὸν
336 3064 768 3135 Χριστιανισμὸν
811 3064 869 3115 ὲν
905 3060 1221 3132 Ἰουδαϊσμῷ
1264 3059 1658 3132 παραφθειρόν-

129 3168 229 3203 των·
278 3155 351 3219 οἳ,
396 3157 487 3209 τὸν
521 3158 587 3211 ὲκ
624 3156 727 3210 τοῦ
768 3152 905 3207 Θεοῦ
945 3153 1076 3207 Θεὸν
1124 3152 1474 3225 ἀρνούμενοι,
1522 3151 1655 3204 Θεὸν

130 3244 199 3297 ἔνι
250 3249 624 3321 παραπλησίως
696 3248 974 3309 Ἰουδαίοις
1039 3245 1290 3314 λέγουσιν
1327 3262 1341 3276 ’
1411 3244 1510 3314 οὐχ
1572 3245 1654 3296 ὅτι

135 3341 251 3405 μένος
300 3342 576 3413 ἀγέννητὸς
596 3363 617 3375 ο
646 3340 744 3392 καὶ
805 3338 968 3411 μόνος
1022 3335 1173 3408 πηγὴ
1230 3334 1506 3405 θεότητος,
1567 3330 1656 3385 διὰ

131 3433 248 3487 τοῦτο
296 3436 579 3503 φάσκοντες
644 3432 810 3486 αὑτὸν
874 3426 1012 3484 εἶναι
1077 3428 1235 3499 μόνον
1301 3427 1434 3481 Θεόν
1454 3442 1467 3456 ·
1539 3423 1653 3478 ἀλλ’

133 3522 186 3583 ὥς
227 3524 388 3592 ἄγονον
438 3522 569 3578 Υἱοῦ
627 3521 732 3577 καὶ
786 3520 1035 3591 ἄκαρπον
1081 3516 1280 3584 ζῶντος
1331 3516 1505 3585 Λόγου
1564 3514 1658 3567 καὶ

137 3614 279 3681 mia;
316 3616 582 3688 ἀληθινῆς.
637 3614 815 3683 Λόγον
862 3611 973 3683 γὰρ
1015 3606 1126 3663 οἷον
1174 3610 1269 3664 τὸν
1317 3609 1382 3661 ὲκ
1432 3605 1658 3676 καρδίας

136 3703 357 3775 Mediana
417 3706 703 3777 νομίζουσι
772 3705 861 3756 τὸν
922 3700 1019 3755 τοῦ
1079 3699 1215 3753 Θεοῦ
1240 3740 1255 3764 ,
1316 3699 1411 3753 καὶ
1467 3696 1658 3766 σοφίαν

136 3792 279 3849 ὁποίαν
314 3798 402 3869 τὴν
434 3800 491 3851 ὲν
527 3798 685 3868 ψυχῇ
709 3812 722 3826 ·
780 3794 876 3848 καὶ
924 3792 1016 3847 διὰ
1047 3791 1205 3845 τοῦτο
1260 3789 1551 3861 πρόσωπον
1599 3786 1659 3839 ἓν

137 3887 202 3938 τὸν
219 3888 327 3941 Θεὸν
353 3892 461 3960 ἃμα
488 3890 568 3961 τῷ
581 3891 746 3959 Λόγῳ
779 3886 939 3957 φασίν
957 3903 970 3915 ·
990 3885 1178 3953 ὥσπερ
1204 3884 1305 3936 καὶ⁹
1329 3881 1422 3934 τὸν
1451 3879 1659 3952 ἄνθρω-

138 3991 209 4032 πον
233 3981 328 4051 iga
340 3982 409 4053 τῷ
428 3981 622 4035 ἑαυτοῦ
654 3980 813 4050 Λόγῳ
842 3976 1126 4049 ἄνθρωπον
1158 3975 1275 4036 ἕνα,
1310 3971 1461 4026 οὐδὲν
1499 3971 1661 4024 πλέον

148 4070 358 4127 Ἰουδαίων
397 4072 751 4138 δοξάζοντες,
799 4069 908 4123 τῶν
961 4070 1062 4121 οὐκ
1107 4063 1527 4134 ἀποδεξαμένων
1570 4062 1661 4115 τὸν

142 4163 459 4238 εὕαγγελιστὴν
487 4168 580 4219 τὸν
621 4165 788 4226 εὐθὺς
820 4161 929 4232 (78)
968 4159 1026 4224 ἐξ
1052 4159 1225 4230 ἀρχῆς
1259 4155 1498 4227 βοῶνταθ
1532 4166 1552 4206 t
1574 4154 1664 4207 Ἐν

143 4254 245 4324 ἀρχῇ
266 4252 321 4325 ἦν
344 4258 371 4308 ὁ
398 4257 589 4324 Λόγος,
620 4256 718 4308 καὶ
749 4255 779 4306 ὁ
803 4253 975 4321 Λόγος
1005 4245 1073 4322 ἦν
1100 4249 1236 4321 πρὸς
1259 4248 1351 4300 τὸν
1380 4245 1535 4311 Θεὸν,
1570 4243 1664 4297 καὶ

144 4340 238 4404 Θεὸς
268 4340 325 4415 ἧν
349 4348 375 4398 ὁ
403 4347 595 4414 Λόγος.
623 4363 643 4394 ι
702 4344 769 4397 Et
793 4342 904 4413 γὰρ
936 4342 995 4394 ὲν
1032 4337 1231 4411 καρδίᾳ
1270 4337 1441 4405 Λόγον
1478 4335 1506 4387 ὁ
1532 4332 1664 4396 Θεὸς

145 4432 226 4501 εἰει
250 4438 311 4506 μὴ
347 4436 744 4507 γεγεννημένον
785 4433 895 4505 (79)
929 4432 989 4499 ἐξ
1013 4429 1179 4486 αὐτοῦ
1212 4428 1355 4484 κατά
1385 4426 1662 4497 ἀλήθειαν,

1754 1937 2094 1999 hominibus,
2130 1937 2341 2007 negabo
2368 1952 2493 1991 eum
2522 1951 2706 1990 coram
2752 1934 2915 1989 Patre
2962 1951 3103 1999 meo,
3139 1936 3233 2005 qui
3274 1935 3331 1990 in

1752 2028 1910 2083 cmlis
1931 2036 2017 2083 est
2043 2027 2109 2084 ¹¹.
2140 2046 2160 2081 ι
2199 2027 2311 2083 Nos
2335 2043 2501 2098 porro
2526 2026 2853 2083 conﬁtemur
2898 2027 3096 2082 Filium
3127 2043 3193 2082 ex
3223 2025 3330 2081 Pa-

1751 2127 1835 2174 tre
1859 2135 2003 2184 esse,
2036 2134 2100 2174 ac
2127 2134 2344 2189 semper
2363 2135 2487 2175 esse
2518 2136 2642 2173 cum
2666 2118 2825 2175 Patre
2860 2136 2874 2172 :
2912 2129 3075 2191 atque
3111 2119 3190 2174 illi
3211 2134 3332 2175 cre-

1752 2210 1935 2269 dimus
1975 2212 2067 2282 qui
2091 2211 2196 2266 hoc
2219 2212 2295 2266 ait
2326 2220 2379 2268 et
2401 2213 2693 2283 pollicetur
2728 2232 2743 2271 :
2777 2233 2796 2266 ι
2830 2212 3024 2269 Omnis
3044 2214 3136 2282 qui
3163 2214 3334 2267 confi-

1753 2302 1958 2357 tebitur
1990 2318 2077 2357 me
2108 2318 2293 2357 coram
2317 2303 2655 2367 hominibus,
2679 2302 2982 2358 conﬁtebor
3002 2311 3058 2359 et
3086 2318 3186 2375 ego
3204 2317 3331 2360 eum

1754 2409 1941 2449 coram
1966 2393 2131 2451 Patre
2159 2410 2302 2461 meo,
2330 2396 2421 2466 qui
2453 2396 2507 2450 in
2532 2396 2687 2452 caelis
2717 2396 2881 2453 est“.

1825 2677 1881 2733 2.
1921 2675 2037 2732 Hoc
2059 2676 2337 2746 exemplar
2354 2689 2477 2730 cum
2502 2681 2834 2736 intueamur,
2854 2672 2965 2742 jam
2980 2686 3336 2742 segregamur

1761 2770 1831 2826 ab
1864 2771 1935 2826 iis
1968 2771 2062 2840 qui
2089 2769 2193 2825 sub
2235 2768 2459 2823 nomine
2486 2766 2895 2823 Christianismi
2941 2780 3065 2819 cum
3100 2762 3336 2820 ethnicis

1758 2861 2028 2925 sentiunt,
2066 2858 2380 2927 audentque
2413 2855 2509 2911 Dei
2548 2854 2849 2926 opiﬁcium,
2881 2851 3050 2907 Deum
3078 2850 3262 2907 dicere
3282 2858 3339 2907 et

1759 2950 2011 3006 adorare.
2051 2947 2416 3020 Segregamur
2443 2959 2664 3016 quoque
2691 2958 2722 2997 a
2773 2939 3211 3004 Judaizantibus,
3240 2938 3336 3008 qui

1758 3041 2243 3100 Christianismum
2276 3039 2332 3092 in
2360 3035 2648 3092 Judaismo
2676 3033 2975 3102 depravant
3002 3049 3017 3086 ι
3053 3030 3146 3100 qui
3185 3044 3334 3091 cum,

1759 3135 1853 3207 qui
1883 3151 1949 3190 ex
1973 3133 2084 3188 Deo
2111 3139 2217 3197 est,
2248 3129 2416 3185 Deum
2439 3143 2562 3184 esse
2586 3134 2786 3197 negant
2818 3144 2831 3179 :
2867 3123 3147 3192 Deumque
3168 3136 3339 3176 unum

1762 3225 2222 3301 quemadmodum
2264 3221 2440 3277 Judaei
2476 3219 2776 3292 praedicant
2809 3236 2821 3272 :
2856 3217 2947 3287 qui
3000 3232 3110 3270 non
3152 3230 3219 3269 eo
3251 3213 3338 3267 di-

1762 3330 1897 3379 cunt
1931 3323 2111 3393 ipsum
2137 3335 2263 3375 esse
2306 3319 2483 3373 solum
2533 3314 2723 3377 Deum,
2759 3309 2905 3381 quod
2927 3309 3081 3366 solus
3107 3323 3216 3362 non
3243 3321 3338 3376 ge—

1763 3421 1940 3477 nitus,
1962 3419 2018 3467 et
2040 3410 2186 3481 quod
2216 3409 2368 3464 solus
2395 3405 2518 3460 fons
2548 3402 2769 3457 deitatis
2808 3400 2917 3465 sit;
2951 3398 3045 3453 sed
3071 3396 3217 3468 quod
3248 3393 3341 3451 Fi-

1763 3506 1899 3560 lium
1926 3518 2038 3558 non
2064 3500 2334 3572 genuerit,
2361 3511 2466 3551 nec
2512 3492 2753 3549 Verbum
2801 3490 3014 3552 vivens,
3046 3500 3346 3557 veramque

1764 3596 2089 3667 sapientiam
2121 3588 2461 3663 produxerit.
2495 3585 2631 3639 Nam
2686 3582 2925 3637 Verbum
2971 3579 3068 3635 Dei
3099 3578 3344 3641 taleexi-

1766 3691 2013 3748 stimant,
2050 3683 2212 3755 quale
2234 3680 2369 3735 illud
2399 3694 2465 3735 ex
2508 3676 2749 3731 humano
2780 3672 2945 3728 corde
2985 3670 3289 3741 procedens
3324 3687 3340 3724 :

1765 3789 1821 3837 et
1872 3778 2195 3849 sapientiam
2254 3772 2375 3837 Dei,
2426 3770 2643 3841 qualem
2709 3767 2854 3822 illam
2889 3781 3010 3837 qua:
3060 3764 3115 3818 in
3161 3762 3342 3817 anima

1764 3871 1983 3929 exsistit
2004 3886 2018 3923 :
2036 3874 2368 3937 quapropter
2383 3861 2551 3919 Deum
2574 3875 2698 3915 cum
2720 3857 2896 3914 Verbo
2915 3872 3015 3912 suo
3034 3855 3143 3926 29
3160 3867 3346 3924 perso-

1767 3979 1894 4019 nam
1913 3976 2078 4016 unam
2093 3974 2217 4016 esse
2234 3958 2446 4019 dicunt,
2468 3963 2526 4009 ut
2544 3962 2597 4010 et
2622 3952 2897 4008 hominem
2920 3964 3044 4004 cum
3061 3948 3226 4003 verbo
3243 3960 3344 4001 suo

1768 4056 2043 4111 hominem
2073 4066 2267 4115 unum,
2290 4064 2393 4105 nec
2413 4049 2539 4119 plus
2562 4057 2727 4116 quam
2749 4041 2920 4097 Judtei
2951 4042 3216 4101 sentiunt,
3250 4038 3341 4108 qui

1767 4145 2161 4218 evangelistam
2210 4156 2324 4197 non
2361 4139 2659 4209 rccipiunt.
2701 4135 2768 4190 ab
2796 4135 2917 4204 ipso
2950 4132 3133 4187 statim
3189 4130 3345 4183 initio

1770 4241 2140 4297 clamantem:
2182 4253 2202 4287 ι
2240 4233 2298 4288 ln
2358 4231 2627 4303 principio
2673 4235 2791 4283 erat
2825 4225 3082 4289 Verbum,
3113 4229 3167 4277 et
3219 4220 3348 4275 Ver-

1770 4333 1902 4388 bum
1947 4336 2068 4386 erat
2106 4326 2250 4397 apud
2292 4323 2489 4388 Deum,
2522 4332 2576 4378 et
2630 4318 2775 4375 Deus
2802 4324 2919 4372 erat
2955 4313 3198 4369 Verbum
3222 4313 3288 4367 η.
3323 4331 3339 4361 ι

1776 4423 1836 4479 Si
1867 4423 2017 4478 enim
2046 4419 2191 4475 Deus
2236 4415 2478 4472 Verbum
2531 4414 2586 4468 in
2634 4412 2800 4466 corde
2841 4409 3026 4471 habet,
3074 4421 3186 4460 non
3223 4418 3252 4457 a
3286 4420 3346 4457 se

143 4495 200 4588 ἆῖς
346 4495 405 4583 εκ
418 4495 720 4593 Θεοῦϊπῶς
750 4495 818 4581 ἂν
847 4495 934 4595 sit}
1126 4524 1218 4578 τὸν
1246 4521 1378 4575 Θεὸν
1406 4520 1435 4571 ὁ
1462 4495 1656 4585 Λόγος;

1773 4529 1961 4571 revera
2001 4513 2267 4584 genitum,
2292 4518 2351 4563 ut
2371 4505 2541 4562 Deum
2574 4520 2643 4560 ex
2701 4502 2847 4567 Deo;
2879 4496 3152 4570 quomodo
3203 4495 3344 4564 apud

1776 4604 1814 4615 ι..
2012 4602 2055 4615 .ν
2121 4603 2134 4615 1
2386 4596 2619 4615 ,.0.__!.n
2651 4601 2697 4615 ,Α
2751 4594 2837 4615 ---2
2888 4590 2998 4615 (2-..:
3058 4595 3232 4615 ..ΑΙΑυι
3288 4595 3342 4615 ul

146 4617 214 4668 11‘-
229 4619 324 4683 πῶς
336 4622 395 4676 ἂν
411 4624 493 4691 εἴη
510 4590 648 4683 Θεός
669 4590 788 4686 ςήΟὑ
800 4590 952 4689 γάρό
969 4590 1125 4685 λόγος
1141 4614 1252 4684 (80)
1270 4611 1363 4666 τοῦ
1381 4609 1478 4665 ἀνθ
1487 4608 1656 4681 ρώποι

1776 4604 1948 4661 Deum
2012 4602 2250 4659 Verbum
2308 4596 2701 4656 exstiterit?et
2746 4594 2840 4665 qui
2888 4590 3001 4646 ﬁeri
3058 4595 3239 4659 potest
3288 4595 3347 4639 ut

146 4707 372 4779 ἅνθρωπός
403 4714 516 4767 ἐστι
555 4712 698 4783 πρὸς
727 4710 1039 4782 ἄνθρωπον,
1081 4707 1201 4759 ἐπεὶ
1228 4706 1369 4776 μήτε
1395 4702 1502 4767 ζῶν
1529 4702 1668 4764 ἐστι,

149 4801 254 4868 μήτε
276 4801 521 4871 ὕφεστὼς,
548 4802 691 4858 ἀλλὰ
735 4799 918 4869 ζώσης
954 4798 1183 4869 καρδίας
1220 4796 1313 4848 καὶ
1353 4791 1672 4863 ὑφεστώσης

149 4889 311 4961 κίνημα
342 4896 519 4964 μόνον·
576 4893 677 4946 καὶ⁷
721 4892 939 4960 λέγεται
996 4888 1335 4960 παραχρῆμα
1360 4925 1376 4945 .
1427 4885 1520 4937 mi.
1571 4884 1673 4937 οὐκ

150 4982 255 5047 ἔστι,
286 4987 370 5040 καὶ
399 4986 659 5050 πολλάκις
698 4984 1032 5054 λαλούμενος
1077 4981 1190 5052 (81)
1243 4978 1498 5032 οὐδέποτε
1556 4976 1673 5030 δια·

208 5140 243 5172 ”
271 5141 438 5201 Matth.
474 5162 547 5211 ι,
578 5145 674 5200 '55.
748 5144 794 5173 ”
834 5140 969 5195 ibid.
1005 5139 1095 5195 39..
1176 5138 1221 5170 ¹¹
1258 5136 1420 5190 Joan.
1458 5149 1513 5197 ι,
1557 5132 1613 5186 1.

209 5295 297 5370 (ἶῦ
330 5297 709 5370 Seguerianus,
749 5296 1008 5370 πολλάκις
1040 5292 1278 5370 ἀσεϐεῖς.
1520 5355 1560 5370 Ἀ
1629 5355 1641 5366 ι

213 5355 303 5435 (75)
330 5355 709 5425 ουῑιω-οωυέ
732 5378 785 5423 et
825 5355 1175 5436 Seguerian.,
1202 5361 1478 5436 γίγνηται.
1520 5355 1675 5436 Basi-

166 5426 325 5568 lTiieasis,
358 5441 581 5508 γίνεται.
633 5437 776 5493 Editi
804 5426 937 5492 vero
976 5444 1031 5489 et
1074 5426 1675 5497 caeteri—manuscripti,

208 5519 371 5568 τίεται.

208 5519 371 5568 riam.

218 5574 305 5647 ιῖῧ)
335 5576 688 5635 Goblerianus
714 5577 876 5647 habet
903 5575 1074 5647 mp£,_
1092 5573 1252 5629 male.

227 5637 315 5717 ΠΤ)
343 5651 440 5702 Καὶ
465 5637 990 5717 ἐπαττελλομένῳξ
1040 5637 1208 5717 Deest
1257 5640 1312 5717 in
1349 5637 1569 5717 (labier:
1625 5641 1680 5690 et

381 5720 427 5775 i.
450 5718 573 5773 Mox
592 5706 785 5789 omnes
800 5706 1030 5789 omnino
1049 5709 1668 5789 codiceshabentusipq-

178 5779 344 5853 λοτῆπι
370 5790 423 5843 ὲν
448 5790 592 5860 ἐμοί,
618 5788 714 5845 sed
736 5788 894 5844 male.
928 5785 1051 5842 Mox
1082 5782 1234 5851 κάγώ
1258 5782 1409 5838 deest
1446 5780 1500 5833 in
1520 5775 1677 5830 Basi-

1778 4695 2019 4751 Verbum
2055 4692 2200 4748 Deus
2240 4689 2442 4745 fuerit?
2477 4685 2595 4741 Non
2636 4685 2781 4740 enim
2837 4681 3063 4737 verbum
3110 4676 3347 4732 hominis

1775 4787 1941 4843 homo
1970 4793 2054 4840 est
2084 4782 2225 4853 apud
2258 4779 2555 4843 hominem,
2590 4791 2716 4832 cum
2763 4789 2865 4829 nec
2894 4772 3039 4825 vivat
3086 4781 3186 4823 nec
3219 4766 3346 4820 sub-

1777 4881 1957 4943 sistat,
1983 4876 2079 4933 sed
2099 4874 2207 4929 vivi
2231 4882 2284 4929 et
2318 4869 2674 4927 subsistentis
2719 4864 2904 4923 cordis
2928 4870 3109 4917 motus
3134 4866 3343 4913 tantum

1777 4974 1890 5028 sit:
1920 4968 2068 5041 quod
2097 4982 2223 5021 mox
2265 4971 2324 5019 ut
2366 4962 2778 5033 pronuntiatum
2811 4965 2915 5023 est,
2959 4968 3069 5009 non
3113 4948 3348 5019 amplius

1788 5278 1945 5333 liensi
1978 5287 2031 5331 et
2061 5275 2417 5345 Segueriano.
2454 5339 2466 5345 _
2609 5334 2642 5345 η
2718 5330 2756 5345 ,ι
2827 5333 2836 5342 _

1851 5330 1964 5419 (77.8)
1988 5330 2169 5419 Εὑθύξ
2197 5346 2423 5419 habetur
2454 5339 2510 5391 in
2545 5330 2960 5419 solisD‘asiltet

1858 5405 1969 5491 (79')
1998 5405 2216 5472 Gohler.
2244 5422 2298 5470 et
2325 5411 2546 5480 Seguer.
2576 5405 2778 5459 habent
2818 5405 3199 5469 γεγενημένον,
3243 5411 3357 5466 per-

1788 5505 2215 5626 misiliam“.
2247 5554 2411 5609 Deest
2432 5550 2487 5626 in
2515 5542 2869 5626 Segueriano.

2006 5610 2219 5702 Dnines
2264 5639 2402 5702 mss.
2451 5610 2694 5702 .h‘abé‘rtt‘
2745 5610 3119 5702 adodpfvolcl
3163 5613 3358 5677 praeter

1787 5681 2012 5773 Se‘guer.
2034 5681 2137 5770 qui
2165 5697 2338 5750 multo
2362 5690 2579 5757 melius,
2607 5682 2932 5755 λαλούμενος
2962 5681 3146 5734 habet.
