3890 6186
121 314 214 374 101

1437 315 1716 372 CONTRA
1753 311 2244 368 SABELLIANOS.

3273 317 3375 371 £03

124 453 140 483 ι
167 431 361 496 ἀλλος·
392 449 413 483 ι
451 431 575 496 πῶς
623 432 723 486 οὐκ
761 433 1074 487 ἀποστασία
1113 433 1289 505 σαφὴς
1318 432 1597 506 ἀρνεῖσθαι
1641 449 1686 485 τι

1821 449 1838 478 ι
1869 431 2059 494 Alius;
2093 448 2110 481 ›
2148 444 2329 483 nonne
2367 429 2715 498 apertissima
2747 429 2982 486 defectio
3013 438 3066 486 et
3095 432 3370 500 apostasia

115 521 256 594 τρία,
289 521 390 574 καὶ
432 523 598 592 μόνον
633 519 774 576 εἶναι
821 523 1002 592 λέγειν
1035 525 1126 578 τὸν
1178 524 1454 594 φάσκοντα
1479 541 1491 553 ·
1535 543 1552 575 ι
1588 524 1702 576 Οὐκ

114 614 224 683 εἰμὶ
262 615 449 683 μόνος,
478 615 563 667 ἂτι
586 617 614 667 6
635 615 859 686 πέμψας
889 635 956 686 με
988 616 1176 687 Πατὴρ
1209 617 1324 686 μετ’
1347 615 1483 686 ἐμοῦ
1507 617 1643 668 ὲστι.
1677 633 1697 665 ›

112 703 320 772 Χρῆται
365 704 428 756 δὲ
461 704 559 756 καὶ
590 708 788 775 νομικῇ
818 708 970 776 φωνῇ
993 706 1124 776 (90),
1152 707 1248 762 καὶ,
1275 706 1362 759 διὰ
1381 705 1581 776 ταύτης
1608 704 1702 758 δύο

114 792 444 862 παρίστησιν
475 793 640 855 ὄντας
662 793 829 845 αὐτόν
854 811 912 846 τε
942 795 1035 846 καὶ
1060 795 1148 846 τὸν
1182 794 1402 863 Πατέρα
1425 811 1438 823 ·
1474 813 1491 843 ‹
1516 795 1602 846 Ἐν
1623 793 1701 864 τῷ

116 885 280 956 νόμῳ,
310 885 440 956 ιγάρ
488 902 646 953 φησι,
706 884 785 954 τῷ
851 886 1100 957 ὑμετέρῳ
1136 887 1461 958 γέγραπται,
1495 887 1574 939 ὃτι
1607 886 1700 940 δύο

109 976 413 1048 ἀνθρώπων
440 977 475 1045 ή
514 975 793 1046 μαρτυρία
816 975 1025 1047 ἀληθής
1054 977 1226 1028 ἐστιν·
1260 975 1420 1044 Ἐγὼ,
1460 995 1478 1028 ι
1511 978 1696 1047 φησὶν,

114 1085 132 1117 ι
156 1069 321 1137 εἰμὶὸ
359 1068 665 1139 μαρτυρῶν
700 1069 830 1138 περὶ
866 1067 1124 1137 ἐμαυτοῦ,
1154 1068 1248 1120 καὶ
1285 1073 1553 1141 μαρτυρεῖ
1568 1071 1698 1140 περὶ

105 1157 231 1227 ἐμοῦ
254 1160 285 1210 6
315 1159 548 1228 πέμψας
586 1176 650 1229 με
687 1159 900 1229 Πατήρ.
925 1179 944 1209 ι
981 1159 1110 1212 Ἰδοὺ
1138 1158 1246 1230 γὰρ
1279 1159 1372 1212 δύο
1406 1161 1692 1232 πρόσωπα,

105 1249 189 1300 καὶ
214 1249 266 1300 εἰ
293 1248 373 1320 μὴ
406 1248 593 1316 λέγεις
621 1248 716 1301 δύο
752 1244 894 1301 εἶναι
927 1248 1066 1300 κατά
1103 1249 1382 1320 ἀλήθειαν,
1422 1250 1580 1304 τοῦτο
1605 1251 1694 1304 λέ-

102 1355 205 1405 γων
232 1340 359 1392 οὐδὲ
383 1340 489 1408 τὴν
525 1339 838 1411 μαρτυρίαν
859 1338 956 1409 ἐᾷς
985 1339 1334 1393 συνίστασθαι
1373 1336 1537 1394 οὖσαν
1558 1340 1692 1411 ἀλη-

104 1430 265 1500 θινήν.
299 1430 481 1483 Τοῦτο
520 1431 635 1502 γὰρ
680 1429 967 1483 πιστοῦται
1005 1431 1100 1501 τὴν
1155 1431 1478 1503 μαρτυρίαν,
1527 1431 1588 1484 τὸ
1619 1432 1691 1503 μὴ

101 1519 186 1588 ὑφ’
224 1521 348 1583 ἑνὸς
381 1520 640 1588 γίνεσθαι
673 1522 857 1590 μόνου,
889 1522 1005 1574 ἀλλ’
1035 1522 1136 1574 ὑπὸ
1157 1523 1271 1576 δύο.
1308 1523 1418 1576 Καὶ
1449 1523 1557 1594 γὰρ
1595 1541 1690 1594 με-

103 1612 460 1684 μαρτύρηκεν
512 1615 543 1666 6
583 1612 773 1685 Πατὴρ
824 1612 883 1679 ἐξ
920 1614 1146 1684 οὐρανοῦ
1205 1614 1410 1681 λέγων’
1462 1633 1481 1663 ι
1525 1609 1692 1678 Οὗτός

99 1705 238 1757 ἐστιν
262 1706 290 1757 6
326 1705 464 1768 Υἱός
495 1721 603 1774 μου
641 1706 670 1757 6
703 1705 1015 1775 ἀγαπητός·
1052 1725 1068 1755 ι
1099 1707 1192 1758 καὶ
1223 1705 1351 1768 Υἱὸς
1384 1704 1522 1757 Θεοῦ
1553 1701 1690 1758 εἶναι

1808 520 1974 574 fuerit
2013 527 2124 574 tres
2155 534 2416 588 personas
2456 534 2677 588 negare,
2704 534 2766 573 ac
2796 518 2978 575 dicere
3013 520 3188 576 solum
3220 519 3372 572 illum

1803 625 1925 664 esse
1956 610 2050 679 qui
2084 610 2158 662 ait
2196 627 2208 662 :
2249 628 2267 660 ι
2314 607 2431 662 Non
2458 625 2576 664 sum
2613 610 2787 673 solus,
2821 611 2950 679 quia
2984 610 3076 679 qui
3111 625 3196 664 me
3227 611 3375 663 misit

1802 699 1984 766 Pater,
2017 716 2228 754 mecum
2260 708 2343 755 est
2374 699 2439 752 ⁸⁵.
2474 719 2492 751 ι
2535 698 2683 754 Voce
2712 715 2929 771 quoque
2976 701 3132 771 legali
3178 701 3370 766 utitur,

1803 807 1867 846 ac
1906 806 2002 862 per
2039 793 2210 854 illam.
2247 808 2304 847 se
2345 785 2422 846 et
2449 791 2666 847 Patrem
2724 793 2863 847 duos
2914 807 3037 846 esse
3085 791 3369 845 declarat:

1807 903 1826 936 ‹
1866 886 1925 939 ln
1955 885 2073 956 lege
2099 904 2116 936 ι
2141 885 2308 948 enim,
2347 885 2542 955 inquit,
2572 903 2590 936 ι
2613 893 2794 940 vestra
2821 886 3080 954 scriptum
3105 891 3210 948 est,
3242 885 3369 954 quia

1800 976 2035 1032 duorum
2090 977 2370 1031 hominum
2417 978 2794 1032 testimonium
2850 991 3040 1031 verum
3083 985 3166 1030 est
3203 991 3215 1027 :
3254 976 3369 1046 Ego

1800 1082 1944 1134 sum,
1985 1085 2004 1118 ι
2034 1067 2235 1136 inquit,
2279 1086 2297 1118 ι
2322 1067 2414 1137 qui
2440 1066 2814 1121 testimonium
2844 1065 3102 1136 perhiheo
3142 1065 3210 1120 de
3253 1079 3370 1118 me.

1804 1160 1925 1229 ipso
1961 1177 1975 1214 :
2005 1160 2114 1229 30
2144 1168 2197 1214 et
2226 1159 2595 1213 testimonium
2629 1157 2876 1228 perhibet
2907 1157 2974 1212 de
3004 1173 3107 1220 me,
3139 1157 3231 1226 qui
3265 1157 3369 1210 mi-

1803 1253 1874 1306 sit
1925 1267 2010 1307 me
2045 1251 2204 1306 Pater
2221 1253 2287 1304 ’⁵.
2328 1270 2347 1303 ι
2383 1249 2594 1304 Etenim
2641 1265 2770 1304 ecce
2817 1249 2955 1304 duas
2995 1264 3274 1318 personas,
3305 1257 3361 1304 et

1797 1344 1844 1398 si
1877 1343 2028 1399 dicas
2064 1344 2201 1399 duas
2246 1359 2435 1398 revera
2474 1359 2582 1398 non
2613 1358 2756 1404 esse,
2803 1341 2930 1395 dum
2973 1339 3075 1395 hoc
3108 1340 3364 1403 aliirmas,‘

1796 1449 1904 1489 non
1946 1435 2084 1490 sinis
2131 1435 2503 1489 testimonium
2548 1442 2822 1497 constare,
2855 1431 3001 1501 quod
3047 1439 3226 1486 tamen
3273 1447 3367 1486 ve-

1795 1541 1914 1580 rum
1937 1532 2040 1580 est.
2075 1524 2152 1579 Eo
2179 1526 2378 1596 quippe
2402 1525 2776 1581 testimonium
2814 1524 2949 1579 illud
2985 1524 3362 1586 conﬁrmatur,

1793 1616 1938 1687 quod
1969 1631 2079 1670 non
2115 1618 2182 1670 ab
2210 1632 2320 1670 uno
2372 1617 2510 1682 solo,
2544 1617 2636 1671 sed
2671 1633 2700 1671 a
2736 1617 2952 1671 duobus
2984 1617 3360 1687 perhibeatur.

1793 1703 2085 1761 Enimvero
2117 1708 2444 1762 testilicatus
2478 1715 2560 1762 est
2586 1707 2745 1762 Pater
2761 1706 2827 1762 de
2854 1709 2994 1762 caalo
3021 1707 3108 1763 his
3141 1709 3318 1763 verbis
3344 1727 3358 1763 :

96 1801 124 1852 6
150 1798 455 1870 μονογενὴς
483 1798 620 1860 Υἱὸς
657 1797 766 1869 (91)
794 1801 1078 1870 μαρτυρεῖ,
1117 1797 1211 1851 καὶ
1241 1797 1318 1868 τῷ
1351 1797 1528 1868 Πατρὶ
1563 1797 1686 1850 διεί-

1802 1815 1819 1848 ι
1856 1796 1952 1852 Hic
1978 1807 2062 1851 est
2097 1799 2268 1853 Filius
2322 1815 2476 1853 meus
2530 1799 2759 1854 dilectus
2779 1799 2825 1830 "
2854 1814 2866 1849 ε
2906 1818 2924 1850 ι
2958 1807 3012 1853 et
3041 1797 3212 1854 Filius
3243 1797 3361 1864 Dei,

96 1892 279 1945 λεκται
311 1890 510 1961 σαφῶς
551 1891 613 1943 ὲν
641 1891 831 1953 ἀκοαῖς
873 1889 1174 1962 ἀνθρώπων
1198 1890 1402 1959 λέγων·
1432 1909 1451 1941 ι
1476 1890 1694 1960 Ἐξομο-

94 1983 360 2052 λογοῦμαί
392 2000 502 2046 σοι,
527 1981 738 2053 Πάτερ,
755 1980 932 2052 Κύριε
957 1981 1048 2034 τοῦ
1071 1981 1298 2053 οὐρανοῦ
1316 1980 1422 2038 ,καὶ
1443 1982 1542 2052 τῆς
1566 1982 1688 2052 γῆς,

93 2076 171 2128 ὅτι
219 2075 559 2146 ἀπέκρυψας
609 2073 780 2127 ταῦτα
813 2073 922 2126 ἀπὸ
959 2072 1135 2141 σοφῶν
1167 2073 1264 2125 καὶ
1303 2073 1560 2137 συνετῶν,
1596 2073 1690 2125 καὶ

89 2168 454 2237 ἀπεκάλυψας
488 2165 636 2219 αὐτὰ
675 2166 913 2237 νηπίοις.
948 2165 1054 2218 Ναὶ
1090 2165 1119 2217 6
1155 2164 1378 2236 Πατήρο
1411 2166 1493 2218 ὅτι
1516 2164 1690 2228 οὕτως

117 2259 306 2312 ὐδοκία
333 2259 565 2327 ἐγένετο
601 2257 906 2328 ἔμπροσθέν
940 2273 1053 2310 σου.
1076 2256 1263 2310 Πάντα
1288 2275 1376 2328 μοι
1412 2256 1688 2328 παρεδόθη

89 2352 194 2404 ὑπὸ
227 2350 324 2404 τοῦ
360 2350 588 2422 Πατρός
625 2367 747 2420 μου.
779 2369 797 2401 ι
833 2347 994 2402 Ἀλλά
1034 2349 1085 2401 τί
1120 2349 1256 2421 πρὸς
1290 2347 1467 2402 ταῦτα
1491 2349 1688 2402 ἀπολο-

93 2443 309 2508 γοῦνται
354 2443 408 2495 οἱ
455 2442 563 2510 τῆς
601 2440 871 2494 Ἰουδαίων
917 2439 1028 2510 (99..)
1077 2440 1358 2512 ἀρνήσεως
1395 2438 1684 2510 ὑπηρέται,

93 2535 225 2605 ὑπὲρ
262 2532 359 2586 τοῦ
413 2532 494 2602 μὴ
558 2530 749 2599 σαφῶς
809 2528 1129 2600 ἐλέγχεσθαι
1181 2531 1294 2592 τοῖς
1338 2527 1688 2597 Εὑαγγελίοις

94 2628 555 2696 ἔπιε-πράττοντες
599 2623 695 2676 τοῦ
737 2622 944 2693 Κυρίου
982 2621 1134 2692 ἡμῶν
1194 2619 1369 2692 Ἰησοῦ
1411 2618 1680 2691 Χριστοῦ·

93 2721 179 2772 tsi.
206 2719 384 2783 οὕτως
417 2717 518 2770 δύο
539 2714 871 2777 ὑποστάσεις
897 2713 1200 2783 φαίνεσθαι,
1229 2713 1324 2766 ἕνα
1350 2711 1440 2766 τὸν
1467 2711 1686 2784 Πατέρα

92 2812 235 2873 Θεὸν,
281 2811 482 2879 ἕτερον
528 2809 595 2860 δὲ
643 2807 736 2859 τὸν
766 2806 894 2858 Υἰὸν
935 2804 1252 2875 ἄνθρωπονς
1292 2802 1398 2856 Φεῦ
1430 2803 1528 2874 τῆς
1561 2803 1687 2856 ἀσε-

93 2900 265 2964 ϐείαςῑ
298 2899 418 2952 Καὶ
455 2896 509 2950 τί
536 2895 701 2949 τοῦτο
732 2894 981 2964 διαφέρει
1018 2894 1116 2964 τῆς
1149 2893 1507 2964 Σαμοσατέως
1550 2894 1686 2946 ἀπο-

92 2993 297 3060 Δενγίιςς
337 2992 670 3044 εἰπάτωσαν
713 2989 770 3042 δὲ
812 2987 930 3051 πῶς
981 2985 1265 3056 ἄνθρωπος
1315 2985 1443 3056 περὶ
1489 2981 1683 3038 ἑαυτοῦ

89 3085 251 3138 ταῦτα
287 3081 641 3154 φθέγγεσθαι
673 3081 865 3152 τολμᾷ.
896 3099 914 3131 ι
960 3081 1017 3132 '0
1044 3076 1303 3150 ἑωρακὼς
1326 3077 1447 3146 ἐμὲ,
1469 3075 1679 3147 ἑώρακε

90 3176 172 3228 τὸν
202 3176 470 3248 Πατέρα;
508 3192 527 3224 ι
577 3172 705 3235 Πῶς
754 3172 811 3224 δὲ
865 3174 892 3224 6
945 3168 1334 3238 εὐαγγελιστὴς
1363 3167 1488 3239 περὶ
1517 3166 1680 3219 αὑτοῦ

91 3268 252 3322 ταῦτα
278 3265 671 3338 φθεγγομένου
705 3267 989 3336 μαρτυρεῖ,
1020 3266 1100 3316 ὅτι
1129 3262 1344 3332 Πατέρα
1377 3261 1505 3314 ἴδιον
1529 3259 1682 3328 ἔλεγε

87 3358 171 3410 οὲβν
205 3358 343 3412 Θεὸν
373 3358 497 3409 ἴσον
525 3354 721 3408 ἑαυτὸν
755 3353 925 3406 ποιῶν
954 3352 1032 3422 τῷ
1068 3351 1187 3421 Θεῷ
1213 3368 1227 3414 ;
1257 3351 1371 3404 Οὐκ
1399 3349 1682 3421 ἄνθρωπος

88 3448 197 3513 [κς
219 3450 298 3519 τῷ
327 3447 483 3517 Θεῷ,
519 3446 640 3500 ἀλλ’
667 3447 696 3499 6
724 3447 787 3498 ὲκ
813 3444 906 3497 τοῦ
941 3443 1050 3514 (95)
1087 3442 1220 3496 Θεοῦ
1251 3442 1382 3506 Θεὸς
1439 3441 1527 3494 ἴσα
1574 3441 1681 3508 ἕξει

85 3541 158 3611 τῷ
178 3541 548 3610 γεγεννηκότι
581 3538 728 3592 κατά
750 3537 847 3608 τὴν
877 3537 1056 3606 φύσιν,
1081 3535 1156 3598 ὡς
1181 3537 1274 3588 καὶ
1306 3536 1514 3600 Παῦλος
1545 3553 1684 3608 μαρ-

88 3638 256 3705 τυρεῖ,
278 3636 340 3686 οὐ
380 3633 518 3703 περὶ
547 3631 651 3699 τῆς
692 3629 1175 3701 ὲνανθρωπήσεως,
1207 3627 1341 3680 ἀλλά
1368 3627 1437 3681 τά
1458 3628 1564 3700 πρὸ
1585 3629 1682 3699 τῆς

87 3726 243 3779 eme
252 3726 569 3796 ρωπήσεως
585 3719 947 3790 ἐξηγούμενος
959 3721 1068 3791 (94)
1079 3737 1090 3750 ο
1117 3739 1135 3772 ι
1153 3722 1265 3783 Ὃς,
1281 3720 1338 3771 ὲν
1352 3724 1532 3792 μορφῇ
1547 3719 1681 3773 Θεοῦ

93 3818 376 3888 ὑπάρχων,
399 3813 507 3882 οὐχ
534 3811 830 3882 ἁρπαγμὸν
852 3812 1095 3881 ἡγήσατο
1119 3809 1180 3862 τὸ
1209 3805 1349 3862 εἶναι
1374 3809 1463 3862 ἴσα
1479 3809 1618 3879 Θεῷ.
1658 3828 1678 3863 ι

93 3909 279 3978 Ἶςμεν
312 3908 415 3961 καὶ
445 3904 808 3976 ἀνθρωπίνως
835 3901 1090 3965 πολλάκις
1129 3901 1221 3954 τὸν
1255 3901 1488 3972 Σωτῆρα
1515 3901 1682 3971 φθεγ-

92 4003 319 4068 τέμεην
336 4017 351 4028 ο
379 3997 502 4051 ἀλλ’
533 3998 634 4066 οὐχ
656 3996 745 4048 ὅτε
769 3993 931 4065 φησίν
950 4010 962 4023 ’
1003 4013 1021 4045 ι
1045 3993 1184 4062 Ἐγώ
1209 3995 1325 4064 εἰμι
1341 3995 1370 4046 6
1390 3993 1682 4064 μαρτυρῶν

91 4093 217 4162 περὶ
240 4087 519 4161 ἐμαυτοῦ,
555 4087 652 4140 καὶ
690 4087 957 4157 μαρτυρεῖ
988 4086 1116 4156 περὶ
1144 4083 1278 4154 ἐμοῦ
1308 4087 1336 4138 6
1375 4083 1596 4154 πέμψας
1616 4101 1682 4154 με

91 4185 296 4254 Πατήρ.
327 4201 348 4233 ι
385 4180 471 4234 Οὑ
505 4179 621 4248 γάρ
648 4176 931 4248 ἄνθρωπος
962 4175 990 4227 6
1028 4175 1301 4246 πεμφθεὶς
1337 4176 1416 4238 εἰς
1457 4175 1549 4228 τὸν
1593 4177 1683 4228 κό-

91 4291 248 4342 σμον,
277 4277 306 4326 6
335 4273 524 4341 λέγων
543 4287 556 4299 ·
603 4289 621 4320 ι
643 4270 738 4321 Ἐκ
768 4268 861 4321 τοῦ
885 4267 1095 4338 Πατρὸς
1121 4266 1342 4338 ἐξῆλθον
1377 4267 1472 4321 καὶ
1495 4268 1677 4338 ἥκωσι

87 4367 122 4417 6
392 4380 413 4412 ε
450 4361 644 4422 Οὕτως
665 4359 773 4428 γὰρ
805 4359 1089 4430 ἠγάπησεν
1111 4361 1139 4411 ὁ
1177 4358 1307 4423 Θεὸς
1331 4359 1423 4412 τὸν
1455 4358 1679 4430 κόσμον,

85 4449 229 4504 ὥστε
257 4451 350 4503 τὸν
389 4449 526 4502 Υἱὸν
553 4447 720 4501 αὑτοῦ
753 4449 845 4502 τὸν
875 4451 1134 4519 μονογενῆ
1183 4449 1403 4514 ἔδωκεν,
1453 4449 1540 4503 ἵνα
1572 4452 1680 4514 πᾶς

1793 1889 2136 1960 unigenitum
2172 1890 2264 1945 Dei
2291 1888 2485 1944 Filium
2520 1905 2578 1944 se
2601 1905 2723 1945 esse
2745 1897 3002 1954 testatur,
3037 1899 3089 1944 et
3118 1889 3358 1954 Patrem,

1791 1989 1975 2049 aperte
2022 1980 2372 2037 audientibus
2432 1983 2764 2046 hominibus,
2802 1983 2886 2038 his
2918 1984 3099 2038 verbis
3152 1985 3362 2038 allocu-

1790 2078 1880 2126 tus
1921 2081 2048 2128 est:
2115 2092 2134 2124 ι
2168 2073 2446 2130 Confiteor
2482 2077 2604 2142 tibi,
2658 2074 2839 2141 Pater,
2881 2075 3104 2132 Domine
3152 2078 3275 2132 cmli
3307 2087 3359 2132 et

1788 2169 1969 2230 terrae,
2011 2164 2140 2233 quia
2168 2165 2504 2222 abscondisti
2538 2168 2653 2222 haec
2695 2185 2723 2221 a
2768 2169 3103 2238 sapientibus
3149 2176 3202 2224 et
3230 2184 3362 2239 pru-

1787 2254 2063 2321 dentibus,
2091 2267 2146 2311 et
2174 2258 2427 2314 revelasti
2463 2275 2524 2313 ea
2568 2261 2828 2329 parvulis.
2856 2259 2952 2323 Ita,
2984 2259 3145 2314 Pater
3178 2277 3191 2310 :
3229 2261 3358 2329 quia

1787 2349 1868 2406 sic
1903 2349 2008 2403 fuit
2036 2350 2295 2421 placitum
2331 2359 2457 2407 ante
2479 2360 2552 2408 te.
2577 2350 2769 2407 Omnia
2807 2353 2935 2406 mihi
2959 2352 3157 2406 tradita
3176 2361 3302 2408 sunt
3327 2370 3357 2408 a

1790 2438 1952 2496 Patre
1983 2456 2103 2494 meo
2125 2442 2191 2494 ".
2227 2460 2246 2493 ι
2280 2439 2384 2496 Sed
2408 2442 2536 2512 quid
2561 2443 2627 2496 ad
2657 2443 2772 2497 haec
2795 2443 3124 2513 respondent
3151 2441 3360 2498 Judaeu-

1784 2546 1908 2585 rum
1954 2531 2262 2601 negationis.
2315 2531 2621 2588 administri
2654 2552 2667 2588 :
2698 2549 2768 2588 ne
2823 2535 3000 2604 palam
3055 2535 3357 2604 deprehen-

1785 2621 1992 2677 dantur
2039 2623 2318 2678 adversari
2364 2622 2671 2694 Evangeliis
2722 2623 2939 2678 Domini
3004 2626 3182 2680 nostri
3227 2624 3358 2679 Jesu

1784 2712 1990 2768 Christi
2015 2731 2030 2779 ;
2060 2720 2115 2768 et
2146 2727 2214 2767 ne
2233 2711 2460 2779 sic,duae
2486 2714 2810 2785 hypostases
2837 2721 3156 2783 appareant,
3187 2729 3356 2768 unum

1786 2821 1983 2875 nempe
2010 2803 2248 2866 Patrem,
2285 2804 2453 2860 Deum
2476 2845 2490 2869 ,
2525 2806 2754 2859 alterum
2808 2820 2938 2860 vero
2983 2805 3204 2870 Filium,
3259 2806 3359 2860 bo-

1785 2894 2033 2948 minem?
2061 2909 2093 2947 0
2123 2892 2483 2962 impietatem!
2538 2893 2744 2964 Ecquid
2789 2894 2923 2948 illud
2971 2894 3204 2949 differta
3254 2894 3357 2950 Sa-

1789 2986 2119 3041 mosatensis
2148 2983 2506 3040 defensione?
2546 2984 2738 3039 Dicant
2764 3001 2872 3055 quo
2907 2993 3065 3054 pacto
3093 2987 3254 3041 homo
3277 2995 3359 3041 ta-

1793 3080 1862 3132 lia
1903 3079 1970 3134 de
2027 3079 2207 3149 seipso
2255 3081 2403 3150 loqui
2444 3079 2638 3134 audeat
2680 3098 2693 3133 :
2729 3097 2748 3130 σ
2792 3080 2895 3146 Qui
2939 3082 3072 3136 vidit
3102 3097 3187 3137 me
3223 3083 3359 3136 vidit

1786 3177 1840 3224 et
1871 3169 2086 3224 Patrem
2104 3171 2186 3225 '3?
2211 3189 2230 3222 ›
2269 3172 2378 3226 Aut
2408 3186 2508 3225 cur
2539 3172 2867 3243 evangelista
2898 3173 3073 3242 ipsum
3099 3174 3172 3227 ita
3206 3173 3358 3228 locu—

1784 3267 1902 3314 tum
1938 3269 2176 3316 testatur
2209 3281 2220 3316 :
2251 3277 2443 3332 nempe
2463 3263 2606 3332 quod
2633 3265 2796 3317 Deum
2822 3261 3035 3318 Patrem
3059 3279 3215 3318 suum
3237 3280 3360 3320 esse

1783 3350 1983 3406 dixerit
2005 3392 2019 3414 ,
2083 3353 2454 3423 aaqualemque
2484 3369 2605 3410 sese
2636 3353 2747 3408 Deo
2795 3354 3021 3410 fecerit?
3052 3354 3172 3410 Non
3211 3357 3356 3410 enim

1783 3451 1867 3498 est
1892 3443 2056 3498 homo
2089 3444 2197 3498 Deo
2227 3446 2488 3514 aequalis;
2529 3446 2623 3500 sed
2675 3445 2818 3501 Deus
2863 3463 2930 3501 ex
2960 3447 3092 3511 Deo,
3127 3447 3358 3517 aequalis

1782 3535 2084 3590 secundum
2133 3544 2389 3590 naturam
2423 3537 2527 3590 erit
2579 3539 2626 3591 ei
2659 3538 2752 3608 qui
2779 3554 2835 3593 se
2867 3539 3168 3604 generavit,
3206 3548 3266 3594 ut
3303 3547 3360 3596 et

1782 3625 1984 3681 Paulus
2018 3636 2271 3694 testatur,
2335 3628 2424 3682 ubi
2459 3629 2684 3685 nonde
2736 3631 3136 3696 incarnatione,
3163 3633 3257 3687 sed
3291 3633 3361 3687 de

1783 3716 1852 3774 iis
1898 3733 2019 3787 qua:
2064 3719 2502 3773 incarnationem
2566 3735 2896 3789 praacessere
2945 3723 3110 3777 verba
3179 3723 3354 3777 facit:

1789 3828 1808 3860 ι
1844 3808 1948 3874 Qui
1975 3825 2098 3864 cum
2123 3809 2179 3864 in
2219 3810 2396 3864 forma
2424 3809 2518 3866 Dei
2556 3819 2724 3875 esset,
2759 3828 2869 3867 non
2913 3814 3161 3884 rapinam
3200 3817 3353 3868 arbi-

1781 3910 1958 3957 tratus
1982 3910 2208 3958 estesse
2259 3918 2316 3958 se
2351 3904 2612 3973 aequalem
2644 3903 2752 3958 Deo
2775 3906 2841 3960 '9.
2871 3923 2890 3957 ι
2927 3903 3146 3960 Scimus
3175 3915 3356 3961 autem

1781 3992 2061 4048 Christum
2087 3995 2408 4064 plerumque
2434 3996 2734 4051 secundum
2760 3996 3156 4052 humanitatem
3200 3999 3348 4053 locu-

1783 4094 1899 4140 tum
1925 4086 2094 4142 fuisse
2129 4104 2145 4142 :
2181 4096 2237 4142 at
2273 4103 2384 4142 non
2413 4090 2632 4158 quando
2673 4089 2810 4142 dixit
2847 4105 2860 4142 :
2904 4107 2922 4140 ι
2959 4088 3074 4157 Ego
3098 4105 3218 4145 sum
3259 4092 3353 4161 qui

1785 4177 2154 4233 testimonium
2185 4178 2447 4247 perhibeo
2477 4179 2544 4233 de
2576 4180 2787 4249 meipso
2839 4195 2852 4230 :
2890 4187 2946 4234 et
2980 4181 3354 4236 testimonium

1783 4264 2032 4335 perhibet
2061 4265 2130 4320 de
2151 4281 2259 4332 me,
2291 4269 2385 4336 qui
2417 4269 2566 4324 misit
2587 4284 2692 4331 me,
2733 4267 2893 4323 Pater
2914 4269 2984 4322 ³ο.
3012 4288 3032 4322 ι
3065 4268 3185 4324 Non
3207 4270 3354 4326 enim

1784 4357 1950 4412 homo
1970 4367 2056 4414 est
2085 4359 2178 4428 qui
2225 4360 2430 4416 missus
2471 4369 2556 4416 est
2606 4363 2661 4416 in
2692 4361 2978 4428 mundum,
3009 4371 3061 4417 et
3096 4363 3172 4418 ait
3203 4380 3217 4418 :
3253 4382 3274 4416 ι
3308 4365 3354 4419 Α

1785 4449 1948 4504 Patre
2002 4451 2160 4528 exivi
2190 4459 2244 4506 et
2284 4452 2446 4508 venio
2467 4453 2508 4484 ³¹
2545 4471 2559 4506 :
2601 4471 2619 4504 ι
2678 4453 2772 4523 qui
2804 4453 2934 4508 item
2985 4454 3119 4509 dicit
3152 4472 3167 4507 :
3205 4474 3225 4506 ι
3263 4453 3354 4510 Sic

83 4545 120 4596 ὁ
155 4543 432 4595 πιστεύων
487 4543 569 4604 εἰς
621 4539 779 4592 αὑτὸν
830 4540 943 4610 (95)
986 4540 1062 4612 μὴ
1101 4540 1388 4612 ἀπόληται,
1433 4540 1549 4594 ἀλλ’
1581 4541 1681 4612 ἔχῃ

1793 4541 1928 4594 enim
1960 4539 2106 4597 Deus
2138 4540 2335 4597 dilexit
2373 4542 2660 4605 mundum,
2692 4551 2754 4596 ut
2785 4541 2984 4597 Filium
3017 4560 3177 4599 suum
3225 4546 3352 4600 uni-

83 4633 234 4704 ζωὴν
261 4633 516 4688 αἰώνιον·
547 4651 567 4684 ι
618 4633 647 4683 6
675 4631 848 4700 λέγων
869 4649 881 4661 '
917 4650 935 4682 ι
972 4633 1340 4703 Καταὸέϐηκα
1379 4635 1444 4687 ἐκ
1473 4634 1566 4686 τοῦ
1594 4635 1681 4686 οὑ-

81 4726 276 4796 ρανοῦ,
304 4727 410 4794 οὐχ
427 4725 520 4776 ἵνα
551 4722 692 4775 ποιῶ
709 4723 785 4796 τὸΔ
801 4722 1012 4793 θέλημα
1031 4723 1165 4792 (95')
1192 4724 1252 4777 τὸ
1286 4725 1440 4794 ἐμὸν,
1462 4723 1596 4777 ἀλλά
1621 4724 1681 4777 τὸ

79 4793 300 4888 θέλημα
498 4793 814 4886 πέμψαντός
855 4831 942 4885 με.
977 4835 995 4866 ι
1042 4814 1176 4867 Ἀλλ’
1212 4817 1260 4868 εἰ
1307 4793 1481 4878 θέλεις
1533 4814 1681 4884 αὐτῷ

173 5045 220 5074 ’δ
255 5043 423 5097 Joan.
462 5058 600 5101 νηί,
637 5041 724 5097 16.
825 5041 872 5072 ’⁸
910 5038 1042 5094 ibid.
1081 5039 1168 5103 l7,
1202 5040 1293 5096 18.

1386 5040 1432 5072 ³⁸
1496 5038 1695 5104 Matth.
1725 5054 1822 5102 Ill,
1863 5037 1962 5104 i7;
2002 5052 2149 5096 ml,
2186 5035 2238 5089 5.

1785 4636 2026 4703 genitum
2063 4634 2219 4689 daret
2254 4653 2270 4690 :
2303 4642 2364 4688 ut
2392 4635 2572 4690 omnis
2599 4635 2691 4705 qui
2744 4635 2924 4691 credit
2970 4638 3025 4691 in
3065 4653 3210 4698 eum.
3241 4653 3351 4694 non

1785 4731 1993 4795 pereat,
2015 4725 2109 4780 sed
2141 4725 2337 4780 habeat
2357 4726 2523 4780 vitam
2556 4733 2814 4781 aeternam
2833 4727 2900 4793 ³²;
2929 4747 2947 4779 ι
2968 4728 3060 4796 qui
3077 4729 3240 4783 etiam
3264 4728 3350 4782 di-

1788 4818 1863 4870 cit
1897 4833 1910 4866 :
1952 4833 1969 4866 ι
2000 4815 2265 4872 Descendi
2284 4815 2350 4871 de
2380 4817 2540 4881 coelo,
2584 4833 2695 4872 non
2747 4826 2806 4872 ut
2851 4817 3046 4872 faciam
3102 4820 3351 4872 volunta-

2344 5037 2388 5068 "'
2430 5034 2620 5090 Matth.
2653 5038 2743 5100 κί’,
2778 5034 3006 5089 25-27.
3112 5036 3156 5068 ’⁸
3192 5035 3348 5089 Joan.

87 5130 204 5172 xiv.
235 5115 289 5169 9.
368 5115 419 5146 ”
461 5099 700 5182 Philipp.
737 5127 797 5176 Il,
835 5110 889 5165 6.
965 5111 1010 5142 ³ο
1047 5099 1206 5166 Joan.
1241 5126 1360 5174 vm,
1396 5110 1484 5166 18.
1559 5109 1602 5138 ³¹
1641 5107 1686 5162 .1‹

1793 5099 1957 5173 (xw,
1985 5106 2076 5161 28.
2153 5105 2198 5137 ³³
2236 5105 2394 5161 Joan.
2431 5122 2526 5170 ut,
2565 5107 2643 5160 16.

63 5291 74 5300 ο
169 5269 278 5339 (ω)
309 5266 664 5339 Βειδίιίεξιιείεῑἐ
690 5269 758 5337 τῇ
791 5269 987 5338 νομικῇ
1024 5269 1192 5337 φωνῇ.
1229 5263 1398 5339 Infra,
1434 5264 1514 5336 τῷ
1545 5265 1678 5339 ᾤμε-

99 5336 270 5410 Ἒέρῳ,
289 5343 344 5395 in
388 5339 591 5393 amco
636 5336 932 5410 Scriptura:
972 5336 1226 5404 textu,"et
1259 5338 1313 5410 in
1346 5337 1680 5408 Segueriano

107 5408 308 5481 legitur,
340 5421 400 5464 at
433 5411 490 5463 iu
513 5418 697 5481 caeter.
723 5408 881 5481 codd.
913 5417 977 5481 et_
988 5409 1118 5463 edit.
1147 5423 1256 5460 non
1285 5409 1535 5481 habetur.

175 5474 276 5549 i91)
330 5481 620 5552 Segue_r.._
649 5477 783 5531 Θεοῦ
831 5475 1065 5552 ’ξεῖναι
1105 5479 1394 5550 μονογενὴς
1451 5480 1481 5552 6
1529 5474 1676 5552 Υἱός.

111 5548 220 5632 μοι
258 5548 458 5615 Basili,
497 5549 815 5602 διείλεκται.
847 5548 990 5603 Edlti
1025 5565 1156 5604 vero
1203 5559 1256 5604 et
1303 5548 1508 5616 caeteri,
1557 5550 1678 5620 διήκ

114 5637 296 5675 ιεκται-

124 5758 142 5772 .
177 5691 275 5772 (32)
308 5689 682 5772 Ita_Seguer.,
725 5698 893 5746 recte.
946 5688 1275 5772 Editidvero,
1319 5693 1369 5746 oi
1405 5693 1511 5772 τῶν
1547 5694 1675 5748 Ἴου-

326 5761 478 5818 inira
505 5761 728 5818 'omnes
784 5761 1174 5831 manuscripti,
1227 5765 1677 5837 ἁντιπράττοντες

1734 5571 1736 5574 ν
1785 5539 1958 5611 θητὴς
1997 5543 2025 5593 6
2082 5540 2188 5593 τῶν
2226 5539 2393 5594 ἐθνῶν
2438 5540 2751 5603 διδάσκαλος
2811 5542 3074 5611 μαρτυρεῖ

1784 5261 1875 5314 τὸν
1886 5259 2103 5332 ⁸Κυριέον
2118 5260 2274 5332 ἡμῶν
2304 5260 2784 5332 Ἰησοῦνὲριστόνς
2812 5260 2906 5332 καὶ
2927 5259 3097 5332 οὕτως
3118 5258 3348 5332 τάςλδόο.

1856 5327 2378 5400 (95)ίο01›1’ἐι·ἱίιηυε”
2413 5339 2467 5384 et
2505 5327 2816 5385 Fe'lckman.
2841 5330 2894 5393 1,
2939 5329 3022 5400 τῷ
3053 5329 3191 5398 Θεῷ,
3223 5327 3349 5381 ’ἀλλ’

1785 5401 1814 5454 6
1841 5402 1903 5453 ὲκ
1930 5399 2045 5464 τοῦ,
2071 5402 2291 5457 omissis
2319 5402 2531 5455 mediis.

1860 5469 1971 5540 (94)
2005 5469 2167 5526 Basil.
2200 5479 2253 5526 et
2292 5470 2540 5540 Seguer.,
2573 5468 2754 5537 φύσιν,
2782 5468 2857 5535 ὡς
2888 5469 2982 5523 καὶ
3028 5469 3213 5592 ἓτεριος
3249 5488 3350 5541 μα-

1860 5539 1951 5592 the
1997 5543 2025 5592 6
2082 5540 2188 5592 τῶν
2226 5540 2393 5592 ἐθνῶν
2438 5540 2751 5592 διδάσκαλος
2812 5542 3074 5592 μαρτυρεῖ
3169 5540 3349 5592 αὗλος.

3169 5558 3349 5602 αυλος,

1786 5577 1948 5610 mw,
1997 5577 2025 5593 υ
2093 5577 2185 5593 ,ων
2226 5577 2390 5594 eum.
2438 5577 2748 5603 νιναυωη-,ς
2811 5577 3071 5611 parur...
3118 5577 3326 5602 ..-νηυς

1782 5610 1843 5663 οὐ
1883 5611 2130 5681 περὶῌτῆς
2163 5611 2620 5680 ὲνανθρωπήσεως
2652 5611 2838 5678 λέγων.
3239 5626 3246 5632 ·

1852 5678 1964 5751 (95}
1995 5678 2219 5750 Seguer.
2250 5678 2432 5744 habet,
2466 5678 2553 5732 ἐπ’
2591 5681 2771 5735 αὐτόν.

1853 5768 1990 5840 (95')
2023 5767 2112 5826 Sic
2143 5768 2429 5825 Basilicus.
2464 5769 2686 5839 Seguer.
2722 5779 2775 5826 et
2799 5769 3018 5826 Graecus
3054 5768 3351 5838 Scriptura:
