3890 6186
202 290 285 351 ’79
456 316 462 323 ε
1379 286 1439 345 S.
1477 285 1937 343 ATHANASIUS.
1978 317 2049 328 —
2085 287 2313 346 DEBIA.
3386 287 3459 342 80

209 411 375 464 ritum
427 407 504 464 ait
550 422 816 480 pugnare,
853 419 964 462 non
1001 419 1121 462 eam
1153 403 1375 477 quidem
1420 404 1775 471 immobilem,

1882 406 2261 479 διαμάχεσθαι,
2292 408 2353 461 οὐ
2383 406 2481 478 τὴν
2508 406 2783 478 ἀκίνητον,
2814 404 2934 460 οὐδὲ
2972 404 3073 476 τὴν
3099 403 3323 474 ἄψυχον.
3355 403 3464 455 Φυ-

207 509 302 558 aut
349 500 720 558 inanimalem.
766 499 1040 555 Naturalis
1076 497 1222 554 enim
1261 496 1608 553 aﬂectionum
1660 514 1779 553 mo-

205 602 294 649 tus
348 593 399 649 ei
449 593 647 649 insitus
671 597 775 654 est,
802 591 919 659 qui,
945 602 1068 643 cum
1099 602 1229 643 caro
1261 587 1597 653 nominatur,
1631 594 1690 641 ut
1720 589 1778 642 in

205 681 447 753 Episto‘la
474 680 543 735 ad
572 679 849 735 Romanos
874 676 1218 734 manifestius
1244 677 1639 747 interpretatus
1669 686 1775 743 est,

205 775 490 830 declarans
544 781 783 838 motum,
838 772 932 843 qui
999 771 1059 826 in
1110 785 1277 827 carne
1325 778 1433 837 est,
1487 770 1781 842 conlligere

205 865 470 937 adversus
511 874 770 929 mentem,
802 871 856 921 et
907 864 1141 919 invicem
1190 864 1515 936 oppugnari,
1544 872 1606 917 ut
1663 878 1779 919 rem

204 971 553 1027 nequaquam
586 956 830 1011 eamdem
858 963 1020 1025 atque
1042 962 1302 1021 mentem,
1335 953 1430 1010 sed
1458 969 1686 1025 prorsus
1709 955 1778 1009 ab

205 1064 268 1105 ea
297 1049 569 1105 diversam
603 1068 616 1103 :
651 1065 670 1101 ι
712 1048 1074 1104 Condelcctor
1098 1048 1245 1104 enim
1267 1088 1281 1113 ,
1318 1066 1337 1100 ι
1374 1046 1573 1116 inquit,
1608 1064 1628 1098 ι
1674 1046 1780 1116 legi

204 1138 323 1206 Dei,
356 1139 659 1196 secundum
692 1139 1008 1194 interiorem
1037 1138 1314 1193 hominem
1345 1156 1359 1193 :
1393 1136 1553 1204 video
1596 1146 1777 1193 autem

205 1230 367 1285 aliam
410 1230 585 1301 legem
622 1229 698 1284 'iu
744 1228 1006 1284 membris
1058 1228 1218 1292 meis,
1250 1229 1544 1284 bellantem
1586 1235 1779 1283 contra

203 1320 375 1391 legem
403 1319 603 1375 mentis
629 1333 782 1384 meae,
808 1327 861 1373 et
884 1319 1246 1389 captivantem
1282 1318 1479 1375 me”.»
1502 1316 1653 1373 Hanc
1681 1333 1777 1373 vo-

201 1411 491 1477 luntatem,
513 1418 568 1467 et
599 1411 837 1465 animam
870 1412 1088 1482 pr0prie
1102 1410 1635 1482 appellavitPaulus,
1667 1409 1781 1489 dis-

204 1502 460 1573 tinguens
515 1517 636 1559 eam
666 1502 954 1571 aspiritu,
1014 1516 1140 1556 cum
1193 1502 1365 1557 dicit:
1404 1521 1425 1554 ι
1458 1500 1603 1557 Deus
1653 1498 1781 1558 san-

203 1595 403 1650 ctiﬁcet
434 1608 530 1650 vos
568 1609 666 1666 per
696 1594 900 1659 omnia,
926 1601 981 1648 et
1007 1595 1217 1664 integer
1244 1594 1474 1664 spiritus
1495 1604 1696 1660 vester,
1727 1602 1782 1649 et

202 1699 403 1756 corpus
448 1693 503 1742 et
550 1686 730 1741 anima
772 1687 891 1742 sine
921 1685 1082 1755 culpa
1116 1686 1173 1740 in
1224 1686 1520 1741 adventum
1562 1684 1781 1740 Domini

1884 497 2034 551 σικὸν
2065 498 2172 569 γὰρ
2201 498 2530 570 ὲνέσπαρται
2566 497 2737 569 ταύτῃ
2762 497 2965 568 κίνημα
2997 495 3314 568 παθητικὸν,
3340 493 3461 566 μεθ’

1881 582 1942 642 οῦ
1986 588 2123 659 σὰρξ
2154 588 2497 660 ὀνομάζεται,
2528 588 2603 653 ὡς
2633 591 2692 643 ὲν
2734 591 2800 660 τῇ
2849 588 2987 660 πρὸς
3024 586 3326 656 Ῥωμαίους
3377 585 3461 641 ἔτι

1883 681 2212 754 σαφέστερον
2237 681 2566 754 ἡρμήνευσε,
2597 682 2659 738 τὸ
2691 682 2748 735 ὲν
2794 684 2860 754 τῇ
2909 681 3070 752 σαρκὶ
3121 680 3462 750 διασαφήσας

1881 773 2109 844 κίνημα,
2158 773 2557 845 διαμαχόμενον
2605 774 2742 845 πρὸς
2787 773 2911 827 νοῦν
2967 773 3061 827 καὶ
3104 774 3456 844 ἀντιπάσχσν,

1880 863 1956 928 ὡς
1982 866 2041 918 οὐ
2072 865 2267 919 ταύτὸν
2300 865 2492 937 δήπου,
2523 865 2635 920 ἀλλ’
2670 866 2856 938 ἕτερον
2886 865 2945 919 ὃν
2974 864 3051 936 τῷ
3076 865 3179 936 νῷ·
3221 885 3239 917 ι
3279 868 3459 938 Συνή-

1880 955 2039 1027 δομαι
2073 955 2201 1028 γὰρ,
2243 976 2261 1009 ι
2309 957 2461 1028 φησὶ,
2499 976 2518 1008 ι
2559 957 2637 1029 τῷ
2678 958 2827 1028 νόμῳ
2868 956 2961 1010 τοῦ
2992 957 3150 1021 Θεοῦ,
3182 958 3321 1012 κατά
3365 960 3459 1013 τὸν

1883 1045 1990 1099 ἔσω
2022 1047 2304 1118 ἄνθρωπον
2325 1067 2339 1081 ·
2393 1048 2575 1119 βλέπω
2612 1049 2669 1103 δὲ
2702 1050 2886 1119 ἓτερον
2929 1049 3092 1121 νόμον
3127 1051 3183 1102 ὲν
3215 1053 3323 1113 τοῖς
3358 1050 3459 1120 μέ-

1883 1139 1997 1193 λεσί
2027 1158 2148 1212 μου,
2181 1141 2733 1213 ἀντιστρατευόμενον
2774 1140 2851 1211 τῷ
2879 1143 3026 1211 νόμῳ
3050 1139 3142 1192 τοῦ
3174 1142 3294 1206 νοός
3330 1158 3456 1211 μου,

1882 1229 1976 1281 καὶ
2023 1229 2492 1301 αἰχμαλωτίζοντά
2536 1248 2623 1302 με.
2685 1249 2703 1281 ι
2737 1230 2907 1283 Τοῦτο
2936 1230 2992 1283 δὲ
3037 1230 3096 1283 τὸ
3128 1229 3336 1300 θέλημα
3360 1230 3460 1284 καὶ

1880 1320 2057 1391 ψυχὴν
2104 1321 2246 1386 ἰδίως
2287 1325 2315 1376 ὁ
2363 1322 2574 1386 Παῦλος
2620 1322 2894 1385 ἐκάλεσεν,
2931 1322 3174 1392 χωρίσας
3223 1322 3332 1376 ἀπὸ
3358 1321 3457 1375 τοῦ

1885 1411 2213 1483 πνεύματος,
2252 1413 2341 1466 ὅτε
2373 1413 2535 1484 φησίν
2554 1431 2568 1444 ο
2606 1431 2625 1464 ι
2676 1414 2732 1468 Ὁ
2764 1413 2889 1477 Θεὸς
2920 1413 3122 1486 ἁγιάσῃ
3153 1415 3296 1483 ὑμᾶς
3340 1413 3459 1467 όλο-

1881 1506 2074 1570 τελεῖς,
2106 1506 2200 1560 καὶ
2223 1505 2515 1577 ὁλόκληρον
2544 1505 2697 1576 ὑμῶν
2728 1504 2789 1557 τὸ
2822 1504 3060 1573 πνεῦμα,
3099 1506 3192 1559 καὶ
3221 1507 3254 1576 ἡ
3284 1504 3454 1575 ψυχὴ,

1883 1597 1976 1649 καὶ
2001 1597 2063 1649 τὸ
2090 1596 2247 1666 σῶμα
2276 1596 2581 1666 ἀμέμπτως
2612 1598 2669 1649 ὲν
2699 1599 2763 1666 τῇ
2810 1594 3078 1666 παρουσίᾳ
3120 1595 3213 1649 τοῦ
3250 1598 3457 1668 Κυρίου

1888 1688 2045 1759 ἡμῶν
2069 1687 2180 1760 (26)
2212 1687 2384 1760 Ἰησοῦ
2409 1686 2645 1759 Χριστοῦ
2668 1686 2930 1759 τηρηθείη
2949 1704 2962 1717 ο
3007 1706 3025 1739 ι
3052 1689 3107 1739 ὲν
3126 1687 3181 1739 δὲ
3196 1688 3367 1759 τούτῳ
3395 1690 3459 1742 τὸ

200 1778 377 1831 nostri
392 1773 522 1833 Jesu
542 1775 745 1833 Christi
762 1777 1088 1833 servetur".
1120 1795 1139 1827 ι
1177 1774 1274 1831 His
1304 1777 1483 1832 verbis
1501 1776 1775 1847 spiritum,

1882 1779 2117 1852 πνεῦμα,
2150 1780 2242 1834 καὶ
2263 1780 2459 1851 ψυχὴν,
2491 1781 2584 1834 καὶ
2607 1778 2785 1850 σῶμα,
2812 1780 2902 1833 τὸν
2931 1780 3149 1850 ὁλοτελῆ
3173 1780 3458 1853 ἄνθρωπον

199 1868 440 1922 animam
481 1876 537 1924 et
589 1884 791 1939 corpus
836 1884 937 1939 pro
980 1869 1193 1939 integro
1220 1868 1442 1924 homine
1478 1884 1777 1939 exponens,

198 1971 508 2028 rogansque
565 1973 689 2013 eum
740 1958 1095 2023 sanctiﬁcari,
1128 1964 1183 2013 et
1211 1957 1332 2014 sine
1374 1959 1534 2029 culpa
1559 1974 1781 2016 conser-

196 2048 335 2102 vari.
368 2048 512 2120 Ergo
558 2049 865 2122 designavit
915 2052 1191 2123 spiritum,
1223 2051 1317 2123 qui
1347 2053 1778 2110 sanctiﬁcandus

196 2148 363 2208 esset,
394 2143 500 2197 hoc
539 2152 624 2198 est
648 2151 886 2200 mentem
926 2144 1241 2201 humanam.
1268 2146 1517 2202 Animam
1559 2145 1775 2212 deinde,

116 2287 138 2306 ,
197 2232 311 2288 vim
336 2235 783 2305 concupiscendi,
818 2243 873 2292 et
900 2251 1103 2309 corpus
1157 2239 1572 2295 tabernaculum
1604 2246 1778 2296 terre-

199 2333 312 2380 stre
372 2327 607 2397 appellat
651 2345 664 2382 :
718 2335 780 2383 ut
837 2330 1137 2385 secundum
1165 2330 1308 2385 hanc
1367 2330 1775 2387 distinctionem

198 2416 377 2472 tribus
408 2424 624 2474 constet
680 2419 844 2475 homo
880 2420 1175 2492 terrigena,
1203 2422 1555 2494 intelligibili,
1583 2439 1778 2479 concu-

196 2510 453 2581 piscibili,
475 2512 767 2582 corporali.
792 2514 1054 2570 Voluntas
1089 2530 1253 2585 porro
1284 2515 1399 2571 sive
1432 2516 1635 2581 anima,
1655 2532 1776 2587 quae

198 2609 283 2658 est
326 2603 410 2658 vis
458 2606 927 2675 concupiscibilis,
961 2606 1115 2664 unita
1137 2616 1223 2663 est
1251 2607 1442 2672 menti,
1474 2615 1530 2663 et
1556 2609 1773 2679 corpori

198 2693 460 2750 humano.
489 2695 862 2752 lnvalescente
913 2696 1083 2767 igitur
1123 2696 1464 2768 intelligendi
1499 2697 1575 2761 vi,
1625 2705 1774 2753 totus

197 2782 362 2839 homo
390 2782 622 2840 edicitur
668 2785 1074 2852 intellectualis,
1110 2801 1421 2857 quanquam
1462 2787 1774 2858 implicatus

195 2876 271 2930 sit
323 2876 634 2932 carnalibus
672 2877 1156 2948 concupiscentiis,
1196 2879 1498 2934 secundum
1552 2879 1772 2949 conspi-

195 2982 356 3022 cuam
409 2969 809 3025 dissensionem
856 2972 913 3025 et
944 2985 1182 3041 pugnam
1211 2970 1361 3040 ejus,
1394 2986 1515 3042 quae
1563 2971 1619 3026 in
1672 2972 1771 3026 ho-

192 3059 342 3116 mine
369 3067 476 3127 est,
515 3060 805 3133 rationalis
836 3061 922 3116 vis
952 3075 1078 3115 cum
1124 3061 1453 3127 irrationali,
1489 3077 1598 3117 non
1648 3060 1771 3132 qui-

1886 1873 2250 1945 ὲρμηνεύσας,
2278 1874 2370 1927 καὶ
2395 1871 2763 1943 ὑπευξάμενος
2792 1872 2951 1926 αὑτὸν
2983 1872 3326 1943 ἀγιασθῆναι,
3362 1875 3459 1927 καὶ⁵

1884 1965 2189 2036 ἀμέμπτως
2234 1965 2554 2037 τηρηθῆναι.
2608 1964 2831 2038 Πνεῦμα
2876 1967 2974 2037 μὲν
3020 1961 3115 2020 οῦν
3170 1965 3337 2032 ἔδειξε
3395 1965 3459 2018 τὸ

1883 2053 2265 2126 ἀγιαζόμενον,
2318 2055 2453 2124 ὅπερ
2485 2054 2631 2107 ἐστὶν
2653 2055 2697 2107 ⁶ό
2732 2052 2856 2117 νοῦς
2896 2054 2925 2107 ό
2957 2051 3325 2125 ἀνθρώπινοςο
3355 2050 3458 2120 ψυ-

1884 2143 1986 2216 χὴν
2017 2145 2077 2198 δὲ
2115 2145 2253 2216 μετὰ
2276 2144 2432 2198 τοῦτο
2461 2146 2521 2199 τὸ
2555 2145 2969 2217 ἐπιθυμητικὸν,
2998 2145 3092 2198 καὶ
3132 2144 3291 2213 σῶμα
3326 2142 3459 2213 σκῆ-

1883 2253 1971 2301 νος
1995 2237 2056 2290 τὸ
2082 2238 2267 2307 γήϊνον
2287 2254 2299 2267 ·
2333 2236 2473 2290 ὥστε
2522 2237 2664 2291 κατά
2693 2237 2896 2308 ταύτην
2918 2236 3014 2308 τὴν
3043 2235 3303 2307 διαίρεσιν
3328 2235 3459 2306 τρία

1883 2323 2021 2381 εἶναι
2034 2328 2123 2380 τὸν
2139 2328 2421 2399 ἄνθρωπον
2440 2327 2528 2382 τὸν
2548 2331 2752 2400 γηγενῆ
2773 2345 2785 2357 ·
2805 2328 2865 2380 τὸ
2890 2328 3092 2399 νοερὸν,
3110 2327 3171 2380 τὸ
3189 2325 3345 2378 ἐπιθυ
3354 2344 3458 2398 μη-

1879 2419 2062 2483 τικὸν,
2096 2420 2156 2473 τὸ
2190 2421 2518 2490 σωματικόν.
2564 2419 2733 2474 Τοῦτο
2766 2420 2876 2491 (27)
2907 2420 2969 2473 τὸ
3014 2419 3243 2490 θέλημα,
3274 2420 3385 2490 ἤτοι
3418 2421 3454 2490 ὴ

1878 2510 2044 2582 ψυχη,
2061 2511 2120 2564 τὸ
2136 2511 2294 2564 ἐπιθυ
2302 2513 2547 2582 μητικὸν,
2563 2513 2767 2582 ἥνωται
2782 2511 2859 2581 τῷ
2870 2511 2945 2581 νῷ
2968 2510 3043 2583 τῷ
3059 2511 3149 2565 τοῦ
3169 2509 3456 2583 ἀνθρώπου

1879 2604 2075 2676 καὶτῷ
2113 2612 2345 2673 σώματι.
2394 2605 2844 2676 Ἐπικρατοῦντος
2870 2601 2962 2659 οῦν
3008 2605 3102 2659 τοῦ
3145 2603 3351 2676 νοεροῦ,
3390 2603 3455 2656 τὸ

1877 2694 1997 2748 ὅλον
2031 2696 2145 2748 ἐστὶ
2173 2695 2355 2767 νοερὸς
2392 2695 2707 2767 ἄνθρωπος’
2744 2697 2987 2766 καίτοιγε
3030 2695 3455 2767 συμπεπλεγμέ-

1878 2802 1968 2838 νον
2000 2784 2138 2854 ἔχων
2185 2787 2241 2837 ὲν
2289 2789 2410 2848 ταῖς
2461 2789 2751 2858 σαρκικαῖς
2801 2787 3134 2857 ἐπιθυμίαις,
3168 2788 3308 2840 κατὰ
3354 2795 3457 2856 τὴν

1877 2875 2141 2947 πρόδηλον
2165 2876 2426 2948 διαφορὰν
2456 2878 2550 2930 καὶ
2579 2878 2759 2950 μάχην
2784 2879 3000 2947 λογικοῦ
3026 2897 3085 2931 τε
3103 2878 3202 2931 ικαὶ
3232 2877 3451 2944 ἀλόγου,

1875 2963 1969 3017 τοῦ
2006 2967 2064 3016 ὲν
2092 2964 2168 3036 τῷ
2199 2965 2488 3037 ἀνθρώπῳ,
2537 2966 2651 3020 ἀλλ’
2682 2968 2782 3020 οὐκ
2830 2967 3270 3039 ἐπικρατοῦντος,
3317 2965 3455 3019 ἀλλά

1876 3057 2359 3128 ὲπικρατουμένου.
2404 3057 2757 3129 Ἠγεμονικὸν
2805 3057 2864 3111 δὲ
2911 3058 3146 3129 λέγεται,
3202 3057 3380 3121 καθὼς
3422 3060 3455 3111 ὁ

192 3148 315 3205 dem
349 3150 685 3216 dominante,
714 3151 811 3207 sed
869 3149 1172 3205 dominium
1208 3151 1470 3220 patiente.
1497 3152 1767 3208 Caeterum

1882 3146 1995 3212 νοῦς
2024 3151 2234 3218 ἡγεῖται
2266 3149 2359 3202 τοῦ
2402 3148 2636 3214 ζωτικοῦ
2686 3148 2954 3221 σώματος.
2985 3150 3303 3224 Ἄνθρωπος
3356 3146 3452 3203 οὖν

192 3241 517 3312 principalis
547 3241 654 3313 22
676 3242 878 3296 dicitur
904 3257 1079 3306 mens,
1097 3249 1368 3312 quatenus
1402 3243 1657 3314 princeps
1686 3251 1772 3300 est

190 3337 248 3387 et
268 3331 379 3386 dux
424 3333 675 3403 corporis
715 3330 985 3386 animalis.
1006 3329 1189 3400 Homo
1238 3331 1425 3401 igitur,
1469 3332 1770 3387 secundum

189 3422 560 3493 principatum
616 3421 839 3485 mentis,
872 3420 1144 3492 particeps
1172 3428 1258 3477 est
1284 3421 1525 3488 deitatis,
1550 3437 1676 3478 cum
1700 3424 1772 3480 sit

192 3515 396 3569 animal
453 3514 819 3570 intellectuale
851 3532 866 3579 ;
899 3513 1129 3585 ideoque
1175 3514 1308 3571 dicit
1339 3535 1353 3570 :
1384 3534 1403 3567 ι
1433 3513 1539 3584 Qui
1589 3516 1771 3573 adhae-

190 3616 274 3664 ret
305 3605 557 3673 Domino,
592 3622 737 3663 unus
763 3607 988 3677 spiritus
1005 3617 1089 3665 est
1108 3608 1176 3661 9‘.
1210 3627 1231 3660 ι

1874 3237 1995 3293 καθ’
2016 3240 2315 3310 ἠγεμονίαν
2336 3240 2426 3293 νοῦ
2450 3240 2560 3313 (28)
2577 3241 2803 3312 μετέσχε
2827 3241 3094 3314 θεότητος,
3109 3242 3291 3314 νοερὸν
3309 3239 3450 3306 ζῶον

1873 3326 1948 3380 ὧν
1973 3344 1987 3357 ο
2038 3326 2125 3381 διὰ
2165 3327 2321 3383 τοῦτο
2354 3329 2530 3399 λέγει·
2566 3349 2586 3385 s
2621 3330 2678 3386 '0
2710 3330 3042 3403 κολλώμενος
3065 3334 3143 3405 τῷ
3173 3331 3363 3406 Κυρίῳ
3389 3334 3451 3389 ἐν

1873 3417 2093 3491 πνεῦμά
2119 3421 2284 3476 ἐστιν.
2332 3440 2354 3475 s

258 3769 307 3804 ’δ
335 3764 495 3824 Rom.
523 3784 622 3837 vn,
643 3767 714 3823 22
760 3768 851 3825 23.
928 3771 975 3803 ⁸⁸
1007 3768 1026 3824 l
1051 3768 1244 3829 Thess.
1272 3786 1329 3826 ν.
1358 3768 1451 3826 2'5.
1527 3769 1574 3803 "
1604 3769 1776 3829 lCor.
1804 3774 1881 3840 vi,
1908 3773 1998 3831 i7.

259 3944 932 4017 (26)Α1ηηνειιὶ›ο.ίὴμῶν,
981 3946 1161 4002 deﬁcit
1200 3947 1371 4003 codex
1420 3946 1762 4008 Basiliensis.

187 4012 307 4090 MO}
319 4012 600 4090 LiAngljtr”
633 4019 691 4090 εν
720 4012 785 4068 δὲ’
797 4012 1026 4090 τούτοις
1042 4018 1279 4090 πνεῦμα,
1306 4025 1414 4074 etc.

258 4085 371 4156 (27)
410 4084 598 4151 Τοῦτο,
628 4088 782 4140 deest
814 4088 868 4141 in
898 4087 1110 4159 Anglic.

1943 3953 2055 4035 (2.8)
2078 3954 2377 4035 ,γυῖα-νοῦ,
2414 3958 2728 4035 habeturin
2757 3960 3079 4035 Anglicano,
3119 3970 3185 4035 et
3214 3963 3270 4020 in
3311 3965 3443 4023 edit.

1872 4021 2047 4079 Paris.
2078 4025 2137 4082 ln
2165 4021 2392 4099 reliquis
2415 4039 2470 4086 et
2499 4031 2555 4085 in
2584 4032 2716 4088 edit.
2747 4021 3011 4090 Commel.
3043 4021 3402 4093 desideratur.

967 4392 1050 4452 IN
1082 4392 1545 4455 EPISTOLAM
1590 4393 2119 4457 CATHOLICAM
2164 4394 2655 4457 ADMONITIO.

260 4559 385 4617 Ha’c
448 4559 683 4630 Epistola
730 4573 834 4612 non
874 4555 1094 4611 habetur
1118 4558 1173 4610 in
1217 4558 1449 4628 antiquis
1508 4557 1786 4615 Athanasii
1819 4557 2046 4629 Operum
2075 4560 2490 4629 collectionibus,
2517 4563 2928 4635 ambigimusque
2950 4581 3019 4618 an
3050 4567 3120 4619 sit
3149 4582 3210 4620 ea
3231 4582 3443 4637 germa-

185 4671 310 4708 num
358 4652 641 4707 Athanasii
676 4665 844 4720 opus;
881 4648 1138 4702 nonnulla
1182 4649 1368 4719 quippe
1417 4658 1538 4702 sunt
1584 4648 1667 4702 hic
1697 4649 1941 4720 loquendi
1976 4666 2168 4721 genera
2192 4652 2245 4705 in
2278 4653 2411 4705 veris
2468 4651 2753 4707 Athanasii
2783 4652 3023 4723 operibus
3064 4671 3167 4707 non
3211 4658 3435 4722 usitata,

180 4763 479 4820 quanquam
505 4745 788 4800 sexcenties
820 4758 928 4797 sese
954 4741 1039 4794 illi
1070 4740 1321 4795 obtulerit
1341 4757 1407 4794 ea
1438 4742 1735 4809 usurpandi
1760 4759 1775 4796 ¢

1882 4743 1991 4810 'sio,
2023 4759 2071 4797 υ.
2102 4760 2154 4813 g.
2192 4742 2458 4815 σύμϐολον
2483 4745 2579 4815 τῆς
2602 4745 2839 4807 πίστεως
2858 4783 2874 4807 ,
2894 4744 3064 4814 stglus
3098 4745 3224 4798 item
3246 4747 3435 4800 remis-

180 4840 290 4894 sior
323 4855 482 4910 quam
518 4837 938 4894 Athanasianus.
977 4836 1043 4891 In
1074 4838 1227 4892 titulo
1253 4838 1416 4891 etiam
1444 4837 1690 4908 quwdam
1720 4855 1775 4892 oc

1882 4849 2004 4893 runt
2034 4838 2246 4904 νοθείας
2271 4841 2423 4910 signa
2451 4857 2469 4894 :
2499 4856 2619 4906 uox,
2652 4842 2702 4895 οἱ
2733 4840 3141 4905 συνεπίσκοποι,
3171 4856 3434 4911 nusquam

182 4930 246 4983 ab
275 4930 571 4985 Athanasio
619 4939 899 4999 usurpata,
931 4928 1062 4983 solet
1092 4929 1276 4999 quippe
1303 4927 1493 4999 ubique
1525 4928 1616 4981 ille
1647 4933 1975 4998 coepiscopos
2003 4946 2189 4984 vocare
2235 4929 2699 5001 συλλειτουργούς.
2738 4929 2988 4986 Nomina
3011 4933 3137 4986 item
3160 4935 3428 5004 regionum

178 5023 454 5092 pauciora,
489 5037 650 5091 quam
676 5037 793 5092 qua:
818 5019 1071 5090 Epistolte
1100 5018 1386 5074 Catholica:
1423 5035 1541 5091 qua:
1564 5018 1829 5091 encyclica
1854 5028 1951 5085 est,
1986 5020 2150 5074 inseri
2176 5021 2401 5075 soleant.
2434 5020 2701 5076 Praeterea
2733 5024 2864 5077 solet
2901 5022 3227 5078 Athanasius
3255 5024 3432 5093 fusius

177 5126 226 5170 et
268 5117 521 5187 liquidius
550 5134 632 5171 res
661 5127 835 5187 gestas
875 5117 930 5171 in
963 5115 1202 5186 epistolis
1233 5115 1345 5170 suis
1384 5128 1657 5183 enarrare,
1694 5130 1853 5185 quam
1891 5114 1976 5168 hic
2023 5113 2335 5170 habeantur.
2362 5114 2694 5185 Quapropter
2725 5114 2861 5168 inter
2906 5110 3070 5167 dubia
3122 5127 3276 5183 opera
3308 5128 3429 5169 eam

179 5204 426 5278 ablegare
459 5205 628 5263 visum
665 5216 763 5264 est.
