3890 6186
389 374 461 433 85
1559 367 1620 423 S.
1660 364 1980 421 ATHANAS

2090 366 2124 422 ἱ.
2164 394 2231 406 ο-
2270 363 2501 419 DUBIA.
3576 366 3654 422 84

392 492 672 550 simulant.
701 490 803 557 Qui
828 488 875 546 si
905 503 1017 544 non
1052 492 1237 544 essent
1266 485 1334 540 iis
1364 482 1649 541 allectibus
1687 499 1968 556 praeoccu-

2090 483 2366 554 ἱπατηλοῖς
2387 502 2399 516 ·
2438 486 2533 539 καλ.
2577 484 2891 539 ἐπισκόπων
2926 484 3149 556 πλῆθος,
3177 482 3249 537 τὰ
3292 484 3391 554 μὲν
3415 482 3503 535 διὰ
3532 483 3657 535 δέος

391 585 527 658 pati,
556 582 843 644 veritatem
891 595 1026 637 sane
1056 580 1246 652 paucis
1273 580 1426 636 hisce
1453 579 1635 636 verbis
1673 580 1977 651 expositam

393 662 791 746 agnoscerent:
824 673 1055 738 scilicet,
1079 670 1224 728 Deus
1256 679 1310 728 et
1342 670 1436 728 Dei
1468 669 1639 728 Filius
1664 687 1773 727 non
1799 678 1980 742 potest

395 782 519 822 esse
553 781 643 821 res
685 780 718 819 a
754 764 864 819 Deo
915 762 1079 831 facta,
1127 778 1229 820 nec
1275 761 1515 834 Spiritus
1546 771 1771 821 sanctus
1814 762 1979 818 rebus

396 855 559 912 factis
589 863 1002 911 annumeratur.
1046 853 1165 918 Dei,
1201 870 1312 909 non
1334 870 1463 910 vero
1482 862 1765 921 creatura,
1785 854 1982 909 adven-

397 956 519 1002 tum
560 947 901 1004 admittimus
934 963 1150 1017 :neqne
1201 948 1258 1001 in
1308 948 1450 1003 servi
1481 948 1771 1003 adventum
1797 947 1979 1003 credi-

399 1055 552 1108 mus,
583 1040 861 1110 divinique
910 1040 1149 1111 Spiritus
1192 1041 1420 1111 gratiam
1455 1040 1794 1096 admittimus
1828 1060 1841 1095 :
1884 1056 1980 1111 per

397 1148 559 1210 quem
587 1141 642 1189 et
672 1133 746 1187 dii
772 1133 1057 1199 ellicimur,
1090 1142 1145 1188 et
1175 1132 1266 1187 Dei
1295 1133 1496 1203 templa
1532 1132 1833 1188 reddimur.
1853 1132 1979 1188 Haec

396 1224 544 1285 enim
599 1225 787 1296 paucis
854 1226 982 1280 licet
1042 1224 1336 1286 declarata,
1402 1223 1718 1279 Christiano
1782 1224 1981 1294 cuique

398 1323 587 1385 aperta
604 1323 1216 1381 sunt,cumaceuratam
1250 1316 1321 1370 ab
1341 1316 1604 1386 initioque
1632 1315 1979 1387 praedicatam

399 1408 680 1463 veritatem
699 1415 1026 1464 conservent
1050 1427 1065 1463 :
1085 1408 1140 1463 in
1163 1423 1269 1479 qua
1291 1408 1338 1462 si
1363 1422 1700 1475 maneamus,
1722 1414 1980 1462 aeternam

396 1507 779 1571 exspectamus
812 1515 983 1570 spem.
1015 1497 1166 1555 Fidei
1203 1500 1385 1570 itaque
1418 1510 1620 1555 nostra:
1664 1497 1979 1571 Symbolum

406 1591 1033 1649 sst:Consubstantialis‘
1048 1589 1321 1658 Trinitas;
1353 1590 1495 1647 Deus
1526 1606 1691 1647 verus
1721 1606 1789 1647 ex
1811 1589 1980 1645 Maria

400 1682 582 1739 lactus
605 1683 768 1738 homo
794 1684 917 1754 :qui
949 1683 1034 1738 his
1048 1698 1157 1737 non
1181 1682 1528 1753 astipulatur,
1571 1683 1858 1738 anathema
1884 1683 1976 1738 sit.

399 1776 527 1833 llaec
561 1780 707 1835 enim
732 1778 952 1852 praefert
977 1778 1208 1833 Nicaeme
1237 1777 1430 1850 synodi
1462 1780 1788 1849 rescriptum
1809 1797 1820 1831 :
1838 1777 1980 1832 (Jon-

399 1869 810 1929 substantialem
827 1868 1106 1926 essePatri
1121 1869 1338 1935 Filium,
1355 1882 1409 1925 et
1427 1868 1690 1941 Spiritum
1727 1878 1978 1925 sanctum

2078 577 2186 629 τῶν
2209 578 2266 630 ὲν
2295 577 2512 630 πόλεσιν
2545 576 2983 649 ὲπιφανεστέρων
3013 574 3145 648 (36),
3192 574 3263 629 τά
3297 575 3354 629 δὲ
3392 575 3458 628 δι’
3500 576 3657 628 ἀντι-
3685 621 3693 655 ὅ

2080 670 2297 740 ποίησιν
2327 669 2483 741 δόξης
2507 688 2520 700 ·
2543 670 2637 725 καὶ
2664 669 2698 724 ἃ
2724 670 2820 741 μὲν
2851 668 3161 740 φρονοῦσιν,
3189 667 3654 739 ἀποκρύπτουσιν,
3687 662 3693 681 τ

2079 762 2115 816 ἃ
2156 763 2212 817 δὲ
2239 764 2313 835 μὴ
2343 762 2626 834 φρονοῦσιν
2663 764 3062 834 ὑποκρίνονται.
3109 762 3217 825 Ὧς,
3253 760 3386 829 εἴγε
3424 759 3495 832 μὴ
3526 758 3657 813 τού-

2080 876 2191 923 τοις
2231 861 2346 922 τοῖς
2392 858 2587 913 πάθεσι
2641 857 3145 931 προκατεσχημένοι
3188 857 3316 919 εἰσὶ,
3360 855 3454 909 καὶ
3493 856 3660 927 μόνον

2082 948 2336 1020 ῥηθεῖσαν
2380 949 2477 1022 τὴν
2521 950 2780 1020 ἀλήθειαν
2833 949 3033 1019 ὀλίγοις
3088 951 3344 1020 ῥήμασιν,
3399 946 3658 1013 ἐπιγινώ-

2082 1056 2321 1102 σκουσιν,
2364 1038 2445 1091 ὅτι
2474 1041 2610 1110 μήτε
2651 1039 2860 1109 ποίημα
2894 1036 3028 1090 Θεοῦ
3070 1037 3199 1100 Θεὸς
3232 1038 3325 1089 καὶ
3357 1037 3481 1099 Υἱὸς
3516 1034 3657 1089 Θεοῦ

2080 1124 2218 1182 εἶναι
2266 1127 2509 1190 δύναται,
2562 1128 2699 1199 μήτε
2729 1128 2789 1180 τὸ
2818 1128 3041 1198 Πνεῦμα
3077 1127 3139 1180 τὸ
3176 1128 3328 1195 ἅγιον
3356 1129 3657 1196 ποιήμασιν

2080 1218 2373 1289 ὲγκαταριθ
2382 1222 2580 1289 μεῖτᾳι.
2597 1218 2731 1271 Θεοῦ
2747 1236 2805 1271 τε
2820 1218 3137 1288 ἐπιφάνειαν
3154 1217 3546 1287 ὑπεδεξάμεθα,
3560 1217 3660 1271 καὶ

2080 1311 2198 1381 οὐχὶ
2225 1312 2336 1381 (57)
2365 1311 2660 1382 κτίσματος
2683 1311 2975 1381 ἐπιδημίαν
2993 1329 3007 1341 ·
3042 1310 3163 1363 οὑδὲ
3189 1313 3267 1374 εἰς
3298 1309 3482 1362 δούλου
3513 1326 3657 1381 παρ-

2078 1402 2263 1455 ουσίαν
2308 1403 2787 1475 πεπιστεύκαμεν,
2835 1404 2926 1456 καὶ
2955 1401 3135 1454 θεῖκοῦ
3174 1401 3489 1472 Πνεύματος
3521 1401 3657 1453 ὑπε-

2081 1496 2370 1567 δεξάμεθα,
2417 1496 2483 1550 δι’
2521 1489 2582 1549 οἶ)
2632 1497 2727 1549 καὶ
2776 1494 3185 1566 θεοποιούμεθα,
3229 1495 3321 1547 καὶ
3364 1493 3497 1546 Θεοῦ
3540 1492 3662 1547 ναοὶ

2083 1588 2474 1660 καθιστάμεθα.
2528 1587 2713 1641 Ταῦτα
2746 1586 2856 1658 γὰρ
2906 1588 2997 1640 καὶ
3027 1586 3170 1641 οὑτω
3211 1586 3453 1657 βραχέως
3499 1583 3660 1653 λεγό-

2086 1698 2240 1751 μενα,
2276 1680 2439 1733 παντὶ
2488 1678 2798 1751 Χριστιανῷ
2846 1678 3142 1748 κατάδηλα,
3188 1678 3263 1741 ὡς
3306 1678 3404 1749 τὴν
3454 1675 3659 1749 ἀκριϐῆ

2083 1774 2191 1845 (58)
2227 1771 2285 1837 ἐξ
2321 1772 2495 1843 ἀρχῆς
2542 1770 2908 1842 κηρυχθεῖσαν
2956 1769 3211 1841 ἀλήθειαν
3260 1767 3541 1833 σώζουσιν,
3571 1768 3660 1838 ἐφ’

2084 1860 2117 1939 ᾖ
2151 1864 2476 1936 ἐμμένοντες
2500 1862 2600 1926 τὰς
2622 1863 2873 1931 αἰωνίους
2898 1861 3115 1924 ἐλπίδας
3144 1860 3489 1932 ἐκδεχόμεθα.
3512 1859 3662 1930 Σύμ-

400 1959 550 2014 Patri
568 1966 623 2014 et
658 1958 797 2014 Filio
818 1961 1237 2032 conglorilicari.
1258 1960 1427 2017 Deum
1444 1976 1631 2016 verum
1659 1958 1857 2016 Filium
1892 1959 1980 2014 Dei

2090 1958 2235 2011 δολον
2260 1954 2351 2011 οὖν
2377 1958 2474 2028 τῆς
2495 1957 2729 2020 πίστεως
2760 1958 2792 2026 ἡ
2802 1954 2917 2026 μῶν
2948 1953 3229 2026 ὀμοούσιος
3260 1956 3291 2024 ἡ
3322 1952 3508 2023 Τριάς,
3524 1951 3663 2017 Θεὸς

398 2038 769 2118 inearnatum,
796 2061 851 2109 et
883 2069 1102 2125 passum
1132 2070 1276 2119 esse,
1311 2055 1707 2118 resurrexisse,
1728 2054 1782 2107 in
1807 2052 1980 2108 caelos

2090 2052 2198 2122 (39)
2249 2050 2524 2121 ἀληθινὸς,
2572 2052 2638 2103 ὲκ
2678 2049 2895 2120 Μαρίας
2921 2049 3210 2118 γενόμενος
3259 2046 3558 2118 ἄνθρωπος.
3600 2045 3664 2098 '0

401 2144 741 2213 ascendisse,
766 2155 1055 2201 venturum
1079 2162 1200 2203 esse
1216 2145 1455 2215 judicem
1481 2146 1724 2201 vivorum
1754 2152 1807 2200 et
1837 2160 1980 2199 mor-

2090 2145 2139 2197 δὲ
2175 2143 2248 2216 μὴ
2272 2143 2648 2214 συντιθέμενος
2683 2143 2930 2214 ἀνάθεμα
2954 2141 3113 2195 ἔστω.
3142 2140 3326 2194 Ταῦτα
3347 2140 3454 2211 γὰρ
3474 2140 3568 2193 καὶ
3596 2138 3662 2192 τὸ

400 2243 617 2291 tuorum
654 2256 668 2294 :
702 2238 789 2292 cui
816 2237 989 2310 gloria
1021 2239 1074 2293 in
1117 2238 1316 2295 saecula
1350 2238 1694 2294 saeculorum.
1730 2238 1924 2294 Amen.

2090 2237 2184 2308 τῆς
2225 2238 2463 2308 μεγάλης
2498 2236 2715 2290 συνόδου
2748 2236 2848 2305 τῆς
2878 2237 2935 2288 έν
2977 2235 3178 2306 Νικαίᾳ
3212 2234 3443 2305 γράμμα
3476 2231 3665 2302 βούλε-

398 2344 522 2381 ται·
560 2326 876 2399 Ὀμοούσιον
922 2324 1059 2382 εἶναι
1130 2327 1209 2400 τῷ
1251 2330 1426 2399 Πατρὶ
1469 2329 1560 2383 τὸν
1610 2330 1770 2383 Υίόνο
1819 2330 1911 2383 καὶ
1954 2330 2013 2383 τὸ
2053 2328 2310 2401 Πνεῦμα,
2362 2327 2441 2399 τῷ
2486 2329 2700 2398 Πατρὶ,
2749 2328 2842 2380 καλ⁵
2886 2326 2964 2397 τῷ
3022 2325 3135 2396 Υἱῷ
3192 2322 3602 2387 συνδοξάζεσθαι
3640 2341 3660 2359 ο

400 2417 533 2475 Θιδν
558 2418 810 2491 ἀληθινὸν
846 2419 936 2474 τὸν
965 2420 1093 2474 Υίδν
1137 2420 1231 2475 τοῦ
1265 2421 1399 2475 Θεοῦ
1443 2420 1844 2493 σεσαρκῶσθαι,
1882 2420 2240 2482 πεπονθέναι,
2287 2419 2614 2488 ἀναστῆναι,
2669 2419 2750 2479 είς
2798 2417 3057 2489 οὐρανοὺς
3107 2412 3665 2484 ἀνεληλυθέναι,ἦξειν

401 2508 591 2581 κριτὴν
622 2506 842 2574 ζώντων
866 2510 961 2564 καὶ
988 2511 1196 2579 νεκρῶν
1221 2528 1234 2542 ·
1271 2502 1315 2579 ᾧ
1341 2513 1374 2583 ἡ
1407 2511 1533 2578 δόξα
1576 2513 1656 2576 είς
1685 2513 1811 2575 τοὺς
1840 2511 2040 2573 αἰῶνας
2069 2510 2175 2563 τῶν
2205 2511 2417 2564 αἰώνων
2449 2510 2584 2580 (40).
2635 2509 2828 2581 Ἀμήν.

2161 2669 2270 2739 (38)
2314 2667 2404 2723 Sic
2427 2669 2557 2723 edit.
2593 2667 2770 2723 Paris.
2796 2674 2850 2722 et
2872 2666 3046 2739 Basil.
3072 2665 3128 2720 2.
3150 2665 3207 2739 In
3237 2663 3368 2739 edit.
3391 2663 3660 2739 Commel.

2086 2746 2141 2793 et
2170 2734 2233 2793 in
2254 2734 2492 2809 reliquis
2523 2755 2683 2800 mss.,
2722 2737 2925 2809 ἀκριϐῆ
2978 2738 3151 2793 deest.
3174 2734 3343 2790 Paulo
3368 2744 3512 2807 post,
3544 2734 3666 2792 An-

2087 2811 2240 2880 glic..
2268 2810 2363 2863 ml.
2389 2809 2490 2873 τὰς
2514 2810 2783 2872 αἰωνίους.

2158 2880 2268 2950 (39)
2309 2881 2664 2950 Anglicanus,
2695 2881 2724 2932 ό
2748 2880 2899 2943 Θεος.

2158 2946 2269 3019 (40)
2312 2946 2753 3019 δὶόΒοείΙὶεηείε
2788 2948 3084 3005 secundus.
3134 2950 3196 3004 In
3248 2948 3460 3004 caeteris
3505 2953 3560 3003 et
3603 2946 3665 3005 in

2086 3018 2259 3075 editis
2281 3018 2391 3075 τῶν
2420 3019 2630 3075 αἰώνων
2664 3022 2838 3076 deest.

477 2664 589 2738 (56)
632 2663 722 2721 Sic
739 2666 915 2738 Basil.
943 2667 997 2730 2,
1035 2672 1257 2724 rectius.
1292 2668 1485 2724 Caneri
1517 2678 1570 2723 et
1598 2670 1752 2735 editi,
1788 2670 1984 2738 ἐπιφα-

400 2736 705 2808 νεστέραις.
735 2736 878 2811 Infra
906 2738 1071 2794 Basil.
1102 2741 1154 2804 l,
1188 2739 1705 2811 προκατισχημένοι.
1740 2736 1982 2809 Anglic.,

403 2808 938 2879 npoxgtgoxqpévm.

475 2877 588 2946 (57)
629 2876 780 2949 nam;
821 2882 915 2934 καὶ
943 2879 1084 2949 οὐχί,
1127 2895 1301 2949 usque
1336 2878 1425 2944 ad,
1467 2878 1844 2948 ὑπεδεξάμεθα
1880 2896 1983 2949 se-

402 2962 599 3017 quens,
635 2947 1112 3006 desiderantur'in
1143 2947 1328 3016 editis,
1365 2948 1462 3007 sed
1489 2947 1765 3005 habentur
1791 2950 1846 3004 in
1875 2948 1983 3004 Ba-

406 3018 617 3077 siliensi
656 3019 833 3090 primo
865 3030 920 3077 et
950 3020 1274 3092 Anglicano.

410 3213 3641 3243 W

838 3370 1314 3434 ADMONITIO
1352 3374 1433 3435 IN
1469 3374 2111 3436 BEFUTATIONEM
2147 3372 2627 3435 HYPOCRISIS
2663 3371 3021 3445 MELETII,
3057 3371 3229 3432 ETC.

481 3558 544 3609 μοι
575 3539 782 3599 Nannii
811 3542 1245 3612 interpretatione
1271 3543 1565 3599 titulussic
1589 3544 1766 3609 habet,
1803 3543 2081 3600 Refutatio
2107 3553 2298 3599 contra
2339 3542 2655 3613 hypocrisin
2689 3540 2907 3607 Meletii,
2935 3539 3156 3597 Eusebii
3186 3548 3241 3595 et
3266 3539 3420 3595 Pauli
3479 3538 3669 3595 Samo-

403 3634 675 3703 satensis;
730 3636 972 3690 vitiatum
1002 3639 1189 3708 quippe
1216 3639 1445 3695 codicem
1476 3640 1826 3710 Anglicanam
1858 3650 2067 3694 secutus
2097 3639 2187 3693 ille
2213 3647 2292 3693 est
2319 3654 2338 3692 :
2373 3637 2623 3691 nimirum
2646 3677 2661 3703 ,
2688 3637 2842 3706 lapsu
2873 3634 3151 3705 cujusdam
3187 3636 3459 3696 scriptoris
3494 3635 3670 3705 primo

403 3731 634 3799 positum
681 3738 780 3795 est,
829 3731 924 3783 καὶ
970 3728 1249 3801 Εὑσέὸιον,
1282 3734 1375 3788 καὶ
1406 3732 1497 3786 τὸν
1526 3733 1867 3804 Σαμοσατέα,
1904 3742 1958 3785 ut

2093 3741 2179 3784 tur
2205 3732 2261 3784 in
2299 3728 2656 3799 superioribus
2716 3728 2880 3783 editis
2913 3746 2934 3784 :
2969 3734 3088 3789 hinc
3121 3735 3261 3789 alius
3307 3735 3669 3801 amanuensis,

404 3823 557 3877 illum
590 3820 1017 3878 Samosatensem
1050 3831 1201 3877 ratus
1230 3839 1343 3878 esse
1372 3822 1605 3876 Paulum
1635 3822 1980 3878 haresiarcha

2101 3832 2288 3875 temere
2310 3821 2556 3885 inseruit,
2580 3822 2677 3875 uoti.
2709 3822 2919 3877 Παῦλον
2948 3826 3038 3879 τὸν
3072 3826 3484 3897 Σαμοσατέα,ιιε
3516 3825 3669 3880 habe-

406 3924 494 3968 tur
525 3915 577 3968 in
608 3912 901 3984 Anglicano
943 3912 1137 3967 codice.
1168 3914 1237 3967 At
1279 3912 1553 3985 legendum
1584 3929 1696 3967 esse
1737 3913 1845 3966 τῶν
1885 3930 1980 3984 περ

2090 3912 2302 3965 [ελέτιον
2329 3910 2425 3965 καὶ
2461 3911 2721 3965 Εύσέὸιον
2748 3914 2839 3966 τὸν
2871 3916 3210 3987 Σαμοσατέα,
3239 3935 3352 3972 cum
3386 3934 3451 3973 ex
3475 3934 3669 3972 manu—

406 4006 615 4073 scriptis
647 4005 756 4074 fere
783 4004 1055 4067 'omnibus,
1088 4015 1200 4057 tum
1224 4016 1289 4056 ea:
1324 4011 1468 4055 recta
1497 4001 1735 4056 historiw
1761 4003 1896 4055 serie
1921 4010 2151 4054 constat.
2178 3999 2340 4069 Carpi
2359 4001 2497 4053 enim
2513 4000 2611 4054 hoc
2638 4001 2751 4054 loco
2775 4000 2996 4071 Meletii,
3023 4006 3237 4061 Eusebii
3257 4006 3670 4069 Sumosatensis,

406 4108 815 4169 creterorumque
861 4097 1153 4153 Antiochia:
1200 4106 1503 4152 coactorum
1541 4097 1900 4165 episcoporum
1932 4096 2211 4160 epistolam
2255 4097 2324 4150 ad
2356 4094 2643 4150 Jovianum
2673 4098 3043 4166 imperatorem
3082 4115 3220 4152 anno
3269 4098 3375 4153 565
3416 4100 3670 4160 scriptam

410 4190 548 4244 nulli
576 4191 881 4262 ambiguum
909 4194 1033 4258 erit,
1062 4211 1179 4248 eam
1204 4195 1487 4263 epistolam
1520 4195 1661 4263 apud
1698 4193 1971 4249 Socratem
2002 4195 2302 4264 inspicienti
2333 4209 2353 4248 :
2385 4195 2538 4265 cujus
2567 4206 2772 4265 partem
2805 4196 2889 4250 hic
2919 4213 3180 4267 apponere
3210 4197 3389 4251 visum’
3404 4205 3482 4251 est
3507 4213 3525 4250 :
3559 4198 3670 4267 Τῆς

408 4280 568 4349 ἀγίας
595 4283 814 4338 συνόδου
839 4285 935 4356 τῆς
972 4287 1031 4338 ὲν
1070 4285 1275 4357 Νικαίᾳ
1304 4286 1471 4340 πάλαι
1504 4285 1969 4357 συγκροτηθείσης
2005 4285 2102 4356 τὴν
2136 4285 2318 4338 πίστιν
2344 4287 2438 4340 καὶ
2472 4286 2845 4357 ἀποδεχόμεθα
2880 4289 2973 4341 καὶ
3008 4289 3308 4358 κατέχομεν
3333 4305 3345 4317 ·
3385 4287 3544 4341 ὁπότε
3576 4287 3670 4342 καλ

406 4372 468 4425 τὸ
498 4373 685 4428 δοκοῦν
710 4378 769 4429 ὲν
793 4376 929 4448 αὐτῇ
955 4374 1101 4441 ξένον
1122 4394 1262 4430 τισιν
1288 4377 1475 4445 ὄνομα,
1500 4379 1561 4431 τὸ
1581 4376 1676 4429 τοῦ
1702 4380 2029 4446 όμυουσίου
2060 4376 2259 4447 φαμὲν,
2290 4375 2565 4445 ἀσφαλοῦς
2586 4378 2849 4449 τετύχηκε
2883 4380 3033 4452 παρά
3061 4383 3172 4443 τοῖς
3199 4380 3468 4453 πατράσιν
3500 4381 3674 4453 ἑρμη-

407 4462 576 4525 νείας,
621 4467 1009 4536 σημαινούσης,
1044 4467 1127 4519 ὄτι
1157 4467 1222 4519 ἐκ
1254 4467 1352 4537 τῆς
1385 4466 1571 4529 οὐσίας
1601 4465 1695 4519 τοῦ
1728 4466 1941 4539 Πατρὸς
1972 4469 2000 4519 ὁ
2055 4466 2180 4529 Υἱὺς
2214 4465 2497 4537 ἐγεννήθη,
2525 4468 2619 4520 καὶ
2647 4468 2729 4520 ὅτι
2756 4470 2940 4538 ὅμοιος
2979 4473 3098 4525 κατ’
3126 4472 3314 4526 οὑσίαν
3356 4471 3434 4543 τῷ
3463 4472 3671 4544 Πατρίσ

407 4552 531 4608 οὔτε
561 4556 619 4610 δὲ
648 4556 723 4619 ὡς
744 4556 951 4620 πάθους
986 4559 1130 4622 τινὸς
1157 4558 1285 4631 περὶ
1315 4560 1413 4630 τὴν
1447 4560 1684 4631 ἆρῤητον
1707 4559 1960 4630 γέννησιν
1985 4559 2387 4627 ὲπινοουμένου,
2418 4558 2538 4612 οὔτε
2565 4561 2705 4614 κατά
2731 4578 2850 4615 τινα
2882 4564 3075 4635 χρῆσιν
3114 4565 3432 4639 Ἑλληνικὴν
3454 4566 3675 4637 λαμϐά-

408 4663 557 4702 νεται
583 4652 697 4714 τοῖς
723 4650 974 4722 ’πατράσι
1003 4651 1064 4704 τὸ
1109 4652 1279 4722 ὄνομα
1324 4653 1422 4722 τῆς
1469 4651 1681 4715 οὐσίας,
1717 4654 1797 4714 εἰς
1845 4651 1977 4705 ἀνατ

2090 4652 2154 4724 ὴν
2205 4651 2261 4704 δὲ
2290 4652 2407 4715 τοῦ,
2446 4651 2548 4716 Ἐξ
2588 4656 2698 4706 οὐκ
2728 4654 2919 4722 ὄντος.
2963 4677 2981 4709 ι
3011 4658 3225 4715 Sancta:
3258 4661 3450 4733 synodi
3479 4660 3675 4717 Nicaea:

408 4745 616 4803 coactae
659 4737 819 4794 ﬁdem
854 4741 1195 4799 admittimus
1219 4746 1649 4815 retinemusque.
1690 4743 1752 4797 Si
1781 4742 1999 4812 quidem
2031 4758 2227 4797 nomen
2260 4743 2730 4799 consubstantialis
2781 4746 2855 4800 ibi
2891 4747 3209 4821 admissum,
3245 4751 3392 4823 quod
3429 4752 3677 4809 insolens

408 4835 736 4907 quibusdam
782 4836 960 4893 visum
993 4846 1110 4901 'est.
1148 4850 1308 4895 cauta
1361 4840 1814 4912 interpretatione
1860 4856 1889 4894 a
1924 4838 2180 4895 Patribus
2214 4849 2298 4895 est
2320 4841 2683 4909 explicatum;
2725 4842 2798 4896 ita
2829 4851 2889 4897 ut
2921 4830 3210 4914 signiticet,
3234 4861 3303 4901 ex
3325 4845 3503 4900 Patris
3532 4844 3674 4899 sub-

410 4933 609 4990 Stantia
652 4930 849 4985 Filium
890 4946 1014 4991 esse
1044 4937 1309 5006 genitum,
1330 4953 1564 5006 eumque
1589 4936 1897 4992 substantia
1930 4934 2110 4991 Patris
2136 4950 2259 4990 esse
2294 4936 2527 4989 similem
2564 4953 2576 4989 :
2613 4952 2722 4990 non
2753 4935 2911 5007 quasi
2937 4939 3121 5008 passio
3150 4944 3394 5009 quaedam
3425 4939 3480 4993 in
3509 4954 3678 5009 gene-

407 5029 621 5084 ratione
651 5030 743 5083 illa
777 5029 1036 5086 ineffabili
1085 5034 1441 5106 intelligatur,
1474 5051 1652 5105 neque
1682 5050 1783 5090 usu
1807 5034 2044 5090 ouodam
2074 5033 2247 5088 Graeci
2275 5032 2547 5087 sermonis
2573 5033 2895 5090 substantia:
2922 5047 3121 5089 nomen
3155 5047 3185 5086 a
3216 5031 3470 5087 Patribus
3516 5048 3679 5087 usur-

408 5130 602 5191 patur;
637 5121 734 5176 sed
758 5122 827 5176 ad
853 5123 1267 5179 subversionem
1301 5126 1445 5181 illius
1480 5126 1635 5188 dicti,
1673 5124 1755 5178 Ea:
1777 5142 1878 5179 non
1907 5125 2257 5179 exstantibus.
2297 5142 2317 5175 ι
2344 5124 2474 5178 Ilaec
2513 5140 2740 5179 maxime
2762 5125 2935 5188 verba,
2964 5126 3241 5180 Catholica
3262 5141 3407 5189 sane,
3435 5133 3492 5177 ut
3520 5142 3673 5179 nemo

407 5223 492 5269 eat
520 5214 751 5283 inﬁcias,
799 5214 868 5267 ad
898 5228 1196 5284 suspectum
1241 5227 1289 5271 et
1320 5235 1540 5288 pravum
1587 5235 1797 5273 sensum
1826 5218 2133 5289 detorquere
2165 5219 2517 5289 nequidquam
2542 5230 2771 5274 conatur
2793 5222 3019 5292 scriptor
3048 5223 3164 5276 iste.
3194 5222 3327 5288 Qua:
3350 5238 3477 5275 sane
3505 5237 3677 5277 causa

410 5299 508 5367 fuit
564 5310 621 5353 ut
673 5318 707 5354 a
749 5302 919 5356 doctis
942 5304 1066 5357 viris
1099 5303 1328 5360 Paulino
1356 5316 1467 5360 tum
1526 5306 2133 5372 Ecclesiadntiochenw
2162 5318 2367 5377 partem
2408 5310 2707 5375 occupanti,
2748 5320 2840 5363 aut
2874 5311 3085 5365 cuidam
3123 5327 3190 5365 ea:
3221 5313 3531 5381 sequacibus
3553 5311 3674 5381 ejus

409 5395 731 5450 ascribatur.
768 5396 923 5463 Quod
954 5400 1059 5453 veri
1096 5401 1230 5454 satis
1261 5401 1437 5455 simile
1478 5412 1577 5464 est,
1602 5419 1723 5455 cum
1752 5413 1954 5457 certum
1982 5403 2119 5457 alias
2151 5403 2220 5457 sit
2252 5401 2603 5459 Paulinianos
2636 5405 2751 5460 ideo
2777 5424 2811 5460 a
2842 5405 3039 5462 Meletii
3069 5407 3433 5462 communione
3458 5395 3675 5463 avulsas

408 5502 543 5555 esse,
576 5486 716 5558 quod
744 5489 857 5559 ejus
891 5499 1186 5559 suspectam
1220 5491 1468 5547 haberent
1497 5494 1679 5565 ﬁdem.

479 5604 544 5662 ll.
590 5608 846 5679 Quisquis
879 5619 1056 5663 tamen
1092 5612 1161 5664 sit
1187 5611 1345 5686 hujus
1380 5615 1622 5683 opusculi
1652 5624 1863 5679 auctor,
1897 5614 2101 5669 videtur
2134 5630 2237 5668 non
2266 5630 2379 5669 esse
2405 5614 2773 5678 Athanasius;
2809 5614 3065 5684 siquidem
3095 5614 3229 5667 hanc
3257 5614 3347 5667 ille
3376 5612 3675 5667 doctrinam

409 5702 600 5773 probat
633 5707 689 5759 in
720 5704 855 5760 libro
886 5705 962 5761 De
991 5705 1237 5777 synodis,
1272 5722 1418 5760 num.
1446 5705 1538 5767 41,
1568 5705 1655 5758 ubi
1682 5705 1824 5761 clare
1855 5708 1980 5760 innu

2090 5705 2583 5776 οεειηόμοιοούσιον
2603 5706 2779 5777 (quam
2814 5706 3085 5775 impugnat
3115 5704 3271 5772 hujus
3297 5701 3538 5769 opusculi
3565 5699 3672 5753 edi-

415 5794 518 5867 ιον)
547 5796 690 5863 piant
724 5811 857 5877 esse,
890 5812 981 5850 nec
1007 5807 1183 5867 tamen
1205 5798 1439 5884 sufﬁcere
1470 5797 1538 5851 ad
1568 5796 1770 5854 Christi
1810 5799 2199 5866 generationem
2229 5799 2646 5873 explanmtdam,
2673 5805 2988 5869 quapropter
3017 5794 3315 5851 addendam
3348 5810 3459 5850 esse
3500 5808 3672 5861 soccus

216 6112 431 6164 ‘,
