3890 6186
211 303 278 360 87
1410 309 1467 365 S.
1509 308 1970 366 ATHA‘NASIUS.
2011 341 2080 353 -—
2116 310 2345 367 DUBIA.
3405 314 3482 366 88

214 417 317 473 Ubi
344 431 508 488 porro
532 415 721 472 eadem
755 417 873 487 ipsa
898 424 983 473 est
1008 416 1343 484 substantia,
1372 419 1448 476 ibi
1481 422 1790 477 substantia

1896 397 2067 488 οὕτως
2090 422 2222 494 (47),
2246 426 2274 477 6
2301 423 2359 477 δὲ
2390 422 2591 495 Κύριος
2613 423 2642 477 6
2670 422 2831 485 αὐτὸς
2858 422 2977 477 ἀεί·
3010 424 3105 477 καὶ
3133 424 3193 476 οὐ
3224 426 3349 476 ποτὲ
3379 427 3483 489 μὲν

213 525 322 564 non
355 508 592 579 prolicit,
621 524 724 565 nec
772 508 1014 564 admittit
1068 510 1269 579 majus,
1307 511 1391 566 vel
1444 513 1648 576 minus,
1698 514 1793 571 sed

214 593 451 647 hominis
483 594 616 648 illud
643 600 726 649 est
755 610 773 647 :
814 599 870 647 at
925 592 1192 650 Dominus
1236 594 1378 650 idem
1413 612 1630 666 semper
1678 600 1795 668 ipse

211 692 319 747 est,
344 699 446 739 nec
478 686 641 741 modo
671 685 872 748 minor,
910 685 1072 740 modo
1124 686 1323 755 major,
1377 694 1567 758 utpote
1603 688 1744 745 Deus
1777 708 1790 743 :

219 790 237 822 ι
274 770 460 839 Jesus,
491 793 510 826 ι
559 774 759 844 inquit,
800 794 819 827 ι
858 775 974 830 heri
1014 784 1068 831 et
1120 776 1300 843 hodie,
1338 776 1456 848 ipse
1481 786 1536 833 et
1594 781 1650 834 in
1693 796 1796 835 saa-

214 864 340 918 cula
364 867 403 918 ¹.
447 884 466 916 ι
499 864 603 931 Qui
632 866 798 936 igitur
832 865 967 920 illud
1004 864 1143 920 Filio
1179 866 1397 930 adimit,
1433 867 1579 937 quod
1604 869 1673 923 sit
1701 869 1796 923 Pa-

215 956 284 1010 tri
316 956 832 1029 consubstantialis,
856 957 1203 1025 similemque
1253 958 1433 1029 ipsum
1493 958 1590 1025 ait,
1624 958 1792 1013 Deum

215 1047 370 1102 illum
407 1062 530 1103 esse
555 1056 733 1119 negat.
771 1046 1168 1121 Similiterque,
1200 1052 1296 1121 qui
1325 1054 1796 1110 consubstantiale

214 1140 424 1207 deﬁnit,
454 1151 515 1197 ut
557 1145 866 1198 substantia
900 1145 1100 1208 simile,
1143 1145 1191 1201 is
1219 1145 1445 1199 alteram
1495 1146 1616 1217 ejus
1664 1147 1796 1202 sub-

215 1231 475 1285 stantiam
512 1230 741 1297 inducit,
778 1230 997 1303 Deoque
1031 1233 1265 1290 similem
1298 1233 1519 1291 factam.
1552 1234 1672 1289 Non
1692 1237 1798 1289 ita-

214 1338 323 1394 que
371 1323 461 1378 ille
500 1331 902 1395 consequenter
947 1326 1024 1380 ait
1071 1341 1197 1382 eum
1222 1342 1346 1383 esse
1386 1342 1454 1383 ex
1491 1328 1795 1383 substantia

215 1413 413 1477 Patris,
445 1428 570 1468 cum
592 1415 1116 1472 consubstantialem
1139 1432 1251 1474 non
1272 1419 1503 1487 sentiat;
1534 1420 1797 1491 quemad-

215 1505 438 1561 modum
473 1513 559 1561 est
586 1506 751 1560 homo
783 1507 969 1577 quiex
1002 1510 1243 1567 hominis
1271 1511 1582 1567 substantia
1619 1512 1798 1584 gigni-

218 1605 330 1655 tur.
363 1597 521 1664 Quod
556 1599 603 1654 si
636 1598 810 1655 Filius
837 1616 902 1656 ex
936 1600 1047 1657 Deo
1073 1618 1186 1658 non
1216 1611 1301 1660 est
1334 1604 1636 1660 secundum
1667 1607 1799 1661 sub-

220 1691 502 1758 stantiam,
534 1693 997 1763 quemadmodum
1021 1695 1184 1750 homo
1203 1712 1272 1751 ex
1298 1696 1540 1763 homine,
1582 1698 1679 1753 sed
1722 1698 1799 1754 si-

1894 512 2094 584 ἥττων,
2136 514 2266 568 ποτὲ
2308 513 2367 567 δὲ
2402 515 2625 585 μείζων,
2651 514 2728 578 ὡς
2752 514 2885 578 Θεός
2909 530 2923 545 ο
2965 533 2984 565 ι
3028 513 3255 584 Ἰησοῦς,
3288 516 3479 585 φησιν,

1894 605 2021 676 χθὲς
2062 608 2155 661 καὶ
2192 609 2428 679 σήμερον
2453 609 2482 661 6
2511 607 2673 672 αὐτὸς
2700 607 2793 662 καὶ
2818 609 2898 672 είς
2931 606 3057 669 τοὺς
3090 605 3313 670 αἰῶνας.
3353 626 3371 658 ι
3415 608 3482 660 '0

1893 698 2074 752 τοίνυν
2110 699 2368 772 ἀναιρῶν,
2398 698 2459 754 τδ
2493 695 2630 754 εἶναι
2668 699 2759 753 τὸν
2799 700 2925 754 Υίδν
2953 700 3237 771 ὁμοούσιον
3265 700 3343 770 τῷ
3367 701 3484 754 Πα-

1894 791 2006 863 τρὶ,
2035 791 2208 860 λέγων
2240 791 2297 845 δὲ
2325 793 2532 863 ὅμοιον,
2561 793 2778 864 ἀναιρεῖ
2814 792 2874 846 τὸ
2914 788 3051 846 εἶναι
3088 792 3239 847 Θεόν.
3285 791 3480 845 Ὠσαύ-

1894 903 2003 950 τως
2035 886 2093 940 δὲ
2135 887 2229 940 καὶ
2263 887 2292 939 6
2334 884 2700 957 ἐξηγούμενος
2737 885 2799 938 τὸ
2841 884 3143 956 ὁμοούσιον,
3184 884 3261 948 ὡς
3292 886 3480 955 ὅμοιον

1894 981 1962 1052 τῇ
1991 979 2166 1051 οὐσίᾳ,
2194 978 2388 1050 ἑτέραν
2425 978 2523 1050 τὴν
2551 977 2739 1031 οὐσίαν
2764 977 2930 1047 λέγει,
2966 976 3086 1047 Θεῴ
3117 977 3173 1029 δὲ
3205 974 3480 1047 ὁμοιωμέ-

1895 1089 2013 1143 νην.
2048 1072 2121 1125 Οὐ
2156 1072 2336 1125 τοίνυν
2356 1070 2477 1123 οὐδὲ
2505 1070 2565 1123 τὸ
2595 1072 2659 1125 ἐκ
2704 1071 2801 1141 τῆς
2839 1069 3023 1133 οὐσίας
3072 1064 3211 1121 εἶναι
3244 1067 3477 1139 πρεπόνο

1895 1180 2005 1226 τως
2047 1161 2217 1231 λέγει,
2260 1162 2333 1234 μὴ
2379 1162 2593 1235 φρονῶν
2631 1160 2935 1233 ὁμοούσιον,
2982 1160 3058 1223 ὡς
3095 1158 3380 1231 ἄνθρωπος
3412 1159 3480 1211 ὲκ

1895 1255 1995 1325 τῆς
2020 1252 2305 1326 ἀνθρώπου
2340 1255 2550 1317 οὐσίας.
2582 1253 2644 1305 El
2668 1252 2724 1306 δὲ
2760 1251 2854 1323 μὴ,
2888 1251 2965 1316 ὡς
2992 1250 3276 1321 ἄνθρωπος
3304 1248 3363 1314 ἐξ
3386 1250 3478 1302 ἀν-

1898 1340 2115 1413 θρώπου
2163 1344 2283 1395 κατ’
2328 1341 2536 1406 οὐσίαν,
2572 1342 2635 1394 ἐκ
2684 1340 2818 1394 Θεοῦ
2866 1343 2894 1393 6
2937 1340 3084 1403 Υἱὸς,
3134 1339 3253 1394 ἀλλ’
3300 1340 3377 1403 ὡς
3419 1340 3480 1391 ὲν

1896 1431 2223 1503 ὁμοιώματι,
2251 1433 2502 1506 καθάπερ
2529 1433 2750 1505 ἀνδριὰς
2784 1431 3078 1505 ἀνθρώπῳ,
3103 1432 3135 1503 ἢ
3162 1431 3237 1495 ὼς
3265 1430 3479 1502 ἄνθρω-

1900 1544 1999 1590 πος
2033 1525 2183 1597 Θεῷ·
2216 1525 2375 1596 δῆλός
2405 1528 2552 1580 ἐστιν
2587 1528 2616 1579 6
2644 1524 2884 1588 τοιοῦτος
2916 1523 3200 1596 ὀμοούσιον
3234 1523 3340 1595 (48)
3378 1522 3480 1593 μὲν

1898 1618 2093 1687 λέγων,
2127 1619 2411 1691 ὁμοούσιον
2455 1618 2513 1672 δὲ
2560 1619 2621 1672 οὐ
2651 1617 2894 1689 φρονῶψ
2936 1618 2997 1671 οὐ
3039 1618 3148 1688 γὰρ
3193 1614 3337 1670 κατά
3380 1614 3481 1685 τὴν

1903 1711 2189 1783 συνήθειαν
2238 1708 2484 1781 βούλεται
2535 1709 2594 1763 τὸ
2641 1709 2925 1781 ὀμοούσιον
2972 1707 3284 1771 ἀκούεσθαι,
3339 1707 3480 1778 ὅπερ

213 1781 525 1838 militudine
550 1784 810 1854 quadam,
842 1794 901 1840 ut
926 1795 1109 1842 statua
1144 1788 1353 1843 homini
1384 1798 1466 1845 est
1489 1789 1707 1854 similis,
1739 1799 1790 1845 et

1896 1781 2063 1860 ἐστὶν,
2081 1802 2173 1854 ἐπὶ
2203 1803 2330 1872 μιᾶς
2356 1800 2465 1871 (49)
2490 1800 2584 1854 καὶ
2613 1799 2713 1870 τῆς
2736 1799 2906 1870 αὐτῆς
2933 1797 3141 1861 οὐσίας,
3165 1796 3303 1850 ἀλλά
3328 1796 3479 1867 παρά

213 1881 276 1929 ut
301 1872 465 1930 homo
492 1873 642 1943 Deo;
675 1878 853 1946 palam
897 1888 1047 1934 certe
1108 1888 1193 1935 est
1240 1895 1367 1936 eum
1398 1882 1490 1952 qui
1537 1881 1616 1938 sic
1667 1897 1794 1938 sen-

214 1966 338 2032 tiat,
392 1968 923 2024 consubstantialem
975 1970 1202 2027 minime
1249 1972 1455 2029 sentire
1492 1988 1505 2024 :
1540 1988 1649 2028 non
1678 1975 1794 2028 vult

212 2061 414 2131 quippe
438 2060 530 2115 ille
560 2062 1037 2119 consubstantiale
1068 2080 1169 2136 pro
1202 2080 1355 2121 more
1370 2074 1425 2122 et
1458 2068 1791 2138 usu~accipi,

215 2151 283 2208 de
323 2168 431 2208 una
472 2152 682 2210 scilicet
707 2162 761 2210 et
805 2156 992 2212 eadem
1031 2157 1363 2225 substantia,
1394 2158 1491 2214 sed
1540 2167 1601 2213 ut
1653 2162 1795 2212 mala

217 2246 293 2299 uti
328 2254 503 2317 possnt
556 2247 1025 2317 interpretatione,
1073 2248 1323 2305 Graecam
1362 2265 1554 2306 vocem
1593 2258 1793 2321 prater

216 2338 670 2395 consuetudinem
729 2349 958 2411 usurpat
1009 2341 1603 2414 ὀμοούσιον,ἠοιηρο,
1670 2358 1794 2415 quae

220 2447 327 2486 non
359 2447 463 2502 pro
488 2432 593 2490 alia
641 2447 704 2487 re
749 2434 895 2504 apud
959 2432 1180 2492 Graecos
1229 2438 1506 2501 usuvenit,
1530 2451 1692 2507 quam
1725 2436 1794 2491 ad

215 2523 464 2579 eamdem
494 2530 750 2579 naturam
795 2525 1206 2584 declarandam.
1250 2543 1414 2598 quam
1462 2528 1792 2584 credendum

213 2624 301 2672 est
328 2631 454 2672 esse
483 2617 541 2670 in
583 2614 770 2682 Patre,
809 2625 865 2672 et
898 2616 1058 2683 Filio,
1087 2627 1141 2674 et
1199 2619 1407 2690 Spiritu
1436 2628 1649 2675 sancto.
1677 2619 1791 2684 llle,

215 2706 461 2778 inquam,
498 2722 606 2763 una
645 2710 1272 2766 consubstantialitatem
1317 2714 1533 2776 evertit,
1577 2727 1793 2767 vocem-

214 2814 323 2869 que
342 2800 665 2855 substantize
716 2802 906 2872 sp'urie
940 2810 1189 2872 usurpat,
1223 2800 1352 2857 dum
1407 2818 1527 2857 eam
1581 2804 1793 2873 cogitat

212 2906 337 2948 esse
361 2907 521 2963 opus,
550 2908 661 2948 non
684 2909 816 2950 vero
842 2894 1030 2951 fetum.
1085 2894 1317 2965 Ideoque
1360 2910 1547 2950 vocem
1598 2896 1795 2965 impas-

214 2982 460 3046 sibiliter,
480 2985 676 3041 callide
700 2986 924 3057 adjicit;
956 3002 1065 3042 non
1089 2997 1149 3042 ut
1174 2988 1445 3057 passionis
1464 2988 1792 3042 calumniam

213 3077 322 3149 25
361 3077 635 3135 dimoveat
659 3097 675 3149 ;
707 3081 832 3151 quis
860 3081 1006 3136 enim
1030 3079 1200 3136 Deum
1224 3082 1560 3151 passibilem,
1596 3081 1680 3136 vel
1709 3080 1792 3135 di-

213 3181 341 3226 cere
372 3171 558 3227 ausit?
588 3171 684 3228 sed
715 3179 775 3226 ut
808 3171 1012 3228 factum
1034 3189 1102 3228 ex
1150 3171 1260 3228 Deo
1292 3172 1464 3237 dicat,
1501 3189 1601 3227 nec
1636 3173 1787 3242 geni-
1819 3154 1863 3213 (ἶ

213 3268 332 3317 tum
357 3277 426 3318 ex
456 3260 569 3318 Deo
602 3265 946 3335 processisse
993 3263 1231 3319 fateatur
1265 3265 1459 3335 :quasi
1511 3266 1791 3335 processio

213 3354 529 3425 huiusmodi
553 3356 800 3428 passioni
824 3357 897 3412 sit
920 3358 1179 3423 obnoxia,
1218 3358 1675 3429 quemadmodum
1706 3358 1792 3413 di-

212 3459 339 3500 cere
366 3444 543 3501 solent
570 3446 665 3516 qui
717 3448 1127 3517 processionem
1166 3463 1234 3503 ex
1279 3449 1588 3503 substantia
1632 3447 1790 3518 quasi

212 3536 527 3608 passionem
570 3550 838 3610 respuunt
871 3554 886 3591 :
916 3555 1082 3611 quam
1134 3555 1265 3595 vero
1325 3548 1522 3594 vocant
1554 3557 1619 3595 ex
1660 3539 1792 3595 sub-

214 3627 416 3684 stantia
447 3627 738 3694 facturam,
771 3631 931 3701 quasi
957 3632 1217 3701 passione
1250 3631 1477 3686 liberam
1520 3646 1793 3686 commcn-

212 3718 365 3775 dant.
390 3718 716 3793 Quanquam
740 3722 952 3781 factura
989 3725 1132 3794 ipsa,
1164 3725 1209 3780 si
1240 3724 1481 3778 humano
1528 3738 1678 3778 more
1706 3723 1791 3777 in-

211 3812 511 3885 telligatur,
552 3822 607 3869 et
629 3822 837 3871 motum
869 3815 1087 3880 habeat,
1118 3824 1174 3872 et
1200 3831 1269 3870 ex
1315 3824 1464 3870 motu
1491 3815 1732 3870 laborem
1772 3831 1785 3865 :

210 3920 336 3977 quae
358 3920 492 3961 sane
520 3906 588 3962 ab
612 3907 808 3979 opiﬁce
838 3907 947 3964 Deo
972 3909 1149 3964 aliena
1183 3917 1332 3965 sunt.
1357 3909 1610 3964 Attamen
1662 3907 1790 3961 licet

210 4013 311 4072 per
331 3998 646 4069 bujusmodi
703 4002 1167 4071 explanationem,
1211 4001 1617 4073 processionem
1667 3998 1788 4055 Filii

209 4090 372 4161 quasi
405 4091 809 4160 generationem
855 4092 1248 4163 impassibilem
1307 4091 1632 4164 intelligant,
1667 4090 1792 4162 Spi-

210 4181 376 4237 ritum
440 4197 574 4239 sane
632 4197 664 4237 a
710 4180 871 4239 Patre
912 4195 965 4241 et
1024 4183 1163 4240 Filio
1207 4185 1444 4239 alienum
1493 4193 1786 4240 statuunt:

210 4271 652 4344 quandoquidem
680 4290 791 4331 non
819 4277 1158 4348 generat-ioni
1201 4277 1398 4333 similis
1423 4276 1543 4347 ejus
1569 4291 1790 4347 proces-

211 4367 441 4448 sio‘est,
496 4369 587 4424 sed
651 4370 960 4439 spirationi,
1006 4371 1265 4426 nimirum
1309 4371 1381 4426 ob
1420 4368 1786 4441 partleipandi

212 4458 459 4523 modum,
485 4460 644 4531 quasi
672 4462 882 4517 scilicet
905 4462 1085 4518 elllatu
1113 4463 1351 4534 quodam
1398 4479 1465 4518 cx
1523 4478 1617 4517 ore
1660 4478 1786 4533 pro-

1895 1893 1995 1963 τὴν
2018 1891 2304 1963 συνήθειαν
2323 1908 2336 1921 ·
2371 1890 2465 1944 καὶ
2490 1892 2577 1945 ἵνα
2609 1890 2865 1962 διαϐάλλῃ
2896 1891 3120 1961 ταύτην,
3160 1889 3480 1962 Ἑλληνικὴν

1898 1981 2054 2052 ρἧιν
2087 1980 2387 2051 είρηκέναι,
2416 1978 2479 2031 τὸ
2510 1977 2793 2049 ὁμοούσιον
2828 1978 2981 2050 ῥῆμα
3004 1977 3099 2031 τοῦ
3133 1979 3191 2030 ὲν
3222 1976 3480 2046 Ἕλλησιν

1896 2071 2050 2135 ἔθους
2078 2072 2163 2126 ἐπ’
2190 2070 2365 2124 οὐδενὶ
2393 2070 2564 2141 ἑτέρῳ
2593 2070 2865 2140 κείμενον,
2896 2070 2929 2140 ἢ
2955 2069 3048 2122 ἐπὶ
3074 2068 3153 2139 τῷ
3183 2068 3281 2140 τὴν
3307 2068 3482 2138 αὐτὴν

1898 2163 2059 2234 φύσιν
2091 2162 2440 2235 παραστῆσαι
2460 2177 2473 2191 ⁸
2509 2163 2646 2232 ὅπερ
2674 2161 2754 2214 δεῖ
2786 2160 3072 2214 πιστεῦσαι
3101 2160 3195 2214 ἐπὶ
3240 2159 3480 2230 Πατρὺς,

1896 2257 1995 2309 καὶ
2038 2254 2191 2319 Υίοῦ,
2238 2255 2332 2308 καὶ
2375 2254 2531 2322 ἁγίου
2586 2252 2924 2324 Πνεύματος.
2970 2253 3123 2323 ’Ἅμα
3168 2269 3230 2305 τε
3272 2247 3367 2305 οὖν
3416 2249 3482 2303 τὺ

1893 2348 2176 2421 ὀμοούσιον
2202 2345 2356 2411 οὗτος
2394 2347 2670 2419 ἐκτρέπει,
2701 2347 2795 2400 καὶ
2836 2346 2900 2399 τὸ
2935 2345 3035 2416 τῆς
3080 2346 3269 2408 οὐσίας
3307 2342 3481 2408 νόθως

1894 2441 2177 2513 ὀνομάξειι
2209 2442 2285 2504 ὡς
2325 2441 2485 2513 ἔργον
2516 2440 2672 2504 νοῶν,
2713 2440 2812 2508 οὐχ
2850 2438 2925 2502 ὼς
2959 2439 3226 2509 γέννημα,
3267 2436 3363 2490 καὶ
3388 2436 3482 2492 διὰ

1893 2533 2052 2586 τοῦτο
2095 2533 2187 2586 καὶ
2226 2532 2287 2585 τὸ
2311 2531 2555 2596 ἀπαθῶς
2598 2531 2921 2602 προστίθησι
2956 2530 3227 2594 πιθανῶς·
3256 2531 3357 2601 οὐχ
3388 2531 3480 2585 ἵνα

1896 2625 2099 2688 πάθους
2124 2624 2297 2697 ἀφέλῃ
2326 2623 2605 2695 διαὸολήνο
2640 2624 2723 2687 τίς
2757 2625 2866 2695 γὰρ
2895 2625 2988 2677 καὶ
3027 2625 3174 2692 λέγει
3207 2623 3342 2677 Θεοῦ
3368 2623 3481 2677 πά-

1896 2718 2016 2783 θος;
2047 2718 2161 2771 ἀλλ’
2188 2718 2275 2771 ἵνα
2301 2716 2518 2786 ποιητὸν
2545 2718 2606 2769 ὲκ
2648 2716 2783 2769 Θεοῦ
2809 2716 2961 2788 λέγῃ,
2994 2718 3089 2770 καὶ
3119 2716 3193 2788 μὴ
3218 2716 3481 2788 γεννητὸν

1895 2813 1959 2864 ὲκ
1985 2808 2120 2863 Θεοῦ
2149 2809 2576 2881 προεληλυθότα’
2604 2807 2679 2871 ὡς
2703 2808 2801 2878 τῆς
2822 2808 3077 2879 τοιαύτης
3106 2808 3331 2879 προόδου
3373 2825 3483 2861 πα-

1896 2902 2123 2973 θητικῆς
2159 2902 2324 2972 οὔσης
2347 2918 2359 2931 '
2393 2901 2533 2954 καθὰ
2564 2900 2619 2952 δὲ
2651 2899 2831 2968 λέγειν
2875 2898 3130 2952 εἰώθασιν
3158 2901 3207 2953 οἱ
3246 2899 3346 2971 τὴν
3378 2900 3482 2970 μὲν

1896 2996 1962 3047 ὲκ
1994 2996 2090 3065 τῆς
2130 2993 2316 3056 οὐσίας
2343 2992 2567 3063 πρόοδον
2595 2992 2669 3055 ὡς
2705 2991 2875 3054 πάθος
2905 2991 3279 3056 ἐκϐάλλοντες,
3322 2992 3392 3061 ἢν
3418 2990 3481 3043 δὲ

1896 3087 2142 3154 λέγουσιν
2172 3086 2234 3137 ὲκ
2263 3084 2361 3152 τῆς
2392 3084 2578 3145 οὐσίας
2609 3082 2828 3152 ποίησιν
2858 3080 2932 3144 ὡς
2970 3083 3153 3154 ἀπαθῆ
3190 3081 3485 3135 συνιστῶν-

1894 3196 2004 3242 τες.
2033 3177 2241 3246 Ὥσπερ
2272 3175 2382 3247 (50)
2409 3176 2456 3227 εί
2489 3175 2581 3227 καὶ
2605 3177 2703 3245 τῆς
2736 3174 3023 3244 ποιήσεως,
3048 3176 3096 3226 εί
3119 3170 3482 3244 ἀνθρωπίνως

1892 3268 2237 3339 λαμϐάνοιτο,
2262 3266 2471 3337 κίνησιν
2497 3265 2617 3336 ὲχού
2628 3283 2744 3337 σης,
2769 3267 2863 3319 καὶ
2881 3265 2971 3318 τὸν
2992 3268 3055 3318 ἐκ
3082 3265 3180 3334 τῆς
3206 3265 3481 3335 κινήσεως

1894 3361 2138 3430 κάματον
2162 3375 2174 3389 ·
2203 3358 2305 3411 ἀπε
2314 3375 2344 3428 ρ
2366 3358 2618 3428 ἀλλότρια
2647 3356 3105 3428 δημιουργοῦντος
3126 3354 3263 3409 Θεοῦ
3285 3373 3298 3386 ·
3325 3355 3479 3425 ὅμως

1893 3451 2043 3520 γοῦν,
2081 3451 2156 3514 ὡς
2200 3453 2451 3522 γέννησιν
2497 3449 2681 3521 ἀπαθῆ
2721 3450 2808 3504 διά
2857 3451 3115 3521 τοιαύτης
3159 3449 3480 3521 ἐξηγήσεως

1890 3544 1987 3615 τὴν
2029 3544 2121 3597 τοῦ
2176 3543 2306 3596 Υἱοῦ
2343 3542 2589 3606 νοοῦντες
2638 3542 2885 3613 πρόοδον,
2935 3542 2995 3595 τὸ
3044 3542 3271 3612 Πνεῦμα
3313 3542 3478 3596 ἀλλο-

1890 3635 2102 3707 τριοῦσι
2127 3635 2336 3706 Πατρὸς
2375 3635 2469 3689 καὶ
2495 3633 2624 3687 Υἱοῦ
2646 3651 2659 3664 ·
2706 3635 2788 3687 ὅτι
2824 3635 2898 3705 μὴ
2937 3637 3249 3704 γεννήσειὴ
3276 3634 3477 3688 τούτου

1891 3727 2137 3800 πρόοδος,
2174 3727 2309 3781 ἀλλά
2336 3725 2555 3780 πνεύσει
2575 3726 2854 3797 ὁμοιοῦται
2887 3726 2976 3780 διὰ
3002 3728 3100 3798 τὴν
3142 3727 3474 3798 μετάληψιν,

1890 3818 1965 3882 ὡς
1992 3818 2158 3889 πνοῆς
2185 3819 2249 3870 ὲκ
2278 3818 2543 3887 στόματος
2584 3815 2884 3887 ἐρχομένης
2908 3816 3019 3887 (51)
3052 3818 3146 3869 καὶ
3184 3816 3276 3869 τὸν
3307 3833 3481 3888 μετα-

1889 3910 2233 3981 λαμὸἀνοντα
2283 3908 2632 3978 ἁγιαζούσης,
2674 3906 2816 3961 καθά
2859 3907 2923 3977 δὴ
2965 3908 3183 3975 λέγεται
3227 3908 3478 3979 πνεύμα-

1889 4021 1981 4067 τος
2014 4003 2145 4071 (52).
2181 3999 2287 4055 ’Ἦν
2322 4002 2377 4054 δὲ
2405 4000 2661 4054 ἀδύνατον
2690 4000 2747 4053 ὲν
2778 4002 2843 4070 τῇ
2875 4001 2973 4069 τῆς
3001 4000 3229 4072 Τριάδος
3251 4000 3379 4073 δόξῃ
3412 4001 3478 4053 τὺ

1890 4095 2113 4166 Πνεῦμα
2134 4092 2466 4159 δοξάζεσθαι,
2501 4093 2575 4164 μὴ
2602 4092 2902 4163 προοδικῶς
2927 4092 2986 4146 δν
3014 4095 3077 4145 ἐκ
3098 4093 3234 4146 Θεοῦ
3262 4094 3331 4147 δι’
3359 4093 3476 4163 (55)

1891 4185 2041 4249 Υἱοῦ,
2074 4185 2206 4239 ἀλλά
2233 4183 2527 4253 ποιητικῶς
2558 4185 2623 4235 ὲκ
2645 4183 2778 4236 Θεοῦ
2803 4185 3045 4251 γεγονὸς,
3089 4184 3166 4247 ὡς
3197 4184 3472 4250 λέγουσιν.

1890 4278 1964 4331 Οὐ
1991 4278 2098 4349 γὰρ
2122 4275 2501 4342 συνδοξάζεται
2533 4276 2742 4346 ποίημα
2767 4279 2987 4346 ποιητῇ,
3013 4276 3132 4329 οὐδὲ
3153 4276 3338 4339 δοῦλος
3358 4276 3476 4346 (54)

1889 4370 2122 4443 δεσπότῃ
2142 4386 2154 4399 ·
2188 4369 2307 4421 οὐδὲ
2339 4369 2372 4438 ἡ
2409 4368 2507 4436 τῆς
2544 4365 2828 4435 ἀλλοτρίας
2859 4367 2994 4420 Θεοῦ
3035 4368 3226 4430 οὐσίας
3253 4368 3476 4438 μέθεξις

1890 4463 1955 4518 ἂν
1981 4463 2063 4533 εἴη
2088 4461 2220 4514 Θεοῦ
2238 4478 2249 4490 ·
2281 4479 2300 4511 ι
2322 4461 2409 4513 Ἐν
2434 4459 2606 4529 τούτῳ
2631 4460 2760 4532 γὰρ,
2786 4479 2803 4511 ι
2831 4462 3307 4531 φησὶνὸΊωάννης
3333 4462 3474 4532 (55),

212 4550 446 4617 deunte;
477 4567 541 4607 ac
570 4554 921 4624 recipientem
964 4572 1045 4619 se,
1096 4531 1495 4619 sanctificante,
1525 4531 1676 4625 quod
1718 4553 1785 4610 de

1898 4575 1916 4609 ι
1952 4531 2309 4625 γινῶσκομεν,
2337 4555 2419 4607 ὅτι
2452 4554 2509 4608 ὲν
2544 4555 2675 4625 ἡμῖν
2709 4531 2875 4617 ἐστιν,
2912 4557 2976 4608 ἐκ
3008 4555 3100 4609 τοῦ
3127 4555 3473 4628 Πνεῦματος,

216 4641 424 4714 Spiritu
451 4644 673 4700 dicitur.
702 4648 866 4719 Atqui
932 4649 1274 4720 impossibile
1303 4656 1451 4705 esset
1495 4646 1783 4702 Trinitatis

284 4804 303 4837 ⁸
344 4802 511 4864 Hebr.
544 4821 643 4863 xm
667 4848 682 4872 ,
717 4806 774 4862 8.

281 4961 397 5034 (47)
432 4961 715 5031 Ottobon.,
746 4954 918 5027 οὗτος.
962 4962 1108 5017 Infra
1138 4960 1299 5028 idem,
1354 4958 1581 5032 Ἰησοῦς,
1630 4959 1784 5030 φησὶ,

211 5033 625 5105 Χριεξτδς-,χθέςο

437 5102 583 5176 lfélc.
612 5105 669 5165 2,
698 5103 1051 5176 ὁμοιοούσιος.

307 5169 397 5243 49)
439 5172 534 5228 Sic
566 5169 759 5230 omnes
804 5190 937 5230 mss.
977 5182 1173 5243 przeter
1212 5169 1359 5227 Felc.
1402 5171 1455 5232 5,
1492 5169 1586 5239 qui
1630 5169 1792 5243 habet

211 5238 338 5317 eum
372 5238 558 5317 editis,
591 5246 719 5317 περὶ
754 5238 1122 5317 μιᾶςᾈῐξίιιιιη
1166 5251 1308 5317 post,
1340 5238 1790 5317 Anglican.__6tot-

211 5311 371 5385 δάλῃ,
407 5312 579 5385 Mox._
599 5310 679 5377 ὲν,
728 5310 854 5369 ante
889 5310 1183 5385 Ἕλλησιν,
1230 5314 1382 5368 deest
1424 5313 1480 5365 in
1529 5310 1693 5365 Basil.
1736 5311 1788 5376 1,

210 5381 426 5439 Amtlic.
454 5392 511 5437 et
540 5382 686 5439 Felc.
716 5385 769 5437 2.

210 5397 295 5436 All
338 5397 426 5437 uc.
454 5397 511 5437 ει
540 5397 686 5439 r‘elc.
716 5397 769 5437 2.

181 5485 252 5540 ε
275 5397 700 5540 ,ὦψξυερεςιει
735 5453 915 5540 ιεεξῖο-
939 5452 1295 5540 Arsiana”.
1325 5452 1393 5540 t2
1417 5449 1782 5540 ἑὲρέἐῖτένῖξγν

210 5519 379 5595 ᾠςέκ
397 5523 496 5586 τῆς
510 5519 698 5595 οὐσίας
722 5524 953 5595 πρόησιν
976 5519 1098 5595 (εἷς)
1113 5524 1188 5586 ὼς
1208 5519 1389 5595 ἀπαθῆ
1413 5520 1782 5595 ὲκϐᾁλλοντες,

212 5590 424 5664 ὥσπερ,
449 5590 928 5664 λειοιίΡαυιοροει,
962 5590 1247 5657 Ottobon.,
1276 5590 1489 5663 κίνησιν
1513 5591 1743 5662 ἔχουσιν.

282 5660 393 5736 (ἕξ)
432 5660 1097 5736 ξηειὶοοῃιιείὲχομένης.

285 5728 398 5801 (5‘2)
438 5728 563 5788 Haec
606 5728 922 5792 referuntur
947 5735 1002 5790 in
1031 5728 1262 5791 concilio
1288 5731 1406 5790 Flet
1468 5731 1625 5789 itino.
1651 5745 1773 5796 vast.

1889 4641 1949 4705 οὗ
1976 4645 2171 4701 ἔδωκεν
2202 4644 2350 4716 ἡμῖν.
2382 4662 2401 4695 ι

1890 4959 2014 5021 415,
2053 4960 2271 5014 nomine
2305 4958 2607 5013 Athanasii.

1962 5032 2071 5100 (55)
2113 5030 2187 5083 Ita
2211 5032 2405 5099 legitur
2431 5031 2484 5082 in
2504 5027 2738 5083 concilio
2761 5026 3099 5100 Florentino.
3123 5025 3271 5087 Felc.
3303 5045 3475 5099 porro

1893 5098 2014 5155 loco
2043 5098 2207 5155 varia:
2242 5098 2512 5162 lectionis,
2546 5114 2708 5168 quam
2737 5114 2798 5151 ex
2831 5098 2998 5152 Basil.
3040 5099 3060 5151 1
3103 5108 3159 5152 et
3185 5100 3239 5162 ‘2,
3272 5098 3326 5154 et
3356 5102 3474 5153 Au-

1892 5171 2018 5239 glic.
2052 5180 2244 5225 notare
2272 5172 2508 5230 volebat,
2532 5166 3073 5239 eamdemreposuit
3098 5186 3220 5236 quae
3253 5172 3307 5222 in
3344 5170 3437 5224 edi

1892 5236 1967 5295 iis
1996 5243 2247 5301 habetur,
2268 5240 2496 5299 scilicet,
2522 5237 2610 5291 διὰ
2641 5236 2837 5306 Ἰησοῦ.
2861 5239 3188 5307 Quanquam
3219 5240 3475 5294 videatur

1893 5325 2039 5374 eum,
2071 5312 2138 5364 δι’
2176 5309 2327 5371 Υἰοῦ,
2370 5310 2565 5379 legisse
2596 5307 2881 5379 in_iisdem
2911 5308 3215 5371 codicibus,
3249 5319 3307 5362 ut
3341 5311 3477 5379 legit

1894 5381 2021 5434 item
2066 5380 2329 5435 Nannius.
2391 5373 2591 5433 Ibidem
2649 5373 2794 5431 Felc.
2846 5381 3147 5445 secundus,
3201 5373 3473 5449 γεγονώς,

1892 5451 2173 5505 mendose.

1961 5521 2073 5593 (54)
2113 5520 2265 5593 Felc.
2283 5517 2345 5593 ε,
2374 5517 2577 5593 δοῦλον,

1960 5587 2072 5660 (55)
2124 5592 2181 5645 Ὀ
2233 5588 2698 5660 Ἰωάννηςηόθεει
2738 5588 2795 5644 in
2836 5587 3131 5660 Basiliensi
3185 5593 3365 5660 primo
3417 5598 3476 5649 ct

1886 5653 2031 5719 Felc.
2055 5653 2318 5719 secundo.
2350 5653 2469 5715 illo":
2501 5656 2781 5723 Ottobon.,
2807 5653 2867 5713 οῦ
2895 5660 3129 5716 δέδωκεν
3158 5653 3308 5734 ἡμῖν.
