3890 6186
211 256 286 307 3‘3
1395 265 1481 320 DE
1529 264 2043 323 lNCARNATiONE
2086 268 2190 323 DEI
2238 268 2460 323 VERBI.
3432 264 3504 322 90

218 372 407 441 gloria
442 372 715 444 Spiritum
740 376 1058 447 gloriﬁcari,
1092 380 1139 435 si
1176 395 1271 452 per
1293 386 1703 452 processionem
1750 400 1815 439 ex
1844 383 1955 440 Deo
1985 401 2079 455 per
2111 385 2305 439 Filium
2349 402 2456 440 non
2505 393 2672 445 esset.
2727 384 2886 453 sique
2937 399 3027 439 res
3061 380 3251 437 effecta
3313 395 3340 435 α
3395 380 3505 436 Deo

211 472 397 529 esset,
424 475 491 519 ut
561 470 722 522 aiunt
781 470 907 540 ipsi.
940 471 1066 527 Non
1110 475 1253 529 enim
1319 491 1407 532 res
1473 477 1616 531 [uta
1666 494 1793 533 cum
1829 478 2037 534 factore
2097 494 2199 535 suo
2246 479 2711 549 congloriiicatur,
2763 494 2941 547 neque
2997 491 3190 532 servus
3240 491 3364 530 cum
3407 476 3506 528 do-

214 555 379 610 mino
416 573 433 607 ς
470 573 653 627 neque
674 562 1028 630 participatio
1055 564 1374 621 substantia:
1401 583 1431 621 a
1464 566 1576 622 Deo
1604 568 1821 634 alienae,
1863 570 2211 639 participatio
2240 568 2331 623 Dei
2352 569 2536 623 fuerit.
2566 588 2584 621 ι
2634 566 2691 622 In
2742 567 2851 627 hoc
2897 568 3041 622 enim
3063 564 3498 637 cognoscimus,»

211 651 296 702 ait
329 646 607 707 Joannes.
644 668 665 703 ι
688 654 833 724 quia
857 655 913 709 in
950 657 1110 712 nobis
1136 665 1243 724 est,
1270 673 1340 714 ex
1374 658 1582 731 Spiritu
1613 669 1809 717 sancto
1846 676 2007 732 quem
2040 661 2189 718 dedit
2218 663 2440 719 nobis’.
2479 680 2496 713 ι

289 804 313 835 ³
352 803 374 857 1
408 801 574 860 Joan.
608 822 707 870 ut,
743 806 834 862 ει.

220 983 3483 1013 ———-———————————————————————_—_

713 1100 797 1160 IN
829 1102 1289 1163 EPISTOLAM
1322 1103 1430 1164 DE
1457 1101 2067 1164 INCARNATIONE
2102 1103 2236 1162 DEI
2267 1100 2508 1161 VERBI
2548 1099 3024 1162 ADMONlTlO.

285 1259 602 1328 Epistoiarn
631 1263 698 1317 de
724 1264 1096 1318 incarnatione
1116 1263 1215 1319 Dei
1263 1264 1416 1320 Verbi
1440 1265 1727 1320 Athanasii
1763 1281 1867 1319 non
1898 1280 2033 1330 esse,
2063 1264 2259 1319 eruditi
2293 1264 2586 1329 complures
2618 1265 2975 1330 suspicantur,
3013 1280 3235 1333 quorum
3269 1265 3503 1334 opinioni

206 1353 696 1419 Itassentiamur,
763 1353 904 1407 haud
966 1355 1158 1410 levibus
1222 1372 1347 1410 sane
1402 1370 1669 1410 movemur
1710 1355 2052 1423 argumentis.
2110 1351 2216 1406 Illo
2282 1369 2505 1425 namque
2548 1370 2656 1408 aevo
2713 1355 2914 1424 scripta
2967 1362 3066 1417 est,
3118 1370 3215 1424 quo
3273 1347 3502 1408 lneretici'

205 1446 347 1502 duas
377 1464 497 1502 esse
530 1450 591 1502 in
620 1448 838 1505 Christo
875 1465 1131 1519 personas
1179 1460 1356 1520 aperte
1396 1462 1446 1505 et
1481 1466 1691 1506 summa
1714 1449 1762 1503 vi
1798 1447 2201 1511 contendebant,
2243 1457 2301 1500 ut
2328 1447 2498 1517 fertur
2525 1465 2670 1503 num.
2697 1448 2753 1512 2,
2774 1447 2912 1516 quod
2948 1463 3084 1503 certe
3121 1448 3190 1502 ad
3224 1448 3503 1502 Athanasii

205 1547 427 1593 atatem
464 1557 628 1596 nemo
672 1542 862 1597 doctus
887 1542 1103 1612 referat,
1157 1543 1246 1597 sed
1288 1545 1466 1614 potius
1512 1542 1581 1598 ad
1626 1553 1861 1612 tempora
1904 1541 2372 1606 Nestorianorum,
2418 1558 2643 1612 quorum
2680 1543 2764 1596 hic
2807 1542 3020 1597 haeresis
3059 1542 3386 1613 confutatur.
3433 1541 3502 1595 Et

205 1644 337 1683 sane
370 1647 533 1700 quem
582 1630 765 1685 locum
795 1632 1090 1703 Scriptum
1131 1634 1212 1687 hic
1242 1634 1461 1705 legimus
1497 1648 1551 1688 η.
1584 1632 1637 1697 1,
1679 1631 1804 1695 Θεὸς

1931 1631 2178 1704 ανερώθη
2211 1632 2269 1684 ἐν
2311 1633 2497 1704 σαρκί,
2550 1641 2683 1697 etc.,
2719 1634 2856 1688 sieo
2910 1635 3025 1701 ipso
3079 1634 3235 1689 modo
3294 1635 3501 1706 legisset

203 1722 578 1787 Athanasius,
617 1724 775 1778 olane
808 1734 1118 1795 usurpasset
1145 1726 1301 1779 illum
1345 1725 1415 1778 ad
1466 1723 1597 1778 Filii
1638 1723 1967 1778 divinitatem
2001 1733 2189 1778 contra
2224 1725 2451 1779 Arianos
2493 1725 2853 1779 asserendam.
2899 1726 3005 1782 Sed
3035 1727 3100 1781 iis
3127 1743 3256 1782 usus
3298 1727 3501 1782 videtur

207 1815 618 1882 exemplaribus
656 1819 751 1887 qui
806 1819 1087 1886 habebant,
1129 1819 1158 1873 ὃ
1197 1817 1517 1891 ἐφανερώθη
1568 1819 1626 1872 ἐν
1679 1834 1804 1889 σαρ>

1930 1824 2049 1883 etc.,
2084 1826 2217 1872 utet
2259 1817 2488 1889 Vulgata
2539 1819 2814 1883 hodierna,
2868 1820 2924 1873 in
2975 1838 3080 1890 qua
3137 1823 3215 1876 sic
3261 1820 3499 1890 legitur:

206 1910 370 1977 Quod
405 1912 834 1968 manifestatum
867 1925 955 1970 est
1000 1916 1057 1970 in
1104 1931 1291 1981 carne,
1340 1922 1470 1982 etc.,
1510 1912 1601 1967 ubi
1648 1912 1806 1975 illud,
1851 1913 2020 1983 quod,
2077 1909 2456 1981 prcecedentem
2495 1931 2691 1980 vocem,
2748 1915 3093 1986 mysterium,
3156 1915 3393 1984 respicit-
3438 1911 3501 1967 Si

205 2000 394 2054 Priore
423 2004 615 2073 utique
651 2003 809 2058 modo
856 2004 1065 2076 legisset
1105 2004 1457 2069 Athanasius,
1490 2014 1599 2058 tam
1642 2003 1898 2072 insignem
1930 2002 2102 2056 locum
2138 2021 2239 2058 non
2268 2006 2723 2071 prmtermissurus
2754 2015 2889 2068 erat,
2917 2005 3070 2060 homo
3102 2006 3500 2075 Scripturarum

206 2095 636 2152 scientissimus.
664 2097 892 2152 Demum
944 2101 990 2152 si
1027 2100 1307 2154 Athanasii
1333 2107 1488 2163 esset,
1522 2116 1555 2154 a
1601 2095 1805 2169 Cyrillo
1834 2096 1912 2152 vel
1949 2114 1983 2151 a
2026 2098 2229 2170 synodo
2261 2097 2525 2161 Ephesina
2558 2100 2781 2155 laudata
2827 2101 3013 2170 fuisset
3045 2117 3063 2158 :
3096 2103 3271 2170 aptior
3308 2103 3498 2173 quippe

209 2183 289 2237 ad
342 2185 738 2243 Nestorianam
770 2190 1155 2260 confutandam
1205 2192 1472 2257 hwresim,
1504 2207 1665 2263 quam
1719 2189 1943 2252 epistola
1975 2190 2044 2243 ad
2099 2190 2417 2260 Epictetum,
2464 2191 2880 2262 frequentissime
2920 2194 2984 2247 ab
3017 2194 3205 2248 iisdem
3252 2191 3497 2247 laudata.

212 2277 287 2332 in
323 2279 429 2334 hac
458 2283 630 2346 enim,
667 2285 749 2337 uti
792 2284 1050 2354 diximus,
1098 2286 1214 2354 ipsa
1243 2283 1484 2340 Nestorii
1528 2282 1740 2338 haeresis
1772 2284 2131 2352 impugnatur,
2172 2293 2228 2336 ut
2266 2283 2427 2338 etiam
2466 2282 2664 2339 codicis
2708 2284 3026 2340 Basiliensis
3078 2284 3390 2341 scholiastes
3428 2282 3499 2337 ad

211 2376 520 2447 marginem
552 2375 847 2431 adnotavit.

1332 2598 1471 2652 ΤΟΥ
1506 2599 1597 2652 ΕΝ
1635 2599 1858 2654 ΔΓΙΟῙΣ
1889 2599 2161 2653 ΠΑΤΡυΣ
2200 2601 2402 2655 ΗΜΩΝ

1510 2862 1515 2867 .
1549 2768 2189 2858 ΑΘΑΝΑΣΙΟΥ

1016 2957 1194 3011 ΠΕΡΙ
1234 2957 1369 3012 THE
1397 2956 1832 3011 ΣΑΡΚΩΣΕΩΣ
1875 2956 2015 3009 ΤΟΥ
2060 2956 2247 3008 QEO)”
2276 2955 2531 3009 ΛΟΓΟΥ
2575 2949 2710 3022 (56).

1257 3206 1351 3294 S.
1430 3209 1539 3294 P.
1619 3209 1735 3297 N.
1815 3204 2462 3295 ATHANASII

1190 3398 1305 3459 DE
1364 3392 2008 3462 ΙΝΟΑΒΝἉΤΙΟΝΕ
2051 3395 2207 3456 DEI
2261 3394 2531 3456 VERBI.

292 3638 347 3693 1.
380 3636 610 3691 Ἐλὺπει
634 3637 733 3709 μὲν
763 3636 863 3708 τὴν
901 3637 1062 3706 ἁγίαν
1101 3637 1315 3692 σύνοδον
1347 3638 1558 3693 Παύλου
1592 3638 1684 3692 τοῦ
1717 3640 1804 3694 Σα-

1993 3641 2044 3693 i.
2088 3630 2313 3688 Sacram
2340 3629 2470 3685 olim
2497 3627 2765 3700 synodum
2804 3623 2992 3681 dolore
3028 3622 3291 3680 alﬁciebat
3338 3625 3499 3680 inso-

216 3732 511 3804 pnaatéw;
538 3733 575 3802 ἠ
606 3733 948 3803 καινοτομία,
979 3733 1040 3785 τὸ
1075 3732 1216 3803 μέγα
1237 3734 1555 3805 μυστήριον,
1588 3734 1650 3787 τὸ
1675 3734 1814 3788 κατὰ

214 3825 485 3895 Χριστὸν,
514 3823 846 3892 ἀνατρέπειν
883 3812 1264 3895 ἐπιχειροῦσαο
1299 3823 1460 3878 λυπεῖ
1498 3824 1556 3878 δὲ
1590 3826 1684 3878 καὶ
1718 3825 1814 3877 νῦν

214 3918 349 3979 τοὺς
410 3916 811 3986 ἀντεχομένους
864 3916 965 3985 τῆς
1012 3916 1171 3984 ἁγίας
1214 3916 1505 3987 πίστεωςὴ
1540 3915 1668 3988 περὶ
1703 3916 1813 3970 τῶν

215 4007 407 4061 αὐτῶν
452 4007 816 4078 βλασφημιῶν
859 4007 971 4078 ('57)
1028 4007 1338 4077 βλάπτουσα
1381 4010 1507 4072 τοὺς
1552 4007 1809 4071 πολλούς’

221 4100 468 4171 μάλιστα
519 4102 649 4164 τοὺς
703 4100 1118 4170 ἠλαττωμένους
1147 4101 1275 4172 περὶ
1317 4101 1413 4172 τὴν
1458 4099 1693 4154 σύνεσιν.
1734 4100 1815 4153 Τὰ

217 4194 332 4264 γὰρ
369 4192 627 4264 μεγάλα,
663 4193 759 4246 καὶ
811 4192 1235 4263 δυσκατάληπτα
1276 4193 1388 4246 τῶν
1435 4192 1813 4264 πραγμάτων,

221 4284 490 4355 πίστειτῇ
524 4285 661 4355 πρὸς
683 4283 775 4336 τὸν
804 4283 915 4352 (58)
931 4281 1063 4336 Θεὸν
1078 4283 1413 4355 λαμϐάνεται
1434 4301 1446 4314 ·
1482 4284 1605 4338 ὅθεν
1624 4285 1670 4336 oi
1688 4283 1816 4355 περὶ

220 4375 552 4448 τὴνγνῶσιν
582 4374 992 4438 ἀδυνατοῦντες,
1046 4376 1465 4440 ἀποπίπτουσιν,
1490 4377 1539 4429 εί
1579 4374 1652 4446 μὴ
1693 4393 1813 4428 πει-

222 4469 404 4522 σθεῖεν
418 4467 684 4539 ἐμμένειν
696 4471 761 4539 τῇ
786 4468 988 4531 πίστει,
1008 4468 1101 4522 καὶ
1114 4468 1213 4532 τὰς
1224 4469 1548 4540 περιέργους
1560 4469 1815 4539 ζητήσεις

218 4559 615 4631 ἐκτρέπεσθαι.
648 4559 746 4612 Διὰ
788 4559 948 4613 τοῦτο
970 4561 999 4612 ὁ
1024 4559 1291 4630 μακάριος
1329 4557 1542 4621 Παῦλος
1588 4558 1772 4628 ἔλεγεν
1797 4574 1811 4588 ·

224 4671 246 4702 ι
285 4651 781 4723 Ὅμολογουμὲνως
800 4653 942 4722 μέγα
961 4652 1079 4705 ἐστὶ
1098 4651 1158 4706 τὸ
1179 4652 1280 4723 τῆς
1306 4650 1586 4715 εὐσεϐείας
1612 4652 1816 4722 μυστή-

222 4761 364 4815 ριον,
386 4742 526 4806 Θεὸς
564 4742 884 4814 ἐφανερώθη
916 4746 975 4797 ἐν
1000 4744 1182 4814 σαρκὶ,
1218 4740 1510 4811 ἐδικαιώθη
1548 4742 1605 4794 ἐν
1652 4740 1815 4794 Πνεῦ-

222 4853 380 4906 ματι,
404 4834 565 4907 ὤφθη
596 4835 870 4904 ἀγγέλοις,
887 4835 1169 4908 ἐκηρύχθη
1199 4837 1257 4889 ἐν
1272 4835 1503 4900 ἔθνεσιν,
1519 4831 1812 4905 ἐπιστεύθη

218 4928 278 4979 ἐν
307 4926 531 4995 κόσμῳ,
559 4924 839 4997 ἀνελήφθη
870 4927 929 4980 ἐν
956 4926 1103 5000 δόξῃ.
1140 4945 1158 4978 ι

288 5018 346 5072 2.
392 5019 552 5070 Ἐπεὶ
597 5018 779 5071 τοίνυν
827 5017 1142 5089 ἠκούσαμεν
1184 5018 1313 5089 παρ’
1359 5020 1488 5090 ὑμῖν
1517 5017 1628 5087 (59)
1661 5033 1814 5079 τινας

1919 3736 2040 3789 lens
2070 3730 2162 3785 illa
2184 3724 2340 3780 Pauli
2368 3720 2776 3776 Sainosatensis
2801 3717 3071 3781 doctrina,
3093 3730 3203 3787 qua
3241 3729 3498 3787 magnum

1918 3823 2122 3883 Christi
2150 3818 2469 3892 mysterium
2504 3814 2821 3870 subvertere
2841 3811 3146 3866 conabatur
3178 3825 3191 3860 :
3220 3808 3332 3879 jam
3369 3822 3500 3863 vero

1921 3925 2127 3975 sanctae
2163 3911 2288 3968 ﬁdei
2344 3907 2595 3965 vindices
2652 3918 2999 3974 summopere
3044 3901 3332 3956 contristat
3381 3900 3498 3961 illa.

1920 4026 2042 4082 qua:
2078 4007 2272 4063 iisdem
2301 4016 2399 4058 usa
2438 3998 2816 4068 blasphemiis,
2870 3994 3288 4066 quamplurimis
3335 4001 3498 4046 noxia

1917 4112 2002 4159 est
2035 4119 2049 4156 :
2082 4100 2149 4154 iis
2173 4111 2300 4151 vero
2330 4093 2602 4164 praecipue
2627 4088 2720 4160 qui
2750 4089 3022 4143 diminuto
3043 4093 3172 4141 sunt
3195 4083 3496 4139 intellectu.

1920 4193 2028 4249 Res
2049 4192 2194 4248 enim
2236 4201 2467 4258 magum,
2493 4192 2547 4239 et
2581 4179 3074 4251 comprehensione
3104 4176 3351 4231 diﬂiciles
3380 4176 3497 4230 sola

1920 4282 1976 4337 in
2029 4280 2199 4336 Deum
2248 4276 2353 4332 (ide
2396 4272 2808 4345 perspiciuntur
2841 4290 2854 4324 :
2886 4268 3031 4325 unde
3070 4267 3163 4337 qui
3218 4263 3497 4319 imbecilla

1920 4379 2051 4430 sunt
2090 4368 2471 4437 intelligentia,
2520 4365 2804 4428 labuntur,
2842 4362 2946 4418 nisi
2988 4360 3099 4431 26
3152 4358 3208 4413 in
3240 4357 3345 4412 lide
3372 4371 3498 4427 per-

1920 4479 2145 4520 manere
2205 4461 2561 4525 suadeautur,
2606 4466 2659 4514 et
2692 4457 2944 4513 curiosas
2997 4463 3321 4510 averseutur
3347 4467 3496 4522 quae-

1922 4562 2148 4615 stiones.
2191 4553 2536 4624 Quapropter
2591 4551 2785 4605 beatus
2818 4548 3023 4603 Paulus
3071 4547 3249 4602 aiebat
3281 4560 3295 4596 :
3324 4562 3343 4596 ι
3383 4542 3496 4597 Ma-

1920 4650 2118 4705 nifeste
2152 4660 2408 4717 magnum
2440 4651 2525 4699 est
2589 4642 2809 4713 pietatis
2874 4645 3305 4701 sacramentum,
3351 4634 3494 4690 Deus

1920 4740 2300 4799 manifestatus
2320 4745 2406 4794 cst
2438 4737 2494 4791 in
2517 4750 2704 4797 carne,
2751 4731 3088 4803 justillcatus
3135 4739 3219 4785 est
3280 4729 3336 4783 iu
3369 4726 3494 4797 Spi~

1917 4837 2049 4896 ritu,
2113 4830 2371 4904 apparuit
2419 4828 2650 4899 angelis,
2682 4825 3012 4898 praedicatus
3064 4831 3150 4878 est
3209 4820 3497 4890 gentibus.

1916 4926 2156 4982 creditus
2179 4932 2264 4980 est
2291 4924 2344 4978 in
2376 4922 2602 4985 mundo,
2633 4926 2947 4989 assumptus
2971 4924 3054 4972 est
3086 4916 3138 4970 in
3171 4914 3343 4985 gloria
3378 4912 3421 4966 ³.
3467 4929 3488 4964 ι

1984 5017 2041 5072 2.
2084 5015 2539 5086 Quandoquidem
2596 5013 2763 5083 igitur
2820 5010 3132 5065 audivimus
3191 5005 3490 5061 nonnullos
3560 5022 3563 5025 λ

218 5108 617 5179 ταράττεσθαι,
660 5109 756 5161 καὶ
796 5084 978 5180 ζητεῖν
1010 5084 1314 5181 γράμματα
1349 5084 1480 5182 παρ’
1510 5084 1665 5181 ἡμῶν
1691 5108 1804 5179 περῖ

1930 5118 2162 5166 vestrum
2188 5084 2419 5174 turbari,
2454 5118 2779 5175 nostrasque
2824 5104 3035 5158 litteras
3065 5102 3209 5157 circa
3243 5112 3491 5156 commu—

291 5264 314 5294 ⁸
353 5262 376 5318 ι
409 5264 560 5319 Tim.
597 5279 697 5329 III,
738 5263 825 5318 16.

290 5444 407 5515 (56)
451 5443 599 5498 Editi
640 5443 817 5497 Latini
854 5443 1085 5507 addunt,
1126 5453 1312 5497 contra
1346 5442 1576 5497 Paulum
1611 5444 1806 5499 Samo-

1989 5444 2101 5515 (57)
2138 5443 2376 5514 Anglic.,
2411 5438 2765 5515 βλασφημιῷν
2790 5435 3048 5515 φλυαρία,
3094 5431 3212 5490 sed.
3244 5428 3484 5515 φλυαρία

220 5501 510 5573 atriensem.
535 5530 660 5584 quae
692 5515 860 5567 verba
897 5530 1024 5569 cum
1058 5501 1157 5569 nec
1189 5516 1242 5568 in
1271 5530 1404 5568 mss.
1437 5530 1539 5569 nec
1570 5515 1624 5568 in
1653 5523 1806 5569 textu
1914 5501 2150 5569 deest-in
2179 5501 2369 5584 editis,
2393 5501 2768 5584 etrinfte'teris
2794 5501 3049 5584 omnibus
3073 5501 3481 5569 manuscriptis.

220 5586 411 5641 Greco
436 5586 589 5638 redito
614 5587 883 5655 legantur,
913 5592 1100 5655 aperte
1121 5585 1467 5654 supposititia
1497 5591 1644 5639 sunt.
1668 5585 1803 5639 Nam

223 5657 466 5726 alioquin
514 5654 826 5723 patet’eam
874 5654 982 5709 non
1032 5656 1295 5710 adversus
1338 5654 1799 5723 Samosatensem,

222 5727 321 5783 sed
349 5728 619 5783 adversus
653 5726 939 5782 haereticos
970 5726 1105 5781 alios
1135 5727 1506 5782 conscriotam
1543 5726 1683 5782 esse.

1985 5584 2097 5654 (58)
2137 5586 2260 5647 Τόν,
2282 5583 2436 5654 deest
2459 5583 2513 5635 in
2538 5577 2848 5654 Basiliensi.

1985 5584 2075 5654 (58
2137 5586 2260 5647 Τόν,
2282 5584 2436 5637 deest
2459 5584 2513 5635 in
2539 5584 2848 5634 Basiliensi.

1983 5584 2097 5727 (59)
2136 5653 2450 5710 Basiliensis
2479 5660 2532 5709 et
2562 5649 2721 5720 Angl.
2764 5647 2984 5715 habent,
3019 5644 3133 5712 καί,
3172 5653 3314 5706 ante,
3354 5637 3484 5711 παρ’

1909 5725 2056 5781 ὐιιῖν.
