3890 6186
268 302 330 358 91
1431 301 1487 357 S.
1528 301 1984 360 ATHANASIUS.
2025 333 2093 344 —
2128 303 2354 361 DUBIA.
3443 306 3523 359 92

268 435 392 475 nem
418 426 472 473 et
525 419 592 473 ab
653 413 918 489 apostolis
968 383 1246 472 inductam
1305 417 1464 472 fidem
1532 419 1826 488 postulare,

1935 418 2034 488 τῆς
2065 419 2249 490 κοινῆς
2285 419 2378 472 καὶ
2427 417 2487 483 ἐξ
2522 419 2837 474 ἀποστόλων
2866 418 3212 490 εἰσαχθείσης
3243 418 3484 481 πίστεως

269 511 562 568 scribimus
595 525 891 580 paucorum
919 525 1040 564 esse
1073 510 1220 564 illam
1256 510 1447 564 sedulo
1485 509 1790 580 disquirere
1817 527 1832 564 :

267 602 426 656 fidem
459 612 640 656 autem
675 603 929 665 retinere,
955 601 1198 655 omnium
1222 617 1345 656 esse
1373 617 1564 656 eorum
1598 604 1689 672 qui
1728 603 1838 658 Deo

266 693 630 762 obsequentes
657 702 804 757 sunt,
835 692 929 763 qui
963 701 1018 748 et
1048 709 1298 764 magnam
1325 694 1489 749 studii
1514 695 1598 749 sui
1626 697 1836 750 laudem

267 781 528 838 referunt.
560 782 663 850 Qui
691 783 836 837 enim
870 800 990 854 qua:
1025 784 1165 838 ultra
1195 786 1340 840 vires
1382 801 1511 841 suas
1570 795 1700 842 sunt
1755 789 1840 840 in-

265 876 447 946 dagat,
479 877 534 930 in
565 877 808 946 periculo
838 883 1087 932 versatur
1119 893 1132 924 τ
1168 877 1262 946 qui
1294 889 1472 933 autem
1503 881 1722 934 traditis
1763 881 1839 934 in-

268 969 457 1031 lueret,
481 975 633 1023 extra
661 969 962 1037 periculum
995 977 1100 1025 est.
1133 968 1438 1026 Suademus
1469 972 1634 1041 igitur
1661 973 1834 1035 vobis,

269 1057 416 1128 quod
442 1067 496 1112 et
549 1059 708 1114 nobis
757 1059 890 1129 ipsis
938 1060 1250 1124 suademus,
1301 1068 1358 1114 ut
1387 1062 1643 1116 traditam
1675 1062 1835 1117 fidem

267 1149 539 1214 servetis,
590 1149 927 1221 profanaque
1003 1167 1156 1206 novae
1221 1151 1518 1221 cujuslibet
1574 1154 1836 1208 doctrinae

263 1241 428 1295 verba
483 1240 833 1303 aversemini,
888 1257 1187 1312 omnesque
1241 1241 1557 1308 hortemini,
1601 1252 1658 1299 ut
1699 1246 1835 1300 tanti

265 1333 511 1405 mysterii
544 1333 952 1404 inquisitionem
983 1335 1424 1391 exhorrescant':
1451 1343 1505 1392 et
1535 1336 1835 1392 confitean-

263 1434 375 1490 tur,
407 1433 518 1478 tum
551 1423 643 1480 Dei
675 1425 730 1480 in
760 1439 925 1480 carne
955 1424 1479 1492 manifestationem,
1535 1429 1833 1483 secundum

262 1514 611 1570 traditionem
635 1516 1031 1586 apostolicam;
1057 1527 1168 1570 tum
1221 1518 1495 1587 justitiam
1541 1535 1702 1590 quam
1731 1519 1836 1574 Do-

262 1609 446 1663 minus
471 1607 661 1661 habuit
711 1607 764 1661 in
813 1606 1039 1678 Spiritu,
1074 1608 1125 1663 id
1169 1618 1274 1676 est,
1307 1626 1415 1664 non
1447 1610 1680 1665 humana
1715 1628 1835 1665 mu-

264 1700 485 1763 tatione,
516 1698 609 1755 sed
665 1699 846 1754 divina
897 1701 1156 1770 puritate.
1193 1701 1529 1772 lmpossibile
1553 1705 1698 1758 enim
1749 1713 1834 1758 est

1937 512 2241 583 γράφομεν,
2276 512 2357 565 ὅτι
2385 512 2485 584 τὴν
2518 513 2614 583 μὲν
2657 513 2940 584 ἀκρίϐειαν
2973 511 3142 581 αὐτῆς
3179 510 3290 579 (60)
3323 510 3522 580 ἐπιζη-

1937 607 2049 654 τεῖν
2077 603 2271 672 ὀλίγων
2301 603 2438 668 ἐστὶ,
2469 603 2566 674 τὴν
2588 603 2643 656 δὲ
2663 604 2843 656 πίστιν
2869 603 3114 673 κατέχειν
3134 601 3383 654 ἁπάντων
3403 599 3520 653 τῶν

1938 695 2074 764 πρὸς
2119 695 2210 747 τὸν
2252 694 2384 748 Θεὸν
2430 694 2719 758 εὐπειθῶν,
2770 695 2818 747 οἳ
2864 696 2958 748 καὶ
3002 693 3254 765 μέγιστον
3295 692 3515 745 ἔπαινον

1937 785 2298 856 ἀποφέρονται
2351 787 2451 857 τῆς
2504 786 2818 857 ἐπιθυμίας.
2877 787 2934 838 '0
2967 787 3064 857 μὲν
3098 784 3208 856 γάρ
3244 783 3420 854 ζητῶν
3441 782 3514 836 τὰ

1939 877 2078 947 ὑπὲρ
2104 877 2293 930 ἑαυτὸν
2322 876 2659 941 ἐπικίνδυνος
2682 894 2696 907 ο
2722 880 2749 930 6
2775 877 2832 929 δὲ
2865 879 2978 940 τοῖς
3003 875 3385 948 παραδοθεῖσιν
3412 877 3517 947 ἐμ.

1939 969 2113 1038 μένων
2173 967 2469 1032 ἀκίνδυνος.
2531 967 2908 1040 Παραινοῦμεν
2948 968 3004 1020 δὲ
3045 969 3171 1039 ὑμῖν
3201 968 3338 1037 (61),
3374 967 3520 1038 ὅπερ

1937 1059 2028 1112 καὶ
2060 1061 2268 1124 ἑαυτοῖς
2320 1059 2711 1132 παραινοῦμεν,
2759 1060 2857 1132 τὴν
2896 1061 3290 1132 παραδοθεῖσαν
3331 1059 3517 1112 πίστιν

1938 1151 2244 1220 φυλάττειν,
2302 1153 2661 1224 ἐκτρέπεσθαι
2705 1153 2760 1206 δὲ
2804 1153 2903 1216 τὰς
2939 1152 3199 1224 βεϐήλους
3242 1167 3516 1220 καινοφω-

1937 1246 2075 1310 νίας,
2107 1244 2380 1299 καὶτοῦτο
2417 1246 2551 1299 πᾶσι
2592 1247 2912 1318 παρεγγυᾷν
2939 1243 3219 1314 φοϐεῖσθαι
3244 1245 3345 1315 τὴν
3385 1243 3516 1316 περὶ

1935 1331 2027 1384 τοῦ
2088 1330 2404 1400 τηλικούτου
2463 1332 2762 1404 μυστηρίου
2805 1334 3060 1404 ζήτησιν’
3105 1333 3384 1402 ὁμολογεῖν
3422 1333 3516 1398 δὲ,

1935 1424 2016 1476 ὅτι
2055 1423 2433 1493 πεφανέρωται
2477 1423 2608 1489 Θεὸς
2647 1426 2706 1478 ὲν
2738 1425 2898 1496 σαρκὶ
2943 1425 3081 1478 κατά
3115 1424 3212 1495 τὴν
3237 1424 3520 1479 ἀποστολι-

1937 1515 2036 1587 κὴν
2069 1515 2384 1587 παράδοσιν,
2430 1517 2522 1571 καὶ
2549 1516 2644 1587 τὴν
2671 1517 3035 1587 δικαιοσύνην,
3069 1516 3136 1586 ἦν
3157 1516 3310 1586 ἔσχεν
3337 1518 3366 1568 ό
3399 1515 3520 1571 Κύ-

1940 1625 2052 1678 ριος
2103 1610 2160 1662 ὲν
2193 1609 2492 1680 Πνεύματι,
2523 1608 2815 1674 τουτέστιν,
2843 1609 2943 1662 οὐκ
2967 1608 3285 1684 ἀνθρωπίνῃ
3311 1612 3514 1684 τροπῇ,

1936 1700 2069 1779 ἀλλά
2119 1700 2271 1772 θεῖκῇ
2305 1706 2370 1772 τῇ
2418 1702 2787 1774 καθαρότητι·
2833 1702 3091 1757 ἀδύνατον
3142 1704 3251 1775 γὰρ
3305 1705 3518 1776 ἑτέρως

263 1790 557 1845 humanam
609 1798 884 1856 naturam,
916 1807 1106 1860 puram
1161 1802 1214 1847 et
1250 1793 1371 1848 sine
1425 1801 1648 1864 peccato
1688 1795 1826 1848 exhi-

1933 1789 1993 1840 τὸ
2021 1789 2256 1861 καθαρὸν
2285 1793 2376 1844 καὶ
2401 1792 2782 1862 ἀναμάρτητον
2815 1792 2899 1844 ἐπ’
2927 1793 3274 1866 ἀνθρωπίνης
3299 1796 3516 1864 φύσεως

261 1881 401 1947 beri,
446 1880 551 1938 nisi
584 1881 728 1937 Deus
781 1883 835 1942 in
895 1898 1058 1938 carne
1088 1900 1210 1940 esse
1242 1884 1520 1948 credatur,
1546 1887 1638 1955 qui
1667 1885 1832 1954 justi-

259 1971 390 2028 tiam
426 1974 634 2044 peccati
667 1982 945 2045 expertem
993 1977 1049 2030 in
1101 1977 1360 2030 mundum
1405 1977 1701 2040 induxerit,
1737 1994 1831 2032 cu-

255 2063 350 2135 jus
407 2066 701 2135 participes
757 2066 955 2133 eﬂ‘ecti,
1014 2070 1258 2124 vivemus
1313 2077 1366 2124 et
1417 2071 1549 2124 salvi
1602 2072 1826 2125 erimus.

261 2153 399 2209 Illud
428 2159 572 2210 enim
610 2175 622 2211 :
661 2176 678 2206 ι
711 2155 830 2211 Νοιι
853 2168 936 2213 est
958 2159 1140 2227 justus
1165 2160 1218 2214 in
1245 2169 1390 2215 terra
1420 2164 1513 2230 qui
1542 2161 1703 2214 faciat
1729 2164 1828 2215 bo-

260 2264 392 2304 num
449 2258 504 2304 et
565 2266 674 2304 non
708 2260 893 2320 peccet
922 2253 964 2315 ι,
991 2273 1007 2304 ι
1048 2255 1102 2306 in
1157 2268 1447 2308 commune
1477 2255 1543 2309 de
1577 2256 1830 2311 omnibus

259 2339 575 2397 hominibus
631 2343 836 2397 dictum
883 2353 966 2398 est
1004 2364 1015 2398 :
1052 2345 1214 2408 unde,
1264 2364 1281 2394 ι
1329 2345 1403 2400 De
1433 2347 1573 2399 (ιωιο
1604 2347 1767 2411 venit,
1806 2367 1824 2398 ι

259 2433 455 2503 inquit,
493 2451 515 2485 ι
555 2433 700 2504 quod
758 2435 1160 2489 immaculatam
1221 2436 1492 2506 justitiam
1535 2453 1602 2491 ex
1652 2454 1710 2492 se
1741 2439 1831 2493 dat

259 2523 517 2580 Verbum.
556 2546 575 2578 ι
611 2525 676 2579 Ει
723 2526 929 2596 liquido
984 2529 1162 2582 diett:
1205 2547 1222 2580 ι
1260 2527 1429 2581 Nemo
1476 2531 1723 2584 ascendit
1775 2531 1828 2584 in

256 2615 477 2679 cmlum,
515 2616 621 2671 nisi
679 2617 772 2686 qui
829 2617 1110 2673 descendit
1141 2619 1206 2673 de
1237 2618 1378 2672 caelo
1431 2617 1603 2675 Filius
1649 2621 1825 2674 homi-

255 2707 398 2761 nis'.
442 2726 460 2758 ι
489 2704 554 2761 Ει
588 2722 805 2761 rursum
839 2726 852 2763 :
891 2725 911 2759 ι
950 2706 1006 2761 Si
1042 2707 1288 2763 videritis
1339 2705 1536 2763 Filium
1591 2710 1827 2766 hominis

1933 1881 2354 1953 παραδεχθῆναι,
2389 1885 2436 1935 εἰ
2480 1882 2552 1953 μὴ
2597 1883 2727 1946 Θεὸς
2757 1886 2814 1936 ὲν
2849 1884 3011 1955 σαρκὶ
3048 1885 3350 1938 πιστεύοιτο
3374 1881 3518 1939 εἶναι

1929 1975 1957 2026 6
1973 1973 2068 2044 τὴν
2092 1975 2467 2045 ἀναμάρτητον
2487 1975 2828 2046 δικαιοσύνην
2857 1977 2935 2040 είς
2955 1976 3044 2030 τὸν
3070 1977 3273 2046 κόσμον
3289 1979 3516 2044 εἰσαγα-

1929 2062 2068 2132 γὼν,
2096 2057 2163 2135 ἦς
2200 2063 2516 2134 μετέχοντες
2562 2062 2836 2136 ζησόμεθα
2881 2066 2974 2118 καὶ
3005 2066 3323 2136 σωσόμεθα
3352 2065 3513 2138 (61⁸).

1933 2156 2008 2208 Τὸ
2028 2155 2153 2227 γάρ,
2179 2174 2196 2206 t
2226 2156 2338 2208 Οὐκ
2366 2155 2479 2208 ἐστι
2498 2156 2702 2220 δίκαιος
2723 2158 2814 2209 ἐπὶ
2842 2159 2941 2228 τῆς
2961 2158 3082 2228 γῆς,
3129 2157 3190 2220 ὃς
3213 2159 3424 2228 ποιήσει
3452 2159 3516 2211 τὸ

1930 2247 2149 2316 ἀγαθὸν,
2209 2248 2300 2300 καὶ
2336 2249 2434 2319 ούχ
2474 2249 2868 2320 ἁμαρτήσεται,
2906 2267 2924 2301 ι
2957 2249 3134 2303 κοινὸν
3168 2250 3336 2321 δήπου
3368 2251 3516 2304 κατά

1932 2340 2147 2393 πάντων
2180 2338 2478 2410 ἀνθρώπων
2503 2341 2648 2393 ἐστίν
2674 2358 2686 2370 ο
2717 2340 2857 2405 ὅθεν,
2899 2360 2917 2392 ι
2962 2341 3048 2407 Ἐξ
3081 2339 3308 2413 οὐρανοῦ
3341 2359 3517 2395 κατα-

1929 2431 2152 2501 ϐέϐηκε,
2195 2452 2214 2482 ι
2251 2433 2432 2503 φησιν,
2463 2451 2481 2484 ι
2515 2433 2542 2484 ό
2573 2431 2672 2503 τὴν
2704 2432 2966 2503 ἄχραντον
2994 2431 3340 2504 δικαιοσύνην
3373 2435 3513 2507 παρ’

1929 2523 2119 2574 ἑαυτοῦ
2149 2523 2486 2594 δωρούμενος
2516 2523 2704 2592 Λόγος.
2738 2543 2755 2574 ι
2785 2523 2892 2575 Καὶ
2921 2523 3064 2592 λέγει
3091 2524 3274 2592 σαφῶς
3295 2542 3308 2555 σ
3344 2544 3363 2576 ι
3397 2525 3511 2579 Οὐ·-

1926 2614 2033 2678 δεὶς
2055 2616 2389 2686 ἀναϐέϐηκεν
2419 2617 2498 2678 είς
2522 2615 2612 2668 τὸν
2645 2614 2873 2685 οὐρανὸν
2903 2617 2950 2668 εί
2975 2615 3050 2686 μὴ
3079 2617 3106 2668 ό
3127 2618 3190 2669 ὲκ
3216 2616 3308 2670 τοῦ
3341 2617 3515 2688 obpa-

1926 2700 2018 2754 νοῦ
2050 2701 2315 2764 καταϐάς,
2345 2705 2374 2754 6
2413 2701 2540 2765 Υἱὸς
2578 2701 2671 2755 τοῦ
2722 2701 3042 2773 ἀνθρώπου·
3089 2724 3107 2755 ι
3159 2706 3252 2758 καὶ
3303 2705 3506 2760 πάλιν·

256 2797 638 2850 ascendentem
687 2794 778 2850 ubi
834 2802 953 2850 erat
1006 2798 1156 2865 prius
1174 2796 1214 2847 ‘.
1263 2815 1282 2848 ι
1318 2795 1384 2848 Ει
1429 2812 1494 2847 :t
1540 2795 1651 2866 Ego
1701 2813 1822 2851 sum

1933 2811 1949 2843 ι
2005 2793 2128 2846 Ἐάν
2155 2792 2392 2864 θεωρῆτε
2422 2794 2533 2865 (62)
2564 2794 2654 2847 τὸν
2683 2795 2809 2849 Υἱὸν
2840 2794 2933 2848 τοῦ
2961 2795 3248 2867 ἀνθρώπου
3279 2797 3510 2852 ἀναϐαί-

254 2887 434 2958 panis,
468 2885 561 2955 qui
583 2885 649 2940 de
665 2886 803 2940 ccclo
837 2884 1115 2950 descendi,
1139 2887 1316 2950 vivus,
1345 2893 1399 2940 et
1421 2887 1512 2956 qui
1541 2886 1632 2940 dat
1661 2889 1822 2942 vitam

1933 2901 2102 2950 νοντα,
2136 2887 2269 2938 ὅπου
2301 2881 2368 2956 ἦν
2394 2886 2454 2938 τὸ
2501 2887 2763 2956 πρότερον
2783 2903 2795 2916 ⁸
2832 2905 2849 2938 ι
2885 2887 2997 2954 καὶ,
3042 2887 3184 2956 Ἐγώ
3211 2891 3326 2960 είμι
3355 2893 3383 2942 6
3404 2889 3511 2960 ἀρ-

256 2975 515 3031 mundo'.
557 2995 576 3028 ι
630 2973 844 3041 Quibus
897 2990 1053 3029 suam
1104 2975 1278 3045 ipsius
1329 2975 1585 3029 deitatem
1640 2987 1824 3047 aperte

1933 2993 2032 3042 τος,
2057 2980 2086 3030 6
2106 2977 2171 3030 ἐκ
2191 2975 2286 3030 τοῦ
2315 2976 2544 3048 οὐρανοῦ
2579 2977 2840 3040 καταϐάς,
2866 2980 2894 3032 6
2917 2979 3024 3042 ζῶν
3047 2981 3140 3033 καὶ
3161 2979 3304 3051 ζωὴν
3324 2980 3508 3044 διδοὺς

255 3083 358 3123 uos
379 3066 591 3130 edocet,
626 3081 728 3120 nec
756 3074 936 3120 tamen
968 3064 1147 3119 aufert
1181 3063 1327 3135 quod
1367 3067 1668 3120 secundum
1699 3085 1823 3122 car-

1924 3069 2001 3139 τῷ
2060 3069 2280 3140 κόσμῳ·
2337 3087 2355 3120 ι
2395 3068 2580 3137 σαφῶς
2628 3069 2712 3122 διὰ
2767 3068 2967 3123 τούτων
3015 3070 3125 3140 (65)
3169 3069 3507 3124 ἐκδιδάσκων

251 3179 375 3219 nem
408 3163 812 3233 assumpseratj;
843 3163 937 3219 sed
967 3164 1207 3233 seipsum
1233 3179 1356 3220 cum
1387 3180 1552 3222 carne
1593 3165 1823 3233 conjun-

1933 3163 2070 3230 ἡμᾶς
2098 3160 2196 3230 τὴν
2235 3159 2460 3230 θεότητα
2503 3159 2598 3230 τὴν
2633 3158 2849 3222 ἑαυτοῦ,
2880 3162 2979 3212 ούκ
3009 3161 3246 3231 ἀναιρῶν
3266 3161 3328 3214 τὸ
3357 3162 3508 3216 κατά

252 3256 330 3325 git
361 3272 372 3308 :
403 3254 843 3325 quandoquidem
876 3255 1032 3324 juxta
1061 3253 1291 3310 Paulum
1319 3257 1374 3310 in
1407 3255 1821 3312 similitudinem

253 3345 536 3398 hominum
588 3343 769 3398 factus
822 3352 937 3409 est,
987 3353 1041 3399 et
1092 3345 1279 3400 habitu
1333 3347 1587 3402 inventus
1630 3354 1711 3400 est
1765 3353 1823 3399 ut

254 3434 415 3488 homo
429 3434 471 3490 ⁸.
510 3431 682 3488 llomo
707 3442 887 3489 autem
919 3450 1024 3489 una
1057 3449 1290 3505 persona
1321 3443 1375 3491 et
1403 3451 1569 3488 unum
1623 3436 1823 3490 animal

251 3533 358 3588 est,
389 3540 457 3580 ex
499 3525 695 3595 spiritu
729 3533 784 3580 ct
813 3539 978 3580 carne
1023 3526 1388 3596 compositum
1423 3527 1562 3597 (ὅθ’)
1588 3545 1600 3581 :
1630 3526 1698 3580 ad
1727 3542 1823 3582 cu-

247 3619 342 3688 jus
365 3618 778 3674 similitudinem
803 3618 1214 3690 intelligendum
1238 3628 1322 3675 est
1345 3618 1626 3675 Christum
1655 3635 1818 3685 uuam

250 3725 376 3766 esse
427 3725 737 3780 personam,
765 3722 820 3765 et
877 3725 986 3764 non
1034 3711 1190 3775 duas,
1230 3721 1289 3766 ut
1320 3711 1432 3780 jam
1468 3710 1822 3766 incredulitas

252 3801 629 3872 magnitudine
687 3802 884 3857 divina:
928 3803 1114 3872 gratia:
1156 3802 1436 3868 destituta,
1459 3812 1513 3858 et
1563 3802 1618 3856 in
1650 3802 1824 3874 genti-

251 3893 383 3950 lium
411 3893 730 3948 scandalum
756 3894 1032 3964 prolapsa,
1066 3900 1252 3962 aperte
1278 3901 1333 3948 et
1371 3907 1583 3948 summa
1614 3893 1665 3947 vi
1688 3909 1821 3948 con-

252 3984 448 4039 tendit.
480 3982 617 4038 Cum
657 3983 802 4039 enim
828 3997 937 4036 non
957 3983 1146 4038 credat
1190 3982 1452 4053 possibile
1502 3997 1623 4038 esse
1653 3982 1821 4038 Deum

253 4075 527 4130 hominem
556 4073 694 4138 fieri,
726 4072 1144 4144 justaJoannis
1168 4073 1331 4127 verba
1377 4072 1533 4127 initio
1589 4073 1764 4142 posita
1803 4090 1816 4124 :

255 4186 272 4214 ι
310 4165 546 4222 Verbum
577 4182 707 4221 caro
749 4166 950 4220 factum
987 4166 1132 4229 cst’,
1166 4185 1183 4217 ι
1215 4163 1514 4230 ideodicit,
1545 4163 1818 4217 hominem

250 4259 469 4328 quidem
501 4275 624 4314 eum
649 4275 771 4315 esse
793 4275 858 4314 ex
889 4257 1108 4328 Virgine
1132 4259 1398 4328 genitum,
1437 4265 1491 4312 et
1521 4273 1586 4313 ex
1627 4267 1820 4311 natura

249 4363 352 4403 sua
405 4350 542 4404 nihil
589 4349 834 4406 divinutn
891 4350 1128 4417 habere;
1161 4347 1330 4403 Deum
1379 4364 1507 4402 vero
1563 4349 1615 4402 in
1677 4348 1819 4402 hunc

251 4439 429 4508 ipsum
478 4441 850 4496 descendisse.
908 4439 1080 4496 Porro
1133 4439 1225 4509 qui
1269 4439 1385 4494 haec
1442 4439 1653 4503 dicunt,
1715 4439 1818 4494 sibi

1928 3251 2105 3321 σάρκα
2153 3249 2604 3322 προσειληφέναι,
2659 3248 2769 3302 ἀλλ’
2819 3249 2954 3303 ἑνῶν
3003 3251 3192 3304 ἑαυτὸν
3235 3251 3373 3322 πρὸς
3402 3253 3506 3323 τὴν

1927 3342 2104 3413 σάρκα
2128 3359 2141 3371 '
2197 3341 2383 3413 ἐπειδὴ
2433 3341 2574 3394 κατά
2609 3341 2819 3395 Παῦλον
2849 3341 2960 3412 (64)
2995 3343 3052 3394 ὲν
3074 3343 3378 3414 ὁμοιώματι
3406 3345 3506 3397 ἀν-

1926 3433 2154 3506 θρώπων
2174 3435 2383 3502 γέγονε,
2419 3435 2512 3486 καὶ
2534 3437 2769 3504 σχήματι
2815 3435 3058 3504 εὑρεθεὶς
3081 3434 3156 3498 ὡς
3189 3434 3502 3506 ἄνθρωπος.

1937 3527 1994 3578 Ὀ
2017 3525 2071 3578 δὲ
2096 3524 2375 3596 ἄνθρωπος
2424 3524 2480 3577 ἓν
2535 3525 2841 3597 πρόσωπον,
2882 3526 2975 3578 καὶ
3020 3526 3157 3590 ζῶον
3183 3525 3261 3590 ἓν,
3299 3525 3410 3581 ἀπό
3438 3543 3506 3582 τε

1925 3618 2231 3688 πνεύματος
2269 3618 2363 3670 καὶ
2423 3617 2658 3688 σαρκός·
2714 3618 2852 3671 κατά
2891 3618 2948 3671 δὲ
2997 3617 3056 3670 τὸ
3099 3618 3353 3688 ὁμοίωμα
3403 3619 3506 3674 αὐ-

1923 3708 2016 3763 τοῦ
2046 3709 2154 3780 (65)
2200 3710 2416 3780 νοητέον
2441 3708 2529 3762 τὸν
2567 3707 2795 3780 Χριστὸν
2825 3709 2937 3774 ἕνα,
2973 3709 3066 3762 καὶ
3117 3712 3175 3762 οὐ
3208 3710 3302 3764 δύο
3329 3711 3506 3784 πρόσ-

1923 3818 2066 3861 ωπα,
2107 3800 2243 3870 ὅπερ
2282 3799 2432 3871 ήνῦν
2484 3798 2706 3851 ἀπιστία
2740 3798 3004 3870 βιάζεται,
3059 3799 3246 3869 σαφῶς
3287 3801 3506 3854 ἀπολει-

1924 3893 2136 3964 πομένη
2162 3893 2257 3945 τοῦ
2291 3892 2549 3962 μεγέθους
2576 3891 2676 3962 τῆς
2702 3892 2852 3956 θείας
2875 3893 3113 3965 χάριτος,
3141 3895 3236 3947 καὶ
3258 3894 3336 3964 τῷ
3379 3893 3503 3948 Ἐλ-

1921 3985 2123 4056 ληνικῷ
2157 3984 2435 4055 σκανδάλῳ
2459 3985 2878 4055 περιπίπτουσα.
2920 3986 3136 4058 Ἐπειδὴ
3161 3985 3270 4058 γὰρ
3309 3988 3369 4040 ού
3405 4003 3501 4039 πι-

1925 4076 2100 4130 στεύει
2153 4077 2376 4130 δυνατὸν
2418 4072 2556 4129 εἶναι
2611 4076 2702 4130 τὸν
2759 4075 2891 4130 Θεὸν
2922 4078 3206 4148 ἄνθρωπον
3242 4077 3500 4148 γενέσθαι

1923 4167 2064 4222 κατά
2117 4168 2214 4239 τὴν
2258 4167 2316 4232 ἐξ
2347 4168 2521 4240 ἀρχῆς
2577 4168 2758 4238 φωνὴν
2797 4168 3066 4232 Ἰωάννου,
3107 4169 3378 4238 λέγοντος,
3412 4171 3499 4224 ὅτι

1927 4279 1945 4311 ι
1995 4261 2052 4314 '0
2081 4260 2248 4329 Λόγος
2287 4260 2420 4332 σὰρξ
2463 4261 2696 4328 ἐγένετο,
2727 4279 2744 4311 ι
2779 4261 2864 4313 διὰ
2890 4261 3046 4314 τοῦτό
3084 4279 3247 4330 φησιν
3271 4261 3382 4333 (66)
3411 4262 3500 4316 ἀνο

1921 4351 2135 4422 θρωπον
2191 4351 2290 4421 μὲν
2319 4347 2455 4404 εἶναι
2510 4352 2574 4405 ὲκ
2617 4353 2716 4422 τῆς
2746 4350 3022 4422 Παρθένου
3070 4351 3351 4421 τεχθέντα,
3398 4351 3498 4405 καὶ

1925 4443 2087 4515 μηδὲν
2123 4443 2263 4516 ἔχειν
2277 4448 2340 4515 τῇ
2372 4445 2528 4514 φύσει
2559 4445 2735 4499 θεῖκόν
2754 4463 2766 4475 ·
2800 4445 2930 4499 Θεὸν
2957 4446 3109 4508 δὲείς
3139 4445 3301 4498 αὑτὸν
3329 4462 3498 4498 κατα-

247 4507 353 4600 ipsi
385 4531 612 4588 adversa
631 4533 934 4603 proferunt,
966 4532 1122 4604 quasi
1150 4507 1327 4587 Verbo
1350 4532 1812 4596 contradicentes,

1933 4507 2231 4606 ϐεϐηκέναι.
2383 4507 2446 4588 ’δὲ
2487 4535 2659 4589 ταῦτα
2705 4536 2971 4604 λέγοντες,
2991 4536 3129 4589 αύτά
3160 4535 3231 4588 τὰ
3271 4536 3494 4589 ἐναντία

247 4621 378 4677 dum
411 4622 581 4688 aiunt,
629 4622 825 4677 Filium
886 4623 1124 4678 hominis
1179 4637 1288 4678 non
1318 4638 1349 4678 e
1385 4623 1523 4678 coelo
1579 4622 1814 4676 descen-

253 4716 498 4780 dentem,
533 4716 627 4772 sed
654 4732 684 4772 e
727 4725 871 4772 terra
904 4725 1243 4788 surgentem,
1267 4715 1438 4772 Deum
1472 4731 1502 4772 e
1531 4717 1672 4770 coelo
1720 4716 1818 4770 de-

246 4808 593 4868 scendentem
617 4809 671 4862 in
695 4824 754 4864 se
784 4811 1075 4880 recepisse.

315 4900 369 4955 3.
411 4899 522 4954 Nos
546 4900 727 4972 itaque
749 4903 902 4957 decet
929 4903 1126 4960 divinis
1181 4903 1446 4960 inhaerere
1479 4901 1684 4967 verbis,
1709 4917 1810 4957 nec

1923 4627 2188 4696 λέγουσιν,
2217 4628 2404 4699 ὥσπερ
2431 4628 2795 4697 ἀντιλέγοντες
2829 4629 2905 4699 τῷ
2930 4629 3107 4699 Λόγῳ,
3138 4629 3218 4680 ὅτι
3239 4629 3359 4698 οὐχ).
3391 4645 3496 4681 κα-

1922 4716 2238 4789 ταϐεϐηκὼς
2283 4719 2342 4784 ἐξ
2377 4718 2602 4789 ούρανοῦ
2652 4717 2774 4782 Υἱὸς
2807 4718 3114 4789 ἀνθρώπου,
3144 4717 3258 4771 ἀλλ’
3287 4719 3351 4772 ἐκ
3384 4721 3492 4792 γῆς

1920 4811 2178 4874 ἀναστὰς,
2208 4810 2497 4877 ὑπεδέξατο
2522 4810 2630 4881 (67)
2665 4809 2753 4864 τὸν
2783 4809 2840 4874 ἐξ
2863 4809 3092 4882 ούρανοῦ
3117 4810 3266 4863 Θεόν.

1987 4902 2040 4956 2.
2093 4903 2268 4973 Ἠμᾶς
2289 4898 2379 4955 οὖν
2434 4901 2608 4966 καλῶς
2642 4899 2752 4971 ἔχει
2797 4902 2908 4964 τοῖς
2934 4900 3096 4964 θείοις
3118 4900 3344 4955 ἔπεσθαι
3386 4902 3492 4972 ῥή-

320 5059 341 5086 δ
379 5057 559 5113 Eccle.
596 5075 669 5112 vn
698 5057 786 5111 2t.
866 5060 886 5090 ⁸
911 5058 1068 5113 Joan.
1121 5073 1175 5116 ιιι
1200 5098 1215 5120 .
1248 5058 1333 5113 l5.
1411 5058 1432 5090 ⁸
1465 5057 1623 5114 Joan.
1659 5073 1751 5123 νι,
1789 5056 1826 5112 61

1951 5058 1973 5089 ⁷
2010 5057 2140 5112 ibid.
2174 5057 2235 5111 5f
2263 5099 2276 5124 ,
2309 5057 2395 5112 5'5.
2471 5057 2492 5088 ⁸
2530 5054 2763 5128 Philipp.
2803 5073 2880 5122 ιι,
2917 5058 2968 5113 7.
3061 5061 3080 5090 ⁹
3105 5058 3262 5114 Joan.
3301 5077 3340 5125 ι,
3377 5063 3466 5117 Η.

321 5171 455 5240 (59‘)
493 5173 552 5225 In
575 5171 832 5242 Symbolo
863 5192 874 5226 :
913 5173 1051 5226 Nam
1082 5174 1218 5226 sicut
1241 5173 1421 5228 anima
1450 5173 1728 5228 rationalis
1758 5179 1807 5225 et

1933 5191 2024 5232 ιον.
2053 5171 2218 5242 Εάὶίιί,
2244 5171 2382 5225 κατὰ
2407 5171 2630 5225 Παῦλον.

245 5258 370 5300 σαι-ο
395 5257 529 5294 unus
558 5254 631 5294 est
665 5242 838 5304 homo,
863 5251 968 5296 etc.

316 5310 426 5382 (60)
465 5311 662 5382 Λύτῆς,
693 5313 844 5366 deest
877 5313 928 5365 in
965 5312 1185 5382 Seguer.

1986 5243 2114 5314 (65)
2140 5241 2615 5314 seguer.,_a01_ti_)v.
2647 5240 2788 5314 lpfra
2843 5241 3071 5314 Gobler.
3103 5251 3156 5296 et
3188 5243 3334 5314 Eelc.
3369 5245 3485 5314 pri-

1916 5310 2056 5374 mus,
2081 5310 2488 5382 ’ἀπολιπομένη.
2509 5311 2627 5382 Mox
2655 5310 2900 5382 Seguer.,
2919 5313 3157 5382 Anglic.,
3187 5310 3408 5368 Gobler.
3429 5325 3486 5368 et

319 5379 630 5470 (tinuBasil.
663 5382 958 5470 Anglinczet
979 5379 1232 5470 δέψει-ν
1250 5381 1610 5470 Δδξὴκςὶῗῦμῖν.
1644 5380 1809 5437 Paulo

1933 5386 2061 5470 Felc.
2098 5385 2164 5466 l,’
2181 5384 2278 5470 τῆς
2308 5379 2894 5470 θξίαςχάριτοςζΕιΙὶιι
2929 5389 2984 5435 ει
3012 5379 3194 5437 Ceteri
3226 5397 3480 5440 manusc.

246 5459 400 5530 post,
421 5450 647 5530 65,.ante
677 5450 773 5530 τὰς
807 5450 1269 5530 βεϐήλουςζκάεεει
1297 5454 1352 5506 in
1377 5450 1590 5523 Anglic.

344 5519 623 5592 _Leg.
659 5519 1034 5592 σωθησόμεθα.
1080 5523 1231 5576 Εοιτ.

472 5588 1122 5664 Easilicnsis'etAnglic"
1159 5588 1374 5664 édntoij
1406 5593 1662 5664 θεωρῆτε.

341 5659 431 5732 65)
474 5660 723 5732 ξθευεικ,
754 5661 954 5732 Σαφῶς
971 5659 1026 5714 δέ
1060 5681 1160 5715 που
1193 5661 1278 5715 διά
1305 5663 1368 5732 δὴ
1399 5659 1620 5715 τούτων.

345 5730 433 5801 64)
474 5730 1060 5802 Basilicnsis,Anglic.,
1098 5730 1519 5803 δρειιετηκατά
1547 5730 1799 5811 Ἀπόστοτ

1915 5457 2076 5516 male,
2105 5455 2202 5525 τῆς
2225 5451 2738 5525 ἀληθείαςχχάριτος.

1983 5525 2095 5590 (66)
2134 5520 2208 5577 Ita
2243 5520 2375 5577 mss.
2406 5520 2546 5576 Editi
2576 5520 2779 5592 autem,
2821 5520 2944 5592 ἔφη.

1982 5596 2094 5667 (67)
2135 5593 2420 5667 Basilicus.
2471 5602 2523 5649 et
2565 5591 2814 5666 Seguer.,
2856 5590 3116 5661 ὑπεδέξω,
3152 5607 3276 5664 qua:
3312 5593 3481 5651 lectio

1904 5663 2013 5725 non
2046 5663 2365 5738 spernenda.
