3890 6186
80 364 153 422 97
1350 332 1631 415 comins
1674 357 2146 415 SABELLIA‘NOS
3305 361 3373 419 ss

81 481 305 543 πτίους,
342 458 441 532 acui.
464 477 616 532 ἄλλοι
650 476 838 530 πολλοὶ
860 474 1078 540 ἀσεϐεῖς
1107 474 1220 546 (τι)
1256 473 1507 529 ἀσεϐέσιν
1534 474 1693 544 ὴναν-

1821 483 1990 530 :ontra
2024 474 2316 548 Egyptios
2351 495 2364 530 :
2406 474 2609 547 aliique
2633 477 2943 550 complures
2985 478 3160 550 impii,
3195 481 3378 552 impiis

78 572 391 643 τιὼθησαν.
423 570 503 623 Οὐ
535 570 719 623 τοίνυν
754 567 983 639 ἐξαρκεῖ
1008 566 1072 620 τὸ
1094 566 1230 638 πρὸς
1254 565 1513 620 ἀσέϐειαν
1546 564 1697 619 ἀνθί-

84 664 349 726 στασθαι,
392 663 443 714 εί
494 660 571 731 μὴ
602 660 673 714 δι’
708 659 1001 714 εὐσέϐειαν
1049 659 1085 729 ἡ
1132 658 1269 728 πρὸς
1312 658 1414 729 τὴν
1444 657 1702 711 ἀσέϐειαν

80 757 413 817 ἀντίστασις
433 752 694 824 γίγνηται
716 753 852 823 (75).
870 752 1051 806 Πολλὰ
1075 752 1168 806 καὶ
1195 751 1407 822 μεγάλα
1428 752 1572 806 κατὰ
1592 752 1703 807 τῶν

82 844 629 916 είδωλολατρούντων
662 844 850 914 έχουσι
889 843 1069 912 λέγειν
1098 845 1148 896 οί
1195 842 1464 907 Ἰουδαῖοι,
1498 844 1593 896 καὶ
1633 843 1705 896 δί-

84 955 223 992 καια
256 938 481 1006 λέγουσι
512 935 954 1007 κατηγοροῦντες
974 934 1155 989 αὐτῶν
1180 936 1247 1006 τῇ
1270 934 1447 989 κτίσει
1475 934 1705 1006 λατρευ-

84 1028 267 1081 όντων
298 1029 457 1099 παρὰ
488 1025 604 1097 (76)
642 1026 737 1079 τὸν
772 1025 1059 1079 κτίσαντα.
1102 1024 1241 1077 Ἀλλ’
1275 1025 1376 1095 οὐχ
1398 1025 1479 1078 ὅτι
1507 1023 1705 1077 δυσσέ-

84 1118 244 1172 ϐειαν
288 1120 604 1189 ἐλέγχουσι,
656 1117 747 1169 διὰ
777 1115 936 1169 τοῦτο
986 1116 1232 1168 εὐσεϐεῖν
1270 1114 1707 1186 όμολογηθήσον-

82 1227 199 1275 ται,
244 1214 342 1263 τὸν
380 1210 511 1263 ΐίὸν
555 1208 654 1262 τοῦ
697 1206 858 1269 Θεοῦ,
888 1207 955 1258 δι’
1006 1199 1068 1259 οὗ
1107 1207 1179 1261 τὰ
1229 1206 1409 1261 πάντα
1457 1206 1702 1275 γέγονεν,

82 1303 443 1375 ἀρνούμενοι,
485 1301 585 1355 καὶ
625 1303 740 1362 τοῖς
771 1299 838 1352 δι’
873 1298 1039 1352 αὐτοῦ
1083 1298 1175 1351 τὸν
1208 1298 1434 1371 Πατέρα
1475 1296 1705 1367 σεϐομέ-

85 1412 203 1460 νοις
242 1393 617 1462 ἐγκαλοῦντες
654 1392 1044 1462 πολυθεότητα.
1073 1391 1272 1462 Διόπερ
1303 1389 1707 1461 ὲξεληλύθαμεν

86 1489 148 1553 ἐξ
184 1488 492 1559 Ἑλλήνων,
526 1487 623 1539 καὶ
654 1483 1038 1556 ἀφωρίσμεθα,
1072 1482 1208 1555 πρὸς
1233 1483 1294 1536 τὸ
1328 1483 1402 1554 μὴ
1434 1485 1553 1545 ταῖς
1576 1483 1708 1534 ἀκα-

88 1580 315 1651 θάρτοις
354 1576 841 1648 είδωλολατρείαις
887 1574 1327 1646 ἀναμίγνυσθαι·
1366 1572 1706 1643 ἐξεληλύθα-

92 1690 192 1741 μεν
234 1672 296 1725 δὲ
331 1673 432 1725 καὶ
466 1673 533 1723 ἐκ
581 1670 682 1738 τῆς
721 1668 832 1722 τῶν
875 1667 1144 1721 Ἰουδαίων
1197 1666 1568 1737 βλασφημίας,
1612 1665 1704 1717 τὸν

90 1765 223 1817 Υίὸν
241 1764 700 1835 ὁμολογήσαντες
726 1759 823 1814 τοῦ
848 1759 1009 1824 Θεοῦ,
1045 1760 1140 1812 καὶ
1173 1760 1436 1829 φυγόντες
1458 1758 1557 1828 τὴν
1589 1756 1705 1809 ὀλέ-

1802 567 2075 623 adversati
2108 576 2259 624 sunt.
2285 566 2523 639 ideoque
2556 585 2665 624 non
2702 569 2900 625 sullicit
2939 570 3207 641 impietati
3228 571 3382 627 obsi-

1801 668 1969 723 stere,
2002 660 2109 715 nisi
2135 661 2357 731 pietatis
2383 678 2551 719 causa
2595 662 2673 717 illi
2722 662 3043 717 absistatur.
3085 660 3145 717 In
3189 663 3379 719 multis

1804 753 2173 822 gravibusque
2203 754 2370 809 rebus
2417 752 2588 809 Judaei
2639 753 2963 809 idololatras
2992 768 3223 824 arguere
3250 768 3381 823 pos-

1803 854 1952 907 sunt,
1984 845 2229 914 ipsisque
2246 845 2397 916 justa
2418 845 2487 902 de
2513 860 2679 902 causa
2710 846 2928 900 crimini
2962 854 3204 908 vertunt.
3231 845 3380 917 quod

1803 944 2073 991 creaturae
2098 938 2283 1007 potius
2317 953 2481 1008 quam
2535 940 2769 994 creatori
2823 938 3084 994 serviant.
3130 936 3244 992 Nec
3293 948 3379 991 ta-

1806 1043 1929 1081 men
1957 1043 2023 1082 eo
2051 1028 2199 1098 quod
2233 1027 2569 1099 impietatem
2615 1038 2871 1099 arguant,
2906 1029 3034 1083 hinc
3066 1028 3151 1099 pie
3177 1029 3383 1083 sentire

1806 1128 2200 1189 agnoscentur,
2229 1119 2357 1174 dum
2408 1119 2608 1174 Filium
2662 1119 2781 1188 Dei,
2844 1137 2941 1193 per
2989 1136 3149 1191 quem
3197 1121 3383 1175 omnia

1809 1211 1951 1265 facta
1988 1220 2137 1277 sunt,
2183 1219 2387 1283 negant
2420 1228 2433 1263 :
2469 1220 2524 1268 et
2548 1212 2678 1266 dum
2731 1228 2847 1276 eos,
2881 1213 2976 1283 qui
3027 1228 3124 1283 per
3177 1212 3380 1281 ipsum,

1808 1302 2022 1357 Patrem
2046 1304 2259 1368 colunt,
2280 1305 2518 1358 inducta:
2540 1304 2766 1359 deorum
2794 1305 3215 1375 multiplicitatis
3242 1304 3383 1359 insi-

1806 1395 2037 1448 mulant.
2063 1393 2332 1461 Quocirca
2370 1395 2438 1450 ab
2493 1395 2725 1451 ethnicis
2772 1395 3154 1462 discessimus,
3190 1395 3261 1450 ab
3293 1396 3384 1451 iis-

1806 1501 1913 1555 que
1949 1485 2220 1555 segregati
2259 1500 2472 1549 sumus,
2506 1501 2574 1539 ne
2618 1485 2836 1555 impuro
2892 1485 3162 1540 idolorum
3211 1486 3384 1540 cultui

1806 1575 2242 1630 admisceremur
2276 1595 2288 1631 :
2328 1592 2357 1630 a
2402 1575 2715 1631 Judzeorum
2767 1593 2987 1648 quoque
3045 1578 3385 1650 blaSphemia

1809 1670 2209 1735 abscessimus,
2235 1685 2359 1723 eum
2394 1668 2490 1724 Dei
2547 1668 2744 1724 Filium
2792 1669 3033 1725 confessi
3062 1685 3277 1735 sumus,
3301 1678 3386 1724 at-

1808 1778 1914 1833 que
1970 1762 2263 1833 eﬂugimus
2298 1764 2666 1834 perniciosam
2714 1764 3128 1835 abnegatiouem
3170 1762 3385 1819 Domini

91 1856 245 1927 δριον
274 1857 517 1929 ἄρνησιν
547 1854 643 1907 τοῦ
676 1852 887 1925 Κυρίου
918 1851 1094 1923 ἡμῶν,
1128 1851 1222 1904 τοῦ
1246 1851 1496 1919 λέγοντος
1514 1867 1526 1880 ·
1563 1869 1582 1899 ι
1608 1850 1702 1911 Ὃς

1821 1855 1983 1911 mostri
2016 1855 2289 1910 dicentis:
2320 1873 2339 1905 ι
2369 1853 2471 1921 Qui
2510 1852 2689 1909 autem
2751 1855 3029 1923 negaverit
3074 1869 3162 1909 me
3201 1868 3386 1909 coram

91 1951 137 2003 δ’
172 1949 239 2003 ἂν
266 1948 588 2021 ἀρνήσηταί
614 1963 683 2017 με
710 1943 1022 2017 ἔμπροσθεν
1046 1942 1151 1996 τῶν
1176 1942 1502 2015 ἀνθρώπων,
1532 1940 1704 2011 ἀρνή-

96 2059 265 2112 σομαι
306 2042 477 2095 αὑτὸν
514 2038 826 2110 ἔμπροσθεν
861 2036 957 2089 τοῦ
995 2036 1204 2106 Πατρός
1234 2051 1336 2105 μου
1369 2032 1464 2087 τοῦ
1500 2034 1558 2085 ὲν
1593 2036 1706 2096 τοῖς

94 2136 374 2206 οὐρανοξ,
416 2152 436 2183 ι
488 2129 896 2202 Ὁμολογοῦμεν
937 2128 994 2182 δὲ
1043 2127 1135 2181 τὸν
1177 2126 1304 2179 Υίὸν
1350 2126 1417 2178 ὲκ
1469 2124 1703 2196 Πατρὸς,

95 2228 192 2280 καὶ
222 2228 315 2279 ἀεὶ
361 2225 507 2295 μετὰ
530 2222 625 2276 τοῦ
669 2222 905 2293 Πατρὸς,
937 2220 1282 2283 πιστεύοντες
1310 2216 1458 2288 αὐτῷ
1494 2216 1707 2286 λέγοντι

97 2321 194 2372 καὶ
232 2315 706 2386 ἐπαγγελλομένῳ
747 2314 895 2382 (77)*
936 2332 956 2364 σ
1000 2315 1113 2376 Πᾶς
1150 2312 1300 2376 ὅστις
1327 2311 1709 2383 ὁμολογήσειεν

99 2409 201 2481 ἐμὲ
256 2406 585 2479 ἔμπροσθεν
638 2405 751 2459 τῶν
802 2404 1127 2476 ἀνθρώπων,
1181 2403 1502 2475 ὁμολογήσω
1554 2402 1710 2472 κάγὼ

100 2501 266 2555 αὐτὸν
306 2496 632 2570 ἔμπροσθεν
659 2495 755 2549 τοῦ
789 2497 1002 2568 Πατρός
1036 2512 1138 2566 μου
1173 2489 1265 2549 τοῦ
1304 2496 1363 2548 ὲν
1396 2497 1512 2558 τοῖς
1543 2495 1709 2567 οὐρα-

101 2598 296 2659 νοίς.»

168 2708 226 2762 Ξ.
264 2707 449 2761 Τοῦτο
475 2705 720 2777 ὁρῶντες
746 2703 807 2757 τὸ
828 2702 1201 2775 παράδειγμα,
1233 2702 1330 2757 καὶ
1359 2700 1453 2755 νῦν
1475 2700 1712 2771 ἀπηλλο-

100 2800 427 2874 τριὼθημεν
458 2800 570 2851 τῶν
607 2795 1027 2869 Ἑλληνιζὼτων
1057 2797 1142 2849 ἐπ’
1185 2795 1409 2866 ὀνόματι
1452 2796 1713 2866 Χριστια-

101 2892 326 2964 νισμοῦ,
366 2891 481 2945 τῶν
522 2889 688 2961 ἔργον
709 2887 850 2942 Θεοῦ
877 2887 1199 2958 τολμώντων
1230 2886 1500 2955 θεολογεῖν
1531 2903 1589 2939 τε
1618 2886 1713 2941 καὶ

107 2988 472 3056 προσκυνεῖν.
521 2982 892 3054 Χωριζόμεθα
936 2980 995 3033 δὲ
1041 2979 1274 3034 καὶτῶν
1317 2978 1713 3043 Ἰουδαῖζόντων

106 3080 198 3131 καὶ
234 3078 332 3131 τὸν
380 3076 824 3148 Χριστιανισμὸν
868 3075 926 3127 ὲν
962 3071 1279 3144 Ἰουδαϊσμῷ
1321 3071 1715 3144 παραφοειρόν-

108 3188 241 3223 των·
304 3171 397 3232 οἶ,
450 3170 550 3222 τὸν
584 3170 651 3222 ὲκ
687 3167 784 3221 τοῦ
824 3164 963 3219 Θεοῦ
1002 3165 1133 3219 Θεὸν
1180 3164 1531 3237 ἀρνούμενοι,
1579 3162 1712 3215 Θεὸν

108 3264 203 3317 ἕνα
269 3262 687 3334 παραπλησίως
753 3259 1030 3321 Ἰουδαίοις
1095 3256 1347 3327 λέγουσιν
1384 3274 1399 3287 ο
1468 3255 1567 3326 οὐχ
1628 3256 1711 3308 ὄτι

116 3359 270 3428 μόνος
332 3355 681 3425 ἁγέννητος’
705 3351 801 3404 καὶ
862 3350 1024 3423 μόνος
1079 3346 1231 3419 πηγὴ
1288 3346 1563 3417 θεότητος,
1624 3341 1713 3396 διὰ

111 3452 267 3504 τοῦτο
328 3450 644 3518 φάσκοντες
704 3443 867 3497 αὐτὸν
932 3438 1070 3496 εἶναι
1134 3440 1292 3511 μόνον
1358 3438 1492 3493 Θεόν
1511 3453 1524 3467 ·
1596 3434 1710 3489 ἀλλ’

114 3542 186 3605 ὡς
240 3540 441 3609 ἄγονον
498 3533 634 3590 Υίοῦ
690 3533 789 3588 καὶ
844 3532 1092 3602 ἅκαρπον
1137 3528 1337 3595 ζῶντος
1388 3527 1561 3596 Λόγου
1620 3525 1715 3578 καὶ

118 3633 307 3701 σοφίας
354 3628 647 3700 ἀληθινῆς.
699 3625 873 3693 Λόγον
921 3622 1030 3695 γὰρ
1072 3618 1183 3675 οἷον
1231 3622 1326 3675 τὸν
1373 3621 1439 3673 ὲκ
1489 3616 1715 3688 καρδίας

118 3722 408 3795 ανθρώπου
475 3716 761 3789 νομίζουσι
830 3716 919 3768 τὸν
981 3712 1076 3766 τοῦ
1136 3711 1271 3765 Θεοῦ
1297 3751 1312 3775 ,
1374 3710 1469 3765 καὶ
1524 3708 1715 3778 σοφίαν

118 3815 306 3868 ὁποίαν
354 3812 459 3883 τὴν
494 3812 558 3863 ὲν
594 3810 743 3879 ψυχῇ
766 3824 780 3837 ’
838 3806 933 3859 καὶ
983 3804 1074 3858 διὰ
1104 3802 1263 3857 τοῦτο
1317 3800 1608 3872 πρόσωπον
1656 3797 1716 3850 ἓν

118 3907 207 3960 τὸν
232 3905 371 3959 Θεὸν
404 3906 525 3974 ἆμα
555 3901 634 3972 τῷ
646 3902 803 3971 Λόγῳ
836 3897 998 3969 φασίν
1015 3915 1027 3926 ·
1047 3896 1235 3964 ὥσπερ
1261 3895 1362 3948 καὶ
1386 3893 1479 3946 τὸν
1508 3891 1717 3963 ἄνθρω-

120 4014 218 4053 πον
248 4000 371 4068 ἅμα
388 3996 468 4066 τῷ
489 3992 685 4047 ἑαυτοῦ
714 3992 872 4061 Λόγῳ
901 3987 1183 4061 ἄνθρωπον
1216 3986 1333 4048 ἕνα,
1367 3983 1519 4037 οὐδὲν
1557 3982 1718 4035 πλέον

134 4091 411 4146 Ἰουδαίων
455 4083 809 4150 δοξάζοντες,
856 4081 966 4134 τῶν
1018 4081 1120 4133 οὐκ
1165 4075 1583 4146 ἀποδεξαμένων
1627 4072 1719 4127 τὸν

125 4180 525 4252 εὖατγελιστὴν
555 4179 646 4230 τὸν
685 4176 846 4238 εὑῡὺς
878 4173 987 4243 (78)
1026 4170 1084 4236 ἐξ
1109 4170 1282 4242 ἀρχῆς
1316 4166 1555 4239 βοῶντα*
1590 4165 1721 4218 «Ἐν

127 4275 267 4343 ἀρχῇ
294 4268 365 4342 ἢν
395 4271 427 4322 ό
457 4268 654 4336 Λόγος,
684 4266 777 4319 καὶ
808 4267 836 4318 ὁ
861 4264 1033 4333 Λόγος
1062 4257 1131 4334 ἦν
1158 4260 1293 4332 πρὸς
1316 4259 1409 4312 τὸν
1438 4256 1592 4322 Θεὸν,
1627 4254 1722 4308 καὶ

128 4364 258 4425 Θεὸς
297 4358 370 4432 ἧν
400 4362 430 4413 ὁ
461 4359 659 4425 Λόγος.
686 4375 704 4406 ι
762 4356 827 4408 Εἰ
851 4354 961 4425 γὰρ
994 4353 1053 4406 ὲν
1091 4349 1289 4422 καρδίᾳ
1327 4348 1499 4416 Λόγον
1535 4346 1563 4399 ὁ
1590 4344 1722 4408 Θεὸς

129 4456 242 4525 ἔχει
274 4455 352 4524 μὴ
397 4447 803 4519 γεγεννημένον
843 4446 953 4517 (79)
988 4445 1045 4511 ἐξ
1071 4441 1236 4497 αὐτοῦ
1270 4440 1412 4496 κατὰ
1442 4437 1720 4508 ἀλήθειαν,

1810 1948 2151 2011 hominibus,
2187 1948 2398 2018 negabo
2424 1963 2550 2002 eum
2578 1962 2763 2001 coram
2808 1945 2972 2000 Patre
3019 1961 3160 2010 meo,
3197 1947 3291 2016 qui
3330 1946 3389 2001 in

1809 2039 1966 2095 caelis
1988 2047 2073 2094 est
2100 2038 2166 2095 ι’.
2197 2058 2217 2091 ι
2256 2038 2368 2094 Nos
2392 2054 2558 2109 porro
2583 2037 2909 2094 conﬁtemur
2956 2038 3152 2093 Filium
3185 2053 3250 2093 ex
3281 2036 3387 2092 Pa-

1808 2138 1891 2186 tre
1916 2146 2059 2195 esse,
2093 2145 2156 2185 ac
2184 2145 2401 2201 semper
2420 2146 2543 2186 esse
2574 2147 2699 2185 cum
2722 2130 2882 2186 Patre
2917 2147 2931 2183 :
2969 2140 3132 2202 atque
3168 2130 3247 2185 illi
3268 2145 3389 2186 cre-

1809 2221 1992 2280 dimus
2032 2222 2123 2293 qui
2147 2222 2253 2277 hoc
2276 2223 2352 2277 ait
2383 2231 2436 2279 et
2457 2224 2749 2295 pollicetur
2785 2242 2800 2282 :
2834 2244 2853 2277 ‹
2888 2222 3081 2280 Omnis
3101 2225 3194 2293 qui
3220 2225 3391 2278 conti-

1810 2313 2015 2368 tehitur
2047 2329 2134 2368 me
2164 2329 2349 2369 coram
2375 2314 2712 2378 hominibus,
2736 2313 3039 2369 conﬁtebor
3060 2323 3116 2370 et
3144 2328 3243 2386 ego
3262 2328 3389 2370 eum

1812 2420 1998 2460 coram
2024 2404 2188 2461 Patre
2217 2421 2359 2472 meo,
2387 2407 2478 2477 qui
2510 2407 2565 2461 in
2588 2407 2743 2463 coelis
2774 2407 2938 2464 est“.

1882 2688 1938 2744 2.
1978 2686 2094 2743 Hoc
2116 2686 2394 2757 exemplar
2411 2701 2534 2741 cum
2560 2693 2890 2747 intueamur,
2910 2683 3022 2753 jam
3037 2697 3393 2753 segregamur

1818 2782 1888 2837 ab
1921 2782 1992 2837 iis
2025 2782 2119 2851 qui
2146 2780 2249 2836 sub
2293 2779 2515 2834 nomine
2543 2776 2952 2833 Christianismi
2998 2790 3121 2830 cum
3157 2773 3393 2831 ethnicis

1815 2872 2085 2936 sentiunt,
2122 2869 2437 2939 audentque
2470 2866 2566 2922 Dei
2606 2865 2906 2937 opiﬁcium,
2938 2862 3108 2917 Deum
3136 2861 3319 2918 dicere
3339 2869 3397 2918 et

1816 2962 2068 3017 adorare.
2108 2958 2473 3031 Segregamur
2500 2970 2721 3027 quoque
2749 2969 2779 3008 a
2830 2950 3268 3015 Judaizantibus,
3297 2949 3393 3019 qui

1815 3052 2299 3111 Christianismum
2333 3050 2389 3103 in
2417 3046 2705 3103 Judaismo
2734 3044 3074 3113 depravant:
3110 3042 3202 3111 qui
3243 3055 3392 3102 cum,

1816 3146 1910 3219 qui
1940 3162 2005 3202 ex
2030 3144 2141 3199 Deo
2169 3151 2274 3208 est,
2305 3140 2473 3196 Deum
2496 3154 2619 3195 esse
2643 3145 2843 3209 negant
2875 3155 2887 3190 :
2924 3134 3204 3204 Deumque
3225 3147 3396 3187 unum

1819 3237 2279 3312 quemadmodum
2322 3232 2497 3288 Judaei
2533 3230 2833 3303 praedicant
2866 3247 2878 3282 :
2913 3228 3004 3298 qui
3057 3242 3167 3280 non
3210 3240 3277 3280 eo
3308 3224 3395 3278 di-

1819 3342 1954 3391 cunt
1988 3335 2169 3405 ipsum
2194 3346 2320 3387 esse
2364 3330 2540 3384 solum
2590 3325 2780 3389 Deum,
2816 3320 2962 3393 quod
2984 3321 3139 3376 solus
3164 3334 3273 3373 non
3300 3332 3395 3387 ge-

1820 3432 1997 3488 nitus,
2019 3430 2075 3478 et
2097 3422 2242 3493 quod
2274 3421 2425 3475 solus
2453 3416 2575 3471 fons
2605 3413 2826 3469 deitatis
2866 3412 2974 3475 sit;
3008 3409 3102 3465 sed
3128 3407 3274 3479 quod
3305 3405 3398 3462 Fi-

1821 3516 1956 3571 lium
1984 3529 2095 3569 non
2121 3511 2392 3584 genuerit,
2418 3522 2522 3562 nec
2569 3503 2810 3560 Verbum
2858 3502 3071 3562 vivens,
3103 3511 3402 3568 veramque

1821 3607 2146 3678 sapientiam
2178 3600 2518 3674 produxerit.
2553 3596 2688 3651 Nam
2743 3593 2982 3648 Verbum
3029 3590 3125 3646 Dei
3157 3590 3401 3652 taleexi-

1822 3702 2070 3760 stimant,
2107 3694 2269 3767 quale
2291 3691 2427 3747 illud
2456 3705 2523 3746 ex
2565 3688 2806 3742 humano
2837 3684 3002 3740 corde
3042 3680 3347 3752 procedens
3382 3698 3398 3735 :

1821 3800 1878 3848 et
1928 3789 2252 3861 sapientiam
2311 3783 2433 3848 Dei,
2483 3782 2701 3853 qualem
2766 3779 2912 3833 illam
2946 3791 3067 3847 qua:
3118 3776 3173 3830 in
3218 3773 3400 3828 anima

1821 3882 2040 3941 exsistit
2061 3897 2075 3934 :
2093 3885 2425 3949 quapropter
2440 3873 2608 3930 Deum
2631 3885 2755 3926 cum
2778 3868 2953 3924 Verbo
2972 3883 3073 3923 suo
3092 3866 3200 3936 29
3217 3878 3403 3935 perso-

1825 3990 1950 4031 nam
1969 3987 2134 4028 unam
2151 3986 2274 4027 esse
2292 3969 2504 4030 dicunt,
2525 3974 2583 4020 ut
2601 3974 2654 4021 et
2680 3962 2955 4019 hominem
2978 3975 3102 4015 cum
3118 3959 3283 4014 verbo
3300 3972 3402 4013 suo

1825 4068 2100 4122 hominem
2131 4077 2324 4126 unum,
2348 4075 2450 4116 nec
2471 4060 2596 4130 plus
2619 4067 2784 4127 quam
2806 4052 2978 4108 Judrei
3009 4052 3273 4112 sentiunt,
3308 4049 3399 4119 qui

1825 4156 2218 4229 evangelistam
2266 4167 2381 4208 non
2418 4150 2716 4220 recipiunt,
2757 4146 2826 4201 ab
2853 4146 2975 4215 ipso
3007 4143 3192 4198 statim
3247 4141 3402 4194 initio

1827 4253 2197 4308 clamantem:
2239 4264 2259 4298 ι
2298 4244 2355 4299 1η
2416 4242 2685 4314 principio
2730 4246 2848 4294 erat
2882 4236 3140 4300 Verbum,
3171 4240 3225 4287 ct
3277 4231 3406 4286 Ver-

1827 4344 1959 4399 bum
2006 4347 2125 4397 erat
2163 4337 2307 4408 apud
2351 4334 2546 4399 Deum,
2579 4343 2633 4388 et
2687 4330 2832 4386 Deus
2860 4335 2977 4383 erat
3012 4324 3256 4381 Verbum
3280 4324 3346 4378 ¹⁸.
3381 4342 3397 4372 ι

1833 4434 1892 4490 Si
1924 4434 2074 4489 enim
2102 4430 2248 4487 Deus
2292 4426 2535 4484 Verbum
2589 4425 2644 4479 in
2691 4423 2858 4477 corde
2898 4420 3083 4482 habet,
3132 4432 3243 4471 non
3281 4429 3310 4468 a
3345 4431 3403 4468 se

127 4506 207 4611 ἐς
396 4506 463 4598 ἐκ
478 4506 780 4604 Θεοῦΐπῶς
809 4506 877 4593 ἂν
906 4506 993 4607 είη
1024 4506 1160 4608 ⁸ιιρὸς
1184 4534 1276 4589 τὸν
1303 4533 1436 4586 Θεὸν
1463 4531 1493 4582 ὁ
1520 4506 1716 4597 Λόγος;

1831 4540 2019 4583 revera
2059 4524 2324 4595 genitum,
2349 4528 2408 4575 ut
2428 4517 2598 4573 Deum
2632 4531 2700 4571 ex
2759 4513 2904 4579 Deo;
2937 4508 3210 4581 quomodo
3261 4506 3402 4575 apud

1834 4616 1871 4626 "‘
2069 4613 2113 4626 "
2177 4614 2191 4626 ·
2468 4607 2754 4626 mann--
2810 4604 2895 4626 —-—:
2946 4601 3055 4626 an:
3116 4606 3289 4626 ..ιιιηιη
3346 4606 3400 4626 ..ι

132 4601 228 4692 κὲι
248 4638 367 4700 πῶς
384 4636 452 4689 ἂν
469 4635 559 4702 είη
577 4601 710 4694 Θεός
729 4601 846 4697 {Ob
858 4601 1010 4700 γὰρὸ
1027 4601 1182 4696 λόγος
1198 4626 1309 4695 (80)
1327 4622 1420 4677 τοῦ
1439 4620 1716 4693 ἀνθρώπου

1834 4616 2006 4673 Deum
2069 4613 2307 4670 Verbum
2365 4607 2759 4666 exsliterit?et
2803 4604 2898 4676 qui
2945 4601 3059 4657 lieri
3116 4606 3296 4670 potest
3346 4606 3405 4649 ut

130 4730 426 4801 ἄνθρωπός
459 4728 582 4779 ἐστι
620 4723 758 4793 πρὸς
786 4721 1096 4793 ἄνθρωπον,
1138 4719 1259 4771 ἐπεὶ
1286 4717 1427 4788 μήτε
1452 4713 1559 4778 ζῶν
1586 4714 1724 4775 ἐστι,

135 4824 278 4893 μήτε
305 4814 586 4887 ὑφεστὼς,
614 4813 750 4869 ἀλλὰ
794 4811 976 4881 ζώσης
1012 4809 1241 4881 καρδίας
1278 4808 1371 4860 καὶ
1411 4802 1730 4875 ὑφεστώσης

134 4914 348 4983 κίνημα
388 4910 584 4980 μόνον’
640 4904 736 4957 καὶ
780 4904 997 4971 λέγεται
1052 4900 1433 4971 παραχρῆμα,
1484 4896 1578 4949 καὶ
1628 4896 1730 4949 οὐκ

137 5009 276 5069 ἔστι,
317 5003 420 5059 καὶ
454 4998 718 5062 πολλάκις
758 4995 1091 5065 λαλούμενος
1135 4993 1248 5063 (8|)
1300 4990 1555 5044 οὐδέποτε
1614 4988 1730 5041 δια-

214 5164 259 5196 ⁸³
294 5161 494 5216 Matth.
533 5175 608 5223 ι,
639 5157 732 5212 55.
808 5155 855 5185 “
894 5151 1027 5207 ibid.
1063 5150 1154 5207 39..
1234 5149 1279 5181 ¹⁸
1316 5147 1478 5202 Joan.
1515 5161 1571 5208 ι,
1614 5144 1670 5197 1.

211 5319 325 5388 (τι)
367 5314 768 5388 Seguerianus,
810 5306 1067 5388 πολλάκις
1100 5304 1337 5388 ᾄσεδεῖξο
1431 5386 1507 5388 η
1577 5366 1699 5388 nu:

365 5366 846 5457 éoblerianuslet
886 5366 1233 5457 Segueriam,
1261 5372 1540 5457 γίγνηται1
1557 5366 1733 5457 Basi-

155 5438 638 5525 Ιίεῖιεῖέξγίνεται.
690 5449 837 5505 Editi
865 5438 997 5503 vero
1034 5454 1091 5501 et
1133 5438 1313 5500 caeteri
1336 5438 1733 5508 ‘manuscripti,

157 5531 412 5597 γίγνεται.

215 5600 327 5663 ιῖϐ)
367 5593 744 5651 Goblerianus
772 5588 936 5663 habet
962 5584 1311 5663 mpi,_male.

226 5648 340 5739 (ﬁ)
376 5648 1049 5739 ⁸ιξετατγιιλλιιιιένιιρξ
1099 5648 1266 5739 Deest
1315 5652 1372 5739 in
1396 5648 1738 5739 Agobl‘erLuet

162 5720 393 5793 Feb-1m;
402 5720 470 5792 il.
499 5734 626 5788 Mox
648 5720 845 5785 'o'nmes
860 5720 1090 5781 omnino
1109 5726 1324 5781 codices
1351 5720 1726 5793 habent,j,po-

168 5786 389 5879 ἧῼέ
405 5786 470 5862 εἶ
494 5786 645 5876 ἐμοι,
672 5799 770 5858 sed
796 5799 953 5855 male.
988 5796 1111 5852 uox
1141 5793 1293 5862 κάγώ
1317 5793 1467 5849 deest
1503 5791 1558 5843 in
1578 5786 1735 5841 Basi-

1834 4707 2077 4763 Verbum
2112 4704 2258 4759 Deus
2297 4700 2499 4756 fuerit?
2534 4696 2653 4752 Non
2693 4696 2839 4751 enim
2894 4693 3120 4748 verbum
3168 4687 3405 4743 hominis

1833 4799 1999 4854 homo
2027 4804 2111 4851 est
2141 4793 2283 4864 apud
2316 4791 2612 4855 hominem,
2649 4802 2773 4843 cum
2821 4800 2923 4840 nec
2951 4783 3097 4836 vivat
3144 4792 3245 4833 nec
3276 4776 3403 4831 sub-

1835 4892 2015 4955 sistat,
2040 4888 2136 4944 sed
2157 4885 2264 4941 vivi
2289 4893 2341 4940 et
2375 4881 2731 4938 subsistentis
2777 4875 2962 4934 cordis
2986 4881 3167 4928 motus
3192 4878 3401 4924 tantum

1835 4985 1948 5040 sit:
1978 4979 2125 5053 quod
2155 4993 2281 5033 mox
2323 4982 2382 5030 ut
2424 4973 2836 5045 pronuntiatum
2869 4976 2973 5034 est,
3018 4979 3127 5020 non
3171 4959 3406 5030 amplius

1846 5290 2003 5345 liensi
2036 5298 2089 5342 et
2119 5286 2475 5357 Segueriano.
2512 5349 2524 5357 ι
2666 5345 2700 5357 η
2776 5341 2813 5357 ἢ
2884 5343 2895 5354 .

1909 5338 2022 5430 (ἦ)
2042 5338 2481 5430 ’ξὺόὖξίιιεῠελυτ
2512 5349 2568 5401 in
2602 5345 2737 5430 solis
2754 5428 2761 5430 Α
2776 5341 3018 5430 Βρείίιει

1916 5409 2027 5501 ὶῗέύ
2056 5409 2273 5483 ῐιὸωὲτ.
2302 5433 2355 5480 et
2383 5422 2604 5491 Seguer.
2634 5416 2836 5469 habent
2876 5409 3257 5480 γεγενημένον,
3300 5422 3415 5477 per-

1883 5516 2029 5557 eram
2041 5541 2053 5553 .

1845 5518 2273 5638 pciggi'amg.
2305 5565 2468 5620 Deest
2491 5561 2545 5638 in
2573 5554 2926 5638 S_egu_eriano.

1915 5622 2027 5712 ζέίῇ
2066 5622 2277 5712 omnes
2322 5650 2460 5712 mss.
2509 5622 2751 5712 "liabe‘nt‘
2803 5622 3178 5712 ξιαλούμξνος,
3222 5624 3417 5688 praeter

1844 5692 2070 5785 Segue'r.
2092 5692 2195 5780 qui
2223 5708 2396 5761 multo
2420 5702 2637 5768 melius,
2665 5693 2990 5766 λαλούμενος
3021 5692 3205 5745 habet.
