3890 6186
521 302 616 397 ~ea
1729 335 1788 392 s.
1829 332 2288 390 ATHA‘NASIUS.
2328 364 2398 373 -
2436 330 2661 400 unum.

3670 328 3771 386 {00

545 451 761 509 exsistit
802 471 815 507 :
851 464 916 506 ac
949 448 1080 507 licet
1102 450 1308 521 pluries
1333 450 1647 521 repetitum,
1680 464 1958 518 nunquam
1988 462 2101 518 per-

2218 443 2385 515 μένει.
2436 445 2539 500 Τὸν
2565 445 2624 498 δὲ
2649 443 2743 497 τοῦ
2788 441 2925 497 Θεοῦ
2969 442 3139 511 Λόγον
3185 440 3388 496 ἄνωθεν
3435 440 3464 493 6
3494 428 3771 512 ψαλμῳδὸς

545 550 746 598 manet.
778 534 852 597 De
884 539 1061 596 Verbo
1085 550 1263 596 autem
1295 540 1386 595 Dei
1427 540 1631 610 iamdiu
1688 539 1949 609 propheta
1980 551 2114 606 pra:-

543 634 759 690 dicarat
815 634 902 689 his
931 633 1156 690 verbis:
1201 654 1219 685 ι
1268 633 1329 687 1η
1379 641 1664 695 aeternum.
1698 633 1945 695 Domine,
1980 629 2113 685 Ver-

544 727 673 782 bum
708 735 863 782 tuum
903 733 1185 799 permanet
1230 726 1287 781 in
1319 726 1458 781 coelo
1482 725 1548 779 ".
1586 742 1605 775 ι
1641 722 1757 789 Qua
1789 724 1846 777 in
1893 739 1952 778 re
2010 722 2112 791 ipsi

544 824 812 872 consonat
837 816 1190 885 evangelista,
1227 817 1320 884 qui
1344 813 1585 867 Verbum
1609 828 1733 867 esse
1784 811 1951 866 Deum
1983 826 2115 865 con-

546 910 749 973 ﬁtetur,
773 909 901 963 dum
934 908 1085 961 illum
1134 909 1450 977 apparuisse
1479 906 1788 971 annuntiat,
1824 904 2114 959 advenisse

542 1008 750 1059 narrat,
786 1007 840 1054 et
866 1000 1207 1054 incarnatum
1241 998 1409 1053 fuisse
1457 999 1736 1068 praedicat,
1770 1012 1869 1052 nec
1931 1004 2111 1050 tamen

546 1088 764 1147 Patrem
822 1090 878 1145 in
908 1089 1071 1145 Verbi
1137 1089 1513 1144 incarnatione
1560 1090 1980 1159 complectitur;
2037 1088 2113 1142 ait

541 1180 686 1234 enim
721 1194 734 1230 :
771 1198 791 1230 ι
824 1177 1063 1233 Verbum
1089 1194 1225 1234 caro
1254 1178 1458 1233 factum
1494 1186 1579 1233 est
1633 1186 1686 1232 et
1734 1178 1998 1231 habitavit
2055 1177 2112 1232 in

541 1273 749 1328 nobis:
800 1280 853 1328 et
896 1271 1133 1326 vidimus
1202 1271 1427 1341 gloriam
1485 1270 1624 1338 ejus,
1677 1269 1903 1339 gloriam
1954 1269 2110 1339 quasi

468 1419 476 1425 ,
545 1360 820 1432 Unigeniti
865 1377 895 1415 a
929 1360 1111 1426 Patre,
1155 1362 1371 1431 plenum
1403 1363 1591 1432 gratia:
1625 1367 1678 1415 et
1719 1361 1964 1415 veritatis
1984 1361 2047 1413 ".
2086 1378 2104 1411 ι

545 1452 893 1524 Unigenitum
949 1452 1187 1508 Verbum
1235 1453 1290 1506 in
1332 1454 1538 1509 mundo
1569 1454 1751 1508 cernis
1795 1451 2111 1507 manifesta-

540 1552 680 1609 tum,
718 1545 860 1599 inter
885 1544 1136 1599 homines
1164 1545 1432 1607 habitare,
1464 1546 1802 1616 gloriamque
1835 1546 1912 1600 illi
1952 1548 2109 1599 attri-

540 1636 654 1700 bui,
692 1638 851 1707 quasi
897 1634 1177 1707 Unigeniti
1225 1651 1254 1690 a
1307 1635 1466 1690 Patre
1507 1653 1663 1693 :non
1718 1638 1876 1708 quasi
1928 1639 2106 1709 ipsum

539 1726 781 1785 Verbum
817 1728 979 1783 Pater
1008 1730 1101 1795 sit,
1133 1744 1234 1784 nec
1264 1730 1421 1799 quasi
1445 1728 1605 1786 Pater
1635 1744 1746 1785 una
1773 1746 1898 1785 cum
1923 1730 2105 1786 Verbo

2213 538 2502 609 ἐκεκράγει
2528 537 2699 605 λέγων
2721 535 2861 606 (82)·
2897 554 2914 585 ι
2940 536 3035 598 Εἰς
3067 535 3155 587 τὸν
3183 533 3375 598 αίῶνα,
3406 532 3591 605 Κύριε,
3620 533 3648 585 6
3669 533 3774 585 Λό-

2213 648 2307 700 γος
2351 648 2442 684 σου
2489 630 2729 701 διαμένει
2782 631 2841 682 ὲν
2886 628 2962 699 τῷ
2993 626 3234 699 οὐρανῷο
3266 646 3283 677 ι
3344 627 3440 680 καὶ
3493 625 3771 696 σύμφωνος

2213 722 2362 793 αὐτῷ
2398 723 2426 775 ὁ
2448 722 2580 775 Θεὸν
2607 718 2745 775 εἶναι
2771 722 2861 774 τὸν
2884 721 3053 788 Λόγον
3077 718 3350 789 ὁμολογῶν
3372 715 3769 786 εύαγγελιστὴς,

2215 815 2592 885 φανερωθέντα
2649 831 2709 867 τε
2744 814 2906 866 αὑτὸν
2956 812 3391 880 εὐαγγελίζεται,
3446 809 3540 861 καὶ
3593 824 3772 878 παρα-

2213 904 2501 974 γενόμενον
2563 904 2777 975 μηνύει,
2839 904 2932 956 καὶ
2987 902 3336 972 σαρκωθέντα
3390 899 3769 975 κηρύττει,νοὺ

2215 974 2747 1066 συμπεριλαμϐάνων
2782 998 2846 1065 τῇ
2890 992 2983 1047 τοῦ
3014 994 3188 1061 Λόγον
3232 990 3499 1062 σαρκώσει
3542 991 3624 1044 τὸν
3662 974 3774 1043 Πα-

2212 1084 2376 1156 τέρα·
2419 1104 2436 1135 ι
2479 1086 2536 1137 ’0
2569 1085 2759 1150 Λόγος,
2818 1085 2925 1154 γάρ
2986 1100 3138 1153 φησι.
3199 1083 3333 1153 σὰρξ
3390 1081 3498 1153 (85)
3542 1082 3767 1150 ἐγένετο,

2212 1176 2307 1230 καὶ
2339 1177 2645 1246 ἐσκήνωσεν
2697 1177 2755 1227 ὲν
2787 1177 2937 1244 ⁴ἡμῖν,
2982 1174 3075 1226 καὶ
3109 1171 3447 1243 ἐθεασάμεθα
3483 1172 3578 1243 τὴν
3614 1168 3773 1236 δόξαν

2211 1266 2396 1331 αὐτοῦ,
2431 1266 2584 1331 δόξαν
2634 1284 2709 1330 ως
2735 1265 3069 1334 Μονογενοῠς
3100 1264 3252 1334 παρὰ.
3291 1264 3523 1333 Πατρδς,
3563 1265 3772 1333 πλήρης

2210 1358 2430 1428 χάριτος
2463 1356 2557 1409 καὶ
2608 1355 2881 1427 ἀληθείας.
2917 1375 2934 1404 ι
2982 1355 3260 1425 Μονογενῆ
3301 1353 3392 1407 τὸν
3429 1355 3593 1423 Λόγον
3639 1354 3772 1407 ὄντα.

2209 1449 2341 1520 ὁρᾷς
2370 1450 2427 1500 ἐν
2484 1449 2673 1518 κόσμῳ
2720 1447 3143 1521 φανερούμενον,
3204 1449 3262 1501 ὲν
3303 1445 3605 1517 ἀνθρώποις
3635 1462 3775 1517 σκη-

2209 1540 2424 1603 νοῦντα,
2477 1539 2635 1605 δόξαν
2667 1538 2814 1608 αὐτῷ
2854 1538 3284 1609 κηρυσσομένην,
3339 1538 3412 1600 ὡς
3441 1536 3775 1603 Μονογενοῦς

2210 1631 2360 1701 παρὰ
2400 1632 2611 1703 Πατρός
2631 1648 2644 1661 ·
2683 1631 2781 1701 οὐχ
2812 1630 2887 1693 ὡς
2915 1630 3123 1699 Πατρὺς
3149 1628 3312 1681 αὑτοῦ
3342 1629 3514 1691 ὄντος,
3562 1627 3663 1680 οὐδ’
3690 1627 3774 1690 ὡς

2211 1723 2303 1776 τοῦ
2351 1723 2562 1794 Πατρὸς
2594 1724 2709 1794 ἅμα
2734 1721 2811 1793 τῷ
2854 1723 3010 1792 Λόγῳ
3041 1721 3357 1792 πεφηνότος,
3388 1718 3571 1790 ὥσπερ
3613 1720 3641 1772 6
3672 1719 3775 1772 ἄν-

539 1837 663 1877 sese
714 1820 1165 1884 manifestaverit,
1221 1821 1366 1875 sicut
1444 1821 1607 1876 homo
1659 1837 1769 1876 una
1823 1838 1949 1878 cum
2004 1839 2101 1879 suo

2209 1815 2421 1887 θρωπος
2463 1814 2577 1885 ἅμα
2607 1813 2686 1884 τῷ
2721 1811 2911 1867 ἑαυτοῦ
2947 1813 3194 1882 φαίνεται
3226 1811 3388 1881 λόγῳ,
3413 1808 3508 1863 καὶ
3534 1810 3630 1863 οὐκ
3652 1808 3773 1862 ἐστι

537 1913 704 1968 verbo
755 1920 978 1982 apparet
1014 1930 1027 1966 :
1064 1927 1241 1981 neque
1280 1920 1460 1982 potest
1518 1928 1781 1984 apparere
1836 1916 2061 1970 verbum
2088 1957 2102 1981 ,

538 2005 644 2059 nisi
679 2004 724 2058 is
751 2004 842 2072 qui
872 2002 1006 2057 illud
1037 2002 1252 2065 ell‘atur,
1281 2004 1426 2059 adsit
1477 2014 1531 2060 et
1563 2006 1838 2076 loquatur.
1866 2006 2106 2073 Quibus-

538 2108 665 2148 nam
697 2093 864 2165 igitur
887 2092 1210 2147 credemus?
1257 2092 1400 2149 lisne
1453 2094 1547 2164 qui
1608 2096 1768 2151 nobis
1807 2098 2107 2166 praedicant

535 2184 737 2239 Filium
769 2200 799 2238 a
831 2183 993 2238 Patre
1037 2183 1362 2251 advenisse;
1396 2201 1465 2240 an
1519 2187 1587 2242 iis
1622 2188 1714 2258 qui
1749 2187 1964 2244 Patrem
1997 2206 2105 2245 una

536 2290 664 2331 cum
698 2274 858 2342 Filio,
895 2290 1059 2329 unam
1088 2290 1379 2345 personam
1438 2292 1559 2332 esse
1602 2277 1836 2333 dicunt?
1866 2278 1923 2332 Si
1960 2281 2104 2335 enim

537 2370 701 2422 unica
764 2369 837 2422 sit
892 2381 1148 2438 persona,
1184 2367 1459 2436 quomodo
1500 2368 1590 2423 illa
1644 2369 1866 2439 quidem
1915 2372 2102 2437 mittit,

535 2460 651 2515 hazc
681 2474 807 2514 vero
835 2459 1070 2513 mittitur
1096 2469 1149 2513 et
1178 2474 1276 2530 per
1303 2474 1522 2514 carnem
1547 2462 1922 2531 conspicitur?
1945 2461 2103 2528 Nam,

541 2571 563 2604 ι
596 2550 765 2607 Deum
800 2564 962 2604 nemo
993 2549 1127 2603 vidit
1160 2564 1430 2619 unquam;
1461 2551 1774 2619 unigenitus
1817 2551 1990 2608 Filius
2010 2553 2105 2624 qui

535 2650 622 2699 est
651 2643 706 2697 in
741 2642 866 2698 sinu
920 2639 1121 2706 Patris,
1171 2641 1291 2711 ipse
1328 2644 1600 2696 enarravit
1622 2644 1663 2675 ⁸⁸
1705 2664 1748 2707 ι,
1781 2644 2108 2701 adveniens-

535 2749 641 2804 que
674 2735 789 2805 ipse
820 2741 1010 2789 sancta
1048 2748 1178 2787 voce
1213 2734 1474 2803 loquitur,
1503 2748 1567 2788 ac
1607 2736 1849 2805 seipsum
1878 2738 2104 2807 conspi-

534 2826 790 2881 ciendum
815 2825 1038 2895 praebet,
1071 2831 1235 2892 atque
1270 2823 1365 2877 illo
1399 2823 1562 2879 modo
1605 2824 1786 2880 Patris
1837 2827 2105 2897 cegnitio-

533 2931 657 2972 nem
691 2916 933 2970 indicat:
968 2932 987 2964 ι
1019 2913 1121 2979 Qui
1157 2912 1291 2967 vidit
1329 2928 1438 2976 me,
1476 2913 1615 2967 vidit
1656 2921 1709 2968 et
1756 2911 2045 2981 Patrem“,
2078 2936 2097 2969 ι

532 3022 637 3061 nec
668 3007 867 3075 seipse
903 3003 1120 3059 Patrem
1143 3003 1277 3057 dicit
1312 3019 1325 3054 :
1363 3003 1636 3073 quomodo
1680 3007 1826 3059 enim
1865 3005 1918 3058 id
1953 3005 2105 3060 dice-

534 3108 641 3164 ret,
669 3113 793 3153 cum
815 3096 1107 3151 invisibilis
1140 3095 1227 3150 ille
1254 3094 1359 3151 sit?
1401 3097 1506 3151 Sed
1539 3113 1597 3153 se
1622 3096 1785 3152 talem
1818 3112 1941 3152 esse
1962 3113 2101 3167 qua-

534 3190 604 3246 lis
634 3197 718 3245 est
746 3187 907 3243 Pater
943 3206 958 3242 :
994 3202 1122 3241 nam
1179 3188 1434 3258 superius
1459 3188 1671 3244 dixerat
1703 3207 1715 3242 :
1759 3207 1781 3241 ι
1819 3189 1878 3244 Si
1902 3204 2106 3260 cogno-

532 3280 750 3335 vissetis
779 3294 887 3341 me,
918 3292 973 3333 et
1020 3277 1236 3334 Patrem
1289 3295 1468 3335 meum
1525 3283 1712 3352 utique
1755 3285 2106 3353 cogn0visse-

532 3372 606 3427 tis
624 3370 724 3425 “.r
763 3368 974 3435 Quibus
997 3370 1315 3425 dualitatem
1348 3387 1705 3441 personarum
1737 3380 1920 3443 aperte
1946 3373 2106 3429 nobis

533 3462 774 3517 declarat
807 3477 871 3515 ex
930 3461 1133 3516 deitate
1196 3462 1251 3516 in
1298 3464 1451 3517 nullo
1502 3464 1755 3519 dissimili
1807 3465 2101 3535 cognitam.

532 3550 875 3621 Quapropter
896 3551 988 3620 qui
1048 3549 1173 3606 Filii
1244 3562 1544 3624 conspectu
1591 3554 1791 3624 dignus
1846 3554 2099 3621 habetur,

532 3652 827 3713 conspectu
854 3642 1031 3698 Patris
1073 3643 1296 3698 minime
1326 3646 1594 3714 privatur.
1625 3645 1743 3700 Non
1779 3646 1922 3701 enim
1951 3648 2102 3717 geni-

531 3743 620 3790 tor
642 3736 746 3790 sibi
773 3736 1095 3792 dissimilem
1129 3740 1430 3807 generavit,
1459 3737 1554 3792 sed
1582 3739 1745 3792 talem
1781 3739 1961 3809 qualis
1986 3738 2103 3808 ipse

531 3829 640 3877 est.
672 3819 729 3876 Si
765 3822 947 3893 itaque
979 3822 1192 3878 unicam
1217 3839 1331 3878 rem
1355 3824 1621 3880 duntaxat
1645 3828 1947 3890 existimas,
1974 3843 2099 3882 cum

532 3923 722 3966 revera
761 3910 882 3967 duae
919 3915 1050 3979 sint,
1087 3911 1304 3970 Patrem
1362 3922 1415 3970 et
1469 3915 1666 3971 Filium
1704 3919 1943 3989 ignoras.
1969 3918 2101 3986 Quae

531 4018 661 4075 ergo
692 4005 787 4059 tibi
817 4020 939 4059 cum
967 4006 1341 4062 ecclesiastica
1372 4007 1616 4063 doctrina
1652 4012 1964 4065 communio
2003 4027 2099 4067 su-

530 4094 753 4163 perest?
806 4093 993 4165 Ecqua
1047 4096 1260 4151 ratione
1312 4096 1527 4152 Domini
1598 4115 1762 4156 voces
1808 4103 2093 4173 excipias:

537 4201 557 4234 ‹
579 4181 741 4255 Ego,»
772 4183 967 4254 inquit,
1003 4203 1022 4236 ι
1043 4193 1097 4240 et
1126 4183 1290 4240 Pater
1317 4202 1485 4241 unum
1525 4203 1716 4246 sumus
1733 4191 1776 4222 ¹¹
1796 4190 1847 4244 ἲ»
1882 4206 1945 4246 ac
1975 4207 2098 4246 rur-

532 4289 652 4328 sum
685 4274 751 4329 de
780 4274 941 4330 Patre
969 4274 1281 4332 edisserens
1312 4291 1325 4327 :
1364 4295 1384 4329 ε
1424 4278 1507 4333 Ab
1544 4279 1637 4334 illo
1671 4295 1813 4348 sum,
1841 4300 1860 4333 ι
1895 4282 2093 4354 inquit,

536 4383 557 4415 ε
581 4373 634 4420 et
662 4365 755 4421 ille
776 4380 865 4421 me
891 4365 1098 4421 misit"
1134 4384 1147 4420 :
1182 4384 1201 4417 ›
1227 4367 1394 4421 tertio
1414 4368 1541 4423 item
1577 4385 1592 4420 :
1629 4387 1648 4420 ι
1677 4369 1792 4442 Ego
1813 4374 2037 4440 rogabo.
2072 4392 2089 4425 ι

2209 1908 2442 1978 φανῆναι
2469 1907 2559 1959 τὸν
2613 1906 2790 1974 λόγον,
2826 1906 2875 1958 εί
2910 1904 2984 1976 μὴ
3012 1904 3104 1957 καὶ
3134 1905 3162 1955 ὁ
3186 1902 3360 1956 λαλῶν
3385 1902 3543 1956 αὑτὸν
3569 1901 3772 1973 παρείη

2208 2000 2304 2053 καὶ
2350 1999 2655 2068 φθέγγοιτο.
2685 1997 2837 2050 Τίσιν
2863 1992 2955 2050 οὖν
2984 1994 3306 2066 πιστεύομεν
3352 1995 3459 2063 (84)
3487 2012 3503 2061 ;
3538 1994 3773 2066 Πότερον

2204 2095 2317 2156 τοῖς
2342 2087 2847 2160 εὐαγγελιζομένοις
2890 2089 3020 2159 ἡμῖν
3059 2088 3184 2141 Υἰδν
3219 2086 3368 2159 παρὰ
3406 2083 3612 2156 Πατρὸς
3651 2086 3779 2137 ἐπι-

2206 2182 2566 2255 δεδημηκότα,
2601 2182 2634 2251 ἦ
2680 2183 2792 2245 τοῖς
2838 2179 2894 2233 ἓν
2919 2179 3207 2253 πρόσωπον
3240 2179 3356 2249 ἅμα
3394 2176 3470 2247 τῷ
3499 2176 3653 2247 Λόγῳ
3678 2176 3778 2229 τὸν

2205 2276 2425 2346 Πατέρα
2454 2274 2751 2343 φάσκουσιν
2784 2268 2959 2335 εἶναι,
3001 2269 3063 2324 El
3090 2272 3198 2343 γὰρ
3233 2273 3290 2324 ἓν
3315 2270 3619 2340 πρόσωπον,
3652 2268 3780 2334 πῶς

2205 2366 2266 2419 τὸ
2302 2366 2397 2437 μὲν
2422 2366 2756 2431 ἀποστέλλει,
2774 2366 2834 2419 τὸ
2854 2366 2910 2419 δὲ
2934 2365 3338 2428 ἀποστέλλεται,
3369 2363 3461 2416 καὶ
3490 2362 3779 2433 θεωρεῖται

2204 2457 2291 2511 διά
2310 2458 2540 2529 σαρκόςς
2561 2475 2578 2508 ι
2600 2457 2730 2510 Θεὸν
2748 2477 2767 2509 ι
2787 2456 2894 2528 γὰρ
2917 2476 2934 2506 ι
2957 2457 3130 2519 οὐδεὶς
3151 2454 3359 2527 ἑώρακε
3382 2452 3593 2507 πώποτε
3623 2452 3775 2525 (85)_‘

2205 2552 2233 2603 6
2265 2548 2554 2620 μονογενὴς
2584 2548 2732 2611 Υἱὸς,
2769 2550 2796 2600 6
2817 2549 2891 2601 ὣν
2944 2550 3022 2611 εἰς
3052 2548 3142 2599 τὸν
3176 2547 3374 2601 κόλπον
3407 2545 3501 2599 τοῦ
3534 2546 3776 2616 Πατρὸς,

2205 2640 2411 2702 ἐκεῖνος
2444 2639 2767 2710 ἐξηγήσατο,
2804 2658 2823 2691 ι
2864 2655 2957 2691 και
3005 2637 3387 2709 παραγεγονὼς
3416 2637 3574 2702 αὐτὸς,
3601 2637 3783 2705 φθέγ-

2203 2749 2357 2802 γεται
2382 2736 2447 2805 τῇ
2482 2732 2610 2804 ἁγίᾳ
2662 2735 2835 2804 φωνῇ,
2868 2733 3120 2805 παρέχων
3152 2732 3252 2803 τὴν
3285 2730 3474 2785 ἑαυτοῦ
3516 2729 3778 2800 θεωρίαν,

2203 2826 2414 2883 mea
2451 2826 2652 2899 ταύτης
2678 2825 2790 2900 (86)
2817 2825 2914 2899 τὴν
2939 2826 3031 2881 τοῦ
3052 2823 3260 2899 Πατρὶς
3282 2823 3569 2896 ἐπίγνωσιν
3586 2824 3784 2879 ὑποτρι-

2205 2920 2427 2991 θέμενος
2452 2938 2464 2950 ·
2497 2937 2516 2971 ι
2557 2920 2614 2973 '0
2636 2918 2893 2991 ἑωρακὼς
2936 2918 3055 2988 ἐμὲ,
3109 2915 3317 2987 ἑώρακε
3350 2915 3439 2969 τὸν
3472 2916 3709 2986 Πατέρα,
3752 2934 3777 2969 ι

2203 3012 2302 3082 οὐχ
2340 3011 2530 3065 ἑαυτὸν
2556 3005 2695 3064 εἶναι
2724 3011 2816 3063 τὸν
2843 3009 3061 3079 Πατέρα
3103 3009 3348 3077 φάσκων.
3385 3005 3501 3069 πῶς
3526 3008 3654 3078 γὰρ,
3681 3006 3785 3059 τὸν

2207 3104 2468 3174 ὰόρατον;
2504 3100 2638 3156 ἀλλὰ
2657 3102 2892 3155 τοιοῦτον
2913 3097 3023 3155 οἷον
3048 3099 3139 3153 τὸν
3171 3100 3386 3171 Πατέρα
3406 3117 3421 3131 ’
3454 3100 3785 3170 προειρήκει

2205 3195 2343 3266 γάρ·
2381 3214 2400 3246 ι
2437 3196 2499 3247 Ei
2550 3193 2839 3263 ἐγνώκειτέ
2886 3210 2984 3264 με,
3036 3193 3257 3247 καὶτὸν
3289 3191 3506 3263 Πατέρα
3556 3208 3658 3262 μου
3707 3189 3790 3243 ἂν

2204 3285 2379 3356 ⁴ᾔδειτε
2420 3284 2551 3355 (87),
2608 3303 2625 3335 ι
2666 3285 2764 3355 τὴν
2796 3284 2963 3337 δυάδα
3009 3283 3116 3335 τῶν
3164 3281 3467 3353 προσώπων
3512 3281 3793 3352 ἄντικρυς

2204 3376 2334 3446 ἡμῖν
2361 3375 2743 3446 ἐξηγούμενος,
2790 3374 3191 3444 ἀπαραλλάκτῳ
3224 3371 3624 3445 γνωριζομένην
3651 3371 3750 3425 θεό
3767 3403 3791 3412 -

2202 3482 2344 3535 τητι.
2373 3465 2571 3536 Διόπερ
2600 3466 2628 3518 6
2659 3465 2760 3535 τῆς
2795 3464 2888 3517 τοῦ
2922 3463 3049 3517 Υίοῢ
3096 3462 3512 3532 καταξιούμενος
3541 3461 3792 3533 θεωρίας

2202 3558 2301 3609 οὐκ
2344 3557 2706 3629 ἀπεστέρηται
2739 3558 2836 3627 τῆς
2867 3555 2961 3609 τοῦ
2993 3555 3224 3626 Πατρός.
3252 3555 3324 3608 Οὐ
3360 3556 3469 3626 γὰρ
3510 3555 3723 3610 ἀλλοῖον
3754 3557 3793 3609 ὁ

2201 3649 2477 3719 γεννήτωρ
2495 3648 2704 3716 ἐγέννα.
2722 3646 2853 3700 ἀλλὰ
2868 3647 3102 3701 τοιοῦτον
3117 3642 3225 3710 οἷος
3243 3647 3351 3719 (88)
3362 3648 3534 3710 αὑτός.
3554 3648 3616 3700 Εἰ
3641 3646 3794 3716 γοῦν

2200 3740 2259 3794 έν
2279 3757 2332 3792 τι
2366 3740 2524 3811 μόνον
2555 3735 2694 3794 εἶναι
2729 3742 2957 3811 πρᾶγμα
2984 3741 3241 3812 νομίζεις,
3271 3740 3363 3792 δύο
3389 3740 3443 3793 δὲ
3476 3739 3602 3792 ὄντα
3631 3741 3798 3795 κατὰ

2200 3832 2479 3905 ἀλήθειαν,
2514 3834 2729 3902 ἀγνοεῖς
2752 3832 2843 3885 τὸν
2873 3833 3095 3904 Πατέρα
3127 3832 3223 3886 καὶ
3262 3832 3351 3885 τὸν
3377 3832 3521 3886 Υίόν.
3556 3832 3655 3895 Τίς
3680 3828 3797 3887 οὖν

2202 3941 2282 3977 σοι
2324 3923 2458 3995 πρὸς
2486 3923 2583 3996 τὴν
2623 3905 3077 3995 ὲκκλησιαστῖκὴν
3119 3922 3464 3976 διδασκαλίαν
3503 3924 3619 3976 ἐστὶ
3658 3941 3796 3979 κοι-

2201 4016 2367 4070 νωνία
2389 4031 2404 4081 ;
2436 4014 2560 4078 Πῶς
2579 4015 2635 4068 δὲ
2662 4014 2760 4079 τάς
2791 4013 2884 4068 τοῦ
2900 4014 3156 4068 δεσπότου
3180 4014 3307 4088 δέξῃ
3334 4014 3535 4083 φωνὰς,
3563 4033 3582 4065 ι
3604 4014 3795 4085 Ἐγὼ,

2198 4108 2352 4179 φησὶ,
2388 4107 2480 4161 καὶ
2507 4109 2536 4161 ὁ
2567 4106 2760 4179 Πατὴρ
2790 4105 2901 4178 (89)
2928 4107 2986 4161 ἓν
3019 4107 3214 4178 ὲσμεν;
3249 4124 3268 4158 r
3304 4107 3412 4159 Kal
3446 4106 3605 4160 πάλιν
3645 4111 3801 4180 περὶ

2196 4196 2289 4251 τοῦ
2321 4197 2534 4270 Πατρὸς
2558 4197 2957 4268 διαλεγόμενος,
2986 4216 3004 4248 ι
3036 4197 3172 4267 Παρ⁸
3200 4197 3364 4250 αὑτοῦ
3393 4199 3527 4267 εἰμι,
3558 4216 3577 4249 ι
3610 4200 3793 4270 φησὶ,

2202 4305 2219 4337 ι
2242 4288 2488 4350 κάκεῖνος
2499 4287 2524 4338 ὲ
2531 4286 2599 4357 μὲ
2615 4286 2918 4339 ἀπέστειλε·
2932 4305 2950 4337 ι
2973 4287 3292 4357 προστίθησι
3310 4286 3369 4340 δὲ
3382 4287 3551 4342 καὶτὸ
3564 4289 3796 4359 τρίτον³

2201 4395 2220 4426 ‹
2273 4374 2434 4444 Ἐγὼ,
2459 4395 2478 4427 ι
2505 4377 2655 4446 φησὶ,
2695 4394 2714 4427 α
2748 4376 3113 4447 παρακαλέσω
3143 4377 3234 4431 τὸν
3265 4378 3484 4449 Πατέρα
3517 4396 3647 4450 μου,
3680 4382 3802 4436 καὶ

534 4452 732 4527 inquit,
779 4473 798 4506 ι
836 4455 1052 4510 Patrem
1086 4471 1290 4524 meum,
1329 4466 1386 4513 et
1412 4460 1580 4515 alium
1633 4459 1966 4518 Paraclitum
1999 4464 2097 4519 da-

2208 4466 2355 4521 Ξλλον
2388 4466 2741 4540 Παράκλητον
2772 4468 2931 4522 δώσει
2966 4471 3113 4541 ὑμῖν.
3149 4489 3170 4523 ι

531 4548 614 4603 bit
645 4546 798 4603 vobis
814 4546 879 4601 ”.
923 4564 943 4599 ι

602 4637 655 4693 3.
695 4635 830 4691 Cum
878 4636 1044 4708 igitur
1096 4637 1163 4693 de
1225 4637 1409 4710 seipse
1457 4638 1638 4706 dicat,
1677 4660 1696 4692 ι
1744 4642 1857 4714 Ego
1905 4659 1919 4695 :
1976 4664 1995 4697 ›
2033 4645 2099 4701 de

530 4732 690 4788 Patre
743 4745 894 4800 vero,
939 4732 1131 4789 cllle:
1184 4752 1204 4786 ι
1239 4732 1307 4789 de
1368 4731 1576 4805 Spiritu
1641 4748 1833 4791 sancto
1891 4745 2096 4803 autem,

602 4889 652 4961 ’ξ
684 4888 832 4946 Psal.
868 4904 1069 4961 cxvm,
1102 4892 1192 4948 89.
1295 4896 1338 4927 ¹⁷
1375 4891 1535 4948 Joan.
1577 4908 1624 4954 ι,
1665 4892 1751 4949 Η.

529 4962 575 4995 ’³
609 4959 763 5019 Joan.
798 4976 908 5026 vn,
936 4959 1061 5017 29;
1102 4963 1149 4994 "
1182 4962 1341 5019 Joan.
1376 4979 1500 5027 xlv,
1536 4962 1623 5017 16.

599 5117 711 5192 (82)
742 5119 964 5192 Λόγων.
1005 5119 1164 5192 Deest
1198 5121 1253 5175 in
1281 5120 1563 5192 Basiliensi
1592 5132 1646 5177 et
1680 5123 1904 5192 Seguer.
1939 5123 2086 5189 Mox,

527 5189 719 5262 Κύριε,
770 5189 840 5262 ξεί
871 5191 1248 5262 soloSeguer.
1284 5190 1532 5247 habetur.
1578 5189 2085 5262 quem'sequimur,

524 5259 951 5334 quia_in_Graaco
982 5259 1273 5334 Scriptura:
1300 5267 1472 5334 textu,
1504 5259 1695 5334 Κύριε,
1729 5259 1942 5332 legitur.

596 5329 706 5401 (85)
740 5330 815 5383 Ita
842 5332 1005 5401 Segu.
1044 5340 1098 5386 et
1121 5329 1282 5386 Gobl.
1320 5329 1465 5386 Editi
1490 5329 1621 5388 vero
1641 5346 1694 5388 et
1717 5329 1896 5388 caeteri
1927 5348 2085 5399 mss.,

524 5399 785 5475 γάεξφτλ.
822 5399 977 5475 σάρξο

737 5446 1122 5544 έεέιῖξτῖξιῃυε.
1155 5471 1535 5544 πιστεύσομεν.

594 5539 705 5609 (85)
748 5539 961 5613 Ιιιέᾶὶι.
988 5541 1163 5599 Paris.
1194 5553 1247 5598 et
1269 5539 1464 5598 Colon.
1498 5542 1714 5613 legitur,
1764 5542 1878 5598 ἀλλ’
1904 5549 2030 5598 ante
2050 5543 2080 5595 ὁ

523 5611 837 5692 μονογενής,
896 5613 991 5668 sed
1029 5629 1151 5692 cum
1173 5630 1287 5692 pec
1312 5614 1367 5667 in
1410 5611 1649 5692 editione
1687 5612 1953 5668 Commcl.
1975 5627 2083 5692 nec

520 5680 578 5734 in
607 5680 790 5751 alique
814 5699 916 5739 ms.
946 5699 1048 5739 nec
1082 5686 1138 5738 in
1172 5682 1454 5755 Scriptura
1491 5682 1722 5755 legatur,
1749 5691 2081 5753 expunctum

518 5759 623 5809 οςῑ.

1863 4894 1908 4927 ³⁸
1946 4894 2081 4949 ibid.
2120 4893 2206 4950 18.
2281 4897 2325 4929 ¹⁹
2366 4894 2523 4951 Joan.
2559 4912 2681 4959 xw,
2718 4896 2771 4952 9.

2268 4649 2435 4703 Ὅταν
2463 4643 2554 4702 οὖν
2582 4650 2710 4722 περὶ
2746 4650 2844 4721 μὲν
2870 4648 3063 4703 ἑαυτοῦ
3094 4650 3229 4722 λέγῃ
3256 4651 3335 4713 τὸ,
3373 4671 3391 4702 ι
3416 4651 3611 4721 Έγὼ,›
3642 4657 3803 4727 περὶ

2195 4739 2251 4792 δὲ
2296 4739 2391 4793 τοῦ
2425 4738 2659 4811 Πατρὸς,
2690 4759 2707 4791 ι
2746 4741 3034 4807 Ἐκεῖνος,»
3066 4741 3195 4812 περὶ
3210 4739 3268 4794 δὲ
3297 4740 3390 4793 τοῦ
3417 4742 3753 4813 Πνεῦματος
3774 4788 3796 4812 ,

2878 4898 2924 4930 '°
2962 4898 3093 4954 ibid.
3134 4900 3183 4953 7.
3296 4902 3339 4933 ¹¹
3378 4901 3536 4957 Joan.
3566 4918 3640 4967 ι,
3677 4903 3795 4961 5ο.

2263 5125 2374 5201 (86)
2405 5124 2570 5201 Basil.
2601 5133 2654 5201 et
2683 5124 2911 5197 Seguer.
2936 5126 3156 5193 habent,
3174 5127 3261 5183 διὰ
3283 5130 3504 5201 ταύτης.
3538 5129 3694 5186 Editi
3724 5145 3805 5189 et

2190 5197 2392 5256 caeteri,
2419 5194 2506 5248 διὰ
2528 5195 2718 5248 ταῦτα.

2189 5265 2374 5388 δυ
2401 5264 2620 5320 Gobler.
2646 5273 2699 5320 et
2738 5264 2882 5321 Felc.
2906 5267 2932 5320 1
2967 5267 3190 5333 habent,
3219 5268 3504 5339 ἐγνώκειτε
3544 5268 3810 5381 amni-4v

2193 5352 2653 5527 ἒὲἷὲἕὲΐὸεευθνη
2682 5400 2812 5459 οἷον.
2863 5403 3007 5470 Mox,
3045 5407 3094 5459 εί
3121 5407 3271 5476 γοῦν,
3301 5409 3454 5466 deest
3481 5409 3537 5464 in
3560 5374 3800 5479 Basil.,

2233 5490 2510 5615 θῗέὲῗΐὶςαι
2546 5545 2651 5610 σὺ,
2682 5545 2895 5615 Πάτερ.
2930 5546 3021 5601 Sic
3044 5562 3235 5603 omnes
3258 5564 3390 5605 mss.
3417 5548 3583 5607 Editi.
3614 5551 3728 5604 καὶ
3764 5555 3810 5607 ὀ

2186 5614 2396 5691 Πατήρ.
2429 5612 2565 5691 Ibid.
2597 5612 2924 5691 SegueL'et
2974 5617 3161 5691 Bas”:
3195 5620 3289 5672 καὶ
3323 5620 3407 5691 σὺ.
3466 5619 3684 5691 Πάτερ,
3719 5622 3810 5677 ἐν

2429 5685 2521 5739 καὶ
2570 5685 2749 5754 πάλιν,
2768 5686 2909 5758 Ἐγὼ
2934 5688 3028 5744 καὶ
3054 5691 3083 5741 ό
3114 5689 3302 5762 Πατὴρ
3348 5690 3406 5744 ἓν
3440 5685 3644 5761 ἐσμεν²
3682 5698 3816 5754 καὶ
