3890 6186
111 315 208 376 ίθί

1429 315 1709 373 CONTRA
1747 312 2238 369 SABELLIANOS.

3267 317 3369 371 {09

114 455 132 485 ε
159 432 360 498 ἄλλος’
392 451 411 484 ι
448 432 568 498 πῶς
617 434 717 487 οὑκ
755 435 1066 488 αποστασία
1105 435 1282 506 σαφὴς
1311 434 1591 506 ἀρνεῖσθαι
1635 433 1682 486 τὲ

1815 451 1831 480 σ
1863 432 2054 494 Alius;
2087 449 2104 482 ι
2142 445 2323 484 nonne
2361 430 2709 500 apertissima
2741 430 2976 486 defectio
3007 438 3060 486 et
3090 432 3364 500 apostasia

106 523 254 594 τρία,
288 523 391 576 καὶ
430 524 593 593 μόνον
629 521 768 577 εἶναι
815 526 995 594 λέγειν
1027 526 1120 578 τὸν
1171 525 1448 595 φάσκοντα
1472 543 1484 554 ·
1528 545 1546 576 ι
1582 525 1696 578 Οὑκ

104 616 222 684 εεμὶ
260 615 446 685 μόνος,
476 616 560 668 ὅτι
581 617 609 669 6
630 616 853 687 πέμψας
883 635 950 687 με
982 617 1170 688 Πατὴρ
1203 617 1318 688 μετ’
1341 617 1476 688 ἐμοῦ
1501 618 1638 670 ἐστι.
1671 635 1690 666 ι

101 703 320 774 Χρῆται
365 705 425 757 δέ
459 705 554 756 καὶ
585 709 782 776 νομικῇ
811 709 963 777 φωνῇ
986 707 1118 777 (90),
1146 708 1242 763 καὶΔ
1268 707 1355 760 διὰ
1374 707 1575 777 ταύτης
1603 705 1696 759 δύο

104 793 441 863 παρίστησιν
472 794 634 857 ὄντας
657 795 822 846 αὑτὸν
847 812 907 846 τε
935 797 1028 848 καὶ
1053 795 1142 848 τὸν
1175 795 1396 864 Πατέρα
1419 812 1432 824 ·
1467 814 1485 845 ‹
1510 797 1596 848 Ἐν
1617 794 1695 865 τῷ

106 888 279 957 νόμῳ,
309 887 437 957 ιγάρ
484 903 640 954 φησι,
699 886 779 956 τῷ
845 887 1094 958 ὑμετέρῳ
1130 889 1454 959 γέγραπται,
1489 889 1568 941 ὃτι
1601 887 1694 941 δύο

100 977 412 1049 ἀνθρώπων
436 979 471 1047 ἡ
510 976 787 1048 μαρτυρία
810 976 1019 1048 ἀληθής
1047 978 1220 1029 ἐστιν·
1254 977 1413 1045 Ἐγὼ,
1453 997 1472 1028 ι
1506 979 1690 1048 φησὶν,

105 1087 124 1119 ι
150 1071 320 1138 εἰμὶὸ
358 1069 660 1141 μαρτυρῶν
694 1069 824 1139 περὶ
859 1069 1118 1138 ἐμαυτοῦ,
1149 1069 1242 1121 καὶ
1279 1074 1547 1142 μαρτυρεί
1563 1073 1692 1142 περὶ

95 1159 230 1229 ἐμοῦ
252 1161 283 1212 6
313 1161 544 1229 πέμψας
579 1177 644 1230 με
681 1161 894 1230 Πατήρ.
918 1180 938 1211 ι
975 1160 1104 1214 Ἰδοὺ
1133 1159 1240 1231 γὰρ
1273 1160 1366 1213 δύο
1400 1163 1686 1232 πρόσωπα,

95 1250 187 1302 καὶ
213 1251 262 1302 εἰ
292 1250 371 1321 μὴ
405 1249 587 1317 λέγεις
614 1249 709 1303 δύο
746 1245 888 1302 εἶναι
921 1249 1060 1302 κατὰ
1097 1249 1376 1321 ἀλήθειαν,
1417 1251 1575 1305 τοῦτο
1600 1253 1688 1304 λέ-

93 1357 204 1406 γων
230 1341 358 1393 οὑδέ
382 1342 485 1410 τὴν
520 1341 832 1413 μαρτυρίαν
854 1339 950 1410 ἐᾷς
980 1340 1329 1394 συνίστασθαι
1367 1337 1532 1395 οὖσαν
1553 1342 1687 1412 άλη-

95 1431 263 1502 θινήν.
297 1432 476 1485 Τοῦτο
516 1432 629 1503 γάρ
675 1431 962 1485 πιστοῦται
1001 1432 1094 1503 τὴν
1149 1432 1473 1505 μαρτυρίαν,
1522 1433 1582 1485 τὸ
1613 1433 1686 1504 μὴ

93 1523 184 1590 ὑφ’
223 1523 346 1585 ἐνὸς
379 1522 633 1590 γίνεσθαι
668 1523 851 1592 μόνου,
884 1524 1000 1576 ἀλλ’
1028 1523 1130 1576 ὑπὸ
1151 1524 1265 1578 δύο.
1302 1524 1414 1577 Καὶ
1444 1523 1552 1596 γὰρ
1590 1541 1685 1595 με-

95 1614 455 1685 μρτᾶρηχεν
509 1617 539 1668 6
578 1615 768 1687 Πατὴρ
819 1614 878 1681 ἐξ
914 1615 1141 1686 οὑρανοῦ
1199 1615 1404 1683 λέγων·
1457 1634 1475 1665 ι
1520 1610 1686 1679 Οὗτός

91 1708 236 1760 ἐστιν
259 1708 286 1759 6
323 1707 458 1770 Υἱός
491 1723 596 1776 μου
635 1708 664 1759 6
697 1707 1010 1777 ἀγαπητός·
1046 1727 1062 1757 ι
1093 1709 1186 1760 καὶ
1218 1706 1347 1770 Υἱὸς
1378 1705 1516 1759 Θεοῦ
1548 1702 1686 1758 εἷναι

1802 522 1968 576 fuerit
2007 528 2118 575 tres
2149 535 2410 590 personas
2450 535 2671 589 negare,
2699 534 2760 573 ac
2791 519 2972 575 dicere
3008 519 3182 576 solum
3214 518 3366 572 illum

1797 626 1920 666 esse
1950 611 2043 680 qui
2079 611 2152 663 ait
2190 629 2203 663 :
2243 628 2262 660 ι
2309 608 2426 662 Νοιι
2453 626 2570 664 sum
2608 611 2781 674 solus,
2816 611 2945 680 quia
2979 610 3070 679 qui
3106 625 3191 663 me
3221 611 3370 662 misit

1796 701 1978 767 Pater,
2011 717 2223 756 mecum
2255 709 2338 756 est
2369 699 2434 753 “.
2468 719 2486 752 ι
2529 699 2677 755 Voce
2706 716 2924 771 quoque
2970 701 3126 771 legali
3173 701 3366 766 utitur,

1797 807 1861 848 ac
1901 807 1997 863 per
2035 793 2205 855 illam,
2242 808 2299 848 se
2340 785 2417 847 et'
2444 792 2661 848 Patrem
2718 793 2858 847 duos
2909 807 3032 847 esse
3079 791 3364 845 declarat:

1801 904 1821 937 ι
1860 887 1919 940 in
1951 887 2067 957 lege
2093 905 2110 936 ι
2135 886 2304 948 enim,
2341 885 2538 956 inquit,
2567 904 2584 937 ι
2608 892 2790 940 vestra
2816 885 3074 954 scriptum
3100 891 3205 948 est,
3237 884 3364 954 quia

1795 978 2029 1034 duorum
2084 978 2366 1032 hominum
2413 978 2788 1033 testimonium
2845 991 3034 1031 verum
3077 985 3160 1031 est
3198 991 3210 1027 :
3249 976 3364 1046 Ego

1794 1084 1938 1135 sum,
1980 1086 1999 1118 ι
2028 1068 2230 1138 inquit,
2274 1087 2292 1118 ι
2317 1068 2409 1137 qui
2435 1067 2808 1121 testimonium
2838 1065 3097 1135 perlniheo
3137 1065 3205 1120 de
3248 1079 3364 1118 me.

1799 1161 1920 1230 ipso
1957 1178 1969 1215 :
2001 1160 2110 1230 30
2139 1168 2192 1214 et
2221 1159 2590 1214 testimonium
2624 1157 2870 1228 perhibet
2901 1157 2969 1212 de
2999 1173 3102 1220 me,
3134 1157 3225 1226 qui
3260 1156 3364 1210 mi-

1798 1253 1869 1307 sit
1920 1268 2006 1307 ine
2039 1252 2200 1308 Pater
2216 1254 2282 1304 ⁸⁵.
2323 1271 2342 1304 ι
2378 1250 2589 1305 Etenim
2635 1265 2764 1304 ecce
2811 1249 2950 1304 duas
2989 1264 3270 1319 personas,
3300 1257 3356 1304 et

1793 1346 1839 1399 si
1872 1344 2024 1400 dicas
2059 1345 2196 1399 duas
2240 1360 2430 1399 revera
2469 1359 2576 1398 non
2608 1358 2751 1405 esse,
2797 1342 2925 1395 dum
2969 1340 3070 1394 hoc
3103 1339 3360 1404 amrmas,‘

1791 1450 1899 1490 non
1941 1436 2079 1491 sinis
2126 1436 2497 1490 testimonium
2543 1443 2818 1498 constare,
2849 1431 2996 1502 quod
3042 1441 3222 1487 tamen
3269 1447 3362 1485 ve-

1789 1541 1910 1581 rum
1933 1533 2035 1581 est.
2071 1525 2148 1580 Eo
2174 1527 2372 1596 quippe
2397 1525 2771 1581 testimonium
2809 1525 2944 1580 illud
2980 1525 3358 1586 confirmatur,

1788 1617 1934 1688 quod
1965 1633 2074 1671 non
2110 1619 2177 1671 ab
2205 1633 2315 1671 uno
2367 1619 2505 1682 solo,
2539 1617 2631 1671 sed
2666 1633 2694 1671 a
2731 1618 2948 1672 duobus
2979 1617 3355 1687 perhibeatur.

1788 1705 2081 1762 Enimvero
2113 1709 2439 1764 testificatus
2472 1715 2555 1763 est
2581 1707 2740 1763 Pater
2755 1707 2823 1763 de
2849 1709 2990 1763 calo
3016 1709 3103 1763 bis
3137 1709 3314 1763 verbis
3340 1726 3354 1763 :

89 1804 116 1854 6
146 1799 449 1872 μονογενὴς
479 1800 614 1863 Υἱὸς
652 1799 760 1870 (9i)
789 1802 1072 1872 μαρτυρεῖ,
1111 1799 1204 1853 καὶ
1235 1798 1313 1869 τῷ
1346 1799 1522 1870 Πατρὶ
1557 1798 1682 1851 διεί-

1798 1817 1814 1849 ι
1851 1797 1948 1853 Hic
1974 1809 2057 1853 est
2092 1799 2264 1853 Filius
2318 1815 2472 1854 meus
2525 1799 2754 1854 dilectus
2774 1799 2821 1830 ¹⁶
2849 1815 2861 1850 :
2901 1818 2920 1850 ι
2953 1807 3007 1854 et
3037 1797 3206 1855 Filius
3238 1798 3356 1864 Dei,

89 1894 275 1947 λεκται
309 1893 506 1962 σαφῶς
548 1892 606 1945 ἐν
635 1893 825 1955 ἀκοαῖς
867 1891 1168 1964 ἀνθρώπων
1193 1892 1397 1961 λέγων’
1427 1911 1446 1943 ι
1470 1891 1690 1961 Ἐξομο-

87 1984 358 2054 lays-iga!
391 2001 498 2048 σοι,
524 1984 732 2055 Πάτερ,
750 1982 926 2054 Κύριε
952 1983 1042 2036 τοῦ
1065 1983 1293 2054 οὐρανοῦ
1310 1982 1417 2040 ,καὶ
1438 1983 1537 2054 τῆς
1561 1983 1683 2053 γῆς.

87 2079 168 2130 ὅτι
217 2076 556 2148 ἀπέκρυψας
603 2075 776 2128 ταῦτα
809 2075 917 2128 ἀπὸ
953 2074 1130 2143 σοφῶν
1162 2075 1258 2127 καὶ
1298 2075 1555 2138 συνετῶν,
1592 2075 1685 2127 καὶ

84 2170 449 2238 ἀπεκάλυψας
484 2167 631 2220 αὑτὰ
671 2167 909 2239 νηπίοις.
943 2167 1050 2220 Ναὶ
1086 2167 1113 2219 ὁ
1150 2166 1372 2238 Πατήρ·
1406 2167 1488 2220 ὅτι
1511 2165 1685 2229 οὕτως

111 2261 303 2313 ὒὸοκία
331 2261 563 2328 ἐγένετο
595 2258 903 2330 ἔμπροσθέν
936 2275 1048 2312 σου.
1071 2258 1258 2312 Πάντα
1283 2276 1372 2329 μοι
1408 2257 1682 2330 παρεδόθη

85 2353 192 2406 ὑπὸ
225 2351 321 2406 τοῦ
357 2353 586 2424 Πατρός
619 2369 742 2422 μου.
775 2370 794 2402 ι
829 2349 990 2403 Ἀλλὰ
1029 2350 1081 2402 τί
1115 2350 1251 2422 πρὸς
1285 2348 1462 2404 ταῦτα
1486 2349 1682 2404 ἀπολο-

88 2445 307 2510 γοῦνται
352 2445 407 2496 οἱ
451 2443 561 2510 τῆς
596 2441 867 2495 Ἰουδαίων
914 2440 1024 2512 (92)
1072 2441 1352 2513 ἀρνήσεως
1390 2439 1679 2511 ὑπηρέται,

89 2536 222 2606 ὑπὲρ
258 2533 358 2587 τοῦ
413 2532 492 2603 μὴ
558 2532 745 2600 σαφῶς
806 2529 1124 2600 ἐλέγχεσθαι
1177 2532 1288 2592 τοῖς
1332 2528 1683 2598 Εὑαγγελίοις

88 2630 555 2698 ἁντιπράττοντες
595 2624 693 2677 τοῦ
733 2623 940 2694 Κυρίου
977 2622 1130 2693 ἡμῶν
1189 2619 1365 2693 Ἰησοῦ
1406 2619 1676 2692 Χριστοῦο

90 2722 173 2773 ui
201 2720 384 2784 οὕτως
418 2718 517 2772 δύο
538 2715 868 2779 ὑποστάσεις
894 2713 1196 2782 φαίνεσθαι,
1224 2713 1320 2767 ἕνα
1346 2713 1435 2766 τὸν
1461 2712 1681 2785 Πατέρα

88 2813 231 2875 Θεὸν,
277 2813 480 2880 ἕτερον
527 2809 592 2862 δὲ
640 2807 732 2860 τὸν
763 2807 891 2859 Υἱὸν
930 2805 1247 2876 ἄνθρωπον;
1287 2803 1394 2857 Φεῦ
1426 2804 1523 2874 τῆς
1556 2804 1682 2856 ἀσε-

89 2901 260 2966 king!
295 2900 417 2954 Καὶ
451 2898 507 2950 τί
535 2896 698 2950 τοῦτο
728 2895 977 2964 διαφέρει
1015 2895 1111 2964 τῆς
1144 2894 1502 2965 Σαμοσατέως
1546 2895 1681 2946 ἀπο-

89 2995 294 3061 ιογίας;
334 2994 667 3046 εἰπάτωσαν
709 2990 766 3043 δὲ
808 2988 926 3052 πῶς
977 2986 1260 3056 ἄνθρωπος
1311 2985 1439 3056 περὶ
1485 2982 1679 3038 ἑαυτοῦ

86 3087 246 3140 ταῦτα
282 3082 637 3155 φθέγγεσθαι
669 3082 862 3153 τολμᾷ.
892 3100 910 3132 ι
956 3081 1014 3132 '0
1040 3077 1300 3150 ἑωρακὼς
1323 3077 1443 3147 ἐμὲ,
1466 3075 1675 3148 ἑώρακε

86 3178 165 3229 τὸν
197 3177 465 3249 Πατέρα;
504 3193 524 3225 ι
576 3173 700 3236 Πῶς
750 3173 806 3225 δὲ
860 3175 890 3225 6
941 3169 1331 3239 εὑαγγελιστὴς
1360 3168 1484 3239 περ).
1514 3167 1676 3220 αὑτοῦ

89 3270 247 3323 ταῦτα
273 3266 666 3340 φθεγγομένου
700 3267 986 3337 μαρτυρεῖ,
1016 3266 1096 3317 ὅτι
1124 3263 1342 3332 Πατέρα
1374 3261 1502 3314 ἴδιον
1527 3260 1678 3328 ἔλεγε

85 3359 166 3411 οὸν
201 3360 340 3413 Θεὸν
371 3358 492 3411 ἴσον
521 3356 715 3410 ἐαυτὸν
749 3354 922 3407 ποιῶν
950 3353 1028 3423 τῷ
1064 3351 1183 3423 Θεῷ
1210 3369 1224 3417 ;
1253 3352 1367 3404 Οὐκ
1396 3350 1679 3422 ἄνθρωπος

86 3449 192 3515 luo;
214 3452 293 3520 τῷ
323 3449 477 3518 Θεῷ.
516 3447 634 3502 ἀλλ’
662 3449 691 3500 6
718 3448 782 3499 ἐκ
808 3445 903 3498 τοῦ
937 3444 1046 3516 (95)
1082 3443 1215 3497 Θεοῦ
1248 3443 1379 3506 Θεὸς
1435 3442 1523 3495 ἴσα
1571 3442 1678 3509 ἓξει

84 3543 152 3612 τῷ
172 3543 545 3612 γεγεννηκότι
577 3539 722 3593 κατὰ
744 3539 842 3610 τὴν
872 3538 1052 3606 φύσιν,
1077 3536 1152 3600 ὡς
1177 3537 1270 3590 καὶ
1303 3537 1510 3600 Παῦλος
1543 3553 1680 3607 μαρ-

86 3639 250 3707 τυρεῖ,
273 3637 337 3688 οὑ
377 3634 514 3705 περὶ
543 3633 645 3701 τῆς
686 3630 842 3685 ἐνανο
853 3633 1172 3702 ρωπήσεως,
1203 3628 1338 3682 ἀλλὰ
1365 3627 1434 3682 τὰ
1455 3629 1561 3700 πρὸ
1582 3630 1680 3700 τῆς

86 3727 238 3780 inve
246 3727 565 3798 ρωπήσεως
579 3722 773 3792 ἐξηγοῦ
782 3739 942 3792 μενος
955 3722 1064 3793 (94)
1074 3739 1086 3751 ·
1113 3741 1131 3773 ι
1149 3723 1262 3784 Ὃς,
1277 3721 1334 3772 ἐν
1349 3724 1530 3792 μορφῇ
1544 3719 1678 3773 Θεοῦ

89 3819 375 3890 ὑπάρχων,
399 3815 502 3884 οὑχ
529 3811 824 3884 ἁρπαγμὸν
847 3813 1091 3882 ἡγήσατο
1115 3811 1176 3863 τὸ
1206 3806 1345 3863 εἶναι
1371 3809 1459 3863 ἴσα
1476 3810 1615 3880 Θεῷ.
1655 3829 1675 3863 ι

89 3911 273 3979 Ἴσμεν
308 3909 414 3962 καὶ
440 3906 802 3977 ἀνθρωπίνως
830 3903 1086 3966 πολλάκις
1125 3902 1217 3956 τὸν
1251 3902 1485 3973 Σωτῆρα
1513 3901 1680 3972 φθεγ-

89 4004 314 4071 γόμενον
332 4019 348 4031 ·
377 3999 497 4053 ἀλλ’
528 3999 628 4068 οὑχ
650 3998 738 4050 ὅτε
763 3995 927 4067 φησίν
945 4012 958 4024 ·
999 4014 1017 4046 ι
1041 3994 1180 4063 Ἐγώ
1205 3996 1321 4064 εἰμι
1338 3996 1366 4047 6
1386 3993 1680 4065 μαρτυρῶν

90 4095 212 4164 περὶ
235 4089 514 4163 ἐμαυτοῦ,
550 4089 646 4143 καὶ
685 4089 952 4158 μαρτυρεῖ
984 4088 1112 4158 περί
1140 4083 1275 4155 ἐμοῦ
1304 4087 1332 4139 6
1371 4084 1594 4155 πέμψας
1613 4101 1680 4155 με

89 4187 291 4256 Πατήρ.
324 4203 345 4234 ι
383 4183 463 4236 Οὑ
500 4181 613 4251 γὰρ
642 4179 926 4250 ἄνθρωπος
958 4177 987 4228 6
1024 4175 1296 4248 πεμφθεὶς
1333 4177 1414 4240 εἰς
1453 4177 1546 4229 τὸν
1591 4177 1680 4229 κός

89 4293 246 4345 σμον,
273 4279 302 4329 6
331 4275 519 4342 λέγων
538 4289 552 4301 ·
596 4293 614 4322 (
637 4272 732 4324 Ἐκ
763 4269 857 4323 τοῦ
881 4268 1091 4340 Πατρὸς
1117 4267 1338 4340 ἐξῆλθον
1373 4268 1468 4322 καὶ
1492 4268 1675 4339 ἥκωσι

85 4369 116 4418 6
144 4366 347 4432 uagum-
391 4381 412 4414 I
445 4362 637 4424 Οῦτως
660 4361 768 4429 γάρ
800 4361 1084 4432 ἠγάπησεν
1107 4363 1135 4412 6
1172 4359 1304 4424 Θεὸς
1327 4360 1420 4413 τὸν
1452 4359 1676 4430 κόσμον,

1789 1890 2132 1960 unigenitum
2168 1891 2259 1945 Dei
2287 1889 2480 1944 Filium
2515 1905 2573 1945 se
2596 1906 2719 1946 esse
2740 1897 2997 1955 testatur,
3032 1899 3085 1944 et
3113 1890 3354 1954 Patrem,

1787 1989 1971 2050 aperte
2017 1983 2367 2038 audientibus
2428 1984 2759 2047 hominibus,
2797 1983 2882 2038 his
2913 1985 3095 2038 verbis
3147 1985 3357 2038 allocu-

1785 2078 1876 2127 tus
1917 2082 2044 2129 est:
2111 2093 2129 2124 ι
2163 2074 2440 2130 Confiteor
2478 2077 2600 2143 tibi,
2653 2075 2834 2141 Pater,
2875 2076 3100 2132 Domine
3148 2078 3271 2133 cali
3301 2088 3355 2132 et

1785 2171 1964 2231 terra,
2007 2165 2136 2234 quia
2163 2166 2499 2222 abscondisti
2533 2169 2648 2222 hac
2690 2185 2719 2221 ιι
2763 2169 3098 2239 sapientibus
3144 2176 3197 2224 et
3226 2183 3356 2239 pru-

1782 2255 2058 2322 dentibus,
2087 2267 2141 2312 et
2170 2259 2423 2314 revelasti
2458 2275 2519 2314 ea
2563 2262 2822 2330 parvulis.
2851 2259 2947 2324 Ita,
2980 2258 3140 2315 Pater
3173 2276 3186 2311 :
3224 2261 3353 2328 quia

1783 2351 1864 2406 sic
1898 2350 2002 2403 fuit
2031 2351 2291 2422 placitum
2327 2359 2452 2407 ante
2475 2359 2547 2408 te.
2573 2351 2764 2407 Omnia
2803 2353 2930 2406 mihi
2956 2353 3152 2406 tradita
3173 2361 3298 2408 sunt
3322 2370 3352 2408 a

1785 2439 1946 2496 Patre
1978 2456 2099 2496 meo
2121 2443 2186 2494 ".
2222 2461 2242 2493 ι
2275 2439 2378 2496 Sed
2404 2442 2531 2512 quid
2557 2443 2621 2496 ad
2652 2443 2767 2497 hac
2790 2443 3120 2514 respondent
3147 2442 3356 2498 Judao-

1780 2547 1903 2586 rum
1949 2532 2256 2602 negationis
2310 2532 2616 2588 administri
2650 2553 2663 2588 :
2695 2549 2763 2588 ne
2819 2535 2995 2604 palam
3051 2536 3352 2604 deprehen-

1781 2622 1987 2678 dantur
2035 2623 2314 2678 adversari
2359 2622 2666 2694 Evangeliis
2717 2622 2936 2678 Domini
2999 2626 3177 2679 nostri
3223 2624 3353 2679 Jesu

1779 2713 1986 2768 Christi
2011 2732 2026 2780 ;
2055 2721 2110 2768 et
2141 2728 2210 2768 ne
2227 2712 2456 2779 sic,dua
2482 2714 2806 2786 hypostases
2832 2721 3152 2784 appareant,
3182 2730 3351 2768 unum

1782 2821 1978 2876 nempe
2005 2804 2243 2866 Patrem,
2279 2804 2449 2860 Deum
2472 2846 2486 2871 ,
2521 2807 2750 2860 alterum
2804 2821 2934 2860 vero
2979 2805 3198 2871 Filium,
3254 2806 3355 2860 ho-

1781 2895 2029 2949 minem?
2056 2910 2088 2948 0
2118 2893 2479 2963 impietateml
2533 2893 2740 2964 Ecquid
2785 2894 2919 2948 illud
2967 2895 3198 2950 differta
3249 2894 3352 2950 Sa-

1784 2987 2114 3042 mosatensis
2143 2985 2502 3041 defensione?
2541 2984 2734 3040 Dicant
2760 3002 2868 3056 quo
2903 2994 3060 3056 pacto
3088 2987 3248 3042 homo
3273 2995 3354 3040 ta-

1789 3080 1858 3133 lia
1900 3081 1966 3135 de
2022 3080 2203 3150 seipso
2252 3081 2399 3151 loqui
2439 3081 2634 3136 audeat
2676 3099 2688 3134 :
2725 3098 2743 3130 ι
2788 3080 2890 3147 Qui
2935 3082 3068 3136 vidit
3098 3097 3182 3137 me
3218 3083 3354 3136 vidit

1782 3178 1836 3224 et
1867 3169 2182 3226 Patrem"?
2207 3190 2226 3223 ι
2265 3172 2374 3226 Aut
2405 3187 2504 3226 cur
2535 3173 2862 3244 evangelista
2894 3174 3068 3243 ipsum
3095 3174 3168 3227 ita
3202 3173 3354 3228 locu—

1779 3267 1899 3314 tum
1935 3269 2172 3316 testatur
2205 3281 2216 3316 :
2247 3278 2439 3332 nempe
2459 3263 2602 3332 quod
2629 3265 2792 3318 Deum
2818 3262 3030 3318 Patrem
3055 3279 3210 3318 suum
3232 3280 3355 3320 esse

1780 3350 2016 3414 dixerit,
2079 3354 2450 3423 aqualemque
2480 3370 2602 3410 sese
2633 3353 2743 3409 Deo
2791 3355 3017 3411 fecerit?
3047 3354 3167 3410 Non
3206 3357 3352 3409 enim

1780 3451 1864 3498 est
1889 3444 2052 3498 homo
2085 3444 2193 3498 Deo
2224 3447 2484 3514 aqualis;
2525 3447 2619 3501 sed
2671 3445 2814 3502 Deus
2858 3463 2926 3500 ex
2957 3447 3087 3511 Deo,
3122 3447 3354 3517 aqualis

1779 3535 2080 3590 secundum
2130 3545 2386 3590 naturam
2419 3536 2523 3590 erit
2577 3538 2623 3591 ei
2655 3539 2748 3608 qui
2775 3554 2832 3593 se
2863 3540 3164 3604 generavit,
3201 3548 3261 3594 ut
3299 3547 3355 3596 et

1779 3625 1982 3682 Paulus
2015 3637 2267 3694 testatur,
2331 3628 2420 3682 ubi
2456 3645 2586 3684 non-
2613 3629 2680 3684 de
2732 3631 3132 3696 incarnatione,
3159 3633 3253 3686 sed
3287 3633 3357 3686 de

1779 3717 1848 3774 iis
1895 3733 2015 3788 qua
2061 3719 2498 3773 incarnationem
2562 3735 2892 3789 praecssere
2941 3723 3106 3777 verba
3175 3722 3350 3776 facit:

1787 3828 1805 3860 ι
1840 3808 1945 3875 Qui
1971 3826 2095 3864 cum
2119 3809 2176 3864 in
2216 3810 2392 3864 forma
2421 3808 2515 3866 Dei
2553 3819 2721 3874 esset,
2755 3828 2864 3866 non
2908 3813 3157 3883 rapinam
3196 3817 3349 3868 arhi-

1779 3910 1954 3958 tratus
1979 3910 2061 3958 est
2082 3918 2205 3959 esse
2255 3919 2314 3959 se
2347 3903 2608 3973 aqualem
2640 3903 2748 3958 Deo
2772 3905 2836 3959 '9.
2867 3923 2885 3956 ι
2922 3903 3142 3958 Scimus
3171 3914 3352 3960 autem

1779 3993 2058 4049 Christum
2084 3995 2404 4065 plerumque
2430 3995 2730 4050 secundum
2757 3996 3151 4052 humanitatem
3196 3999 3344 4052 locu-

1781 4095 1895 4140 tum
1921 4087 2091 4142 fuisse
2126 4105 2141 4142 :
2178 4097 2233 4141 at
2270 4103 2380 4142 non
2409 4090 2629 4158 quando
2670 4088 2806 4142 dixit
2842 4105 2856 4141 :
2899 4107 2918 4139 ι
2954 4087 3069 4156 Ego
3093 4105 3214 4144 sum
3256 4092 3350 4160 qui

1780 4177 2150 4233 testimonium
2182 4178 2444 4247 perbibeo
2473 4180 2540 4234 de
2573 4179 2783 4249 meipso
2835 4194 2848 4230 :
2886 4186 2942 4234 et
2976 4180 3351 4234 testimonium

1781 4265 2030 4335 perhibet
2058 4265 2126 4320 de
2149 4281 2256 4332 me,
2287 4269 2382 4336 qui
2412 4269 2562 4324 misit
2583 4284 2688 4331 me,
2729 4267 2889 4322 Pater
2910 4268 2980 4322 ³ο.
3008 4287 3027 4321 ι
3061 4267 3181 4324 Νοιι
3203 4269 3351 4324 enim

1781 4357 1948 4412 homo
1967 4367 2052 4414 est
2082 4359 2176 4428 qui
2222 4361 2427 4417 missus
2466 4369 2552 4416 est
2601 4363 2658 4416 in
2688 4359 2974 4427 mundum,
3005 4370 3057 4416 et
3092 4363 3169 4416 ait
3199 4379 3214 4417 :
3250 4381 3270 4414 ι
3305 4364 3350 4418 Α

83 4452 225 4506 ὥστε
253 4454 350 4506 τὸν
390 4451 521 4503 Υἱὸν
550 4449 714 4503 αὑτοῦ
747 4451 841 4503 τὸν
870 4453 1130 4520 μονογενῆ
1179 4450 1399 4516 ἔδωκεν,
1450 4451 1536 4504 ἵνα
1568 4452 1677 4514 πᾶς

1789 4449 1945 4504 Patre
1998 4451 2143 4506 exivi
2187 4460 2242 4506 et
2281 4453 2442 4508 venio
2463 4453 2504 4484 ⁸¹
2541 4471 2554 4506 :
2597 4471 2614 4504 ι
2673 4452 2768 4522 qui
2800 4453 2930 4508 item
2981 4453 3163 4508 dicit:
3203 4473 3222 4506 ι
3260 4452 3351 4510 Sic

80 4545 114 4598 6
146 4545 430 4597 πιστεύων
481 4545 565 4605 εἰς
615 4541 775 4593 αὑτὸν
826 4541 938 4612 (95)
983 4542 1057 4614 μὴ
1097 4541 1384 4614 ἀπόληται,
1430 4541 1544 4595 ἀλλ’
1578 4542 1678 4613 ἔχῃ

1789 4541 1925 4594 enim
1957 4539 2104 4597 Deus
2135 4539 2333 4597 dilexit
2370 4542 2656 4604 mundum,
2688 4550 2750 4596 ut
2781 4540 2980 4596 Filium
3013 4559 3174 4598 suum
3223 4545 3348 4599 uni-

80 4635 233 4706 ζωὴν
260 4634 512 4689 αἰώνιον·
543 4653 564 4686 ι
611 4634 640 4685 6
671 4633 844 4702 λέγων
865 4651 878 4663 ο
914 4651 932 4682 ι
969 4634 1336 4704 Καταϐέϐηκα
1375 4636 1441 4688 ἐκ
1469 4635 1562 4687 τοῦ
1590 4635 1678 4686 οὑ-

81 4727 274 4797 ρανοῦ,
304 4728 411 4795 οὑχ
427 4726 518 4777 ἵνα
549 4724 688 4777 ποιῶ
705 4724 781 4797 τὸΔ
798 4723 1009 4794 θέλημα
1028 4723 1162 4794 (95⁸)
1188 4725 1249 4778 τὸ
1283 4725 1437 4795 ἐμὸν,
1458 4724 1592 4778 ἀλλὰ
1618 4725 1678 4777 τὸ

77 4794 300 4889 θέλημα
495 4794 810 4887 πέμψαντός
851 4832 938 4886 με.
975 4835 993 4867 ι
1038 4815 1174 4868 Ἀλλ’
1208 4818 1256 4869 εἰ
1304 4794 1477 4879 θέλεις
1529 4815 1678 4884 αὑτῷ

168 5047 217 5075 ’⁸
253 5044 422 5099 Joan.
456 5059 594 5101 vm.
632 5042 718 5098 16.
820 5043 868 5073 ’³
907 5037 1039 5094 ibid.
1079 5040 1164 5103 l7,
1198 5041 1290 5096 18.

81 5131 201 5179 xw,
233 5116 288 5170 9.
368 5115 418 5146 "
455 5111 696 5183 Philipp.
732 5128 794 5176 ιι,
831 5111 886 5166 6.
963 5111 1008 5142 ³⁰
1045 5109 1202 5168 Joan.
1239 5126 1358 5174 vni,
1393 5111 1481 5166 18.

62 5283 72 5300 -‘
164 5270 277 5339 (90)
309 5268 661 5339 Basiliensis,
687 5269 754 5338 τῇ
789 5270 985 5338 νομικῇ
1021 5269 1189 5338 φωνῇ.
1226 5263 1394 5339 Infra,
1432 5265 1511 5336 τῷ
1542 5265 1676 5339 ὑμε-

91 5336 270 5410 τέρῳ,
290 5343 345 5395 in
390 5339 586 5393 Graco
632 5336 928 5410 Scriptura
960 5336 1222 5403 textu,"et
1256 5338 1311 5410 in
1343 5336 1677 5410 Segueriano

97 5409 310 5481 legitur,
342 5420 402 5464 at
430 5413 488 5463 in
511 5419 693 5481 cater.
720 5409 878 5481 codd.
911 5417 974 5481 et_
985 5410 1114 5463 edit.
1143 5423 1253 5461 non
1282 5409 1532 5481 habetur.

173 5474 280 5548 (91)
333 5481 615 5552 ὃθευοτηη
645 5478 780 5531 Θεοῦ
827 5476 1062 5552 τεκεῖναι
1101 5478 1392 5550 μονογενὴς
1526 5474 1673 5552 Υἱός.

98 5550 222 5636 μοι
264 5549 455 5616 Basili,
497 5550 812 5604 διείλεκται.
844 5549 988 5604 Editi
1023 5566 1153 5605 vero
1200 5559 1255 5604 et
1302 5549 1506 5616 cateri,
1554 5549 1676 5621 διή-

99 5638 300 5676 Αεκται.

177 5692 280 5812 £23)
313 5690 390 5762 Ita
422 5692 680 5764 Seguer.,
722 5699 892 5747 recte.
942 5689 1085 5743 Editi
1123 5706 1274 5753 vero,
1317 5693 1368 5745 oi
1404 5693 1510 5745 τῶν
1545 5694 1673 5747 Ἰου-

271 5804 283 5812 .
330 5763 478 5812 Infra
535 5777 725 5812 omnes
783 5761 1172 5812 manuscrinti.
1225 5765 1673 5812 ἀντιποάττοντεε

271 5804 283 5814 .
329 5761 478 5818 Infra
507 5761 725 5819 'omnes
783 5761 1172 5831 manuscripti,
1225 5765 1674 5836 ἀντιπράττοντες

1383 5040 1428 5072 ³⁸
1493 5038 1692 5106 Matth.
1721 5054 1818 5102 ιιι,
1861 5037 1958 5103 Π;
1998 5035 2234 5106 ινιι,,5.

1556 5110 1599 5138 ³¹
1637 5104 1797 5162 Jdan.
1835 5123 1946 5172 xvi,
1982 5106 2073 5161 28.
2149 5105 2194 5136 ³¹
2233 5104 2391 5160 Joan.
2428 5121 2523 5169 ιιι,
2562 5105 2640 5159 16.

1781 4636 2024 4703 genitum
2060 4634 2216 4689 daret
2251 4652 2266 4689 :
2300 4642 2361 4688 ut
2389 4633 2568 4689 omnis
2595 4635 2687 4704 qui
2739 4635 2919 4690 credit
2966 4636 3022 4690 in
3061 4651 3206 4696 eum.
3238 4651 3349 4692 non

1783 4731 1990 4795 pereat,
2011 4723 2106 4779 sed
2138 4725 2334 4779 habeat
2354 4724 2520 4779 vitam
2553 4733 2810 4780 aternam
2829 4726 2897 4792 ³¹;
2925 4746 2944 4779 ›
2964 4727 3056 4795 qui
3073 4728 3237 4782 etiam
3261 4727 3347 4781 di-

1786 4818 1860 4870 cit
1895 4833 1906 4866 :
1948 4833 1966 4866 ι
1997 4814 2262 4871 Descendi
2281 4815 2347 4870 de
2377 4815 2538 4880 calo,
2582 4832 2690 4871 non
2745 4825 2803 4871 ut
2848 4817 3042 4871 faciam
3099 4819 3348 4870 volunta-

2341 5036 2385 5067 "’
2427 5033 2618 5089 Matth.
2650 5037 2740 5098 χι,
2775 5033 3002 5088 25-27.
3108 5035 3152 5066 "
3189 5033 3345 5087 Joan.

1781 5260 1872 5313 τὸν
1884 5259 2100 5331 ᾼΚὺριον
2114 5260 2271 5331 ἡμῶν
2301 5259 2782 5331 Ἰησοῦνξζριστόη
2810 5259 2904 5331 καὶ
2923 5258 3094 5331 οὕτως
3115 5256 3344 5331 τὰς-ὸὺοτ

1853 5326 2376 5397 (95)’ϐοὺ1’ἐει·ἱιιηιιε’
2411 5338 2464 5384 et
2503 5326 2814 5384 Fe'lckman.
2838 5329 2891 5392 1,
2937 5327 3019 5399 τῷ
3050 5327 3188 5397 Θεῷ,
3220 5326 3345 5379 ’ἀλλ’

1781 5400 1812 5453 ὁ
1839 5400 1901 5452 ἐκ
1927 5399 2041 5464 τοῦ,
2067 5401 2288 5457 omissis
2316 5401 2530 5454 mediis.

1858 5469 1968 5540 (94)
2001 5469 2164 5525 Basil.
2197 5469 2537 5540 etSeguer.,
2571 5466 2752 5540 φύσιν,
2780 5467 2855 5533 ὡς
2886 5467 2979 5522 καὶ
3026 5467 3347 5540 ἐτεροςῌμα-

1783 5538 1956 5610 θητὴς
1994 5543 2022 5593 6
2079 5540 2184 5593 τῶν
2223 5538 2390 5593 ἐθνῶν
2435 5538 2748 5610 διδάσκαλος
2809 5541 3071 5610 μαρτυρεί
3115 5538 3346 5600 Παῦλος,

1780 5610 1842 5663 οὑ
1881 5609 2016 5680 περὶ.
2030 5611 2127 5680 τῆς
2160 5609 2618 5680 ἐνανθρωπήσεως
2636 5609 2836 5680 λέγων.
2892 5609 2895 5610 ⁷
3237 5624 3243 5630 ·

1850 5678 1962 5750 (95)
1991 5678 2216 5750 Seguer.
2247 5678 2430 5742 habet,
2464 5680 2550 5731 ἐπ’
2588 5679 2768 5733 αὑτόν.

1852 5767 1987 5839 (95‘)
2020 5767 2109 5826 Sic
2141 5768 2426 5824 Basilicus.
2462 5767 2684 5838 Seguer.
2720 5777 2772 5824 et
2796 5767 3016 5825 Graecus
3051 5765 3349 5836 Scriptura
