3890 6186
558 358 656 416 1ῧό

1694 348 1777 413 _S.
1820 336 2275 404 ATHANASIUS.
2317 378 2386 388 —
2423 344 2655 403 DUBIA.

3696 360 3803 415 1οό

553 472 661 528 tem
695 485 894 535 meam,
927 470 1019 525 sed
1063 469 1398 525 voluntatem
1429 466 1550 538 ejus
1596 470 1687 538 qui
1723 467 1872 521 misit
1898 482 1983 521 me
2012 465 2081 519 ³³.
2110 486 2127 518 ι

2243 464 2595 536 ἀνθρωπίνως
2621 462 2871 528 ἀκοῦσαι,
2906 464 3253 536 ἁρμοζόντως
3274 468 3340 538 τῇ
3370 466 3612 539 ὁρωμένη
3663 469 3805 526 κατὰ

554 563 662 620 Sed
693 564 737 618 si
784 564 866 618 vis
913 578 1040 617 eum
1098 561 1290 617 audire
1340 562 1652 631 loquentem
1706 559 2048 624 humanitus,
2081 566 2137 614 et

551 662 925 723 congruenter
972 650 1042 706 ad
1091 651 1367 705 carnalem
1403 650 1806 720 formam,quae
1856 648 2127 719 apparuit,

551 754 606 800 et
637 745 702 799 ad
736 744 1159 810 humanitatem,
1193 757 1358 813 quam
1394 742 1673 797 auditores
1699 740 1820 809 ejus
1848 741 2050 795 nudam
2082 745 2138 794 et

554 835 727 892 solam
756 835 809 888 in
834 849 900 888 eo
930 834 1347 897 existimabant,
1371 832 1498 886 audi
1514 833 1680 888 verba
1706 832 1826 902 ejus
1852 846 1865 883 :
1902 849 1921 880 ι
1958 830 2012 885 Si
2035 845 2137 902 ego

554 927 936 984 testimonium
1008 927 1272 997 perbibeo
1331 926 1400 982 de
1460 926 1691 996 meipso,
1762 924 2135 981 testimonium

553 1033 735 1075 meum
757 1035 867 1075 non
910 1026 995 1074 est
1031 1019 1303 1074 verum.“
1341 1038 1361 1069 ι
1410 1017 1565 1085 Quod
1591 1019 1801 1073 scilicet
1825 1034 2004 1088 neque
2032 1017 2137 1074 [ide

557 1109 759 1182 dignus
780 1113 873 1176 sit,
902 1127 1079 1181 neque
1101 1111 1228 1166 talis
1251 1111 1597 1166 existimetur
1620 1111 1804 1174 homo,
1842 1111 1934 1180 qui
1958 1108 2026 1165 de
2045 1124 2137 1164 se.

555 1204 676 1275 ipso
734 1205 1109 1259 testimonium
1162 1202 1342 1258 ferat:
1376 1217 1499 1257 cum
1528 1209 1708 1257 autem
1752 1202 1883 1257 dicit
1916 1219 1929 1256 :
1959 1219 1977 1252 ι
2018 1199 2135 1255 Etsi

554 1312 656 1367 ego
701 1297 1074 1353 testimonium
1122 1296 1380 1366 perbibeo
1433 1294 1502 1350 de
1545 1296 1776 1366 meipso,
1825 1309 2013 1349 verum
2052 1300 2137 1349 est

554 1389 931 1444 testimonium
986 1403 1190 1454 meum,
1229 1388 1355 1457 quia
1395 1385 1513 1442 scio
1542 1386 1688 1440 unde
1736 1384 1865 1440 veni
1917 1392 1972 1441 et
2025 1400 2136 1455 quo

551 1479 694 1534 vado
712 1480 777 1534 ³⁵.
815 1498 833 1530 ι
875 1477 1106 1545 Quando
1135 1476 1350 1531 Patrem
1383 1487 1437 1531 et
1475 1490 1597 1531 sese
1643 1490 1965 1541 numerans,
1995 1475 2136 1531 duos

551 1584 677 1626 esse
705 1570 840 1624 dicit
873 1570 1061 1640 gloriae
1109 1585 1223 1623 suae
1279 1575 1469 1633 testes,
1514 1583 1860 1639 nequaquam
1896 1568 2135 1622 humana

553 1663 818 1732 loquitur,
845 1661 939 1718 sed
972 1677 1141 1733 supra
1170 1676 1389 1716 omnem
1430 1661 1726 1715 humanam
1759 1660 2081 1729 dignitatem
2117 1676 2130 1711 :

551 1754 749 1824 ecquid
794 1754 921 1808 dico
980 1752 1315 1807 humanam?
1374 1768 1540 1823 supra
1598 1752 1925 1822 angelicam,
1966 1766 2132 1822 supra

2240 560 2417 629 σάρκα
2475 559 2679 628 μορφῇ,
2729 556 2823 610 καὶ
2867 558 2934 627 τῇ
2980 557 3312 630 νομιζομένῃ
3358 558 3484 629 ψιλῇ
3518 559 3654 631 παρὰ
3689 564 3805 626 τοῖς

2238 649 2533 704 ἀκούσασιν
2587 649 3006 721 ἀνθρωπότητι,
3074 650 3238 704 ἄκουε
3310 650 3558 719 λέγοντος
3609 652 3799 705 αὐτοῦ’

2245 761 2264 794 ‹
2297 743 2360 795 Εἰ
2393 741 2505 812 (96)
2537 739 2648 809 ἐγὼ
2693 741 2957 813 μαρτυρῶ
2988 743 3116 813 περὶ
3147 742 3406 813 ἐμαυτοῦ,
3451 746 3484 813 ἡ
3544 745 3806 815 μαρτυρία

2241 850 2342 903 μου
2378 832 2582 905 ἀληθὴς
2613 833 2710 884 ούκ
2738 832 2850 886 ἔστι
2871 849 2885 863 ο
2913 852 2931 884 ι
2961 834 3101 887 κατὰ
3128 833 3189 887 τὸ
3218 834 3290 904 μὴ
3320 835 3623 899 ἀξιόπιστον
3646 831 3803 903 εἶναι,

2242 926 2377 997 μηδὲ
2402 925 2729 996 νομίζεσθαι.
2750 924 3035 998 ἄνθρωπον
3071 927 3249 997 ἑαυτῷ
3290 928 3681 1000 μαρτυροῦντα·
3711 931 3805 984 ὅτε

2238 1016 2296 1071 δέ
2330 1033 2488 1089 φησιο
2522 1036 2541 1068 ι
2590 1016 2711 1071 Κᾶν
2739 1016 2851 1084 ἐγὼ
2883 1017 3145 1090 μαρτυρῶ
3171 1019 3298 1091 περὶ
3321 1020 3577 1090 ἐμαυτοῦ,
3609 1023 3637 1091 ἡ
3668 1039 3807 1094 μαρ-

2239 1111 2400 1182 τυρία
2436 1128 2536 1181 μου
2567 1109 2775 1182 ἀληθής
2805 1111 2974 1174 ἐστιν,
3005 1111 3086 1164 ὃτι
3115 1107 3229 1164 οῖδα
3266 1111 3425 1164 πόθεν
3449 1113 3807 1185 ἔρχομαι,καὶ

2239 1202 2341 1256 ποῦ
2368 1203 2582 1272 ὑπάγω.
2627 1221 2646 1254 ι
2678 1202 2827 1268 Ὅτε,
2850 1200 3099 1272 ἀριθμῶν
3126 1203 3217 1255 τὸν
3249 1204 3471 1276 Πατέρα
3513 1206 3602 1258 καὶ
3627 1206 3807 1271 αὑτὸν,

2236 1294 2330 1349 δύο
2358 1296 2521 1366 φησὶν
2546 1291 2827 1359 εἶναιτοὺς
2851 1296 2980 1368 περὶ
3011 1297 3110 1367 τῆς
3133 1296 3290 1366 δόξης
3316 1296 3479 1350 αὐτοῦ
3517 1298 3805 1370 μάρτυρας,

2237 1388 2337 1441 οὐκ
2353 1387 2665 1460 ἀνθρώπινα
2683 1388 3130 1459 φθέγγεται,⁸ἀλλ’
3151 1391 3293 1462 ὑπὲρ
3330 1393 3508 1444 πᾶσαν
3538 1392 3808 1464 ἀνθρωπί-

2238 1496 2335 1551 νην
2351 1480 2528 1548 ἀξίανο
2553 1481 2715 1535 καὶτί
2745 1481 2888 1551 λέγω
2921 1481 3302 1555 ἀνθρωπίνην;
3334 1484 3473 1555 ὑπὲρ
3501 1484 3808 1555 ἀγγελικὴν,

2239 1570 2380 1642 ὑπὲρ
2415 1571 2607 1642 ἀρχὰς,
2636 1572 2775 1644 ὑπὲρ
2805 1573 3083 1643 δυνάμεις,
3119 1573 3259 1645 ὑπὲρ
3301 1575 3639 1645 κυριότητας.
3675 1576 3816 1632 Ποία.

2236 1662 2345 1735 γὰρ
2361 1662 2647 1735 ἀνθρώπου
2664 1664 2757 1716 καὶ
2770 1662 2904 1717 Θεοῦ
2929 1664 3152 1737 συναρίο
3161 1682 3233 1736 μη
3242 1682 3322 1727 σις
3345 1681 3360 1729 ;
3406 1664 3487 1728 τίς
3505 1666 3749 1738 ἐγγύτης,
3771 1667 3809 1740 ἢ

2236 1756 2317 1821 τίς
2342 1757 2592 1811 κοινωνία
2613 1773 2626 1822 ;
2644 1756 2779 1810 ἀλλὰ
2806 1757 2981 1826 λέγων
2999 1774 3012 1788 ο
3039 1776 3058 1809 ι
3094 1757 3549 1828 Ἐξομολογοῦμαὶ
3576 1776 3671 1823 σοι,
3699 1760 3817 1812 Πά-

554 1846 914 1916 principatus,
940 1861 1107 1916 supra
1143 1852 1466 1915 potestates,
1499 1859 1666 1914 supra
1698 1844 2126 1899 dominationes.

2243 1865 2346 1920 τερ,
2367 1848 2540 1919 Κύριε
2568 1848 2660 1902 τοῦ
2678 1849 2906 1921 ούρανοῦ
2925 1850 3017 1903 καὶ
3038 1852 3136 1921 τῆς
3164 1851 3285 1921 γῆς,
3314 1869 3332 1901 ι
3365 1850 3647 1921 ἄνθρωπος
3666 1847 3814 1906 εἷναί

551 1935 671 2002 Qua
701 1938 848 1992 enim
881 1939 1093 1992 ratione
1143 1937 1308 1991 homo
1350 1935 1462 1993 Deo
1516 1935 1871 1991 annumerari
1922 1936 2136 2006 possit?

551 2043 674 2098 qua:
706 2031 844 2084 inter
868 2044 965 2085 eos
991 2031 1223 2084 aﬂinitas
1245 2070 1258 2093 ,
1298 2045 1418 2099 quae
1456 2029 1806 2085 communio?
1854 2027 1961 2083 Sed
2011 2044 2135 2084 cum

2244 1956 2324 1992 σοι
2347 1940 2512 2002 δοκεῖ,
2534 1937 2833 2004 καλῶς·καὶ
2860 1940 2969 2011 γὰρ
2985 1939 3094 2010 ἔχει
3116 1940 3176 1993 τὸ
3202 1940 3310 2011 (97)
3339 1939 3669 2012 ἀνθρώπινον
3684 1943 3817 1995 ἀνα-

2250 2030 2582 2101 μεμιγμένον
2606 2032 2639 2100 ἡ
2672 2031 3090 2102 παραγενομένη
3116 2030 3302 2102 θεότης
3329 2032 3408 2095 εἰς
3437 2032 3528 2087 τὸν
3559 2033 3780 2104 κόσμον.

551 2122 737 2179 dicit:
789 2142 808 2174 ι
864 2123 1142 2179 Contiteor
1194 2125 1317 2189 tibi,
1360 2123 1557 2189 Pater,
1609 2123 1839 2178 Domine
1893 2123 2021 2177 coeli
2075 2130 2130 2178 et
2180 2133 2341 2179 terra:
2385 2125 2453 2188 ",
2485 2143 2504 2176 ι
2544 2124 2709 2177 homo
2766 2139 2891 2179 esse
2920 2125 3019 2179 tibi
3065 2126 3300 2192 videtur,
3351 2134 3496 2181 recte
3553 2126 3818 2197 quidem;

552 2216 730 2273 deitas
757 2215 903 2270 enim
937 2215 1026 2269 illa
1055 2231 1177 2286 quae
1199 2217 1255 2270 in
1295 2217 1565 2271 mundum
1610 2215 1854 2279 advenit,
1879 2215 2274 2272 humanitatem
2321 2218 2426 2273 sibi
2447 2217 2763 2284 adiunctam
2789 2216 2971 2272 habet.

621 2332 679 2388 4.
721 2331 828 2386 Sed
868 2346 938 2386 ne
999 2331 1070 2386 ob
1135 2332 1320 2387 carnis
1359 2346 1613 2387 velamen
1671 2332 1842 2389 Deum
1889 2333 2132 2402 ignores,

553 2424 648 2494 qui
674 2425 857 2479 statim
882 2424 950 2479 de
968 2425 1151 2492 seipso
1169 2424 1488 2495 subjungit:
1518 2443 1536 2475 ι
1556 2423 1729 2479 Nemo
1746 2425 1898 2479 novit
1915 2423 2134 2488 Filium,

554 2518 661 2573 nisi
685 2514 847 2570 Pater
875 2532 888 2568 :
924 2532 1101 2586 neque
1144 2515 1363 2572 Patrem
1396 2518 1521 2587 quis
1551 2520 1701 2572 novit
1736 2518 1840 2572 nisi
1864 2514 2059 2580 Filius,
2083 2524 2138 2571 et

553 2613 640 2667 cui
659 2611 891 2667 voluerit
910 2609 1077 2666 Filius
1105 2606 1366 2667 revelare.
1388 2609 1578 2667 Venite
1600 2611 1665 2665 ad
1691 2626 1797 2673 me.
1829 2625 2021 2666 omnes
2043 2609 2136 2680 qui

553 2705 815 2759 laboratis
840 2710 893 2757 et
923 2703 1131 2756 onerati
1157 2702 1315 2764 estis,
1333 2708 1387 2754 et
1414 2716 1514 2772 ego
1537 2699 1776 2755 reficiam
1803 2715 1923 2755 vos.
1941 2698 2138 2755 Tollite

551 2796 656 2867 31
686 2796 875 2865 jugum
909 2808 1088 2847 meum
1118 2808 1282 2862 super
1314 2809 1435 2860 vos,
1466 2801 1521 2847 et
1563 2792 1761 2847 discite
1803 2806 1833 2845 a
1868 2807 1974 2855 me,
2004 2793 2130 2862 quia

2312 2335 2365 2390 4.
2385 2335 2543 2388 Ἀλλὰ
2575 2333 2647 2405 μὴ
2671 2334 2757 2388 διὰ
2789 2332 2850 2386 τὸ
2872 2332 3131 2405 κάλυμμα
3158 2334 3258 2404 τῆς
3290 2335 3490 2407 σαρκὸς
3519 2336 3703 2404 ἀγνόει
3722 2337 3823 2391 τὸν

2238 2425 2393 2489 Θεὸν,
2414 2426 2505 2479 τὸν
2529 2424 2690 2488 εὐθὺς
2716 2426 2987 2493 ἐπάγοντα
3011 2442 3077 2477 πε
3087 2426 3138 2497 pl.
3159 2427 3371 2490 ἑαυτοῦ,
3391 2429 3483 2480 καὶ
3505 2427 3784 2496 φάσκοντα
3804 2448 3818 2460 ·

2241 2536 2258 2567 ι
2283 2516 2469 2579 Οὐδεὶς
2498 2513 2847 2585 ἐπιγινώσκει
2875 2515 2965 2568 τὸν
2995 2516 3118 2569 Υἱὸν
3146 2518 3192 2568 εί
3218 2517 3292 2588 μὴ
3311 2519 3338 2570 6
3363 2504 3570 2588 Πατὴρ,
3590 2518 3707 2571 οὐδὲ
3722 2522 3825 2572 τὸν

2235 2608 2455 2680 Πατέρα
2470 2626 2552 2672 τις
2569 2607 2917 2677 ἐπιγινώσκει
2939 2611 2986 2662 εἰ
3011 2610 3085 2681 μὴ
3108 2612 3135 2663 6
3155 2610 3300 2674 Υἱὸς,
3315 2611 3409 2663 καὶ
3424 2605 3467 2677 ᾧ
3481 2610 3546 2664 ἂν
3562 2610 3826 2681 βούληται

2234 2702 2263 2754 6
2275 2701 2403 2764 Υἱὸς
2419 2702 2785 2773 ἀποκαλύψαι.
2800 2702 2964 2756 Δεῦτε
2986 2704 3120 2775 πρὸς
3140 2704 3226 2773 μὲ,
3243 2704 3444 2768 πάντες
3457 2706 3506 2757 οἱ
3523 2705 3828 2771 κοπιῶντες

2239 2793 2333 2845 καὶ
2380 2791 2821 2863 πεφορτισμένοι,
2880 2792 3034 2861 κάγὼ
3073 2793 3372 2847 ἀναπαύσω
3424 2795 3585 2866 ὑμᾶς.
3617 2796 3831 2866 Ἄρατε

554 2888 701 2942 mitis
734 2903 855 2942 sum
891 2894 944 2941 et
978 2885 1201 2941 humilis
1236 2884 1403 2940 corde
1433 2904 1446 2937 :
1480 2893 1534 2939 et
1565 2884 1852 2940 invenietis
1885 2886 2129 2955 requiem

2243 2884 2329 2938 τὸν
2361 2882 2522 2950 ζυγόν
2563 2902 2663 2956 μου
2704 2887 2787 2954 ἐφ’
2819 2886 2961 2957 ὑμᾶς
3005 2885 3136 2957 (98),
3160 2887 3253 2939 καὶ
3284 2886 3483 2956 μάθετε
3530 2888 3624 2940 ἀπ’
3655 2888 3829 2958 ἐμοῦ,

552 2978 843 3033 animabus
875 2979 1099 3037 vestris,
1132 2978 1323 3047 jugum
1347 2977 1492 3030 enim
1527 2992 1707 3032 meum
1740 2992 1909 3033 suave
1939 2984 2042 3041 est,
2078 2985 2130 3033 et

2243 2975 2318 3028 ὅτι
2343 2978 2517 3049 πρᾶός
2563 2978 2697 3047 εἰμι,
2733 2978 2828 3030 καὶ
2862 2977 3112 3041 ταπεινὸς
3145 2981 3208 3047 τῇ
3253 2978 3450 3051 καρδίᾳ
3472 2995 3487 3009 ο
3535 2978 3630 3031 καὶ
3657 2980 3834 3050 εὑρή-

551 3087 693 3125 onus
712 3086 891 3126 meum
927 3070 1044 3125 leve
1066 3070 1132 3122 ".
1183 3089 1201 3121 ι
1235 3068 1580 3124 Calumniam
1610 3078 1758 3124 tuam
1777 3072 2012 3126 exclusit
2033 3071 2130 3126 Do-

2243 3085 2359 3121 σετε
2387 3068 2690 3121 ἀνάπαυσιν
2719 3072 2836 3133 ταῖς
2877 3068 3072 3140 ψυχαῖς
3104 3069 3256 3140 ὑμῶν
3277 3087 3290 3100 ’
3327 3070 3355 3122 6
3388 3072 3498 3142 γὰρ
3521 3069 3683 3139 ζυγός
3719 3089 3832 3140 μου

554 3163 739 3218 minus
781 3177 951 3217 :cum
1009 3176 1069 3217 se
1121 3161 1238 3230 ipse
1304 3160 1359 3214 in
1402 3161 1642 3214 humana
1686 3176 1905 3231 quoque
1959 3160 2130 3216 forma

2243 3160 2490 3233 χρηστὸς,
2526 3161 2618 3215 καὶ
2641 3161 2700 3214 τὸ
2740 3162 2957 3233 φορτίον
3001 3179 3101 3234 μου
3132 3161 3362 3233 ἐλαφρόν
3391 3165 3558 3216 ἐστιν.
3590 3182 3608 3214 ι
3660 3164 3836 3218 Ἀπέ-

553 3251 723 3307 Deum
752 3252 1017 3314 declarat,
1050 3265 1079 3304 a
1114 3249 1277 3303 Patre
1323 3249 1441 3303 solo
1483 3250 1770 3319 cognosci,
1801 3249 2129 3319 Patremque

2243 3253 2419 3306 κλεισέ
2472 3270 2553 3306 σοι
2586 3252 2682 3324 τὴν
2720 3254 3079 3323 συκοφαντίαν
3110 3256 3138 3308 6
3187 3256 3419 3327 Κύριος·
3457 3256 3589 3309 Θεὸν
3636 3273 3835 3326 παρα-

552 3357 931 3414 rognoscere:
969 3340 1064 3411 qui
1119 3341 1188 3395 iis
1237 3355 1378 3410 quos
1413 3340 1692 3409 dignatur,
1724 3340 1810 3395 sui
1856 3348 1910 3395 et
1952 3339 2130 3397 Patris

2243 3344 2437 3410 στήσας
2463 3341 2652 3394 ἑαυτὸν
2686 3342 2779 3394 καὶ
2823 3342 2916 3394 ἐπὶ
2954 3345 3054 3414 τῆς
3087 3333 3432 3417 ἀνθρωπίνης
3469 3345 3689 3417 μορφῆς
3718 3346 3839 3401 ὑπὸ

553 3436 922 3506 cognitionem
956 3432 1162 3488 revelat
1194 3451 1208 3487 :
1241 3448 1454 3502 nosque
1482 3439 1638 3487 vocat
1675 3432 1742 3487 ad
1772 3448 1851 3499 se,
1888 3433 2132 3502 requiem

555 3528 699 3598 apud
731 3542 790 3580 se
820 3525 1109 3596 promittit,
1144 3531 1198 3579 et
1226 3532 1288 3579 ut
1326 3526 1519 3594 jugum
1549 3525 1670 3594 ejus
1695 3534 1976 3595 portemus
2008 3525 2135 3579 hor-

553 3628 717 3673 tatur.
754 3616 880 3671 Haec
908 3632 1031 3672 cum
1083 3616 1181 3684 ait,
1213 3615 1556 3671 divinitatem
1598 3616 1801 3687 detegit
1832 3635 1846 3671 :
1879 3618 2134 3671 eximiam

554 3723 711 3762 suam
746 3706 1112 3777 majestatem,
1148 3721 1315 3777 parva
1359 3704 1532 3761 forma
1576 3708 1904 3762 occultatam
1959 3707 2134 3777 expli-

554 3811 681 3855 cat:
715 3809 1039 3870 potestatem
1071 3813 1192 3869 qua:
1228 3813 1395 3870 supra
1437 3800 1610 3853 cmlos
1639 3808 1723 3854 est
1758 3807 1977 3854 terreno
2009 3813 2134 3853 cor-

555 3906 690 3963 pore
732 3892 966 3945 velatam
1012 3891 1275 3945 ostendit.
1316 3889 1421 3945 Sed
1453 3889 1584 3960 quid
1615 3906 1754 3961 opus
1787 3904 1874 3945 me
1903 3905 2133 3946 sexcen-

554 3990 640 4037 tas
672 3980 888 4036 Domini
927 3982 1106 4037 nostri
1141 3980 1271 4036 Jesu
1303 3979 1513 4036 Christi
1542 3994 1726 4046 voces,
1757 3995 1898 4051 quas
1938 3995 2135 4036 secun-

555 4074 685 4127 dum
735 4072 1083 4128 divinitatem
1137 4073 1390 4144 protulit,
1425 4073 1756 4129 recensere?
1786 4072 1986 4143 quibus
2011 4072 2135 4141 jure

553 4171 609 4218 et
641 4165 836 4219 merito
860 4164 1176 4236 exploditur
1212 4179 1352 4220 nova
1388 4162 1794 4219 Samosatensis
1837 4163 2130 4228 sententia,

553 4273 662 4329 qua
696 4257 1033 4313 Salvatorem
1067 4274 1278 4313 merum
1312 4259 1589 4314 hominem
1616 4257 1748 4312 dicit
1776 4276 1790 4312 :
1816 4272 1924 4312 una
1950 4266 2132 4311 autem

552 4352 919 4406 exturbantur
945 4356 1153 4407 insanae
1185 4352 1404 4407 illorum
1431 4367 1609 4422 nugae,
1640 4353 1732 4422 qui
1764 4366 1889 4406 eum
1916 4351 2133 4404 imitan-

556 4446 667 4496 tur.
707 4440 837 4509 Age,
875 4456 1046 4510 pauca
1067 4441 1378 4497 testimonia
1402 4443 1741 4498 referamus:
1773 4441 2026 4511 quisnam
2049 4447 2134 4495 est

2235 3430 2328 3484 τοῦ
2356 3432 2565 3503 Πατρὸς
2593 3434 2990 3503 γινωσκόμενον
3024 3435 3181 3503 μόνον
3207 3435 3341 3506 (99),
3370 3437 3462 3490 καὶ
3483 3438 3839 3506 γινώσκοντα

2233 3522 2325 3574 τὸν
2360 3522 2599 3593 Πατέρα,
2626 3522 2720 3576 καὶ
2745 3526 2856 3585 τοῖς
2886 3522 3331 3595 καταξιουμένοις
3368 3526 3842 3583 ἀποκαλύπτοντα

2234 3612 2334 3684 τὴν
2362 3612 2553 3666 ἑαυτοῦ
2583 3614 2784 3682 γνῶσιν
2820 3615 2913 3667 καὶ
2949 3615 3045 3686 τὴν
3080 3615 3173 3668 τοῦ
3216 3617 3448 3689 Πατρὸς,
3488 3621 3842 3691 προσκαλεῖ-

2234 3721 2323 3758 ται
2356 3706 2502 3776 ἡμᾶς
2554 3706 2689 3777 πρὸς
2738 3707 2951 3770 ἑαυτὸν,
3001 3708 3307 3762 ἀνάπαυσιν
3352 3712 3843 3784 ἐπαγγελλόμενος

2235 3796 2387 3868 παρὰ
2414 3796 2609 3867 ἐαυτῷ,
2637 3797 2730 3850 καὶ⁵
2752 3794 2912 3866 ζυγὸν
2938 3798 3132 3851 ἑαυτοῦ
3162 3798 3426 3869 βαστάσαι
3456 3804 3844 3874 παρακελευό-

2239 3906 2419 3959 μενος.
2473 3891 2655 3943 Ταῦτα
2710 3891 2882 3959 λέγων
2937 3892 3341 3963 ἀπαμφιέννυσι
3398 3894 3497 3967 τὴν
3553 3895 3843 3969 Θεότητα,

2236 3982 2524 4054 ἑρμηνεύει
2553 3984 2615 4036 τὸ
2647 3984 3056 4055 κεκαλυμμένον
3098 3984 3185 4038 διὰ
3228 3986 3329 4056 τῆς
3366 3990 3569 4059 μικρᾶς
3605 3993 3844 4064 μορφῆς

2236 4071 2571 4143 ὑπερϐάλλον
2595 4071 2842 4144 μέγεθος,
2868 4073 2966 4145 τὴν
2999 4073 3390 4147 ὑπερουράνιον
3419 4075 3674 4141 ἐξουσίαν
3702 4082 3844 4134 ἑπι-

2232 4162 2469 4216 δείκνυσι
2510 4166 2684 4236 γηΐνῳ
2718 4166 3291 4238 παραπεπετασμένην
3335 4167 3567 4240 σώματι.
3617 4170 3735 4224 Καὶ
3784 4175 3844 4228 τί

2238 4273 2305 4327 με
2338 4256 2419 4309 δεῖ
2448 4256 2765 4326 καταλέγειν
2814 4256 3012 4329 μυρίας
3054 4257 3222 4322 οὔσας
3271 4259 3458 4324 θεῖκὰς
3489 4262 3681 4331 φωνὰς
3730 4265 3844 4320 τοῦ

2234 4346 2439 4417 Κυρίου
2466 4346 2621 4417 ἡμῶν
2665 4348 2837 4418 Ἰησοῦ
2866 4348 3137 4419 Χριστοῦ;
3168 4349 3235 4402 δι’
3267 4344 3342 4402 ὧν
3373 4350 3701 4407 ἐκϐάλλεται
3729 4357 3844 4425 μὲν

2236 4436 2459 4497 εἰκότως
2486 4439 2517 4506 ἡ
2544 4435 2637 4489 τοῦ
2664 4437 3020 4507 Σαμοσατέως
3061 4442 3375 4511 καινοτομία
3412 4444 3542 4514 περὶ
3584 4444 3687 4498 τοῦ
3711 4448 3844 4501 Σω-

555 4532 649 4600 qui
680 4530 795 4585 haec
833 4532 1005 4586 dicit:
1041 4550 1060 4583 ι
1096 4531 1213 4586 Non
1245 4533 1426 4586 omnis
1458 4532 1553 4602 qui
1585 4532 1720 4585 dicit
1757 4532 1910 4596 mihi,
1947 4529 2130 4584 Domi-

2243 4526 2415 4596 τῆρος,
2449 4527 2522 4592 ὼς
2551 4528 2702 4591 ὄντος
2752 4529 3036 4602 ἀνθρώπου
3081 4532 3258 4600 ψιλοῦ,
3302 4534 3730 4590 συνεκδάλλεται
3784 4539 3844 4593 δὲ

556 4637 646 4684 ne,
671 4620 916 4686 Domine,
945 4624 1169 4678 intrabit
1199 4624 1252 4677 in
1291 4638 1517 4693 regnum
1552 4623 1818 4677 caelorum
1836 4622 1920 4676 ’3?
1957 4641 1977 4673 ι
2012 4620 2128 4676 Non

556 4715 795 4772 hominis
824 4716 1221 4778 verbum’illud,
1251 4718 1345 4771 sed
1380 4716 1495 4781 Dei,
1519 4716 1860 4772 ostendentis
1917 4730 2119 4785 germa-

556 4821 682 4860 nam
729 4822 883 4861 suam
914 4824 983 4862 ex
1026 4806 1188 4863 Patre
1222 4809 1652 4878 generationem,
1690 4817 1853 4878 atque
1880 4806 2002 4862 ideo
2024 4805 2132 4860 Do-

556 4894 690 4949 mini
735 4896 953 4950 titulum
989 4913 1098 4951 non
1149 4897 1474 4951 recusantis.
1523 4897 1785 4954 Dominus
1828 4897 1975 4951 enim
2024 4903 2127 4960 est,

554 4999 624 5040 ex
665 4985 789 5059 solo
826 4984 1057 5042 Domino
1088 4986 1327 5057 genitus,
1361 4994 1421 5041 ut
1451 5003 1480 5042 a
1514 4984 1699 5058 Moyse
1749 4987 1960 5042 dictum
1990 4991 2074 5040 est
2111 5004 2125 5040 :

2236 4618 2330 4670 καὶ
2370 4619 2403 4689 ὴ
2444 4608 2552 4670 τῶν
2589 4621 2939 4690 μιμουμένων
2988 4623 3193 4674 ἐκεῖνον
3239 4622 3520 4692 ἀλόγιστος
3557 4625 3844 4697 φλυαρία.

2234 4709 2369 4778 Φέρε
2398 4709 2527 4780 γὰρ,
2558 4709 2622 4762 ἵν’
2659 4710 2854 4779 ὀλίγων
2899 4712 3325 4784 ὲπιμνησθῶμεν
3355 4716 3704 4787 μαρτυριῶν,
3753 4720 3844 4783 τίς

2234 4801 2263 4852 ὁ
2293 4800 2362 4852 τὰ
2388 4800 2612 4855 τοιαῦτα
2651 4802 2824 4871 λέγων
2843 4820 2857 4834 θ
2893 4824 2911 4854 ι
2948 4805 3021 4856 Ού
3054 4806 3163 4869 πᾶς
3184 4807 3212 4858 6
3238 4805 3412 4874 λέγων
3447 4824 3536 4877 μοι
3581 4808 3689 4879 (1),
3714 4810 3844 4864 Κύ-

2238 4910 2341 4965 ριε,
2389 4894 2584 4965 Κύριε,
2622 4895 2986 4951 εἰσελεύσεται
3021 4899 3099 4960 είς
3134 4897 3229 4968 τὴν
3279 4898 3553 4968 βασιλείαν
3585 4899 3704 4953 τῶν
3747 4902 3844 4955 οὐ·

2237 4982 2441 5056 ρανῶν;
2482 5005 2501 5036 ι
2553 4987 2666 5038 Οὐκ
2713 4984 3001 5056 ἀνθρώπου
3032 4985 3107 5055 (2)
3152 4986 3214 5039 τὸ
3270 4986 3440 5057 ῥῆμα,
3489 4986 3631 5040 ἀλλὰ
3692 4988 3844 5044 Θεοί

624 5138 673 5173 ³³
709 5138 867 5197 Joan.
903 5158 980 5207 vr,
1016 5142 1105 5198 38.
1184 5145 1230 5176 "
1267 5141 1427 5200 Joan.
1462 5161 1513 5211 ν,
1546 5144 1637 5200 Si.
1715 5145 1758 5176 ³⁸
1796 5142 1956 5199 Joan.
1990 5159 2110 5208 vm,

2298 5141 2345 5173 ³⁸
2384 5138 2573 5194 Matth.
2596 5156 2670 5207 χι,
2706 5139 2795 5195 25.
2872 5140 2916 5173 ³⁷
2957 5139 3143 5195 Matth.
3183 5157 3236 5206 ι,
3270 5141 3458 5199 27-50.
3536 5142 3584 5174 ³⁸
3626 5142 3844 5199 Matth.

557 5228 666 5275 vn,
700 5211 791 5267 21.

558 5378 759 5456 textus.
793 5369 935 5425 Editi
967 5383 1119 5432 vero,
1148 5377 1201 5423 et
1247 5365 1469 5439 quidam
1515 5365 1894 5435 manuscripti,
1946 5364 2009 5417 τὸ
2043 5364 2129 5418 θέ-

556 5441 990 5591 λπξῖίὲ)μξὲἐιεετ.
1019 5517 1073 5566 et
1095 5506 1638 5591 (araneus-Scriptura!
1668 5514 1867 5572 textus,
1904 5504 2018 5557 ἐάν.

630 5576 741 5650 (97)
775 5576 863 5633 lta'
880 5579 1103 5650 Seguer.
1126 5578 1388 5650 lnheditis,
1412 5576 1495 5641 τό,
1526 5576 1698 5650 deest.

629 5644 739 5719 (98)
774 5644 985 5717 Ἀρατὲ
1022 5649 1128 5703 τὸν
1176 5647 1351 5718 ζυγόν
1378 5664 1497 5719 μου
1538 5647 1628 5715 ἐφ’
1658 5644 1845 5719 ὑμᾶς.
1871 5644 1995 5719 Haec
2030 5644 2128 5719 def

557 5716 763 5773 suntin
796 5716 958 5772 editis
998 5730 1052 5774 ct
1098 5720 1153 5771 in
1204 5716 1530 5781 quibusdam
1575 5717 1984 5786 manuscriptis,
2032 5716 2128 5770 sed

561 5790 832 5843 habentur
856 5791 908 5843 in
944 5788 1105 5844 Bzisil.
1137 5797 1189 5843 et
1221 5786 1575 5859 Segueriano.

2460 5364 2686 5441 chtter.
2724 5367 2877 5441 solus
2902 5366 3080 5432 habet.
3121 5366 3304 5441 μόνον.

2336 5438 2387 5513 ξ)
2425 5436 2480 5491 In
2518 5437 2683 5513 edi_tis_
2710 5444 2781 5513 _et
2814 5439 2869 5493 in
2906 5436 3267 5513 _quibusdain
3307 5456 3439 5497 mss.
3499 5440 3668 5496 deest
3716 5453 3843 5513 μοι.

2234 5507 2292 5562 In
2322 5507 2804 5579 Segiuer.__Grohler.
2830 5519 2883 5564 et
2905 5506 3051 5564 Felc.
3088 5511 3139 5571 1,
3170 5511 3387 5579 legitur.

2308 5575 2477 5651 (2)'ln
2503 5575 2667 5651 editis
2709 5586 2763 5651 et
2806 5579 2860 5632 in
2905 5580 3129 5651 reliquis
3180 5575 3315 5651 m‘ss.
3351 5582 3569 5651 legitur,
3596 5583 3713 5650 ob):
3740 5583 3844 5638 ἀν·

2235 5647 2457 5722 opem.
2491 5647 2620 5722 γάρ,
2669 5648 2764 5703 sed
2789 5663 2912 5722 cum
2944 5647 3052 5722 γάρ
3077 5650 3220 5706 desit
3271 5651 3325 5705 in
3354 5647 3580 5722 Séguer.
3604 5647 3670 5708 et
3697 5655 3844 5711 alio-

2236 5718 2328 5791 qui
2364 5718 2745 5789 superciliuere
2775 5718 3045 5790 videatur,
3074 5728 3404 5793 expunctum
3429 5718 3545 5778 'est.
