3890 6186
219 177 333 234 105

1434 181 1716 238 CONTRA
1763 181 2256 240 SABELLIANOS.

3395 196 3498 255 106

207 294 534 362 inveniann;
550 298 654 370 τὴν
678 298 902 370 γνησίαν
931 298 1040 353 ἀπὸ
1070 298 1284 370 Πατρός
1315 299 1589 372 γέννησιν,
1616 302 1710 356 καὶ
1733 301 1806 356 διὸ

1929 324 1948 358 ι
1984 303 2129 360 Pluit
2161 305 2422 361 Dominus
2455 306 2682 377 sulphur
2725 317 2780 363 et
2822 309 3000 378 ignem
3033 324 3064 363 ε
3110 309 3341 368 Domino
3361 313 3426 372 ".
3470 335 3491 369 ι

205 387 377 439 τοῦτο
396 387 503 458 τὴν
539 388 884 460 κυριολογίαν
910 389 1018 442 οὐκ·
1039 390 1370 461 ἀρνουμένου
1405 389 1500 463 τὴν
1529 393 1657 463 περὶ
1686 393 1811 446 ἑαυ-

203 480 330 534 τοῦ.
375 480 584 553 Κύριος
626 484 735 554 γὰρ
781 484 809 534 6
841 485 905 536 ὲκ
939 482 1033 537 τοῦ
1068 485 1227 554 μόνου
1267 486 1660 556 γεγεννημένος
1694 488 1805 540 Ku-

207 570 354 639 ρίου,
374 571 453 633 ὡς
485 572 579 624 καὶ
606 571 760 643 παρὰ
779 573 988 643 Μωῦσῇ
1019 573 1262 628 λέλεκται
1279 576 1359 628 τό·
1397 594 1416 627 ι
1447 575 1675 648 Ἔϐρεξε
1700 576 1814 629 Κύ-

207 678 326 730 ριος
367 661 540 726 θεῖον,
588 665 683 716 καὶ
718 663 828 734 πῦρ
862 666 1011 736 παρὰ
1038 667 1241 739 Κυρίου
1413 686 1432 720 )
1470 668 1578 721 Καὶ
1625 667 1811 722 ἄλλοτε

209 755 345 825 πρὸς
385 758 520 820 τοὺς
543 758 882 823 ἀποστόλους
902 762 1067 831 φησὶν
1093 762 1121 813 6
1146 761 1336 834 Σωτήρ
1354 779 1367 792 ·
1416 780 1436 814 ‹
1474 763 1705 816 Φωνεῖτέ
1744 781 1812 834 με

1920 393 1986 447 Et
2022 395 2150 449 alibi
2197 395 2461 469 apostolis
2494 394 2750 450 Salvator
2799 398 2874 451 ait
2903 417 2915 452 :
2948 415 2966 448 ι
3004 395 3115 452 Vos
3164 401 3376 458 vocatis
3409 419 3498 460 me

1919 486 2198 557 Magister,
2235 496 2289 542 et
2341 486 2646 543 Dominus:
2683 495 2738 543 et
2785 488 2924 543 bene
2955 488 3140 544 dicitis
3185 510 3198 546 :
3236 506 3360 546 sum
3413 507 3498 550 et-

1917 577 2064 633 enim
2095 578 2162 633 “.
2202 598 2221 631 ι
2249 577 2328 632 Ac
2357 594 2577 632 rursum
2613 594 2672 634 se
2703 579 2902 634 domus
2936 589 3176 650 paternae
3204 580 3497 640 Dominum

1918 671 2182 735 declarat,
2220 679 2409 742 utpote
2461 671 2803 741 unigenitum
2855 669 3096 727 Filium:
3146 691 3166 724 ι
3211 672 3269 727 Si
3309 671 3498 728 Domi-

1919 778 2052 816 num
2099 762 2294 818 domus
2339 761 2626 818 Beelzebul
2672 771 3029 828 vocaverunt,
3060 773 3271 835 quanto
3319 765 3494 836 magis

204 849 230 898 6
260 846 609 913 Διδάσκαλος
650 852 745 903 καὶ
768 853 797 904 6
831 851 1057 923 Κύριος,
1102 853 1196 906 καὶ
1224 853 1406 918 καλῶς
1446 852 1634 923 λέγετε
1655 869 1668 882 ·
1696 854 1813 925 εἰμὶ

203 941 310 1010 γαρ
331 957 346 969 ·
377 959 397 992 ι
440 943 538 994 καὶ
562 943 753 1007 πάλιν,
783 945 1061 1016 Δεσπότην
1080 945 1180 1015 τῆς
1203 945 1463 1018 πατρῴας
1495 947 1671 1010 οἰκίας
1693 948 1814 1000 ἐαυ-

202 1033 289 1086 τὸν
339 1035 698 1104 ἀποφαίνων,
755 1037 831 1101 ὡς
876 1037 941 1092 ἂν
990 1039 1283 1112 μονογενὴς
1331 1040 1490 1104 Υἱός·
1533 1060 1551 1093 ι
1611 1042 1674 1094 Ei
1721 1042 1812 1095 τὸν

200 1125 604 1198 οὶκςδεαπότην
635 1129 961 1193 Βεελζεϐοὺλ
997 1131 1356 1196 ἐπεκάλεσαν,
1411 1133 1561 1203 πόσῳ
1615 1133 1814 1204 μᾶλλον

199 1219 321 1281 τοὺς
356 1222 658 1285 οίκιακοῦς
705 1221 894 1277 αὑτοῦ.
937 1243 955 1276 ι
990 1225 1198 1278 Οὐκοῦν
1224 1227 1307 1278 ὅτι
1342 1225 1440 1295 μὲν
1467 1225 1598 1289 Θεὸς
1626 1228 1655 1278 6
1699 1226 1815 1279 Κύ-

200 1327 311 1383 ριος
342 1311 426 1380 (4)
457 1313 574 1364 τῶν
607 1313 747 1366 ὅλων
772 1314 982 1385 Ἰησοῦς
999 1316 1249 1387 Χριστὸς,
1275 1317 1351 1380 ὡς
1376 1315 1451 1368 ὢν
1478 1317 1542 1370 ἐκ
1557 1315 1650 1370 τοῦ
1677 1315 1806 1368 Θεοῦ

1918 1316 2118 1385 quibus
2177 1314 2390 1370 Patrem
2440 1316 2601 1372 nobis
2635 1317 2926 1374 manifeste
2955 1319 3236 1374 declarat:
3301 1336 3321 1370 ι
3383 1317 3494 1374 Sed

195 1404 633 1474 γεγεννημένος,
684 1405 844 1477 δῆλον
887 1407 1089 1461 ἅπαντι
1111 1425 1122 1435 ·
1156 1407 1326 1461 εἰπὼν
1361 1407 1441 1470 δὲ,
1473 1428 1491 1458 ι
1536 1409 1610 1463 Οὐ
1645 1409 1752 1472 πᾶς
1782 1409 1806 1460 6

1917 1407 2011 1478 qui
2053 1407 2182 1461 facit
2243 1409 2577 1465 voluntatem
2616 1409 2794 1466 Patris
2861 1411 3008 1477 mei,
3069 1411 3166 1482 qui
3217 1411 3274 1466 in
3335 1409 3493 1467 cmlis

193 1492 371 1563 λέγων
399 1513 518 1566 μοι,
549 1497 752 1569 Κύριε,
779 1497 975 1569 Κύριε,
1010 1499 1376 1554 εἰσελεύσεται
1410 1502 1490 1564 εἰς
1528 1500 1626 1571 τὴν
1653 1499 1810 1570 βασι-
1914 1507 2000 1553 est
2029 1499 2093 1554 δ’.
2139 1520 2158 1552 ι

193 1589 343 1645 λείαν
370 1592 488 1646 τῶν
511 1592 786 1663 οὐρανῶν,
817 1612 837 1644 ι
866 1593 1118 1666 ἐπιφέρει
1143 1595 1342 1650 καὶτὸν
1370 1595 1590 1667 Πατέρα
1618 1594 1804 1664 σαφῶς
1831 1595 1962 1666 ἡμῖν
1997 1594 2074 1667 (5)
2099 1595 2447 1668 ἑρμηνεύων·
2489 1615 2510 1649 ι
2583 1597 2722 1650 Ἀλλ’
2753 1599 2781 1651 6
2824 1597 2993 1652 ποιῶν
3035 1597 3097 1652 τδ
3151 1598 3374 1671 Θέλημα
3395 1596 3490 1652 τοῦ

195 1686 417 1759 Πατρός
454 1705 587 1758 μου,
621 1687 718 1741 τοῦ
752 1688 811 1740 ὲν
839 1688 1106 1761 οὐρανοῖς.
1144 1709 1164 1743 ι

1919 853 2251 909 domesticos
2279 852 2399 922 ejus
2419 853 2487 908 “.
2511 872 2528 906 ι
2552 851 2740 923 Itaque
2763 854 2908 924 quod
2945 854 3088 911 Deus
3113 855 3354 926 quidem,
3373 857 3493 911 uni-

1918 961 2202 1001 versorum
2246 945 2510 1002 Dominus
2547 946 2621 1002 sit
2654 946 2812 1004 Jcsus
2860 948 3136 1014 Christus,
3162 951 3364 1022 quippe
3401 953 3490 1022 qui

1918 1051 1986 1090 ex
2020 1033 2131 1091 Deo
2160 1036 2374 1105 genitus
2416 1036 2508 1100 sit,
2543 1039 2823 1107 pr0palam
2855 1040 3030 1095 cuivis
3055 1048 3157 1096 est.
3192 1042 3330 1098 Cum
3365 1055 3488 1098 vera

1919 1128 1996 1181 ait
2029 1145 2043 1182 :
2087 1146 2108 1179 ι
2143 1127 2263 1182 Non
2292 1129 2473 1184 omnis
2511 1130 2602 1200 qui
2633 1130 2767 1185 dicit
2796 1130 2952 1196 mihi,
2974 1130 3223 1200 Domine,
3243 1131 3494 1202 Domine,

1920 1222 2146 1276 intrabit
2179 1223 2234 1276 in
2273 1237 2502 1292 regnum
2553 1224 2820 1279 caelorum
2847 1225 2923 1291 “;
2963 1244 2981 1277 ι
3028 1225 3142 1280 ᾕρεε
3185 1225 3494 1296 subjungit,

268 1805 322 1860 5.
356 1807 554 1877 Ἔχεις
591 1802 686 1861 οῦν
729 1807 870 1874 Υἱὸν,
920 1809 1065 1880 ἔχεις
1106 1811 1323 1882 Πατέρα
1346 1829 1360 1842 ο
1401 1812 1479 1883 μὴ
1510 1811 1676 1880 φοϐοῦ
1709 1810 1806 1883 τὴν

1981 1807 2037 1863 5.
2069 1806 2249 1864 [Iabes
2300 1807 2467 1878 igitur
2498 1806 2718 1872 Filium,
2758 1807 2926 1865 habes
2975 1809 3218 1866 Patrem.
3247 1811 3325 1870 Ne
3359 1815 3491 1873 time

191 1898 399 1952 δυάδα·
449 1905 519 1971 τῇ
558 1901 721 1970 φύσει
746 1902 854 1975 γὰρ
878 1903 938 1956 οὐ
968 1903 1270 1976 διώρισται,
1297 1906 1406 1960 οὐδ’
1443 1908 1472 1960 6
1496 1904 1565 1958 τὰ
1595 1905 1688 1959 δύο
1716 1905 1806 1958 λέ-

195 2007 315 2059 γων
347 1993 770 2066 ἁπηλλοτρίωσε
795 1994 890 2049 τοῦ
911 1998 1272 2069 γεννήσαντος
1299 1997 1361 2050 τὸ
1383 1996 1630 2069 γέννημα
1647 2014 1658 2025 ·
1686 1998 1807 2050 οὐδὲ

193 2085 289 2138 διὰ
324 2086 429 2158 τὴν
483 2087 684 2159 ἑτέραν
721 2088 796 2159 (6)
827 2089 1028 2160 μανίαν
1077 2089 1184 2144 τῶν
1229 2091 1627 2162 ἀρνησαμένων
1679 2090 1809 2162 μίαν

199 2172 343 2230 εἶναι
367 2179 471 2248 τὴν
500 2179 613 2232 τῶν
633 2179 726 2232 δύο
760 2179 1011 2252 Θεότητα,
1052 2181 1142 2235 διὰ
1185 2180 1344 2236 τοῦτο
1371 2184 1466 2236 καὶ
1499 2181 1594 2235 δύο
1628 2181 1808 2250 λέγειν

201 2269 494 2336 φευκτέον.
522 2266 622 2332 Εἷς
651 2268 805 2335 Θεὸς,
849 2270 932 2324 ὅτι
975 2272 1069 2324 καὶ
1112 2269 1301 2344 Πατὴρ
1332 2267 1414 2334 εἷς
1433 2288 1447 2300 ·
1470 2270 1602 2334 Θεὸς
1634 2268 1692 2322 δὲ
1715 2268 1808 2322 καὶ

203 2360 355 2424 Υίδς,
387 2362 702 2432 ταύτότητα
747 2361 906 2432 ἔχων,
943 2362 1020 2427 ὼς
1059 2363 1186 2426 Υἱὸς
1235 2364 1372 2434 πρὸς
1410 2363 1662 2433 Πατέρα·
1708 2361 1809 2414 οὐκ

201 2451 370 2515 αὐτὸς
395 2450 472 2504 ῶν
511 2455 541 2506 6
586 2453 794 2528 Πατὴρ,
831 2454 945 2507 ἀλλ’
979 2455 1255 2526 ἡνωμένος
1291 2455 1428 2526 πρὸς
1469 2454 1560 2507 τὸν
1590 2453 1808 2524 Πατέρα

199 2547 268 2615 τῇ
313 2545 512 2613 φύσει·
549 2545 644 2598 δύο
696 2549 794 2617 μὲν
832 2546 1074 2618 ἀριθμῷ,
1120 2547 1217 2618 μία
1269 2546 1327 2600 δὲ
1369 2541 1504 2601 οὖσα
1543 2546 1620 2617 (7)
1653 2545 1808 2600 οὐσία

200 2634 409 2687 τελεία·
447 2634 567 2696 δύο,
601 2637 703 2689 οὐκ
725 2638 789 2690 ἐκ
822 2636 916 2689 δύο
960 2635 1161 2707 μερῶν.
1196 2636 1414 2700 Τέλειος
1451 2637 1480 2689 6
1520 2635 1649 2700 Υἱὸς
1683 2636 1809 2706 ἥκει

206 2726 359 2794 παρὰ
373 2724 589 2778 τελείου
611 2727 844 2798 Πατρὸς,
877 2725 954 2780 ῶν
974 2727 1034 2791 ἐξ
1072 2725 1242 2790 ὄντος,
1271 2725 1556 2801 χαρακτὴρ
1574 2726 1675 2796 τῆς
1705 2743 1811 2778 πα-

198 2817 402 2888 τρικῆς
428 2818 806 2882 ὑποστάσεως,
828 2819 889 2872 οὐ
912 2819 1064 2890 ρἧα
1083 2819 1473 2883 ἀνυπόστατον,
1502 2818 1636 2872 ἀλλὰ
1660 2817 1810 2882 ζῶσα

197 2910 461 2981 δύναμις,
499 2913 595 2964 καὶ
645 2911 739 2965 τοῦ
771 2912 874 2983 ζῇν
907 2911 1056 2964 αἰτία
1099 2915 1208 2976 τοῖς
1249 2914 1433 2975 πᾶσιν,
1469 2912 1568 2982 οὐχ
1599 2912 1685 2966 οἶα
1711 2913 1806 2966 ἀν-

200 3003 432 3074 θρώπου
476 3004 728 3076 δύναμις,
767 3005 836 3058 δι’
871 3006 936 3078 ἢν
978 3005 1263 3078 ἄνθρωπός
1297 3007 1411 3058 ἐστι
1458 3003 1712 3066 δυνατός·
1744 3003 1806 3057 οὐ

202 3097 314 3166 γὰρ
333 3096 592 3166 γέννημα
629 3097 916 3168 ἀνθρώπου
946 3097 980 3168 ἢ
1006 3098 1082 3169 (8)
1112 3099 1245 3162 υίὸς,
1277 3097 1560 3169 ἢδύναμις
1598 3095 1764 3150 αὐτοῦ
1785 3115 1799 3127 ·

1911 1899 2253 1967 dualitatem,
2290 1899 2436 1954 nulla
2467 1902 2667 1971 quippe
2694 1908 2902 1956 naturae
2929 1903 3211 1959 distinctio
3234 1923 3248 1960 ;
3275 1921 3374 1962 nec
3395 1909 3488 1978 qui

1911 1992 2020 2047 duo
2053 1992 2208 2056 dicit,
2251 1993 2494 2063 genitum
2530 2007 2558 2045 a
2609 1994 2864 2064 gignente
2915 1995 3264 2050 abalienavit.
3301 1996 3491 2070 Neque

1909 2085 1980 2140 ob
1994 2085 2158 2139 aliam
2179 2099 2367 2139 eorum
2393 2085 2684 2151 insaniam,
2703 2086 2793 2156 qui
2817 2095 3014 2157 negant
3031 2103 3194 2143 unum
3217 2104 3338 2146 esse
3352 2089 3493 2146 duo-

1910 2190 2032 2228 rum
2068 2174 2349 2237 deitatem,
2377 2175 2500 2231 ideo
2525 2175 2663 2232 duos
2685 2177 2869 2232 dicere
2897 2177 3180 2233 vitandum
3211 2179 3488 2240 est.Unul

1909 2274 1993 2322 est
2021 2264 2186 2330 Deus,
2218 2266 2347 2335 quia
2371 2273 2426 2320 et
2449 2264 2611 2320 Pater
2643 2283 2786 2321 unus
2810 2275 2895 2322 est
2932 2285 2945 2322 :
2976 2267 3120 2325 Deus
3149 2284 3369 2341 quoque
3396 2269 3490 2327 Fi-

1911 2358 2020 2414 lius
2048 2366 2103 2413 et
2130 2357 2473 2412 identitatem
2506 2357 2670 2412 habet
2702 2358 2770 2413 ad
2798 2357 3044 2425 Patrem,
3071 2367 3260 2432 utpote
3289 2361 3488 2429 Filius,

1908 2463 2034 2503 cum
2060 2456 2240 2503 tamen
2263 2449 2380 2518 i‘pse
2420 2447 2583 2502 Pater
2621 2462 2730 2502 non
2759 2449 2861 2516 sit,
2893 2449 2989 2504 sed
3019 2459 3218 2506 natura
3240 2450 3390 2507 Patri
3419 2452 3492 2510 sit

1909 2540 2244 2610 conjunctus
2286 2560 2300 2595 :
2330 2541 2441 2596 duo
2474 2541 2692 2611 quidem
2731 2527 2982 2606 numero,
3014 2543 3176 2598 unica
3207 2559 3339 2600 vero
3357 2546 3491 2601 sub-

1910 2633 2110 2688 stantia
2134 2633 2372 2703 perfecta
2405 2651 2419 2689 :
2445 2633 2574 2696 duo,
2611 2649 2713 2687 nec
2733 2648 2800 2688 ex
2829 2634 3044 2691 duabus
3072 2635 3340 2705 partibus.
3357 2634 3492 2692 Per-

1911 2721 2088 2780 fectus
2108 2723 2282 2779 Filius
2306 2740 2336 2777 a
2376 2723 2622 2794 perfecto
2659 2723 2820 2781 Patre
2857 2726 3077 2796 prodit:
3115 2727 3388 2784 exsistens
3421 2730 3489 2784 ab

1908 2818 2211 2872 exsistente
2245 2835 2258 2871 :
2303 2816 2473 2888 ﬁgura
2512 2826 2754 2887 paterna:
2803 2819 3159 2886 substantiae;
3194 2835 3306 2875 non
3351 2818 3489 2876 Ver-

1909 2907 2039 2962 bum
2068 2907 2425 2964 subsistentia
2455 2923 2649 2963 carens
2673 2925 2686 2962 :
2715 2906 2809 2962 sed
2837 2909 3026 2964 vivens
3062 2916 3329 2980 potestas,
3367 2924 3489 2980 qua:

1910 3001 2035 3055 vita:
2066 3008 2260 3054 auctor
2289 3006 2374 3056 est
2396 3001 2612 3056 cunctis
2641 3000 2955 3056 hominibus
2988 3019 3002 3056 :
3039 3016 3150 3068 non
3187 3002 3365 3073 qualis
3388 3002 3491 3056 bo-

1911 3091 2080 3147 minis
2122 3099 2386 3161 potestas,
2427 3099 2650 3162 propter
2699 3107 2865 3162 quam
2915 3091 3081 3147 homo
3131 3101 3324 3164 potens
3353 3105 3437 3150 est
3472 3114 3486 3149 :

201 3184 342 3237 Θεοῦ
363 3185 424 3238 δὲ
455 3185 586 3248 Υἱὸς
613 3186 645 3256 ἢ
674 3186 926 3257 δύναμις,
967 3186 1108 3239 ὥστε
1146 3187 1372 3249 δυνατὸς
1402 3187 1499 3256 μὲν
1542 3186 1571 3237 6
1613 3184 1803 3257 Πατὴρ

1910 3198 2085 3254 neque
2113 3183 2259 3237 enim
2291 3191 2532 3254 potestas
2556 3183 2816 3248 hominis,
2853 3185 3034 3254 proles
3073 3191 3166 3238 aut
3198 3184 3344 3241 ﬁlius
3367 3186 3490 3256 ejus

199 3277 455 3339 τελείως,
498 3278 581 3330 ὅτι
608 3277 798 3349 Πατὴρ
824 3277 1128 3349 δυνάμεως,
1159 3277 1386 3349 δύναμις
1408 3277 1466 3330 δὲ
1494 3279 1523 3330 6
1561 3276 1691 3340 Υἱὸς
1711 3294 1803 3330 τε-

203 3369 346 3434 λεία,
380 3371 465 3422 ὅτι
515 3369 760 3439 γέννημα
801 3369 991 3427 αὐτοῦ.
1019 3371 1130 3423 Καὶ
1177 3369 1338 3438 σοφία
1380 3368 1473 3423 τοῦ
1514 3370 1730 3441 Πατρὸς
1776 3369 1806 3421 6

205 3459 360 3523 Υἱὸς,
538 3459 635 3529 οὐχ
660 3461 790 3530 ὼςή
814 3460 909 3514 τοῦ
939 3459 1246 3531 ἀνθρώπου,
1271 3461 1338 3514 δι’
1358 3455 1427 3533 ἧς
1455 3463 1484 3514 6
1521 3461 1806 3533 ἄνθρωπος

206 3553 400 3621 σοφὸς,
432 3552 548 3606 ἀλλ’
585 3552 693 3606 ἀπὸ
730 3551 895 3622 σοφοῦ
949 3554 1142 3623 σοφία·
1175 3557 1305 3628 περὶ
1339 3553 1416 3627 (9)
1448 3548 1508 3608 οὗ
1550 3555 1802 3623 λέγεται·

210 3667 230 3697 ‹
263 3647 434 3717 Μόνῳ
481 3647 631 3719 σοφῷ
662 3646 780 3718 Θεῷ
812 3647 902 3701 διὰ
937 3646 1108 3719 Ἰησοῦ
1132 3647 1394 3720 Χριστοῦ,
1432 3640 1477 3716 ᾧ
1506 3650 1540 3720 ἡ
1569 3648 1695 3714 δόξα
1724 3650 1807 3714 είς

204 3740 339 3801 τοὺς
371 3739 595 3802 αἰῶνας,
637 3741 802 3811 ἀμήν.
846 3759 868 3792 ι
919 3739 1058 3792 Ἀλλ’
1081 3739 1181 3793 οὐκ
1221 3739 1507 3810 ἐγέννησεν
1535 3741 1564 3793 6
1594 3740 1804 3811 Πατήρ.

206 3830 339 3894 Πῶς
374 3827 468 3885 οῦν
516 3832 726 3904 Πατὴρ,
773 3833 867 3886 καὶ
913 3833 1092 3898 τίνος;
1134 3834 1198 3888 El
1243 3833 1299 3888 δὲ
1333 3834 1698 3905 ὲγέννησεν,ὁ
1729 3832 1804 3887 ὥν

206 3925 363 3978 ἐστιν
395 3927 424 3977 6
452 3942 680 3998 γεγεννη
692 3926 867 3997 μένος.
909 3925 1100 3996 Κάγὼ,
1126 3927 1310 3998 φησὶν,
1331 3926 1581 3998 ὁμολογῶ
1607 3926 1803 3999 γέννη-

209 4029 328 4066 σιν·
376 4017 637 4082 γεννᾶται
663 4015 772 4088 γὰρ
803 4018 833 4069 6
869 4016 1045 4082 λόγος,
1071 4018 1161 4070 ὅτε
1187 4018 1283 4070 καὶ
1308 4016 1548 4071 λαλεῖται
1593 4019 1688 4071 καὶ
1719 4035 1805 4087 γι-

206 4105 509 4162 νώσκεται.
529 4108 637 4161 Καὶ
660 4109 889 4174 ποσάκις
923 4111 952 4162 6
973 4110 1156 4176 αὐτὸς,
1185 4109 1305 4163 εἰπέ
1338 4128 1449 4181 μοι,
1475 4109 1805 4182 γεννηθήσε-

205 4218 331 4267 cat;
368 4201 402 4272 ἢ
453 4202 680 4266 πολλοὺς
715 4204 866 4275 ἐρεῖς
887 4203 981 4257 τοῦ
1019 4205 1152 4258 Θεοῦ
1176 4206 1381 4274 Λόγους
1407 4207 1665 4260 ἑκάστοτε
1691 4222 1808 4274 γεν-

209 4293 530 4363 νωμένουςς
557 4293 652 4347 καὶ
685 4294 816 4348 ποτὲ
846 4295 945 4366 μὲν
989 4295 1277 4351 σιωπῶντα
1318 4296 1673 4371 φαντασθήσῃ
1712 4297 1805 4350 τὸν

209 4386 369 4448 Θεὸν,
388 4386 522 4441 ποτὲ
547 4385 605 4439 δὲ
629 4387 913 4454 λαλοῦντα,
938 4389 1033 4444 καὶ
1059 4389 1528 4461 μεταϐαλλόμενον
1548 4389 1657 4443 ἀπὸ
1684 4406 1802 4443 σιω-

211 4481 442 4548 πῆσεως
497 4480 578 4542 εἰς
622 4478 832 4543 λαλιὰν,
894 4481 990 4534 καὶ
1035 4481 1270 4554 χείλεσιν
1327 4481 1721 4553 ἁνοιγομένοις,
1767 4481 1800 4553 ἢ

209 4571 414 4643 καρδία
443 4575 771 4647 κινουμένης
797 4577 911 4631 Οὐκ
935 4576 1220 4649 ἄνθρωπος
1247 4578 1277 4631 6
1308 4577 1471 4643 Θεός·
1508 4576 1799 4640 ὑπέλαϐες,

1905 3282 2011 3331 est.
2046 3275 2142 3331 Dei
2172 3292 2302 3332 vero
2329 3274 2524 3343 Filius,
2557 3283 2802 3346 potestas
2834 3277 2955 3346 ejus
2979 3285 3064 3334 cst
3091 3295 3106 3344 ;
3133 3277 3208 3332 ita
3239 3288 3298 3334 ut
3327 3277 3488 3334 Patcr

1908 3368 2151 3443 perfecte
2188 3377 2382 3439 potens
2413 3369 2505 3434 sit,
2540 3369 2668 3439 quia
2702 3368 2865 3423 Pater
2895 3376 2981 3424 est
3036 3370 3322 3440 potestatis
3356 3387 3371 3422 :
3402 3368 3494 3441 Fi-q

1907 3463 2016 3518 lius
2056 3477 2186 3516 vero
2231 3459 2472 3531 perfecta
2523 3459 2769 3530 potentia
2819 3460 2912 3524 sit,
2946 3461 3074 3531 quia
3121 3461 3303 3532 proles
3344 3447 3494 3532 ejus.‘
3609 3509 3614 3523 .

1908 3553 2187 3624 Sapientia
2222 3566 2440 3622 quoque
2469 3549 2650 3607 Patris
2677 3563 2761 3606 est
2799 3549 2995 3618 Filius,
3029 3551 3128 3608 sed
3161 3567 3274 3607 non
3307 3553 3496 3624 qualis-1

1907 3646 2172 3716 sapientia
2201 3644 2456 3708 hominis,
2482 3660 2579 3715 per
2601 3659 2762 3715 quam
2800 3645 2964 3700 homo
2995 3646 3214 3717 sapiens
3239 3653 3352 3712 est;
3386 3646 3495 3702 sed.

1906 3754 1937 3794 a
1960 3738 2207 3808 sapiente
2236 3738 2351 3793 haec
2381 3738 2650 3808 sapientia
2669 3746 2782 3794 est:
2814 3737 2883 3794 de
2911 3754 3020 3810 quo
3046 3739 3249 3794 dicitur
3275 3760 3288 3794 :
3319 3756 3339 3791 ι
3368 3737 3495 3794 Βοιὶ

1907 3833 2139 3904 sapienti
2174 3831 2305 3897 Deo,
2337 3847 2434 3902 per
2454 3829 2642 3887 Jesum
2671 3831 2976 3896 Christum,
2996 3831 3084 3886 cui
3102 3830 3273 3903 gloria
3305 3831 3363 3885 in
3384 3845 3484 3886 sa:-

1906 3927 2053 3989 cula,
2083 3939 2244 3978 amen
2281 3923 2350 3977 “.
2391 3939 2415 3977 ι
2457 3921 2678 3986 Verum,
2715 3923 2891 3988 aiunt,
2924 3937 3034 3976 non
3075 3921 3263 3993 genuit
3296 3919 3481 3977 Pater.

1907 4016 2192 4084 Quomodo
2220 4016 2390 4086 igitur
2413 4023 2469 4071 et
2498 4014 2791 4085 cujusnam
2819 4013 2982 4068 Pater
3016 4012 3218 4069 fuerit?
3257 4011 3355 4068 Sin
3387 4027 3488 4067 au-

1906 4118 2015 4163 tem
2050 4108 2260 4180 genuit,
2297 4122 2428 4178 ergo
2459 4108 2553 4178 qui
2583 4113 2690 4172 est,
2723 4106 2771 4162 is
2806 4114 2892 4162 est
2918 4106 3013 4176 qui
3037 4107 3254 4176 genitus
3281 4113 3384 4161 est.
3415 4105 3494 4161 At

1907 4218 2030 4272 ego,
2057 4202 2228 4265 dicet,
2263 4201 2676 4271 generationem
2717 4199 2984 4255 confiteor
3018 4216 3031 4252 :
3067 4197 3310 4268 gignitur
3339 4198 3486 4254 enim

1906 4294 2156 4357 verbum,
2174 4292 2394 4363 quando
2419 4291 2739 4346 enuntiatur
2763 4297 2819 4346 et
2849 4290 3220 4362 cognoscitur.
3240 4290 3320 4346 Ac
3349 4306 3490 4362 quo-

1907 4389 2032 4456 ties,
2055 4389 2145 4443 dic
2167 4388 2326 4454 mihi,
2348 4389 2402 4443 id
2424 4389 2604 4460 ipsum
2627 4387 3015 4460 generabitur?
3037 4387 3145 4458 32
3163 4402 3293 4442 num
3316 4387 3487 4442 multa

1907 4482 2059 4538 dices
2108 4480 2204 4538 Dei
2250 4480 2452 4545 Verba,
2487 4481 2722 4536 diversis
2767 4480 3110 4552 temporibus
3153 4478 3382 4550 genita?
3415 4493 3485 4534 an

1905 4575 2069 4630 modo
2089 4575 2339 4629 silentem
2369 4573 2540 4628 Deum
2571 4572 3030 4637 comminisceris,
3057 4571 3222 4626 modo
3252 4572 3484 4642 loquen-

208 4668 410 4736 ἀνομε,
434 4669 517 4721 ὅτι
545 4668 698 4722 ἔσται
728 4686 810 4722 σοι
841 4671 1024 4741 ὅμοιος
1053 4673 1083 4722 6
1106 4670 1238 4736 Θεός
1257 4688 1273 4737 ;
1295 4665 1367 4725 τΩ
1390 4670 1664 4743 ἄνθρωπε,
1696 4669 1803 4724 κᾶν

1910 4675 2038 4732 tem,
2065 4681 2131 4722 ac
2156 4675 2531 4723 transeuntem
2570 4681 2602 4720 a
2648 4666 2868 4722 silentio
2899 4665 2964 4720 ad
3002 4665 3296 4735 loquelam,
3324 4664 3495 4733 idquo

208 4754 530 4827 ὀφθαλμοὺς
579 4755 818 4831 ἀκούσῃς
842 4757 998 4817 Θεοῦ,
1031 4758 1134 4812 κᾶν
1171 4759 1282 4831 (10)
1302 4759 1372 4813 τὰ
1389 4759 1526 4816 ἄλλα
1575 4760 1710 4832 μέλη
1734 4760 1803 4813 τὰ

1910 4759 2110 4830 apertis
2141 4758 2324 4823 labiis,
2349 4765 2444 4814 aut
2475 4765 2752 4813 commoto
2791 4756 2994 4813 corde?
3023 4753 3142 4811 Non
3174 4763 3260 4812 est
3301 4754 3486 4816 homo.
3530 4823 3536 4832 η

288 4935 336 4967 ³⁹
374 4935 578 5017 (ignes.
608 4952 736 5004 ιιι,
768 4937 860 4994 ει.
934 4937 983 4970 ⁸⁸
1019 4937 1180 4994 Joan.
1215 4955 1352 5004 xm,
1389 4940 1478 4995 15.
1553 4940 1598 4971 ⁸⁸
1642 4937 1806 4994 Matth

1920 4977 1937 5005 ,
1971 4937 2062 4994 25.
2141 4938 2187 4972 "
2227 4936 2422 5017 Matth”.
2454 4951 2562 5004 vti,
2592 4935 2685 4992 Si.
2786 4934 2832 4966 ”
2870 4932 3004 4990 ibid.
3037 4931 3127 4989 32.
3219 4931 3265 4965 “
3309 4929 3470 4987 Rom.

212 5021 311 5063 ινι
329 5047 348 5073 ,
383 5008 479 5063 27.

295 5167 367 5238 (3)
396 5166 618 5242 Gobler.
661 5173 716 5220 et
756 5163 901 5220 Felc.
927 5181 968 5227 ι,
1003 5163 1346 5242 Κύριος-πῦρ
1383 5159 1796 5242 πα-ρὰβυρίου.

1910 5158 2248 5242 insilias..-
2355 5228 2368 5240 .

295 5180 367 5238 (ὁ)
396 5180 618 5222 uonter.
661 5180 716 5220 ει
757 5180 901 5220 retc.
927 5181 968 5227 ι,
1003 5180 1208 5237 nupta;
1233 5180 1796 5288 πυῇυπαρααιυριου.

216 5237 364 5318 llos,
392 5240 454 5320 _in
487 5237 712 5320 Seguer.
751 5242 986 5301 tantum,
1014 5244 1157 5305 pOst,
1187 5237 1310 5307 Κυρ
1403 5273 1418 5298 ,
1457 5235 1675 5304 legitur,
1731 5232 1801 5284 ὲκ

1910 5180 1965 5213 ιιι
2002 5180 2187 5215 cuius.

1980 5229 2056 5320 ἕξ)
2085 5228 2437 5320 ἓὲἓίέἓῗῖῑῗξὲι
2451 5228 2930 5320 ἒΞέΡιῬΥξ.,-εηη,
2972 5298 3176 5320 .--ω
3205 5315 3218 5320 -
3244 5299 3296 5320 ε-

213 5309 314 5362 τοῦ
351 5297 609 5372 οὐρανοῦ.
1014 5297 1032 5305 ’
1278 5297 1290 5307 ’
1511 5297 1536 5304 ⁷
1682 5370 1697 5372 _
1744 5369 1753 5372 ,

1979 5297 2054 5369 (7)
2089 5300 2184 5372 Sic
2207 5297 2954 5372 8θεὶΙὶειιεὶεζβοῠιειίειιιιε,
2972 5298 3220 5372 Seguer.-;
3244 5299 3300 5353 in
3320 5297 3488 5362 editis,

287 5361 373 5449 (4)7
395 5361 488 5451 Sic
505 5361 756 5451 segnem,
775 5376 996 5434 Gobler.
1023 5384 1078 5431 et
1095 5374 1242 5451 Fele.
1269 5371 1478 5451 t._Editi
1493 5387 1646 5451 ver_o,
1654 5369 1800 5451 ρέος

1910 5377 1963 5426 et
1987 5361 2366 5451 caeterjsmss.
2385 5361 2721 5451 οὖσαδεεει.

215 5439 314 5504 καὶ
345 5439 609 5521 Κύριοςῗ
625 5439 754 5522 Mog
773 5463 965 5522 omnes
984 5461 1163 5522 -ωερη
1194 5445 1275 5522 ᾡς
1315 5444 1382 5498 ἂν
1417 5445 1485 5498 ὲκ
1510 5443 1626 5522 τοῦ.
1651 5439 1794 5522 βᾲἰιί

1979 5441 2054 5522 (ἓ)
2194 5441 2347 5522 deest
2383 5440 2441 5495 in
2463 5439 2777 5522 Easi'liensi.

217 5536 350 5575 vero
375 5509 591 5586 omnes,
614 5519 690 5584 ὡς
719 5519 794 5574 ὢν
827 5521 893 5573 ὲκ
920 5514 1036 5572 τοῦ.
1074 5509 1246 5570 Paulo
1282 5521 1427 5586 post,
1464 5513 1616 5577 editi,
1642 5514 1670 5566 6
1705 5511 1794 5564 λέ-

1974 5509 2162 5586 (mlta
2177 5509 2422 5586 #Seguer.
2462 5510 2605 5566 Editi
2638 5511 2921 5586 veroaxai.
2956 5511 3098 5584 περι.

215 5606 332 5664 των
363 5608 488 5664 μου.
527 5580 778 5664 segnem,
811 5590 1038 5664 rectius,
1068 5580 1302 5664 ὁλέγων
1323 5603 1472 5664 μοι.Δ
1658 5652 1672 5664 _
1779 5660 1789 5664 _

1975 5580 2087 5653 (10)
2117 5580 2254 5648 Κάν,
2286 5597 2476 5637 omnes
2501 5595 2635 5636 mss.
2671 5581 2813 5636 Editi
2856 5597 3006 5650 vero,
3029 5580 3141 5638 Stat.

291 5652 378 5734 (5f
402 5664 564 5734 Ἡμῖν
591 5652 789 5733 ﬁgitur
809 5661 864 5715 in
890 5658 1076 5721 Gobl.,
1106 5652 1254 5712 Felc.
1285 5652 1409 5726 t,'et
1440 5654 1602 5728 Seg.;
1641 5652 1796 5710 deest
1988 5652 1992 5653 ⁷
3093 5715 3097 5718 ,

510 5757 786 5818 Pauor"
821 5755 938 5818 Gn.
971 5752 1265 5817 XXVI".
3209 5737 3249 5798 ι
