3890 6186
403 146 504 204 1οἸ
1564 139 1622 193 S.
1663 129 2131 189 ATHANASIUS.
2173 158 2244 170 -
2280 126 2512 184 DUBIA.
3552 125 3681 184 108

401 267 580 325 Deus:
604 261 1183 330 existimasti,inique,
1204 258 1350 326 quod
1385 255 1524 311 Deus
1557 256 1660 310 erit
1688 253 1786 307 tibi
1816 251 1973 308 simi—

2096 248 2385 321 πωματικά,
2433 248 2507 319 μή
2544 246 2821 318 σαρκικῶς
2865 246 3004 301 νόειο
3057 246 3194 300 ἀλλὰ
3242 246 3311 299 δι’
3342 248 3683 319 ὁμοιότητος

402 359 516 416 iis?
563 356 716 413 Licet
764 355 955 410 oculos
996 351 1090 407 Dei
1123 349 1383 412 audieris,
1413 362 1446 402 o
1475 348 1663 411 homo,
1696 346 1825 399 licet
1868 344 1975 397 alia

2096 340 2189 395 τῶν
2228 340 2555 412 σωματικῶν
2579 340 2747 394 ἐννόει
2779 339 2841 393 τὸ
2872 339 3180 411 ἀσώματον.
3215 341 3327 395 Καὶ
3361 341 3472 413 γὰρ
3501 340 3681 414 εἴρη-

404 449 650 523 corporis
686 446 955 508 membra,
990 458 1060 498 ne
1109 440 1403 495 carnaliter
1462 436 1594 492 illud
1653 434 1971 503 intelligas:

2096 434 2171 487 ταί
2224 450 2336 487 σοι’
2391 432 2617 503 Πνεῦμα
2652 435 2681 487 6
2729 433 2894 496 Θεόςο
2929 431 3070 486 οὕτω
3121 432 3215 487 καὶ
3259 433 3290 487 6
3335 432 3506 502 Λόγος
3559 435 3685 487 οὐκ

403 519 520 599 θεόν
555 554 652 611 per
700 535 1068 608 corporalium
1106 531 1515 588 similitudinem
1538 568 1553 592 ,
1589 527 1976 594 incorporeum

2096 522 2444 594 ivepdmtvog,
2476 522 2595 576 οὐδὲ
2628 519 2740 586 οἷος
2768 524 2797 576 6
2825 522 2915 585 σός
2934 539 2948 552 °
2973 521 3103 586 Θεὸς
3125 521 3233 594 γάρ
3268 522 3406 585 ἐστι,
3441 523 3547 577 κᾶν
3589 525 3680 595 μή

404 627 894 700 intellige.Etenim
925 626 1026 680 tibi
1055 625 1262 680 dictum
1290 628 1408 677 est:
1444 618 1683 688 Spiritus
1704 621 1788 669 est
1808 612 1975 678 Deus;

2096 630 2165 666 σοι
2193 614 2345 687 δοκῇ,
2381 615 2475 669 καὶ
2505 615 2604 668 οὐκ
2638 616 2746 670 είσί
2782 614 2876 669 δύο
2906 614 3051 679 Θεοὶ,
3082 615 3162 669 ὅτι
3196 614 3331 685 μηδὲ
3355 614 3449 667 δύο
3480 615 3682 668 Πατέ-

405 725 487 779 sic
511 729 565 778 et
587 719 824 776 Verbum
855 717 1009 780 illud,
1043 730 1152 770 non
1188 713 1489 768 humanum
1522 716 1608 764 est
1632 748 1647 773 ,
1682 720 1784 760 nec
1814 703 1976 773 quale

2096 722 2196 773 nec,
2220 708 2351 779 μηδὲ
2370 707 2672 780 ἐτερούσιος
2695 707 2788 761 τοῦ
2805 708 3163 779 γεννήσαντος
3190 711 3219 761 6
3242 708 3676 780 γεγεννημένος.

406 829 599 876 tuum:
633 813 774 869 Deus
802 812 949 867 enim
979 819 1095 875 est,
1127 809 1253 863 licet
1300 806 1351 862 id
1386 805 1482 860 tibi
1512 802 1736 857 minimc
1783 798 2036 854 videatur
2064 817 2079 854 :
2105 817 2205 858 nec
2221 803 2330 859 duo
2360 802 2444 859 Dii
2467 812 2617 870 sunt,
2668 804 2812 861 sicut
2866 819 2970 863 nec
3032 805 3142 860 duo
3198 803 3423 862 Patres:
3481 821 3683 877 neque

404 912 635 968 diversae
662 906 982 965 substantiae
1011 912 1096 960 est
1120 903 1337 974 genitus
1368 914 1399 953 a
1422 902 1738 971 generante.

418 1096 423 1101 .
473 1051 528 1108 6.
563 1051 667 1119 Qui
692 1051 839 1107 enim
866 1048 975 1106 duo
1005 1046 1274 1119 principia
1318 1044 1550 1111 inducit,
1574 1043 1621 1098 is
1645 1039 1784 1096 duos
1830 1037 1970 1093 Deos

2146 1038 2199 1094 6.
2220 1039 2275 1093 ’0
2295 1039 2392 1108 μὲν
2406 1038 2515 1111 γὰρ
2530 1038 2704 1111 ἀρχὰς
2717 1039 2949 1108 εἰσάγων
2962 1038 3075 1101 δύο,
3093 1038 3185 1092 δύο
3200 1038 3454 1112 κηρύττει
3470 1041 3674 1106 Θεούς.

402 1145 684 1217 prmdicat.
727 1143 854 1198 Haec
879 1148 965 1197 est
1009 1138 1304 1194 Marcionis
1358 1136 1632 1206 impietas,
1664 1132 1759 1203 qui
1799 1129 1971 1185 Deum

2096 1126 2222 1195 i611)
2266 1127 2587 1198 Μαρκίωνος
2621 1128 2655 1198 ἡ
2683 1127 2985 1217 δυσσέϐεια,
3019 1127 3151 1182 Θεὸν
3178 1127 3422 1198 λέγοντος
3453 1130 3677 1187 δίκαιον

400 1209 613 1310 iustum
661 1234 868 1307 proprii
908 1232 1112 1289 Christi
1153 1230 1390 1296 Patrem,
1425 1233 1480 1284 et
1525 1227 1755 1281 alterum
1803 1221 1973 1278 Deum

2096 1218 2210 1272 δίου
2229 1219 2463 1290 Χριστοῦ
2494 1220 2731 1290 Πατέρα,
2769 1221 2862 1274 καὶ
2890 1209 3022 1275 Θεὸν
3056 1222 3243 1294 ἓτερον
3284 1223 3484 1291 ἀγαθὸν
3530 1224 3673 1278 ἰδίου

404 1332 610 1387 bonum
632 1327 837 1401 proprii
869 1325 1071 1382 Christi
1107 1322 1325 1378 Patrem
1362 1319 1611 1375 aiiirmat.
1646 1316 1860 1371 Rursus
1879 1314 1973 1385 qui

2096 1312 2315 1384 Κριστοῦ
2343 1313 2580 1384 Πατέρα.
2605 1314 2831 1368 Πάλιν-ό
2851 1314 2983 1368 Θεὸν
3006 1315 3267 1386 ἀγένητον
3297 1312 3433 1369 εἶναι
3462 1317 3673 1385 λέγων,

405 1421 578 1479 Deum
608 1436 719 1477 non
752 1419 979 1483 factum,
1015 1417 1181 1471 alium
1220 1428 1352 1470 vero
1376 1411 1546 1468 Deum
1577 1408 1782 1464 factum
1814 1406 1971 1470 dicit,

2096 1407 2236 1460 ἱλλον
2258 1407 2314 1460 δὲ
2343 1407 2472 1460 Θεὸν
2492 1407 2600 1479 (ii)
2619 1409 2861 1481 γενητὸν,
2888 1408 2979 1463 δύο
3000 1410 3095 1463 καὶ
3120 1410 3281 1474 αὐτὸς
3302 1410 3448 1480 λέγει
3469 1410 3674 1476 Θεοὺς,

408 1508 549 1566 duos
574 1519 629 1565 et
658 1510 774 1579 ipse
803 1506 945 1562 Deos
973 1503 1234 1567 admittit,
1264 1508 1490 1573 propter
1520 1494 1842 1553 substantiae
1870 1490 1976 1546 dif-

2096 1498 2168 1553 Ξιὰ
2194 1498 2292 1572 τὴν
2345 1499 2445 1572 τῆς
2489 1500 2676 1564 οὐσίας
2724 1500 3006 1573 διαφορὰν,
3054 1502 3121 1572 ἣν
3169 1501 3501 1574 βλασφήμως
3545 1504 3675 1557 εἰσ-

408 1600 691 1659 ferentiam
719 1640 734 1666 ,
787 1610 952 1668 quam
1017 1587 1446 1663 blasphemando
1499 1584 1817 1643 introducit.
1869 1580 1975 1637 Ubi

2096 1591 2219 1659 ἱγει.
2255 1591 2429 1645 Ὅπου
2461 1592 2520 1645 δὲ
2554 1592 2651 1664 μία
2696 1592 2794 1663 μὲν
2833 1594 2867 1665 ή
2910 1594 3076 1665 ἀρχὴ,
3108 1593 3165 1646 ἓν
3197 1593 3255 1647 δὲ
3279 1594 3339 1647 τὸ
3386 1593 3446 1659 ἐξ
3492 1595 3677 1666 αὐτῆς

406 1707 538 1751 vero
568 1691 789 1747 unicum
811 1695 896 1744 est
924 1684 1277 1759 principium,
1316 1698 1381 1737 ac
1414 1682 1575 1737 unica
1615 1678 1737 1748 ejus
1769 1676 1973 1747 proles,

2096 1683 2341 1755 γέννημα,
2382 1682 2546 1737 εἰκὼν
2578 1683 2945 1756 ἀκριϐεστάτη
2985 1686 3079 1739 καὶ
3112 1687 3313 1758 φυσική
3337 1703 3351 1717 ο
3390 1686 3523 1739 διότι
3567 1686 3677 1739 καὶ

409 1784 483 1841 ibi
515 1780 925 1838 absolutissima
966 1792 1031 1832 ac
1073 1776 1341 1830 naturalis
1382 1774 1582 1842 imago,
1612 1770 1741 1841 quia
1782 1783 1846 1823 ex
1884 1767 1977 1821 illo

2096 1776 2306 1847 {sw'q'riq
2338 1775 2397 1841 ἐξ
2419 1775 2582 1829 αὐτοῦ
2606 1792 2616 1804 ·
2644 1771 2725 1840 εἷς
2747 1776 2897 1843 Θεὸς,
2926 1777 3133 1841 τελείας
3157 1778 3254 1849 μὲν
3283 1779 3340 1832 ἐν
3370 1778 3545 1849 Πατρὶ
3564 1778 3675 1850 τῆς

401 1876 590 1949 genita
616 1883 700 1930 est
734 1892 747 1928 :
783 1871 855 1928 ibi
901 1879 954 1926 et
993 1884 1135 1924 unus
1189 1866 1369 1931 Deus;
1405 1867 1482 1919 ita
1522 1872 1583 1919 ut
1631 1861 1872 1934 perfecta
1922 1858 1980 1914 in

409 1966 573 2023 Patre
605 1964 783 2020 deitas
832 1962 1188 2030 intelligatur,
1221 1958 1463 2030 perfecta
1493 1970 1711 2027 quoque
1757 1953 1811 2007 in
1841 1951 1981 2007 Filio

406 2069 640 2131 paterna
671 2055 848 2112 deitas
874 2054 1125 2110 exsistat.
1147 2051 1415 2106 Caeterum
1437 2047 1566 2119 quia
1592 2063 1657 2102 ex
1685 2060 1854 2117 parvo
1876 2045 1983 2100 hoc

411 2150 661 2221 exemplo
688 2147 855 2222 (quod
879 2147 1062 2203 divina
1094 2144 1379 2215 Scriptura
1409 2140 1655 2213 protulit,
1687 2154 1812 2194 cum
1839 2139 1982 2193 ima-

402 2243 592 2314 ginem
628 2240 723 2296 Dei
754 2238 1046 2295 invisibilis
1082 2236 1360 2292 Christum
1401 2231 1708 2303 nuncupat)
1733 2244 1985 2299 compre-

413 2333 654 2390 hendere
673 2332 822 2388 vales
843 2329 986 2402 quod
1019 2330 1227 2385 dictum
1259 2336 1373 2395 est;
1396 2327 1487 2381 hic
1514 2327 1711 2382 iterum
1741 2323 1985 2380 dissimi-

413 2426 699 2482 litudinem
753 2439 874 2495 qure
920 2422 975 2477 in
1018 2422 1264 2492 exemplo
1310 2428 1395 2476 est
1445 2419 1739 2490 fugiamus,
1788 2431 1986 2487 nempe

413 2518 561 2589 quod
598 2517 695 2572 Dei
731 2516 931 2587 imago,
969 2522 1086 2570 arte
1114 2514 1260 2568 facta
1306 2519 1360 2567 et
1402 2512 1630 2567 alterius
1661 2509 1987 2567 substantia:

414 2611 485 2665 sit
517 2628 531 2665 :
558 2608 797 2680 genitam
832 2617 1012 2662 autem
1043 2618 1096 2661 et
1134 2603 1661 2662 consubstantialem
1706 2616 1826 2657 eam
1863 2616 1986 2657 esse

413 2701 794 2760 conﬁteamur.
836 2703 1089 2755 Attamen
1143 2698 1237 2771 qui
1290 2698 1436 2770 regis
1480 2695 1776 2767 imaginem
1816 2694 1985 2760 videt,

406 2811 599 2868 regem
626 2794 811 2863 videt;
841 2800 896 2850 et
935 2794 1046 2848 ait:
1088 2791 1249 2854 Ecce,
1289 2791 1380 2846 hic
1408 2804 1507 2844 rex
1558 2796 1662 2855 est,
1700 2802 1804 2844 nec
1850 2786 1988 2843 duos

415 2904 573 2960 reges
590 2886 906 2952 constituit,
948 2900 1124 2956 neque
1155 2891 1360 2955 partem
1400 2882 1544 2952 regis
1574 2879 1864 2951 imaginem
1898 2877 1984 2932 di-

406 2978 514 3044 cit,
535 2992 640 3049 _nec
671 2976 923 3048 imaginis
954 2990 1156 3046 regem.
1183 2972 1275 3028 Sic
1321 2970 1488 3042 igitur
1529 2986 1674 3027 unus
1712 2975 1797 3025 est
1840 2966 1986 3024 Deus

408 3065 598 3133 Pater,
623 3074 679 3123 et
697 3080 805 3121 una
821 3065 1078 3121 divinitas
1091 3061 1272 3118 Patris
1292 3071 1345 3117 et
1361 3060 1507 3115 Filii.
1539 3060 1631 3122 At,
1659 3066 1719 3115 ut
1748 3068 1807 3114 tu
1824 3058 1985 3125 dicis,

415 3174 562 3215 unus
596 3158 721 3225 erit,
757 3156 1096 3228 compositus
1136 3171 1205 3211 ex
1251 3155 1465 3211 duabus
1502 3153 1750 3224 partibus
1788 3154 1990 3224 imper-

416 3253 596 3309 fectis.
631 3251 739 3309 Sed
771 3252 841 3307 ad
874 3251 1018 3306 hanc
1046 3250 1384 3321 impietatem
1410 3263 1571 3304 aures
1593 3247 1904 3312 occludere,
1934 3253 1992 3304 et

404 3344 659 3399 animam
702 3342 923 3398 abluere
954 3342 1210 3397 convenit
1244 3339 1377 3411 :qui
1405 3339 1552 3394 enim
1599 3338 1716 3393 haec
1761 3337 1990 3393 commi-

410 3437 676 3502 niscitur,
698 3449 803 3491 nec
818 3431 1020 3489 Filium
1050 3448 1153 3489 nec
1173 3432 1392 3489 Patrem
1408 3432 1706 3487 conﬁtetur
1726 3452 1738 3485 :
1762 3444 1886 3485 nam
1902 3443 1993 3485 ne-

418 3544 526 3600 que
554 3526 719 3583 Pater
744 3541 921 3598 neque
939 3524 1112 3580 Filius
1133 3523 1486 3595 imperfectus
1525 3521 1750 3594 intelligi
1789 3528 1989 3593 potest.

490 3667 544 3721 7.
570 3664 734 3735 Atqui
764 3663 970 3719 dictum
995 3670 1110 3727 est,
1136 3661 1212 3717 ait
1242 3679 1257 3716 :
1286 3680 1309 3713 ‹
1346 3659 1486 3727 Quia
1512 3675 1613 3727 ego
1637 3659 1692 3713 in
1722 3658 1902 3724 Patre,
1935 3668 1989 3715 et

419 3756 583 3811 Pater
612 3757 667 3811 in
691 3770 777 3810 me
807 3762 892 3811 est
914 3754 961 3787 “
993 3773 1007 3809 :
1042 3773 1062 3807 ι
1084 3767 1193 3808 non
1228 3759 1315 3809 est
1348 3761 1527 3808 autem
1557 3750 1722 3806 Pater
1750 3749 1990 3806 Verbum

420 3852 478 3904 in
507 3848 672 3905 corde
691 3846 853 3902 Filii:
883 3860 1012 3916 ergo
1030 3859 1133 3900 nec
1159 3842 1333 3899 Filius
1356 3850 1442 3899 est
1471 3840 1712 3898 Verbum
1737 3842 1795 3898 in
1826 3840 1994 3897 corde

419 3939 629 4008 Patris;
654 3937 751 3995 sed
776 3945 862 3994 est
886 3935 1128 3993 Verbum
1156 3937 1346 3992 vivens
1373 3935 1634 3991 avivente
1660 3933 1827 3990 Patre
1854 3933 1987 3999 Deo,

420 4031 569 4102 quod
606 4039 810 4087 aeterna
861 4029 1209 4101 generatione
1259 4027 1469 4083 editum
1522 4035 1627 4091 est,
1676 4033 1731 4082 et
1790 4025 1996 4096 absque

412 4123 581 4178 initio
612 4121 762 4177 Patri
799 4120 1087 4176 coexsistit
1110 4138 1122 4173 :
1147 4120 1220 4174 ita
1246 4124 1306 4172 ut
1338 4115 1499 4172 Pater
1522 4131 1802 4187 nunquam
1844 4116 1995 4171 solus

422 4214 752 4287 cegitandus
780 4212 873 4269 sit.
908 4210 1135 4283 Semper
1165 4210 1311 4266 enim
1341 4207 1584 4263 Trinitas
1606 4214 1693 4264 est
1719 4206 1990 4271 Trinitas,

2078 1867 2328 1938 θεότητος
2349 1868 2666 1941 νοουμένης,
2694 1869 2905 1932 τελείας
2931 1871 2987 1923 δὲ
3018 1871 3109 1923 καὶ
3132 1872 3187 1924 ὲν
3215 1870 3327 1940 Υίῷ
3350 1871 3447 1942 τῆς
3468 1885 3679 1942 πατρι-

2079 1960 2181 2031 κῆς
2209 1958 2461 2029 θεότητος
2494 1961 2867 2033 ὑπαρχούσης.
2916 1962 3069 2014 Ἐπεὶ
3094 1962 3188 2015 καὶ
3219 1961 3308 2015 διὰ
3337 1961 3431 2015 τοῦ
3462 1960 3673 2035 μικροῦ

2079 2051 2269 2106 τούτου
2299 2052 2761 2125 παραδείγματος,
2809 2054 2946 2125 ὅπερ
2979 2055 3012 2126 ἡ
3043 2052 3163 2107 θεία
3198 2054 3390 2127 Γραφὴ
3434 2054 3677 2127 δεδήλω-

2080 2160 2176 2197 κεν
2208 2143 2391 2197 εἰκόνα
2432 2142 2526 2198 τοῦ
2559 2142 2692 2198 Θεοῦ
2731 2142 2826 2198 τοῦ
2867 2144 3100 2216 ἀοράτου
3135 2145 3226 2200 τὸν
3278 2146 3510 2218 Χριστὸν
3547 2146 3676 2200 ὀνο-

2087 2236 2325 2308 μάσασα,
2349 2236 2572 2290 δύνασαι
2594 2237 2922 2292 καταλαϐεῖν
2953 2238 3016 2292 τὸ
3047 2237 3336 2310 λεγόμενον
3362 2256 3376 2270 ο
3404 2238 3675 2310 φύγωμεν

2084 2329 2246 2383 πάλιν
2274 2330 2369 2383 καὶ
2422 2328 2656 2383 ἐνταῦθα
2701 2329 2763 2383 τὸ
2793 2331 3043 2402 ἀνόμοιον
3072 2328 3133 2384 τὸ
3188 2332 3245 2384 ἐν
3278 2330 3356 2401 τῷ
3405 2331 3676 2403 παραδεί-

2083 2438 2275 2493 γματι,
2306 2422 2365 2475 τὸ
2389 2422 2637 2494 τεχνίτην
2667 2422 2777 2495 (12)
2807 2424 2899 2477 καὶ¹
2924 2422 3229 2498 ἐτερούσιον
3261 2420 3399 2477 εἶναι
3437 2424 3537 2494 τὴν
3568 2420 3675 2476 τοῦ

2085 2512 2222 2566 θεοῦ
2249 2514 2450 2579 εἰκόνα,
2485 2514 2748 2585 γεννητὴν
2780 2515 2837 2567 δὲ
2858 2516 2950 2569 καὶ
2978 2515 3263 2585 όμοούσιον
3291 2515 3674 2587 ὁμολογῶμεν.

2090 2604 2279 2675 Ὅμως
2306 2605 2369 2677 δὴ
2398 2599 2490 2659 οῦν
2523 2604 2632 2677 (l5)
2665 2607 2693 2659 6
2733 2605 2833 2678 τὴν
2867 2607 3052 2662 εἰκόνα
3084 2607 3178 2661 τοῦ
3228 2607 3490 2678 βασιλέως
3522 2608 3678 2679 ὁρῶν

2087 2697 2177 2751 τὸν
2205 2698 2426 2769 βασιλέα
2441 2699 2562 2770 ὁρᾷ,
2599 2697 2693 2753 καί
2726 2717 2891 2771 φησιν
2914 2717 2927 2730 ·
2963 2701 3116 2765 Ἰδοὺ,
3149 2693 3304 2764 οὗτος
3338 2703 3367 2754 6
3388 2700 3673 2771 βασιλεὺς,

2087 2790 2185 2843 καὶ
2218 2790 2280 2843 οὐ
2308 2789 2401 2844 δύο
2442 2789 2712 2862 πεποίηκε
2754 2790 3010 2861 βασιλεῖς,
3038 2791 3161 2845 οὐδὲ
3202 2792 3367 2864 μέρος
3390 2792 3482 2845 τοῦ
3517 2791 3679 2862 βασι-

2091 2880 2227 2944 λέως
2254 2881 2354 2952 τὴν
2401 2882 2606 2950 εἰκόνα,
2642 2883 2676 2955 ἢ
2709 2882 2810 2953 τῆς
2844 2884 3051 2948 εἰκόνος
3095 2883 3187 2937 τὸν
3240 2883 3480 2955 βασιλέα.
3513 2883 3678 2938 Οὕτω

2088 2972 2267 3027 τοίνυν
2290 2968 2377 3037 εἷς
2403 2974 2535 3039 Θεὸς
2559 2976 2588 3028 6
2625 2974 2836 3047 Πατὴρ,
2871 2976 2966 3028 καὶ
2996 2976 3095 3047 μία
3124 2976 3314 3049 θεότης
3333 2975 3546 3050 Πατρὸς
3572 2977 3678 3051 καὶ

2091 3064 2246 3119 Υίοῦ.
2292 3067 2380 3130 Ὧς
2415 3066 2474 3121 δὲ
2517 3067 2581 3121 σὺ
2612 3066 2813 3137 λέγεις,
2859 3066 2940 3133 εἷς
2980 3069 3132 3125 ἔσται
3176 3070 3429 3136 σύνθετος
3466 3073 3532 3126 ὲκ
3574 3073 3680 3127 δύο

2093 3159 2273 3230 μερῶν
2311 3159 2537 3216 ἀτελῶν.
2581 3160 2724 3232 Πρὸς
2753 3161 2809 3214 δὲ
2857 3161 3060 3233 ταύτην
3098 3163 3197 3234 τὴν
3243 3164 3495 3219 ἀσέϐειαν
3543 3166 3680 3219 ἀπο-

2090 3250 2299 3304 κλεῖσαι
2346 3251 2509 3305 καλὸν
2539 3251 2636 3316 τὰς
2664 3253 2857 3319 ἀκοὰς,
2897 3254 2992 3327 καὶ
3021 3253 3134 3325 (M)
3167 3256 3529 3325 ἀπονίψασθαι
3570 3258 3677 3328 τὴν

2090 3339 2268 3412 ψυχήν
2289 3357 2300 3370 ·
2333 3340 2455 3395 οὔτε
2498 3343 2607 3414 γὰρ
2635 3343 2763 3397 Υίὸν
2807 3344 2930 3398 οὔτε
2968 3345 3188 3417 Πατέρα
3229 3348 3258 3399 6
3280 3346 3437 3400 τοῦτο
3472 3336 3680 3417 φαντα-

2092 3434 2315 3504 ζόμενος
2360 3434 2642 3505 ὁμολογεῖ·
2697 3436 2819 3488 ἐπεὶ
2872 3438 3009 3508 μήτε
3065 3438 3307 3511 Πατέρα,
3361 3440 3500 3511 μήτε
3544 3440 3679 3495 Υἰὸν

2092 3523 2258 3599 ἀτελῆ
2290 3527 2432 3580 νοεῖν
2463 3528 2715 3600 ἐγχωρεῖ.

2166 3662 2219 3717 7.
2265 3660 2403 3715 Ἀλλ’
2433 3661 2668 3734 εἴρηται,
2713 3662 2905 3735 φησίν⁶
2946 3680 2966 3714 ι
3005 3663 3128 3717 Ὅτι
3153 3662 3265 3733 ἐγὼ
3296 3663 3354 3717 ἐν
3373 3661 3450 3733 τῷ
3472 3662 3674 3734 Πατρὶ,

2094 3755 2189 3807 καὶ
2217 3756 2246 3808 6
2272 3754 2463 3827 Πατὴρ
2499 3756 2558 3809 ὲν
2586 3755 2736 3826 ἐμοί·
2774 3774 2793 3808 ι
2820 3756 2921 3810 οὐκ
2948 3755 3064 3809 ἔστι
3102 3756 3160 3810 δὲ
3189 3757 3360 3826 Λόγος
3384 3758 3443 3810 ὲν
3477 3756 3678 3828 καρδίᾳ

2094 3844 2188 3898 τοῦ
2218 3844 2347 3898 Υίοῦ
2374 3847 2403 3899 6
2434 3846 2627 3917 Πατήρ
2645 3864 2660 3878 ·
2694 3847 2756 3900 οὐ
2784 3847 2965 3902 τοίνυν
2994 3847 3115 3901 οὐδὲ
3142 3851 3171 3901 6
3196 3849 3308 3919 (i5)
3343 3848 3472 3911 Υίὸς
3501 3848 3679 3915 Λόγος

2094 3939 2154 3991 ἐν
2182 3936 2379 4010 καρδίᾳ
2403 3936 2497 3991 τοῦ
2539 3937 2775 4009 Πατρὸς,
2808 3936 2945 3991 ἀλλά
2985 3938 3157 4005 Λόγος
3194 3937 3301 4002 ζῶν
3323 3938 3431 3992 ἀπὸ
3474 3937 3679 4002 ζῶντος

2095 4030 2309 4103 Πατρὸς
2343 4028 2500 4095 Θεοῦ,
2543 4029 2700 4100 ἀϊδίῳ
2727 4030 2979 4101 γεννήσει
3006 4030 3284 4102 πεφηνὼς,
3324 4030 3571 4101 ἀνάρχως
3595 4030 3679 4101 τῷ

2098 4120 2272 4192 Πατρὶ
2321 4120 2493 4175 συνών
2514 4138 2529 4152 ·
2567 4120 2645 4184 ὡς
2695 4120 2963 4192 μηδέποτε
3012 4122 3170 4193 μόνον
3219 4122 3550 4176 ἐπινοεῖσθαι
3581 4121 3678 4175 τὸν

2092 4211 2340 4283 Πατέρα.
2387 4212 2500 4265 ’Δεῖ
2543 4212 2652 4283 γὰρ
2700 4212 2936 4284 Τριάςή
2978 4212 3170 4284 Τριάς,
3213 4213 3307 4266 καὶ
3361 4212 3680 4285 προσθήκην

410 4277 527 4366 nec
591 4318 832 4375 unquam
902 4277 1333 4358 additamentum
1396 4298 1700 4355 divinitatis
1768 4297 1986 4368 accipit.

2100 4277 2352 4376 θεότητος
2379 4304 2439 4358 οὐ
2465 4277 2763 4376 λαμϐάνει..
2787 4306 2909 4360 Οὐδ’
2923 4277 2965 4360 ⁷ό
2991 4277 3066 4378 μή
3098 4305 3360 4377 πρότερον
3385 4277 3460 4358 ὧν
3485 4277 3579 4357 σὺν
3597 4277 3680 4375 et]:

414 4403 608 4475 Neque
636 4400 813 4460 Filius
856 4413 980 4455 cum
1030 4396 1186 4467 prius
1219 4411 1330 4451 non
1376 4402 1525 4451 esset
1554 4408 1678 4448 cum
1704 4392 1887 4456 Patre,
1938 4392 1998 4447 in

419 4504 701 4569 posterum
729 4496 780 4550 ei
815 4488 1072 4556 additur;
1099 4504 1276 4559 neque
1314 4485 1453 4543 Filio
1500 4486 1739 4558 Spiritus
1774 4493 1998 4542 sanctus

415 4587 656 4642 accedit.
688 4585 822 4652 Quae
864 4582 1013 4641 enim
1041 4596 1073 4635 a
1103 4580 1338 4651 quodam
1366 4580 1638 4652 principio
1658 4579 1804 4634 facta
1844 4587 1994 4646 sunt,

410 4685 479 4732 et
507 4676 723 4748 opiﬁcia
745 4684 893 4744 sunt,
921 4684 976 4732 et
1006 4670 1249 4737 subdita,
1281 4678 1337 4727 et
1363 4671 1618 4727 Trinitati
1656 4672 1808 4732 nullo
1830 4671 1995 4727 modo

423 4777 873 4826 annumerantur.
918 4767 1076 4835 Nam,
1110 4788 1131 4821 α
1178 4773 1395 4829 euntes,
1433 4782 1452 4816 ι
1503 4763 1703 4834 inquit,
1745 4782 1765 4816 ι
1805 4762 1999 4820 docete

421 4874 614 4917 omnes
647 4870 855 4932 gentes,
877 4860 1218 4931 baptizantes
1239 4872 1360 4924 eos,
1385 4855 1442 4910 in
1463 4857 1684 4912 nomine
1703 4855 1905 4922 Patris,
1938 4863 2002 4913 et

422 4953 569 5023 Filii,
599 4964 654 5012 et
679 4956 918 5027 Spiritus
939 4957 1119 5013 sancti
1138 4957 1206 5019 “.
1247 4977 1268 5012 ι
1300 4953 1524 5014 Nullum
1560 4964 1744 5012 autem
1794 4956 2000 5028 princi-

497 5182 543 5217 ⁵⁸
578 5183 735 5239 Joan.
774 5202 885 5255 xxv,
920 5187 1003 5244 ιο.
1084 5184 1131 5218 ⁸⁸
1168 5185 1356 5241 Matth.
1394 5150 1531 5243 svnt
1558 5222 1573 5248 ,
1614 5183 1710 5240 i9.

499 5360 608 5434 (Η)
652 5360 873 5434 Seguer.
919 5364 1138 5422 Gobler.
1174 5375 1228 5423 et
1261 5366 1407 5422 Felc.
1443 5382 1485 5432 ι,
1519 5356 1996 5434 γεννητόν,λῃιοιε.

421 5427 642 5486 Priores
687 5427 794 5489 duo
838 5435 971 5490 ibid.
1012 5438 1271 5494 emittunt
1317 5427 1482 5493 Θεόν.⁷
1531 5427 1696 5492 Βειείιζ
1750 5429 1860 5485 ibid
1907 5427 1998 5482 δύο

427 5503 525 5566 μὲν
556 5502 733 5566 αὐτός.

427 5520 525 5569 μεν
556 5520 733 5566 αυτος.

494 5571 604 5643 (12)
637 5570 820 5642 Forte,
847 5578 1130 5650 τεχνητήν.

2101 4397 2279 4468 Πατρὶ
2323 4397 2670 4468 προστίθεται
2701 4396 2923 4468 ὕστερον
2963 4396 2992 4449 6
3033 4396 3178 4462 Υἱὸς,
3209 4396 3328 4449 οὐδὲ
3368 4395 3447 4467 τῷ
3471 4394 3585 4467 Υίῷ
3615 4395 3680 4449 τὸ

2103 4487 2327 4559 Πνεῦμα
2368 4487 2687 4557 ἐπιγίνεται.
2719 4486 2799 4541 Τὰ
2836 4487 2945 4557 γὰρ
2983 4486 3091 4539 ἀπό
3126 4502 3271 4549 τινος
3302 4485 3485 4556 ’ἀρχῆς
3521 4500 3680 4553 γεγε-

2103 4581 2314 4653 νημένα
2339 4580 2449 4654 (16)
2488 4582 2582 4635 καὶ
2624 4580 2904 4652 ποιήματά
2943 4580 3061 4631 ἐστι
3101 4578 3195 4631 καὶ
3225 4575 3407 4640 δοῦλα,
3460 4575 3553 4627 καὶ
3607 4576 3678 4645 τῇ

2103 4676 2296 4750 Τριάδι
2323 4674 2731 4748 συναριθμεῖται
2760 4671 3009 4744 οὐδαμῶς
3026 4688 3041 4702 ο
3074 4689 3094 4722 ι
3121 4668 3482 4742 Πορευθέντες
3504 4666 3633 4739 γὰρ,
3655 4688 3675 4720 ι

2107 4770 2262 4842 φησί,
2289 4789 2308 4822 ‹
2341 4768 2716 4842 μαθητεύσατε
2745 4768 2921 4823 πάντα
2941 4766 3009 4820 τά
3038 4765 3186 4836 ἔθνη,
3212 4763 3561 4835 βαπτίζοντες
3579 4763 3681 4816 αὐ-

2103 4863 2231 4927 τοὺς
2256 4863 2337 4925 εἰς
2362 4861 2424 4915 τὸ
2445 4860 2624 4930 ὄνομα
2653 4858 2747 4913 τοῦ
2770 4858 3004 4929 Πατρὸς,
3032 4855 3127 4911 καὶ
3159 4854 3253 4909 τοῦ
3284 4853 3438 4918 Υίοῦ,
3471 4851 3679 4907 καὶτοῦ

2104 4959 2262 5029 ἁγίου
2295 4954 2629 5026 Πνεύματος.
2660 4971 2679 5005 ι
2723 4951 2919 5023 ’Δρχὴν
2951 4949 3009 5003 δὲ
3036 4947 3160 5003 οὕτε
3196 4948 3346 5020 μίαν,
3368 4945 3493 5001 οὔτε
3531 4943 3680 5011 ἐξου-

2179 5353 2288 5424 (15)
2326 5350 2709 5424 Seguerianus,
2750 5349 2795 5402 δ’
2832 5342 2945 5424 οῦν.

2176 5420 2288 5493 (Η)
2330 5420 2616 5493 Κοιίᾼόεεει
2646 5421 2702 5493 in
2738 5420 2993 5493 omnibus
3023 5432 3158 5493 mss.

2178 5486 2287 5564 (l5)
2312 5489 2787 5564 Sic‘Seguerianu
2822 5491 2850 5541 6
2873 5489 3031 5564 lices}
3060 5486 3336 5564 ineditis.

2163 5552 2287 5635 ’(16)
2302 5562 2393 5617 Sic
2409 5552 2597 5629 Basil,
2613 5559 2856 5629 Gobler.,
2871 5556 2997 5630 Seg.
3012 5554 3071 5612 In
3081 5558 3264 5625 editis;
3282 5552 3675 5625 γεγεννημένα.
