3890 6186
149 299 250 357 109

1352 295 1636 355 CONTRA
1674 294 1960 354 SABELLI
1967 294 2165 355 ANOS.

3312 292 3414 351 uo

147 419 292 482 σίαν,
327 417 457 472 οὔτε
506 415 738 488 δύναμιν
783 414 1228 487 εῖιινηρίθμησεν⁵
1273 413 1433 486 ἀῖδίῳ
1471 414 1587 486 (17)
1633 414 1742 487 γὰρ

1846 422 2053 486 patum,
2071 427 2247 485 neque
2265 418 2587 484 potestatem
2599 453 2613 472 .
2627 425 2804 482 neque
2813 410 3070 468 virtutem
3086 423 3415 467 annumera-

144 511 215 563 τὰ
232 509 315 580 μὴ
344 510 500 563 ἀΐδια
523 507 982 579 συναριθμεῖσθαι
1008 507 1283 571 ἀδύνατον,
1316 507 1410 560 καὶ
1432 509 1497 578 τῇ
1524 506 1738 578 θεότητι

144 601 216 655 τά
248 603 324 672 μὴ
353 600 663 672 μετέχοντα
702 601 803 671 τῆς
837 598 1092 668 θεότητος
1120 599 1180 650 ού
1213 598 1581 651 συντάττεται.
1612 596 1740 660 Πῶς

142 688 237 746 οὖν
264 695 325 745 ἐν
350 692 434 763 τῷ
477 691 834 762 γεγεννηκότι
871 693 902 744 6
942 689 1368 760 γεγεννημένοςς
1400 688 1494 742 καὶ
1523 688 1684 743 πάλιν
1710 690 1740 742 ὁ

142 788 427 857 γεννήτωρ
474 787 536 840 ὲν
587 784 669 855 τῷ
706 785 1041 855 γεννήματι;
1078 781 1195 846 πῶς
1226 776 1381 844 οὗτος
1413 782 1472 835 ὲν
1524 780 1736 850 ἐκείνῳ,

149 879 405 939 κάκεῖνος
425 879 486 929 ἐν
502 875 716 947 τούτῳ;
754 876 876 929 Ὀτι
899 875 994 928 καὶ
1018 873 1178 937 αὐτὸς
1192 871 1429 935 τοιοῦτός
1452 873 1597 925 ἐστιν
1627 864 1741 934 οἷος

141 972 425 1031 κακεῖνος,
454 968 715 1030 κάκεῖνος
751 961 865 1030 οἷος
894 961 1068 1029 οὗτος.
1103 963 1258 1018 Οὕτω
1296 963 1391 1017 καὶ
1417 962 1479 1017 ἒν
1530 962 1599 1016 τὰ
1621 962 1737 1026 δύο,

140 1058 219 1129 τῷ
254 1060 330 1129 μὴ
378 1058 725 1112 διαλλάττειν
764 1058 901 1126 (18),
954 1057 1087 1128 μηδὲ
1132 1055 1561 1127 ἀπεσχοινίσθαι,
1603 1055 1740 1127 μηδὲ

142 1150 261 1202 καθ’
295 1150 493 1222 ἕτερον
530 1147 674 1213 εἶδος
715 1150 810 1203 καὶ
835 1147 984 1214 ξένον
1022 1149 1340 1221 χαρακτῆρα
1384 1148 1620 1202 νοεῖσθαι
1648 1149 1740 1203 τὸν

142 1240 294 1306 Υἱδν,
336 1241 458 1294 ἀλλ’
503 1236 647 1295 εἶναι
688 1240 845 1305 Θεὸν,
901 1239 1089 1311 ὥσπερ
1132 1239 1226 1293 καὶ
1264 1242 1293 1293 6
1324 1240 1537 1312 Πατήρ.
1587 1241 1740 1295 Ἐπεὶ

142 1334 239 1385 καὶ
260 1333 517 1396 εἰπόντος
540 1331 708 1385 αὑτοῦ
725 1349 742 1364 ο
779 1350 800 1384 ι
851 1330 995 1399 Ἐγὼ
1017 1332 1107 1384 καὶ
1142 1333 1171 1385 6
1191 1332 1383 1405 Πατὴρ
1414 1332 1471 1386 ἓν
1494 1336 1682 1405 ἐσμεν,
1714 1356 1733 1389 ι

143 1425 496 1492 ἠγανάκτουν
524 1427 577 1478 οἱ
616 1423 860 1477 Ἰουδαῖοι
887 1423 1157 1492 λέγοντες,
1192 1442 1211 1475 ι
1245 1425 1368 1477 Ὅτι
1413 1426 1499 1489 σὺ,
1531 1425 1741 1497 ἅνθρω-

145 1533 245 1580 mg
286 1517 388 1582 ὢν,
438 1518 619 1581 ποιεῖς
647 1516 872 1571 σεαυτὸν
914 1516 1066 1571 Θεόν.
1103 1535 1123 1568 ι
1153 1517 1264 1570 Καὶ
1304 1519 1332 1570 6
1376 1517 1566 1589 Σωτὴρ
1603 1519 1742 1571 ἀπε-

142 1610 369 1680 κρίνατο
422 1609 538 1681 (l9)
586 1609 821 1680 βεϐαιῶν
873 1608 935 1662 τὸ
986 1609 1272 1679 εἰρημένον
1301 1610 1392 1662 ὑπ’
1422 1608 1621 1674 αὐτῶν,
1664 1610 1740 1674 ὡς

141 1701 296 1755 οὐδὲν
350 1701 485 1757 ἄλλο
540 1701 577 1773 ἢ
631 1702 795 1755 τοῦτο
851 1699 1167 1772 δεδηλωκὼς
1220 1702 1278 1755 ἐν
1333 1700 1411 1772 τῷ
1471 1701 1699 1772 φάσκειν
1721 1717 1735 1731 ⁸

1848 508 1944 571 vit,
1980 505 2124 577 quod
2147 505 2484 576 impossibile
2525 505 2597 559 sit
2625 511 2828 558 aeterna
2859 518 2968 557 non
2991 504 3210 557 aeternis
3233 517 3414 556 annu-

1846 600 2044 654 merari
2069 617 2084 652 :
2107 599 2191 652 vel
2216 613 2335 668 quae
2357 613 2480 652 cum
2503 597 2703 651 deitate
2718 595 2855 649 nihil
2879 609 3171 650 commune
3191 594 3414 660 habent,

1845 705 1969 745 cum
2001 689 2201 749 deitate
2246 687 2510 744 ordinari.
2547 686 2832 754 Quomodo
2874 686 3041 756 igitur
3072 685 3127 738 in
3171 684 3419 755 genitore

1845 784 2062 853 genitus
2089 801 2102 837 :
2127 788 2220 836 aut
2247 796 2444 836 rursus
2466 780 2679 849 genitor
2710 778 2766 833 in
2815 777 3033 848 genito?
3061 791 3168 847 qua
3201 778 3419 832 ratione

1847 875 1935 928 hic
1962 876 2018 928 in
2061 874 2174 937 illo,
2200 873 2291 928 ille
2316 872 2372 926 in
2400 871 2540 927 isto?
2570 870 2711 938 Quia
2755 876 2808 926 et
2838 869 2927 924 hic
2967 869 3095 924 talis
3122 875 3207 923 est
3236 867 3415 938 qualis

1846 967 1956 1030 ille,
1974 975 2029 1021 et
2055 966 2145 1021 ille
2174 965 2353 1036 qualis
2377 964 2485 1018 hic.
2510 964 2688 1033 Atque
2714 962 2787 1016 ita
2816 960 2874 1016 ﬁt
2904 968 2962 1015 ut
2990 960 3099 1014 duo
3123 959 3214 1012 illa
3243 973 3416 1013 unum

1846 1059 1992 1125 sint;
2034 1073 2100 1113 eo
2129 1055 2275 1126 quod
2320 1071 2497 1126 neque
2537 1054 2813 1118 diﬁ‘erant,
2859 1068 3037 1123 neque
3068 1058 3412 1123 separentur,

1846 1165 2024 1221 neque
2052 1150 2155 1204 sub
2189 1149 2296 1202 alia
2319 1150 2523 1219 specie,
2546 1158 2640 1202 aut
2659 1146 2763 1202 sub
2794 1147 2900 1200 alia
2937 1146 3107 1217 ﬁgura
3136 1140 3308 1199 Filius
3329 1145 3417 1198 in:-

1846 1242 2120 1313 telligatur
2159 1259 2173 1295 :
2211 1240 2303 1295 sed
2342 1240 2485 1295 Deus
2517 1238 2608 1303 sit,
2652 1236 3109 1309 quemadmodum
3139 1244 3193 1291 et
3228 1232 3413 1290 Pater.

1845 1336 1979 1388 Cum
2014 1333 2157 1387 enim
2193 1331 2287 1386 illo
2324 1330 2541 1385 dicente
2583 1348 2597 1383 :
2637 1347 2656 1381 ι
2705 1328 2815 1400 Ego
2843 1335 2897 1381 et
2925 1323 3087 1382 Pater
3115 1341 3283 1381 unum
3327 1340 3416 1380 su-

1845 1441 1969 1481 mus
1996 1426 2064 1491 ",
2124 1443 2144 1477 ι
2190 1422 2609 1496 indignarentur
2652 1419 2854 1484 Judazi,
2881 1414 2987 1489 33
3019 1435 3083 1473 ac
3126 1417 3410 1473 dicerent:

1851 1534 1871 1568 ι
1895 1514 2034 1582 Quia
2060 1521 2120 1569 tu
2151 1513 2315 1568 homo
2344 1526 2468 1567 cum
2509 1510 2608 1574 sis,
2643 1508 2779 1564 facis
2815 1506 3046 1578 teipsum
3083 1506 3252 1563 Deum
3283 1505 3353 1572 ⁸⁸,
3388 1522 3407 1556 ›

1846 1605 2127 1677 respondit
2175 1600 2448 1667 Salvator,
2478 1600 2622 1674 quod
2664 1599 2742 1653 illi
2769 1597 3019 1654 dixerant
3056 1596 3412 1662 conﬁrmans,

1845 1698 2001 1768 quasi
2030 1696 2168 1751 nihil
2194 1695 2341 1757 aliud
2375 1694 2489 1763 ipse
2516 1689 3011 1755 declarasse't,dum
3042 1687 3179 1743 dixit
3205 1705 3219 1741 :
3253 1706 3272 1740 σ
3303 1686 3421 1757 Ego

147 1814 167 1845 ι
211 1792 355 1861 Ἐγὼ
387 1794 486 1849 καὶ
531 1795 563 1847 6
589 1795 783 1866 Πατὴρ
813 1794 872 1848 ἓν
916 1795 1106 1864 ἐσμεν,
1146 1812 1166 1846 ι
1191 1793 1253 1847 τὸ
1284 1788 1425 1848 εἶναι
1455 1794 1550 1849 καὶ
1577 1795 1739 1851 αὐτὸν

1846 1797 1899 1845 et
1924 1787 2087 1842 Pater
2118 1800 2283 1841 unum
2334 1797 2570 1849 sumus;
2610 1801 2629 1833 ι
2673 1795 2834 1853 quam
2877 1795 2936 1835 se
2975 1794 3194 1849 quoque
3243 1776 3415 1833 Deum

144 1885 279 1938 Θεὸν
303 1886 436 1938 Υίὸν
458 1885 595 1939 ὄντα
619 1885 757 1939 Θεοῦ
777 1902 791 1916 ⁸
829 1903 849 1937 ι
882 1886 947 1938 Εἰ
971 1885 1211 1948 ἐκείνους
1243 1884 1398 1949 θεοὺς
1427 1881 1569 1952 εἷπε,
1608 1887 1746 1959 πρὸς

144 1976 240 2040 οὓς
266 1978 296 2029 6
321 1977 503 2045 Λόγος
531 1976 626 2030 τοῦ
656 1976 794 2030 Θεοῦ
839 1977 1076 2047 ἐγένετο,
1110 1979 1206 2032 καὶ
1233 1978 1292 2031 οὐ
1325 1976 1547 2032 δύναται
1588 1979 1747 2052 λυθῆ-

144 2085 235 2120 ναι
253 2070 287 2139 ἡ
316 2068 517 2140 Γραφή
535 2085 551 2097 ’
581 2068 642 2122 ὃν
672 2069 702 2121 6
726 2069 919 2140 Πατὴρ
946 2069 1161 2141 ήγίασε,
1195 2070 1289 2123 καὶ
1320 2069 1638 2124 ἀπέστειλεν
1663 2072 1745 2135 είς

144 2162 237 2213 τὸν
266 2161 502 2231 κόσμον,
529 2160 691 2231 ὑμεῖς
719 2159 927 2229 λέγετε,
947 2161 1069 2213 Ὅτι
1090 2158 1445 2231 βλασφημεῖς·
1465 2161 1547 2214 ὅτι
1569 2156 1741 2225 εἷπον,

144 2253 226 2305 ὃτι
253 2252 389 2315 Υἱὸς
436 2251 579 2306 Θεοῦ
612 2254 765 2322 εἰμι;
796 2255 846 2306 εί
882 2254 943 2306 ού
968 2253 1106 2307 ποιῶ
1142 2253 1211 2307 τὰ
1242 2254 1380 2326 ἔργα
1401 2252 1497 2306 τοῦ
1531 2254 1746 2326 Πατρός

149 2360 271 2414 μου,
305 2343 385 2414 μὴ
423 2342 720 2397 πιστεύετέ
753 2359 876 2414 μοι’
900 2345 949 2396 εἰ
988 2344 1044 2397 δὲ
1073 2343 1231 2409 ποιῶ,
1267 2343 1369 2397 κᾶν
1397 2343 1522 2414 ἐμοὶ
1548 2344 1625 2415 μὴ
1663 2342 1781 2396 θέο*

145 2434 412 2506 λητεβο)
446 2434 755 2497 πιστεύειν,
804 2435 919 2497 τοῖς
968 2433 1149 2505 ἔργοις
1199 2431 1514 2487 πιστεύετεο
1556 2433 1623 2486 ἵν’
1675 2432 1746 2485 εί-

144 2527 291 2596 δῆτε,
324 2528 425 2582 καὶ
450 2526 788 2596 γινώσκητε,
816 2527 899 2579 ὅτι
930 2527 1041 2595 ἐγὼ
1065 2528 1123 2580 ὲν
1147 2525 1223 2597 τῷ
1245 2514 1440 2599 Πατρὶ,
1473 2525 1567 2579 καὶ
1589 2526 1617 2578 ὀ
1638 2526 1746 2578 Πα-

144 2619 247 2691 τηρ
268 2621 331 2672 ἐν
375 2619 528 2690 ἐμοί.
565 2636 586 2670 ι
625 2617 838 2672 οὐκοῦν
877 2618 936 2670 ὲν
976 2617 1055 2688 τῷ
1093 2618 1270 2688 Πατρὶ
1304 2617 1397 2670 τὸν
1429 2617 1556 2670 Υἰὸν
1582 2612 1741 2684 εἶναι,

146 2712 241 2765 καὶ
286 2710 386 2765 τὸν
410 2710 644 2783 Πατέρα
689 2713 750 2764 ὲν
788 2709 868 2782 τῷ
914 2709 1047 2780 Υἱῷ,
1081 2709 1239 2763 τοῦτό
1295 2711 1411 2763 εστι
1456 2709 1550 2764 καὶ
1592 2708 1744 2762 οὐδὲν

146 2803 353 2872 ἕτερον,
390 2801 487 2855 τὸν
514 2800 648 2856 Υἱὸν
678 2796 819 2857 εἶναι
846 2799 983 2854 Θεοῦ
1014 2800 1126 2872 (21)
1157 2802 1249 2854 τὸν
1286 2803 1350 2855 ὲκ
1378 2799 1470 2855 τοῦ
1500 2799 1636 2854 Θεοῦ
1661 2816 1746 2870 γε-

146 2894 509 2967 γεννημένον,
554 2893 691 2946 Θεὸν
719 2894 851 2947 ὄντα
896 2892 1039 2948 κατὰ
1071 2893 1171 2965 τὴν
1208 2892 1390 2963 φύσιν,
1426 2893 1563 2965 ὅπερ
1589 2894 1619 2946 6
1640 2892 1746 2945 Πα-

145 2988 268 3058 τὴρ,
301 2986 404 3040 καὶ
445 2985 743 3039 δεικνύντα
770 2984 832 3037 τὺ
880 2984 1133 3056 πατρῷον
1160 2979 1297 3047 εἶδος
1334 2985 1393 3037 ὲν
1419 2982 1619 3054 ἐαυτῷ,
1649 2982 1746 3037 καὶ

146 3078 504 3149 δεικνύμενον
535 3079 633 3132 ἐπὶ
657 3078 758 3148 τῆς
784 3077 1057 3147 πατρικῆς
1083 3077 1450 3140 ὑποστάσεως.

212 3173 266 3227 8.
294 3166 398 3235 Εἷς
429 3164 551 3236 οὖν,
579 3170 679 3224 καὶ
718 3163 820 3233 εἷς,
851 3170 946 3221 καὶ
976 3170 1010 3239 ἡ
1051 3168 1184 3232 δυὰς
1216 3168 1277 3221 οὐ

146 3260 327 3331 φύσει,
364 3260 631 3331 ἀνενδεὴς
655 3254 790 3313 οὖσα
807 3262 873 3330 τῇ
904 3258 1221 3330 τελειότητι,
1242 3259 1363 3313 ὅλον
1404 3258 1503 3331 μὲν
1528 3257 1589 3312 τὺ
1612 3257 1746 3329 πλή-

148 3370 311 3425 ρωμα
353 3354 457 3423 τῆς
490 3352 750 3422 θεότητος
781 3353 809 3404 6
832 3351 1045 3423 Πατὴρ,
1076 3350 1151 3414 ὡς
1186 3349 1396 3422 Πατὴρ,
1429 3350 1548 3403 ὅλον
1595 3348 1654 3402 δὲ
1682 3349 1745 3403 τὸ

148 3446 427 3517 πλήρωμα
457 3444 563 3515 τῆς
583 3443 837 3512 θεότητος
864 3444 894 3497 6
926 3443 1074 3505 Υἱὸς,
1107 3441 1183 3505 ὡς
1212 3443 1359 3506 Υἱός.
1378 3443 1595 3515 Ἐπειδὴ
1629 3441 1743 3514 (22)

143 3536 211 3589 δι’
237 3536 583 3608 ἀμφοτέρων
622 3534 684 3587 ἓν
711 3530 849 3598 εἶδος
886 3537 1109 3599 νοεῖται,
1140 3532 1448 3605 ὁλοκλήρως
1478 3535 1536 3588 ὲν
1568 3535 1747 3605 ἀμφο-

148 3623 329 3696 τέροις
380 3622 762 3692 δεικνύμενον.
813 3620 1021 3692 Μηδεὶς
1064 3619 1332 3691 ἀρνείσθω
1362 3619 1463 3691 τὴν
1494 3635 1744 3691 φανερω-

150 3715 335 3768 θεῖσαν
367 3716 427 3767 ὲν
448 3712 534 3784 τῷ
560 3714 752 3785 κόσμῳ
780 3711 925 3785 ζωήν
944 3730 958 3744 ·
986 3713 1176 3776 ("Ii-zz;
1200 3706 1292 3784 ἦν,
1330 3730 1350 3764 ι
1387 3711 1539 3782 φησι,
1563 3727 1581 3761 ι
1606 3709 1743 3781 πρὸς

148 3808 240 3862 τὸν
264 3809 517 3880 Πατέρα,
549 3807 645 3860 καὶ
670 3804 989 3878 ἐφανερώθη
1011 3806 1162 3875 ἡμῖν.
1189 3822 1208 3855 ι
1244 3802 1354 3857 Καὶ⁸
1379 3802 1487 3874 πρὸ
1516 3800 1617 3872 τῆς
1641 3817 1745 3871 φα-

149 3899 443 3972 νερώσεως
480 3898 643 3953 τοῦτο
682 3897 860 3964 ἔδοξεν
904 3893 1065 3961 εἶναι,
1120 3894 1284 3967 ἡνίκα
1334 3893 1740 3965 πεφανέρωται.

150 3994 488 4063 Γεγὲννηται
519 3991 632 4061 γάρ
666 3990 872 4055 ἀϊδίως,
908 3991 1003 4044 καὶ
1032 3991 1266 4062 ὑπάρχει
1299 3988 1439 4059 μετὰ
1478 3988 1572 4040 τοῦ
1611 3987 1742 4040 ἰδίου

152 4083 388 4156 Πατρός.
421 4080 633 4152 Μηδεὶς
660 4079 990 4153 ἀρνούμενος
1020 4078 1088 4132 τά
1119 4079 1245 4149 τρία
1276 4077 1376 4149 τὴν
1412 4076 1615 4148 μονάδα
1655 4076 1745 4129 εὑ-

156 4182 367 4253 ρίσκειν
414 4176 722 4249 νομιζέτωο
762 4175 962 4230 ἀλλ’ὲν
1007 4177 1075 4246 τῇ
1105 4171 1294 4244 Τριάδι
1336 4171 1526 4225 νοείτω
1557 4168 1621 4223 τὸ
1662 4168 1741 4235 ἒν,

154 4271 290 4340 ἔχων
317 4271 384 4324 τὸ
419 4269 725 4338 κεφάλαιον
755 4266 858 4336 τῆς
906 4264 1140 4329 πίστεως
1174 4266 1233 4318 ὲν
1261 4262 1340 4334 τῷ
1385 4260 1741 4333 βαπτίσματι,

152 4363 249 4417 καὶ
274 4364 337 4415 ὲν
382 4361 501 4430 (23)
541 4360 664 4422 ταῖς
696 4358 875 4429 τρισὶν
903 4356 1088 4425 ἁγίαις
1115 4356 1399 4426 σφραγῖσι,
1432 4352 1501 4405 δι’
1540 4345 1616 4404 ὧν
1664 4352 1744 4414 εἰς

154 4453 432 4526 σωτηρίαν
462 4450 924 4521 ἀναγεγὲννηται,
968 4445 1313 4518 μεμνημένος
1356 4440 1450 4495 τοῦ
1490 4439 1742 4494 Ἀποστό-

148 4547 240 4601 λου
286 4525 582 4614 λέγοντος·
619 4561 639 4594 ι
679 4536 772 4605 Εἷς
802 4539 933 4603 Θεὸς
958 4538 986 4590 6
1024 4537 1234 4608 Πατὴρ,
1265 4534 1327 4600 ἐξ
1351 4525 1413 4587 οὗ
1451 4532 1519 4587 τὰ
1545 4531 1746 4596 πάντα,

146 4640 243 4693 καὶ
278 4633 366 4701 εἷς
394 4637 607 4707 Κύριος
650 4632 856 4704 Ἰησοῦς
883 4629 1138 4702 Χριστὸς,
1171 4628 1238 4681 δι’
1259 4621 1321 4682 οὗ
1367 4624 1439 4680 τὰ
1472 4624 1677 4679 πάντα’
1716 4642 1735 4677 ι

151 4730 516 4801 μεμνημένος
548 4725 641 4780 τοῦ
664 4725 909 4795 λέγοντος
938 4721 1177 4793 Πατρός’
1203 4739 1221 4771 ι
1244 4719 1341 4772 Ἐκ
1371 4716 1609 4789 γαστρὸς
1636 4714 1744 4786 πρὸ

148 4823 437 4892 ἑωσφόρον
478 4818 751 4888 ἐγέννησα
779 4833 860 4880 σε,
890 4834 909 4867 ›
938 4813 1034 4867 τοῦ
1064 4830 1122 4867 τε
1154 4810 1284 4865 Υἱοῦ
1318 4807 1742 4882 μαρτυροῦντος,

150 4915 233 4968 ὃτι
283 4911 357 4986 ἦν
389 4913 505 4985 πρὸ
536 4910 632 4964 τοῦ
674 4909 880 4980 κόσμου
923 4905 1076 4978 παρᾶ
1108 4904 1186 4974 τῷ
1219 4902 1418 4974 Πατρὶ,
1456 4900 1555 4973 τὴν
1588 4898 1744 4963 δόξαν

153 5004 291 5076 ἒχων
316 5003 420 5076 τὴν
459 5003 563 5073 τῆς
601 5000 853 5069 θεότητος
874 5014 889 5027 ο
923 5014 943 5047 ι
972 4993 1204 5059 Δόξασόν
1245 5010 1312 5073 με
1345 4991 1476 5064 γὰρ,
1509 5009 1529 5043 ι
1575 4988 1734 5061 φησὶ,

220 5163 268 5194 δ’
304 5160 473 5218 loan.
510 5175 584 5223 ι,
617 5156 707 5213 50.
782 5156 829 5189 ’⁵³
865 5153 996 5210 ibid.
1035 5151 1125 5208 '53.
1201 5149 1247 5184 ⁸⁵
1282 5147 1419 5206 ibid.
1454 5143 1644 5202 56-38.

223 5314 339 5387 (Π)
371 5311 694 5387 Goblerian.
728 5317 784 5365 et
810 5307 958 5387 fele.
989 5305 1262 5387 ῃάῖδίως.

251 5373 339 5455 18)
375 5383 701 5455 Goblerian.
732 5389 785 5435 et
810 5378 957 5455 Felc.
982 5373 1023 5443 ι,
1050 5378 1133 5455 τοι
1152 5377 1227 5449 μὴ
1251 5373 1389 5455 διαλ.

251 5394 339 5455 18)
375 5394 701 5440 Goblertan.
732 5394 785 5435 et
810 5394 957 5435 lete.
982 5394 1023 5443 1,
1050 5394 1112 5430 το
1152 5395 1227 5449 μη
1251 5394 1389 5428 οιαλ.

223 5394 753 5530 :19)‘Sic__Seg_u‘er.
782 5451 870 5530 _At
902 5449 962 5530 in
1006 5446 1168 5502 editis
1209 5447 1475 5530 omissum
1511 5438 1744 5530 άξεκρί-

158 5519 470 5591 νατο,’ἱιεω
492 5519 631 5576 illud
658 5522 716 5575 ὲν
740 5519 1267 5591 tripedaneam,un
1303 5524 1485 5591 tamen
1512 5526 1579 5565 ex
1608 5526 1744 5591 con—

157 5584 305 5652 texui
338 5610 468 5651 esse
503 5584 1228 5649 videnturfcommelinia'ni
1274 5584 1411 5641 nihil
1452 5589 1739 5652 annotant.

132 5690 135 5691 ί
170 5650 202 5737 ξ
226 5650 634 5737 (sorsque,
663 5660 883 5737 Gobter.
904 5665 973 5737 let
989 5655 1134 5712 Felc.
1147 5673 1204 5737 τι,
1221 5655 1423 5737 θέλετε.
1441 5650 1623 5737 ,Εάλιιε
1641 5650 1740 5737 ρέ-

168 5720 480 5805 ﬁala;
505 5720 649 5799 haec,
678 5731 778 5811 καὶ
795 5726 1121 5799 γινώωοητε,
1147 5720 1415 5785 habentur
1439 5724 1498 5778 in
1520 5720 1740 5779 Gobler.

1734 5143 1781 5177 ⁸⁰
1820 5140 1840 5195 1
1870 5137 2031 5195 Joan.
2068 5153 2123 5203 ι,
2153 5134 2208 5190 2.

1845 1894 1989 1945 esse,
2018 1894 2144 1934 cum
2186 1872 2359 1932 Filius
2384 1872 2478 1931 Dei
2519 1874 2592 1930 sit
2628 1892 2641 1930 :
2681 1892 2700 1926 ι
2742 1870 2799 1927 Si
2827 1873 2951 1929 illos
2979 1871 3120 1926 dixit
3142 1870 3298 1933 deos,
3343 1870 3410 1924 ad

1844 1987 1984 2043 quos
2003 1986 2184 2028 sermo
2204 1966 2299 2023 Dei
2330 1968 2507 2023 factus
2534 1974 2639 2029 est,
2671 1972 2724 2021 et
2748 1981 2855 2020 non
2888 1969 3069 2035 potest
3095 1962 3233 2017 solvi
3269 1960 3417 2017 Scri-

1844 2072 2046 2135 ptura:
2087 2076 2250 2133 quem
2277 2054 2438 2114 Pater
2475 2057 2860 2120 sanctiiieavit,
2885 2062 2939 2111 et
2971 2053 3123 2109 misit
3157 2052 3213 2108 in
3256 2068 3418 2107 mun-

1844 2156 1995 2221 dum,
2017 2169 2115 2210 vos
2145 2152 2353 2217 dicitis,
2404 2150 2534 2221 quia
2578 2148 2923 2219 blasphemas
2957 2166 2969 2201 :
3000 2144 3128 2215 quia
3160 2143 3299 2209 dixi,
3332 2139 3417 2196 Fi-

1845 2242 1952 2299 lius
1975 2240 2070 2298 Dei
2101 2240 2260 2295 sum?
2282 2239 2339 2293 Si
2375 2254 2485 2294 non
2516 2237 2658 2293 facio
2692 2251 2856 2306 opera
2877 2233 3061 2289 Patris
3082 2232 3211 2299 mei,
3245 2232 3419 2287 nolite

1844 2336 2068 2391 credere
2105 2332 2238 2388 mihi
2266 2349 2280 2386 :
2315 2331 2363 2386 si
2407 2338 2586 2385 autem
2625 2328 2788 2392 facio,
2815 2333 2870 2382 et
2896 2325 2942 2380 si
2967 2324 3100 2379 mihi
3127 2322 3416 2378 nolueritis

1844 2427 2090 2491 credere,
2123 2423 2384 2497 operibus
2419 2422 2663 2478 credite:
2689 2427 2750 2475 ut
2788 2418 2998 2485 sciatis,
3031 2422 3087 2472 et
3116 2427 3418 2486 cognosca-

1844 2519 1937 2584 tis,
1973 2518 2099 2590 quia
2140 2533 2241 2588 ego
2270 2516 2327 2571 in
2352 2512 2536 2577 Patre,
2563 2520 2618 2567 et
2642 2508 2803 2564 Pater
2832 2510 2886 2563 in
2906 2521 2993 2562 me
3022 2505 3091 2559 ⁸⁵.
3114 2524 3134 2558 ι
3165 2505 3335 2576 lgitur
3359 2502 3420 2558 in

1842 2610 2007 2667 Patre
2058 2608 2259 2667 Filium
2317 2622 2462 2672 esse,
2494 2612 2549 2659 et
2598 2602 2812 2657 Patrem
2839 2601 2893 2655 in
2923 2598 3083 2662 Filio,
3128 2597 3231 2651 hoc
3276 2593 3417 2650 nihil

1844 2703 1993 2759 aliud
2037 2710 2144 2769 est,
2185 2716 2348 2771 quam
2390 2714 2515 2752 eum
2553 2696 2646 2768 qui
2691 2710 2759 2750 ex
2797 2693 2908 2748 Deo
2954 2690 3170 2762 genitus
3199 2698 3284 2746 est
3319 2686 3418 2741 Dei

1845 2794 2049 2850 Filium
2082 2808 2206 2850 esse
2238 2811 2251 2845 :
2286 2806 2350 2846 ac
2391 2788 2560 2844 Deum
2605 2783 2906 2842 secundum
2936 2792 3212 2844 naturam,
3242 2785 3303 2833 ut
3330 2782 3418 2833 est

1844 2886 2031 2951 Pater,
2062 2893 2226 2956 atque
2258 2885 2311 2937 in
2343 2876 2526 2952 seipse
2560 2887 2846 2951 paternam
2879 2875 3110 2932 formam
3133 2871 3415 2935 exhibere,

1845 2980 2137 3051 ipsumque
2160 2983 2351 3031 mutuo
2374 2976 2429 3029 in
2463 2980 2693 3045 paterna
2718 2966 3023 3027 substantia
3049 2963 3319 3022 exhiberi.

1325 3124 1652 3240 μεμέρισται
1676 3169 1742 3240 τῇ

1918 3144 1973 3199 8.
2005 3139 2160 3197 Unus
2201 3139 2387 3212 igitur,
2428 3142 2484 3192 ct
2513 3150 2678 3200 unus,
2730 3139 2786 3190 et
2818 3130 3055 3188 dualitas
3084 3141 3195 3183 non
3238 3124 3418 3180 divisa

1846 3246 1931 3295 est
1960 3248 2153 3291 natura
2179 3250 2300 3291 sua.
2323 3247 2446 3288 cum
2469 3229 2619 3284 nullo
2643 3225 2881 3296 indigeat
2903 3222 2971 3278 ad
2999 3236 3155 3277 suam
3189 3218 3418 3289 integri-

1847 3338 2035 3384 tatem.
2087 3325 2353 3381 Universa
2389 3316 2608 3392 quidem
2652 3316 2932 3390 plenitudo
2982 3311 3287 3369 divinitatis
3332 3317 3420 3365 est

1844 3422 2028 3485 Pater,
2087 3424 2360 3490 quatenus
2407 3412 2587 3468 Pater.
2638 3405 2905 3465 Universa
2958 3407 3088 3461 item
3135 3394 3419 3475 plenitudo

1844 3511 2146 3570 divinitatis
2160 3517 2244 3565 est
2256 3504 2450 3571 Filius,
2466 3511 2736 3576 quatenus
2753 3500 2944 3555 Filius.
2964 3495 3419 3566 Quandoquidem

1844 3622 1943 3679 per
1975 3612 2269 3674 utrumque
2307 3614 2417 3653 una
2458 3597 2633 3653 forma
2672 3593 3014 3663 intelligitur,
3057 3604 3181 3660 qua:
3208 3589 3421 3656 integre

1845 3700 1902 3753 in
1955 3704 2189 3767 utroque
2225 3692 2534 3749 exhibetur.
2577 3687 2750 3743 Nemo
2778 3685 2947 3739 vitam
3001 3688 3159 3752 neget
3194 3693 3317 3749 quae
3360 3692 3420 3731 in

1844 3788 2050 3844 mundo
2082 3766 2335 3858 apparuit
2365 3799 2380 3835 :
2419 3799 2438 3833 ι
2470 3780 2602 3846 Quae
2627 3786 2765 3840 erat,
2803 3795 2823 3828 ι
2853 3772 3049 3843 inquit,
3086 3790 3105 3824 ι
3140 3769 3282 3842 apud
3315 3766 3420 3821 Pa-

1844 3892 2004 3945 trem,
2036 3890 2089 3936 et
2111 3875 2364 3950 apparuit
2387 3873 2547 3929 nobis
2576 3871 2644 3925 ⁸⁰.
2685 3890 2704 3923 ι
2737 3867 2912 3922 Etiam
2935 3875 3223 3935 antequam
3247 3875 3417 3931 appa-

1844 3973 1990 4023 reret
2031 3965 2086 4020 id
2114 3949 2295 4036 ipsum
2329 3962 2448 4018 visa
2486 3966 2571 4016 est
2611 3973 2753 4023 esse,
2785 3955 2930 4028 quod
2975 3969 3099 4009 cum
3142 3949 3415 4021 apparuit.

1843 4057 1979 4113 Nam
2022 4057 2091 4111 ab
2132 4061 2339 4110 aeterno
2374 4051 2593 4123 genitus
2620 4056 2725 4111 est,
2757 4056 2811 4103 et
2841 4062 2968 4101 cum
3004 4043 3228 4114 proprio
3254 4040 3421 4095 Patre

1843 4149 2081 4206 exsistit.
2116 4146 2286 4202 Nemo
2309 4146 2414 4199 tria
2446 4158 2570 4199 esse
2609 4155 2839 4211 negans,
2866 4138 3130 4193 unitatem
3166 4148 3227 4190 se
3266 4134 3422 4187 inve-

1845 4241 1964 4295 nire
1992 4253 2154 4309 posse
2184 4234 2461 4292 existimet
2492 4251 2506 4285 :
2533 4230 2630 4288 sed
2664 4232 2718 4284 in
2760 4227 3029 4282 Trinitate
3060 4237 3231 4278 unum
3269 4219 3423 4290 cogi-

1846 4341 1942 4398 tet,
1975 4346 2098 4387 cum
2126 4329 2250 4384 ﬁdei
2279 4339 2571 4387 summam,
2598 4330 2710 4376 tam
2752 4319 2811 4374 in
2851 4317 3172 4388 baptismate
3201 4312 3418 4374 habeat,

1846 4438 2009 4495 quam
2039 4422 2094 4476 in
2122 4420 2298 4475 tribus
2326 4414 2624 4489 signaculis
2656 4410 2881 4476 sanctis,
2920 4423 3016 4479 per
3042 4421 3163 4478 qua:
3192 4404 3250 4458 in
3273 4401 3421 4459 salu-

1777 4506 1822 4560 ι)
1852 4493 1957 4571 tem
2008 4517 2361 4584 regeneratus
2412 4516 2535 4574 est,
2576 4516 2787 4559 memor
2832 4498 3080 4570 Apostoli
3120 4493 3357 4550 dicentis
3402 4508 3420 4547 :

1853 4631 1872 4664 ι
1911 4609 2064 4666 Unus
2097 4605 2238 4663 Deus
2267 4603 2448 4670 Pater,
2477 4618 2544 4657 ex
2570 4614 2678 4671 quo
2709 4595 2891 4652 omnia
2924 4612 2938 4650 :
2974 4600 3027 4648 ct
3057 4606 3202 4648 unus
3236 4587 3422 4643 Domi-

1847 4719 1952 4759 nus
1981 4700 2142 4756 Jcsus
2172 4696 2450 4759 Christus,
2501 4707 2598 4764 per
2629 4704 2790 4761 quem
2828 4686 3011 4742 omnia
3042 4684 3110 4739 ⁸³.
3159 4701 3179 4734 ι
3212 4679 3422 4735 Memor

1847 4796 1919 4850 sit
1934 4806 2150 4864 quoque
2166 4788 2345 4843 Patris
2364 4784 2596 4840 dicentis
2617 4800 2632 4837 :
2660 4798 2680 4833 ‹
2704 4780 2783 4834 Ex
2806 4786 2962 4834 utero
2978 4782 3104 4831 ante
3131 4772 3421 4830 luciferum

1846 4861 2009 4960 genui
2059 4861 2112 4940 te
2151 4883 2239 4934 "z
2275 4899 2295 4932 ι
2344 4879 2471 4932 item
2513 4875 2640 4929 Filii
2684 4872 2780 4944 qui
2823 4877 3057 4926 testatur
3121 4882 3181 4921 se
3251 4861 3426 4918 fuisse

1845 4951 1971 5037 ante
2007 4977 2271 5035 mundum
2301 4968 2445 5042 apud
2469 4967 2709 5030 Patrem,
2748 4963 3088 5035 gloriamque
3118 4951 3427 5012 divinitatis

2319 5134 2364 5166 "
2405 5131 2426 5187 ι
2458 5129 2586 5188 Cor.
2620 5144 2754 5191 vm,
2788 5124 2844 5180 6.
2945 5123 2990 5155 ⁸⁸
3028 5116 3174 5176 Psal.
3206 5131 3297 5173 cxx
3322 5156 3339 5183 ,
3371 5115 3426 5171 5.

1848 5294 1998 5351 Felc.
2030 5309 2070 5358 ι,
2099 5290 2350 5362 Seguer.,
2383 5288 2479 5344 sed
2502 5285 2702 5341 desunt
2739 5282 2796 5336 in
2819 5277 2982 5334 editis
3021 5282 3074 5331 et
3102 5276 3160 5329 in
3190 5271 3424 5344 quibus.

1847 5368 1970 5421 dam
1995 5361 2408 5430 manuscriptis.
2516 5426 2526 5430 _
2594 5419 2618 5430 _
2746 5422 2779 5430 _
2848 5417 2874 5429 η

1919 5435 2033 5505 (21)
2066 5419 2542 5505 Seguerianus,_':6
2568 5419 2899 5505 εἷναι-Θεοῦ.

1919 5435 2005 5505 (21
2066 5435 2455 5503 Seguerianus,
2480 5435 2542 5479 τὸ
2568 5435 2705 5477 ειναι
2741 5435 2899 5474 υεου.

1918 5435 2033 5576 (εεῖ
2060 5504 2153 5576 Sic
2176 5500 2426 5576 Pam--6"
2452 5498 2673 5576 seem-
2707 5490 2878 5576 editi:
2896 5484 3082 5576 eis};

1917 5551 2160 5647 ἰξειῖίῖεῇ
2176 5551 2409 5647 aegris
2437 5551 2620 5647 editis,
2651 5562 2746 5620 sed
2780 5551 3419 5647 habetiirinAl-f‘asilli‘ensi‘.

1846 5624 2238 5710 dev'BasiL:
2254 5624 2661 5710 Seguerianus},
2685 5627 3029 5710 μεμνημένος
3058 5624 3152 5680 τοῦ
3182 5624 3414 5696 κήρυκος

1840 5697 2223 5787 ,τῆςίάληθείαξ
2254 5697 2576 5764 ’Δτῖοστόλου
2607 5697 2860 5774 λέγοντος
2875 5697 3039 5769 ἡμῖν.
