3890 6186
475 362 576 419 ιιι

1641 338 1697 392 S.
1740 328 2198 389 ATHANASI'US.
2226 359 2296 371 —
2313 323 2542 385 DUBIA.

3619 311 3726 367 HI

477 477 735 536 habuisse
765 492 779 528 :
816 486 963 533 nam,
1011 485 1029 518 ι
1062 462 1313 521 Gloriﬁca
1366 474 1472 526 me,
1508 477 1524 509 ι
1562 453 1758 524 inquit,
1811 468 1831 502 ι
1867 449 2052 512 Pater,

2217 446 2420 516 Πάτερ,
2448 427 2839 512 παρασεαυτῷ
2863 435 2927 505 τῇ
2953 424 3137 506 δόξῃ
3180 425 3346 502 εῐχον,
3379 427 3486 500 πρὸ
3514 423 3607 480 τοῦ
3633 426 3728 479 τὸν

480 568 624 644 apud
640 564 1008 635 temetipsum,
1028 555 1197 630 gloria
1214 568 1374 625 quam
1389 549 1578 614 habui,
1599 554 1886 615 antequam
1903 557 2055 596 mun-

481 642 586 725 dus
619 669 786 728 esset,
816 657 957 731 apud
986 663 1038 710 te
1065 653 1130 708 ⁸³.
1159 671 1178 704 ι
1213 649 1453 705 Gloriam
1479 642 1698 717 quidem
1721 655 1839 710 quae
1857 651 2054 693 secun-

481 761 611 816 dum
660 743 938 811 hominem
980 755 1064 804 est
1094 743 1358 816 postulat,
1393 753 1512 794 eam
1557 731 1688 790 vero
1718 746 1839 802 qua:
1863 742 2058 784 secun-

481 849 611 904 dum
643 845 812 900 Deum
845 849 948 905 est,
974 844 1098 892 ante
1125 832 1311 890 mundi
1343 828 1673 885 creationem
1711 838 1768 878 Se
1791 819 2053 876 habuisse

481 947 733 994 testatur.
759 931 959 987 Habuit
983 935 1160 983 autem
1179 923 1403 996 gloriam
1423 933 1546 974 cum
1572 920 1717 972 esset
1746 920 1800 968 et
1822 910 2053 967 exsiste-

485 1220 593 1276 est,
625 1207 718 1282 qui
769 1222 878 1262 non
913 1204 984 1261 sit
1010 1204 1244 1275 genitus.
1284 1196 1390 1253 Sed
1429 1195 1475 1251 si
1510 1192 1723 1265 genitus
1745 1196 1851 1252 est,
1881 1186 2058 1250 aiunt,

487 1274 960 1372 extra—genitorem
978 1274 1214 1356 eisistit,
1243 1297 1296 1344 et
1321 1287 1387 1342 ab
1416 1300 1481 1340 eo
1504 1283 1715 1340 divisus
1741 1285 1827 1334 est
1862 1295 1876 1330 :
1908 1274 2060 1346 atqui

487 1365 702 1465 Oportet
737 1387 1028 1444 indivisum
1061 1399 1090 1436 a
1116 1381 1226 1436 Deo
1254 1392 1377 1436 esse
1407 1374 1646 1430 Verbum
1676 1368 1821 1441 quod
1851 1369 1906 1421 in
1950 1365 2061 1420 Deo

489 1459 727 1547 eisistit,
755 1488 811 1537 et
845 1488 1000 1536 extra
1039 1474 1208 1530 Deum
1245 1487 1353 1527 non
1384 1474 1627 1540 apparet.
1674 1462 1795 1530 Quo
1819 1459 1965 1517 enim
2005 1459 2062 1512 in

2156 536 2357 606 κόσμον
2391 529 2550 594 εἶναι,
2600 527 2750 601 παρὰ
2779 526 2892 579 σοί·
2922 544 2942 578 ι
3001 525 3100 594 τὴν
3137 523 3235 594 μὲν
3268 520 3409 574 κατὰ
3441 517 3729 588 ἄνθρωπον

2153 629 2313 696 δόξαν
2346 625 2532 688 αίτῶν,
2583 623 2680 694 τὴν
2707 623 2765 675 δὲ
2817 618 2961 673 κατὰ
2988 617 3121 670 Θεὸν
3170 616 3308 686 ἔχων
3342 612 3453 684 (24)
3487 612 3594 682 πρὸ
3629 609 3728 664 τοῦ

2154 721 2365 792 κόσμου
2401 715 2711 790 μαρτυρῶν.
2752 709 2879 783 Εἶχε
2917 712 2976 766 δὲ
3015 709 3114 780 τὴν
3143 708 3296 773 δόξαν
3334 707 3410 759 ὢν
3439 705 3533 758 καὶ
3562 703 3734 773 ὑπάρ-

2153 831 2299 886 χων’
2347 813 2468 865 οὑδὲ
2501 809 2610 880 γὰρ
2641 810 2694 863 6.
2718 807 2794 879 μὴ
2825 805 2912 882 ὢν
2946 803 3277 867 δεδόξασται.
3323 801 3387 853 Εἰ
3419 799 3477 852 δὲ
3518 793 3606 868 ἧν,
3637 797 3736 849 καὶ

2157 903 2484 976 γεγέννητο·
2542 903 2604 954 οὑ
2654 901 2764 969 γάρ
2823 900 2969 951 ἐστιν
3016 896 3128 959 υἱὸς
3177 895 3251 966 μὴ
3303 890 3732 960 γεγεννημένος·

2018 998 2057 1054 ἰ.
2159 999 2272 1052 ἀλλ’
2303 999 2350 1051 εί
2380 995 2722 1066 γεγέννηται,
2753 993 2938 1063 φησὶν,
2978 989 3134 1052 ἐκτός
3161 988 3279 1041 ἐστι
3323 984 3415 1039 τοῦ
3442 983 3740 1052 γεννήσαν-

2157 1107 2271 1157 τος,
2325 1089 2417 1143 καὶ
2464 1088 2748 1159 διῄρηται·
2809 1083 3110 1154 ἀδιαίρετον
3155 1081 3212 1133 δὲ
3249 1076 3355 1149 χρὴ
3395 1071 3534 1128 εἶναι
3565 1072 3741 1139 Λόγον

2159 1182 2289 1236 ὅντα
2317 1183 2374 1234 ὲν
2409 1179 2547 1251 Θεῷ,
2580 1178 2672 1233 καὶ
2704 1178 2778 1249 μὴ
2819 1177 3142 1245 φαινόμενον
3167 1172 3272 1238 ἔξω
3323 1169 3416 1222 τοῦ
3446 1165 3597 1221 Θεοῦ.
3623 1162 3760 1232 Ποῦ,

2161 1273 2270 1347 γὰρ
2301 1271 2365 1326 ἂν
2396 1271 2488 1325 καὶ
2516 1270 2708 1340 φανείη
2740 1267 2915 1330 ἐκτός,
2951 1266 3131 1319 πάντα
3161 1261 3255 1316 τοῦ
3281 1259 3413 1315 Θεοῦ
3444 1257 3741 1327 πεπληρω-

2166 1346 2340 1427 κότος,
2365 1360 2504 1415 κατὰ
2537 1361 2598 1412 τὸ
2624 1357 3004 1429 γεγραμμένον
3025 1371 3039 1384 ·
3091 1373 3107 1406 ι
3145 1353 3248 1406 Τὸν
3269 1349 3492 1422 οὐρανὸν
3522 1347 3615 1401 καὶ
3639 1346 3744 1416 τὴν

2169 1457 2270 1528 γῆν
2297 1455 2406 1525 ἐγὼ
2436 1455 2647 1526 πληρῶ,
2670 1453 2819 1522 λέγει
2852 1451 3089 1523 Κύριος;
3128 1468 3148 1502 ³

489 1583 612 1636 loco
649 1586 804 1635 extra
832 1590 956 1632 eum
986 1567 1323 1642 apparuerit,
1372 1537 1500 1621 cum
1533 1561 1677 1618 Deus
1723 1557 1908 1614 omnia
1957 1553 2197 1624 impleat,
2229 1561 2288 1607 ut
2327 1552 2591 1622 scriptum
2635 1557 2720 1606 est
2761 1568 2774 1604 :
2817 1568 2835 1599 ε
2881 1547 3092 1603 Caelum
3145 1553 3200 1601 et
3245 1551 3446 1598 terram
3499 1554 3602 1611 ego
3634 1537 3744 1592 im-

492 1677 641 1748 pleo,
675 1672 809 1729 dicit
848 1669 1110 1724 Dominus
1138 1664 1225 1718 “1'
1264 1683 1283 1716 ι

562 1727 994 1838 9.’ῐΙυ]υεηιο(1ἰ
1051 1756 1396 1820 commentis,
1457 1750 1581 1807 Filii
1636 1744 2062 1821 generationem,

2235 1735 2290 1790 9.
2323 1732 2610 1796 Τοιαὺταις
2642 1730 2964 1802 φαντασίαις
3007 1729 3254 1800 ἀναιρεῖν
3279 1727 3613 1801 ἐπιχειροῦσι
3642 1729 3749 1800 τὴν

494 1835 860 1929 aeternamque
906 1853 1027 1924 ejus
1074 1867 1104 1906 a
1151 1848 1313 1903 Patre
1355 1841 1787 1916 processionem,
1839 1835 2069 1905 ejusque

495 1970 618 2012 cum
643 1951 803 2006 Patre
833 1943 1208 2004 exsistentiam
1238 1938 1304 1994 de
1332 1935 1510 1992 medio
1533 1933 1721 1988 tollere
1751 1933 2022 1984 conantur
2051 1936 2066 1975 :

498 2047 648 2102 illam
679 2054 899 2114 quoque
941 2031 1269 2092 sententiam
1296 2033 1540 2083 evertere
1569 2025 1844 2090 satagunt,
1877 2027 2072 2082 nempe

496 2103 714 2190 Patrem
749 2103 986 2201 perfecte
1014 2117 1312 2180 secundum
1344 2129 1403 2171 se
1430 2112 1748 2173 subsistere,
1777 2121 1840 2161 ac
1873 2103 2069 2158 Filium

496 2239 716 2298 quoque
751 2196 1069 2277 secundum
1102 2227 1161 2269 se
1212 2206 1450 2282 perfecte
1495 2201 1816 2260 subsistere.
1850 2196 2074 2251 Discant

496 2293 684 2392 igitur,
721 2330 782 2370 se
813 2327 922 2368 non
952 2307 1272 2376 intelligere,
1311 2319 1330 2352 ι
1367 2312 1544 2369 neque
1588 2309 1710 2366 qua:
1744 2293 2066 2363 loquuntur,

499 2380 676 2480 deque
703 2407 772 2462 de
791 2403 990 2476 quibus
1011 2397 1280 2454 allirmant
1304 2393 1372 2457 ⁸⁸,
1406 2410 1425 2444 ι
1453 2390 1582 2445 dum
1615 2386 1781 2442 Deum
1825 2385 1944 2437 loco
1967 2380 2076 2436 cir—

499 2499 878 2559 cumscribunt
901 2511 914 2549 :
939 2491 1248 2559 Filiumque
1275 2499 1470 2540 rursus
1501 2480 1608 2534 alio
1643 2478 1696 2531 in
1733 2477 1855 2530 loco
1882 2471 2074 2543 imagi-

500 2593 724 2650 nantur,
753 2597 817 2638 ac
847 2579 1054 2636 divisos
1079 2577 1200 2630 illos
1231 2588 1373 2637 esse,
1400 2572 1564 2625 alium
1599 2567 1709 2631 hic,
1743 2565 1909 2619 alium
1939 2563 2072 2626 illic,

501 2679 812 2737 existimant
845 2693 860 2730 :
888 2669 1156 2742 siquidem
1185 2665 1385 2720 Filium
1433 2661 1576 2733 apud
1612 2675 1672 2714 se
1701 2665 1754 2713 et
1780 2667 1932 2713 extra
1971 2653 2076 2708 Pa-

501 2784 638 2830 trem
691 2769 933 2844 genitum
984 2764 1176 2829 fuisse,
1225 2769 1279 2816 et
1327 2756 1646 2828 apparuisse
1689 2753 2073 2806 conﬁteantur.

509 2879 527 2910 ι
569 2836 721 2926 Ωιιὶε⁷
745 2856 898 2910 locus
936 2847 1291 2921 requietionis
1322 2842 1493 2898 mea)?
1524 2859 1542 2892 ι
1581 2839 1654 2893 ait
1684 2836 1948 2892 Dominus
1982 2849 2077 2904 per

503 2925 831 3020 Prophetam
869 2943 934 2998 ⁸⁸.
999 2959 1018 2993 ι
1047 2939 1258 2996 Caelum
1297 2943 1353 2990 et
1385 2932 1583 2988 cmlum
1613 2930 1759 2993 coeli,
1791 2943 1897 2982 non
1934 2925 2080 2982 suiIi-

2167 1827 2420 1898 γέννησιν
2452 1825 2546 1878 τοῦ
2578 1823 2729 1889 Υἱοῦ,
2774 1823 2868 1877 καὶ
2895 1822 2993 1894 τὴν
3024 1822 3131 1875 ἀπὸ
3187 1820 3281 1875 τοῦ
3331 1821 3542 1891 Πατρὸς
3575 1821 3752 1876 ἀΐδιον

2169 1919 2414 1992 πρόοδον,
2455 1919 2548 1971 καὶ
2577 1917 2675 1986 τὴν
2714 1917 2850 1986 μετὰ
2882 1915 2976 1968 τοῦ
3013 1915 3228 1986 Πατρός
3269 1912 3518 1980 ὓπαρξιν,
3559 1916 3653 1968 καὶ
3684 1913 3754 1968 τδ

2169 2013 2389 2075 τελείως
2413 2009 2510 2081 μ’ὲν
2542 2009 2840 2079 ὑφεστάναι
2871 2009 3093 2079 Πατέρα
3125 2007 3247 2061 καθ’
3277 2009 3486 2070 ἑαυτὸν,
3521 2007 3751 2072 τελείως

2170 2104 2374 2158 καὶτὸν
2400 2101 2527 2156 Υίὺν
2556 2099 2677 2154 καθ’
2710 2100 2900 2154 ἑαυτὸν
2934 2099 3246 2168 ὑφεστάναι.
3276 2097 3610 2152 Μαθέτωσαν
3629 2093 3752 2160 οῦν,

2169 2197 2250 2250 ὅτι
2286 2193 2358 2267 μὴ
2389 2193 2587 2259 νοοῦσι,
2612 2211 2631 2244 ι
2663 2195 2797 2264 μήτε
2819 2191 2854 2246 ἃ
2880 2191 3118 2260 λέγουσι,
3157 2193 3291 2262 μήτε
3321 2191 3448 2262 περὶ
3471 2183 3544 2243 ὧν
3571 2188 3758 2244 διαόενο

2171 2287 2466 2353 δαιοῦνται,
2489 2306 2508 2338 ι
2565 2286 2713 2356 τόπῳ
2741 2284 2874 2338 Θεὸν
2903 2283 3351 2355 περιγράφοντες,
3377 2282 3470 2336 καὶ
3501 2282 3588 2334 τὸν
3621 2281 3758 2334 Υἱὲν

2173 2377 2238 2436 αὖ
2275 2380 2435 2434 πάλιν
2467 2381 2524 2433 ἐν
2572 2377 2742 2449 ἑτέρῳ
2786 2376 3179 2446 φανταζόμενοι
3231 2374 3399 2445 τόπῳ,
3450 2375 3543 2427 καὶ
3575 2389 3757 2443 μεμε-

2176 2471 2379 2544 ρίσθαι,
2408 2469 2498 2523 τδν
2533 2470 2629 2540 μὲν
2663 2468 2800 2530 ἐκεῖ,
2839 2466 2932 2520 τὸν
2976 2465 3031 2517 δὲ
3075 2463 3260 2517 ἐνθάδε
3293 2461 3622 2533 νομίζοντες,
3657 2461 3760 2513 ἐὰν

2173 2562 2565 2634 γεγεννημένος
2599 2560 2708 2631 (‘25)
2738 2559 2833 2612 καὶ
2858 2555 3112 2628 πεφηνὼς
3138 2554 3258 2608 καθ’
3293 2553 3479 2607 ἑαυτὸν
3513 2552 3622 2606 ἀπὸ
3656 2551 3760 2605 τοῦ

2174 2649 2387 2729 Πατρδς
2433 2656 2460 2708 6
2489 2655 2619 2718 Υἱὸς
2646 2653 2992 2725 ὁμολογῆται.
3058 2670 3075 2701 ι
3117 2650 3213 2712 Τίς
3244 2649 3407 2711 τόπος
3436 2647 3533 2717 τῆς
3584 2663 3762 2700 κατα-

2175 2747 2426 2812 παύσεώς
2457 2764 2592 2819 μους
2628 2765 2647 2798 ι
2673 2745 2835 2815 φησὶν
2857 2747 2885 2798 6
2909 2743 3040 2806 Θεὸς
3064 2741 3151 2796 διὰ
3181 2741 3276 2794 τοῦ
3310 2740 3605 2812 προφήτου.
3643 2758 3662 2790 ι
3699 2739 3763 2791 Ὀ

2176 2841 2400 2914 οὐρανὸς
2447 2841 2540 2894 καὶ
2591 2841 2619 2893 6
2657 2837 2882 2910 οὐρανὸς
2913 2835 3008 2890 τοῦ
3053 2834 3280 2907 οὑρανοῦ
3322 2834 3420 2886 οὑκ
3464 2829 3765 2903 ἀρκέσουσί

2179 2951 2283 2998 σοι,
2326 2953 2344 2985 ι
2378 2930 2626 3003 Σολομὼν
2652 2931 2800 2999 λέγει
2848 2930 2985 3001 πρὸς
3013 2929 3103 2982 τὸν
3145 2926 3309 2980 Θεόν·
3345 2925 3628 2997 τεκμηρίῳ
3661 2941 3766 2996 με-

507 3017 652 3096 cient
682 3039 802 3102 tibi,
844 3056 862 3090 ›
903 3035 979 3089 ait
1027 3033 1285 3087 Salomon
1329 3029 1395 3082 ad
1433 3025 1606 3081 Deum
1637 3024 1706 3078 ".
1738 3021 1933 3093 Magno
1975 3020 2079 3076 hoc

2187 3027 2351 3098 γίστῳ
2383 3026 2586 3079 πείθων
2637 3025 2761 3087 τοὺς
2799 3021 3119 3091 ἀνθρώπους
3170 3020 3199 3072 6
3242 3019 3397 3084 Θεὶπς,
3451 3020 3530 3072 ὅτι
3569 3017 3767 3088 μηδεὶς

507 3134 828 3200 argumento
868 3122 1118 3180 homines
1164 3119 1353 3174 edocet
1409 3115 1596 3170 Deus:
1632 3113 1844 3167 nullum
1894 3111 2078 3164 locum

2187 3118 2345 3174 αὑτοῦ
2371 3118 2533 3181 τόπος
2558 3115 2820 3178 δεκτικός.
2846 3134 2864 3167 ι
2887 3117 2949 3169 Ἦ
2962 3114 3069 3187 γὰρ
3084 3115 3203 3188 χείρ
3231 3131 3353 3184 μου,
3389 3132 3406 3164 ι
3434 3110 3599 3181 φησὶν
3617 3108 3764 3175 (26),

506 3194 598 3271 sua7
615 3227 868 3284 capacem
891 3224 1032 3266 esse.
1064 3226 1084 3259 ι
1113 3206 1305 3260 Manus
1330 3216 1470 3267 mea,
1501 3221 1518 3253 ι
1543 3199 1737 3270 inquit,
1761 3195 1870 3269 34
1900 3214 1918 3247 ‹
1953 3194 2083 3250 fecit

507 3308 624 3362 hac
650 3305 834 3360 omnia
859 3302 927 3358 ⁵⁸.
961 3321 980 3352 ι
1016 3299 1137 3353 Νοη
1182 3297 1347 3368 igitur
1388 3307 1552 3364 opera
1608 3289 1858 3362 opiﬁcem
1906 3287 2084 3342 couti-

507 3402 662 3460 neut,
701 3391 792 3465 qui
827 3399 880 3448 et
930 3399 1056 3445 ante
1104 3389 1196 3443 illa
1241 3393 1379 3452 erat,
1437 3384 1680 3456 ipsisque
1710 3380 2084 3436 exsistentiam

508 3488 736 3560 prabet,
763 3500 827 3541 ac
856 3485 974 3556 ipsa
1003 3482 1214 3554 cpiiicis
1237 3486 1503 3551 potestate
1552 3477 1644 3532 illa
1681 3474 1907 3531 stabilit.
1939 3471 2088 3539 Qua-

510 3588 732 3653 prOpter
770 3579 846 3634 ait
868 3576 1070 3631 Paulus
1104 3591 1118 3628 :
1158 3593 1178 3626 ι
1212 3573 1288 3627 Ex
1331 3585 1442 3642 quo
1480 3570 1683 3633 omnia,
1712 3576 1768 3622 et
1801 3581 1897 3637 per
1924 3579 2086 3636 quem

510 3674 718 3735 omnia,
749 3677 804 3726 et
830 3671 887 3725 in
917 3683 1024 3740 quo
1063 3667 1246 3722 omnia
1279 3663 1346 3730 ⁸⁸,
1383 3683 1402 3716 ι
1436 3671 1490 3718 et
1519 3675 1739 3717 rursum
1772 3677 1786 3714 -.
1821 3676 1840 3710 ι
1876 3657 1938 3713 1η
1969 3657 2088 3728 ipso

511 3768 657 3823 enim
689 3765 948 3828 vivimus,
985 3768 1038 3817 et
1065 3772 1368 3822 movemur,
1394 3763 1450 3812 et
1479 3769 1668 3811 sumus
1699 3752 1763 3808 '°.
1802 3770 1820 3804 ι

583 3859 671 3913 10.
711 3856 881 3911 Aufer
931 3867 1060 3924 ergo
1110 3850 1244 3906 mihi
1286 3848 1443 3915 illud,
1483 3847 1539 3900 in
1593 3847 1713 3900 loco
1741 3843 1909 3898 situm
1939 3855 2084 3903 esse,

513 3965 640 4007 cum
678 3948 746 4004 de
775 3947 906 4014 Deo,
941 3945 1010 4001 de
1030 3943 1230 4007 Verbo,
1269 3947 1325 3996 et
1357 3939 1425 3995 de
1473 3937 1684 4009 Spiritu
1719 3943 1910 3990 sancto
1940 3931 2092 4001 cogi-

511 4043 717 4100 taveris
753 4057 768 4092 :
807 4039 962 4094 aufer
993 4037 1198 4093 locales
1231 4031 1626 4105 separationes,
1653 4037 1707 4085 et
1747 4044 1818 4083 ne
1846 4027 2092 4096 suspice-

514 4137 595 4191 ris
634 4133 763 4190 alibi
784 4132 1000 4188 Patrem
1018 4145 1161 4192 esse,
1182 4128 1420 4196 alibique
1442 4123 1640 4178 Filium
1669 4121 1938 4186 emittere,
1962 4133 2087 4173 cum

517 4227 689 4299 gignit
714 4226 891 4281 illum.
918 4219 1245 4292 Hujusmodi
1271 4219 1414 4274 enim
1441 4215 1756 4276 mendaces,
1779 4212 1889 4267 imo
1909 4211 2092 4281 potius

517 4320 700 4390 impiae.
735 4315 1203 4376 ratiocinationes,
1237 4310 1334 4366 tibi
1383 4309 1530 4364 circa
1559 4305 1684 4360 Filii
1731 4303 2092 4360 substantiam

2190 3225 2211 3260 ι
2252 3207 2472 3277 ἐποίησε
2520 3206 2692 3258 ταῦτα
2741 3205 2936 3258 πάντα.
2993 3223 3011 3256 ι
3061 3203 3135 3257 υὺ
3176 3202 3354 3254 τοίνυν
3398 3197 3641 3269 περιέχει
3691 3193 3769 3248 τὰ

2185 3299 2464 3369 ποιήματα
2490 3296 2583 3349 τὸν
2612 3293 3035 3365 πεποιηκότα,δς
3057 3294 3152 3346 καὶ
3183 3292 3288 3363 πρὸ
3311 3289 3514 3342 τούτων
3544 3283 3630 3358 ἦν.
3667 3285 3770 3339 καὶ

2185 3388 2392 3452 τούτοις
2416 3387 2645 3458 παρέχει
2669 3385 2729 3438 τὸ
2751 3381 2910 3450 εἶναι,
2929 3385 3022 3438 καὶ
3048 3385 3183 3454 αὑτῇ
3216 3385 3280 3452 τῇ
3303 3381 3526 3449 δυνάμει
3545 3377 3637 3431 τοῦ
3662 3393 3773 3429 πε-

2186 3479 2474 3550 ποιηκότος
2520 3475 2953 3547 ἐπιστηρίζεται.
3021 3473 3112 3526 Διό
3166 3489 3298 3543 φησι
3358 3469 3567 3531 Παῦλος
3613 3466 3766 3536 (27)·

2194 3591 2214 3623 ι
2237 3572 2325 3638 Ἐξ
2347 3562 2408 3623 οῦ
2438 3569 2503 3623 τὰ
2527 3568 2724 3631 πάντα,
2761 3567 2856 3620 καὶ
2874 3566 2941 3618 δι’
2975 3558 3035 3619 οῦ
3060 3565 3128 3617 τὰ
3161 3565 3357 3626 πάντα,
3381 3562 3475 3614 καὶ
3503 3561 3579 3623 είς
3614 3558 3672 3610 ὃν
3694 3557 3775 3611 τὰ

2191 3666 2366 3718 πάντα
2387 3681 2400 3693 ·
2430 3682 2447 3713 ι
2491 3661 2584 3715 ml.
2621 3661 2780 3714 πάλιν
2799 3676 2812 3689 ·
2853 3679 2870 3710 ι
2896 3658 2984 3711 Ἑν
3017 3657 3166 3728 αὑτῷ
3195 3656 3303 3727 γὰρ
3330 3655 3531 3726 ζῶμεν,
3554 3654 3649 3708 καὶ
3677 3671 3774 3706 κι-

2188 3757 2448 3827 νούμεθα,
2485 3756 2578 3809 καὶ
2612 3754 2797 3825 ἐσμέν.
2829 3772 2847 3805 ι

2262 3848 2348 3902 10.
2384 3846 2573 3900 Ἀνελε
2614 3845 2675 3916 δή
2714 3861 2801 3916 μοι
2832 3843 2924 3897 τὸν
2962 3845 3019 3895 ὲν
3044 3843 3196 3913 τόπῳ
3232 3838 3645 3911 ὲστηριγμένον,
3678 3837 3781 3890 ὅτε

2191 3941 2372 4012 διανοῇ
2403 3957 2467 3993 πε
2476 3940 2528 4010 ρ).
2549 3937 2702 4000 Θεοῦ,
2727 3937 2820 3989 καὶ
2848 3934 2942 3988 τοῦ
2966 3935 3161 4004 Λόγου,
3179 3931 3274 3987 καὶ¹
3302 3931 3396 3985 τοῦ
3421 3929 3778 4000 Πνεὺμωηςο

2193 4033 2348 4088 ἄνελε
2382 4029 2638 4092 τοπικοὺς
2665 4028 2996 4099 χωρισμοὺς,
3037 4027 3131 4079 καὶ
3172 4025 3245 4096 μὴ
3282 4022 3514 4094 ἀλλαχοῦ
3541 4021 3632 4074 τὸν
3655 4021 3782 4074 Πα-

2193 4123 2326 4195 τέρα
2354 4122 2501 4184 ὄντα,
2546 4116 2778 4190 ἀλλαχοῦ
2825 4117 2936 4188 (28)
2970 4117 3028 4169 δὲ
3073 4116 3164 4170 τὸν
3191 4116 3321 4170 Υἱδν
3355 4114 3661 4183 ἐκπέμπειν
3708 4113 3786 4166 ὲκ

2193 4214 2288 4267 τοῦ
2318 4215 2510 4284 γεννᾷν
2543 4210 2906 4285 ὑποπτεύσῃς.
2931 4205 3087 4264 Οὗτοι
3114 4208 3221 4280 γὰρ
3243 4210 3290 4262 oi
3311 4207 3547 4279 ψευδεῖς,
3575 4205 3786 4276 μᾶλλον

2195 4305 2251 4358 δὲ
2287 4306 2378 4359 καὶ
2407 4305 2554 4359 ἄθεοι
2580 4303 2851 4374 λογισμοὶ,
2879 4302 3008 4373 περὶ
3037 4302 3134 4372 τὴν
3165 4301 3399 4372 ὓπαρξιν
3426 4298 3518 4352 τοῦ
3553 4297 3685 4350 Υἰοῦ
3717 4315 3789 4350 σε

519 4409 850 4467 oﬂ‘endiculo
885 4412 1034 4464 sunt.
1077 4403 1198 4459 Una
1242 4417 1365 4457 cum
1398 4399 1537 4454 Filio
1585 4405 1788 4458 autem,
1828 4393 2079 4464 Spiritum

2199 4396 2628 4461 σκανδαλίζουσι.
2673 4395 3068 4466 Συνεξήρνηται
3102 4393 3158 4447 δέ
3201 4411 3282 4447 σοι
3342 4391 3480 4463 μετὰ
3512 4390 3608 4443 τοῦ
3643 4390 3791 4444 Υἱοῦ

521 4516 741 4573 quoque
771 4507 1020 4556 sanctum
1056 4497 1294 4566 abnegas
1328 4513 1342 4549 :
1381 4493 1510 4548 dum
1553 4505 1584 4544 a
1629 4489 1745 4544 solo
1778 4483 1938 4540 Patre
1975 4500 2079 4539 om‘

2199 4492 2293 4544 καὶ
2325 4490 2385 4542 τὸ
2428 4486 2648 4560 Πνεῦμα
2692 4488 2754 4541 τὸ
2780 4488 2954 4556 ἆγιον,
2981 4486 3070 4539 διὰ
3093 4484 3186 4539 τοῦ
3227 4484 3336 4557 (29)
3372 4485 3460 4553 ὑφ’
3487 4483 3604 4545 ἑνὸς
3640 4500 3757 4556 προ
3776 4514 3792 4523 -

521 4595 615 4650 nia
644 4598 1022 4664 praeoccupata
1044 4589 1345 4644 existimas.
1371 4584 1450 4640 Ne
1474 4583 1732 4656 quaeratis
1759 4580 1862 4635 loci
1887 4579 2098 4650 magni-

522 4687 770 4742 tudinem
799 4690 1032 4746 tantam,
1067 4692 1128 4736 ut
1170 4695 1290 4751 quae
1329 4675 1504 4749 possit
1539 4675 1632 4730 Dei
1668 4671 2096 4744 magnitudinem

524 4793 742 4850 capere.
773 4775 895 4832 Non
927 4775 1072 4832 enim
1109 4773 1433 4828 immensum
1481 4770 1536 4824 in
1583 4781 1772 4823 menso
1822 4775 1906 4821 est
1945 4783 1958 4819 :
2007 4763 2101 4819 sed

526 4873 710 4944 palmo
737 4871 954 4941 quidem
996 4883 1095 4924 suo
1119 4867 1319 4922 caelum
1359 4863 1599 4927 metitur,
1659 4867 1718 4915 ut
1750 4872 1844 4929 per
1880 4872 2102 4926 compa-

524 4965 794 5019 rationem
812 4961 1074 5033 propheta
1087 4959 1322 5029 explicat
1342 4975 1356 5011 :
1377 4971 1539 5011 manu
1562 4960 1746 5010 autem
1775 4965 1875 5007 sua
1900 4965 2098 5022 aquam

602 5191 647 5222 ⁵³
685 5187 844 5246 Joan.
874 5203 1007 5254 xvu,
1049 5186 1102 5241 5.
1127 5252 1142 5254 _
1179 5183 1225 5254 ξι
1265 5178 1464 5237 Jerem.
1496 5193 1670 5254 3mg,
1703 5176 1795 5254 ει.

530 5245 700 5316 "lsa.
731 5274 876 5322 LXVI,
912 5257 966 5312 2.
995 5245 1006 5254 ’
1042 5257 1087 5288 ⁸⁸
1127 5251 1301 5307 lCor.
1338 5265 1454 5314 vm,
1488 5248 1542 5304 6.
1618 5248 1663 5280 '°
1698 5246 1817 5302 Act.
1853 5261 1984 5312 xvn,
2017 5245 2105 5301 ‘28.

606 5391 718 5462 (24)
749 5387 1190 5462 Seguer.,_'éxew.
1215 5384 1387 5462 Paulo
1407 5393 1530 5456 post
1555 5384 1721 5451 idem,
1751 5383 1812 5436 οὑ
1836 5380 1986 5452 γὰρό
2010 5381 2104 5450 μή.

535 5455 681 5518 intra
701 5455 852 5532 ipse:
882 5455 1215 5531 φασίνξρτο,
1251 5455 1436 5528 φησίν.

607 5575 720 5647 (25)
745 5572 1132 5646 Seguerianus,
1166 5571 1546 5642 γεγενημένος.

613 5667 726 5740 (26)
761 5665 853 5721 Sic
874 5666 1195 5736 Segueriau.
1222 5662 1364 5718 Editi
1385 5662 1669 5733 vero,£<pq.

543 5758 727 5887 3")(27)
761 5758 923 5812 Basil.
965 5763 1018 5812 et
1052 5755 1275 5828 Seguer.
1310 5755 1401 5809 Διό
1421 5771 1584 5826 φησιν
1617 5749 1684 5808 αῦ
1727 5753 1884 5807 πάλιν
1914 5751 1943 5804 ό
1973 5749 2118 5806 Παῦ-

1896 5175 1941 5208 ⁸⁸
1982 5177 2002 5230 ι
2037 5175 2178 5232 Tim.
2231 5194 2280 5241 t,
2329 5175 2377 5232 7.

2200 4581 2524 4653 κατέχεσθαι
2559 4582 2735 4635 πάντα
2768 4579 2864 4633 τοῦ
2904 4577 3138 4649 Πατρός.
3177 4577 3267 4644 Μὴ
3299 4576 3510 4647 ζητεῖτε
3549 4575 3796 4644 μέγεθος

2201 4675 2366 4728 τόπου
2395 4672 2664 4738 τοσοῦτον,
2683 4673 2741 4735 ὃς
2769 4673 3055 4742 δυνήσεται
3082 4671 3327 4741 χωρῆσαι
3360 4669 3586 4740 μέγεθος
3607 4667 3754 4720 Θεοῦ
3775 4687 3793 4700 ·

2205 4769 2265 4820 οὑ
2302 4765 2409 4838 γάρ
2464 4768 2578 4818 ἐστι
2611 4763 2671 4818 τὸ
2718 4764 3025 4837 ἀμέτρητον
3081 4764 3173 4816 ἐπὶ
3230 4763 3309 4834 τῷ
3358 4761 3800 4832 μεμετρημένῳ,

2208 4859 2342 4913 ἀλλὰ
2377 4858 2622 4929 σπιθαμῇ
2663 4857 2759 4929 μὲν
2801 4856 2962 4910 αὑτοῦ
3000 4859 3188 4929 μετρεῖ
3235 4856 3325 4908 τὸν
3351 4853 3597 4928 οὐρανὸν,
3632 4853 3712 4915 ὡς
3770 4856 3805 4907 6

2211 4952 2490 5023 προφήτης
2521 4947 2903 5018 παραδολικῶς
2924 4947 3242 5018 ἑρμηνεύειο
3275 4945 3588 5017 μεμέτρηκε
3617 4943 3807 4998 δὲκαὶ

2477 5175 2522 5205 ³⁸
2562 5173 2665 5229 lsa.
2714 5190 2872 5238 LXVI,
2927 5175 2976 5230 Ι.
3109 5174 3153 5206 ⁸⁷
3205 5175 3273 5231 lll
3335 5173 3469 5248 Reg.
3523 5191 3656 5240 vm,
3697 5167 3804 5225 27.

2285 5372 2397 5444 (28)
2413 5371 2553 5454 [εδει.
2579 5371 2839 5428 Commcl.
2853 5413 2868 5440 ,
2883 5369 3046 5428 Basil.
3064 5385 3117 5430 et
3141 5372 3265 5448 Seg.
3279 5375 3560 5450 ἀλλαχόσε,
3581 5382 3808 5447 caeteri,

2214 5445 2446 5501 ἀλλαχοῦ
2487 5442 2564 5499 δέ.

2315 5462 2462 5515 axoni
2487 5462 2564 5499 οε.

2285 5514 2400 5586 (29)
2441 5514 2689 5598 segnem,
2709 5587 2721 5598 ι
2742 5516 2855 5598 διὰ-
2867 5516 2959 5598 τό,
2981 5528 3129 5598 recte
3139 5535 3166 5598 _;
3184 5519 3285 5598 alii
3311 5533 3459 5598 cum.
3475 5520 3628 5582 editi,
3679 5532 3811 5578 tum

2221 5587 2880 5671 manuscriptinﬁtdntoﬁ.
2908 5587 3198 5671 blou'editi
3234 5598 3288 5645 et
3329 5589 3572 5671 quidam.
3596 5607 3815 5646 manu-

2222 5659 2412 5742 scripti
2433 5699 2450 5722 ,
2480 5658 2846 5742 ‘sta-céxaciiat.
2875 5729 2887 5742 .
2908 5659 3246 5742 Basiliensis,
3270 5658 3811 5742 rapam-caueat.

2225 5732 2350 5799 Seg.
2383 5730 2606 5795 rectius,
2649 5729 3107 5804 προκατέχεσθαιΖ
3145 5730 3340 5804 Statim
3372 5729 3532 5800 ’Seg.,
3571 5729 3812 5804 ζητῆτε,

2225 5812 2277 5858 et
2317 5809 2440 5871 post
2482 5799 3051 5870 pauca,’Basilie’usis,
3083 5799 3111 5853 ὅ
3150 5799 3600 5868 δυνήσεταιζιιοη
3628 5799 3814 5859 male.
