3890 6186
1406 318 1687 375 CONTRA
1732 275 2234 373 SABELLIANOS.‘

3344 316 3447 373 ιιι

186 431 257 487 τὸ
293 431 441 500 ὕδωρ
469 433 539 503 τῇ
594 433 769 503 χειρὶ,
827 433 923 487 καὶ
970 433 1068 505 τὴν
1111 436 1214 505 γῆν
1262 439 1442 493 πᾶσαν
1492 435 1672 505 δρακί.
1704 428 1774 503 ᾯ

1877 449 2098 489 mensus
2125 442 2229 496 est,
2257 447 2318 486 ac
2346 440 2512 486 totam
2545 438 2744 485 terram
2777 430 2978 501 pugillo
3002 430 3067 483 ⁶¹.
3095 427 3252 497 Quod
3280 429 3328 487 si
3354 444 3449 485 ea-

186 524 238 576 δ’
264 522 445 586 οὕτως
468 522 582 593 (50)
607 523 865 593 ἐλάχιστα
896 528 1093 588 πάντα,
1112 525 1187 590 ὡς
1209 529 1242 598 ἡ
1268 525 1577 598 προφητικη
1605 543 1781 597 παρα-

188 615 329 685 ϐολὴ
361 616 600 686 μετρίως
625 617 989 681 ὑποδείκνυσι,
1009 618 1125 682 πῶς
1147 619 1213 672 ἂν
1242 621 1309 689 τῇ
1336 621 1507 691 μικρᾷ
1536 618 1631 673 καὶ
1654 617 1779 671 ὲλα-

187 708 355 780 κίστῃ
403 707 581 761 κτίσει
628 711 1190 782 συμπαρεκτείνεσθαι
1228 710 1458 778 δόξειενς
1520 713 1595 769 Οὐ
1638 728 1779 783 συμ-

182 798 696 868 παρεκτεινόμενος
728 802 842 863 τοῖς
885 802 1019 853 πᾶσι
1059 801 1386 873 πεπλήρωκε
1433 801 1502 856 τὰ
1552 802 1726 859 πάντα
1751 805 1780 857 6

181 884 325 949 Θεός
342 902 359 916 ο
394 887 709 956 σωματικὸν
730 886 841 959 γὰρ
873 887 1049 947 τοῦτο,
1076 887 1263 960 ὥσπερ
1289 890 1337 941 εί
1365 888 1457 941 τὸν
1488 887 1624 956 ἀέρα
1646 888 1777 959 φαίη

184 979 615 1049 πεπληρωκέναι
651 998 737 1044 τις
760 982 852 1034 τὸν
883 982 1083 1052 μεταξὺ
1122 982 1225 1051 γῆς
1254 981 1347 1035 καὶ
1370 979 1597 1052 οὐρανοῦ
1617 996 1630 1010 ·
1663 979 1778 1033 ἀλλ’

182 1072 263 1134 ὡς
296 1073 532 1142 δύναμις
567 1075 781 1144 συνέχει
818 1075 889 1128 τὰ
925 1077 1127 1130 πάντα·
1155 1074 1385 1147 δύναμις
1420 1074 1527 1147 γὰρ
1555 1074 1781 1145 ἀσώμαο

181 1180 300 1226 τος,
335 1164 597 1235 ἀόρατος,
625 1166 687 1218 οὐ
715 1165 1012 1229 κυκλοῦσα,
1042 1168 1100 1219 οὐ
1133 1168 1493 1237 κυκλουμένη.
1543 1167 1616 1219 Τὸ
1647 1165 1781 1221 αὐτὸ

182 1253 241 1306 δὲ
263 1255 364 1307 καὶ
397 1256 531 1325 περὶ
559 1256 670 1327 (3|)
699 1256 795 1308 τοῦ
831 1256 983 1318 Υἱοῦ,
1019 1259 1112 1311 καὶ
1146 1258 1274 1329 περὶ
1306 1258 1400 1312 τοῦ
1430 1259 1586 1326 ἁγίου
1611 1256 1781 1311 Ilvati-

185 1363 397 1416 ματος⁹
435 1346 529 1399 διὰ
579 1348 689 1416 γὰρ
740 1348 870 1401 Υἱοῦ
903 1350 996 1401 καὶ
1034 1351 1091 1400 ὲν
1124 1350 1400 1421 Πνεύματι
1445 1351 1516 1403 τὰ
1548 1350 1724 1403 πάντα
1749 1352 1779 1407 6

178 1438 317 1501 Θεὸς
362 1440 461 1492 καὶ
520 1441 906 1510 συνεστήσατο,
959 1440 1056 1494 καὶ
1110 1441 1350 1511 συνέχων
1405 1440 1775 1509 διαφυλάττει.

192 1529 422 1592 ’Δσεὸὲς
438 1529 623 1582 τοίνυν
652 1531 748 1583 καὶ
766 1530 949 1600 ζητεῖν
975 1531 1067 1583 καὶ
1100 1531 1299 1583 ἐννοεῖν
1321 1530 1382 1584 τὺ
1416 1530 1518 1584 ποῦ
1544 1531 1654 1601 (52)
1682 1548 1779 1584 πο-

177 1621 240 1674 τέ
273 1622 431 1673 ἐστιν
464 1623 494 1673 6
522 1620 678 1683 Θεὸς,
719 1620 750 1691 ἦ
781 1623 811 1674 6
850 1621 1022 1690 Λόγος
1048 1622 1167 1674 τίνα
1194 1622 1359 1674 τόπον
1386 1621 1621 1692 εἴληχεν,
1653 1621 1686 1693 ἢ
1718 1621 1779 1675 τὸ

178 1711 415 1781 Πνεῦμα
440 1711 567 1765 τίνα
597 1712 814 1783 οἴκησιν
837 1712 1202 1783 ἐκληρώσατο.
1221 1714 1283 1765 Εἰ
1307 1712 1365 1766 δὲ
1390 1712 1477 1767 διὰ
1508 1712 1663 1765 τοῦτο
1685 1713 1775 1766 τὸν

180 1802 313 1857 Υίὸν
360 1804 469 1857 οὒκ
495 1800 641 1858 εἶναί
673 1822 759 1867 τις
791 1804 912 1857 οὐδὲ
941 1804 1296 1875 γεγεννῆσθαι
1334 1804 1446 1875 (35)
1486 1804 1653 1873 λέγοι,
1693 1806 1773 1858 ὃτι

179 1893 347 1955 τόπος
378 1892 553 1946 αὐτοῦ
578 1893 678 1963 τῆς
706 1893 895 1955 οὐσίας
926 1893 1274 1965 ἀνεπινόητος
1301 1895 1395 1948 καὶ
1418 1893 1776 1965 ἀνεύρητος,ὁ

178 1984 430 2047 τοιοῦτος
474 1984 601 2037 οὐδὲ
630 1984 724 2037 τὸν
758 1984 981 2055 Πατέρα
1013 1985 1145 2056 φαίη
1176 1981 1315 2038 εἶναι
1363 1986 1637 2051 καθάπαξ,
1668 1986 1776 2038 οὐδ’

179 2073 456 2145 ὑπάρχειν
486 2076 623 2129 Θεὸν
645 2093 659 2105 ⁸
693 2076 813 2129 ἐπεὶ
839 2076 974 2146 μηδὲ
990 2076 1151 2140 τόπος
1178 2093 1261 2139 τις
1285 2077 1594 2150 εὑρίσκεται
1618 2077 1773 2131 Θεοῦ.

186 2184 206 2215 ι
232 2162 406 2219 Εἶπεν
451 2167 647 2236 ἄφρων
695 2168 753 2219 ἐν
797 2166 996 2238 καρδίᾳ
1027 2165 1219 2220 αὐτοῦ·
1271 2168 1385 2221 Οὐκ
1426 2166 1541 2221 ἐστι
1575 2167 1723 2231 Θεός.
1750 2188 1770 2221 ι

184 2258 463 2330 ’Δφρονες
491 2260 571 2323 ὼς
606 2259 825 2330 άληθῶς
858 2261 909 2312 οἱ
948 2259 1198 2324 τοιοῦτοι,
1246 2262 1427 2324 κεναῖς
1457 2260 1776 2329 φαντασίαις

178 2350 417 2413 ἑαυτοὺς
464 2350 1000 2421 ’παραλογιζόμενοι-
1048 2350 1257 2421 νηπίων
1285 2352 1379 2403 καὶ
1431 2351 1774 2406 παντάπασιν

179 2440 434 2511 ἀνοήτων
515 2439 586 2495 τὰ
657 2442 908 2512 ῥήματα,
975 2440 1235 2512 ὀφθαλμῷ
1286 2441 1655 2512 λαμϐάνεσθαι
1713 2444 1775 2498 τὺ

178 2531 482 2603 ἀσώματον
528 2533 627 2588 καὶ
683 2533 835 2605 τόπῳ
877 2533 1381 2605 περιλαμϐάνεσθαι
1434 2534 1546 2607 (54)
1590 2534 1775 2605 βουλος-

181 2624 389 2694 μένων.

246 2803 342 2859 11.
369 2804 572 2875 Δῶμεν
630 2804 691 2859 δὲ
739 2806 924 2869 αὐτοῖς
964 2804 1221 2878 βραχείας
1249 2805 1403 2870 τινὰς
1450 2807 1661 2872 εἰκόνας
1707 2808 1774 2864 ὲκ

177 2894 289 2949 sint
321 2896 700 2967 ἐνδεχομένων
750 2898 1081 2969 ἀσωμάτων,
1139 2898 1298 2953 τινῶν
1350 2901 1772 2972 ἐπιμνησθέντες

178 2990 559 3060 πραγμάτων,
606 2988 642 3042 ἃ
675 2989 738 3061 δὴ
766 2991 889 3044 καθ’
917 2994 1065 3063 ἡμᾶς
1092 2992 1240 3056 ὄντα,
1282 2993 1377 3045 καὶ
1402 2993 1493 3046 ἐπὶ
1528 2994 1628 3064 τῆς
1654 2993 1771 3047 κτί-

1882 524 2004 578 dem
2032 524 2241 578 ratione
2264 521 2487 577 minima
2511 529 2640 577 sunt
2663 520 2867 585 omnia,
2898 528 2959 575 ut
2980 520 3259 591 propheta:
3287 535 3449 591 para-

1880 615 2005 669 bola
2044 615 2178 669 satis
2207 612 2436 678 indicat;
2469 613 2560 682 qui
2592 612 2837 676 modica,
2874 626 2938 669 ac
2965 612 3202 667 minimae
3230 618 3447 669 creatu-

1880 719 2065 758 rarum
2094 703 2459 766 universitati,
2481 702 2648 756 Denm
2678 700 2982 757 commetiri
3008 710 3258 771 Oportere
3290 710 3449 772 puta-

1878 796 2069 850 bitur?
2099 795 2217 849 Non
2248 796 2391 849 enim
2425 810 2491 849 eo
2517 793 2659 850 Deus
2687 793 2870 848 omnia
2909 792 3171 862 implevit,
3205 794 3349 863 quod
3382 792 3457 848 ad

1879 888 2121 942 Omnium
2148 888 2323 957 spatia
2348 885 2688 949 extendatur,
2720 900 2845 940 nam
2878 884 3011 939 illud
3034 884 3250 953 corpori
3274 885 3449 940 solum

1879 981 2139 1050 competit
2177 999 2190 1035 :
2226 987 2284 1033 ut
2319 979 2364 1035 si
2395 979 2517 1048 quis
2569 992 2769 1040 aerem,
2811 976 3043 1047 exempli
3083 990 3277 1041 causa,
3306 974 3447 1029 dicat

1880 1078 2050 1126 totum
2080 1071 2301 1140 implere
2326 1069 2583 1139 Spatium,
2604 1068 2748 1138 quod
2773 1068 2969 1123 cmlum
2996 1068 3136 1123 inter
3160 1072 3217 1122 et
3251 1075 3450 1121 terram

1880 1160 2203 1225 intercedit;
2237 1158 2331 1214 sed
2374 1158 2530 1228 quasi
2558 1158 2640 1212 vis
2662 1156 2909 1228 quaedam
2948 1157 3131 1211 omnia
3158 1154 3403 1212 continet
3435 1175 3447 1210 :

1877 1252 1961 1308 vis
1991 1253 2136 1307 enim
2166 1252 2509 1321 incorporea,
2538 1251 2832 1306 invisibilis
2861 1257 2963 1316 est,
2987 1265 3096 1304 non
3124 1246 3452 1312 circumdat,

1877 1360 1979 1401 nec
2003 1344 2400 1400 circumdatur.
2436 1343 2676 1415 ldipsum
2712 1352 2895 1399 autem
2928 1351 2981 1398 et
3010 1343 3077 1399 de
3108 1340 3270 1407 Filio,
3301 1350 3356 1399 et
3384 1339 3454 1394 de

1880 1435 2088 1507 Spiritu
2118 1446 2310 1493 sancto
2352 1438 2642 1493 dicendum
2673 1455 2687 1492 :
2722 1452 2816 1506 per
2843 1436 2883 1490 F
2888 1436 3039 1490 ilium
3079 1437 3245 1500 enim,
3293 1441 3347 1489 et
3390 1434 3446 1488 in

1878 1525 2083 1597 Spiritu
2112 1535 2324 1593 sancto,
2354 1526 2497 1583 Deus
2513 1527 2695 1581 omnia
2720 1535 2773 1581 et
2796 1526 3063 1591 condidit,
3083 1534 3136 1582 et
3159 1525 3449 1583 continens

1878 1630 2180 1676 conservat.
2203 1619 2431 1689 impium
2458 1620 2624 1691 igitur
2639 1635 2902 1693 quaerere,
2934 1627 3028 1674 aut
3048 1619 3308 1689 cogitare,
3328 1617 3449 1674 ubi-

1878 1727 2000 1767 nam
2014 1711 2161 1768 Deus
2175 1712 2274 1767 sit:
2291 1720 2384 1765 aut
2406 1727 2694 1782 quemnam
2713 1712 2891 1767 locum
2914 1710 3158 1766 obtineat
3169 1708 3410 1765 Verbum
3430 1729 3443 1763 :

1879 1814 1972 1859 aut
1994 1818 2157 1874 quam
2180 1803 2567 1860 habitationem
2597 1802 2833 1873 Spiritus
2860 1808 3080 1858 sanctus
3098 1801 3326 1858 sortitus
3355 1800 3445 1857 sit.

1876 1894 2033 1962 Quod
2081 1895 2128 1949 si
2162 1895 2286 1965 quis
2331 1895 2454 1952 ideo
2493 1893 2689 1949 Filium
2738 1910 2840 1951 nec
2871 1909 3014 1961 esse,
3057 1909 3160 1950 nec
3205 1895 3447 1965 genitum

1877 1987 2046 2041 fuisse
2075 1985 2321 2050 alIirmet,
2359 1984 2502 2055 quod
2539 1986 2691 2040 locus
2718 2000 2817 2055 pro
2845 1984 2965 2054 ejus
2997 1984 3302 2040 substantia
3348 1999 3451 2040 nec

1874 2078 2196 2149 excogitari,
2228 2094 2329 2134 nec
2364 2078 2597 2133 inveniri
2628 2078 2833 2147 possit,
2871 2078 2920 2133 is
2958 2092 3059 2133 nec
3084 2075 3299 2133 Patrem
3327 2077 3451 2146 qui-

1875 2169 1997 2225 dem
2025 2185 2263 2239 unquam
2284 2169 2581 2235 exstitisse,
2606 2184 2707 2226 nec
2726 2170 2900 2240 ipsum
2926 2168 3094 2225 Deum
3123 2184 3268 2237 esse,
3296 2168 3449 2227 dixe-

1875 2264 1985 2316 rit:
2013 2262 2451 2332 quandoquidem
2488 2277 2589 2317 nec
2620 2262 2911 2333 quisquam
2942 2262 3095 2317 locus
3138 2260 3233 2316 Dei
3267 2275 3443 2332 capax

1874 2350 2172 2407 invenitur.
2214 2371 2233 2404 ι
2276 2352 2423 2408 Dixit
2455 2352 2719 2423 insipiens
2758 2354 2816 2409 in
2853 2353 3019 2409 corde
3066 2350 3189 2421 suo,
3218 2351 3338 2408 Non
3362 2361 3451 2410 est

1874 2444 2019 2502 Deus
2046 2448 2113 2502 “.
2153 2466 2173 2500 ι
2207 2445 2532 2517 Insipientes
2589 2462 2779 2503 revera
2831 2447 2911 2502 illi
2965 2457 3113 2514 sunt,
3146 2448 3239 2518 qui
3289 2447 3448 2502 vanis

1873 2539 2198 2595 commentis
2225 2554 2345 2595 sese
2367 2538 2643 2609 decipiunt
2667 2558 2681 2595 :
2705 2538 2888 2595 stolidi
2915 2555 2980 2595 ac
3008 2554 3237 2611 prorsus
3265 2540 3449 2603 insani

1874 2635 2025 2693 sunt,
2071 2630 2163 2699 qui
2195 2630 2579 2700 incorporeum
2619 2631 2780 2685 oculo
2809 2632 3036 2702 percipi,
3081 2645 3146 2686 ac
3176 2631 3299 2687 loco
3334 2630 3445 2686 cir-

1872 2722 2171 2778 cumscribi
2200 2722 2410 2778 volunt.

1947 2813 2033 2868 ll.
2076 2812 2277 2871 Demus
2319 2814 2485 2885 igitur
2518 2814 2627 2871 illis
2656 2814 2883 2885 pusillas
2908 2814 3116 2886 aliquot
3160 2814 3446 2885 imagines,

1872 2920 1940 2963 ex
1967 2906 2307 2975 incorporeis
2341 2922 2483 2976 saepe
2506 2908 2944 2973 occurrentibus,
2991 2921 3055 2961 ac
3100 2906 3169 2964 de
3215 2906 3444 2978 quibus~

1872 2997 1996 3053 dam
2025 2999 2353 3053 mentionem
2381 2999 2665 3063 faciamus,
2686 3014 2807 3071 quae
2834 2999 2976 3070 apud
2999 3014 3099 3055 nos
3122 2998 3445 3066 habeantur,

181 3096 321 3145 σεως
358 3080 640 3150 φαίνεται,
677 3083 731 3134 εἴ
758 3100 875 3148 πως
902 3084 1173 3155 δυνηθεῖεν
1205 3084 1293 3138 διὰ
1322 3086 1525 3139 τούτων
1549 3086 1773 3140 ἀναϐαί-

1877 3094 1927 3141 et
1947 3087 2001 3141 in
2019 3102 2201 3143 rerum
2231 3095 2428 3143 natura
2453 3097 2803 3159 compareant
2829 3108 2842 3144 :
2869 3090 2915 3145 si
2941 3104 3050 3160 quo
3067 3089 3226 3145 modo
3254 3103 3445 3146 earum

178 3191 367 3238 νοντες
423 3176 680 3246 ἐννοῆσαί
714 3195 829 3242 πως
874 3178 937 3231 τὸ
970 3177 1256 3249 ἀσώματον
1287 3180 1378 3231 τοῦ
1411 3180 1642 3250 Πατρὸς,
1678 3180 1774 3235 καὶ

178 3265 274 3320 τοῦ
304 3266 469 3329 Υιοῦ,
489 3268 588 3320 καὶ
617 3266 709 3320 τοῦ
730 3269 885 3337 ἁγίου
916 3268 1231 3339 Πνεύματος
1250 3286 1264 3299 ο
1291 3270 1385 3323 καὶ
1414 3270 1608 3340 μηκέτι
1640 3288 1774 3340 φαν-

178 3358 448 3423 τάζεσθαι
479 3358 682 3422 τόπους
703 3361 902 3424 αὐτῶν,
924 3360 1061 3430 μηδὲ
1090 3360 1320 3424 τοπικὰς
1357 3362 1647 3433 διαιρέσεις
1672 3363 1773 3434 τῆς

180 3447 417 3520 τριάδος
450 3448 563 3519 (55)
600 3450 854 3503 ἐπινοεῖν.
921 3448 1233 3520 Ἀσώματος
1264 3450 1358 3502 καὶ
1404 3452 1773 3522 πνευματικὸς

180 3538 257 3592 ὢν
283 3542 313 3593 6
355 3540 559 3611 νόμος,
596 3540 743 3594 ἔστιν
774 3542 831 3593 ὲν
862 3542 928 3611 τῇ
963 3539 1058 3594 τοῦ
1113 3539 1458 3612 νομομαθοῦς
1490 3543 1600 3615 (56)
1656 3546 1774 3600 δια-

181 3629 335 3700 νοίᾳ·
370 3632 429 3683 ὲν
460 3634 532 3701 τῇ
568 3632 706 3702 αὐτῇ
738 3631 794 3685 δὲ
814 3631 908 3684 καὶ
934 3631 984 3683 οἱ
1016 3632 1313 3703 προφῆται,
1343 3634 1650 3704 Εὑαγγέλια
1677 3636 1773 3691 καὶ

184 3722 514 3775 adﬁcior
553 3722 649 3776 καὶ
700 3725 913 3795 εἴρηται
947 3725 1075 3797 περὶ
1097 3724 1206 3777 τῶν
1246 3724 1487 3795 νομικῶν
1521 3727 1613 3780 καὶ
1639 3744 1773 3800 προ·

184 3814 434 3884 φητικῶν
483 3814 659 3882 λόγων
721 3834 738 3868 ι
770 3817 990 3887 Ἔχουσι
1014 3816 1251 3870 Μωῦσέα
1279 3817 1374 3872 καὶ
1411 3819 1537 3882 τοὺς
1559 3821 1772 3891 προφή-

181 3920 316 3970 τας-
344 3926 367 3958 ›
415 3907 518 3960 καὶ
548 3909 577 3961 ὁ
604 3907 793 3979 Σωτὴρ
844 3907 935 3961 τὸν
969 3908 1159 3979 ἔχοντα
1214 3908 1420 3963 παλαιὰ
1474 3910 1569 3965 καὶ
1610 3913 1770 3968 καινὰ

186 3998 414 4070 ῥήματα
444 3997 544 4050 ἐπὶ
580 3998 680 4069 τῆς
710 3998 902 4053 ἑαυτοῦ
934 3999 1169 4065 διανοίας
1203 4000 1435 4055 ἑοικέναι
1480 4003 1641 4072 φησὶν
1679 4003 1771 4057 ἀν-

184 4087 395 4161 θρώπῳ
422 4090 795 4162 οίκάσπότῃ,
824 4092 974 4155 ὅστις
998 4091 1263 4164 προφέρει
1286 4093 1351 4146 ὲκ
1372 4092 1465 4146 τοῦ
1496 4091 1769 4165 θησαυροῦ

185 4179 353 4235 αὐτοῦ
380 4179 550 4234 καινὰ
570 4180 666 4234 καὶ
685 4181 905 4236 παλαιά.
938 4181 1180 4252 Ἐδέχετο
1206 4182 1263 4236 δὲ
1293 4185 1320 4238 6
1338 4184 1617 4248 Μωῦσέως
1645 4184 1769 4251 νοῦς

188 4272 383 4341 σοφίαν
410 4290 475 4326 τε
512 4274 693 4326 πᾶσαν
723 4272 1119 4345 Αἰγυπτιακὴν,
1167 4273 1261 4327 καὶ
1295 4272 1392 4346 τὴν
1425 4274 1491 4327 ἐκ
1514 4273 1605 4329 τοῦ
1632 4274 1775 4330 Θεοῦ

183 4364 434 4419 δοθεῖσαν
461 4365 635 4435 αὐτῷ.
668 4366 777 4419 Καὶ
807 4365 1026 4437 Δανιὴλ,
1054 4366 1266 4421 σύνεσιν
1289 4368 1469 4420 πᾶσαν
1504 4367 1604 4439 τὴν
1626 4367 1770 4421 Χαλ-

1874 3190 2039 3246 opera
2062 3176 2285 3243 emersi,
2318 3176 2699 3248 incorporeum
2728 3194 2852 3234 esse
2878 3178 3117 3245 Patrem,
3139 3187 3193 3233 et
3222 3178 3442 3244 Filium,

1873 3275 1928 3323 et
1961 3266 2223 3337 Spiritum
2248 3277 2520 3333 sanctum,
2550 3270 2851 3341 intelligere
2882 3271 3096 3325 valeant
3126 3286 3151 3337 ;.
3169 3286 3269 3325 nec
3302 3272 3445 3325 ultra

1872 3371 2061 3413 eorum
2091 3355 2210 3411 loca
2245 3359 2755 3425 ccmminiscantur,
2788 3361 2873 3416 vel
2918 3361 3119 3417 locales
3149 3361 3444 3418 divisiones

1872 3448 1930 3505 in
1955 3445 2223 3507 Trinitate
2263 3447 2593 3519 excogitent.
2638 3447 3007 3520 lncorporalis
3045 3458 3099 3505 et
3142 3451 3443 3522 Spiritualis

1872 3553 1997 3594 cum
2039 3542 2110 3597 sit
2140 3542 2248 3604 lex,
2283 3543 2341 3594 in
2370 3539 2504 3609 legis
2526 3539 2688 3610 periti
2712 3550 2892 3596 mente
2920 3540 3135 3597 exsistit
3166 3561 3180 3596 :
3214 3543 3289 3597 ibi
3314 3557 3445 3615 quo-

1873 3646 1979 3702 que
2022 3642 2149 3688 sunt
2183 3631 2479 3704 prophetae,
2510 3628 2801 3702 Evangelia
2829 3638 2883 3686 et
2911 3634 3143 3701 apostoli
3182 3652 3195 3688 :
3229 3634 3439 3690 dictum

1871 3724 2177 3796 quippe‘est
2204 3724 2271 3781 de
2294 3724 2557 3796 legalibus
2590 3731 2647 3779 et
2672 3724 3008 3795 pmpheticis
3027 3727 3207 3783 verbis
3232 3748 3245 3784 :
3271 3747 3293 3782 ι
3328 3727 3443 3783 Ha-

1871 3815 2002 3871 bent
2043 3815 2264 3887 Moyscn
2309 3823 2364 3871 et
2419 3816 2715 3887 prophetas
2745 3817 2808 3869 ⁸³.
2850 3836 2870 3870 ι
2922 3816 2990 3872 Et
3036 3818 3288 3875 Salvator
3315 3835 3442 3876 eum

1870 3908 1963 3978 qui
1994 3922 2135 3962 nova
2163 3914 2218 3963 et
2268 3918 2451 3963 vetera
2500 3908 2663 3963 verba
2708 3908 2765 3963 in
2820 3917 3003 3965 mente
3039 3925 3139 3967 sua
3173 3911 3439 3978 continet,

1872 4000 2105 4056 similem
2189 3998 2324 4055 dicit
2403 3999 2612 4055 homini
2678 4000 3057 4072 patrifamilias
3139 4004 3233 4075 qui
3310 4019 3440 4074 pro-

1870 4089 1977 4147 fert
2026 4090 2094 4146 de
2142 4091 2403 4146 thesauro
2457 4106 2595 4157 suo,
2640 4108 2783 4148 nova
2831 4100 2885 4149 et
2926 4102 3131 4151 vetera.
3190 4093 3445 4169 Suscepit

1870 4198 2089 4255 quoque
2136 4182 2339 4256 Moysis
2392 4183 2725 4254 intellectus,
2773 4200 2897 4242 cum
2951 4187 3272 4256 sapientiam
3320 4203 3441 4249 om-

1871 4291 1995 4331 nem
2063 4273 2482 4347 AEgyptiacam,
2547 4285 2663 4331 tum
2730 4292 2853 4333 eam
2909 4293 3030 4350 quae
3088 4279 3193 4335 sibi
3241 4292 3276 4335 a
3328 4277 3440 4339 Deo

1871 4367 1998 4424 data
2030 4366 2226 4426 fuerat.
2250 4368 2325 4448 Et
2356 4368 2543 4426 Daniel
2579 4379 2834 4443 suscepta
2881 4371 3029 4428 omni
3061 4370 3441 4429 Chaldaeorum

184 4455 350 4513 δαίων
389 4457 788 4529 ὑποδεξάμενος
812 4459 947 4531 (57),
975 4457 1165 4530 ἐχώρει
1195 4459 1289 4513 καὶ
1319 4460 1387 4513 τὰ
1425 4460 1643 4513 ποικίλα
1669 4462 1768 4532 τῆς

1877 4460 2139 4530 sapientia
2164 4500 2180 4525 ,
2208 4446 2357 4515 varia
2388 4469 2570 4517 tamen
2600 4463 2797 4519 divina:
2828 4464 3107 4535 sapientia:
3128 4480 3286 4522 sensa
3314 4481 3439 4536 per-

184 4548 339 4613 θείας
364 4550 560 4618 σοφίας
592 4552 857 4621 νοήματα,
892 4552 1031 4623 ὅπερ
1065 4551 1316 4622 σημαίνει
1346 4552 1417 4605 δι’
1459 4551 1714 4624 Ἰεζεχιὴλ
1739 4554 1769 4607 6

182 4639 319 4704 Θεός
338 4658 351 4668 ·
380 4659 398 4690 ι
417 4641 514 4710 Μὴ
531 4640 597 4694 σὺ
621 4640 927 4713 σοφώτερος
950 4637 998 4694 εῐ
1024 4642 1118 4695 τοῦ
1143 4641 1375 4713 Δανιήλ;
1411 4643 1519 4696 πᾶν
1539 4642 1779 4715 κρύφιον

182 4733 281 4802 οὐχ
321 4733 620 4804 ὑπεδείχθη
674 4750 774 4787 σοι.
813 4754 833 4786 ι
876 4733 1269 4805 Ἀναρίθμητος
1310 4734 1367 4788 δὲ
1398 4737 1432 4805 ἡ
1472 4734 1567 4788 τοῦ
1605 4734 1766 4790 Σολο-

184 4823 368 4894 μῶνος
385 4824 502 4895 (58)
528 4824 807 4897 φρόνησις,
831 4826 925 4880 καὶ
954 4826 1014 4879 τὸ
1039 4825 1104 4897 χύ
1113 4845 1189 4898 μα
1202 4826 1303 4898 τῆς
1324 4826 1550 4897 καρδίας
1576 4825 1771 4892 αὐτοῦ,

258 4944 302 4975 ⁸³
347 4941 455 4998 lsa.
492 4958 593 5007 ιι,
629 4943 716 5001 12.
791 4946 838 4978 ⁸³
875 4943 1023 5001 Psal.
1056 4962 1191 5013 nu,
1226 4947 1278 5002 ί.
1321 4946 1367 4979 ⁸³
1404 4945 1537 5003 Luc.
1575 4963 1700 5033 _xv1,
1732 4947 1839 5004 29..

254 5053 374 5125 (50)
401 5054 533 5125 Seg.
562 5056 735 5121 solus,
754 5058 889 5113 Εἰδὲ
908 5058 1101 5123 οὕτως.
1126 5058 1265 5125 Mox,
1284 5056 1525 5124 Gobler.,
1551 5058 1696 5115 Felc.
1723 5077 1764 5127 ι,

186 5123 317 5195 Seg.
358 5123 421 5202 ut
472 5123 529 5180 ἧι
568 5134 742 5202 te‘xtu.
766 5130 916 5202 _I'.'diti
951 5138 1007 5202 et
1041 5123 1259 5200 quidam
1288 5145 1424 5202 mss.
1454 5123 1529 5194 ὼς
1567 5132 1600 5202 ὴ
1636 5123 1768 5202 προὲ

186 5195 397 5269 φητική
449 5196 794 5271 παραϐολικὴ
847 5195 1081 5272 μετρίως
1132 5198 1538 5271 παραδείκνυσι,
1585 5195 1775 5257 minus.

184 5279 375 5407 reﬁgi.)
419 5336 561 5409 Περί
602 5336 755 5393 deest
810 5337 866 5393 in
898 5339 1098 5407 editis;
1134 5353 1200 5394 ex
1241 5336 1468 5411 Seguer.
1527 5342 1773 5397 restitui.-

185 5422 371 5547 ﬂigi)
405 5476 503 5532 Sic
547 5475 799 5550 Seguer.,
825 5476 983 5535 Gobl.
1017 5477 1163 5537 Felc.
1191 5496 1245 5546 i;
1277 5480 1334 5535 in
1363 5478 1540 5549 editis,
1578 5482 1774 5549 τόπου,

186 5563 501 5619 perperam.

256 5618 369 5694 (ζῆ)
405 5616 802 5694 _S_egu_erianus,
826 5620 1166 5694 χεγενῇσθαι.

256 5686 367 5765 (5.4)
408 5686 924 5765 Περιλαμΰᾲνεσθιι
947 5686 1157 5765 deerat
1183 5690 1237 5744 in
1288 5691 1450 5746 editis
1477 5703 1530 5751 et
1556 5692 1609 5746 in
1640 5692 1758 5765 qui-

190 5757 421 5815 busdam
446 5756 613 5824 mss.,
628 5756 741 5814 sed
757 5773 822 5815 ex
839 5757 1002 5817 Basil.
1032 5759 1342 5817 restitutum
1373 5769 1477 5817 est.

1868 4552 2124 4623 cipiebat,
2157 4561 2217 4608 ut
2248 4569 2344 4624 per
2372 4553 2706 4611 Ezecliielem
2744 4556 2947 4612 indicat
2976 4555 3118 4613 Deus
3168 4575 3182 4612 :
3231 4574 3251 4609 ι
3285 4555 3441 4612 Nun-

1867 4643 1999 4715 quid
2043 4643 2150 4714 35
2184 4646 2479 4716 sapientior
2505 4662 2564 4702 es
2591 4654 2647 4702 tu
2677 4648 2933 4704 Daniele?
2963 4664 3126 4706 omne
3168 4656 3436 4713 secretum

1866 4751 1978 4791 non
2003 4743 2282 4792 ostensum
2322 4746 2405 4793 est
2452 4738 2549 4793 tibi
2576 4738 2642 4794 “.
2703 4757 2722 4792 ι
2758 4739 3174 4796 Innumerabilia
3220 4755 3438 4811 quoque

1868 4827 1973 4884 fuit
1999 4827 2308 4888 Salomonis
2347 4829 2646 4901 sapientia,
2694 4838 2750 4887 et
2803 4830 3033 4888 latitudo
3080 4830 3263 4890 cordis
3315 4831 3437 4903 ejus

1926 4949 1975 4983 “
2011 4949 2210 5006 Ezech.
2242 4965 2448 5020 xxvnt,
2481 4950 2536 5008 5.

1941 5061 2055 5148 (Ξὸ)
2082 5062 2215 5148 ξος.
2269 5064 2443 5133 solus,
2487 5063 2589 5135 τῆς
2616 5062 2865 5137 Τριάδος,
2910 5062 3002 5118 alii
3048 5077 3178 5119 vero
3218 5076 3436 5129 omnes,

1867 5134 2254 5276 τῇἑὲῑαέίίὶιί,
2291 5205 2391 5277 τῆς
2430 5202 2790 5276 νομομαθοῦς,
2818 5201 3097 5259 mendose.
3131 5199 3280 5274 Seg.,
3319 5202 3436 5265 τοῦ,

1864 5283 2052 5415 rei?)
2085 5345 2409 5415 Ineditione
2431 5344 2693 5401 Commel.
2725 5343 2897 5409 deest,
2919 5340 3339 5415 ὑποδεξάμενος.
3376 5342 3432 5415 in

1867 5410 2108 5469 editione
2137 5414 2314 5472 Paris.
2350 5415 2470 5484 ejus
2502 5415 2622 5468 loco
2667 5415 2861 5483 legitur
2907 5410 3324 5480 ἀποδεξάμενος.
3362 5412 3430 5466 At

1870 5499 2060 5540 omnes
2087 5501 2218 5541 mss.
2250 5484 2640 5554 ὑποδεξάμενος
2665 5485 2880 5539 habent.

1941 5555 2052 5626 (58)
2106 5556 2163 5626 in
2210 5557 2392 5626 editis‘
2411 5548 2840 5626 et'quibusdatn
2873 5567 3031 5626 tnss.,
3062 5548 3284 5626 καὶ-τοῦ
3307 5549 3425 5602 Σολ.

1870 5619 2061 5689 Basili,
2095 5625 2337 5691 Gobler.,
2362 5619 2774 5694 Seguérqqcoii
2807 5622 2950 5692 Σολ.,
2982 5631 3146 5678 recte.
3166 5619 3285 5676 Mox
3307 5627 3435 5689 post

1865 5696 2068 5765 ἄμμος,
2104 5696 2327 5767 Seguer.
2363 5695 2511 5751 addit
2544 5693 2727 5764 φησίν.
