3878 6196
401 335 510 390 115

1530 331 1586 387 S.
1629 325 2085 385 ATHANASIUS.
2126 356 2197 368 —-
2232 323 2459 383 DUBIA.

3553 336 3662 392 ιιι

400 448 549 506 sicut
576 461 764 513 arena,
784 462 905 520 quae
925 453 1011 505 est
1042 447 1201 520 juxta
1229 461 1382 504 mare
1399 446 1466 504 ".
1498 447 1637 504 Dum
1662 449 1971 520 baneigitul

2083 442 2159 507 ὡς
2209 443 2412 515 ἄμμος,
2446 443 2480 514 ἠ
2510 441 2660 514 παρά
2705 444 2804 516 τὴν
2846 445 3140 503 Oetaeae-av.
3193 448 3266 502 Τὸ
3305 449 3364 504 δὲ
3407 450 3668 508 τοσοῦτον

398 549 612 596 tantam
658 540 1054 611 sapientiarum
1103 539 1509 596 multitudinem
1560 541 1617 596 in
1652 557 1759 596 una
1799 550 1980 597 mente

399 633 770 704 conspiciunt,
803 633 860 688 in
893 633 1015 688 loco
1052 640 1236 688 tamen
1277 633 1404 688 illas
1436 647 1550 688 non
1579 648 1703 689 esse
1734 633 1981 688 animad-

396 732 634 780 vertant.
671 721 806 789 Quis
858 723 1004 778 enim
1047 723 1211 778 homo
1244 731 1410 778 tantae
1447 723 1839 795 magnitudinis
1866 723 1980 778 fue-

395 817 488 881 rit,
513 823 573 870 ut
600 815 672 871 sit
706 815 936 871 idoneus
955 814 1022 869 ad
1051 822 1132 869 tot
1166 815 1464 886 sapientias
1495 815 1846 886 excipiendas
1871 855 1886 879 ,
1931 814 1980 868 si

395 907 589 963 divisis
649 908 706 963 in
766 908 902 964 locis
960 908 1204 978 singulas
1252 909 1654 978 speculatioues
1690 908 1982 963 habuerit?

394 997 532 1052 Cum
567 997 732 1070 igitur
777 1000 1082 1069 spiritualia
1106 1014 1227 1069 quae
1252 999 1340 1054 hic
1379 1007 1528 1063 sunt,
1564 1000 1795 1070 plurima
1850 999 1980 1053 licet

395 1091 547 1155 sint,
601 1091 851 1161 plurimis
889 1099 1072 1146 tamen
1114 1091 1248 1147 locis
1301 1107 1409 1146 non
1443 1091 1743 1163 indigeant,
1795 1091 1890 1146 sed
1922 1092 1979 1147 in

396 1201 508 1239 uno
536 1187 838 1257 eodemque
865 1185 1140 1240 intellectu
1171 1195 1488 1253 versentur;
1522 1185 1889 1256 intelligamus
1915 1198 1979 1239 ea

397 1293 520 1346 quae
551 1292 717 1348 supra
750 1292 873 1342 nos,
909 1291 973 1330 ac
1016 1275 1316 1331 secundum
1351 1291 1410 1332 se
1443 1276 1769 1346 incorporea
1811 1281 1976 1339 sunt,

397 1369 614 1426 Patrem
647 1385 860 1440 nempe,
903 1367 1122 1432 Filium,
1159 1378 1212 1424 et
1249 1367 1514 1440 Spiritum
1545 1379 1794 1424 sanctum
1819 1407 1834 1434 ,
1874 1381 1978 1422 nec

396 1462 536 1517 locis
583 1461 844 1531 indigere,
894 1475 995 1515 nec
1030 1461 1165 1516 locis
1227 1461 1504 1530 separari;
1543 1460 1794 1530 necquis
1855 1459 1977 1514 ideo

396 1553 612 1625 Opinari
649 1553 848 1608 audeat
874 1551 1112 1617 Patrem,
1145 1561 1238 1607 aut
1283 1550 1512 1617 Filium,
1565 1559 1659 1608 aut
1711 1551 1974 1623 Spiritum

398 1652 650 1700 sanctum
679 1659 788 1698 non
825 1643 1108 1706 exsistere,
1141 1641 1287 1713 quod
1317 1643 1548 1714 singulis
1577 1643 1730 1697 locus
1759 1640 1974 1697 deﬁniri

395 1744 451 1792 et
481 1736 678 1798 ascribi
703 1743 955 1806 nequeat.
1008 1733 1112 1789 Sed
1145 1733 1304 1790 Pater
1322 1734 1540 1805 quidem
1563 1733 1653 1804 qui
1677 1733 1974 1805 perfectam

2086 535 2290 605 πλῆθος
2310 535 2419 588 τῶν
2450 533 2649 604 σοφιῶν
2682 536 2792 608 (59)
2821 537 2949 608 περὶ
2983 538 3110 610 μίαν
3141 540 3374 611 ὁρῶντες
3402 543 3664 611 διάνοιαν,

2085 625 2526 697 ὲνθυμείσθωσαν
2549 625 2717 690 αὐτὰς
2742 627 2842 680 οὐκ
2871 627 3034 693 οὔσας
3059 632 3116 684 ἐν
3135 631 3304 703 τόπῳ.
3340 634 3510 699 Πόσος
3551 638 3668 709 γὰρ

2083 718 2150 773 ἂν
2199 719 2276 789 τῷ
2308 718 2525 790 μεγέθει
2577 719 2865 790 γενόμενος
2913 721 3218 794 ἄνθρωπος,
3243 725 3536 797 ἐξήρκεσεν
3581 731 3670 792 είς

2081 813 2180 885 τὴν
2209 811 2478 864 τοσούτων
2508 812 2796 883 ὑποδοχὴν,
2825 813 2873 864 εί
2903 814 3085 876 τόποις
3103 816 3520 888 μεμερισμένοις
3550 821 3668 873 τῶν

2083 903 2453 975 θεωρημάτων
2496 904 2704 958 ἕκαστα
2759 900 2933 975 εἶχεν;
2984 906 3152 961 Ὅταν
3194 905 3285 961 οῦν
3321 909 3390 962 τὰ
3428 910 3668 965 ἐνταῦθα

2081 999 2426 1069 πνευματικά
2459 998 2532 1070 μὴ
2548 999 2732 1070 δέηται
2759 999 3016 1054 πλειόνων
3047 1003 3226 1056 τόπων
3258 1003 3475 1058 πλείονα
3509 1005 3662 1073 ὅντα,

2079 1089 2214 1143 ἀλλά
2241 1091 2368 1162 περὶ
2390 1090 2479 1143 τὸν
2513 1091 2608 1144 ἕνα
2641 1091 2734 1144 καὶ
2761 1092 2850 1146 τὸν
2880 1093 3042 1147 αὑτὸν
3065 1096 3360 1169 στρέφηται
3378 1098 3486 1166 (40)
3509 1098 3660 1162 νοῦν,

2079 1181 2422 1251 ἐννοήσωμεν
2453 1182 2547 1235 καὶ
2574 1182 2643 1236 τά
2674 1183 2810 1257 ὑπὲρ
2843 1185 3011 1254 ἡμᾶς,
3045 1185 3140 1237 καὶ
3176 1187 3297 1240 καθ’
3331 1189 3497 1243 ἑαυτὰ
3529 1189 3664 1244 ὄντα

2079 1271 2364 1342 ἀσώματα,
2413 1273 2503 1326 τὸν
2527 1275 2743 1346 Πατέρα
2791 1277 2884 1329 καὶ
2929 1277 3018 1330 τὸν
3051 1277 3177 1331 Υἱὸν
3208 1279 3299 1331 καὶ
3341 1280 3402 1332 τὸ
3434 1279 3662 1350 Πνεῦμα

2081 1363 2156 1434 μὴ
2183 1363 2362 1416 τόπων
2418 1363 2647 1435 δεόμενα
2670 1407 2685 1431 ,
2730 1367 2864 1438 μηδὲ
2901 1369 3085 1432 τόποις
3125 1369 3474 1442 διαιρούμενα
3501 1388 3516 1404 ο
3562 1373 3661 1426 καὶ

2081 1455 2155 1525 μὴ
2187 1454 2276 1507 διὰ
2307 1454 2463 1508 τοῦτο
2493 1458 2838 1530 ἀνύπαρκτον
2871 1459 2902 1530 ἢ
2946 1461 3036 1513 τὸν
3091 1462 3307 1533 Πατέρα
3341 1480 3444 1526 τις,
3491 1463 3523 1534 ἢ
3561 1465 3659 1519 τὸν

2077 1545 2225 1608 Υίὸν,
2255 1545 2287 1615 ἢ
2320 1545 2380 1598 τὸ
2413 1546 2636 1617 Πνεῦμα
2679 1549 2741 1601 τὸ
2772 1550 2923 1617 ἅγιον
2978 1551 3326 1606 ὑποτίθεσθαι
3368 1552 3654 1623 τολμάτωο

2075 1638 2156 1691 ὃτι
2193 1637 2328 1708 μηδὲ
2343 1637 2457 1692 ἔστι
2479 1639 2639 1692 τόπον
2657 1641 2933 1710 ἀφορίζειν
2949 1642 3042 1694 καὶ
3065 1645 3392 1715 κατανέμειν
3417 1647 3653 1716 ἑκάστῳ.

2089 1729 2227 1782 Ἀλλ’
2276 1729 2390 1784 ἔστι
2439 1731 2536 1800 μὲν
2581 1734 2610 1785 6
2657 1733 2845 1803 Πατὴρ
2884 1733 3085 1787 τέλειον
3133 1735 3270 1805 έχων
3308 1737 3367 1789 τὸ
3393 1733 3657 1792 εἶναικαὶ

395 1831 697 1887 essentiam
736 1829 992 1898 omnique
1025 1827 1237 1883 defectu
1263 1835 1540 1883 carentem
1565 1825 1764 1890 habet,
1817 1825 1971 1880 radix

2077 1821 2374 1886 ἀνελλιπὲς,
2403 1823 2526 1891 ῥίζα
2562 1824 2654 1877 καὶ
2682 1824 2829 1894 πηγὴ
2859 1823 2953 1877 τοῦ
2981 1824 3108 1878 Υίοῦ
3141 1828 3235 1879 καὶ
3266 1827 3358 1880 τοῦ
3400 1830 3658 1900 Πνεύμα-

397 1931 453 1978 ct
488 1921 610 1978 fons
638 1930 721 1976 est
749 1919 873 1974 Filii
918 1936 981 1974 ac
1011 1919 1247 1990 Spiritus
1277 1918 1452 1974 sancti
1483 1937 1496 1974 :
1539 1925 1624 1973 est
1653 1925 1834 1972 autem
1883 1915 1974 1971 Fi-

395 2015 506 2070 lius
536 2014 592 2068 in
641 2015 800 2084 plena
846 2012 1148 2078 divinitate,
1180 2011 1417 2066 Verbum
1446 2011 1658 2075 vivens,
1691 2025 1755 2064 ac
1792 2008 1974 2079 proles

395 2104 578 2161 Patris
616 2121 737 2176 quae
768 2105 918 2159 nullo
956 2103 1178 2175 indiget.
1211 2102 1412 2158 Plenus
1439 2117 1653 2172 quoque
1684 2109 1767 2157 est
1798 2101 1973 2171 Spiri-

398 2204 490 2252 tus
522 2206 746 2252 sanctus
774 2195 930 2264 Filio,
979 2212 1090 2251 non
1130 2212 1258 2267 pars
1292 2195 1540 2258 alterius,
1577 2194 1672 2250 sed
1702 2195 1756 2248 in
1792 2195 1974 2264 seipso

395 2289 628 2360 integer.
675 2288 852 2358 Atque
897 2290 973 2342 ita
1012 2286 1287 2351 Trinitas,
1337 2302 1458 2357 qum
1490 2301 1674 2341 revera
1722 2285 1969 2351 exsistit,

395 2381 686 2450 conjuncta
712 2387 795 2434 est
817 2379 1020 2449 absque
1062 2379 1172 2432 ulla
1208 2377 1629 2447 intercapedine.
1659 2377 1803 2431 Nihil
1827 2382 1972 2432 enim

394 2481 481 2530 est
511 2473 654 2543 quod
679 2472 1042 2535 disterminet,
1075 2486 1184 2525 una
1217 2471 1379 2527 simul
1400 2472 1615 2527 exsistit
1642 2471 1708 2525 ab
1732 2479 1968 2536 aeterno;

394 2567 607 2622 nullum
635 2566 778 2621 enim
795 2580 970 2619 aevum
993 2564 1298 2619 intercedit.
1331 2563 1581 2618 Formam
1602 2570 1780 2618 autem
1807 2578 1970 2617 unam

393 2657 751 2727 eamdemque
778 2657 894 2727 ipsa
921 2655 1160 2727 praefert,
1195 2670 1318 2710 cum
1352 2653 1514 2708 Pater
1541 2654 1758 2723 quidem
1795 2653 1851 2707 in
1878 2653 1972 2708 Fi-

393 2751 472 2807 lio
500 2749 902 2819 conspiciatur,
956 2747 1128 2803 Filius
1157 2761 1285 2802 vero
1319 2747 1373 2800 in
1411 2744 1617 2815 Spiritu
1672 2756 1862 2801 sancto
1919 2758 1972 2802 et

391 2841 765 2913 intelligatur,
824 2851 876 2897 et
921 2841 1195 2897 hominem
1243 2838 1328 2895 sui
1383 2839 1700 2909 participem
1751 2837 1965 2893 habeat.

401 2951 422 2985 ι
457 2933 568 2990 Nos
594 2936 738 2990 enim
761 2975 777 3000 ,
831 2933 1028 3003 inquit,
1062 2948 1250 2989 omnes
1285 2934 1524 2988 revelata
1551 2930 1688 2986 facie
1741 2930 1969 3001 gloriam

395 3021 611 3078 Domini
634 3025 998 3095 speculantes,
1025 3024 1078 3077 in
1102 3024 1348 3078 eamdem
1379 3022 1667 3092 imaginem
1695 3021 1968 3078 transfor~

394 3130 612 3170 mamur
649 3131 680 3170 a
723 3117 894 3187 gloria
945 3116 1004 3170 in
1048 3114 1274 3186 gloriam
1300 3154 1316 3179 ,
1367 3122 1625 3184 tanquam
1674 3128 1706 3167 a
1751 3113 1965 3170 Domini
1997 3156 2040 3215 α

396 3209 594 3279 Spiritu
620 3209 686 3265 ⁶⁶.
715 3228 734 3262 ι

469 3299 558 3354 12.
596 3298 674 3355 Ne
703 3299 869 3371 igitur
897 3300 1054 3372 quasi
1080 3301 1137 3354 in
1167 3313 1396 3370 corpore
1423 3299 1526 3354 tria
1553 3299 1793 3355 membra
1822 3298 1969 3355 indi-

393 3389 514 3446 visa
540 3389 921 3460 imaginemur.
958 3391 1126 3460 lmpia
1182 3392 1326 3447 enim
1377 3399 1460 3446 est
1506 3390 1619 3444 haec
1674 3391 1967 3462 cogitatio,

395 3483 682 3553 alienaque
726 3483 796 3538 ab
849 3484 1186 3554 ineorporeis
1235 3481 1511 3553 perfectis.
1548 3481 1840 3538 lndivisam
1871 3484 1968 3538 ad-

395 3575 679 3631 mittamus
708 3576 1150 3632 eocxsistentiam
1181 3591 1390 3640 eorum,
1431 3575 1524 3645 qui
1558 3576 1613 3629 in
1644 3590 1703 3630 se
1735 3583 1926 3630 mutuo
1950 3615 1966 3640 ,

397 3668 606 3738 absque
635 3669 744 3722 ulla
773 3668 1032 3725 distantia
1081 3669 1458 3724 coexsistunt:
1495 3677 1548 3724 et
1582 3684 1705 3722 cum
1744 3679 1854 3724 tres
1883 3684 1970 3724 re-

393 3775 523 3816 vera
553 3761 876 3826 subsistant,
909 3775 1070 3814 unam
1096 3760 1324 3813 formam
1364 3759 1749 3828 intelligamus,
1785 3775 1906 3829 quae
1937 3774 1969 3814 a

395 3850 556 3906 Patre
572 3851 790 3922 quidem
822 3851 1032 3922 incipit,
1048 3852 1102 3906 in
1119 3849 1257 3904 Filio
1287 3849 1618 3918 resplendet,
1651 3856 1705 3904 et
1726 3865 1823 3918 per
1845 3849 1966 3919 Spi-

391 3944 557 4000 ritum
586 3954 831 4000 sanctum
855 3945 1256 3999 manifestatur.
1306 3941 1645 4010 Quapropter
1666 3943 1758 4012 qui
1796 3939 1968 4013 Spiri-

391 4043 510 4090 tum
562 4035 782 4100 ferunt,
830 4034 1106 4090 Christum
1137 4049 1351 4104 quoque
1397 4032 1630 4088 ferunt:
1659 4048 1806 4100 nam,
1846 4053 1864 4086 ‹
1909 4034 1966 4089 Si

392 4128 538 4197 quis,
565 4127 761 4199 inquit,
795 4125 1054 4197 Spiritum
1080 4125 1286 4180 Christi
1323 4140 1431 4178 non
1483 4124 1677 4189 habet,
1729 4125 1817 4179 hic
1856 4140 1966 4180 non

390 4227 477 4277 est
504 4221 644 4290 ejus.
695 4218 755 4275 Si
796 4228 973 4274 autem
1005 4218 1259 4274 Christus
1301 4219 1357 4272 in
1404 4217 1560 4272 vobis
1587 4226 1713 4276 est:
1766 4233 1966 4287 corpus

384 4313 612 4387 quidem
644 4319 918 4367 mortuum
956 4320 1041 4367 est
1084 4321 1307 4382 propter
1359 4317 1642 4380 peccatum
1685 4311 1751 4372 ‘7',
1790 4328 1809 4361 ι
1855 4317 1962 4365 etc.

2072 1929 2164 1976 τος
2183 1930 2196 1943 ·
2228 1913 2342 1967 ἔστι
2367 1914 2422 1966 δὲ
2445 1917 2473 1967 6
2504 1915 2628 1976 Υἱὸς
2655 1917 2710 1968 ὲν
2743 1914 2938 1988 πλήρει
2961 1921 3027 1988 τῇ
3059 1918 3289 1990 θεότητι,
3327 1919 3434 1984 ζῶν
3458 1922 3653 1989 Λόγος,

2074 2005 2167 2057 καὶ
2198 2005 2442 2076 γέννημα
2467 2005 2562 2060 τοῦ
2588 2007 2800 2078 Πατρὸς
2824 2009 3094 2074 ἀνενδεές·
3131 2012 3334 2083 πλῆρες
3369 2013 3424 2065 δὲ
3459 2014 3552 2066 καὶ
3589 2013 3657 2068 τὺ

2073 2097 2298 2167 Πνεῦμα
2327 2099 2420 2152 τοῦ
2476 2099 2627 2162 Υίοῦ,
2661 2100 2722 2152 οὐ
2758 2101 2921 2173 μέρος
2948 2103 3153 2175 ἑτέρου,
3203 2105 3316 2157 ἀλλ’
3361 2105 3658 2176 ὁλόκληρον

2073 2189 2159 2257 ἐφ’
2193 2187 2408 2242 ἑαυτοῦ.
2459 2191 2570 2243 Καὶ
2625 2190 2798 2256 οὕτως
2843 2195 2875 2264 ὴ
2925 2194 3116 2264 Τριάς,
3169 2196 3438 2265 ἀληθινῶς
3492 2193 3653 2262 οἷσα,

2077 2282 2345 2351 συνῆπται
2403 2283 2500 2352 μὲν
2544 2283 2896 2349 ἀδιαστάτως.
2939 2287 3011 2339 Τὸ
3055 2286 3163 2359 γὰρ
3215 2288 3445 2360 διορίζον
3473 2291 3654 2354 οὐδὲν,

2074 2374 2290 2425 σύνεστι
2321 2373 2377 2424 δὲ
2408 2374 2590 2438 etaim;
2613 2393 2626 2406 °
2661 2375 2792 2430 αἰὼν
2818 2377 2926 2448 γάρ
2981 2378 3155 2441 οὐδεὶς
3198 2379 3402 2450 μεταξὺ
3436 2398 3658 2452 παρεμ-

2073 2462 2280 2516 πίπτει.
2313 2466 2542 2538 Μορφὴν
2597 2467 2653 2521 δὲ
2703 2470 2988 2540 προφαίνει
3043 2471 3168 2541 μίαν
3217 2473 3311 2524 καὶ
3331 2473 3428 2544 τὴν
3457 2474 3656 2544 αὐτὴν,

2072 2558 2285 2628 Πατρὸς
2318 2559 2414 2630 μὲν
2453 2561 2510 2613 ὲν
2561 2560 2675 2631 Υἱῶ
2705 2561 3098 2634 θεωρουμένου,
3141 2564 3272 2618 Υίοῦ
3303 2565 3359 2619 δὲ
3389 2567 3449 2618 ὲν
3477 2566 3657 2620 Πνεύ-

2075 2664 2204 2718 ματι
2232 2649 2326 2701 καὶ
2359 2649 2648 2720 νοουμένου
2686 2653 2780 2704 καὶ
2819 2653 3177 2724 μετεχομένου
3209 2655 3310 2708 ὑπὸ
3338 2655 3652 2728 ἀνθρώπου.

2077 2759 2096 2790 ‹
2145 2741 2334 2811 Ἡμεῖς
2383 2742 2511 2814 γὰρ,
2548 2762 2566 2794 ι
2603 2743 2754 2814 φησὶ,
2813 2762 2832 2794 ι
2898 2745 3096 2809 πάντες
3150 2747 3658 2820 ἀνακεκαλυμμένῳ

2074 2831 2348 2903 προσώπῳ
2364 2833 2459 2904 τὴν
2483 2833 2640 2897 δόξαν
2655 2834 2859 2906 Κυρίου
2888 2838 3396 2908 κατοπτριζόμενοι,
3415 2841 3515 2910 τὴν
3532 2837 3615 2906 (41
3633 2853 3654 2909 )

2072 2921 2241 2992 αὐτὴν
2278 2924 2460 2976 εἰκόνα
2495 2923 2991 2996 μεταμορφούμεθα
3041 2927 3149 2980 ἀπὸ
3178 2927 3336 3000 δόξης
3357 2929 3437 2992 είς
3467 2927 3652 2994 δόξαν,

2070 3012 2321 3086 καθάπερ
2353 3015 2462 3068 ἀπὸ
2491 3015 2694 3087 Κυρίου
2720 3015 3048 3088 πνεύματος.
3083 3036 3102 3070 ι

2145 3303 2231 3359 12.
2263 3305 2353 3375 Μὴ
2387 3305 2563 3360 τοίνυν
2589 3305 2664 3370 ώς
2695 3305 2984 3379 ὲνσώματα
3017 3307 3296 3381 ἀδιαίρετα
3339 3309 3478 3381 μέρη
3508 3328 3652 3380 φαν-

2069 3394 2360 3466 ταζώμεθα
2394 3398 2538 3466 τρία.
2567 3400 2840 3470 Δυσσεϐὴς
2875 3399 2983 3472 γὰρ
3026 3403 3053 3453 6
3072 3401 3347 3472 λογισμὸς,
3371 3403 3653 3475 ἀλλότριος

2069 3487 2372 3556 ἀσωμάτων
2400 3489 2638 3544 τελείων.
2683 3491 3003 3562 Ἀδιαίρετον
3031 3492 3314 3565 δεχώμεθα
3361 3497 3651 3550 συνουσίαν

2073 3578 2334 3630 συνόντων
2389 3579 2636 3650 ἀλλήλοις
2696 3581 2806 3649 (42)
2837 3581 3189 3646 ἀδιαστάτως,
3233 3585 3328 3637 καὶ
3371 3585 3538 3656 τριῶν
3577 3601 3650 3653 γε

2069 3665 2211 3718 κατὰ
2251 3665 2505 3736 ἀλήθειαν
2561 3669 2906 3738 ὑφεστώτων,
2965 3669 3022 3725 ἓν
3061 3671 3120 3723 τὸ
3158 3669 3295 3736 εἶδος
3351 3675 3649 3746 ἐννοῶμεν,

2068 3758 2367 3829 ἀρχόμενον
2392 3760 2500 3830 (45)
2535 3761 2633 3830 μὲν
2667 3765 2728 3814 ὲκ
2749 3763 2980 3833 Πατρὸς,
3001 3764 3219 3835 λάμῴαν
3234 3765 3291 3818 δὲ
3311 3766 3368 3818 ἐν
3393 3766 3523 3836 Υῐῷ,
3551 3769 3651 3821 καὶ

2070 3851 2470 3921 φανερούμενον
2502 3853 2589 3906 διὰ
2641 3854 2976 3924 Πνεύματος.
3019 3857 3118 3910 Διά
3161 3857 3316 3911 τοῦτο
3366 3859 3460 3912 καὶ
3503 3863 3550 3913 οί
3581 3862 3650 3915 τὸ

2068 3939 2293 4010 Πνεῦμα
2324 3942 2609 4012 φοροῦντες
2637 3943 2856 4016 φοροῦσι
2896 3946 3128 4016 Χριστόν
3154 3964 3166 3976 ·
3211 3965 3230 3998 ι
3264 3949 3325 4000 Ei
3359 3950 3466 4021 γάρ
3486 3967 3588 4013 τις,
3619 3969 3642 4002 ι

2070 4033 2220 4102 φησι,
2265 4051 2282 4083 ι
2318 4033 2537 4102 Πνεῦμα
2593 4034 2826 4104 Χριστοῦ
2875 4038 2975 4089 οὐκ
3007 4036 3140 4106 ἔχει,
3180 4033 3334 4101 οὗτος
3365 4040 3464 4091 οὐκ
3497 4039 3649 4092 ἔστιν

2069 4123 2252 4176 αὑτοῦ.
2309 4125 2372 4177 Ei
2421 4126 2650 4196 Χριστὸς
2707 4129 2764 4179 ἐν
2788 4127 2937 4195 ὑμῖν,
3001 4129 3064 4181 τὸ
3108 4129 3205 4198 μὲν
3247 4129 3403 4200 σῶμα
3450 4131 3648 4202 νεκρὸν

2068 4213 2153 4267 διὰ
2199 4217 2490 4286 ἁμαρτίαν,
2520 4236 2538 4268 ι
2577 4219 2670 4270 καὶ
2697 4219 2763 4270 τὰ
2797 4217 2938 4288 ἑξῆς.
2963 4221 3069 4272 Καὶ
3098 4222 3127 4272 6
3173 4221 3455 4290 Ἰωάννης·
3494 4242 3511 4272 ι
3548 4223 3648 4275 Ἐκ

2067 4305 2254 4358 τούτου
2304 4307 2662 4379 γινώσκομεν,
2695 4310 2775 4362 ὅτι
2825 4313 2880 4362 ὲν
2904 4313 3032 4382 ἡμῖν
3062 4311 3226 4376 ἔστιν,
3261 4315 3323 4366 ὲκ
3347 4313 3440 4367 τοῦ
3475 4315 3648 4367 Πνεύ-

383 4405 461 4460 Et
489 4403 726 4460 Joannes
757 4423 770 4460 :
813 4423 832 4456 ‹
867 4403 944 4458 Ex
998 4404 1100 4458 hoc
1137 4404 1518 4474 cognoscimus
1545 4441 1558 4465 ,
1611 4401 1866 4471 quoniam
1909 4402 1966 4456 in

2077 4415 2258 4468 ματος,
2291 4392 2351 4452 οὗ
2380 4399 2576 4460 ἔδωκεν
2607 4403 2757 4472 ἡμῖν.
2786 4423 2806 4453 ι
2846 4404 2955 4456 Καὶ
2991 4403 3115 4456 ναὸν
3152 4405 3250 4474 μὲν
3282 4406 3436 4473 ἀγίου
3473 4406 3647 4459 Πνεύ-

391 4495 552 4552 nobis
581 4502 705 4560 est,
737 4510 804 4550 ex
844 4493 1049 4565 Spiritu
1104 4509 1263 4564 quem
1315 4493 1463 4549 dedit
1507 4493 1667 4548 nobis
1709 4493 1774 4547 ⁸⁸.
1817 4511 1834 4543 ι
1900 4491 1966 4545 Ει

2077 4505 2239 4558 ματος
2265 4489 2332 4542 τὰ
2367 4488 2590 4560 σώματα
2618 4490 2773 4561 ἡμῶν
2806 4493 2834 4543 6
2860 4491 3068 4554 Παῦλος
3098 4492 3372 4564 ὀνομάζει,
3408 4495 3648 4566 Χριστὸν

383 4585 596 4653 Paulus
639 4585 857 4656 quidem
905 4599 1134 4654 corpora
1176 4591 1363 4638 nostra
1422 4583 1680 4653 templum
1727 4581 1962 4653 Spiritus

2077 4575 2126 4630 δὲ
2149 4579 2206 4631 ὲν
2232 4579 2362 4648 ἡμῖν
2391 4574 2528 4632 εἶναι
2572 4579 2736 4649 λέγει.
2768 4581 3005 4652 Χριστοῦ
3046 4581 3102 4634 δὲ
3134 4581 3408 4646 οἰκοῦντος
3445 4586 3522 4648 είς
3549 4585 3647 4639 τὸν

378 4663 569 4736 ἰεοιιοιὶ
619 4677 884 4744 nominat,
911 4676 1188 4732 Christum
1217 4684 1399 4730 autem
1451 4677 1508 4730 in
1539 4675 1695 4732 nobis
1726 4692 1848 4731 esse
1882 4676 1964 4730 di-

2077 4671 2174 4725 ἔσω
2235 4671 2392 4743 ἡμῶν
2443 4673 2746 4744 ἄνθρωπον,
2783 4674 2922 4728 κατά
2952 4675 3013 4728 τὸ
3052 4677 3456 4748 γεγραμμένον,
3508 4678 3647 4743 Θεός

382 4756 755 4836 ξοὶιιῦιιτίειο
803 4776 987 4822 autem
1041 4767 1318 4821 habitante
1363 4767 1421 4820 in
1465 4766 1726 4822 interiore
1773 4775 1962 4821 nostro

2077 4765 2211 4818 ἐστιν
2232 4765 2288 4816 ὲν
2319 4766 2446 4834 ἡμῖν
2479 4766 2747 4820 κατοικῶν
2768 4783 2781 4796 ·
2818 4786 2834 4818 ι
2873 4767 2984 4820 Οὐκ
3023 4751 3220 4833 οἴδατε,
3271 4768 3378 4840 γὰρ
3399 4810 3413 4834 ,
3454 4772 3643 4839 φησὶν,

381 4853 631 4924 ῗΙιοιιιίῐιο,
656 4865 716 4914 ιιι
745 4858 1007 4930 scriptum
1038 4867 1142 4922 est,
1176 4858 1317 4914 Deus
1345 4867 1429 4915 est
1460 4859 1553 4930 qui
1601 4861 1656 4914 in
1687 4861 1843 4915 nobis
1877 4861 1963 4915 in-

2077 4858 2144 4910 5τι
2173 4858 2298 4920 ναὸς
2337 4857 2471 4911 Θεοῦ
2518 4859 2639 4912 ὲστε
2661 4901 2676 4926 ,
2721 4859 2810 4914 κσὶι
2857 4861 2917 4913 τὸ
2949 4861 3174 4932 Πνεῦμα
3217 4863 3311 4915 τοῦ
3339 4862 3474 4915 Θεοῦ
3501 4865 3650 4917 οἰκεῖ

381 4951 643 5014 habitat:
677 4966 826 5015 nam,
879 4969 900 5004 ι
949 4950 1222 5014 Nescitis,
1272 4949 1480 5019 inquit,
1525 4950 1651 5021 quia
1701 4951 1962 5022 templum

2077 4952 2124 5002 ὲν
2165 4951 2310 5018 ὑμῖν.
2345 4970 2364 5001 ι
2407 4949 2591 5015 Οὕτως
2637 4969 2726 5022 μοι
2771 4953 2832 5006 τὸ
2876 4953 2978 5023 τῆς
3034 4953 3284 5026 θεότητος
3337 4956 3647 5027 ἀδιαίρετον

379 5040 483 5100 ὐεἱ
529 5044 686 5108 estis,
717 5050 772 5100 et
807 5041 1044 5113 Spiritus
1089 5041 1180 5096 Dei
1233 5042 1441 5097 habitat
1498 5042 1552 5098 in
1613 5043 1767 5100 vobis
1819 5044 1884 5097 ".
1937 5063 1956 5094 ι

2077 5041 2306 5106 εὐσεϐῶς
2338 5043 2402 5096 ἐκ
2432 5042 2538 5096 τῶν
2561 5043 2717 5098 θείων
2745 5045 2916 5114 λόγων
2939 5046 3336 5116 καταμάνθανε,
3370 5048 3430 5099 ὲν
3461 5050 3648 5120 τρισὶν

386 5136 574 5208 Itaque
629 5134 966 5190 divinitatem
1000 5133 1384 5190 indivisibilem
1423 5149 1585 5198 esse,
1637 5149 1704 5192 ex
1762 5134 1962 5188 divinis

2077 5135 2128 5188 ἓν
2171 5129 2309 5199 εἶδος
2349 5135 2643 5202 κατανοῶν,
2683 5137 2782 5206 οὐχ
2832 5137 2890 5189 ἓν
2931 5137 2997 5190 ἐκ
3049 5136 3214 5208 τριῶν
3260 5139 3493 5209 πρᾶγμα
3525 5137 3644 5210 (44)

457 5290 503 5322 ⁸⁸
542 5289 610 5345 lll
649 5288 783 5363 Reg.
819 5306 894 5359 ιν,
925 5289 1016 5346 29.
1093 5291 1138 5321 “
1177 5287 1219 5343 ll
1251 5289 1379 5344 Cor.
1418 5304 1516 5354 Ill,
1553 5288 1642 5345 18.
1721 5289 1762 5321 ⁸⁷
1803 5287 1962 5345 Rom.

2080 5306 2132 5355 ι,
2167 5289 2328 5357 9,10.
2409 5289 2492 5342 ⁸³1
2529 5289 2687 5346 Joan.
2727 5307 2798 5356 iv,
2837 5291 2923 5345 15.
3001 5291 3046 5322 ⁶⁹
3084 5289 3262 5346 ICor.
3299 5305 3403 5358 ιιι,
3439 5290 3530 5346 16.

460 5444 576 5528 (59)_
605 5443 664 5500 ln
695 5445 866 5528 editis
906 5460 1190 5528 perperam
1233 5443 1432 5528 legitur
1475 5444 1674 5528 σοφῶν,
1729 5458 1853 5499 cum
1889 5443 1962 5499 sit

2077 5442 2260 5528 Segni?
2284 5445 2562 5528 ἀλληλοις,
2596 5446 2768 5528 multo
2793 5446 3036 5528 melius:

377 5514 674 5590 legendum
708 5513 927 5590 σοφιῶνζ
957 5513 1033 5570 uti
1066 5513 1305 5590 Seguer.’
1334 5515 1515 5570 habet.

2135 5513 2249 5585 (’45)
2283 5513 2448 5580 Editi,
2496 5516 2823 5586 ἀρχομένου,
2875 5516 3156 5573 mendose.
3204 5513 3644 5590 Seguer.,6tpx6-

459 5585 568 5655 (40)
607 5585 975 5653 Seguerianus
997 5586 1307 5654 στρέφεται.

2077 5602 2244 5654 μενον.

457 5653 765 5731 (ΗχΕιιιιί,
789 5658 869 5731 είς
889 5656 1010 5731 τήν,
1042 5653 1241 5719 sedet;
1267 5655 1416 5712 deest
1437 5655 1492 5710 in
1535 5655 1790 5710 omnibus
1819 5667 1954 5710 mss.

2077 5724 2098 5731 _
2135 5655 2244 5726 (44)
2271 5653 2411 5710 Editi
2439 5664 2492 5731 et
2514 5655 2734 5731 quidam
2757 5656 3125 5731 manuscripti
3143 5657 3344 5723 habent
3385 5657 3636 5731 Πνεῦμα,

386 5734 444 5784 ct
469 5723 751 5802 ξῃΑβ-ιςαιοο
787 5723 1082 5802 Scriptura;
1113 5733 1295 5802 textu;
1530 5795 1541 5802 _
1648 5793 1682 5802 _
1724 5793 1738 5802 _
1760 5795 1774 5802 _
1843 5794 1856 5802 _
2065 5723 2316 5797 Seguer.,
2351 5723 2602 5802 πρᾶγμα,
2635 5727 2885 5782 ultimum
2916 5723 3269 5798 praeferimus.

460 5795 574 5870 ,(42)
597 5794 762 5866 Editi,
802 5793 1079 5868 ἀλλήλους,
1125 5796 1217 5854 sed
1259 5795 1596 5855 Basiliensis.
1641 5793 1955 5852 Goblerian.
