3878 6196
177 360 289 417 117

1411 352 1694 411 CONTRA
1736 352 2227 411 SABELLIANOS.

3348 364 3451 420 118

173 474 475 540 συπιθείς.
518 474 824 547 ’Δχώριστα
864 476 923 530 δὲ
977 476 1071 531 καὶ
1112 475 1195 540 είς
1237 476 1306 530 τὰ
1344 475 1445 547 τῆς
1487 475 1752 548 ἐνεργείας

1870 476 2057 532 verbis
2099 474 2355 546 religiose
2403 474 2638 546 discito,
2686 492 2753 535 ac
2794 478 2853 534 in
2907 479 3083 536 tribus
3124 496 3292 537 unam
3341 482 3457 540 for-

172 568 554 641 θεωρσύμενα,
610 568 903 634 ἀκούοντες
954 568 1049 624 τοῦ
1104 550 1428 622 Ἆποστόλου
1480 584 1770 641 μυσταγωι-

173 658 408 730 γοῦντος
444 659 540 715 καὶ
569 660 871 729 φάσκοντος
891 679 905 692 ο
943 680 963 713 ι
994 659 1295 734 Διαιρέσεις
1328 659 1386 714 δὲ
1413 660 1769 732 χαρισμάτων

172 753 309 819 εἰσὶ,
338 751 404 805 τὸ
440 752 507 825 δὴ
539 752 673 806 αὐτὸ
707 753 968 824 Πνεῦμα’
1014 752 1110 807 καὶ
1150 752 1443 826 διαιρέσεις
1482 751 1768 806 διακονιῶν

170 845 318 910 εἰσὶ,
355 844 451 898 καὶ
480 845 511 897 6
554 844 718 908 αὐτὸς
750 844 983 916 Κύριος·
1011 845 1107 899 καὶ
1138 844 1433 917 διαιρέσεις
1463 844 1770 917 ἐνεργημά-

168 954 286 992 των
321 936 434 1007 (45)
469 937 630 1000 εἰσὶν,
660 938 689 990 6
721 936 779 990 δὲ
805 936 968 1001 αὐτὸς
993 937 1126 1002 Θεὸς
1153 939 1183 991 6
1219 936 1458 1009 ἐνεργῶν
1485 935 1554 991 τά
1590 936 1767 992 πάντα

166 1029 233 1082 ὲν
280 1031 442 1083 πᾶσι.
478 1046 498 1080 ι
529 1029 641 1082 Καὶ
671 1027 975 1095 καταλέξας
1005 1028 1074 1083 τά
1119 1029 1438 1101 χαρίσματα
1480 1028 1763 1101 ἐπιφέρει*

171 1138 194 1171 ι
231 1121 426 1174 Πάντα
455 1121 515 1175 δὲ
542 1121 719 1175 ταῦτα
742 1124 955 1193 ἐνεργεῖ
981 1122 1042 1175 τὸ
1065 1120 1123 1175 ἓν
1154 1123 1247 1176 καὶ
1273 1122 1335 1175 τὸ
1363 1122 1494 1176 αὐτὸ
1516 1121 1764 1193 Πνεῦμα,

165 1213 419 1285 διαιροῦν
458 1213 566 1285 ἰδίᾳ
601 1214 839 1286 ἑκάστῳ,
863 1212 1045 1278 καθὼς
1076 1213 1343 1285 βούλεται.
1376 1232 1397 1267 ι
1425 1214 1593 1268 Ὅταν
1617 1212 1674 1267 δὲ
1699 1212 1767 1267 τὰ

163 1308 353 1362 πάντα
390 1307 684 1379 ὲνεργῆται
716 1305 830 1377 (46)
871 1304 977 1359 ὑπὸ
1018 1303 1113 1358 τοῦ
1141 1304 1277 1359 Θεοῦ
1316 1304 1405 1359 διά
1436 1303 1673 1379 Χριστοῦ
1707 1307 1766 1359 ὲν

161 1401 314 1472 ἁγίῳ
342 1401 647 1471 Πνεῦματι,
670 1400 974 1471 ἀχώριστον
992 1400 1104 1472 δρῶ
1120 1400 1401 1473 ἐνέργειαν
1416 1400 1509 1455 τοῦ
1526 1400 1764 1473 Πατρὸς,

161 1494 263 1547 καὶ
281 1493 382 1548 τοῦ
410 1493 571 1562 Υἱοῦ,
601 1495 696 1549 καὶ
718 1491 815 1547 τοῦ
840 1493 997 1561 ἀγίου
1019 1492 1358 1565 Πνεύματος.

234 1775 329 1829 1-5.
383 1772 528 1826 Ἀλλ’
560 1773 622 1826 οὐ
654 1770 745 1826 διά
790 1771 953 1825 τοῦτο
992 1770 1306 1844 συμπλέξας
1344 1769 1405 1824 τὸ
1435 1768 1505 1833 ἐξ
1538 1763 1633 1834 οὗ,
1669 1768 1764 1823 καὶ

158 1866 239 1923 δι’
269 1861 370 1932 οὗ,
389 1866 487 1920 xui.
505 1865 578 1919 ἐν
599 1856 669 1932 ᾧ,
694 1864 952 1936 βιάζομαι
979 1832 1077 1936 τὴν
1100 1832 1306 1936 Τριάδα
1331 1862 1535 1934 μονάδα
1567 1832 1760 1915 ποιεῖν·
1797 1832 1839 1888 Β

158 1956 289 2009 οὐδὲ
323 1955 424 2009 ἀνθ
433 1972 614 2026 ρωπον
637 1956 703 2008 ὲκ
716 1954 887 2026 τριῶν
903 1954 1146 2009 ὑπονοῶν
1166 1954 1280 2026 (47)
1304 1952 1578 2017 σύνθετον,
1598 1951 1763 2007 πνεύσ-

162 2066 374 2121 ματος,
418 2049 635 2119 ψυχῆς,
680 2046 968 2120 σώματος,
1002 2046 1147 2101 οὕτω
1183 2047 1279 2101 καὶ
1308 2046 1475 2111 Θεὸν,
1510 2044 1765 2117 καθάπερ

158 2144 416 2196 κάκεῖνοι
463 2139 757 2211 τολμῶσιν,
791 2140 914 2193 οὐδὲ
960 2140 1054 2197 ἐπὶ
1098 2141 1199 2212 τῆς
1239 2137 1497 2209 τοιαύτης
1532 2136 1764 2201 ἀσεϐοῦς

158 2232 428 2295 ὑπονοίας
474 2232 742 2303 προῖεμαι
772 2230 835 2284 τὸ
867 2229 1191 2302 ἀχώριστον.
1231 2230 1365 2285 Οὐδὲ
1396 2230 1446 2282 εἰ
1467 2228 1614 2298 λέγοι
1648 2226 1762 2300 (48)

156 2343 247 2389 τις
297 2325 377 2389 ὼς
427 2324 523 2379 τὸν
581 2324 886 2378 ἐνδιάθετον
922 2322 1081 2391 λόγον
1100 2362 1116 2388 ,
1151 2323 1186 2393 ἢ
1225 2321 1319 2377 τὸν
1373 2323 1434 2376 ἐν
1474 2323 1625 2392 φωνῇ
1665 2318 1761 2373 τοῦ

157 2419 420 2484 νοοῦντος
455 2419 549 2473 καὶ
581 2418 871 2482 λαλοῦντος
901 2416 1224 2489 ἀχώριστον,
1258 2416 1401 2470 οὕτω
1424 2414 1518 2468 τοῦ
1543 2413 1761 2486 Πατρὸς

155 2511 251 2565 τὸν
286 2510 425 2563 Υίὸν
458 2509 556 2564 καὶ
583 2509 646 2562 τὸ
666 2508 912 2580 Πνεῦμα.
940 2508 1022 2562 Τά
1050 2508 1160 2579 γὰρ
1182 2506 1277 2561 τοῦ
1312 2507 1566 2561 συνθέτου
1594 2505 1757 2577 μέρη,

158 2605 257 2656 καὶ
284 2602 359 2657 τὰ
389 2602 489 2657 τοῦ
512 2602 831 2674 κινουμένου
850 2603 1150 2675 κινήματα,
1178 2601 1315 2674 πρὸς
1338 2600 1436 2672 τὴν
1450 2595 1758 2655 ’ἀσύνθετον

156 2697 255 2750 καὶ
327 2697 693 2751 ἀναλλοίωτον
752 2696 914 2767 φύσιν
978 2695 1245 2768 οὐδεμίαν
1284 2695 1395 2766 ἔχει
1446 2691 1752 2749 κοινωνίαν.

168 2788 328 2842 Ἐπεὶ
357 2789 460 2842 καὶ
483 2788 602 2853 πῶς
631 2788 950 2843 ἀποστέλλει
980 2789 1041 2842 τὸ
1079 2789 1245 2859 μέρος
1271 2787 1305 2859 ἢ
1330 2786 1392 2840 τὸ
1426 2785 1634 2857 κίνημα
1655 2786 1759 2839 αὐ-

152 2879 249 2934 τοῦ
272 2882 307 2934 6
339 2881 559 2952 Πατὴρ,
591 2881 941 2935 ἀποστέλλων
968 2880 1059 2934 τὸν
1081 2880 1244 2945 Υἱόν;
1278 2878 1313 2950 ἢ
1345 2878 1408 2932 τὸ
1441 2878 1665 2948 Πνεῦμα
1695 2876 1758 2930 τὸ

154 2974 317 3043 ἆγιον
365 2977 397 3027 6
444 2973 575 3038 Υἱὸς
619 2974 921 3046 ἐκπέμπων
976 2976 1058 3038 είς
1115 2973 1207 3027 τὸν
1258 2973 1500 3043 κόσμον;
1537 2972 1610 3024 Ἦ
1655 2969 1756 3024 οὐκ

152 3065 447 3136 ἀπεστάλη
478 3066 577 3137 μὲν
599 3065 706 3119 ὑπὸ
726 3064 822 3118 τοῦ
843 3063 1058 3137 Πατρὸς
1079 3065 1108 3116 6
1129 3062 1287 3130 Υἱός;
1314 3059 1754 3134 Διαμαρτύρεται

154 3159 466 3230 πανταχοῦ,
491 3159 587 3212 καὶ
614 3156 968 3211 ἀποστέλλειν
992 3156 1104 3227 (49)
1139 3155 1202 3209 τὸ
1232 3154 1460 3224 Πνεῦμα
1482 3153 1544 3206 τὸ
1576 3151 1756 3224 παρά-
1783 3180 1825 3239 C

154 3252 358 3323 κλητον
405 3250 805 3320 ἐπαγγέλλεται
822 3290 838 3316 ,
873 3250 968 3304 καὶ
1011 3248 1077 3320 δὴ
1126 3247 1221 3302 καὶ
1264 3245 1582 3302 ἀποστέλλει
1613 3243 1756 3299 κατά

151 3343 254 3415 τὴν
284 3343 609 3413 ὑπόσχεσιν.
648 3340 787 3394 Ἀλλ’
809 3341 859 3392 oi
879 3338 977 3411 τὴν
1002 3338 1209 3411 Τριάδα
1243 3336 1444 3409 μονάδα
1473 3333 1756 3400 ποιοῦντες

153 3432 399 3487 νοθεύειν
456 3432 549 3485 καὶ
605 3431 706 3503 τὴν
743 3430 1067 3502 ἀποστολὴν,
1108 3427 1298 3501 ὥσπερ
1337 3426 1438 3499 τὴν
1475 3426 1751 3498 γέννησιν,

152 3523 555 3594 ἐπιχειροῦσιν.
585 3523 734 3576 Εἷσω
784 3522 892 3593 γάρ
930 3521 1059 3574 ὅντα
1094 3521 1229 3591 φασὶ
1272 3519 1365 3572 τοῦ
1410 3518 1623 3591 Πατρὸς
1661 3517 1753 3571 τὸν

152 3616 285 3670 Υἱὸν
309 3616 586 3686 ἀγιασμὸν
604 3612 893 3686 ἀνθρώπου
927 3611 1257 3684 ἐργάζεσθαι
1286 3609 1422 3684 (50),
1453 3609 1750 3672 τουτέστιν,

152 3710 319 3763 αὐτὸν
350 3709 448 3762 τὸν
476 3709 573 3763 ἕνα
603 3707 698 3761 καὶ
729 3708 888 3779 μόνον
918 3701 1074 3771 Θεὸν,
1097 3704 1270 3769 οὕτως
1299 3703 1635 3761 ἀπεστάλθαι
1662 3701 1753 3756 τὸν

150 3800 475 3872 ἄνθρωπον,
510 3801 578 3852 οὐ
608 3796 743 3852 Θεὸν
794 3796 947 3877 παρά
993 3796 1150 3850 Θεοῦ.
1194 3794 1321 3860 Πῶς
1366 3793 1476 3865 γὰρ
1517 3792 1611 3847 καὶ
1648 3793 1755 3846 ἀπ-

150 3891 458 3956 έσταλται,
493 3890 682 3959 φασὶν,
726 3890 756 3942 6
801 3890 998 3958 Λόγος,
1040 3888 1115 3961 μὴ
1159 3887 1566 3959 διαιρούμενος,
1619 3884 1755 3957 μηδὲ

151 3982 555 4055 χωριζόμενος,
584 3977 644 4037 οῦ
675 3982 849 4051 Λόγος
868 3982 1051 4049 ὲστίν;
1081 3982 1206 4036 ’Ότι
1229 3980 1327 4051 μὲν
1354 3975 1448 4034 οῦν
1476 3978 1754 4051 σάρκωσις

149 4076 246 4130 τοῦ
289 4076 476 4144 Λόγου
514 4075 874 4146 κεκήρυκται,
903 4074 989 4138 τίς
1028 4073 1310 4139 ἀντείποι;
1347 4071 1441 4127 τοῦ
1469 4069 1754 4141 εὐαγγελι-

151 4167 283 4221 στοῦ
316 4166 556 4239 βοῶντος
592 4166 734 4237 (51)·
778 4185 797 4217 ι
847 4166 907 4220 '0
946 4165 1118 4235 Λόγος
1162 4164 1299 4237 σὰρξ
1336 4164 1573 4234 ἐγένετο,
1605 4182 1624 4215 ι
1656 4173 1753 4227 καὶ¹

148 4259 236 4313 ὅτι
280 4257 667 4329 καταϐέϐηκεν
716 4257 776 4325 ὲξ
816 4258 1047 4330 οὐρανοῦ
1082 4259 1417 4331 κεκραγότος
1449 4257 1615 4313 αὑτοῦ
1654 4257 1751 4334 τοῦ

149 4350 439 4421 Σωτῆρος,
493 4351 593 4419 οὐχ
637 4350 806 4415 ἅπαξ,
856 4350 994 4404 ἀλλά
1026 4350 1121 4404 καὶ
1161 4350 1422 4414 πολλάκις
1457 4349 1609 4423 (52);
1642 4351 1752 4404 Καὶ

149 4440 262 4510 μὴν
287 4440 376 4492 ὅτι
417 4439 537 4512 οὐκ.
563 4438 846 4512 ἅνθρωπος
884 4441 913 4492 ὁ
955 4439 1159 4512 Κύριος
1178 4438 1335 4511 ἡμῶν
1376 4439 1584 4510 Ἰησοῦς
1612 4441 1750 4512 Χρι-

1871 580 2021 619 mam
2057 564 2355 636 intelligas,
2390 581 2570 637 neque
2605 574 2792 625 tamen
2826 583 2990 625 unam
3024 586 3092 627 ex
3125 571 3303 629 tribus
3337 588 3457 632 rem

1872 670 2192 728 componas.
2227 655 2594 715 lndivisibiles
2627 669 2815 721 autem
2842 676 2968 720 esse
2994 678 3264 733 personas
3287 667 3457 725 etiam

1871 749 1930 806 in
1963 751 2304 821 operatione,
2327 768 2397 809 ex
2415 752 2705 824 Apostolo,
2732 753 2822 811 his
2849 756 3029 813 verbis
3049 757 3165 813 haec
3192 761 3459 831 mysteria

1870 842 2122 907 docente,
2158 843 2349 899 audire
2382 843 2548 899 licet:
2588 862 2609 896 ι
2644 842 2955 903 Divisiones
2992 861 3124 903 vero
3152 849 3458 920 gratiarum

1871 941 2024 1001 sunt,
2058 935 2204 990 idem
2242 944 2423 991 autem
2458 934 2731 1005 Spiritus:
2758 944 2815 994 et
2840 936 3146 998 divisiones
3174 942 3461 999 ministra-

1869 1028 2081 1083 tionum
2111 1034 2261 1095 sunt,
2289 1027 2435 1083 idem
2479 1036 2662 1085 autem
2703 1029 3017 1089 Dominus:
3063 1045 3117 1090 et
3158 1034 3460 1094 divisiones

1868 1120 2248 1189 operationum
2279 1129 2436 1187 sunt,
2477 1120 2623 1177 idem
2660 1138 2787 1179 vero
2834 1123 2982 1182 Deus
3004 1166 3019 1190 ,
3051 1126 3147 1197 qui
3197 1136 3460 1199 Operatur

1868 1209 2053 1264 omnia
2086 1210 2143 1265 in
2168 1210 2424 1267 omnibus
2446 1211 2518 1268 "°.
2557 1230 2579 1266 ι
2612 1213 2695 1269 Ac
2722 1223 3011 1286 postquam
3041 1217 3246 1288 gratias
3269 1233 3459 1275 recen-

1868 1302 2015 1370 suit,
2051 1303 2238 1359 subdit
2269 1323 2284 1359 :
2322 1323 2349 1356 ι
2379 1303 2509 1361 Hac
2561 1314 2753 1362 autem.
2793 1307 2980 1363 omnia
3025 1317 3285 1380 operatur
3311 1327 3456 1370 unus

1867 1401 2035 1465 atque
2064 1395 2207 1450 idem
2227 1393 2490 1466 Spiritus,
2509 1397 2761 1455 dividens
2780 1400 3012 1471 singulis
3031 1410 3195 1472 prout
3216 1404 3330 1458 vult
3348 1405 3416 1460 τί.
3430 1423 3451 1457 ι

1866 1484 2004 1540 Cum
2037 1494 2220 1542 autem
2251 1488 2439 1543 omnia
2468 1496 2703 1559 agantur
2734 1504 2767 1543 a
2794 1488 2907 1545 Deo
2943 1505 3043 1561 per
3079 1491 3359 1549 Christum
3398 1494 3457 1550 in

1868 1575 2078 1648 Spiritu
2108 1586 2324 1647 sancto,
2352 1579 2646 1636 indivisam
2673 1580 2833 1637 video
2858 1583 3234 1653 operationem
3248 1583 3453 1653 Patris,

1864 1675 1921 1724 et
1956 1667 2103 1735 Filii,
2137 1678 2193 1726 et
2225 1668 2466 1742 Spiritus
2490 1673 2688 1731 sancti.

1936 1760 2048 1834 36
2081 1762 2171 1816 15.
2197 1760 2311 1819 Nec
2340 1771 2521 1819 tamen
2546 1764 2672 1821 ideo
2700 1765 2757 1821 in
2782 1781 2954 1821 unum
2983 1766 3076 1821 illa
3101 1767 3269 1824 verba
3299 1783 3455 1826 com~

1866 1852 2036 1924 plico,
2081 1871 2146 1910 ea:
2180 1873 2303 1928 quo,
2332 1864 2388 1913 et
2423 1875 2518 1929 per
2547 1875 2720 1929 quem,
2760 1869 2815 1916 et
2849 1861 2906 1915 in
2936 1878 3060 1931 quo,
3110 1870 3172 1917 ut
3215 1861 3457 1920 Trinita-

1867 1954 1976 2001 tem
2007 1947 2155 2003 nitar
2182 1950 2449 2006 unitatem
2470 1949 2684 2007 allicere
2716 1967 2729 2004 :
2755 1967 2933 2022 neque
2959 1952 3235 2009 hominem
3257 1968 3326 2011 ex
3354 1955 3457 2009 tri-

1864 2035 1970 2094 bus
1990 2041 2356 2112 compositum
2382 2040 2716 2113 intelligens,
2758 2042 2956 2113 spiritu
2995 2058 3213 2115 nempe,
3246 2045 3455 2112 anima,

1864 2136 1919 2183 et
1947 2143 2212 2200 corpore;
2236 2129 2318 2184 sic
2339 2136 2395 2185 et
2423 2128 2594 2186 Deum
2627 2131 2909 2200 existimo,
2939 2116 2999 2187 ut
3035 2132 3114 2187 illi
3141 2133 3326 2191 facere
3352 2151 3455 2189 au-

1863 2220 2037 2277 dent:
2068 2237 2247 2293 neque
2288 2222 2470 2293 impiae
2515 2222 2788 2293 ejusmodi
2826 2226 3103 2296 opinionis
3152 2242 3341 2295 causa,
3376 2228 3457 2283 in-

1861 2313 2296 2371 divisibilitatem
2326 2329 2596 2387 propono.
2630 2314 2745 2372 Nec
2790 2316 2838 2373 si
2869 2317 2995 2389 quis
3024 2318 3248 2385 dixerit,
3278 2320 3455 2375 inter-

1861 2421 1996 2460 num
2036 2410 2266 2462 verbum
2297 2445 2314 2472 ,
2371 2413 2468 2460 aut
2507 2407 2737 2462 verbum
2779 2422 2914 2464 voce
2955 2410 3392 2480 pronuntiatum,
3418 2426 3455 2467 ι

1860 2498 2137 2571 cogitante
2164 2505 2221 2555 et
2267 2498 2523 2570 loquente
2551 2499 2917 2571 inseparabile
2936 2516 3094 2567 esse,
3121 2503 3198 2558 ita
3232 2518 3454 2576 quoque

1860 2593 2127 2648 continuo
2168 2592 2237 2649 de
2275 2592 2459 2650 Patris
2498 2592 2639 2650 Filio
2674 2603 2729 2649 et
2769 2594 2980 2667 Spiritu
3014 2599 3449 2672 intelligendum.

1859 2683 1998 2740 Nam
2031 2686 2324 2757 compositi
2345 2693 2552 2757 partes,
2574 2694 2631 2742 et
2654 2687 2795 2759 ejus,
2822 2690 2915 2761 qui
2938 2699 3210 2758 movetur,
3241 2698 3449 2756 motus.

1858 2791 1985 2832 cum
2031 2784 2232 2833 natura
2285 2793 2399 2835 non
2459 2782 2765 2851 composita
2819 2797 2885 2839 ac
2930 2783 3258 2840 immutabili
3306 2787 3449 2844 nihil

1858 2883 2152 2928 commune
2176 2870 2400 2928 habent.
2435 2870 2649 2929 Etenim
2687 2874 2963 2945 quomodo
2990 2874 3187 2946 Pater,
3235 2887 3449 2950 partem

1858 2978 2052 3030 suam,
2100 2974 2194 3021 aut
2224 2976 2429 3023 motum
2461 2984 2623 3024 suum
2656 2968 2826 3023 mittit
2866 2969 2925 3025 in
2977 2970 3244 3027 mundum
3264 3010 3281 3039 ,
3314 2971 3448 3028 dum

1855 3053 2056 3111 Filium
2088 3058 2292 3114 mittit?
2336 3067 2430 3116 aut
2480 3060 2668 3116 itidem
2718 3061 2847 3117 dum
2884 3061 3149 3133 Spiritum
3194 3071 3449 3121 sanctum

1857 3143 2032 3206 Filius
2062 3151 2262 3206 emittit
2295 3152 2354 3206 in
2395 3153 2703 3209 mundum?
2742 3153 2825 3208 An
2858 3152 3032 3211 Filius
3061 3170 3093 3210 a
3118 3153 3283 3211 Patre
3313 3156 3449 3211 mis-

1860 3256 1957 3297 sus
1976 3257 2086 3298 non
2108 3244 2229 3299 est?
2253 3241 2371 3300 Hoc
2401 3244 2495 3302 ille
2540 3246 2742 3317 ubique
2794 3253 3050 3316 testatur,
3086 3262 3151 3303 ac
3179 3245 3448 3319 Spiritum

1857 3350 1919 3392 se
1961 3336 2261 3392 missurum
2306 3338 2618 3409 pollicetur,
2649 3340 2912 3411 illumque
2934 3340 3090 3411 juxta
3123 3341 3448 3411 promissio-

1857 3439 1985 3481 nem
2016 3441 2210 3483 revera
2235 3426 2424 3483 mittit.
2447 3428 2518 3485 At
2547 3431 2642 3501 qui
2672 3428 2996 3487 Trinitatem
3025 3432 3295 3487 unitatem
3331 3431 3447 3488 elli-

1856 3518 2046 3586 ciunt,
2080 3519 2423 3587 missionem,
2463 3530 2525 3577 ut
2560 3528 2615 3577 et
2650 3523 3084 3593 generationem,
3131 3523 3448 3582 adulterare

1854 3612 2127 3668 nituntur.
2172 3610 2375 3669 Filium
2418 3615 2566 3670 enim
2610 3615 2757 3693 intra
2802 3614 3025 3673 Patrem
3062 3617 3442 3686 exsistentem,

1854 3704 1910 3760 id
1941 3713 2048 3772 est,
2074 3704 2254 3777 ipsum
2286 3722 2457 3762 unum
2477 3717 2532 3763 et
2558 3707 2737 3764 solum
2753 3708 2926 3765 Deum
2947 3710 3442 3767 sanctilicationem

1854 3794 2095 3853 hominis
2123 3798 2341 3867 operari
2373 3797 2527 3854 aiunt
2554 3816 2569 3855 :
2602 3806 2766 3870 atque
2792 3815 2918 3856 eum
2970 3802 3067 3872 qui
3113 3801 3191 3857 ita
3235 3800 3442 3857 missus

1853 3894 1941 3945 est
1973 3888 2271 3955 hominem,
2293 3896 2349 3945 et
2378 3906 2489 3947 non
2509 3890 2681 3947 Deum
2705 3892 2772 3947 de
2798 3891 2907 3948 Deo
2927 3892 3120 3953 fuisse.
3154 3892 3441 3961 Quomodo

1853 3979 2022 4048 enim,
2061 3981 2236 4048 aiunt,
2271 3983 2503 4039 missum
2537 3982 2700 4038 fuerit
2732 3982 2993 4050 Verbum,
3018 4000 3144 4042 cum
3174 4001 3277 4042 nec
3299 3986 3440 4042 divi-

1853 4086 1998 4138 sum,
2034 4087 2138 4129 nec
2176 4082 2489 4144 separatum
2534 4076 2606 4131 sit
2644 4075 2714 4132 ab
2745 4091 2810 4132 eo
2842 4078 3003 4148 cujus
3044 4084 3130 4134 est
3166 4079 3441 4136 Verbum?

1854 4163 2013 4230 Quod
2040 4164 2261 4247 quidem
2307 4165 2472 4222 Verbi
2515 4168 2826 4223 incarnatio
2871 4170 3167 4241 praedicata
3208 4172 3280 4227 sit
3312 4173 3437 4244 quis

1853 4254 2101 4324 negarit,
2154 4256 2489 4327 evangelista
2521 4256 2729 4327 liquido
2777 4258 3086 4315 clamante:
3135 4276 3155 4311 ι
3196 4258 3438 4316 Verbum

1853 4358 1984 4400 caro
2009 4343 2216 4400 factum
2238 4354 2325 4401 cst
2352 4346 2434 4414 7’;
2467 4364 2486 4399 ι
2530 4361 2656 4402 cum
2681 4356 2736 4403 et
2769 4347 2888 4419 ipse
2927 4346 3178 4404 Salvator
3223 4366 3255 4407 e
3293 4351 3436 4407 coelo

1853 4450 1913 4491 se
1938 4435 2290 4493 descendisse
2328 4451 2441 4491 non
2479 4436 2669 4502 semel,
2698 4437 2795 4493 sed
2822 4448 2877 4495 et
2902 4440 3110 4511 pluries
3143 4441 3441 4501 clamando.

148 4504 302 4594 στὸς,
331 4529 363 4579 6
388 4504 686 4593 ἀπόστολος
730 4529 941 4593 Παῦλος
981 4504 1117 4603 πρὸς
1144 4504 1390 4595 Γαλάτας
1416 4504 1744 4602 διισχυρίζε-

1861 4524 2236 4582 lﬂirmaverit?
2263 4527 2331 4581 Et
2376 4530 2597 4599 quidem
2626 4530 2775 4601 quod
2805 4504 2921 4588 non
2946 4534 3124 4589 solum
3162 4534 3325 4590 homo
3361 4537 3435 4592 sit

144 4640 266 4678 ται.
309 4622 457 4676 Ἀλλ’
491 4624 539 4676 εἰ
570 4624 665 4677 καὶ
690 4623 976 4695 ἄνθρωπος
998 4622 1287 4695 ὁμώνυμος
1318 4626 1472 4696 ⁴ἡμῖν,
1493 4624 1741 4695 δεύτερος

144 4715 445 4785 ἄνθρωπος
469 4755 483 4777 ,
512 4715 607 4768 καὶ
625 4714 724 4785 οὐχ
757 4708 868 4778 οἷος
896 4717 926 4768 ό
946 4715 1207 4788 πρότερος
1226 4715 1338 4788 (55)
1361 4715 1622 4788 γηγενὴς,
1646 4716 1744 4770 καὶ

144 4807 178 4859 6
200 4806 303 4875 μὲν
508 4804 656 4868 ζῶσα
675 4846 691 4872 ,
726 4805 755 4858 6
785 4805 842 4858 δὲ
880 4805 1105 4877 Πνεῦμα
1130 4806 1453 4871 ζωοποιοῦν.

221 5130 271 5161 ⁷⁸
306 5126 327 5182 l
356 5127 489 5185 Cor.
514 5146 616 5196 xu,
640 5130 752 5187 4—6.
829 5132 875 5163 "‘
901 5130 1037 5187 ibid.
1068 5131 1156 5186 11.
1235 5132 1281 5164 ’³
1304 5129 1467 5187 Joan.
1499 5147 1538 5197 ι,
1575 5130 1665 5187 id.

226 5269 338 5337 (l5)
370 5267 464 5324 Sic
488 5267 831 5333 Basiliensis,
862 5266 1086 5338 Seguer.
1111 5276 1167 5323 et
1185 5267 1411 5338 Graecus
1440 5265 1739 5338 Scripturae

150 5348 356 5393 textus.
390 5339 558 5403 Editi,
583 5339 913 5410 ἐνεργειῶν.
941 5337 1114 5393 Paulo
1153 5348 1310 5410 post,
1344 5337 1732 5410 Segucrianus,

152 5410 520 5480 Goblerianus
535 5416 590 5464 et
611 5407 758 5465 Γάιε.
777 5425 813 5472 ι,
833 5409 928 5462 καὶ
954 5407 1294 5474 καταλλάξας
1317 5407 1385 5461 τὰ
1401 5409 1733 5480 χαρίσματα.

224 5480 340 5551 (ιδ)
365 5478 745 5551 βοὺιθΐίαηιιε
772 5488 828 5535 ει
855 5480 1001 5551 ιῖοιε.
1030 5495 1070 5544 ι,
1096 5478 1418 5551 ἐνεργεῖται.

219 5547 337 5630 (47)
364 5549 559 5615 Basil.,
583 5550 832 5616 Goblcr.,
859 5549 1112 5622 Seguer.,
1145 5547 1376 5603 ὑπονοῶ.
1410 5547 1573 5614 Editi,
1598 5548 1734 5601 ὑπο-

151 5636 310 5675 νοων.

222 5691 334 5763 (l8)
367 5690 761 5763 Seguerianus,
783 5690 959 5763 λέγει.

220 5757 335 5887 ξὲθ)
370 5757 552 5835 Εᾶῖῑί,
583 5757 945 5819 ἐπιστέλλειν.
984 5759 1330 5833 Segucrian.,
1364 5757 1732 5826 ἀποστέλλειν,

281 5847 370 5887 us.

156 5843 370 5889 melius.
1612 5886 1617 5890 .

1844 4614 2113 4673 Dominus
2140 4627 2328 4674 noster
2347 4617 2508 4677 Jesus
2530 4619 2805 4691 Christus,
2828 4625 3109 4694 apostolus
3129 4626 3333 4684 Paulus
3362 4631 3432 4684 ad

1842 4706 2087 4778 Galatas,
2122 4709 2409 4767 conﬁrmat
2441 4731 2455 4766 :
2483 4713 2581 4770 sed
2613 4714 2717 4769 etsi
2747 4715 2913 4771 homo
2945 4717 3017 4771 sit
3037 4718 3197 4775 nobis
3228 4734 3432 4792 cogno-

1840 4801 2037 4869 minis,
2078 4803 2354 4860 secundus
2387 4805 2592 4861 homo:
2636 4814 2693 4861 at
2718 4822 2830 4863 non
2866 4809 3045 4879 qualis
3080 4810 3171 4867 ille
3217 4811 3429 4883 primus

1839 4900 2114 4960 terrenus,
2148 4911 2276 4950 nam
2315 4896 2408 4953 ille
2435 4896 2655 4969 quidem
2706 4909 2792 4957 est
2837 4902 3020 4958 anima
3059 4904 3280 4975 vivens,
3337 4907 3427 4964 hic

1839 5000 1972 5041 vero
2005 4985 2218 5057 Spiritu
2246 4987 2548 5046 viviﬁcans.

2056 5263 2834 5343 ἓεεὲιβῖίθηηειὲργάσασθαιε

2056 5334 2405 5415 ξρέἱῇθὶιεὶε,
2437 5334 2785 5415 Segi_terian_.,
2821 5340 3050 5412 βοῶντος
3085 5347 3293 5415 σαφῶς.

1906 5406 2021 5528 352)
2058 5408 2149 5461 Sic
2184 5406 2612 5481 Segueriaant
2653 5406 2992 5478 Goble'rian”
3030 5406 3123 5468 τοῦ
3167 5406 3420 5493 Σωτῆρος

1906 5498 1911 5524 ι
1944 5475 2121 5528 λάκις.
2163 5482 2386 5528 omissis
2436 5482 2799 5528 internnsitis-
2842 5482 3010 5528 Edili,
3046 5486 3137 5528 τοῦ
3165 5490 3418 5528 Enn-im,

1835 5475 2121 5562 πολλάκις,
2158 5475 2386 5562 oriiissis
2434 5475 3015 5562 interpositisaEditi,
3046 5486 3137 5539 τοῦ
3163 5475 3418 5562 Σωτῆρος

1836 5547 1934 5617 οὐχ
1963 5546 2127 5612 ἅπαξ.
2154 5550 2267 5604 Καὶ
2294 5553 2420 5676 μῖν.
2579 5546 2599 5553 ’
2818 5557 2824 5563 ’

1909 5618 2021 5676 (55)
2056 5619 2214 5674 Gohl.
2257 5632 2312 5676 et
2370 5622 2496 5676 ‘elc.
2535 5641 2584 5676 ι.
2616 5625 2646 5676 ὁ
2672 5624 2824 5676 ποότι

2056 5619 2234 5704 ϐοωᾏ
2257 5618 2312 5704 et
2352 5618 2496 5704 Felc.
2535 5641 2584 5691 ι,
2616 5625 2646 5678 6
2672 5624 2958 5704 πρότερον.
2990 5627 3139 5704 ibid.
3171 5629 3412 5704 ‘Seguer.

1836 5686 2081 5771 Gohle'r:
2098 5699 2154 5745 et
2192 5690 2340 5771 fele.
2372 5711 2425 5764 ι,
2459 5697 2487 5749 ὁ
2524 5686 2783 5769 γηγενής.
2823 5686 2947 5756 Nlo:
2987 5701 3041 5757 in
3082 5686 3299 5771 iisdem”,

1837 5768 1962 5830 post
1999 5758 2138 5829 θεῖα,
2175 5761 2346 5821 deest.
2410 5758 2422 5764 ’
2719 5758 2757 5768 ’⁷
3204 5758 3209 5759 ί
3284 5758 3297 5771 ’
3375 5758 3424 5787 νῦ
