3878 6196
419 407 529 468 “9

1563 394 1622 450 s.
1663 391 2135 449 ATHANASIUS.
2179 417 2255 434 .—
2281 354 2513 447 eum,

3582 379 3700 438 I20

491 526 580 582 14.
621 523 748 580 Haec
777 523 925 581 enim
949 525 1078 580 sunt
1103 519 1288 576 divina
1313 524 1367 574 et
1399 517 1702 589 apostolica
1730 515 1917 580 verba,
1951 522 2006 571 et

2182 515 2268 570 H.
2292 513 2477 569 Ταῦτα
2515 512 2624 585 γάρ
2657 510 2778 576 θεῖά
2799 527 2860 564 τε
2895 509 2989 564 καὶ
3015 503 3344 564 ἀποστολικά
3373 504 3594 578 ῥήματά
3627 520 3698 558 τι

418 621 719 694 dogmata:
755 617 890 689 quin
934 625 991 672 et
1039 615 1159 686 ipsa
1199 626 1366 683 opera
1404 611 1592 666 deitati
1632 609 2008 665 testimonium

416 710 728 784 perhibent,
758 722 881 779 qua
899 721 1024 762 cum
1049 712 1321 776 potestate
1341 701 1554 758 coslesti
1581 701 1714 756 ﬁunt
1743 721 1754 756 :
1794 709 1856 756 ut
1883 715 2011 755 cum

424 801 653 874 imperat
704 799 1015 864 elementis,
1065 804 1261 854 ventos
1326 795 1603 865 increpat,
1659 795 1865 849 virtute
1911 806 2011 847 sua

427 893 615 952 nutila
642 906 874 962 corpora
921 897 1216 956 restaurat,
1249 903 1313 942 ac
1337 888 1617 943 voluntate
1661 887 1886 941 morbos
1923 899 2015 940 sa-

425 993 536 1050 nat,
567 998 836 1055 suamque
878 989 1207 1054 potestatem
1257 978 1567 1051 proﬁtetur,
1602 991 1704 1033 nec
1753 992 1874 1032 eam
1919 991 2014 1030 oc-

421 1079 630 1134 cultat:
667 1091 732 1131 ac
757 1090 854 1146 per
891 1089 1016 1129 eum
1050 1087 1201 1128 mors
1234 1071 1504 1136 aboletur,
1539 1069 1648 1125 vita
1681 1076 1736 1124 et
1764 1068 2015 1123 incorru-

418 1171 537 1241 ptio
582 1165 920 1239 resplendet,
955 1173 1217 1234 corrupta
1257 1163 1543 1218 hominum
1590 1168 1788 1216 natura
1833 1159 2017 1214 denuo

419 1269 663 1325 creatur,
691 1257 930 1313 mundus
950 1255 1071 1326 ejus
1093 1253 1382 1325 praesentia
1414 1261 1730 1314 renovatur,
1764 1263 2018 1320 novaque

420 1358 679 1407 creatura
712 1355 960 1419 apparet,
991 1362 1088 1416 per
1117 1345 1323 1400 Christi
1359 1342 1843 1405 resurrectionem,
1885 1338 2016 1393 dum

420 1441 854 1498 transformatur
905 1439 1126 1510 quidem
1169 1453 1372 1508 corpus
1413 1434 1740 1491 humilitatis
1780 1434 1835 1487 in
1883 1447 2019 1488 con-

423 1535 758 1590 formitatem
788 1534 1036 1604 corporis
1068 1532 1338 1589 claritatis
1380 1546 1496 1588 sua:
1523 1530 1571 1564 "
1605 1549 1618 1586 :
1655 1544 1720 1584 ac
1761 1529 2021 1585 universa

347 1639 356 1650 ί
421 1637 676 1682 creatura
699 1641 728 1680 a
760 1627 1023 1682 servitute
1052 1624 1426 1696 corruptionis
1462 1623 1747 1686 liberatur,
1772 1619 1827 1674 in
1855 1620 2021 1676 liber-

420 1731 587 1776 tatem
610 1721 798 1792 gloriae
829 1719 1065 1775 ﬁliorum
1104 1718 1292 1774 Dei“.
1330 1717 1504 1772 Porro
1531 1717 1877 1771 incarnatum
1909 1713 2020 1768 Do-

2113 609 2210 663 καὶ
2234 607 2500 679 δόγματα,
2529 605 2624 660 καὶ⁸
2653 603 2724 658 τά
2749 603 2888 676 ἔργα
2913 606 2980 675 τῇ
3013 601 3228 672 θεότητι
3261 599 3532 671 μαρτυρεῖ
3571 597 3697 669 μετ’

2113 700 2360 767 ἐξουσίας
2396 699 2645 771 οὐρανίου
2676 696 3040 770 πραττόμενα,
3064 695 3153 749 ὅτε
3181 691 3393 747 κελεύει
3425 690 3522 762 μὲν
3550 705 3700 743 στοι-

2113 795 2314 865 χείοις,
2359 792 2591 862 ἐπιτιμᾷ
2618 790 2676 844 δὲ
2731 786 3026 859 πνεύμασι,
3056 785 3280 856 δυνάμει
3313 783 3374 837 δὲ
3413 781 3700 853 πηρώσεις

2114 883 2536 956 ἀποκαθίστησι,
2568 882 2662 936 καὶ
2691 880 2956 952 θελήματι
2983 878 3168 942 νόσους
3199 879 3363 941 ἰᾶται,
3411 877 3506 930 καὶ
3545 874 3701 943 λέγει

2112 979 2214 1052 τὴν
2241 977 2511 1043 ἐξουσίαν,
2529 975 2622 1028 καὶ
2641 974 2741 1046 οὐκ
2768 970 3203 1046 ἀποκρύπτεται,
3221 970 3315 1024 καὶ
3337 971 3705 1040 καταργεῖται

2114 1069 2182 1123 δι’
2209 1069 2371 1124 αὑτοῦ
2418 1067 2667 1130 θάνατος,
2712 1064 3002 1135 φωτίζεται
3033 1061 3091 1115 δὲ
3125 1061 3237 1132 ζωὴ
3276 1059 3370 1113 καί
3397 1055 3709 1128 ἀφθαρσία,

2116 1163 2211 1216 καὶ
2230 1163 2645 1233 δημιουργεῖται
2683 1158 2934 1228 δεύτερον
2971 1157 3006 1227 ἡ
3042 1153 3311 1226 φθαρεῖσα
3346 1151 3455 1205 τῶν
3487 1148 3708 1222 ἀνθρώ-

2117 1272 2236 1309 πων
2269 1255 2451 1324 φύσις,
2479 1254 2573 1307 κα¹ι
2611 1252 2816 1322 κόσμος
2840 1248 3230 1306 ἀνακαινοῦται
3257 1244 3346 1299 διὰ
3375 1245 3472 1315 τῆς
3491 1257 3708 1314 παρου-

2119 1349 2240 1413 σίας
2289 1346 2478 1412 αύτοῦ,
2520 1348 2613 1401 καὶ
2661 1345 2838 1409 κτίσις
2885 1341 3237 1414 ἀναφαίνεται
3285 1339 3446 1410 καινὴ
3477 1337 3565 1390 διὰ
3601 1335 3713 1406 τὴν

2117 1432 2534 1495 ἀνάστασιντοῦ
2594 1434 2855 1508 Χριστοῦ,
2908 1429 3428 1506 μεταμορφουμένου
3471 1425 3569 1497 μὲν
3605 1422 3709 1477 τοῦ

2122 1531 2372 1603 σώματος
2391 1531 2491 1603 τῆς
2519 1525 2902 1586 ταπεινώσεως
2929 1524 3088 1595 ἡμῶν
3120 1525 3200 1586 εἰς
3227 1518 3579 1603 συμμορφίαν
3608 1513 3713 1568 τοῦ

2123 1625 2376 1698 σώματος
2398 1625 2497 1697 τῆς
2522 1623 2679 1696 δόξης
2708 1621 2876 1677 αὐτοῦ
2902 1640 2915 1652 ’
2946 1622 3048 1690 τῆς
3069 1618 3127 1672 δὲ
3149 1615 3380 1677 κτίσεως
3408 1612 3535 1682 ὅλης
3556 1610 3716 1664 ἐλευ-

2123 1719 2457 1793 θερουμένης
2510 1717 2618 1771 ἀπὸ
2676 1715 2774 1786 τῆς
2818 1714 3058 1776 δουλείας
3107 1710 3206 1782 τῆς
3251 1709 3457 1793 φθορᾷς
3495 1707 3576 1768 είς

419 1812 633 1867 minum
666 1826 731 1866 ac
761 1811 932 1868 Deum
986 1817 1240 1867 nostrum
1275 1808 1464 1865 Jesum
1513 1807 1798 1864 Christum
1823 1847 1840 1874 ,
1909 1820 2023 1861 non

2133 1789 2436 1880 ἐλευθερίαν
2467 1807 2566 1878 τῆς
2611 1804 2771 1877 δόξης
2798 1803 2908 1857 τῶν
2943 1801 3148 1854 τέκνων
3177 1795 3272 1851 τοῦ
3299 1792 3455 1847 Θεοῦ.
3494 1793 3618 1844 Ὅτι
3652 1789 3718 1841 δὲ

423 1923 550 1964 esse
581 1907 821 1971 Patrem,
850 1920 1049 1976 neque,
1088 1913 1146 1959 ut
1178 1904 1259 1958 illi
1280 1903 1457 1970 aiunt,
1481 1903 1660 1958 solum
1679 1901 1874 1967 Deum,
1901 1915 2022 1956 om-

2133 1902 2476 1975 5oapxto65l;
2519 1899 2725 1970 Κύριος
2754 1898 2848 1951 καὶ
2881 1895 3015 1959 Θεὸς
3038 1892 3195 1965 ἡμῶν
3245 1886 3452 1960 Ἰησοῦς
3473 1882 3716 1956 Χριστὸς

423 2014 528 2054 nes
557 1997 756 2053 divinae
784 1996 1082 2068 Scriptura:
1101 2002 1397 2058 testantur,
1427 2008 1548 2064 quat
1566 1993 1718 2047 illum
1745 1991 1839 2062 qui
1862 1991 2028 2046 adve-

2133 1996 2378 2066 ὑΠατὴρ
2419 1993 2519 2047 οὐκ
2548 1993 2716 2056 ἐστιν,
2757 1990 2888 2055 οὐδ’,
2917 1989 2995 2052 ὼς
3056 1987 3255 2040 ἐκεῖνοι
3295 1983 3450 2050 φαῖεν
3496 1976 3717 2068 (54),Ϋό

427 2091 534 2156 nit,
564 2089 761 2146 Filium
791 2089 887 2146 Dei
913 2087 1234 2159 pradicant,
1263 2097 1318 2142 et
1339 2085 1408 2142 de
1440 2084 1606 2141 Patre
1636 2099 1852 2156 semper
1881 2083 2027 2140 edis-

429 2191 700 2240 serentem
725 2182 1026 2240 ostendunt
1048 2221 1063 2247 ,
1096 2196 1160 2236 ac
1191 2180 1487 2246 dicentem,
1513 2195 1573 2235 se
1607 2193 1638 2233 a
1661 2177 1826 2234 Patre
1856 2176 2028 2234 exiis-

432 2294 513 2346 se,
543 2285 598 2333 et
645 2277 714 2332 ad
755 2275 978 2330 Patrem
1021 2274 1222 2330 redire.
1256 2271 1514 2342 Nihilque
1539 2286 1678 2341 opus
1702 2279 1788 2326 est
1822 2270 1878 2324 in
1907 2267 2030 2324 alie-

428 2368 618 2426 rendis
660 2365 996 2423 testimoniis
1054 2363 1374 2427 immorari,
1430 2376 1556 2416 cum
1607 2359 1814 2424 omnia,
1842 2367 1902 2413 ut
1952 2361 2028 2412 ita

431 2461 636 2523 dicam,
673 2457 991 2528 Evangelia,
1047 2465 1102 2512 et
1122 2455 1498 2527 apostolorum
1519 2454 1805 2525 scripturae
1831 2451 1898 2506 ad
1923 2451 2029 2507 hoc

431 2553 615 2627 ipsum
644 2550 998 2610 contendant.

509 2759 597 2816 15.
635 2756 788 2812 Alias
814 2747 1036 2828 quoque
1051 2752 1128 2809 illi
1151 2754 1310 2809 nobis
1324 2752 1608 2824 gentilium
1623 2748 2032 2807 controversias

438 2853 700 2919 excitant,
730 2849 1047 2904 Iudaeorum
1075 2847 1444 2918 hlasphemias
1486 2850 1798 2909 assumunt,
1829 2851 2026 2913 myste-

437 2944 692 3014 ritrmque
716 2940 1001 2996 missionis
1023 2946 1076 2993 et
1098 2936 1496 2992 incarnationis
1511 2934 1672 3012 Verbi
1697 2933 1947 2988 irrident.
1972 2931 2033 2988 Si

437 3037 583 3093 enim
609 3035 846 3090 mittitur
864 3041 919 3088 et
938 3029 1247 3096 descendit,
1276 3031 1464 3097 aiunt,
1493 3043 1605 3082 non
1627 3027 1733 3084 erit
1757 3041 1882 3081 cum
1905 3026 2036 3082 mit-

437 3138 608 3194 tente,
630 3144 808 3200 neque
830 3128 880 3182 ei
903 3126 996 3197 qui
1016 3139 1236 3181 sursum
1261 3129 1445 3178 manet
1465 3121 1783 3176 cohaerebit.
1809 3119 2036 3174 Discant

440 3221 599 3286 illud,
618 3235 862 3283 sursum,
886 3226 940 3274 et
962 3219 1015 3272 in
1035 3219 1225 3283 altum,
1247 3229 1356 3269 non
1383 3214 1744 3284 corporaliter
1766 3212 2035 3267 duntaxat
2061 3253 2103 3311 Ο

442 3311 798 3375 audiendum,
819 3309 913 3365 sed
937 3309 1119 3379 pOtius
1151 3307 1276 3361 novi
1307 3306 1584 3377 quidpiam
1612 3304 2029 3375 intelligendum

441 3419 586 3460 esse.
601 3401 735 3457 Nam
750 3400 906 3455 illud:
929 3419 947 3452 ι
973 3399 1237 3455 Excelsus
1255 3413 1418 3468 super
1435 3412 1628 3451 omnes
1645 3403 1835 3467 gentes
1855 3394 2031 3449 Domi-

442 3512 549 3552 nus
563 3496 610 3526 "
634 3494 794 3565 2:37
811 3499 898 3548 et:
925 3511 942 3543 ι
968 3491 1236 3546 Exaltabo
1259 3499 1332 3554 te,
1349 3489 1580 3544 Domine
1599 3489 1677 3556 ";
1705 3495 1785 3542 »οι
1809 3507 1820 3542 :
1844 3505 1862 3540 ι
1886 3486 2032 3541 Lau-

443 3587 645 3644 dabilis
686 3596 740 3642 et
773 3583 1289 3657 superexaltatusin
1309 3583 1510 3638 saecula
1531 3581 1614 3647 ἰτς
1650 3599 1669 3633 ι
1701 3596 1812 3636 non
1837 3580 2032 3635 inloco

443 3669 705 3750 quodam,
737 3687 790 3734 et
815 3679 869 3733 in
902 3677 1124 3734 sublimi
1158 3676 1450 3731 Dominum
1475 3689 1597 3731 esse
1621 3674 1868 3730 declarat
1894 3688 2033 3730 :nec

443 3770 517 3824 ab
546 3759 997 3832 hominibus,vel
1027 3765 1096 3821 ab
1129 3765 1252 3822 aliis
1283 3765 1378 3836 qui
1409 3779 1536 3820 eum
1567 3763 1824 3819 laudibus
1853 3764 2033 3818 extol-

443 3862 570 3918 lunt
605 3861 778 3917 Deum
819 3861 1053 3917 exaltari
1092 3861 1384 3932 designat;
1427 3859 1521 3915 sed
1563 3856 2034 3928 magniﬁcentiam

445 3945 762 4012 invisibilis
782 3955 1024 4020 deitatis,
1053 3954 1397 4009 altitudinem
1429 3960 1606 4008 vocat.
1635 3951 1699 4006 Et
1734 3953 1828 4023 qui
1862 3951 2030 4007 dicit:

451 4048 717 4103 «leum
764 4047 888 4102 εαξη
938 4045 1191 4111 Domino,
1242 4055 1448 4101 terram
1494 4037 1865 4100 autem'dedit
1907 4043 2035 4098 ﬁliis

449 4138 734 4192 hominum
757 4137 848 4191 ἠε
881 4155 902 4188 ›
927 4151 1040 4192 non
1081 4149 1181 4206 pro
1223 4133 1583 4189 habitationis
1623 4133 1744 4187 loco
1772 4173 1786 4196 ,
1835 4133 2035 4187 coelum

451 4229 583 4294 Deo,
616 4228 935 4284 hominibus
961 4235 1167 4282 terram
1203 4226 1489 4296 assignat;
1527 4225 1623 4281 sed
1651 4225 2036 4280 excellentiam

448 4321 550 4377 Dei
601 4322 833 4392 ejusque
877 4319 1339 4392 magniﬁcentiam
1381 4317 1643 4374 ostendit.
1690 4317 1828 4372 Cum
1870 4317 2038 4388 igitur
2083 4334 2089 4342 '

453 4413 733 4485 maiestas,
760 4421 814 4470 ct
830 4413 1258 4486 magniﬁcentia,
1283 4410 1528 4466 ccelestis
1555 4410 1881 4480 appelletur,
1905 4423 2040 4464 con-

453 4517 538 4562 tra
564 4521 698 4563 vero
725 4507 1011 4561 humilitas
1034 4503 1154 4574 eius
1175 4513 1397 4560 terreno
1422 4503 1607 4566 modo,
1639 4516 1702 4556 ac
1733 4517 1899 4573 super
1926 4509 2039 4555 ter-

2130 2089 2291 2162 μόνος
2319 2087 2471 2151 Θεὸς,
2509 2085 2718 2140 ἀπασαι
2758 2079 3126 2155 μαρτυροῦσιν
3173 2077 3229 2130 αἱ
3273 2075 3412 2128 θεῖαι
3461 2067 3718 2162 Γραφαὶ,

2128 2157 2260 2235 Ῡίὸν
2292 2177 2386 2233 τοῦ
2419 2176 2555 2230 Θεοῦ
2611 2175 2702 2229 τὸν
2747 2170 3162 2246 παραγεγονότα
3207 2164 3595 2238 κηρύττουσαι,
3617 2157 3722 2211 καὶ

2128 2274 2259 2347 περὶ
2288 2271 2504 2343 Πατρὸς
2541 2269 2629 2323 ἀεὶ
2649 2267 3028 2337 διαλεγόμενον
3063 2258 3520 2319 ὲπιδεικνύουσαι,
3562 2249 3723 2323 παρά

2130 2344 2344 2438 Πατρὸς
2363 2361 2681 2436 ἐληλυθέναι
2716 2360 2994 2430 φάσκοντα
3022 2354 3156 2428 (55),
3191 2353 3286 2408 καὶ
3317 2349 3454 2422 πρὸς
3489 2344 3722 2416 Πατέρα

2129 2459 2370 2514 ἀπιέναι.
2395 2457 2504 2510 Kal
2527 2454 2676 2508 οὐδὲν
2709 2453 2791 2507 δεῖ
2820 2448 3079 2523 μηκύνειν
3110 2441 3539 2516 παρατιθέμενον
3571 2453 3723 2509 μαρ-

2129 2551 2323 2623 τυρίας
2342 2567 2356 2580 ·
2395 2547 2575 2603 πάντα
2605 2546 2735 2618 γὰρ,
2761 2544 2836 2608 ώς
2863 2544 3059 2605 εἰπεῖν,
3089 2538 3158 2591 τὰ
3174 2533 3506 2604 Εύαγγέλια,
3537 2529 3635 2584 καὶ
3661 2529 3724 2584 αι

2130 2643 2240 2697 τῶν
2270 2639 2588 2696 ἀποστόλων
2611 2635 2821 2708 γραφαὶ
2853 2635 2935 2697 είς
2953 2631 3114 2685 τοῦτο
3148 2625 3532 2681 συντείνουσιν.

2205 2756 2293 2811 15.
2329 2753 2532 2817 Ἀλλας
2556 2769 2616 2805 τε
2645 2746 2964 2820 Ἑλληνικὰς
2985 2746 3117 2816 ἡμῖν
3143 2738 3452 2808 ἀντιλογίας
3479 2731 3723 2796 κινοῦσι,

2132 2846 2229 2901 καὶ
2249 2843 2347 2908 τὰς
2382 2843 2443 2909 ἐξ
2481 2839 2751 2896 Ἰουδαίων
2777 2834 3125 2910 βλασφημίας
3157 2828 3496 2899 ἐπιφέρουσι,
3534 2822 3734 2894 χλευά-

2133 2938 2320 3003 ζοντες
2350 2935 2411 2988 τὸ
2461 2932 2762 3006 μυστήριον
2792 2927 2892 2998 τῆς
2918 2920 3222 2992 ἀποστολῆς
3269 2915 3364 2970 τοῦ
3407 2914 3579 3006 Λόγου
3603 2911 3729 3006 ,καὶ

2138 3004 2492 3102 σαρκώσεως.
2527 3025 2589 3077 Et
2620 3023 2728 3092 γὰρ
2779 3015 3188 3078 ἀποστέλλεται,
3233 3011 3328 3065 καὶ
3375 3004 3728 3102 καταῦαίνει,

2137 3092 2326 3192 φασιν,
2359 3121 2460 3172 οὐκ
2491 3116 2645 3169 ἔσται
2692 3110 2831 3185 μετά
2863 3108 2974 3181 (56)
2996 3105 3087 3160 τοῦ
3131 3099 3570 3192 ἀποστέλλοντος,
3601 3092 3731 3192 οὐδε

2137 3213 2215 3285 τῷ
2245 3212 2358 3267 ἀνω
2391 3210 2606 3283 μένοντι
2639 3205 2877 3259 σύνεστι.
2918 3198 3255 3256 Μαθέτωσαν
3295 3193 3359 3263 δὴ
3397 3191 3458 3245 τὸ
3485 3189 3597 3243 ἄνω
3629 3183 3738 3239 καὶ

2137 3281 2200 3363 τὸ
2230 3309 2287 3361 ὲν
2315 3281 2440 3377 ῦψει
2472 3303 2546 3376 μὴ
2579 3295 2909 3372 σωματικῶς
2954 3292 3174 3348 ἀκούειν
3202 3288 3381 3361 μόνον,
3415 3281 3552 3338 ἀλλά
3577 3281 3643 3351 δή
3669 3296 3735 3332 τι

2132 3375 2443 3470 καινότερον
2465 3375 3001 3470 ὲνθυμείσθωσαν.Τὸ
3017 3388 3174 3458 γάρ,ι
3197 3375 3736 3470 ’Υψηλὸςᾼὲπὶπάντα

2133 3491 2202 3546 τὰ
2228 3464 2404 3560 ἔθνη-ό
2436 3464 2660 3560 Κύριος,
2698 3503 2716 3536 ι
2757 3483 2851 3535 καὶ
2866 3479 2979 3545 τὺ,‹
3003 3474 3234 3547 ’Υψὼσω
3262 3467 3555 3540 σε,Κύριε,
3586 3483 3606 3516 ›
3633 3464 3738 3518 καὶ

2133 3587 2214 3650 τὸ,
2247 3604 2265 3636 ι
2303 3579 2524 3644 Αἰνετὸς
2556 3578 2649 3633 καὶ
2701 3572 3148 3646 ὑπερυψούμενος
3174 3570 3254 3631 εἰς
3285 3563 3412 3627 τοὺς
3439 3560 3668 3624 αἰῶνας,
3708 3577 3730 3609 ι

2135 3679 2234 3732 οὐκ
2265 3677 2324 3728 ὲν
2352 3674 2501 3742 τόπῳ
2527 3671 2634 3723 τινὶ
2664 3668 2757 3722 καὶ
2785 3663 3044 3737 μετεώρῳ
3067 3661 3159 3714 τὸν
3191 3657 3393 3728 Κύριον
3419 3655 3549 3708 ὄντα
3587 3667 3739 3722 παρ-

2138 3770 2368 3840 ίστησιν,
2394 3765 2502 3820 οὐδ’
2530 3763 2636 3816 ὑπὸ
2672 3758 2768 3815 ἀνθ
2779 3756 2973 3830 ρώπων
2998 3750 3457 3826 μετεωριζόμενον
3483 3743 3739 3840 ὑπογρά-

2137 3880 2228 3934 φει
2259 3861 2350 3913 τὸν
2373 3857 2527 3924 Θεὸν,
2553 3853 2662 3908 οὐδ’
2692 3851 2796 3906 ὑπὸ
2820 3847 3130 3913 τῶνξάλλων
3149 3844 3258 3897 τῶν
3279 3840 3592 3913 ὑμνούντων
3626 3836 3738 3890 αὗ-

2135 3930 2247 4017 τὸν,
2303 3950 2438 4004 ἀλλά
2486 3949 2548 4002 τὸ
2605 3941 3021 4019 μεγαλοπρεπὲς
3073 3939 3171 4010 τῆς
3213 3934 3446 4007 ἀοράτου
3474 3930 3737 4000 θεότητος

2139 4047 2272 4118 ὕψος
2308 4044 2485 4099 καλεῖ.
2521 4041 2634 4095 Kal
2667 4041 2695 4092 ὁ
2729 4037 2902 4106 λέγων
2924 4052 2937 4066 ·
2983 4053 3002 4086 ι
3033 4033 3092 4085 '0
3119 4027 3345 4102 οὐρανὸς
3375 4025 3468 4078 τοῦ
3494 4021 3730 4095 ούρανοῦ

2137 4115 2215 4210 τῷ
2248 4135 2459 4209 Κυρίῳ.
2479 4133 2578 4206 τὴν
2609 4131 2666 4185 δὲ
2683 4130 2786 4201 γῆν
2817 4128 2985 4182 ἔδωκε
3033 4127 3147 4188 τοῖς
3180 4123 3314 4187 υἱοῖς
3359 4118 3466 4174 τῶν
3510 4115 3735 4188 ἀνθρώ-

2139 4250 2280 4296 πων,
2321 4249 2342 4284 ι
2373 4229 2434 4282 οὐ
2463 4226 2626 4280 τόπον
2660 4224 2927 4295 οἰκήσεως
2955 4217 3258 4288 ἀποκληροῖ
3289 4213 3368 4285 τῷ
3397 4213 3588 4285 Κυρίῳ
3615 4209 3737 4281 (57)

2140 4322 2235 4377 τὸν
2265 4319 2517 4393 οὐρανὸν,
2547 4314 2856 4387 ἀνθρώποις
2889 4311 2944 4364 δὲ
2965 4309 3064 4381 τὴν
3088 4311 3191 4380 γῆν
3210 4325 3223 4338 ·
3251 4304 3388 4362 ἀλλά
3419 4303 3517 4374 τὴν
3563 4301 3741 4371 ὑπερ-

2140 4414 2268 4486 οχὴν
2324 4410 2419 4466 τοῦ
2484 4408 2619 4464 Θεοῦ
2677 4407 2772 4462 καὶ
2821 4402 3296 4476 μεγαλοπρέπειαν
3344 4396 3740 4452 ἐπιδείκνυσιν.

2146 4484 2316 4560 ’Ὅταν
2346 4500 2438 4558 οὖν
2471 4502 2534 4556 τὸ
2560 4502 2657 4574 μὲν
2683 4498 2880 4570 σεμνὸν
2923 4495 3017 4549 καὶ
3051 4491 3464 4566 μεγαλοπρεπὲς
3496 4484 3743 4558 ἐπουράο

454 4615 576 4656 ram
615 4615 739 4656 esse
769 4600 1015 4666 dicatur;
1049 4598 1162 4652 illic
1198 4596 1360 4653 Verbi
1391 4597 1692 4653 descensus
1741 4595 2028 4664 reperitur,

2143 4617 2253 4654 νιον
2280 4595 2415 4652 εἶναι
2439 4595 2688 4666 λέγηται,
2713 4589 2887 4662 τούτῳ
2918 4589 2975 4641 δὲ
3028 4584 3420 4654 ἀντικειμένως
3448 4580 3510 4634 τὸ
3541 4593 3741 4632 ταπει-

452 4708 653 4766 nempe
682 4691 954 4748 transitus
977 4692 1067 4747 ille
1086 4706 1196 4762 quo
1223 4706 1287 4746 ex
1327 4691 1654 4763 incorporea
1679 4690 2036 4759 magniﬁcen-

451 4787 530 4843 tia
550 4785 620 4841 ad
641 4799 963 4856 corpoream
982 4784 1243 4838 vilitatem
1277 4798 1399 4839 sese
1421 4783 1666 4848 tradidit,
1691 4796 1817 4836 cum
1836 4781 1904 4846 is,
1928 4795 2028 4850 pro

453 4888 576 4952 pter
615 4893 778 4936 suum
807 4893 936 4952 erga
968 4877 1267 4932 humanum
1299 4892 1471 4949 genus
1518 4890 1782 4939 amorem,
1815 4883 1868 4930 et
1906 4889 2036 4947 pro-

453 4982 578 5044 pter
628 4972 926 5028 salutarem
975 4985 1106 5040 erga
1149 4968 1472 5024 universum
1506 4964 1930 5038 providentiam,
1969 4963 2041 5021 ad

455 5080 777 5138 corpoream
828 5064 1061 5119 formam
1119 5061 1463 5118 subeundam
1503 5075 1626 5116 sese
1679 5057 1914 5115 dederit.
1959 5055 2040 5114 Ac

456 5158 762 5213 secundum
807 5157 911 5211 hoc
944 5154 1148 5210 missus
1181 5154 1556 5225 intelligetur:
1582 5150 1730 5223 quod
1774 5149 2041 5206 ineffabili

441 5250 767 5321 'incorporei
801 5248 984 5306 Patris
1014 5248 1250 5304 consilio
1280 5248 1522 5319 seipsum
1551 5245 1770 5317 corpori
1803 5243 2041 5300 tradide-

440 5385 444 5390 Ι
521 5426 569 5461 ⁷³
603 5424 841 5498 Philipp.
876 5427 1067 5492 una].
1143 5427 1192 5460 "
1231 5425 1391 5483 Rom.
1429 5441 1548 5491 vin,
1583 5424 1676 5481 2|.

453 5509 597 5555 exui
617 5535 636 5565 ,
675 5496 763 5552 l6;

555 5653 646 5721 54)
677 5650 1064 5722 Seguerianus,
1096 5652 1172 5718 ὡς
1204 5653 1272 5707 ἂν
1303 5652 1522 5708 ἐκεῖνοι.

679 5717 1066 5786 (ἱόῦιοι-ἱιιιιυε,
1115 5717 1439 5794 φάσκοντες.
1473 5721 1645 5777 Paulo
1673 5725 1800 5790 post
1823 5718 1880 5774 in
1905 5717 2039 5775 edit.

464 5789 641 5851 Paris;
667 5795 782 5850 sola
805 5794 1084 5857 mendose,
1111 5789 1185 5858 ὡς
1213 5789 1384 5847 εἶπον.

536 5863 649 5940 (56)
681 5865 837 5921 Μετά
869 5865 1021 5924 deest
1071 5864 1128 5919 in
1160 5862 1342 5930 editis,
1370 5863 1462 5921 sed
1497 5862 1728 5920 habetur
1759 5861 1814 5916 in
1841 5859 2044 5931 Segne-

2147 4693 2236 4743 νὸν
2257 4689 2460 4759 γηΐνως
2487 4702 2545 4738 τε
2577 4685 2669 4738 καὶ
2712 4681 2806 4735 ἐπὶ
2836 4681 2939 4750 γῆς
2973 4673 3112 4731 εἶναι
3148 4676 3374 4748 λέγηται
3402 4671 3536 4744 (58),
3562 4670 3742 4725 κατά-

2146 4782 2302 4844 ϐασις
2335 4779 2649 4851 εὑρίσκεται
2677 4773 2771 4827 τοῦ
2805 4773 2977 4843 Λόγου
3007 4774 3040 4843 ἡ
3083 4771 3148 4824 ὲκ
3188 4768 3288 4839 τῆς
3318 4765 3607 4837 ἀσωμάτου
3639 4780 3744 4834 με-

2145 4869 2550 4944 γαλοπρεπείας
2599 4871 2677 4932 εἰς
2710 4867 2772 4920 τὸ
2804 4865 2898 4919 τοῦ
2934 4863 3182 4935 σώματος
3223 4858 3439 4922 εὐτελὲς
3470 4855 3738 4920 ἐπίδοσις,

2147 4960 2534 5022 ὲπιδεδωκότος
2587 4958 2780 5013 ἑαυτὸν
2829 4957 2909 5019 είς
2955 4952 3275 5024 σωματικὴν
3326 4949 3606 5020 μόρφωσιν
3643 4946 3740 5000 διὰ

2151 5052 2564 5127 φιλανθρωπίαν
2582 5052 2675 5105 καὶ
2690 5050 2788 5122 τὴν
2809 5049 2904 5103 τοῦ
2929 5045 3128 5109 παντὸς
3157 5044 3423 5115 σωτήριον
3455 5040 3734 5114 πρόνοιαν.

2160 5146 2590 5218 ’Δπεσταλμένος
2645 5161 2704 5198 τε
2757 5142 2898 5197 κατά
2931 5140 3086 5195 τοῦτο
3123 5136 3476 5210 νοηθὴσεται,
3511 5135 3595 5188 ὅτι
3637 5135 3742 5203 ἀῤ-

2151 5244 2300 5314 ρήτῳ
2337 5240 2585 5312 βουλήσει
2617 5235 2712 5290 τοῦ
2756 5234 3049 5307 ἀσωμάτου
3079 5230 3294 5304 Πατρὸς
3322 5229 3534 5300 σώματι
3581 5227 3745 5281 δέδω-

1761 5424 1807 5457 "
1847 5423 1994 5480 Psal.

2133 5437 2164 5485 ι,
2201 5421 2255 5477 4.
2330 5419 2379 5453 ⁷⁸
2417 5418 2564 5474 Psal.
2601 5432 2733 5473 xm
2757 5457 2774 5482 ,
2812 5416 2862 5470 ί.
2937 5414 2983 5445 ⁷⁷
3025 5411 3161 5467 Dan.
3203 5425 3302 5475 ιιι,
3340 5407 3430 5463 52.
3507 5405 3552 5445 ⁷⁸
3585 5402 3740 5466 Psal.

2149 5645 2332 5707 riano,
2359 5651 2412 5699 et
2437 5646 2636 5698 lectum
2668 5649 2752 5696 est
2771 5654 2802 5693 a
2827 5637 3059 5694 Nannio.

2222 5716 2336 5784 (57)
2367 5717 2619 5785 Seguer.,
2632 5710 2772 5783 Θεῷ.

2372 5774 2765 5857 Segueriatius,
2789 5781 3035 5850 λέγηται.
3072 5775 3241 5843 Editi,
3263 5774 3508 5845 λέγεται.
