3878 6196
250 365 353 421 m

1398 354 1586 422 QUOD
1625 355 1815 412 UNL‘S
1855 357 1964 413 SIT
2003 355 2372 415 CHRlSTL'S.

3399 358 3506 414 £23

248 499 344 536 ιιεν
367 471 580 536 ἑαυτόν.
611 480 702 550 Μὴ
732 477 910 531 τοίνυν
936 477 991 531 αἱ
1011 476 1319 548 σωματικαὶ
1342 479 1536 546 φωναὶ,
1560 477 1829 533 τουτέστιν

1943 480 2028 533 rit.
2054 480 2132 534 Ne
2161 479 2328 550 igitur
2349 493 2511 533 voces
2535 493 2656 548 quae
2675 477 2742 533 de
2763 491 2992 548 corpore
3016 476 3288 540 feruntur,
3312 493 3506 548 nempe

248 577 278 645 δι
311 573 618 635 κατάϐασίς
638 589 697 624 τε
737 571 832 624 καὶ
859 569 1293 652 ἀποστολὴπρδς
1321 569 1547 641 ἄρνησιν
1568 571 1669 640 τῆς
1700 589 1831 644 σαρ-

244 666 472 728 κώσεως
491 664 657 719 αὐτοῦ
686 662 1147 734 προσαγέσθωσαν
1179 661 1315 732 (59),
1347 663 1428 715 ὅτι
1465 663 1538 734 μὴ
1568 665 1830 717 καταϐαξ-

241 773 326 810 νει
357 755 605 817 τοπικῶς
653 754 786 824 μηδὲ
834 752 1218 807 ἀποστέλλεται
1258 751 1426 815 Θεός·
1481 752 1595 805 ἀλλ’
1638 755 1833 808 ἀκουέ-

238 864 427 901 manu
474 845 568 897 τοῦ
607 844 931 897 Ἀποστόλου
992 843 1288 915 φράζοντος
1340 843 1402 896 τὸ
1448 845 1701 916 πρᾶγμα,
1739 846 1830 898 καὶ

238 940 362 1009 ἃμα
393 937 503 990 τῶν
519 937 774 989 τοιούτων
800 934 1129 1006 ὁμοιώσεων,
1147 937 1233 988 ὅτε
1251 937 1434 1005 φησίψ
1459 955 1478 987 t
1511 939 1604 999 Ὃς
1621 939 1676 988 ἐν
1698 955 1831 1008 μορ-

241 1035 320 1101 φῇ
339 1029 474 1082 Θεοῦ
502 1029 897 1100 ὑπάρχων,οὑχ
923 1028 1210 1098 ἁρπαγμὸν
1233 1030 1478 1098 ἡγήσατο
1501 1028 1560 1080 τὸ
1576 1025 1714 1082 εἶναι
1741 1029 1831 1082 ἴσα

237 1123 382 1188 Θεῷ,
417 1122 531 1174 ἀλλ’
563 1121 753 1174 ἑαυτὸν
795 1121 1049 1182 ὲκένωσε,
1085 1121 1297 1192 μορφὴν
1326 1121 1512 1174 δούλου
1541 1121 1739 1184 λαϐὼν,
1773 1124 1831 1176 ὲν

238 1213 553 1284 ὁμοιώματι
569 1212 868 1284 ἀνθρώπων
885 1213 1190 1282 γενόμενος.
1218 1233 1236 1264 ι
1258 1213 1428 1267 Τοῦτο
1440 1211 1506 1286 ἦν
1523 1215 1581 1267 τὸ
1599 1217 1835 1286 καταϐῆ-

238 1324 353 1368 ναι,
372 1306 534 1359 τοῦτο
548 1307 609 1359 τὸ
624 1307 987 1376 ἀποσταλῆναι
1007 1307 1081 1368 εἰς
1100 1305 1301 1378 ἔνδυμα
1324 1309 1705 1379 ταπεινότερον
1732 1310 1832 1379 τῆς

238 1398 402 1464 ἀξίας
419 1398 604 1463 αὑτοῦ,
628 1400 890 1464 ὑπόϐασις
907 1401 1050 1471 ήτῆς
1070 1400 1414 1472 ἀνθρωπίνης
1429 1403 1639 1473 μορφῆς
1659 1404 1832 1473 ὲπαμυ

239 1488 455 1556 φξασις,
486 1493 630 1542 κατὰ
661 1490 726 1544 τὸ
763 1489 1011 1560 βούλημα
1037 1492 1130 1544 τοῦ
1148 1493 1364 1564 Πατρὸς
1417 1493 1829 1564 ἐπιτελουμένη.

240 1581 310 1636 Εἰ
342 1582 401 1635 δὲ
433 1583 588 1654 τόπῳ
637 1584 732 1636 καὶ
784 1584 996 1654 σώματι
1028 1584 1056 1636 ό
1089 1584 1259 1652 Λόγος
1301 1584 1374 1654 μὴ
1410 1584 1829 1656 περιγράφεται,

237 1675 345 1728 οὐκ
395 1675 886 1746 ἀποσπασθήσεται
937 1675 1029 1730 τοῦ
1070 1677 1362 1747 ἀσωμάτου
1387 1678 1599 1749 Ila-cpe;
1625 1678 1713 1730 διὰ
1733 1679 1832 1750 τὴν

236 1762 383 1835 πρὸς
419 1763 582 1834 σῶμα
615 1764 917 1836 ἀνάκρασιν
943 1783 956 1794 ·
984 1765 1230 1818 δέδεκται
1258 1766 1366 1837 γὰρ
1390 1767 1550 1820 αὐτὸν
1574 1767 1634 1819 τὸ
1672 1767 1832 1838 σῶμα

241 1853 598 1924 βουληθέντα,
629 1854 706 1919 ὡς
734 1855 970 1924 πεφύκει
1002 1857 1035 1927 ή
1066 1859 1295 1930 σαρκίνη
1342 1858 1503 1927 φύσις
1533 1858 1665 1911 Θεὸν
1704 1860 1832 1911 ὑποο
1864 1849 1904 1903 Β

237 1945 525 2012 δέξασθαι.
587 1946 758 2002 Μένει
801 1947 857 2000 δὲ
910 1947 1060 2001 οὐδὲν
1099 1948 1317 2002 ἔλαττον
1371 1951 1462 2003 ἐπὶ
1505 1949 1602 2020 τῆς
1633 1948 1826 2003 ἑαυτοῦ

237 2037 485 2107 φύσεως,
517 2039 551 2109 ἢ
582 2040 676 2092 καὶ⁹
700 2040 806 2111 πρὸ
833 2040 931 2110 τῆς
955 2040 1299 2110 σαρκώσεως.
1324 2042 1484 2094 Ὥστε
1515 2045 1547 2112 ἡ
1579 2041 1637 2106 ἐξ
1667 2043 1831 2114 οὐρα-

238 2133 337 2185 νοῦ
373 2133 680 2197 κατάϐασις
701 2134 808 2204 (60)
830 2134 930 2186 οὐκ
953 2129 1020 2204 ἦν
1047 2133 1343 2202 μετάϐασις
1365 2134 1421 2198 ἐξ
1441 2133 1690 2205 οὐρανοῦ,
1708 2134 1830 2187 οὐδὲ

242 2225 280 2293 ἠ
315 2225 596 2298 ἀποστολὴ
628 2225 908 2298 χωρισμὸς
940 2225 1046 2280 ἀπὸ
1076 2224 1168 2279 τοῦ
1201 2226 1508 2298 πέμποντος
1537 2227 1768 2299 Πατρός.

315 2427 365 2460 ’⁸
403 2427 643 2500 Philipp.
682 2446 757 2496 ιι,
795 2429 850 2496 6,
886 2430 940 2486 7.

316 2585 436 2658 (59)
472 2586 868 2660 Seguenanus,
903 2587 1346 2662 προαγέσθωσαν.

1932 570 2234 625 descensus
2265 578 2320 623 et
2347 568 2559 633 missio,
2589 567 2655 622 ad
2687 568 2990 637 negandam
3019 568 3138 638 ejus
3167 569 3506 623 incarnatio-

1930 676 2055 715 nem
2093 659 2462 730 proferantur,
2511 660 2639 729 quia
2679 658 2824 714 Deus
2870 660 3030 714 locali
3066 660 3230 715 modo
3269 676 3371 715 nec
3410 661 3506 716 de-

1931 753 2164 816 scendit,
2198 767 2298 806 nec
2329 751 2599 818 mittitur;
2641 750 2735 806 sed
2768 751 2993 805 audiant
3026 751 3342 821 Apostolum
3372 752 3505 808 illud

1931 847 2294 920 explicantem
2347 861 2456 900 una
2502 861 2624 899 cum
2669 845 2982 914 lmjusmodi
3029 847 3504 912 similitudinibus,

1932 955 2055 994 cum
2091 941 2166 993 ait
2201 959 2212 994 :
2250 961 2266 990 ι
2300 938 2400 1006 Qui
2429 954 2552 991 cum
2589 939 2641 991 in
2673 939 2846 990 forma
2877 937 2969 990 Dei
3013 947 3179 997 esset,
3216 953 3324 992 non
3355 940 3504 1007 rapi-

1932 1048 2057 1086 nam
2091 1033 2389 1085 arbitratus
2433 1037 2517 1083 est
2549 1044 2668 1084 esse
2715 1043 2773 1082 se
2803 1027 3060 1096 aequalem
3108 1027 3255 1082 Duo:
3282 1028 3376 1083 sed
3417 1043 3504 1083 se-

1932 1126 2223 1192 metipsum
2267 1122 2589 1183 exiuauirit,
2631 1120 2860 1174 formam
2910 1120 3053 1174 servi
3095 1122 3392 1190 accipeus,
3448 1121 3502 1174 in

1933 1217 2348 1271 similitudinem
2407 1216 2691 1268 hominum
2734 1214 2996 1268 iactus”.
3028 1235 3047 1266 ι
3101 1214 3214 1268 Hoc
3262 1224 3380 1268 erat
3409 1215 3500 1270 de-

1936 1311 2221 1369 scendere,
2253 1309 2356 1362 hoc
2386 1308 2548 1372 mitti,
2587 1314 2645 1360 ιιι
2683 1309 3060 1362 indumentum
3099 1307 3364 1377 dignitate
3404 1322 3506 1361 sua

1933 1402 2194 1456 humilius
2241 1410 2561 1454 assumeret.
2611 1399 2742 1453 Illud
2793 1407 2878 1454 est
2919 1400 3274 1462 descmulerc,
3321 1400 3508 1454 huma-

1933 1509 2062 1547 nam
2089 1494 2318 1545 formam
2343 1492 2496 1560 juxta
2521 1489 2700 1544 Patris
2723 1492 3056 1545 voluntatem
3078 1491 3322 1546 induere.
3349 1491 3507 1557 Quod

1934 1587 1979 1641 si
2011 1586 2130 1640 loro
2149 1593 2202 1639 et
2231 1601 2459 1654 corpore
2481 1583 2716 1638 Verbum
2747 1600 2851 1639 non
2874 1587 3372 1651 circumscribitur,
3397 1597 3508 1642 non

1934 1679 2199 1732 arclletur
2225 1677 2292 1730 ab
2348 1676 2672 1743 incorporeo
2703 1675 2885 1739 Patre,
2918 1685 3139 1746 propter
3172 1693 3327 1731 suam
3381 1694 3508 1732 cum

1937 1757 2174 1838 corpore
2207 1768 2762 1838 contemperationcm
2791 1786 2802 1821 :
2831 1783 2954 1821 nam
3001 1782 3204 1838 corpus
3237 1769 3506 1822 volentem

1936 1862 2113 1930 ipsum
2146 1861 2382 1930 excepit,
2415 1869 2685 1930 quatenus
2722 1859 2916 1912 idonea
2943 1867 3027 1913 est
3051 1860 3290 1914 carnalis
3312 1867 3508 1912 natura

1934 1953 2104 2008 Deum
2140 1953 2438 2023 suscipere.
2486 1951 2665 2007 Manet
2705 1951 3062 2008 nihilominus
3107 1952 3161 2006 in
3206 1967 3304 2007 sua
3337 1951 3510 2021 ipsius

1935 2053 2153 2110 natura,
2178 2062 2341 2115 quam
2369 2054 2494 2101 autc
2524 2047 2953 2102 incarnationem
2981 2047 3190 2101 habuit.
3225 2043 3297 2100 Ita
3327 2052 3386 2098 ut
3412 2046 3510 2100 de‘

1937 2154 2166 2194 sceusus
2201 2156 2264 2194 ex
2297 2141 2457 2206 cmlo,
2487 2155 2594 2194 non
2627 2139 2788 2194 fuerit
2813 2141 3225 2209 transmigratio
3245 2155 3314 2194 ex
3338 2140 3507 2195 casio:

1856 2287 1878 2298 ,μ
1939 2247 2118 2302 neque
2143 2232 2355 2298 missio,
2399 2248 2430 2286 a
2461 2231 2626 2288 Patre
2659 2233 2911 2289 mittente
2939 2233 3232 2304 separatio.

2007 2589 2118 2663 (60)
2145 2589 2478 2658 Κατάϐασις,
2503 2589 2656 2647 deest
2677 2590 2734 2646 in
2762 2589 3008 2657 Gobler.,
3037 2588 3185 2647 Felc.
3210 2606 3249 2656 ι,
3285 2589 3511 2662 Seguer.

1065 2934 1149 2994 IN
1192 2931 1682 2995 ORATIONEM
1741 2929 2226 3004 SEQUENTEM
2281 2929 2687 2994 MONITUM.

323 3093 445 3152 1am
468 3097 673 3166 pridem
702 3097 1031 3152 eruditorum
1061 3097 1165 3167 fuit
1189 3097 1387 3167 opinio,
1414 3097 1551 3151 hunc
1580 3096 1775 3151 librum
1797 3112 2129 3167 nequaquam
2169 3094 2335 3150 videri
2357 3094 2813 3156 Athanasianum,
2846 3094 2967 3148 licet
2995 3093 3201 3166 antiqui
3234 3091 3514 3163 cujusdam

236 3199 294 3244 et
323 3189 530 3244 eruditi
555 3189 656 3244 uiri
691 3205 821 3258 opus
850 3205 963 3244 esse
993 3189 1175 3259 palam
1237 3191 1330 3245 sit.
1370 3188 1454 3242 Ea
1491 3189 1554 3244 de
1575 3206 1628 3243 re
1663 3188 1786 3242 libet
1824 3186 2098 3242 Petavium
2131 3188 2317 3242 audire
2348 3187 2777 3259 Theologicorum
2819 3187 3123 3258 dogmatum
3152 3188 3215 3242 de
3251 3188 3515 3243 Trinitate

240 3283 385 3338 libro
406 3299 482 3348 tv,
516 3299 569 3352 p.
603 3283 727 3338 515.
753 3280 940 3354 Neque
979 3298 1107 3339 vero
1138 3283 1429 3338 Athanasii
1452 3282 1672 3337 videtur
1701 3296 1825 3337 esse
1851 3299 1865 3336 :
1893 3281 2039 3352 quod
2071 3297 2136 3336 ex
2165 3282 2308 3353 stylo
2343 3281 2691 3350 conjicimus,
2722 3282 2814 3351 qui
2840 3288 2892 3336 et
2921 3279 3171 3335 diffusior
3190 3291 3292 3345 est,
3326 3289 3380 3335 et
3411 3281 3514 3336 mi—

238 3398 353 3438 nus
383 3382 782 3454 simplicitatis,
819 3380 1293 3451 aﬂ‘ectationisque
1327 3381 1452 3451 plus
1489 3380 1674 3444 habet,
1708 3393 1870 3449 quam
1903 3379 1997 3448 qui
2029 3378 2319 3434 Athanasii
2361 3393 2659 3448 germanus
2701 3384 2806 3440 est,
2837 3378 2996 3446 cujus
3028 3379 3264 3430 nativam
3294 3377 3516 3446 elegan_

242 3476 408 3536 tiam,
445 3490 508 3529 ac
542 3485 735 3546 sponte
761 3472 1042 3539 ﬂuentem,
1071 3474 1222 3528 nulla
1246 3481 1427 3544 potest
1460 3473 1692 3527 imitatio
1726 3472 2011 3542 consequi.
2051 3470 2189 3525 Tum
2221 3488 2286 3526 ex
2323 3488 2390 3527 eo
2423 3472 2567 3544 quod
2598 3470 2910 3525 Marcellum
2936 3471 3283 3542 Ancyrauum
3326 3471 3512 3525 statim

247 3580 378 3622 Cum
422 3565 593 3620 Paulo
624 3564 1011 3629 Samosateno,
1045 3572 1308 3633 tanquam
1349 3571 1562 3618 certum
1616 3570 1671 3617 et
1711 3563 2025 3619 confessum
2068 3563 2385 3618 hiereticum
2434 3563 2756 3633 conjungit;
2793 3579 2914 3617 cum
2953 3571 3128 3617 tamen
3159 3563 3226 3616 de
3258 3561 3514 3616 Marcello

249 3672 364 3713 non
396 3664 508 3709 tam
541 3655 767 3712 sinistre
793 3655 1054 3724 judicarit
1083 3653 1436 3710 Athanasius.
1476 3652 1575 3708 His
1612 3671 1645 3707 a
1675 3653 1893 3708 Petario
1928 3655 2194 3726 sagaciter
2225 3664 2271 3708 et
2303 3654 2508 3709 erudite
2542 3655 2854 3719 observatis,
2885 3654 3155 3715 addimus,
3181 3670 3295 3707 rum
3333 3654 3516 3707 adver-

245 3765 342 3803 sus
365 3747 644 3802 ha'reticos
676 3747 760 3802 hic
792 3757 1004 3817 agatur,
1028 3748 1118 3818 qui
1145 3747 1279 3802 duas
1311 3747 1366 3801 in
1399 3746 1609 3802 Christo
1635 3762 1889 3816 personas
1923 3764 2035 3802 esse
2073 3757 2366 3812 tuerentur,
2410 3765 2472 3802 ea
2510 3749 2633 3802 item
2677 3748 2740 3802 de
2769 3765 2931 3802 causa
2963 3747 3126 3802 videri
3165 3748 3260 3801 hoc
3292 3763 3517 3816 opuscu-

246 3840 364 3895 lum
379 3841 678 3896 Athanasio
705 3837 1145 3908 objudicandum,
1182 3840 1273 3910 qui
1294 3839 1512 3894 innullo
1535 3855 1749 3908 operum
1775 3855 1991 3894 suorum
2020 3838 2178 3908 hujus
2208 3839 2462 3895 haereseos
2497 3841 2752 3897 meminit.
2785 3840 2965 3911 Neque
2994 3850 3210 3908 putatur
3234 3840 3517 3895 Athanasii

246 3941 412 3990 etate
433 3933 498 3988 de
526 3932 734 3988 duabus
771 3933 827 3986 in
855 3931 1064 3988 Christo
1090 3933 1330 4002 personis
1372 3934 1577 4003 agitata
1593 3933 1838 4003 quaestio.
1874 3932 2125 3988 Attamen
2163 3933 2219 3988 in
2255 3933 2645 4005 antiquioribus
2687 3945 2865 4011 exstat
2889 3933 3187 4012 godicibus,
3217 3935 3518 4003 videturque

245 4027 449 4086 mulo
475 4029 662 4112 quinto
689 4027 911 4093 editum,
934 4043 1034 4101 quo
1065 4027 1266 4110 uigehat
1295 4025 1623 4106 Nestoriana
1646 4027 1882 4083 haeresis.

1361 4281 1494 4339 ΤΟΥ
1529 4283 1622 4338 ΕΝ
1652 4283 1877 4338 ΑΓΙΟῙΣ
1901 4283 2171 4338 ΠΑΤΡΟΣ
2207 4283 2406 4340 ΗΜΩΝ

1577 4443 2216 4539 ᾺΘΑΝΑΣΙΟΥ

1451 4630 1570 4685 ΟΤΙ
1609 4629 1746 4683 ΕΙΣ
1773 4631 1814 4681 Ο
1851 4631 2160 4684 ΧΡΙΣΤΟΣ
2190 4629 2324 4704 (61).

1881 4768 1961 4795 βε

1259 4899 1354 4991 8.
1427 4903 1537 4991 Ρ.
1620 4903 1741 4991 Ν.
1818 4900 2468 4993 ATHANASII

1329 5093 1551 5168 QUOD
1595 5091 1805 5159 UNUS
1830 5094 1979 5156 SITt
2009 5091 2436 5158 CHRISTUS.

331 5390 389 5443 Ι.
407 5387 556 5443 Ἔδει
575 5387 674 5460 μὲν
701 5387 828 5452 τοὺς
841 5388 988 5456 ἅπαξ
1002 5391 1464 5464 ἀποπηδήσαντας
1491 5395 1592 5466 τῆς
1605 5397 1846 5466 Ἐλληνι-

255 5481 365 5553 κῆς
399 5481 628 5548 πλάνης,
661 5483 757 5536 καὶ
793 5483 1110 5551 ὲπιγνόντας
1141 5483 1232 5539 τὸν
1265 5484 1359 5538 ἕνα
1403 5488 1495 5540 καὶ
1525 5487 1684 5557 μόνον
1711 5488 1842 5560 ἀλη-

256 5573 371 5638 Θῶς
391 5573 498 5629 τῶν
532 5574 790 5629 ἁπάντων
820 5573 972 5641 Θεὸν,
1017 5575 1215 5649 μηκέτι
1252 5581 1528 5647 προσεῖναι
1555 5581 1622 5650 τῇ
1649 5579 1841 5644 κτίσει,

2027 5397 2139 5469 38
2172 5415 2222 5455 1.
2272 5399 2506 5453 necehat
2536 5413 2630 5453 eos
2658 5399 2750 5469 qui
2781 5397 2947 5454 semel
2970 5413 3000 5453 a
3028 5397 3309 5470 gentilium
3340 5414 3524 5456 errore

1954 5471 2287 5551 resilierant,
2340 5503 2405 5540 ac
2455 5503 2621 5541 unum
2664 5503 2898 5558 vereque
2934 5489 3112 5544 solum
3143 5489 3524 5546 universorum

1955 5576 2123 5634 Deum
2175 5585 2532 5648 agnoverant,
2587 5593 2696 5632 non
2750 5579 2983 5648 amplius
3022 5588 3286 5637 creaturae
3336 5579 3527 5650 adjici.

335 5729 449 5798 (6i)
493 5731 624 5788 Post
669 5729 1021 5802 expia-:64.
1076 5729 1376 5786 Parisiens.
1424 5732 1546 5787 edit.
1620 5731 1828 5787 addunt

1954 5732 2181 5808 Lucam,
2217 5731 2362 5808 Ἐδει
2397 5733 2452 5808 δέ
2483 5734 2607 5808 τοὺς
2632 5733 2797 5804 ἅπαξ,
2824 5735 2979 5808 quasi
3005 5735 3346 5806 praemissum
3369 5733 3531 5806 quid.

262 5800 461 5869 Λόγος,
493 5802 549 5858 id
570 5810 678 5868 est,
707 5800 855 5870 liber,
887 5817 1005 5872 quae
1028 5816 1131 5858 vox
1159 5802 1312 5859 deest
1337 5803 1392 5872 in
1421 5819 1524 5860 ms.
1554 5802 1757 5859 Catena
1784 5803 1839 5858 iu

1955 5804 2098 5875 piam
2134 5803 2319 5871 fuerit,
2344 5803 2440 5860 sed
2479 5805 2636 5860 male.
