3878 6196
357 263 465 320 σεδ

1495 264 1552 321 S.
1596 264 2061 322 ATHANASIUS.
2100 297 2169 307 —
2206 265 2441 323 DUBIA.

3503 263 3615 320 1N

355 398 459 440 nec
512 388 821 437 creaturam
854 395 957 450 pro
993 379 1104 436 Deo
1149 380 1359 436 habere
1397 388 1452 436 et
1490 384 1692 452 colere,
1740 385 1932 440 relicto

2040 384 2176 456 μηδέ
2209 384 2474 438 θεοποιεῖν
2526 381 2621 436 καὶ
2663 379 2943 455 λατρεύειν
2993 382 3060 452 τῇ
3112 378 3305 444 κτίσει,
3338 376 3490 450 παρὰ
3514 377 3615 432 τὸν

355 474 636 539 Creatore,
669 491 690 524 ι
717 473 811 543 qui
834 480 919 528 est
940 470 1262 527 benedictus
1282 471 1338 526 in
1365 473 1585 528 saecula.
1615 472 1789 537 Amen
1804 472 1875 529 '°.
1902 491 1923 526 ι

353 563 547 620 Itidem
590 565 627 619 ii
671 565 766 635 qui
819 579 850 619 a
881 562 1112 619 Iudaica
1146 564 1531 620 incredulitate
1562 574 1927 631 recesserant,

353 658 560 728 quique
577 655 821 721 Iudaeos,
854 666 912 711 ut
943 663 1190 713 amentes
1224 665 1278 712 et
1310 659 1557 727 ingratos
1579 659 1925 723 damnarant,

347 757 404 801 et
436 747 493 801 in
533 745 830 801 Dominum
860 754 1111 802 nostrum
1142 745 1329 803 Jesum
1367 748 1648 804 Christum
1682 749 1932 804 credide-

347 848 500 906 rant,
532 855 597 894 ac
635 840 1036 901 intellexerant,
1069 840 1192 909 ejus
1223 840 1565 896 divinitatem
1602 841 1930 897 testimoniis

352 931 599 1001 undique
622 931 992 1000 comprobari,
1022 937 1074 985 et
1101 946 1168 987 ex
1202 940 1495 1001 potestate,
1527 933 1722 1005 signis,
1760 941 1815 988 et
1842 933 1929 988 di-

352 1023 497 1078 vinis
544 1024 824 1093 operibus,
882 1038 1093 1079 necnon
1151 1040 1217 1079 ex
1276 1026 1600 1080 auctoritate
1651 1024 1932 1080 Dominica

355 1112 527 1167 Deum
575 1115 851 1181 diguosci;
903 1130 1013 1169 non
1053 1115 1296 1172 debuere
1341 1132 1438 1187 per
1484 1126 1767 1171 externam
1817 1133 1933 1187 spe-

355 1207 495 1261 ciem
521 1222 591 1261 eo-
615 1206 804 1267 dilabi,
854 1216 912 1261 ut
949 1224 1292 1263 communem
1323 1215 1377 1263 et
1422 1211 1627 1263 nudum
1656 1209 1930 1264 hominem

357 1312 482 1353 eum
541 1297 957 1362 existimarent;
1007 1307 1100 1352 aut
1147 1299 1447 1353 secundum
1502 1299 1770 1353 visibilem
1823 1298 1934 1353 for-

357 1405 524 1455 mam,
556 1390 674 1459 ejus
698 1389 1023 1444 invisibilem
1056 1399 1303 1445 naturam
1333 1390 1657 1444 delinirent:
1681 1400 1774 1443 aut
1800 1405 1932 1459 pro-

357 1491 483 1555 pter
513 1499 737 1554 corpus,
770 1491 824 1537 et
849 1498 1140 1552 corporeus
1166 1483 1474 1553 passiones,
1504 1483 1710 1536 nudum
1751 1482 1934 1536 homi-

359 1591 505 1641 nem,
548 1589 612 1630 ac
645 1583 706 1629 ut
736 1590 901 1628 unum
941 1590 1009 1629 ex
1057 1575 1215 1629 nobis
1265 1574 1579 1645 passibilem
1619 1573 1770 1628 illum
1811 1589 1935 1630 esse

358 1675 635 1738 putarent.
673 1667 799 1723 llaec
827 1668 973 1723 enim
1000 1667 1154 1723 fuere
1178 1665 1490 1721 Iudaeorum
1519 1668 1662 1721 mala
1680 1670 1701 1723 ἰ
1731 1668 1847 1723 haec
1871 1667 1936 1720 il—

2029 476 2307 541 κτίσαντα,
2354 494 2373 528 (
2422 476 2482 539 ὅς
2542 478 2688 528 ἐστιν
2736 473 3024 545 εὐλογητὸς
3080 473 3159 537 είς
3205 473 3332 536 τοὺς
3371 472 3629 540 αἰῶνας,

2031 567 2177 638 ἀμήν
2200 565 2334 640 (62).
2358 585 2378 619 ι
2423 566 2653 637 Ὁμοίως
2678 565 2734 619 δὲ
2767 566 2860 619 καὶ
2894 566 3022 628 τοὺς
3070 564 3367 636 Ἰουδαϊκῆς
3399 565 3625 636 ἀναχω-

2032 660 2307 730 ρήσαντας
2364 659 2653 723 ἀπιστίας,
2707 658 2802 713 καὶ
2848 658 3212 727 καταγνόντας
3261 657 3482 712 ἐκείνων
3531 658 3617 722 ὡς

2031 748 2284 819 ἀφρόνων
2336 750 2430 802 καὶ
2488 749 2819 821 ἀχαρίστων,
2862 748 2953 803 καὶ
2993 749 3387 813 πιστεύσαντας
3415 750 3492 812 είς
3516 747 3619 801 τόν

2030 839 2235 910 Κύριον
2272 839 2431 911 ἡμῶν
2491 839 2696 911 Ἰησοῦν
2752 839 3006 911 Χριστὸν,
3067 841 3159 893 καὶ
3198 840 3475 903 συνιέντας
3497 837 3615 911 (65)

2034 931 2197 985 αὑτὸν
2227 932 2358 985 Θεὸν
2397 931 2843 1004 μαρτυρούμενον
2878 932 3162 999 πάντοθεν,
3215 933 3310 986 καὶ
3350 932 3619 1000 ἐπιγινω-

2035 1023 2298 1092 σκόμενον
2323 1025 2388 1077 ἐκ
2426 1025 2525 1095 τῆς
2571 1024 2837 1088 ἐξουσίας,
2879 1024 2973 1078 καὶ
2994 1025 3059 1077 ἐκ
3081 1024 3189 1079 τῶν
3231 1024 3489 1095 σημείων,
3515 1022 3621 1078 καὶ

2034 1113 2232 1168 θεῖκῶν
2290 1114 2488 1188 ἔργων,
2520 1117 2615 1170 καὶ
2655 1117 2753 1188 τῆς
2779 1116 3065 1187 Κυριακῆς
3111 1117 3433 1179 ἐπιστασίας
3473 1113 3615 1187 (64),

2036 1207 2233 1278 μηκέτι
2279 1207 2642 1261 καταπίπτειν
2679 1209 2758 1272 είς
2784 1207 2959 1260 κοινὸν
2995 1209 3088 1260 καὶ⁵
3130 1206 3283 1276 ψιλὸν
3323 1206 3614 1278 ἄνθρωπον

2033 1298 2123 1352 διὰ
2141 1299 2241 1369 τῆς
2257 1298 2454 1363 ἔξωθεν
2476 1298 2649 1369 ὅψεως
2668 1316 2681 1330 ’
2704 1298 2838 1370 μηδὲ
2861 1297 3003 1352 κατά
3033 1297 3093 1351 τὸ
3117 1298 3389 1369 ὁρώμενον
3402 1298 3612 1368 σχῆμα,

2035 1393 2129 1446 καὶ
2178 1390 2279 1463 τὴν
2329 1391 2558 1463 ἀόρατον
2588 1391 2751 1444 αὑτοῦ
2794 1390 2955 1459 φύσιν
2983 1389 3183 1461 ὁρίζειν
3210 1407 3224 1420 ’
3259 1388 3391 1461 μηδέ
3434 1388 3522 1442 διά
3547 1387 3616 1441 τὸ

2037 1482 2217 1554 σῶμα,
2243 1485 2336 1537 καὶ
2355 1484 2422 1537 τὰ
2448 1483 2736 1555 σωματικά
2753 1483 2923 1555 πάθη,
2947 1483 3100 1554 ψιλὸν
3134 1483 3295 1538 αὑτὸν
3326 1482 3617 1555 ἄνθρωπον

2036 1573 2174 1628 εἶναι
2204 1574 2463 1647 νομίζειν,
2507 1577 2601 1629 καὶ
2631 1575 2706 1639 ὡς
2745 1575 2841 1629 ἕνα
2867 1568 3132 1630 τῶν’καθ’
3166 1576 3313 1646 ἡμᾶς
3348 1574 3615 1645 παθητόν.

2037 1668 2222 1722 Ταῦτα
2250 1667 2359 1740 γὰρ
2391 1665 2459 1739 ἦν
2486 1668 2558 1723 τὰ
2592 1669 2856 1723 Ἰουδαίων
2889 1669 3054 1723 κακά.
3092 1667 3277 1723 Ταῦτα
3307 1667 3406 1737 τὴν
3430 1667 3615 1721 πίστιν

357 1759 534 1814 lorum
563 1768 808 1815 evertere
838 1759 1020 1823 ﬁdem,
1065 1774 1130 1813 ac
1163 1759 1370 1814 Christi
1413 1758 1602 1814 hostes
1634 1759 1785 1829 ipsos
1811 1774 1933 1815 esse

2040 1760 2258 1814 ἐκείνων
2281 1759 2549 1829 ἀφείλετο,
2574 1760 2670 1814 καὶ
2696 1761 2997 1831 θεομάχους
3016 1757 3266 1824 ἀπέδειξε
3287 1777 3300 1790 ·
3315 1759 3486 1812 ταῦτα
3514 1758 3616 1813 καὶ

357 1852 791 1922 comprobarunt
823 1873 834 1908 :
862 1852 977 1905 haec
1006 1851 1125 1921 ipsa
1149 1851 1261 1920 jam
1294 1851 1549 1906 nonnulli
1582 1851 1931 1916 aemulantur,

357 1943 451 2014 qui
487 1945 673 2013 gentili
706 1952 759 1998 et
804 1942 1033 1997 Iudaico
1062 1943 1256 1997 morbo
1287 1943 1563 2007 laborant,
1596 1957 1699 1997 nec
1745 1941 1935 1996 admit-

358 2041 505 2097 tunt,
521 2049 619 2089 nec
639 2035 913 2091 ullatenus
925 2034 1158 2090 credunt
1180 2035 1526 2089 incarnatum
1545 2034 1714 2090 fuisse
1729 2033 1930 2102 Deum;

358 2125 457 2182 sed
524 2125 785 2181 humanis
855 2127 1164 2183 ratiociniis
1212 2127 1819 2197 disputationibusque,
1870 2140 1935 2181 ac

358 2215 561 2272 Graecae
588 2218 945 2288 philosophiae
969 2234 1070 2288 ope
1094 2234 1291 2289 magna
1324 2227 1379 2274 et
1413 2217 1936 2289 incomprehensibi-

356 2308 431 2365 lia
475 2324 805 2381 agnoscere,
850 2311 961 2364 imo
1007 2310 1468 2379 comprehendere
1518 2310 1706 2365 volunt
1742 2327 1755 2363 :
1794 2324 1934 2379 quo-

357 2400 522 2456 modo
572 2417 766 2472 nempe
813 2402 1057 2473 gignitur
1106 2403 1670 2474 incorporeumzqua
1721 2403 1937 2458 ratione

356 2493 626 2564 procedit,
667 2502 722 2548 et
757 2494 979 2549 ubinam
1003 2501 1087 2551 est
1110 2496 1202 2565 qui
1226 2496 1427 2565 ubique
1454 2505 1557 2559 est,
1592 2496 1775 2550 omnia
1810 2510 1938 2548 con-

357 2582 519 2646 tinet,
561 2592 615 2638 et
644 2584 827 2637 omnia
860 2584 1070 2653 implet.
1116 2585 1292 2653 Atque
1320 2600 1415 2654 per
1447 2584 1602 2648 illud,
1637 2583 1932 2653 quomodo,

358 2685 414 2728 et
434 2690 542 2741 qna
590 2675 821 2739 ratione,
868 2676 924 2730 in
975 2675 1351 2731 infidelitatem
1390 2676 1595 2742 abiere,
1633 2684 1687 2731 et
1717 2691 1938 2746 genera-

357 2766 527 2821 tionis
557 2767 699 2831 loco,
735 2766 1002 2824 factm-am
1036 2770 1330 2822 commenti
1376 2775 1525 2833 sunt,
1558 2784 1620 2822 ac
1653 2769 1771 2823 vice
1810 2784 1938 2840 pro-

359 2857 654 2924 cessionis,
685 2859 1024 2913 creationem
1072 2867 1126 2913 et
1173 2861 1473 2914 transitum
1506 2861 1932 2918 constituerunt.

431 2948 487 3004 2.
531 2948 607 3002 Ita
626 2965 846 3003 rursum
870 2949 937 3004 de
960 2948 1342 3005 incarnatione
1360 2958 1640 3020 quaerunt:
1661 2952 1937 3022 quomodo

2032 1854 2127 1908 νῦν
2178 1853 2289 1925 (63)
2344 1852 2564 1926 ζηλοῦσί
2617 1870 2761 1916 τινες
2815 1852 3130 1925 Ἑλληνικὴν
3167 1852 3262 1905 καὶ
3318 1849 3617 1922 Ἰουδαῖκὴν

2032 1945 2186 1999 νόσον
2244 1943 2693 2011 νοσοῦντες,’καὶ
2743 1942 2817 2015 μὴ
2855 1944 3307 2016 παραδεχόμενοι,
3355 1942 3490 2014 μηδὲ
3522 1960 3619 1996 πι-

2036 2036 2317 2101 στεύοντες
2367 2036 2504 2099 ὅλως
2563 2035 2948 2107 σωματοῦσθαι
2977 2036 3129 2100 Θεὸν,
3160 2035 3297 2090 ἀλλά
3333 2035 3616 2105 λογισμοῖς

2033 2128 2413 2200 ἀνθρωπίνοις,
2445 2129 2540 2182 καὶ
2560 2128 2861 2199 φιλονεικίᾳ
2891 2127 3023 2199 (66),
3050 2129 3145 2181 καὶ
3174 2128 3462 2198 φιλοσοφίᾳ
3495 2126 3616 2180 Ἐλ-

2032 2219 2225 2292 ληνικῇ
2252 2219 2476 2289 γνῶναι,
2502 2221 2597 2273 καὶ
2623 2219 2949 2274 καταλαϐεῖν
2983 2219 3182 2290 μᾶλλον
3209 2218 3520 2290 βουλόμενοι
3543 2218 3615 2273 τὰ

2006 2352 2014 2363 .
2038 2308 2248 2380 μεγάλα
2273 2310 2368 2362 καὶ
2388 2308 2764 2379 ἀκατάληπτα,
2790 2309 2909 2372 πῶς
2931 2310 3187 2378 γεννᾶται
3199 2309 3259 2362 τὸ
3282 2308 3573 2379 ἀσώματον
3591 2323 3610 2339 ⁸

2035 2401 2151 2466 πῶς
2174 2402 2230 2455 δὲ
2259 2402 2352 2456 καὶ
2378 2401 2611 2473 πρόεισι,
2630 2402 2725 2455 καὶ
2753 2400 2855 2455 ποῦ
2897 2404 2925 2455 6
2955 2401 3066 2473 (67)
3100 2401 3373 2472 πανταχοῦ
3398 2400 3493 2466 ὢν,
3515 2400 3613 2455 καὶ

2035 2494 2213 2548 πάντα
2237 2492 2523 2565 περιέχων,
2547 2493 2641 2547 καὶ
2670 2493 2738 2547 τά
2772 2493 2948 2546 πάντα
2980 2493 3221 2564 πληρῶν.
3262 2494 3370 2547 Καὶ
3411 2494 3476 2547 ἐκ
3513 2491 3611 2547 τοῦ

2035 2583 2173 2648 πῶς,
2231 2584 2325 2638 καὶ
2372 2585 2540 2647 ὅπως,
2576 2585 2657 2647 είς
2703 2583 2960 2638 ἀπιστίαν
3002 2583 3305 2656 ἐχώρησαν,
3347 2585 3441 2638 καὶ
3488 2584 3613 2639 ἀντὶ

2035 2678 2342 2749 γεννήσεως
2366 2676 2671 2731 ἐπλάσαντο
2694 2676 2932 2748 ποίησιν,
2960 2678 3054 2730 καὶ
3079 2678 3201 2730 ἀντὶ⁹
3238 2678 3465 2749 προόδου
3494 2676 3616 2732 κτί-

2038 2786 2120 2825 σιν
2149 2770 2242 2825 καὶ
2274 2768 2506 2842 πάροδον
2534 2769 2960 2824 κατεσκεύασαν.

2103 2947 2155 3002 2.
2193 2944 2349 3001 Οὕτω
2393 2944 2554 2999 πάλιν
2601 2944 2695 2999 καὶ
2722 2944 2814 2999 ἐπὶ
2833 2944 2931 3016 τῆς
2961 2944 3287 3018 σαρκώσεως
3314 2944 3455 3018 (68)⁸
3486 2945 3608 3010 πῶς

359 3038 681 3093 incarnatur
710 3039 877 3103 Deus,
908 3055 1016 3110 qua
1045 3041 1261 3095 ratione
1301 3055 1502 3111 corpus
1534 3043 1792 3106 assumit,
1825 3057 1934 3113 quo

2040 3038 2336 3111 σαρκοῦται
2380 3038 2534 3105 Θεὸς,
2564 3037 2681 3101 πῶς
2719 3036 3082 3109 σωματοῦται,
3134 3038 3251 3102 πῶς
3302 3038 3611 3092 συντίθεται

359 3139 522 3204 pacto
564 3146 687 3185 cum
725 3148 892 3202 parvo
943 3148 1173 3203 corpore
1214 3133 1473 3187 coalescit
1520 3135 1614 3203 qui
1665 3134 1934 3189 contineri

2040 3109 2175 3205 πρὸς
2217 3133 2374 3202 σῶμα
2426 3132 2599 3204 βραχὺ
2648 3132 2677 3185 6
2719 3128 3038 3202 ἀχὼρητος’
3077 3131 3194 3196 πῶς
3219 3130 3275 3184 δὲ
3307 3131 3517 3186 ἑνοῦται
3550 3131 3615 3184 τὸ

360 3223 552 3293 nequit
580 3242 593 3277 :
624 3223 900 3293 quomodo
929 3223 1231 3278 increatum
1273 3231 1458 3279 creato
1487 3224 1758 3294 jungitur.
1786 3226 1938 3280 etin-

360 3314 838 3383 circumscriptum
882 3315 1302 3387 circumscripto
1345 3334 1359 3370 :
1395 3315 1487 3386 qui
1535 3330 1766 3385 magnus
1820 3315 1932 3381 ille,
1978 3338 1981 3341 ι

360 3405 684 3469 immensus,
728 3405 1019 3472 indivisus,
1048 3422 1148 3477 pro
1177 3415 1330 3477 parte
1367 3408 1603 3478 quadam
1650 3408 1934 3465 habeatur.

360 3495 471 3548 Aut
494 3495 640 3549 enim
672 3511 932 3566 magnum
966 3498 1021 3551 in
1068 3514 1237 3569 parvo
1277 3509 1620 3555 contractum
1661 3508 1746 3557 est
1789 3503 1932 3569 loco,

361 3594 456 3640 aut
487 3603 714 3657 parvum
746 3592 1065 3661 prmgrande
1110 3591 1315 3647 factum
1345 3601 1452 3658 est,
1493 3605 1772 3664 partemve
1799 3597 1936 3651 divi-

359 3677 573 3743 uitatis,
618 3685 671 3733 et
725 3696 835 3736 non
883 3688 1058 3775 tot’um
1106 3685 1335 3754 recepit,
1383 3684 1529 3754 quod
1582 3686 1809 3757 impium
1853 3698 1938 3743 est

360 3770 627 3841 proferre.
677 3772 745 3827 Et
774 3791 843 3830 ex
885 3770 998 3840 illo,
1035 3778 1332 3846 quomodo,
1375 3793 1482 3847 qua
1516 3779 1752 3844 ratione,
1788 3780 1934 3851 quali

359 3866 778 3934 consequentia,
811 3866 864 3920 in
900 3867 1272 3923 inﬁdelitatem
1309 3869 1365 3923 hi
1388 3885 1606 3940 quoque
1633 3872 1816 3927 abiere
1836 3912 1851 3937 ,
1871 3887 1936 3927 ac

360 3953 817 4010 inhabitationem
870 3972 968 4026 pro
1011 3957 1392 4014 incarnatione
1437 3961 1937 4033 constituerezpro

360 4050 569 4104 unione
616 4056 672 4103 et
720 4050 1141 4119 compositione,
1193 4051 1491 4107 humanam
1533 4053 1726 4125 agendi
1764 4055 1936 4108 virtu-

359 4150 468 4196 tem
496 4156 595 4208 ;ac
620 4157 719 4212 pro
750 4157 856 4196 una
884 4142 1167 4214 hypostasi
1194 4143 1409 4199 Domini
1437 4147 1613 4202 nostri
1632 4144 1760 4200 Jesu
1784 4145 1939 4200 Chri-

361 4235 454 4297 sti,
503 4234 640 4289 duas
675 4235 1000 4306 hypostases
1032 4245 1085 4291 et
1118 4252 1381 4306 personas
1408 4254 1423 4305 ;
1451 4246 1503 4292 et
1532 4254 1631 4308 pro
1669 4237 1937 4293 Trinitate

362 4328 784 4397 quaternitatem
817 4327 1073 4383 indecore
1093 4336 1146 4382 et
1169 4328 1333 4399 impie
1363 4330 1640 4396 sentiunt;
1678 4330 1936 4386 indecore

361 4418 601 4489 quidem,
623 4420 749 4488 quia
767 4419 877 4474 Deo
902 4419 1177 4474 hominem
1201 4421 1563 4490 conjungunt,
1596 4437 1812 4477 servum
1828 4421 1934 4475 Do.

360 4514 510 4566 mino
536 4520 921 4576 annumerant,
947 4522 1186 4567 creatam
1215 4528 1504 4583 personam
1527 4530 1654 4569 cum
1679 4514 1955 4570 increatis‘

360 4600 610 4672 personis
640 4602 945 4668 collocant;
995 4602 1160 4673 impie
1190 4620 1343 4670 vero,
1396 4605 1523 4675 quia
1569 4621 1732 4659 unam
1761 4606 1935 4676 hypo-

361 4692 535 4748 stasin
557 4690 694 4747 duas
721 4691 946 4758 faciunt,
973 4703 1222 4763 quartam
1254 4696 1572 4766 hypostasin
1593 4696 1936 4767 peregrinam

360 4783 587 4835 omnino
602 4788 655 4836 et
678 4782 1131 4853 alienigenam,et
1145 4786 1386 4839 omnium
1405 4786 1759 4840 rationalium
1777 4801 1934 4841 crea-

358 4885 605 4928 turarum
623 4875 891 4938 ultimam,
906 4882 1207 4928 extremam
1227 4886 1281 4931 et
1298 4877 1603 4941 minimam,
1623 4878 1677 4930 in
1694 4876 1935 4930 Trinita-

357 4972 464 5019 tem
489 4964 775 5021 inducunt.
792 4966 947 5032 Quod
959 4967 1007 5023 si
1025 4966 1206 5024 denuo
1225 4977 1485 5024 accurate
1501 4968 1931 5034 animadvertas,

430 5123 475 5154 ⁸ο
517 5121 677 5179 Rom.
716 5140 768 5190 ι,
806 5124 896 5179 25.

426 5280 540 5355 (62)
569 5281 882 5355 ln_Catena
928 5282 984 5337 in
1028 5281 1256 5355 Lucam,
1288 5282 1385 5355 ubi
1428 5283 1674 5353 qumdam
1722 5298 1791 5339 ex
1838 5280 1943 5355 hac

359 5352 608 5408 oratiune
630 5352 906 5423 descripta
950 5363 1100 5417 sunt,
1134 5354 1250 5408 haec
1288 5352 1509 5420 desunt,
1536 5355 1594 5419 ὃς
1614 5356 1760 5408 ἐστιν
1791 5353 1926 5407 εὑλο

359 5423 525 5495 γητὸς
554 5424 632 5495 είς
655 5425 779 5487 τοὺς
806 5424 1029 5487 αἰῶνας,
1050 5425 1217 5493 ἀμήν.

431 5492 544 5564 (65)
578 5493 968 5564 Segueriauus,
999 5492 1275 5558 συνέντας.
1622 5532 1623 5535 η

432 5564 543 5690 (gi)
581 5563 692 5686 limi.
738 5566 836 5635 τῆς
882 5567 1152 5636 κυριακῆς
1185 5564 1524 5629 ἐπιστασίας,
1578 5565 1693 5621 hanc
1739 5565 1940 5621 desunt

489 5650 610 5690 a.en
655 5675 668 5688 .

359 5635 417 5691 in
441 5635 668 5690 Catena.

431 5705 542 5778 (65)
583 5704 664 5759 Τὰ
686 5703 953 5760 Ἰουδαίων
985 5705 1129 5761 κακά
1152 5722 1181 5781 '_
1210 5705 1381 5761 ταῦτα
1432 5705 1525 5760 καὶ
1555 5704 1648 5761 νῦν
1689 5704 1815 5775 ζηλ.
1847 5702 1939 5760 Sic

2037 3225 2286 3278 ἀκτιστον
2313 3223 2391 3294 τῷ
2427 3222 2649 3292 κτιστῷ,
2678 3223 2770 3276 καὶ
2794 3221 2871 3293 τῷ
2906 3215 3360 3293 περιγραφομένῳ
3386 3221 3447 3275 τὸ
3480 3222 3617 3275 ἀπε-

2038 3317 2336 3389 ρίγραπτον
2361 3332 2375 3346 ·
2411 3315 2530 3379 πῶς
2572 3316 2630 3368 ἐν
2678 3314 2833 3386 μέρει
2862 3312 2972 3383 (69)
3003 3315 3033 3366 ὁ
3071 3315 3243 3384 μέγας
3287 3314 3492 3377 ἐκεῖνος
3519 3314 3617 3367 καὶ

2035 3408 2360 3479 ἀμέτρητος,
2384 3408 2478 3461 καὶ
2504 3406 2813 3478 ἀμέριστος.
2834 3406 2905 3459 Ἦ
2930 3404 3037 3477 γὰρ
3064 3404 3124 3457 τὸ
3155 3404 3297 3476 μέγα
3318 3405 3396 3468 είς
3422 3404 3616 3478 μικρὸν

2036 3498 2333 3569 συνεστάλη
2384 3497 2603 3569 χωρίον,
2656 3497 2690 3568 ἢ
2757 3496 2818 3549 τὸ
2867 3495 3061 3568 μικρὸν
3126 3497 3315 3564 γέγονε
3366 3497 3527 3567 μέγα,
3578 3496 3620 3569 ἢ

2039 3590 2203 3662 μέρος
2234 3590 2334 3660 τῆς
2378 3589 2652 3660 θεότητος,
2692 3587 2786 3642 κα)⁵
2816 3588 2877 3640 οὑ
2901 3587 2961 3640 τὸ
3001 3589 3108 3640 πᾶν
3135 3586 3450 3653 ὑπεδέξατο,
3476 3588 3616 3659 ὅπερ

2036 3680 2183 3733 ἐστὶν
2240 3678 2452 3742 ἀσεϐές.
2489 3678 2600 3732 Καὶ
2650 3674 2932 3748 ἐχώρησαν
2961 3677 3025 3730 ἐκ
3057 3674 3151 3728 τοῦ
3179 3675 3315 3739 πῶς,
3346 3676 3438 3729 καὶ
3474 3675 3619 3746 ποίῳ

2033 3772 2241 3845 τρόπῳ,
2265 3771 2361 3825 καὶ
2391 3770 2520 3842 ποίᾳ
2560 3770 2870 3842 ἀκολουθίᾳ,
2911 3772 2991 3832 είς
3031 3767 3287 3822 ἀπιστίαν
3314 3766 3406 3819 καὶ
3431 3759 3615 3819 οὗτοιο

2036 3866 2130 3919 καὶ
2175 3864 2447 3936 ἐνοίκησιν
2502 3863 2623 3916 ἀντὶ
2679 3864 3007 3933 σαρκώσεως
3041 3859 3481 3914 κατεσκεύασαν·
3518 3859 3629 3913 καὶ.

2037 3958 2157 4013 ἀντὶ
2187 3954 2432 4020 ἐνώσεως
2470 3956 2564 4008 καὶ
2595 3955 2897 4018 συνθέσεως
2936 3953 3216 4022 ἐνέργειαν
3244 3949 3619 4022 ἀνθρωπίνην,

2037 4050 2133 4104 καὶ
2160 4049 2280 4102 ἀντὶ
2315 4049 2445 4119 μιᾶς
2493 4046 2842 4110 ὑποστάσεως
2870 4043 2964 4100 τοῦ
3013 4044 3219 4117 Κυρίου
3250 4042 3406 4114 ἡμῶν
3440 4041 3619 4113 Ἰησοῦ

2037 4139 2275 4212 Χριστοῦ
2297 4139 2389 4193 δύο
2422 4139 2746 4202 ὑποστάσεις
2779 4137 2872 4191 καὶ
2917 4136 3181 4206 πρόσωπα
3205 4151 3219 4165 ·
3253 4137 3345 4189 καὶ
3368 4135 3488 4188 ἀντὶ
3515 4133 3622 4205 τῆς

2040 4234 2201 4302 ἁγίας
2223 4231 2451 4305 Τριάδος
2474 4232 2704 4302 τετράδα
2727 4229 2990 4301 ἀπρεπῶς
3014 4231 3108 4283 καὶ
3137 4227 3469 4299 παρανόμως
3489 4243 3637 4299 φροι

2037 4327 2332 4397 νήσαντες·
2380 4322 2642 4394 ἀπρεπῶς
2694 4323 2815 4393 μὲν,
2855 4322 2937 4375 ὅτι
2980 4321 3099 4393 Θεῷ
3133 4319 3490 4374 συνάπτουσιν
3525 4317 3622 4372 άν-

2040 4416 2276 4486 θρωπον,
2309 4415 2404 4468 καὶ
2425 4414 2609 4467 δοῦλον
2650 4412 3038 4485 συναριθμοῦσι
3082 4410 3351 4485 Δεσπότῃ,
3373 4411 3465 4464 καὶ
3495 4426 3621 4463 κτι-

2047 4508 2170 4563 στὸν
2217 4507 2507 4579 πρόσωπον
2554 4505 2829 4569 ἀκτίστοις
2880 4504 3192 4576 προσώποις
3229 4503 3615 4556 συντάττουσι’

2044 4599 2373 4671 παρανόμως
2400 4597 2478 4665 δὲ,
2513 4598 2595 4650 ὅτι
2622 4596 2720 4668 τὴν
2749 4597 2875 4669 μίαν
2915 4596 3206 4650 ὑπόστασιν
3231 4595 3323 4648 δύο
3350 4593 3625 4659 ποιοῦσιν,

2041 4692 2427 4760 ἐπεισάγοντες
2456 4690 2756 4761 τῇ-Τριάδι
2799 4689 3068 4763 τετάρτην
3113 4688 3430 4749 ὑπόστασιν,
3461 4684 3620 4756 ξένην

2042 4785 2358 4838 παντάπασι
2400 4782 2494 4836 καὶ
2520 4781 2833 4851 ἀλλόφυλον,
2868 4783 2961 4836 καὶ
3005 4781 3223 4835 πάντων
3248 4779 3356 4833 τῶν
3384 4778 3623 4846 λογικῶν

2041 4878 2357 4946 κτισμάτων
2386 4874 2446 4927 τὸ
2483 4871 2811 4938 τελευταῖον,
2851 4872 2945 4925 καὶ
2977 4870 3226 4941 ἔσχατον,
3272 4870 3365 4923 καὶ
3400 4869 3618 4939 μικρόν.

2055 4968 2179 5022 Ἐἀν
2209 4967 2264 5021 δὲ
2293 4963 2538 5037 ἀκριϐῶς
2579 4963 2741 5018 πάλιν
2785 4964 3065 5036 ἐννοήσῃς,
3098 4963 3190 5016 καὶ
3217 4961 3297 5032 τῷ
3331 4961 3623 5032 πράγματι

2040 5277 2244 5334 Catena
2270 5277 2489 5333 omissis
2517 5275 2733 5330 mediis.

2114 5348 2232 5419 (66),
2255 5348 2366 5401 Καὶ
2392 5346 2691 5419 φιλονεικίᾳ
2729 5345 2886 5419 deest
2910 5344 2965 5400 in
2990 5343 3280 5419 Basiliensi
3307 5342 3615 5419 et_Seguer.

2042 5428 2096 5474 et
2122 5412 2176 5473 in
2205 5412 2430 5487 catena.
2476 5412 2682 5470 Ibidem
2734 5416 2926 5476 Basil.,
2966 5417 3147 5487 σοφίᾳ,
3171 5428 3271 5485 pro
3305 5412 3616 5486 φιλοσοφίᾳ.

2114 5489 2224 5558 (67)
2259 5486 2646 5559 Segucrianus,
2685 5487 2956 5557 πανταχῆ.

2110 5552 2221 5631 (68)
2243 5552 2357 5631 (81ᾲό
2370 5557 2761 5627 Seguerianus,
2779 5568 2833 5631 et
2858 5552 2933 5631 ita
2965 5554 3376 5631 legitNaunius.
3401 5552 3627 5626 Reliqui

2042 5626 2166 5686 cum
2192 5626 2344 5691 editi,
2377 5626 2491 5681 tum
2518 5629 2903 5698 manuscripti,
2941 5626 3162 5698 σαρκός.

2115 5699 2225 5769 (69)
2254 5702 2505 5770 Seguer.,
2538 5694 2952 5776 ἀπερίγραῐφον,
2983 5694 3097 5762 πῶς
3127 5695 3222 5751 καὶ
3252 5697 3311 5752 ἐν
3342 5694 3540 5768 μέρει..
