  <div class='ocr_page' id='page_1' title='image "/cluster/home/n/w/nwhite01/storage/ocr_20150623/28/nnc1.0046978690/102.png"; bbox 0 0 3878 6196; ppageno 0'>
   <div class='ocr_carea' id='block_1_1' title="bbox 214 289 329 347">
    <p class='ocr_par' dir='ltr' id='par_1_1' title="bbox 214 289 329 347">
     <span class='ocr_line' id='line_1_1' title="bbox 214 289 329 347; baseline 0 0"><span class='ocrx_word' id='word_1_1' title='bbox 214 289 329 347; x_wconf 68' lang='grc'><strong>195</strong></span> 
     </span>
    </p>
   </div>
   <div class='ocr_carea' id='block_1_2' title="bbox 1346 245 2350 358">
    <p class='ocr_par' dir='ltr' id='par_1_2' title="bbox 1346 245 2350 358">
     <span class='ocr_line' id='line_1_2' title="bbox 1346 245 2350 358; baseline 0.003 -12"><span class='ocrx_word' id='word_1_2' title='bbox 1346 248 1450 358; x_wconf 72' lang='grc' dir='ltr'><strong>’ρο</strong></span> <span class='ocrx_word' id='word_1_3' title='bbox 1466 289 1557 348; x_wconf 82' lang='lat' dir='ltr'><strong>on</strong></span> <span class='ocrx_word' id='word_1_4' title='bbox 1581 278 1786 348; x_wconf 73' lang='lat' dir='ltr'><strong>“unus</strong></span> <span class='ocrx_word' id='word_1_5' title='bbox 1826 288 1934 345; x_wconf 87' lang='lat' dir='ltr'><strong>srr</strong></span> <span class='ocrx_word' id='word_1_6' title='bbox 1969 245 2350 349; x_wconf 49' lang='lat' dir='ltr'><strong>cnnis&#39;rus:</strong></span> 
     </span>
    </p>
   </div>
   <div class='ocr_carea' id='block_1_3' title="bbox 3368 283 3475 341">
    <p class='ocr_par' dir='ltr' id='par_1_3' title="bbox 3368 283 3475 341">
     <span class='ocr_line' id='line_1_3' title="bbox 3368 283 3475 341; baseline -0.019 0"><span class='ocrx_word' id='word_1_7' title='bbox 3368 283 3475 341; x_wconf 68' lang='lat'><strong>186</strong></span> 
     </span>
    </p>
   </div>
   <div class='ocr_carea' id='block_1_4' title="bbox 208 402 1792 480">
    <p class='ocr_par' dir='ltr' id='par_1_4' title="bbox 208 404 1792 480">
     <span class='ocr_line' id='line_1_4' title="bbox 208 404 1792 480; baseline 0.003 -23"><span class='ocrx_word' id='word_1_8' title='bbox 208 411 508 476; x_wconf 72' lang='grc' dir='ltr'>προσέχειν</span> <span class='ocrx_word' id='word_1_9' title='bbox 540 404 792 479; x_wconf 76' lang='grc' dir='ltr'><strong>θελήσῃς,</strong></span> <span class='ocrx_word' id='word_1_10' title='bbox 847 409 1097 480; x_wconf 77' lang='grc' dir='ltr'><strong>εὑρήσεις</strong></span> <span class='ocrx_word' id='word_1_11' title='bbox 1138 409 1334 474; x_wconf 76' lang='grc' dir='ltr'>αὑτοὺς</span> <span class='ocrx_word' id='word_1_12' title='bbox 1362 409 1467 475; x_wconf 79' lang='grc' dir='ltr'><strong>ἔξω</strong></span> <span class='ocrx_word' id='word_1_13' title='bbox 1494 408 1596 480; x_wconf 82' lang='grc' dir='ltr'>τῆς</span> <span class='ocrx_word' id='word_1_14' title='bbox 1635 408 1792 478; x_wconf 88' lang='grc' dir='ltr'>ἀγίας</span> 
     </span>
    </p>
   </div>
   <div class='ocr_carea' id='block_1_5' title="bbox 1896 402 3473 480">
    <p class='ocr_par' dir='ltr' id='par_1_5' title="bbox 1897 402 3473 479">
     <span class='ocr_line' id='line_1_5' title="bbox 1897 402 3473 479; baseline -0.006 -14"><span class='ocrx_word' id='word_1_15' title='bbox 1897 404 2095 465; x_wconf 76' lang='grc' dir='ltr'>οιίιυὶσ</span> <span class='ocrx_word' id='word_1_16' title='bbox 2111 409 2331 479; x_wconf 76' lang='lat' dir='ltr'><strong>negotio</strong></span> <span class='ocrx_word' id='word_1_17' title='bbox 2348 407 2589 463; x_wconf 89' lang='lat' dir='ltr'><strong>animum</strong></span> <span class='ocrx_word' id='word_1_18' title='bbox 2608 406 2868 463; x_wconf 83' lang='lat' dir='ltr'><strong>adhibere</strong></span> <span class='ocrx_word' id='word_1_19' title='bbox 2880 405 3144 471; x_wconf 86' lang='lat' dir='ltr'><strong>volueris,</strong></span> <span class='ocrx_word' id='word_1_20' title='bbox 3161 402 3473 475; x_wconf 81' lang='lat' dir='ltr'><strong>deprehen-</strong></span> 
     </span>
    </p>
   </div>
   <div class='ocr_carea' id='block_1_6' title="bbox 210 494 1795 573">
    <p class='ocr_par' dir='ltr' id='par_1_6' title="bbox 210 494 1795 573">
     <span class='ocr_line' id='line_1_6' title="bbox 210 494 1795 573; baseline 0.003 -24"><span class='ocrx_word' id='word_1_21' title='bbox 210 494 449 567; x_wconf 82' lang='grc' dir='ltr'>Τριάδος</span> <span class='ocrx_word' id='word_1_22' title='bbox 507 496 798 567; x_wconf 78' lang='grc' dir='ltr'>βάλλοντας</span> <span class='ocrx_word' id='word_1_23' title='bbox 843 499 934 552; x_wconf 83' lang='grc' dir='ltr'><strong>τὸν</strong></span> <span class='ocrx_word' id='word_1_24' title='bbox 982 500 1187 572; x_wconf 83' lang='grc' dir='ltr'><strong>Κύριον</strong></span> <span class='ocrx_word' id='word_1_25' title='bbox 1220 500 1332 572; x_wconf 85' lang='lat'><strong>(70)</strong></span> <span class='ocrx_word' id='word_1_26' title='bbox 1370 501 1531 572; x_wconf 81' lang='grc' dir='ltr'>ἡμῶν</span> <span class='ocrx_word' id='word_1_27' title='bbox 1588 499 1795 573; x_wconf 80' lang='grc' dir='ltr'><strong>Ἰησοῦν</strong></span> 
     </span>
    </p>
   </div>
   <div class='ocr_carea' id='block_1_7' title="bbox 208 586 1796 663">
    <p class='ocr_par' dir='ltr' id='par_1_7' title="bbox 208 586 1796 663">
     <span class='ocr_line' id='line_1_7' title="bbox 208 586 1796 663; baseline 0.003 -23"><span class='ocrx_word' id='word_1_28' title='bbox 208 586 473 657; x_wconf 80' lang='grc' dir='ltr'>Χριστὸν,</span> <span class='ocrx_word' id='word_1_29' title='bbox 506 587 582 651; x_wconf 84' lang='grc' dir='ltr'>ὡς</span> <span class='ocrx_word' id='word_1_30' title='bbox 612 587 816 653; x_wconf 87' lang='grc' dir='ltr'>δοῦλον,</span> <span class='ocrx_word' id='word_1_31' title='bbox 840 589 916 654; x_wconf 84' lang='grc' dir='ltr'>ὡς</span> <span class='ocrx_word' id='word_1_32' title='bbox 948 590 1230 663; x_wconf 80' lang='grc' dir='ltr'>ἄνθρωπον</span> <span class='ocrx_word' id='word_1_33' title='bbox 1252 590 1680 662; x_wconf 83' lang='grc' dir='ltr'>ἀπροσκύνητον,</span> <span class='ocrx_word' id='word_1_34' title='bbox 1702 590 1796 644; x_wconf 82' lang='grc' dir='ltr'><strong>τὸν</strong></span> 
     </span>
    </p>
   </div>
   <div class='ocr_carea' id='block_1_8' title="bbox 210 679 1797 754">
    <p class='ocr_par' dir='ltr' id='par_1_8' title="bbox 210 679 1797 754">
     <span class='ocr_line' id='line_1_8' title="bbox 210 679 1797 754; baseline 0.003 -24"><span class='ocrx_word' id='word_1_35' title='bbox 210 679 592 750; x_wconf 82' lang='grc' dir='ltr'>προσκυνητόν</span> <span class='ocrx_word' id='word_1_36' title='bbox 612 696 627 709; x_wconf 88' lang='grc'><strong>·</strong></span> <span class='ocrx_word' id='word_1_37' title='bbox 667 681 1073 752; x_wconf 75' lang='grc' dir='ltr'><strong>προσκυνοῦντα</strong></span> <span class='ocrx_word' id='word_1_38' title='bbox 1099 682 1155 736; x_wconf 84' lang='grc' dir='ltr'>δὲ</span> <span class='ocrx_word' id='word_1_39' title='bbox 1183 681 1400 754; x_wconf 75' lang='grc' dir='ltr'>μᾶλλον,</span> <span class='ocrx_word' id='word_1_40' title='bbox 1432 684 1524 735; x_wconf 78' lang='grc' dir='ltr'>καὶ</span> <span class='ocrx_word' id='word_1_41' title='bbox 1573 681 1797 736; x_wconf 77' lang='grc' dir='ltr'>σέϐοντα</span> 
     </span>
    </p>
   </div>
   <div class='ocr_carea' id='block_1_9' title="bbox 210 768 1794 846">
    <p class='ocr_par' dir='ltr' id='par_1_9' title="bbox 210 768 1794 846">
     <span class='ocr_line' id='line_1_9' title="bbox 210 768 1794 846; baseline 0.003 -24"><span class='ocrx_word' id='word_1_42' title='bbox 210 768 358 840; x_wconf 77' lang='grc' dir='ltr'><strong>μετά</strong></span> <span class='ocrx_word' id='word_1_43' title='bbox 397 769 636 837; x_wconf 84' lang='grc' dir='ltr'>πάντων,</span> <span class='ocrx_word' id='word_1_44' title='bbox 677 774 775 827; x_wconf 76' lang='grc' dir='ltr'>καὶ</span> <span class='ocrx_word' id='word_1_45' title='bbox 808 774 1246 845; x_wconf 81' lang='grc' dir='ltr'><strong>ὑποτασσόμενον</strong></span> <span class='ocrx_word' id='word_1_46' title='bbox 1295 777 1362 846; x_wconf 80' lang='grc' dir='ltr'><strong>τῇ</strong></span> <span class='ocrx_word' id='word_1_47' title='bbox 1408 774 1537 846; x_wconf 68' lang='grc' dir='ltr'><strong>ἁγίᾳ⁵</strong></span> <span class='ocrx_word' id='word_1_48' title='bbox 1580 773 1794 846; x_wconf 85' lang='grc' dir='ltr'>Τριάδι,</span> 
     </span>
    </p>
   </div>
   <div class='ocr_carea' id='block_1_10' title="bbox 202 861 1796 938">
    <p class='ocr_par' dir='ltr' id='par_1_10' title="bbox 202 861 1796 938">
     <span class='ocr_line' id='line_1_10' title="bbox 202 861 1796 938; baseline 0.002 -22"><span class='ocrx_word' id='word_1_49' title='bbox 202 861 287 925; x_wconf 77' lang='grc' dir='ltr'><strong>ὡς</strong></span> <span class='ocrx_word' id='word_1_50' title='bbox 332 863 652 935; x_wconf 74' lang='grc' dir='ltr'>Μάρκελλος</span> <span class='ocrx_word' id='word_1_51' title='bbox 704 867 800 920; x_wconf 65' lang='grc' dir='ltr'><strong>κα)⁸</strong></span> <span class='ocrx_word' id='word_1_52' title='bbox 837 869 866 920; x_wconf 99' lang='lat'><strong>6</strong></span> <span class='ocrx_word' id='word_1_53' title='bbox 898 868 1245 938; x_wconf 81' lang='grc' dir='ltr'>Σαμοσατεὺς</span> <span class='ocrx_word' id='word_1_54' title='bbox 1298 867 1507 931; x_wconf 90' lang='grc' dir='ltr'>Παῦλος</span> <span class='ocrx_word' id='word_1_55' title='bbox 1552 866 1796 938; x_wconf 80' lang='grc' dir='ltr'>παρεξη-</span> 
     </span>
    </p>
   </div>
   <div class='ocr_carea' id='block_1_11' title="bbox 205 953 1796 1031">
    <p class='ocr_par' dir='ltr' id='par_1_11' title="bbox 205 953 1796 1031">
     <span class='ocr_line' id='line_1_11' title="bbox 205 953 1796 1031; baseline 0.003 -26"><span class='ocrx_word' id='word_1_56' title='bbox 205 953 458 1020; x_wconf 86' lang='grc' dir='ltr'>γοῦνται,</span> <span class='ocrx_word' id='word_1_57' title='bbox 498 956 560 1009; x_wconf 88' lang='grc' dir='ltr'><strong>τὸ</strong></span> <span class='ocrx_word' id='word_1_58' title='bbox 591 956 775 1010; x_wconf 80' lang='grc' dir='ltr'>θεῖκὸν</span> <span class='ocrx_word' id='word_1_59' title='bbox 803 959 896 1011; x_wconf 77' lang='grc' dir='ltr'>καὶ</span> <span class='ocrx_word' id='word_1_60' title='bbox 926 957 1282 1011; x_wconf 83' lang='grc' dir='ltr'>ἀποστολικὸν</span> <span class='ocrx_word' id='word_1_61' title='bbox 1308 959 1543 1031; x_wconf 82' lang='grc' dir='ltr'>γράμμα</span> <span class='ocrx_word' id='word_1_62' title='bbox 1586 959 1667 1021; x_wconf 86' lang='grc' dir='ltr'><strong>είς</strong></span> <span class='ocrx_word' id='word_1_63' title='bbox 1695 958 1796 1029; x_wconf 79' lang='grc' dir='ltr'>τὴν</span> 
     </span>
    </p>
   </div>
   <div class='ocr_carea' id='block_1_12' title="bbox 211 1045 1793 1119">
    <p class='ocr_par' dir='ltr' id='par_1_12' title="bbox 211 1045 1793 1119">
     <span class='ocr_line' id='line_1_12' title="bbox 211 1045 1793 1119; baseline 0.001 -20"><span class='ocrx_word' id='word_1_64' title='bbox 211 1045 353 1099; x_wconf 71' lang='grc' dir='ltr'>ἰδίαν</span> <span class='ocrx_word' id='word_1_65' title='bbox 383 1046 563 1100; x_wconf 80' lang='grc' dir='ltr'>αὐτῶν</span> <span class='ocrx_word' id='word_1_66' title='bbox 589 1047 836 1112; x_wconf 76' lang='grc' dir='ltr'><strong>ἕλκοντες</strong></span> <span class='ocrx_word' id='word_1_67' title='bbox 866 1048 1096 1102; x_wconf 76' lang='grc' dir='ltr'>ἔννοιαν·</span> <span class='ocrx_word' id='word_1_68' title='bbox 1133 1068 1153 1100; x_wconf 84' lang='grc'><strong><em>‹</em></strong></span> <span class='ocrx_word' id='word_1_69' title='bbox 1193 1050 1361 1103; x_wconf 87' lang='grc' dir='ltr'>Ὅταν</span> <span class='ocrx_word' id='word_1_70' title='bbox 1415 1068 1433 1100; x_wconf 74' lang='grc' dir='ltr'><strong>ι</strong></span> <span class='ocrx_word' id='word_1_71' title='bbox 1471 1047 1601 1119; x_wconf 85' lang='grc' dir='ltr'>γὰρ,</span> <span class='ocrx_word' id='word_1_72' title='bbox 1639 1048 1793 1119; x_wconf 77' lang='grc' dir='ltr'>φησὶ,</span> 
     </span>
    </p>
   </div>
   <div class='ocr_carea' id='block_1_13' title="bbox 215 1140 1790 1211">
    <p class='ocr_par' dir='ltr' id='par_1_13' title="bbox 215 1140 1790 1211">
     <span class='ocr_line' id='line_1_13' title="bbox 215 1140 1790 1211; baseline 0.001 -21"><span class='ocrx_word' id='word_1_73' title='bbox 215 1156 237 1190; x_wconf 77' lang='grc' dir='ltr'><strong>ι</strong></span> <span class='ocrx_word' id='word_1_74' title='bbox 273 1140 523 1211; x_wconf 77' lang='grc' dir='ltr'><strong>ὑποταγῇ</strong></span> <span class='ocrx_word' id='word_1_75' title='bbox 548 1140 699 1211; x_wconf 87' lang='grc' dir='ltr'>αὑτῷ</span> <span class='ocrx_word' id='word_1_76' title='bbox 725 1141 796 1194; x_wconf 83' lang='grc' dir='ltr'>τὰ</span> <span class='ocrx_word' id='word_1_77' title='bbox 828 1142 1022 1206; x_wconf 87' lang='grc' dir='ltr'>πάντα,</span> <span class='ocrx_word' id='word_1_78' title='bbox 1053 1141 1175 1194; x_wconf 88' lang='grc' dir='ltr'>τότε</span> <span class='ocrx_word' id='word_1_79' title='bbox 1205 1141 1299 1194; x_wconf 82' lang='grc' dir='ltr'>καὶ</span> <span class='ocrx_word' id='word_1_80' title='bbox 1327 1140 1488 1204; x_wconf 81' lang='grc' dir='ltr'>αὐτὸς</span> <span class='ocrx_word' id='word_1_81' title='bbox 1517 1143 1547 1194; x_wconf 94' lang='lat'><strong>6</strong></span> <span class='ocrx_word' id='word_1_82' title='bbox 1580 1140 1727 1204; x_wconf 85' lang='grc' dir='ltr'>Υἱὸς,</span> <span class='ocrx_word' id='word_1_83' title='bbox 1770 1159 1790 1192; x_wconf 73' lang='grc' dir='ltr'><strong>ι</strong></span> 
     </span>
    </p>
   </div>
   <div class='ocr_carea' id='block_1_14' title="bbox 205 1233 1796 1306">
    <p class='ocr_par' dir='ltr' id='par_1_14' title="bbox 205 1233 1796 1306">
     <span class='ocr_line' id='line_1_14' title="bbox 205 1233 1796 1306; baseline 0 -21"><span class='ocrx_word' id='word_1_84' title='bbox 205 1233 494 1285; x_wconf 76' lang='grc' dir='ltr'>τουτέστιν</span> <span class='ocrx_word' id='word_1_85' title='bbox 526 1236 556 1286; x_wconf 93' lang='lat'><strong>6</strong></span> <span class='ocrx_word' id='word_1_86' title='bbox 589 1234 917 1304; x_wconf 78' lang='grc' dir='ltr'>ἀναληφθεὶς</span> <span class='ocrx_word' id='word_1_87' title='bbox 971 1234 1274 1306; x_wconf 84' lang='grc' dir='ltr'>ἄνθρωπος,</span> <span class='ocrx_word' id='word_1_88' title='bbox 1320 1253 1339 1286; x_wconf 75' lang='grc' dir='ltr'><strong>ι</strong></span> <span class='ocrx_word' id='word_1_89' title='bbox 1391 1235 1796 1303; x_wconf 84' lang='grc' dir='ltr'>ὑποταγήσεται</span> 
     </span>
    </p>
   </div>
   <div class='ocr_carea' id='block_1_15' title="bbox 206 1324 1789 1399">
    <p class='ocr_par' dir='ltr' id='par_1_15' title="bbox 206 1324 1789 1399">
     <span class='ocr_line' id='line_1_15' title="bbox 206 1324 1789 1399; baseline 0 -21"><span class='ocrx_word' id='word_1_90' title='bbox 206 1324 291 1395; x_wconf 83' lang='grc' dir='ltr'><strong>τῷ</strong></span> <span class='ocrx_word' id='word_1_91' title='bbox 321 1325 650 1390; x_wconf 81' lang='grc' dir='ltr'>ὑποτάξαντι</span> <span class='ocrx_word' id='word_1_92' title='bbox 682 1326 829 1398; x_wconf 84' lang='grc' dir='ltr'><strong>αὑτῷ</strong></span> <span class='ocrx_word' id='word_1_93' title='bbox 860 1328 930 1383; x_wconf 80' lang='grc' dir='ltr'>τὰ</span> <span class='ocrx_word' id='word_1_94' title='bbox 972 1328 1150 1381; x_wconf 86' lang='grc' dir='ltr'>πάντα</span> <span class='ocrx_word' id='word_1_95' title='bbox 1189 1327 1323 1399; x_wconf 86' lang='lat' dir='ltr'><strong>(7l),</strong></span> <span class='ocrx_word' id='word_1_96' title='bbox 1357 1326 1421 1380; x_wconf 85' lang='grc' dir='ltr'><strong>ἵν’</strong></span> <span class='ocrx_word' id='word_1_97' title='bbox 1518 1327 1548 1379; x_wconf 93' lang='lat'><strong>6</strong></span> <span class='ocrx_word' id='word_1_98' title='bbox 1585 1326 1735 1390; x_wconf 83' lang='grc' dir='ltr'><strong>Θεὸς,</strong></span> <span class='ocrx_word' id='word_1_99' title='bbox 1770 1345 1789 1377; x_wconf 68' lang='grc' dir='ltr'><strong>ι</strong></span> 
     </span>
    </p>
   </div>
   <div class='ocr_carea' id='block_1_16' title="bbox 209 1416 1796 1490">
    <p class='ocr_par' dir='ltr' id='par_1_16' title="bbox 209 1416 1796 1490">
     <span class='ocr_line' id='line_1_16' title="bbox 209 1416 1796 1490; baseline 0.001 -22"><span class='ocrx_word' id='word_1_100' title='bbox 209 1418 402 1487; x_wconf 76' lang='grc' dir='ltr'>φησὶν,</span> <span class='ocrx_word' id='word_1_101' title='bbox 432 1417 511 1482; x_wconf 82' lang='grc' dir='ltr'>ὡς</span> <span class='ocrx_word' id='word_1_102' title='bbox 532 1420 628 1471; x_wconf 76' lang='grc' dir='ltr'>καὶ</span> <span class='ocrx_word' id='word_1_103' title='bbox 653 1420 758 1490; x_wconf 77' lang='grc' dir='ltr'><strong>πρὸ</strong></span> <span class='ocrx_word' id='word_1_104' title='bbox 782 1422 881 1490; x_wconf 83' lang='grc' dir='ltr'>τῆς</span> <span class='ocrx_word' id='word_1_105' title='bbox 907 1418 1251 1490; x_wconf 80' lang='grc' dir='ltr'>σαρκώσεως,</span> <span class='ocrx_word' id='word_1_106' title='bbox 1273 1438 1290 1469; x_wconf 77' lang='grc' dir='ltr'><strong>ι</strong></span> <span class='ocrx_word' id='word_1_107' title='bbox 1321 1421 1377 1472; x_wconf 73' lang='grc' dir='ltr'>ἐν</span> <span class='ocrx_word' id='word_1_108' title='bbox 1395 1419 1581 1483; x_wconf 85' lang='grc' dir='ltr'>πᾶσιν,</span> <span class='ocrx_word' id='word_1_109' title='bbox 1604 1437 1623 1470; x_wconf 74' lang='grc' dir='ltr'><strong>ι</strong></span> <span class='ocrx_word' id='word_1_110' title='bbox 1654 1416 1796 1470; x_wconf 85' lang='grc' dir='ltr'>ἀσώ-</span> 
     </span>
    </p>
   </div>
   <div class='ocr_carea' id='block_1_17' title="bbox 211 1508 1794 1582">
    <p class='ocr_par' dir='ltr' id='par_1_17' title="bbox 211 1508 1794 1582">
     <span class='ocr_line' id='line_1_17' title="bbox 211 1508 1794 1582; baseline -0.001 -20"><span class='ocrx_word' id='word_1_111' title='bbox 211 1525 389 1581; x_wconf 84' lang='grc' dir='ltr'>ματος</span> <span class='ocrx_word' id='word_1_112' title='bbox 417 1509 515 1573; x_wconf 81' lang='grc' dir='ltr'>ὣν,</span> <span class='ocrx_word' id='word_1_113' title='bbox 557 1512 651 1564; x_wconf 64' lang='grc' dir='ltr'><strong>καὶ⁴</strong></span> <span class='ocrx_word' id='word_1_114' title='bbox 691 1510 852 1581; x_wconf 87' lang='grc' dir='ltr'>σῶμα</span> <span class='ocrx_word' id='word_1_115' title='bbox 903 1511 976 1582; x_wconf 86' lang='grc' dir='ltr'>μὴ</span> <span class='ocrx_word' id='word_1_116' title='bbox 1026 1510 1162 1581; x_wconf 79' lang='grc' dir='ltr'>ἔχων</span> <span class='ocrx_word' id='word_1_117' title='bbox 1181 1528 1195 1541; x_wconf 89' lang='grc'><strong>·</strong></span> <span class='ocrx_word' id='word_1_118' title='bbox 1234 1511 1329 1564; x_wconf 78' lang='grc' dir='ltr'>καὶ</span> <span class='ocrx_word' id='word_1_119' title='bbox 1388 1513 1417 1564; x_wconf 92' lang='lat'><strong>6</strong></span> <span class='ocrx_word' id='word_1_120' title='bbox 1465 1508 1794 1580; x_wconf 79' lang='grc' dir='ltr'>ἀναληφθεὶς</span> 
     </span>
    </p>
   </div>
   <div class='ocr_carea' id='block_1_18' title="bbox 205 1598 1795 1672">
    <p class='ocr_par' dir='ltr' id='par_1_18' title="bbox 205 1598 1795 1672">
     <span class='ocr_line' id='line_1_18' title="bbox 205 1598 1795 1672; baseline -0.001 -18"><span class='ocrx_word' id='word_1_121' title='bbox 205 1598 525 1670; x_wconf 73' lang='grc' dir='ltr'>ἄνθρωπος,</span> <span class='ocrx_word' id='word_1_122' title='bbox 563 1601 704 1672; x_wconf 81' lang='grc' dir='ltr'>μετὰ</span> <span class='ocrx_word' id='word_1_123' title='bbox 744 1602 960 1655; x_wconf 88' lang='grc' dir='ltr'>πάντων</span> <span class='ocrx_word' id='word_1_124' title='bbox 992 1602 1087 1655; x_wconf 72' lang='grc' dir='ltr'>καὶ</span> <span class='ocrx_word' id='word_1_125' title='bbox 1116 1603 1228 1665; x_wconf 85' lang='grc' dir='ltr'>τοῖς</span> <span class='ocrx_word' id='word_1_126' title='bbox 1264 1603 1397 1655; x_wconf 81' lang='grc' dir='ltr'>πᾶσι</span> <span class='ocrx_word' id='word_1_127' title='bbox 1434 1599 1795 1672; x_wconf 81' lang='grc' dir='ltr'>συναριθμοῦ-</span> 
     </span>
    </p>
   </div>
   <div class='ocr_carea' id='block_1_19' title="bbox 210 1688 1789 1763">
    <p class='ocr_par' dir='ltr' id='par_1_19' title="bbox 210 1688 1789 1763">
     <span class='ocr_line' id='line_1_19' title="bbox 210 1688 1789 1763; baseline -0.001 -19"><span class='ocrx_word' id='word_1_128' title='bbox 210 1707 378 1763; x_wconf 75' lang='grc' dir='ltr'>μενος</span> <span class='ocrx_word' id='word_1_129' title='bbox 421 1691 683 1761; x_wconf 83' lang='grc' dir='ltr'>προσιὼν,</span> <span class='ocrx_word' id='word_1_130' title='bbox 714 1692 1149 1763; x_wconf 78' lang='grc' dir='ltr'>ὑποτασσόμενος</span> <span class='ocrx_word' id='word_1_131' title='bbox 1202 1693 1296 1747; x_wconf 80' lang='grc' dir='ltr'>καὶ</span> <span class='ocrx_word' id='word_1_132' title='bbox 1339 1691 1614 1763; x_wconf 84' lang='grc' dir='ltr'>λατρεύων</span> <span class='ocrx_word' id='word_1_133' title='bbox 1650 1688 1789 1760; x_wconf 82' lang='grc' dir='ltr'>Θεῷ.</span> 
     </span>
    </p>
   </div>
   <div class='ocr_carea' id='block_1_20' title="bbox 1898 496 3476 571">
    <p class='ocr_par' dir='ltr' id='par_1_20' title="bbox 1898 496 3476 571">
     <span class='ocr_line' id='line_1_20' title="bbox 1898 496 3476 571; baseline -0.006 -15"><span class='ocrx_word' id='word_1_134' title='bbox 1898 500 1997 556; x_wconf 90' lang='lat' dir='ltr'><strong>des</strong></span> <span class='ocrx_word' id='word_1_135' title='bbox 2030 500 2181 571; x_wconf 89' lang='lat' dir='ltr'><strong>ipsos</strong></span> <span class='ocrx_word' id='word_1_136' title='bbox 2219 508 2374 555; x_wconf 80' lang='lat' dir='ltr'><strong>extra</strong></span> <span class='ocrx_word' id='word_1_137' title='bbox 2409 506 2657 555; x_wconf 70' lang='lat' dir='ltr'><strong>sanctam</strong></span> <span class='ocrx_word' id='word_1_138' title='bbox 2684 498 3012 555; x_wconf 70' lang='lat' dir='ltr'><strong>Trinitatem</strong></span> <span class='ocrx_word' id='word_1_139' title='bbox 3054 496 3349 551; x_wconf 87' lang='lat' dir='ltr'><strong>Dominum</strong></span> <span class='ocrx_word' id='word_1_140' title='bbox 3374 508 3476 547; x_wconf 90' lang='lat' dir='ltr'><strong>no-</strong></span> 
     </span>
    </p>
   </div>
   <div class='ocr_carea' id='block_1_21' title="bbox 1897 590 3474 663">
    <p class='ocr_par' dir='ltr' id='par_1_21' title="bbox 1897 590 3474 663">
     <span class='ocr_line' id='line_1_21' title="bbox 1897 590 3474 663; baseline -0.007 -15"><span class='ocrx_word' id='word_1_141' title='bbox 1897 600 2070 648; x_wconf 91' lang='lat' dir='ltr'><strong>strum</strong></span> <span class='ocrx_word' id='word_1_142' title='bbox 2117 592 2228 663; x_wconf 80' lang='lat'><strong>39</strong></span> <span class='ocrx_word' id='word_1_143' title='bbox 2272 591 2458 647; x_wconf 84' lang='lat' dir='ltr'><strong>Jesum</strong></span> <span class='ocrx_word' id='word_1_144' title='bbox 2487 591 2768 646; x_wconf 73' lang='lat' dir='ltr'><strong>Christum</strong></span> <span class='ocrx_word' id='word_1_145' title='bbox 2805 590 3114 653; x_wconf 83' lang='lat' dir='ltr'><strong>exturbare,</strong></span> <span class='ocrx_word' id='word_1_146' title='bbox 3142 595 3203 642; x_wconf 88' lang='grc' dir='ltr'><strong>ιιι</strong></span> <span class='ocrx_word' id='word_1_147' title='bbox 3231 600 3474 648; x_wconf 89' lang='lat' dir='ltr'><strong>servum,</strong></span> 
     </span>
    </p>
   </div>
   <div class='ocr_carea' id='block_1_22' title="bbox 1896 677 3477 753">
    <p class='ocr_par' dir='ltr' id='par_1_22' title="bbox 1896 677 3477 753">
     <span class='ocr_line' id='line_1_22' title="bbox 1896 677 3477 753; baseline -0.006 -16"><span class='ocrx_word' id='word_1_148' title='bbox 1896 690 1959 737; x_wconf 91' lang='lat' dir='ltr'><strong>ut</strong></span> <span class='ocrx_word' id='word_1_149' title='bbox 1985 683 2279 747; x_wconf 86' lang='lat' dir='ltr'><strong>hominem,</strong></span> <span class='ocrx_word' id='word_1_150' title='bbox 2313 698 2477 753; x_wconf 87' lang='lat' dir='ltr'><strong>quem</strong></span> <span class='ocrx_word' id='word_1_151' title='bbox 2507 682 2736 737; x_wconf 86' lang='lat' dir='ltr'><strong>adorare</strong></span> <span class='ocrx_word' id='word_1_152' title='bbox 2790 681 2945 736; x_wconf 84' lang='lat' dir='ltr'><strong>nefas</strong></span> <span class='ocrx_word' id='word_1_153' title='bbox 2996 681 3090 743; x_wconf 87' lang='lat' dir='ltr'><strong>sit,</strong></span> <span class='ocrx_word' id='word_1_154' title='bbox 3121 694 3245 733; x_wconf 92' lang='lat' dir='ltr'><strong>cum</strong></span> <span class='ocrx_word' id='word_1_155' title='bbox 3281 677 3354 731; x_wconf 88' lang='lat' dir='ltr'><strong>sit</strong></span> <span class='ocrx_word' id='word_1_156' title='bbox 3390 681 3477 728; x_wconf 91' lang='lat' dir='ltr'><strong>ta-</strong></span> 
     </span>
    </p>
   </div>
   <div class='ocr_carea' id='block_1_23' title="bbox 1898 769 3478 844">
    <p class='ocr_par' dir='ltr' id='par_1_23' title="bbox 1898 769 3478 844">
     <span class='ocr_line' id='line_1_23' title="bbox 1898 769 3478 844; baseline -0.005 -15"><span class='ocrx_word' id='word_1_157' title='bbox 1898 791 2025 829; x_wconf 87' lang='lat' dir='ltr'><strong>men</strong></span> <span class='ocrx_word' id='word_1_158' title='bbox 2086 773 2398 829; x_wconf 87' lang='lat' dir='ltr'><strong>adorandus</strong></span> <span class='ocrx_word' id='word_1_159' title='bbox 2433 792 2446 827; x_wconf 91' lang='lat'>:</span> <span class='ocrx_word' id='word_1_160' title='bbox 2479 788 2544 827; x_wconf 88' lang='lat' dir='ltr'><strong>ac</strong></span> <span class='ocrx_word' id='word_1_161' title='bbox 2599 773 2778 844; x_wconf 90' lang='lat' dir='ltr'><strong>ipsum</strong></span> <span class='ocrx_word' id='word_1_162' title='bbox 2835 771 3020 842; x_wconf 83' lang='lat' dir='ltr'><strong>potius</strong></span> <span class='ocrx_word' id='word_1_163' title='bbox 3057 769 3398 835; x_wconf 84' lang='lat' dir='ltr'><strong>adorantem,</strong></span> <span class='ocrx_word' id='word_1_164' title='bbox 3421 774 3478 822; x_wconf 85' lang='lat' dir='ltr'><strong>et</strong></span> 
     </span>
    </p>
   </div>
   <div class='ocr_carea' id='block_1_24' title="bbox 1897 861 3510 941">
    <p class='ocr_par' dir='ltr' id='par_1_24' title="bbox 1897 861 3510 941">
     <span class='ocr_line' id='line_1_24' title="bbox 1897 861 3510 941; baseline -0.006 -19"><span class='ocrx_word' id='word_1_165' title='bbox 1897 882 2024 922; x_wconf 90' lang='lat' dir='ltr'><strong>cum</strong></span> <span class='ocrx_word' id='word_1_166' title='bbox 2058 866 2271 922; x_wconf 63' lang='lat' dir='ltr'><strong>caeteris</strong></span> <span class='ocrx_word' id='word_1_167' title='bbox 2324 866 2578 921; x_wconf 89' lang='lat' dir='ltr'><strong>omnibus</strong></span> <span class='ocrx_word' id='word_1_168' title='bbox 2608 865 2901 928; x_wconf 89' lang='lat' dir='ltr'><strong>colentem,</strong></span> <span class='ocrx_word' id='word_1_169' title='bbox 2932 878 3144 918; x_wconf 88' lang='lat' dir='ltr'><strong>necnon</strong></span> <span class='ocrx_word' id='word_1_170' title='bbox 3192 861 3510 941; x_wconf 29' lang='lat' dir='ltr'><strong>subditum!</strong></span> 
     </span>
    </p>
   </div>
   <div class='ocr_carea' id='block_1_25' title="bbox 1899 951 3472 1023">
    <p class='ocr_par' dir='ltr' id='par_1_25' title="bbox 1899 951 3472 1023">
     <span class='ocr_line' id='line_1_25' title="bbox 1899 951 3472 1023; baseline -0.004 -11"><span class='ocrx_word' id='word_1_171' title='bbox 1899 964 2101 1012; x_wconf 66' lang='lat' dir='ltr'><strong>sancta:</strong></span> <span class='ocrx_word' id='word_1_172' title='bbox 2131 954 2382 1010; x_wconf 86' lang='lat' dir='ltr'><strong>Trinitati</strong></span> <span class='ocrx_word' id='word_1_173' title='bbox 2422 971 2543 1011; x_wconf 89' lang='lat' dir='ltr'><strong>esse</strong></span> <span class='ocrx_word' id='word_1_174' title='bbox 2577 965 2798 1023; x_wconf 91' lang='lat' dir='ltr'><strong>putant;</strong></span> <span class='ocrx_word' id='word_1_175' title='bbox 2832 962 2890 1008; x_wconf 89' lang='lat' dir='ltr'><strong>ut</strong></span> <span class='ocrx_word' id='word_1_176' title='bbox 2918 953 3225 1018; x_wconf 77' lang='lat' dir='ltr'><strong>Marcellus,</strong></span> <span class='ocrx_word' id='word_1_177' title='bbox 3247 960 3300 1007; x_wconf 81' lang='lat' dir='ltr'><strong>et</strong></span> <span class='ocrx_word' id='word_1_178' title='bbox 3326 951 3472 1006; x_wconf 79' lang='lat' dir='ltr'><strong>Pau-</strong></span> 
     </span>
    </p>
   </div>
   <div class='ocr_carea' id='block_1_26' title="bbox 1859 1042 3474 1115">
    <p class='ocr_par' dir='ltr' id='par_1_26' title="bbox 1859 1042 3474 1115">
     <span class='ocr_line' id='line_1_26' title="bbox 1859 1042 3474 1115; baseline -0.003 -13"><span class='ocrx_word' id='word_1_179' title='bbox 1859 1047 1984 1102; x_wconf 88' lang='lat' dir='ltr'><strong>‘lus</strong></span> <span class='ocrx_word' id='word_1_180' title='bbox 2020 1046 2441 1112; x_wconf 85' lang='lat' dir='ltr'><strong>Samosatensis,</strong></span> <span class='ocrx_word' id='word_1_181' title='bbox 2476 1047 2716 1101; x_wconf 88' lang='lat' dir='ltr'><strong>divinam</strong></span> <span class='ocrx_word' id='word_1_182' title='bbox 2747 1053 2801 1100; x_wconf 90' lang='lat' dir='ltr'><strong>et</strong></span> <span class='ocrx_word' id='word_1_183' title='bbox 2831 1045 3186 1115; x_wconf 85' lang='lat' dir='ltr'><strong>apostolicam</strong></span> <span class='ocrx_word' id='word_1_184' title='bbox 3223 1042 3474 1113; x_wconf 83' lang='lat' dir='ltr'><strong>Scriptu-</strong></span> 
     </span>
    </p>
   </div>
   <div class='ocr_carea' id='block_1_27' title="bbox 1896 1138 3472 1207">
    <p class='ocr_par' dir='ltr' id='par_1_27' title="bbox 1896 1138 3472 1207">
     <span class='ocr_line' id='line_1_27' title="bbox 1896 1138 3472 1207; baseline -0.002 -14"><span class='ocrx_word' id='word_1_185' title='bbox 1896 1155 2013 1194; x_wconf 91' lang='lat' dir='ltr'><strong>ram</strong></span> <span class='ocrx_word' id='word_1_186' title='bbox 2057 1138 2124 1193; x_wconf 90' lang='lat' dir='ltr'><strong>ad</strong></span> <span class='ocrx_word' id='word_1_187' title='bbox 2174 1154 2329 1194; x_wconf 90' lang='lat' dir='ltr'><strong>suam</strong></span> <span class='ocrx_word' id='word_1_188' title='bbox 2386 1140 2710 1196; x_wconf 88' lang='lat' dir='ltr'><strong>sententiam</strong></span> <span class='ocrx_word' id='word_1_189' title='bbox 2742 1138 3153 1207; x_wconf 84' lang='lat' dir='ltr'><strong>detorquentcs,</strong></span> <span class='ocrx_word' id='word_1_190' title='bbox 3186 1151 3472 1206; x_wconf 82' lang='lat' dir='ltr'><strong>perperam</strong></span> 
     </span>
    </p>
   </div>
   <div class='ocr_carea' id='block_1_28' title="bbox 1894 1228 3465 1303">
    <p class='ocr_par' dir='ltr' id='par_1_28' title="bbox 1894 1228 3465 1303">
     <span class='ocr_line' id='line_1_28' title="bbox 1894 1228 3465 1303; baseline -0.005 -16"><span class='ocrx_word' id='word_1_191' title='bbox 1894 1233 2208 1303; x_wconf 82' lang='lat' dir='ltr'><strong>explicant:</strong></span> <span class='ocrx_word' id='word_1_192' title='bbox 2237 1247 2386 1294; x_wconf 85' lang='lat' dir='ltr'><strong>nam,</strong></span> <span class='ocrx_word' id='word_1_193' title='bbox 2416 1251 2433 1283; x_wconf 81' lang='grc' dir='ltr'><strong>ι</strong></span> <span class='ocrx_word' id='word_1_194' title='bbox 2461 1247 2584 1287; x_wconf 83' lang='lat' dir='ltr'><strong>eum</strong></span> <span class='ocrx_word' id='word_1_195' title='bbox 2620 1230 2865 1299; x_wconf 82' lang='lat' dir='ltr'><strong>subjecta</strong></span> <span class='ocrx_word' id='word_1_196' title='bbox 2894 1230 3091 1284; x_wconf 80' lang='lat' dir='ltr'><strong>fuerint</strong></span> <span class='ocrx_word' id='word_1_197' title='bbox 3115 1231 3190 1283; x_wconf 84' lang='lat' dir='ltr'><strong>illi</strong></span> <span class='ocrx_word' id='word_1_198' title='bbox 3213 1228 3419 1292; x_wconf 86' lang='lat' dir='ltr'><strong>omnia,</strong></span> <span class='ocrx_word' id='word_1_199' title='bbox 3443 1245 3465 1279; x_wconf 73' lang='grc' dir='ltr'><strong>ι</strong></span> 
     </span>
    </p>
   </div>
   <div class='ocr_carea' id='block_1_29' title="bbox 1895 1321 3468 1393">
    <p class='ocr_par' dir='ltr' id='par_1_29' title="bbox 1895 1321 3468 1393">
     <span class='ocr_line' id='line_1_29' title="bbox 1895 1321 3468 1393; baseline -0.004 -15"><span class='ocrx_word' id='word_1_200' title='bbox 1895 1323 2095 1393; x_wconf 85' lang='lat' dir='ltr'><strong>inquit,</strong></span> <span class='ocrx_word' id='word_1_201' title='bbox 2120 1340 2140 1373; x_wconf 76' lang='grc' dir='ltr'><strong>ι</strong></span> <span class='ocrx_word' id='word_1_202' title='bbox 2178 1331 2308 1377; x_wconf 90' lang='lat' dir='ltr'><strong>tunc</strong></span> <span class='ocrx_word' id='word_1_203' title='bbox 2336 1329 2390 1376; x_wconf 80' lang='lat' dir='ltr'><strong>et</strong></span> <span class='ocrx_word' id='word_1_204' title='bbox 2415 1323 2530 1392; x_wconf 90' lang='lat' dir='ltr'><strong>ipse</strong></span> <span class='ocrx_word' id='word_1_205' title='bbox 2583 1321 2776 1385; x_wconf 91' lang='lat' dir='ltr'><strong>Filius,</strong></span> <span class='ocrx_word' id='word_1_206' title='bbox 2817 1340 2836 1373; x_wconf 70' lang='grc' dir='ltr'><strong>ι</strong></span> <span class='ocrx_word' id='word_1_207' title='bbox 2870 1321 2924 1376; x_wconf 89' lang='lat' dir='ltr'><strong>id</strong></span> <span class='ocrx_word' id='word_1_208' title='bbox 2955 1329 3041 1376; x_wconf 90' lang='lat' dir='ltr'><strong>est</strong></span> <span class='ocrx_word' id='word_1_209' title='bbox 3065 1321 3227 1374; x_wconf 89' lang='lat' dir='ltr'><strong>homo</strong></span> <span class='ocrx_word' id='word_1_210' title='bbox 3257 1334 3468 1374; x_wconf 85' lang='lat' dir='ltr'><strong>assum-</strong></span> 
     </span>
    </p>
   </div>
   <div class='ocr_carea' id='block_1_30' title="bbox 1893 1411 3472 1486">
    <p class='ocr_par' dir='ltr' id='par_1_30' title="bbox 1893 1411 3472 1486">
     <span class='ocr_line' id='line_1_30' title="bbox 1893 1411 3472 1486; baseline -0.002 -19"><span class='ocrx_word' id='word_1_211' title='bbox 1893 1421 2044 1486; x_wconf 88' lang='lat' dir='ltr'><strong>ptus,</strong></span> <span class='ocrx_word' id='word_1_212' title='bbox 2075 1432 2094 1465; x_wconf 87' lang='grc'><strong><em>‹</em></strong></span> <span class='ocrx_word' id='word_1_213' title='bbox 2130 1412 2412 1482; x_wconf 85' lang='lat' dir='ltr'><strong>subjectus</strong></span> <span class='ocrx_word' id='word_1_214' title='bbox 2445 1414 2548 1468; x_wconf 89' lang='lat' dir='ltr'><strong>erit</strong></span> <span class='ocrx_word' id='word_1_215' title='bbox 2576 1412 2648 1475; x_wconf 86' lang='lat' dir='ltr'><strong>ei,</strong></span> <span class='ocrx_word' id='word_1_216' title='bbox 2681 1413 2775 1483; x_wconf 87' lang='lat' dir='ltr'><strong>qui</strong></span> <span class='ocrx_word' id='word_1_217' title='bbox 2813 1413 3045 1481; x_wconf 84' lang='lat' dir='ltr'><strong>subjecit</strong></span> <span class='ocrx_word' id='word_1_218' title='bbox 3076 1413 3126 1467; x_wconf 92' lang='lat' dir='ltr'><strong>ei</strong></span> <span class='ocrx_word' id='word_1_219' title='bbox 3164 1411 3369 1474; x_wconf 90' lang='lat' dir='ltr'><strong>omnia,</strong></span> <span class='ocrx_word' id='word_1_220' title='bbox 3413 1416 3472 1464; x_wconf 89' lang='lat' dir='ltr'><strong>ut</strong></span> 
     </span>
    </p>
   </div>
   <div class='ocr_carea' id='block_1_31' title="bbox 1894 1504 3469 1575">
    <p class='ocr_par' dir='ltr' id='par_1_31' title="bbox 1894 1504 3469 1575">
     <span class='ocr_line' id='line_1_31' title="bbox 1894 1504 3469 1575; baseline -0.003 -14"><span class='ocrx_word' id='word_1_221' title='bbox 1894 1506 1965 1561; x_wconf 88' lang='lat' dir='ltr'><strong>sit</strong></span> <span class='ocrx_word' id='word_1_222' title='bbox 1990 1505 2133 1560; x_wconf 90' lang='lat' dir='ltr'><strong>Deus</strong></span> <span class='ocrx_word' id='word_1_223' title='bbox 2152 1505 2456 1575; x_wconf 63' lang='lat' dir='ltr'><strong>“,iinquit,</strong></span> <span class='ocrx_word' id='word_1_224' title='bbox 2482 1512 2541 1559; x_wconf 90' lang='lat' dir='ltr'><strong>ut</strong></span> <span class='ocrx_word' id='word_1_225' title='bbox 2557 1513 2681 1560; x_wconf 90' lang='lat' dir='ltr'><strong>ante</strong></span> <span class='ocrx_word' id='word_1_226' title='bbox 2697 1504 3151 1571; x_wconf 82' lang='lat' dir='ltr'><strong>incarnationem,</strong></span> <span class='ocrx_word' id='word_1_227' title='bbox 3173 1522 3192 1555; x_wconf 82' lang='grc' dir='ltr'><strong>ι</strong></span> <span class='ocrx_word' id='word_1_228' title='bbox 3218 1505 3272 1558; x_wconf 91' lang='lat' dir='ltr'><strong>in</strong></span> <span class='ocrx_word' id='word_1_229' title='bbox 3290 1504 3469 1558; x_wconf 87' lang='lat' dir='ltr'><strong>omni-</strong></span> 
     </span>
    </p>
   </div>
   <div class='ocr_carea' id='block_1_32' title="bbox 1893 1596 3469 1668">
    <p class='ocr_par' dir='ltr' id='par_1_32' title="bbox 1893 1596 3469 1668">
     <span class='ocr_line' id='line_1_32' title="bbox 1893 1596 3469 1668; baseline -0.004 -13"><span class='ocrx_word' id='word_1_230' title='bbox 1893 1598 2181 1662; x_wconf 60' lang='lat' dir='ltr'><strong>busacum</strong></span> <span class='ocrx_word' id='word_1_231' title='bbox 2201 1599 2273 1653; x_wconf 85' lang='lat' dir='ltr'><strong>sit</strong></span> <span class='ocrx_word' id='word_1_232' title='bbox 2292 1599 2409 1668; x_wconf 91' lang='lat' dir='ltr'><strong>ipse</strong></span> <span class='ocrx_word' id='word_1_233' title='bbox 2435 1598 2811 1667; x_wconf 89' lang='lat' dir='ltr'><strong>incorporeus,</strong></span> <span class='ocrx_word' id='word_1_234' title='bbox 2829 1606 2882 1652; x_wconf 90' lang='lat' dir='ltr'><strong>et</strong></span> <span class='ocrx_word' id='word_1_235' title='bbox 2903 1612 3101 1666; x_wconf 89' lang='lat' dir='ltr'><strong>corpus</strong></span> <span class='ocrx_word' id='word_1_236' title='bbox 3126 1612 3232 1651; x_wconf 91' lang='lat' dir='ltr'><strong>non</strong></span> <span class='ocrx_word' id='word_1_237' title='bbox 3253 1596 3469 1662; x_wconf 85' lang='lat' dir='ltr'><strong>habeat;</strong></span> 
     </span>
    </p>
   </div>
   <div class='ocr_carea' id='block_1_33' title="bbox 1893 1688 3470 1757">
    <p class='ocr_par' dir='ltr' id='par_1_33' title="bbox 1893 1688 3470 1757">
     <span class='ocr_line' id='line_1_33' title="bbox 1893 1688 3470 1757; baseline -0.004 -12"><span class='ocrx_word' id='word_1_238' title='bbox 1893 1690 2060 1746; x_wconf 91' lang='lat' dir='ltr'><strong>homo</strong></span> <span class='ocrx_word' id='word_1_239' title='bbox 2099 1698 2280 1745; x_wconf 88' lang='lat' dir='ltr'><strong>autem</strong></span> <span class='ocrx_word' id='word_1_240' title='bbox 2336 1696 2653 1757; x_wconf 76' lang='lat' dir='ltr'><strong>assumptus</strong></span> <span class='ocrx_word' id='word_1_241' title='bbox 2681 1689 2895 1743; x_wconf 82' lang='lat' dir='ltr'><strong>caeteris</strong></span> <span class='ocrx_word' id='word_1_242' title='bbox 2923 1688 3176 1741; x_wconf 87' lang='lat' dir='ltr'><strong>omnibus</strong></span> <span class='ocrx_word' id='word_1_243' title='bbox 3203 1700 3470 1740; x_wconf 76' lang='lat' dir='ltr'><strong>annume-</strong></span> 
     </span>
    </p>
   </div>
   <div class='ocr_carea' id='block_1_34' title="bbox 206 1770 1792 1856">
    <p class='ocr_par' dir='ltr' id='par_1_34' title="bbox 206 1783 1792 1856">
     <span class='ocr_line' id='line_1_34' title="bbox 206 1783 1792 1856; baseline -0.001 -19"><span class='ocrx_word' id='word_1_244' title='bbox 206 1784 561 1855; x_wconf 72' lang='grc' dir='ltr'>Σκοπήσατε,</span> <span class='ocrx_word' id='word_1_245' title='bbox 589 1786 668 1847; x_wconf 84' lang='grc' dir='ltr'><strong>εἰς</strong></span> <span class='ocrx_word' id='word_1_246' title='bbox 692 1786 823 1856; x_wconf 86' lang='grc' dir='ltr'>ὅσην</span> <span class='ocrx_word' id='word_1_247' title='bbox 855 1786 1150 1838; x_wconf 71' lang='grc' dir='ltr'>κατέπεσον</span> <span class='ocrx_word' id='word_1_248' title='bbox 1166 1784 1476 1855; x_wconf 73' lang='grc' dir='ltr'>ἀφροσύνην</span> <span class='ocrx_word' id='word_1_249' title='bbox 1500 1787 1547 1837; x_wconf 89' lang='grc' dir='ltr'>οἱ</span> <span class='ocrx_word' id='word_1_250' title='bbox 1573 1783 1792 1854; x_wconf 86' lang='grc' dir='ltr'>δοκησί-</span> 
     </span>
    </p>
   </div>
   <div class='ocr_carea' id='block_1_35' title="bbox 1896 1770 3469 1856">
    <p class='ocr_par' dir='ltr' id='par_1_35' title="bbox 1905 1775 3469 1849">
     <span class='ocr_line' id='line_1_35' title="bbox 1905 1775 3469 1849; baseline -0.005 -13"><span class='ocrx_word' id='word_1_251' title='bbox 1905 1789 2082 1845; x_wconf 89' lang='lat' dir='ltr'><strong>ratus,</strong></span> <span class='ocrx_word' id='word_1_252' title='bbox 2113 1779 2365 1836; x_wconf 86' lang='lat' dir='ltr'><strong>subditus</strong></span> <span class='ocrx_word' id='word_1_253' title='bbox 2386 1780 2454 1834; x_wconf 86' lang='lat' dir='ltr'><strong>sit</strong></span> <span class='ocrx_word' id='word_1_254' title='bbox 2483 1778 2612 1845; x_wconf 91' lang='lat' dir='ltr'><strong>Deo,</strong></span> <span class='ocrx_word' id='word_1_255' title='bbox 2632 1777 3089 1849; x_wconf 83' lang='lat' dir='ltr'><strong>ipsumquecolat.</strong></span> <span class='ocrx_word' id='word_1_256' title='bbox 3123 1775 3469 1846; x_wconf 85' lang='lat' dir='ltr'><strong>Perpendite,</strong></span> 
     </span>
    </p>
   </div>
   <div class='ocr_carea' id='block_1_36' title="bbox 209 1874 1796 1949">
    <p class='ocr_par' dir='ltr' id='par_1_36' title="bbox 209 1874 1796 1949">
     <span class='ocr_line' id='line_1_36' title="bbox 209 1874 1796 1949; baseline -0.001 -20"><span class='ocrx_word' id='word_1_257' title='bbox 209 1892 384 1944; x_wconf 75' lang='grc' dir='ltr'>σοφοι,</span> <span class='ocrx_word' id='word_1_258' title='bbox 422 1879 504 1941; x_wconf 82' lang='grc' dir='ltr'><strong>είς</strong></span> <span class='ocrx_word' id='word_1_259' title='bbox 535 1877 667 1948; x_wconf 75' lang='grc' dir='ltr'>ὅσην</span> <span class='ocrx_word' id='word_1_260' title='bbox 701 1877 895 1949; x_wconf 85' lang='grc' dir='ltr'>μανίαν</span> <span class='ocrx_word' id='word_1_261' title='bbox 917 1878 1007 1931; x_wconf 74' lang='grc' dir='ltr'>καὶ</span> <span class='ocrx_word' id='word_1_262' title='bbox 1040 1876 1316 1941; x_wconf 84' lang='grc' dir='ltr'>ἀπιστίαν,</span> <span class='ocrx_word' id='word_1_263' title='bbox 1348 1877 1442 1931; x_wconf 81' lang='grc' dir='ltr'>καὶ</span> <span class='ocrx_word' id='word_1_264' title='bbox 1470 1879 1700 1931; x_wconf 73' lang='grc' dir='ltr'>έπωιοεῖν</span> <span class='ocrx_word' id='word_1_265' title='bbox 1727 1874 1796 1929; x_wconf 81' lang='grc' dir='ltr'><strong>τὰ</strong></span> 
     </span>
    </p>
   </div>
   <div class='ocr_carea' id='block_1_37' title="bbox 210 1967 1446 2041">
    <p class='ocr_par' dir='ltr' id='par_1_37' title="bbox 210 1967 1446 2041">
     <span class='ocr_line' id='line_1_37' title="bbox 210 1967 1446 2041; baseline 0.002 -20"><span class='ocrx_word' id='word_1_266' title='bbox 210 1967 288 2039; x_wconf 78' lang='grc' dir='ltr'>μὴ</span> <span class='ocrx_word' id='word_1_267' title='bbox 309 1968 463 2032; x_wconf 73' lang='grc' dir='ltr'>ὅντα,</span> <span class='ocrx_word' id='word_1_268' title='bbox 494 1970 587 2022; x_wconf 77' lang='grc' dir='ltr'>καὶ</span> <span class='ocrx_word' id='word_1_269' title='bbox 616 1969 962 2033; x_wconf 79' lang='grc' dir='ltr'>πλάττεσθαι,</span> <span class='ocrx_word' id='word_1_270' title='bbox 985 1970 1080 2024; x_wconf 76' lang='grc' dir='ltr'><strong>καὶ</strong></span> <span class='ocrx_word' id='word_1_271' title='bbox 1114 1968 1446 2041; x_wconf 79' lang='grc' dir='ltr'>μυθολογεῖν.</span> 
     </span>
    </p>
   </div>
   <div class='ocr_carea' id='block_1_38' title="bbox 1901 1866 3470 1943">
    <p class='ocr_par' dir='ltr' id='par_1_38' title="bbox 1901 1866 3470 1943">
     <span class='ocr_line' id='line_1_38' title="bbox 1901 1866 3470 1943; baseline -0.003 -18"><span class='ocrx_word' id='word_1_272' title='bbox 1901 1886 2111 1943; x_wconf 68' lang='lat' dir='ltr'><strong>quaeso,</strong></span> <span class='ocrx_word' id='word_1_273' title='bbox 2148 1872 2205 1925; x_wconf 89' lang='lat' dir='ltr'><strong>in</strong></span> <span class='ocrx_word' id='word_1_274' title='bbox 2233 1878 2492 1942; x_wconf 88' lang='lat' dir='ltr'><strong>quantam</strong></span> <span class='ocrx_word' id='word_1_275' title='bbox 2524 1874 2815 1925; x_wconf 85' lang='lat' dir='ltr'><strong>amentiam</strong></span> <span class='ocrx_word' id='word_1_276' title='bbox 2846 1868 3055 1939; x_wconf 88' lang='lat' dir='ltr'><strong>delapsi</strong></span> <span class='ocrx_word' id='word_1_277' title='bbox 3085 1875 3214 1922; x_wconf 90' lang='lat' dir='ltr'><strong>sunt</strong></span> <span class='ocrx_word' id='word_1_278' title='bbox 3246 1866 3470 1936; x_wconf 84' lang='lat' dir='ltr'><strong>isti,qui</strong></span> 
     </span>
    </p>
   </div>
   <div class='ocr_carea' id='block_1_39' title="bbox 1904 1958 3470 2034">
    <p class='ocr_par' dir='ltr' id='par_1_39' title="bbox 1904 1958 3470 2034">
     <span class='ocr_line' id='line_1_39' title="bbox 1904 1958 3470 2034; baseline -0.006 -14"><span class='ocrx_word' id='word_1_279' title='bbox 1904 1964 2009 2020; x_wconf 86' lang='lat' dir='ltr'><strong>sibi</strong></span> <span class='ocrx_word' id='word_1_280' title='bbox 2040 1963 2177 2034; x_wconf 89' lang='lat' dir='ltr'><strong>ipsis</strong></span> <span class='ocrx_word' id='word_1_281' title='bbox 2206 1962 2483 2033; x_wconf 89' lang='lat' dir='ltr'><strong>sapientes</strong></span> <span class='ocrx_word' id='word_1_282' title='bbox 2514 1960 2786 2026; x_wconf 89' lang='lat' dir='ltr'><strong>videntur,</strong></span> <span class='ocrx_word' id='word_1_283' title='bbox 2819 1961 2875 2014; x_wconf 90' lang='lat' dir='ltr'><strong>in</strong></span> <span class='ocrx_word' id='word_1_284' title='bbox 2899 1966 3158 2029; x_wconf 86' lang='lat' dir='ltr'><strong>quantam</strong></span> <span class='ocrx_word' id='word_1_285' title='bbox 3191 1958 3470 2013; x_wconf 75' lang='lat' dir='ltr'><strong>vesaniam</strong></span> 
     </span>
    </p>
   </div>
   <div class='ocr_carea' id='block_1_40' title="bbox 204 2057 3468 2137">
    <p class='ocr_par' dir='ltr' id='par_1_40' title="bbox 204 2057 3468 2137">
     <span class='ocr_line' id='line_1_40' title="bbox 204 2057 3468 2137; baseline -0.003 -19"><span class='ocrx_word' id='word_1_286' title='bbox 204 2071 263 2118; x_wconf 79' lang='lat' dir='ltr'><strong>et</strong></span> <span class='ocrx_word' id='word_1_287' title='bbox 287 2063 664 2120; x_wconf 78' lang='lat' dir='ltr'><strong>inﬁdelitatem</strong></span> <span class='ocrx_word' id='word_1_288' title='bbox 695 2066 897 2129; x_wconf 86' lang='lat' dir='ltr'><strong>abiere,</strong></span> <span class='ocrx_word' id='word_1_289' title='bbox 920 2074 981 2120; x_wconf 92' lang='lat' dir='ltr'><strong>ut</strong></span> <span class='ocrx_word' id='word_1_290' title='bbox 1009 2068 1321 2137; x_wconf 78' lang='lat' dir='ltr'><strong>excogitent</strong></span> <span class='ocrx_word' id='word_1_291' title='bbox 1349 2074 1404 2120; x_wconf 90' lang='lat' dir='ltr'><strong>et</strong></span> <span class='ocrx_word' id='word_1_292' title='bbox 1431 2064 1919 2121; x_wconf 88' lang='lat' dir='ltr'><strong>comminiscantur</strong></span> <span class='ocrx_word' id='word_1_293' title='bbox 1945 2075 2068 2132; x_wconf 69' lang='lat' dir='ltr'><strong>quae</strong></span> <span class='ocrx_word' id='word_1_294' title='bbox 2111 2074 2391 2129; x_wconf 87' lang='lat' dir='ltr'><strong>nunquam</strong></span> <span class='ocrx_word' id='word_1_295' title='bbox 2425 2057 2600 2123; x_wconf 87' lang='lat' dir='ltr'><strong>fuere,</strong></span> <span class='ocrx_word' id='word_1_296' title='bbox 2633 2072 2922 2128; x_wconf 86' lang='lat' dir='ltr'><strong>merasque</strong></span> <span class='ocrx_word' id='word_1_297' title='bbox 2960 2057 3174 2111; x_wconf 87' lang='lat' dir='ltr'><strong>fabulas</strong></span> <span class='ocrx_word' id='word_1_298' title='bbox 3188 2062 3468 2110; x_wconf 83' lang='lat' dir='ltr'><strong>enarrem.</strong></span> 
     </span>
    </p>
   </div>
   <div class='ocr_carea' id='block_1_41' title="bbox 276 2158 1786 2232">
    <p class='ocr_par' dir='ltr' id='par_1_41' title="bbox 276 2158 1786 2232">
     <span class='ocr_line' id='line_1_41' title="bbox 276 2158 1786 2232; baseline 0.001 -19"><span class='ocrx_word' id='word_1_299' title='bbox 276 2158 335 2213; x_wconf 77' lang='lat'><strong>3.</strong></span> <span class='ocrx_word' id='word_1_300' title='bbox 363 2158 441 2211; x_wconf 82' lang='grc' dir='ltr'><strong>Οὐ</strong></span> <span class='ocrx_word' id='word_1_301' title='bbox 470 2160 632 2230; x_wconf 90' lang='grc' dir='ltr'>μόνον</span> <span class='ocrx_word' id='word_1_302' title='bbox 650 2159 707 2212; x_wconf 80' lang='grc' dir='ltr'>δὲ</span> <span class='ocrx_word' id='word_1_303' title='bbox 725 2162 792 2231; x_wconf 84' lang='grc' dir='ltr'><strong>τῇ</strong></span> <span class='ocrx_word' id='word_1_304' title='bbox 822 2159 997 2213; x_wconf 78' lang='grc' dir='ltr'>πίστει</span> <span class='ocrx_word' id='word_1_305' title='bbox 1025 2159 1342 2232; x_wconf 83' lang='grc' dir='ltr'>προσελθεῖν</span> <span class='ocrx_word' id='word_1_306' title='bbox 1369 2161 1469 2214; x_wconf 88' lang='grc' dir='ltr'><strong>οὑκ</strong></span> <span class='ocrx_word' id='word_1_307' title='bbox 1496 2160 1786 2232; x_wconf 76' lang='grc' dir='ltr'>ἠθέλησαν,</span> 
     </span>
    </p>
   </div>
   <div class='ocr_carea' id='block_1_42' title="bbox 204 2249 1792 2325">
    <p class='ocr_par' dir='ltr' id='par_1_42' title="bbox 204 2249 1792 2325">
     <span class='ocr_line' id='line_1_42' title="bbox 204 2249 1792 2325; baseline 0 -21"><span class='ocrx_word' id='word_1_308' title='bbox 204 2249 346 2304; x_wconf 81' lang='grc' dir='ltr'><strong>ἀλλά</strong></span> <span class='ocrx_word' id='word_1_309' title='bbox 375 2251 474 2304; x_wconf 70' lang='grc' dir='ltr'>καὶ</span> <span class='ocrx_word' id='word_1_310' title='bbox 514 2252 729 2316; x_wconf 83' lang='grc' dir='ltr'>ἀπάτας</span> <span class='ocrx_word' id='word_1_311' title='bbox 752 2251 988 2325; x_wconf 76' lang='grc' dir='ltr'>ἐξεῦρον,</span> <span class='ocrx_word' id='word_1_312' title='bbox 1025 2253 1120 2307; x_wconf 80' lang='grc' dir='ltr'>καὶ</span> <span class='ocrx_word' id='word_1_313' title='bbox 1148 2253 1482 2322; x_wconf 81' lang='grc' dir='ltr'>κακουργίας</span> <span class='ocrx_word' id='word_1_314' title='bbox 1520 2253 1792 2323; x_wconf 80' lang='grc' dir='ltr'>ἐμηχανή-</span> 
     </span>
    </p>
   </div>
   <div class='ocr_carea' id='block_1_43' title="bbox 208 2342 1786 2416">
    <p class='ocr_par' dir='ltr' id='par_1_43' title="bbox 208 2342 1786 2416">
     <span class='ocr_line' id='line_1_43' title="bbox 208 2342 1786 2416; baseline -0.001 -20"><span class='ocrx_word' id='word_1_315' title='bbox 208 2359 395 2405; x_wconf 87' lang='grc' dir='ltr'>σαντο,</span> <span class='ocrx_word' id='word_1_316' title='bbox 429 2342 734 2396; x_wconf 81' lang='grc' dir='ltr'>ὲπλάσαντο</span> <span class='ocrx_word' id='word_1_317' title='bbox 776 2342 964 2416; x_wconf 84' lang='grc' dir='ltr'>μωρὰς</span> <span class='ocrx_word' id='word_1_318' title='bbox 998 2344 1091 2396; x_wconf 73' lang='grc' dir='ltr'>καὶ</span> <span class='ocrx_word' id='word_1_319' title='bbox 1121 2342 1477 2406; x_wconf 75' lang='grc' dir='ltr'>ἀπαιδεύτους</span> <span class='ocrx_word' id='word_1_320' title='bbox 1510 2343 1786 2414; x_wconf 67' lang='grc' dir='ltr'>ζητήσεις,</span> 
     </span>
    </p>
   </div>
   <div class='ocr_carea' id='block_1_44' title="bbox 205 2434 1788 2506">
    <p class='ocr_par' dir='ltr' id='par_1_44' title="bbox 205 2434 1788 2506">
     <span class='ocr_line' id='line_1_44' title="bbox 205 2434 1788 2506; baseline -0.001 -18"><span class='ocrx_word' id='word_1_321' title='bbox 205 2438 290 2498; x_wconf 78' lang='grc' dir='ltr'><strong>είς</strong></span> <span class='ocrx_word' id='word_1_322' title='bbox 312 2435 526 2506; x_wconf 82' lang='grc' dir='ltr'>πλάνην</span> <span class='ocrx_word' id='word_1_323' title='bbox 572 2434 785 2488; x_wconf 83' lang='grc' dir='ltr'>πολλῶν</span> <span class='ocrx_word' id='word_1_324' title='bbox 824 2437 916 2488; x_wconf 72' lang='grc' dir='ltr'>καὶ</span> <span class='ocrx_word' id='word_1_325' title='bbox 953 2436 1288 2490; x_wconf 88' lang='grc' dir='ltr'>ἀποστασίαν</span> <span class='ocrx_word' id='word_1_326' title='bbox 1318 2434 1633 2506; x_wconf 79' lang='grc' dir='ltr'>παράνομον</span> <span class='ocrx_word' id='word_1_327' title='bbox 1661 2449 1788 2487; x_wconf 88' lang='grc' dir='ltr'>σκο-</span> 
     </span>
    </p>
   </div>
   <div class='ocr_carea' id='block_1_45' title="bbox 206 2523 1787 2597">
    <p class='ocr_par' dir='ltr' id='par_1_45' title="bbox 206 2523 1787 2597">
     <span class='ocr_line' id='line_1_45' title="bbox 206 2523 1787 2597; baseline 0.001 -22"><span class='ocrx_word' id='word_1_328' title='bbox 206 2523 486 2593; x_wconf 83' lang='grc' dir='ltr'>πήσαντες</span> <span class='ocrx_word' id='word_1_329' title='bbox 518 2524 650 2595; x_wconf 67' lang='lat'><strong>(72).</strong></span> <span class='ocrx_word' id='word_1_330' title='bbox 686 2527 750 2579; x_wconf 80' lang='lat' dir='ltr'><strong>Ei</strong></span> <span class='ocrx_word' id='word_1_331' title='bbox 770 2527 879 2597; x_wconf 82' lang='grc' dir='ltr'>γὰρ</span> <span class='ocrx_word' id='word_1_332' title='bbox 907 2526 1245 2596; x_wconf 81' lang='grc' dir='ltr'>προσεδόκων</span> <span class='ocrx_word' id='word_1_333' title='bbox 1273 2527 1332 2580; x_wconf 87' lang='grc' dir='ltr'><strong>τὸ</strong></span> <span class='ocrx_word' id='word_1_334' title='bbox 1351 2525 1562 2597; x_wconf 79' lang='grc' dir='ltr'>μέλλον,</span> <span class='ocrx_word' id='word_1_335' title='bbox 1584 2527 1632 2578; x_wconf 86' lang='grc' dir='ltr'><strong>εί</strong></span> <span class='ocrx_word' id='word_1_336' title='bbox 1653 2523 1787 2578; x_wconf 88' lang='grc' dir='ltr'>Θεοῦ</span> 
     </span>
    </p>
   </div>
   <div class='ocr_carea' id='block_1_46' title="bbox 182 2616 1787 2699">
    <p class='ocr_par' dir='ltr' id='par_1_46' title="bbox 182 2616 1787 2699">
     <span class='ocr_line' id='line_1_46' title="bbox 182 2616 1787 2699; baseline 0.002 -31"><span class='ocrx_word' id='word_1_337' title='bbox 182 2617 366 2699; x_wconf 34' lang='grc' dir='ltr'>Ιὲπιδη</span> <span class='ocrx_word' id='word_1_338' title='bbox 378 2617 506 2687; x_wconf 81' lang='grc' dir='ltr'>μίαν</span> <span class='ocrx_word' id='word_1_339' title='bbox 526 2618 812 2690; x_wconf 72' lang='grc' dir='ltr'>καὶκρίσιν</span> <span class='ocrx_word' id='word_1_340' title='bbox 828 2619 1131 2682; x_wconf 86' lang='grc' dir='ltr'>ἐπίστευον,</span> <span class='ocrx_word' id='word_1_341' title='bbox 1155 2621 1203 2672; x_wconf 81' lang='grc' dir='ltr'><strong>εί</strong></span> <span class='ocrx_word' id='word_1_342' title='bbox 1229 2618 1447 2673; x_wconf 85' lang='grc' dir='ltr'>κόλασιν</span> <span class='ocrx_word' id='word_1_343' title='bbox 1478 2616 1787 2689; x_wconf 75' lang='grc' dir='ltr'>ἐφοϐοῦντο,</span> 
     </span>
    </p>
   </div>
   <div class='ocr_carea' id='block_1_47' title="bbox 202 2708 1789 2780">
    <p class='ocr_par' dir='ltr' id='par_1_47' title="bbox 202 2708 1789 2780">
     <span class='ocr_line' id='line_1_47' title="bbox 202 2708 1789 2780; baseline 0.002 -20"><span class='ocrx_word' id='word_1_344' title='bbox 202 2708 481 2780; x_wconf 79' lang='grc' dir='ltr'>τῇπίστει</span> <span class='ocrx_word' id='word_1_345' title='bbox 518 2713 907 2780; x_wconf 85' lang='grc' dir='ltr'>προσήρχοντο,</span> <span class='ocrx_word' id='word_1_346' title='bbox 950 2709 1306 2779; x_wconf 80' lang='grc' dir='ltr'>Εὐαγγελίοις</span> <span class='ocrx_word' id='word_1_347' title='bbox 1348 2709 1648 2773; x_wconf 77' lang='grc' dir='ltr'>ἐπείθοντο,</span> <span class='ocrx_word' id='word_1_348' title='bbox 1695 2711 1789 2765; x_wconf 71' lang='grc' dir='ltr'><strong>καὶ</strong></span> 
     </span>
    </p>
   </div>
   <div class='ocr_carea' id='block_1_48' title="bbox 203 2800 1790 2876">
    <p class='ocr_par' dir='ltr' id='par_1_48' title="bbox 203 2800 1790 2876">
     <span class='ocr_line' id='line_1_48' title="bbox 203 2800 1790 2876; baseline 0.002 -22"><span class='ocrx_word' id='word_1_349' title='bbox 203 2800 536 2865; x_wconf 81' lang='grc' dir='ltr'>ἀποστόλοις</span> <span class='ocrx_word' id='word_1_350' title='bbox 559 2800 884 2872; x_wconf 78' lang='grc' dir='ltr'>ἠκολούθουν</span> <span class='ocrx_word' id='word_1_351' title='bbox 918 2802 1114 2873; x_wconf 81' lang='grc' dir='ltr'>μᾶλλον</span> <span class='ocrx_word' id='word_1_352' title='bbox 1142 2804 1175 2876; x_wconf 77' lang='grc' dir='ltr'>ἦ</span> <span class='ocrx_word' id='word_1_353' title='bbox 1207 2802 1487 2873; x_wconf 80' lang='grc' dir='ltr'>λογισμοῖς</span> <span class='ocrx_word' id='word_1_354' title='bbox 1515 2803 1790 2874; x_wconf 80' lang='grc' dir='ltr'>ἀνθρωπί-</span> 
     </span>
    </p>
   </div>
   <div class='ocr_carea' id='block_1_49' title="bbox 204 2892 1790 2973">
    <p class='ocr_par' dir='ltr' id='par_1_49' title="bbox 204 2892 1790 2973">
     <span class='ocr_line' id='line_1_49' title="bbox 204 2892 1790 2973; baseline 0 -27"><span class='ocrx_word' id='word_1_355' title='bbox 204 2910 340 2957; x_wconf 83' lang='grc' dir='ltr'>νοις.</span> <span class='ocrx_word' id='word_1_356' title='bbox 410 2894 645 2964; x_wconf 82' lang='grc' dir='ltr'>Χριστὸν</span> <span class='ocrx_word' id='word_1_357' title='bbox 697 2892 808 2973; x_wconf 74' lang='grc' dir='ltr'>γὰρ</span> <span class='ocrx_word' id='word_1_358' title='bbox 836 2893 1034 2957; x_wconf 77' lang='grc' dir='ltr'>εὐθέως</span> <span class='ocrx_word' id='word_1_359' title='bbox 1066 2892 1337 2964; x_wconf 78' lang='grc' dir='ltr'>ἐκήρυξαν</span> <span class='ocrx_word' id='word_1_360' title='bbox 1380 2892 1688 2958; x_wconf 75' lang='grc' dir='ltr'>ἐξελθόντες</span> <span class='ocrx_word' id='word_1_361' title='bbox 1741 2893 1790 2946; x_wconf 82' lang='grc' dir='ltr'><strong>οἱ</strong></span> 
     </span>
    </p>
   </div>
   <div class='ocr_carea' id='block_1_50' title="bbox 204 2984 1789 3057">
    <p class='ocr_par' dir='ltr' id='par_1_50' title="bbox 204 2984 1789 3057">
     <span class='ocr_line' id='line_1_50' title="bbox 204 2984 1789 3057; baseline -0.003 -16"><span class='ocrx_word' id='word_1_362' title='bbox 204 2986 504 3041; x_wconf 83' lang='grc' dir='ltr'>ἀπόστολοι</span> <span class='ocrx_word' id='word_1_363' title='bbox 560 2986 866 3057; x_wconf 85' lang='grc' dir='ltr'>συμφώνως</span> <span class='ocrx_word' id='word_1_364' title='bbox 915 2986 1010 3038; x_wconf 80' lang='grc' dir='ltr'>καὶ</span> <span class='ocrx_word' id='word_1_365' title='bbox 1064 2985 1370 3050; x_wconf 83' lang='grc' dir='ltr'>ἀκολούθως</span> <span class='ocrx_word' id='word_1_366' title='bbox 1403 2986 1495 3039; x_wconf 90' lang='grc' dir='ltr'><strong>τὸν</strong></span> <span class='ocrx_word' id='word_1_367' title='bbox 1539 2984 1664 3040; x_wconf 78' lang='grc' dir='ltr'>Υἱδν</span> <span class='ocrx_word' id='word_1_368' title='bbox 1695 2984 1789 3038; x_wconf 86' lang='grc' dir='ltr'><strong>τοῦ</strong></span> 
     </span>
    </p>
   </div>
   <div class='ocr_carea' id='block_1_51' title="bbox 1963 2151 3470 2223">
    <p class='ocr_par' dir='ltr' id='par_1_51' title="bbox 1963 2151 3470 2223">
     <span class='ocr_line' id='line_1_51' title="bbox 1963 2151 3470 2223; baseline -0.004 -12"><span class='ocrx_word' id='word_1_369' title='bbox 1963 2157 2017 2211; x_wconf 81' lang='grc'>5.</span> <span class='ocrx_word' id='word_1_370' title='bbox 2062 2153 2183 2210; x_wconf 87' lang='lat' dir='ltr'><strong>Non</strong></span> <span class='ocrx_word' id='word_1_371' title='bbox 2219 2155 2395 2210; x_wconf 92' lang='lat' dir='ltr'><strong>solum</strong></span> <span class='ocrx_word' id='word_1_372' title='bbox 2428 2162 2609 2208; x_wconf 89' lang='lat' dir='ltr'><strong>autem</strong></span> <span class='ocrx_word' id='word_1_373' title='bbox 2640 2153 2763 2209; x_wconf 81' lang='lat' dir='ltr'><strong>fidei</strong></span> <span class='ocrx_word' id='word_1_374' title='bbox 2796 2168 2917 2209; x_wconf 91' lang='lat' dir='ltr'><strong>sese</strong></span> <span class='ocrx_word' id='word_1_375' title='bbox 2949 2153 3244 2223; x_wconf 80' lang='lat' dir='ltr'><strong>adjungere</strong></span> <span class='ocrx_word' id='word_1_376' title='bbox 3274 2151 3470 2205; x_wconf 80' lang='lat' dir='ltr'><strong>nolue—</strong></span> 
     </span>
    </p>
   </div>
   <div class='ocr_carea' id='block_1_52' title="bbox 1893 2241 3493 2315">
    <p class='ocr_par' dir='ltr' id='par_1_52' title="bbox 1893 2241 3493 2315">
     <span class='ocr_line' id='line_1_52' title="bbox 1893 2241 3493 2315; baseline -0.004 -13"><span class='ocrx_word' id='word_1_377' title='bbox 1893 2254 2045 2315; x_wconf 90' lang='lat' dir='ltr'><strong>runt,</strong></span> <span class='ocrx_word' id='word_1_378' title='bbox 2078 2247 2171 2303; x_wconf 90' lang='lat' dir='ltr'><strong>sed</strong></span> <span class='ocrx_word' id='word_1_379' title='bbox 2205 2254 2260 2301; x_wconf 90' lang='lat' dir='ltr'><strong>et</strong></span> <span class='ocrx_word' id='word_1_380' title='bbox 2288 2246 2445 2300; x_wconf 91' lang='lat' dir='ltr'><strong>dolos</strong></span> <span class='ocrx_word' id='word_1_381' title='bbox 2473 2244 2892 2308; x_wconf 88' lang='lat' dir='ltr'><strong>adinvenerunt,</strong></span> <span class='ocrx_word' id='word_1_382' title='bbox 2926 2243 3256 2313; x_wconf 81' lang='lat' dir='ltr'><strong>fraudesque</strong></span> <span class='ocrx_word' id='word_1_383' title='bbox 3294 2241 3493 2296; x_wconf 35' lang='lat' dir='ltr'><strong>molitit</strong></span> 
     </span>
    </p>
   </div>
   <div class='ocr_carea' id='block_1_53' title="bbox 1895 2335 3470 2408">
    <p class='ocr_par' dir='ltr' id='par_1_53' title="bbox 1895 2335 3470 2408">
     <span class='ocr_line' id='line_1_53' title="bbox 1895 2335 3470 2408; baseline -0.004 -12"><span class='ocrx_word' id='word_1_384' title='bbox 1895 2346 2024 2396; x_wconf 89' lang='lat' dir='ltr'><strong>sunt</strong></span> <span class='ocrx_word' id='word_1_385' title='bbox 2057 2357 2070 2393; x_wconf 90' lang='lat'>:</span> <span class='ocrx_word' id='word_1_386' title='bbox 2106 2339 2303 2394; x_wconf 89' lang='lat' dir='ltr'><strong>stultas</strong></span> <span class='ocrx_word' id='word_1_387' title='bbox 2337 2345 2391 2392; x_wconf 91' lang='lat' dir='ltr'><strong>et</strong></span> <span class='ocrx_word' id='word_1_388' title='bbox 2420 2338 2641 2408; x_wconf 79' lang='lat' dir='ltr'><strong>ignaras</strong></span> <span class='ocrx_word' id='word_1_389' title='bbox 2674 2338 3006 2406; x_wconf 67' lang='lat' dir='ltr'><strong>quaestiones</strong></span> <span class='ocrx_word' id='word_1_390' title='bbox 3055 2335 3369 2396; x_wconf 89' lang='lat' dir='ltr'><strong>commenti,</strong></span> <span class='ocrx_word' id='word_1_391' title='bbox 3402 2349 3470 2389; x_wconf 90' lang='lat' dir='ltr'><strong>eo</strong></span> 
     </span>
    </p>
   </div>
   <div class='ocr_carea' id='block_1_54' title="bbox 1896 2426 3471 2502">
    <p class='ocr_par' dir='ltr' id='par_1_54' title="bbox 1896 2426 3471 2502">
     <span class='ocr_line' id='line_1_54' title="bbox 1896 2426 3471 2502; baseline -0.007 -13"><span class='ocrx_word' id='word_1_392' title='bbox 1896 2435 2071 2489; x_wconf 91' lang='lat' dir='ltr'><strong>solum</strong></span> <span class='ocrx_word' id='word_1_393' title='bbox 2116 2437 2446 2502; x_wconf 84' lang='lat' dir='ltr'><strong>spectantes,</strong></span> <span class='ocrx_word' id='word_1_394' title='bbox 2474 2437 2534 2484; x_wconf 89' lang='lat' dir='ltr'><strong>ut</strong></span> <span class='ocrx_word' id='word_1_395' title='bbox 2563 2430 2768 2483; x_wconf 87' lang='lat' dir='ltr'><strong>multos</strong></span> <span class='ocrx_word' id='word_1_396' title='bbox 2792 2428 2847 2482; x_wconf 90' lang='lat' dir='ltr'><strong>in</strong></span> <span class='ocrx_word' id='word_1_397' title='bbox 2876 2443 3141 2491; x_wconf 88' lang='lat' dir='ltr'><strong>errorem,</strong></span> <span class='ocrx_word' id='word_1_398' title='bbox 3170 2435 3225 2482; x_wconf 89' lang='lat' dir='ltr'><strong>et</strong></span> <span class='ocrx_word' id='word_1_399' title='bbox 3267 2426 3322 2479; x_wconf 90' lang='lat' dir='ltr'><strong>in</strong></span> <span class='ocrx_word' id='word_1_400' title='bbox 3347 2440 3471 2481; x_wconf 90' lang='lat' dir='ltr'><strong>sce-</strong></span> 
     </span>
    </p>
   </div>
   <div class='ocr_carea' id='block_1_55' title="bbox 1896 2519 3470 2583">
    <p class='ocr_par' dir='ltr' id='par_1_55' title="bbox 1896 2519 3470 2583">
     <span class='ocr_line' id='line_1_55' title="bbox 1896 2519 3470 2583; baseline -0.004 -2"><span class='ocrx_word' id='word_1_401' title='bbox 1896 2527 2124 2583; x_wconf 87' lang='lat' dir='ltr'><strong>leratam</strong></span> <span class='ocrx_word' id='word_1_402' title='bbox 2175 2524 2533 2581; x_wconf 79' lang='lat' dir='ltr'><strong>defectionem</strong></span> <span class='ocrx_word' id='word_1_403' title='bbox 2581 2523 2920 2578; x_wconf 90' lang='lat' dir='ltr'><strong>inducerent.</strong></span> <span class='ocrx_word' id='word_1_404' title='bbox 2965 2520 3022 2575; x_wconf 90' lang='lat' dir='ltr'><strong>Si</strong></span> <span class='ocrx_word' id='word_1_405' title='bbox 3087 2521 3230 2575; x_wconf 92' lang='lat' dir='ltr'><strong>enim</strong></span> <span class='ocrx_word' id='word_1_406' title='bbox 3282 2519 3470 2574; x_wconf 89' lang='lat' dir='ltr'><strong>futura</strong></span> 
     </span>
    </p>
   </div>
   <div class='ocr_carea' id='block_1_56' title="bbox 1894 2611 3467 2690">
    <p class='ocr_par' dir='ltr' id='par_1_56' title="bbox 1894 2611 3467 2690">
     <span class='ocr_line' id='line_1_56' title="bbox 1894 2611 3467 2690; baseline -0.008 -14"><span class='ocrx_word' id='word_1_407' title='bbox 1894 2626 2295 2690; x_wconf 73' lang='lat' dir='ltr'><strong>exspectarent,</strong></span> <span class='ocrx_word' id='word_1_408' title='bbox 2318 2618 2366 2673; x_wconf 89' lang='lat' dir='ltr'><strong>si</strong></span> <span class='ocrx_word' id='word_1_409' title='bbox 2414 2617 2507 2671; x_wconf 89' lang='lat' dir='ltr'><strong>Dei</strong></span> <span class='ocrx_word' id='word_1_410' title='bbox 2554 2616 2846 2670; x_wconf 91' lang='lat' dir='ltr'><strong>adventum</strong></span> <span class='ocrx_word' id='word_1_411' title='bbox 2881 2624 2935 2668; x_wconf 88' lang='lat' dir='ltr'><strong>et</strong></span> <span class='ocrx_word' id='word_1_412' title='bbox 2976 2612 3242 2682; x_wconf 88' lang='lat' dir='ltr'><strong>judicium</strong></span> <span class='ocrx_word' id='word_1_413' title='bbox 3272 2611 3467 2665; x_wconf 91' lang='lat' dir='ltr'><strong>crede-</strong></span> 
     </span>
    </p>
   </div>
   <div class='ocr_carea' id='block_1_57' title="bbox 1893 2703 3469 2778">
    <p class='ocr_par' dir='ltr' id='par_1_57' title="bbox 1893 2703 3469 2778">
     <span class='ocr_line' id='line_1_57' title="bbox 1893 2703 3469 2778; baseline -0.006 -14"><span class='ocrx_word' id='word_1_414' title='bbox 1893 2718 2037 2774; x_wconf 87' lang='lat' dir='ltr'><strong>rent,</strong></span> <span class='ocrx_word' id='word_1_415' title='bbox 2083 2710 2131 2765; x_wconf 90' lang='lat' dir='ltr'><strong>si</strong></span> <span class='ocrx_word' id='word_1_416' title='bbox 2180 2708 2508 2778; x_wconf 86' lang='lat' dir='ltr'><strong>supplicium</strong></span> <span class='ocrx_word' id='word_1_417' title='bbox 2552 2705 2994 2767; x_wconf 84' lang='lat' dir='ltr'><strong>rel‘ormidarent,</strong></span> <span class='ocrx_word' id='word_1_418' title='bbox 3034 2703 3102 2756; x_wconf 91' lang='lat' dir='ltr'><strong>ad</strong></span> <span class='ocrx_word' id='word_1_419' title='bbox 3137 2703 3294 2756; x_wconf 83' lang='lat' dir='ltr'><strong>ﬁdem</strong></span> <span class='ocrx_word' id='word_1_420' title='bbox 3334 2716 3469 2755; x_wconf 89' lang='lat' dir='ltr'><strong>sane</strong></span> 
     </span>
    </p>
   </div>
   <div class='ocr_carea' id='block_1_58' title="bbox 1892 2793 3470 2867">
    <p class='ocr_par' dir='ltr' id='par_1_58' title="bbox 1892 2793 3470 2867">
     <span class='ocr_line' id='line_1_58' title="bbox 1892 2793 3470 2867; baseline -0.006 -10"><span class='ocrx_word' id='word_1_421' title='bbox 1892 2800 2237 2867; x_wconf 89' lang='lat' dir='ltr'><strong>accederent,</strong></span> <span class='ocrx_word' id='word_1_422' title='bbox 2271 2797 2578 2866; x_wconf 73' lang='lat' dir='ltr'><strong>Evangeliis</strong></span> <span class='ocrx_word' id='word_1_423' title='bbox 2609 2797 3068 2865; x_wconf 90' lang='lat' dir='ltr'><strong>obtemperarent,</strong></span> <span class='ocrx_word' id='word_1_424' title='bbox 3102 2801 3155 2849; x_wconf 89' lang='lat' dir='ltr'><strong>et</strong></span> <span class='ocrx_word' id='word_1_425' title='bbox 3190 2793 3470 2862; x_wconf 86' lang='lat' dir='ltr'><strong>apostolos</strong></span> 
     </span>
    </p>
   </div>
   <div class='ocr_carea' id='block_1_59' title="bbox 1892 2884 3469 2965">
    <p class='ocr_par' dir='ltr' id='par_1_59' title="bbox 1892 2884 3469 2965">
     <span class='ocr_line' id='line_1_59' title="bbox 1892 2884 3469 2965; baseline -0.006 -16"><span class='ocrx_word' id='word_1_426' title='bbox 1892 2894 2068 2965; x_wconf 75' lang='lat' dir='ltr'><strong>magis</strong></span> <span class='ocrx_word' id='word_1_427' title='bbox 2096 2908 2260 2963; x_wconf 90' lang='lat' dir='ltr'><strong>quam</strong></span> <span class='ocrx_word' id='word_1_428' title='bbox 2292 2893 2529 2946; x_wconf 83' lang='lat' dir='ltr'><strong>humana</strong></span> <span class='ocrx_word' id='word_1_429' title='bbox 2570 2889 2862 2945; x_wconf 88' lang='lat' dir='ltr'><strong>ratiocinia</strong></span> <span class='ocrx_word' id='word_1_430' title='bbox 2905 2894 3284 2958; x_wconf 84' lang='lat' dir='ltr'><strong>sequerentur.</strong></span> <span class='ocrx_word' id='word_1_431' title='bbox 3314 2884 3469 2939; x_wconf 81' lang='lat' dir='ltr'><strong>Chri-</strong></span> 
     </span>
    </p>
   </div>
   <div class='ocr_carea' id='block_1_60' title="bbox 1891 2978 3468 3056">
    <p class='ocr_par' dir='ltr' id='par_1_60' title="bbox 1891 2978 3468 3056">
     <span class='ocr_line' id='line_1_60' title="bbox 1891 2978 3468 3056; baseline -0.007 -14"><span class='ocrx_word' id='word_1_432' title='bbox 1891 2992 2036 3042; x_wconf 90' lang='lat' dir='ltr'><strong>stum</strong></span> <span class='ocrx_word' id='word_1_433' title='bbox 2063 2985 2208 3041; x_wconf 91' lang='lat' dir='ltr'><strong>enim</strong></span> <span class='ocrx_word' id='word_1_434' title='bbox 2233 2983 2464 3056; x_wconf 89' lang='lat' dir='ltr'><strong>apostoli</strong></span> <span class='ocrx_word' id='word_1_435' title='bbox 2493 2982 2676 3038; x_wconf 89' lang='lat' dir='ltr'><strong>statim</strong></span> <span class='ocrx_word' id='word_1_436' title='bbox 2707 2988 2868 3050; x_wconf 87' lang='lat' dir='ltr'><strong>atque</strong></span> <span class='ocrx_word' id='word_1_437' title='bbox 2893 2978 3122 3050; x_wconf 88' lang='lat' dir='ltr'><strong>profecti</strong></span> <span class='ocrx_word' id='word_1_438' title='bbox 3157 2985 3307 3043; x_wconf 85' lang='lat' dir='ltr'><strong>sunt,</strong></span> <span class='ocrx_word' id='word_1_439' title='bbox 3330 2990 3468 3031; x_wconf 83' lang='lat' dir='ltr'><strong>voce</strong></span> 
     </span>
    </p>
   </div>
   <div class='ocr_carea' id='block_1_61' title="bbox 202 3069 1792 3150">
    <p class='ocr_par' dir='ltr' id='par_1_61' title="bbox 202 3076 1792 3150">
     <span class='ocr_line' id='line_1_61' title="bbox 202 3076 1792 3150; baseline -0.002 -16"><span class='ocrx_word' id='word_1_440' title='bbox 202 3079 367 3134; x_wconf 86' lang='grc' dir='ltr'>Θεοῦ.</span> <span class='ocrx_word' id='word_1_441' title='bbox 406 3076 606 3133; x_wconf 86' lang='grc' dir='ltr'>Τοῦτον</span> <span class='ocrx_word' id='word_1_442' title='bbox 632 3079 723 3131; x_wconf 86' lang='grc' dir='ltr'><strong>τὸν</strong></span> <span class='ocrx_word' id='word_1_443' title='bbox 744 3080 801 3131; x_wconf 81' lang='grc' dir='ltr'>ὲν</span> <span class='ocrx_word' id='word_1_444' title='bbox 828 3078 1070 3150; x_wconf 83' lang='grc' dir='ltr'>Βηθλεὲμ</span> <span class='ocrx_word' id='word_1_445' title='bbox 1096 3077 1422 3150; x_wconf 82' lang='grc' dir='ltr'>γεννηθέντα</span> <span class='ocrx_word' id='word_1_446' title='bbox 1447 3080 1512 3131; x_wconf 80' lang='grc' dir='ltr'>ὲκ</span> <span class='ocrx_word' id='word_1_447' title='bbox 1546 3079 1792 3149; x_wconf 87' lang='grc' dir='ltr'>σπέρμα-</span> 
     </span>
    </p>
   </div>
   <div class='ocr_carea' id='block_1_62' title="bbox 1896 3069 3467 3150">
    <p class='ocr_par' dir='ltr' id='par_1_62' title="bbox 1896 3069 3467 3144">
     <span class='ocr_line' id='line_1_62' title="bbox 1896 3069 3467 3144; baseline -0.005 -11"><span class='ocrx_word' id='word_1_448' title='bbox 1896 3092 2135 3134; x_wconf 83' lang='lat' dir='ltr'><strong>consona</strong></span> <span class='ocrx_word' id='word_1_449' title='bbox 2181 3084 2235 3132; x_wconf 90' lang='lat' dir='ltr'><strong>et</strong></span> <span class='ocrx_word' id='word_1_450' title='bbox 2287 3075 2640 3129; x_wconf 88' lang='lat' dir='ltr'><strong>conformiter</strong></span> <span class='ocrx_word' id='word_1_451' title='bbox 2670 3073 3104 3144; x_wconf 66' lang='lat' dir='ltr'><strong>praedicaverunt</strong></span> <span class='ocrx_word' id='word_1_452' title='bbox 3143 3069 3338 3124; x_wconf 88' lang='lat' dir='ltr'><strong>Filium</strong></span> <span class='ocrx_word' id='word_1_453' title='bbox 3372 3069 3467 3125; x_wconf 87' lang='lat' dir='ltr'><strong>Dei</strong></span> 
     </span>
    </p>
   </div>
   <div class='ocr_carea' id='block_1_63' title="bbox 202 3170 1785 3242">
    <p class='ocr_par' dir='ltr' id='par_1_63' title="bbox 202 3170 1785 3242">
     <span class='ocr_line' id='line_1_63' title="bbox 202 3170 1785 3242; baseline 0 -17"><span class='ocrx_word' id='word_1_454' title='bbox 202 3189 300 3236; x_wconf 87' lang='grc' dir='ltr'><strong>τος</strong></span> <span class='ocrx_word' id='word_1_455' title='bbox 344 3171 517 3226; x_wconf 75' lang='grc' dir='ltr'>Δαδὶδ</span> <span class='ocrx_word' id='word_1_456' title='bbox 551 3170 691 3224; x_wconf 85' lang='grc' dir='ltr'><strong>κατά</strong></span> <span class='ocrx_word' id='word_1_457' title='bbox 724 3172 921 3242; x_wconf 86' lang='grc' dir='ltr'>σάρκα,</span> <span class='ocrx_word' id='word_1_458' title='bbox 964 3172 1053 3225; x_wconf 88' lang='grc' dir='ltr'><strong>τὸν</strong></span> <span class='ocrx_word' id='word_1_459' title='bbox 1083 3170 1413 3242; x_wconf 82' lang='grc' dir='ltr'>ὁμοιωθέντα</span> <span class='ocrx_word' id='word_1_460' title='bbox 1449 3170 1785 3241; x_wconf 81' lang='grc' dir='ltr'>ἀνθρώποις,</span> 
     </span>
    </p>
   </div>
   <div class='ocr_carea' id='block_1_64' title="bbox 203 3257 1788 3333">
    <p class='ocr_par' dir='ltr' id='par_1_64' title="bbox 203 3257 1788 3333">
     <span class='ocr_line' id='line_1_64' title="bbox 203 3257 1788 3333; baseline -0.004 -17"><span class='ocrx_word' id='word_1_461' title='bbox 203 3262 307 3316; x_wconf 79' lang='grc' dir='ltr'>καὶ</span> <span class='ocrx_word' id='word_1_462' title='bbox 332 3259 718 3333; x_wconf 80' lang='grc' dir='ltr'>σταυρωθέντα</span> <span class='ocrx_word' id='word_1_463' title='bbox 742 3260 882 3332; x_wconf 80' lang='grc' dir='ltr'>ὑπὲρ</span> <span class='ocrx_word' id='word_1_464' title='bbox 908 3257 1207 3331; x_wconf 81' lang='grc' dir='ltr'>ἀνθρώπων</span> <span class='ocrx_word' id='word_1_465' title='bbox 1245 3258 1339 3311; x_wconf 71' lang='grc' dir='ltr'><strong>ἐπὶ</strong></span> <span class='ocrx_word' id='word_1_466' title='bbox 1366 3258 1591 3312; x_wconf 89' lang='grc' dir='ltr'>Ποντίου</span> <span class='ocrx_word' id='word_1_467' title='bbox 1621 3257 1788 3311; x_wconf 87' lang='grc' dir='ltr'>Πιλά-</span> 
     </span>
    </p>
   </div>
   <div class='ocr_carea' id='block_1_65' title="bbox 202 3347 1790 3423">
    <p class='ocr_par' dir='ltr' id='par_1_65' title="bbox 202 3347 1790 3423">
     <span class='ocr_line' id='line_1_65' title="bbox 202 3347 1790 3423; baseline -0.003 -16"><span class='ocrx_word' id='word_1_468' title='bbox 202 3370 322 3414; x_wconf 81' lang='grc' dir='ltr'>του,</span> <span class='ocrx_word' id='word_1_469' title='bbox 350 3352 519 3405; x_wconf 80' lang='grc' dir='ltr'>αὑτὸν</span> <span class='ocrx_word' id='word_1_470' title='bbox 559 3347 712 3405; x_wconf 82' lang='grc' dir='ltr'>εἷπον</span> <span class='ocrx_word' id='word_1_471' title='bbox 754 3351 867 3420; x_wconf 77' lang='grc'><strong>(75)</strong></span> <span class='ocrx_word' id='word_1_472' title='bbox 915 3350 1068 3415; x_wconf 85' lang='grc' dir='ltr'>Θεὸν,</span> <span class='ocrx_word' id='word_1_473' title='bbox 1114 3351 1275 3404; x_wconf 85' lang='grc' dir='ltr'>αὑτὸν</span> <span class='ocrx_word' id='word_1_474' title='bbox 1305 3350 1607 3423; x_wconf 80' lang='grc' dir='ltr'>ἄνθρωπον,</span> <span class='ocrx_word' id='word_1_475' title='bbox 1630 3350 1790 3404; x_wconf 87' lang='grc' dir='ltr'>αὑτὸν</span> 
     </span>
    </p>
   </div>
   <div class='ocr_carea' id='block_1_66' title="bbox 205 3439 1792 3514">
    <p class='ocr_par' dir='ltr' id='par_1_66' title="bbox 205 3439 1792 3514">
     <span class='ocr_line' id='line_1_66' title="bbox 205 3439 1792 3514; baseline -0.001 -17"><span class='ocrx_word' id='word_1_476' title='bbox 205 3439 366 3497; x_wconf 76' lang='grc' dir='ltr'>εῖπον</span> <span class='ocrx_word' id='word_1_477' title='bbox 395 3443 528 3497; x_wconf 74' lang='grc' dir='ltr'>Υἱὸν</span> <span class='ocrx_word' id='word_1_478' title='bbox 552 3443 708 3506; x_wconf 87' lang='grc' dir='ltr'>Θεοῦ,</span> <span class='ocrx_word' id='word_1_479' title='bbox 740 3443 901 3498; x_wconf 78' lang='grc' dir='ltr'>αὑτὸν</span> <span class='ocrx_word' id='word_1_480' title='bbox 931 3443 1056 3497; x_wconf 80' lang='grc' dir='ltr'>Υίὸν</span> <span class='ocrx_word' id='word_1_481' title='bbox 1086 3441 1397 3514; x_wconf 84' lang='grc' dir='ltr'>ἀνθρώπου,</span> <span class='ocrx_word' id='word_1_482' title='bbox 1427 3442 1587 3497; x_wconf 87' lang='grc' dir='ltr'>αὑτὸν</span> <span class='ocrx_word' id='word_1_483' title='bbox 1612 3442 1670 3509; x_wconf 78' lang='grc' dir='ltr'>ἐξ</span> <span class='ocrx_word' id='word_1_484' title='bbox 1703 3442 1792 3495; x_wconf 86' lang='grc' dir='ltr'>οὑ-</span> 
     </span>
    </p>
   </div>
   <div class='ocr_carea' id='block_1_67' title="bbox 207 3521 1789 3610">
    <p class='ocr_par' dir='ltr' id='par_1_67' title="bbox 207 3521 1789 3610">
     <span class='ocr_line' id='line_1_67' title="bbox 207 3521 1789 3610; baseline -0.003 -20"><span class='ocrx_word' id='word_1_485' title='bbox 207 3534 400 3610; x_wconf 85' lang='grc' dir='ltr'>ρανοῦ,</span> <span class='ocrx_word' id='word_1_486' title='bbox 434 3536 601 3591; x_wconf 79' lang='grc' dir='ltr'>αὑτὸν</span> <span class='ocrx_word' id='word_1_487' title='bbox 635 3535 743 3591; x_wconf 86' lang='grc' dir='ltr'><strong>ἀπὸ</strong></span> <span class='ocrx_word' id='word_1_488' title='bbox 772 3521 896 3608; x_wconf 66' lang='grc' dir='ltr'>γῆς,</span> <span class='ocrx_word' id='word_1_489' title='bbox 931 3535 1092 3589; x_wconf 80' lang='grc' dir='ltr'>αὐτὸν</span> <span class='ocrx_word' id='word_1_490' title='bbox 1120 3534 1509 3604; x_wconf 82' lang='grc' dir='ltr'>ἀπαθῆ,ἀύτὸν</span> <span class='ocrx_word' id='word_1_491' title='bbox 1531 3533 1789 3603; x_wconf 88' lang='grc' dir='ltr'>παθητὸν,</span> 
     </span>
    </p>
   </div>
   <div class='ocr_carea' id='block_1_68' title="bbox 206 3627 1790 3703">
    <p class='ocr_par' dir='ltr' id='par_1_68' title="bbox 206 3627 1790 3703">
     <span class='ocr_line' id='line_1_68' title="bbox 206 3627 1790 3703; baseline -0.003 -20"><span class='ocrx_word' id='word_1_492' title='bbox 206 3632 311 3684; x_wconf 62' lang='grc' dir='ltr'>ὡκ</span> <span class='ocrx_word' id='word_1_493' title='bbox 348 3629 532 3695; x_wconf 73' lang='grc' dir='ltr'>ἄλλον,</span> <span class='ocrx_word' id='word_1_494' title='bbox 586 3630 648 3683; x_wconf 84' lang='grc' dir='ltr'><strong>οὑ</strong></span> <span class='ocrx_word' id='word_1_495' title='bbox 703 3629 970 3703; x_wconf 83' lang='grc' dir='ltr'>πρόσωπα</span> <span class='ocrx_word' id='word_1_496' title='bbox 1018 3629 1130 3694; x_wconf 89' lang='grc' dir='ltr'>δύο,</span> <span class='ocrx_word' id='word_1_497' title='bbox 1180 3630 1281 3701; x_wconf 86' lang='grc' dir='ltr'><strong>οὑχ</strong></span> <span class='ocrx_word' id='word_1_498' title='bbox 1337 3627 1684 3692; x_wconf 84' lang='grc' dir='ltr'>ὑποστάσεις,</span> <span class='ocrx_word' id='word_1_499' title='bbox 1728 3627 1790 3680; x_wconf 87' lang='grc' dir='ltr'><strong>οὑ</strong></span> 
     </span>
    </p>
   </div>
   <div class='ocr_carea' id='block_1_69' title="bbox 208 3721 1796 3795">
    <p class='ocr_par' dir='ltr' id='par_1_69' title="bbox 208 3721 1796 3795">
     <span class='ocr_line' id='line_1_69' title="bbox 208 3721 1796 3795; baseline -0.002 -19"><span class='ocrx_word' id='word_1_500' title='bbox 208 3725 619 3795; x_wconf 81' lang='grc' dir='ltr'>προσκυνήσεις</span> <span class='ocrx_word' id='word_1_501' title='bbox 642 3721 754 3776; x_wconf 85' lang='grc' dir='ltr'>δύο.</span> <span class='ocrx_word' id='word_1_502' title='bbox 790 3723 886 3787; x_wconf 91' lang='grc' dir='ltr'>Τίς</span> <span class='ocrx_word' id='word_1_503' title='bbox 915 3723 1071 3795; x_wconf 88' lang='grc' dir='ltr'>χρεία</span> <span class='ocrx_word' id='word_1_504' title='bbox 1102 3721 1285 3795; x_wconf 80' lang='grc' dir='ltr'>ζητεῖν</span> <span class='ocrx_word' id='word_1_505' title='bbox 1314 3722 1408 3776; x_wconf 77' lang='grc' dir='ltr'>καὶ</span> <span class='ocrx_word' id='word_1_506' title='bbox 1432 3722 1796 3792; x_wconf 83' lang='grc' dir='ltr'>λογομαχεῖν;</span> 
     </span>
    </p>
   </div>
   <div class='ocr_carea' id='block_1_70' title="bbox 209 3814 1793 3887">
    <p class='ocr_par' dir='ltr' id='par_1_70' title="bbox 209 3814 1793 3887">
     <span class='ocr_line' id='line_1_70' title="bbox 209 3814 1793 3887; baseline -0.004 -17"><span class='ocrx_word' id='word_1_507' title='bbox 209 3816 503 3870; x_wconf 86' lang='grc' dir='ltr'>Πιστεύειν</span> <span class='ocrx_word' id='word_1_508' title='bbox 552 3815 861 3887; x_wconf 79' lang='grc' dir='ltr'>συμφέρει,</span> <span class='ocrx_word' id='word_1_509' title='bbox 916 3817 1009 3870; x_wconf 76' lang='grc' dir='ltr'><strong>καὶ</strong></span> <span class='ocrx_word' id='word_1_510' title='bbox 1059 3816 1272 3879; x_wconf 78' lang='grc' dir='ltr'>σέϐειν,</span> <span class='ocrx_word' id='word_1_511' title='bbox 1320 3814 1416 3868; x_wconf 74' lang='grc' dir='ltr'>καὶ</span> <span class='ocrx_word' id='word_1_512' title='bbox 1469 3814 1793 3884; x_wconf 87' lang='grc' dir='ltr'>προσκυνεῖν</span> 
     </span>
    </p>
   </div>
   <div class='ocr_carea' id='block_1_71' title="bbox 211 3902 1789 3979">
    <p class='ocr_par' dir='ltr' id='par_1_71' title="bbox 211 3902 1789 3979">
     <span class='ocr_line' id='line_1_71' title="bbox 211 3902 1789 3979; baseline -0.001 -20"><span class='ocrx_word' id='word_1_513' title='bbox 211 3911 417 3979; x_wconf 79' lang='grc' dir='ltr'>σιωπῇ.</span> <span class='ocrx_word' id='word_1_514' title='bbox 452 3902 584 3961; x_wconf 81' lang='grc' dir='ltr'>Οἶδα</span> <span class='ocrx_word' id='word_1_515' title='bbox 611 3907 772 3960; x_wconf 86' lang='grc' dir='ltr'>αὑτὸν</span> <span class='ocrx_word' id='word_1_516' title='bbox 792 3905 922 3960; x_wconf 85' lang='grc' dir='ltr'>Θεὸν</span> <span class='ocrx_word' id='word_1_517' title='bbox 959 3906 1173 3978; x_wconf 81' lang='grc' dir='ltr'>ἀληθῶς</span> <span class='ocrx_word' id='word_1_518' title='bbox 1215 3906 1273 3973; x_wconf 81' lang='grc' dir='ltr'><strong>ἐξ</strong></span> <span class='ocrx_word' id='word_1_519' title='bbox 1306 3905 1535 3978; x_wconf 85' lang='grc' dir='ltr'>οὐρανοῦ</span> <span class='ocrx_word' id='word_1_520' title='bbox 1570 3903 1789 3975; x_wconf 75' lang='grc' dir='ltr'>ἀπαθῆο</span> 
     </span>
    </p>
   </div>
   <div class='ocr_carea' id='block_1_72' title="bbox 209 3994 1794 4070">
    <p class='ocr_par' dir='ltr' id='par_1_72' title="bbox 209 3994 1794 4070">
     <span class='ocr_line' id='line_1_72' title="bbox 209 3994 1794 4070; baseline -0.003 -15"><span class='ocrx_word' id='word_1_521' title='bbox 209 3997 330 4056; x_wconf 80' lang='grc' dir='ltr'>οῖδα</span> <span class='ocrx_word' id='word_1_522' title='bbox 356 3999 519 4054; x_wconf 78' lang='grc' dir='ltr'>αὑτὸν</span> <span class='ocrx_word' id='word_1_523' title='bbox 548 4002 613 4053; x_wconf 82' lang='grc' dir='ltr'>ὲκ</span> <span class='ocrx_word' id='word_1_524' title='bbox 649 3998 960 4069; x_wconf 84' lang='grc' dir='ltr'>σπέρματος</span> <span class='ocrx_word' id='word_1_525' title='bbox 990 3998 1155 4051; x_wconf 70' lang='grc' dir='ltr'>Δαϐὶδ</span> <span class='ocrx_word' id='word_1_526' title='bbox 1176 3997 1317 4052; x_wconf 88' lang='grc' dir='ltr'><strong>κατά</strong></span> <span class='ocrx_word' id='word_1_527' title='bbox 1350 3999 1548 4070; x_wconf 87' lang='grc' dir='ltr'>σάρκα,</span> <span class='ocrx_word' id='word_1_528' title='bbox 1582 3994 1794 4069; x_wconf 79' lang='grc' dir='ltr'>ἀνορω-</span> 
     </span>
    </p>
   </div>
   <div class='ocr_carea' id='block_1_73' title="bbox 208 4088 1796 4163">
    <p class='ocr_par' dir='ltr' id='par_1_73' title="bbox 208 4088 1796 4163">
     <span class='ocr_line' id='line_1_73' title="bbox 208 4088 1796 4163; baseline -0.003 -16"><span class='ocrx_word' id='word_1_529' title='bbox 208 4109 315 4147; x_wconf 84' lang='grc' dir='ltr'><strong>πον</strong></span> <span class='ocrx_word' id='word_1_530' title='bbox 359 4092 481 4153; x_wconf 63' lang='grc' dir='ltr'>ἀπὸ,</span> <span class='ocrx_word' id='word_1_531' title='bbox 515 4092 618 4163; x_wconf 80' lang='grc' dir='ltr'>γῆς</span> <span class='ocrx_word' id='word_1_532' title='bbox 658 4091 916 4161; x_wconf 81' lang='grc' dir='ltr'>παθητόν.</span> <span class='ocrx_word' id='word_1_533' title='bbox 955 4091 1028 4144; x_wconf 85' lang='grc' dir='ltr'>Οὑ</span> <span class='ocrx_word' id='word_1_534' title='bbox 1072 4088 1238 4161; x_wconf 79' lang='grc' dir='ltr'>ζητῶ,</span> <span class='ocrx_word' id='word_1_535' title='bbox 1269 4089 1385 4155; x_wconf 85' lang='grc' dir='ltr'><strong>πῶς</strong></span> <span class='ocrx_word' id='word_1_536' title='bbox 1425 4090 1665 4161; x_wconf 82' lang='grc' dir='ltr'>παθητὸς</span> <span class='ocrx_word' id='word_1_537' title='bbox 1701 4089 1796 4144; x_wconf 79' lang='grc' dir='ltr'>καὶ</span> 
     </span>
    </p>
   </div>
   <div class='ocr_carea' id='block_1_74' title="bbox 209 4179 1796 4254">
    <p class='ocr_par' dir='ltr' id='par_1_74' title="bbox 209 4179 1796 4254">
     <span class='ocr_line' id='line_1_74' title="bbox 209 4179 1796 4254; baseline -0.004 -15"><span class='ocrx_word' id='word_1_538' title='bbox 209 4183 433 4254; x_wconf 82' lang='grc' dir='ltr'>ἀπαθὴς</span> <span class='ocrx_word' id='word_1_539' title='bbox 464 4184 494 4236; x_wconf 97' lang='lat'><strong>6</strong></span> <span class='ocrx_word' id='word_1_540' title='bbox 522 4183 705 4247; x_wconf 82' lang='grc' dir='ltr'>αὐτὸς,</span> <span class='ocrx_word' id='word_1_541' title='bbox 747 4182 865 4246; x_wconf 80' lang='grc' dir='ltr'>πῶς</span> <span class='ocrx_word' id='word_1_542' title='bbox 902 4182 1033 4245; x_wconf 85' lang='grc' dir='ltr'>Θεὸς</span> <span class='ocrx_word' id='word_1_543' title='bbox 1098 4182 1192 4235; x_wconf 76' lang='grc' dir='ltr'><strong>καὶ</strong></span> <span class='ocrx_word' id='word_1_544' title='bbox 1238 4179 1356 4244; x_wconf 87' lang='grc' dir='ltr'>πῶς</span> <span class='ocrx_word' id='word_1_545' title='bbox 1384 4179 1686 4253; x_wconf 84' lang='grc' dir='ltr'>ἄνθρωπος,</span> <span class='ocrx_word' id='word_1_546' title='bbox 1712 4179 1796 4232; x_wconf 85' lang='grc' dir='ltr'>ἵνα</span> 
     </span>
    </p>
   </div>
   <div class='ocr_carea' id='block_1_75' title="bbox 212 4270 1794 4349">
    <p class='ocr_par' dir='ltr' id='par_1_75' title="bbox 212 4270 1794 4349">
     <span class='ocr_line' id='line_1_75' title="bbox 212 4270 1794 4349; baseline -0.004 -19"><span class='ocrx_word' id='word_1_547' title='bbox 212 4277 313 4349; x_wconf 80' lang='grc' dir='ltr'>μὴ,</span> <span class='ocrx_word' id='word_1_548' title='bbox 334 4276 396 4329; x_wconf 80' lang='grc' dir='ltr'><strong>τὸ</strong></span> <span class='ocrx_word' id='word_1_549' title='bbox 414 4275 530 4340; x_wconf 80' lang='grc' dir='ltr'>πῶς</span> <span class='ocrx_word' id='word_1_550' title='bbox 551 4293 618 4328; x_wconf 89' lang='grc' dir='ltr'><strong>πε</strong></span> <span class='ocrx_word' id='word_1_551' title='bbox 627 4274 1037 4347; x_wconf 80' lang='grc' dir='ltr'>ριεργαζόμενος</span> <span class='ocrx_word' id='word_1_552' title='bbox 1057 4273 1256 4327; x_wconf 78' lang='grc' dir='ltr'>καὶτὸν</span> <span class='ocrx_word' id='word_1_553' title='bbox 1271 4272 1470 4344; x_wconf 86' lang='grc' dir='ltr'>τρόπον</span> <span class='ocrx_word' id='word_1_554' title='bbox 1492 4270 1794 4341; x_wconf 80' lang='grc' dir='ltr'>ἀναζητῶν,</span> 
     </span>
    </p>
   </div>
   <div class='ocr_carea' id='block_1_76' title="bbox 209 4361 1797 4438">
    <p class='ocr_par' dir='ltr' id='par_1_76' title="bbox 209 4361 1797 4438">
     <span class='ocr_line' id='line_1_76' title="bbox 209 4361 1797 4438; baseline -0.005 -15"><span class='ocrx_word' id='word_1_555' title='bbox 209 4369 435 4423; x_wconf 83' lang='grc' dir='ltr'>ὲκπέσω</span> <span class='ocrx_word' id='word_1_556' title='bbox 461 4366 555 4422; x_wconf 87' lang='grc' dir='ltr'><strong>τοῦ</strong></span> <span class='ocrx_word' id='word_1_557' title='bbox 583 4367 943 4438; x_wconf 85' lang='grc' dir='ltr'>προκειμένου</span> <span class='ocrx_word' id='word_1_558' title='bbox 965 4368 1096 4437; x_wconf 80' lang='grc' dir='ltr'>ἡμῖν</span> <span class='ocrx_word' id='word_1_559' title='bbox 1124 4364 1350 4433; x_wconf 89' lang='grc' dir='ltr'>ἀγαθοῦ.</span> <span class='ocrx_word' id='word_1_560' title='bbox 1385 4363 1668 4417; x_wconf 89' lang='grc' dir='ltr'>Πιστεύειν</span> <span class='ocrx_word' id='word_1_561' title='bbox 1688 4361 1797 4434; x_wconf 81' lang='grc' dir='ltr'>γὰρ</span> 
     </span>
    </p>
   </div>
   <div class='ocr_carea' id='block_1_77' title="bbox 1889 3158 3467 3224">
    <p class='ocr_par' dir='ltr' id='par_1_77' title="bbox 1889 3158 3467 3224">
     <span class='ocr_line' id='line_1_77' title="bbox 1889 3158 3467 3224; baseline -0.006 0"><span class='ocrx_word' id='word_1_562' title='bbox 1889 3182 2033 3224; x_wconf 84' lang='lat' dir='ltr'><strong>esse.</strong></span> <span class='ocrx_word' id='word_1_563' title='bbox 2083 3164 2241 3221; x_wconf 85' lang='lat' dir='ltr'><strong>Hunc</strong></span> <span class='ocrx_word' id='word_1_564' title='bbox 2288 3164 2346 3219; x_wconf 90' lang='lat' dir='ltr'><strong>in</strong></span> <span class='ocrx_word' id='word_1_565' title='bbox 2373 3163 2684 3220; x_wconf 77' lang='lat' dir='ltr'><strong>Betlilehem</strong></span> <span class='ocrx_word' id='word_1_566' title='bbox 2720 3170 2911 3217; x_wconf 90' lang='lat' dir='ltr'><strong>natum</strong></span> <span class='ocrx_word' id='word_1_567' title='bbox 2944 3176 3013 3215; x_wconf 81' lang='lat' dir='ltr'><strong>ex</strong></span> <span class='ocrx_word' id='word_1_568' title='bbox 3053 3159 3261 3215; x_wconf 89' lang='lat' dir='ltr'><strong>semine</strong></span> <span class='ocrx_word' id='word_1_569' title='bbox 3296 3158 3467 3214; x_wconf 82' lang='lat' dir='ltr'><strong>David</strong></span> 
     </span>
    </p>
   </div>
   <div class='ocr_carea' id='block_1_78' title="bbox 1889 3253 3469 3325">
    <p class='ocr_par' dir='ltr' id='par_1_78' title="bbox 1889 3253 3469 3325">
     <span class='ocr_line' id='line_1_78' title="bbox 1889 3253 3469 3325; baseline -0.009 -4"><span class='ocrx_word' id='word_1_570' title='bbox 1889 3264 2190 3321; x_wconf 90' lang='lat' dir='ltr'><strong>secundum</strong></span> <span class='ocrx_word' id='word_1_571' title='bbox 2244 3275 2489 3325; x_wconf 87' lang='lat' dir='ltr'><strong>carnem,</strong></span> <span class='ocrx_word' id='word_1_572' title='bbox 2518 3257 2836 3313; x_wconf 87' lang='lat' dir='ltr'><strong>hominibus</strong></span> <span class='ocrx_word' id='word_1_573' title='bbox 2888 3255 3119 3311; x_wconf 88' lang='lat' dir='ltr'><strong>similem</strong></span> <span class='ocrx_word' id='word_1_574' title='bbox 3154 3253 3375 3315; x_wconf 85' lang='lat' dir='ltr'><strong>factum,</strong></span> <span class='ocrx_word' id='word_1_575' title='bbox 3401 3267 3469 3307; x_wconf 86' lang='lat' dir='ltr'><strong>ac</strong></span> 
     </span>
    </p>
   </div>
   <div class='ocr_carea' id='block_1_79' title="bbox 1890 3345 3467 3429">
    <p class='ocr_par' dir='ltr' id='par_1_79' title="bbox 1890 3345 3467 3429">
     <span class='ocr_line' id='line_1_79' title="bbox 1890 3345 3467 3429; baseline -0.01 -16"><span class='ocrx_word' id='word_1_576' title='bbox 1890 3374 1990 3429; x_wconf 88' lang='lat' dir='ltr'><strong>pro</strong></span> <span class='ocrx_word' id='word_1_577' title='bbox 2019 3356 2336 3412; x_wconf 88' lang='lat' dir='ltr'><strong>hominibus</strong></span> <span class='ocrx_word' id='word_1_578' title='bbox 2368 3351 2691 3408; x_wconf 83' lang='lat' dir='ltr'><strong>cruciﬁxum</strong></span> <span class='ocrx_word' id='word_1_579' title='bbox 2733 3350 2836 3405; x_wconf 88' lang='lat' dir='ltr'><strong>sub</strong></span> <span class='ocrx_word' id='word_1_580' title='bbox 2862 3346 3060 3402; x_wconf 86' lang='lat' dir='ltr'><strong>Pontio</strong></span> <span class='ocrx_word' id='word_1_581' title='bbox 3091 3345 3286 3412; x_wconf 81' lang='lat' dir='ltr'><strong>Pilato,</strong></span> <span class='ocrx_word' id='word_1_582' title='bbox 3310 3359 3467 3399; x_wconf 87' lang='lat' dir='ltr'><strong>eum-</strong></span> 
     </span>
    </p>
   </div>
   <div class='ocr_carea' id='block_1_80' title="bbox 1890 3426 3470 3507">
    <p class='ocr_par' dir='ltr' id='par_1_80' title="bbox 1890 3426 3470 3507">
     <span class='ocr_line' id='line_1_80' title="bbox 1890 3426 3470 3507; baseline -0.01 -4"><span class='ocrx_word' id='word_1_583' title='bbox 1890 3426 2014 3503; x_wconf 81' lang='lat' dir='ltr'><strong>dem</strong></span> <span class='ocrx_word' id='word_1_584' title='bbox 2060 3447 2248 3502; x_wconf 81' lang='lat' dir='ltr'><strong>dixere</strong></span> <span class='ocrx_word' id='word_1_585' title='bbox 2271 3444 2462 3507; x_wconf 91' lang='lat' dir='ltr'><strong>Deum,</strong></span> <span class='ocrx_word' id='word_1_586' title='bbox 2499 3450 2553 3496; x_wconf 91' lang='lat' dir='ltr'><strong>et</strong></span> <span class='ocrx_word' id='word_1_587' title='bbox 2589 3441 2895 3506; x_wconf 84' lang='lat' dir='ltr'><strong>hominem;</strong></span> <span class='ocrx_word' id='word_1_588' title='bbox 2942 3437 3140 3492; x_wconf 88' lang='lat' dir='ltr'><strong>Filium</strong></span> <span class='ocrx_word' id='word_1_589' title='bbox 3174 3426 3264 3491; x_wconf 84' lang='lat' dir='ltr'><strong>Dei</strong></span> <span class='ocrx_word' id='word_1_590' title='bbox 3300 3443 3353 3490; x_wconf 93' lang='lat' dir='ltr'><strong>et</strong></span> <span class='ocrx_word' id='word_1_591' title='bbox 3383 3432 3470 3488; x_wconf 74' lang='lat' dir='ltr'><strong>Fi-</strong></span> 
     </span>
    </p>
   </div>
   <div class='ocr_carea' id='block_1_81' title="bbox 1890 3528 3469 3604">
    <p class='ocr_par' dir='ltr' id='par_1_81' title="bbox 1890 3528 3469 3604">
     <span class='ocr_line' id='line_1_81' title="bbox 1890 3528 3469 3604; baseline -0.008 -10"><span class='ocrx_word' id='word_1_592' title='bbox 1890 3540 2024 3594; x_wconf 89' lang='lat' dir='ltr'><strong>lium</strong></span> <span class='ocrx_word' id='word_1_593' title='bbox 2060 3537 2334 3604; x_wconf 90' lang='lat' dir='ltr'><strong>hominis;</strong></span> <span class='ocrx_word' id='word_1_594' title='bbox 2368 3551 2435 3591; x_wconf 81' lang='lat' dir='ltr'>ex</span> <span class='ocrx_word' id='word_1_595' title='bbox 2461 3534 2622 3596; x_wconf 70' lang='lat' dir='ltr'><strong>c0310,</strong></span> <span class='ocrx_word' id='word_1_596' title='bbox 2647 3541 2702 3587; x_wconf 87' lang='lat' dir='ltr'><strong>et</strong></span> <span class='ocrx_word' id='word_1_597' title='bbox 2744 3547 2810 3586; x_wconf 77' lang='lat' dir='ltr'><strong>ex</strong></span> <span class='ocrx_word' id='word_1_598' title='bbox 2862 3541 3036 3598; x_wconf 89' lang='lat' dir='ltr'><strong>terra;</strong></span> <span class='ocrx_word' id='word_1_599' title='bbox 3078 3528 3469 3599; x_wconf 79' lang='lat' dir='ltr'><strong>impassibilem</strong></span> 
     </span>
    </p>
   </div>
   <div class='ocr_carea' id='block_1_82' title="bbox 1891 3619 3471 3702">
    <p class='ocr_par' dir='ltr' id='par_1_82' title="bbox 1891 3619 3471 3702">
     <span class='ocr_line' id='line_1_82' title="bbox 1891 3619 3471 3702; baseline -0.009 -14"><span class='ocrx_word' id='word_1_600' title='bbox 1891 3639 1946 3688; x_wconf 90' lang='lat' dir='ltr'><strong>et</strong></span> <span class='ocrx_word' id='word_1_601' title='bbox 1975 3630 2326 3702; x_wconf 86' lang='lat' dir='ltr'><strong>passibilem;</strong></span> <span class='ocrx_word' id='word_1_602' title='bbox 2359 3642 2469 3681; x_wconf 91' lang='lat' dir='ltr'><strong>non</strong></span> <span class='ocrx_word' id='word_1_603' title='bbox 2513 3625 2703 3690; x_wconf 89' lang='lat' dir='ltr'><strong>alium,</strong></span> <span class='ocrx_word' id='word_1_604' title='bbox 2732 3637 2841 3676; x_wconf 89' lang='lat' dir='ltr'><strong>non</strong></span> <span class='ocrx_word' id='word_1_605' title='bbox 2876 3637 3140 3692; x_wconf 83' lang='lat' dir='ltr'><strong>personas</strong></span> <span class='ocrx_word' id='word_1_606' title='bbox 3178 3619 3336 3685; x_wconf 79' lang='lat' dir='ltr'><strong>duas,</strong></span> <span class='ocrx_word' id='word_1_607' title='bbox 3366 3632 3471 3673; x_wconf 90' lang='lat' dir='ltr'><strong>nec</strong></span> 
     </span>
    </p>
   </div>
   <div class='ocr_carea' id='block_1_83' title="bbox 1892 3707 3470 3791">
    <p class='ocr_par' dir='ltr' id='par_1_83' title="bbox 1892 3707 3470 3791">
     <span class='ocr_line' id='line_1_83' title="bbox 1892 3707 3470 3791; baseline -0.011 -15"><span class='ocrx_word' id='word_1_608' title='bbox 1892 3721 2029 3776; x_wconf 82' lang='lat' dir='ltr'><strong>duas</strong></span> <span class='ocrx_word' id='word_1_609' title='bbox 2077 3720 2415 3791; x_wconf 88' lang='lat' dir='ltr'><strong>hypostases,</strong></span> <span class='ocrx_word' id='word_1_610' title='bbox 2461 3730 2561 3770; x_wconf 88' lang='lat' dir='ltr'><strong>nec</strong></span> <span class='ocrx_word' id='word_1_611' title='bbox 2597 3714 2735 3769; x_wconf 88' lang='lat' dir='ltr'><strong>duas</strong></span> <span class='ocrx_word' id='word_1_612' title='bbox 2784 3711 3149 3766; x_wconf 88' lang='lat' dir='ltr'><strong>adorationes.</strong></span> <span class='ocrx_word' id='word_1_613' title='bbox 3195 3707 3470 3775; x_wconf 87' lang='lat' dir='ltr'><strong>Quorsum</strong></span> 
     </span>
    </p>
   </div>
   <div class='ocr_carea' id='block_1_84' title="bbox 1893 3802 3472 3882">
    <p class='ocr_par' dir='ltr' id='par_1_84' title="bbox 1893 3802 3472 3882">
     <span class='ocr_line' id='line_1_84' title="bbox 1893 3802 3472 3882; baseline -0.011 -12"><span class='ocrx_word' id='word_1_614' title='bbox 1893 3811 2318 3882; x_wconf 87' lang='lat' dir='ltr'><strong>disceptationes</strong></span> <span class='ocrx_word' id='word_1_615' title='bbox 2345 3817 2400 3863; x_wconf 86' lang='lat' dir='ltr'><strong>et</strong></span> <span class='ocrx_word' id='word_1_616' title='bbox 2422 3807 2710 3863; x_wconf 88' lang='lat' dir='ltr'><strong>verborum</strong></span> <span class='ocrx_word' id='word_1_617' title='bbox 2740 3803 2970 3876; x_wconf 71' lang='lat' dir='ltr'><strong>pugnae?</strong></span> <span class='ocrx_word' id='word_1_618' title='bbox 2997 3802 3231 3858; x_wconf 84' lang='lat' dir='ltr'><strong>Credere</strong></span> <span class='ocrx_word' id='word_1_619' title='bbox 3276 3813 3472 3854; x_wconf 86' lang='lat' dir='ltr'><strong>conve-</strong></span> 
     </span>
    </p>
   </div>
   <div class='ocr_carea' id='block_1_85' title="bbox 1893 3891 3466 3970">
    <p class='ocr_par' dir='ltr' id='par_1_85' title="bbox 1893 3891 3466 3970">
     <span class='ocr_line' id='line_1_85' title="bbox 1893 3891 3466 3970; baseline -0.01 -10"><span class='ocrx_word' id='word_1_620' title='bbox 1893 3906 1997 3970; x_wconf 87' lang='lat' dir='ltr'><strong>nit,</strong></span> <span class='ocrx_word' id='word_1_621' title='bbox 2024 3912 2079 3960; x_wconf 91' lang='lat' dir='ltr'><strong>et</strong></span> <span class='ocrx_word' id='word_1_622' title='bbox 2128 3918 2237 3958; x_wconf 90' lang='lat' dir='ltr'><strong>una</strong></span> <span class='ocrx_word' id='word_1_623' title='bbox 2287 3902 2503 3963; x_wconf 86' lang='lat' dir='ltr'><strong>colere,</strong></span> <span class='ocrx_word' id='word_1_624' title='bbox 2553 3908 2719 3968; x_wconf 90' lang='lat' dir='ltr'><strong>atque</strong></span> <span class='ocrx_word' id='word_1_625' title='bbox 2770 3895 3000 3950; x_wconf 87' lang='lat' dir='ltr'><strong>adorare</strong></span> <span class='ocrx_word' id='word_1_626' title='bbox 3049 3909 3172 3949; x_wconf 91' lang='lat' dir='ltr'><strong>cum</strong></span> <span class='ocrx_word' id='word_1_627' title='bbox 3226 3891 3466 3947; x_wconf 87' lang='lat' dir='ltr'><strong>silentio.</strong></span> 
     </span>
    </p>
   </div>
   <div class='ocr_carea' id='block_1_86' title="bbox 1893 3983 3466 4070">
    <p class='ocr_par' dir='ltr' id='par_1_86' title="bbox 1893 3983 3466 4070">
     <span class='ocr_line' id='line_1_86' title="bbox 1893 3983 3466 4070; baseline -0.011 -17"><span class='ocrx_word' id='word_1_628' title='bbox 1893 3998 2144 4070; x_wconf 74' lang='lat' dir='ltr'><strong>Agnosco</strong></span> <span class='ocrx_word' id='word_1_629' title='bbox 2173 3995 2350 4065; x_wconf 90' lang='lat' dir='ltr'><strong>ipsum</strong></span> <span class='ocrx_word' id='word_1_630' title='bbox 2379 4005 2566 4047; x_wconf 85' lang='lat' dir='ltr'><strong>revera</strong></span> <span class='ocrx_word' id='word_1_631' title='bbox 2592 3989 2757 4044; x_wconf 88' lang='lat' dir='ltr'><strong>Deum</strong></span> <span class='ocrx_word' id='word_1_632' title='bbox 2780 4003 2845 4043; x_wconf 82' lang='lat' dir='ltr'><strong>ex</strong></span> <span class='ocrx_word' id='word_1_633' title='bbox 2870 3988 3011 4042; x_wconf 86' lang='lat' dir='ltr'><strong>coelo</strong></span> <span class='ocrx_word' id='word_1_634' title='bbox 3038 3983 3466 4055; x_wconf 86' lang='lat' dir='ltr'><strong>impassibilcm:</strong></span> 
     </span>
    </p>
   </div>
   <div class='ocr_carea' id='block_1_87' title="bbox 1896 4077 3465 4161">
    <p class='ocr_par' dir='ltr' id='par_1_87' title="bbox 1896 4077 3465 4161">
     <span class='ocr_line' id='line_1_87' title="bbox 1896 4077 3465 4161; baseline -0.014 -15"><span class='ocrx_word' id='word_1_635' title='bbox 1896 4103 2137 4161; x_wconf 79' lang='lat' dir='ltr'><strong>agnosco</strong></span> <span class='ocrx_word' id='word_1_636' title='bbox 2159 4088 2337 4157; x_wconf 91' lang='lat' dir='ltr'><strong>ipsum</strong></span> <span class='ocrx_word' id='word_1_637' title='bbox 2364 4099 2431 4138; x_wconf 78' lang='lat' dir='ltr'>ex</span> <span class='ocrx_word' id='word_1_638' title='bbox 2456 4081 2664 4137; x_wconf 90' lang='lat' dir='ltr'><strong>semine</strong></span> <span class='ocrx_word' id='word_1_639' title='bbox 2693 4079 2859 4135; x_wconf 87' lang='lat' dir='ltr'><strong>David</strong></span> <span class='ocrx_word' id='word_1_640' title='bbox 2889 4077 3188 4134; x_wconf 90' lang='lat' dir='ltr'><strong>secundum</strong></span> <span class='ocrx_word' id='word_1_641' title='bbox 3219 4086 3465 4136; x_wconf 89' lang='lat' dir='ltr'><strong>carnem,</strong></span> 
     </span>
    </p>
   </div>
   <div class='ocr_carea' id='block_1_88' title="bbox 1895 4160 3468 4243">
    <p class='ocr_par' dir='ltr' id='par_1_88' title="bbox 1895 4160 3468 4243">
     <span class='ocr_line' id='line_1_88' title="bbox 1895 4160 3468 4243; baseline -0.014 -6"><span class='ocrx_word' id='word_1_642' title='bbox 1895 4160 2172 4237; x_wconf 87' lang='lat' dir='ltr'><strong>hominem</strong></span> <span class='ocrx_word' id='word_1_643' title='bbox 2204 4176 2270 4232; x_wconf 91' lang='lat' dir='ltr'><strong>de</strong></span> <span class='ocrx_word' id='word_1_644' title='bbox 2299 4185 2447 4230; x_wconf 90' lang='lat' dir='ltr'><strong>terra</strong></span> <span class='ocrx_word' id='word_1_645' title='bbox 2476 4172 2812 4243; x_wconf 88' lang='lat' dir='ltr'><strong>passibilem.</strong></span> <span class='ocrx_word' id='word_1_646' title='bbox 2839 4168 2958 4223; x_wconf 91' lang='lat' dir='ltr'><strong>Non</strong></span> <span class='ocrx_word' id='word_1_647' title='bbox 2984 4181 3169 4238; x_wconf 72' lang='lat' dir='ltr'><strong>quaero</strong></span> <span class='ocrx_word' id='word_1_648' title='bbox 3191 4160 3468 4234; x_wconf 86' lang='lat' dir='ltr'><strong>quomodo</strong></span> 
     </span>
    </p>
   </div>
   <div class='ocr_carea' id='block_1_89' title="bbox 1898 4251 3468 4340">
    <p class='ocr_par' dir='ltr' id='par_1_89' title="bbox 1898 4251 3468 4340">
     <span class='ocr_line' id='line_1_89' title="bbox 1898 4251 3468 4340; baseline -0.013 -13"><span class='ocrx_word' id='word_1_649' title='bbox 1898 4271 2041 4327; x_wconf 88' lang='lat' dir='ltr'><strong>idem</strong></span> <span class='ocrx_word' id='word_1_650' title='bbox 2077 4266 2354 4340; x_wconf 89' lang='lat' dir='ltr'><strong>passibilis</strong></span> <span class='ocrx_word' id='word_1_651' title='bbox 2387 4272 2441 4319; x_wconf 93' lang='lat' dir='ltr'><strong>et</strong></span> <span class='ocrx_word' id='word_1_652' title='bbox 2466 4261 2819 4333; x_wconf 88' lang='lat' dir='ltr'><strong>impassibilis</strong></span> <span class='ocrx_word' id='word_1_653' title='bbox 2856 4261 2927 4316; x_wconf 89' lang='lat' dir='ltr'><strong>sit</strong></span> <span class='ocrx_word' id='word_1_654' title='bbox 2957 4277 2971 4314; x_wconf 88' lang='lat'><strong>:</strong></span> <span class='ocrx_word' id='word_1_655' title='bbox 3005 4255 3281 4328; x_wconf 91' lang='lat' dir='ltr'><strong>quomodo</strong></span> <span class='ocrx_word' id='word_1_656' title='bbox 3322 4251 3468 4307; x_wconf 89' lang='lat' dir='ltr'><strong>Deus</strong></span> 
     </span>
    </p>
   </div>
   <div class='ocr_carea' id='block_1_90' title="bbox 1897 4346 3469 4429">
    <p class='ocr_par' dir='ltr' id='par_1_90' title="bbox 1897 4346 3469 4429">
     <span class='ocr_line' id='line_1_90' title="bbox 1897 4346 3469 4429; baseline -0.015 -8"><span class='ocrx_word' id='word_1_657' title='bbox 1897 4373 1953 4421; x_wconf 89' lang='lat' dir='ltr'><strong>et</strong></span> <span class='ocrx_word' id='word_1_658' title='bbox 1980 4364 2178 4429; x_wconf 88' lang='lat' dir='ltr'><strong>homo;</strong></span> <span class='ocrx_word' id='word_1_659' title='bbox 2209 4374 2278 4414; x_wconf 91' lang='lat' dir='ltr'><strong>ne</strong></span> <span class='ocrx_word' id='word_1_660' title='bbox 2321 4357 2476 4420; x_wconf 89' lang='lat' dir='ltr'><strong>illud,</strong></span> <span class='ocrx_word' id='word_1_661' title='bbox 2501 4354 2794 4427; x_wconf 87' lang='lat' dir='ltr'><strong>quomodo,</strong></span> <span class='ocrx_word' id='word_1_662' title='bbox 2821 4350 3094 4407; x_wconf 84' lang='lat' dir='ltr'><strong>curiosius</strong></span> <span class='ocrx_word' id='word_1_663' title='bbox 3134 4346 3469 4416; x_wconf 79' lang='lat' dir='ltr'><strong>investigan-</strong></span> 
     </span>
    </p>
   </div>
   <div class='ocr_carea' id='block_1_91' title="bbox 210 4435 1792 4531">
    <p class='ocr_par' dir='ltr' id='par_1_91' title="bbox 210 4435 1792 4531">
     <span class='ocr_line' id='line_1_91' title="bbox 210 4435 1792 4531; baseline -0.004 -18"><span class='ocrx_word' id='word_1_664' title='bbox 210 4460 433 4531; x_wconf 84' lang='grc' dir='ltr'>πρῶτον</span> <span class='ocrx_word' id='word_1_665' title='bbox 466 4460 594 4531; x_wconf 82' lang='grc' dir='ltr'>χρὴ,</span> <span class='ocrx_word' id='word_1_666' title='bbox 628 4435 723 4513; x_wconf 77' lang='grc' dir='ltr'>καὶ</span> <span class='ocrx_word' id='word_1_667' title='bbox 742 4435 1019 4522; x_wconf 67' lang='grc' dir='ltr'>δοξάζειν,</span> <span class='ocrx_word' id='word_1_668' title='bbox 1054 4457 1150 4510; x_wconf 71' lang='grc' dir='ltr'>καὶ</span> <span class='ocrx_word' id='word_1_669' title='bbox 1185 4455 1435 4527; x_wconf 84' lang='grc' dir='ltr'>δεύτερον</span> <span class='ocrx_word' id='word_1_670' title='bbox 1464 4453 1671 4509; x_wconf 83' lang='grc' dir='ltr'>ἄνωθεν</span> <span class='ocrx_word' id='word_1_671' title='bbox 1693 4454 1792 4525; x_wconf 84' lang='grc' dir='ltr'>τὴν</span> 
     </span>
    </p>
   </div>
   <div class='ocr_carea' id='block_1_92' title="bbox 1896 4435 3469 4531">
    <p class='ocr_par' dir='ltr' id='par_1_92' title="bbox 1896 4437 3469 4521">
     <span class='ocr_line' id='line_1_92' title="bbox 1896 4437 3469 4521; baseline -0.013 -11"><span class='ocrx_word' id='word_1_672' title='bbox 1896 4457 1986 4521; x_wconf 86' lang='lat' dir='ltr'><strong>do,</strong></span> <span class='ocrx_word' id='word_1_673' title='bbox 2014 4454 2391 4521; x_wconf 87' lang='lat' dir='ltr'><strong>rationemque</strong></span> <span class='ocrx_word' id='word_1_674' title='bbox 2437 4446 2824 4521; x_wconf 89' lang='lat' dir='ltr'><strong>perquirendo,</strong></span> <span class='ocrx_word' id='word_1_675' title='bbox 2854 4444 2981 4499; x_wconf 84' lang='lat' dir='ltr'><strong>boni</strong></span> <span class='ocrx_word' id='word_1_676' title='bbox 3010 4441 3169 4497; x_wconf 86' lang='lat' dir='ltr'><strong>nobis</strong></span> <span class='ocrx_word' id='word_1_677' title='bbox 3201 4437 3469 4510; x_wconf 87' lang='lat' dir='ltr'><strong>propositi</strong></span> 
     </span>
    </p>
   </div>
   <div class='ocr_carea' id='block_1_93' title="bbox 213 4545 1794 4619">
    <p class='ocr_par' dir='ltr' id='par_1_93' title="bbox 213 4545 1794 4619">
     <span class='ocr_line' id='line_1_93' title="bbox 213 4545 1794 4619; baseline -0.005 -13"><span class='ocrx_word' id='word_1_678' title='bbox 213 4552 477 4607; x_wconf 84' lang='grc' dir='ltr'>σύστασιν</span> <span class='ocrx_word' id='word_1_679' title='bbox 506 4553 709 4607; x_wconf 79' lang='grc' dir='ltr'>τούτων</span> <span class='ocrx_word' id='word_1_680' title='bbox 762 4550 1049 4615; x_wconf 88' lang='grc' dir='ltr'>αἰτεῖσθαι,</span> <span class='ocrx_word' id='word_1_681' title='bbox 1084 4549 1178 4603; x_wconf 74' lang='grc' dir='ltr'>καὶ</span> <span class='ocrx_word' id='word_1_682' title='bbox 1210 4547 1284 4619; x_wconf 83' lang='grc' dir='ltr'>μὴ</span> <span class='ocrx_word' id='word_1_683' title='bbox 1312 4547 1555 4602; x_wconf 87' lang='grc' dir='ltr'>κάτωθεν</span> <span class='ocrx_word' id='word_1_684' title='bbox 1588 4545 1794 4617; x_wconf 85' lang='grc' dir='ltr'>ταύτην</span> 
     </span>
    </p>
   </div>
   <div class='ocr_carea' id='block_1_94' title="bbox 212 4638 1797 4716">
    <p class='ocr_par' dir='ltr' id='par_1_94' title="bbox 212 4638 1797 4716">
     <span class='ocr_line' id='line_1_94' title="bbox 212 4638 1797 4716; baseline -0.005 -18"><span class='ocrx_word' id='word_1_685' title='bbox 212 4643 538 4716; x_wconf 77' lang='grc' dir='ltr'>πορίζεσθαι</span> <span class='ocrx_word' id='word_1_686' title='bbox 587 4643 648 4709; x_wconf 78' lang='grc' dir='ltr'>ἐξ</span> <span class='ocrx_word' id='word_1_687' title='bbox 688 4643 918 4714; x_wconf 76' lang='grc' dir='ltr'>αἵματος</span> <span class='ocrx_word' id='word_1_688' title='bbox 960 4641 1053 4695; x_wconf 74' lang='grc' dir='ltr'><strong>καὶ</strong></span> <span class='ocrx_word' id='word_1_689' title='bbox 1086 4639 1308 4711; x_wconf 87' lang='grc' dir='ltr'>σαρκὸς,</span> <span class='ocrx_word' id='word_1_690' title='bbox 1347 4638 1458 4692; x_wconf 84' lang='grc' dir='ltr'>ἀλλ’</span> <span class='ocrx_word' id='word_1_691' title='bbox 1486 4638 1544 4706; x_wconf 73' lang='grc' dir='ltr'><strong>ἐξ</strong></span> <span class='ocrx_word' id='word_1_692' title='bbox 1588 4639 1797 4692; x_wconf 86' lang='grc' dir='ltr'>ἀποκα-</span> 
     </span>
    </p>
   </div>
   <div class='ocr_carea' id='block_1_95' title="bbox 210 4724 1795 4803">
    <p class='ocr_par' dir='ltr' id='par_1_95' title="bbox 210 4724 1795 4803">
     <span class='ocr_line' id='line_1_95' title="bbox 210 4724 1795 4803; baseline -0.004 -17"><span class='ocrx_word' id='word_1_693' title='bbox 210 4732 430 4803; x_wconf 66' lang='grc' dir='ltr'>λύψεως</span> <span class='ocrx_word' id='word_1_694' title='bbox 481 4732 629 4796; x_wconf 87' lang='grc' dir='ltr'>θείας</span> <span class='ocrx_word' id='word_1_695' title='bbox 661 4733 756 4786; x_wconf 72' lang='grc' dir='ltr'>καὶ</span> <span class='ocrx_word' id='word_1_696' title='bbox 786 4732 1053 4803; x_wconf 86' lang='grc' dir='ltr'>οὐρανίου.</span> <span class='ocrx_word' id='word_1_697' title='bbox 1090 4749 1110 4782; x_wconf 74' lang='grc' dir='ltr'><strong>ι</strong></span> <span class='ocrx_word' id='word_1_698' title='bbox 1151 4732 1439 4803; x_wconf 84' lang='grc' dir='ltr'>Μακάριος</span> <span class='ocrx_word' id='word_1_699' title='bbox 1473 4748 1492 4782; x_wconf 72' lang='grc' dir='ltr'><strong>ι</strong></span> <span class='ocrx_word' id='word_1_700' title='bbox 1531 4727 1640 4800; x_wconf 84' lang='grc' dir='ltr'><strong>γὰρ</strong></span> <span class='ocrx_word' id='word_1_701' title='bbox 1666 4746 1684 4779; x_wconf 76' lang='grc' dir='ltr'><strong>ι</strong></span> <span class='ocrx_word' id='word_1_702' title='bbox 1724 4724 1795 4793; x_wconf 77' lang='grc' dir='ltr'>εἴ,</span> 
     </span>
    </p>
   </div>
   <div class='ocr_carea' id='block_1_96' title="bbox 212 4815 1790 4895">
    <p class='ocr_par' dir='ltr' id='par_1_96' title="bbox 212 4815 1790 4895">
     <span class='ocr_line' id='line_1_96' title="bbox 212 4815 1790 4895; baseline -0.005 -18"><span class='ocrx_word' id='word_1_703' title='bbox 212 4824 402 4895; x_wconf 84' lang='grc' dir='ltr'>Σίμων</span> <span class='ocrx_word' id='word_1_704' title='bbox 428 4821 546 4893; x_wconf 85' lang='grc' dir='ltr'><strong>Βάρ</strong></span> <span class='ocrx_word' id='word_1_705' title='bbox 588 4822 741 4875; x_wconf 85' lang='grc' dir='ltr'>Ἰωνᾶ</span> <span class='ocrx_word' id='word_1_706' title='bbox 760 4820 890 4893; x_wconf 71' lang='grc'>(74),</span> <span class='ocrx_word' id='word_1_707' title='bbox 925 4821 1007 4875; x_wconf 83' lang='grc' dir='ltr'>ὅτι</span> <span class='ocrx_word' id='word_1_708' title='bbox 1031 4820 1165 4894; x_wconf 77' lang='grc' dir='ltr'>σὰρξ</span> <span class='ocrx_word' id='word_1_709' title='bbox 1198 4820 1291 4875; x_wconf 72' lang='grc' dir='ltr'>καὶ</span> <span class='ocrx_word' id='word_1_710' title='bbox 1323 4815 1465 4890; x_wconf 76' lang='grc' dir='ltr'>αἷμα</span> <span class='ocrx_word' id='word_1_711' title='bbox 1493 4818 1594 4873; x_wconf 87' lang='grc' dir='ltr'><strong>οὑκ</strong></span> <span class='ocrx_word' id='word_1_712' title='bbox 1647 4819 1790 4871; x_wconf 77' lang='grc' dir='ltr'>ἀπε-</span> 
     </span>
    </p>
   </div>
   <div class='ocr_carea' id='block_1_97' title="bbox 213 4911 1789 4984">
    <p class='ocr_par' dir='ltr' id='par_1_97' title="bbox 213 4911 1789 4984">
     <span class='ocr_line' id='line_1_97' title="bbox 213 4911 1789 4984; baseline -0.004 -15"><span class='ocrx_word' id='word_1_713' title='bbox 213 4912 428 4984; x_wconf 75' lang='grc' dir='ltr'>κάλυψέ</span> <span class='ocrx_word' id='word_1_714' title='bbox 487 4930 591 4978; x_wconf 90' lang='grc' dir='ltr'>σοι,</span> <span class='ocrx_word' id='word_1_715' title='bbox 620 4913 734 4966; x_wconf 84' lang='grc' dir='ltr'>ἀλλ’</span> <span class='ocrx_word' id='word_1_716' title='bbox 766 4915 797 4966; x_wconf 91' lang='lat'><strong>6</strong></span> <span class='ocrx_word' id='word_1_717' title='bbox 833 4912 1021 4984; x_wconf 81' lang='grc' dir='ltr'>Πατήρ</span> <span class='ocrx_word' id='word_1_718' title='bbox 1042 4930 1142 4984; x_wconf 87' lang='grc' dir='ltr'><strong>μου</strong></span> <span class='ocrx_word' id='word_1_719' title='bbox 1172 4915 1200 4967; x_wconf 93' lang='lat'><strong>6</strong></span> <span class='ocrx_word' id='word_1_720' title='bbox 1232 4915 1288 4966; x_wconf 84' lang='grc' dir='ltr'>ὲν</span> <span class='ocrx_word' id='word_1_721' title='bbox 1321 4914 1435 4975; x_wconf 86' lang='grc' dir='ltr'>τοῖς</span> <span class='ocrx_word' id='word_1_722' title='bbox 1462 4911 1728 4982; x_wconf 74' lang='grc' dir='ltr'>οὐρανοῖς·</span> <span class='ocrx_word' id='word_1_723' title='bbox 1769 4929 1789 4962; x_wconf 73' lang='grc' dir='ltr'><strong>ι</strong></span> 
     </span>
    </p>
   </div>
   <div class='ocr_carea' id='block_1_98' title="bbox 212 5000 1797 5077">
    <p class='ocr_par' dir='ltr' id='par_1_98' title="bbox 212 5000 1797 5077">
     <span class='ocr_line' id='line_1_98' title="bbox 212 5000 1797 5077; baseline -0.002 -17"><span class='ocrx_word' id='word_1_724' title='bbox 212 5005 332 5070; x_wconf 78' lang='grc' dir='ltr'>καὶ,</span> <span class='ocrx_word' id='word_1_725' title='bbox 372 5023 394 5057; x_wconf 75' lang='grc' dir='ltr'><strong>ι</strong></span> <span class='ocrx_word' id='word_1_726' title='bbox 432 5003 505 5056; x_wconf 78' lang='grc' dir='ltr'><strong>Σὺ</strong></span> <span class='ocrx_word' id='word_1_727' title='bbox 539 5000 588 5058; x_wconf 85' lang='grc' dir='ltr'>εἷ</span> <span class='ocrx_word' id='word_1_728' title='bbox 631 5003 859 5076; x_wconf 87' lang='grc' dir='ltr'>Πέτρος,</span> <span class='ocrx_word' id='word_1_729' title='bbox 889 5004 983 5056; x_wconf 62' lang='grc' dir='ltr'><strong>κα)⁵</strong></span> <span class='ocrx_word' id='word_1_730' title='bbox 1028 5004 1122 5057; x_wconf 71' lang='grc' dir='ltr'><strong>ἐπὶ</strong></span> <span class='ocrx_word' id='word_1_731' title='bbox 1152 5004 1324 5076; x_wconf 81' lang='grc' dir='ltr'>ταύτῃ</span> <span class='ocrx_word' id='word_1_732' title='bbox 1340 5006 1406 5077; x_wconf 79' lang='grc' dir='ltr'>τῇ</span> <span class='ocrx_word' id='word_1_733' title='bbox 1452 5003 1628 5075; x_wconf 79' lang='grc' dir='ltr'>πέτρᾳ</span> <span class='ocrx_word' id='word_1_734' title='bbox 1659 5005 1797 5057; x_wconf 85' lang='grc' dir='ltr'>οἱκο-</span> 
     </span>
    </p>
   </div>
   <div class='ocr_carea' id='block_1_99' title="bbox 210 5093 1793 5167">
    <p class='ocr_par' dir='ltr' id='par_1_99' title="bbox 210 5093 1793 5167">
     <span class='ocr_line' id='line_1_99' title="bbox 210 5093 1793 5167; baseline -0.001 -18"><span class='ocrx_word' id='word_1_735' title='bbox 210 5093 442 5166; x_wconf 68' lang='grc' dir='ltr'>δομήσω</span> <span class='ocrx_word' id='word_1_736' title='bbox 467 5112 566 5167; x_wconf 83' lang='grc' dir='ltr'><strong>μου</strong></span> <span class='ocrx_word' id='word_1_737' title='bbox 587 5096 686 5167; x_wconf 83' lang='grc' dir='ltr'>τὴν</span> <span class='ocrx_word' id='word_1_738' title='bbox 721 5093 1065 5166; x_wconf 86' lang='grc' dir='ltr'>Ἐκκλησίαν,</span> <span class='ocrx_word' id='word_1_739' title='bbox 1088 5096 1184 5150; x_wconf 75' lang='grc' dir='ltr'>καὶ</span> <span class='ocrx_word' id='word_1_740' title='bbox 1217 5095 1381 5148; x_wconf 86' lang='grc' dir='ltr'>πύλαι</span> <span class='ocrx_word' id='word_1_741' title='bbox 1407 5094 1532 5167; x_wconf 69' lang='grc' dir='ltr'>ᾅδου</span> <span class='ocrx_word' id='word_1_742' title='bbox 1549 5095 1610 5148; x_wconf 86' lang='grc' dir='ltr'><strong>ού</strong></span> <span class='ocrx_word' id='word_1_743' title='bbox 1640 5110 1793 5147; x_wconf 90' lang='grc' dir='ltr'>κατι-</span> 
     </span>
    </p>
   </div>
   <div class='ocr_carea' id='block_1_100' title="bbox 213 5175 1792 5260">
    <p class='ocr_par' dir='ltr' id='par_1_100' title="bbox 213 5175 1792 5260">
     <span class='ocr_line' id='line_1_100' title="bbox 213 5175 1792 5260; baseline -0.001 -20"><span class='ocrx_word' id='word_1_744' title='bbox 213 5186 515 5257; x_wconf 84' lang='grc' dir='ltr'>σχύσουσιν</span> <span class='ocrx_word' id='word_1_745' title='bbox 554 5175 744 5260; x_wconf 69' lang='grc' dir='ltr'>αὐτῆς.</span> <span class='ocrx_word' id='word_1_746' title='bbox 788 5207 807 5241; x_wconf 77' lang='grc' dir='ltr'><strong>ι</strong></span> <span class='ocrx_word' id='word_1_747' title='bbox 857 5185 1056 5252; x_wconf 86' lang='grc' dir='ltr'>Πιστὸς</span> <span class='ocrx_word' id='word_1_748' title='bbox 1099 5189 1129 5242; x_wconf 90' lang='lat'><strong>6</strong></span> <span class='ocrx_word' id='word_1_749' title='bbox 1158 5187 1340 5257; x_wconf 88' lang='grc' dir='ltr'>λόγος,</span> <span class='ocrx_word' id='word_1_750' title='bbox 1371 5188 1468 5242; x_wconf 77' lang='grc' dir='ltr'>καὶ</span> <span class='ocrx_word' id='word_1_751' title='bbox 1495 5186 1792 5251; x_wconf 83' lang='grc' dir='ltr'>ἀσάλευτος</span> 
     </span>
    </p>
   </div>
   <div class='ocr_carea' id='block_1_101' title="bbox 287 5363 1438 5434">
    <p class='ocr_par' dir='ltr' id='par_1_101' title="bbox 287 5363 1438 5434">
     <span class='ocr_line' id='line_1_101' title="bbox 287 5363 1438 5434; baseline -0.003 -12"><span class='ocrx_word' id='word_1_752' title='bbox 287 5370 334 5404; x_wconf 75' lang='grc'><strong>⁸³</strong></span> <span class='ocrx_word' id='word_1_753' title='bbox 373 5365 398 5422; x_wconf 88' lang='grc' dir='ltr'>Ι</span> <span class='ocrx_word' id='word_1_754' title='bbox 430 5366 559 5425; x_wconf 88' lang='lat' dir='ltr'><strong>Cor.</strong></span> <span class='ocrx_word' id='word_1_755' title='bbox 594 5381 688 5434; x_wconf 75' lang='lat' dir='ltr'><strong>xv,</strong></span> <span class='ocrx_word' id='word_1_756' title='bbox 718 5365 815 5423; x_wconf 75' lang='lat'><strong>28.</strong></span> <span class='ocrx_word' id='word_1_757' title='bbox 885 5364 934 5398; x_wconf 77' lang='grc'><strong>⁸⁸</strong></span> <span class='ocrx_word' id='word_1_758' title='bbox 972 5363 1163 5421; x_wconf 80' lang='lat' dir='ltr'><strong>Matth.</strong></span> <span class='ocrx_word' id='word_1_759' title='bbox 1199 5380 1321 5431; x_wconf 75' lang='grc' dir='ltr'>ινι,</span> <span class='ocrx_word' id='word_1_760' title='bbox 1350 5364 1438 5419; x_wconf 76' lang='grc'>17.</span> 
     </span>
    </p>
   </div>
   <div class='ocr_carea' id='block_1_102' title="bbox 346 5518 1545 5594">
    <p class='ocr_par' dir='ltr' id='par_1_102' title="bbox 346 5518 1545 5594">
     <span class='ocr_line' id='line_1_102' title="bbox 346 5518 1545 5594; baseline -0.006 -14"><span class='ocrx_word' id='word_1_761' title='bbox 346 5522 407 5589; x_wconf 83' lang='lat'><strong>0)</strong></span> <span class='ocrx_word' id='word_1_762' title='bbox 434 5521 738 5594; x_wconf 62' lang='grc' dir='ltr'>βάλλοντας</span> <span class='ocrx_word' id='word_1_763' title='bbox 767 5519 1140 5594; x_wconf 23' lang='grc' dir='ltr'>τὸνΑΧριστόν,</span> <span class='ocrx_word' id='word_1_764' title='bbox 1161 5518 1393 5594; x_wconf 77' lang='lat' dir='ltr'><strong>_Cate_na.</strong></span> <span class='ocrx_word' id='word_1_765' title='bbox 1535 5554 1545 5567; x_wconf 75' lang='grc' dir='ltr'><strong>ο</strong></span> 
     </span>
    </p>
   </div>
   <div class='ocr_carea' id='block_1_103' title="bbox 312 5589 1789 5667">
    <p class='ocr_par' dir='ltr' id='par_1_103' title="bbox 312 5589 1789 5667">
     <span class='ocr_line' id='line_1_103' title="bbox 312 5589 1789 5667; baseline -0.005 -18"><span class='ocrx_word' id='word_1_766' title='bbox 312 5593 403 5667; x_wconf 72' lang='grc'><strong>71)</strong></span> <span class='ocrx_word' id='word_1_767' title='bbox 432 5592 673 5667; x_wconf 64' lang='lat' dir='ltr'><strong>Catena,</strong></span> <span class='ocrx_word' id='word_1_768' title='bbox 698 5606 821 5667; x_wconf 68' lang='lat' dir='ltr'><strong>qua:</strong></span> <span class='ocrx_word' id='word_1_769' title='bbox 866 5589 959 5667; x_wconf 72' lang='lat' dir='ltr'><strong>hic</strong></span> <span class='ocrx_word' id='word_1_770' title='bbox 1000 5590 1513 5667; x_wconf 57' lang='lat' dir='ltr'><strong>desinit,_ﬁlxoyzec</strong></span> <span class='ocrx_word' id='word_1_771' title='bbox 1551 5589 1755 5646; x_wconf 73' lang='grc' dir='ltr'>ἔννοιαν</span> <span class='ocrx_word' id='word_1_772' title='bbox 1776 5606 1789 5619; x_wconf 63' lang='grc' dir='ltr'>θ</span> 
     </span>
    </p>
   </div>
   <div class='ocr_carea' id='block_1_104' title="bbox 217 5660 1427 5733">
    <p class='ocr_par' dir='ltr' id='par_1_104' title="bbox 217 5660 1427 5733">
     <span class='ocr_line' id='line_1_104' title="bbox 217 5660 1427 5733; baseline -0.006 -13"><span class='ocrx_word' id='word_1_773' title='bbox 217 5660 337 5720; x_wconf 75' lang='grc' dir='ltr'>τότε</span> <span class='ocrx_word' id='word_1_774' title='bbox 360 5660 465 5733; x_wconf 10' lang='grc' dir='ltr'>,καὶ</span> <span class='ocrx_word' id='word_1_775' title='bbox 495 5665 526 5717; x_wconf 92' lang='lat'><strong>6</strong></span> <span class='ocrx_word' id='word_1_776' title='bbox 547 5660 1109 5733; x_wconf 53' lang='lat' dir='ltr'><strong>Tibc&#39;ﬁmaﬁgetat</strong></span> <span class='ocrx_word' id='word_1_777' title='bbox 1128 5661 1206 5733; x_wconf 83' lang='grc' dir='ltr'>τῷ</span> <span class='ocrx_word' id='word_1_778' title='bbox 1234 5660 1427 5733; x_wconf 85' lang='grc' dir='ltr'>Πατρί.</span> 
     </span>
    </p>
   </div>
   <div class='ocr_carea' id='block_1_105' title="bbox 288 5727 1792 5808">
    <p class='ocr_par' dir='ltr' id='par_1_105' title="bbox 288 5727 1792 5808">
     <span class='ocr_line' id='line_1_105' title="bbox 288 5727 1792 5808; baseline -0.003 -19"><span class='ocrx_word' id='word_1_779' title='bbox 288 5732 407 5808; x_wconf 76' lang='lat'><strong>(72)</strong></span> <span class='ocrx_word' id='word_1_780' title='bbox 436 5732 632 5804; x_wconf 84' lang='lat' dir='ltr'><strong>Basil.,</strong></span> <span class='ocrx_word' id='word_1_781' title='bbox 667 5729 831 5792; x_wconf 84' lang='lat' dir='ltr'><strong>Gobl.</strong></span> <span class='ocrx_word' id='word_1_782' title='bbox 875 5727 1151 5805; x_wconf 42' lang='lat' dir='ltr'><strong>tit-383m,</strong></span> <span class='ocrx_word' id='word_1_783' title='bbox 1177 5727 1590 5803; x_wconf 63' lang='grc' dir='ltr'>σκοπήσαντας.</span> <span class='ocrx_word' id='word_1_784' title='bbox 1626 5727 1792 5797; x_wconf 85' lang='lat' dir='ltr'><strong>Editi,</strong></span> 
     </span>
    </p>
   </div>
   <div class='ocr_carea' id='block_1_106' title="bbox 1892 4534 3470 4615">
    <p class='ocr_par' dir='ltr' id='par_1_106' title="bbox 1892 4534 3470 4615">
     <span class='ocr_line' id='line_1_106' title="bbox 1892 4534 3470 4615; baseline -0.01 -17"><span class='ocrx_word' id='word_1_785' title='bbox 1892 4543 2162 4615; x_wconf 88' lang='lat' dir='ltr'><strong>jacturam</strong></span> <span class='ocrx_word' id='word_1_786' title='bbox 2212 4540 2429 4595; x_wconf 81' lang='lat' dir='ltr'><strong>faciam.</strong></span> <span class='ocrx_word' id='word_1_787' title='bbox 2458 4538 2700 4593; x_wconf 89' lang='lat' dir='ltr'><strong>Primum</strong></span> <span class='ocrx_word' id='word_1_788' title='bbox 2730 4538 2873 4591; x_wconf 88' lang='lat' dir='ltr'><strong>enim</strong></span> <span class='ocrx_word' id='word_1_789' title='bbox 2909 4534 3134 4590; x_wconf 86' lang='lat' dir='ltr'><strong>credere</strong></span> <span class='ocrx_word' id='word_1_790' title='bbox 3163 4538 3375 4603; x_wconf 88' lang='lat' dir='ltr'><strong>oportet</strong></span> <span class='ocrx_word' id='word_1_791' title='bbox 3403 4543 3470 4583; x_wconf 91' lang='lat' dir='ltr'><strong>ac</strong></span> 
     </span>
    </p>
   </div>
   <div class='ocr_carea' id='block_1_107' title="bbox 1894 4628 3470 4708">
    <p class='ocr_par' dir='ltr' id='par_1_107' title="bbox 1894 4628 3470 4708">
     <span class='ocr_line' id='line_1_107' title="bbox 1894 4628 3470 4708; baseline -0.008 -19"><span class='ocrx_word' id='word_1_792' title='bbox 1894 4636 2202 4708; x_wconf 83' lang='lat' dir='ltr'><strong>gloriﬁcare</strong></span> <span class='ocrx_word' id='word_1_793' title='bbox 2236 4632 2542 4697; x_wconf 89' lang='lat' dir='ltr'><strong>:secundo,</strong></span> <span class='ocrx_word' id='word_1_794' title='bbox 2583 4647 2651 4686; x_wconf 78' lang='lat' dir='ltr'><strong>ex</strong></span> <span class='ocrx_word' id='word_1_795' title='bbox 2703 4630 2844 4684; x_wconf 76' lang='lat' dir='ltr'><strong>ccelo</strong></span> <span class='ocrx_word' id='word_1_796' title='bbox 2888 4628 3083 4681; x_wconf 84' lang='lat' dir='ltr'><strong>harum</strong></span> <span class='ocrx_word' id='word_1_797' title='bbox 3127 4640 3310 4680; x_wconf 88' lang='lat' dir='ltr'><strong>rerum</strong></span> <span class='ocrx_word' id='word_1_798' title='bbox 3336 4638 3470 4677; x_wconf 85' lang='lat' dir='ltr'><strong>con-</strong></span> 
     </span>
    </p>
   </div>
   <div class='ocr_carea' id='block_1_108' title="bbox 1896 4719 3471 4795">
    <p class='ocr_par' dir='ltr' id='par_1_108' title="bbox 1896 4719 3471 4795">
     <span class='ocr_line' id='line_1_108' title="bbox 1896 4719 3471 4795; baseline -0.008 -13"><span class='ocrx_word' id='word_1_799' title='bbox 1896 4727 2234 4785; x_wconf 88' lang='lat' dir='ltr'><strong>stitutionem</strong></span> <span class='ocrx_word' id='word_1_800' title='bbox 2261 4733 2466 4795; x_wconf 81' lang='lat' dir='ltr'><strong>petere,</strong></span> <span class='ocrx_word' id='word_1_801' title='bbox 2487 4738 2597 4777; x_wconf 93' lang='lat' dir='ltr'><strong>non</strong></span> <span class='ocrx_word' id='word_1_802' title='bbox 2628 4733 2809 4777; x_wconf 88' lang='lat' dir='ltr'><strong>autem</strong></span> <span class='ocrx_word' id='word_1_803' title='bbox 2828 4721 2895 4775; x_wconf 90' lang='lat' dir='ltr'><strong>ab</strong></span> <span class='ocrx_word' id='word_1_804' title='bbox 2918 4722 3027 4774; x_wconf 89' lang='lat' dir='ltr'><strong>imo</strong></span> <span class='ocrx_word' id='word_1_805' title='bbox 3052 4719 3198 4772; x_wconf 89' lang='lat' dir='ltr'><strong>illam</strong></span> <span class='ocrx_word' id='word_1_806' title='bbox 3221 4733 3285 4772; x_wconf 82' lang='lat' dir='ltr'><strong>ex</strong></span> <span class='ocrx_word' id='word_1_807' title='bbox 3303 4730 3471 4770; x_wconf 87' lang='lat' dir='ltr'><strong>carne</strong></span> 
     </span>
    </p>
   </div>
   <div class='ocr_carea' id='block_1_109' title="bbox 1895 4805 3469 4887">
    <p class='ocr_par' dir='ltr' id='par_1_109' title="bbox 1895 4805 3469 4887">
     <span class='ocr_line' id='line_1_109' title="bbox 1895 4805 3469 4887; baseline -0.009 -14"><span class='ocrx_word' id='word_1_808' title='bbox 1895 4825 1949 4873; x_wconf 90' lang='lat' dir='ltr'><strong>et</strong></span> <span class='ocrx_word' id='word_1_809' title='bbox 1979 4815 2245 4887; x_wconf 80' lang='lat' dir='ltr'><strong>sanguine</strong></span> <span class='ocrx_word' id='word_1_810' title='bbox 2289 4815 2609 4879; x_wconf 88' lang='lat' dir='ltr'><strong>desumere;</strong></span> <span class='ocrx_word' id='word_1_811' title='bbox 2641 4812 2737 4867; x_wconf 84' lang='lat' dir='ltr'><strong>sed</strong></span> <span class='ocrx_word' id='word_1_812' title='bbox 2792 4827 2857 4867; x_wconf 84' lang='lat' dir='ltr'><strong>ex</strong></span> <span class='ocrx_word' id='word_1_813' title='bbox 2911 4810 3096 4865; x_wconf 86' lang='lat' dir='ltr'><strong>divina</strong></span> <span class='ocrx_word' id='word_1_814' title='bbox 3150 4815 3227 4871; x_wconf 82' lang='lat' dir='ltr'><strong>et.</strong></span> <span class='ocrx_word' id='word_1_815' title='bbox 3255 4805 3469 4861; x_wconf 71' lang='lat' dir='ltr'><strong>cwlesti</strong></span> 
     </span>
    </p>
   </div>
   <div class='ocr_carea' id='block_1_110' title="bbox 1898 4897 3467 4969">
    <p class='ocr_par' dir='ltr' id='par_1_110' title="bbox 1898 4897 3467 4969">
     <span class='ocr_line' id='line_1_110' title="bbox 1898 4897 3467 4969; baseline -0.009 -4"><span class='ocrx_word' id='word_1_816' title='bbox 1898 4908 2247 4965; x_wconf 86' lang='lat' dir='ltr'><strong>revelatione.</strong></span> <span class='ocrx_word' id='word_1_817' title='bbox 2273 4904 2407 4958; x_wconf 90' lang='lat' dir='ltr'><strong>Nam</strong></span> <span class='ocrx_word' id='word_1_818' title='bbox 2449 4923 2468 4957; x_wconf 75' lang='grc' dir='ltr'><strong>ι</strong></span> <span class='ocrx_word' id='word_1_819' title='bbox 2505 4903 2705 4959; x_wconf 85' lang='lat' dir='ltr'><strong>Beatus</strong></span> <span class='ocrx_word' id='word_1_820' title='bbox 2730 4919 2811 4967; x_wconf 92' lang='lat' dir='ltr'><strong>es,</strong></span> <span class='ocrx_word' id='word_1_821' title='bbox 2840 4901 3030 4957; x_wconf 86' lang='lat' dir='ltr'><strong>Simon</strong></span> <span class='ocrx_word' id='word_1_822' title='bbox 3063 4899 3314 4969; x_wconf 88' lang='lat' dir='ltr'><strong>Barjona,</strong></span> <span class='ocrx_word' id='word_1_823' title='bbox 3339 4897 3467 4968; x_wconf 87' lang='lat' dir='ltr'><strong>quia</strong></span> 
     </span>
    </p>
   </div>
   <div class='ocr_carea' id='block_1_111' title="bbox 1899 4991 3470 5067">
    <p class='ocr_par' dir='ltr' id='par_1_111' title="bbox 1899 4991 3470 5067">
     <span class='ocr_line' id='line_1_111' title="bbox 1899 4991 3470 5067; baseline -0.008 -11"><span class='ocrx_word' id='word_1_824' title='bbox 1899 5015 2030 5057; x_wconf 89' lang='lat' dir='ltr'><strong>caro</strong></span> <span class='ocrx_word' id='word_1_825' title='bbox 2055 5006 2109 5054; x_wconf 90' lang='lat' dir='ltr'><strong>et</strong></span> <span class='ocrx_word' id='word_1_826' title='bbox 2137 4997 2362 5067; x_wconf 75' lang='lat' dir='ltr'><strong>sanguis</strong></span> <span class='ocrx_word' id='word_1_827' title='bbox 2388 5010 2498 5049; x_wconf 88' lang='lat' dir='ltr'><strong>non</strong></span> <span class='ocrx_word' id='word_1_828' title='bbox 2528 4995 2790 5050; x_wconf 84' lang='lat' dir='ltr'><strong>revelavit</strong></span> <span class='ocrx_word' id='word_1_829' title='bbox 2821 4994 2919 5048; x_wconf 89' lang='lat' dir='ltr'><strong>tibi</strong></span> <span class='ocrx_word' id='word_1_830' title='bbox 2948 5012 2962 5048; x_wconf 89' lang='lat'><strong>:</strong></span> <span class='ocrx_word' id='word_1_831' title='bbox 2996 4992 3092 5047; x_wconf 91' lang='lat' dir='ltr'><strong>sed</strong></span> <span class='ocrx_word' id='word_1_832' title='bbox 3122 4991 3282 5045; x_wconf 86' lang='lat' dir='ltr'><strong>Pater</strong></span> <span class='ocrx_word' id='word_1_833' title='bbox 3313 5004 3470 5044; x_wconf 87' lang='lat' dir='ltr'><strong>meus</strong></span> 
     </span>
    </p>
   </div>
   <div class='ocr_carea' id='block_1_112' title="bbox 1897 5081 3472 5165">
    <p class='ocr_par' dir='ltr' id='par_1_112' title="bbox 1897 5081 3472 5165">
     <span class='ocr_line' id='line_1_112' title="bbox 1897 5081 3472 5165; baseline -0.008 -18"><span class='ocrx_word' id='word_1_834' title='bbox 1897 5092 1992 5165; x_wconf 92' lang='lat' dir='ltr'><strong>qui</strong></span> <span class='ocrx_word' id='word_1_835' title='bbox 2016 5092 2070 5146; x_wconf 92' lang='lat' dir='ltr'><strong>in</strong></span> <span class='ocrx_word' id='word_1_836' title='bbox 2093 5089 2248 5145; x_wconf 66' lang='lat' dir='ltr'><strong>oculis</strong></span> <span class='ocrx_word' id='word_1_837' title='bbox 2268 5094 2352 5143; x_wconf 91' lang='lat' dir='ltr'><strong>est</strong></span> <span class='ocrx_word' id='word_1_838' title='bbox 2368 5087 2414 5118; x_wconf 70' lang='grc' dir='ltr'><strong>δ’</strong></span> <span class='ocrx_word' id='word_1_839' title='bbox 2431 5105 2445 5154; x_wconf 90' lang='grc'>;</span> <span class='ocrx_word' id='word_1_840' title='bbox 2460 5106 2479 5139; x_wconf 71' lang='grc' dir='ltr'><strong>ι</strong></span> <span class='ocrx_word' id='word_1_841' title='bbox 2501 5094 2583 5142; x_wconf 90' lang='lat' dir='ltr'><strong>et:</strong></span> <span class='ocrx_word' id='word_1_842' title='bbox 2609 5107 2628 5139; x_wconf 74' lang='grc' dir='ltr'><strong>ι</strong></span> <span class='ocrx_word' id='word_1_843' title='bbox 2652 5085 2733 5141; x_wconf 82' lang='grc' dir='ltr'>Τιι</span> <span class='ocrx_word' id='word_1_844' title='bbox 2758 5102 2818 5142; x_wconf 92' lang='lat' dir='ltr'><strong>es</strong></span> <span class='ocrx_word' id='word_1_845' title='bbox 2835 5084 3048 5148; x_wconf 83' lang='lat' dir='ltr'><strong>Petrus,</strong></span> <span class='ocrx_word' id='word_1_846' title='bbox 3073 5090 3127 5138; x_wconf 91' lang='lat' dir='ltr'><strong>et</strong></span> <span class='ocrx_word' id='word_1_847' title='bbox 3148 5095 3312 5150; x_wconf 89' lang='lat' dir='ltr'><strong>super</strong></span> <span class='ocrx_word' id='word_1_848' title='bbox 3328 5081 3472 5134; x_wconf 88' lang='lat' dir='ltr'><strong>hanc</strong></span> 
     </span>
    </p>
   </div>
   <div class='ocr_carea' id='block_1_113' title="bbox 1898 5170 3473 5258">
    <p class='ocr_par' dir='ltr' id='par_1_113' title="bbox 1898 5170 3473 5258">
     <span class='ocr_line' id='line_1_113' title="bbox 1898 5170 3473 5258; baseline -0.01 -17"><span class='ocrx_word' id='word_1_849' title='bbox 1898 5192 2109 5258; x_wconf 89' lang='lat' dir='ltr'><strong>petram</strong></span> <span class='ocrx_word' id='word_1_850' title='bbox 2154 5178 2435 5236; x_wconf 63' lang='lat' dir='ltr'><strong>aediﬁcabo</strong></span> <span class='ocrx_word' id='word_1_851' title='bbox 2463 5178 2764 5236; x_wconf 86' lang='lat' dir='ltr'><strong>Ecclesiam</strong></span> <span class='ocrx_word' id='word_1_852' title='bbox 2792 5191 2989 5242; x_wconf 86' lang='lat' dir='ltr'><strong>meam,</strong></span> <span class='ocrx_word' id='word_1_853' title='bbox 3015 5184 3070 5231; x_wconf 93' lang='lat' dir='ltr'><strong>et</strong></span> <span class='ocrx_word' id='word_1_854' title='bbox 3098 5183 3272 5247; x_wconf 84' lang='lat' dir='ltr'><strong>portae</strong></span> <span class='ocrx_word' id='word_1_855' title='bbox 3308 5170 3473 5229; x_wconf 88' lang='lat' dir='ltr'><strong>inferi</strong></span> 
     </span>
    </p>
   </div>
   <div class='ocr_carea' id='block_1_114' title="bbox 1903 5519 2275 5581">
    <p class='ocr_par' dir='ltr' id='par_1_114' title="bbox 1903 5519 2275 5581">
     <span class='ocr_line' id='line_1_114' title="bbox 1903 5519 2275 5581; baseline -0.005 -9"><span class='ocrx_word' id='word_1_856' title='bbox 1903 5519 2275 5581; x_wconf 86' lang='grc' dir='ltr'>σκοπίσαντες.</span> 
     </span>
    </p>
   </div>
   <div class='ocr_carea' id='block_1_115' title="bbox 1998 5577 2884 5646">
    <p class='ocr_par' dir='ltr' id='par_1_115' title="bbox 1998 5577 2884 5646">
     <span class='ocr_line' id='line_1_115' title="bbox 1998 5577 2884 5646; baseline -0.009 -4"><span class='ocrx_word' id='word_1_857' title='bbox 1998 5588 2085 5646; x_wconf 68' lang='lat'><strong>73)</strong></span> <span class='ocrx_word' id='word_1_858' title='bbox 2112 5577 2275 5644; x_wconf 81' lang='lat' dir='ltr'><strong>Basil.</strong></span> <span class='ocrx_word' id='word_1_859' title='bbox 2305 5583 2482 5641; x_wconf 76' lang='lat' dir='ltr'><strong>hic&#39;et</strong></span> <span class='ocrx_word' id='word_1_860' title='bbox 2509 5581 2672 5646; x_wconf 85' lang='lat' dir='ltr'><strong>infra,</strong></span> <span class='ocrx_word' id='word_1_861' title='bbox 2706 5577 2884 5636; x_wconf 78' lang='grc' dir='ltr'>εἶπαν.</span> 
     </span>
    </p>
   </div>
   <div class='ocr_carea' id='block_1_116' title="bbox 1999 5588 3287 5730">
    <p class='ocr_par' dir='ltr' id='par_1_116' title="bbox 1999 5588 3287 5730">
     <span class='ocr_line' id='line_1_116' title="bbox 1999 5588 2884 5646; baseline -0.009 -4"><span class='ocrx_word' id='word_1_862' title='bbox 1999 5589 2066 5644; x_wconf 80' lang='grc'><strong>75</strong></span> <span class='ocrx_word' id='word_1_863' title='bbox 2112 5588 2275 5644; x_wconf 88' lang='lat' dir='ltr'><strong>Basil.</strong></span> <span class='ocrx_word' id='word_1_864' title='bbox 2305 5588 2482 5641; x_wconf 76' lang='lat' dir='ltr'><strong>hic&#39;et</strong></span> <span class='ocrx_word' id='word_1_865' title='bbox 2509 5588 2672 5646; x_wconf 87' lang='lat' dir='ltr'><strong>infra,</strong></span> <span class='ocrx_word' id='word_1_866' title='bbox 2706 5588 2884 5636; x_wconf 69' lang='grc' dir='ltr'>εἶπαν.</span> 
     </span>
     <span class='ocr_line' id='line_1_117' title="bbox 1999 5588 3287 5730; baseline -0.008 -16"><span class='ocrx_word' id='word_1_867' title='bbox 1999 5588 2086 5730; x_wconf 46' lang='lat'><strong>74;</strong></span> <span class='ocrx_word' id='word_1_868' title='bbox 2113 5657 2454 5725; x_wconf 88' lang='lat' dir='ltr'><strong>Basiliensis,</strong></span> <span class='ocrx_word' id='word_1_869' title='bbox 2496 5654 2672 5710; x_wconf 84' lang='grc' dir='ltr'>Ἰωνᾶ.</span> <span class='ocrx_word' id='word_1_870' title='bbox 2705 5653 2810 5708; x_wconf 75' lang='lat' dir='ltr'><strong>Alii</strong></span> <span class='ocrx_word' id='word_1_871' title='bbox 2838 5658 2891 5709; x_wconf 83' lang='lat' dir='ltr'><strong>et</strong></span> <span class='ocrx_word' id='word_1_872' title='bbox 2922 5650 3074 5719; x_wconf 82' lang='lat' dir='ltr'><strong>editi,</strong></span> <span class='ocrx_word' id='word_1_873' title='bbox 3114 5649 3287 5705; x_wconf 80' lang='grc' dir='ltr'>Ἴωνα.</span> 
     </span>
    </p>
   </div>
  </div>
