3890 6200
432 261 534 318 127

1551 257 1608 312 S.
1651 255 2112 315 ATHANASIUS.
2151 286 2224 299 --
2258 255 2484 313 DUBIA.

3566 263 3682 318 128

431 393 542 432 non
591 373 962 446 pravalebunt
997 373 1259 430 adversus
1281 387 1400 428 eam
1415 373 1482 428 ⁸⁸.
1514 391 1532 422 ι
1573 371 1774 429 Fidelis
1808 389 2006 438 sermo,

2125 377 2145 448 ἢ
2176 374 2484 446 ὑπόσχεσις,
2533 372 2629 428 καὶ
2673 373 2708 446 ἠ
2767 372 3058 446 Ἐκκλησία
3091 374 3380 446 ἀήττητος,
3409 375 3512 430 κᾶν
3544 376 3685 448 ᾅδου

431 476 486 523 et
513 481 623 520 non
671 464 935 520 vacillans
985 464 1274 533 promissio
1307 483 1320 518 :
1360 463 1560 519 invicta
1586 479 1676 520 res
1703 471 1786 519 est
1817 463 2005 518 Eccle-

431 559 534 623 sia,
561 557 774 611 etiamsi
807 555 986 610 adsint
1015 562 1184 625 porta:
1215 553 1392 619 inferi,
1412 556 1660 624 quamvis
1693 571 1816 610 cum
1841 555 2006 612 infer-

431 665 537 704 nus
567 650 702 720 ipse,
737 658 848 702 tum
897 649 933 702 ii
985 650 1077 718 qui
1106 649 1160 702 in
1193 649 1312 718 ipso
1342 656 1470 704 sunt
1509 649 1783 719 principes
1817 649 2006 704 mundi

430 742 782 796 tenebrarum
813 749 1154 795 moveantur.
1181 741 1407 796 Conﬁde
1438 741 1515 794 illi
1542 743 1630 810 qui
1664 742 1738 794 ait
1770 759 1783 795 :
1823 759 1840 791 ι
1866 741 2008 795 Con-

431 827 602 894 lidite,
628 845 726 898 ego
753 829 857 883 vici
883 829 1142 883 mundum
1161 827 1230 892 ⁸⁸,
1266 849 1283 880 ι
1313 839 1365 884 et
1393 845 1488 900 per
1512 831 1796 900 passiones
1822 831 2007 885 itidem

431 921 536 974 vici
567 940 580 976 :
613 922 1053 992 quandoquidem
1109 924 1201 992 qui
1253 921 1366 974 [nec
1414 923 1716 991 patiebatur
1757 922 2009 978 Ecclesiae

439 1011 514 1063 Do
541 1014 720 1069 uinus.
749 1014 928 1082 potius
947 1013 1288 1072 vincebat,et
1311 1011 1603 1065 cruciﬁxus
1623 1012 1871 1067 homines
1896 1013 2007 1067 sal-

438 1119 534 1156 vos
586 1103 837 1168 lat-iebat,
864 1119 925 1156 ac
959 1103 1238 1156 moriendo
1264 1102 1590 1158 viviﬁcabat.
1623 1102 1786 1157 Vides
1832 1105 2011 1158 audis-

437 1211 542 1265 que
581 1197 830 1250 eumdem
883 1211 988 1247 una
1023 1193 1187 1248 Deum
1213 1205 1264 1248 ct
1298 1196 1594 1250 hominem.
1622 1194 1675 1249 Si
1701 1197 1843 1252 enim
1871 1195 2011 1252 Deus

437 1295 649 1340 tantum
707 1295 873 1348 esset,
925 1289 1198 1355 quomodo
1255 1289 1805 1357 passus,.qnomodo
1841 1289 2013 1342 cruci-

439 1376 600 1440 ﬁxus,
630 1385 684 1429 ct
714 1385 960 1430 mortuus
989 1376 1217 1431 luisset?
1246 1377 1361 1431 haec
1385 1379 1584 1447 quippe
1621 1393 1650 1430 a
1696 1378 1803 1432 Deo
1837 1380 2012 1434 aliena

441 1479 587 1523 sunt.
625 1467 686 1520 Et
740 1468 784 1521 si
842 1469 1004 1522 homo
1062 1468 1348 1535 duntaxat,
1381 1470 1654 1538 quomodo
1689 1485 1780 1538 per
1815 1473 2016 1541 passio-

440 1574 562 1612 nem
596 1558 831 1618 vicisset,
863 1559 1345 1612 salutemetvitam
1378 1560 1681 1614 attulisset?
1703 1560 1823 1616 llaec
1848 1578 2012 1632 supra

443 1644 714 1702 hominem
742 1657 916 1702 erant.
955 1647 1101 1702 Idem
1135 1659 1313 1703 autem
1345 1657 1398 1703 et
1423 1650 1625 1719 patitur
1659 1658 1711 1704 et
1739 1663 1939 1715 servat,
1961 1661 2014 1708 et

440 1756 536 1810 per
588 1741 898 1809 passionem
940 1741 1130 1799 vincit.
1189 1740 1336 1796 Idem
1388 1741 1553 1808 Deus,
1615 1743 1757 1800 idem
1805 1746 2007 1803 homo:
2045 1721 2085 1775 Β

437 1834 596 1887 ambo
633 1842 690 1886 ut
724 1849 916 1897 unum,
957 1845 1253 1906 utrumque
1284 1842 1344 1890 ut
1373 1837 1570 1890 solum.

504 1923 614 1994 [ιθ
654 1923 708 1978 4.
756 1923 862 1978 Sed
897 1928 1034 1979 forte
1079 1927 1352 1995 quispiam
1406 1942 1473 1981 ex
1515 1927 1942 1997 sapientioribus
1964 1944 2018 1992 et

435 2016 734 2084 generosis,
758 2016 810 2068 in
843 2017 1076 2070 medium
1111 2017 1390 2087 prodiens,
1425 2028 2020 2098 accuratusqueinqui-

436 2110 571 2161 sitor
593 2127 604 2160 :
629 2107 757 2162 Pars
776 2109 958 2176 igitur.
979 2109 1367 2173 dixerit,\'erhi
1386 2128 1582 2187 Corpus
1598 2128 1775 2183 est,ac
1793 2119 1910 2174 Filii
1933 2122 2022 2192 hy-

440 2209 722 2268 postaseos
751 2202 1228 2272 complementum,
1275 2217 1333 2263 ut
1363 2225 1503 2265 unus
1533 2211 1604 2266 sit
1633 2210 1803 2267 Filius
1837 2213 1924 2266 Dei
1953 2230 2019 2268 ex

441 2292 686 2360 utrisque
703 2300 982 2361 constans,
1000 2294 1092 2368 qui
1112 2300 1460 2370 imperfectus
1477 2318 1542 2357 ex
1560 2319 1618 2358 sc
1634 2305 1725 2366 sit,
1755 2313 1807 2358 et
1823 2321 2020 2375 corpo-

439 2398 500 2438 re
525 2384 588 2436 ad
622 2399 776 2442 suam
803 2390 1188 2460 perfectionem
1216 2385 1476 2464 indigeat.
1508 2395 1720 2465 Alioqui
1751 2398 2021 2466 quomodo

435 2475 624 2540 μηυεῖ
655 2490 748 2536 aut
796 2483 1069 2552 quomodo
1108 2499 1215 2537 una
1259 2485 1569 2555 hypostasis
1610 2495 1665 2541 et
1707 2503 1810 2541 una
1837 2503 2023 2556 perso-

439 2589 509 2628 na
527 2574 762 2642 ?alioqui
783 2589 1018 2636 rursum,
1040 2574 1083 2629 si
1102 2591 1203 2628 una
1222 2575 1292 2628 sit
1315 2575 1471 2630 Verbi
1493 2585 1547 2632 et
1567 2577 1749 2633 carnis
1769 2579 2022 2648 hyposta-

439 2666 824 2736 sis,qnomodo
843 2667 956 2735 ipsa
982 2663 1148 2719 Filius
1168 2665 1260 2720 Dei
1287 2667 1403 2722 est?
1425 2667 1565 2723 Caro
1584 2669 1744 2739 igitur
1766 2669 1874 2724 Deo
1890 2685 2022 2724 con-

439 2759 815 2812 substantialis
858 2758 983 2821 erit,
1026 2757 1170 2828 quod
1203 2759 1445 2828 proferre
1473 2761 1699 2831 impimn
1724 2769 1827 2818 est.
1867 2761 2022 2828 Quod

442 2848 488 2904 si
525 2850 626 2902 hoc
657 2848 730 2901 ita
767 2864 826 2903 se
861 2848 1077 2912 habeat,
1113 2865 1289 2919 neque
1312 2849 1548 2906 Verbum
1577 2851 1746 2909 Filius
1779 2855 1882 2910 erit
1916 2854 2024 2910 Deo

442 2940 952 3005 consubstantialis,
983 2941 1124 3010 quod
1167 2944 1326 3012 plane
1361 2944 1660 3000 absurdum
1691 2955 1776 3000 est
1807 2965 1820 3002 ι
1853 2947 2023 3017 siqui-

443 3031 565 3087 dem
601 3029 837 3086 Verbum
891 3040 974 3086 est
1011 3032 1332 3101 perfectum,
1380 3038 1869 3104 consubstantiale,
1897 3055 2022 3110 pro-

440 3124 724 3195 priamque
774 3123 917 3193 apud
975 3141 1034 3181 se
1089 3126 1251 3181 habet
1308 3142 1523 3197 semper
1569 3129 1907 3200 hypostasin,
1957 3147 2020 3187 ac

447 3213 598 3267 nullo
638 3215 864 3284 indiget.
896 3215 1164 3270 Caeterum
1195 3218 1288 3284 qui
1321 3220 1393 3272 ita
1421 3229 1676 3290 arguunt,
1715 3238 1868 3278 suam
1903 3238 2022 3278 scn-

441 3306 673 3360 tentiam
711 3321 896 3376 aperte
927 3307 1231 3366 declarant.
1261 3325 1451 3380 nempe
1482 3312 1618 3367 duas
1645 3329 1766 3369 esse
1811 3313 2021 3369 Domini

442 3394 618 3450 nostri
654 3393 783 3450 Jesu
819 3396 1022 3451 Christi
1058 3398 1378 3468 hypostases
1406 3419 1418 3453 ε
1450 3417 1549 3456 nos
1572 3402 1697 3456 item
1733 3404 2021 3460 calumniis

444 3489 736 3558 impetunt,
788 3495 952 3558 atque
1004 3489 1151 3542 nulla
1198 3507 1305 3546 non
1353 3493 1562 3548 ratione
1602 3503 1855 3566 satagunt
1913 3513 2024 3552 ser-

444 3594 637 3635 mones
659 3586 880 3635 nostros
906 3581 971 3635 ad
998 3582 1201 3652 aliquid
1233 3585 1456 3638 absurdi
1487 3586 1832 3656 detorquere,
1863 3596 1921 3642 ut
1947 3589 2023 3644 di-

443 3684 636 3726 camus
675 3685 899 3740 corpus,
921 3669 1084 3726 Verbi
1130 3672 1487 3744 hypostaseos
1541 3679 2019 3747 complementum,

445 3771 541 3818 aut
591 3763 700 3818 Deo
748 3764 1218 3820 consubstantiale
1277 3781 1420 3830 esse,
1471 3775 1564 3820 aut
1603 3777 1923 3824 extraneum
1970 3777 2023 3825 et

444 3855 682 3910 alienum
713 3855 936 3910 omnino
967 3869 996 3907 a
1028 3853 1148 3908 Filii
1185 3856 1486 3927 liypostasi,
1522 3874 1643 3928 quae
1672 3868 1850 3914 tamen
1879 3861 2025 3932 ipso-

443 3962 568 4003 rum
607 3947 770 4002 verba
822 3953 990 4002 sunt:
1023 3962 1148 4001 nam
1206 3948 1366 4001 aliam
1411 3950 1487 4003 illi
1529 3951 1848 4022 hypostasin
1876 3953 2026 4007 indu-

444 4047 596 4098 cunt,
629 4038 834 4100 carnis,
870 4040 985 4094 sive
1024 4049 1082 4093 ut
1127 4039 1230 4108 ipsi
1265 4041 1438 4104 aiunt,
1471 4044 1733 4112 assumpti
1767 4043 2022 4110 hominis,

445 4139 499 4185 et
521 4131 680 4183 aliam
709 4128 1040 4184 assumentis
1068 4128 1161 4183 Dei
1192 4148 1205 4184 :
1236 4129 1394 4184 aliam
1421 4147 1709 4199 personam
1739 4131 1858 4187 Filii
1891 4133 1980 4188 Dei
2007 4175 2022 4196 .

444 4228 502 4278 et
538 4223 698 4276 aliam
729 4236 1017 4290 personam
1056 4220 1175 4275 Filii
1227 4222 1486 4286 hominis,
1519 4241 1586 4279 ex
1619 4226 1825 4280 semine
1856 4225 2024 4279 David

446 4315 746 4371 secundum
781 4330 1022 4370 carnem.
1047 4313 1123 4368 lta
1156 4329 1215 4368 ut
1243 4331 1416 4385 neque
1446 4315 1616 4373 Filius
1647 4316 1740 4372 Dei
1770 4317 2026 4374 sitFilius

449 4406 708 4468 hominis,
741 4422 862 4460 cum
920 4407 992 4462 sit
1046 4407 1297 4463 diversus
1329 4423 1356 4462 a
1391 4407 1610 4463 Davidis
1667 4409 1973 4464 substantia
2007 4428 2022 4466 :

450 4513 628 4567 neque
672 4497 765 4567 qui
819 4498 1118 4553 secundum
1161 4513 1380 4554 carnem
1417 4507 1579 4555 natus
1612 4508 1717 4564 est,
1753 4499 1924 4556 Filius
1954 4502 2025 4556 sit

451 4589 568 4652 Dei,
601 4603 725 4642 cum
782 4588 853 4642 sit
901 4591 1128 4644 alterius
1180 4592 1499 4646 substantia:
1525 4607 1554 4645 a
1581 4590 1709 4647 Deo.
1743 4593 1854 4648 Nos
1896 4608 2025 4648 vero

451 4694 620 4734 unum
677 4677 1036 4749 eumdemque
1087 4678 1319 4736 dicimus
1365 4680 1554 4745 Deum,
1585 4680 1802 4748 fratres,
1839 4683 1891 4737 in
1922 4683 2026 4738 hoc

448 4769 756 4842 prophetis,
798 4770 1172 4840 apostolisque
1222 4771 1685 4843 obtemperantes,
1734 4789 1798 4829 ac
1844 4776 2028 4844 potius

449 4862 796 4934 evangelisrre
847 4863 1142 4926 credimus,
1179 4879 1339 4933 quam
1375 4867 1560 4934 gentili
1597 4865 1875 4938 sapientiae
1914 4867 2031 4921 ani-

453 4968 601 5006 mum
628 4953 1007 5016 adhibeamus,
1044 4963 1136 5008 aut
1166 4954 1420 5011 humanis
1440 4959 1828 5016 conturhemur
1861 4958 2027 5012 ratio-

455 5043 636 5098 ciniis.
686 5043 763 5098 Ac
815 5044 885 5099 de
933 5045 1154 5115 propria
1203 5045 1381 5102 salute
1443 5047 1806 5115 decertantes,
1855 5046 2026 5106 Deum

521 5199 569 5231 ⁸³
600 5199 790 5255 Matth.
825 5216 942 5266 xw,
979 5199 1068 5256 18.
1141 5200 1189 5234 ⁸⁸
1225 5199 1387 5257 Joan.
1419 5217 1546 5270 xw,
1584 5203 1672 5258 35.

532 5351 644 5422 (75)
684 5352 831 5419 Haec,
876 5354 979 5409 κᾶν
1029 5353 1156 5425 ᾃδου
1199 5355 1363 5410 πύλαι
1408 5355 1806 5425 ὲπιγένωνται,’
1822 5356 1880 5412 in
1911 5356 2032 5414 solo

462 5421 796 5492 Segueriano
820 5421 1110 5488 habentur,
1146 5426 1199 5480 in
1231 5426 1391 5480 editis
1415 5421 1632 5483 desunt.

531 5492 642 5569 (76)
678 5493 866 5569 Ba_si|.,
907 5496 1156 5565 Seguer.,
1191 5495 1414 5568 ταύτης,
1474 5505 1528 5554 et
1581 5498 1799 5569 quidem
1859 5507 2026 5556 tecm,

459 5561 632 5619 Editi.
657 5563 850 5621 ταῦτα.

459 5633 645 5761 degit.)
688 5636 765 5691 [ta
798 5635 1021 5710 Seguer.
1069 5636 1288 5694 Gobler.
1339 5645 1393 5694 et
1437 5638 1580 5695 Felc.
1619 5655 1656 5694 ι.
1695 5637 1753 5695 In
1796 5637 1929 5696 edit.
1972 5638 2029 5692 δέ

2105 467 2270 522 πύλαι
2316 467 2672 536 ὲπιγένωνται
2718 466 2854 536 (75),
2896 465 2997 521 κᾶν
3037 467 3065 520 ὁ
3092 466 3223 538 ᾇδης
3249 467 3409 532 αὐτὸς
3455 468 3676 540 κινηθῇ»

2104 559 2206 612 κᾶν
2243 560 2292 612 oi
2316 557 2543 630 ὲναύτῷ
2581 557 3015 631 κοσμοκράτορες
3063 556 3157 610 τοῦ
3194 558 3438 621 σκότους.
3472 557 3680 629 Θάρσει

2107 650 2184 722 τῷ
2203 651 2471 722 εἰρηκότι’
2505 669 2526 702 ι
2553 649 2833 722 Θαρσεῖτε,
2854 648 2964 718 ἐγὼ
2993 650 3251 720 νενίκηκα
3281 649 3372 702 τὸν
3394 649 3616 719 κόσμον,
3652 669 3675 702 ι

2110 741 2204 796 καὶ
2242 745 2354 805 τοϊς
2386 741 2702 812 παθήμασιν
2754 741 2957 812 ὁμοίως
3015 741 3302 810 νενίκηκα·
3356 739 3544 808 ἐπειδὴ
3581 741 3679 794 καὶ

2114 836 2144 888 ὁ
2194 833 2396 905 ταύτης
2435 832 2542 904 (76)
2577 833 2870 904 Δεσπότης,
2908 831 3092 886 παθὼν
3129 831 3324 902 μᾶλλον
3353 831 3528 895 ἐνίκα,
3583 832 3680 884 καὶ

2111 926 2508 996 σταυρούμενος
2560 925 2764 991 ἔσωζε,
2815 925 2909 979 καὶ
2959 924 3313 994 ἀποθνήσκων
3373 924 3681 988 ὲζωοποίει.

2122 1019 2284 1092 Ὁρᾷς
2316 1021 2408 1073 καὶ
2433 1017 2647 1083 ἀκούεις
2671 1018 2762 1072 τὸν
2789 1018 2947 1072 αὑτὸν
2974 1018 3087 1089 ἅμα
3106 1017 3236 1071 Θεὸν
3259 1019 3350 1071 καὶ
3372 1018 3680 1089 ἄνθρωπον.

2112 1112 2174 1164 Εἰ
2196 1112 2303 1182 γὰρ
2327 1111 2457 1174 Θεὸς
2493 1111 2649 1182 μόνον
2673 1106 2760 1181 ἦν,
2788 1109 2903 1173 πῶς
2928 1109 3147 1180 ἔπασχε,
3181 1109 3295 1173 πῶς
3326 1107 3677 1180 ὲσταυροῦτο,

2112 1205 2204 1260 καὶ
2234 1204 2570 1273 ἀπέθνησκεν
2598 1221 2612 1269 ;
2649 1204 2902 1274 ἀλλότρια
2945 1200 3054 1272 γὰρ
3077 1201 3245 1254 ταῦτα
3299 1200 3453 1254 Θεοῦ.
3486 1201 3593 1254 Καὶ
3627 1201 3679 1252 εί

2111 1296 2395 1367 ἄνθρωπος
2442 1295 2618 1366 μόνον,
2670 1294 2786 1355 πῶς
2835 1293 2920 1346 διὰ
2975 1293 3178 1357 πάθους
3230 1293 3404 1353 ἐνίκα,
3454 1291 3684 1356 ἔσωζεν,

2113 1385 2429 1450 ὲζωοποίει;
2475 1383 2641 1436 Ταῦθ’
2673 1385 2813 1454 ὑπὲρ
2861 1383 3143 1456 ἄνθρωπον
3170 1378 3256 1455 ἦν.
3305 1385 3360 1437 '0
3411 1383 3466 1435 δὲ
3517 1382 3681 1444 αὑτὸς

2113 1479 2207 1531 καὶ
2229 1478 2448 1547 πάσχει,
2471 1477 2565 1530 καὶ
2594 1475 2772 1541 σώζει,
2804 1476 2898 1532 καὶ
2927 1476 3014 1531 διὰ
3045 1475 3134 1529 τοῦ
3171 1475 3373 1538 πάθους
3405 1473 3580 1528 ἐνίκα.
3617 1474 3681 1527 ’0

2114 1570 2272 1634 αὐτὸς
2303 1569 2452 1636 Θεὸς,
2480 1572 2509 1628 ό
2543 1569 2702 1636 αὑτὸς
2742 1571 3043 1643 ἄνθρωπος,
3071 1567 3133 1622 τὸ
3173 1567 3574 1640 συναμφότερον
3601 1565 3683 1629 ὡς

2115 1663 2194 1730 ἓν,
2226 1663 2482 1739 ἑκάτερον
2513 1667 2589 1730 ὠς
2623 1665 2798 1736 μόνον.

2187 1929 2241 1982 4.
2291 1927 2428 1981 Ἀλλ’
2458 1926 2588 1992 ἴσως
2639 1926 2754 1998 ἐρεῖ
2787 1943 2870 1990 τις
2900 1924 3008 1978 τῶν
3056 1921 3235 1993 σοφῶν
3276 1923 3370 1976 καὶ
3418 1920 3684 1992 γενναίων

2118 2019 2400 2092 παρελθὼν
2431 2021 2488 2073 ὲν
2545 2019 2694 2090 μέσῳ
2729 2017 2958 2090 ἀκριϐὴς
2985 2017 3240 2089 ζητητής·
3270 2014 3448 2086 Μέρος
3467 2009 3558 2067 οὖν
3579 2011 3677 2066 τοῦ

2119 2113 2290 2179 Λόγου
2316 2111 2375 2164 τὸ
2427 2111 2603 2181 σῶμα,
2636 2109 3087 2181 συμπληρωτικὸν
3117 2109 3212 2177 τῆς
3243 2107 3336 2160 τοῦ
3363 2104 3492 2159 Υίοῦ
3549 2106 3686 2158 ὑπο-

2123 2200 2381 2262 στάσεως,
2407 2196 2524 2272 ῖν’ᾖ
2555 2195 2635 2262 εἷς
2668 2199 2794 2263 Υἱὸς
2824 2198 2916 2252 τοῦ
2947 2197 3080 2251 Θεοῦ
3117 2197 3175 2265 ἐξ
3209 2196 3527 2268 ἀμφοτέρων
3552 2211 3686 2264 συγ-

2121 2291 2388 2360 κείμενος,
2421 2292 2514 2343 καὶ
2543 2290 2735 2361 ἀτελὴς
2757 2290 2830 2343 ῶν
2862 2289 2982 2343 καθ’
3006 2289 3216 2352 ἑαυτὸν,
3252 2289 3346 2342 κα).
3376 2286 3467 2342 τοῦ
3499 2286 3692 2357 σώμα-

2119 2401 2209 2448 τος
2243 2386 2321 2447 είς
2363 2383 2640 2436 τελείωσιν
2684 2383 3096 2454 προσδεόμενος.
3143 2381 3296 2436 Ἐπεὶ
3342 2381 3459 2446 πῶς
3492 2374 3606 2446 εἷς,
3647 2381 3683 2452 ἢ

2121 2477 2237 2540 πῶς
2269 2477 2366 2547 μία
2417 2477 2712 2540 ὑπόστασις
2747 2477 2840 2529 καὶ
2881 2475 2937 2528 ἒν
2969 2476 3287 2547 πρόσωπον;
3333 2474 3454 2527 ἐπε)⁸
3500 2472 3684 2537 πάλιν,

2121 2570 2169 2620 εί
2202 2569 2296 2639 μία
2331 2567 2624 2632 ὑπόστασις
2678 2567 2770 2621 τοῦ
2823 2567 2996 2636 Λόγου
3043 2567 3136 2621 καὶ
3175 2568 3276 2636 τῆς
3317 2565 3536 2638 σαρκὸς,
3567 2565 3688 2629 πῶς

2121 2661 2177 2714 δὲ
2206 2661 2314 2729 (77)
2350 2660 2478 2724 Υἱὸς
2507 2660 2642 2732 αῦτη
2677 2659 2769 2712 τοῦ
2794 2659 2962 2725 Θεοῦ;
3015 2660 3328 2731 ὐμοούσιος
3377 2659 3486 2729 ἄρα
3532 2658 3687 2714 ἔσται

2122 2753 2216 2808 καὶ
2246 2754 2278 2824 ἡ
2307 2753 2440 2824 σὰρξ
2460 2753 2537 2824 τῷ
2571 2751 2708 2824 Θεῷ,
2737 2753 2873 2823 ὅπερ
2903 2752 3053 2806 ἐστὶν
3091 2752 3304 2816 ἀσεϐές.
3341 2752 3401 2805 Ei
3431 2751 3486 2804 δὲ
3508 2749 3690 2813 τοῦτο,

2123 2846 2242 2900 οὐδὲ
2281 2846 2310 2898 ὁ
2338 2845 2507 2914 Λόγος
2537 2845 2664 2908 Υἱὸς
2694 2844 2842 2898 ἔσται
2892 2843 3174 2916 ὁμοούσιος
3210 2843 3303 2898 τοῦ
3348 2841 3504 2906 Θεοῦ,
3552 2844 3690 2913 ὅπερ

2125 2941 2274 2993 ἐστὶν
2300 2939 2499 2993 ἄτοπον
2523 2955 2536 2968 ο
2562 2939 2590 2991 ὁ
2610 2938 2778 3006 Λόγος
2797 2937 2904 3008 γὰρ
2924 2937 3123 3000 τέλειος
3143 2937 3236 2990 καὶ
3269 2936 3568 3006 ὁμοούσιος.
3591 2935 3690 2989 καὶ

2131 3030 2262 3085 ἰδίαν
2317 3029 2439 3084 καθ’
2473 3028 2661 3082 ἑαυτὸν
2703 3029 2839 3098 ἔχων
2873 3027 3168 3081 ὑπόστασιν
3202 3027 3307 3092 ἀεὶ,
3344 3027 3433 3080 καὶ
3465 3024 3698 3098 μηδενὸς

2126 3123 2534 3195 προσδεόμενος.
2571 3123 2631 3176 Οἱ
2657 3120 2827 3176 ταῦτα
2876 3118 3302 3191 κατηγοροῦντες
3351 3118 3448 3191 τὴν
3484 3117 3694 3172 ἑαυτῶν

2125 3213 2346 3285 γνώμην
2407 3215 2645 3287 φανερὰν
2703 3214 3048 3278 καθιστῶσιν,
3108 3215 3189 3270 ὅτι
3224 3213 3317 3266 δύο
3367 3211 3696 3276 ὑποστάσεις

2125 3307 2218 3361 τοῦ
2261 3307 2463 3380 Κυρίου
2494 3306 2650 3378 ήμῶν
2691 3306 2863 3378 Ἰησοῦ
2909 3304 3166 3378 Χριστοῦ,
3201 3305 3294 3358 κα).
3339 3304 3485 3375 ἡμᾶς
3538 3317 3698 3354 συκο-

2127 3399 2407 3469 φαντοῦσι,
2441 3400 2535 3453 καὶ
2562 3399 2855 3472 πειρῶνται
2877 3400 2992 3471 ἅμα
3017 3397 3351 3470 πανταχόθεν
3377 3399 3455 3460 είς
3486 3395 3542 3449 ἒν
3570 3393 3696 3448 ἀτό-

2128 3510 2244 3547 πων
2271 3492 2552 3563 περιάγειν
2576 3492 2702 3556 τοὺς
2740 3491 3037 3563 ἡμετέρους
3091 3490 3301 3559 λόγους,
3359 3486 3696 3558 συμπληρω-

2126 3584 2277 3638 τικὸν
2325 3585 2498 3638 εἰπεῖν
2538 3584 2636 3652 τῆς
2692 3582 3040 3646 ὑποστάσεως
3085 3581 3179 3635 τοῦ
3213 3581 3386 3648 Λόγου
3417 3577 3476 3631 τὸ
3509 3576 3695 3646 σῶμα,

2126 3677 2160 3748 ἢ
2212 3674 2491 3746 όμοούσιον
2538 3675 2755 3746 (78)τῷ
2800 3673 2938 3745 Θεῷ,
2984 3672 3017 3743 ἢ
3067 3671 3214 3737 ξένον
3269 3670 3362 3724 καὶ
3417 3667 3700 3736 ἀλλότριον

2128 3766 2441 3820 παντάπασι
2465 3765 2564 3836 τῆς
2587 3765 2935 3828 ὑποστάσεως
2959 3763 3051 3817 τοῦ
3085 3762 3238 3826 Υίοῦ,
3265 3762 3398 3833 ὅπερ
3429 3761 3580 3814 αὐτοὶ
3608 3758 3702 3812 λέ-

2128 3875 2333 3927 γουσιν,
2384 3857 2549 3928 ἄλλην
2612 3859 2905 3912 ὑπόστασιν
2963 3857 3271 3925 εἰσάγοντες
3319 3855 3419 3922 τῆς
3472 3850 3699 3925 σαρκὸς,

2129 3953 2246 4024 ἦτοι
2277 3950 2370 4004 τοῦ
2417 3949 2812 4018 ἀναληφθέντος
2859 3946 3164 4019 ἀνθρώπου,
3211 3946 3286 4010 ὡς
3333 3943 3483 3998 αὑτοί
3537 3959 3694 4012 φασι,

2131 4041 2224 4094 καὶ
2291 4041 2456 4112 ἄλλην
2526 4039 2618 4092 τοῦ
2688 4038 3044 4100 ἀναλαϐόντος
3103 4034 3260 4096 Θεοῦ,
3335 4033 3461 4089 ἄλλο
3525 4031 3699 4102 πρόσ-

2129 4152 2276 4188 ωπον
2308 4133 2400 4187 τοῦ
2433 4131 2562 4186 Υἱοῦ
2601 4130 2694 4186 τοῦ
2742 4129 2896 4192 Θεοῦ,
2957 4130 3051 4184 καὶ
3109 4127 3236 4182 ἄλλο
3275 4126 3562 4198 πρόσωπον
3600 4122 3698 4176 τοῦ

2131 4225 2261 4280 Υἱοῦ
2289 4225 2380 4279 τοῦ
2438 4223 2742 4296 ἀνθρώπου,
2793 4222 2885 4276 τοῦ
2929 4225 2993 4276 ἐκ
3023 4222 3330 4291 σπέρματος
3361 4217 3522 4271 Δαϐὶδ
3556 4216 3702 4269 κατὰ.

2133 4312 2329 4382 σάρκα.
2365 4310 2525 4364 Ὥστε
2581 4313 2714 4382 μήτε
2759 4309 2848 4362 τὸν
2895 4309 3021 4362 Υίὸν
3071 4308 3163 4361 τοῦ
3206 4306 3340 4360 Θεοῦ
3388 4302 3525 4359 εἶναι
3569 4304 3702 4358 Υίὸν

2131 4403 2412 4475 ἀνθρώπου
2461 4401 2760 4474 ὲτερούσιον
2805 4403 2930 4456 ὂντα
2992 4400 3085 4455 τοῦ
3145 4400 3342 4454 Δαϐίδο
3408 4401 3542 4470 μήτε
3605 4398 3704 4451 τὸν

2130 4495 2271 4550 κατά
2320 4495 2498 4566 σάρκα
2535 4494 2859 4565 γεννηθέντα
2907 4489 3043 4546 εἶναι
3094 4493 3221 4546 Υἱὸν
3267 4491 3358 4546 τοῦ
3391 4489 3525 4544 Θεοῦ
3561 4487 3706 4562 (79),

2130 4585 2432 4658 έτερούσιον
2461 4585 2588 4639 ὄντα
2619 4585 2712 4640 τοῦ
2741 4585 2897 4639 Θεοῦ.
2936 4585 3124 4656 Ἡμεῖς
3154 4584 3209 4637 δὲ
3239 4583 3331 4637 ἕνα
3363 4581 3457 4636 καὶ
3488 4581 3580 4635 τὸν
3603 4582 3703 4634 αὑ-

2131 4678 2221 4733 τὸν
2251 4677 2478 4749 λέγομεν
2500 4677 2651 4742 Θεὸν,
2679 4677 2913 4746 ἀδελφοὶ,
2937 4679 3240 4748 προφήταις
3265 4678 3356 4729 καὶ
3384 4673 3706 4739 ἀποστόλοις

2135 4770 2466 4841 πειθόμενοι,
2506 4769 2598 4823 καὶ
2651 4768 2726 4840 τῷ
2780 4769 3094 4840 Εύαγγελίῳ
3120 4769 3464 4832 πιστεύοντες
3500 4767 3704 4840 μᾶλλον

2133 4863 2167 4934 ἦ
2225 4863 2386 4935 σοφίᾳ
2418 4861 2700 4933 Ἑλληνικῇ
2753 4863 3128 4934 προσέχοντες,
3169 4863 3259 4915 καὶ⁵
3303 4861 3582 4932 λογισμοῖς
3606 4863 3704 4916 ἀν-

2133 4955 2423 5027 θρωπίνοις
2464 4955 2874 5026 ταραττόμενοι,
2908 4955 3002 5008 καὶ
3045 4954 3171 5026 περὶ
3198 4953 3297 5024 τῆς
3329 4953 3462 5016 ἰδίας
3489 4952 3705 5024 διακριο

2131 5049 2344 5118 νόμενοι
2380 5045 2671 5118 σωτηρίας,
2701 5046 2834 5101 Θεὸν
2864 5047 2962 5102 ἕνα
3005 5044 3373 5118 ὁμολογοῦμεν
3399 5043 3462 5097 τὸ
3502 5059 3707 5112 συναμο

2205 5357 2318 5428 (78)
2352 5356 2756 5428 Βοείιίθῐιείε,ίῆ
2787 5356 2882 5428 καὶ
2903 5356 3202 5428 ὁμοούσιον.

2206 5423 2316 5499 (79)
2353 5429 2459 5482 Τοῦ
2496 5429 2654 5499 _decst
2685 5423 2755 5499 in
2803 5423 2975 5499 Segu'.
3023 5427 3176 5499 Mox,
3212 5426 3402 5499 Basil.,
3426 5427 3572 5499 bvta
3617 5423 3698 5499 τῷ

2135 5497 2273 5568 Θεῷ.
2300 5494 2446 5568 ἰίιίὠ
2489 5497 2638 5567 Seg..
2667 5498 2760 5550 ἕνα
2795 5494 2899 5552 καῖ
2934 5498 3024 5551 τὸν
3051 5497 3231 5556 αὑτόν.
3265 5498 3331 5568 (In
3375 5497 3559 5568 editis,
3604 5494 3704 5550 καί

2135 5565 2318 5640 (ιιιξιέειζ
2334 5566 2500 5640 Paulo
2518 5565 2643 5640 post
2672 5569 2918 5640 Seguer.,
2942 5569 3035 5626 καὶ
3075 5567 3389 5632 ἀποστόλοις
3421 5565 3707 5638 triduum.

2137 5638 2228 5691 καὶ
2253 5637 2329 5708 τῷ
2357 5637 2731 5710 εὑαγγελιστῇ.
2750 5637 2768 5640 “
3251 5674 3257 5680 -
