3890 6200
1340 298 1529 371 QUOD
1567 298 1756 360 unus
1789 301 1897 358 srr
1929 296 2293 362 CHRISTUS.

3345 301 3444 358 150

173 423 432 497 φότερον,
463 422 593 496 μίαν
625 423 922 479 ὑπόστασιν
950 424 1061 497 (80)
1092 423 1187 479 καὶ
1227 423 1286 479 ἓν
1320 425 1631 497 πρόσωπον,
1661 424 1761 498 οὐχ

1877 436 2053 495 anum,
2086 435 2382 497 utrumque
2412 423 2576 482 simul
2617 436 2742 481 esse
2769 423 3116 488 conﬁtemur,
3142 434 3306 477 unam
3341 421 3443 494 hy-

174 516 267 571 ῐνα
297 516 757 588 συμπληρωτικὸν
795 517 894 586 τῆς
944 517 1291 581 ὑποστάσεως
1318 517 1380 571 τὸ
1413 517 1574 589 σῶμα
1600 517 1761 590 γένη-

173 618 288 663 ται·
344 607 547 672 ἀσεϐὲς
589 607 701 681 γάρ
721 624 736 639 ⁸
784 608 972 681 ἐπειδὴ
1015 609 1218 663 τέλειον
1248 609 1311 663 τὸ
1355 608 1531 674 Θείον,
1565 611 1760 665 ἀνεπί-

170 700 362 754 δεκτον
394 699 766 765 ελαττώσεως,
783 701 1010 766 ἁπλοῦν,
1039 701 1137 755 καὶ
1161 701 1453 773 μονοειδὲς,
1476 702 1571 756 καὶ
1604 701 1763 756 ἀσύν·

173 791 352 855 θετον,
379 794 462 857 εἰς
481 791 623 864 μέρη
651 793 716 846 οὐ
743 792 1047 865 διαιρεῖται,
1065 794 1328 853 τουτέστι,
1363 793 1497 848 καθὸ
1513 793 1644 858 Θεὸς
1662 793 1763 848 Λό-

170 898 269 954 γος
282 884 404 938 ἐστὶ
419 885 513 939 καὶ
528 885 826 957 μονοειδὴς,
843 888 923 951 είς
933 885 1196 958 διαφορὰν
1214 885 1389 957 μελῶν
1401 887 1491 940 καὶ
1506 886 1763 960 πραγμά-

172 996 284 1033 των
307 978 369 1031 οὐ
400 978 613 1043 πίπτει,
631 976 714 1042 εἷς
741 994 803 1031 τε
822 976 982 1049 σῶμα
1014 979 1109 1032 καὶ
1138 978 1427 1050 ἀσώματον
1453 979 1585 1052 (81)·
1616 979 1763 1033 όΛό-

172 1084 272 1137 γος
303 1069 417 1140 γάρ
457 1070 574 1122 ἐστι
625 1067 835 1133 τέλειος
860 1070 955 1123 καὶ
994 1068 1169 1123 διόλου
1201 1068 1490 1142 ἀσώματος
1513 1087 1527 1102 ·
1557 1070 1619 1124 οὺ
1653 1070 1762 1144 γὰρ

170 1158 310 1223 Θεὸς
344 1159 540 1228 γέγονε
581 1159 909 1231 σαρκωθεὶς,
940 1159 1060 1215 οὐδὲ
1089 1159 1218 1224 Υἱὸς
1241 1160 1398 1226 Θεοῦ,
1422 1160 1762 1234 ἀνθρώπινον

174 1250 338 1323 σῶμα
359 1250 566 1314 λαὸὼν,
596 1251 719 1305 οὐδὲ
750 1250 955 1324 Κύριος
999 1251 1101 1322 τῆς
1123 1250 1305 1321 δόξης,
1336 1253 1435 1326 τὴν
1451 1255 1545 1306 τοῦ
1571 1252 1759 1307 δούλου

177 1342 396 1415 μορφὴν
418 1345 675 1416 φορέσας·
716 1343 830 1396 ἀλλ’
855 1342 1138 1415 ἄνθρωπος
1154 1346 1250 1398 καὶ
1276 1344 1393 1409 υἱὸς
1419 1344 1707 1419 ἀνθρώπου
1731 1348 1760 1400 6

177 1436 308 1502 Υἱὸς
330 1436 430 1490 τοῦ
454 1437 614 1502 Θεοῦ,
649 1437 744 1491 καὶ
771 1435 954 1499 δοῦλος
981 1438 1122 1491 κατὰ
1150 1437 1248 1508 τὴν
1276 1438 1487 1509 μορφὴν
1521 1439 1549 1491 ὁ
1567 1440 1632 1509 τῇ
1661 1437 1761 1507 φύ-

177 1541 261 1579 σει
285 1526 514 1599 Κύριος.
550 1527 627 1580 Οὐ
668 1526 730 1579 τὸ
760 1524 921 1596 σῶμα
946 1521 1038 1579 οὖν
1079 1525 1537 1598 συμπληρωτικὸν
1568 1529 1757 1596 γέγονε

172 1617 278 1687 τῆς
325 1616 520 1688 θεῖκῆς
565 1619 947 1682 ὑποστάσεως’
978 1617 1093 1672 ἀλλ’
1122 1620 1151 1671 6
1183 1616 1398 1689 ἀληθῶς
1445 1619 1647 1683 τέλειος
1698 1619 1760 1673 τὸ

174 1710 367 1772 ἀτελὲς
417 1710 767 1777 ἐτελείωσεν,
823 1715 853 1766 6
917 1712 1223 1783 ἀπροσδεής
1266 1715 1331 1784 τῇ
1387 1711 1759 1785 προσδεομένῃ

1867 519 2207 589 postasin,et
2241 532 2403 573 unam
2456 530 2786 587 personam:
2820 530 2930 570 non
2968 523 3028 569 ut
3072 515 3447 591 complemen-

1866 616 1982 664 tum
2038 610 2395 681 hypostaseos
2445 621 2647 678 corpus
2687 606 2977 672 eﬂieiatur,
3013 607 3244 677 impium
3291 608 3442 662 enim

1865 701 2000 757 illud
2053 711 2139 756 est
2191 719 2205 756 :
2255 698 2698 771 quandoquidem
2731 697 2990 752 divinitas
3045 697 3285 766 perfecta
3335 707 3446 763 est,

1865 808 1975 848 non
2014 806 2186 863 capax
2229 790 2652 851 imminutionis,
2684 789 2938 859 simplex,
2982 790 3300 859 singularis,
3334 806 3444 843 non

1865 886 2188 956 composita,
2218 885 2272 938 in
2320 897 2479 954 quam
2533 880 2840 937 differentia
2893 881 3267 935 membrorum
3335 895 3444 933 non

1865 979 2012 1035 cadit
2036 994 2213 1049 neque
2241 992 2447 1041 rerum,
2478 991 2674 1046 nempe
2696 974 2967 1045 corporis.
3013 984 3066 1027 et
3091 971 3399 1043 incorporei
3427 987 3443 1027 :

1865 1086 1990 1126 nam
2032 1068 2272 1124 Verbum
2322 1068 2623 1139 perfectum
2682 1074 2738 1122 et
2772 1066 2999 1121 omnino
3058 1065 3444 1134 incorporeum

1864 1170 1970 1219 est.
2001 1161 2186 1233 Neque
2225 1163 2369 1217 enim
2402 1160 2546 1215 Deus
2575 1158 2752 1214 factus
2781 1166 2889 1220 est,
2920 1156 3141 1226 quando
3191 1154 3449 1208 incarnao

1864 1264 1954 1310 tus
1983 1265 2085 1317 est,
2118 1270 2295 1324 neque
2343 1251 2517 1307 Filius
2563 1249 2678 1312 Dei,
2727 1248 2950 1320 quando
3001 1261 3203 1316 corpus
3252 1246 3447 1299 huma-

1865 1364 1995 1404 num
2035 1348 2245 1417 accepit
2278 1350 2301 1400 ε’
2326 1360 2500 1416 neque
2537 1344 2798 1397 Dominus
2824 1342 3030 1412 gloriae,
3050 1332 3271 1410 q'uando
3300 1336 3446 1392 servi

1865 1439 2093 1495 formam
2125 1438 2356 1508 gestavit
2389 1457 2401 1492 :
2437 1435 2528 1492 sed
2561 1435 2724 1489 homo
2744 1441 2798 1488 et
2824 1432 2968 1487 ﬁlius
3016 1431 3252 1485 hominis
3275 1426 3447 1483 Filius

1865 1533 1957 1587 Dei
1990 1544 2092 1595 est,
2120 1541 2172 1587 et
2191 1546 2382 1588 servus
2405 1528 2707 1586 secundum
2735 1526 2964 1581 formam
2987 1532 3093 1583 est.
3119 1524 3212 1593 qui
3249 1530 3447 1576 natura

1864 1619 2128 1676 Dominus
2182 1628 2285 1675 est.
2339 1617 2460 1673 Non
2509 1618 2693 1686 itaque
2739 1630 2941 1684 corpus
2986 1612 3447 1682 complementum

1866 1713 2069 1768 factum
2115 1719 2198 1767 est
2225 1710 2421 1765 divinae
2470 1709 2868 1779 hypostaseos;
2902 1704 2997 1760 sed
3026 1704 3119 1774 qui
3154 1718 3280 1757 vere
3322 1717 3450 1772 per-

177 1802 412 1874 συνῆλθε
443 1805 537 1857 καὶ
558 1803 838 1877 συνηνώθη
871 1805 1057 1877 σαρκὶ,
1087 1806 1115 1858 6
1149 1803 1373 1875 μηδενὸς
1403 1803 1592 1875 χρείαν
1621 1803 1761 1874 ἔχων

1877 1802 2039 1858 iectus
2082 1811 2187 1865 est,
2223 1801 2601 1870 imperfectum
2633 1797 2880 1868 perfecit,
2911 1806 2967 1850 et
2999 1795 3093 1865 qui
3126 1792 3332 1847 nullius
3359 1793 3447 1845 in-

177 1897 378 1951 έαυτδν
407 1896 577 1950 ἔδωκε
603 1896 683 1968 τῷ
728 1897 921 1970 χρείαν
949 1897 1125 1968 ἔχοντι
1165 1895 1396 1968 σώματι.
1429 1896 1618 1960 Οὐδεὶς
1648 1897 1759 1969 γὰρ

176 1989 288 2041 τῶν
330 1983 391 2041 εὖ
422 1987 782 2058 φρονούντων,
810 1986 843 2058 ἢ
873 1989 1062 2060 νήφειν
1083 1988 1220 2052 ὅλως
1244 1988 1339 2041 καὶ
1369 1991 1510 2041 νοεῖν
1528 1986 1761 2058 δυναμέ-

177 2098 288 2131 νων
309 2078 449 2147 (82),
476 2080 619 2132 εἴποι
664 2079 751 2145 ἂν,
795 2081 900 2145 ὅτι,
954 2078 1141 2152 ὥσπερ
1177 2081 1206 2133 6
1233 2080 1403 2149 Λόγος
1446 2080 1649 2146 τέλειος
1686 2080 1761 2135 ὣν

178 2172 279 2226 καὶ
326 2172 715 2235 ὲνυπόστατος,
780 2172 841 2225 ού
875 2172 1186 2243 προσεδεῖτο
1229 2172 1449 2244 σαρκὸς,
1499 2173 1586 2227 ἵνα
1630 2174 1764 2238 Θεὸς

176 2264 386 2327 τέλειος
410 2263 657 2333 γένηται,
683 2262 856 2328 οὕτως
880 2264 1000 2318 οὐδὲ
1028 2265 1088 2317 τὸ
1111 2264 1269 2336 σῶμα
1289 2265 1384 2319 τοῦ
1406 2266 1578 2335 Λόγου
1609 2267 1766 2341 ἔχρῃ-

180 2354 298 2420 ζεν,
329 2354 423 2410 ἵνα
444 2354 650 2418 τέλειος
693 2356 789 2409 καὶ
820 2356 1180 2420 ὲνυπόστατος
1211 2355 1497 2428 ἄνθρωπος
1518 2358 1758 2428 γένηται·

180 2446 300 2500 ἀλλ’
326 2447 581 2519 οὐρανίου
610 2446 703 2500 τοῦ
727 2446 980 2520 Σωτῆρος
1006 2446 1286 2517 ἐδεόμεθα,
1316 2447 1587 2519 οὐρανίου⁵
1610 2449 1764 2504 ἐλευ-

184 2537 453 2609 θερωτοῇ
472 2538 759 2609 ἀφαιρέσει
786 2541 886 2608 τῆς
901 2537 1292 2609 ἐπιγενομένης
1320 2539 1615 2610 ἁμαρτίας,
1642 2542 1768 2596 ἀνα-

179 2626 502 2693 καινοῦντος
558 2630 708 2700 ἡμᾶς
759 2629 825 2681 ὲκ
876 2628 975 2699 τῆς
1030 2627 1346 2693 κακώσεως,
1378 2629 1473 2683 καὶ
1520 2629 1589 2683 τὰ
1635 2630 1767 2685 ταύ-

179 2737 286 2791 της
318 2721 434 2794 (83)
467 2722 827 2793 ἀφαιροῦντος
846 2719 1014 2774 δεινά.

250 2904 311 2960 5.
351 2903 531 2968 Εὐθὺς
557 2900 652 2957 οὖν
680 2902 790 2958 ἀπὸ
826 2902 1092 2973 γενέσεως
1124 2903 1159 2973 ή
1192 2902 1445 2973 καινότης
1471 2901 1766 2967 ἐδείκνυτο,

184 2997 284 3050 καὶ
307 2996 371 3049 τὸ
399 2996 648 3069 οὐράνιον
673 2994 768 3048 τοῦ
786 2994 1181 3067 γεγεννημένου
1220 2993 1309 3048 διὰ
1331 2995 1432 3065 τῆς
1464 2995 1769 3063 γεννήσεως

183 3086 524 3156 ἐξεφαίνετο,
578 3088 640 3141 οὐ
684 3086 825 3141 κατὰ
891 3087 1144 3158 γέννησιν
1191 3085 1480 3158 ἀνθρώπου
1537 3085 1766 3140 παλαιοῦ

1862 1886 2095 1958 digebat,
2121 1901 2244 1939 cum
2274 1899 2440 1940 carne
2465 1885 2738 1954 indigente
2758 1882 3008 1952 junctus,
3037 1889 3091 1934 et
3114 1879 3302 1934 unitus
3322 1886 3443 1941 est;

1861 1980 1954 2050 qui
2004 1979 2154 2033 nullo
2183 1993 2323 2048 opus
2355 1976 2606 2039 habebat,
2640 1989 2779 2045 opus
2818 1973 3039 2027 habenti
3073 1969 3291 2041 corpori
3325 1983 3450 2024 sese

1864 2072 2094 2128 dedidit.
2122 2069 2321 2125 Nullus
2352 2070 2554 2140 quippe
2582 2067 2862 2121 hominum
2888 2064 2981 2134 qui
3011 2070 3158 2117 recte
3184 2061 3448 2126 sentiant,

1862 2172 1955 2218 aut
2007 2166 2100 2232 qui
2142 2162 2376 2230 denique
2411 2160 2593 2213 sobrie
2640 2171 2819 2226 agere,
2875 2168 2938 2209 ac
2982 2153 3284 2223 intelligere
3318 2165 3450 2221 pos-

1864 2252 1996 2320 sint,
2026 2250 2225 2306 dixerit
2255 2269 2269 2305 :
2304 2249 2373 2304 Ut
2418 2247 2683 2308 Verbum,
2742 2244 3047 2315 perfectum
3101 2258 3226 2296 cum
3264 2241 3358 2303 sit,
3391 2245 3448 2295 et

1864 2344 2190 2417 bypostasin
2237 2343 2458 2407 habeat,
2515 2353 2680 2394 carne
2732 2352 2844 2391 non
2902 2334 3178 2404 indigebat
3222 2339 3280 2386 ut
3307 2330 3452 2387 Deus

1864 2437 2142 2507 perfectus
2194 2435 2380 2500 ﬁeret;
2412 2432 2493 2488 sic
2539 2444 2717 2499 neque
2757 2442 2961 2497 corpus
3006 2423 3187 2480 Verbo
3237 2423 3451 2493 indige-

1865 2529 1979 2589 bat,
2003 2539 2063 2583 ut
2110 2525 2411 2599 perfectus,
2447 2530 2502 2578 et
2530 2523 2584 2577 in
2616 2521 2899 2593 hypostasi
2942 2519 3105 2572 homo
3137 2516 3307 2572 ﬁeret.
3342 2513 3452 2570 Sed

1866 2622 2077 2677 cmlesti
2111 2619 2394 2674 Salvatore
2453 2614 2858 2685 indigebamus,
2887 2610 3098 2666 caelesti
3132 2609 3457 2672 liberatore,

1866 2715 1958 2786 qui
1978 2713 2182 2785 peccati
2215 2710 2508 2765 abolitione
2525 2723 2591 2763 ex
2614 2706 2819 2761 nostris
2843 2719 2943 2759 nos
2957 2702 3192 2757 miseriis
3216 2714 3451 2755 renova-

1866 2816 1970 2870 ret,
2011 2804 2460 2870 calamitatesque
2491 2798 2617 2853 inde
2649 2795 2922 2867 profectas
2964 2792 3225 2847 auferret.

1939 2897 1992 2952 5.
2063 2892 2480 2961 Statim‘igitur
2537 2890 2606 2944 ab
2663 2889 2782 2958 ipsa
2862 2883 3184 2947 nativitate,
3236 2881 3455 2936 novitas

1870 2989 2152 3058 apparuit,
2212 3000 2275 3039 ac
2321 2982 2565 3038 cmlestis
2626 2986 2824 3033 natura
2896 2976 3018 3045 ejus
3075 2973 3169 3044 qui
3234 2972 3455 3043 genitus

1870 3088 2020 3142 erat.
2076 3093 2173 3150 per
2218 3076 2557 3130 nativitatem
2625 3071 2745 3140 ejus
2787 3078 3011 3123 ostensa
3057 3073 3144 3121 est
3183 3083 3197 3118 :
3251 3065 3456 3133 quippe

185 3178 249 3244 ἔξ
307 3178 504 3251 ἀνδρὸς
560 3179 656 3231 καὶ
700 3177 956 3247 γυναικὸς
1012 3157 1127 3249 εἶχε
1184 3157 1305 3250 τὴν
1338 3177 1609 3249 γέννησιν.
1658 3177 1769 3231 Καὶ

1877 3171 1964 3240 qui
2001 3184 2108 3224 non
2159 3164 2458 3223 secundum
2496 3162 2705 3232 antiqui
2744 3159 2984 3214 hominis
3019 3171 3084 3211 ex
3113 3157 3230 3209 viro
3258 3165 3312 3209 et
3333 3169 3458 3208 mu-

184 3271 301 3343 γάρ
350 3270 616 3326 ἀδύνατον
665 3271 794 3327 ἄνευ
852 3269 1043 3343 ἀνδρὸς
1088 3269 1289 3340 κυῆσαι
1346 3274 1579 3339 γυναῖκα
1606 3312 1622 3338 ,
1691 3271 1773 3324 ὅτι

184 3367 289 3434 τὴν
339 3363 531 3416 οὐσίαν
564 3360 675 3416 τῶν
702 3361 1054 3432 γεννωμένων
1086 3362 1146 3414 ὲν
1188 3363 1301 3424 τοῖς
1328 3361 1569 3433 πατράσι
1611 3377 1775 3415 κατε-

188 3455 390 3510 εάλετο
459 3454 489 3506 ὁ
556 3452 724 3517 Θεός⁸
789 3451 866 3516 ὼς
944 3451 1040 3505 καὶ
1113 3451 1204 3505 τὸν
1292 3450 1426 3504 Acut
1500 3467 1665 3523 φησιν
1738 3453 1773 3524 ή

186 3546 387 3619 Γραφὴ
446 3547 507 3599 ἐν
556 3545 625 3616 τῇ
673 3543 837 3614 ὀσφύϊ
891 3540 984 3595 τοῦ
1048 3540 1262 3614 Πατρὸς
1321 3536 1462 3596 εἶναι
1503 3540 1773 3613 Ἀϐραάμ.

200 3638 264 3691 '0
324 3637 385 3692 δὲ
431 3634 728 3708 Λυτρωτὴς
788 3634 850 3688 οὐ
917 3632 1012 3688 τοῦ
1060 3633 1232 3705 ’Δδάμ
1284 3632 1347 3687 τὸ
1396 3633 1535 3688 εἶναι
1573 3633 1776 3698 λαϐὼν,

187 3729 307 3785 ἀλλ’
340 3731 412 3784 ὲκ
454 3728 549 3783 τοῦ
587 3727 759 3799 Ἀδὰμ.
801 3727 863 3781 τὸ
901 3727 1084 3798 σχῆμα
1131 3725 1439 3798 προλαϐὼν,
1473 3727 1571 3799 τὴν
1601 3727 1781 3799 σάρκα

189 3825 342 3893 λέγω
398 3822 496 3895 τὴν
554 3820 693 3893 μετά
752 3819 929 3891 ψυχῆς
984 3820 1352 3892 ἀνθρωπίνης,
1407 3820 1501 3873 καὶ
1554 3819 1781 3890 γενὸμε⁹

189 3936 285 3982 νος
327 3917 616 3989 ἅνθρωπος
669 3913 812 3968 κατὰ
856 3913 917 3967 τὸ
963 3913 1196 3985 ὁρατὸν,
1223 3913 1518 3983 εἰσήγαγεν
1561 3912 1641 3975 είς
1689 3910 1782 3966 τὸν

190 4014 405 4081 κόσμον
428 4011 529 4081 τὴν
552 4007 845 4079 καινότητα
876 4005 1019 4061 κατά
1048 4005 1109 4059 τὸ
1137 4006 1367 4077 ἀόρατον
1388 4021 1401 4035 ·
1434 4003 1557 4057 καθ’
1585 3998 1654 4075 ἦς
1685 4002 1783 4074 οὐχ

192 4108 323 4179 ὅρος
372 4103 628 4168 θανάτου,
660 4101 721 4156 οὗ
763 4101 1015 4172 τυραννὶς
1056 4098 1323 4160 διαϐόλου,
1362 4096 1499 4150 ἀλλὰ
1530 4095 1785 4150 κοινωνία

198 4200 303 4273 μὲν
332 4197 428 4252 τοῦ
471 4196 643 4265 Λόγου
681 4194 817 4266 πρὸς
861 4194 985 4256 τοὺς
1019 4191 1245 4263 θνητοὺς
1286 4189 1379 4244 καὶ
1412 4186 1783 4258 τυραννουμέ-

196 4309 346 4356 νους,
378 4289 615 4363 διαφορὰ
653 4288 711 4342 δὲ
742 4285 910 4358 πολλὴ
956 4285 1098 4338 κατὰ
1127 4283 1187 4337 τὸ
1227 4283 1513 4344 ἀθάνατον,
1553 4280 1694 4334 κατὰ
1723 4279 1787 4334 τὸ

199 4385 487 4459 ἑλεύθερον
516 4385 610 4439 καὶ
633 4381 1018 4454 ἀτυράννητον.
1054 4373 1361 4448 Ἐθαύμαζε
1384 4374 1479 4429 καὶ
1505 4376 1539 4446 ἡ
1572 4372 1787 4445 Παρθέ-

197 4498 295 4546 νσς
334 4480 525 4553 Μαρία
566 4477 681 4551 (84)
726 4470 1178 4543 εὐαγγελισθείσα
1226 4468 1325 4540 τὴν
1384 4465 1636 4536 γέννησιν
1689 4462 1785 4517 τοῦ

1876 3264 2007 3318 liere
2036 3260 2465 3332 generationem,
2496 3263 2658 3309 natus
2696 3253 2787 3308 sit.
2822 3248 3162 3321 hnpossibile
3196 3247 3339 3302 enim
3372 3256 3460 3301 est

1877 3354 2084 3423 absque
2130 3350 2234 3405 viri
2283 3363 2449 3419 Opera
2485 3346 2767 3401 mulierem
2808 3340 3086 3412 gravidam
3132 3353 3277 3402 esse,
3323 3337 3456 3406 quia

1875 3444 2219 3501 nascentium
2288 3439 2652 3496 substantiam
2748 3436 2804 3489 in
2888 3434 3129 3503 ipsorum
3210 3430 3459 3500 patribus

1877 3537 2023 3593 Deus
2045 3533 2352 3600 coristituit,
2389 3525 2850 3603 quemadmodum
2884 3534 2940 3579 et
2979 3522 3287 3593 Scriptura,
3326 3519 3458 3577 Levi

1877 3630 1982 3703 ῆι
2020 3629 2075 3684 in
2122 3628 2297 3698 patris
2344 3624 2429 3680 sui
2494 3621 2726 3676 Abraha:
2770 3618 2974 3673 lumbis
3026 3616 3200 3670 fuisse
3246 3621 3458 3673 narrat.

1878 3723 2209 3792 Redemptor
2239 3729 2442 3780 autem,
2481 3729 2587 3769 non
2640 3709 2832 3766 Adami
2873 3724 2996 3764 esse
3021 3721 3335 3769 assumens,
3362 3703 3460 3760 sed

1879 3832 1947 3873 ex
1998 3814 2207 3870 Adamo
2259 3811 2488 3865 formam
2549 3806 2849 3875 accipiens,
2881 3816 3101 3856 carnem
3158 3798 3284 3854 dico
3330 3812 3461 3852 cum

1881 3907 2064 3961 anima
2106 3904 2365 3964 humana,
2392 3907 2448 3954 et
2480 3897 2656 3953 factus
2697 3896 2860 3950 homo
2900 3890 3216 3954 visibiliter,
3246 3888 3464 3942 novita-

1882 4009 1990 4054 tem
2024 3996 2080 4050 in
2113 3993 2378 4050 mundum
2431 3987 2783 4044 invisibiliter
2840 3980 3147 4039 introduxit
3197 3997 3213 4033 :
3266 3983 3462 4032 contra

1883 4105 2045 4162 quam
2083 4103 2193 4143 non
2243 4084 2437 4139 mortis
2480 4081 2794 4145 decretum,
2825 4092 2929 4132 nec
2963 4073 3166 4130 diaboli
3208 4068 3464 4144 tyrannis

1885 4181 2166 4257 praevalet,
2208 4179 2303 4236 sed
2337 4176 2492 4231 adest
2520 4172 2834 4229 communio
2868 4168 3031 4223 Verbi
3055 4181 3180 4220 cum
3209 4161 3461 4220 mortali-

1884 4255 1990 4334 bus
2039 4281 2095 4331 et
2132 4270 2421 4344 tyrannice
2459 4264 2779 4338 oppressis;
2819 4262 3119 4331 ingensque
3162 4255 3463 4311 discrimen

1886 4368 1956 4424 ob
1987 4363 2475 4425 immortalitatem,
2503 4359 2832 4419 libertatem,
2847 4360 2900 4408 et
2917 4367 2946 4404 a
2964 4348 3252 4422 tyrannide
3278 4361 3466 4402 exem-

1886 4461 2151 4532 ptionem,
2209 4454 2377 4509 rebus
2434 4449 2692 4505 humanis
2744 4447 2955 4501 illatum
2983 4451 3088 4498 est.
3127 4440 3246 4513 Ipsa
3296 4437 3469 4509 Virgo

201 4531 681 4649 ὲέ
708 4531 895 4643 αὐτῆςί
942 4586 961 4621 ι
991 4566 1116 4631 Πῶς
1155 4531 1444 4637 γὰρέσται
1476 4531 1565 4633 μοι
1602 4559 1772 4623 τοῦτο,

1891 4531 2059 4606 Maria
2088 4547 2354 4602 admirata
2393 4550 2499 4606 est,
2532 4539 2752 4610 quando
2780 4553 2845 4592 ex
2876 4552 2936 4592 se
2983 4534 3182 4589 futurae
3215 4531 3469 4587 Salvato-

1925 4644 1936 4649 _
2123 4640 2133 4649 .
2177 4641 2209 4649 .,
2257 4638 2287 4649 _.
2498 4634 2533 4649 ,ο
2616 4648 2625 4649 ,
2687 4631 2891 4649 -__-_2.
2968 4644 2983 4649 -
3037 4623 3320 4649 n..-.......l-
3376 4620 3464 4649 ﬂ...

204 4672 394 4753 φησιν,
425 4670 553 4723 ἐπεὶ
596 4667 765 4739 ἀνδρα
808 4664 869 4717 ού
910 4659 1199 4732 γινώσκω;
1238 4675 1257 4709 ι
1306 4651 1681 4727 Εύηγγελίσθη
1725 4649 1784 4704 δὲ

204 4750 361 4818 θείαν
388 4760 577 4815 οὐσίαν
615 4757 710 4812 τοῦ
735 4755 1082 4827 γεννηθέντος
1119 4750 1178 4817 ἐξ
1209 4747 1380 4819 αὐτῆς
1423 4745 1532 4816 (85)
1568 4746 1624 4798 ὲν
1658 4760 1790 4816 μορ-

206 4855 383 4927 φώσει
408 4852 660 4927 σαρκίνῃ.
692 4851 799 4905 Καὶ
818 4844 884 4920 ἦν
905 4846 1153 4918 οὐράνιον
1180 4842 1243 4897 τὸ
1269 4840 1461 4913 δῶρον,
1486 4837 1580 4892 καὶ
1604 4837 1789 4907 γήϊνον

205 4948 272 5004 τὸ
310 4946 630 5018 βλάστημα·
663 4938 732 5014 ἦν
773 4938 1173 5013 εἱρηνοποίησις
1216 4936 1316 5005 τῆς
1348 4932 1471 5004 γῆς,
1515 4930 1611 4984 καὶ
1651 4927 1789 5018 πρδς
1823 4969 1827 4972 .

206 5016 474 5113 οὐρανοὺς
492 5016 766 5111 δμοίωσις,
792 5032 930 5088 κατᾶ
950 5032 1048 5102 τήν
1070 5027 1179 5082 τῶν
1210 5024 1454 5096 ἀγγέλων
1477 5021 1655 5094 χαρὰν
1680 5016 1790 5072 τῶν

213 5112 495 5207 βοώντων
524 5149 545 5184 ι
570 5130 706 5195 Δόξα
730 5130 787 5182 ὲν
814 5125 1055 5197 ὑψίστοις
1073 5118 1213 5192 Θεῷ,
1238 5119 1332 5172 καὶ
1354 5117 1448 5170 ἐπὶ
1471 5114 1575 5185 γῆς
1600 5112 1793 5183 εἰρήνη

176 5354 183 5369 ι
295 5266 719 5333 “Luc.t,56.

292 5424 582 5496 ωθῖιίίαν
611 5423 796 5494 φύσιν,
825 5422 991 5477 Basit.
1090 5488 1102 5496 _
1152 5485 1184 5496 Δ.
1256 5481 1399 5496 ΜΨ

293 5473 408 5569 ὶέῑὶ
432 5473 796 5569 ’ᾖξ’ρῆιὶὲξ
826 5473 1217 5569 ξηεῐιῇἰεοτῑριί,
1256 5481 1403 5538 Editi
1447 5490 1602 5542 vero,
1642 5473 1696 5527 ετ
1733 5488 1794 5525 τε

223 5555 403 5650 “5&2:
421 5567 530 5650 εξην
547 5566 711 5650 Et”?
726 5559 1033 5650 .55‘5’927“
1057 5555 1373 5650 ﬂiam“;
1522 5614 1664 5650 Iram

294 5616 410 5709 ιὲἒ)
425 5616 888 5708 ’ὑξῖὶίίζζσὸιέιοιζ
905 5616 1155 5702 Seguer.,
1171 5622 1503 5694 δυναμένων.
1522 5616 1689 5680 Eam,
1707 5616 1798 5669 δυ-

224 5713 534 5854 ἠδεέἷςὲῑο
554 5773 797 5843 Gobler.,
821 5770 967 5831 Felc.
998 5786 1038 5840 ι,
1062 5768 1285 5842 Seguer.
1312 5764 1377 5819 In
1390 5757 1618 5831 reliquis
1640 5756 1707 5811 τὰ
1732 5755 1797 5809 ἐκ

1891 4644 1971 4698 ris
2024 4638 2323 4696 nativitatis
2381 4634 2634 4690 nuntium
2683 4631 2916 4699 accepit.
2963 4644 2983 4678 ι
3036 4623 3323 4693 Quomodo
3376 4620 3468 4677 (let

1893 4733 2027 4789 mihi
2052 4731 2220 4797 istud,
2248 4749 2266 4781 ›
2290 4729 2416 4792 ait,¢
2441 4725 2699 4796 quoniam
2714 4722 2889 4793 virum
2914 4734 3023 4774 non
3042 4728 3316 4787 cognosco
3332 4712 3418 4766 ⁸⁸2
3439 4730 3463 4764 ι

1893 4824 2154 4880 Nuntiata
2184 4827 2366 4875 autem
2396 4818 2474 4872 illi
2501 4826 2585 4871 est
2621 4813 2805 4868 divina
2831 4811 3070 4866 essentia
3096 4809 3236 4878 ejus,
3271 4804 3364 4875 qui
3398 4815 3468 4858 ex

1897 4919 2013 4989 ipsa
2045 4917 2147 4972 sub
2185 4910 2394 4970 carnali
2447 4908 2624 4963 forma
2664 4913 2828 4962 natus
2857 4910 2962 4959 est.
2994 4899 3233 4970 Eratque
3261 4896 3466 4951 donum

1897 4987 2142 5073 ciceleste,
2175 5016 2507 5079 germenque
2537 5007 2849 5055 terrenum:
2878 5010 2980 5065 pax
3016 5001 3177 5048 terra:
3202 4987 3467 5043 concilia-

1899 5108 2083 5170 batur,
2122 5115 2187 5156 ac
2213 5094 2514 5156 similitudo
2553 5089 2802 5164 quaedam
2828 5087 2950 5157 ejus
2975 5098 3099 5140 cum
3128 5082 3285 5137 caelis
3313 5086 3430 5134 erat
3449 5086 3490 5145 ,·

1897 5399 2100 5469 ταύτης
2134 5400 2287 5451 deest
2305 5400 2365 5449 ut
2382 5407 2437 5448 in
2459 5389 2641 5447 editis.
2666 5384 2791 5441 Mox
2802 5379 3142 5443 Goblerian.,
3164 5373 3409 5433 Felckm.
3432 5393 3474 5445 ι,

1899 5483 2222 5593 γεννήσεως.
3032 5530 3036 5535 _

1971 5539 2083 5617 (ξ.)
2118 5533 2510 5617 ξεειεςείεηυεν
2534 5520 3117 5617 Ψέεέθὲἳοξρὲῗὲτδέῗξς

1974 5582 2086 5681 ἓξὲἑό
2118 5582 2680 5681 Ῐιῖξθῖιίξξῐῖἐέιιῖοεέ,
2699 5595 2759 5662 εξ
2775 5582 2961 5650 αὐτοῦ.
2996 5582 3186 5656 Basil.,
3218 5582 3473 5656 Golden,

1906 5674 2152 5752 Sequetu,
2188 5675 2248 5744 ἐξ
2280 5674 2468 5758 061?};-
