3872 6188
413 310 505 365 131
1564 303 1624 363 S.
1661 302 2127 361 ATHANASIUS.
2170 332 2241 345 —
2276 300 2507 358 DUBIA.

3543 305 3655 361 132

411 435 468 482 at
504 440 615 496 pm
644 440 704 481 se
750 424 956 481 ferebat
992 425 1310 495 angelorum
1334 422 1593 496 gaudium
1625 424 1970 479 dicentium:
2002 437 2026 494 Α

2078 420 2400 494 ἀνθρώποις.
2441 440 2461 474 ι
2506 419 2799 492 Χαίροντες
2827 414 2920 475 οῦν
2951 422 3044 476 ἐπὶ
3083 425 3149 493 τῇ
3189 419 3424 494 Χριστοῦ
3457 423 3655 494 γεννή-

410 535 431 567 ‹
470 513 654 569 Gloria
689 514 746 569 in
768 515 1001 570 excelsis
1049 515 1187 578 Deo,
1212 524 1268 570 et
1313 515 1370 569 in
1402 522 1549 569 terra
1578 530 1683 585 pax
1738 514 1975 569 homini-

406 608 530 664 bus.
557 608 641 659 ⁸⁸»
674 606 990 663 Gaudentcs
1009 608 1177 677 igitur
1198 609 1251 662 in
1282 607 1486 663 Christi
1525 606 1828 673 nativitate,
1864 622 1973 662 non

406 699 647 752 humano
672 698 890 769 gaudio,
918 700 1077 769 quale
1117 708 1201 754 est
1243 699 1498 770 gaudium
1556 699 1857 765 hominum,
1919 699 1975 753 in

404 790 692 845 nativitate
734 790 888 860 pueri
931 791 1263 861 cujuspiam,
1298 793 1391 847 ubi
1434 800 1488 847 et
1524 791 1791 845 natalium
1829 790 1974 846 cele-

404 878 660 932 britatem
685 886 872 948 agunt.
899 879 1003 934 Sed
1034 881 1101 934 de
1130 879 1337 935 Christi
1366 881 1598 935 adventu
1618 881 1971 950 gaudeamus,

403 978 459 1023 et
489 969 558 1024 tle
580 969 775 1024 divinae
807 971 943 1025 lucis
980 971 1346 1026 illustratione
1379 990 1392 1025 :
1434 988 1542 1025 non
1571 972 1717 1041 quod
1748 971 1977 1041 captivi-

404 1063 534 1117 tatis
573 1073 880 1118 consortem
921 1064 1241 1127 habeamus,
1271 1064 1368 1120 sed
1422 1063 1858 1134 Redemptorem,
1891 1079 1978 1119 se—

403 1153 640 1207 cundum
665 1153 1011 1222 Apostolum.
1045 1153 1188 1221 Quid
1214 1165 1394 1210 autem
1425 1165 1687 1225 praeterea
1711 1157 1815 1211 hac
1844 1157 1897 1210 in
1916 1172 1976 1211 re

401 1245 613 1299 adfuit?
659 1244 872 1310 Unctio,
907 1262 1012 1316 qua
1061 1248 1270 1303 scilicet
1300 1248 1568 1303 diviniore
1604 1265 1765 1319 quam
1796 1248 1973 1302 homi—

401 1351 501 1390 nes
519 1338 679 1390 modo
700 1347 863 1393 natus
900 1347 1003 1399 est,
1036 1337 1304 1393 diviniore
1326 1340 1454 1394 item
1486 1356 1648 1410 quam
1682 1329 1781 1395 n'os
1814 1338 1975 1393 modo

400 1427 667 1483 educatus
697 1439 781 1482 est
808 1428 1080 1485 Christus.
1114 1427 1308 1483 Forma
1334 1430 1516 1499 itaque
1544 1446 1641 1486 sua
1673 1431 1974 1485 secundum

401 1535 625 1574 carnem
672 1521 832 1575 undis
867 1522 1111 1576 abluitur
1155 1537 1280 1576 cum
1330 1520 1553 1577 Judwis.
1588 1520 1826 1577 Joannes
1878 1523 1975 1577 ba-

402 1612 663 1680 ptizavit,
693 1611 891 1667 fluvius
933 1610 1189 1667 Jordanis
1236 1613 1407 1667 abluit
1435 1613 1677 1668 divinum
1725 1628 1925 1683 corpus
1956 1631 1971 1668 :

401 1712 536 1757 tunc
572 1703 808 1773 Spiritus
835 1705 1008 1760 sancti
1049 1705 1102 1758 in
1146 1719 1344 1774 purum
1384 1702 1589 1759 Christi
1623 1720 1824 1774 corpus
1863 1706 1976 1758 ad-

2077 531 2180 578 σει,
2212 513 2311 567 οὐκ
2352 511 2697 583 ἀνθρωπίνην
2730 511 2903 583 χαρὰν
2936 513 3234 583 χαίροντες,
3274 507 3384 568 οἷον
3413 512 3523 584 (86)
3553 514 3656 568 ἐπὶ

2074 604 2396 675 γεννωμένῳ
2420 602 2617 674 παιδίῳ
2645 605 2923 675 χαίρουσιν
2951 605 3246 676 ἄνθρωποι,
3275 605 3367 659 καὶ
3386 605 3657 673 γενεσίων

2074 695 2411 750 ἐπιτελοῦσιν
2446 696 2668 767 ἑορτήν·
2707 695 2821 748 ἀλλ’
2855 695 3145 768 ἐπιφανείᾳ
3175 696 3411 768 Χριστοῦ
3443 696 3656 767 χαίρω-

2079 809 2176 863 μεν
2207 790 2339 863 (87),
2386 790 2478 845 καὶ
2510 788 2686 856 φωτὸς
2723 788 3016 859 ὲπιλάμψει
3059 788 3260 854 θεῖκοῦ,
3293 789 3355 844 οὐ
3395 787 3655 842 κοινωνὸν

2076 884 2290 954 ἔχοντες
2329 884 2428 954 τῆς
2459 881 2852 953 αἰχμαλωσίας,
2888 880 3023 934 ἀλλὰ
3063 881 3339 952 λυτρωτὴν
3381 880 3523 934 κατὰ
3556 879 3657 932 τὸν

2090 974 2427 1029 Ἀπόστολον.
2460 974 2525 1027 Τί
2564 974 2619 1027 δὲ
2657 969 2725 1045 ἦν
2757 973 2851 1024 ἐπὶ
2892 971 3136 1036 τούτοιςς
3186 972 3250 1024 Ἦ
3282 971 3482 1041 χρίσις,
3524 967 3656 1023 καθ’

2075 1067 2140 1139 ἢν
2163 1065 2496 1137 γεννώμενος
2526 1065 2798 1137 θειότερον
2822 1064 2855 1135 ἢ
2881 1064 3001 1117 κατ’
3031 1062 3365 1133 ἀνθρώπους,
3394 1062 3489 1115 καὶ
3512 1079 3658 1134 τραο

2076 1158 2196 1227 φεὶς
2241 1158 2589 1229 θειοτέρωςῆ
2637 1157 2756 1211 καθ’
2808 1157 2955 1227 ἡμᾶς
3002 1154 3253 1226 Χριστός.
3295 1154 3367 1206 Τὸ
3412 1155 3509 1225 μὲν
3554 1148 3657 1208 οὖν

2078 1249 2262 1318 σχῆμα
2301 1248 2441 1301 κατὰ
2475 1248 2573 1319 τὴν
2619 1248 2797 1320 σάρκα
2837 1249 2895 1299 ὲν
2938 1246 3088 1300 ὕδατι
3143 1245 3456 1315 βαπτίζεται
3511 1245 3657 1316 μετὰ

2089 1339 2373 1394 Ἰουδαίων.
2421 1340 2530 1393 Καὶ
2566 1340 2819 1409 Ἰωάννης
2864 1342 2891 1393 ὁ
2926 1337 3223 1408 βαπτίζων,
3271 1336 3364 1389 καὶ
3407 1337 3658 1408 ποταμὸς

2088 1431 2354 1502 Ἰορδάνης
2397 1433 2426 1484 ὁ
2472 1429 2642 1483 λούων
2675 1429 2835 1499 σῶμα
2877 1428 2938 1481 τὸ
2982 1428 3143 1492 θεῖον,
3196 1429 3289 1481 καὶ
3334 1427 3657 1498 Πνεύματος

2075 1523 2260 1593 ἔφοδος
2294 1523 2353 1589 ἐξ
2392 1522 2622 1594 οὐρανοῦ
2674 1524 2754 1585 εἰς
2793 1521 2855 1575 τὸ
2905 1520 3143 1590 καθαρὸν
3187 1520 3346 1591 σῶμα
3389 1519 3482 1572 τοῦ
3514 1521 3659 1592 Χρι-

2077 1615 2225 1679 στοῦ,
2266 1615 2325 1681 ἐξ
2358 1609 2419 1670 οὗ
2461 1615 2556 1668 καὶ
2600 1616 2678 1676 εἰς
2712 1615 2858 1685 ἡμᾶς
2892 1613 3156 1666 διαϐαίνει
3182 1614 3302 1667 καθ’
3335 1612 3591 1684 ὁμοίωσιν
3615 1614 3652 1684 ὴ

2074 1709 2341 1779 κάθαρσις
2380 1706 2512 1779 (88),
2536 1706 2621 1761 ἵνα
2666 1707 2760 1760 καὶ
2800 1708 2959 1777 ἡμεῖς
3003 1705 3452 1777 ἀκολουθήσωμεν
3499 1703 3655 1775 αὐτῷ

402 1805 599 1850 ventus
633 1796 754 1857 fuit,
782 1810 814 1849 a
852 1811 960 1867 quo
1013 1797 1070 1850 in
1102 1811 1205 1851 nos
1248 1796 1500 1865 purgatio
1531 1804 1831 1851 transmeat
1875 1811 1972 1866 per
2001 1820 2026 1876 ε

2078 1800 2407 1872 πληροῦντες
2451 1801 2629 1853 πᾶσαν
2683 1799 3050 1869 δικαιοσύνην,
3105 1800 3197 1852 καὶ
3261 1798 3655 1870 καθαιρόμενοι

404 1886 854 1952 similitudinem;
890 1896 951 1940 ut
981 1887 1158 1957 ipsum
1186 1902 1504 1956 sequamur,
1534 1888 1969 1956 impleamusque

2078 1894 2130 1946 ἐν
2187 1891 2337 1963 αὐτῷ
2385 1891 2465 1963 τῷ
2507 1890 2717 1963 Κυρίῳ,
2772 1884 2817 1960 ᾧ
2863 1890 3061 1963 ήδόξα
3113 1893 3192 1957 είς
3241 1892 3367 1956 τοὺς
3425 1893 3652 1957 αἰῶνας.

403 1992 621 2032 orantem
658 1978 950 2046 justitiam,
976 1980 1190 2048 purgati
1225 1979 1283 2034 in
1311 1979 1432 2050 ipso
1456 1976 1706 2044 Domino,
1736 1977 1826 2033 cui
1853 1978 1970 2049 glo-

2086 1982 2257 2054 Ἀμήν
2291 1982 2421 2054 (89)-

404 2069 487 2123 ria
511 2069 568 2123 in
601 2069 822 2124 saecula.
856 2069 1057 2127 Amen.

366 2274 374 2323 ἱ
473 2269 522 2302 ⁸⁸
552 2268 688 2325 Luc.
728 2285 806 2337 ll,
842 2270 929 2326 Η.

498 2425 587 2491 86)
622 2425 1007 2496 Seguerianus.
1043 2426 1180 2480 οἵαν.

475 2426 585 2566 ξεῖ)
621 2494 864 2560 Gobler.,
907 2494 1053 2551 Felc.
1110 2511 1175 2559 t.,
1230 2493 1478 2566 Seguer.,
1505 2494 1789 2566 χαίρομεν.
1828 2490 1971 2565 ,Μοι

2149 2420 2261 2565 €88)
2292 2421 2613 2479 Basiliensis
2650 2432 2703 2479 et
2726 2423 2975 2507 segnem,
3007 2425 3043 2497 ἡ
3069 2424 3365 2496 σάρκωσις.

2172 2495 2262 2565 89)
2298 2493 2443 2566 Haec.
2468 2497 2543 2558 είς
2571 2496 2697 2559 τοὺς
2719 2497 2940 2559 αἰωνας,
2969 2497 3140 2566 ἀμήν,
3154 2497 3352 2566 desunt
3378 2496 3391 2550 i

498 2490 585 2567 87)
621 2490 864 2568 Go'bler.,
907 2494 1053 2551 Felc.
1110 2511 1175 2559 t.,
1230 2493 1478 2567 Seguer.,
1505 2494 1789 2567 χαίρομεν.
1828 2490 1971 2565 ,Μοι

2111 2567 2120 2568 7
2149 2490 2262 2565 (89)
2298 2493 2448 2568 Haec,
2468 2497 2543 2558 είς
2571 2496 2697 2559 τοὺς
2719 2490 2940 2568 αἰῶνας,
2969 2490 3352 2568 ἀμῖήνίροειιηι
3378 2496 3430 2552 in
3451 2493 3652 2552 Goble-

405 2563 618 2636 ἔχοντες
644 2567 796 2623 deest
830 2568 885 2622 in
918 2568 1269 2639 Segueriano.
1307 2563 1328 2567 ⁷
1506 2563 1540 2567 “
1606 2563 1617 2567 ⁷
1673 2563 1683 2566 ’
1830 2563 1838 2565 ἡ
2076 2563 2252 2620 ι’ἱιιιιο
2273 2573 2329 2620 et
2360 2563 2506 2620 Felc.
2541 2580 2580 2632 ι,
2617 2580 2717 2621 nec
2743 2566 2880 2621 lecta
2912 2563 3040 2622 sunt
3063 2563 3094 2620 a
3123 2565 3358 2622 Nannio.

1256 2974 1332 3037 ιΝ
1388 2973 1742 3048 SEQUENS
1788 2972 2255 3036 OPUSCULUM
2308 2974 2805 3053 ADMONITIO.,

470 3181 515 3239 ι.
558 3180 716 3235 Vetus
740 3194 887 3234 error
917 3178 1152 3233 omnium
1180 3175 1412 3248 (excepto
1438 3174 1752 3249 Basiliensi)
1783 3178 2265 3247 manuscriptorum
2296 3188 2394 3245 est,
2421 3188 2480 3234 ut
2508 3181 2606 3236 hoc
2648 3181 2954 3251 opusculum
2996 3199 3115 3238 cum
3142 3187 3462 3256 ea'positione
3499 3189 3658 3248 illius

402 3274 577 3330 dicti:
606 3271 801 3328 Omnia
838 3270 972 3324 mihi
999 3269 1199 3322 tradita
1229 3277 1357 3322 sunt
1394 3283 1424 3322 a
1452 3268 1633 3332 Patre,
1664 3267 1759 3322 sub
1785 3284 1891 3322 uno
1942 3267 2224 3339 eodemque
2254 3269 2408 3324 titulo
2438 3270 2736 3341 jungatur:
2769 3271 2865 3324 hoc
2901 3272 3097 3329 scilicet
3126 3276 3330 3343 ordine,
3373 3289 3431 3332 ut
3475 3281 3657 3347 primo

402 3375 633 3437 ponatur
667 3364 972 3426 Tractatus,
1002 3361 1058 3414 in
1083 3358 1218 3413 illud
1250 3374 1268 3413 :
1297 3358 1494 3414 Omnia
1539 3360 1674 3414 mihi
1721 3358 1924 3414 tradita
1977 3368 2127 3425 sunt,
2160 3370 2267 3416 etc.
2300 3360 2561 3428 Secundo,
2592 3363 2945 3432 fragmentum
2998 3382 3064 3420 ea:
3117 3368 3251 3424 libro
3298 3371 3362 3425 de
3410 3370 3657 3431 Nictenis

403 3466 644 3528 decretis,
672 3479 726 3534 p.
763 3463 888 3527 211,
916 3459 1085 3515 Τοῦτό
1111 3461 1259 3513 ἐστιν
1285 3460 1499 3533 ἀληθῶς
1526 3461 1846 3515 διδασκαλία
1871 3477 1885 3514 :
1913 3460 2026 3517 Haec

2078 3470 2158 3519 est
2178 3478 2308 3519 vera
2340 3463 2612 3530 doctrina,
2641 3474 2749 3520 etc.
2776 3465 2871 3520 sub
2902 3463 3079 3522 eodem
3109 3467 3281 3533 titulo,
3317 3471 3499 3538 paucis
3526 3480 3658 3527 tan-

406 3568 518 3611 tum
549 3556 769 3610 mutatis
794 3553 981 3608 verbis.
1015 3553 1190 3610 Tertio
1219 3557 1302 3611 hic
1329 3558 1538 3612 libellus
1570 3558 1634 3612 de
1666 3558 1919 3613 Sabbatis
1952 3570 2323 3630 consequenter
2347 3560 2633 3633 eademque
2673 3564 2871 3632 pariter
2898 3563 3259 3634 inscriptione.
3293 3566 3471 3636 quue
3491 3584 3661 3636 pror-

403 3667 495 3705 sus
525 3649 677 3703 modo
692 3650 871 3718 jacent
895 3650 947 3702 in
981 3647 1137 3704 editis
1175 3651 1416 3706 omnibus
1446 3651 1655 3707 Latinis
1713 3654 1998 3708 Athanasii
2022 3671 2087 3709 ea:
2118 3654 2323 3710 Nannii
2348 3658 2600 3713 versione.
2628 3657 2744 3725 Quo
2778 3668 2953 3714 autem
2979 3674 3106 3712 casu
3133 3676 3213 3713 res
3237 3661 3313 3714 ita
3333 3662 3657 3730 disparatae,

404 3751 774 3812 consequenter
790 3750 840 3795 et
865 3741 957 3795 sub
986 3740 1165 3795 eadem
1190 3742 1344 3797 titulo
1378 3746 1570 3812 posita:
1599 3743 1818 3813 fuerint,
1853 3746 1969 3816 quis
2007 3748 2265 3816 augurari
2295 3748 2517 3805 valeat?
2568 3748 2699 3805 Haec
2749 3752 3001 3819 opuscula
3045 3770 3134 3807 seu
3180 3755 3479 3825 fragmenta
3510 3767 3661 3812 recte

404 3837 613 3892 demum
647 3838 814 3892 divisa
837 3836 1053 3906 fuerunt
1084 3854 1115 3891 a
1141 3835 1572 3894 Commelinianis
1601 3840 1917 3906 editoribus,
1958 3858 2088 3913 quos
2124 3845 2289 3897 secuti
2312 3844 2390 3898 ita
2418 3854 2537 3899 sunt
2568 3844 2920 3909 Parisienses,
2978 3853 3037 3898 ut
3086 3855 3364 3916 postquam
3394 3854 3493 3899 tres
3522 3846 3660 3900 illos

407 3939 682 4009 tractatus
710 3931 762 3983 in
806 3931 980 3998 priore
1015 3939 1155 3984 tomo
1184 3929 1393 3984 divisim
1433 3932 1763 4000 retulissent,
1804 3940 1861 3986 ut
1891 3949 1972 3988 res
2017 3935 2359 4003 postulabat;
2390 3935 2619 3992 secundo
2648 3937 2839 3991 iterum
2894 3947 3054 4003 tomo,
3085 3955 3136 4009 p.
3176 3937 3264 4001 64,
3293 3938 3661 4009 fragmentum

404 4002 728 4097 reposuerint
761 4042 779 4081 :
808 4026 934 4082 Haec
970 4035 1055 4082 cst
1082 4028 1228 4083 enim
1255 4045 1383 4085 vera
1414 4029 1686 4092 doctrina,
1721 4040 1772 4085 et
1805 4042 2178 4103 consequenter
2202 4033 2297 4088 hoc
2330 4032 2394 4088 de
2425 4033 2677 4090 Sabbatis
2712 4033 3041 4104 opusculum.
3093 4031 3309 4086 Primus
3342 4047 3500 4100 porro
3534 4040 3662 4086 tra-

405 4131 602 4187 ctatus,
633 4134 811 4191 nempe
838 4121 891 4174 in
921 4120 1054 4173 illud
1086 4133 1105 4173 :
1138 4116 1331 4188 Omnia
1357 4118 1491 4172 mihi
1518 4120 1723 4174 tradita
1748 4128 1899 4186 sunt,
1931 4130 2063 4185 etc..
2091 4122 2202 4176 suis
2230 4139 2340 4177 sese
2375 4125 2514 4177 notis
2536 4124 2716 4194 prodit
2743 4141 2854 4179 esse
2887 4123 3335 4179 Athanasianum.
3380 4121 3507 4177 Vide
3536 4125 3662 4192 pri-

404 4232 492 4270 mo
530 4224 668 4269 tomo
701 4231 755 4286 p.
798 4216 886 4271 8!.
922 4213 1306 4285 Fragmentum
1329 4231 1447 4269 vero
1483 4230 1503 4269 :
1533 4214 1663 4271 Haec
1682 4225 1765 4271 est
1790 4216 1937 4272 enim
1970 4233 2095 4273 vera
2128 4218 2403 4286 doctrina,
2433 4220 2664 4275 diximus
2686 4237 2763 4293 ea
2786 4220 2921 4274 libro
2944 4219 3007 4273 de
3046 4217 3282 4273 Niccent's
3309 4216 3530 4271 decretis
3552 4232 3660 4271 ea:-

404 4318 638 4377 cerptum
658 4310 841 4379 fuisse.
876 4306 1031 4362 Hunc
1057 4320 1174 4361 vero
1205 4313 1492 4356 tractatum
1515 4303 1655 4375 quod
1676 4313 1902 4374 spectat,
1936 4322 2004 4359 an
2037 4307 2322 4361 Athanasii
2352 4310 2421 4363 sit
2454 4327 2631 4375 necne,
2662 4314 2749 4365 uia:
2777 4308 3087 4379 deprehendi
3116 4319 3305 4378 potest,
3338 4325 3455 4362 cum
3498 4308 3665 4365 nulla

404 4402 611 4469 uspiam
644 4402 722 4453 uel
752 4399 959 4462 νοθείας
997 4400 1073 4467 vel
1099 4394 1451 4467 γνησιὸτητος
1487 4403 1614 4448 nota
1662 4405 1965 4464 compareat
1991 4412 2010 4449 :
2034 4397 2265 4453 humilia:
2287 4416 2509 4470 namque
2548 4402 2767 4471 speciem
2796 4403 3148 4474 prwfert,quo
3178 4402 3442 4458 scribendi
3465 4418 3664 4473 genere

404 4490 538 4545 nihil
591 4491 757 4544 edidit
805 4490 1160 4559 Athanasius,
1209 4489 1345 4562 quod
1393 4489 1464 4544 ad
1502 4508 1597 4546 nos
1639 4507 1799 4563 usque
1846 4495 2142 4562 pervenerit
2172 4511 2191 4549 :
2240 4497 2377 4551 unde
2442 4498 2530 4552 vix
2584 4513 2651 4552 ea:
2677 4500 2816 4571 stglo
2866 4501 3069 4571 aliquid
3112 4500 3320 4557 decerni
3370 4516 3523 4571 posse
3580 4501 3666 4555 ci-

402 4582 578 4637 detur.

474 4695 541 4753 ΙΙ.
568 4695 756 4767 Agitur
784 4697 868 4751 hic
887 4697 951 4752 de
983 4696 1236 4761 Sabbato,
1269 4697 1410 4769 quod
1442 4714 1546 4752 non
1576 4698 1692 4762 otii,
1728 4694 1817 4767 sed
1842 4696 1941 4752 Dei
1969 4700 2318 4768 cognoscendi
2346 4716 2512 4755 causa
2544 4701 2731 4757 datum
2752 4701 3071 4773 defenditur,
3099 4706 3163 4761 de
3194 4706 3473 4761 Dominica
3494 4706 3661 4776 item,

402 4791 468 4846 de
495 4791 890 4848 circumcisione
926 4803 975 4848 et
1009 4791 1449 4874 baptismatesEt
1493 4810 1620 4848 sane
1652 4793 1943 4864 quamdam
1994 4793 2275 4865 dignitatis
2313 4801 2539 4866 speciem
2591 4799 2807 4869 praefert
2853 4800 2950 4855 hoc
2982 4801 3315 4869 opusculum,
3350 4808 3409 4853 ut
3444 4800 3492 4852 si
3540 4816 3663 4855 non

400 4883 686 4940 Athanasii
713 4887 783 4940 sit
808 4924 824 4948 ,
866 4887 1093 4958 alicujus
1124 4890 1315 4945 saltem
1343 4892 1415 4959 pii
1435 4891 1675 4960 doctique
1713 4892 1761 4944 vi
1779 4891 1827 4944 ri
1858 4907 1988 4961 opus
2017 4907 2131 4946 esse
2160 4900 2400 4961 putetur.
2439 4891 2765 4948 Manendum
2787 4894 3006 4967 denique
3039 4898 3309 4960 duximus,
3335 4895 3405 4948 ad
3443 4897 3666 4951 oratio-

400 4991 520 5029 nem
534 4987 781 5045 quartam
796 4989 981 5035 contra
1006 4981 1258 5047 Arianos,
1285 4992 1418 5036 tom.
1441 4980 1508 5047 ll,
1534 4997 1590 5051 p.
1623 4981 1751 5045 496,
1788 4984 1844 5035 in
1876 4985 2109 5054 margine
2134 4983 2372 5037 codicum
2405 4984 2601 5048 Basil.,
2629 4986 2834 5041 Gobler.
2855 4997 2903 5042 et
2926 4984 3159 5042 Felckm.
3189 4988 3241 5052 1,
3263 4985 3375 5040 haec
3405 4986 3538 5057 legi:
3571 4985 3669 5040 Τὰ

402 5068 532 5139 περὶ
558 5068 845 5126 σαϐϐάτων
894 5074 987 5127 καὶ
1026 5075 1326 5146 περιτομῆς
1356 5068 1457 5127 ὦδε
1488 5074 1713 5128 ἔκειντο.
1743 5073 2022 5146 Opusculu

2078 5124 2079 5127 η
2111 5076 2180 5131 de
2223 5075 2480 5133 Sabbatis
2509 5087 2564 5135 et
2608 5082 3050 5148 circumcisione,
3084 5084 3175 5138 hic
3206 5083 3445 5153 positum
3476 5088 3607 5134 erat
3643 5098 3664 5137 :

402 5159 529 5257 quid
555 5177 730 5218 causa:
758 5181 875 5219 vero
898 5168 968 5222 sit
990 5167 1127 5240 quod
1155 5184 1215 5224 co
1251 5169 1353 5225 loci
1386 5170 1711 5225 translatum
1746 5171 1944 5257 fuerit,‘
1973 5189 2039 5229 ne
2077 5173 2379 5251 conjectare
2410 5175 2621 5233 quidem
2676 5179 2792 5234 licet
2810 5196 2982 5257 tcum
3022 5179 3088 5235 de
3140 5179 3294 5235 rebus
3335 5177 3449 5233 illic
3492 5176 3663 5241 longe

404 5252 704 5322 disparibus
735 5268 944 5330 agatur.
1572 5295 1574 5298 ν
1935 5247 1944 5257 ’
2250 5248 2251 5251 η
2847 5250 2870 5262 ”
2909 5250 2919 5260 “
2967 5247 2982 5259 ’
