3890 6200
131 267 240 322 155

1160 266 1251 322 DE
1288 266 1616 325 SABBATIS
1644 266 1741 323 ἘΤ
1777 266 2342 337 CIRCUMCISIONEJ

3283 268 3390 327 {5‘

1208 452 1347 507 ΤΟΥ
1380 452 1474 506 ΕΝ
1508 452 1733 506 ΔΓΙΟΙΣ
1769 453 2041 507 ΠΑΤΡΟΣ
2078 453 2278 508 ΗΜΩΝ

1450 613 2088 704 ΑΘΑΝΛΣΙΟΥ

858 802 1040 856 ΠΕΡΙ
1067 801 1451 856 ΣΔΒΒΑΤΩΝ
1479 803 1615 855 ΚΑΙ
1640 802 2088 867 ΠΕΡΙΤΟΜΗΣ,
2123 803 2225 857 ΕΚ
2257 803 2396 857 ΤΗΣ
2431 799 2732 857 ΕΞΟΔΟΥ.

1129 1043 1226 1132 S.
1303 1043 1413 1130 P.
1496 1043 1616 1131 N.
1691 1039 2336 1130 ATHANASII

669 1236 789 1299 DE
814 1236 1219 1300 SABBATIS
1250 1237 1367 1299 ET
1397 1230 2083 1308 CIRCUMCISIONE,
2119 1232 2240 1293 EX
2262 1230 2520 1293 LIBRO
2559 1228 2850 1293 EXODI.

191 1537 249 1593 ι.
296 1554 319 1589 ι
359 1532 475 1589 Καὶ
502 1531 829 1605 φυλάξουσιν
853 1533 902 1585 οἱ
931 1532 1037 1585 υἱοὶ
1070 1530 1286 1604 Ἰσραὴλ
1322 1530 1391 1585 τὰ
1427 1531 1697 1595 Σάϐϐατα,

1872 1529 2064 1603 421.
2098 1547 2117 1581 ι
2157 1528 2224 1583 Et
2281 1528 2596 1584 custodient
2648 1527 2744 1583 ﬁlii
2799 1526 2965 1584 lsrael
3028 1529 3282 1596 Sabbata,
3321 1537 3377 1587 et

122 1632 300 1685 ποιεῖν
343 1627 491 1683 αὐτὰ
515 1628 595 1691 είς
635 1627 735 1689 τὰς
777 1625 968 1695 γενεὰς
995 1625 1191 1679 αὐτῶν.
1220 1624 1459 1697 Διαθήκη
1492 1624 1706 1688 αίὼνιος

123 1724 181 1776 ἐν
216 1722 344 1794 ἐμοὶ
378 1721 476 1774 καὶ
500 1722 613 1782 τοῖς
634 1720 771 1781 υἱοῖς
808 1716 1040 1789 Ἰσραὴλ,
1076 1716 1298 1788 σημεῖόν
1319 1718 1466 1769 ἐστιν
1494 1717 1550 1769 ὲν
1584 1717 1708 1787 ἐμοὶ

124 1815 365 1879 αἰώνιον,
408 1816 492 1868 ὅτι
535 1812 596 1877 ἒξ
641 1811 874 1882 ἡμέραις
916 1811 1138 1880 ἐποίησε
1166 1809 1367 1881 Κύριος
1413 1809 1503 1862 τὸν
1544 1809 1709 1878 ούρα-

124 1907 213 1959 νὸν
246 1906 364 1977 (90)
389 1905 484 1959 καὶ
528 1905 627 1975 τὴν
676 1904 802 1974 γῆν,
844 1903 937 1956 καὶ
971 1905 1035 1974 τῇ
1073 1901 1272 1973 ἐϐδόμῃ
1314 1901 1499 1974 ἡμέρᾳ
1541 1900 1705 1955 κατέ-

125 2014 329 2051 παυσε.
368 2016 389 2049 ›
427 1996 660 2068 Σημεῖόν
699 1996 818 2048 ἐστι
859 1994 954 2048 τοῦ
984 1994 1179 2048 ειδέναι
1217 1995 1312 2065 τὴν
1350 1995 1446 2066 τῆς
1478 1994 1707 2058 κτίσεως

124 2088 365 2159 ἡμέραν,
399 2087 578 2141 καὶτὸ
612 2086 818 2158 ταύτης
840 2086 1011 2150 τέλος.
1052 2085 1362 2140 Ἀκόλουθον
1405 2082 1469 2158 ἧν
1506 2084 1611 2149 ἕως
1640 2085 1707 2140 τὰ

123 2181 227 2251 τῆς
258 2181 493 2243 κτίσεως
523 2180 815 2251 ὲνεργείτο,
843 2180 934 2232 ἐπὶ
953 2179 1052 2249 τῆς
1084 2178 1436 2250 Ἰερουσαλὴμ
1458 2178 1563 2242 ἕως
1584 2176 1705 2231 τότε

124 2273 419 2341 φυλάττειν
446 2272 516 2325 τά
542 2271 817 2325 Σάϐϐατα.
858 2270 1143 2342 Ἐλθούσης
1169 2271 1224 2324 δὲ
1254 2271 1350 2342 τῆς
1383 2270 1574 2342 ἐτέρας
1612 2287 1707 2339 γε·

123 2367 254 2430 νεᾶς
288 2366 387 2419 καὶ
432 2364 528 2417 τοῦ
572 2363 889 2435 κτιζομένω
920 2362 1071 2426 λαοῦ,
1107 2362 1247 2417 κατὰ
1288 2364 1349 2417 τὸ
1382 2363 1701 2434 λεγόμενον⁹

130 2476 153 2509 ι
197 2458 476 2528 Γραφητω
502 2456 639 2528 αὕτη
674 2457 753 2519 εἰς
777 2456 966 2524 γενεὰν
995 2456 1207 2528 ἑτέραν,
1234 2456 1326 2509 καὶ
1361 2455 1487 2519 λαὸς
1528 2458 1557 2509 ὁ
1588 2473 1705 2510 κτι-

126 2546 357 2617 ζὸμενος
389 2547 595 2600 αἰνέσει
640 2546 732 2598 τὸν
779 2545 1012 2616 Κύριον·
1050 2565 1071 2599 ι
1120 2547 1331 2617 ἀνάγκη
1382 2545 1576 2618 μηκέτι
1613 2546 1704 2600 τὸν

126 2639 254 2693 λαὸν
286 2638 478 2693 τοῦτον
517 2642 703 2710 τηρεῖν
743 2638 805 2692 τὸ
835 2640 932 2709 τῆς
970 2638 1239 2710 προτέρας
1272 2637 1501 2703 κτίσεως
1531 2637 1702 2702 τέλος,

124 2729 266 2783 ἀλλὰ
290 2729 392 2800 τὴν
418 2730 592 2801 ἀρχὴν
616 2730 716 2799 τῆς
746 2730 1000 2799 δευτέρας
1029 2730 1257 2793 κτίσεως
1291 2727 1492 2800 ζητεῖν.
1519 2729 1614 2794 Τίς
1649 2729 1705 2783 δέ

124 2823 296 2881 ἐστιν,
324 2822 362 2892 ἢ
392 2822 516 2874 καθ’
538 2822 606 2892 ἢν
631 2821 830 2889 ἀνέστη
863 2823 891 2874 ὁ
927 2822 1167 2893 Κύριος;
1199 2822 1424 2875 Ἐκτοτε
1462 2821 1572 2893 γὰρ
1603 2822 1704 2891 ἀρ-

1809 1622 2163 1677 celebrabunt
2218 1621 2310 1675 illa
2361 1621 2415 1675 in
2456 1620 2904 1689 generationibus
2957 1621 3072 1675 suis
3108 1640 3122 1675 :
3155 1630 3373 1691 pactum

1809 1713 2197 1782 sempiternum
2233 1712 2375 1765 inter
2403 1725 2488 1765 me
2518 1715 2572 1765 et
2604 1710 2748 1764 inter
2779 1710 2918 1764 ﬁlios
2953 1711 3375 1782 lsrael,signum

1806 1804 1967 1860 estin
1998 1819 2084 1859 me
2122 1812 2444 1874 perpetuum
2482 1804 2655 1872 :quia-
2682 1818 2777 1858 sex
2803 1802 2995 1859 diebus
3027 1803 3154 1859 fecit
3192 1803 3377 1859 Domi-

1806 1908 1914 1948 nus
1952 1893 2151 1947 cmlum
2192 1900 2246 1947 et
2280 1901 2506 1956 terram,
2532 1899 2586 1946 et
2608 1894 2838 1963 septimo
2861 1891 2950 1947 die
2975 1893 3210 1947 cessavit
3237 1893 3306 1949 ⁸⁷.
3345 1910 3368 1946 ι

1808 1981 2036 2053 Signum
2054 1991 2138 2038 est
2159 1990 2220 2037 ut
2250 1983 2475 2046 sciatur,
2495 1982 2613 2038 dies
2637 1984 2951 2047 creationis,
2982 1984 3209 2054 ejusque
3226 1983 3370 2040 ﬁnis.

1805 2074 2247 2130 Consentaneum
2287 2081 2426 2139 erat,
2458 2081 2519 2128 ut
2566 2075 2814 2144 quandiu
2862 2081 3130 2129 creaturae
3172 2073 3374 2129 conde-
3492 2100 3495 2105 ν

1804 2165 2025 2229 bantur,
2042 2163 2234 2218 tandiu
2268 2163 2322 2217 in
2352 2161 2654 2218 Jerusalem
2678 2162 2914 2217 Sabbata
2942 2161 3370 2217 custodirentur.

1803 2254 2007 2311 Verum
2032 2255 2125 2309 ubi
2157 2253 2309 2308 venit
2340 2254 2619 2324 generatio
2652 2254 2843 2320 altera,
2871 2262 2926 2309 et
2968 2255 3203 2324 p0pulus
3232 2253 3373 2309 alius

1803 2346 1900 2417 qui
1941 2353 2158 2401 creatus
2204 2351 2310 2407 est,
2350 2344 2507 2413 juxta
2551 2342 2756 2398 dictum
2810 2344 2985 2398 illud:
3024 2363 3043 2395 ε
3089 2331 3373 2398 δοτὶιῖειω-

1803 2439 1920 2493 haec
1952 2438 2007 2491 in
2042 2436 2391 2507 generatione
2417 2436 2606 2501 altera,
2635 2442 2690 2490 et
2719 2436 2951 2504 populus
2980 2436 3074 2505 qui
3099 2434 3373 2489 creabitur

1803 2528 2047 2583 laudabit
2070 2526 2362 2583 Dominum
2392 2526 2437 2559 ⁸⁸
2475 2544 2488 2579 :
2525 2544 2545 2578 ι
2584 2539 2694 2579 non
2726 2540 2953 2580 necesse
2980 2526 3120 2580 ultra
3162 2525 3285 2587 fuit,
3310 2535 3372 2580 ut

1803 2619 1893 2674 hic
1938 2619 2175 2691 populus
2234 2617 2433 2686 prioris
2465 2615 2759 2670 creationis
2812 2616 2973 2669 linem
3017 2616 3368 2684 observaret,

1805 2707 1901 2763 sed
1942 2717 1999 2762 ut
2022 2706 2277 2764 secunda:
2317 2706 2616 2761 creationis
2646 2703 2864 2759 initium
2896 2712 3183 2774 quaereret.
3212 2703 3369 2770 Quod

1802 2807 1983 2854 autem
2019 2799 2150 2853 illud
2204 2797 2421 2869 initium
2465 2804 2569 2865 est,
2597 2796 2706 2853 nisi
2732 2811 2841 2867 qua
2870 2798 2959 2852 die
2984 2796 3249 2853 Dominus
3281 2811 3369 2852 re-

123 2914 223 2984 κήν
269 2889 433 2983 Ed”
478 2915 512 2984 ἡ
562 2889 723 2985 λιαινὴ
761 2914 957 2978 κτίσις,
1010 2889 1138 2984 ἐπερὶ
1168 2907 1236 2985 ἧς
1282 2909 1434 2967 εἶπεν
1476 2889 1697 2966 0-11:1?)—

1804 2891 2081 2947 surrexit?
2127 2891 2326 2946 exhinc
2367 2889 2514 2945 enim
2573 2889 2859 2944 exordium
2901 2903 3057 2943 nova:
3100 2896 3368 2944 creatum

124 3003 213 3067 λος
255 3004 395 3074 (91)’
430 3022 449 3054 ι
489 3005 651 3057 Ὥστε
699 3004 864 3068 εἴτις
895 3006 954 3058 ὲν
981 3003 1202 3076 Χριστῷ
1243 3005 1402 3076 καινὴ
1448 3005 1643 3067 κτίσις.
1678 3023 1698 3057 ι

124 3096 233 3165 Τὴν
252 3096 357 3165 μὲν
371 3091 466 3149 οὖν
482 3095 752 3168 προτέραν
778 3096 951 3150 κτίσιν
976 3096 1141 3149 ποιῶν
1165 3098 1193 3149 ὁ
1208 3095 1338 3160 Θεὸς
1366 3096 1700 3150 κατέπαυσε*

122 3185 209 3239 διά
253 3186 419 3240 τοῦτο
447 3186 543 3239 καὶ
583 3186 644 3238 τὸ
691 3186 966 3240 Σάϐϐατον
996 3188 1054 3240 ὲν
1095 3188 1160 3257 τῇ
1191 3184 1373 3257 ἡμέρᾳ
1399 3187 1465 3256 τῇ
1501 3185 1701 3257 ἐϐδόμῃ

124 3278 356 3348 ἐτήρουν
389 3279 441 3330 οἱ
486 3277 588 3348 τῆς
630 3279 820 3346 γενεᾶς
863 3278 969 3349 (92)
1015 3277 1256 3349 ἐκείνης·
1300 3280 1334 3349 ἡ
1385 3276 1442 3331 δὲ
1474 3276 1702 3348 δευτέρα

124 3368 302 3430 κτίσις
337 3366 499 3430 τέλος
540 3367 640 3420 οὐκ
672 3366 785 3437 ἔχει
809 3385 822 3398 ο
866 3368 955 3423 διὰ
991 3366 1146 3421 τοῦτο
1176 3367 1294 3422 οὐδὲ
1338 3366 1698 3432 κατέπαυσεν,

124 3458 234 3511 ἀλλ’
276 3459 388 3522 ἓως
429 3459 555 3530 άρτι
593 3457 904 3527 ἐργάζεται.
944 3457 1101 3513 Ὅθεν
1145 3459 1263 3513 οὐδὲ
1307 3458 1701 3529 σαϐϐατίςομεν

123 3551 339 3621 ἡμέραν
363 3550 441 3613 ὡς
466 3551 561 3602 ἐπὶ
585 3553 650 3621 τῇ
686 3548 895 3622 πρώτη,
919 3549 1052 3604 ἀλλὰ
1087 3550 1157 3604 τά
1197 3549 1457 3621 μέλλοντα
1490 3550 1703 3614 ἐλπίζο-

124 3658 222 3711 μεν
252 3642 515 3695 Σάϐϐατα
539 3641 842 3706 σαϐϐάτων,
871 3640 907 3696 ἃ
933 3643 993 3696 οὐ
1016 3641 1167 3706 τέλος
1185 3643 1450 3713 λαμϐάνει
1475 3644 1508 3714 ή
1538 3642 1699 3715 καινὴ

122 3733 320 3797 κτίσις,
344 3731 487 3785 ἀλλὰ
516 3732 841 3803 φανεροῦται
865 3732 959 3784 καὶ
982 3731 1155 3786 διόλου
1177 3732 1441 3803 ἑορτάζει.
1467 3731 1567 3785 Διὰ
1590 3731 1699 3804 γὰρ

122 3826 279 3879 τοῦτο
308 3824 472 3895 ἐδόθη
500 3824 562 3878 τὸ
584 3824 858 3878 Σάϐϐατον
879 3824 957 3895 τῷ
983 3825 1229 3897 προτέρῳ
1253 3825 1387 3895 λαῷ,
1418 3825 1505 3879 ἵνα
1538 3823 1700 3894 γινώ-

125 3935 228 3993 σχῃ
254 3919 354 3972 καὶ
385 3918 448 3971 τὸ
480 3918 629 3981 τέλος
661 3918 756 3972 καὶ
785 3918 882 3989 τὴν
911 3917 1081 3989 ἀρχὴν
1112 3918 1212 3988 τῆς
1255 3919 1503 3981 κτίσεως.
1533 3919 1610 3989 Τῇ
1641 3917 1698 3971 δὲ

122 4012 280 4081 καινῇ
308 4010 489 4062 κτίσει
519 4009 617 4062 οὐκ
637 4007 934 4062 ἐνετείλατο
965 4008 1251 4078 φυλάττειν
1277 4007 1551 4062 Σάϐϐατον
1569 4025 1582 4037 ·
1611 4008 1699 4062 ἵνα

121 4101 216 4173 τὴν
245 4103 349 4172 μὲν
377 4101 556 4173 ἀρχὴν
584 4102 643 4154 ὲν
676 4104 743 4173 τῇ
777 4104 1024 4174 Κυριακῇ
1052 4101 1294 4173 γινώσκῃ
1326 4101 1455 4172 (95),
1479 4098 1697 4154 ἀτελεύ-

122 4210 279 4263 τητον
312 4193 373 4247 δὲ
400 4193 689 4246 ἐπίσταται
710 4193 808 4265 τὴν
835 4192 1037 4263 ταύτης
1062 4195 1239 4264 χάριν.

187 4438 245 4492 2.
277 4437 381 4491 Διὰ
418 4438 575 4492 τοῦτο
613 4438 672 4493 δὲ
715 4438 809 4492 καὶ
835 4438 934 4510 τὴν
965 4437 1160 4510 ἀρχὴν,
1192 4437 1436 4492 τουτέστι
1470 4435 1568 4509 τὴν
1581 4437 1694 4491 Κυ-

123 4530 322 4601 ριακὴν
350 4529 643 4600 ἐδήλωσεν,
675 4530 761 4583 ἵνα
786 4529 844 4583 τὸ
875 4529 1025 4594 τέλος
1057 4528 1158 4599 τῆς
1200 4528 1574 4602 παρελθούσης
1604 4545 1691 4598 γι-ιῦ

119 4619 358 4689 νὼσκῃς.
399 4617 460 4673 Ὀ
485 4616 616 4687 γοῦν
649 4617 963 4673 ’Δπόστολος
988 4621 1230 4692 περὶτῆς
1266 4620 1535 4692 προτέρας
1556 4618 1691 4690 γρά-

120 4724 238 4775 φων
269 4707 464 4776 φησίν·
507 4726 526 4757 ι
560 4708 687 4760 Ὅτε
714 4707 771 4761 δὲ
797 4704 926 4779 ἦλθε
952 4709 1013 4762 τὸ
1047 4710 1316 4782 πλήρωμα
1346 4710 1440 4764 τοῦ
1472 4709 1686 4781 χρόνου,

117 4797 499 4861 ἐξαπέστειλεν
534 4801 564 4851 ὁ
600 4797 731 4862 Θεὸς
767 4799 857 4852 τὸν
895 4800 1022 4853 Υἱδν
1059 4801 1224 4854 αὐτοῦ
1246 4819 1260 4832 ·
1300 4821 1320 4855 ι
1364 4801 1459 4854 καὶ
1490 4800 1683 4855 πάλιν*

125 4908 145 4938 ι
183 4889 311 4941 Ἐπὶ
338 4889 615 4961 συντελείᾳ
635 4888 743 4943 τῶν
769 4888 997 4943 αἰώνων.
1027 4910 1046 4943 ι
1082 4890 1287 4945 Οὐκοῦν
1312 4894 1345 4963 ἡ
1374 4893 1471 4962 μὲν
1495 4891 1686 4964 πρώτη

117 4979 478 5048 πεπλήρωται
515 4980 609 5033 καὶ
644 4979 1003 5047 τετελείωται,
1052 4981 1382 5049 οὐκίᾶλλοτε
1435 4980 1469 5053 ἦ
1522 4981 1599 5045 ὡς
1640 4984 1688 5035 οἱ

187 5131 235 5163 ⁸⁷
274 5127 449 5186 Exod.
488 5146 651 5196 xm,
685 5130 789 5196 16,
825 5132 912 5186 17.
986 5132 1034 5165 ⁸⁸
1068 5131 1214 5191 Psal.
1247 5148 1331 5199 Cl,
1369 5134 1456 5188 19.
1530 5134 1576 5167 ⁸⁹
1616 5132 1697 5188 Ill

1801 5154 1823 5189 η.
1857 5151 1911 5198 v,
1953 5135 2040 5190 l7.
2117 5136 2163 5167 ⁹⁰
2201 5133 2380 5192 Galat.
2416 5151 2507 5201 tv,
2540 5136 2596 5192 4.

195 5282 405 5407 (θοὲΙΤε
436 5291 561 5354 post
604 5282 855 5353 οὐρανόν,
905 5285 1100 5370 legitur
1144 5285 1197 5339 in
1227 5283 1410 5347 editis,
1436 5284 1676 5367 deestjn

195 5371 246 5407 ε.
331 5370 403 5407 ex
444 5355 574 5407 Rea.
595 5363 650 5407 et
680 5352 829 5407 δρα..
860 5357 925 5407 τῆ
951 5355 1151 5407 ὲϐδοιιη
1176 5355 1375 5407 ἡμέρα.
1410 5357 1469 5407 In
1492 5357 1675 5407 editis.

279 5352 403 5427 Mox
438 5352 574 5424 Reg.
595 5363 650 5408 et
674 5352 829 5424 ’Seg.,
860 5357 925 5425 τῇ
951 5352 1153 5426 ἐϐδόμῃ
1176 5355 1375 5427 ἡμέρᾳ.
1410 5357 1469 5410 In
1492 5357 1675 5422 editis,

125 5426 227 5494 ήμέ
324 5425 502 5479 deest.
1082 5425 1087 5426 ⁷
1142 5425 1145 5426 ⁷
1293 5425 1339 5427 “

191 5441 302 5548 (99ιῖ
330 5495 413 5546 Ita
456 5492 660 5548 Regius
698 5500 756 5548 et
796 5491 1017 5548 Seauer.
1041 5511 1057 5548 :
1080 5492 1244 5548 Basil.
1278 5490 1398 5548 εἷπε
1444 5492 1560 5548 Παῦ

191 5441 227 5477 ιε
324 5441 502 5479 aeesr.

317 5495 413 5578 _Ita
456 5492 660 5578 llegiQs
698 5500 756 5548 et
796 5491 1017 5565 Seguer.
1041 5511 1057 5560 ;
1080 5492 1244 5551 Basil.
1278 5490 1398 5549 εἷπε
1444 5492 1678 5560 Παῦλος.

128 5562 293 5628 Editi,
316 5565 419 5634 ἔφη
448 5564 479 5616 ὁ
512 5562 747 5626 Παῦλος.
872 5562 890 5565 ⁷
932 5592 935 5593 ν

193 5636 301 5715 (92)
334 5633 426 5715 sic
470 5633 682 5715 Regius
711 5633 899 5715 codex--
919 5640 975 5690 et
1017 5632 1242 5708 chuer.
1287 5633 1432 5692 Editi
1467 5650 1597 5693 vero
1625 5639 1680 5691 et

126 5702 319 5776 ceteri,
328 5705 430 5777 τῆς
465 5702 760 5774 γενέσεως,
783 5703 940 5761 male.

1785 5563 1954 5637 ljaulo
1984 5563 2358 5637 post'Regius,
2375 5563 2542 5622 ’θὀὗν
2582 5567 2937 5637 ’Δπόστολοᾳί
2961 5563 3084 5621 Moit

1800 2982 1924 3045 fuit,
1954 2982 2021 3037 de
2053 2996 2161 3053 qua
2192 2981 2325 3037 dicit
2351 2980 2555 3035 Paulus
2582 2998 2599 3034 ι
2625 2997 2644 3032 ι
2683 2978 2741 3033 Si
2763 2993 2871 3050 qua
2896 2994 3027 3050 ergo
3057 2979 3114 3033 in
3145 2979 3368 3035 Christo

1800 3088 1941 3128 nova
1985 3080 2238 3128 creatura
2259 3072 2326 3126 ⁸⁸.
2367 3091 2386 3124 ι
2415 3070 2660 3126 Priorem
2693 3071 2860 3142 igitur
2881 3071 3213 3127 creationem
3238 3086 3367 3125 cum

1800 3163 2025 3220 fecisset
2049 3163 2217 3227 Deus,
2244 3164 2517 3234 requievit
2548 3181 2563 3219 :
2590 3177 2760 3233 quare
2784 3162 3041 3218 homines
3059 3161 3369 3231 generatio-

1798 3258 1887 3313 nis
1919 3256 2071 3310 illius
2106 3253 2406 3310 Sabbatum
2430 3254 2725 3310 observant
2751 3254 2841 3309 die
2869 3254 3119 3323 septima.
3156 3251 3368 3309 Secun-

1798 3345 1868 3401 da
1898 3353 2082 3400 autem
2121 3345 2325 3399 creatio
2376 3344 2538 3399 ﬁnem
2588 3358 2699 3397 non
2752 3343 2936 3410 habet,
2972 3350 3027 3397 et
3080 3342 3203 3398 ideo
3253 3358 3366 3398 non

1797 3434 2088 3505 requievit,
2121 3433 2216 3489 sed
2247 3449 2423 3503 usque
2473 3433 2540 3487 ad
2573 3448 2816 3503 praesens
2838 3440 3054 3503 tempus
3087 3445 3365 3504 operatur.

1797 3526 2141 3596 Quapropter
2168 3540 2345 3595 neque
2377 3522 2602 3578 Sabbati
2635 3523 2778 3579 diem
2826 3525 3188 3592 celebramus,
3220 3532 3280 3579 ut
3306 3525 3366 3580 in

1796 3618 1973 3688 prima
2016 3616 2333 3683 creatione;
2391 3615 2485 3671 sed
2549 3629 2836 3686 speramus
2888 3614 3073 3669 futura
3125 3613 3362 3670 Sahbata

1798 3709 2171 3776 sabbatorum,
2228 3708 2286 3763 in
2338 3707 2541 3777 quibus
2595 3707 2758 3764 ﬁnem
2806 3721 2919 3761 non
2967 3706 3166 3776 accipit
3220 3722 3363 3761 nova

1797 3808 2071 3864 creatura,
2112 3800 2207 3855 sed
2262 3797 2669 3864 manifestatur,
2724 3805 2778 3853 et
2840 3802 3105 3868 perpetuo
3161 3794 3362 3851 festum

1795 3894 2055 3949 celebrat.
2102 3892 2227 3947 ldeo
2282 3892 2429 3946 enim
2481 3889 2781 3945 Sabbatum
2831 3888 3003 3959 priori
3040 3887 3242 3959 populo
3285 3888 3365 3942 in-

1791 3984 2044 4056 junctum
2066 3992 2169 4051 est,
2202 3990 2261 4037 ut
2289 3989 2647 4053 cognosceret
2678 3980 2839 4036 ﬁnem
2874 3988 2929 4035 et
2950 3980 3168 4034 initium
3204 3993 3363 4035 crea-

1793 4073 1981 4128 tionis.
2008 4071 2173 4126 Nova:
2217 4078 2397 4126 autem
2427 4078 2692 4125 creaturae
2728 4084 2839 4123 non
2871 4068 3127 4138 prum-epit
3152 4074 3213 4121 ut
3240 4081 3364 4124 sel-

1793 4172 1946 4220 varet
1975 4164 2270 4219 Sabbatum
2289 4205 2304 4230 ,
2334 4172 2392 4217 ut
2418 4163 2632 4217 initium
2668 4162 2887 4231 quidem
2915 4161 3142 4229 hujusce
3166 4160 3222 4214 in
3256 4158 3364 4217 Do-

1720 4244 1766 4303 C
1798 4254 2002 4309 minica
2049 4252 2137 4308 die
2184 4259 2530 4323 agnosceret,
2570 4258 2865 4321 nossetque
2921 4246 3095 4321 ipsius
3127 4251 3361 4322 gratiam

1799 4346 1963 4401 ﬁnem
1986 4360 2097 4400 non
2130 4345 2458 4401 habituram.

1865 4434 2168 4492 2.1dcirco
2225 4443 2403 4491 autem
2456 4435 2696 4501 initium,
2752 4435 2809 4491 id
2860 4443 2966 4502 est,
3020 4435 3357 4492 Dominicam

1796 4526 1941 4581 diem
1974 4526 2255 4591 indicavit,
2272 4535 2329 4579 ut
2350 4527 2634 4596 praeteritae
2655 4526 3019 4597 generationis
3042 4526 3199 4582 ﬁnem
3231 4539 3360 4595 cog-

1796 4632 2077 4674 nosceres.
2117 4615 2413 4686 Apostolus
2445 4633 2577 4687 ergo
2617 4616 2684 4672 de
2716 4618 2898 4688 priore
2939 4618 3185 4673 scribens
3228 4616 3305 4670 ait
3339 4631 3354 4670 :

1800 4727 1821 4759 ι
1856 4710 1926 4762 At
1966 4708 2060 4764 ubi
2104 4709 2255 4765 venit
2284 4709 2564 4780 plenitudo
2591 4710 2873 4781 temporis,
2914 4710 3063 4765 misit
3099 4707 3243 4763 Deus
3266 4705 3359 4761 Fi-

1792 4800 1927 4856 lium
1969 4815 2132 4857 suum
2151 4801 2244 4867 ’°;
2284 4818 2304 4853 ι
2340 4807 2396 4856 et
2441 4816 2637 4857 rursus
2670 4820 2684 4855 :
2727 4819 2747 4852 ι
2785 4800 2845 4855 ln
2885 4799 3358 4856 consummatione

1796 4891 2121 4946 saeculorum
2149 4892 2217 4942 οι.
2258 4909 2278 4941 ι
2313 4889 2498 4944 Prima
2532 4891 2696 4961 igitur
2739 4890 2962 4961 impleta
3009 4895 3095 4943 est
3135 4895 3190 4942 et
3223 4899 3358 4940 con-

1795 4989 2091 5048 summata,
2117 4997 2228 5036 non
2257 4981 2368 5036 alio
2398 4996 2562 5052 quam
2590 4997 2654 5038 eo
2672 4992 2938 5052 tempore,
2969 4980 3035 5034 de
3061 4992 3170 5049 quo
3191 4975 3355 5031 locuti

2700 5136 2747 5169 "
2789 5133 2981 5189 Matth.
3019 5146 3155 5199 xm,
3190 5131 3283 5187 ΔΟ.

1853 5285 2129 5374 (θθμτειῇ
2162 5288 2458 5374 secundus,
2489 5285 3185 5374 Ku'ptaxﬁ'ﬂuéoazfaulo
3208 5294 3356 5374 post.

1784 5356 1989 5429 Regius
2018 5364 2071 5413 et
2094 5356 2348 5481 Seguer.,
2367 5359 2465 5439 τῂν
2488 5355 2691 5431 ταύτης
2705 5355 3077 5439 ᾗάρίνξιὲάίιῑ,
3107 5355 3332 5437 τὴνζταύ

1785 5445 1884 5481 την
1922 5427 2104 5481 γάοιν.
2140 5428 2171 5480 ἓν
2193 5445 2260 5481 ox
2295 5430 2518 5481 Remus.
2560 5427 2876 5481 Seauertan.
2908 5436 2962 5481 et
3010 5426 3327 5481 Goblerian.

1785 5445 1884 5497 την
1922 5444 2104 5499 χάριν.
2140 5444 2260 5482 mox
2295 5444 2518 5499 tiegtus,
2560 5444 2876 5497 Deguertan.
2908 5444 2962 5483 et
3010 5444 3353 5491 bonlertan.,

1785 5497 2030 5578 τουτέστι
2062 5496 2172 5578 τὴν
2189 5500 2507 5578 Κύριακῄνι
2525 5497 3094 5578 Εᾳξιὶητουτέστι-ίτὴν
3124 5497 3356 5578 quem.

2193 5445 2260 5482 ox
2295 5425 2876 5499 llegi'usLSeguEri'an.
2908 5436 2962 5483 et
3010 5425 3353 5499 Goblerianf,

1788 5582 1954 5620 raulo
1984 5582 2106 5636 posr
2135 5582 2431 5637 negius,'u
2450 5582 2542 5622 ουν
2587 5582 2917 5631 ’ΔποστοΑος.
2961 5582 3084 5621 mox
3128 5582 3356 5639 negius,

1788 5635 2129 5709 Seguerian.,
2162 5636 2477 5695 Goblerian.
2512 5638 2694 5712 φησιν.
2721 5637 2886 5705 Editi,
2914 5636 3038 5709 ἔφη.
