3878 6196
496 282 601 338 135

1655 273 1716 334 S.
1755 274 2216 332 ATIIANASIUS.
2260 307 2328 319 --
2371 276 2598 333 ΒΕΒΙΑ.

3620 280 3727 333 136

485 406 614 452 sunt
668 395 945 466 prapbetae
975 413 988 448 :
1021 411 1040 444 ‹
1082 393 1141 448 1η
1178 390 1493 446 novissimis
1532 390 1725 445 diebus
1775 389 2048 444 eﬂ‘undam

2159 390 2423 462 προφῆται
2458 389 2640 458 ἔλεγον
2665 407 2676 418 ·
2720 408 2737 440 ι
2779 389 2867 442 Ἐν
2900 391 3020 454 ταῖς
3053 387 3310 460 ἐσχάταις
3355 389 3588 461 ἡμέραις
3633 393 3730 444 ἐκο

480 486 551 541 de
596 485 791 554 spiritu
836 499 960 538 meo
981 485 1049 538 ".
1089 501 1107 534 ι
1141 481 1341 535 Primis
1371 495 1501 535 vero
1537 479 1731 535 diebus
1764 479 1924 534 linem
1953 481 2053 534 ba—

438 603 446 623 ί
480 576 757 637 bentibus,
791 575 881 628 alii
906 574 1223 636 adveniunt,
1278 577 1338 624 ut
1383 571 1458 624 ait
1499 569 1764 626 Jeremias
1801 589 1814 624 :
1855 590 1874 622 ‹
1914 570 2052 626 Ecce

481 666 598 722 dies
631 666 890 729 veniunt,
923 664 1057 718 dicit
1091 662 1353 717 Dominus
1382 662 1448 715 ”.
1491 680 1509 713 ι
1547 659 1840 715 Desinente
1869 672 2051 716 autem

480 763 678 832 prima,
703 765 1102 828 consequenter
1122 757 1348 810 alterius
1369 754 1580 808 initium
1613 756 1856 808 occurrit
1884 769 2054 824 :quo—

481 854 628 906 circa
683 857 806 921 post
862 846 1159 902 Sabbatum
1213 845 1472 900 Dominus
1545 847 1866 899 resurrexit.
1930 845 2051 900 Non

481 945 627 998 enim
676 941 773 996 otii
833 941 1106 1009 praecipue
1145 954 1336 1002 causa,
1380 938 1693 994 hominibus
1746 938 2049 994 Sabbatum

481 1034 626 1089 Deus
660 1033 828 1095 dedit,
875 1033 966 1102 qui
1013 1032 1088 1085 ait
1122 1051 1135 1086 :
1176 1049 1194 1081 ι
1233 1029 1346 1084 νίςυ
1385 1031 1664 1100 pigrorum
1707 1033 1882 1101 spinis
1916 1048 2050 1087 con-

481 1135 667 1182 strata:
685 1125 766 1180 "t
799 1145 816 1177 ι
837 1134 890 1180 et
915 1127 1007 1194 qui
1037 1125 1089 1178 in
1114 1126 1255 1178 libro
1287 1124 1815 1192 Nuiucroruinjubet
1849 1143 1862 1178 :
1895 1144 1913 1176 ι
1956 1126 2052 1180 Die

481 1229 658 1272 autem
702 1215 1084 1280 Sabbatorum,
1120 1215 1359 1270 oﬂeretis
1390 1216 1530 1272 duos
1551 1232 1718 1287 agnos
1765 1218 2050 1273 anniculos

479 1308 880 1370 immaculatos,
913 1315 966 1361 ct
1016 1308 1153 1362 duas
1204 1307 1444 1362 decimas
1496 1310 1688 1363 simila;
1748 1309 1868 1363 oleo
1919 1324 2052 1363 con-

482 1415 685 1471 spersa:
717 1401 770 1454 in
811 1400 1133 1455 sacrificium
1166 1409 1216 1455 et
1260 1401 1535 1468 libamen;
1573 1409 1627 1456 et
1669 1403 2050 1456 holocaustum

481 1488 842 1550 Sahbatoruin
867 1496 920 1547 in
950 1491 1221 1556 Sabbatis,
1254 1495 1306 1546 in
1331 1494 1714 1548 holocaustum
1763 1495 2050 1564 sempiter-

480 1601 611 1642 num
639 1587 684 1619 ’³
713 1605 724 1640 :
771 1605 788 1636 ι
818 1594 871 1641 et
907 1601 1099 1640 rursus
1131 1588 1412 1655 aliquanto
1447 1587 1702 1656 superius
1737 1605 1750 1641 :
1786 1606 1804 1637 ι
1841 1586 1905 1639 Et
1943 1587 2046 1639 im-

479 1679 692 1752 ponetis
739 1695 902 1746 super
961 1677 1215 1741 hostiam,
1251 1679 1378 1732 thus
1420 1695 1613 1748 purum
1658 1687 1712 1734 et
1768 1679 1960 1742 salem,
1997 1686 2050 1732 et

2151 482 2260 552 χεῶ
2306 481 2414 535 ἀπὸ
2457 482 2551 536 τοῦ
2593 483 2905 552 Πνεὺματός
2951 500 3071 553 μου.
3107 503 3126 536 ι
3169 483 3333 547 Τέλος
3383 483 3440 537 δέ
3485 484 3729 554 ἐχουσῶν

2149 575 2258 629 τῶν
2292 575 2520 647 πρώτων
2551 576 2790 648 ἡμερῶν,
2819 577 2972 632 ἄλλαι
3000 578 3254 646 γίνονται,
3288 577 3365 640 ὡς
3387 578 3416 630 6
3459 576 3730 648 Ἱερεμίας

2152 666 2312 736 φησίν
2343 666 2452 736 (94)
2475 684 2488 696 ο
2523 687 2541 718 ‹
2589 667 2715 721 Ἰδοὺ
2742 668 2944 739 ἡμέραι
2975 667 3239 740 ἔρχονται,
3273 667 3420 735 λέγει
3446 665 3661 738 Κύριος.
3699 684 3722 718 ι

2151 759 2312 822 Τέλος
2330 759 2386 812 δέ
2409 757 2635 829 ἐχούσης
2660 759 2753 830 τῆς
2773 757 3012 830 πρώτης,
3040 758 3344 822 ἀκολούθως
3365 759 3557 830 ἐτέρας
3580 757 3728 830 ἀρχὴ

2150 853 2336 921 γέγονε
2363 869 2375 880 ·
2417 851 2504 904 διὰ
2536 851 2693 904 τοῦτο
2743 851 2880 921 μετὰ
2923 852 2984 904 τὸ
3014 850 3286 906 Σάϐϐατον
3319 852 3517 922 ἀνέστη
3545 852 3574 903 6
3605 851 3728 904 K6—

2155 960 2299 1012 ριοςο
2345 943 2407 995 οὐ
2439 943 2547 1014 γὰρ
2573 943 2992 1014 προηγουμένως
3026 945 3229 996 εἵνεκεν
3263 944 3370 1013 (93)
3397 942 3492 996 τοῦ
3533 943 3728 1013 ἀργεῖν

2149 1037 2274 1098 τοὺς
2313 1034 2630 1106 ἀνθρώπους
2661 1035 2830 1087 ἐδίδου
2862 1035 2924 1087 :6
2951 1034 3224 1088 Σάϐϐατον
3251 1036 3278 1086 ό
3309 1035 3440 1096 Θεὸς
3464 1036 3491 1087 6
3514 1033 3687 1101 λέγων
3705 1049 3722 1060 ·

2157 1146 2175 1179 ι
2215 1128 2353 1180 Ὀὃοὶ
2387 1127 2599 1198 άεργῶν
2636 1126 2973 1200 ἐστρωμέναι
3001 1126 3282 1191 ἀκάνθαις,
3316 1146 3334 1177 ι
3367 1127 3462 1180 καὶ
3493 1130 3520 1180 6
3551 1143 3727 1197 προσ-

2149 1219 2355 1272 τάττων
2373 1220 2428 1272 ἐν
2449 1221 2558 1280 τοῖς
2590 1219 2645 1270 'A
2656 1218 2736 1288 ριθ
2746 1220 2863 1288 μοῖς
2888 1235 2900 1248 ·
2928 1237 2945 1268 ι
2974 1218 3082 1271 Kal.
3109 1220 3174 1287 τῇ
3194 1217 3372 1288 ἡμέρᾳ
3388 1216 3494 1270 τῶν
3513 1216 3730 1269 Σαϐϐά-

2150 1329 2257 1364 των
2291 1311 2589 1383 προσάξετε
2623 1310 2714 1362 δύο
2747 1310 2948 1381 ἀμνους
2981 1310 3280 1372 ἐνιαυσίους
3312 1308 3594 1396 ἀμὼμιζυς,
3627 1310 3729 1362 καὶ

2149 1405 2243 1458 δύο
2267 1405 2468 1457 δέκατα
2501 1402 2825 1474 σεμιδάλεως
2855 1402 3326 1472 άναπεποιημένης
3351 1404 3406 1454 ἐν
3446 1401 3607 1472 ἐλαίῳ
3639 1402 3729 1466 εἰς

2152 1496 2338 1549 Θυσίαν
2381 1496 2473 1548 καὶ
2514 1495 2762 1565 σπονδὴν,
2806 1493 2899 1546 καὶ
2927 1493 3289 1564 ,ὁλοκαύτωμα
3331 1492 3620 1545 Σαϐϐάτων
3659 1493 3728 1545 ὲν

2149 1591 2261 1651 τοῖς
2281 1587 2574 1648 Σαϐϐάτοις
2593 1587 2682 1638 ἐπὶ
2699 1587 2796 1657 τῆς
2813 1585 3224 1648 όλόκαυτώσεως
3247 1584 3346 1654 τῆς
3359 1584 3444 1636 διὰ
3464 1583 3721 1647 παντός.»

2151 1680 2260 1732 Καὶ
2295 1679 2454 1731 πάλιν
2489 1677 2594 1748 πρὸ
2619 1677 2811 1744 ὀλίγων
2855 1677 3003 1744 λέγει
3037 1675 3146 1745 (96)
3187 1677 3244 1728 ἐν
3290 1678 3400 1737 τοῖς
3432 1674 3725 1745 ἀνωτέρω⁶

479 1779 639 1826 erunt
677 1771 731 1823 in
772 1785 940 1839 panes
974 1772 1026 1823 in
1056 1768 1488 1824 recordationem
1509 1809 1523 1831 ,
1551 1771 1830 1840 proposita
1859 1767 2046 1823 Domi-

2159 1789 2174 1819 ι
2213 1769 2322 1822 Καὶ
2355 1745 2645 1837 ἐπιϐήσετε
2679 1766 2769 1818 ἐπὶ
2817 1766 2877 1818 τὸ
2923 1764 3070 1835 θῦμα
3097 1763 3310 1816 λίϐανον
3351 1761 3584 1830 καθαρὸν
3626 1762 3730 1814 καὶ

479 1879 573 1918 ιιο.
608 1862 700 1916 Die
732 1861 1094 1916 Sabbatorum
1129 1861 1592 1932 apponentur43
1612 1877 1794 1915 coram
1815 1861 2046 1915 Domino

481 1955 536 2008 in
573 1961 894 2023 perpetuum
929 1953 980 2006 in
1013 1962 1306 2020 conspectu
1360 1952 1592 2006 ﬁliorum
1625 1950 1811 2014 Israel,
1865 1951 2046 2006 fcedus

480 2043 875 2112 sempiternum
903 2041 968 2094 ".
1015 2059 1032 2092 ι
1071 2039 1127 2094 Si
1157 2041 1300 2095 enim
1327 2056 1457 2094 cura
1494 2042 1568 2095 illi
1591 2049 1738 2096 esset
1766 2042 1832 2096 de
1857 2041 2049 2096 otiosi-

475 2142 610 2196 tate,
669 2149 775 2187 non
825 2135 1169 2204 prtecepisset
1208 2133 1412 2189 Levitis
1456 2149 1780 2204 proponere,
1830 2133 2046 2197 olTerre,

476 2235 738 2280 mactare.
782 2223 915 2278 Nam
946 2226 989 2280 si
1017 2227 1184 2280 otium
1230 2225 1557 2288 sanctiﬁcat,
1590 2225 1866 2294 negotium
1903 2233 2050 2280 certe

473 2315 811 2370 contaminat
841 2333 853 2369 :
887 2317 1034 2386 atqui
1060 2317 1257 2371 Levita:
1275 2316 1552 2387 operando
1583 2331 1690 2370 non
1709 2317 2050 2370 contamina-

477 2406 681 2461 bantur
713 2423 861 2461 :nou
889 2424 1018 2478 ergo
1049 2410 1222 2462 otii-in
1260 2409 1656 2465 emundaverit.
1693 2409 1910 2479 Alioqui
1945 2423 2045 2462 cur

477 2500 580 2558 soli
611 2497 812 2554 Levita:
831 2501 1260 2556 sanctificatione
1295 2502 1596 2570 prirautur,
1628 2501 1756 2554 dum
1789 2499 2048 2566 oll‘eiunt,

476 2599 719 2645 mactant
748 2599 800 2646 et
831 2601 1140 2662 pr0ponunt
1191 2593 1244 2646 in
1293 2591 1567 2648 Sabbato?
1597 2591 1830 2646 Tantum
1867 2603 2048 2646 autem

474 2677 633 2733 abest
675 2686 734 2733 ut
776 2680 1116 2750 delinquant,
1153 2682 1403 2736 utetiam
1462 2681 1652 2749 Deum,
1679 2682 1747 2738 iis
1790 2683 1885 2752 qui
1912 2682 2047 2738 oﬂ'e-

477 2776 630 2834 runt,
666 2770 962 2840 propitium
990 2771 1236 2826 reddant.

551 3051 601 3107 5.
639 3049 988 3123 Nequaquam
1033 3052 1198 3124 igitur
1240 3052 1536 3110 Sabbatum
1566 3058 1737 3113 otium
1778 3059 2048 3129 designat,
2077 3081 2120 3138 ς

475 3144 575 3202 sed
613 3151 726 3198 tum
768 3147 1130 3216 cognitionem
1165 3145 1501 3212 Conditoris,
1537 3158 1651 3204 tum
1682 3154 2046 3208 cessationem

477 3246 512 3287 a
540 3232 711 3302 ﬁgura
751 3233 915 3304 hujus
943 3237 1233 3290 creationis
1263 3253 1279 3289 :
1322 3245 1379 3290 ut
1413 3239 1554 3307 apud
1591 3239 1927 3296 Ezechielem
1970 3251 2052 3297 te-

471 3329 656 3376 statur
689 3321 830 3376 Deus
874 3340 888 3376 :
927 3342 946 3374 (
980 3322 1213 3378 Sabbata
1269 3341 1386 3380 mea
1435 3327 1560 3382 dedi
1602 3329 1702 3392 eis,
1752 3337 1812 3383 ut
1867 3337 2052 3386 essent

475 3412 692 3481 signum
726 3413 867 3467 inter
901 3429 987 3468 me
1013 3425 1068 3468 et
1100 3430 1216 3487 eos,
1265 3423 1318 3470 et
1349 3418 1552 3471 scirent
1589 3420 1716 3488 quia
1745 3435 1845 3490 ego
1875 3418 2053 3474 Domi-

475 3518 582 3558 nus
612 3503 957 3559 sanctiﬁcans
993 3519 1088 3560 eos
1113 3506 1180 3558 ’⁷.
1230 3524 1248 3556 ι
1298 3505 1636 3577 Cognitionis
1666 3525 1798 3580 ergo
1844 3518 1898 3566 et
1940 3527 2051 3567 non

473 3592 572 3646 otii
602 3605 770 3646 eausa
800 3591 984 3647 datum
1015 3608 1099 3650 est
1125 3593 1421 3650 Sabbatum
1457 3616 1471 3651 :
1504 3600 1576 3652 ita
1619 3607 1678 3652 ut
1711 3601 1781 3654 sit
1813 3603 2052 3672 cognitio

476 3683 650 3752 magis
681 3685 984 3739 necessaria
1001 3701 1160 3754 quam
1179 3688 1366 3742 Otium.
1397 3690 1627 3760 Ideoque
1657 3689 1917 3749 Dominus
1940 3695 2052 3750 aie-

471 3765 568 3820 bat
601 3768 708 3822 illis
743 3769 835 3836 qui
868 3769 1166 3840 discipulos
1199 3773 1510 3842 culpabant,
1551 3775 1696 3844 quod
1724 3777 1905 3846 spicas
1937 3779 2052 3834 vel-

475 3857 650 3912 lerent
679 3879 692 3913 :
731 3877 750 3909 ‹
792 3860 848 3913 Si
880 3862 1093 3917 sciretis
1117 3865 1246 3933 quid
1277 3874 1379 3932 est,
1404 3865 1828 3923 Misericordiam
1856 3871 1977 3924 volo
1998 3878 2052 3924 et

476 3965 585 4005 non
619 3953 954 4030 sacriﬁcium
982 3955 1048 4008 ⁸⁸.
1089 3973 1108 4007 ι
1147 3955 1364 4012 Otiosos
1396 3960 1539 4013 enim
1572 3962 1693 4016 illos
1727 3963 1783 4016 in
1813 3962 2050 4019 Sabbato

469 4041 730 4111 culpabat
761 4063 774 4097 :
801 4044 928 4113 quia
957 4046 1102 4114 quod
1131 4050 1407 4118 prapiium
1431 4060 1515 4105 est
1549 4051 1792 4115 Sahbati,
1820 4054 1920 4109 hoc
1943 4065 2047 4120 est,

472 4133 721 4189 veritatis
763 4137 1149 4205 cognitionem,
1206 4154 1314 4192 non
1362 4140 1644 4197 haberent.
1696 4144 1906 4200 Idcirco
1955 4148 2049 4216 qui

470 4222 650 4294 legem
681 4218 902 4280 Sabbati
946 4237 1298 4297 susceperant
1331 4232 1478 4285 circa
1517 4231 1772 4288 Hiericho
1802 4236 1928 4289 tuba
1957 4251 2051 4290 ca-

474 4331 606 4372 nere
622 4317 884 4387 jubentur
908 4329 1113 4390 septem
1141 4321 1352 4386 diebus,
1379 4324 1432 4376 in
1452 4325 1651 4394 quibus
1680 4334 1884 4395 septem
1911 4326 2048 4382 Sab-

2150 1860 2300 1924 ἆλας,
2329 1859 2422 1911 καὶ
2461 1859 2670 1910 ἔσονται
2700 1859 2777 1920 είς
2807 1857 3003 1928 ἄρτους
3030 1859 3108 1919 εἰς
3146 1855 3472 1925 ἀνάμνησιν,
3501 1853 3728 1924 προκεί-

2153 1963 2286 2015 μενα
2316 1944 2393 2012 τῷ
2425 1944 2630 2015 Κυρίῳ.
2661 1945 2737 2014 Τῇ
2773 1945 2956 2015 ἡμέρᾳ
2988 1943 3095 1996 τῶν
3125 1944 3415 1996 Σαϐϐάτων
3450 1942 3730 2014 προτεθή-

2151 2055 2305 2091 σεται
2353 2038 2463 2108 (97)
2509 2037 2686 2090 ἔναντι
2742 2037 2948 2108 Κυρίου
2991 2035 3278 2099 διαπαντὸς
3332 2034 3560 2088 ἐνώπιον
3612 2034 3730 2088 τῶν

2149 2126 2278 2179 υἱῶν
2296 2127 2527 2198 Ἰσραὴλ,
2553 2127 2815 2198 διαθήκην
2834 2125 3068 2180 αἰώνιον.
3085 2145 3102 2176 ι
3125 2126 3185 2178 Εἰ
3206 2125 3314 2196 γὰρ
3332 2124 3553 2195 ἔμελλεν
3573 2125 3732 2196 αὑτῷ

2149 2218 2274 2287 περὶ
2306 2216 2520 2287 ἀργίας,
2554 2217 2654 2270 οὐκ
2694 2217 2760 2270 ἂν
2797 2215 3124 2286 προτιθέναι,
3159 2215 3253 2267 καὶ
3278 2214 3592 2285 προσάγειν,
3631 2214 3732 2266 καὶ

2152 2309 2396 2374 σφάζειν,
2432 2308 2648 2361 ἐκέλευε
2699 2309 2825 2371 τοὺς
2875 2307 3125 2370 Λευΐτας.
3183 2309 3246 2361 Εἰ
3300 2307 3407 2378 γὰρ
3457 2309 3489 2378 ἡ
3556 2307 3732 2378 ἀργία

2149 2401 2382 2470 ἁγιάζει,
2404 2401 2695 2472 δηλονότιὴ
2730 2401 2959 2472 ἐργασία
2999 2400 3235 2471 μολύνειο
3276 2399 3391 2466 ἀλλζ
3422 2402 3468 2452 οἱ
3501 2399 3732 2452 Λευῖται

2151 2494 2502 2565 ἐργαζόμενοι
2529 2495 2588 2546 οὐ
2626 2493 2942 2564 μολύνονται
2967 2492 3100 2562 (98)·
3125 2493 3224 2546 οὐκ
3252 2494 3358 2564 ἄρα
3386 2495 3416 2564 ἡ
3444 2493 3608 2564 ἀργία
3631 2508 3735 2544 κα-

2152 2584 2384 2656 θαρίζει.
2408 2585 2477 2636 Ἢ
2505 2583 2590 2635 δ;ἀ
2616 2582 2666 2635 τί
2703 2583 2850 2653 μόνοι
2881 2585 2928 2634 οἱ
2955 2580 3175 2634 Λευῖται
3198 2581 3291 2633 τοῦ
3314 2581 3585 2650 ἁγιασμοῦ
3611 2597 3734 2634 στεο

2153 2677 2448 2746 ρίσκονται,
2487 2674 2867 2746 προσάγοντες,
2905 2675 3003 2726 καὶ
3052 2672 3365 2742 σφάζοντες,
3409 2674 3502 2725 καὶ
3538 2689 3736 2743 προτι-

2152 2767 2334 2829 Θέντες
2359 2766 2466 2837 (99)
2491 2767 2546 2817 ἐν
2573 2765 2649 2836 τῷ
2689 2765 2981 2836 Σαϐϐάτῳς
3015 2765 3265 2835 Τοσούτῳ
3293 2765 3401 2835 γάρ
3431 2764 3731 2837 ἀπέχονται

2151 2859 2244 2912 τοῦ
2281 2859 2638 2931 πλημμελεῖν,
2655 2860 2764 2931 ὅσῳ
2789 2860 2881 2912 καὶ
2899 2859 3226 2924 ἱλάσκονται,
3255 2859 3394 2932 ὑπὲρ
3421 2860 3529 2912 τῶν
3554 2877 3733 2932 προσ-

2154 2948 2449 3020 φερόντων.

2223 3041 2276 3095 '5.
2317 3041 2524 3095 Οὐκοῦν
2543 3041 2643 3094 οὐκ
2669 3039 2863 3112 ἀργίαν
2898 3040 3148 3114 σημαίνει
3174 3042 3233 3096 τὸ
3261 3042 3556 3111 Σάϐϐατον,
3587 3044 3733 3098 ἀλλὰ

2150 3133 2349 3202 γνῶσιν
2403 3123 2499 3204 μὶν
2528 3134 2621 3186 τοῦ
2672 3133 2922 3205 Ποιητοῦ,
2957 3134 3166 3188 παῦλαν
3209 3135 3265 3196 δὲ
3303 3135 3396 3188 τοῦ
3449 3139 3734 3208 σχήματος

2150 3225 2250 3295 τῆς
2279 3225 2505 3288 κτίσεως
2530 3226 2752 3297 ταύτης,
2782 3226 2857 3288 ὡς
2891 3228 2983 3279 καὶ
3016 3227 3073 3278 ἐν
3099 3225 3176 3296 τῷ
3212 3225 3464 3298 Ἰεζεχιὴλ
3489 3229 3732 3302 διαμαρ-

2150 3317 2370 3387 τύρεται
2391 3318 2561 3386 λέγων
2577 3321 2603 3370 6
2621 3317 2752 3382 Θεός
2775 3318 2851 3389 (1)
2871 3335 2883 3347 ·
2905 3335 2924 3369 ι
2949 3319 3057 3370 Καὶ
3071 3318 3139 3371 τὰ
3153 3318 3404 3374 Σάϐϐατα
3420 3337 3522 3390 μου
3549 3321 3736 3376 ἔδωκα.

2151 3412 2335 3473 αὐτοῖς
2354 3409 2445 3463 τοῦ
2476 3406 2612 3462 εἶναι
2644 3411 2724 3470 εἰς
2757 3411 2979 3480 σημεῖον
3010 3410 3113 3463 ἀνὰ
3155 3411 3318 3481 μέσον
3343 3411 3475 3482 ἐμοῦ
3503 3413 3596 3464 κα)¹
3621 3413 3736 3467 ἀνὰ

2154 3502 2314 3574 μέσον
2358 3500 2532 3554 αὐτῶν
2580 3499 2670 3553 τοῦ
2705 3500 2904 3569 γνῶναι
2946 3501 3158 3565 αὐτοὺς,
3195 3501 3273 3554 ὅτι
3315 3500 3424 3571 ἐγὼ
3465 3503 3669 3574 Κύριος
3703 3507 3738 3558 ό

2151 3593 2388 3663 ἁγιάζων
2412 3592 2626 3658 αὐτούς.
2671 3612 2689 3646 ι
2730 3592 2984 3656 Γνὼσεως
3011 3594 3119 3665 ἄρα
3148 3594 3238 3646 καὶ
3264 3594 3362 3647 οὐκ
3382 3597 3580 3667 ἀργίας
3606 3597 3737 3650 ἓνε-

2151 3705 2244 3740 κεν
2287 3687 2362 3756 (2)
2409 3685 2561 3756 ἐδόθη
2609 3685 2669 3738 τὸ
2715 3685 3017 3739 Σάϐϐατον·
3053 3687 3130 3750 ὡς
3183 3683 3319 3740 εἶναι
3373 3687 3571 3758 μᾶλλον
3622 3691 3736 3761 τὴν

2149 3780 2348 3848 γνῶσιν
2370 3780 2792 3851 ἀναγκαιοτέραν
2817 3780 2913 3850 τῆς
2933 3781 3148 3852 ἀργίας.
3178 3781 3275 3834 Διά
3303 3780 3457 3834 τοῦτο
3474 3784 3502 3834 ό
3521 3782 3736 3854 Κύριος

2149 3873 2300 3943 ἔλεγε
2337 3878 2448 3939 τοῖς
2481 3876 2823 3946 αἰτιωμένοις
2855 3877 2980 3938 τοὺς
3009 3875 3256 3947 μαθητὰς
3292 3877 3382 3928 ἐπὶ
3409 3874 3484 3946 τῷ
3524 3876 3738 3931 τίλλειν

2151 3967 2418 4036 στάχυας·
2455 3985 2475 4020 ‹
2514 3967 2577 4020 Εἰ
2621 3967 2906 4036 ἐγνώκειτε
2940 3965 2991 4019 τί
3022 3969 3186 4032 ἐστιν,
3228 3966 3414 4019 Ἐλεον
3465 3966 3600 4019 θέλω
3629 3967 3738 4020 καὶ

2148 4058 2206 4110 οὺ
2240 4059 2448 4113 θυσίαν.
2491 4079 2510 4112 ι
2551 4060 2877 4133 Ἀργοῦντας
2905 4061 3012 4132 γὰρ
3038 4061 3231 4123 αὐτοὺς
3261 4063 3318 4113 ἐν
3350 4059 3427 4130 τῷ
3461 4059 3738 4131 Σαϐϐάτῳ

2148 4149 2355 4218 ᾐτιᾶτο,
2384 4151 2465 4202 ὃτι
2490 4151 2550 4203 τὸ
2582 4151 2712 4204 ἴδιον
2732 4152 2825 4204 τοῦ
2853 4153 3128 4205 Σαϐϐἀτου
3158 4152 3256 4204 οὐκ
3285 4151 3431 4221 ἔχετε
3461 4151 3558 4220 (5),
3586 4151 3739 4224 ὅπερ

2148 4241 2292 4291 ἐστίν
2337 4242 2369 4311 ἡ
2413 4240 2550 4311 πρὸς
2600 4243 2697 4313 τὴν
2744 4243 2999 4311 ἀλήθειαν
3039 4245 3259 4312 γνῶσις.
3291 4242 3388 4296 Διά
3431 4243 3591 4295 τοῦτο
3629 4245 3739 4297 καὶ

2149 4331 2276 4402 περὶ
2311 4332 2409 4402 τὴν
2455 4333 2660 4405 Ἱεριχὼ
2703 4336 3009 4390 κελεύονται
3044 4337 3324 4402 σαλπίζειν
3354 4339 3403 4391 οἱ
3431 4339 3519 4392 τὸν
3556 4339 3740 4408 νόμον

470 4406 660 4463 batum
685 4404 896 4465 incidi't.
928 4410 986 4466 Si
1015 4413 1182 4483 igitur
1202 4416 1298 4469 otii
1327 4417 1501 4485 gratia
1525 4417 1711 4472 datum
1741 4416 2043 4474 Sabbatum

2159 4421 2240 4474 τοῦ
2292 4404 2570 4479 Σαϐϐάτου
2609 4404 2875 4493 λαϐόντες
2922 4429 3060 4483 ἐπτά
3104 4431 3338 4502 ἡμέραις
3383 4429 3497 4500 (4),
3537 4431 3597 4484 ὲν
3625 4404 3741 4493 ἀἶς

550 4564 597 4597 ⁸³
634 4563 752 4631 Joel
810 4582 880 4631 ιι,
913 4566 1004 4622 28.

469 4651 574 4692 sec.
605 4627 777 4691 LXX.

1132 4569 1178 4600 ⁸³
1215 4569 1326 4625 Jer.
1366 4588 1454 4636 Ix,
1491 4572 1580 4628 25.

879 4637 922 4668 ⁸⁷
962 4637 1158 4695 Ezech.
1194 4657 1298 4707 xx,
1342 4642 1425 4698 12.
1500 4644 1545 4675 ⁸⁸
1584 4642 1776 4698 Matth.
1814 4661 1922 4708 xu,
1963 4647 2013 4700 7.

541 4788 653 4868 (96)
685 4791 769 4868 ita
797 4789 999 4868 Regius
1031 4799 1084 4868 et
1125 4792 1253 4868 Seg.
1283 4792 1448 4868 Editi,
1473 4867 1478 4868 γ
1499 4793 1622 4866 ἔφη.
1667 4795 1785 4850 Mox
1821 4797 1900 4862 δέ,
1921 4808 2045 4868 post

467 4860 642 4938 τέλος,
666 4861 816 4938 deem
841 4861 893 4938 in
917 4860 1219 4938 eilitisLsed
1244 4866 1439 4930 legitur
1470 4867 1522 4918 in
1539 4860 1716 4938 :lt'egio
1739 4877 1792 4920 et
1817 4860 2041 4938 Segiter.

539 4930 651 5001 (95)
669 4933 836 5003 liegq
857 4933 1062 5003 ἕνεκεν,
1088 4933 1308 5003 Seguer.
1330 4951 1452 4988 cum
1485 4930 1663 4994 editis.
1689 4930 1916 4993 εἵνεκενῖ
1954 4942 2046 4994 ln-

465 4999 874 5074 fra'iti'Gebler.
904 5011 958 5056 et
980 5001 1128 5074 Fgelc.
1163 4999 1202 5068 Ῐ,
1231 5007 1260 5057 6
1319 5005 1666 5074 προστάττων
1701 5009 1872 5062 deest.
1904 5008 2048 5063 Pau-

467 5071 523 5147 l_o
548 5080 672 5147 post
726 5069 976 5147 Kegius.,
1013 5072 1177 5147 Basil.
1213 5083 1268 5127 et
1324 5069 1574 5147 segnem,
1599 5078 1898 5147 προσάξετε
1953 5080 2047 5132 δύο

464 5139 689 5219 ἀμνοιξς.
722 5139 889 5219 ’βόμῆ
927 5144 1139 5219 θιᾎθιίιη
1170 5139 1547 5219 iiian_ttsci_'ipti,
1599 5139 1901 5219 προσέταξε
1951 5150 2046 5204 δύο

462 5210 956 5284 ἀμνρόςημιίόεηι,
980 5213 1262 5284 Basilicus.
1287 5213 1381 5284 δύο
1400 5210 2043 5284 δεκάταςένιαυσιαίους.

563 5280 652 5352 96)
689 5279 836 5339 Hec.
867 5281 973 5352 πρὸ
1009 5283 1204 5351 ὀλίγων
1239 5283 1406 5352 λέγει,
1435 5286 1631 5339 desunt
1654 5291 1706 5341 in
1731 5279 2043 5344 Goblerian.

459 5355 520 5404 et
543 5351 926 5429 EelpaitMog,
951 5351 1080 5429 Reg.
1111 5351 1340 5429 et_Seg.,
1365 5353 1463 5429 ἐπί
1483 5356 1542 5429 τὸ
1573 5355 1782 5429 θέλημα
1808 5358 2043 5413 λίϐανον.

543 5420 657 5492 (97)
693 5421 832 5501 Edit.
881 5420 1058 5501 Raris:
1105 5420 1656 5501 δοιιι,ξιτροτεθῄσετε.
1687 5420 2046 5501 'Paulo..post

461 5492 1212 5570 Ir_es_mss.,EpealievLmide.
1255 5492 1454 5549 Ibidem
1477 5492 1677 5570 Regius
1704 5509 1758 5570 et
1794 5492 2044 5570 δεδήει-η

460 5559 747 5640 περ)
777 5557 992 5640 ἀργίας.
1125 5569 1424 5640 perperam,
1442 5557 1752 5640 a6:6fi_nepi
1781 5557 2026 5638 ἀρῖείας.

537 5630 650 5699 (98)
674 5629 748 5685 Ita
781 5629 1001 5704 Regius,
1031 5629 1319 5692 Basilicus.
1342 5637 1562 5707 Seguer.
1584 5629 1896 5711 Edit'ivei'o,
1925 5629 2027 5695 οὐκ

463 5700 491 5753 ἐ
511 5699 814 5753 μολύνοντο.

508 5716 814 5772 μολυνοντο.

1685 4573 1731 4608 ⁸⁸
1768 4572 1931 4630 Prov.
1968 4593 2056 4638 xv,
2095 4577 2182 4633 19.

2277 4579 2323 4612 ⁸³
2360 4580 2520 4636 Num.
2557 4597 2763 4651 xxvm,
2799 4584 2832 4640 9
2861 4627 2876 4651 ,
2909 4586 2993 4640 10.
3097 4586 3143 4618 ’⁸
3183 4585 3358 4643 Levit.
3391 4603 3540 4653 xxxv,
3576 4587 3630 4655 7,
3673 4591 3738 4657 8,

2219 4802 2331 4872 (99)
2359 4803 2555 4885 ΛΕρίιί,
2606 4808 2971 4885 προτιθέντες.
3023 4809 3257 4885 ῐξθιξίιιε,
3307 4812 3740 4885 πρπιθοσντες,

2149 4871 2274 4957 §eg.
2300 4883 2374 4957 ret
2405 4875 2586 4957 ροὺιη
2615 4871 3010 4957 προστιθέντες.
3041 4871 3255 4957 Βάέίιᾷζ
3279 4871 3737 4957 πρόστιθοῦντεξί

2149 4943 2489 5029 ξροιιβιιείιιη
2532 4943 2802 5029 τοσοζιτον.
2846 4943 3048 5022 Regius
3086 4964 3140 5006 et
3181 4943 3739 5029 Seguerntocotitqi.

2146 5012 2290 5067 Editi
2329 5018 2488 5078 male,
2515 5019 2780 5078 τοσαύτῳ.

2331 5072 2664 5172 ξισνηεείιιξ,
2714 5072 2999 5172 Ba‘sil‘iens.
3044 5101 3099 5146 et
3131 5090 3355 5172 §eguenr.
3389 5093 3530 5172 Editi
3570 5111 3741 5172 vero.

2146 5155 2204 5206 ἐν
2226 5155 2303 5223 τῷ
2337 5155 2592 5234 ξιεξεκιὴλ
2614 5158 2714 5234 έ-φη
2740 5160 2808 5211 τὰ
2836 5161 3106 5215 Σάϐϐατα.
3125 5155 3260 5234 Μιῖχ
3289 5163 3490 5234 Regius
3539 5175 3597 5220 et
3631 5155 3745 5222 Sc;

2145 5238 2300 5305 βμετ..
2341 5224 2448 5305 bis,
2476 5224 2766 5305 ἀναμέςσόν,
2802 5245 2907 5284 una
2941 5247 3092 5288 voce.
3123 5232 3293 5287 Paulo
3315 5224 3436 5304 post
3471 5236 3641 5290 iidem
3683 5249 3746 5294 et

2145 5291 2312 5369 Basil.
2327 5295 2467 5369 διότι
2493 5291 2602 5365 ἐγῶ
2641 5299 2862 5369 Κύριος.

2219 5364 2294 5433 (2)
2325 5364 2550 5419 Ἕνεκεν
2596 5364 2749 5423 deest
2779 5372 2832 5422 in
2863 5368 3081 5426 Gobler.
3108 5379 3162 5426 et
3191 5371 3336 5428 Felc.
3371 5387 3410 5426 ι.

2219 5435 2296 5504 (‘5)
2331 5437 2406 5488 Ita
2437 5453 2630 5492 omnes
2660 5455 2793 5494 mss.
2819 5457 2943 5495 cum
2983 5442 3115 5496 edit.
3147 5445 3412 5499 Couimel.
3444 5443 3592 5500 Edit.
3628 5462 3744 5503 au-

2149 5504 2482 5578 tem_P_:iris.,
2515 5508 2613 5560 οὐκ
2639 5505 2802 5578 εἶχον.

2208 5575 2285 5646 (4)
2319 5574 2394 5659 ita
2425 5580 2625 5659 ttegius
2647 5574 3124 5659 eiSeguer.__Ed_iti
3151 5598 3298 5659 vero,
3332 5586 3388 5659 ἐν
3416 5585 3558 5659 ἐπτὰ
3582 5589 3742 5659 ἡμέ-

2137 5659 2276 5725 ραις.
2315 5645 2438 5725 _Mox
2486 5645 2650 5725 iidem
2680 5645 3020 5725 cuiii'_Basil_.,
3056 5655 3114 5705 ἐν
3128 5648 3230 5725 -αἷς
3258 5645 3416 5708 ἑπτά.
3447 5656 3499 5708 In
3531 5645 3739 5725 editis,

2133 5714 2272 5770 ἑπτά
2295 5715 2465 5774 deest.
2495 5717 2663 5788 Infra,
2707 5719 2928 5793 Regius,
2955 5714 3093 5796 ‘Seg.
3126 5714 3292 5780 Basil.
3338 5726 3520 5790 Gobl.,
3559 5728 3655 5783 διὰ
3683 5714 3743 5784 τί
