3878 6196
213 197 316 254 ιιι

1261 197 1355 254 DE
1391 199 1728 257 SABBATIS
1762 200 1852 256 ET
1888 201 2448 264 CIRCUMCISIONE.

3390 213 3495 269 NI

210 314 641 384 παλιγγενεσίας
681 316 742 370 τὸ
774 315 1192 388 σημαινόμενον.
1225 316 1388 371 Ὅλου
1421 317 1531 390 γὰρ
1576 318 1669 372 τοῦ
1702 337 1795 374 πα·

1910 323 2055 377 enim
2087 332 2204 380 toto
2235 334 2419 383 vetere
2445 327 2688 394 homine,
2721 328 2997 400 superﬂua
3030 339 3117 386 est
3155 329 3248 385 illa
3276 345 3399 400 qua
3423 347 3494 388 ex

208 403 369 457 λαιοῦ
414 405 967 476 ἀπεκδιδυσκομένου,
1001 406 1228 479 περιττὴ
1277 407 1426 477 ἡδιά
1470 408 1565 461 τοῦ
1602 409 1806 480 μέρους

211 499 486 566 σημασία.
526 498 637 550 Καὶ
690 497 880 569 ὥσπερ
909 501 942 569 ἡ
974 499 1225 571 Κυριακὴ
1260 499 1402 571 ἀρχὴ
1433 499 1534 570 τῆς
1577 501 1806 566 κτίσεως

210 587 351 648 ἐστι,
386 590 484 641 καὶ
512 589 677 642 παύει
719 589 780 644 τὸ
806 589 1082 644 Σάϐϐατον
1101 607 1116 623 ·
1146 591 1320 655 οὕτως
1345 594 1377 662 ἡ
1412 593 1549 664 αὐτὴ
1579 595 1808 663 ἀναγεν-

211 677 430 745 νήσασα
475 677 569 730 τὸν
601 679 889 750 ἄνθρωπον
921 681 1125 734 ἔπαυσε
1173 682 1272 754 τὴν
1306 685 1630 755 περιτομήν.
1678 686 1810 756 ’Λμ-

211 768 426 840 φότερα
457 770 567 839 γὰρ
599 773 659 822 ἐν
697 775 765 842 τῇ
811 773 972 844 ὀγδόῃ
1019 772 1401 844 κατώρθωται,
1455 777 1548 829 καὶ
1579 779 1612 847 ἡ
1663 778 1806 850 ἀρχὴ

211 861 310 930 τῆς
350 865 605 928 κτίσεως,
643 867 737 919 καὶ
777 869 809 937 ἡ
842 868 1197 938 ἁναγέννησις
1242 871 1336 922 τοῦ
1365 869 1671 941 ἀνθρώπου.
1709 872 1808 926 Διὰ

208 951 430 1024 τοῦτοή
462 956 621 1027 ὀγδόη
660 967 721 1010 τὸ
752 958 1027 1011 Σάϐϐατον
1068 959 1247 1023 ἔλυσε,
1283 960 1377 1012 καὶ
1409 961 1469 1012 οὐ
1504 962 1566 1014 τὸ
1593 963 1805 1016 Σάϐϐα-

208 1061 306 1096 τον
333 1047 432 1116 τὴν
461 1049 675 1118 ὀγδόην.
722 1050 811 1102 Ἐν
844 1051 942 1120 μὲν
980 1050 1088 1120 γὰρ
1125 1051 1389 1122 Σαϐϐάτῳ
1423 1053 1808 1124 πριετέμνετο

207 1135 237 1187 6
263 1135 558 1206 ἄνθρωπος
580 1154 594 1166 ο
634 1140 693 1191 ὲν
723 1139 778 1191 δὲ
806 1139 882 1209 τῷ
909 1140 1173 1211 Σαϐϐάτῳ
1195 1141 1295 1194 οὐκ
1328 1142 1488 1213 ἥργει
1516 1144 1548 1214 ἡ
1572 1142 1684 1213 (19)
1713 1161 1808 1196 πε-

209 1229 436 1298 ριτομή.
482 1229 547 1281 Ἠ
581 1229 691 1301 γὰρ
733 1232 916 1302 ὀγδόη,
963 1233 1106 1305 ἀρχὴ
1150 1229 1287 1287 οὖσα
1318 1234 1420 1304 τῆς
1447 1236 1803 1300 ἀνακτίσεως,

206 1322 525 1374 κατέπαυσε
553 1323 650 1393 τὴν
675 1324 918 1395 πρώτην.

281 1413 335 1468 6.
395 1416 665 1487 Ἠγοῦμαι
697 1417 752 1470 δὲ
780 1420 871 1471 καὶ
896 1418 986 1471 διὰ
1009 1419 1166 1473 τοῦτο
1195 1421 1294 1491 τὴν
1328 1419 1632 1493 περιτομὴν
1665 1421 1808 1475 δεδό-

211 1504 360 1560 σθαι.
398 1507 506 1560 Τοῦ
549 1509 660 1580 γὰρ
703 1510 872 1582 Ἀδὰμ
903 1511 1233 1576 ἀκούσαντος
1255 1525 1272 1542 ⁶
1307 1532 1326 1565 ς
1381 1515 1455 1584 Γῆ
1491 1510 1562 1578 εἶ,
1602 1516 1697 1569 καὶ
1726 1517 1808 1580 είς

205 1599 313 1668 γῆν
342 1598 645 1670 ἀπελεύση,
692 1619 712 1652 ι
747 1600 998 1672 ἓθνησκε,
1033 1603 1127 1657 καὶ
1155 1603 1488 1678 διεφθείρετο
1519 1606 1580 1660 τὸ
1607 1607 1795 1678 σῶμαο

1908 423 2066 484 parte
2110 424 2197 471 est
2244 418 2596 488 significatio.
2639 417 2707 473 Et
2759 421 2902 475 sicut
2954 419 3239 475 Dominica
3276 421 3494 475 initium

1906 516 1993 562 est
2025 510 2345 577 creationis,
2395 519 2450 566 et
2489 511 2712 566 Sabbati
2741 512 2900 567 finem
2938 513 3069 567 facit
3113 531 3126 568 :
3170 513 3250 569 sic
3279 528 3343 568 ea
3373 513 3494 584 ipsa

1907 611 2226 668 regenerato
2245 601 2462 657 homine
2486 601 2645 657 finem
2659 603 2810 659 dedit
2827 605 3254 660 circumcisioni.
3276 603 3494 659 Utrum-

1907 704 2016 758 que
2039 693 2183 744 enim
2206 701 2403 747 octavo
2423 694 2511 749 die
2537 693 2836 764 perfectum
2867 693 2988 756 fuit,
3013 706 3068 749 et
3095 696 3307 751 initium
3337 712 3494 753 crea-

1907 779 2075 834 tionis
2097 788 2150 834 et
2182 780 2420 837 hominis
2454 785 2813 854 regeneratio.
2841 782 2968 840 ldeo
2990 796 3182 839 octava
3209 789 3324 843 dies
3354 787 3495 845 Sab-
3548 774 3553 784 ³

1909 871 2094 926 batum
2125 872 2395 938 dissolvit,
2433 891 2539 930 non
2582 876 2881 931 Sahbatum
2916 886 3170 932 octavam
3218 879 3383 934 diem.
3430 880 3490 936 In

1910 963 2150 1019 Sahbato
2178 966 2323 1020 enim
2360 967 2858 1023 circumcidebatur
2885 969 3070 1031 homo.
3104 985 3206 1025 nec
3253 971 3497 1028 Sabbato

1908 1057 2159 1112 cessabat
2197 1057 2549 1115 circumcisio
2587 1080 2600 1114 :
2638 1075 2764 1114 nam
2797 1070 2992 1115 octava
3030 1077 3154 1130 qua:
3207 1071 3328 1118 erat
3384 1067 3494 1120 iui-

1907 1148 2045 1203 tium
2070 1150 2435 1220 reparationis
2453 1193 2468 1218 ,
2497 1151 2670 1222 priori
2699 1151 2864 1208 finem
2893 1153 3094 1208 attulit.

1979 1419 2034 1474 6.
2060 1419 2312 1474 Arbitror
2346 1429 2528 1476 autem
2573 1421 2677 1477 hac
2705 1423 2775 1478 de
2805 1439 2973 1480 causa
3012 1425 3491 1482 circumcisionem

1907 1512 2088 1566 datam
2117 1511 2306 1567 fuisse.
2336 1510 2473 1565 Cum
2501 1514 2746 1568 audisset
2788 1514 2960 1570 Adam
2999 1532 3012 1568 :
3051 1535 3070 1568 ι
3107 1516 3276 1572 Terra
3306 1534 3388 1587 es,
3433 1527 3492 1575 et

1907 1605 1962 1658 in
1997 1614 2196 1658 terram
2214 1606 2563 1682 reverteris_’,
2591 1624 2610 1658 ι
2634 1615 2882 1663 mortuus
2907 1617 3012 1673 est,
3037 1625 3344 1682 corpusque
3365 1627 3490 1667 cor-

204 1690 339 1743 Eﬁsv
362 1691 532 1762 μέρος
563 1709 618 1744 τι
650 1691 743 1746 τοῦ
777 1693 1049 1763 σώματος,
1078 1696 1172 1749 καὶ
1203 1697 1364 1750 τοῦτο
1398 1698 1510 1769 (‘20)
1539 1700 1600 1753 τὸ
1629 1701 1795 1754 αἴτιον

1906 1705 2129 1766 ruptum
2163 1695 2271 1768 [‘5
2307 1705 2391 1752 est
2431 1717 2444 1752 :
2475 1671 2620 1753 unde
2651 1707 2859 1768 partem
2891 1671 3184 1769 quamdam
3215 1671 3488 1772 corporis,

202 1785 306 1854 τῆς
350 1787 446 1839 τοῦ
501 1787 752 1858 σώματος
799 1789 1065 1856 γενέσεως
1112 1791 1566 1862 προσετάχθησαν
1622 1793 1803 1846 ὲκτιν-

202 1878 382 1941 νῦειν,
415 1879 904 1949 προδιδασκόμενοι
932 1881 1030 1952 τὴν
1073 1881 1166 1933 τοῦ
1207 1882 1330 1935 ὅλου
1360 1883 1680 1948 ἀπέκδυσιν,
1711 1885 1799 1950 ἶν’,

204 1971 404 2041 ὥσπερ
433 1973 782 2034 ἀποδιδόντες
805 1972 864 2024 τὸ
899 1971 1250 2044 κατακριθὲν,
1282 1973 1618 2045 διασωθῆναι
1645 1975 1806 2048 δυνη-

204 2062 369 2116 θῶσι.
402 2065 513 2115 Καὶ
535 2063 723 2134 ὥσπερ
743 2065 798 2116 αἱ
821 2062 1002 2116 θυσίαι
1027 2065 1174 2118 σκιαὶ
1197 2060 1337 2136 ἦσαν
1353 2066 1464 2118 τῶν
1477 2066 1800 2137 μελλόντων,

201 2157 381 2220 οὕτως
413 2159 508 2210 καὶ
540 2161 573 2228 ἡ
605 2159 669 2211 ὲκ
704 2159 902 2228 μέρους
934 2160 1201 2230 περιτομὴ
1229 2159 1324 2212 τοῦ
1368 2159 1492 2212 ὅλου
1535 2155 1606 2231 ἦν
1650 2161 1797 2214 σκιά.

201 2250 384 2303 Τοῦτο
409 2250 463 2302 δὲ
503 2251 597 2302 καὶ
620 2252 677 2301 ἐν
693 2249 772 2320 τῷ
805 2250 978 2320 Ἰησοῦ
1000 2251 1078 2322 τῷ
1105 2250 1198 2303 τοῦ
1235 2251 1392 2321 Ναυῆ
1413 2251 1526 2321 (21)
1550 2255 1800 2324 φανερῶς

200 2343 230 2395 6
248 2343 412 2409 λόγος
438 2340 695 2412 σημαίνει
715 2359 728 2370 ·
752 2341 847 2394 τοῦ
875 2341 983 2413 γὰρ
1013 2342 1184 2413 Ἰησοῦ
1219 2342 1360 2396 κατά
1387 2343 1684 2414 πρόσταξιν
1705 2345 1800 2399 τοῦ

201 2434 344 2487 Θεοῦ
403 2435 826 2504 περιτέμνοντος
864 2435 954 2488 τὸν
985 2435 1112 2488 λαὸν
1162 2438 1220 2490 ὲν
1269 2436 1572 2505 Γαλγάλοις
1624 2439 1800 2510 πέραν

198 2525 300 2580 τοῦ
369 2528 660 2597 Ἰορδάνου,
698 2522 820 2579 εἷπε
870 2527 1073 2598 Κύριος
1115 2528 1193 2598 τῷ
1233 2529 1409 2598 Ἰησοῦ
1451 2530 1553 2601 υἱῷ
1598 2531 1756 2602 Ναυῆ
1781 2547 1798 2565 ο

209 2635 232 2666 c
283 2617 377 2668 Ἕν
407 2619 474 2687 τῇ
507 2618 745 2688 σήμερον
782 2617 896 2690 (22)
928 2619 1110 2690 ἡμέρᾳ
1133 2619 1351 2687 ἀφεῖλον
1375 2620 1466 2672 τὸν
1497 2621 1800 2692 ὀνειδισμὸν

197 2704 485 2772 Αίγῦπτου
522 2707 614 2774 ἀφ’
665 2706 842 2776 ὑμῶν.
910 2707 1020 2760 Καὶ
1082 2709 1333 2773 ἐκάλεσα,
1393 2711 1578 2780 φησὶν,
1629 2713 1799 2784 ὄνομα

194 2795 293 2848 τοῦ
325 2797 500 2849 τόπου
540 2799 752 2850 ἐκείνου
797 2798 1071 2867 Γάλγαλα.
1107 2820 1126 2852 ›
1175 2800 1239 2854 El
1291 2801 1403 2873 γὰρ
1453 2804 1487 2874 ἡ
1525 2805 1796 2876 περιτομὴ

193 2887 498 2958 ἀφαίρεσίς
538 2890 653 2940 ὲστι
699 2889 800 2957 τῆς
838 2890 896 2940 ἐν
941 2889 1203 2961 Αἰγύπτῳ
1233 2893 1520 2960 γενέσεως,
1552 2893 1794 2964 δηλονότι

194 2983 230 3050 ἡ
274 2980 650 3050 ἀκροϐυστία,
690 2983 1068 3054 Αἰγυπτιακῆς
1114 2983 1353 3053 σχέσεως
1397 2987 1492 3038 καὶ
1529 2986 1795 3053 γενέσεως
1821 3031 1863 3087 C

193 3073 500 3144 γνώρισμά
531 3078 670 3126 ἐστι.
701 3073 872 3126 Τοῦτο
899 3073 953 3127 δὲ
983 3075 1198 3143 ἀφεῖλεν
1225 3076 1252 3127 ὀ
1274 3074 1426 3139 Θεὸς,
1462 3076 1548 3129 ἵνα
1596 3078 1792 3147 μηκέτι

191 3165 271 3228 ὡς
300 3169 360 3218 ἐν
390 3165 658 3234 Αἰγύπτῳ
684 3165 1034 3237 γεννηθέντες
1085 3160 1242 3228 ὦσιν,
1292 3166 1428 3220 ἀλλά
1479 3168 1577 3238 τῆς
1624 3171 1796 3238 ἐπαγ-

191 3257 409 3326 γελέας,
442 3259 522 3320 εἰς
549 3258 615 3328 ἡν
649 3256 866 3326 εἱσῆξεν
904 3259 1101 3321 αὐτοὺς
1133 3261 1162 3311 6
1189 3258 1414 3330 Κύριος,
1448 3259 1615 3312 τέκνα
1647 3261 1796 3328 λογί-

195 3349 433 3413 ζωνται.
472 3348 693 3401 Τούτων
722 3349 780 3400 δὲ
829 3349 1000 3413 οὕτως
1030 3349 1218 3415 ὄντων,
1275 3350 1524 3419 φαίνεται
1559 3351 1791 3405 καθόλου

195 3443 232 3513 ἡ
265 3441 543 3512 περιτομὴ
573 3441 788 3494 δοθεῖσα
836 3441 969 3511 (23),
1008 3442 1074 3494 ἶν’
1117 3443 1387 3514 ἀφαιρεθῇ
1432 3446 1460 3495 6
1492 3443 1795 3514 ὀνειδισμὸς

193 3535 296 3604 τῆς
331 3534 536 3603 γηῖνης
591 3533 859 3600 γενέσεως
907 3533 1016 3587 ἀπὸ
1069 3534 1177 3587 τῶν
1229 3535 1650 3606 ’Λϐραμιαίων,
1703 3537 1794 3588 καὶ

196 3628 404 3697 μηκέτι
440 3626 730 3679 ὑπεύθυνοι
759 3621 911 3696 ὦμεν
943 3626 1048 3696 τῷ·
1105 3645 1123 3678 ι
1163 3629 1236 3699 Γῆ
1271 3625 1323 3681 εἶ
1350 3670 1364 3690 ,
1418 3629 1511 3681 καὶ
1561 3631 1640 3693 εἰς
1690 3628 1792 3699 γῆν

192 3721 504 3792 ἀπελεύσῃ.
540 3741 558 3772 ι
608 3721 887 3791 Ἀφῃρέθη
921 3720 1030 3792 γὰρ
1065 3723 1092 3773 ὀ
1138 3721 1442 3793 ὀνειδισμὸς
1483 3721 1578 3774 τοῦ
1616 3739 1794 3792 παρα-

192 3813 519 3884 πτώματος.
556 3813 728 3866 Τοῦτο
764 3814 820 3866 δὲ
855 3815 1069 3881 ἐγένετο
1101 3813 1222 3866 τότε
1276 3816 1356 3876 εἰς
1385 3813 1554 3868 τύπον
1583 3813 1676 3866 τοῦ
1704 3813 1794 3867 διὰ

192 3903 442 3975 Χριστοῦ
497 3903 894 3974 βαπτίσματος.
945 3905 1078 3956 Τότε
1134 3903 1244 3974 γὰρ
1295 3905 1359 3958 ὲκ
1415 3905 1617 3976 μέρους
1671 3905 1793 3974 ἐγέ-

190 4014 318 4050 νετο
361 3996 500 4066 (24),
529 3997 606 4059 ὠς
640 3999 698 4050 ἐν
729 3998 878 4067 σκιᾷ,
919 3996 1012 4050 νῦν
1041 3997 1117 4061 δὲ,
1157 3996 1346 4068 ὥσπερ
1379 3991 1532 4049 εἶπεν
1565 3999 1594 4049 ὁ
1639 3998 1793 4050 Ἀπό-

194 4087 409 4148 στολος,
445 4086 576 4158 ὃλην
617 4087 714 4156 τὴν
761 4087 954 4157 γηῗνην
998 4086 1211 4154 γένεσιν
1255 4085 1786 4157 ἀπεκδιδυσκόμεθα,

191 4175 283 4229 διὰ
302 4175 404 4229 τοῦ
434 4174 662 4246 λουτροῦ
696 4176 1150 4247 ἀναγεννώμενοι,
1182 4177 1270 4231 ἵνα
1299 4177 1496 4247 μηκέτι
1522 4177 1664 4230 κατὰ
1689 4177 1790 4249 τὴν

192 4267 428 4336 πρώτην
464 4268 681 4336 γένεσιν
710 4268 1173 4340 ἀποθνήσκωμεν,
1218 4269 1355 4322 ἀλλά
1392 4268 1536 4322 κατά
1561 4267 1662 4340 τὴν
1693 4285 1790 4321 πε-

1905 1803 2024 1843 eam
2055 1803 2248 1858 nempe
2263 1805 2384 1859 qua:
2404 1804 2571 1844 causa
2597 1789 2674 1844 illi
2690 1799 2774 1845 est
2795 1791 3186 1860 generationis,
3209 1796 3491 1850 exsolvere

1901 1879 2044 1950 jussi
2069 1889 2201 1933 sunt
2233 1899 2247 1934 :
2277 1887 2336 1948 et,
2358 1880 2473 1949 jam
2512 1888 2674 1934 antea
2700 1880 3014 1936 didicerunt
3041 1922 3057 1948 ,
3083 1890 3260 1937 totum
3286 1899 3491 1955 corpus

1904 1971 2214 2026 exuendum
2255 1987 2400 2036 esse,
2443 1981 2525 2039 ut,
2559 1988 2625 2028 ac
2677 1974 2724 2028 si
2769 1975 2915 2044 quod
2949 1974 3268 2048 damnatum
3311 1976 3490 2032 fuerat

1904 2064 2282 2128 tradidissent,
2307 2067 2540 2121 salutem
2567 2067 2831 2136 consequi
2860 2077 3107 2136 possent.
3129 2067 3195 2121 Et
3225 2069 3370 2124 sicut
3399 2085 3491 2125 sa-

1903 2155 2110 2209 criﬁcia
2179 2156 2388 2210 umbrae
2428 2155 2740 2211 futurorum
2780 2165 2975 2222 erant,
3013 2159 3094 2213 sic
3137 2159 3491 2218 circumcisio

1901 2247 2140 2318 alicujus
2171 2247 2380 2317 partis,
2418 2249 2589 2304 totius
2637 2251 3067 2306 circumcidendi
3101 2252 3298 2306 umbra
3345 2260 3488 2308 erat.

1902 2335 2019 2394 Hoc
2046 2346 2226 2394 autem
2263 2340 2320 2394 in
2349 2338 2480 2395 Jcsu
2516 2338 2656 2395 Filio
2693 2339 2841 2396 Nave
2893 2343 3042 2398 clare
3088 2352 3492 2401 commonstrat

1904 2428 2188 2500 Scriptura
2221 2449 2234 2484 :
2270 2427 2400 2484 Jcsu
2433 2430 2577 2485 enim
2622 2445 2688 2486 ex
2721 2429 2815 2486 Dei
2847 2431 3010 2500 jussu
3067 2435 3330 2504 populum
3379 2436 3492 2492 cir-

1901 2522 2248 2577 cumcidente
2271 2522 2327 2576 in
2351 2521 2622 2593 Galgalis,
2649 2530 2804 2577 trans
2834 2520 3153 2587 Iordanem,
3179 2525 3320 2580 dixit
3343 2525 3490 2586 Deus

1898 2610 2028 2667 Jesu
2063 2611 2202 2667 Filio
2238 2611 2384 2667 Nave
2426 2631 2440 2666 :
2479 2631 2497 2662 ι
2538 2611 2710 2667 Hodie
2759 2613 2962 2668 abstuli
2993 2616 3348 2684 opprobrium
3389 2616 3489 2673 1E-

1897 2698 2048 2768 gypti
2103 2713 2135 2752 a
2176 2698 2352 2754 vobis.
2404 2697 2473 2752 Et
2524 2701 2765 2764 vocavi,
2825 2701 3045 2770 inquit,
3110 2718 3311 2759 nomen
3380 2706 3486 2760 loci

1899 2788 2045 2844 illius
2077 2787 2299 2860 Galgala
2329 2791 2392 2843 ¹⁰.
2417 2810 2436 2842 ι
2464 2789 2519 2844 Si
2542 2806 2777 2862 namque
2800 2791 3145 2848 circumcisio
3175 2797 3486 2864 generatio-

1897 2896 2023 2935 ncm
2056 2879 2436 2953 Egyptiacam
2493 2882 2673 2939 aufert
2723 2900 2735 2935 :
2784 2899 2917 2955 ergo
2955 2887 3282 2955 praeputium
3317 2887 3488 2961 Egy-

1898 2974 2060 3044 ptiaci
2105 2975 2327 3032 habitus
2360 2991 2423 3032 ac
2470 2977 2838 3048 generationis
2890 2978 3154 3032 iudicium
3211 2987 3314 3034 est.
3370 2979 3486 3036 Hoc

1899 3075 2081 3122 autem
2114 3069 2342 3124 abstulit
2375 3069 2538 3134 Deus,
2576 3076 2637 3124 ut
2661 3087 2770 3124 non
2800 3072 2944 3124 ultra
2972 3072 3130 3142 quasi
3162 3071 3218 3126 in
3243 3061 3487 3146 [Egypto

1896 3159 2010 3232 nali
2044 3158 2398 3228 haberentur,
2445 3160 2538 3214 sed
2586 3159 2992 3230 promissionis,
3049 3162 3105 3214 in
3154 3177 3318 3232 quam
3359 3164 3486 3218 illos

1895 3249 2113 3303 induxit
2143 3250 2428 3312 Dominus,
2455 3252 2552 3306 lilii
2591 3251 3060 3306 existimarentur.
3099 3250 3226 3306 Hzec
3251 3267 3376 3307 cum
3407 3254 3484 3308 ita

1895 3357 1954 3396 se
1983 3342 2241 3410 habeant,
2265 3343 2484 3398 videtur
2505 3359 2735 3414 prorsus
2765 3343 3113 3399 circumcisio
3135 3344 3262 3398 data
3285 3344 3480 3409 fuisse,

1895 3440 1955 3488 ut
1981 3434 2336 3503 opprobrium
2359 3442 2594 3490 terrenae
2614 3435 2984 3506 generationis
3009 3435 3079 3489 ab
3106 3435 3484 3492 Abrahamitis

1893 3524 2202 3589 tolleretur,
2246 3534 2301 3580 et
2354 3541 2466 3580 non
2513 3527 2748 3597 amplius
2787 3526 3012 3580 obnoxii
3059 3541 3310 3582 essemus
3354 3529 3484 3583 huic

1893 3616 2186 3670 maledicto
2219 3635 2232 3670 :
2268 3635 2287 3666 ι
2331 3615 2497 3671 Terra
2542 3633 2625 3680 es,
2682 3625 2736 3672 et
2785 3616 2838 3670 in
2875 3625 3075 3671 terram
3105 3618 3421 3673 reverteris.
3455 3637 3478 3670 ι

1893 3706 2146 3760 Ablatum
2170 3715 2254 3762 est
2279 3710 2423 3763 enim
2454 3707 2808 3778 Opprobrium
2837 3707 3045 3762 delicti.
3065 3705 3120 3760 Id
3145 3716 3324 3762 autem
3349 3715 3482 3765 tunc

1893 3801 2097 3855 factum
2117 3811 2201 3857 est
2222 3802 2275 3855 in
2302 3801 2526 3872 figuram
2548 3796 2896 3870 baptismatis
2924 3814 3019 3868 per
3041 3797 3319 3852 Christum
3342 3799 3480 3856 dati.

1893 3893 2048 3950 Tunc
2070 3895 2215 3950 enim
2243 3909 2309 3948 ex
2339 3901 2493 3964 parte
2522 3908 2610 3948 res
2636 3891 2927 3962 gerebatur
2958 3890 3116 3961 quasi
3160 3891 3215 3944 in
3248 3892 3479 3956 umbra;

1891 4003 2039 4043 nunc
2070 3995 2276 4051 autem,
2312 3994 2373 4040 ut
2419 3986 2555 4040 dixit
2603 3985 2920 4056 Apostolus,
2975 3994 3144 4041 totam
3201 3991 3480 4039 terrenam

1892 4080 2302 4151 generationem
2329 4079 2603 4143 exuimus,
2633 4094 2730 4148 per
2759 4078 3034 4133 lavacrum
3066 4075 3396 4149 regenerati,
3423 4083 3483 4129 ut

1890 4190 2003 4229 non
2030 4173 2263 4244 amplius
2289 4172 2592 4228 secundum
2635 4172 2873 4242 priorem
2911 4171 3319 4241 generationem
3363 4183 3484 4221 mo-

1889 4267 2119 4330 riamur,
2164 4264 2261 4320 sed
2316 4262 2621 4318 secundum
2657 4261 3167 4326 circumcisionem,
3216 4274 3325 4331 qua
3357 4273 3483 4314 cor-

197 4363 431 4431 ριτομὴν
461 4358 563 4428 τῆς
589 4359 940 4423 ἀπεκδύσεως
979 4359 1073 4413 τοῦ
1129 4357 1400 4430 σώματος,
1450 4360 1520 4430 ἢν
1569 4359 1656 4412 διὰ
1688 4358 1783 4412 τοῦ

1901 4373 1994 4429 pus
2024 4357 2267 4420 exuitur,
2295 4371 2459 4426 quam
2493 4370 2590 4425 per
2633 4354 2914 4409 lavacrum
2966 4368 3068 4408 nos
3095 4352 3372 4417 exuimus,
3401 4351 3483 4405 vi-

191 4451 426 4522 λουτβῦ
450 4451 979 4522 ἀπεκδιδυσκόμεθα,
1007 4451 1282 4522 ζήσωμεν.
1309 4453 1519 4521 Ὥσπερ
1549 4451 1606 4504 δὲ
1632 4447 1784 4505 εἶπεν

189 4544 221 4595 6
256 4541 465 4612 Κύριος
496 4541 575 4612 τῷ
616 4541 793 4612 Ἰησοῦ
819 4557 833 4570 ’
880 4561 899 4593 ι
941 4541 1186 4610 Ἀφεῖλον
1226 4541 1318 4594 τὸν
1348 4541 1650 4612 ὀνειδισμὸν
1686 4541 1784 4594 Αί-

187 4632 408 4702 γύπτου
455 4635 514 4686 ἐν
546 4635 612 4703 τῇ
650 4634 888 4705 σήμερον
936 4634 1121 4706 ἡμέρᾳ
1159 4634 1254 4702 ἀφ’
1303 4631 1458 4703 ὑμῶν
1486 4648 1501 4662 ⁸
1539 4652 1558 4685 ι
1611 4632 1783 4695 οὕτως

190 4723 377 4794 πολλῷ
408 4723 568 4777 πλέον
595 4724 812 4795 λεχθείη
839 4727 903 4778 ἂν
921 4725 1135 4796 ἑκάστῳ
1163 4725 1272 4778 τῶν
1305 4725 1399 4779 νῦν
1430 4724 1563 4795 (24')
1598 4723 1788 4795 βαπτι-

192 4815 444 4886 ζομένων
468 4829 482 4842 ·
531 4817 622 4870 Ἐν
665 4819 732 4889 τῇ
778 4818 958 4889 ἡμέρᾳ
996 4817 1167 4890 ταύτῃ
1200 4816 1420 4886 ἀφεῖλον
1467 4817 1558 4870 τὸν
1592 4815 1784 4869 ὀνειδι-

191 4909 334 4978 σμὸν
359 4909 460 4980 τῆς
503 4909 701 4980 γηΐνης
733 4909 1018 4977 γενέσεως,
1050 4909 1144 4962 καὶ
1185 4909 1277 4962 τὸν
1309 4909 1636 4979 ὀνειδισμὸν⁸
1680 4907 1780 4979 τῆς

186 4999 288 5053 τοῦ
313 5001 547 5054 θανάτου
587 5000 794 5072 φθορᾶς
826 4999 934 5054 ἀπὸ
957 5000 1072 5065 σοῦ,
1109 5002 1166 5054 ὲν
1197 5003 1266 5072 τῇ
1302 5001 1543 5072 σήμερον
1575 4999 1776 5071 ἡμέρᾳ.

297 5124 321 5153 ⁸
358 5120 498 5178 Gen.
539 5136 641 5188 ιιι,
681 5120 771 5176 19.
846 5121 890 5153 ¹⁰
927 5119 1043 5176 Jos.
1090 5137 1141 5184 ν,
1179 5120 1236 5177 9.
1317 5121 1360 5152 ¹¹
1403 5117 1562 5174 Rom.
1597 5135 1683 5183 vl,
1719 5118 1836 5173 4-7.

262 5243 379 5315 (19)
400 5241 566 5315 Rasil.
587 5216 768 5313 ἤρκει.
793 5239 936 5304 Mox,
963 5240 1098 5315 Reg.
1132 5240 1290 5315 Gobl.
1317 5249 1372 5296 et
1391 5239 1541 5315 Fe_l_c.
1570 5255 1610 5303 ι,
1635 5257 1772 5315 κατ-

185 5309 385 5369 ιπάυει
420 5312 566 5366 Editi
602 5309 731 5366 vero
757 5321 808 5366 et
832 5309 1421 5372 ceterifxarénauos.
1454 5309 1598 5374 Mox,
1635 5309 1768 5381 Reg.

211 5388 450 5466 Seg‘uAer;
453 5392 508 5437 et
528 5381 715 5463 Gobl.,
735 5381 1002 5466 δεδόσθαι.
1020 5381 1163 5437 Editi
1189 5398 1342 5450 vero,
1367 5381 1625 5436 δίδοσθαι.

281 5451 378 5522 ΞΟ)
409 5451 638 5522 Regius,
665 5451 873 5505 τούτου.

281 5524 378 5604 ἓξ)
407 5522 652 5604 ’(ξοιιιιιιοι
665 5531 719 5576 et
748 5520 894 5604 Felc.
931 5537 971 5588 ι,
996 5523 1091 5604 καὶξ
1116 5524 1174 5604 ἐν
1202 5521 1485 5604 τῷῇΝαυῇ.

356 5585 372 5660 ᾗ
403 5591 562 5648 Gobl.
597 5588 756 5645 εἶπεν
793 5585 996 5663 μύριος
1031 5591 1212 5663 αρτῷ·
1253 5585 1352 5646 ’Ἐν
1492 5590 1633 5663 σήμ.
1681 5585 1772 5644 ln-

253 5610 372 5664 (π)
403 5610 562 5648 ιιουι.
597 5610 756 5645 ειπεν
793 5610 996 5663 λυριος
1031 5610 1132 5646 αυτ
1199 5610 1212 5621 '
1269 5610 1352 5646 ιν
1387 5610 1455 5662 τῃ
1492 5610 1625 5662 σημ.
1685 5610 1766 5644 ιιι·

186 5663 298 5734 fra,
329 5666 466 5735 Reg.
505 5665 736 5735 δείσει’.
779 5659 938 5721 Gohl.
982 5670 1040 5720 et
1071 5610 1218 5721 Fe'fc.
1248 5678 1288 5734 ι,
1322 5673 1448 5734 post
1484 5659 1766 5740 ,ἐκάλεσα

1895 4462 2086 4502 vamus
2111 4446 2174 4501 “.
2210 4443 2281 4499 Ut
2333 4453 2514 4500 autem
2544 4444 2682 4499 dixit
2727 4442 2990 4500 Dominus
3035 4441 3165 4499 Jesu
3195 4461 3208 4498 :
3251 4461 3270 4494 ι
3306 4441 3484 4499 Hodie

1892 4539 2094 4594 abstuli
2141 4538 2496 4609 opprobrium
2535 4535 2758 4609 Egypti
2809 4551 2840 4590 a
2886 4536 3083 4604 vobis;
3129 4555 3148 4589 ι
3186 4536 3269 4591 sic
3307 4535 3484 4590 multo

1890 4633 2067 4702 magis
2095 4630 2203 4686 dici
2234 4629 2436 4701 poterit
2465 4631 2765 4700 unicuique
2793 4645 3008 4695 eorum,
3048 4629 3144 4700 qui
3191 4642 3342 4683 nunc
3379 4627 3480 4685 ba-v

1891 4724 2167 4792 ptizantur
2197 4742 2210 4778 :
2238 4722 2352 4779 Hac
2379 4721 2467 4778 die
2498 4723 2700 4778 abstuli
2737 4723 3094 4793 opprobrium
3129 4729 3359 4776 terrena:
3383 4733 3479 4790 ge-

1891 4814 2216 4879 nerationis,
2243 4822 2298 4870 et
2322 4815 2681 4887 opprobrium
2711 4813 3091 4882 corruptionis
3119 4813 3319 4868 mortis
3354 4826 3385 4864 ε
3417 4819 3475 4867 to

1889 4910 1994 4966 hoc
2022 4911 2143 4980 ipso
2171 4909 2278 4965 die.

1881 5235 2085 5291 habent
2133 5230 2288 5302 φησί.
2344 5237 2488 5286 nam
2541 5245 2689 5295 vero,
2740 5245 2868 5299 εφη.
2924 5234 3071 5292 Mox,
3145 5226 3369 5284 Gobler.
3412 5235 3473 5284 et

1880 5304 2028 5361 Felc.
2058 5320 2096 5369 ι,
2126 5296 2308 5373 Eia-Tw
2335 5302 2369 5372 ἡ
2399 5318 2582 5373 περιτ.

1951 5365 2192 5446 (ἓὸγὸἱο
2210 5365 2379 5446 -ιὶοςῖγ
2401 5381 2454 5428 et
2476 5365 2706 5446 Seguer1
2740 5368 2886 5425 Edit.
2917 5367 3130 5424 Comm.
3171 5365 3469 5434 δοθεῖσθαι,

1880 5441 2572 5504 male.'ﬂincParisienSes,
2587 5441 2829 5511 δοθῆναι,
2849 5455 2957 5511 suo_
2970 5447 3142 5511 marte
3156 5452 3468 5511 gorrexere.

1951 5515 2063 5588 (9:6)
2097 5513 2300 5588 Regius
2323 5521 2378 5568 et
2411 5513 2637 5588 §eguer.
2668 5505 2898 5588 εγενετο.
2940 5508 3089 5576 Mox,
3140 5505 3294 5564 εἶπεν
3319 5510 3471 5566 deest

1880 5587 1934 5643 in
1960 5581 2307 5640 'Gobleri'ano
2339 5590 2393 5638 et
2418 5581 2564 5652 Felc.
2605 5581 2804 5652 primo.

1947 5653 2086 5728 (ειν)
2111 5653 2226 5711 Νῦν
2252 5655 2404 5711 deest
2426 5653 2480 5709 in
2509 5648 2839 5711 Gobleriano
2866 5659 2920 5706 et
2949 5648 3096 5707 Felc.
3126 5664 3168 5706 I.
