3872 6188
435 195 551 254 us
1613 201 1669 256 s.
1711 202 2178 264 ATHANASIUS.
2218 237 2290 252 .-
2327 190 2569 264 ouau.’
3603 215 3719 272 tu

444 368 3687 415 W———-——_——_—

1233 524 1318 584 ΙΝ
1360 523 1783 586 HOMILIAM
1817 527 1926 587 DE
1983 527 2363 591 SEMENTE
2418 531 2910 597 ADMONITIO.

510 690 811 748 Romilium
841 688 907 743 de
933 679 1174 743 Semente
1208 686 1575 778 subjungimus
1620 686 1872 742 Homiliai
1899 687 1965 742 de
1995 688 2230 746 Sabbato
2273 701 2324 747 et
2355 691 2794 766 Circumcisione,
2819 698 2960 770 quod
2989 699 3054 756 de
3086 717 3143 756 re
3174 703 3358 759 eadem
3396 705 3570 761 amba:
3599 721 3724 778 per-

440 798 689 853 tractent,
718 802 899 854 nempe
930 784 994 840 de
1023 782 1281 846 Sabbato,
1312 795 1404 834 seu
1431 777 1629 834 deritu
1650 778 1894 833 servandi
1921 778 2166 838 Sabbati.
2193 781 2325 837 Haec
2353 788 2620 852 posterior
2649 798 2823 844 autem
2848 791 3025 858 plures
3054 809 3212 864 quam
3240 797 3541 864 prcccedens
3569 777 3721 868 prte-

439 887 541 956 fert
577 882 857 939 dubitandi
884 893 1114 943 causas;
1154 892 1260 931 non
1291 883 1557 944 comparet
1601 875 1742 930 enim
1782 876 1838 928 in
1863 876 2096 946 antiquis
2127 877 2414 934 Athanasii
2457 899 2673 952 operum
2716 885 3134 953 collectionibus,
3185 904 3276 942 nec
3309 891 3415 944 nisi
3447 895 3502 945 in
3534 892 3724 946 codice

436 977 730 1049 Anglicano
754 976 1001 1028 hactenus
1027 982 1235 1043 reperta
1253 974 1378 1043 fuit.
1409 973 1491 1027 Ad
1516 973 1627 1028 hazc
1649 974 1906 1028 nonnulla
1939 985 2063 1028 sunt
2089 975 2172 1028 hic
2191 976 2438 1048 loquendi
2457 997 2666 1052 genera,
2692 1000 2808 1053 qua:
2833 985 3007 1038 minus
3027 985 3256 1052 peritum
3285 989 3600 1054 scriptorem
3625 1007 3724 1043 ar-

435 1078 601 1143 guant
632 1066 815 1124 :haud
838 1065 998 1122 semel
1030 1065 1168 1120 enim
1198 1067 1440 1137 legimus,
1464 1064 1658 1138 κρύὸει
1696 1081 1792 1134 pro
1821 1064 2076 1138 κρύπτει,
2110 1066 2165 1119 in
2197 1071 2469 1136 presenti,
2501 1081 2551 1125 et
2583 1073 2802 1126 similia.
2835 1073 3070 1146 Suntque
3099 1079 3211 1134 alia
3258 1082 3428 1136 multa
3457 1101 3577 1154 quae
3616 1085 3723 1138 mi-

440 1180 540 1219 nus
569 1161 856 1217 Athanasii
875 1158 1073 1230 stylum
1101 1158 1380 1228 referunt:
1408 1158 1694 1226 implicata:
1729 1157 1929 1210 scilicet
1965 1157 2169 1226 periodi
2203 1157 2529 1229 frequentes,
2564 1163 2797 1216 maxime
2836 1164 2932 1218 sub
2953 1167 3134 1234 ﬁnem,
3175 1186 3298 1223 nam
3337 1151 3484 1227 secus
3519 1151 3750 1234 initio,“

436 1272 556 1309 cum
579 1264 765 1309 contra
795 1250 1083 1306 Athanasii
1113 1267 1285 1305 sermo
1309 1267 1428 1304 cum
1462 1249 1677 1303 lenitate
1702 1249 1936 1318 quadam
1970 1247 2221 1318 wquabili
2251 1249 2444 1321 ubique
2471 1252 2731 1322 pro/luat,
2759 1263 2810 1308 et
2846 1231 3073 1311 multum
3106 1231 3391 1318 abhorreat
3422 1265 3488 1318 ab
3520 1231 3722 1320 obscu:

434 1349 509 1401 ris
539 1344 784 1416 loquendi
813 1342 1106 1416 generibus.
1143 1340 1337 1406 Porro,
1365 1343 1484 1394 licet
1518 1339 1702 1394 allatis
1727 1339 1790 1394 de
1824 1340 1999 1393 causis
2033 1339 2316 1394 admodum
2339 1354 2580 1411 suspecta
2610 1344 2758 1402 nobis
2782 1346 2850 1400 sit
2885 1346 2996 1403 haec
3025 1349 3287 1420 Homilia,
3322 1373 3426 1410 non
3451 1357 3722 1414 indiserta

437 1452 635 1507 tamen,
669 1458 761 1496 nec
789 1439 1011 1511 indigna
1040 1454 1156 1508 qua:
1191 1437 1418 1508 legatur.
1447 1435 1515 1490 In
1546 1453 1608 1490 ea
1640 1437 1827 1507 quippe
1849 1444 1932 1489 sat
1962 1435 2128 1504 lepide
2155 1439 2399 1508 arguitur
2423 1456 2559 1494 uana
2579 1440 2895 1497 Iudaeorum
2917 1446 2973 1498 in
3005 1449 3265 1504 servando
3293 1449 3532 1505 Sabbato
3557 1469 3721 1506 scru-

432 1535 735 1606 pulositas:
767 1532 937 1588 multa
957 1548 1160 1605 quoque
1181 1531 1302 1585 istic
1329 1528 1394 1584 de
1432 1529 1671 1583 oratione
1695 1536 1745 1583 et
1785 1528 2136 1597 eleemosyna,
2179 1529 2407 1599 aliisque
2434 1533 2537 1601 piis
2567 1535 2811 1603 operibus
2839 1536 3106 1610 feruntur,
3136 1557 3255 1612 qua:
3284 1543 3469 1598 lectori
3497 1560 3593 1598 nec
3631 1545 3721 1599 in-

427 1630 669 1700 jucunda
696 1646 789 1686 nec
812 1630 1025 1686 inutilia
1049 1629 1163 1698 fore
1192 1626 1543 1681 arbitramur.

1539 1893 1679 1947 'ror
1708 1892 1797 1946 EN
1829 1893 2071 1976 Armis
2092 1894 2364 1948 ΠΑΤΡοΣ
2394 1896 2595 1954 unum

1747 2059 2388 2150 ΑΘΑΝΑΣΙΟΥ

1603 2245 1864 2298 οΜΙΛΙΑ
1892 2245 2020 2299 ΕΙΣ
2065 2245 2206 2299 ΤΟΝ
2229 2247 2528 2306 ΣΠΟΡΟΝ.

1441 2547 1537 2638 S.
1614 2550 1721 2637 P.
1817 2551 1936 2639 N.
2012 2550 2672 2641 ATHANASII

1538 2742 1912 2808 HOMILIA
1971 2745 2086 2806 DE
2125 2745 2230 2807 SE
2233 2746 2360 2808 ME
2364 2745 2428 2808 N
2428 2745 2538 2806 TE
2543 2790 2558 2806 .

495 3041 550 3098 l.
590 3040 652 3096 ln
679 3037 768 3095 die
813 3035 1042 3094 Sabbati
1089 3033 1406 3106 congregati
1434 3050 1626 3091 sumus
1655 3054 1669 3090 :
1701 3053 1813 3092 non
1858 3038 1998 3108 quod

2180 3041 2232 3094 1.
2288 3041 2376 3093 Ἑν
2403 3041 2589 3112 ἡμέρᾳ
2628 3041 2909 3096 Σαὸϐάτου
2958 3042 3324 3115 συνήχθημεν,
3369 3043 3432 3098 ού
3479 3044 3714 3102 νοσοῦν-

411 3131 690 3192 Judaismi
737 3129 931 3186 morbo
963 3127 1626 3197 laboremusmnnquam
1671 3129 1819 3183 enim
1864 3128 1998 3186 falsa

2109 3149 2199 3195 τες
2235 3131 2347 3202 (25)
2385 3131 2715 3204 Ἰουδαῖσμόν
2737 3149 2748 3164 ·
2790 3134 2852 3187 ού
2883 3133 2995 3205 γὰρ
3023 3134 3380 3206 ὲφαπτόμεθα
3408 3136 3714 3192 Σαϐὃάτωτ

425 3226 666 3282 Sabbata
693 3221 780 3278 vel
808 3219 1179 3291 attigerimus;
1215 3217 1310 3273 sed
1341 3217 1410 3272 ad
1438 3217 1736 3273 Sabbatum
1768 3222 1998 3276 accessi-

2109 3223 2320 3292 ψευδῶν
2347 3239 2361 3254 ·
2413 3227 2870 3296 παραγεγόναμεν
2907 3226 2966 3279 δὲ
3005 3227 3064 3280 ἐν
3114 3225 3383 3298 Σαϐϐάτῳ
3409 3268 3424 3294 ,
3455 3228 3550 3283 τὸν
3585 3227 3712 3283 Κύ-

422 3333 570 3383 mus,
593 3314 883 3371 Dominum
914 3310 1136 3366 Sabbati
1153 3307 1338 3365 Jesum
1362 3308 1665 3364 adoraturi.
1699 3309 1838 3366 Olim
1858 3321 1998 3367 certe

2111 3333 2224 3386 ριον
2262 3314 2356 3368 τοῦ
2393 3316 2670 3369 Σαϐϐάτου
2717 3317 2922 3388 Ἰησοῦν
2971 3319 3469 3390 προσκυνήσοντες.
3524 3321 3713 3376 Πάλαι

423 3409 626 3481 priscis
659 3404 978 3460 hominibus
1003 3402 1058 3456 in
1090 3401 1270 3472 pretio
1306 3399 1605 3456 Sabbatum
1643 3401 1747 3456 fuit
1771 3421 1783 3456 :
1809 3410 1865 3456 at
1899 3402 2007 3456 Do-

421 3503 609 3558 minus
645 3497 789 3553 diem
822 3496 1048 3551 Sabbati
1081 3495 1365 3550 transtulit
1401 3495 1456 3548 in
1488 3493 1830 3549 Dominicam
1864 3515 1878 3551 :
1909 3512 2005 3550 ne-

415 3609 530 3665 que
557 3606 659 3647 nos
683 3589 1012 3645 auctoritate
1039 3593 1230 3642 nostra
1256 3584 1556 3640 Sabbatum
1581 3587 1671 3639 vili
1682 3588 2000 3656 pendimus;

422 3681 519 3739 sed
547 3679 660 3751 46
684 3678 949 3748 propheta
995 3683 1100 3740 est,
1137 3675 1231 3745 qui
1278 3675 1413 3730 illud
1469 3676 1648 3744 rejicit
1701 3690 1765 3728 ac
1822 3675 1998 3730 dicit:

425 3790 447 3826 ι
475 3769 804 3827 Neomenias
823 3777 1037 3824 vestras
1061 3775 1116 3822 et
1135 3766 1372 3822 Sabbata
1399 3767 1515 3822 odit
1537 3767 1720 3821 anima
1745 3783 1863 3822 mea
1887 3770 1950 3824 ".
1979 3787 1998 3822 ι

412 3863 676 3932 Quandiu
705 3863 850 3917 enim
902 3876 966 3916 ea
1000 3861 1326 3931 agebantur,
1375 3875 1495 3929 qua:
1530 3861 1648 3930 lege
1688 3861 1813 3914 (lata
1839 3859 2004 3931 digna

417 3966 578 4014 erant
607 3976 621 4011 :
646 3963 741 4009 aut
765 3955 1012 4026 quandiu
1043 3969 1152 4008 non
1177 3955 1475 4009 advenerat
1508 3952 1788 4024 Magister,
1823 3957 2005 4024 paeda-

418 4051 542 4120 gogi
586 4049 734 4120 leges
763 4049 875 4104 vim
918 4046 1241 4102 obtinebant
1268 4064 1281 4098 :
1309 4053 1365 4099 at
1407 4045 1499 4100 ubi
1542 4044 1806 4116 Magister
1840 4045 2004 4101 adve-

417 4141 522 4206 nit,
559 4140 723 4195 desiit
754 4139 1082 4210 paedagogus
1109 4155 1122 4191 :
1153 4144 1208 4192 et
1235 4144 1428 4194 exorto
1459 4138 1597 4202 sole,
1630 4137 1856 4191 candela
1885 4152 2005 4193 ces-

414 4232 582 4290 savit.
631 4231 954 4303 Opportuna
1001 4232 1170 4303 igitur
1220 4231 1379 4286 nobis
1427 4231 1591 4285 lectio
1637 4231 1706 4286 de
1766 4229 2004 4286 Sabbato

410 4335 822 4398 consequenter
850 4326 1034 4381 habita
1083 4332 1189 4382 est.
1221 4323 1456 4396 Jamjam
1497 4325 1643 4380 enim
1685 4323 2002 4380 audivimus

2112 3409 2209 3477 μὲν
2251 3407 2360 3478 γὰρ
2399 3403 2467 3478 ἦν
2514 3410 2572 3460 ὲν
2617 3411 2732 3472 τοῖς
2773 3410 3034 3480 ἀρχαίοις,
3063 3412 3126 3466 τὸ
3161 3415 3347 3484 τίμιον
3383 3412 3668 3467 Σάϐϐατον
3695 3432 3710 3443 ·

2113 3500 2378 3571 μετέθηκε
2406 3501 2463 3554 δὲ
2489 3503 2516 3554 ὁ
2550 3502 2754 3573 Κύριος
2782 3503 2878 3574 τὴν
2906 3504 3002 3556 τοῦ
3037 3506 3320 3562 Σαϐὄάτου
3350 3505 3570 3578 ἡμέραν
3623 3509 3710 3572 είς

2109 3593 2394 3663 Κυριακήν
2421 3611 2433 3623 ⁸
2477 3594 2570 3646 καὶ
2597 3595 2696 3664 οὐχ
2731 3597 2890 3665 ἡμεῖς
2924 3599 3090 3667 ἐσμεν
3139 3599 3188 3650 oi.
3220 3599 3313 3667 ἀφ’
3365 3597 3578 3652 ἑαυτῶν
3606 3598 3711 3652 τοῦ

2108 3684 2385 3737 Σαϐϐάτου
2435 3687 2968 3756 καταφρονήσαντες,
3017 3687 3134 3739 ἀλλ’
3167 3689 3193 3740 ὁ
3231 3690 3521 3759 προφήτης
3553 3689 3711 3743 ἐστὶν

2106 3777 2134 3828 ὁ
2167 3775 2456 3829 ἀποϐαλὼν
2507 3777 2601 3828 καὶ
2636 3777 2804 3830 είπών
2831 3793 2847 3808 ο
2906 3796 2924 3827 ‹
2951 3778 3066 3842 Τάς
3089 3779 3386 3851 νεομηνίας
3415 3779 3572 3850 ὑμῶν
3607 3783 3715 3835 καὶ

2105 3867 2176 3921 τὰ
2223 3868 2475 3923 Σάϐϐατα
2506 3872 2652 3939 μισεί
2695 3870 2728 3939 ἡ
2779 3867 2924 3940 ψυχή
2979 3888 3102 3940 μου.
3137 3890 3156 3922 ›
3198 3872 3379 3942 Μέχρι
3436 3873 3534 3943 μὲν
3591 3872 3714 3945 γὰρ

2105 3961 2194 4012 ὅτε
2226 3959 2350 4025 ἀξια
2380 3959 2683 4031 ἐπράττετο
2703 3960 2811 4012 τῶν
2839 3962 3186 4032 πραγμάτων
3216 3965 3318 4034 τῆς
3349 3964 3712 4034 νομοθεσίας,

2104 4051 2137 4121 ἢ
2165 4051 2355 4122 μέχρις
2381 4052 2470 4104 ὅτε
2511 4051 2621 4122 (26)
2659 4051 2731 4123 μὴ
2765 4048 2833 4123 ἦν
2871 4055 3322 4126 παραγενόμενος
3365 4057 3395 4107 ὁ
3430 4057 3717 4112 Διδάσκα-

2103 4143 2214 4208 λος,
2254 4145 2475 4216 ἐνήργει
2512 4144 2579 4197 τὰ
2611 4145 2705 4197 τοῦ
2759 4146 3114 4216 παιδαγωγοῦ
3142 4164 3155 4179 °
3204 4147 3453 4214 ἐλθόντος
3497 4151 3558 4204 δὲ
3603 4152 3713 4206 τοῦ

2103 4234 2456 4298 Διδασκάλου,
2501 4234 2822 4306 κατηργήθη
2877 4238 2906 4290 ὁ
2957 4237 3310 4306 παιδαγωγὸς
3341 4277 3356 4301 ,
3399 4240 3494 4293 καὶ
3543 4240 3712 4312 ἡλίου

2103 4326 2502 4390 ἀνατείλαντος,
2553 4327 2582 4377 ὁ
2615 4324 2810 4396 λύχνος
2843 4326 3144 4382 ἐπαύσατο.
3181 4328 3452 4401 Εὔκαιρος
3483 4331 3538 4384 δὲ
3565 4333 3712 4404 ἡμῖν

415 4419 692 4490 quomodo
730 4418 892 4475 Jesus
921 4418 1034 4475 ibat
1069 4433 1166 4488 per
1202 4426 1343 4482 sata,
1389 4425 1444 4473 et
1479 4417 1757 4488 quomodo
1790 4416 1998 4470 aridam

2109 4419 2292 4487 γέγονε
2327 4419 2421 4470 καὶ
2469 4420 2501 4488 ή
2553 4418 2861 4487 ἀνάγνωσις
2888 4461 2902 4483 ,
2957 4419 3102 4473 κατὰ
3137 4420 3462 4478 ἀκολουθίαν
3499 4463 3513 4486 ,
3565 4427 3713 4494 περὶ

414 4526 640 4566 manum
687 4512 965 4568 sanaverit
1009 4531 1021 4566 :
1062 4520 1225 4582 atque
1277 4526 1458 4582 operae
1500 4513 1738 4582 pretium
1782 4509 2001 4564 videtur

414 4604 570 4670 mihi,
603 4619 781 4675 pauca
816 4605 872 4660 in
903 4605 1193 4660 lectionem
1221 4603 1503 4676 Evangelii
1549 4603 1847 4660 disserere.
1877 4601 2000 4656 Sal-

412 4703 574 4752 vator
609 4703 800 4751 noster
831 4710 928 4765 per
957 4702 1076 4750 sata
1118 4695 1252 4762 ibat,
1297 4697 1589 4767 ipsumque
1619 4695 1877 4766 discipuli
1910 4710 1998 4750 se-

411 4788 746 4858 quebantur,
790 4796 846 4843 et
879 4788 1143 4845 vellentes
1188 4789 1371 4858 spicas
1424 4788 1786 4843 comedebaut
1831 4805 1844 4841 :
1879 4795 1995 4840 tum

412 4875 586 4931 Judaei
620 4876 980 4946 increpabant
1015 4878 1160 4944 illos,
1202 4878 1447 4934 dicentes
1479 4896 1493 4933 :
1529 4895 1548 4929 ι
1580 4876 1700 4932 Non
1731 4878 1858 4932 licet
1887 4876 1995 4930 hoc

413 4965 597 5023 facere
628 4969 685 5022 in
729 4967 970 5023 Sabbato
996 4967 1060 5021 ¹³.
1099 4987 1118 5020 ι
1154 4967 1233 5022 Ex
1271 4983 1380 5038 qua
1424 4968 1562 5039 lege,
1606 4982 1640 5021 ο
1667 4965 1883 5022 Judazi?
1913 4964 1991 5019 Ex

411 5074 522 5128 quo
553 5057 759 5132 Moysis
783 5059 1040 5115 decreto?
1065 5059 1148 5114 Ex
1180 5059 1342 5130 cujus
1374 5059 1654 5130 prophetae
1683 5056 1995 5115 sententia?

414 5147 520 5204 Ubi
550 5153 775 5206 vetitum
812 5160 897 5208 est
940 5152 1013 5205 ali
1051 5150 1681 5207 esurientem‘HJbinam
1721 5152 1988 5221 scriptum

411 5248 520 5309 est,
563 5242 784 5298 inanem
825 5252 1071 5298 ventrem
1123 5259 1237 5298 non
1287 5243 1624 5314 implendum
1676 5243 1839 5298 esse?
1884 5241 1992 5297 Se'd

411 5334 506 5402 qui
552 5351 707 5392 esum
746 5337 805 5391 in
847 5333 1086 5391 Sabbato
1137 5335 1270 5391 vitio
1322 5343 1582 5404 vertunt,
1631 5336 1835 5394 caedem
1885 5335 1990 5408 ipsi

487 5491 531 5521 “
567 5487 673 5544 lsa.
712 5506 762 5556 ι,
796 5491 884 5546 l5.
959 5492 1005 5524 "
1043 5490 1234 5547 Matth.
1271 5509 1346 5548 xu
1371 5533 1385 5561 ,
1421 5493 1481 5550 2.

489 5649 596 5724 (9-5)
628 5652 979 5726 Anglicanus,
1016 5611 1319 5719 νοσοῦντος.

2105 4507 2406 4561 Σαϐϐάτου.
2467 4507 2765 4578 Ἠκούομεν
2799 4507 2908 4579 γάρ
2953 4507 3187 4578 ἀρτίως,
3222 4509 3373 4572 ὅπως
3405 4512 3434 4563 ό
3487 4511 3713 4581 Ἰησοῦς

2103 4597 2396 4668 ἐπορεύετο
2447 4596 2535 4650 διὰ
2579 4595 2686 4652 τῶν
2721 4599 3026 4670 σπορίμων,
3066 4597 3161 4652 καὶ
3203 4599 3355 4661 ὅπως
3386 4599 3487 4669 τὴν
3535 4603 3711 4676 χεῖρα

2101 4690 2200 4762 τὴν
2233 4690 2404 4762 ξηρὰν
2450 4689 2822 4762 ἐθεράπευσε·
2857 4691 2951 4744 καί
2989 4708 3079 4761 μοι
3111 4691 3260 4744 δοκεῖ
3310 4691 3497 4756 καλῶς
3545 4693 3708 4763 ἔχειν

2101 4784 2256 4853 ὀλίγα
2288 4786 2366 4848 είς
2394 4784 2456 4836 τὸ
2494 4783 2828 4855 ἀνάγνωσμα
2863 4784 2955 4837 τού
2989 4783 3329 4852 Εύαγγελίου
3381 4787 3580 4838 εἰπεῖν.
3639 4788 3710 4842 Ὁ

2103 4877 2294 4948 Σωτὴρ
2346 4875 2501 4946 ἡμῶν
2547 4876 2836 4945 ἐπορεύετο
2885 4875 2975 4929 διά
3007 4875 3116 4928 τῶν
3152 4877 3462 4947 σπορίμων,
3505 4879 3602 4930 καὶ
3646 4884 3707 4934 oi

2107 4964 2344 5038 μαθηταὶ
2393 4965 2540 5037 αύτῷ
2581 4966 2928 5035 ἠκολούθουν,
2968 4968 3062 5022 καὶ
3099 4969 3343 5038 στάχυας
3390 4967 3704 5036 τίλλοντες,

2103 5057 2287 5130 ἢσθιον
2313 5076 2328 5089 υ
2371 5058 2466 5111 καὶ
2531 5058 2771 5111 Ἰουδαῖοι
2817 5059 3092 5130 ἐπετίμων
3139 5061 3324 5124 αὐτοῖς
3383 5059 3644 5130 λέγοντες
3685 5081 3702 5095 ·

2108 5168 2126 5202 ι
2171 5152 2284 5204 Οὐκ
2323 5149 2498 5217 ἔξεστι
2557 5149 2715 5203 τοῦτο
2779 5154 2952 5205 ποιεῖν
3001 5153 3058 5205 ὲν
3110 5151 3397 5222 Σαϐϐάτῳ.
3439 5171 3459 5205 ι
3527 5154 3707 5208 Κατὰ

2105 5247 2254 5298 ποῖον
2329 5243 2529 5314 νόμον,
2595 5236 2640 5296 ὦ
2726 5243 3024 5308 Ἰουδαῖοι;
3083 5243 3243 5297 Κατά
3331 5245 3495 5300 ποίαν
3556 5246 3707 5300 Μω-

2101 5336 2237 5399 σέως
2293 5333 2647 5405 νομοθεσίαν;
2681 5333 2840 5388 Κατά
2894 5334 3054 5387 ποίαν
3111 5335 3394 5406 προφήτου
3443 5335 3700 5408 φράσιν;

2135 5648 2246 5722 (26)
2273 5647 2412 5706 Edit.
2441 5647 2614 5706 Paris.
2641 5649 2746 5704 ὅτν
2777 5647 2919 5705 Edit.
2948 5648 3215 5708 Comma].
3263 5649 3377 5720 ὅτε,
3410 5650 3650 5710 recline.
