3878 6196
211 433 322 490 με

1463 433 1749 491 HOMILIA
1788 435 1876 491 DE
1912 434 2256 492 SEMENTE.
2308 449 2312 458 ‘

3374 447 3490 506 ιω

209 549 328 605 Ποῦ
388 551 695 605 κεκώλυται
775 551 1066 624 τρέφεσθαι
1133 551 1227 607 τὸν
1305 552 1614 618 πεινῶντας
1685 550 1777 605 Ποὶ

1902 552 2024 624 ipso
2073 552 2311 609 Sabbato
2363 555 2420 610 in
2466 555 2759 612 Dominum
2798 559 3333 634 perpetrarunt(26‘)
3359 582 3373 619 :
3402 563 3481 619 ait

208 644 526 714 γέγραπται
561 644 648 715 μὴ.
679 643 1059 716 ἐμπλησθῆναι
1099 644 1346 716 γαστέρα
1391 645 1596 716 κενήν;
1628 645 1692 697 Oi
1739 644 1796 697 δὲ

205 734 268 787 τὸ
293 733 596 804 τρέφεσθαι
624 733 974 800 ὀνειδίζοντες
1018 737 1075 789 ὲν
1102 735 1388 806 Σαϐϐάτῳ,
1425 735 1578 788 αὐτοὶ
1616 734 1798 804 φόνοις

203 829 265 878 ἐν
291 825 560 896 Σαϐϐάτῳ
588 825 730 879 κατά
747 826 842 882 τοῦ
869 828 1245 882 οἰκοδεσπότου
1273 827 1589 898 εἰργάζοντο
1609 845 1621 858 ·
1647 826 1797 894 λέγει

201 913 316 983 γὰρ
351 915 384 983 ή
412 913 607 985 Γραφὴ
632 915 691 967 ὲν
729 915 806 986 τῷ
833 916 1146 988 Εὐαγγελίῳ
1176 918 1304 989 περὶ
1335 916 1435 986 τῆς
1492 917 1704 988 ἡμέρας
1736 919 1794 972 ἐν

202 999 238 1075 ᾖ
262 1008 291 1058 6
320 1005 460 1069 Θεὸς
493 1006 695 1060 ἔπαθεν
717 1024 729 1036 ·
762 1025 782 1058 ι
807 1004 913 1060 Ἤν
948 1009 1004 1062 δὲ
1036 1010 1218 1080 ἡμέρα
1247 1010 1431 1079 ἐκείνη
1457 1008 1666 1079 μεγάλη
1699 1006 1792 1061 τοῦ

200 1094 512 1149 Σαϐϐάτου.
538 1115 556 1147 ι
596 1098 709 1150 Καὶ
754 1098 846 1151 τὸν
882 1099 978 1169 μὲν
1027 1099 1323 1170 νομοθέτην
1372 1099 1688 1170 ἀναιροῦσιν
1735 1101 1794 1152 ὲν

202 1185 474 1256 Σαϐϐάτῳ
500 1226 516 1251 ,
563 1188 862 1259 τρέφεσθαι
911 1189 969 1242 δὲ
1023 1189 1272 1260 μαθητάς
1313 1191 1370 1242 ὲν
1415 1188 1676 1261 Σαϐϐάτῳ
1732 1191 1791 1242 οὐ

203 1273 510 1343 βούλονται.
547 1279 645 1331 Διά
675 1279 832 1332 τοῦτο
865 1282 893 1332 6
936 1280 1127 1352 Σωτὴρ
1176 1282 1233 1333 ὲν
1283 1283 1396 1344 τοῖς
1427 1281 1632 1353 ἀρτίως
1663 1283 1794 1335 ἀνα-

199 1367 551 1434 γνωσθεῖσιν,
604 1369 795 1439 ἠρώτα
843 1368 1040 1432 αὐτούς
1064 1387 1077 1400 ο
1115 1369 1180 1422 Τί
1209 1368 1420 1433 ἔξεστιν
1470 1369 1694 1439 ποιῆσαι
1733 1372 1794 1422 ὲν

197 1458 277 1529 τῷ
303 1459 608 1530 Σαϐϐάτῳ;
654 1460 1054 1530 ἀγαθοποιῆσαι
1098 1461 1132 1532 ἢ
1177 1460 1574 1530 κακοποιῆσαι;
1613 1459 1790 1530 ψυχὴν

199 1550 400 1614 σῶσαι,
431 1551 464 1620 ἢ
499 1552 804 1619 άπολέσαι;
843 1554 905 1606 τὸ
939 1553 1238 1624 τρέφεσθαι
1291 1551 1600 1616 ὀνειδίζετε,
1633 1551 1695 1604 τὸ
1731 1551 1789 1604 δὲ

197 1641 459 1709 φονεῦσαι
479 1644 918 1714 κατεργάζεσθε;
956 1646 1068 1697 Ἀεὶ
1095 1644 1204 1716 γὰρ
1228 1646 1276 1696 οἱ
1313 1643 1555 1696 Ἰουδαῖοι
1570 1643 1660 1696 τὸν
1689 1641 1790 1696 κώ-

194 1747 356 1784 νωπα
385 1730 705 1796 διυλίζουσι,
737 1733 836 1804 τὴν
877 1734 933 1787 δὲ
962 1734 1209 1805 κάμηλον
1240 1733 1629 1787 καταπίνουσιν
1656 1748 1668 1760 ·
1701 1734 1788 1786 ἀεὶ

193 1823 452 1893 ἀκριϐεῖς
499 1827 606 1876 εἱσι
637 1826 767 1896 περί⁵
803 1825 865 1878 τὸ
895 1826 1310 1880 ἀποδεκατιῖηαι
1337 1826 1396 1879 τὸ
1429 1827 1669 1896 πήγανον
1693 1824 1787 1876 καὶ

1899 643 2044 698 enim
2075 642 2362 714 Scriptura
2384 646 2438 702 in
2466 645 2763 718 Evangelio
2785 650 2853 706 de
2867 651 2954 707 die
2977 668 3085 723 qua
3107 667 3306 724 passus
3329 655 3477 712 Deus

1897 745 1982 791 est
2013 755 2025 791 :
2059 754 2078 788 ι
2110 736 2244 792 Erat
2273 745 2456 794 autem
2485 739 2603 796 dies
2632 742 2725 796 illa
2755 758 2952 812 magna
2985 742 3294 804 Sabbati“.
3323 767 3343 801 ι
3371 747 3478 806 Le-

1897 828 2212 898 gislatorem
2250 831 2427 900 ipsum
2463 831 2702 888 Sabbato
2727 835 2796 890 de
2838 836 3022 891 medio
3053 839 3271 905 tollunt,
3308 841 3480 898 disci—

1897 918 2168 987 pulosque
2186 918 2241 973 in
2268 919 2509 977 Sabbato
2531 923 2787 979 alimenta
2817 941 3038 981 sumere
3061 928 3276 984 nolunt.
3297 929 3480 996 Quare

1895 1007 1952 1062 in
1990 1009 2216 1080 jamjam
2265 1011 2442 1074 lectis,
2492 1016 2689 1085 quaerit
2723 1017 2792 1072 ab
2821 1018 2931 1073 illis
2979 1017 3271 1075 Salvator:
3299 1020 3476 1089 Quid-

1894 1113 2018 1152 nam
2048 1100 2102 1154 in
2142 1099 2384 1157 Sabbato
2422 1104 2602 1161 facere
2628 1107 2775 1172 licet,
2806 1109 3016 1164 benene
3049 1125 3118 1165 an
3153 1114 3330 1167 male?
3361 1116 3479 1167 ani-

1893 1205 2038 1244 mam
2070 1207 2292 1248 servare
2325 1209 2393 1248 an
2423 1198 2690 1266 perdere?
2720 1199 2980 1256 alimenta
3005 1217 3221 1258 sumere
3253 1203 3478 1257 crimini

1893 1277 2074 1344 datis,
2121 1289 2175 1335 et
2221 1284 2399 1339 caedes
2440 1290 2808 1358 perpetratis?
2844 1288 3069 1361 Semper
3108 1293 3255 1348 enim
3300 1291 3472 1348 Judaei

1892 1371 2125 1426 culicem
2148 1377 2457 1444 percolant,
2485 1389 2540 1434 et
2568 1382 2837 1436 camelum
2867 1381 3176 1454 deglutiunt
3205 1403 3220 1441 :
3255 1399 3475 1454 semper

1892 1470 2148 1524 accurate
2182 1464 2457 1522 decimant
2503 1477 2682 1525 rutam
2723 1480 2777 1528 et
2825 1473 2968 1537 olus,
2993 1483 3047 1529 et
3089 1491 3211 1546 qua:
3252 1484 3380 1532 sunt
3415 1477 3471 1530 in

1890 1551 2006 1621 lege
2033 1555 2283 1622 graviora
2329 1573 2438 1612 non
2483 1560 2801 1617 observant.
2836 1563 2904 1617 Et
2947 1567 3467 1635 pertranseuntibus

1889 1642 2174 1713 discipulis
2233 1647 2698 1718 indignabantur,
2752 1656 2899 1724 quod
2956 1658 3138 1727 spicas
3208 1658 3467 1714 manibus

1888 1732 2151 1788 vellerent
2189 1745 2244 1791 et
2263 1740 2635 1800 comederent.
2665 1743 2785 1799 Non
2827 1746 2970 1802 ferro
2999 1748 3282 1814 secabant,
3315 1747 3467 1820 quod

1890 1825 1970 1880 illi
2023 1845 2156 1885 sane
2196 1840 2256 1886 ut
2297 1848 2438 1904 opus
2482 1838 2760 1893 criminati
2811 1839 3292 1914 fuissentzneque
3337 1845 3466 1902 aliis

192 1913 256 1966 τὺ
290 1915 528 1983 λάχανον
555 1933 570 1947 ·
595 1915 666 1968 τά
699 1917 757 1969 δὲ
788 1917 1062 1989 βαρύτερα
1105 1917 1198 1971 τοῦ
1238 1918 1403 1988 νόμου
1433 1917 1493 1969 οὐ
1536 1916 1777 1987 τηροῦσι.

1894 1921 2188 1976 utebantur
2234 1925 2644 1994 instrumentis,
2688 1946 2759 1986 ne
2798 1933 3085 2002 culparent
3125 1932 3318 2000 Judai,
3351 1952 3464 1992 non

191 2006 307 2058 Kal.
333 2007 816 2078 διαπορευομένων
839 2009 947 2062 τῶν
995 2009 1274 2080 μαθητῶν,
1308 2008 1672 2078 ἠγανάκτουν,
1703 2007 1777 2060 ὅτι

1890 2009 2036 2078 quod
2079 2013 2337 2069 alimenta
2387 2027 2697 2084 sumerent,
2744 2021 2838 2076 sed
2879 2021 3028 2092 quod
3079 2019 3482 2094 operarentur.‘

193 2097 438 2167 στάχυας
471 2099 681 2170 ἔψωχον
715 2103 834 2164 ταῖς
867 2102 1051 2171 χερσὶ,
1088 2102 1183 2155 καὶ⁸
1213 2101 1418 2172 ἤσθιον.
1457 2100 1530 2151 Οὐ
1579 2098 1777 2168 σιδήρῳ

1885 2094 2041 2151 Νιιιιε
2075 2107 2255 2156 autem
2287 2105 2418 2172 quid
2470 2108 2706 2176 culpatis
2742 2109 2887 2179 quod
2928 2126 2958 2165 a
2991 2111 3101 2168 Deo
3134 2113 3191 2168 in
3229 2115 3463 2170 salutem

191 2190 530 2260 ἀπέτεμνον,
569 2192 694 2245 ἐπεὶ
735 2194 1074 2264 κατηγόρουν
1108 2193 1185 2256 ὡς
1220 2193 1381 2264 ἔργου
1409 2209 1422 2223 ”
1459 2191 1579 2244 οὐδὲ
1605 2189 1777 2253 ἄλλοις

1885 2187 2070 2244 datum
2107 2193 2232 2247 est?
2272 2193 2328 2249 Si
2369 2198 2515 2253 enim
2560 2199 2705 2256 Deus
2752 2204 2901 2258 vesci
2946 2219 3058 2260 non
3089 2206 3368 2275 prohibuit
3403 2208 3463 2262 in

193 2283 504 2353 ἐργαλείοις
528 2286 851 2356 ἐχρήσαντο,
877 2285 963 2338 ἵνα
987 2285 1063 2356 μὴ
1099 2285 1571 2355 κατηγορήσωσιν,
1603 2281 1677 2344 ὡς
1707 2281 1777 2389 εἴη

1885 2277 2146 2389 Ξιιὺδειο,
2182 2287 2316 2355 quid
2355 2288 2490 2344 illud
2526 2299 2585 2346 tu
2617 2294 2921 2364 vituperas,
2953 2297 3101 2367 quod
3148 2313 3261 2353 non
3290 2299 3487 2389 vetuit‘

189 2375 570 2444 τρεφομένων,
598 2376 713 2428 ἀλλ’
748 2375 1151 2446 ἐργαζομένων.
1177 2375 1315 2428 Νυνὶ
1339 2374 1394 2426 δὲ
1417 2373 1470 2426 τί
1501 2370 1781 2444 μέμφεσθε
1883 2369 2072 2428 Deus?

318 2463 429 2516 ὑπὸ
475 2463 571 2516 τοῦ
619 2465 754 2518 Θεοῦ
817 2465 1020 2518 δοθέντι
1071 2469 1151 2528 είς
1198 2466 1506 2537 σωτηρίαν;
1567 2465 1630 2517 Et
1681 2461 1790 2533 γὰρ
1817 2462 1845 2513 ὁ
1882 2463 2014 2528 Θεὸς
2043 2467 2104 2520 οὐ
2137 2469 2198 2523 τὸ
2230 2473 2525 2544 τρέφεσθαι
2571 2477 2948 2552 ἀπηγόρευσεν
2992 2482 3050 2535 ἐν
3091 2483 3375 2556 Σαϐϐάτῳ,
3408 2485 3462 2538 τί

192 2561 259 2612 σὺ
293 2559 461 2612 τοῦτο
479 2560 778 2623 ὀνειδίζεις,
815 2561 951 2632 ὅπερ
980 2561 1008 2612 6
1035 2561 1168 2625 Θεὸς
1199 2561 1298 2614 οὐκ
1331 2560 1741 2631 ἀπηγόρευσεν;

257 2650 318 2704 2.
357 2649 722 2720 Διεπορεύετο
742 2651 920 2703 τοίνυν
950 2654 979 2704 6
1009 2653 1200 2722 Σωτὴρ
1219 2651 1306 2704 διὰ
1335 2651 1443 2704 τῶν
1475 2651 1776 2721 σπορίμων⁹

187 2745 218 2796 6
254 2741 460 2805 κόκκος
491 2740 587 2794 τοῦ
623 2742 794 2805 σίτου,
840 2741 928 2794 διὰ
974 2742 1082 2796 τῶν
1131 2743 1415 2814 σπορίμων
1445 2783 1459 2808 ,
1506 2743 1535 2793 6
1591 2740 1783 2811 νοητὸς

188 2833 395 2897 κόκκος
424 2832 520 2886 τοῦ
553 2832 723 2896 σίτου,
758 2836 787 2886 6
829 2832 1009 2886 πεσὼν
1043 2836 1123 2898 είς
1166 2835 1262 2888 ἕνα
1297 2834 1482 2900 τόπον,
1513 2835 1607 2887 καὶ
1651 2833 1782 2885 ἀνα-

192 2925 329 2990 στὰς
373 2925 645 2996 πολύχους
678 2927 759 2989 είς
790 2925 888 2998 τὴν
920 2926 1246 2996 οἰκουμένην
1269 2944 1282 2956 ·
1326 2925 1489 2989 αὐτὸς
1518 2925 1626 2997 γὰρ
1651 2926 1780 2996 περὶ

188 3016 393 3071 ἑαυτοῦ
429 3016 650 3085 ἔλεγεν,
697 3019 781 3071 ὅτι
834 3035 854 3068 ι
895 3018 1018 3071 Ἐὰν
1064 3016 1139 3088 μὴ
1176 3019 1204 3070 6
1234 3019 1431 3082 κόκκος
1473 3018 1568 3072 τοῦ
1604 3019 1774 3084 σίτου,

190 3107 377 3161 πεσὼν
427 3110 509 3172 είς
540 3109 640 3179 τὴν
684 3108 808 3178 γῆν,
854 3109 1122 3179 ἀποθάνῃ,
1167 3109 1332 3172 αὐτὸς
1384 3110 1544 3179 μόνος
1579 3110 1772 3180 μένει·

188 3201 286 3254 ἐὰν
331 3200 392 3253 δὲ
423 3200 694 3271 ἀποθάνῃ,
728 3200 895 3254 πολὺν
934 3202 1145 3270 καρπὸν
1198 3201 1376 3270 φέρει.
1427 3221 1446 3253 ι
1519 3200 1777 3271 Εἴπωμεν

189 3291 324 3344 αὐτὸ
354 3291 454 3343 καὶ
489 3290 664 3353 ἄλλως
685 3307 700 3321 ο
736 3288 1094 3360 Διεπορεύετο
1126 3290 1304 3344 τοίνυν
1351 3291 1378 3342 ὁ
1441 3288 1648 3360 Ἰησοῦς
1691 3289 1778 3342 διὰ

188 3382 297 3435 τῶν
329 3381 651 3453 σπορίμων·
699 3380 865 3445 αὐτὸς
908 3380 1014 3452 γὰρ
1066 3380 1236 3433 ἐνίοτε
1295 3380 1394 3450 μὲν
1448 3381 1646 3444 κόκκος
1681 3379 1776 3434 τοῦ

190 3476 338 3528 σίτου
373 3473 623 3527 καλεῖται
655 3472 744 3526 διὰ
769 3473 829 3526 τὸ
875 3472 1184 3544 θρεπτικόνο
1219 3471 1406 3526 ἄλλοτε
1449 3472 1506 3525 δὲ
1544 3473 1777 3543 σπορεύς

187 3567 328 3628 ἔστι,
361 3565 591 3618 κατὰτὸ
611 3566 900 3636 εἰρημένον
930 3567 988 3617 ἐν
1015 3567 1127 3627 τοῖς
1154 3565 1508 3633 Εὑαγγελίοις
1538 3581 1552 3595 ·
1588 3583 1607 3617 ι
1645 3566 1775 3619 Ἰδοὺ

187 3655 417 3725 ἐξῆλθεν
441 3657 472 3707 6
508 3656 748 3728 σπείρων
777 3655 870 3708 τοῦ
903 3658 1139 3726 σπεῖραι.
1175 3674 1193 3706 ι
1231 3656 1455 3727 Σπείρει
1504 3657 1602 3726 μὲν
1630 3652 1722 3709 οὖν
1747 3657 1777 3708 6

199 3747 414 3819 Ἰησοῦς
456 3747 697 3818 δαψιλῶς
723 3764 737 3776 ’
790 3751 823 3818 ἡ
853 3747 911 3800 δὲ
940 3746 1284 3820 καρποφορία
1304 3747 1513 3817 γίνεται
1543 3747 1678 3819 πρὸς
1715 3746 1776 3800 τὸ

187 3840 555 3909 ὑποκείμενον
581 3857 595 3870 ·
625 3840 760 3893 ὅπου
795 3840 891 3910 μὲν
934 3839 1043 3909 γὰρ
1081 3838 1362 3911 πετρώδης
1393 3842 1426 3910 ή
1460 3839 1551 3910 γῆ,
1600 3840 1774 3909 εὐμα-

187 3932 301 4004 ρῶς
347 3932 465 4003 (27)
519 3931 833 4004 ξηραίνεται
867 3931 925 3984 τὸ
961 3931 1182 4002 σπέρμα
1211 3931 1313 3983 οὐκ
1358 3931 1630 4002 ἀδυναμίᾳ
1679 3930 1772 3985 τοῦ

187 4025 418 4096 σπόρου,
449 4023 586 4077 ἀλλὰ
618 4027 685 4094 τῇ
726 4023 955 4095 καχεξίᾳ
987 4025 1088 4094 τῆς
1121 4025 1225 4095 γῆς
1250 4040 1263 4054 ⁸
1295 4025 1323 4076 6
1361 4024 1458 4094 μὲν
1484 4024 1594 4095 γὰρ
1639 4024 1774 4078 σπό-

187 4133 278 4187 ρος
309 4119 578 4187 ἐξιηργής⁹
612 4115 804 4183 ἄγονος
849 4115 904 4167 δὲ
933 4118 966 4186 ὴ
1013 4116 1084 4187 γῆ
1118 4115 1282 4185 βάθος
1311 4117 1386 4187 μὴ
1435 4118 1768 4189 κεκτημένη.

185 4207 298 4260 Οὔκ
347 4205 687 4278 ἀντεχούσης
723 4206 782 4258 δὲ
843 4208 941 4277 τῆς
983 4208 1088 4278 γῆς
1138 4207 1276 4278 πρὸς
1312 4207 1578 4278 ὑγρασίαν
1614 4208 1724 4280 (28)
1751 4245 1770 4273 ,

184 4300 370 4353 πλεῖον
403 4301 461 4353 αί
508 4299 733 4370 ἡλιακαὶ
778 4301 993 4364 ἀκτῖνες
1051 4301 1485 4373 προσϐάλλουσαι
1506 4341 1520 4365 ,
1567 4304 1770 4375 ἀναξη-

187 4391 435 4461 ραίνουσι
456 4389 551 4442 τὸν
588 4389 808 4460 σπόρον.
844 4389 953 4443 Καὶ
991 4391 1196 4458 γίνεται
1231 4391 1292 4444 τὸ
1325 4391 1496 4447 αἴτιον
1528 4396 1588 4447 οὐ
1619 4395 1769 4466 παρά

1955 2647 2008 2701 2.
2051 2646 2345 2706 Transibat
2387 2654 2572 2725 itaque
2605 2654 2857 2715 Salvator
2890 2663 2986 2732 per
3034 2671 3150 2720 sata
3181 2681 3196 2720 :
3226 2682 3461 2738 granum

1882 2733 2168 2801 frumenti.
2199 2758 2297 2812 per
2330 2754 2541 2816 segetes
2569 2768 2583 2804 :
2613 2752 2902 2820 spirituale
2926 2754 3062 2810 illud
3091 2733 3322 2827 granum
3349 2760 3461 2816 fru-

1881 2830 2071 2896 menti,
2115 2835 2261 2902 quod
2301 2839 2498 2892 cecidit
2543 2841 2598 2895 in
2643 2858 2812 2898 unum
2851 2845 3052 2910 locum,
3078 2847 3461 2923 fecundusque

1881 2925 2184 2978 resurrexit
2233 2928 2288 2982 in
2326 2931 2513 2985 orbem
2561 2941 2833 2990 terrarum
2864 2937 2967 2994 :de
3005 2956 3065 2995 se
3095 2943 3298 3014 quippe
3341 2946 3460 3015 ipse

1883 3008 2015 3064 dicit
2047 3030 2060 3066 :
2095 3032 2113 3064 ι
2144 3013 2260 3071 Nisi
2298 3034 2528 3088 granum
2583 3023 2840 3080 frumenti
2888 3008 3126 3086 cadensr
3151 3008 3210 3088 in
3231 3008 3458 3092 terr-am

1883 3111 2161 3161 mortuum
2205 3109 2391 3179 fuerit,
2443 3114 2621 3184 ipsum
2665 3118 2840 3172 solum
2886 3133 3097 3190 manet;
3147 3127 3232 3182 sin
3272 3138 3456 3188 autem

1881 3209 2156 3255 mortuum
2198 3203 2381 3270 fuerit,
2421 3209 2652 3263 multum
2700 3209 2939 3268 fructum
2987 3216 3231 3277 affert".
3261 3241 3279 3274 ι
3317 3223 3454 3280 Rem

1880 3288 1987 3342 alio
2031 3299 2330 3352 tractemus
2377 3299 2560 3354 modo.
2606 3301 2903 3360 Transibat
2953 3306 3122 3378 igitur
3163 3309 3326 3367 Jesus
3358 3329 3457 3384 per

1879 3384 1996 3431 sata
2027 3394 2043 3432 :
2077 3379 2194 3448 ipse
2238 3384 2440 3455 quippe
2483 3387 2777 3458 aliquando
2805 3410 3035 3463 granum
3071 3379 3456 3466 frunienti,_ob

1876 3469 1985 3521 vim
2019 3473 2337 3528 nutritivam
2362 3495 2374 3530 :
2403 3477 2675 3534 interdum
2722 3485 3022 3541 seminator
3061 3497 3166 3556 est,
3197 3500 3359 3561 prout
3399 3494 3457 3550 in

1877 3558 2186 3632 Evangeliis
2227 3565 2469 3624 dicitur:
2502 3589 2520 3620 ι
2548 3571 2687 3628 Ecce
2737 3591 2994 3645 egressus
3039 3588 3124 3636 est
3167 3558 3260 3652 qui
3291 3589 3456 3640 semi-

1877 3660 1972 3706 nat
2005 3654 2073 3708 ad
2109 3659 2492 3716 seminandum
2519 3663 2582 3719 ¹⁶.
2617 3685 2636 3716 ›
2665 3664 2884 3738 Spargit
2913 3671 3134 3740 quidem
3161 3673 3324 3731 Jesus
3347 3679 3456 3732 Iar-

1877 3745 2018 3814 giter
2040 3759 2362 3818 sementem,
2395 3753 2608 3812 fructus
2639 3766 2820 3814 autem
2845 3763 3003 3832 copia
3034 3764 3093 3819 ﬁt
3115 3782 3215 3836 pro
3238 3771 3454 3826 ratione

1876 3836 2172 3892 soliznam
2227 3842 2317 3896 ubi
2372 3854 2594 3915 petrosa
2639 3855 2805 3915 terra,
2855 3852 3016 3910 facile
3049 3860 3322 3916 exarescit
3365 3877 3454 3918 se-

1873 3943 2028 3996 men;
2076 3948 2186 3986 non
2229 3936 2446 4005 quidem
2494 3939 2817 4010 impotentia
2871 3948 3118 4014 seminis,
3167 3954 3263 4008 sed
3316 3956 3454 4011 vitio

1874 4026 2033 4077 terra:
2062 4043 2074 4078 :
2101 4040 2224 4079 cum
2261 4043 2446 4083 semen
2477 4031 2718 4086 vividum
2763 4035 2855 4100 sit,
2889 4044 3036 4093 terra
3064 4051 3244 4097 autem
3283 4047 3450 4101 steri-

1872 4112 1964 4178 lis,
1993 4116 2118 4185 quia
2140 4117 2564 4187 profunditatem
2591 4139 2699 4178 non
2721 4126 2904 4184 habet.
2935 4132 3074 4185 Cum
3095 4141 3275 4190 autem
3301 4144 3448 4193 terra

1872 4221 1982 4260 non
2016 4209 2216 4263 retinet
2245 4209 2555 4277 humorem,
2594 4217 2800 4273 solares
2836 4221 2977 4275 radii
3014 4226 3232 4292 gravius
3268 4227 3448 4298 illapsi

1871 4298 2152 4353 exsiccant
2195 4311 2518 4360 sementem.
2568 4306 2722 4373 Quod
2767 4313 2985 4381 quidem
3037 4317 3304 4388 contingit
3337 4337 3450 4376 non

1871 4389 2246 4448 imbecillitate
2288 4397 2536 4462 seminis,
2570 4401 2666 4455 sed
2699 4403 2832 4458 vitio
2859 4406 2983 4461 soli.
3024 4405 3263 4464 Rursum
3293 4427 3450 4482 span-

181 4481 243 4534 τὺ
274 4482 467 4535 ἄτονον
497 4480 590 4534 τοῦ
627 4479 851 4550 σπόρου,
886 4481 1021 4535 ἀλλὰ
1047 4481 1106 4536 τὸ
1127 4481 1327 4554 σαθρὸν
1354 4484 1454 4554 τῆς
1483 4488 1608 4557 γῆς.
1657 4489 1772 4542 Πάο

1885 4483 2023 4554 ;itur
2049 4499 2233 4540 semen
2267 4487 2322 4540 in
2351 4490 2628 4558 spinosam
2662 4500 2864 4550 terram
2891 4516 2905 4553 :
2931 4506 2984 4554 et
3017 4515 3202 4557 semen
3225 4479 3448 4574 quidem

181 4573 265 4626 λιν
291 4575 322 4626 ό
351 4572 556 4643 σπόρος
580 4572 863 4644 σπείρεται
893 4575 971 4635 είς
997 4573 1282 4645 ἀκανθώδη
1315 4574 1419 4644 γῆν
1446 4592 1460 4605 ·
1490 4578 1583 4630 καὶ
1609 4580 1638 4631 6
1667 4579 1766 4650 μὲν

183 4661 390 4732 σπόρος
421 4662 654 4732 ἐνεργής
674 4680 688 4692 ·
719 4661 971 4730 πνίγεται
995 4661 1053 4715 δὲ
1084 4661 1189 4715 ὑπὸ
1221 4663 1328 4716 τῶν
1355 4664 1624 4730 ἀκανθῶν,
1671 4668 1767 4722 καὶ

179 4757 215 4827 ἡ
252 4755 405 4808 ἔνδον
456 4754 798 4825 ἀποκειμένη
834 4754 1084 4825 ἐνέργεια
1115 4757 1177 4808 οὐ
1211 4761 1577 4829 συγχωρείται
1627 4778 1766 4832 καρ-

181 4843 496 4914 ποφορῆσαι
548 4842 638 4894 διὰ
685 4843 784 4914 τὴν
835 4843 1033 4911 ἔξωθεν
1068 4844 1310 4916 ὄχλησιν.
1358 4847 1482 4900 Ἐὰν
1522 4848 1578 4901 δὲ
1630 4851 1767 4904 ἀπο-

179 4933 360 5003 λαύσῃ
397 4932 498 5000 τῆς
528 4931 763 5000 ἀγαθῆς,
804 4936 948 4986 ποιεῖ
982 4933 1143 4987 πάλιν
1174 4935 1271 5005 οὐχ
1297 4937 1480 5007 ὅμοιον
1515 4939 1607 4992 τὸν
1633 4957 1768 5010 καρ-

181 5027 305 5087 πδν,
341 5023 457 5076 ἀλλ’
489 5025 548 5076 ὲν
589 5024 906 5094 τριάκοντα,
949 5027 1044 5079 καὶ
1083 5027 1346 5098 ἐξήκοντα
1371 5069 1386 5090 ,
1429 5031 1524 5084 καὶ
1551 5032 1764 5087 ἑκατόν.

179 5114 480 5185 Μονοειδὴς
511 5115 612 5184 μὲν
646 5115 675 5167 6
705 5115 926 5188 σπόρος,
956 5117 1212 5188 διάφορος
1239 5118 1296 5172 δὲ
1317 5121 1345 5173 6
1383 5115 1593 5192 καρπός
1613 5139 1626 5153 ’
1653 5123 1770 5179 διά-

182 5223 339 5278 φοροι
366 5205 423 5258 δὲ
457 5206 512 5256 αἱ
535 5203 752 5274 γνῶμαι
776 5205 882 5258 τῶν
906 5205 1325 5276 διδασκομένων.

249 5299 307 5352 5.
358 5295 582 5365 Ἐξῆλθε
611 5295 784 5348 τοίνυν
821 5299 850 5349 6
880 5297 1117 5367 σπείρων
1146 5297 1241 5350 τοῦ
1276 5302 1533 5371 σπεῖραι·
1573 5302 1670 5355 καὶ
1697 5301 1768 5357 τὰ

183 5389 282 5460 μὲν
313 5388 385 5441 δι’
419 5385 613 5440 ἑαυτοῦ
641 5385 852 5458 παρὼν,
883 5387 954 5440 τὰ
982 5387 1038 5440 δὲ
1062 5387 1152 5441 διὰ
1173 5387 1284 5441 τῶν
1313 5391 1570 5462 μαθητῶν
1602 5394 1766 5467 ἐνήρ-

179 5501 342 5555 γησε.
373 5481 488 5536 Καὶ
515 5480 660 5552 ἔχεις
685 5482 744 5535 ὲν
772 5483 892 5545 ταῖς
917 5481 1156 5554 Πράξεσι
1184 5481 1294 5536 τῶν
1336 5485 1649 5542 ἀποστόλων
1678 5506 1768 5560 γε-

1872 4575 2111 4630 vividum
2159 4585 2280 4644 est;
2321 4580 2415 4635 sed
2449 4596 2479 4634 a
2515 4585 2688 4652 spinis
2729 4587 3050 4656 suﬂ‘ocatur,
3083 4609 3182 4648 nec
3215 4599 3447 4664 permit-

1871 4667 2008 4722 titur
2041 4669 2124 4725 vis
2159 4671 2250 4725 illa
2282 4672 2510 4728 interior
2536 4675 2890 4748 fructiﬁcare,
2918 4684 2988 4738 ob
3016 4689 3343 4744 exteriorem
3376 4691 3447 4746 ii-

1872 4759 1981 4813 lam
2010 4762 2338 4817 molestiam.
2369 4763 2524 4831 Quod
2552 4768 2599 4823 si
2640 4785 2826 4826 semen
2864 4773 3063 4829 bonam
3095 4780 3449 4837 nanciscatur

1872 4859 2097 4917 terram,
2129 4869 2238 4910 non
2261 4871 2445 4925 parem
2469 4860 2647 4915 reddit
2676 4861 2935 4931 fructum,
2959 4867 3055 4921 sed
3080 4869 3442 4940 trigesimum,

1871 4946 1957 5000 vel
1988 4951 2409 5017 sexagesimum,
2441 4952 2527 5007 vel
2560 4957 2940 5012 centesimum.
2992 4957 3250 5028 Ejusdem
3291 4980 3450 5018 nam-

1873 5052 1978 5108 que
2027 5042 2243 5110 generis
2296 5059 2481 5100 semen
2535 5055 2639 5111 est,
2686 5047 2939 5105 diversus
2980 5059 3159 5107 autem
3209 5054 3446 5122 fructus,

1870 5129 2214 5204 diversaeque
2237 5140 2744 5194 eorum’sententiaa
2772 5141 2865 5211 qui
2889 5142 3236 5199 erudiuntur.

1944 5308 1998 5363 5.
2037 5307 2181 5363 Exiit
2216 5308 2383 5380 igitur
2421 5312 2516 5380 qui
2559 5311 2795 5366 seminat
2832 5311 3126 5377 seminare,
3165 5319 3220 5368 et
3251 5315 3447 5383 partim

1867 5414 2109 5469 prasens
2132 5416 2229 5470 per
2252 5416 2394 5465 sese,
2425 5401 2621 5471 partim
2653 5417 2751 5472 per
2771 5403 3070 5474 discipulos
3101 5419 3231 5459 suos
3253 5420 3447 5476 opera-

1865 5501 1957 5548 tus
1986 5500 2094 5550 est.
2131 5493 2199 5548 Et
2237 5493 2474 5549 habetur
2503 5494 2768 5564 scriptum
2809 5496 2865 5551 in
2904 5497 3135 5554 Actibus
3163 5499 3444 5571 apostolo-

254 5637 300 5671 ιδ
336 5633 502 5691 Joan.
534 5651 663 5701 nx,
701 5635 792 5690 51.
869 5636 913 5668 ⁸⁸
953 5633 1112 5691 Joan.
1146 5653 1256 5704 xu,
1291 5638 1382 5706 24,
1406 5639 1495 5696 25.
1577 5643 1620 5674 “
1656 5644 1777 5702 Matl

1885 5665 1984 5704 ml
2004 5689 2020 5712 ,
2055 5649 2108 5705 5.

257 5749 397 5820 (26‘)
426 5750 633 5805 Nullibi
655 5751 857 5805 dicitur
876 5751 1016 5806 diem
1039 5765 1148 5820 qua
1176 5753 1471 5810 crucifixus
1495 5755 1757 5818 Dominus

190 5830 294 5882 est.
326 5823 498 5877 fuisse
533 5821 852 5884 Sabbatum,
884 5820 979 5876 sed
1010 5821 1404 5890 praecedentem
1428 5825 1592 5885 diem.

261 5891 375 5964 (27)
411 5891 624 5966 Anglic.
656 5891 833 5962 prima
855 5905 1038 5986 manu,
1060 5893 1330 5966 εὐμερῶς.

1936 5763 2048 5836 (28)
2087 5765 2417 5839 Πρόςηιιιιιε
2461 5765 2748 5839 ὑγρασίαν,
2780 5765 3026 5824 additum
3079 5775 3170 5828 est
3203 5768 3447 5828 secunda

1868 5839 2116 5925 manu-in
2142 5837 2300 5908 Angl.
2361 5845 2368 5849 '
