3872 6188
401 460 429 518 Ι
442 456 515 518 1⁸1

1568 455 1628 513 I.
1668 456 2135 518 ATHANASIUS.
2174 490 2246 502 —
2281 456 2511 516 DUBIA.

3546 446 3663 507 ιισ

399 592 549 643 rum,
586 582 711 648 post
741 574 1044 647 lapidatum
1071 573 1436 646 Stephanum,
1465 574 1571 643 sic,
1604 576 1859 649 inquam,
1887 578 1986 634 ba-

2091 578 2429 650 γραμμένον,
2456 578 2539 632 ὅτι
2571 576 2710 649 μετὰ
2729 576 2793 630 τδ
2821 570 3231 647 λιθοδοληθῆναι
3260 566 3353 628 τδν
3379 570 3661 643 Στέφανον

399 670 495 727 bet
527 667 815 739 Scriptura
840 686 855 723 :
886 686 907 721 ι
935 667 1018 723 llli
1051 668 1236 739 itaque
1285 667 1581 739 dispersi"
1610 686 1631 721 ι
1668 684 1779 724 non
1801 669 1976 727 imbe-

2089 669 2250 734 ὤτως
2279 668 2425 738 λέγει
2452 670 2487 741 ἡ
2511 668 2700 739 Γραφή
2732 683 2747 698 ·
2773 685 2793 718 ι
2829 667 2892 719 Οί
2925 664 3023 737 μὲν
3053 661 3148 719 οὖν
3173 662 3585 734 διασπαρέντες,
3624 680 3655 716 ι

399 761 630 816 cillitate
657 759 766 832 47
796 758 1085 828 dissipati:
1116 774 1461 831 nequaquam
1483 760 1631 817 enim
1654 759 1759 817 [ide
1789 761 1977 832 sejun—

399 852 476 907 cti
507 858 670 915 sunt,
720 850 817 907 sed
861 850 1116 921 dispersi.
1157 850 1492 908 Seminantis
1545 853 1745 924 quippe
1775 854 1829 908 vi
1863 852 1980 910 fru-

400 949 648 995 mentum
679 939 878 1007 effecti,
912 941 979 997 ad
1013 956 1204 1012 panem
1238 942 1540 1009 caelestem,
1566 957 1663 1012 per
1707 942 1979 998 viviﬁcam

399 1044 618 1087 omnem
674 1030 982 1086 doctrinam
1030 1041 1410 1099 transeuntes,
1460 1035 1806 1104 operationes
1850 1049 1981 1091 suas

399 1117 603 1188 ubique
650 1117 1098 1176 disseminarunt.
1148 1119 1557 1192 Cogitationum
1610 1123 1793 1192 itaque
1830 1132 1982 1178 sator

396 1211 561 1269 Iesus
585 1213 896 1283 unigenitus
921 1213 1095 1270 Filius
1134 1213 1252 1278 Dei,
1287 1216 1559 1271 transibat
1597 1231 1692 1286 per
1721 1228 1860 1278 sata,
1888 1216 1981 1286 qui

399 1319 510 1359 non
544 1306 812 1359 seminum
844 1311 1056 1361 tantum
1108 1315 1193 1361 est
1238 1315 1410 1370 sator,
1438 1307 1533 1362 sed
1582 1308 1746 1362 etiam
1800 1322 1981 1362 rerum

399 1409 565 1448 sensu
598 1394 968 1462 praeditarum.
1006 1394 1146 1450 Huic
1175 1396 1320 1451 enim
1350 1396 1418 1450 ab
1446 1395 1601 1450 initio
1617 1395 1779 1451 Pater
1799 1396 1939 1451 dixit
1966 1416 1979 1452 :

404 1504 423 1534 ι
463 1484 738 1539 Producat
763 1493 910 1541 terra
937 1486 1158 1542 herbam
1195 1486 1327 1550 feni,
1368 1486 1647 1542 seminans
1671 1500 1855 1541 semen
1896 1501 1987 1541 se-

399 1576 644 1631 cundum
686 1586 962 1648 genuset
1006 1579 1415 1635 similitudinem
1448 1578 1512 1630 ιε.
1566 1596 1586 1630 ι
1628 1577 1790 1632 Pater
1819 1578 1984 1640 dixit,

402 1666 578 1725 Filius
599 1670 873 1739 perfecit:
909 1670 1003 1726 ille
1029 1670 1219 1740 jussit,
1250 1670 1516 1741 bicjussa
1537 1669 1834 1741 complevit
1861 1688 1874 1723 :
1906 1677 1989 1723 at-

403 1761 620 1828 que-ita
664 1776 730 1816 ex
758 1760 921 1817 Patre
948 1778 1043 1832 per
1072 1760 1293 1824 Filium,
1326 1761 1626 1832 perfectum
1680 1760 1784 1814 fuit
1816 1776 1987 1829 opus,

2075 763 2137 816 οὐ
2156 762 2223 815 δι’
2251 761 2532 824 ἀσθενείας
2554 759 2990 831 σκορπισθέντες·
3015 758 3076 811 οὐ
3100 756 3209 829 γὰρ
3238 755 3568 828 διῃρέθησαν
3584 754 3659 825 τῇ

2077 855 2280 909 πίστει·
2309 853 2445 908 ἀλλὰ
2462 852 2869 923 διασπαρέντες.
2903 852 2983 922 Τῇ
3001 849 3109 922 γὰρ
3127 849 3374 922 ἐνεργείᾳ
3387 848 3480 902 τοῦ
3499 846 3661 901 σπεί-

2081 962 2273 1018 ραντος
2294 943 2727 1014 σιτοπιηθέντες
2747 945 2828 1006 είς
2846 943 3009 1013 ἄρτον
3031 941 3370 1012 ἐπουράνιον,
3394 939 3537 993 κατὰ
3556 938 3668 992 πᾶ-

2082 1054 2180 1091 σαν
2195 1034 2564 1107 διεληλυθότες
2576 1033 2877 1106 ζωοφορίας
2890 1033 3253 1095 διδασκαλίαν,
3267 1049 3509 1085 κατασπε
3518 1030 3534 1082 ί
3538 1048 3666 1102 ραν·

2081 1147 2171 1193 τες
2186 1130 2379 1201 ἐνεργή
2388 1145 2551 1199 ματα.
2569 1128 2627 1182 Ὁ
2647 1127 2822 1181 τοίνυν
2842 1126 2910 1178 τὰ
2929 1127 3176 1196 νοήματα
3194 1125 3430 1197 σπείρων
3455 1123 3666 1194 Ἰησοῦς

2080 1223 2109 1274 6
2126 1220 2418 1291 μονογενὴς
2437 1219 2562 1283 Υἱὸς
2576 1217 2670 1271 τοῦ
2689 1216 2846 1282 Θεοῦ,
2863 1217 3111 1288 διήρχετο
3127 1216 3214 1269 διὰ
3227 1216 3335 1268 τῶν
3353 1215 3659 1285 σπορίμων,

2082 1312 2145 1365 ού
2174 1311 2335 1382 μόνον
2357 1310 2414 1364 δέ
2446 1310 2555 1363 τῶν
2582 1309 2798 1380 σπόρων
2831 1307 3229 1378 κατασπορεὺς,
3261 1304 3397 1357 ἀλλὰ
3430 1305 3523 1359 καὶ
3548 1304 3669 1357 τῶν

2084 1400 2375 1472 αἰσθητῶν.
2408 1400 2552 1470 Πρὸς
2571 1398 2679 1468 γὰρ
2699 1397 2886 1451 τοῦτον
2911 1396 3095 1465 ἔλεγεν
3121 1394 3179 1462 ἐξ
3203 1396 3377 1465 ἀρχῆς
3394 1395 3422 1447 6
3445 1394 3666 1464 Πατήρ·

2091 1511 2111 1545 ι
2155 1491 2500 1560 Ἐξαγαγέτω
2531 1492 2564 1561 ἡ
2592 1491 2662 1559 γῆ
2697 1489 2927 1560 βοτάνην
2948 1489 3164 1560 χόρτου,
3195 1490 3414 1558 σπεῖρον
3438 1485 3664 1556 σπέρμα

2088 1583 2228 1637 κατὰ
2261 1583 2416 1652 γένος
2445 1582 2540 1636 καὶ
2569 1580 2690 1634 καθ’
2728 1581 3005 1652 ὁμοίωσιν.
3036 1598 3055 1630 ι
3085 1578 3274 1650 Πατὴρ
3302 1578 3506 1645 ἔλεγεν,
3532 1576 3563 1629 ὶ
3583 1577 3673 1638 to;

2089 1674 2354 1728 ἐπετέλει·
2385 1676 2413 1728 6
2442 1674 2540 1745 μὲν
2572 1672 2886 1732 ἐπέταττεν,
2917 1672 2945 1724 6
2976 1669 3034 1723 δέ
3065 1671 3145 1732 είς
3172 1670 3348 1739 πέρας
3384 1669 3557 1738 ἤγαγε
3593 1667 3667 1719 τὰ

2092 1765 2556 1837 προσταττόμενα·
2596 1763 2690 1817 καὶ
2714 1761 2888 1825 οὕτως
2921 1765 2983 1815 ἐκ
3010 1760 3225 1832 Πατρδς
3252 1760 3321 1812 δι’
3354 1759 3483 1812 Υἱοῠ
3517 1758 3576 1810 ἓν
3593 1753 3668 1829 ἦν

404 1865 626 1922 unaque
659 1854 847 1909 mundi
887 1855 1094 1910 ereatio
1124 1871 1221 1924 per
1241 1853 1459 1909 Patrem
1510 1862 1564 1909 et
1595 1852 1792 1907 Filium
1832 1851 1986 1906 abso-

2091 1856 2544 1928 τελεσιούργημα,
2592 1856 2722 1927 μιᾶς
2772 1854 3127 1925 κοσμοποιίας
3173 1852 3263 1905 διὰ
3308 1851 3522 1923 Πατρὸς
3567 1851 3667 1904 καὶ

404 1941 517 1996 luta
537 1920 650 1999 est.
675 1944 780 2010 Qui
806 1960 937 2016 ergo
964 1920 1328 2015 cogitationes
1366 1945 1639 2008 seminat,
1686 1952 1742 1998 et
1770 1942 1864 2013 qui
1903 1956 1986 1997 res

2094 1946 2224 2000 Υίοῦ
2253 1920 2824 2018 τελεσιουργουμένης.
2869 1920 2928 1997 ’Ὀ
2956 1943 3136 1997 τοίνυν
3179 1942 3247 1996 τὰ
3277 1920 3526 2012 νοήματα
3558 1957 3668 1994 κα-

403 2048 572 2089 sensu
615 2036 872 2107 praeditas
914 2044 1051 2091 nutu
1108 2045 1336 2107 paterno
1363 2035 1581 2100 ell‘ecit,
1624 2036 1712 2089 hic
1755 2034 1868 2104 ipse
1898 2047 1993 2103 per

403 2133 523 2181 sata
567 2126 857 2182 transibat.
910 2125 1157 2197 lugentia
1191 2134 1339 2182 certe
1370 2126 1425 2180 in
1469 2125 1768 2181 seminibus
1824 2124 1991 2177 mira-

404 2218 552 2272 cula.
584 2214 992 2287 Videamusque
1014 2219 1068 2271 in
1099 2217 1438 2287 temporibus
1468 2217 1749 2277 sementis,
1780 2229 1901 2284 qua:
1922 2213 1988 2267 ad

402 2305 697 2361 seminium
729 2308 1003 2377 pertinent
1045 2326 1057 2362 :
1095 2317 1149 2362 et
1194 2308 1263 2363 de
1313 2317 1473 2362 terra:
1517 2306 1853 2377 germinibus
1906 2304 1990 2358 hi-

402 2396 574 2452 berno
603 2406 848 2469 tempore
890 2399 1270 2455 disseramus:
1326 2382 1436 2455 non
1489 2415 1598 2469 quo
1642 2398 1868 2469 physice
1921 2397 1990 2452 de

401 2484 675 2555 ejusmodi
713 2504 774 2544 re
809 2489 1175 2561 disputemus,
1210 2489 1308 2545 sed
1356 2506 1465 2561 quo
1516 2490 1850 2543 mirabilium
1907 2488 1990 2543 fa-

402 2588 612 2635 ctorem
650 2580 959 2636 adoremus.
1011 2580 1269 2637 Homines
1295 2592 1442 2637 certe
1484 2580 1539 2635 id
1575 2590 1808 2651 agentes
1841 2579 1986 2651 quod

402 2686 518 2725 sua:
544 2669 819 2727 facultatis
848 2680 953 2737 est,
974 2672 1181 2741 junctis
1214 2672 1282 2726 ad
1312 2681 1555 2726 aratrum
1587 2673 1761 2726 bobus
1783 2678 1984 2726 terram

402 2760 643 2824 sulcant,
674 2762 1067 2833 emolliuntque
1099 2764 1220 2830 ejus
1253 2762 1622 2832 superﬁciem,
1656 2769 1717 2816 ut
1762 2776 1831 2815 ne
1864 2762 1988 2831 plu-

402 2853 504 2908 viae
529 2852 915 2923 praeter-ﬂuant,
940 2855 1036 2909 sed
1069 2854 1397 2923 profundibs
1424 2859 1774 2923 penetrantes
1797 2851 1985 2921 c0pio-

404 2959 525 2998 sum
572 2943 810 2998 fructum
851 2946 1194 3014 germinent:
1255 2947 1463 2999 semina
1496 2958 1625 2999 vero
1681 2943 1734 2996 in
1766 2943 1983 2996 mollem

405 3045 607 3088 terram
634 3034 899 3105 projecta,
935 3033 1142 3103 duplici
1162 3032 1452 3088 commodo
1485 3031 1777 3103 gaudeant,
1805 3034 1983 3101 primo

404 3123 800 3195 profunditatis
827 3133 883 3180 et
914 3125 1194 3189 mollitiei;
1225 3122 1489 3188 secundo,
1525 3124 1878 3188 latebrarum,
1912 3134 1983 3175 ne

2089 2038 2420 2109 τασπείρων,
2447 2040 2540 2090 καὶ
2571 2037 2640 2089 τά
2666 2035 2899 2107 αἰσθητὰ
2928 2035 3155 2106 νεύματι
3182 2034 3394 2105 Πατρὸς
3421 2033 3668 2104 ἐργασάη

2094 2147 2271 2201 μενος,
2298 2124 2449 2193 οὗτος
2469 2129 2698 2182 διέϐαινε
2725 2128 2812 2181 διὰ
2833 2126 2941 2179 τῶν
2963 2127 3268 2199 σπορίμων.
3296 2125 3472 2196 Πολλὴ
3499 2124 3558 2179 δέ
3575 2125 3671 2190 τίς

2089 2225 2235 2276 ἐστιν
2266 2223 2299 2292 ή
2344 2220 2453 2273 τῶν
2498 2220 2713 2290 σπόρων
2745 2219 3184 2290 θαυματουργία.
3222 2219 3332 2271 Kal
3372 2217 3569 2288 ἴδωμεν
3604 2219 3675 2270 ὲν

2089 2314 2298 2383 καιροῖς
2330 2311 2545 2382 σπόρων
2567 2310 2636 2364 τὰ
2666 2310 2792 2381 περὶ
2826 2309 3063 2381 σπόρων·
3089 2311 3147 2362 ἐν
3168 2308 3463 2382 χειμερίοις
3493 2308 3676 2379 ὥραις·

2087 2403 2157 2457 τὰ
2191 2402 2319 2474 περὶ
2356 2402 2454 2472 τῆς
2486 2401 2720 2471 βλάστης
2749 2400 2848 2469 τῆς
2877 2401 2978 2471 γῆς
3009 2398 3400 2469 διαλεγόμενοι,
3440 2398 3539 2468 οὐχ
3578 2399 3671 2450 ἶνα

2087 2493 2562 2565 φυσιολογήσωμεν
2582 2492 2650 2546 τὰ
2668 2492 2937 2564 ὁρώμενα,
2960 2490 3176 2544 ἀλλ’ἵνα
3197 2491 3676 2562 προσκυνήσωμεν

2084 2583 2175 2636 τὸν
2207 2581 2622 2653 θαυματοποιόν.
2657 2580 2965 2653 ’Ἄνθρωποι
2990 2582 3085 2651 μέν
3109 2580 3219 2651 γὰρ
3242 2579 3310 2633 τὰ
3343 2580 3425 2648 ἐφ’
3456 2580 3673 2641 ἑαυτοῖς

2086 2673 2457 2744 ἐργαζόμενοι,
2494 2671 2779 2737 ζεύξαντες
2818 2672 2942 2741 βοῦς
2976 2673 3269 2743 ἀροτῆρας,
3303 2671 3670 2741 ἀνατέμνουσι

2082 2763 2179 2835 τὴν
2199 2763 2301 2833 γῆν
2323 2764 2416 2815 καὶ
2437 2762 2770 2815 ἁπαλύνουσι
2800 2762 2861 2815 τὸ
2881 2763 3169 2833 πρόσωπον
3195 2763 3385 2833 αὐτῆς,
3421 2763 3485 2815 ἵν’
3517 2761 3673 2815 ὑετοὶ

2087 2855 2183 2926 μὲν
2203 2856 2275 2926 μὴ
2294 2854 2708 2925 παραδράμωσι,
2724 2853 2835 2906 ἀλλ’
2853 2855 3275 2926 ἐμϐαθυνόμενοι
3291 2856 3674 2927 καρποξορίαν

2081 2947 2430 3001 ἀποδόσωσιν·
2460 2947 2508 2997 o‘.
2541 2944 2598 2997 δὲ
2621 2945 2808 3013 σπόροι
2837 2948 2895 2998 ἐν
2922 2945 3183 3016 ἁπλότητι
3209 2948 3308 3017 τῆς
3344 2947 3447 3017 γῆς
3480 2947 3673 3016 ῥιφέν.

2080 3055 2187 3101 τες,
2212 3036 2390 3108 διττὴν
2419 3036 2580 3107 ἔχωσι
2608 3035 2704 3107 τὴν
2722 3037 3042 3091 ἀπόλαυσιν·
3081 3039 3209 3109 μίαν
3236 3040 3332 3110 μὲν
3350 3041 3443 3092 τοῦ
3467 3038 3681 3108 βάθους

2082 3127 2173 3181 καλ⁵
2194 3127 2292 3196 τῆς
2316 3125 2665 3189 ἁπαλώσεως,
2689 3126 2946 3197 δευτέραν
2975 3127 3033 3180 δὲ
3060 3127 3154 3180 τοῦ
3178 3127 3532 3199 κρύπτεσθαι,
3570 3129 3673 3181 καὶ

403 3215 474 3268 ab
509 3216 704 3270 avibus
732 3216 1115 3269 absumantur.
1148 3213 1214 3265 Et
1237 3213 1400 3267 homo
1438 3213 1658 3283 quidem
1692 3212 1839 3282 quod
1868 3223 1982 3264 sua:

2089 3218 2162 3290 μὴ
2198 3219 2301 3271 ὑπὸ
2326 3219 2526 3290 ὀρνέων
2553 3217 2957 3271 ἀναλίσκεσθαι.
3010 3218 3147 3271 Ἀλλ’
3183 3222 3211 3273 6
3249 3220 3346 3291 μὲν
3382 3219 3676 3292 ἄνθρωπος

404 3306 682 3362 facultatis
712 3313 796 3362 est
843 3306 990 3376 agit;
1042 3305 1139 3361 sed
1173 3319 1517 3375 nequaquam
1549 3305 1616 3359 ab
1647 3304 1865 3358 homine
1899 3312 1985 3358 est

2090 3317 2232 3367 ποιεί
2245 3314 2305 3367 τὸ
2318 3311 2532 3366 ἑαυτοῦ·
2547 3311 2607 3364 οὐ
2629 3310 2748 3381 μὴή
2768 3312 3107 3382 καρποφορία
3125 3310 3229 3364 ὑπὸ
3243 3310 3675 3384 ἀνθρώπουβθ).

404 3394 772 3451 fructiﬁcatio.
806 3395 1056 3453 Hominis
1093 3397 1294 3467 quippe
1327 3403 1411 3451 est
1431 3396 1736 3462 seminare;
1768 3394 1861 3449 Dei
1887 3408 1988 3448 au-

404 3498 515 3544 tem
542 3489 938 3544 incrementum
974 3489 1124 3545 dare.
1161 3492 1339 3561 Atque
1398 3488 1493 3545 Dei
1545 3490 1776 3560 imperio
1815 3490 1990 3545 nubes

403 3598 473 3638 ex
500 3582 773 3655 profundo
799 3582 1032 3637 marium
1063 3598 1234 3653 aquas
1273 3583 1562 3647 hauriunt,
1611 3583 1991 3654 salsedineque

407 3678 464 3731 in
491 3674 836 3740 dulcedinem
865 3691 1025 3732 versa
1048 3716 1064 3743 ,
1118 3676 1405 3731 eﬂundunt
1447 3675 1667 3746 quidem
1716 3676 1772 3731 in
1800 3693 1992 3748 super-

408 3764 587 3822 ﬁciem
641 3774 849 3822 terrae:
908 3774 1023 3820 tum
1079 3767 1243 3821 unius
1302 3781 1530 3836 prorsus
1590 3768 1805 3837 generis
1843 3768 1993 3823 deci-

408 3859 547 3913 dens
573 3857 777 3927 pluvia,
827 3857 980 3910 varia
1010 3856 1264 3926 producit
1297 3858 1565 3912 seminum
1606 3873 1842 3927 genera:
1878 3858 1992 3914 fru-

407 3958 651 4005 mentum
678 3949 823 4003 enim
863 3948 1046 4016 eilicit,
1079 3949 1281 4013 fabam,
1311 3949 1546 4012 milium,
1572 3965 1743 4004 zeam.
1780 3950 1991 4005 Unum-

408 4059 515 4113 que
544 4050 630 4097 est
660 4041 806 4112 quod
830 4040 1070 4105 decidit;
1103 4041 1271 4095 multa
1296 4056 1418 4112 quae
1443 4044 1751 4111 germinant
1783 4061 1796 4096 :
1829 4049 1992 4111 atque

406 4132 501 4186 illa
540 4129 890 4185 uniformitas
920 4129 1225 4199 pluviarum
1271 4130 1324 4183 in
1356 4130 1711 4199 multiplicem
1760 4129 1991 4185 fructiﬁ-

408 4222 680 4277 cationem
720 4223 873 4286 abit;
908 4229 966 4276 ut
995 4222 1352 4286 ostendatur,
1396 4234 1508 4274 non
1543 4221 1866 4275 dexteritate
1905 4236 1991 4277 se-

406 4314 690 4378 minantis.
722 4315 817 4372 sed
866 4314 961 4371 Dei
1003 4316 1323 4385 operatione
1376 4311 1612 4367 fructum
1646 4314 1863 4383 prodire
1913 4314 1993 4367 Ac

407 4407 678 4476 principio
710 4408 929 4477 quidem
956 4407 1218 4462 sementis
1249 4406 1416 4461 herba
1447 4405 1695 4476 quanlam
1729 4407 1876 4461 velut
1899 4408 2007 4461 as-'

407 4499 607 4570 surgit,
632 4507 689 4554 et
712 4500 1028 4569 plerumque
1054 4498 1320 4568 contingit
1350 4497 1681 4552 frumentum
1717 4513 1825 4551 una
1864 4512 1988 4551 cum

2102 3405 2414 3478 Ἀνθρώπου
2450 3406 2548 3476 μὲν
2580 3404 2689 3475 γὰρ
2714 3403 2775 3456 τὸ
2809 3405 3048 3473 σπεῖραι·
3076 3401 3210 3455 Θεοῦ
3230 3403 3287 3455 δὲ
3324 3403 3386 3456 τὸ
3410 3404 3675 3474 αὐξῆσαι-

2088 3498 2199 3551 Καὶ
2228 3496 2609 3570 προστάγματι
2636 3494 2770 3549 Θεοῦ
2793 3495 3011 3564 νεφέλαι
3050 3499 3114 3548 ἐκ
3151 3494 3451 3551 θαλαττίων
3488 3496 3676 3567 βυθῶν

2088 3588 2157 3643 τὰ
2193 3588 2361 3643 ὕδατα
2385 3589 2791 3653 ἀνασπάσασαι,
2824 3590 2918 3643 καὶ
2947 3587 3006 3652 ἐξ
3029 3587 3403 3661 ἁλμυρότητος
3427 3591 3507 3652 είς
3533 3588 3683 3658 γλυ-

2091 3681 2299 3752 κύτητα
2333 3680 2752 3752 μεταϐαλοῦσαι,
2793 3680 3069 3750 ἐπιχέουσι
3120 3679 3219 3750 μὲν
3265 3681 3358 3732 ἐπὶ
3398 3679 3457 3732 τὸ
3498 3681 3677 3751 πρόσ-

2088 3783 2236 3820 ωπον
2270 3768 2370 3837 τῆς
2411 3767 2532 3839 γῆς·
2560 3767 2834 3839 μονοειδὴς
2865 3767 2921 3820 δέ
2954 3769 3125 3831 ὑετὸς,
3157 3767 3421 3833 καταϐὰς,
3454 3769 3677 3822 πολυει-

2089 3859 2199 3923 δεῖς
2238 3857 2527 3930 ἐργάζεται
2575 3859 2828 3930 σπόρους.
2884 3859 2995 3912 Καὶ
3032 3861 3177 3912 σῖτον
3212 3859 3309 3928 μὲν
3351 3858 3677 3930 ἐργάζεται,

2091 3950 2303 4021 κύαμον
2333 3951 2390 4004 δὲ
2419 3952 2514 4004 καὶ
2540 3951 2770 4023 κέγχρον
2797 3951 2890 4005 καὶ
2917 3950 3135 4022 δλυραν.
3171 3953 3267 4004 Ἓν
3291 3950 3390 4021 μὲν
3412 3951 3473 4004 τὸ
3499 3969 3681 4005 κατα-

2092 4043 2214 4107 ϐὰν,
2244 4044 2339 4097 καὶ
2370 4043 2540 4096 πολλὰ
2568 4044 2635 4096 τὰ
2667 4042 3042 4114 βλαστὼμενα·
3065 4044 3159 4097 κα)⁸
3187 4043 3248 4096 τὸ
3268 4043 3536 4114 μονοειδὲς
3557 4045 3679 4100 τῶν

2092 4136 2263 4190 ὑετῶν
2301 4138 2381 4200 είς
2418 4135 2686 4207 πολύχουν
2722 4135 3102 4206 καρποφορίαν
3143 4136 3538 4207 διασπείρεται·
3584 4138 3679 4190 ἵνα

2090 4226 2295 4298 δειχθῇ,
2341 4228 2414 4298 μὴ
2448 4229 2514 4298 τῇ
2540 4227 2633 4279 τοῦ
2659 4227 2979 4298 σπείραντος
3005 4226 3293 4299 εὐμαρείῃ,
3319 4227 3453 4280 ἀλλὰ
3477 4230 3541 4299 τῇ
3574 4227 3681 4281 τοῦ

2091 4318 2228 4371 Θεοῦ
2273 4318 2522 4390 ἐνεργείᾳ
2569 4317 2816 4386 γίνεσθαι
2864 4317 2925 4370 τὺ
2968 4318 3505 4391 καρποφορούμενον.
3557 4320 3679 4374 Καὶ

2092 4409 2305 4479 πρῶτον
2342 4410 2440 4481 μὲν
2473 4411 2501 4463 6
2532 4410 2733 4480 σπόρος
2753 4409 2882 4480 χλόη
2912 4426 2995 4473 τις
3023 4409 3212 4480 ὥσπερ
3244 4410 3542 4475 ἀναόαίνει,
3574 4412 3680 4466 καὶ

2094 4500 2354 4563 πολλάκις
2402 4499 2533 4569 σίτῳ
2569 4497 2805 4563 ζιζάνιον
2838 4498 3224 4571 συνέσπαρται·
3261 4503 3294 4571 ὴ
3327 4501 3385 4553 δὲ
3416 4502 3682 4572 ὁμοιότης

408 4591 639 4646 zizaniis
660 4591 919 4647 seminari
947 4608 961 4644 :
1015 4606 1192 4660 neque
1224 4590 1347 4644 licet
1374 4605 1471 4659 per
1505 4588 1758 4644 foliorum
1789 4588 1986 4643 simili-

2089 4591 2198 4645 τῶν
2228 4591 2442 4661 φύλλων
2470 4590 2530 4642 οὐ
2565 4593 2837 4660 συγχωρεῖ
2864 4591 3119 4661 φανῆναι,
3141 4592 3193 4645 τί
3219 4592 3319 4662 μὲν
3342 4595 3506 4656 σῖτος,
3537 4593 3590 4646 τί
3612 4593 3685 4648 δὲ

406 4683 653 4740 tudinem
704 4684 1097 4747 internoscere,
1127 4681 1257 4752 quid
1289 4681 1643 4741 frumentum.
1673 4680 1802 4750 quid
1839 4680 1986 4733 ziza-

405 4771 496 4826 nia
529 4772 618 4827 sit.
665 4769 803 4827 Cum
847 4779 1029 4826 autem
1084 4771 1141 4824 in
1183 4771 1424 4825 culmum
1490 4785 1674 4825 semen
1727 4770 1986 4839 assurgit,

403 4865 814 4934 exaltaturque,
863 4879 931 4918 ex
991 4862 1144 4934 Spica
1187 4861 1631 4934 deprehenditur,
1668 4860 1988 4934 fructusque

403 4954 613 5011 indicat
638 4956 768 5026 quid
794 4955 1248 5020 sitfrumentum,
1271 4954 1401 5025 quid
1438 4954 1668 5010 zizania.
1970 4952 1975 4958 ’

472 5044 528 5101 4.
570 5044 888 5101 Intellexisti
917 5043 1063 5115 quod
1097 5044 1305 5099 dictum
1329 5044 1574 5114 est,jam
1607 5042 1739 5098 mihi
1774 5042 1839 5097 ad
1871 5058 1989 5098 ma-

403 5137 487 5208 gis
510 5138 812 5209 spiritualia
840 5136 1183 5209 progredere.
1217 5135 1513 5192 Seminavit
1537 5133 1698 5191 Jesus
1725 5149 1821 5206 per
1853 5149 1988 5205 apo-

405 5227 576 5282 stolas
598 5226 821 5282 verbum
846 5227 999 5298 regni
1023 5227 1288 5281 caelorum
1313 5241 1407 5296 per
1434 5226 1744 5280 universam
1761 5232 1982 5282 terram.

402 5315 574 5372 Auris
602 5334 729 5373 vero
762 5334 883 5388 quae
908 5318 1353 5389 praedicationem
1405 5318 1645 5386 excepit,
1676 5315 1818 5386 apud
1865 5330 1986 5371 sese

405 5408 555 5462 illam
627 5412 827 5465 retinet
893 5431 906 5467 :
952 5418 1006 5466 et
1057 5418 1287 5466 eatenus
1330 5418 1480 5465 certe
1533 5410 1985 5479 germinationem

405 5497 660 5554 foliorum
684 5501 817 5565 edit,
841 5501 986 5572 quod
1028 5503 1085 5556 in
1126 5500 1369 5556 Ecclesia
1417 5514 1477 5555 se
1506 5499 1815 5571 diligentem
1851 5512 1989 5569 prm-

405 5593 516 5647 bet.
576 5591 1052 5664 Conveni-musque
1113 5595 1170 5648 in
1216 5592 1466 5649 eumdem
1515 5592 1694 5647 locum
1731 5601 1840 5645 tam
1874 5592 1987 5645 fru-

404 5688 575 5744 menti
615 5688 937 5759 largitores,
982 5705 1144 5759 quam
1175 5688 1415 5754 zizania;
1445 5693 1559 5741 tam
1607 5688 1783 5744 ﬁdelis
1820 5700 1984 5758 quam

477 5780 520 5812 ⁸⁷
560 5787 683 5835 Aet.
719 5797 850 5846 vm,
884 5783 940 5836 4.
1017 5783 1062 5815 ¹⁶
1101 5782 1237 5837 Gen.
1275 5799 1330 5848 ι,
1366 5784 1457 5842 10.

2094 4683 2353 4749 ζιζάνιον.
2396 4685 2562 4738 Ὅταν
2595 4682 2653 4736 δὲ
2689 4685 2717 4735 6
2749 4682 2948 4754 σπόρος
2981 4683 3273 4755 εὐθυτενὴς
3301 4685 3547 4755 γένηται,
3573 4684 3680 4739 καὶ

2092 4777 2172 4838 είς
2199 4773 2333 4845 ὕψος
2362 4775 2608 4847 γένηται,
2645 4776 2674 4826 6
2716 4772 2914 4843 στάχυς
2947 4773 3235 4845 διακρίνει,
3271 4778 3364 4829 καὶ
3395 4779 3428 4848 η
3460 4793 3687 4849 καρπο-

2093 4868 2256 4939 φορία
2284 4867 2521 4920 δείκνυσι
2547 4866 2611 4919 τὸ
2639 4865 3019 4936 ὑποκείμενον,
3045 4867 3099 4919 τί
3128 4867 3228 4938 μὲν
3251 4871 3415 4933 σῖτος,
3435 4869 3488 4921 τί
3505 4869 3562 4922 δὲ
3588 4868 3687 4934 Ct-

2092 4959 2292 5023 ζάνιον.

2161 5048 2216 5102 4.
2269 5048 2527 5121 Ἐνόησας
2552 5049 2614 5103 τὸ
2647 5049 2963 5121 λεγόμενον,
2996 5049 3117 5103 ἐλθέ
3151 5067 3241 5121 μοι
3265 5050 3451 5104 λοιπὸν
3485 5050 3579 5104 ἐπὶ
3611 5051 3681 5106 τὺ

2096 5137 2627 5210 πνευματικώτερον.
2654 5139 2950 5208 Ἕσπειρεν
2974 5139 3004 5191 6
3043 5139 3251 5207 Ἰησοῦς
3278 5137 3367 5190 διὰ
3395 5137 3502 5189 τῶν
3531 5137 3681 5190 ἀπο-

2095 5228 2293 5283 στόλων
2356 5229 2448 5282 τδν
2505 5229 2660 5298 λόγον
2730 5232 2832 5301 τῆς
2904 5230 3185 5301 βασιλείας
3242 5229 3351 5282 τῶν
3420 5227 3682 5299 οὐρανῶν

2093 5320 2236 5374 κατὰ
2293 5322 2472 5394 πάσης
2518 5323 2617 5394 τῆς
2668 5322 3012 5392 οἰκουμένης.
3076 5321 3238 5393 Ἀκοὴ
3287 5320 3555 5391 δεξαμένη
3609 5321 3681 5375 τὸ

2093 5413 2354 5483 κήρυγμα
2403 5414 2619 5484 κατέχει
2662 5412 2792 5484 παρ’
2845 5414 3031 5483 ἑαυτῇ·
3080 5412 3174 5464 καὶ¹
3215 5412 3354 5474 τέως
3395 5410 3495 5481 μὲν
3539 5409 3686 5480 βλά-

2093 5519 2225 5574 στην
2253 5503 2512 5573 φυλλάδος
2544 5503 2833 5575 ἐργάζεται
2867 5504 3103 5575 σπουδὴν
3137 5505 3265 5576 περὶ
3294 5504 3392 5574 τὴν
3434 5504 3681 5576 Ἐκκλη-

2093 5594 2233 5659 σίαν,
2256 5594 2348 5648 καὶ
2374 5595 2714 5666 συναγόμεθα
2740 5595 2879 5648 κατὰ
2904 5595 2965 5649 τὸ
2993 5595 3145 5660 αὐτὸ,
3180 5596 3275 5649 καὶ
3305 5598 3353 5648 oi
3377 5594 3675 5662 σιτοδόται,

2092 5690 2189 5743 καὶ
2216 5689 2285 5743 τὰ
2318 5688 2553 5757 ζιζάνια,
2590 5692 2621 5743 6
2652 5690 2862 5755 πιστὸς,
2893 5692 2986 5744 καὶ
3013 5690 3041 5741 ὁ
3064 5689 3385 5762 ὑποκριτὴς,
3418 5689 3504 5742 ἵνα
3532 5686 3680 5758 ἁλη-

481 5871 602 5946 (29)
640 5872 766 5931 Haec
796 5893 811 5930 :
839 5874 982 5929 ’Δλλ’
1018 5878 1043 5931 ἐ
1083 5879 1181 5947 μὲν
1215 5878 1405 5935 ἄνθη..
1445 5879 1551 5934 ὑπὸ
1583 5878 1891 5951 ἀνθρώπου,
1922 5878 1986 5938 de

2089 5884 2148 5936 nt
2182 5878 2238 5937 in
2284 5874 2604 5953 Anglicano,
2637 5879 2735 5935 sed
2772 5874 2958 5935 addita
2979 5884 3107 5935 sunt
3139 5891 3306 5934 manu
3338 5864 3705 5938 mcentim'
