3890 6200
170 272 301 365 7MB

1472 270 1758 328 HOMILIA
1794 270 1882 327 DE
1921 270 2271 357 SEMENTE.’

3344 252 3461 326 'tso

185 395 457 465 θέο-τερον
476 391 719 462 εἴπωμεν
746 391 809 445 τὺ
836 391 1352 464 καταγγελλόμενονυ
1381 394 1431 446 ot
1459 393 1519 447 δὲ
1543 395 1781 466 γεωργοὶ

1886 395 2197 467 hypocrita,
2233 401 2293 448 ut
2335 391 2519 448 verius
2570 392 2891 463 eloquamur
2930 388 3073 461 quod
3106 387 3459 462 praedicatur.

183 481 302 552 τῆς
336 480 689 552 Ἐκκλησίας.
718 481 820 554 τὴν
842 480 1088 536 δίκελλαν
1113 481 1221 536 τῶν
1246 482 1422 553 λόγων
1447 486 1558 548 τοῖς
1583 486 1781 557 senap-

187 574 390 644 μένοις
434 571 808 637 ἐπιϐαλόντες,
855 573 1209 645 γεωργοῦμεν
1258 577 1337 639 εἰς
1379 578 1777 651 καρποφορίαν·

183 661 353 716 οὔπω
372 663 433 717 δὲ
455 663 676 734 οἴδαμεν
701 662 764 716 τὺ
791 663 1166 736 ὑποκείμενον·
1199 667 1232 737 ἡ
1257 665 1365 737 γὰρ
1390 667 1490 737 τῆς
1518 667 1782 737 φυλλάδος

181 753 460 825 ὁμοιότης
493 754 678 825 ἀπατᾷ
707 753 967 818 πολλάκις
993 756 1118 820 τοὺς
1138 757 1506 826 προεστῶτας.
1536 760 1704 813 Ὅταν
1727 759 1782 813 δὲ

182 846 223 916 ἡ
247 844 580 898 διδασκαλία
608 848 688 910 εἰς
710 845 869 917 ἔργον
895 848 1246 921 προχωρήσῃ,
1270 847 1365 901 καὶ
1393 849 1421 901 6
1444 847 1658 919 καρπὸς
1675 848 1781 902 τῶν

184 936 382 1007 ἔργων
425 937 695 1007 παχυνθῇ,
739 939 861 992 τότε
890 939 1137 1008 φαίνεται
1168 941 1251 1002 τίς
1282 939 1380 1011 μὲν
1406 942 1434 993 6
1463 941 1671 1004 πιστὸς,
1697 942 1782 1006 τίς

180 1024 247 1078 δὲ
280 1026 312 1076 6
338 1027 670 1097 ὑποκριτής.
704 1029 814 1082 Καὶ
844 1029 961 1093 πῶς
983 1028 1076 1083 καὶ
1105 1030 1227 1084 τίνα
1257 1031 1457 1102 τρόπον
1486 1031 1782 1103 παραγίνε-

181 1134 281 1170 ται
335 1116 606 1183 πολλάκις
656 1122 737 1184 είς
781 1121 933 1175 πόλιν
986 1122 1127 1194 ἀνὴρ
1169 1122 1466 1192 δυνάμενος
1513 1122 1784 1176 διδάσκειν

142 1228 147 1239 ί
195 1210 543 1282 Ἑλληνιστὶ,
581 1212 662 1277 6;,
700 1213 802 1285 τὴν
849 1213 1017 1286 ἀκοὴν
1063 1215 1406 1286 θελγόμενος,
1457 1216 1672 1269 σπεύδει
1704 1217 1785 1279 εἰς

187 1302 298 1373 τὴν
332 1305 690 1375 Ἐκκλησίαν,
712 1307 775 1359 οὐ
796 1307 895 1379 τὴν
920 1307 1159 1379 ἰατρείαν
1182 1309 1280 1379 τῆς
1299 1308 1493 1380 ψυχῆς,
1520 1309 1655 1362 ἀλλὰ
1676 1308 1784 1362 τῶν

188 1392 376 1463 λόγων
407 1397 469 1450 τὸ
493 1397 688 1462 κάλλος
721 1399 880 1468 μόνον
914 1400 1180 1472 ἁρπάσαι.
1232 1402 1604 1472 Ἀνεχώρησεν
1635 1403 1663 1455 6
1696 1402 1784 1455 εὑ·-

185 1486 460 1556 γλώττως
499 1489 699 1543 λαλῶν·
732 1490 1045 1564 ἀνεχώρησε
1077 1492 1171 1547 καὶ
1211 1491 1313 1563 τῆς
1363 1491 1688 1563 Ἐκκλησίας
1722 1492 1784 1546 τὸ

186 1578 461 1644 ζιζάνιον·
504 1583 567 1636 οὐ
605 1582 715 1654 γὰρ
752 1583 866 1653 ἔχει
896 1585 959 1637 τὸ
987 1585 1226 1651 σιτῶδες,
1261 1586 1323 1638 τὸ
1364 1586 1576 1639 πιστόν.
1636 1587 1694 1638 Ὀ
1725 1585 1782 1638 δὲ

187 1675 413 1740 πιστὸς,
446 1675 552 1729 κᾶν
580 1675 900 1745 εὐγλώττως
926 1677 1056 1748 λέγῃ
1081 1677 1151 1730 τὰ
1178 1677 1467 1748 λεγόμενα,
1494 1677 1782 1744 σπουδάζει

189 1766 553 1832 κατακούειν,
598 1769 704 1823 κᾶν
740 1770 983 1841 Συριστὶ,
1028 1764 1132 1824 κᾶν
1177 1770 1496 1841 Ῥωμαϊστὶ,
1536 1770 1638 1824 κᾶν
1662 1771 1779 1825 δια·
1812 1750 1854 1804 Β

188 1860 353 1931 φόρῳ
390 1859 628 1933 γλώττῃ.
663 1863 739 1916 Οὐ
765 1861 877 1934 γὰρ
903 1861 1055 1934 ζητεί
1085 1863 1292 1932 λόγους,
1324 1862 1439 1916 ἀλλ’
1470 1862 1625 1935 ἔργα.
1660 1882 1678 1915 ι
1718 1862 1779 1918 Ὀ

186 1954 307 2026 γάρ
336 1954 502 2023 λόγος
530 1955 687 2028 ἡμῶν
708 1957 802 2009 καὶ¹
824 1957 885 2008 τὸ
903 1957 1163 2028 κήρυγμα
1187 1955 1342 2027 ἡμῶν
1363 1956 1463 2009 οὐκ
1486 1957 1545 2009 ὲν
1574 1957 1781 2020 πειθοῖς

184 2046 550 2117 ἀνθρωπίνης
578 2048 771 2117 σοφίας
799 2047 998 2115 λόγοις,
1032 2047 1146 2101 ἀλλ’
1168 2048 1226 2101 ὲν
1249 2046 1520 2112 ἀποδείξει
1537 2047 1783 2119 Πνεῦμα-

188 2157 287 2203 τος
312 2141 412 2193 καὶ
433 2140 738 2210 δυνάμεως.
778 2159 798 2191 ι
826 2140 893 2193 Τί
913 2140 973 2193 τὸ
999 2139 1211 2209 ὄφελος,
1241 2137 1338 2192 ἐὰν
1372 2138 1674 2209 Ἑλληνιστὶ
1694 2138 1781 2191 λα-

188 2229 403 2302 λῶμεν,
450 2231 872 2303 βαρϐαρίζωμεν
916 2231 973 2285 δὲ
1013 2233 1079 2303 τῇ
1118 2230 1344 2304 γνώμῃ;
1378 2232 1443 2285 Τί
1471 2233 1533 2286 τὸ
1565 2224 1793 2302 ὄφελος,

190 2321 291 2375 ἐὰν
322 2321 649 2385 εὐσύνθετος
684 2323 783 2392 μὲν
810 2323 838 2375 6
870 2321 1047 2389 λόγος,
1080 2320 1474 2385 κακοσύνθετος
1505 2321 1561 2375 δὲ
1592 2324 1621 2375 6
1655 2323 1780 2393 τρό-

190 2430 331 2477 πος;
365 2413 513 2466 Πολὺ
555 2414 775 2467 κάλλιόν
804 2414 921 2465 ἐστι
962 2412 1101 2483 μήτε
1138 2411 1235 2484 τὴν
1286 2413 1553 2484 Ἐλλήνων
1582 2413 1778 2467 εἰδέναι

189 2509 406 2578 φωνὴν,
431 2508 528 2561 καὶ
551 2506 644 2560 τὸν
671 2506 837 2575 νόμον
862 2505 953 2558 τοῦ
976 2504 1110 2557 Θεοῦ
1144 2506 1202 2558 ὲν
1232 2505 1432 2577 καρδίᾳ
1458 2505 1775 2575 κεκτῆσθαι.

190 2600 255 2654 Εἰ
288 2600 391 2670 μὲν
419 2597 533 2669 γὰρ
562 2595 817 2667 σοφιστοῦ
856 2595 1226 2650 διδασκαλεῖον
1266 2592 1335 2666 ἧν
1374 2598 1408 2668 ἡ
1464 2596 1777 2669 Ἐκκλησία,

190 2691 533 2761 εὐγλοπτίας
559 2685 628 2760 ἦν
657 2691 687 2742 6
705 2687 915 2758 καιρός·
949 2686 1135 2758 ἐπειδὴ
1162 2687 1220 2740 δὲ
1246 2686 1463 2758 τρόπων
1493 2687 1659 2756 ἀγὼν,
1686 2690 1780 2741 καὶ

190 2783 549 2855 καρποφορία
578 2781 640 2833 τὸ
675 2779 1057 2852 προκείμενον,
1087 2778 1182 2831 καὶ
1206 2778 1499 2849 προσδοκία
1537 2779 1779 2852 οὐρανῶν

190 2880 253 2933 τὺ
282 2875 760 2950 προσδοκώμενον,
792 2874 865 2946 μὴ
892 2873 1105 2943 γλῶττα
1133 2871 1419 2943 ζητείσθω,
1461 2871 1574 2925 ἀλλ’
1607 2874 1635 2924 6
1656 2871 1779 2943 τρόο

193 2986 295 3032 πος
322 2965 733 3038 κατορθούσθω.
765 2964 932 3018 Πάλιν
967 2963 1115 3018 ἄλλοι
1149 2961 1393 3016 νοσοῦσιν
1424 2961 1780 3034 ἀνθρωπαρὲ-

1880 487 1992 545 Nos
2037 496 2218 543 autem
2268 486 2521 542 Ecclesia
2576 486 2825 555 agricola
2875 483 3163 539 verborum
3220 480 3459 552 ligonem

1882 596 1981 654 per
2017 589 2135 637 sata
2180 579 2558 644 immitlimus,
2612 585 2672 632 ut
2705 592 2894 649 agrum
2937 576 3181 631 colamus
3225 573 3296 629 ad
3340 573 3458 628 fru—

1884 684 2032 732 ctum
2066 672 2383 739 ferendum;
2430 671 2662 726 necdum
2691 677 2871 725 tamen
2918 667 3300 738 cognoscimus
3355 662 3457 720 soli

1884 769 2249 825 conditionem
2278 785 2291 821 :
2322 765 2574 820 foliorum
2619 763 2817 833 quippe
2843 758 3164 825 similitudo,
3196 757 3459 828 prasides
3500 744 3501 747 “

1885 877 2027 933 sape
2063 860 2220 915 fallit.
2250 858 2452 914 Verum
2483 857 2573 912 ubi
2617 855 2866 909 doctrina
2917 853 2970 907 in
3003 867 3141 922 opus
3171 849 3459 920 procedit,

1886 953 2244 1022 laborumque
2274 948 2484 1004 fructus
2517 945 2804 1009 solidatur,
2838 950 2953 996 tum
2994 947 3219 1012 apparet
3250 938 3375 1009 quis
3406 936 3466 991 ﬂ-

1885 1045 2043 1113 delis,
2072 1045 2196 1116 quis
2224 1042 2506 1116 hypocrita
2533 1040 2621 1095 sit.
2654 1038 2770 1105 Qua
2801 1036 3013 1091 ratione
3040 1034 3095 1089 in
3120 1031 3311 1088 urbem
3345 1031 3465 1102 ple-

1885 1152 2117 1207 rumque
2152 1136 2300 1190 venit
2330 1136 2413 1189 vir
2448 1132 2632 1188 Graec
2658 1128 2884 1186 docendi
2929 1127 3158 1199 peritus,
3191 1138 3464 1193 auresque

1885 1227 2223 1287 demulcens,
2246 1225 2342 1296 qui
2372 1223 2426 1276 in
2458 1220 2758 1275 Ecclesiam
2791 1225 3066 1288 properat,
3098 1230 3207 1269 non
3233 1219 3296 1268 ut
3345 1226 3462 1266 nte-

1886 1317 2121 1373 dicinam
2152 1314 2364 1377 anima,
2388 1312 2482 1369 sed
2506 1317 2565 1365 ut
2592 1309 2881 1364 verborum
2922 1304 3243 1377 elegantiam
3289 1301 3464 1373 perci-

1887 1409 2018 1478 piat.
2053 1404 2277 1459 Recedit
2297 1403 2386 1457 ille
2417 1400 2687 1455 facundus
2711 1406 2933 1452 orator:
2968 1394 3172 1449 recedit
3199 1394 3360 1448 etiam
3391 1389 3461 1444 ab

1886 1498 2131 1553 Ecclesia
2165 1496 2468 1560 zizanium;
2513 1490 2846 1545 frumentum
2888 1485 3089 1557 quippe
3135 1499 3230 1539 seu
3260 1483 3418 1537 fidem
3441 1523 3458 1545 ,

1887 1606 1995 1646 non
2021 1590 2200 1644 habet.
2227 1585 2428 1641 Fidelis
2456 1590 2633 1638 autem
2673 1581 2800 1634 licet
2830 1576 3062 1633 facunde
3089 1573 3236 1646 loqui
3265 1573 3460 1639 soleat,

1888 1670 2131 1737 studiose
2176 1678 2470 1741 auscultat,
2505 1676 2620 1729 sive
2648 1671 2898 1742 Syriaca,
2959 1669 3074 1724 sive
3126 1666 3342 1731 Latine,
3368 1671 3463 1719 aut

1884 1775 1991 1828 alio
2023 1773 2216 1843 quovis
2248 1784 2501 1826 sermone
2530 1768 2654 1838 quis
2687 1773 2888 1822 utatur.
2936 1760 3054 1815 Non
3091 1758 3285 1829 quarit
3313 1756 3464 1813 enim

1883 1864 2072 1927 verba,
2110 1862 2203 1918 sed
2239 1869 2392 1932 gesta
2425 1878 2440 1914 :
2476 1876 2495 1911 ι
2539 1857 2731 1912 Sermo
2778 1853 2922 1910 enim
2969 1858 3158 1905 noster
3185 1857 3238 1904 et
3264 1846 3466 1918 pradi-

1884 1955 2028 2011 catio
2059 1963 2268 2018 nostra,
2291 1968 2400 2007 non
2425 1952 2478 2007 in
2500 1947 2952 2021 persuasibilibus
2968 1943 3218 1998 humanae
3243 1938 3463 2009 sapien-

1884 2051 1972 2106 tia
1996 2049 2198 2115 verbis,
2239 2047 2334 2103 sed
2352 2048 2406 2102 in
2420 2044 2734 2101 ostensione
2764 2041 3002 2112 Spiritus
3023 2045 3076 2094 et
3090 2035 3308 2093 virtutis
3342 2034 3408 2089 ¹⁹.
3436 2051 3473 2091 ι.

1883 2143 1995 2217 48
2028 2140 2160 2208 Qua
2188 2139 2420 2202 utilitas,
2457 2137 2500 2192 si
2554 2134 2739 2190 Grace
2791 2133 3117 2203 loquamur,
3175 2134 3231 2183 et
3284 2135 3485 2180 mente

1884 2234 2102 2290 barbari
2146 2230 2351 2287 simus?
2405 2227 2547 2297 Quid
2599 2226 2823 2298 prodest
2864 2223 2912 2278 si
2960 2219 3298 2290 compositus
3350 2231 3468 2271 ser-

1883 2342 1995 2391 mo,
2028 2334 2084 2381 et
2119 2339 2302 2380 mores
2331 2322 2442 2377 sint
2487 2315 2873 2389 incompositi?
2904 2313 3072 2368 Multo
3116 2309 3467 2385 praestantius

1882 2430 1967 2477 est
2000 2417 2187 2473 Grace
2217 2415 2433 2486 quidem
2467 2412 2702 2475 nescire,
2746 2409 3026 2480 legemque
3081 2403 3176 2458 Dei
3210 2403 3267 2457 in
3298 2400 3489 2457 corde.

1883 2513 2187 2583 possidere.
2219 2508 2353 2563 Nam
2381 2509 2425 2562 si
2455 2504 2699 2560 Ecclesia
2743 2501 3002 2572 sophista
3052 2496 3237 2554 schola
3277 2501 3488 2558 esset,.

1884 2603 2254 2661 consectanda
2286 2601 2427 2655 foret
2455 2596 2804 2669 eloquentia:
2861 2603 2915 2648 at
2965 2605 3091 2646 cum
3134 2588 3202 2644 de
3247 2600 3486 2641 morum.

1884 2711 2087 2768 pugna,
2119 2702 2174 2749 et
2198 2692 2265 2748 de
2300 2691 2511 2745 fructus
2550 2688 2707 2757 cepia
2736 2693 2961 2757 agatur,
3009 2685 3468 2752 cxspecteturque

1884 2788 2119 2852 calum;
2161 2799 2230 2839 ne
2282 2783 2465 2853 lingua
2517 2779 2864 2850 requiratur,
2922 2773 3020 2830 sed
3073 2786 3256 2826 mores
3303 2769 3466 2823 insti-

1884 2890 2127 2938 tuantur.
2159 2879 2400 2936 Rursum
2452 2875 2620 2947 aliqui
2677 2875 2927 2928 lahorant
2981 2867 3165 2925 studio
3213 2863 3487 2939 placendi.

1884 2975 2232 3037 hominibus,
2279 2979 2335 3028 et
2388 2969 2456 3029 ad
2509 2976 2726 3038 tempus
2784 2962 3134 3021 simulatione
3188 2966 3463 3013 utuntur:

195 3076 388 3113 σκειαν
418 3056 744 3129 ἀνθρώπων,
787 3055 882 3110 καὶ
911 3054 1101 3125 καιρὸν
1131 3052 1641 3125 καθυποκρίνονται’
1677 3052 1778 3106 κᾶν

1886 3067 2028 3139 quod
2062 3066 2110 3122 si
2143 3063 2375 3120 illustris
2403 3075 2640 3133 persona
2666 3057 2751 3113 vel
2783 3072 2849 3111 ex
2877 3052 3111 3125 plateis,
3132 3052 3218 3107 vel
3252 3066 3317 3106 ex
3362 3049 3468 3103 ho-

199 3146 299 3216 μὲν
332 3146 608 3215 ἐπίσημον
633 3143 923 3215 πρόσωπον
953 3141 986 3212 ἦ
1022 3143 1088 3195 ὲκ
1114 3141 1382 3195 πλατειῶν
1414 3142 1448 3212 ἢ
1483 3141 1542 3206 ἐξ
1574 3139 1785 3214 ἀνθρώ-

193 3253 313 3291 πων
328 3236 725 3307 παραγίνηται,
746 3233 1274 3305 καὶΧριστιανισμὸν
1296 3233 1781 3304 ἐπαγγελλόμενον,

195 3328 486 3399 τρέχουσιν
515 3329 597 3390 είς
621 3327 721 3397 τὴν
762 3325 1107 3401 Ἐκκλησίαν,
1142 3326 1230 3378 ἵνα
1262 3325 1534 3398 ἀνθρώπῳ
1571 3324 1783 3392 δείξωσι

197 3416 258 3471 τὺ
303 3418 625 3488 πρόσωπον.
688 3413 937 3484 Ἐξῆλθεν
972 3416 1003 3468 6
1048 3414 1338 3485 ἐπίσημος,
1393 3415 1713 3486 συνεξῆλθεν
1756 3416 1785 3468 6

197 3509 546 3579 ὐποκριτὴς,
593 3508 690 3561 καὶ
738 3507 929 3576 ἀπέχει
973 3504 1066 3557 τὸν
1109 3506 1317 3574 μισθόν.
1369 3508 1449 3559 Δι’
1482 3506 1784 3577 ἀνθρώπων

196 3593 385 3670 ἦλθεν,
420 3597 698 3669 ἀνθρώπῳ
726 3598 912 3669 ἤρεσε,
944 3596 1097 3669 παρὰ
1125 3598 1261 3651 Θεοῦ
1296 3596 1447 3651 οὐδὲν
1482 3597 1692 3652 ἔλαϐεν·
1719 3599 1781 3652 οὑ

196 3690 309 3762 γὰρ
330 3691 531 3760 ἐκείνῳ
553 3688 721 3753 ἔδειξε
744 3688 842 3762 τὴν
866 3689 1123 3744 διάνοιαν.
1156 3689 1392 3743 Τοιαῦτα
1413 3689 1515 3761 τῆς
1552 3690 1781 3763 Ἐκκλη-

202 3781 323 3845 cia;
354 3781 428 3835 τὰ
460 3781 699 3846 ζιζάνια.

271 3876 329 3932 5.
384 3875 529 3928 Ἀλλ’
555 3874 668 3945 ἔχει
694 3892 748 3929 τι
779 3873 1075 3945 θαυμάσιον
1106 3875 1135 3928 6
1162 3873 1406 3946 γεωργὸς
1432 3874 1530 3945 τῆς
1563 3874 1786 3947 Ἐκκληο

205 3967 329 4031 σίας
372 3967 568 4035 Λόγος·
616 3967 714 4020 καὶ
758 3967 867 4038 γάρ
898 3965 1112 4031 ζιζάνια
1156 3968 1435 4031 σιτοποιεί,
1481 3966 1578 4021 ὲάν
1628 3966 1777 4039 θέλῃ.

216 4059 441 4130 Ἐπειδὴ
475 4060 587 4130 γὰρ
624 4058 1079 4130 αὐτοπροαίρετος
1103 4059 1136 4129 ή
1162 4057 1271 4113 τῶν
1297 4057 1597 4127 ἀνθρώπων
1622 4059 1779 4130 κίνη-

207 4170 309 4220 αις,
361 4152 462 4205 καὶ
511 4148 857 4217 αῦτεξούσιος
901 4151 933 4220 ή
978 4148 1194 4220 γνώμη,
1240 4149 1334 4203 ἐπὶ
1378 4150 1463 4202 σοὶ
1504 4150 1680 4202 κεῖται
1720 4148 1783 4202 τὸ

205 4246 459 4316 πρᾶγμα·
491 4243 541 4294 εί
568 4240 742 4304 θέλεις
776 4238 1011 4305 ζιζάνια,
1058 4237 1110 4293 εἶ
1150 4239 1360 4309 ἀλόγων
1392 4239 1546 4305 ζώων
1582 4244 1807 4312 τροφήοι

206 4337 254 4388 εί
280 4333 479 4397 θέλεις,
515 4330 826 4404 μεταϐάλλῃ
863 4331 958 4384 καὶ
992 4329 1117 4400 γίνῃ
1160 4332 1329 4393 σῖτος.
1367 4330 1570 4383 Εἰκόνα
1600 4328 1783 4401 ζητεῖς

1886 3137 2092 3214 minum
2117 3153 2320 3228 (turba)
2347 3151 2662 3216 accesserit,
2692 3157 2748 3204 et
2785 3143 3266 3200 Christianismum
3299 3137 3466 3210 proli-

1884 3259 2084 3315 teatur,
2112 3256 2343 3304 currunt
2368 3247 2423 3300 in
2453 3242 2776 3306 Ecclesiam,
2803 3248 2863 3295 ut
2896 3237 3106 3293 homini
3142 3234 3219 3289 illi
3248 3234 3462 3287 vultum

1883 3340 2177 3399 ostendant
2216 3353 2399 3394 suum.
2442 3332 2734 3406 Egreditur
2758 3330 2990 3401 insignis
3037 3327 3161 3391 ille,
3199 3337 3308 3378 una
3350 3322 3467 3377 exit

1884 3433 2188 3505 hypocrita,
2218 3437 2435 3506 recepta
2460 3423 2710 3482 mercede
2740 3438 2836 3477 sua
2862 3442 2876 3476 :
2908 3418 3149 3477 hominis
3179 3430 3346 3471 causa
3370 3429 3466 3467 ve-

1882 3526 1985 3589 nit,
2002 3524 2214 3593 homini
2238 3520 2463 3593 placuit,
2490 3535 2522 3573 a
2556 3519 2663 3574 Deo
2696 3516 2834 3571 nihil
2862 3513 3093 3584 accepit,
3117 3522 3465 3580 nequaquam

1883 3618 2028 3674 enim
2071 3623 2307 3672 mentem
2358 3628 2516 3670 suam
2552 3611 2633 3671 illi
2682 3608 2946 3669 exhibuit.
3002 3601 3286 3677 Ejusmodi
3335 3604 3467 3656 sunt

1884 3708 2145 3765 Ecclesia
2170 3705 2403 3761 zizania.
3494 3735 3506 3793 ὶ

1953 3884 2006 3940 5.
2043 3882 2151 3939 Sed
2182 3880 2462 3953 quidpiam
2496 3881 2696 3934 mirum
2730 3876 2894 3930 habet
2921 3871 3159 3929 Verbum
3205 3847 3492 3922 Ecclesia:

1884 3975 2124 4047 agricola
2154 3992 2167 4028 :
2214 3987 2341 4027 nam
2387 3969 2616 4035 zizania,
2646 3966 2913 4037 siquidem
2946 3963 3034 4017 ille
3062 3959 3314 4022 voluerit,
3346 3955 3465 4011 fru-

1882 4073 2127 4123 mentum
2182 4064 2385 4120 fcrunt.
2424 4062 2563 4117 Cum
2597 4060 2744 4116 enim
2776 4056 3042 4113 electione
3093 4052 3315 4124 propria
3368 4048 3465 4104 fiat

1883 4160 2166 4215 hominum
2197 4163 2400 4219 motus,
2433 4161 2489 4210 et
2536 4153 2705 4207 libera
2734 4148 2806 4204 sit
2836 4149 2956 4218 ejus
2985 4143 3283 4210 sententia;
3323 4141 3379 4196 in
3408 4145 3467 4195 te

1882 4265 1973 4305 res
2002 4249 2106 4304 sita
2137 4254 2267 4304 est':
2299 4247 2348 4301 si
2376 4246 2458 4301 vis
2486 4259 2609 4300 esse
2656 4240 2887 4303 zizania,
2919 4238 3198 4293 brutorum
3250 4232 3464 4286 anima—

1884 4340 2019 4396 lium
2050 4339 2310 4411 pabulum
2333 4353 2394 4394 es
2422 4351 2441 4390 .'
2489 4337 2575 4391 sin
2603 4333 2842 4389 volueris
2869 4328 3092 4393 mutari,
3123 4327 3460 4381 frumentum

204 4425 311 4478 τῶν
335 4424 535 4491 λόγων,
567 4422 810 4493 λάμϐανε
840 4422 946 4474 ἀπὸ
973 4421 1205 4493 δένδρων
1230 4421 1293 4475 τὸ
1320 4421 1667 4492 ζητούμενον.
1715 4422 1779 4475 Ἦ

1886 4435 2002 4492 lies.
2031 4433 2088 4488 Si
2116 4448 2329 4504 quaras
2361 4431 2587 4501 hujusce
2612 4429 2690 4482 rei
2720 4425 3048 4495 exemplum,
3074 4437 3141 4477 ex
3170 4420 3460 4474 arboribus

205 4516 537 4586 ἀγριέλαιος,
559 4514 1048 4586 ὲπικεντρισθεῖσα,
1076 4513 1413 4576 καλλιέλαιος
1433 4514 1663 4582 γίνεται,
1688 4514 1783 4567 καὶ

206 4605 449 4678 ἄμπελος
489 4606 678 4677 ἀγρία,
716 4608 1078 4677 ἡμερωτάτης
1118 4604 1363 4675 ἀμπέλου
1403 4605 1590 4676 κλῆμα
1629 4603 1819 4670 δεξα-’

211 4702 369 4773 μένῃ,
392 4699 810 4753 ἐπιλανθάνεται
832 4698 930 4769 μὲν
953 4697 1061 4751 τῶν
1080 4698 1180 4768 τῆς
1205 4697 1361 4769 ῥίζης
1383 4697 1783 4768 παλαιοτήτων,

132 4832 143 4847 ι
207 4792 577 4862 ἀναλαμϐάνει
603 4791 662 4845 δὲ
691 4791 792 4863 τὴν
821 4789 1113 4862 καινότητα
1156 4788 1268 4842 τῶν
1316 4787 1580 4842 παλαιῶν.
1632 4789 1783 4842 Ἐπι-
1820 4809 1824 4813 ·

206 4884 367 4939 λάθου
386 4885 482 4937 καὶ
506 4883 571 4936 σὺ
596 4882 708 4935 τῶν
732 4880 987 4953 πρώτων,
1017 4882 1113 4935 καὶ
1134 4879 1372 4934 άνάλαϐε
1398 4879 1467 4933 τὰ
1487 4878 1775 4950 λεγόμενα·

205 4976 299 5031 καὶ
331 4976 426 5029 τοῦ
453 4974 696 5041 ζιζανίου
725 4973 919 5046 πάρες,
951 4972 1096 5027 τὸξδὲ
1131 4972 1353 5036 σιτῶδες
1392 4971 1646 5026 ἀνάλαϐεο
1694 4970 1782 5024 ἵνα

205 5066 436 5137 δυνηθῇς
464 5066 561 5120 καὶ
590 5065 758 5130 αὐτὸς
794 5065 928 5119 εἵσω
961 5064 1164 5128 ἅλωνος
1200 5062 1658 5136 ὲκκλησιαστικῆς
1688 5078 1784 5131 γε·

203 5158 386 5214 νέσθαι
414 5159 632 5230 νοητῆς.

274 5256 327 5306 ti.
366 5250 556 5306 Ταῦτα
589 5253 649 5307 δὲ
679 5252 860 5308 πάντα
889 5254 1020 5326 ὑμῖν
1051 5255 1268 5327 εἴρηται
1293 5252 1384 5307 διὰ
1406 5252 1470 5307 τὸ
1496 5251 1783 5323 εὐαγγελι-

206 5345 301 5401 τῶν
330 5345 688 5416 ἀνάγνωσμα,
725 5346 791 5401 τὸ
826 5348 956 5419 περὶ
997 5348 1216 5420 σπόρων
1253 5347 1654 5419 διαλεγόμενον,
1690 5347 1779 5402 διὰ

208 5436 295 5491 τὸν
311 5439 764 5511 κατασπείραντά
787 5441 845 5492 ὲν
865 5441 985 5504 ταῖς
1003 5439 1222 5512 ψυχαῖς,
1239 5438 1350 5493 τῶν
1369 5437 1558 5512 ψυχῶν
1572 5439 1667 5493 λυτ
1675 5456 1780 5512 ρω-

209 5528 301 5601 τὴν
337 5529 566 5603 Ἰησοῦν,
606 5530 702 5585 τὸν
731 5518 1183 5607 διαπορευόμενον
1214 5533 1303 5589 διὰ
1326 5531 1435 5591 τῶν
1470 5532 1775 5615 σπορίμων.
1827 5609 1833 5615 1

280 5684 323 5718 ¹⁹
356 5682 537 5743 lCor.
573 5702 648 5755 ιι,
683 5685 741 5743 Al.

1883 4527 2173 4599 quasitum
2221 4525 2428 4593 accipe.
2476 4520 2723 4576 Oleastcr
2784 4517 2981 4572 insitus
3036 4511 3269 4569 ellicitur
3316 4510 3487 4563 bona-

1881 4622 2046 4683 oliva,
2076 4626 2129 4675 et
2162 4619 2288 4673 vitis
2334 4612 2601 4672 silvestris
2625 4651 2643 4679 ,
2693 4612 2879 4667 sativa
2923 4608 3050 4663 vitis
3087 4614 3308 4674 accepto
3337 4602 3459 4673 pal-

1880 4714 2036 4775 mite.
2066 4708 2411 4767 obliviscitur
2457 4710 2685 4759 vetusta
2717 4699 2921 4754 radicis
2959 4711 3102 4761 sua,
3154 4693 3463 4761 accipitque

1880 4803 2173 4859 novitatem
2206 4796 2462 4853 recentis.
2516 4793 2851 4849 Obliviscere
2882 4796 2950 4844 et
2978 4797 3036 4842 tu
3082 4785 3357 4856 priorum,
3404 4791 3460 4836 et

1881 4895 2069 4964 accipe
2092 4889 2238 4962 quod
2265 4888 2502 4950 dicitur;
2553 4883 2882 4952 omissisque
2910 4878 3165 4943 zizaniis,
3217 4874 3460 4929 frumen-

1880 4994 1996 5041 tum
2023 4984 2210 5052 accipe
2260 4987 2320 5035 ut
2354 4992 2602 5033 mereare
2631 4977 2780 5030 intra
2803 4986 2985 5028 aream
3027 4964 3459 5024 ecclesiasticam

1880 5075 2326 5149 spiritualemque
2352 5068 2543 5140 recipi.

1954 5254 2009 5310 6.
2041 5251 2168 5309 Hac
2210 5265 2374 5324 porro
2397 5247 2577 5305 omnia
2609 5246 2753 5302 dicta
2805 5241 2960 5299 vobis
2986 5247 3136 5305 sunt,
3166 5237 3460 5296 occasione

1883 5346 2136 5404 lectionis
2169 5341 2514 5412 evangelica,
2536 5352 2646 5410 qua
2681 5337 2751 5393 de
2799 5334 2937 5392 satis
2978 5334 3191 5405 agitur,
3222 5329 3294 5385 ob
3329 5344 3458 5385 eum

1881 5438 1978 5509 qui
2007 5437 2065 5492 in
2084 5435 2368 5491 animabus
2392 5425 3129 5496 seminavit,Redemptorem
3151 5422 3457 5476 animarum

1881 5528 2091 5601 Iesum,
2105 5531 2478 5605 transeuntem
2500 5537 2600 5595 per
2621 5527 2759 5580 sata.
2782 5517 2876 5575 llle
2897 5522 3077 5573 autem
3099 5513 3168 5572 de
3186 5511 3463 5571 industria
