3890 6200
397 336 496 392 151

1585 327 1642 383 S.
1681 316 2150 380 ATHANASIUS.
2185 347 2256 358 —
2300 313 2526 372 DUBIA.

397 459 640 517 Sabbato
671 457 1068 528 pertransibat,
1101 455 1403 527 discipulos
1434 423 1532 527 per
1571 461 1690 510 sata
1719 451 1929 508 ducens
1960 467 1974 504 :

2094 443 2152 495 '0
2177 441 2276 513 μὲν
2307 438 2402 495 οὖν
2427 435 2772 511 διεπορεύετο
2795 431 3048 504 ἐπίτηδες
3069 431 3126 484 ὲν
3149 427 3434 501 Σαϐϐάτῳ,
3463 426 3702 497 διάγων

393 551 489 624 qui
511 549 768 620 discipuli
816 549 870 604 in
897 549 1275 620 praetereundo
1304 549 1487 620 spicas
1517 547 1790 604 vellebant
1813 585 1828 612 ,
1865 561 1982 600 ma-

393 644 671 715 nibusque
699 642 1091 707 confricantes,
1116 643 1474 699 comedebant
1499 681 1516 706 ,
1571 655 1767 697 novam
1815 639 1983 710 spicis

393 750 602 802 aream,
627 749 824 791 manus
865 735 1077 791 scilicet
1121 750 1274 801 suas,
1299 734 1617 791 ellicientes.
1645 732 1818 789 Judaai
1852 748 1984 788 vero

392 826 697 897 discipulos
754 828 1114 898 increpabant
1169 826 1316 898 quod
1352 828 1612 882 alimenta
1659 835 1980 882 sumerent:

393 919 659 974 adversus
711 918 1030 990 Magistrum
1099 919 1568 991 indignabantur:
1607 936 1626 970 ι
1665 917 1803 973 Vide
1851 916 1984 987 quid

394 1011 602 1066 faciant
632 1010 889 1082 discipuli
920 1011 997 1066 tui
1024 1013 1107 1066 ὀἳ
1143 1031 1162 1063 ι
1203 1011 1336 1068 Sese
1365 1011 1739 1066 abalienantes
1771 1025 1801 1063 a
1827 1010 1986 1079 justi-

390 1105 489 1171 tia,
511 1119 856 1174 nequaquam
875 1103 1158 1159 dicebant:
1180 1103 1325 1158 Socii
1356 1113 1670 1158 nostrorum
1687 1101 1984 1172 discipulo-

390 1211 512 1250 rum
532 1213 547 1262 ;
567 1211 689 1250 sese
703 1194 907 1265 quippe
923 1210 952 1249 a
970 1195 1286 1264 magisterio
1299 1195 1650 1265 expulerant;
1669 1193 1786 1256 sed,
1807 1211 1826 1244 σ
1849 1191 1984 1248 Vide

389 1288 524 1356 quid
568 1287 773 1342 faciant
804 1287 1059 1358 discipuli
1093 1286 1169 1341 tui
1198 1305 1212 1342 :
1255 1307 1274 1340 ι
1309 1303 1401 1342 res
1432 1288 1761 1358 conspicuas
1797 1295 1984 1342 osten-

387 1379 613 1434 debant.
651 1378 959 1449 Spectatori
985 1378 1232 1434 cordium
1263 1393 1353 1434 res
1375 1395 1500 1450 quae
1553 1381 1655 1435 sub
1700 1387 1983 1449 aspectum

391 1468 600 1523 cadunt
662 1468 1148 1523 commonstratis?
1206 1466 1400 1524 Nonne
1449 1469 1826 1540 experimento
1877 1469 1986 1540 ple-

395 1576 628 1631 rumque
657 1561 951 1625 didicistis,
975 1577 1100 1617 eum
1145 1562 1296 1633 ipsas
1329 1561 1579 1616 cordium
1622 1561 1983 1632 cogitationes

394 1661 711 1724 perspectas
749 1655 993 1712 habere?
1033 1655 1233 1711 Annon
1263 1655 1355 1710 ille
1395 1663 1480 1710 est
1508 1655 1600 1725 qui
1632 1655 1751 1708 ait:
1783 1673 1802 1706 ι
1840 1653 1983 1720 Quid

395 1748 649 1820 cogitatis
683 1749 827 1804 mala
862 1750 916 1804 in
948 1750 1210 1806 cordibus
1241 1749 1439 1805 vestris
1473 1748 1555 1801 “?
1589 1767 1607 1800 ι
1641 1747 1744 1815 Qui
1775 1749 1984 1818 cogita-

395 1843 574 1898 tiones
601 1843 789 1910 novit,
821 1858 891 1898 an
938 1844 1215 1914 spicarum
1244 1843 1675 1899 confricationes
1724 1857 1833 1896 non
1888 1855 1989 1896 no-

394 1933 575 1986 verit?
599 1936 627 1996 _‘
650 1939 666 1956 '
687 1937 704 1956 ‘

469 2027 518 2078 7.
569 2025 681 2097 (50)
711 2025 899 2083 Novus
943 2034 1220 2092 mortuus,
1250 2027 1392 2084 inter
1422 2036 1671 2083 mortuos
1701 2028 1859 2084 liber.
1901 2026 1990 2083 Si-

396 2118 617 2189 quidem
647 2119 830 2174 caateri
854 2120 1053 2175 mortui
1083 2121 1243 2190 quasi
1279 2120 1516 2177 vinculis
1538 2120 1860 2184 constricti,
1893 2136 1990 2191 per

397 2219 689 2282 angustam
715 2211 1132 2267 abducebantur
1168 2213 1350 2281 viam;
1400 2211 1560 2270 Iesus
1593 2229 1722 2269 vero
1766 2219 1990 2283 propter

397 2315 501 2353 nos
531 2312 782 2357 mortuus
813 2309 918 2366 est,
944 2309 999 2356 et
1025 2302 1309 2358 descendit
1343 2303 1411 2357 ad
1435 2304 1650 2360 inferna
1679 2304 1824 2358 inter
1844 2319 1990 2358 mor-

397 2403 523 2449 tuos
547 2412 559 2446 :
594 2401 758 2464 atque
785 2395 930 2450 inter
959 2404 1208 2452 mortuos
1237 2412 1362 2452 cum
1387 2397 1646 2465 venisset,
1674 2413 1785 2451 non
1827 2396 1990 2452 modo

398 2485 556 2551 liber,
579 2485 675 2541 sed
704 2495 1048 2542 mortuorum
1087 2488 1348 2544 liberator
1378 2499 1514 2544 erat.
1570 2488 1635 2542 Et
1674 2498 1736 2543 ut
1773 2489 1990 2545 ediscas

397 2577 576 2646 ipsum
631 2586 972 2635 mortuorum
1033 2579 1203 2635 fuisse
1262 2581 1652 2645 liberatorem,
1701 2583 1828 2638 audi
1876 2584 1990 2639 haec

398 2667 820 2740 Evangeliorum
867 2673 1075 2727 verba:
1117 2692 1137 2724 ι
1177 2672 1240 2724 Ει
1288 2673 1460 2727 multa
1492 2689 1722 2743 corpora
1775 2683 1992 2730 sancto-

398 2777 520 2816 rum
569 2763 663 2832 qui
716 2763 1131 2818 obdormierant
1161 2780 1515 2822 resurrexere
1544 2767 1609 2818 ²¹.
1646 2785 1665 2818 ι
1701 2764 1759 2820 1η
1795 2783 1988 2821 monu-

399 2862 586 2910 mento
639 2857 852 2925 positus
908 2864 1023 2920 est,
1076 2864 1131 2912 et
1183 2859 1356 2911 multa
1392 2867 1746 2914 monumenta
1803 2871 1990 2931 aperta

403 2945 570 3000 fuere.
602 2944 730 2999 Erat
762 2947 946 3016 itaque
977 2947 1024 3003 is
1061 2947 1202 3001 inter
1233 2955 1480 3002 mortuos
1505 2948 1661 3015 liber,
1692 2964 1852 3020 quem
1876 2951 1991 3004 noti

398 3038 779 3108 reliquerant:
834 3040 909 3093 ait
957 3055 1192 3109 namque
1246 3039 1638 3109 Evangelium,
1690 3042 1993 3113 discipulos

398 3147 611 3194 omnes,
645 3132 836 3187 relicto
861 3148 947 3196 eo,
984 3132 1264 3203 aufugisse
1299 3135 1364 3190 ⁸³.
1402 3133 1640 3205 Fugiunt
1671 3135 1802 3189 dum
1826 3137 1990 3192 vive-

399 3231 520 3278 ret:
548 3231 603 3278 et
634 3239 700 3278 eo
733 3225 1020 3290 cruciﬁxo,
1047 3241 1147 3296 pro
1178 3227 1296 3295 ipso
1331 3237 1562 3282 mortem
1599 3228 1890 3296 subibant;
1925 3244 1992 3286 eo

399 3313 546 3382 quod
579 3313 716 3367 nihil
746 3314 801 3368 in
837 3330 1001 3370 cruce
1035 3316 1403 3381 remanserit,
1459 3326 1515 3373 et
1554 3328 1679 3389 post
1727 3336 1948 3375 crucem
1973 3360 1989 3386 ,

398 3406 568 3459 vitam
600 3410 1001 3477 resumpserit;
1035 3410 1128 3464 sed
1177 3426 1246 3465 ne
1276 3411 1409 3466 mihi
1439 3413 1691 3468 attendas
1730 3414 1852 3478 soli.
1894 3414 1991 3471 sed

400 3495 613 3565 psalmo
663 3497 893 3567 jamjam
924 3515 954 3552 a
990 3516 1076 3556 me
1108 3501 1268 3556 lecto.
1304 3501 1569 3558 Ausculta
1609 3505 1740 3559 dum
1790 3505 1990 3577 legam,

400 3597 462 3641 tu
491 3589 614 3644 vide
640 3605 708 3646 ex
749 3595 1216 3663 consequentibus
1271 3598 1775 3653 resurrectionem:
1817 3618 1835 3651 ι
1890 3599 1994 3654 Fa-

400 3689 524 3736 ctus
556 3697 680 3736 sum
711 3683 854 3738 sicut
884 3685 1049 3740 homo
1079 3688 1198 3742 sine
1238 3689 1534 3757 adjutorio,
1568 3691 1710 3747 inter
1741 3701 1992 3748 mortuos

399 3772 556 3828 liber.
581 3771 892 3829 Posuerunt
925 3791 1012 3830 me
1046 3779 1101 3831 in
1143 3778 1265 3831 lacu
1294 3778 1541 3834 inferiori
1565 3780 1633 3846 ",
1666 3801 1685 3832 ›
1717 3781 1796 3835 uti
1825 3797 1992 3852 supra

401 3863 664 3922 diximus.
695 3866 761 3922 Et
791 3869 1090 3937 posthaec:
1128 3889 1148 3922 ι
1188 3871 1303 3942 Ego
1327 3889 1458 3928 vero
1481 3874 1732 3930 oratione
1775 3890 1897 3929 mea
1924 3874 1993 3930 ad

401 3965 487 4021 te,
535 3957 767 4015 Domine
811 3962 879 4016 ’⁵.
914 3960 981 4015 ΕῚ
1029 3962 1142 4035 49
1188 3981 1349 4020 mane
1401 3967 1580 4041 oratjo
1623 3984 1742 4023 mea
1787 3985 1993 4039 praeve-

399 4049 517 4102 niat
545 4048 612 4105 ".
652 4069 671 4102 ι
709 4049 1031 4109 Mortuusne
1061 4062 1221 4110 orat:
1265 4056 1312 4110 si
1353 4072 1462 4111 non
1495 4061 1881 4125 resurrexerit,
1907 4061 1993 4114 in-

397 4155 585 4210 quam,
616 4145 778 4199 orat?
809 4144 1092 4217 Siquidem
1126 4156 1414 4219 postquam
1453 4152 1790 4221 sepulturam
1815 4161 1871 4208 et
1901 4169 1991 4209 re-

399 4234 798 4292 surrectionem
846 4247 1190 4304 enarrasset,
1246 4248 1380 4295 tunc
1423 4241 1749 4297 memoravit
1797 4243 1994 4299 oratio-

399 4339 524 4381 nem
550 4343 715 4397 quam
749 4329 816 4384 ad
847 4330 1062 4386 Patrem
1093 4331 1303 4386 habuit.

474 4417 528 4474 8.
568 4417 682 4476 Nos
705 4420 874 4493 igitur
904 4423 1245 4479 Dominicam
1278 4425 1625 4482 celebramus
1658 4438 1879 4499 propter
1898 4442 1987 4483 re-

400 4513 802 4568 surrectionem
845 4513 1055 4570 :Judmi
1109 4516 1275 4572 etiam
1325 4533 1474 4572 nunc
1517 4498 1770 4573 Sabbato
1809 4520 1990 4574 adhae-
2021 4498 2069 4554 D

399 4612 544 4673 rent,
580 4614 872 4677 postquam
907 4605 1078 4664 Isaias
1127 4608 1306 4663 dixit:
1349 4627 1367 4660 ι
1407 4608 1472 4663 Et
1527 4609 1769 4666 Sabbata
1805 4619 1990 4666 vestra

397 4698 516 4754 odit
550 4700 733 4754 anima
763 4716 885 4756 mea
906 4702 972 4755 ’⁷.
1007 4722 1026 4755 ι
1060 4700 1205 4756 Nihil
1229 4704 1363 4757 mihi
1384 4719 1672 4760 commune
1701 4721 1826 4760 cum
1853 4703 1992 4760 Sab-

398 4793 554 4857 bato,
591 4792 740 4864 quod
791 4792 1058 4849 Dominus
1091 4781 1227 4849 odi-it.
1269 4794 1391 4850 Non
1434 4797 1634 4867 loquor
1664 4796 1732 4852 de
1773 4797 1987 4853 dierum

399 4886 653 4952 circulis,
701 4887 796 4942 sed
826 4887 895 4943 de
935 4886 1251 4943 Judaeorum
1296 4905 1422 4945 usu.
1457 4889 1586 4946 Dies
1630 4892 1777 4946 enim
1810 4893 1989 4949 nullos

400 4987 692 5032 aversatur
721 4977 863 5033 Deus
891 4997 904 5034 :
936 4979 1032 5034 sed
1067 4995 1162 5034 eos
1193 4980 1288 5049 qui
1333 4980 1389 5035 in
1441 4980 1577 5052 ipsis
1621 4981 1816 5038 diebus
1848 4984 1990 5040 male

401 5078 594 5140 agunt.
630 5068 696 5122 Et
725 5069 840 5139 jam
868 5069 1091 5140 quidem
1124 5068 1366 5126 Sabbato
1406 5071 1713 5128 inhaerent:
1749 5080 1991 5144 tuncque

402 5160 669 5229 temporis
709 5161 876 5215 etiam
908 5159 1250 5216 Salvatorem
1285 5161 1666 5232 increpabant,
1703 5163 1985 5220 dicentes:

407 5271 426 5304 ι
459 5251 597 5308 Vide
631 5254 764 5323 quid
795 5253 1000 5308 faciant
1029 5253 1289 5324 discipuli
1325 5255 1428 5319 tui,
1460 5255 1604 5325 quod
1632 5270 1744 5311 non
1775 5257 1901 5312 licet
1933 5257 1990 5312 in

405 5342 654 5400 Sabbato
686 5345 946 5403 facere".
978 5367 996 5398 ι
1035 5346 1174 5402 Tum
1206 5346 1460 5402 Salvator
1490 5347 1559 5403 ad
1593 5349 1718 5405 illos
1752 5367 1767 5404 :
1798 5347 1992 5405 Nonne

2083 533 2212 597 τοὺς
2243 530 2495 605 μαθητάς
2521 528 2610 584 διὰ
2631 527 2740 583 τῶν
2762 524 3046 598 σπορίμων
3073 524 3169 578 καὶ
3186 524 3236 577 oi
3267 520 3507 594 μαθηταὶ
3524 521 3701 592 διερ-

2083 625 2326 696 χόμενοι,
2368 621 2575 676 ἔτιλλον
2613 618 2872 691 στάχυας,
2914 617 3010 670 καὶ
3031 613 3308 686 ψώχοντες
3331 614 3452 676 ταῖς
3478 611 3696 683 χερσὶν

2082 715 2261 770 αὐτῶν
2303 713 2513 786 ἢσθιον,
2560 709 2881 781 καινοτέραν
2926 706 3108 761 ἅλωνα
3147 707 3261 768 τοῖς
3305 705 3534 774 στάχυσι
3570 702 3698 766 τὰς

2082 810 2271 880 χεῖρας
2314 804 2692 877 ἐργαζόμενοι.
2747 802 2811 854 Οἱ
2850 798 2909 853 δὲ
2959 797 3200 852 Ἰουδαῖοι
3241 796 3519 865 ἐπετίμων
3559 797 3698 856 τοῖς

2087 897 2359 969 μαθηταῖς
2390 893 2763 967 τρεφομένοις,
2792 892 2886 945 καὶ
2912 890 3048 963 πρὸς
3068 889 3162 942 τὸν
3185 887 3504 942 διδάσκαλον
3528 887 3690 954 ἀγα-

2083 987 2391 1042 νακτοῦσιν·
2425 1004 2442 1036 ι
2483 985 2611 1049 Ἴδε,
2636 984 2692 1037 τί
2718 981 2933 1036 ποιοῦσι
2959 979 3272 1052 οἱξμαθηταί
3300 996 3393 1033 σου
3413 995 3428 1044 ;
3452 999 3470 1031 ι
3511 979 3692 1032 Ἑαυο

2084 1079 2211 1141 τοὺς
2238 1073 2780 1147 ἀπαλλοτριῶσαντες
2816 1073 2914 1144 τῆς
2952 1071 3318 1141 δικαιοσύνης,
3354 1069 3454 1123 οὐκ
3487 1065 3687 1132 εῖπαν,

2085 1171 2147 1222 Οί
2179 1169 2426 1222 κοινωνοὶ
2474 1167 2584 1221 τῶν
2634 1163 2892 1238 μαθητῶν
2936 1163 3113 1235 ἡμῶν·
3154 1163 3383 1226 ἑαυτοὺς
3419 1161 3529 1233 γὰρ
3570 1161 3690 1230 τῆς

2085 1260 2372 1332 μαθήσεως
2399 1257 2682 1330 ἐξώρισαν·
2703 1257 2838 1321 ἀλλ’,
2882 1274 2902 1307 ι
2930 1255 3054 1320 Ἴδε,
3077 1253 3128 1308 τί
3151 1251 3394 1306 ποιοῦσιν
3420 1254 3468 1306 οἱ
3496 1251 3690 1324 μαθη-

2083 1350 2172 1405 ταί
2208 1368 2323 1404 σου.
2363 1370 2380 1401 ι
2416 1350 2733 1403 Δεικνύουσι
2753 1346 2823 1400 τὰ
2848 1346 3166 1418 φαινόμενα.
3199 1343 3291 1414 Τῷ
3319 1343 3536 1417 γνώστῃ
3564 1341 3687 1396 τῶν

2084 1442 2326 1514 καρδιῶν
2355 1441 2629 1495 δεικνύετε
2662 1439 2732 1494 τὰ
2763 1438 3049 1511 ὁρώμενα;
3084 1438 3199 1491 Ούκ
3223 1435 3445 1490 ἐλάϐετε
3471 1435 3688 1489 πολλά-

2085 1550 2173 1598 κις
2200 1531 2300 1604 τὴν
2342 1533 2561 1603 πεῖραν,
2601 1531 2684 1583 ὅτι
2717 1525 2825 1582 οἶδε
2862 1528 2956 1581 καὶ
2983 1526 3092 1580 τῶν
3125 1524 3362 1597 καρδιῶν
3403 1522 3504 1587 τὰς
3536 1521 3692 1594 γνώ-

2085 1642 2233 1691 σεις;
2277 1627 2351 1679 Ού
2400 1624 2596 1693 λέγων·
2647 1642 2666 1674 ι
2701 1622 2767 1676 Τί
2809 1618 3180 1689 διαλογίζεσθε
3219 1620 3277 1671 ὲν
3322 1619 3536 1680 ἑαυτοῖς
3579 1633 3692 1669 πο-

2086 1717 2262 1790 νηρά;
2302 1737 2320 1769 ι
2363 1718 2392 1769 6
2426 1716 2813 1779 διαλονισαοὺς
2859 1713 3036 1778 εἰδὼς,
3083 1710 3372 1782 ἀσταχύων
3414 1709 3690 1781 ψωχμοίδς

2021 1804 2193 1864 Βούκ
2221 1806 2362 1874 οἴδε;
2396 1813 2504 1832 ⁶··

2159 2032 2213 2085 7.
2253 2031 2580 2102 Καινότερος
2609 2030 2800 2102 νεκρὸς
2816 2028 3096 2100 ἐλεύθερος
3135 2027 3194 2081 έν
3215 2028 3449 2096 νεκροῖς.
3478 2025 3544 2079 Οἱ
3579 2023 3693 2095 μὲν

2089 2122 2239 2178 ἄλλοι
2274 2123 2477 2192 νεκροὶ,
2506 2121 2724 2190 δεσμοῖς
2753 2119 2943 2190 ὥσπερ
2975 2117 3447 2190 περιϐαλλόμενοι,
3477 2118 3536 2169 ὲν
3559 2116 3688 2186 εἱρ-

2089 2216 2189 2285 κτῇ
2215 2216 2280 2284 τῇ
2306 2211 2410 2283 ὁδῷ
2444 2213 2738 2284 ἀπήγοντο·
2791 2209 2999 2281 Ἰησοῦς
3021 2209 3078 2262 δὲ
3106 2208 3298 2278 γέγονε
3329 2207 3395 2260 δι’
3430 2207 3579 2277 ἡμᾶς
3601 2222 3694 2258 νε-

2091 2308 2242 2379 κρὸς,
2288 2307 2382 2360 καὶ
2423 2305 2691 2375 κατῆλθεν
2725 2305 2806 2368 είς
2832 2304 2900 2357 τὰ
2941 2300 3272 2371 καταχθόνια
3321 2298 3520 2370 μεταξὺ
3567 2297 3690 2350 τῶν

2090 2397 2320 2469 νεκρῶν·
2349 2399 2444 2452 καὶ
2473 2400 2532 2452 ὲν
2555 2399 2768 2467 νεκροῖς
2791 2395 2888 2465 μὲν
2909 2392 3077 2447 ἐλθὼν
3106 2393 3168 2446 ού
3201 2391 3362 2462 μόνον
3395 2389 3691 2460 ἐλεύθερος

2089 2487 2178 2563 ἦν,
2212 2490 2348 2545 ἀλλά
2381 2489 2477 2543 καὶ
2519 2487 2728 2561 νεκρῶν
2775 2486 3162 2557 ἐλευθερωτής.
3207 2484 3318 2537 Καὶ
3346 2483 3434 2536 ἵνα
3479 2480 3687 2554 μάθῃς,

2091 2584 2173 2636 ὅτι
2227 2583 2320 2636 καὶ
2368 2580 2577 2652 νεκρῶν
2635 2578 3006 2648 ἐλευθερωτὴς
3051 2575 3294 2644 γέγονεν,
3350 2574 3517 2630 ἄκουε
3570 2569 3690 2624 τῶν

2091 2674 2440 2744 Εύαγγελίων
2468 2671 2755 2740 λεγόντων·
2788 2690 2806 2722 ι
2835 2671 2945 2723 Καὶ
2981 2669 3151 2722 πολλὰ
3187 2665 3413 2738 σώματα
3441 2663 3550 2716 τῶν
3588 2679 3690 2715 κε-

2091 2767 2444 2840 κοιμημένων
2469 2767 2641 2835 ἁγίων
2672 2763 2987 2834 ἀνέστησεν.
3023 2781 3042 2814 ›
3095 2763 3182 2815 Ἐν
3215 2761 3458 2832 μνήματι
3493 2756 3685 2827 ἐτέθη,

2091 2864 2185 2917 καὶ
2214 2861 2382 2914 πολλά
2416 2862 2674 2931 μνήματα
2707 2855 3082 2928 ἀνεῴχθησαν.
3109 2850 3219 2906 Ἷίν
3247 2852 3424 2905 τοίνυν
3453 2852 3481 2904 6
3509 2850 3566 2901 ὲν
3593 2864 3689 2899 νε-

2092 2958 2245 3029 κροῖς
2277 2953 2581 3025 ἐλεύθερος,
2609 2951 2666 3004 ὃν
2695 2949 2985 3004 κατέλιπον
3006 2949 3100 3001 καὶ
3120 2945 3408 3020 γνώριμοι.
3437 2941 3600 3010 Λέγει
3623 2939 3690 2994 δὲ

2092 3049 2152 3101 τὸ
2179 3045 2530 3115 Εὐαγγέλιον,
2551 3045 2635 3096 ὅτι
2660 3042 2860 3106 πάντες
2884 3042 2932 3094 οἱ
2959 3039 3217 3110 μαθηταὶ,
3242 3035 3469 3105 ἀφέντες
3494 3031 3685 3096 αὐτὸν,

2018 3156 2060 3211 ο
2093 3141 2312 3210 ἔφυγον.
2370 3142 2492 3194 Ἔτι
2516 3138 2694 3203 ζῶντα
2750 3135 3032 3205 φεύγουσι,
3093 3132 3186 3185 καὶ
3250 3126 3682 3200 σταυρωθέντος,

2096 3229 2692 3302 ὐπεραποθνήσκουσιν·
2727 3225 2916 3296 ἐπειδὴ
2942 3225 3000 3278 δὲ
3038 3222 3203 3294 μηδὲν
3242 3219 3593 3288 ὲναπέμεινεν
3622 3217 3685 3268 ὲν

2091 3319 2171 3392 τῷ
2209 3320 2445 3392 σταυρῷ,
2495 3318 2632 3373 ἁλλά
2672 3317 2809 3390 μετά
2846 3316 2936 3370 τὸν
2969 3313 3202 3384 σταυρὸν
3235 3312 3334 3383 τὴν
3363 3308 3508 3382 ζωὴν
3537 3307 3684 3362 ἀπέ-

2093 3414 2244 3470 λαϐε.
2273 3414 2383 3467 Καὶ
2415 3413 2490 3486 μὴ
2516 3414 2639 3483 ἐμοὶ
2669 3411 2827 3482 μόνον
2860 3408 3118 3481 πρόσεχε,
3157 3404 3293 3459 ἀλλὰ
3321 3403 3400 3473 τῷ
3433 3402 3555 3473 spei.
3587 3402 3687 3471 ap-

2093 3507 2224 3571 τίως
2257 3505 2659 3576 άναγνωσθέντι
2695 3501 2916 3573 ψαλμῷ.
2969 3501 3213 3572 Πρόσχες
3260 3497 3323 3551 τὸ
3367 3495 3680 3565 λεγόμενον·

2095 3599 2206 3668 ἐγὼ
2231 3597 2610 3668 ἀναγινώσκω,
2665 3599 2728 3650 σὺ
2775 3595 2937 3666 βλέπε
2970 3595 3035 3647 ὲκ
3073 3593 3174 3662 τῆς
3215 3587 3538 3650 ἀκολουθίας
3581 3585 3684 3656 τὴν

2094 3693 2406 3747 ἀνάστασιν.
2450 3711 2469 3742 ι
2493 3689 2789 3760 Ἐγενήθην
2806 3686 2939 3740 ὡσεὶ
2964 3685 3250 3757 ἄνθρωπος
3277 3681 3596 3752 ἀϐοήθητος,
3623 3679 3687 3731 ὲν

2093 3787 2306 3856 νεκροῖς
2333 3782 2636 3854 ἐλεύθερος.
2663 3778 2888 3834 Ἔθεντό
2919 3795 2984 3849 με
3014 3779 3072 3830 ὲν
3096 3776 3285 3845 λάκκῳ
3313 3770 3631 3839 κατωτάτῳ,
3653 3788 3677 3820 ι

2093 3878 2275 3942 καθὼς
2303 3879 2624 3950 εἰρήκαμεν.
2678 3875 2791 3927 Καὶ
2846 3871 2987 3944 μετά
3031 3870 3226 3924 ταῦτα·
3265 3887 3284 3920 ι
3327 3865 3468 3934 Ἐγὼ
3513 3864 3569 3917 δὲ
3611 3865 3681 3933 τῇ

2094 3972 2371 4043 προσευχῇ
2401 3987 2501 4041 μου
2533 3969 2666 4038 πρὸς
2694 3967 2774 4031 σὲ,
2811 3966 3007 4037 Κύριε,
3042 3963 3137 4016 καὶ
3165 3961 3243 4032 τῷ
3267 3956 3414 4031 πρωῒ
3444 3960 3476 4028 ὴ
3512 3971 3684 4028 προσ-

2093 4063 2224 4132 ευχὴ
2272 4078 2374 4131 μου
2415 4059 2772 4131 προφθάσειε.
2813 4077 2832 4110 ›
2891 4058 2948 4111 '0
2989 4055 3182 4126 νεκρὸς
3225 4051 3604 4122 προσεύχεται·
3630 4051 3682 4102 εί

2097 4152 2172 4224 μὴ
2211 4151 2432 4222 ἀνέστη,
2470 4148 2866 4222 προσεύχεται;
2901 4146 3056 4200 Μετὰ
3093 4144 3202 4214 γὰρ
3227 4143 3288 4196 τὸ
3321 4138 3685 4212 διηγήσασθαι

2093 4243 2192 4314 τὴν
2220 4241 2395 4312 ταφὴν
2429 4241 2526 4294 καὶ
2563 4239 2662 4310 τὴν
2705 4238 3030 4311 νεκρότητα,
3074 4235 3195 4288 τότε
3234 4233 3534 4303 διηγήσατο
3580 4231 3684 4302 τὴν

2094 4333 2402 4406 προσευχὴν
2427 4331 2526 4404 τὴν
2555 4331 2693 4402 πρὸς
2726 4330 2816 4383 τὸν
2845 4328 3067 4399 Πατέρα
3098 4325 3418 4396 γενομένην.

2078 4454 2084 4458 -
2165 4429 2219 4482 8.
2262 4428 2453 4496 Ἡμεῖς
2489 4426 2587 4497 μὲν
2615 4420 2708 4479 οὖν
2747 4421 2999 4493 τιμῶμεν
3029 4421 3130 4490 τὴν
3169 4417 3456 4490 Κυριακὴν
3477 4413 3564 4468 διὰ
3582 4413 3683 4484 τὴν

2096 4521 2426 4576 ἀνάστασιν·
2486 4518 2729 4572 Ἰουδαῖοι
2762 4516 2818 4569 δὲ
2867 4514 2946 4568 ἔτι
2998 4513 3095 4566 καὶ
3143 4513 3237 4565 νῦν
3279 4509 3554 4581 ἐξέχονται
3586 4507 3679 4561 τοῦ

2098 4611 2401 4675 Σαϐϐάτου,
2432 4611 2526 4664 καὶ
2555 4607 2694 4680 μετά
2724 4606 2785 4660 τὸ
2816 4607 2990 4658 εἰπεῖν
3015 4603 3106 4656 τὸν
3141 4602 3396 4655 Ἡσαΐαν·
3422 4622 3441 4652 σ
3476 4597 3588 4651 Καὶ
3612 4596 3682 4650 τὰ

2098 4703 2354 4759 Σάϐϐατα
2383 4701 2538 4773 ὑμῶν
2590 4701 2739 4772 μισεῖ
2771 4699 2805 4769 ἡ
2844 4696 2988 4766 ψυχή
3027 4711 3152 4765 μου.
3194 4712 3213 4745 ι
3244 4691 3411 4746 Οὐδέν
3445 4707 3536 4761 μοι
3564 4706 3678 4743 κοι-

2097 4797 2187 4851 νὸν
2219 4796 2358 4868 πρὸς
2384 4795 2446 4848 τὸ
2472 4793 2768 4854 Σάϐϐατον,
2807 4789 2836 4842 ὃ
2871 4792 2900 4842 6
2935 4787 3068 4848 Θεὸς
3103 4785 3384 4856 ἐμίσησεν.
3441 4783 3516 4835 Οὐ
3543 4781 3681 4848 λέγω

2095 4889 2224 4951 τοὺς
2277 4886 2512 4950 κύκλους
2567 4882 2676 4936 τῶν
2725 4877 2970 4952 ἡμερῶν,
3011 4875 3146 4932 ἀλλὰ
3189 4874 3281 4928 τὸν
3330 4871 3681 4943 νομιζόμενον

2111 4980 2463 5050 Ἰουδαῖσμὸν.
2501 4977 2575 5030 Ού
2611 4975 2721 5046 γὰρ
2753 4973 2851 5035 τὰς
2881 4971 3096 5042 ἡμέρας
3133 4967 3279 5038 μισεῖ
3307 4968 3335 5019 6
3371 4963 3523 5026 Θεὸς,
3549 4961 3681 5016 ἀλλὰ
3741 4963 3748 4968 ’

2097 5075 2225 5137 τοὺς
2253 5071 2441 5134 κακῶς
2475 5072 2533 5123 ὲν
2564 5070 2684 5130 ταῖς
2713 5064 2950 5137 ἡμέραις
2996 5058 3417 5132 ἐργαζομένους.
3451 5055 3564 5107 Καὶ
3587 5053 3680 5106 νῦν

2102 5167 2202 5238 μὲν
2229 5165 2504 5235 ὲξέχονται
2530 5159 2624 5214 τοῦ
2654 5157 2954 5220 Σαϐϐάτου,
3004 5152 3100 5206 καὶ
3144 5151 3266 5204 τότε
3295 5148 3570 5238 ἐπετίμων
3603 5143 3678 5215 τῷ

2100 5236 2316 5326 Σωτῆρι
2341 5252 2616 5321 λέγοντες·
2663 5249 2825 5310 «Ἴδε,
2851 5245 2903 5299 τί
2936 5241 3181 5297 ποιοῦσιν
3199 5243 3249 5294 οί
3296 5236 3534 5312 μαθηταί
3564 5252 3674 5299 σου,

2097 5346 2126 5401 ὃ
2154 5346 2256 5403 οὐκ
2283 5342 2460 5409 ἔξεστι
2490 5347 2664 5398 ποιεῖν
2687 5345 2744 5397 ὲν
2769 5339 3086 5408 Σαϐϐάτῳ.»
3119 5337 3175 5391 '0
3200 5335 3392 5406 Σωτὴρ
3420 5330 3558 5404 πρὸς
3586 5329 3677 5384 αὺ-

478 5500 524 5570 ‘f
564 5498 754 5555 Matth.
791 5517 905 5568 ιιι,
937 5504 990 5557 2.
1069 5507 1112 5535 ἰ
1156 5503 1346 5562 Matth.
1383 5506 1530 5570 rx,4.
1610 5507 1652 5536 ”
1695 5504 1887 5560 Matth.
1924 5521 1988 5559 xx

2094 5543 2108 5568 ,
2143 5501 2233 5557 332.
2310 5503 2356 5534 ’³
2396 5503 2588 5556 Matth.
2629 5516 2754 5556 xm
2779 5539 2794 5570 ,
2827 5499 2914 5556 56.
2995 5496 3040 5531 “
3076 5493 3222 5552 Psal.
3259 5502 3505 5556 anvn,
3533 5482 3595 5554 6,
3622 5479 3673 5547 Ἰ.

407 5571 451 5601 ³⁵
497 5569 646 5626 Psal.
681 5585 885 5634 vaul,
926 5575 1013 5628 14.
1090 5577 1136 5608 ¹⁶
1175 5575 1322 5631 Psal.
1357 5569 1616 5643 Lxxxvn,
1656 5577 1744 5630 14.
1821 5577 1869 5608 ⁸⁷
1908 5574 1988 5631 lsa

2097 5615 2113 5639 ,
2149 5574 2235 5627 15.
2314 5575 2360 5608 ³⁸
2398 5573 2592 5631 Matth.
2628 5586 2741 5642 xu,
2772 5569 2829 5626 2.

476 5795 593 5869 (50}
617 5794 716 5854 Hic
739 5803 922 5857 textus
953 5797 1156 5868 deﬁcit,
1197 5809 1268 5868 et,
1295 5801 1604 5865 utvidetur,
1628 5800 1744 5858 haec
1767 5799 1988 5859 aliunde
2027 5806 2214 5858 assuta
2241 5806 2392 5859 sunt.
