3890 6200
221 397 333 456 155

1465 403 1752 461 HOMILIA
1792 405 1879 460 DE
1918 405 2262 465 SEMENTE.

3412 411 3516 470 154

218 515 379 581 τούς·
416 515 552 571 Οὐδὲ
584 517 748 573 τοῦτο
778 518 1072 590 ἀνέγνωτε,
1107 521 1137 576 6
1167 523 1394 596 ἐποίησε
1426 524 1625 592 Δαϐίδ;
1664 523 1726 579 Ὀ
1754 526 1820 579 ἐκ

1941 526 2035 581 hoc
2062 527 2282 599 legistis
2317 526 2467 599 quod
2497 525 2628 583 fecit
2658 525 2868 584 David?
2901 524 2981 584 Ex
3009 526 3213 585 Davide
3248 527 3518 588 oriundus

221 607 393 663 Δαϐὶδ
418 610 753 681 μνημονεύει
776 610 874 665 τοῦ
900 611 1093 666 Δαϐίδ·
1114 616 1145 668 6
1171 616 1236 668 ἐκ
1259 614 1427 670 Δαϐὶδ
1452 616 1595 670 κατὰ
1621 616 1821 689 σάρκα,

221 702 333 773 πρὸ
360 702 420 755 δέ
452 701 622 757 Δαϐὶδ
658 704 805 758 κατὰ
848 705 1068 778 πνεῦμα
1087 723 1102 738 ο
1152 710 1182 761 6
1206 707 1350 762 κατὰ
1380 709 1562 782 σάρκα
1594 709 1696 781 μὲν
1726 709 1823 764 τοῦ

218 794 392 848 Δαϐιδ
425 796 563 861 υίὸς,
597 798 747 850 κατά
786 798 1005 871 πνεῦμα
1033 799 1092 853 δὲ
1122 799 1219 854 τοῦ
1257 799 1422 854 Δαϐὶδ
1460 800 1729 874 δεσπότης
1749 818 1763 833 ·
1794 804 1825 857 6

218 887 290 941 ἐκ
320 886 482 958 ῥίζης
510 889 708 942 Ἰεσσαὶ
739 889 1072 962 βλαστήσας,
1106 896 1138 964 ή
1169 891 1365 964 ῥάϐδος
1391 895 1425 965 ἠ
1457 892 1760 964 θαυμασία,
1789 895 1824 966 ή

218 981 284 1034 τὸ
315 983 419 1052 μὲν
467 983 625 1052 γένος
662 985 933 1040 Ἰουδαίων
991 987 1376 1060 συντρίϐουσα,
1410 987 1520 1041 τῶν
1548 987 1606 1041 δὲ
1657 989 1826 1043 ἐθνῶν

218 1072 285 1126 τὸ
308 1072 473 1141 γένος
524 1073 601 1138 ὡς
626 1076 880 1147 ποίμνιον
911 1076 1241 1145 συνάγουσα.
1284 1077 1459 1141 Αὐτὸς
1484 1076 1592 1150 γάρ
1622 1077 1771 1132 ἐστιν
1795 1080 1825 1133 6

219 1164 469 1239 είρηκώς
535 1167 645 1221 Καὶ
669 1167 734 1240 δὴ
752 1167 866 1234 ἄξω
912 1168 1059 1240 ὑμᾶς
1081 1169 1187 1223 ὑπὸ
1211 1171 1315 1241 τὴν
1341 1170 1537 1242 ῥάϐδον
1563 1188 1664 1243 μου
1684 1186 1698 1201 ·
1731 1174 1827 1227 καὶ

192 1249 398 1321 ’πολὺς
432 1259 464 1311 6
487 1258 751 1331 περὶτῆς
789 1260 988 1332 ῥάϐδου
1028 1258 1207 1332 Ἰησοῦ
1250 1260 1428 1331 λόγος.
1463 1262 1659 1333 Ἔλεγε
1711 1264 1825 1317 τοί-

220 1365 321 1403 νυν
355 1351 499 1422 πρὸς
529 1352 660 1415 τοὺς
684 1351 974 1417 Ἰουδαίους
993 1370 1007 1383 ·
1050 1374 1069 1406 ι
1111 1355 1250 1408 Οὐδὲ
1281 1354 1440 1408 τοῦτο
1474 1350 1772 1426 ἀνέγνωτε,
1799 1356 1829 1410 ὃ

220 1440 457 1512 ἐποίησε
490 1442 676 1507 Δαϐὶδ,
719 1443 814 1496 ὅτε
846 1445 1135 1499 ἐπείνασεν
1160 1444 1345 1510 αὐτὸς,
1381 1447 1479 1500 κα)⁸
1509 1448 1559 1500 οἱ
1585 1449 1702 1518 μετ’
1732 1447 1832 1500 αύ-

222 1530 358 1597 τοῦ;
394 1533 517 1597 πῶς
543 1534 797 1604 εἰσῆλθεν
836 1536 915 1599 είς
942 1536 1034 1590 τὸν
1059 1533 1208 1590 οἶκον
1239 1536 1335 1591 τοῦ
1367 1536 1527 1603 Θεοῦ,
1569 1537 1673 1591 καὶ
1701 1538 1830 1602 τοὺς

222 1622 430 1695 ἄρτους
482 1626 584 1696 τῆς
642 1626 956 1700 προθέσεως
1006 1627 1166 1681 ἔλαϐε
1231 1629 1326 1683 καὶ
1386 1629 1610 1699 ἔφαγεν,
1658 1630 1688 1683 6
1729 1630 1830 1683 οὐκ

221 1716 441 1791 ἔξεστιν
479 1722 656 1773 ποιεῖν
689 1721 739 1772 εί
783 1719 860 1791 μὴ
890 1720 1203 1791 μόνοιςτοῖς
1250 1720 1524 1794 ίερεῦσιν;
1579 1741 1598 1773 ι
1641 1723 1700 1775 '0
1731 1722 1829 1793 μέν

220 1803 319 1860 οὖν
343 1808 508 1878 σοφὸς
530 1809 805 1881 ἀκροατὴς
828 1811 926 1864 καὶ
953 1811 1197 1884 συνήθης
1217 1812 1328 1866 τῶν
1355 1812 1830 1885 ἐκκλησιαστικῶν

221 1897 521 1969 δογμάτων
542 1917 603 1953 τε
624 1902 721 1954 καὶ
747 1902 1193 1974 ἀναγνωσμάτων
1210 1900 1319 1957 οἶδε
1335 1904 1434 1976 τὴν
1459 1883 1721 1977 ἱστορίαν,
1734 1907 1829 1960 καὶ
1862 1883 1904 1937 Β

224 1987 290 2041 06
317 1989 515 2059 χρείαν
554 1989 668 2061 ἔχει
697 1991 799 2061 τῆς
844 1991 1191 2064 διηγήσεως·
1241 1994 1433 2064 ἐπειδὴ
1476 1995 1534 2048 δέ
1594 1994 1763 2059 πολὺς
1801 1997 1830 2048 6

223 2083 430 2136 νεωστὶ
473 2083 784 2156 συρρεύσας
844 2085 978 2156 ἡμῖν
1038 2086 1199 2151 λαὸς,
1262 2088 1292 2139 6
1351 2087 1453 2158 τὴν
1511 2087 1829 2142 ἐπιπόλαιον

228 2173 504 2242 ἀκρόασιν
550 2176 659 2230 τῶν
690 2176 855 2232 θείων
887 2177 1085 2248 λογίων
1131 2178 1292 2250 ἔχων,
1349 2180 1413 2233 τὸ
1445 2180 1503 2234 δέ
1525 2179 1699 2251 βάθος
1730 2180 1832 2251 τῆς

224 2269 474 2340 νοήσεως
514 2270 592 2343 μὴ
639 2271 1109 2343 ἐνστερνισμὲνος,
1158 2272 1340 2336 καλῶς
1378 2272 1523 2343 ἔχειν
1557 2290 1646 2344 μοι
1685 2272 1832 2326 δοκεῖ

224 2360 557 2433 ἐπιδραμεῖν
583 2362 677 2416 καὶ
704 2363 876 2431 δεῖξαι
896 2365 996 2436 τὴν
1028 2364 1293 2437 ἱστορίαν,
1320 2364 1410 2419 ἵνα
1445 2364 1664 2435 γνῶμεν
1689 2354 1831 2428 τίνος

225 2455 421 2511 ἕνεκεν
468 2456 673 2529 ταύτης
713 2456 1120 2530 ἐμνημόνευσεν
1146 2459 1174 2511 6
1198 2457 1412 2529 Σωτήρ.
1461 2454 1727 2521 Βασιλεύς
1747 2473 1832 2521 τις

224 2543 299 2620 ἦν
331 2550 395 2602 ἐν
429 2551 547 2613 τοῖς
582 2548 856 2620 ἀρχαίοις,
889 2549 1076 2613 Δαϐὶδ,
1121 2548 1328 2619 ποιμὴν
1373 2546 1444 2601 τὰ
1474 2547 1688 2619 πρῶτα,
1737 2548 1831 2602 καὶ

228 2640 495 2711 βασιλεὺς
529 2641 601 2696 τὰ
629 2641 880 2713 δεύτερα.
931 2642 1045 2712 Τὴν
1092 2641 1150 2694 δὲ
1187 2639 1467 2711 βασιλείαν
1504 2641 1606 2693 οὐκ
1638 2640 1830 2695 ἔλαϐεν

224 2735 514 2805 ἀρπάσας,
554 2734 713 2799 ἀλλὰ,
760 2734 857 2787 τοῦ
907 2733 1083 2788 Σαοὺλ
1115 2735 1540 2807 ἁμαρτήσαντος
1571 2735 1666 2790 καὶ
1698 2736 1834 2790 ἀπο-

224 2827 559 2898 ϐαλομένου,
578 2825 807 2899 ἐχρίσθη
819 2826 985 2881 Δαϐὶδ
1006 2827 1116 2881 ἀπὸ
1141 2825 1235 2880 τοῦ
1253 2827 1510 2900 Σαμουὴλ
1531 2826 1665 2900 (51).
1698 2828 1833 2900 Χρι-

226 2917 385 2981 σθεὶς
408 2918 469 2972 δὲ
496 2919 576 2982 εἰς
606 2917 707 2989 τὴν
740 2916 1042 2988 βασιλείαν,
1090 2908 1199 2988 ὀὐχ
1230 2916 1349 2988 ἅμα
1377 2919 1600 2990 ἦρπασε
1641 2918 1703 2972 τὸ
1735 2918 1832 2990 βα-

225 3011 456 3076 σίλειον,
492 3009 632 3064 ἀλλὰ
658 3010 876 3081 χρόνοις
926 3008 1142 3074 πολλοῖς
1175 3009 1467 3073 δουλεύσας
1512 3008 1592 3081 τῷ
1634 3010 1828 3074 Σαοὺλ,

225 3104 489 3177 ὕστερον,
516 3104 607 3159 ὅτε
637 3106 772 3170 Θεὸς
809 3105 1096 3178 ἠθέλησεν,
1122 3105 1372 3177 ἐφήψατο
1397 3106 1499 3177 τῆς
1533 3105 1828 3177 βασιλείας.

239 3196 676 3253 Ἑπεϐουλεύετο
706 3194 800 3252 οῦν
829 3198 937 3251 ὑπὸ
949 3195 1044 3252 τοῦ
1078 3197 1274 3261 Σαοὺλ,
1306 3199 1678 3270 εὐεργετήσας
1704 3196 1829 3251 τοῦ-

228 3309 359 3350 τον·
395 3289 790 3345 ἐπεϐουλεύετο
817 3290 874 3345 δὲ
909 3290 1004 3344 καὶ
1050 3291 1158 3345 ὑπὸ
1184 3288 1281 3345 τοῦ
1336 3290 1710 3364 Ἀϐεσσαλὼμ,
1739 3289 1835 3345 τοῦ

222 3384 440 3441 οἰκείου
462 3385 678 3438 τέκνου.

303 3497 362 3555 9.
388 3497 583 3553 Ταῦτα
620 3496 837 3566 ἀληθῶς
869 3495 969 3567 μὲν
1009 3495 1207 3569 συνέϐη
1232 3495 1311 3568 τῷ
1360 3494 1554 3549 Δαϐίδο
1590 3486 1746 3558 οὗτος
1781 3492 1837 3547 δέ

227 3611 393 3658 τινας
423 3592 644 3656 εἰκόνας
665 3587 780 3663 εἶχε
813 3590 915 3661 τῆς
942 3588 1035 3644 τοῦ
1065 3589 1318 3667 Σωτῆρος
1344 3587 1671 3661 παρουσίας.
1691 3585 1839 3640 Ἔδει

227 3686 345 3758 γὰρ
379 3684 475 3739 τὸν
505 3682 831 3755 προπάτορα
862 3683 959 3737 καὶ
989 3681 1207 3746 εἰκόνας
1240 3682 1388 3753 ἐχειν
1417 3679 1514 3735 τοῦ
1543 3680 1837 3750 ἀπογόνου.

235 3798 258 3831 ι
303 3776 508 3842 Βίϐλος
532 3775 800 3845 γενέσεως
829 3775 1004 3847 Ἰησοῦ
1043 3775 1281 3848 Χριστοῦ
1319 3774 1438 3829 υἱοῦ
1472 3773 1656 3828 Δαϐίδ.
1694 3792 1713 3825 ι
1747 3773 1843 3826 Τι-

229 3871 328 3934 νὸς
383 3870 443 3924 αἱ
490 3868 604 3921 τῶν
665 3868 1010 3940 πραγμάτων
1064 3865 1356 3939 ὁμοιώσεις
1418 3867 1520 3921 οὐκ
1586 3868 1838 3938 ἰσότιμοι.

244 3959 596 4033 Ὀμοιούσθω
627 3959 739 4032 γὰρ
781 3961 811 4012 6
852 3958 1041 4023 δοῦλος
1069 3959 1148 4031 τῷ
1183 3960 1421 4032 δεσπότῃ
1447 3976 1462 3990 ο
1492 3959 1555 4013 o6
1602 3959 1707 4031 μὴν
1737 3959 1845 4012 ίσό-

229 4072 400 4126 τιμος
442 4054 674 4123 γίνεται,
713 4052 853 4126 πλὴν
891 4052 1004 4125 ἔχει
1047 4052 1205 4117 τινὰς
1250 4052 1595 4124 ὁμοιότητας.
1646 4053 1704 4105 '0
1741 4053 1843 4106 Δα-

231 4148 326 4204 σὶδ
374 4148 608 4220 ποιμὴν,
665 4130 760 4201 καὶ
803 4148 1008 4219 ποιμὴν
1061 4150 1091 4200 6
1124 4145 1398 4217 Χριστός-
1440 4144 1624 4214 «Ἐγώ
1667 4148 1782 4218 εἰμι
1813 4146 1842 4198 ὁ

237 4242 452 4313 ποιμὴν
485 4241 517 4293 6
546 4238 732 4305 καλὸς,
759 4258 779 4292 ι
815 4239 1024 4309 ἔλεγεν.
1066 4238 1204 4292 Ἀλλ’
1238 4239 1268 4291 6
1302 4238 1404 4310 μὲν
1428 4237 1636 4309 ποιμὴν
1676 4236 1846 4310 θρεμ-

239 4337 457 4406 μάτων,
512 4333 544 4386 6
574 4332 634 4386 δὲ
674 4330 880 4403 ποιμὴν
926 4329 1147 4402 ψυχῶν
1183 4330 1444 4401 ὁμοίωσις
1478 4329 1842 4402 πραγμάτων,

241 4426 417 4498 πολλὴ
442 4424 503 4478 δὲ
538 4423 862 4496 παραλλαγὴ
884 4423 978 4477 τοῦ
1008 4421 1343 4493 ἀξιώματος.
1364 4423 1591 4493 Ἐχρισε
1624 4421 1716 4475 τὸν
1742 4423 1847 4474 Δα-

1862 3247 1909 3308 C

1926 615 2021 673 ille
2050 616 2315 674 Davidem
2366 627 2640 674 memorat
2667 638 2680 674 :
2705 619 2799 690 qui
2835 635 2903 677 ex
2934 619 3138 677 Davide
3178 627 3265 677 est
3313 635 3518 678 secun-

1926 709 2059 765 dum
2093 725 2341 775 carnem,
2379 718 2508 767 ante
2536 710 2797 768 Davidem
2844 721 3027 769 autem
3056 713 3359 770 secundum
3404 715 3520 790 spi-

1925 802 2093 858 ritum
2125 822 2138 859 :
2175 804 2269 875 qui
2317 803 2624 859 secundum
2662 820 2882 861 carnem
2927 806 3148 876 quidem
3196 804 3416 862 Davidis
3450 806 3519 861 ll-

1927 894 2064 959 lius;
2101 895 2404 952 secundum
2443 897 2697 968 spiritum
2731 906 2914 953 autem
2948 896 3172 953 Davidis
3203 897 3472 955 Dominus
3500 917 3517 954 :

1928 989 2025 1059 qui
2058 1005 2124 1045 ex
2173 989 2362 1044 radice
2409 987 2581 1045 Jessaa
2615 991 2967 1061 germinavit.
3007 988 3177 1062 Virga
3223 990 3516 1058 mirabilis,

1928 1099 2051 1154 quae
2089 1082 2403 1138 Judaeorum
2447 1100 2622 1155 genus
2671 1085 2928 1149 conterit,
2966 1083 3208 1154 gentium
3254 1100 3386 1139 vero
3420 1100 3524 1156 po-

1930 1174 2118 1243 pulum
2171 1173 2329 1244 quasi
2367 1189 2584 1244 gregem
2625 1174 2856 1244 colligit.
2908 1172 3029 1243 Ipse
3068 1174 3272 1245 quippe
3307 1181 3393 1230 est
3427 1174 3545 1245 qui;

1930 1265 2071 1321 dixit
2104 1286 2117 1321 :
2146 1265 2351 1321 Ducam
2381 1282 2480 1321 vos
2511 1267 2617 1322 sub
2649 1268 2801 1336 virga
2834 1282 2975 1322 mea.
3011 1265 3289 1337 Multaque
3315 1266 3548 1329 mentiot

1930 1367 2016 1414 est
2048 1359 2116 1414 de
2147 1359 2299 1429 virga
2327 1357 2478 1414 Jesu.
2512 1358 2662 1413 Dixit
2707 1360 2876 1430 igitur
2904 1360 2973 1414 ad
3002 1357 3254 1415 Iudaeos:
3289 1377 3307 1410 ι
3329 1358 3526 1415 Nonne

1930 1451 2142 1523 legistis
2180 1452 2312 1523 quid
2345 1451 2537 1507 fecerit
2570 1452 2762 1515 David,
2799 1452 3020 1523 quando
3063 1452 3260 1508 esuriit
3297 1452 3436 1522 ipse,
3468 1459 3528 1509 et

1932 1546 2027 1616 qui
2071 1559 2199 1600 cum
2254 1559 2321 1600 eo
2368 1546 2567 1599 erant?
2602 1544 2880 1616 quomodo
2919 1544 3149 1599 intravit
3194 1544 3250 1598 in
3299 1543 3526 1598 domum

1934 1637 2054 1704 Dei,
2110 1645 2165 1692 et
2209 1652 2384 1707 panes
2432 1637 2833 1707 propositionis
2891 1636 3104 1706 accepit
3156 1642 3212 1690 et
3261 1634 3523 1699 comedit,

1931 1732 2079 1803 quod
2133 1746 2242 1785 non
2287 1731 2417 1786 licet
2452 1728 2633 1784 facere
2666 1729 2773 1785 nisi
2814 1729 2947 1784 solis
2984 1725 3472 1784 sacerdotibus”?
3500 1746 3519 1780 ι

1935 1823 2170 1895 Sapiens
2217 1824 2403 1894 itaque
2453 1822 2696 1884 auditor,
2755 1821 3077 1892 peritusque
3118 1819 3527 1876 ecclesiastico-

1936 1928 2058 1966 rum
2100 1911 2414 1984 dogmatum
2440 1919 2495 1967 et
2529 1911 2851 1975 lectionum,
2885 1910 3173 1965 historiam
3220 1910 3393 1981 probe
3425 1923 3528 1964 no-

1935 2004 2035 2069 vit,
2073 2019 2174 2059 nec
2213 2012 2336 2074 eget
2377 2002 2764 2075 explicatione.
2799 2002 2870 2055 At
2899 2000 3345 2072 quandoquidem
3382 2001 3529 2055 mul-

1938 2101 2029 2148 tus
2058 2093 2219 2148 nobis
2269 2108 2446 2163 nuper
2478 2091 2744 2146 conﬂuxit
2777 2094 3039 2163 populus,
3075 2091 3170 2162 qui
3202 2091 3425 2147 nonnisi
3453 2091 3532 2147 le-

1937 2200 2057 2240 vem
2093 2184 2408 2239 divinorum
2437 2183 2788 2251 eloquiorum
2812 2181 3184 2251 cognitionem
3216 2179 3409 2235 auditu
3439 2194 3533 2235 ac-

1937 2277 2104 2342 cepit,
2132 2292 2312 2346 neque
2343 2274 2746 2330 sententiarum
2781 2274 3211 2345 profunditatem
3254 2275 3310 2329 in
3348 2285 3533 2330 mente

1939 2369 2332 2439 apprehendit;
2383 2383 2566 2438 operae
2601 2368 2837 2437 pretium
2887 2368 3021 2422 mihi
3073 2366 3314 2435 videtur,
3355 2368 3533 2423 histo-

1936 2460 2077 2515 riam
2110 2459 2316 2516 cursim
2352 2459 2685 2529 explanare:
2717 2465 2775 2512 ut
2820 2459 3064 2514 sciamus
3104 2473 3214 2530 qua
3261 2457 3330 2513 de
3363 2472 3535 2512 causa

1939 2554 2091 2608 illam
2138 2553 2466 2608 memoravit
2520 2550 2792 2606 Salvator.
2838 2550 2986 2607 inter
3015 2545 3243 2621 priscos
3273 2565 3367 2605 rex
3404 2549 3530 2615 fuit,

1939 2645 2164 2700 nomine
2195 2642 2389 2708 David,
2426 2646 2581 2714 prius
2613 2656 2824 2714 pastor,
2861 2642 3216 2713 postmodum
3251 2657 3371 2697 rex.
3411 2640 3533 2696 Non

1939 2736 2089 2810 quod
2148 2751 2379 2807 regnum
2429 2737 2714 2800 invaserit,
2770 2734 2867 2790 sed
2914 2732 3079 2790 Saule
3125 2735 3197 2789 ob
3246 2743 3535 2805 peccatum

1939 2847 2103 2889 suum
2139 2831 2381 2901 abjecto,
2419 2837 2625 2885 unctus
2658 2838 2741 2884 est
2769 2827 2940 2884 David
2974 2844 3005 2882 a
3039 2826 3317 2884 Samuele.
3340 2827 3423 2883 Ad
3453 2841 3540 2882 re-

1939 2939 2109 2997 gnum
2140 2924 2403 2979 inunctus
2428 2938 2536 2977 non
2572 2923 2757 2977 statim
2786 2937 3014 2992 regnum
3045 2921 3367 2991 occupavit;
3391 2918 3537 2973 mul-

1939 3018 2010 3074 tis
2054 3017 2258 3090 quippe
2291 3017 2453 3071 aunis
2498 3014 2650 3070 Sauli
2704 3015 2972 3070 servivit:
3007 3029 3073 3068 ac
3120 3014 3339 3068 demum
3397 3027 3535 3067 cum

1939 3105 2054 3164 Deo
2078 3108 2308 3180 placuit,
2343 3121 2573 3177 regnum
2607 3105 2762 3159 adiit.
2791 3104 3016 3159 insidiis
3046 3103 3214 3174 igitur
3239 3101 3536 3173 appeteba-

1941 3210 2031 3255 tur
2063 3216 2093 3255 a
2126 3199 2313 3264 Saule,
2356 3199 2444 3254 cui
2475 3196 2742 3252 beneﬁcia
2771 3197 3107 3264 contulerat,
3139 3194 3359 3251 insidiis
3402 3193 3539 3249 item

1942 3294 2011 3351 ab
2044 3293 2327 3359 Absalom,
2358 3291 2582 3364 proprio
2616 3289 2749 3346 ﬁlio.

2012 3496 2066 3553 9.
2110 3494 2238 3551 Haec
2269 3509 2462 3551 revera
2507 3492 2790 3563 contigere
2814 3489 3011 3546 Davidi
3038 3508 3052 3545 :
3079 3488 3172 3544 hic
3204 3500 3337 3544 vero
3368 3500 3542 3558 quas-

1942 3586 2069 3642 dam
2113 3600 2227 3657 prae
2272 3600 2333 3641 se
2371 3582 2479 3640 fert
2520 3583 2731 3641 Christi
2782 3581 3053 3637 adventus
3096 3577 3385 3648 imagines.
3428 3573 3538 3629 Par

1943 3678 2050 3735 fuit
2077 3679 2224 3734 enim
2260 3693 2551 3749 proavum,
2578 3675 2899 3749 pronepotis
2930 3674 3016 3730 sui
3048 3672 3263 3742 aliquas
3289 3669 3543 3741 proferre

1944 3770 2361 3828 similitudines.
2405 3788 2427 3821 ι
2456 3768 2616 3825 Liber
2649 3766 3021 3840 generationis
3049 3763 3179 3820 Jesu
3226 3761 3433 3818 Christi
3473 3759 3538 3816 ll-

1943 3866 2001 3921 lii
2053 3863 2223 3919 David
2266 3864 2334 3919 ³⁰.
2379 3882 2399 3915 ι
2435 3861 2544 3918 Sed
2587 3862 2645 3916 in
2694 3862 2868 3916 altero
2912 3873 3096 3938 rerum
3146 3853 3539 3913 similitudines

1946 3973 2060 4014 non
2111 3957 2354 4029 aequales
2406 3965 2556 4012 sunt.
2594 3954 2727 4011 Esto
2780 3952 2985 4008 similis
3027 3965 3224 4007 servus
3265 3947 3539 4013 Domino;

1945 4064 2057 4106 non
2107 4059 2288 4105 tamen
2336 4063 2436 4119 par
2470 4049 2595 4114 erit,
2637 4047 2768 4102 licet
2807 4045 3003 4100 habeat
3031 4042 3307 4119 quasdam!
3343 4037 3544 4094 simili-

1947 4143 2189 4199 tudines.
2222 4140 2422 4197 Pastor
2452 4139 2647 4205 David,
2686 4146 2877 4210 pastor
2907 4137 3038 4192 item
3072 4135 3355 4190 Christus.
3377 4150 3396 4182 ι
3425 4129 3541 4201 Ego

1948 4251 2093 4302 sum,
2136 4253 2155 4287 ι
2189 4235 2388 4306 inquit,
2420 4252 2438 4285 ι
2465 4240 2654 4304 pastor
2685 4232 2866 4287 bonus
2888 4230 2970 4297 ³¹;
3006 4248 3024 4281 ι
3060 4227 3157 4283 sed
3204 4231 3394 4296 pastor
3448 4223 3541 4278 ille

1947 4327 2246 4399 pecudum,
2300 4326 2392 4381 hic
2442 4333 2631 4396 pastor
2679 4325 3010 4378 animarum.
3062 4318 3269 4375 Rerum
3318 4314 3542 4388 quidem

1950 4419 2273 4484 similitudo,
2300 4418 2396 4474 sed
2422 4432 2676 4489 magnum
2700 4415 3000 4472 discrimen
3030 4408 3335 4483 dignitatis.
3374 4405 3542 4462 Unin

241 4515 331 4568 ειδ
359 4496 445 4578 είς
479 4513 708 4586 βασιλέα
734 4512 993 4585 Σαμουὴλ
1025 4514 1055 4566 6
1085 4512 1284 4584 ἱερεὺς,
1323 4511 1588 4566 ἐϐάπτισε
1634 4511 1731 4565 και
1754 4511 1835 4565 τὸν

1951 4511 2214 4568 Davidem
2265 4512 2322 4566 in
2374 4526 2557 4582 regem
2607 4507 2870 4566 sacerdos
2925 4504 3149 4561 Samuel
3191 4496 3545 4571 :;haptizavit

222 4607 480 4681 _£mﬁ';pa
536 4608 567 4660 6
626 4606 918 4678 Ἰωάννης,
979 4606 1057 4671 ὡς
1104 4606 1286 4678 ἱερεὺς
1354 4604 1432 4659 ὢν
1490 4604 1588 4658 καὶ
1641 4603 1835 4669 αὐτός·

1950 4602 2291 4659 Salvatorem
2320 4600 2586 4666 Joannes,
2612 4609 2803 4671 utpote
2832 4596 3095 4652 sacerdos
3116 4601 3171 4649 et
3196 4593 3334 4663 ipse.
3372 4587 3544 4681 Simi-

239 4699 506 4772 ὁμοιότης
541 4701 640 4771 μὲν
674 4697 784 4753 τῶν
807 4698 1167 4770 πραγμάτων,
1212 4696 1383 4769 πολλὴ
1407 4697 1464 4751 δέ
1482 4695 1715 4769 διαφορὰ
1736 4696 1835 4749 τῶν

1946 4695 2123 4750 litudo
2152 4693 2373 4765 quidem
2405 4693 2699 4747 hicrerum
2732 4697 2852 4754 est,
2889 4688 2984 4744 sed
3012 4701 3209 4757 magna
3229 4679 3542 4772 differentia

244 4770 652 4864 ὑποκειμένων.
702 4789 967 4863 Χρισθεὶς-
999 4790 1058 4843 δὲ
1102 4791 1131 4843 6
1157 4789 1323 4844 Δαϐὶδ
1352 4791 1434 4853 είς
1475 4786 1718 4859 βασιλέα,
1747 4786 1835 4858 οὐχ

1948 4798 2334 4855 personarum.
2372 4779 2581 4837 Unctus
2613 4780 2784 4835 David
2830 4780 2887 4834 in
2933 4792 3149 4849 regem,
3197 4790 3308 4829 non
3354 4770 3543 4828 statim

243 4887 366 4959 ἅμα
406 4887 627 4958 ἥρπασε
674 4884 776 4955 τὴν
836 4882 1134 4954 βασιλείαν,
1192 4881 1307 4935 ἀλλ’
1338 4882 1584 4952 ἠνείχετο
1631 4880 1848 4945 πολλοῖς

246 4983 466 5052 ἰρόνοις
493 4975 765 5032 δουλεύων
797 4973 880 5046 τῷ
900 4974 1075 5031 Σαούλ
1093 4991 1107 5005 ·
1140 4974 1235 5028 καὶ
1263 4977 1292 5028 6
1321 4974 1515 5046 Σωτὴρ
1542 4972 1699 5044 ἡμῶν
1725 4989 1849 5042 γεν-

253 5072 437 5143 νηθεὶς
462 5068 721 5141 βασιλεὺς
753 5067 863 5139 πρὸ
884 5066 993 5121 τῶν
1026 5065 1262 5131 αἰώνων,
1289 5066 1386 5119 καὶ
1417 5065 1479 5118 ού
1511 5064 1849 5137 πρόσκαιρον

253 5162 390 5234 ῑχων
424 5161 525 5233 τὴν
572 5160 877 5232 βασιλείαν,
928 5158 1066 5213 ἀλλὰ
1099 5158 1208 5232 πρὸ
1244 5157 1466 5211 πάντων
1491 5156 1600 5210 τῶν
1636 5155 1849 5211 αἰώνων

253 5251 527 5324 βασιλεὺς,
574 5253 643 5304 ἐκ
691 5248 957 5322 βασιλέως
1004 5247 1142 5302 Θεοῦ
1206 5245 1510 5320 γεννηθεὶς,
1567 5245 1842 5317 ἠνείχετοο

255 5364 275 5397 ι
297 5346 410 5415 Ούχ
434 5342 735 5416 ἁρπαγμὸν
764 5343 1009 5413 ἡγήσατο
1038 5341 1098 5395 τὺ
1128 5336 1266 5395 εἶναι
1294 5338 1387 5394 ίσα
1409 5338 1555 5410 Θεῷ·
1580 5338 1697 5392 ἀλλ’
1723 5340 1850 5392 ἐαυ-

256 5437 340 5493 τὸν
363 5438 627 5501 ἐκένωσε,
660 5435 877 5507 μορφὴν
900 5434 1085 5488 δούλου
1109 5431 1314 5496 λαϐὼν,
1352 5452 1370 5484 ι
1415 5431 1502 5487 ἵνα
1525 5430 1718 5503 τελέσῃ
1748 5430 1847 5501 τὴν

252 5527 588 5600 οίκονομίαν.
658 5525 882 5579 Ἐδίωκε
923 5524 1017 5579 τὸν
1066 5522 1232 5579 Δαϐὶδ
1274 5520 1470 5591 Σαοὺλ,
1520 5521 1714 5576 ἐδίωκε
1754 5520 1848 5574 τὸν

1949 4891 2180 4948 regnum
2223 4876 2558 4947 occupavit:
2592 4874 2787 4928 multis
2836 4872 3037 4943 quippe
3071 4869 3232 4924 annis
3277 4863 3544 4922 sustinuit

1953 4955 2104 5025 Sa'uli
2148 4968 2396 5036 servire;
2427 4966 2680 5022 Salvator
2709 4980 2929 5036 quoque
2960 4970 3150 5019 noster
3185 4959 3404 5030 genitus
3445 4972 3543 5013 rex

1951 5063 2078 5111 ante
2108 5056 2331 5119 saecula,
2362 5071 2464 5111 nec
2504 5056 2801 5125 temporale
2828 5052 3119 5125 possidens
3144 5062 3409 5120 regnum,
3442 5046 3539 5101 sed

1952 5156 2080 5205 ante
2109 5149 2298 5204 omnia
2329 5149 2531 5205 saecula
2562 5164 2660 5204 rex
2697 5164 2767 5204 ex
2802 5161 2931 5217 rege
2962 5145 3070 5199 Deo
3092 5142 3334 5214 genitus,
3366 5139 3420 5193 id
3449 5153 3546 5193 stt-

1956 5241 2153 5299 stinuit
2180 5260 2194 5296 :
2230 5260 2250 5294 ι
2278 5239 2396 5297 Non
2420 5242 2667 5312 rapinam
2697 5239 2998 5294 arbitratus
3018 5242 3103 5291 est
3123 5248 3245 5290 esse
3276 5247 3335 5287 se
3358 5245 3546 5301 aequa-

1954 5335 2061 5390 lem
2088 5332 2233 5398 Deo;
2267 5333 2364 5390 sed
2390 5333 2743 5403 semetipsum
2771 5328 3096 5392 exinanivit,
3128 5325 3363 5380 formam
3399 5323 3552 5378 servi

1955 5428 2231 5498 accipiens
2252 5426 2296 5458 ³⁸
2318 5445 2337 5478 ι
2361 5441 2376 5491 ;
2400 5433 2460 5479 ut
2477 5425 2789 5480 absolveret
2805 5421 3193 5477 oeconomiam.
3209 5415 3551 5472 Persecutus

1955 5526 2041 5577 est
2074 5519 2337 5576 Davidem
2381 5517 2535 5586 Saul,
2566 5521 2891 5590 persecutus
2918 5520 3006 5572 est
3053 5510 3338 5568 Christum
3370 5505 3549 5566 Hero-

325 5683 372 5719 "
410 5682 607 5739 Matth.
646 5697 762 5748 xu,
795 5680 867 5747 5,
900 5679 956 5735 δ.
1033 5679 1079 5712 ³ο
1116 5676 1313 5735 Matth.
1351 5694 1405 5749 t,
1447 5679 1500 5736 l.
1577 5678 1622 5714 ’ί
1664 5675 1826 5735 Joan.

1973 5677 2063 5735 11.
2143 5677 2190 5710 ³³
2229 5674 2467 5748 Philipp.
2507 5691 2547 5731 tr
2571 5714 2588 5744 ,
2626 5673 2695 5743 6,
2728 5671 2785 5731 7.

332 5867 441 5943 (3|)
471 5865 843 5942 Anglicanus,
872 5864 979 5922 ὑπὸ
1002 5861 1096 5921 τοῦ
1124 5862 1323 5923 Σαούλ.
