3872 6188
375 358 477 415 I55

1551 337 1610 393 5.
1651 330 2121 393 A‘IHANASIUS.
2166 360 2238 373 —
2275 325 2510 387 DUBIA.

3546 313 3654 369 156

372 473 490 528 des.
530 466 640 523 Sed
688 479 870 537 neque
913 461 1044 518 Saul
1083 472 1448 532 persequens.
1502 455 1698 512 Davidi
1727 454 1953 520 nocuit;

2073 449 2294 522 Κριστὸν
2334 445 2607 519 Ἡρώδης.
2625 441 2765 497 Ἀλλ’
2794 438 2919 496 οὔτε
2943 439 2973 493 6
3001 436 3176 493 Σαοὺλ
3204 434 3415 493 διώκων
3443 433 3532 489 τὸν
3552 436 3662 488 Δα-

374 574 550 630 neque
584 557 830 613 Herodes
869 567 1232 627 persequens,
1266 550 1551 607 Christum
1582 549 1742 604 laesit.
1770 545 1959 602 lusur-

372 653 515 709 rexit
544 653 601 707 in
630 648 891 705 Davidem
913 648 1176 703 Absalom
1213 645 1358 700 ﬁlius
1384 658 1541 706 suus,
1577 640 1879 698 insurrexit
1902 638 1960 694 in

375 744 717 800 Salvatorem
764 739 959 805 Judas,
1009 740 1126 809 ipse
1163 752 1383 807 quoque
1428 735 1575 791 ﬁlius
1612 732 1961 804 :discipulos

373 838 576 909 quippe
612 834 867 890 Salvator
920 845 1317 900 nonnunquam
1354 829 1497 883 ﬁlios
1532 826 1789 888 vocabat,
1838 825 1958 880 sic:

378 947 398 981 ι
430 928 570 983 Ecce
595 943 695 998 ego
726 933 781 979 et
811 925 962 979 ﬁlioli
998 923 1104 978 mei
1130 938 1272 994 quos
1299 920 1453 975 dedit
1490 920 1620 974 mihi
1648 918 1793 975 Deus
1816 919 1861 951 ³³
1891 939 1904 974 :
1938 939 1958 971 ι

375 1027 430 1075 et
460 1020 657 1075 iterum
711 1017 779 1072 ad
826 1016 1130 1085 discipulos
1173 1014 1281 1068 ait:
1318 1032 1336 1064 ι
1372 1011 1548 1065 Filioli
1572 1011 1679 1082 50
1699 1012 1761 1064 “.
1802 1030 1823 1064 ι
1860 1013 1965 1065 Lo-

375 1124 477 1164 cus
511 1116 690 1163 autem
740 1104 894 1161 exilii
944 1104 1228 1161 Absalom.
1284 1101 1476 1155 Manus
1501 1102 1749 1154 Absalom
1790 1100 1860 1164 ³⁸,
1908 1101 1965 1153 in

378 1197 526 1251 hunc
579 1196 723 1251 diem
775 1204 1149 1265 nuncupatur.
1209 1191 1329 1246 Iam
1380 1192 1536 1251 mihi,
1586 1207 1794 1260 quarso.
1842 1205 1967 1261 per-

378 1286 560 1359 pende
606 1288 867 1341 harumce
931 1302 1113 1341 rerum
1166 1292 1413 1339 exactam
1466 1284 1780 1352 imaginem.
1849 1281 1967 1335 Non

378 1379 646 1449 scriptum
671 1385 773 1442 est,
810 1376 913 1432 Pes
943 1376 1198 1432 Absalom
1218 1416 1235 1441 ,
1283 1375 1399 1439 sed,
1439 1372 1631 1428 Manus
1667 1372 1919 1426 Absalom
1948 1389 1967 1426 :

378 1486 489 1527 non
532 1472 720 1527 itidem
770 1471 946 1540 Caput
1006 1469 1287 1533 Absalom,
1341 1467 1467 1521 licet
1507 1466 1720 1536 capillis
1774 1464 1969 1535 capitis

378 1563 640 1633 perierit;
696 1561 790 1617 sed
822 1560 1016 1615 Manus
1062 1558 1335 1612 Absalom.
1404 1556 1560 1611 Prior
1595 1556 1796 1626 quippe
1870 1554 1972 1609 fuit

378 1654 560 1724 capite
602 1669 802 1708 manus
866 1668 987 1723 qua:
1031 1651 1275 1715 tradidit,
1327 1649 1483 1718 juxta
1527 1663 1709 1703 rerum
1778 1647 1972 1717 imagL

378 1762 546 1813 nem;
588 1746 685 1801 sed
739 1746 897 1816 quasi
931 1759 1175 1814 egressa,
1212 1758 1309 1812 per
1357 1756 1540 1795 rerum
1599 1739 1968 1809 nuncupatio-

2062 542 2148 596 διδ
2172 540 2424 611 ἔϐλαψεν,
2450 537 2582 592 οὗτε
2617 533 2862 609 Ἡρώδης
2892 531 3103 586 διώκων
3121 530 3215 585 τὸν
3235 529 3469 604 Χριστὸν
3493 527 3661 580 ἐϐλα-

2055 636 2181 707 ψεν.
2213 631 2516 703 Ἐπανέστη
2542 628 2622 701 τῷ
2653 626 2819 681 Δαϐὶδ
2861 623 3218 695 ’Δϐεσσαλὼμ
3248 623 3364 687 υἱὸς
3393 620 3469 676 ὢν
3489 637 3505 653 ·
3556 622 3663 673 ἐπ-

2062 727 2268 797 ανέστη
2297 723 2376 796 τῷ
2408 722 2622 794 Σωτῆρι
2661 720 2860 783 Ἰούδας
2884 717 3001 781 υἰδς
3026 716 3102 771 ὣν
3137 718 3232 771 καὶ
3259 716 3422 782 αὐτὸς
3462 714 3658 779 ἄλλος’

2063 820 2193 883 τοὺς
2241 816 2351 890 γὰρ
2400 813 2653 888 μαθητὰς
2693 809 2832 866 οἶδεν
2863 814 2893 866 6
2936 811 3129 883 Σωτὴρ
3163 807 3453 881 ὀνομάζειν
3482 807 3667 871 υἱοὺς,

2064 912 2275 982 λέγων’
2328 929 2347 962 ι
2382 908 2512 964 ’1δοὺ
2554 905 2666 977 ἐγὼ
2706 905 2802 961 καὶ
2843 904 2914 958 τά
2956 903 3164 968 παιδία,
3201 902 3238 957 ἃ
3263 920 3354 974 μοι
3399 900 3601 955 ἔδωκεν
3636 907 3669 954 ἰ,

2065 1001 2198 1067 Θεός
2222 1019 2235 1033 ο
2268 1020 2288 1055 ι
2345 1001 2441 1056 καὶ
2472 1000 2633 1054 πάλιν
2664 999 2801 1071 πρὸς
2826 998 2954 1062 τοὺς
3004 994 3250 1069 μαθητὰς
3285 995 3469 1063 ἔλεγε,
3504 1012 3525 1046 ι
3560 993 3640 1046 Τε

2066 1096 2213 1152 κνία.
2247 1114 2265 1147 ι
2286 1095 2343 1149 '0
2371 1094 2534 1158 τόπος
2556 1093 2657 1164 τῆς
2702 1090 2979 1155 ἀπωλείας
3013 1088 3108 1143 τοῦ
3140 1086 3494 1158 Ἀϐεσσαλὼμ
3525 1084 3672 1153 Χείρ

2080 1188 2138 1242 Ἀ
2148 1188 2343 1240 ϐεσσα
2356 1184 2472 1256 ὶὼμ
2505 1186 2667 1257 μέχρι
2691 1184 2788 1255 τὴν
2813 1184 3052 1254 σήμερον
3074 1182 3340 1236 καλεῖται.
3355 1180 3464 1233 Καὶ
3497 1176 3667 1249 βλέπε

2073 1296 2162 1350 μοι
2191 1279 2287 1349 τὴν
2318 1278 2604 1350 ἀκρίϐειαν
2635 1277 2736 1347 τῆς
2787 1277 2993 1340 εἰκόνος
3030 1274 3141 1330 τῶν
3188 1274 3549 1347 πραγμάτων.
3585 1270 3669 1324 Οὐ

2069 1371 2400 1442 γέγραπται,
2435 1368 2579 1434 Ποῦς
2620 1366 2995 1439 Ἀὄεσσαλὼμ,
3029 1366 3165 1420 ἀλλά
3193 1365 3331 1435 Χεὶρ
3375 1366 3669 1420 Ἀΰεσσαρ

2070 1462 2233 1531 λώμο
2270 1463 2330 1516 οὑ
2370 1461 2686 1534 γέγραπται
2710 1459 2938 1531 Κεφαλὴ
2978 1457 3352 1530 Ἀὂεσσαλὼμ,
3412 1457 3665 1527 καίτοιγε

2073 1554 2180 1608 ἀπὸ
2195 1553 2395 1625 τριχῶν
2417 1553 2658 1623 κεφαλῆς
2674 1552 2942 1615 ἀπώλετο,
2957 1551 3092 1605 ἀλλὰ
3104 1551 3243 1620 Χείρ
3257 1546 3661 1618 Ἀϐεσσαλώμ.

2071 1645 2272 1717 Πρώτη
2301 1646 2410 1718 γὰρ
2443 1643 2566 1719 ἦνή
2596 1647 2692 1717 τῆς
2717 1645 2959 1716 κεφαλῆς
2984 1645 3126 1715 χεὶρ,
3155 1645 3189 1715 ἡ
3216 1641 3487 1713 προδοῦσα
3517 1639 3669 1695 κατά

2074 1739 2172 1809 τῆς
2212 1739 2418 1802 εἰκόνος
2458 1738 2566 1794 τῶν
2620 1738 2996 1811 πραγμάτων·
3047 1736 3161 1789 ἀλλ’
3212 1736 3288 1800 ὡς
3338 1724 3669 1804 ἐξελθούσης

376 1810 540 1899 nem,
577 1810 771 1897 manu.-
819 1810 1106 1906 Scriptura
1140 1810 1288 1903 quod
1340 1832 1582 1887 futurqu
1623 1838 1763 1894 erat,
1827 1830 1962 1884 obli-

2073 1832 2162 1885 διὰ
2180 1833 2279 1903 τῆς
2312 1832 2609 1903 ὀνομασίας
2640 1832 2748 1885 τῶν
2781 1829 3125 1902 πραγμάτων
3159 1830 3260 1901 τῆς
3287 1829 3490 1901 χειρὸς,
3524 1828 3669 1881 πλα-

377 1944 486 2000 que
536 1929 906 1998 signiﬁcavit:
942 1928 1129 1980 Manus
1157 1926 1441 1987 Absalom,
1502 1935 1556 1979 et
1604 1939 1786 1978 rerum
1831 1922 1971 1976 ima-

377 2022 531 2092 gines
557 2021 690 2086 (52).
727 2021 871 2087 Quot
907 2018 1257 2076 intercedunt
1297 2015 1687 2073 similitudines
1711 2013 1972 2069 Davidem

379 2117 522 2169 inter
548 2125 602 2169 et
629 2113 966 2179 Salvatprem
993 2113 1008 2167 ἰ
1276 2125 1280 2129 '

451 2206 539 2261 10.
585 2204 684 2260 llic
720 2206 885 2275 igitur
915 2202 1083 2257 David
1118 2219 1150 2257 a
1183 2201 1439 2257 Samnele
1469 2199 1523 2254 in
1554 2214 1734 2269 regem
1770 2205 1972 2252 unctus

377 2304 464 2352 est
503 2298 625 2351 oleo
666 2297 917 2351 sensibili
949 2296 1147 2349 :aliler
1197 2303 1381 2348 autem
1420 2304 1620 2346 unctus
1660 2297 1745 2345 est
1781 2290 1974 2343 Salva-

378 2395 508 2442 tor:
543 2402 654 2456 quo
693 2386 854 2441 modo
885 2393 939 2440 et
989 2399 1227 2455 quanam
1278 2383 1511 2445 ratione,
1553 2380 1679 2435 audi
1729 2396 1793 2435 ex
1834 2395 1973 2450 qna-

379 2481 696 2549 dragesimo
723 2486 925 2548 quarto
960 2477 1179 2531 Psalmo
1209 2495 1221 2530 :
1251 2494 1269 2527 ι
1304 2475 1566 2529 Tlironus
1608 2482 1761 2535 tuus,
1802 2470 1970 2535 Deus,

377 2572 433 2624 in
477 2570 737 2625 saeculum
776 2567 963 2623 sa:culi
1001 2566 1194 2636 :virga
1229 2565 1574 2630 directionis,
1617 2565 1768 2633 virga
1818 2561 1971 2632 regni

378 2663 481 2717 tui.
519 2660 765 2715 Dilexisti
803 2661 1076 2729 justitiam
1126 2666 1181 2712 et
1211 2658 1374 2712 odisti
1421 2657 1795 2726 iniquitatem.
1834 2653 1974 2707 Pro-

378 2761 564 2826 pterea
595 2755 752 2808 unxit
776 2765 829 2807 te
872 2752 1038 2812 Deus.
1077 2751 1221 2806 Deus
1251 2761 1398 2813 tuus,
1432 2752 1554 2804 oleo
1584 2746 1972 2805 exsultationis

378 2863 491 2918 pra:
534 2846 886 2901 consortibus
929 2845 1038 2898 tuis
1062 2844 1140 2909 ³⁶;
1176 2862 1194 2894 ι
1242 2858 1310 2897 ne
1356 2858 1423 2897 ex
1467 2842 1633 2896 simili
1675 2841 1968 2904 vocabulo,

378 2939 659 2992 unctionis
708 2937 1079 3007 aaqualitatem
1122 2944 1348 3004 putares
1376 2949 1501 2989 esse
1545 2935 1600 2987 in
1645 2934 1714 2988 iis
1765 2934 1967 2989 verbis.

382 3028 594 3087 Unctus
620 3040 705 3085 cst
744 3028 940 3090 David,
981 3038 1179 3082 unctus
1209 3036 1292 3082 est
1318 3037 1371 3081 et
1405 3025 1701 3081 Christus:
1735 3026 1829 3081 sed
1880 3025 1973 3081 ille

2073 1924 2205 1994 γίως
2231 1926 2470 1997 ἐμήνυσε
2516 1925 2577 1978 τὸ
2614 1924 2872 1995 ἐσόμενον
2905 1927 2938 1997 ἡ
2981 1924 3205 1997 Γραφή·
3244 1921 3381 1992 Χείρ
3455 1921 3671 1976 Ἀϐεσ-

2072 2016 2318 2087 σαλὼμ,
2377 2016 2600 2077 καὶτῶν
2636 2018 2979 2089 πραγμάτων
3015 2016 3241 2079 εἰκόνες.
3280 2016 3450 2079 Ὅσας
3483 2014 3672 2087 ὁμοιό-

2072 2125 2243 2179 τητας
2267 2108 2378 2179 ἔχει
2405 2112 2433 2163 6
2473 2108 2638 2163 Aa6t6
2664 2108 2801 2180 πρὸς
2822 2109 2914 2162 τὸν
2944 2109 3176 2181 Σωτῆρα
3201 2108 3216 2161 l

2149 2203 2234 2257 10.
2254 2196 2424 2267 Οὗτος
2453 2202 2631 2256 τοίνυν
2655 2205 2683 2257 ὁ
2715 2201 2898 2266 Δαδὶδ,
2927 2201 3169 2273 χρισθεὶς
3196 2200 3277 2263 εἰς
3309 2197 3532 2270 βασιλέα
3558 2197 3673 2252 ὑπὸ

2072 2297 2170 2352 τοῦ
2216 2295 2493 2368 Σαμουὴλ,
2543 2294 2708 2366 ἐλαίῳ
2741 2292 2987 2365 αἰσθητῷ
3013 2309 3026 2324 ’
3090 2292 3267 2355 ἄλλως
3299 2290 3358 2343 δὲ
3404 2292 3433 2344 6
3471 2290 3671 2359 Σωτὴρ

2071 2388 2229 2461 ἡμῶν
2261 2387 2512 2461 ἐχρίσθη.
2548 2386 2672 2449 Πῶς
2698 2387 2792 2440 καὶ
2818 2386 2944 2439 τίνα
2975 2387 3196 2458 τρόπον,
3227 2383 3392 2438 ἄκουε
3421 2381 3516 2435 τοῦ
3538 2399 3672 2434 τεσ-

2074 2480 2414 2553 σαρακοστοῦ
2458 2480 2723 2550 τετάρτου
2750 2478 2982 2549 Ψαλμοῦ
3020 2478 3303 2545 λέγοντος·
3347 2495 3366 2528 ι
3389 2477 3446 2530 '0
3478 2475 3673 2544 θρόνος

2076 2591 2191 2636 σου,
2229 2575 2257 2626 6
2283 2573 2435 2636 Θεὸς,
2464 2573 2545 2636 εἰς
2569 2570 2659 2624 τὸν
2699 2570 2872 2625 αἰῶνα
2901 2570 2996 2623 τοῦ
3028 2569 3251 2634 αἰῶνος
3285 2569 3478 2640 ῥάὅδος
3502 2567 3670 2620 εὐθύ-

2071 2683 2233 2737 τητος
2286 2667 2320 2735 ἡ
2379 2664 2574 2737 ῥάϐδος
2654 2666 2755 2735 τῆς
2833 2662 3110 2733 βασιλείας
3170 2679 3285 2716 σου.
3343 2660 3674 2730 Ἦγάπησας

2072 2756 2443 2827 δικαιοσύνην,
2475 2756 2568 2809 καὶ
2593 2754 2865 2826 ἐμίσησας
2895 2753 3145 2825 ἀνομίαν.
3176 2753 3275 2806 Διὰ
3306 2752 3463 2805 τοῦτο
3481 2751 3672 2822 ἓχρισέ

2076 2870 2136 2906 σε
2161 2900 2164 2904 .
2189 2854 2216 2906 6
2258 2851 2411 2916 Θεὸς,
2444 2853 2472 2905 6
2532 2850 2664 2913 Θεός
2720 2866 2814 2902 σου
2869 2848 3046 2902 ἔλαιον
3082 2847 3457 2917 ἀγαλλιάσεως
3512 2843 3673 2916 παρά

2073 2946 2200 3008 τοὺς
2231 2943 2492 3015 μετόχους
2521 2958 2615 2994 σου
2640 2958 2653 2971 ·
2692 2961 2711 2994 ο
2766 2942 2854 2995 ἵνα
2891 2944 2964 3013 μὴ
2994 2943 3060 3011 τῇ
3093 2937 3398 3010 ὁμοιολεξίᾳ
3418 2940 3518 3008 τῆς
3546 2935 3675 3006 χρί-

2076 3054 2213 3100 σεως
2242 3035 2509 3106 ἰσοτιμίαν
2536 3034 2768 3106 νομίσῃς
2810 3030 2950 3087 εἶναι
2977 3033 3085 3086 τῶν
3112 3032 3438 3102 λεγομένων.
3487 3028 3674 3098 Ἐχρί-

379 3122 453 3177 ab
476 3123 720 3183 homine,
759 3122 847 3175 hic
883 3137 912 3173 a
947 3119 1106 3177 Patre
1151 3128 1354 3173 unctus
1391 3126 1516 3173 est:
1550 3127 1743 3188 estque
1783 3119 1968 3175 unctio

2076 3128 2176 3200 σθη
2200 3127 2388 3192 Δαϐὶδ,
2413 3125 2638 3199 ἐχρίσθη
2664 3127 2757 3179 καὶ
2778 3126 2806 3178 6
2823 3125 3058 3198 Χριστός
3078 3141 3092 3154 ⁸
3118 3123 3231 3177 ἀλλ’
3258 3125 3286 3177 6
3319 3124 3416 3194 μὲν
3439 3119 3668 3192 ἐχρίσθη

381 3213 474 3270 illa
531 3214 857 3278 iueﬁ‘abilis,
924 3229 1125 3284 resque
1188 3214 1295 3267 illa:
1358 3212 1970 3283 incmnprehensibiles.

381 3303 563 3373 Quare
593 3310 669 3359 ait
700 3305 990 3359 Psalmista
1018 3324 1032 3358 :
1072 3322 1090 3355 ι
1124 3302 1257 3358 Oleo
1286 3305 1676 3361 exsultationis
1708 3321 1819 3376 prae
1848 3322 1976 3360 con-

380 3400 625 3455 sortibus
679 3398 810 3452 tuis.
844 3417 862 3448 ι
924 3397 1223 3451 Consortes
1280 3397 1495 3451 scilicet
1557 3397 1971 3463 similitudinis,

380 3492 513 3561 quin
544 3505 730 3560 parem
763 3489 1003 3542 habeant
1034 3490 1378 3544 unctionem.
1409 3488 1624 3560 Ubique
1647 3490 1793 3544 enim
1820 3490 1972 3545 simi-

381 3582 672 3637 litudinem
726 3583 944 3646 retinet,
991 3588 1045 3635 et
1099 3580 1473 3649 praestantiam
1524 3580 1603 3635 rei
1659 3590 1968 3635 conservat.

380 3671 553 3727 David
601 3674 787 3742 itaque
828 3684 1029 3727 unctus
1059 3687 1088 3724 a
1122 3671 1399 3734 Sainuele,
1448 3672 1698 3741 privatus
1725 3671 1967 3726 mansit:

382 3766 515 3821 Saul
552 3783 700 3831 vero,
735 3768 1097 3838 transgressis
1141 3766 1234 3821 Dei
1260 3768 1569 3837 praeceptis,
1605 3767 1821 3836 impuro
1860 3764 1973 3837 spir-

380 3858 511 3912 ritui
546 3857 783 3911 traditus
827 3870 930 3911 est.
977 3856 1254 3911 Psallebat
1290 3855 1481 3918 David,
1517 3855 1854 3925 pastoralem
1888 3863 1970 3909 te-

381 3961 521 4001 nens
551 3948 844 4008 citharam,
871 3941 927 4001 iri
956 3947 1305 4015 desertisque
1333 3945 1540 4014 degens
1568 3944 1726 4011 locis,
1750 3945 1971 3999 nemine

382 4038 605 4107 quicum
636 4037 982 4092 l‘ahnlaretnr
1011 4046 1302 4107 praesente.
1351 4037 1632 4092 Citharam
1674 4037 1968 4107 compegit,

377 4145 447 4186 ex
503 4130 665 4199 cujus
711 4132 1021 4200 pulsatione
1070 4138 1125 4184 et
1174 4137 1445 4185 concentu
1499 4129 1612 4184 duo
1665 4129 1719 4183 in
1776 4128 1971 4198 primis

379 4221 865 4290 consequebatur:
904 4221 1218 4289 hujusmodi
1263 4236 1402 4275 sono
1437 4220 1684 4275 locorum
1718 4218 1971 4275 solitudi-

378 4326 503 4366 nem
544 4312 852 4382 mitigabat,
896 4327 997 4365 nec
1032 4311 1087 4365 in
1141 4312 1445 4366 dissolutas
1484 4313 1769 4366 cautiones
1819 4311 1971 4365 dela-

380 4404 644 4468 bcbatur,
697 4404 790 4459 sed
841 4405 1080 4474 psalmus
1130 4404 1385 4467 canebat,
1431 4419 1665 4474 quorum
1726 4405 1969 4458 modula-

2076 3218 2181 3271 ὑπὸ
2204 3217 2514 3290 ἀνθρώπου,
2541 3219 2570 3270 6
2595 3217 2652 3269 δὲ
2681 3215 2904 3287 ἑχρίσθη
2932 3219 2995 3269 ἐκ
3030 3214 3243 3287 Πατρός
3261 3230 3277 3244 °
3306 3213 3400 3266 καὶ
3426 3213 3459 3283 ἡ
3485 3209 3671 3290 χρίσις

2074 3310 2483 3383 ἀνεκδιήγητος,
2522 3309 2617 3362 καὶ
2672 3307 3037 3378 ἀκατάληπτα
3091 3306 3162 3360 τὰ
3213 3304 3536 3376 πράγματα.
3566 3300 3673 3354 Διά

2074 3401 2233 3455 τοῦτο
2254 3400 2403 3471 λέγει
2432 3402 2460 3454 6
2478 3398 2780 3471 Ψαλμῳδός
2796 3415 2810 3428 ο
2836 3416 2854 3450 ι
2870 3399 3090 3452 Ἔλαιον
3120 3391 3491 3466 ἀγαλλιάσεως
3514 3390 3673 3461 παρά

2073 3495 2199 3557 τοὺς
2234 3492 2496 3565 μετόχους
2551 3509 2668 3547 σου.
2714 3511 2732 3544 ι
2779 3488 2891 3563 Τῆς
2938 3488 3256 3561 ὁμοιότητός
3284 3488 3389 3539 εἰσι
3426 3485 3671 3556 μέτοχοι,

2072 3584 2133 3636 οὑ
2159 3582 2265 3656 μὴν
2293 3582 2535 3654 ἰσότιμον
2566 3582 2750 3654 ἔχουσι
2774 3581 2873 3654 τὴν
2895 3582 3103 3654 χρίσιν·
3132 3577 3408 3649 πανταχοῦ
3433 3577 3541 3647 γὰρ
3572 3575 3673 3628 xa‘t

2074 3675 2173 3747 τὴν
2204 3674 2499 3747 ὁμοιότητα
2523 3678 2701 3747 τηρεῖ,
2756 3675 2850 3728 καὶ
2876 3673 2937 3727 τὸ
2964 3672 3233 3745 ὑπερέχον
3264 3671 3356 3724 τοῦ
3402 3668 3670 3739 πράγμα-

2071 3785 2164 3831 τος
2190 3767 2466 3838 φυλάττει.
2519 3767 2578 3821 Ὀ
2607 3766 2785 3820 τοίνυν
2812 3765 3005 3831 Δαϐὶδ,
3030 3765 3276 3837 χρισθεὶς
3300 3763 3405 3817 ὑπὸ
3436 3761 3529 3815 τοῦ
3563 3761 3677 3813 Σα-

2077 3857 2271 3929 μουὴλ,
2308 3856 2504 3929 ἔμενεν
2533 3857 2617 3927 ἐφ’
2653 3856 2867 3910 ἐαυτοῦ.
2906 3858 2962 3911 '0
2994 3856 3049 3910 δὲ
3077 3854 3270 3918 Σαοὺλ,
3302 3852 3555 3926 παραϐὰς
3580 3853 3675 3906 ἐν-

2070 3949 2228 4012 τολὰς
2243 3948 2686 4020 Θεοῦ,πνεὺματι
2717 3949 3013 4021 ἀκαθάρτῳ
3033 3945 3573 4021 παρεδόθη.Ἒψαλλε
3607 3944 3673 3998 δὲ

2071 4043 2100 4095 6
2125 4041 2311 4107 Aa6‘t6,
2348 4042 2445 4096 καὶ
2478 4041 2711 4113 κιθάραν
2755 4037 2869 4112 εἶχε
2905 4041 3251 4111 ποιμενικὴν,
3310 4040 3403 4092 καλ⁸
3432 4039 3489 4091 ἐν
3534 4037 3677 4109 ἐρή-

2075 4151 2196 4204 μοις
2237 4133 2461 4203 διάγων,
2512 4134 2606 4187 καὶ
2634 4133 2734 4185 οὑκ
2789 4132 2930 4203 ἒχων
2967 4133 3111 4185 τίσιν
3151 4129 3463 4204 ἀνθρώποις
3489 4128 3677 4182 διαλε-

2072 4224 2267 4296 χθῆναι
2291 4242 2304 4255 ·
2329 4225 2424 4278 καὶ
2443 4224 2674 4295 κιθάραν
2695 4224 3028 4297 πηξάμενος,
3047 4222 3142 4277 καὶ
3162 4222 3251 4276 διὰ
3272 4222 3366 4275 τοῦ
3395 4220 3679 4292 ἀνακρού-

2073 4319 2228 4373 εσθαι
2273 4318 2344 4373 τὰ
2373 4319 2509 4390 μέλη
2537 4319 2632 4373 δύο
2671 4320 2986 4391 εἰργάζετο·
3036 4318 3406 4391 παρεμυθεῖτο
3431 4315 3540 4388 γάρ
3570 4318 3687 4371 καὶ

2070 4410 2161 4464 διὰ
2192 4411 2287 4464 τοῦ
2311 4411 2450 4482 ἤχου
2473 4412 2534 4464 τὸ
2566 4411 2676 4465 τῶν
2706 4413 2885 4466 τόπων
2918 4412 3147 4485 ἔρημον,
3178 4411 3239 4464 οὑ
3266 4408 3369 4481 μὴν
3403 4411 3485 4472 εἰς
3510 4407 3681 4462 ἔκλυ-

377 4498 528 4552 tione
557 4497 953 4561 delectaretur,
992 4503 1048 4552 et
1077 4499 1278 4567 pietate
1309 4498 1617 4566 juvaretur.
1662 4494 1727 4550 Et
1758 4498 1958 4567 psalle-

2073 4518 2134 4555 τα
2175 4502 2431 4569 ἐξέπιπτε
2469 4502 2625 4574 μέλη,
2655 4502 2792 4556 ἀλλὰ
2837 4502 3087 4575 ψαλμοὺς
3143 4498 3290 4576 ᾖδεν,
3340 4501 3428 4555 ἵνα
3481 4501 3687 4574 τέρπῃ

375 4588 472 4645 bat
526 4591 581 4643 in
664 4591 900 4643 desertis
957 4605 972 4643 :
1024 4607 1043 4640 ι
1076 4589 1410 4644 Altitudines
1476 4588 1751 4642 montium
1813 4588 1963 4644 illius

2076 4597 2176 4669 μὲν
2204 4595 2265 4650 τὸ
2299 4594 2516 4667 εὔηχον,
2547 4595 2730 4667 ὠφελῇ
2765 4595 2823 4648 δέ
2848 4594 2908 4648 τὸ
2934 4592 3177 4657 εὐσεϐές.
3204 4593 3315 4646 Καὶ
3346 4591 3573 4661 ἔψαλλεν
3606 4594 3674 4646 ἐν

358 4690 506 4739 ‘sunt
531 4683 575 4715 ⁸⁷
603 4700 616 4738 :
654 4701 674 4735 ο
712 4681 948 4737 addebat
977 4683 1110 4737 illud
1143 4701 1156 4737 :
1194 4701 1213 4734 ι
1242 4682 1387 4737 Inter
1422 4682 1661 4738 medium
1694 4683 1962 4737 montium

2073 4694 2193 4755 ταῖς
2237 4693 2466 4763 ἐρήμοις
2508 4690 2702 4759 λέγων,
2753 4690 2833 4743 ὅτι
2879 4688 2975 4742 καὶ
3015 4707 3035 4739 ‹
3073 4688 3154 4740 Τά
3193 4686 3302 4757 ὕψη
3340 4686 3449 4739 τῶν
3489 4685 3681 4758 ὁρέων

377 4777 796 4848 pertransibunt
822 4791 1002 4847 aquae,
1026 4784 1080 4832 et
1102 4778 1371 4846 potabunt
1394 4776 1795 4831 omneshestia:
1821 4775 1959 4846 agri.

2073 4780 2236 4835 αὑτοῦ
2261 4785 2375 4835 ἐστι
2399 4798 2414 4812 ο
2448 4801 2467 4833 ι
2490 4779 2788 4854 προσετίθη
2823 4779 2880 4832 δέ
2916 4778 3076 4833 πάλιν
3102 4796 3114 4808 ⁸
3151 4796 3170 4829 ι
3196 4776 3323 4831 Ἀνά
3359 4776 3521 4849 μέσον
3550 4775 3672 4830 τῶν

375 4867 557 4939 Super
582 4884 678 4924 eos
725 4871 974 4925 volucres
1005 4870 1129 4923 caeli
1175 4868 1500 4922 habitabant
1523 4868 1591 4921 ³⁸.
1627 4886 1645 4919 ι
1685 4866 1960 4924 Psallebat

2073 4867 2237 4938 ὁρέων
2260 4867 2593 4922 διελεύσεται
2630 4867 2818 4930 ὕδατα,
2856 4868 2951 4921 καὶ
2987 4866 3229 4921 ποτιοῦσι
3258 4868 3436 4921 πάντα
3468 4866 3535 4919 τὰ
3562 4865 3672 4938 θη-

374 4959 443 5015 de
474 4962 712 5023 homine.
746 4961 833 5014 his
856 4960 1042 5015 verbis
1076 4978 1090 5015 :
1125 4977 1144 5009 ι
1180 4957 1375 5014 Omnia
1413 4958 1699 5027 subjecisti
1736 4959 1842 5013 sub
1872 4974 1960 5029 pe-

2073 4961 2160 5032 ρία
2206 4959 2298 5013 τοῦ
2351 4960 2544 5033 ἀγροῦ.
2595 4960 2711 5013 Ἐπ’
2744 4959 2882 5014 αὑτά
2926 4959 2993 5013 τά
3043 4960 3267 5014 πετεινὰ
3304 4958 3398 5012 τοῦ
3429 4956 3671 5030 οὑρανοῦ

374 5052 537 5107 dibus
581 5052 726 5119 ejus,
758 5067 888 5108 oves
917 5060 971 5105 et
1006 5052 1173 5106 boves
1208 5050 1498 5105 universas
1525 5049 1593 5103 θ’.
1625 5067 1645 5102 ι
1680 5048 1957 5105 Psallebat

2073 5052 2504 5124 κατασκηνώσει.
2544 5072 2562 5103 ι
2596 5052 2833 5122 Ἔψαλλε
2865 5052 2934 5106 τὰ
2962 5053 3090 5126 περὶ
3122 5052 3216 5107 τοῦ
3249 5051 3560 5124 ἀνθρώπου,
3579 5051 3675 5104 λέ-

373 5146 603 5215 insuper
633 5145 907 5200 mirabilia
941 5144 1032 5198 Dei
1073 5159 1264 5214 opera.
1298 5142 1472 5197 Porro
1510 5157 1635 5197 cum
1668 5152 1956 5212 torquere-

2073 5160 2173 5212 γων
2194 5160 2207 5174 ·
2252 5163 2269 5195 ι
2309 5146 2497 5198 Πάντα
2528 5143 2802 5208 ὑπέταξας
2831 5144 3091 5198 ὑποκάτω
3119 5143 3229 5196 τῶν
3262 5143 3437 5196 ποδῶν
3470 5140 3667 5205 αὑτοῦ,

372 5245 458 5291 tur
495 5236 626 5292 Saul
667 5239 735 5291 ab
768 5239 984 5309 impuro
1014 5238 1234 5308 spiritu,
1276 5235 1537 5290 indicavit
1567 5234 1700 5289 illud
1730 5234 1954 5304 quidam

2073 5236 2312 5309 πρόϐατα
2342 5237 2437 5290 καὶ
2464 5236 2591 5307 βόας
2618 5235 2885 5300 ἁπάσας.»
2922 5238 3042 5290 Ἔτι
3078 5235 3135 5288 δὲ
3170 5236 3266 5289 καὶ
3302 5235 3369 5288 τὰ
3398 5233 3493 5287 τοῦ
3519 5232 3667 5287 Θεοῦ

374 5325 576 5382 Sauli-2
607 5342 731 5400 qua:
771 5343 941 5385 causa
975 5326 1077 5382 fuit
1121 5335 1181 5384 ut
1233 5336 1608 5384 arcesseretur
1656 5324 1848 5381 David.
1888 5324 1956 5378 Et

2073 5326 2160 5381 ὂαυ
2169 5330 2450 5403 ματουργή
2460 5346 2608 5401 ματα
2636 5327 2852 5400 ἔψαλλε.
2881 5325 3251 5399 Ὀδυνωμένου
3280 5325 3338 5379 δὲ
3362 5323 3456 5378 τοῦ
3485 5322 3671 5378 Σαοὺλ

444 5541 632 5623 5315a.
663 5569 799 5623 vm,
833 5548 901 5608 l8
947 5549 949 5552 ⁴
995 5547 1236 5610 ³⁸10³11.
1274 5569 1406 5617 xm,
1443 5553 1529 5611 55.

1634 5552 1677 5585 ³³
1717 5551 1761 5607 ll
1795 5551 1930 5624 Reg.
1988 5565 2161 5617 xvnt,
2217 5547 2304 5604 18.

374 5623 423 5657 ³³
458 5622 605 5681 Psal.
639 5638 764 5691 cm,
786 5622 891 5681 ⁷10.
930 5625 976 5658 ³⁸
1014 5624 1162 5683 Psal.
1194 5641 1325 5693 vm.
1360 5628 1414 5682 8.
1482 5698 1488 5705 O

2429 5547 2474 5636 ξε
2512 5545 2658 5605 Psal.
2695 5560 2842 5611 mv,
2898 5543 2953 5611 7,
2989 5542 3044 5600 8.
3144 5540 3190 5575 "
3229 5539 3376 5598 1³3³1-
3412 5552 3562 5606 XC":
3596 5536 3663 5597 4ο

448 5779 563 5849 (32)
599 5778 883 5837 Obscurus
914 5780 1090 5836 locus.
