3890 6200
150 376 302 434 :151

1494 390 1778 457 HOMILIA
1821 392 1908 447 DE
1947 393 2289 453 SEMENTE.

3354 404 3461 464 158

181 494 303 550 ὑπὸ
330 495 433 550 τοῦ
458 497 771 568 πνεύματος
813 500 908 555 τοῦ
935 502 1278 577 ἀκαθάρτου,
1328 505 1535 575 γίνεται
1568 524 1652 572 τις
1684 524 1772 579 μη-

1896 510 2336 582 quotieseuuque
2362 510 2597 569 irrueret
2628 513 2682 567 in
2711 528 2834 568 eum
2859 515 3086 586 spiritus
3119 516 3316 581 malus,
3352 533 3463 573 ac—

179 587 361 659 νοτὴς
378 589 461 658 τῷ
490 589 663 643 Σαούλ
679 606 695 621 ·
726 593 825 647 καὶ
854 593 1026 666 τούτῳ
1048 595 1126 666 τῷ
1145 596 1332 669 τρόπῳ
1351 599 1597 653 καλεῖται
1629 600 1658 653 6
1677 600 1782 651 Δα-

179 678 295 732 ϐίδ.
333 680 452 732 Καὶ
490 681 683 745 ὁσάκις
709 682 989 737 ἐπετίθετο
1018 685 1166 757 αὐτῷ
1186 687 1248 740 τὸ
1277 688 1494 761 πνεῦμα
1518 690 1580 743 τὸ
1612 706 1780 761 πονη-
1812 728 1817 735 α

181 771 313 841 ρδν,
350 770 652 842 λαμϐάνων
683 774 784 845 τὴν
832 775 1063 847 κιθάραν
1111 780 1141 831 6
1185 779 1379 846 Δαϐὶδ,
1437 780 1779 852 ἀνεκρούετο,

176 859 415 928 ψάλλων
439 862 535 915 καί
562 860 768 933 ὕμνους
787 863 958 933 λέγων
980 866 1058 937 τῷ
1076 866 1218 938 Θεῷ.

260 952 357 1007 li.
391 954 487 1023 Μὴ
514 954 625 1026 γάρ
652 972 745 1025 μοι
774 956 876 1026 τῆς
896 956 1124 1029 κιθάρας
1149 960 1476 1030 μνημόνευε,
1518 962 1654 1017 ἀλλά
1684 963 1780 1017 τοῦ

176 1042 540 1115 ψει-λλομένου
559 1063 574 1077 ’
610 1047 769 1118 μηδὲ,
803 1049 1055 1120 ἀρπάσας
1080 1050 1150 1104 τὰ
1175 1053 1418 1123 ῥήματα,
1449 1057 1529 1119 είς
1559 1054 1782 1128 θεατρο-

184 1139 387 1204 μανεῖς
410 1139 661 1211 ὲμπέσῃς
689 1139 902 1210 ἡδονάς,
930 1142 1083 1206 ἀλλὰ,
1103 1133 1482 1216 μνημονεύσας
1506 1148 1612 1201 τῶν
1639 1149 1775 1218 ψαλ-

186 1226 333 1296 μῶν,
362 1232 433 1299 τῇ
467 1230 764 1302 Ἐκκλησία
787 1234 1090 1305 παράμενε.
1116 1236 1209 1299 Εἰς
1230 1239 1417 1307 χεῖρας
1441 1238 1620 1293 τοίνυν
1641 1239 1781 1311 λαμ-

183 1317 376 1372 ϐάνων
402 1319 505 1390 τὴν
528 1321 758 1392 κιθάραν
781 1323 810 1374 ὀ
837 1323 1022 1386 Δαϐὶδ,
1047 1324 1140 1378 καὶ¹
1168 1323 1384 1393 ψάλλων
1416 1325 1494 1395 τῷ
1514 1326 1655 1397 Θεῷ,
1688 1326 1779 1380 τὸν

182 1409 459 1479 πνίγοντα
500 1412 732 1484 δαίμονα
772 1414 1101 1485 ἀπήλαυνεν.
1154 1417 1220 1468 Ὢ
1267 1417 1510 1488 μεγάλης
1549 1417 1779 1489 ψαλμῶν

182 1501 511 1572 δυνάμεωςῑ
546 1504 620 1557 Τὺ
641 1503 858 1575 πνεῦμα
886 1504 946 1557 τὸ
975 1504 1283 1577 ἀκάθαρτον
1313 1506 1505 1575 πνίγον
1532 1507 1780 1578 ἀοράτως

182 1595 473 1663 ἐπνίγετο,
505 1597 601 1649 καὶ
630 1596 900 1667 ἀνέψυχεν
927 1599 956 1651 6
987 1596 1179 1650 Σαούλ.
1226 1596 1470 1665 Ἐφθόνει
1500 1598 1556 1651 δὲ
1579 1597 1657 1669 τῷ
1675 1600 1779 1652 Δα-

181 1685 275 1739 ϐὶδ
303 1686 402 1740 διὰ
441 1688 654 1740 τοιάνδε
693 1688 968 1742 ὑπόθεσιν.
1012 1687 1320 1757 Ἀλλόφυλοί
1365 1705 1492 1742 ποτε
1524 1688 1780 1742 ἐπέθεντο

180 1776 264 1848 τῷ
286 1777 442 1846 γένει
464 1778 577 1831 τῶν
608 1777 874 1849 Ἑϐραίων
894 1797 908 1812 ο
945 1779 1038 1832 καί
1062 1796 1148 1842 τις
1194 1778 1387 1833 Γολιὰο
1415 1778 1779 1850 παμμεγέθης

1888 609 2048 669 cepta
2083 598 2251 654 David
2288 602 2497 656 cithara
2538 602 2810 672 pulsabat,
2845 603 3083 675 psalmos
3121 606 3461 679 hymnosque

1889 685 2003 744 Deo
2031 689 2353 749 decantans.

1957 956 2046 1011 Η.
2093 955 2173 1013 Ne
2201 957 2334 1011 mihi
2363 958 2506 1013 enim
2532 960 2642 1030 jam
2665 960 2890 1015 cithara:
2910 960 3245 1016 mentionem
3266 960 3460 1027 facias,

1885 1046 1984 1102 sed
2022 1048 2143 1117 ejus
2176 1050 2320 1117 quod
2357 1050 2567 1104 cithara
2622 1052 2958 1107 cauebatur:
2987 1068 3121 1107 neve
3171 1068 3236 1107 ex
3277 1052 3460 1111 verbis

1890 1147 2119 1208 captans
2151 1136 2497 1195 Occasionem
2524 1142 2592 1195 ad
2626 1143 2972 1197 theatralium
3005 1145 3341 1213 voluptatum
3364 1158 3462 1197 cu-

1884 1231 2124 1301 pidinem
2161 1233 2454 1299 delabare;
2505 1234 2598 1289 sed
2631 1250 2836 1289 memor
2868 1236 3223 1302 psalmorum,
3266 1236 3317 1287 iu
3351 1233 3458 1289 Ec—

1885 1322 2053 1377 clesia
2080 1338 2324 1378 remane.
2360 1323 2580 1377 Cithara
2611 1325 2776 1394 igitur
2802 1326 3060 1380 manibus
3101 1332 3323 1393 accepta
3355 1322 3461 1377 Da-

1882 1414 1999 1475 vid,
2036 1416 2278 1485 psallens
2318 1414 2448 1474 Deo,
2483 1417 2865 1486 pra’l‘ocautem
2904 1419 3203 1469 d:emonem
3239 1431 3354 1485 pro,
3377 1415 3460 1468 ul-

1885 1505 2064 1560 sabat.
2112 1505 2157 1561 0
2202 1522 2452 1577 magnam
2493 1507 2824 1577 psalmomm
2875 1508 3167 1561 virtutem!
3218 1506 3459 1574 Spiritus

1884 1598 1975 1653 ille
2022 1598 2338 1654 immundus
2386 1599 2478 1669 qui
2521 1599 2851 1667 praefocabat
2897 1601 3084 1655 alium.
3114 1600 3373 1655 invisibili
3405 1603 3463 1652 et

1885 1687 2003 1756 ipse
2037 1686 2197 1740 modo
2228 1685 2649 1756 praefocabatur,
2684 1694 2739 1741 et
2774 1688 3077 1756 respirabat
3119 1686 3251 1742 Saul
3277 1710 3286 1740 :
3315 1689 3459 1745 invi-

1883 1779 1969 1834 dia
2001 1786 2179 1834 tamen
2208 1780 2297 1833 ille
2345 1779 2607 1848 ﬂagrabat
2637 1780 2690 1832 in
2721 1778 2997 1841 Davidem,
3035 1781 3137 1834 hac
3167 1783 3234 1836 de
3266 1797 3454 1838 causa.

183 1869 247 1921 τὸ
278 1869 467 1938 σῶμα,
524 1870 616 1922 καὶ
641 1868 847 1940 θρασὺς
878 1870 975 1941 ⁴τὴν
995 1870 1195 1941 ψυχὴν,
1233 1871 1327 1924 καὶ
1364 1869 1592 1941 φοϐερὸς
1616 1870 1772 1941 όφθῆ·

1884 1868 2155 1940 Allopbyli
2204 1868 2496 1938 aliquando
2547 1869 2863 1924 invaserant
2929 1879 3143 1941 gentem
3200 1873 3458 1928 Hebraeo‘

183 1976 296 2017 ναι,
327 1958 428 2010 ἐπὶ
466 1957 881 2029 τεσσαράκοντα
909 1959 1126 2030 ἡμέρας
1161 1958 1400 2022 ὠνείδιζε
1423 1960 1513 2013 τὸν
1544 1960 1776 2033 Ἰσραὴλ,

182 2053 281 2106 καὶ
304 2052 430 2122 ᾔτει
459 2053 543 2115 είς
573 2050 909 2121 μονομαχίαν
928 2051 1047 2114 ἕνα,
1076 2050 1276 2104 ἀσπίδα
1311 2050 1411 2121 μὲν
1447 2050 1775 2122 παμμεγεθη

183 2142 599 2215 περικείμενος,
653 2141 780 2213 δόρυ
820 2141 877 2194 δὲ
922 2140 1139 2208 ἐξελὼν,
1181 2142 1276 2196 καὶ
1317 2141 1554 2212 φοϐερὰς
1587 2143 1779 2214 κνημί-

182 2236 315 2299 δας*
348 2236 449 2288 καὶ
495 2237 543 2288 oi
577 2233 867 2304 βλέποντες
911 2234 1133 2304 ἔφυγον,
1175 2236 1271 2288 καὶ
1299 2237 1327 2288 6
1357 2234 1527 2288 Σαοὺλ
1559 2235 1774 2290 ἑδειλία.

184 2322 368 2382 Ἦκεν
416 2327 849 2398 ἐπισκεψόμενος
897 2328 1023 2391 τοὺς
1080 2327 1340 2396 ἀδελφοὺς
1383 2330 1412 2381 6
1443 2328 1627 2392 Δαίῖιδ,
1682 2329 1777 2381 καὶ

185 2420 495 2492 συμϐάλλει
520 2422 602 2484 είς
632 2421 835 2490 μάχην,
860 2422 889 2473 6
916 2421 1123 2491 γυμνὸς
1152 2420 1231 2491 τῷ
1254 2420 1480 2490 ἐνόπλῳ,
1507 2424 1535 2475 6
1563 2423 1779 2492 ἀπειρο-

188 2515 432 2587 τεόλεμος
460 2513 542 2585 τῷ
563 2512 943 2585 πολυπολέμῳ,
979 2514 1008 2564 6
1041 2514 1163 2576 νέος
1187 2512 1264 2583 τῷ
1304 2513 1487 2583 ἀνδρί’
1521 2513 1616 2566 καὶ
1644 2515 1777 2567 πάν-

186 2623 297 2661 των
329 2606 677 2675 τπηξάντων,
710 2605 805 2659 καὶ
854 2606 1078 2675 μηδενὸς
1107 2605 1413 2676 τολμῶντος
1446 2605 1771 2672 ἐπεξελθεῖν,

180 2696 353 2749 Δαϐὶδ
374 2696 697 2766 ἀναδέχεται
721 2696 811 2749 τὸν
841 2696 1092 2766 πόλεμον.
1123 2696 1292 2761 Εἰδὼς
1324 2698 1380 2750 δὲ
1410 2696 1657 2767 ἔψαλλεν,
1692 2699 1775 2751 ὅτι

178 2790 277 2844 τοῦ
309 2790 452 2843 Θεοῦ
479 2792 508 2842 ὁ
538 2789 793 2859 πόλεμος,
822 2790 916 2842 καὶ
942 2790 1023 2843 ὅτι
1053 2809 1071 2840 ι
1100 2791 1317 2862 Ψευδὴς
1345 2790 1511 2853 ἵππος
1554 2793 1636 2853 είς
1667 2808 1773 2843 σω-

179 2883 404 2954 τηρίαν,
424 2882 486 2937 ὲν
512 2881 569 2935 δὲ
597 2880 793 2951 πλήθει
812 2882 1093 2953 δυνάμεως
1111 2883 1275 2936 αὐτοῦ
1309 2884 1369 2937 οὐ
1401 2883 1720 2954 σωθήσεται.
1748 2904 1767 2935 ι

186 2975 345 3046 ’ῌδει
376 2974 413 3028 ἀ
433 2973 663 3043 ἔψαλλεν
679 2989 693 3001 °
725 2970 868 3044 εἶχεν
884 2974 1045 3028 ὅπλον
1060 2976 1312 3046 μέγιστον
1335 2976 1434 3047 τὴν
1459 2975 1659 3037 πίστιν,
1678 2977 1773 3030 καὶ

180 3065 627 3134 περικεφαλαίαν
678 3065 961 3134 περιέθετο
1013 3069 1302 3140 σωτηρίου,
1350 3070 1444 3122 καὶ
1488 3068 1771 3122 ἀναλαϐὼν

185 3158 385 3229 ῥάϐδον
410 3158 507 3211 καὶ
536 3157 847 3229 σφενδόνην,
873 3160 964 3212 τὸν
983 3160 1131 3213 λίθον
1160 3160 1531 3232 περιειλήσας,
1561 3161 1770 3230 πλήξας

179 3244 274 3301 τὸν
304 3248 601 3309 ἀντίδικον,
650 3250 928 3320 συντόμως
972 3252 1297 3321 κατήνεγκε.
1345 3251 1771 3324 Παρατρέχομεν

182 3341 292 3412 γὰρ
322 3340 393 3394 τά
420 3342 663 3412 ῥήματαο
706 3341 893 3413 ἐπειδὴ
923 3342 985 3394 οὐ
1013 3342 1170 3395 τοῦτο
1195 3343 1290 3395 νῦν
1315 3345 1431 3396 ἐστι
1459 3344 1520 3397 τὸ
1552 3346 1773 3416 προκεί-

188 3453 372 3506 μενον.
418 3437 660 3489 Ἔπεσεν
700 3438 730 3490 6
763 3438 801 3489 Γ
803 3437 955 3490 ολιὰθ
998 3439 1027 3490 6
1059 3438 1233 3508 μέγας
1267 3439 1374 3492 ὑπὸ
1414 3439 1508 3492 τοῦ
1549 3441 1771 3513 μικροῦ,

183 3530 278 3581 καὶ
322 3530 354 3581 6
403 3528 668 3600 ἔμπειρος
712 3528 819 3583 ὑπὸ
858 3529 953 3582 τοῦ
989 3531 1215 3603 ἀπείρου
1257 3532 1351 3584 καὶ
1389 3531 1771 3603 ἀφελεστέρου.

180 3620 296 3674 Καὶ
321 3619 508 3674 λαϐὼν
533 3620 703 3674 αὐτοῦ
736 3621 798 3674 τὸ
838 3621 1011 3691 ξίφος,
1048 3621 1322 3692 ἀπέτεμεν
1352 3622 1517 3676 αὐτοῦ
1553 3624 1650 3693 τὴν
1678 3639 1772 3675 κε-

183 3711 384 3782 φαλήν.
415 3713 529 3766 Καὶ
549 3714 583 3783 ή
608 3712 708 3783 μὲν
730 3711 938 3783 κεφαλὴ
959 3712 1240 3784 ἀπηνέχθη
1264 3716 1322 3766 ὲν
1359 3713 1769 3785 Ἰεροσολύμοις

182 3803 247 3859 τὸ
271 3805 333 3857 δὲ
359 3804 517 3874 ξίφος
546 3804 714 3858 αὐτοῦ
741 3807 987 3876 ἐτηρεῖτο
1014 3806 1166 3877 παρὰ
1200 3805 1486 3877 Ἀϐιμελὲχ
1507 3805 1586 3877 τῷ
1615 3808 1770 3878 ἱερεῖ.

197 3894 510 3966 Ἐλυτρώθη
553 3898 584 3949 6
616 3895 743 3959 λαὸς
788 3897 892 3950 ὑπὸ
930 3896 1024 3950 τοῦ
1067 3896 1358 3951 ἀντιδίκου.
1412 3896 1661 3969 Ἐξῆλθον
1694 3899 1774 3960 εἰς

186 3981 491 4052 ὑπάντησιν
520 3985 779 4051 γυναῖκες
808 3983 1147 4056 χορεύουσαι·
1183 3984 1421 4056 θυμηδία
1458 3986 1567 4056 γάρ
1603 3980 1673 4057 ἦν
1710 3987 1773 4040 τὸ

186 4074 569 4144 προκείμενον
602 4075 767 4145 φόϐος
793 4074 849 4129 δὲ
871 4075 1056 4147 ἐλύθη,
1079 4079 1108 4130 6
1129 4076 1320 4149 ἐχθρὸς
1351 4077 1566 4143 ἔπεσεν,
1594 4080 1622 4131 ὀ
1643 4078 1773 4143 λαὸς

183 4163 431 4233 ἐπήνθει·
453 4167 684 4235 χορεῖαι,
716 4166 811 4218 καὶ
836 4165 1110 4236 τύμπανα,
1142 4168 1237 4221 καὶ
1267 4167 1524 4240 ἁρμονία,
1559 4169 1655 4222 καλ⁵
1682 4169 1773 4221 εύ-

189 4253 433 4326 φροσύνη
464 4254 525 4308 τὸ
557 4254 934 4338 προκείμενον.
972 4258 1037 4310 Αἰ
1073 4258 1130 4311 δὲ
1163 4259 1485 4332 χορεύουσαι
1518 4256 1670 4338 ᾖιδον,
1708 4259 1771 4313 οὐ

188 4345 325 4417 πρὸς
359 4345 519 4411 ἀξίαν
550 4330 856 4417 ἀφορῶσαι,
888 4345 1024 4399 ἀλλὰ
1053 4347 1189 4418 πρὸς
1219 4330 1281 4401 τὸ
1310 4330 1626 4420 ὲνεργῆἀάν
1656 4348 1773 4402 ἕλε-

186 4453 277 4505 γον
301 4435 434 4507 γάρ’
463 4454 482 4489 ι
526 4436 825 4504 Ἐπάταξεν
850 4440 878 4491 6
899 4437 1066 4492 Aa6‘t8
1092 4442 1149 4492 ὲν
1180 4441 1434 4511 μυριάσιν
1462 4439 1651 4505 αὑτοῦ,
1676 4441 1769 4495 καὶ

1881 1977 2041 2016 rum:
2071 1971 2182 2016 tum
2232 1961 2444 2016 Goliath
2482 1963 2702 2033 quidam
2736 1963 2960 2016 immani
3000 1971 3234 2027 statura,
3272 1967 3457 2020 animo

1879 2053 2084 2116 feroce,
2123 2056 2241 2110 visu
2276 2056 2563 2119 terribilis,
2603 2071 2700 2125 per
2720 2056 3083 2126 quadraginta
3118 2056 3235 2111 dies
3267 2057 3456 2112 lsraeli

1878 2147 2263 2216 exprobrabat,
2293 2155 2347 2201 et
2374 2148 2441 2201 ad
2473 2148 2754 2215 singulare
2788 2157 3064 2203 certamen
3096 2150 3453 2219 provocabat,

1877 2239 2183 2309 praegrandi
2218 2239 2433 2309 quidem
2490 2249 2717 2310 opertus
2770 2243 2984 2312 clypeo,
3033 2242 3247 2296 hastam
3292 2244 3457 2296 attol-

1877 2331 2017 2393 lens,
2050 2332 2463 2399 horrendasque
2491 2348 2687 2401 gerens
2719 2349 2910 2387 ocreas
2938 2353 2950 2388 :
2982 2350 3142 2403 quem
3180 2333 3271 2403 qui
3304 2335 3456 2389 vide-

1876 2429 2000 2474 rent
2024 2420 2324 2491 fugiebant,
2357 2421 2596 2492 Saulque
2626 2423 3040 2477 reformidabat.
3074 2422 3232 2479 Venit
3256 2424 3454 2480 fratres

1875 2511 2157 2566 invisurus
2196 2509 2383 2571 David.
2420 2521 2581 2581 atque
2610 2528 2806 2568 manus
2832 2514 3076 2569 conserit
3106 2514 3286 2569 nudus
3328 2530 3453 2569 cum

1876 2613 2107 2666 armato,
2141 2620 2335 2673 pugna:
2380 2605 2665 2674 imperitus
2709 2621 2832 2659 cum
2867 2607 3216 2675 peritissimo,
3268 2606 3452 2660 adole-

1876 2711 2038 2751 scens
2069 2714 2191 2750 cum
2235 2698 2374 2750 viro.
2421 2696 2798 2767 Omnibusque
2829 2706 3039 2751 terrore
3069 2697 3360 2766 perculsis,
3388 2711 3453 2751 ac

1877 2788 2095 2842 nemine
2129 2789 2365 2843 audente
2399 2790 2639 2858 prodire,
2672 2788 2837 2842 David
2870 2803 3102 2859 pugnam
3135 2789 3449 2858 suscipit“.

1882 2878 1943 2932 Et
1974 2895 2096 2932 cum
2141 2895 2247 2934 non
2307 2881 2516 2934 inscius
2563 2887 2730 2946 esset,
2766 2881 3074 2950 psallebat:
3107 2878 3320 2933 Domini
3367 2887 3453 2935 est

1874 2969 2072 3023 bellum
2104 2980 2216 3031 :et,
2244 2990 2261 3021 ι
2297 2970 2480 3024 Fallax
2505 2987 2678 3041 equus
2701 2972 2766 3025 ad
2804 2974 3056 3031 salutem,
3084 2972 3137 3025 in
3169 2971 3453 3027 abundan-

1873 3062 1947 3115 tia
1969 3074 2145 3117 autem
2167 3064 2382 3116 virtutis
2403 3078 2514 3117 sua:
2531 3079 2637 3115 non
2659 3064 2962 3117 salvabitur
2977 3062 3041 3118 “.
3059 3083 3077 3114 ι
3098 3064 3313 3118 Sciebat
3331 3079 3453 3134 qua:

1877 3156 2158 3224 psalleret.
2190 3158 2483 3208 maximqu
2512 3156 2731 3208 tenebat
2760 3156 2947 3221 telum,
2978 3172 3169 3225 nempe
3193 3157 3371 3218 fidem,
3396 3164 3451 3210 et

1880 3244 1980 3314 51
2026 3247 2234 3313 galeam
2294 3246 2396 3299 sihi
2446 3246 2640 3299 salutis
2698 3246 3069 3315 imposuerat:
3127 3257 3452 3317 arreptaque

1879 3337 2029 3405 virga
2067 3344 2122 3389 et
2182 3335 2370 3400 funda,
2432 3335 2811 3390 circumvolvit
2865 3337 3122 3407 lapidein,
3179 3340 3452 3409 percussit

1876 3429 2281 3491 adversarium,
2315 3429 2608 3498 subitoque
2650 3430 2968 3499 prostravit.
3016 3427 3192 3483 Verba
3226 3445 3453 3498 percur-

1874 3523 2083 3578 rimus:
2127 3522 2180 3577 id
2223 3525 2424 3594 quippe
2474 3539 2595 3591 non.
2620 3524 2731 3588 jam
2771 3524 2929 3577 nobis
2972 3525 3311 3597 propositum
3343 3530 3448 3581 est.

1872 3614 2193 3672 Prostratus
2221 3625 2306 3671 est
2344 3619 2598 3672 immanis
2630 3618 2719 3671 ille
2753 3615 2967 3671 Goliath
3003 3632 3032 3669 a
3067 3619 3315 3686 parvulo,
3352 3634 3449 3687 pe-

1873 3709 2016 3763 ritus
2042 3711 2110 3763 ab
2158 3709 2410 3779 imperito
2439 3718 2493 3764 et
2544 3710 2895 3779 simpliciore.
2961 3708 3302 3779 Sumeusque
3345 3709 3452 3763 Da-

1871 3801 1960 3854 vid
1988 3801 2135 3855 illius
2169 3801 2431 3871 gladium,
2463 3811 2628 3870 caput
2660 3802 2761 3871 ipsi
2806 3802 3077 3871 praecidit.
3121 3802 3297 3872 Caput
3322 3818 3452 3857 vero

1875 3892 2220 3963 deportatum
2245 3904 2325 3947 est
2355 3891 2808 3964 Hierosolymam,
2830 3892 3151 3964 gladiosque
3182 3897 3303 3962 ejus
3331 3909 3451 3949 ser-

1872 3983 2106 4036 vabatur
2148 3984 2290 4052 apud
2336 3984 2748 4038 Abimelecltum
2800 3966 3159 4040 sacci-dotem.
3211 3968 3349 4038 Tum
3385 3986 3452 4038 li-

1877 4073 2101 4129 beratus
2132 4075 2365 4144 populus
2410 4083 2494 4129 est
2534 4076 2603 4129 ab
2645 4078 2980 4131 adversario.
3036 4075 3283 4146 Egressze
3322 4085 3452 4133 sunt

1875 4164 1933 4218 in
1981 4180 2276 4219 occursum
2310 4164 2432 4235 ejus
2492 4165 2710 4221 feminae
2740 4167 2970 4225 choreas
3019 4175 3282 4237 agentes:
3330 4169 3449 4224 heia

1871 4256 2073 4325 quippe
2120 4257 2414 4310 admodum
2474 4273 2564 4312 res
2614 4258 2705 4311 illa
2753 4267 2890 4320 erat,
2929 4258 3213 4329 depositus
3247 4268 3447 4325 metus,

1872 4356 2185 4418 prostratus
2230 4348 2428 4412 liOstis,
2480 4350 2716 4418 populus
2783 4349 3009 4405 ﬂorente
3070 4351 3220 4404 vultu
3281 4359 3446 4419 erat;

1871 4437 2002 4492 hinc
2036 4439 2269 4498 choreae,
2305 4445 2584 4508 tympana,
2636 4438 2920 4491 harmonia
2961 4445 3014 4491 et
3062 4438 3305 4492 omnium
3357 4438 3449 4491 lae-

186 4528 356 4583 Σαοὺλ
387 4531 448 4582 ὲν
476 4528 711 4600 χιλιάσιν
743 4530 927 4585 αὑτοῦ.
968 4550 986 4581 ι
1026 4530 1136 4583 Καὶ
1171 4530 1253 4600 τῷ
1299 4534 1580 4603 νικήσαντι
1636 4533 1766 4587 ἔδω-

1877 4540 1963 4586 lus
2000 4531 2242 4585 animus.
2275 4527 2449 4582 Porro
2471 4529 2702 4582 choreas
2749 4536 2971 4598 agentes
2998 4528 3123 4590 illae,
3155 4528 3447 4594 cauebant,

183 4638 286 4674 καν
309 4620 413 4685 τὰς
437 4621 698 4692 χιλιάδας,
723 4622 819 4675 καὶ
844 4622 946 4675 οὐκ
973 4618 1148 4684 εἷπον,
1173 4621 1336 4676 πόσαι
1358 4622 1614 4693 χιλιάδες,
1644 4624 1765 4677 οὐδὲ

183 4710 345 4765 πόσαι
380 4712 662 4783 μυριάδες.
691 4712 957 4767 Δύνανται
984 4712 1040 4765 δὲ
1076 4714 1170 4767 καὶ
1200 4714 1459 4785 μυριάδες
1492 4715 1762 4786 ἀναλυθῆ-

184 4822 269 4858 ναι
293 4806 374 4868 είς
402 4805 671 4875 χιλιάδας,
708 4808 804 4860 καὶ
840 4806 1076 4877 χιλιάδες
1118 4808 1653 4881 πολυπλασιασθῆναι
1684 4812 1764 4873 εἰς

187 4894 473 4965 μυριάδας.
520 4897 577 4949 '0
608 4895 802 4960 Σαοὺλ,
824 4897 1086 4964 ἀκούσας,
1126 4899 1336 4972 ἐπλήγη
1368 4900 1467 4972 τὴν
1501 4901 1757 4956 διάνοιαν.

188 4986 251 5037 ‘0
278 4987 523 5058 μεγάλης
554 4988 772 5053 ἀνοίαςί
806 4990 920 5043 Οὐκ
953 4990 1058 5044 ἔδει
1088 4992 1193 5046 κᾶν
1218 4992 1281 5046 τὸ
1313 4995 1486 5063 παρὸν
1514 4995 1763 5065 αἰδεσθῆ-

186 5094 298 5143 ναι;
324 5078 390 5130 Τί
418 5078 732 5148 βασκαίνεις
758 5081 1029 5153 ἀνθρώπῳ
1057 5087 1274 5156 νικητῇ,
1300 5088 1358 5139 ὲν
1393 5088 1493 5158 μιᾷ
1523 5086 1641 5159 ὥρᾳ
1674 5089 1768 5141 εὐ-

188 5171 543 5241 φημουμένῳ,
569 5174 598 5225 6
625 5173 719 5224 ἐπὶ
751 5176 1160 5246 τεσσαράκοντα
1200 5176 1414 5249 ἡμέρας
1454 5178 1765 5250 κρυπτόμε-

187 5277 301 5327 νος;
327 5260 450 5313 τῶν
474 5262 686 5335 ἐχθρῶν
714 5263 1042 5338 ὲλυτρώθης,
1070 5267 1123 5320 τί
1158 5266 1471 5338 βασκαίνεις
1495 5269 1766 5342 ἀνθρώπῳ

187 5352 575 5424 ἐπαινουμένῳ,
605 5353 745 5427 ἔργα
774 5354 896 5419 ἀξια
917 5357 1153 5411 ἐπαίνων
1181 5360 1568 5432 ὲργασαμένῳ;
1604 5362 1762 5416 Ἀλλά

191 5443 314 5515 πρὸς
331 5444 525 5497 ἑαυτὸν
554 5444 1016 5512 ἔλεγεν-Ἔδωκαν
1038 5448 1119 5521 τῷ
1149 5450 1314 5504 Δαϐὶδ
1339 5452 1439 5516 τάς
1474 5453 1758 5526 μυριάδας,

189 5536 274 5589 καὶ
312 5536 440 5607 ἐμοὶ
474 5536 574 5601 τάς
621 5536 886 5609 χιλιάδας.
935 5541 1048 5595 Καὶ
1086 5536 1157 5613 ἦν
1207 5543 1643 5617 ὑποϐλεπόμενος
1670 5546 1762 5601 τὸν

191 5626 363 5683 Δαϐίδ.

1873 4638 1983 4677 non
2018 4623 2202 4676 habita
2229 4621 2515 4692 dignitatis
2546 4621 2781 4684 ratione,
2814 4622 2907 4675 sed
2940 4631 3214 4691 gestarum
3242 4634 3446 4685 rerum,

1866 4714 2267 4783 dicebantque:
2304 4731 2323 4763 ι
2353 4711 2633 4767 Percussit
2665 4711 2832 4765 David
2859 4712 2912 4765 in
2945 4711 3283 4782 myriadibus
3308 4710 3445 4774 suis,

1864 4813 1920 4861 et
1955 4802 2085 4859 Saul
2119 4805 2174 4857 in
2214 4804 2453 4857 millibus
2484 4803 2621 4858 suis.
2653 4821 2673 4854 ι
2734 4800 2940 4856 Victori
2999 4804 3164 4855 etiam
3209 4800 3445 4872 (Davidi)

1865 4897 2036 4951 millia
2089 4895 2323 4951 dedere:
2364 4910 2540 4966 neque
2571 4895 2758 4949 dixere
2807 4902 2942 4963 quot
2972 4894 3164 4956 millia,
3199 4893 3281 4946 vel
3315 4900 3449 4961 quot

1869 4988 2169 5060 myriadas.
2206 4986 2448 5043 Possunt
2482 4995 2631 5042 certe
2664 4988 2943 5058 myriades
2986 4985 3186 5041 resolvi
3241 4985 3295 5037 in
3330 4985 3449 5037 chi-

1870 5083 2067 5148 liadas,
2102 5091 2159 5137 et
2210 5081 2477 5138 chiliades
2506 5082 2858 5152 multiplicari
2908 5080 2963 5134 in
3017 5079 3310 5152 myriadas.
3349 5075 3448 5133 llis

1872 5177 2003 5232 Saul
2039 5177 2244 5232 auditis
2274 5178 2455 5231 animo
2487 5176 2777 5246 perculsus
2806 5180 2911 5229 est.
2952 5171 2997 5226 Ο
3026 5185 3278 5240 magnam
3308 5169 3449 5224 stul-

1869 5270 2084 5324 titiam!
2138 5267 2331 5324 Nonne
2380 5268 2627 5338 oportuit
2656 5266 2742 5319 vel
2782 5264 3017 5334 quodam
3052 5263 3133 5318 rei
3160 5258 3448 5332 praesentis

1868 5361 2081 5432 pudore
2130 5361 2343 5416 teneri?
2407 5359 2547 5425 Quid
2608 5357 2821 5413 invides
2875 5354 3095 5418 victori,
3154 5369 3262 5407 una
3312 5351 3447 5406 liora

1870 5453 2073 5510 faustis
2096 5455 2328 5509 vocibus
2359 5454 2654 5519 celebrato,
2696 5452 2791 5521 qui
2820 5449 2888 5505 ad
2929 5448 3295 5519 quadraginta
3325 5445 3445 5501 dies

1869 5546 2121 5602 latuisti?
2174 5546 2258 5601 Ab
2308 5545 2559 5600 hostibus
2602 5549 2843 5613 ereptus.
2903 5540 3032 5609 quid
3078 5539 3300 5592 laudato
3327 5539 3445 5591 viro

1872 5636 2109 5703 invides,
2144 5636 2240 5708 qui
2283 5635 2540 5693 laudibus
2575 5633 2741 5706 digna
2786 5629 2960 5689 edidit
3000 5625 3286 5687 facinora?
3328 5622 3443 5685 Sed

254 5802 305 5875 “_
333 5800 353 5857 Ι
386 5801 522 5876 Reg.
560 5819 707 5875 xvn,
739 5804 892 5865 ι-ει.
966 5807 1010 5843 ⁸⁸
1049 5807 1196 5870 Psat.
1229 5828 1415 5884 xxxii,
1450 5813 1539 5872 l7.
1616 5814 1723 5892 "gl
1755 5813 1772 5870 1

1877 5855 1888 5870 .
1925 5831 2056 5872 xvul
2076 5854 2093 5883 ,
2127 5814 2179 5872 7‘.
