3890 6200
413 359 520 421 159

1601 363 1659 422 S.
1696 365 2167 425 ATHANASIUS.
2208 397 2281 409 —-
2318 365 2548 422 DUBlA.

3590 373 3703 432 Ιω

413 487 557 560 apud
605 501 730 544 sese
798 485 1048 544 dicebat:
1113 486 1392 544 Dederunt
1427 487 1620 544 Davidi
1676 489 1978 562 myriadas,
2021 489 2156 545 mihi
2185 488 2475 546 chiliadas.
2535 488 2716 560 Atque
2764 487 2888 546 ideo
2921 488 3154 548 infensis
3203 491 3381 549 oculis
3431 490 3701 557 Davidem

411 576 754 634 intuebatur.

487 669 578 725 i2.
607 669 768 738 Vide,
795 687 1008 743 quaeso,
1043 687 1226 728 annon
1261 683 1596 745 pronepotes
1646 675 1768 745 ejus
1799 674 1997 730 fuerint

2182 672 2271 728 i2.
2312 672 2489 726 Βλέπε
2522 671 2570 724 εί
2614 669 2690 743 μὴ
2722 671 2978 740 ἀπόγονοι
3010 671 3177 726 αὐτοῦ
3214 668 3378 746 ἦσαν,
3408 673 3490 742 οἷς
3525 679 3704 753 σήμε-

416 761 640 834 ii,apud
666 779 806 833 quos
839 764 1003 819 hodie
1030 762 1284 820 Salvator
1316 766 1598 822 dexteram
1634 782 1857 820 manum
1892 766 2004 820 ari-

413 854 540 910 dam
575 857 811 911 sanavit.
839 855 1174 928 Egressique
1213 859 1291 912 illi
1319 859 1726 920 consultarunt,
1756 874 1864 913 non
1893 872 2004 928 qua

412 950 629 1005 ratione
655 949 765 1006 Deo
791 951 1021 1022 gloriam
1050 952 1392 1018 tribuerent,
1431 951 1526 1006 sed
1554 967 1660 1022 qua
1687 953 1826 1006 bene
1856 951 1922 1006 de
1946 967 2004 1006 se

414 1043 615 1096 merito
645 1043 877 1098 insidias
919 1052 1198 1113 pararent.
1258 1045 1348 1098 Ait
1385 1047 1590 1115 quippe
1621 1044 2000 1114 Evangelium,

415 1137 566 1207 ipsos
607 1140 826 1210 quidem
867 1142 1104 1195 amentia
1161 1141 1376 1210 plenos,
1433 1151 1808 1209 cxeuntesque
1865 1139 2004 1193 deli-

413 1229 638 1286 bcrasse
693 1231 823 1300 quid
863 1231 993 1285 Jesu
1053 1231 1382 1287 facerent”.
1420 1231 1760 1302 Pronepotes
1810 1247 2002 1301 perse-

413 1325 645 1383 cutnris.
676 1334 1009 1394 pronepotes
1054 1326 1246 1380 l'uriosi
1305 1326 1476 1387 illius,
1512 1332 1846 1395 pronepotes
1881 1324 2003 1392 ejus

413 1418 506 1484 qui
545 1416 682 1471 bene
708 1417 773 1471 de
802 1433 860 1473 se.
889 1419 1104 1473 meritis
1132 1418 1518 1473 insidiabatur.
1575 1415 1797 1472 lnfenso
1832 1417 2001 1487 igitur

412 1509 599 1563 animo
631 1506 894 1563 Davidem
925 1510 1056 1564 Saul
1090 1511 1431 1570 intuebatur.
1473 1525 1652 1580 neque
1682 1510 1848 1565 rectis
1876 1525 2001 1564 eum

411 1603 717 1670 aspiciebat
777 1603 976 1658 oculis.
1054 1602 1215 1659 Tales
1249 1603 1397 1658 enim
1453 1615 1584 1664 sunt
1615 1603 1807 1669 invidi,
1868 1603 2005 1658 tales

410 1692 731 1764 hypocrite.
825 1693 1191 1759 Quamobrem
1285 1693 1382 1748 tibi
1446 1693 1581 1753 dicit
1666 1693 2000 1763 Scriptura:

2109 783 2200 836 ρον
2221 767 2249 819 6
2268 764 2459 836 Σωτὴρ
2493 761 2830 835 ἐθεράπευσε
2855 763 2953 836 τὴν
2974 763 3154 830 δεξιὰν
3181 769 3342 839 χεῖρα
3368 768 3466 841 τὴν
3501 768 3698 844 ξηράν.

2106 855 2218 910 Καὶ
2252 852 2562 920 ἐξελθόντες
2603 854 2821 914 ἐκεῖνοι,
2865 852 2965 923 οὐχ
3004 852 3092 905 ἵνα
3123 852 3385 917 δοξάσωσι
3415 856 3506 908 τὸν
3541 857 3701 922 Θεὸν,

2104 946 2453 1010 ἐσκέπτοντο,
2500 945 2636 998 ἀλλὰ
2681 944 2799 1008 πῶς
2841 943 3270 999 ἐπιϐουλεύσωσι
3303 946 3378 1018 τῷ
3409 947 3701 1021 εὐεργέτῃ.

2105 1038 2270 1106 Λέγει
2305 1039 2416 1108 γὰρ
2444 1035 2506 1089 τὸ
2531 1035 2879 1104 Εύαγγέλιον,
2925 1036 3006 1088 ὅτι
3036 1034 3190 1089 αὐτοὶ
3227 1037 3325 1108 μὲν
3348 1038 3707 1109 ἐπλήσθησαν

2109 1128 2314 1192 ἀνοίας.
2341 1127 2436 1180 καὶ
2461 1125 2786 1192 ἐξελθόντες,
2813 1125 3191 1194 διελογίζοντο,
3215 1127 3267 1179 τί
3291 1127 3355 1181 ἂν
3384 1129 3706 1199 ποιήσωμεν

2106 1218 2185 1289 τῷ
2227 1218 2438 1290 Ἰησοῦς
2497 1219 2779 1286 Ἀπόγονοι
2814 1217 2908 1272 τοῦ
2951 1217 3258 1282 διώκοντος,
3307 1219 3400 1272 καὶ
3439 1220 3708 1288 ἀπόγονοι

2106 1307 2200 1362 τοῦ
2235 1308 2552 1380 μανιώδους,
2589 1309 2683 1361 καὶ
2716 1309 2971 1377 ἀπόγονοι
2997 1308 3090 1362 τοῦ
3116 1309 3560 1374 ἐπιϐουλεύοντος
3585 1313 3707 1374 τοῖς

2109 1401 2446 1472 εὐεργέταις.
2503 1401 2872 1454 ’Υπεϐλέπετο
2900 1402 3080 1454 τοίνυν
3121 1405 3149 1455 6
3179 1403 3349 1456 Σαοὺλ
3383 1404 3474 1456 τὸν
3509 1404 3701 1467 Δαϐὶδ,

2109 1495 2202 1547 καὶ
2233 1495 2334 1547 οὐκ
2366 1494 2445 1547 έτι
2467 1494 2693 1547 ἔϐλεπεν
2715 1494 2875 1547 αὑτὸν
2898 1493 3078 1565 ὀρθοῖς
3102 1493 3418 1566 ὀφθαλμοῖς.
3452 1496 3702 1550 Τοιοῦτοι

2105 1585 2216 1657 γὰρ
2236 1589 2285 1638 οἱ
2313 1587 2592 1657 βάσκανοι,
2617 1587 2712 1639 καὶ
2733 1585 2966 1640 τοιοῦτοι
2992 1587 3041 1639 οἱ
3070 1588 3382 1658 ὑποκριταί.
3419 1586 3518 1640 Διά
3539 1587 3707 1643 τοῦτο

2106 1680 2140 1750 ή
2168 1679 2357 1751 Γραφή
2391 1695 2471 1732 σοι
2497 1678 2664 1747 λέγει’
2701 1697 2720 1730 ι
2755 1680 2817 1732 Oi
2843 1679 3111 1750 ὀφθαλμοί
3141 1696 3234 1732 σου
3263 1678 3401 1750 ὀρθὰ
3429 1679 3707 1750 βλεπέτω-

418 1783 604 1840 «Oculi
641 1785 720 1839 tui
754 1794 905 1840 recta
940 1785 1290 1840 videant“:i
1330 1787 1471 1840 nihil
1517 1786 1825 1855 obliquum,
1865 1783 1997 1838 nihil

2109 1785 2228 1832 σαν,
2271 1787 2290 1820 ι
2348 1768 2516 1840 μηδὲν
2561 1767 2812 1836 πλάγιον,
2865 1768 2999 1839 μηδὲ
3036 1769 3324 1838 βάσκανον,
3358 1767 3390 1837 ἢ
3429 1767 3630 1841 ἔρωτος
3665 1767 3702 1840 ἦ

410 1876 683 1941 invidum,
733 1877 874 1932 nihil
930 1877 1078 1948 quod
1117 1877 1428 1948 cupidinem
1482 1885 1576 1931 aut
1619 1876 1864 1931 furorem
1914 1883 1997 1930 aul

2111 1861 2330 1932 μανίας,
2365 1861 2399 1933 ή
2425 1877 2477 1913 τι
2502 1861 2612 1932 (55)
2639 1860 2877 1913 τοιοῦτον
2909 1861 3176 1932 ἐχόμενοι.
3207 1859 3383 1912 Βλέπε
3422 1860 3514 1913 τὸν
3546 1858 3706 1928 φίλον

410 1969 542 2041 quid
585 1970 764 2025 simile
800 1985 910 2040 pra}
945 1986 1003 2025 se
1046 1969 1207 2025 ferat.
1286 1970 1487 2040 Aspice
1544 1969 1784 2023 amicum
1834 1969 2005 2024 rectis

2108 1954 2304 2024 ὀρθῶς,
2363 1953 2528 2024 μηδὲν
2570 1953 2974 2025 κεκρυμμένον,
3022 1955 3186 2025 μηδὲν
3228 1954 3449 2007 ἰοϐόλον.
3501 1953 3640 2006 Ἀλλ’
3673 1953 3705 2005 6

411 2061 611 2122 Oculis,
657 2063 794 2116 nihil
829 2063 1268 2127 dissimulanter,
1319 2065 1453 2117 nihil
1504 2063 1827 2116 virulenter.
1889 2060 1997 2116 Sed

2106 2047 2276 2099 Σαοὺλ
2297 2045 2636 2100 ὑπεϐλέπετο
2653 2046 2745 2100 τὸν
2766 2046 2951 2099 Δαϐίδ.
2988 2047 3100 2099 Καὶ
3131 2045 3294 2117 βλέπε
3328 2047 3702 2117 κατασκευήνο

413 2149 544 2207 Saul
584 2151 838 2207 Davidem
868 2154 1039 2208 torvis
1084 2155 1260 2208 oculis
1309 2152 1631 2224 aspiciebat.
1665 2150 1801 2206 Vide
1836 2151 1992 2216 mihi,

411 2259 626 2314 quasso,
688 2243 1002 2298 insidias".
1054 2243 1190 2298 Eum
1227 2245 1280 2299 in
1315 2245 1490 2315 pretio
1542 2244 1730 2299 haberi
1777 2244 2002 2313 conspi-

410 2343 589 2394 catus.
631 2333 796 2388 filiam
849 2335 952 2405 ipsi
996 2336 1127 2390 dare
1181 2337 1333 2405 cupit
1380 2351 1628 2390 uxorem.
1679 2334 1725 2389 0
1767 2335 2000 2388 tentatio

408 2425 662 2480 invidiail
711 2425 1010 2481 lnsidiatur
1045 2427 1094 2482 ci
1135 2444 1297 2497 quem
1330 2442 1596 2498 generum
1630 2427 1864 2497 accipit:
1898 2442 1999 2481 nec

406 2519 585 2587 parcit
633 2517 778 2583 tiliae,
817 2528 877 2572 ut
923 2520 1196 2573 honorato
1243 2521 1360 2573 viro
1406 2526 1584 2574 struat
1631 2519 1879 2574 insidias.
1939 2518 1998 2573 In

404 2609 590 2664 dotem
647 2625 776 2665 vero
828 2613 1070 2681 postulat
1121 2621 1339 2666 centum
1389 2611 1654 2681 prarputia
1695 2612 2001 2683 allophylo-

409 2717 552 2756 rum.
609 2703 954 2771 Upinahatur
1010 2704 1235 2758 enimsi
1291 2705 1472 2773 ipsum
1531 2704 1585 2756 in
1617 2718 1852 2773 pugnam
1896 2706 2000 2757 im—

407 2787 667 2852 mitteret,
693 2799 912 2843 centum
945 2807 1070 2844 cum
1104 2807 1213 2852 uno
1245 2807 1599 2862 congressos,
1623 2808 1794 2846 unum
1827 2794 1999 2846 inter-

406 2878 675 2944 fecturos,
747 2890 914 2950 atque
977 2884 1056 2937 sic
1110 2899 1232 2937 sesc
1286 2884 1441 2937 rivali
1495 2883 1810 2954 expeditum
1858 2883 1993 2938 fore.

406 2971 777 3027 Commissum
834 2974 1082 3043 praelium
1136 2982 1258 3040 est;
1292 2974 1386 3029 sed
1436 2975 1692 3029 inimicus
1720 2983 1777 3027 ut
1815 2973 1999 3027 inimi-

405 3080 528 3130 cus,
567 3063 706 3121 Deus
741 3083 870 3121 vero
897 3065 1144 3120 utDeus.
1201 3066 1326 3121 Exit
1352 3067 1544 3131 David,
1581 3069 1843 3137 solusque
1868 3083 1997 3122 cen-

405 3166 524 3213 tum
575 3160 859 3214 interﬁcit.
935 3159 1136 3215 Verum
1199 3160 1330 3214 Saul
1385 3160 1826 3216 animadvertens
1874 3175 1998 3215 esse

406 3248 579 3305 Deum
629 3252 808 3304 amico
841 3266 944 3305 suo
984 3252 1109 3304 belli
1161 3251 1396 3311 socium,
1424 3267 1492 3305 ne
1528 3251 1599 3304 ita
1637 3251 1856 3320 quidem
1891 3266 1994 3319 pu-

407 3345 543 3398 dore
578 3341 809 3396 aﬂ‘ectus
855 3350 974 3395 est:
1022 3343 1336 3412 mansitque
1383 3343 1436 3395 in
1475 3342 1734 3412 parandis
1779 3342 1995 3396 insidiis

2114 2138 2238 2191 ἰδὼν
2270 2139 2432 2192 αὑτὸν
2461 2137 2791 2210 τιμώμενον,
2825 2137 3073 2208 βούλεται
3103 2138 3252 2209 αὐτῷ
3284 2137 3467 2191 δοῦναι
3489 2137 3586 2209 τὴν
3607 2137 3709 2190 θυ-

2102 2231 2310 2304 γατέρα
2361 2230 2750 2302 ἐπιγαμϐρίαν.
2781 2231 2846 2282 Ὢ
2878 2231 3130 2301 πείρασις
3167 2229 3504 2300 βασκανίαςί
3546 2230 3708 2283 Ἐπι-

2103 2324 2369 2392 ϐουλεύει,
2405 2325 2499 2378 καὶ
2527 2323 2761 2394 νυμφίον
2795 2323 2955 2377 αὑτὸν
2982 2322 3270 2395 λαμϐάνει·
3306 2324 3399 2376 καὶ
3422 2323 3484 2376 οὐ
3519 2322 3704 2392 φείδε-

2103 2438 2195 2474 ται
2225 2420 2515 2492 θυγατρὸς,
2553 2420 2639 2472 ἵνα
2675 2419 2753 2491 τῷ
2782 2419 3134 2491 τετιμημένῳ
3168 2419 3551 2492 ἐπιϐουλεύσῃ.
3585 2419 3702 2474 Καὶ

2103 2510 2337 2563 ἔπαθλον
2383 2509 2631 2580 βούλεται
2687 2510 2883 2564 ἑκατὸν
2933 2510 3300 2581 ἀκροϐυστίας
3361 2509 3697 2578 ἀλλοφύλων.

2116 2603 2439 2656 Ὑπώπτευε
2464 2602 2593 2674 γὰρ,
2626 2603 2727 2666 ὅτι,
2767 2603 2860 2656 ἐὰν
2891 2603 2970 2666 είς
2998 2602 3233 2673 πόλεμον
3267 2603 3429 2656 αὐτὸν
3457 2602 3697 2674 ἐμϐάλῃ,

2103 2699 2152 2750 οἱ
2201 2697 2417 2759 ἑκατὸν,
2475 2696 2890 2767 συμπλακέντες
2925 2694 3002 2766 τῷ
3053 2695 3153 2760 ἐνὶ,
3203 2694 3561 2749 ἀποκτενοῦσι
3599 2695 3698 2749 τὸν

2101 2787 2215 2838 ἕνα·
2253 2788 2348 2840 καὶ
2375 2786 2546 2851 οῦτως
2577 2785 2939 2856 ἀπαλλαγείη.
2970 2786 3078 2839 Καὶ
3110 2787 3352 2855 γέγονεν·
3383 2785 3496 2840 ἀλλ’
3531 2787 3559 2838 6
3595 2787 3701 2856 μὲν

2102 2876 2294 2947 ἐχθρὸς
2326 2877 2400 2940 ὼς
2431 2876 2645 2947 ἐχθρὸς,
2688 2877 2717 2928 ὀ
2743 2875 2799 2928 δὲ
2833 2875 2966 2939 Θεὸς
2999 2875 3074 2939 ὡς
3107 2875 3260 2939 Θεός.
3306 2876 3632 2946 Ἀπέρχεται
3666 2877 3699 2928 ὀ

2101 2968 2286 3034 Δαϐὶδ,
2324 2969 2418 3022 καὶ
2447 2969 2571 3037 νικᾷ
2604 2967 2764 3038 μόνος
2792 2967 3002 3020 ἑκατόν.
3040 2967 3097 3020 '0
3123 2967 3179 3019 δὲ
3203 2966 3374 3020 Σαοὺλ
3411 2967 3533 3020 ἰδὼν
3561 2967 3700 3023 Θεὸν

2105 3059 2392 3130 σύμμαχον
2423 3058 2516 3113 τοῦ
2551 3058 2769 3130 ἐχθροῦ,
2802 3059 2925 3112 οὐδέ
2957 3057 3130 3122 οῦτως
3165 3059 3512 3133 ἐδυσωπήθη·
3559 3061 3702 3133 μᾶλ-

2100 3152 2191 3205 λον
2223 3151 2280 3203 δέ
2309 3152 2368 3204 οὐ
2397 3151 2492 3204 τοῦ
2521 3149 2738 3222 ἐχθροῦ,
2775 3149 2911 3204 ἀλλά
2947 3149 3042 3203 τοῦ
3080 3152 3370 3223 εὐεργέτου
3405 3153 3701 3224 ἐπέμεινεν

2100 3246 2158 3297 ἐν
2187 3246 2252 3314 τῇ
2292 3243 2480 3314 βουλῇ.
2517 3244 2626 3297 Καὶ
2649 3242 2728 3314 τῷ
2752 3242 2852 3313 υἱῷ
2891 3242 3147 3297 Ἰωνάθαν
3178 3245 3497 3314 ἠγανάκτει,
3519 3245 3607 3300 διὰ
3631 3246 3701 3300 τὸ

2102 3337 2247 3407 ἔχειν
2276 3336 2405 3406 φίλα
2435 3336 2571 3408 πρὸς
2601 3335 2692 3389 τὸν
2724 3335 2910 3399 Δαϐὶδ,
2950 3336 3043 3389 καὶ
3071 3336 3398 3408 ἐπεχείρησε
3428 3339 3521 3392 τὸν
3562 3339 3701 3395 ἴδιον

405 3434 681 3504 pertinax,
721 3443 884 3503 atque
926 3433 980 3487 id
1020 3449 1130 3487 non
1166 3442 1360 3488 contra
1396 3435 1705 3499 inimicum,
1735 3434 1830 3488 sed
1864 3449 1997 3487 con-

2106 3428 2213 3480 υίὸν
2254 3427 2462 3486 ἀνελεῖν
2512 3428 2578 3497 τῇ
2631 3425 2900 3496 βασκανία
2943 3427 3042 3497 τῆς
3088 3427 3328 3491 διανοίας
3382 3427 3697 3483 ἀϐλεπτῶν.

407 3536 492 3580 tra
526 3527 707 3579 virum
747 3525 813 3579 de
848 3542 907 3581 se
948 3528 1088 3581 bene
1135 3526 1414 3580 meritum.
1477 3525 1834 3595 Jonatliaaque
1887 3525 1998 3580 ﬁlio

407 3617 778 3682 irascebatur,
832 3617 982 3687 quod
1035 3627 1182 3673 esset
1221 3619 1268 3672 ei
1302 3634 1428 3671 cum
1483 3615 1688 3672 Davide
1719 3618 1994 3671 amicitia:

405 3723 583 3778 eoque
634 3711 897 3763 carcitatis
946 3726 1012 3764 ex
1065 3711 1268 3764 invidia
1300 3711 1571 3765 deductus
1623 3721 1726 3776 est,
1779 3719 1839 3764 ut
1871 3725 1998 3782 pro-

407 3802 588 3870 prium
624 3800 792 3854 [ilium
823 3803 1134 3856 interficere
1163 3811 1417 3857 tentaret.
1463 3801 1635 3857 David
1665 3811 1846 3857 autem
1871 3819 1997 3857 cum

409 3905 532 3944 sese
557 3889 767 3944 videret
796 3891 1014 3946 insidiis
1053 3891 1257 3962 appeti,
1301 3891 1368 3944 ad
1401 3893 1616 3946 tertiam
1642 3908 1702 3948 se
1724 3893 1866 3947 diem
1903 3908 1997 3947 oc-

409 3982 582 4035 cultat
625 3999 638 4033 :
675 3996 799 4034 nam
832 3979 1002 4036 David
1029 3997 1248 4052 quoque
1279 3983 1498 4036 tertiam
1529 3989 1690 4036 norat
1723 3983 1865 4037 diem
1893 3996 1909 4035 :
1943 3989 1998 4036 et

411 4073 548 4128 inito
575 4089 698 4128 cum
727 4073 964 4128 Jonatha
998 4073 1224 4139 findere,
1253 4090 1376 4130 sese
1409 4075 1462 4128 in
1498 4074 1680 4145 fugam
1706 4074 1884 4129 victor
1905 4074 1997 4129 ille

412 4165 600 4220 dedit:
635 4182 742 4220 non
778 4183 887 4236 quo
919 4183 1029 4222 non
1072 4168 1275 4221 valeret
1320 4167 1606 4222 inimicum
1634 4167 1862 4233 ulcisci;
1901 4167 1997 4221 sed

2119 3518 2264 3572 Ἰδὼν
2311 3519 2367 3571 δὲ
2413 3518 2603 3572 ἑαυτὸν
2653 3517 3138 3589 ἐπιϐουλευόμενον
3171 3521 3199 3572 ὀ
3223 3519 3404 3584 Δαϐὶδ,
3435 3521 3703 3593 κρύϐεται

2105 3613 2208 3676 ἓως
2235 3613 2335 3682 τῆς
2362 3610 2570 3682 τρίτης
2599 3610 2693 3663 καὶ
2720 3612 2748 3663 ὀ
2775 3609 2940 3663 Δαϐὶδ
2969 3606 3072 3664 οἶδε
3098 3612 3195 3684 τὴν
3220 3613 3431 3684 τρίτην,
3454 3614 3548 3666 καὶ¹
3573 3631 3705 3666 συν-

2107 3700 2280 3772 θήκας
2309 3703 2540 3754 ποιεῖται
2563 3700 2700 3772 πρὸς
2733 3700 2825 3753 τὸν
2867 3701 3142 3767 Ἱωνάθαν,
3176 3705 3271 3757 καὶ
3292 3703 3466 3769 οὕτως
3499 3706 3702 3775 φεύγει

2103 3794 2132 3844 6
2165 3793 2409 3863 νικητής·
2451 3791 2550 3844 ούκ
2586 3791 2790 3844 ἀτονῶν
2831 3790 3144 3861 ἀμύνασθαι
3187 3795 3280 3847 τὸν
3311 3795 3523 3866 ἐχθρὸν,
3559 3797 3706 3851 ἀλλὰ

2108 3885 2182 3957 μὴ
2219 3885 2538 3957 βουλόμενος
2581 3886 2724 3940 κατά
2760 3888 2856 3941 τοῦ
2898 3888 3351 3961 εὐεργετηθέντος
3393 3892 3704 3960 ἐπαγαγεῖν

2109 3976 2279 4046 ξίφος
2310 3979 2404 4030 καὶ
2438 3977 2714 4050 παραδοὺς
2737 3978 2883 4045 ἅπαξ
2916 3978 2994 4050 τῷ
3020 3979 3139 4051 Θεῷ
3166 3980 3228 4032 τὸ
3263 3983 3566 4053 κριτήριον,
3599 3983 3706 4035 καὶ

2107 4069 2344 4139 φεύγων,
2378 4069 2593 4140 ἔρχεται
2622 4069 2762 4141 μετά
2788 4070 2897 4124 τῶν
2922 4071 3148 4125 οἰκετῶν
3183 4072 3319 4146 πρὸς
3344 4073 3437 4128 τὸν
3477 4072 3707 4146 Ἀϐιμέ-

2106 4161 2201 4232 λεχ
2228 4162 2321 4214 τὸν
2357 4162 2508 4234 ἱερέα

413 4257 607 4312 nolens
661 4259 717 4311 in
771 4259 949 4312 virum
1000 4259 1090 4313 cui
1149 4259 1415 4313 beneﬁcia
1454 4259 1804 4323 contulisset,
1864 4259 2135 4326 stringere
2189 4254 2428 4323 gladium
2478 4269 2589 4310 :ac
2621 4253 2733 4311 Deo
2771 4257 2939 4312 semel
2994 4257 3346 4314 committens
3399 4257 3702 4330 judicium,

411 4347 539 4418 fuga
584 4364 642 4403 se
677 4349 891 4405 confert
939 4366 1062 4405 cum
1095 4351 1211 4407 suis
1255 4349 1570 4407 domesticis
1613 4351 1680 4406 ad
1723 4349 2136 4406 Abimelechum
2167 4347 2532 4402 sacerdotem.

482 4444 569 4499 15.
613 4443 739 4499 Haec
764 4456 946 4501 autem
982 4449 1166 4501 omnia
1211 4462 1564 4504 recensemus
1611 4449 1682 4503 ob
1711 4448 1999 4504 historiam

409 4534 710 4606 Evangelii,
746 4537 818 4591 ob
846 4539 1074 4592 verbmn
1109 4539 1241 4592 illud
1280 4538 1624 4596 Salvator-is:
1665 4539 1888 4595 «Annon
1921 4541 2000 4595 le-

2183 4445 2268 4498 15.
2312 4443 2498 4498 Πάντα
2530 4443 2586 4496 δὲ
2619 4443 2791 4497 ταῦτα
2823 4444 3053 4516 λέγομεν
3078 4446 3164 4500 διὰ
3194 4447 3293 4520 τὴν
3329 4448 3569 4522 ἱστορίαν
3601 4451 3706 4505 τοῦ

2107 4538 2466 4607 Εὑαγγελίου,
2492 4537 2581 4591 διὰ
2607 4536 2668 4589 τὸ
2701 4538 2767 4608 ῥῆ
2777 4555 2853 4608 μα
2877 4537 2972 4591 τοῦ
3005 4539 3262 4610 Σωτῆρος
3285 4540 3348 4594 τὸ
3380 4541 3702 4614 εἰρημένονο

403 4625 564 4697 gistis
583 4623 630 4657 ⁵⁸
685 4626 816 4697 quid
863 4625 1058 4681 fecerit
1091 4625 1284 4691 David,
1343 4646 1468 4683 cum
1508 4631 1787 4684 esuriret:
1852 4644 1994 4699 quo-

2111 4652 2130 4684 ι
2170 4632 2284 4685 Ούκ
2333 4629 2604 4698 ἀνέγνωτε
2655 4629 2684 4682 ὃ
2732 4629 2954 4702 ἐποίησε
3008 4632 3194 4696 Δαϐὶδ,
3248 4634 3337 4686 ὅτε
3386 4636 3704 4702 ἐπείνασεν,

404 4717 572 4772 modo
603 4718 816 4772 venerit
842 4717 947 4788 52
981 4719 1035 4773 in
1089 4718 1312 4774 donmm
1365 4720 1484 4784 Dei,
1525 4731 1577 4775 et
1601 4737 1773 4791 panes
1805 4737 2000 4792 propo-

405 4811 628 4868 sitionis
698 4811 1130 4866 comederit"?i
1211 4809 1381 4872 ,Venit
1445 4813 1630 4882 itaque
1693 4812 1863 4868 David
1927 4814 1996 4868 ad

404 4902 822 4958 Abiinelechum
868 4904 1211 4958 sacerdotem
1248 4919 1371 4956 cum
1425 4906 1617 4973 paucis
1641 4903 1745 4958 via:
1779 4905 1996 4958 comiti-

403 4994 526 5049 bus.
557 4991 981 5062 Obstupefactus
1009 4993 1344 5062 Abiinelecli,
1376 4994 1586 5066 Ecquid
1624 4995 1778 5060 illud,
1807 4997 1903 5061 ait,
1934 5004 1995 5051 ut

403 5087 510 5140 dux
544 5087 826 5140 exercitus
859 5088 1013 5141 solus
1045 5087 1148 5140 iter
1179 5087 1366 5154 l'aciat,
1402 5094 1456 5141 et
1505 5089 1588 5142 vir
1617 5088 1851 5160 insignis
1880 5097 1992 5142 tam

400 5193 600 5246 exiguo
649 5180 913 5232 comitatu
962 5178 1190 5234 utatur?
1238 5177 1378 5233 Tum
1429 5179 1599 5238 David
1644 5199 1992 5256 nequaquam

403 5268 637 5324 insidias
675 5271 780 5324 sibi
820 5279 1043 5342 paratas
1079 5283 1364 5338 memorat,
1413 5275 1506 5329 sed
1555 5291 1613 5330 re
1651 5277 1848 5340 celata,
1891 5277 1989 5340 ait,

398 5359 615 5430 iussum
655 5361 842 5432 pueris
896 5377 1020 5418 esse
1079 5373 1139 5416 ut
1176 5363 1230 5417 in
1283 5363 1464 5419 locum
1513 5367 1866 5432 conveniant,
1899 5367 1987 5420 cui

2103 4726 2179 4790 ὼς
2228 4720 2392 4797 ἦλθεν
2449 4725 2530 4786 είς
2565 4724 2656 4776 τὸν
2716 4721 2864 4778 οἶκον
2912 4724 3008 4778 τοῦ
3051 4726 3208 4790 Θεοῦ,
3267 4726 3364 4779 καὶ
3416 4727 3543 4790 τοὺς
3597 4729 3707 4800 ἆρ-

2099 4835 2227 4881 τους
2275 4817 2374 4887 τῆς
2433 4816 2744 4888 προθέσεως
2783 4816 3016 4886 ἕφαγενς
3060 4839 3078 4871 ι
3133 4820 3394 4889 Ἔρχεται
3443 4819 3628 4872 τοίνυν
3675 4825 3704 4876 6

2100 4908 2265 4963 Δαϐὶδ
2303 4907 2440 4977 πρὸς
2482 4907 2572 4959 τὸν
2631 4905 2916 4977 Ἀϐιμέλεχ
2961 4908 3050 4960 τὸν
3104 4908 3290 4978 ἱερέα,
3349 4909 3464 4980 μετ’
3498 4909 3705 4978 ὀλίγων

2100 5001 2415 5072 ὁδοιπορῶν.
2465 4997 2767 5072 Ἐξεπλάγη
2791 5003 2818 5052 ὀ
2851 4999 3158 5072 Ἀϐιμέλεχ’
3178 5003 3290 5062 καὶ,
3328 5002 3393 5054 Τί
3419 5002 3574 5055 τοῦτο
3605 5005 3705 5072 γέ-

2100 5113 2245 5165 γονε,
2287 5094 2471 5165 φησιν,
2518 5094 2600 5146 ὅτι
2641 5093 2800 5164 μόνος
2833 5093 2861 5144 6
2898 5094 3277 5166 στρατηλάτης
3311 5094 3505 5159 ὁδεύει,
3541 5098 3641 5149 καὶ
3675 5101 3705 5151 ὀ

2101 5187 2371 5258 ἐπίσημος
2419 5185 2698 5257 λιτοτέραν
2744 5189 2982 5239 ποιεῖται
3019 5187 3116 5258 τὴν
3152 5187 3499 5261 ὀδοιπορίαν;
3547 5187 3606 5241 Ὀ
3640 5190 3702 5243 δὲ

2099 5279 2264 5332 Δαϐιδ
2283 5279 2343 5331 ού
2367 5278 2512 5346 λέγει
2539 5279 2636 5348 τὴν
2664 5278 2976 5351 ἐπιϐουλὴν,
3003 5280 3139 5334 ἀλλὰ
3163 5281 3346 5352 σιωπᾷ
3371 5280 3429 5333 τὸ
3459 5283 3704 5352 πρᾶγμα

2098 5370 2192 5423 καί
2223 5387 2407 5440 φησιν,
2443 5371 2525 5422 ὃτι
2552 5373 2664 5433 τοῖς
2706 5369 3012 5442 παιδαρίοις
3045 5371 3359 5427 ἐντέταλται
3395 5372 3582 5444 (54)ἐν
3619 5373 3702 5442 τῷ

401 5467 626 5521 nomen,
665 5452 773 5509 Deo
813 5455 968 5526 ﬁdes.
1009 5453 1149 5511 Nota
1180 5457 1324 5528 apud
1360 5457 1620 5514 Davidein
1661 5474 1880 5530 quoque
1928 5459 1992 5514 ti-

2106 5462 2247 5534 τόπῳ
2271 5460 2347 5533 τῷ
2374 5461 2671 5533 λεγομένῳ,
2689 5461 2811 5528 Θεῷ
2828 5463 3052 5530 πίστις.
3079 5464 3390 5536 Σημείωσαι
3413 5463 3506 5517 καὶ
3534 5461 3704 5519 τοῦτο

472 5607 521 5642 ⁸³
559 5609 750 5666 Matth.
783 5627 896 5678 xu,
929 5614 1017 5668 M.
1095 5613 1143 5646 “
1181 5614 1327 5672 Psal.
1367 5632 1490 5682 xvi,
1526 5616 1581 5670 2.
1661 5619 1706 5650 ⁵⁸
1743 5615 1763 5669 l
1794 5615 1926 5688 Reg.
1963 5634 1996 5672 ιι

2121 5658 2135 5685 ,
2169 5619 2260 5674 25.
2338 5621 2386 5652 “
2425 5621 2443 5676 l
2476 5620 2610 5693 Reg.
2652 5637 2781 5688 χιιι,
2814 5621 2870 5677 6.
2947 5622 2991 5654 ⁸⁷
3034 5621 3224 5678 Matth.
3266 5639 3378 5692 xu,
3415 5623 3470 5680 4.

476 5726 677 5801 (βὸῌί
710 5745 839 5801 non
875 5729 1108 5786 habetur
1141 5732 1198 5786 in
1232 5731 1585 5801 Commelin.,
1622 5748 1722 5790 nec
1755 5732 1812 5789 in
1848 5749 1982 5790 mss.

411 5797 508 5858 sed
539 5797 578 5854 a'
599 5797 1010 5857 Parisiensihus
1041 5802 1284 5858 additum
1318 5803 1439 5856 l'uit.

2176 5734 2287 5806 (3i)
2321 5734 2584 5792 Commel.
2623 5735 2785 5792 habet
2838 5735 3182 5807 ἐντέταλμαι.
