3890 6200
145 254 228 314 161
1329 249 1620 307 HOMILIA
1658 251 1747 308 DE
1784 250 2136 311 SEMENTE.

142 375 223 430 καὶ
252 373 398 447 παρὰ
429 371 513 446 τῷ
555 372 723 427 Δαϐὶδ
767 373 802 444 ή
849 371 1054 436 πίστις·
1098 369 1190 426 διά
1229 369 1321 425 τὸν
1355 372 1623 443 μέλλοντα
1654 371 1717 438 ἐξ

140 466 280 522 αὐτοῦ
308 465 630 534 γεννᾶσθαι,
649 466 741 520 τὸν
758 464 1005 534 λέγοντα·
1043 483 1061 516 ι
1092 463 1252 518 Κατὰ
1281 463 1380 536 τὴν
1411 465 1598 518 πίστιν
1620 482 1716 518 σου

138 558 399 631 γενηθήτω
429 575 538 613 σοι.
568 577 588 610 ›
617 557 839 620 Εἰκόνες
866 556 961 610 καὶ
989 555 1223 610 ἐνταῦθα
1251 556 1597 627 πραγμάτων
1621 557 1716 610 καὶ

133 652 452 722 ὁμοιότητες.
488 651 644 703 Δίτεῖ
673 648 872 720 ἄρτους
903 651 932 702 6
966 648 1132 702 Δαϐἱδ
1160 649 1313 722 παρὰ
1353 649 1449 702 τοῦ
1495 648 1716 720 Ἀϐιμέ-

132 745 231 814 λεχ.
277 745 333 796 '0
365 742 426 796 δέ
462 759 596 812 φησι
629 741 769 813 πρὸς
802 741 984 796 αὐτόν·
1015 741 1130 794 Οὐκ
1167 741 1304 794 εἰσὶν
1346 741 1501 812 ἄρτοι
1535 741 1650 795 ἀλλ’
1681 741 1711 813 ἦ

127 839 170 890 οἱ
196 835 564 908 ἁφιερωμένοι
605 834 671 887 ὲκ
715 831 1007 906 προσώπου
1055 832 1285 905 Κυρίου.
1336 833 1507 888 Πάλιν
1551 833 1712 888 ἄλλου

129 929 279 1000 νόμου
310 928 392 980 δεῖ
417 928 571 998 ἡμᾶς
603 925 998 997 μνημονεῦσαι.
1043 925 1101 978 Ὁ
1128 924 1221 978 τοῦ
1249 925 1528 990 Μωῦσέως
1551 928 1714 998 νόμος

129 1019 352 1090 ἔγραψεν
387 1020 450 1072 ἐν
488 1020 610 1082 ταῖς
645 1017 890 1081 τελεταῖς
919 1019 1017 1089 τῆς
1048 1018 1306 1089 λατρείας
1345 1022 1467 1083 ταῖς
1493 1022 1715 1092 γινομέ-

127 1130 235 1175 ναις
256 1110 397 1165 κατὰ
423 1111 525 1182 τὴν
558 1111 773 1182 ἡμέραν
811 1109 904 1163 τοῦ
937 1110 1241 1176 Σαϐϐάτου,
1273 1110 1483 1166 δώδεκα
1514 1113 1713 1184 ἄρτους

129 1205 351 1278 θερμοὺς
372 1203 687 1272 πεφθέντας
715 1201 936 1273 τεθῆναι
962 1203 1058 1256 ἐπὶ
1077 1203 1180 1273 τῆς
1201 1204 1504 1276 τραπέζης.
1536 1207 1710 1259 Ὅπου

127 1298 178 1353 δὲ
208 1297 404 1368 θέρμη,
433 1297 552 1349 ἐκεῖ
579 1295 712 1366 πῦρ.
741 1295 1066 1364 Λεγέτωσαν
1094 1295 1190 1349 νῦν
1218 1299 1354 1367 ἡμῖν
1376 1297 1426 1350 οἰ
1470 1298 1710 1353 Ἰουδαῖοι

129 1391 231 1454 πῶς
257 1388 494 1462 τηροῦσι
519 1387 583 1440 τὸ
611 1387 913 1452 Σάϐϐατον,
944 1388 1039 1441 καὶ
1065 1387 1128 1440 τὸ
1156 1387 1269 1459 πῦρ
1296 1389 1488 1442 ἆπτειν
1511 1407 1712 1462 παραι-

127 1483 349 1546 τσῗινται,
374 1483 514 1534 ὅπου
547 1482 598 1533 οἱ
631 1481 798 1550 ἱερεῖς
833 1480 1063 1534 ἅπτουσι
1090 1480 1223 1553 πῦρ,
1257 1481 1351 1534 καὶ
1385 1481 1583 1552 ἄρτους
1608 1483 1709 1536 πέ-

125 1575 309 1644 ψαντες
341 1571 587 1643 θερμοὺς
615 1570 986 1644 παρατιθέασι
1014 1588 1028 1638 ;
1061 1571 1153 1642 Μὴ
1195 1571 1307 1640 ἐγὼ
1337 1573 1496 1642 μόνος
1527 1591 1708 1645 παρα·-

125 1665 280 1718 6αίνω
308 1664 374 1717 τὸ
402 1663 719 1728 Σάϐϐατονς
759 1663 890 1716 Ἰδοὺ
916 1665 964 1716 οἱ
993 1664 1160 1734 ἱερεῖς
1184 1665 1312 1727 τοὺς
1344 1664 1582 1736 θερμοὺς
1612 1665 1710 1718 πέ-
1739 1687 1783 1743 Β

124 1773 336 1810 πτουσιν
362 1759 422 1810 ὲν
454 1755 743 1826 Σαϐϐάτῳ,
775 1756 870 1810 καὶ
899 1755 1200 1828 περιτομὴν
1225 1755 1460 1810 διδόασιν
1482 1758 1540 1809 ὲν
1567 1757 1710 1811 Σαϐ-

123 1849 278 1919 ϐάτῳ.
329 1849 511 1903 Ὅπου
556 1847 616 1901 δὲ
675 1847 967 1920 περιτομὴ,
1016 1850 1136 1901 ἐκεῖ
1183 1849 1278 1901 καὶ
1327 1849 1567 1921 σίδηρος,
1617 1850 1711 1904 καὶ

122 1942 364 2010 σπόγγοι,
401 1939 499 1994 καὶ
539 1939 611 1994 τά
655 1939 946 1993 ἀκόλουθα.
982 1941 1158 1994 Ὅπου
1204 1941 1539 2013 ἀρτοποιίαι,
1595 1944 1713 1997 ἐκεῖ

123 2032 209 2086 καὶ
229 2032 502 2096 κλίϐανοι,
535 2033 655 2085 ἐκεῖ
674 2032 768 2086 καὶ
791 2031 1083 2102 φρυγάνων
1105 2033 1432 2105 συγκομιδὴ,
1457 2035 1553 2088 καὶ
1575 2034 1712 2099 ὅλως

121 2126 270 2196 ἔργον
288 2125 509 2188 αὐτοῖς,
535 2124 598 2177 τὸ
617 2124 720 2195 τῆς
744 2125 1081 2196 ἀρτοποιίας.
1106 2125 1197 2196 Τῷ
1225 2127 1322 2196 μὲν
1344 2124 1436 2181 οὖν
1467 2127 1582 2198 λαῷ
1601 2128 1711 2184 τῶν

132 2217 395 2272 Ἰουδαίων
425 2216 811 2288 ἀπηγορεύετο
853 2216 927 2288 μὴ
965 2217 1296 2289 ἐργάζεσθαι
1329 2220 1387 2273 ἐν
1425 2220 1708 2291 Σαϐϐάτῳ·

117 2314 222 2375 τοῖς
242 2310 301 2364 δὲ
327 2309 573 2380 ἱερεῦσιν
597 2308 698 2362 οὐκ
718 2303 790 2380 ἦν
812 2309 1284 2380 ἀπηγορευμένον.
1323 2309 1422 2364 Διὰ
1441 2310 1599 2364 τοῦτο
1617 2313 1712 2365 καὶ

119 2403 243 2472 ἡμῖν
276 2399 378 2454 καὶ
408 2401 581 2453 πᾶσιν
605 2399 829 2469 ἀφίεται
856 2400 917 2453 τὸ
954 2401 1012 2454 ὲν
1050 2402 1319 2472 Σαϐϐάτῳ
1354 2402 1710 2473 ἐργάζεσθαιο

120 2493 338 2565 καὶγὰρ
372 2493 472 2547 καὶ
508 2494 674 2563 ἡμεῖς
709 2492 912 2557 πάντες
940 2492 1211 2562 βασίλειον
1240 2495 1559 2566 ἱεράτευμα.
1595 2496 1711 2550 Πά-

118 2586 200 2640 λαι
223 2587 324 2657 μὲν
347 2579 446 2638 οὖν
462 2587 578 2648 τοῖς
602 2582 840 2656 ἱερεῦσιν
856 2584 1065 2654 ἠφίετο·
1089 2587 1203 2656 (55)
1221 2586 1410 2658 ἐπειδὴ
1431 2589 1526 2640 καὶ
1547 2589 1712 2658 ἡμεῖς

120 2679 425 2749 γεγόναμεν
455 2675 730 2746 βασίλειον
767 2676 1063 2748 ἱεράτευμα
1096 2678 1189 2732 καὶ
1227 2678 1380 2743 ἔθνος
1407 2678 1580 2748 ἅγιον.
1603 2677 1710 2732 Τοῦ

120 2771 273 2838 νόμου
312 2766 655 2838 γράψαντος·
699 2767 788 2819 Ἐν
828 2769 894 2838 τῇ
934 2768 1122 2840 ἡμέρᾳ
1153 2767 1246 2822 τοῦ
1279 2769 1558 2822 Σαϐϐάτου
1585 2769 1713 2831 τοὺς

120 2861 316 2914 δώδεκα
379 2859 586 2929 ἄρτους
639 2857 884 2912 τίθεσθαι
943 2861 1001 2912 ὲν
1051 2861 1322 2933 τραπέζῃο
1373 2861 1556 2932 ἄρτων
1602 2859 1712 2933 γὰρ

119 2955 515 3026 ἀφιερωμένων
548 2952 798 3017 ἐκείνων,
848 2955 914 3006 ὲκ
956 2953 1057 3023 τῆς
1094 2952 1376 3023 τραπέζης
1425 2953 1540 3025 ('56)
1589 2952 1711 3023 ᾔτει

3304 257 3414 315 162

1820 372 1946 428 dem
1979 372 2158 443 (esse:
2215 370 2287 426 ob
2337 385 2462 427 eum
2511 370 2606 442 qui
2655 386 2725 428 ex
2772 372 2869 429 illo
2916 379 3100 430 ortum
3135 373 3412 436 ducturus

1817 472 1958 529 erat,
1988 465 2080 535 qui
2101 465 2214 520 ait:
2253 483 2272 516 ι
2303 463 2424 519 Fiat
2458 464 2557 519 tibi
2587 467 2890 522 secundum
2927 467 3088 524 ﬁdem
3103 475 3255 524 tuam
3279 469 3346 526 ⁸⁸.
3383 488 3407 527 ι

1815 555 2033 612 Adsunt
2064 557 2156 612 hic
2183 571 2404 627 quoque
2447 571 2634 612 rerum
2682 558 2948 630 imagines
2978 561 3410 622 similitudines-

1817 667 1945 722 que.
1992 650 2244 705 Postulat
2295 665 2468 720 panes
2531 650 2703 706 David
2763 654 2832 707 ab
2876 652 3269 725 Abimelecho;
3324 673 3416 714 re-

1821 743 2058 815 spondet
2087 744 2201 798 illi:
2235 742 2385 796 Nulli
2429 751 2562 799 sunt
2592 760 2761 814 panes
2793 757 2991 815 praeter
3019 762 3116 803 eos
3137 750 3232 818 qui
3269 765 3409 806 con-

1815 835 2017 892 secrati
2071 845 2200 891 sunt
2247 851 2316 890 ex
2377 847 2680 908 conspectu
2728 838 2967 894 Domini.
3029 841 3274 898 Alterius
3317 842 3410 898 hic

1813 927 1994 982 denuo
2023 926 2159 996 legis
2189 927 2398 980 mentio
2432 926 2683 983 facienda
2717 936 2821 984 est.
2855 928 3092 1000 Scripsit
3126 930 3343 1003 Moyses
3359 933 3408 966 "

1809 1019 1866 1073 in
1921 1019 2040 1088 lege
2090 1017 2158 1073 de
2219 1019 2626 1077 initiationibus
2669 1025 2814 1078 sacri
2845 1023 3026 1079 cultus
3055 1023 3144 1080 die
3180 1023 3406 1082 Sabbati

1813 1109 2109 1174 faciendis,
2153 1109 2445 1165 duodecim
2476 1127 2648 1181 panes
2670 1112 2880 1169 calidos
2901 1123 3088 1170 coctos
3122 1117 3408 1186 ponendos

1812 1217 1936 1258 esse
1956 1216 2124 1271 supra
2153 1217 2422 1257 mensam.
2453 1201 2558 1258 Ubi
2595 1211 2778 1258 autem
2804 1207 3110 1276 calefactio,
3143 1209 3216 1264 ibi
3240 1211 3406 1281 ignis.

1813 1293 2009 1349 Dicant
2039 1293 2131 1348 hic
2156 1294 2316 1349 nobis
2347 1292 2543 1360 Judaei,
2568 1312 2740 1366 quare
2765 1297 3062 1353 Sabbatum
3089 1301 3408 1368 observant,

1811 1399 1922 1454 quo
1973 1383 2153 1454 ignem
2214 1383 2518 1440 accendere
2571 1396 2872 1454 recusant;
2905 1404 3030 1444 cum
3087 1393 3408 1448 sacerdotes

1813 1474 1993 1543 ignem
2024 1475 2394 1530 accenderent
2419 1514 2434 1540 ,
2468 1484 2770 1547 coctosque
2795 1495 2965 1549 panes
2995 1482 3204 1538 calidos
3232 1498 3406 1554 appo-

1810 1565 2047 1618 nerent?
2078 1563 2223 1618 Num
2281 1581 2382 1636 ego
2441 1566 2594 1622 solus
2625 1570 3004 1640 transgredior
3056 1570 3360 1628 Sabbatum
3381 1574 3406 1626 'l

1812 1652 1955 1709 Ecce
1999 1655 2106 1725 ipsi
2141 1657 2458 1711 sacerdotes
2516 1657 2725 1714 calidos
2758 1675 2927 1729 panes
2957 1671 3273 1731 apponunt,
3311 1679 3407 1718 co-

1810 1753 2097 1816 quuntque
2154 1744 2419 1812 Sabbato,
2462 1755 2518 1802 et
2565 1749 2964 1804 circumcidunt
2996 1749 3270 1807 Sabbato?
3299 1752 3405 1809 Ubi

1811 1849 1994 1894 autem
2017 1839 2395 1908 circumcisio,
2446 1841 2522 1897 ibi
2550 1841 2781 1908 ferrum,
2817 1845 3083 1914 spongiae,
3121 1852 3175 1900 et
3205 1854 3406 1902 caetera

1810 1947 1932 2002 qua:
1958 1931 2026 1986 ad
2057 1947 2173 1988 rem
2209 1933 2507 2004 pertinent.
2543 1933 2646 1989 Ubi
2667 1936 2823 2006 panis
2847 1936 3148 2002 confectio,
3181 1937 3256 1992 ibi
3287 1938 3404 1994 for-

1811 2039 2000 2091 naces,
2057 2025 2135 2080 ibi
2183 2035 2594 2082 sarmentorum
2642 2039 3016 2095 commeatus;
3071 2044 3136 2084 ac
3182 2031 3406 2086 demum

1812 2132 1951 2187 opus
1980 2117 2052 2171 ab
2097 2117 2208 2172 illis
2255 2119 2539 2189 peragitur
2597 2133 2706 2190 quo
2735 2136 2908 2190 panes
2965 2120 3408 2177 conﬁciant.Ju-

1812 2209 2056 2264 daedrum
2104 2211 2290 2280 itaque
2344 2212 2546 2282 populo
2588 2214 2816 2267 vetitum
2867 2220 3008 2277 erat,
3043 2229 3113 2269 ne
3165 2215 3408 2271 Sabbato

1811 2315 1950 2372 Opus
1996 2299 2288 2357 facerent:
2325 2303 2718 2359 sacerdotibus
2777 2320 2906 2360 vero
2965 2306 3020 2362 id
3064 2306 3407 2377 prohibitum

1811 2407 1923 2447 non
1955 2399 2094 2446 erat.
2131 2392 2476 2466 Quapropter
2513 2394 2674 2449 nobis
2706 2396 3078 2466 omnibusque
3125 2396 3404 2467 permitti-

1811 2489 1905 2538 tur
1939 2483 1997 2538 in
2032 2482 2277 2540 Sabbato
2305 2485 2550 2555 operari,
2579 2500 2706 2540 cum
2733 2501 2836 2542 nos
2875 2502 3068 2542 omnes
3105 2488 3280 2543 simus
3311 2501 3404 2542 re-

1811 2575 1932 2646 gale
1961 2574 2358 2630 sacerdotium.
2386 2572 2530 2630 Olim
2554 2575 2721 2646 igitur
2763 2574 3147 2632 sacerdotibus
3170 2576 3406 2646 permit-

1811 2667 2028 2723 tebatur
2059 2683 2074 2719 :
2108 2667 2270 2722 nobis
2299 2682 2521 2737 quoque
2565 2666 2828 2738 quoniam
2861 2683 3056 2723 sumus
3098 2667 3285 2737 regale
3311 2682 3404 2722 sa-

1811 2759 2142 2825 cerdotium,
2195 2775 2332 2830 gens
2365 2767 2579 2819 sancta.
2619 2759 2863 2830 idipsum
2919 2759 3256 2830 permissum
3291 2768 3400 2814 est.

1815 2848 2104 2908 Scribente
2136 2852 2276 2922 lege,
2305 2852 2364 2906 in
2402 2852 2492 2907 die
2513 2849 2742 2906 Sabbati
2774 2850 3069 2906 duodecim
3100 2866 3271 2922 panes
3305 2867 3402 2906 su-

1812 2959 1910 3014 pra
1938 2957 2186 2998 mensam
2219 2942 2504 3014 ponendos
2537 2958 2683 3008 esse,
2723 2957 2792 2997 ex
2821 2942 2931 2998 illis
2967 2943 3024 2996 in
3048 2958 3238 2998 mensa
3267 2958 3404 2998 con-

118 3048 143 3097 6
168 3045 330 3097 Δαϐὶδ
357 3043 463 3115 τὴν
489 3044 723 3114 τροφήν.
770 3043 828 3096 Ὁ
852 3043 910 3096 δὲ
948 3042 1237 3113 ’Δϐιμέλεχ
1258 3042 1429 3111 ἔλεγε·
1465 3061 1483 3093 ι
1513 3043 1578 3095 El
1605 3042 1710 3094 δια-

1814 3035 2045 3090 secratis
2097 3034 2336 3105 panibus
2363 3035 2681 3106 postulabat
2711 3032 2882 3089 David
2915 3033 3020 3091 sibi
3052 3035 3399 3091 alimentum.

118 3134 518 3206 πεφυλαγμένα
562 3133 635 3186 τὰ
681 3132 960 3205 παιδάρια,
1015 3134 1156 3206 πλὴν
1208 3133 1316 3188 άπὸ
1364 3132 1640 3202 γυναικός.
1683 3151 1702 3184 ι

117 3221 233 3282 ’ἐξδέ
263 3245 359 3298 μοι
385 3227 600 3290 λοιπὸν,
631 3226 690 3279 ἐν
716 3224 1056 3298 παρεκϐάσει
1077 3222 1174 3278 τοῦ
1200 3224 1383 3293 λόγου,
1409 3223 1708 3293 άσφαλίξου

113 3321 167 3373 τὸ
192 3322 316 3392 είρη
325 3319 520 3390 μένον,
544 3321 574 3372 6
596 3317 807 3381 πιστὸς,
828 3319 922 3370 καὶ
954 3317 1064 3370 νόει
1090 3333 1180 3387 μοι
1203 3316 1262 3370 τὸ
1281 3316 1592 3387 λεγόμενον·
1617 3317 1710 3369 καὶ

112 3414 202 3482 τὴν
237 3410 473 3480 ἁγνείαν
503 3409 857 3480 ἀναλάμϐανε
888 3409 1109 3480 σαρκός.
1131 3409 1193 3461 Εἰ
1220 3407 1331 3480 γάρ
1354 3410 1383 3462 6
1421 3407 1709 3478 Ἀϐιμέλεχ

110 3502 223 3555 τότε
241 3501 426 3555 ταῦτα
448 3500 816 3572 παρήγγειλε,
841 3500 958 3564 πῶς
977 3501 1097 3571 οὐχὶ
1119 3501 1214 3554 καὶ
1230 3500 1708 3573 παραφυλαιςτέοη

110 3594 213 3646 Καὶ
241 3593 426 3656 οὕτως
464 3592 660 3644 ἔλαϐεν
703 3593 732 3645 ὁ
779 3592 964 3657 Δαϐὶδ,
1001 3593 1097 3646 καὶ
1136 3593 1293 3665 ἡσθιε
1334 3597 1460 3658 τοὺς
1486 3595 1706 3667 ἄρτους,

108 3688 196 3740 καὶ
221 3689 281 3740 ἐν
313 3685 592 3758 Σαϐϐάτῳ
623 3685 752 3749 ἴσως
785 3685 994 3739 ἐλαϐεν.

171 3887 264 3941 ﬂ.
321 3885 489 3940 Ἐπεὶ
520 3879 613 3939 οὖν
644 3887 694 3938 οἱ
735 3885 975 3940 Ἰουδαῖοι
1025 3885 1444 3957 κατεμέμφοντο
1481 3886 1559 3958 τῷ
1600 3888 1710 3940 Σω-

104 3979 247 4052 τῆρι,
291 3978 392 4032 διὰ
429 3976 495 4030 τὸ
526 3979 586 4030 ἐν
623 3976 891 4048 Σαϐϐάτῳ
918 3978 1044 4040 τοὺς
1083 3977 1328 4049 μαθητὰς
1357 3978 1553 4032 τίλλειν
1582 3979 1710 4032 στά-

107 4091 238 4142 χυας
265 4071 368 4125 καὶ
396 4070 623 4123 ἐσθίειν·
648 4068 738 4122 διὰ
762 4070 926 4122 τοῦτο
949 4071 1312 4142 εὐκαιρότατα
1335 4073 1472 4142 ὲμνη
1483 4071 1709 4141 μόνευσε

104 4165 200 4231 τῆς
233 4164 495 4234 ἱστορίας
531 4163 630 4233 τῆς
675 4165 733 4217 ἐν
763 4163 1026 4235 Σαϐϐάτῳ
1069 4163 1396 4234 γενομένης·
1442 4163 1528 4216 ἵνα
1560 4163 1710 4237 δείξῃ

105 4257 313 4319 αὐτοῖς,
365 4257 478 4318 ὅτι,
535 4258 586 4308 εἱ
638 4255 776 4332 πρὸς
825 4257 1092 4327 σωτήριον
1142 4257 1348 4328 τροφὴν
1395 4258 1590 4326 ⁴π’λιρίετο
1630 4255 1709 4326 τῷ

103 4348 270 4400 Δαϐὶδ
299 4348 406 4402 καὶ
432 4349 552 4410 τοῖς
589 4349 705 4418 μετ’
733 4347 896 4400 αὑτοῦ
933 4347 1244 4418 ἐφάψασθαι
1282 4350 1463 4420 ἄρτων
1507 4350 1572 4402 ἐκ
1609 4349 1709 4420 τῆς

103 4437 414 4508 τραπέζης,
461 4438 564 4490 οὐκ
609 4433 677 4508 ἦν
724 4437 1171 4508 ἀπηγορευμένον
1220 4440 1314 4492 καὶ
1361 4439 1423 4492 τὸ
1470 4439 1707 4510 στάχυας

100 4528 525 4599 λαμϐάνοντας,
570 4530 667 4582 καὶ
705 4529 987 4598 ψώχοντας
1022 4529 1223 4582 ἐσθίειν
1269 4531 1395 4593 τοὺς
1435 4530 1702 4602 μαθητάς.

105 4640 124 4673 ι
154 4622 298 4676 Οὐδὲ
323 4621 494 4675 τοῦτο
518 4621 788 4689 ἀνέγνωτε
821 4621 850 4673 ὂ
881 4622 1102 4692 ἐποίησε
1138 4622 1323 4685 Δαϐὶδ,
1364 4623 1452 4676 ὅτε
1490 4624 1708 4677 ἐπείναο

100 4733 195 4769 σεν
221 4716 399 4778 αὐτὸς
428 4715 525 4768 καὶ
548 4716 597 4784 οἱ
624 4713 740 4784 μετ’
763 4713 952 4771 αὑτοῦ.
968 4714 1044 4776 ὡς
1072 4713 1320 4784 εἰσῆλθεν
1345 4716 1425 4777 εἰς
1446 4713 1537 4767 τὸν
1559 4710 1708 4769 οἷκον

92 4809 194 4862 τοῦ
222 4808 398 4870 Θεοῦ,
435 4783 690 4870 καὶ.τοὺς
723 4807 919 4877 ἄρτους
951 4807 1048 4876 τῆς
1075 4806 1387 4875 προθέσεως
1413 4807 1652 4876 ἕφαγεν;
1682 4826 1701 4860 ›

96 4900 302 4970 Ἔχεις
329 4899 466 4966 ἑξῆς
497 4897 934 4967 συνεζευγμένην
956 4899 1051 4951 καὶ
1071 4899 1172 4969 τὴν
1203 4899 1444 4970 ἱστορίαν
1461 4900 1590 4972 περὶ
1608 4901 1708 4971 τῆς

92 4994 280 5065 ξηρᾶς
310 4993 523 5064 χειρός·
547 4992 692 5054 ὅπως
715 4991 743 5042 6
767 4991 957 5063 Σωτὴρ
983 4994 1016 5062 ἡ
1025 4991 1140 5062 μῶν
1162 4994 1241 5056 εἰς
1262 4993 1361 5064 τὴν
1383 4992 1706 5064 συναγωγὴν

89 5086 370 5138 εἰσελθὼν
414 5085 518 5154 (δεῖ
554 5084 664 5154 γὰρ
707 5086 854 5155 ἡμᾶς
897 5085 1276 5157 παραδραμεῖν
1323 5085 1422 5158 τὴν
1465 5087 1706 5159 ἱστορίαν

86 5176 184 5229 διὰ
208 5177 280 5229 τὸ
323 5176 504 5247 μῆκος
537 5175 647 5228 τῶν
677 5175 871 5243 λόγων,
910 5176 996 5230 ἵνα
1036 5178 1109 5248 μὴ
1145 5179 1456 5250 προσκορὴς
1482 5179 1706 5249 γένηται

88 5267 123 5333 ἠ
167 5267 503 5338 άκρόεισις·)
539 5266 634 5319 καὶ
667 5265 791 5320 ἰδών
811 5283 933 5320 τινα
969 5267 1162 5339 ἔχοντα
1195 5268 1366 5341 ξηρὰν
1395 5272 1574 5342 χεῖρα,
1610 5270 1706 5323 καὶ

93 5356 403 5422 γινώσκων
430 5357 517 5411 ὅτι
568 5358 779 5430 ἕτοιμοί
813 5359 950 5413 εἰσιν
975 5361 1025 5414 οἱ
1060 5361 1298 5415 Ἰουδαῖοι
1331 5363 1411 5426 είς
1444 5362 1505 5415 τὸ
1535 5379 1705 5434 κατη-

1813 3126 2120 3198 Respondit
2174 3125 2549 3182 Abimelech:
2613 3144 2631 3178 ι
2669 3125 2728 3181 Si
2789 3127 2946 3197 pueri
3009 3126 3404 3183 abstinuerunt

1813 3219 2052 3274 maxime
2083 3233 2114 3272 a
2154 3219 2480 3276 mulieribus
2503 3219 2570 3272 ⁵ο.
2609 3237 2628 3271 ι
2665 3216 2786 3273 Jam
2821 3227 2878 3272 tu
2907 3219 3062 3283 mihi,
3096 3221 3201 3289 qui
3227 3219 3402 3276 fidelis

1812 3325 1894 3373 es,
1927 3319 1988 3365 ut
2016 3311 2298 3382 paululum
2321 3310 2719 3381 digrediamur,
2747 3312 2834 3366 his
2863 3311 2930 3366 ad
2952 3313 3220 3367 cautelam
3247 3321 3404 3369 utere

1812 3404 2016 3469 verbis,
2052 3411 2107 3459 et
2134 3405 2282 3474 quod
2312 3404 2518 3459 dicitur
2561 3405 2958 3468 animadverte,
2986 3405 3404 3460 castimoniam-

1812 3511 1920 3566 que
1952 3496 2140 3551 carnis
2179 3511 2420 3552 assume.
2455 3493 2512 3548 Si
2544 3509 2782 3565 namque
2835 3495 2891 3549 id
2952 3505 3084 3549 tunc
3143 3494 3404 3566 praecepit

1811 3589 2150 3651 Abimelech,
2185 3603 2286 3642 cur
2335 3605 2445 3642 non
2499 3587 2948 3642 observandum?
2982 3587 3075 3641 Sic
3106 3586 3275 3640 David
3310 3602 3404 3641 ac-

1811 3681 1976 3750 cepit,
2023 3695 2304 3751 panesque
2359 3680 2639 3748 comedit,
2671 3694 2737 3735 ac
2784 3678 3040 3735 fortassis
3070 3683 3128 3734 in
3159 3680 3402 3737 Sabbato

1811 3772 2039 3840 accepit.

1883 3885 1970 3940 M.
2005 3884 2142 3940 Cum
2190 3884 2377 3956 itaque
2405 3883 2578 3939 Judzei
2635 3883 2974 3938 Salvatorem
3006 3888 3398 3952 coarguerent,

1820 3976 1967 4049 quod
2001 3977 2254 4048 discipuli
2287 3977 2410 4048 ejus
2441 3978 2496 4032 in
2547 3975 2797 4030 Sabbato.
2817 3976 3000 4046 spicas
3027 3976 3292 4030 vellerent
3316 3981 3402 4028 at-

1811 4087 1918 4142 que
1983 4072 2373 4139 comederent,
2430 4070 2896 4142 opportunissime
2961 4069 3052 4124 ille
3110 4069 3401 4123 historiam

1815 4161 2054 4218 Sabbato
2076 4173 2284 4233 gestam
2313 4161 2786 4220 commemoravit,
2813 4167 2872 4212 ut
2891 4158 3205 4213 ostenderet
3237 4158 3397 4227 ipsis,

1814 4258 1858 4312 si
1896 4257 2088 4311 Davidi
2119 4266 2174 4312 et
2208 4257 2510 4312 comitibus
2555 4256 2678 4325 ejus
2718 4268 3044 4308 concessum
3077 4251 3179 4304 fuit
3208 4259 3267 4304 ut
3298 4266 3400 4320 pro

1813 4352 1990 4406 salute
2030 4367 2201 4420 panes
2225 4366 2291 4405 ex
2322 4366 2480 4404 sacra
2514 4365 2704 4404 mensa
2737 4347 3005 4402 illeCibllm
3030 4347 3396 4415 attingerent;

1815 4458 1925 4496 non
1963 4441 2135 4496 fuisse
2179 4443 2473 4512 discipulis
2510 4441 2737 4496 vetitum
2795 4445 2854 4491 ut
2898 4438 3082 4508 spicas
3111 4437 3394 4502 vellerent,

1814 4544 1868 4589 et
1905 4534 2271 4589 confricarent
2293 4535 2360 4588 ad
2382 4533 2800 4588 comedendum.
2869 4549 2886 4582 ι
2910 4532 3130 4593 Annon,
3193 4531 3395 4600 inquit,

1815 4627 2025 4698 legistis
2048 4628 2179 4697 quid
2213 4627 2404 4681 fecerit
2438 4626 2628 4687 David.
2652 4640 2776 4680 cum
2802 4624 3038 4679 esurirct
3063 4626 3178 4693 ipse
3208 4630 3264 4677 et
3302 4622 3397 4693 qui

1814 4734 1938 4773 cum
1967 4735 2032 4774 eo
2053 4729 2208 4774 erant
2230 4759 2244 4783 ,
2271 4719 2549 4788 quomodo
2593 4719 2818 4770 intravit
2853 4718 2908 4770 in
2933 4715 3157 4770 domum
3203 4714 3321 4780 Dei,
3342 4724 3400 4772 et

1816 4825 1984 4881 panes
2034 4810 2429 4880 propositionis
2476 4809 2749 4863 comedit?
2776 4829 2796 4862 ι
2846 4807 3028 4862 ἰλῐοὺθε
3071 4809 3270 4862 exinde
3300 4807 3399 4862 ad~

1810 4903 2061 4972 junctam
2098 4902 2384 4956 historiam
2412 4901 2501 4956 'de
2539 4902 2694 4956 arida
2736 4915 2901 4954 manu
2930 4918 2942 4954 :
2979 4915 3090 4970 quo
3124 4906 3287 4970 pacto
3317 4899 3398 4953 vi-

1814 4994 2012 5047 delicet
2071 4992 2324 5049 Salvator
2369 5001 2578 5058 noster,
2623 4994 2908 5062 ingressus
2961 4991 3018 5045 in
3063 5003 3396 5061 synagogam

1815 5085 1998 5157 (nobis
2051 5101 2289 5157 namque
2327 5085 2699 5156 percurrenda
2742 5084 2974 5139 historia
3018 5089 3122 5143 est,
3171 5082 3242 5135 ob
3275 5081 3398 5150 ejus

1813 5179 2208 5249 prolixitatem,
2264 5195 2335 5234 ne
2377 5194 2639 5235 nauseam
2693 5178 2869 5248 pariat
2892 5172 3291 5243 audientibus),
3343 5181 3398 5227 et

1813 5285 1939 5324 cum
1974 5270 2204 5329 vidisset
2255 5272 2548 5341 quemdam
2608 5285 2832 5324 manum
2881 5267 3092 5336 aridam
3150 5265 3395 5318 habere:

1812 5370 2111 5433 nossetque
2144 5360 2366 5420 Judaeos
2426 5363 2495 5418 ad
2543 5358 2950 5417 criminandum
2991 5363 3216 5430 paratos
3249 5368 3398 5423 esse,

170 5534 223 5568 ⁸³
265 5535 466 5592 Matth.
501 5552 592 5602 lx,
625 5537 718 5592 29.
798 5539 843 5572 ”
913 5538 1088 5596 Levit.
1123 5559 1284 5611 xxiv,
1317 5543 1370 5598 5.
1447 5543 1494 5576 ⁵ο
1533 5540 1554 5596 l
1588 5540 1722 5614 Reg.
1755 5557 1846 5598 nl
1874 5584 1888 5611 ,
1925 5541 1978 5598 4.

178 5688 302 5748 f35i
338 5675 546 5753 Locus.
575 5699 635 5750 ut
654 5691 896 5768 videtur,
925 5697 1169 5754 mutilus.

1879 5696 1992 5770 (36)
2032 5697 2387 5770 Anglicanus,
2419 5695 2544 5767 έξῆς
2569 5693 2870 5767 τραπέζης.
