3890 6200
474 252 587 313 ῖϐὃ

1654 247 1715 303 S.
1760 238 2234 300 ATHANASIUS.
2273 272 2345 284 -—
2381 241 2617 302 DUBIA.

3651 252 3755 313 ισι

471 365 679 423 dixerit
716 366 783 422 ad
817 380 945 422 eum
970 364 1132 436 cujus
1173 363 1330 420 arida
1376 377 1577 420 manus
1625 370 1747 418 erat
1777 379 1793 415 :
1828 378 1849 412 ι
1885 356 2060 428 Surge

2168 360 2371 430 γορεῖν,
2397 358 2546 429 λέγει
2582 359 2721 433 πρδς
2747 361 2853 416 τδνο
2875 361 3069 435 ἔχοντα
3099 364 3199 438 τὴν
3229 366 3389 439 χεῖρα
3421 365 3520 439 τὴν
3561 365 3753 440 ξηράνο

474 459 558 527 (et
590 458 696 527 sta)
728 459 783 513 in
813 459 994 513 medio
1013 458 1085 513 ⁸⁸.
1110 477 1129 510 ι
1167 456 1527 512 Resurrectio
1556 451 2063 524 resurgerejussit:

484 569 506 602 ι
535 549 710 621 Surge
739 558 792 604 et
820 558 905 607 sta
959 550 1016 604 in
1060 551 1260 605 medio.
1300 568 1321 602 ι
1350 548 1471 604 Non
1519 547 1668 619 quod
1701 546 1769 601 ad
1810 558 2067 616 pompam

477 643 821 697 curationem
875 641 1039 697 edere
1076 643 1237 697 vellet
1271 656 1285 693 :
1323 648 1486 695 norat
1550 640 1751 710 quippe
1794 653 1892 707 pro
1928 645 2068 690 tem-

478 735 631 805 poris
689 734 1006 789 conditione
1057 733 1245 788 dicere
1303 733 1507 786 etiam-
1580 750 1597 785 ι
1637 729 1798 794 Vide,
1860 726 2067 783 nemini

475 827 767 882 dixeris”.
795 847 815 879 ι
833 824 1035 880 Verum
1069 825 1156 878 ubi
1184 826 1235 879 id
1267 833 1482 894 tempus
1514 822 1772 893 postulat,
1791 819 1932 873 celat
1961 817 2065 871 mi-

477 923 767 987 raculum;
803 929 991 974 contra
1028 918 1117 972 ubi
1143 916 1383 971 Sabbatu
1414 915 1740 969 miraculum
1778 911 1942 966 edere
1972 923 2071 979 par

474 1014 595 1077 est,
647 1021 778 1067 tunc
828 1011 1175 1084 apertissime
1232 1018 1514 1081 operatur.
1572 1005 1766 1073 Quaare
1812 1013 1863 1059 et
1915 1002 2102 1067 volve.

476 1105 897 1176 Evangeliormn
934 1104 1163 1173 scripta,
1189 1112 1244 1157 et
1261 1119 1348 1156 me
1379 1117 1507 1156 vere
1543 1101 1729 1155 dicere
1757 1097 2066 1167 deprehen-

477 1198 593 1254 des.
628 1196 1007 1253 Observabant
1029 1201 1082 1253 in
1112 1198 1353 1252 Sabbato
1385 1194 1685 1264 insigniora
1728 1192 1873 1245 edita
1897 1189 2068 1242 mira-

475 1294 601 1348 cula
627 1310 641 1346 :
672 1293 793 1361 gul,
823 1305 1032 1360 inlaeso,
1091 1295 1186 1341 aut
1235 1283 1557 1357 quomodo?
1588 1302 1609 1335 ι
1644 1283 1690 1335 A
1728 1280 1930 1336 saeculo
1960 1277 2066 1349 53

474 1399 583 1439 non
620 1396 706 1438 est
737 1384 1007 1443 auditum,
1045 1380 1189 1451 quod
1224 1382 1350 1450 quis
1399 1377 1677 1449 aperuerit
1706 1374 1897 1428 oculos
1933 1371 2067 1427 caeci

472 1476 588 1528 nati
619 1473 724 1525 ⁵³.»
759 1471 871 1525 Hoc
902 1473 1226 1526 miraculum
1259 1486 1367 1524 non
1401 1471 1511 1522 alio
1539 1482 1703 1538 quam
1728 1466 1953 1520 Sabbati
1978 1463 2067 1518 die

470 1564 661 1619 edidit.
690 1563 825 1617 Cum
850 1563 995 1618 enim
1023 1579 1088 1617 ex
1125 1569 1288 1632 sputo
1337 1560 1485 1614 humi
1511 1560 1727 1628 dejecto
1762 1561 1933 1610 lutum
1989 1554 2066 1608 le-

469 1657 683 1718 cissrt,
719 1654 896 1707 linivit
925 1655 1047 1722 ejus
1086 1654 1314 1718 oculos,
1356 1651 1614 1720 lnistque
1662 1649 1815 1702 illum
1869 1647 1924 1700 in
1978 1643 2065 1699 Si-

2179 469 2201 502 c
2230 451 2517 524 Ἀνάστηθι
2540 455 2622 516 εἰς
2635 454 2696 508 τὸ
2714 454 2898 526 μέσον.
2920 476 2940 508 ι
2975 458 3038 511 Ἠ
3055 459 3352 523 ἀνάστασις
3377 458 3438 513 τὸ
3457 460 3761 534 ἀναστῆναι

2170 543 2477 598 ἐκέλευσεν·
2516 564 2535 597 ι
2571 547 2882 620 Ἀνάστηθι,
2911 550 3006 604 καὶ
3039 550 3195 622 στῆθι
3219 552 3301 616 εἰς
3321 551 3384 605 τὸ
3415 551 3598 623 μέσον.
3630 572 3650 606 ι
3681 553 3758 609 Οὐ

2170 636 2435 709 κομπώδη
2458 637 2557 710 τὴν
2580 640 2822 712 ἰατρείαν
2837 642 3219 714 ἐργαζόμενος·
3240 640 3347 698 οἶδε
3364 643 3474 716 γὰρ
3488 645 3759 717 εὐκαίρως

2169 727 2371 798 λέγειν,
2392 749 2410 782 ι
2425 732 2585 802 Ὅρα,
2608 733 2794 803 μηδενὶ
2809 735 2988 808 εἴπῃςο
3005 756 3023 787 ι
3041 734 3155 789 ἀλλ’
3177 737 3266 789 ὅτε
3286 736 3389 807 μὲν
3423 736 3569 790 ἔστιν
3581 736 3762 791 εὔκαι-

2173 838 2288 893 ρον,
2307 821 2500 893 κρύϐει
2520 824 2581 877 τὸ
2606 824 2886 897 θαυματού
2896 842 3103 899 ργημα·
3122 829 3210 881 ὅτε
3230 828 3283 881 δὲ
3308 828 3388 881 δεῖ
3409 829 3469 883 ἐν
3497 829 3761 901 Σαϐϐάτῳ

2172 910 2681 986 θαυματουργῆσαι,
2706 917 2828 970 τότε
2855 918 3215 989 φανερώτατα
3240 916 3555 991 ἐργάζεται.
3586 923 3764 994 Ζήτη-

2174 1021 2264 1059 σον
2284 1007 2354 1060 τά
2382 1009 2439 1060 ἐν
2467 1011 2576 1071 τοῖς,
2598 1010 2953 1078 Εύαγγελίοις
2977 1011 3360 1083 γεγραμμένα,
3385 1014 3477 1066 καὶ
3503 1014 3762 1084 εὑρήσεις

2168 1097 2230 1150 τὺ
2256 1098 2453 1170 ἀληθὲς
2493 1100 2602 1154 τῶν
2637 1101 2831 1171 λόγων.
2875 1104 3137 1173 Ἐτήρουν
3165 1105 3222 1156 ἐν
3256 1104 3520 1175 Σαϐϐάτῳ
3548 1104 3618 1158 τὰ
3649 1103 3762 1158 τῶν

2171 1188 2755 1263 θαυματουργημάτων
2789 1192 3168 1265 ἐπιδοξότεραο
3204 1194 3321 1258 πῶς
3354 1196 3448 1248 καὶ
3479 1194 3600 1248 τίνα
3631 1193 3762 1268 τρό-

2171 1299 2307 1349 πον;
2347 1303 2365 1334 ι
2409 1284 2503 1337 Ἐκ
2540 1284 2635 1337 τοῦ
2674 1286 2873 1350 αἰῶνος
2904 1286 3004 1339 οὐκ
3045 1286 3308 1358 ἡκούσθη,
3349 1288 3431 1340 ὃτι
3465 1288 3643 1359 ῆνοιξέ
3674 1305 3763 1353 τις

2168 1374 2480 1447 ὀφθαλμοὺς
2513 1379 2715 1449 τυφλοῦ
2756 1379 3178 1451 γεγεννημένου.
3221 1401 3240 1433 ι
3280 1383 3452 1435 Τοῦτο
3479 1382 3540 1435 τὸ
3569 1383 3763 1453 θαῦμα

2168 1469 2269 1522 οὐκ
2298 1470 2552 1541 ἐποίησεν
2574 1472 2631 1522 ἐν
2662 1470 2827 1543 ἐτέρα
2857 1472 3059 1544 ἡμέρᾳ,
3089 1472 3204 1526 ἀλλῖ
3228 1474 3287 1525 ἐν
3320 1472 3602 1544 Σαϐϐάτῳ.
3638 1475 3760 1546 Πη-

2167 1559 2259 1615 λὸν
2302 1562 2413 1633 γὰρ
2458 1563 2690 1633 ποιήσας
2731 1562 2821 1616 διὰ
2858 1563 2953 1616 τοῦ
2999 1564 3197 1617 πτῦσαι
3236 1565 3430 1633 χαμαὶ,
3467 1564 3761 1635 ἐπιχρίσας

2167 1653 2295 1716 τοὺς
2330 1652 2664 1724 ὀφθαλμοὺς,
2698 1652 2942 1725 ἐπεμψεν
2972 1656 3051 1718 εἰς
3078 1654 3169 1708 τὸν
3196 1655 3438 1725 Σιλωάμ·
3474 1655 3564 1708 καὶ
3592 1651 3764 1727 ἦλθεν

471 1749 612 1804 loam
641 1763 655 1800 :
691 1755 744 1802 et
776 1748 935 1801 rediit
963 1759 1142 1801 caecus
1176 1743 1297 1799 visu
1314 1752 1553 1812 recepto.
1577 1741 1680 1807 Qui
1707 1754 1837 1793 vero
1856 1752 2060 1792 caecum

2168 1746 2195 1798 6
2221 1745 2421 1815 τυφλὸς
2453 1722 2685 1814 βλέπων.
2717 1748 2778 1800 Οἱ
2887 1746 2978 1800 τὸν
3005 1746 3207 1817 τυφλὸν
3250 1722 3449 1808 ἰδόντες
3491 1722 3766 1817 βλέποντα

468 1847 758 1896 cernerent
797 1838 1095 1900 videntem,
1140 1836 1245 1906 ipsi
1278 1850 1390 1889 non
1419 1834 1700 1887 videbant.
1744 1832 1899 1885 Illius
1941 1829 2063 1899 qui-

470 1934 594 1990 dem
628 1933 918 1988 sensibiles
972 1932 1254 1984 oculorum
1291 1927 1510 1998 pupilla:
1537 1934 1740 1994 aperte
1775 1932 1937 1988 sunt;
1966 1919 2064 1974 Ju-

470 2024 711 2078 daeorum
748 2037 879 2076 vero
934 2036 1045 2075 non
1077 2019 1251 2089 aperti
1280 2024 1411 2073 sunt
1440 2016 1622 2082 oculi;
1688 2015 1797 2068 imo
1858 2010 2063 2082 apertis

471 2117 596 2171 licet
625 2116 823 2179 oculis,
855 2129 964 2168 non
992 2112 1270 2173 videbant,
1298 2108 1697 2176 Dominumque
1728 2103 2065 2158 damnabant

470 2208 561 2265 his
591 2209 771 2264 verbis
800 2223 817 2260 :
856 2226 875 2259 ι
906 2204 1028 2261 Non
1076 2211 1163 2259 est
1193 2203 1284 2257 hic
1317 2202 1479 2256 homo
1527 2216 1598 2255 ex
1640 2198 1769 2256 Deo.
1798 2195 2061 2266 quoniam

471 2301 770 2359 Sabbatum
811 2317 919 2356 non
955 2297 1331 2354 observat“.i
1367 2294 1410 2350 Ο
1437 2297 1708 2365 ingentem
1732 2294 2010 2347 vesaniam
2044 2290 2058 2344 l

467 2394 604 2449 Nam
637 2396 799 2464 quale
818 2408 959 2463 opus
996 2392 1201 2446 factum
1232 2388 1363 2443 est?
1413 2387 1645 2457 Sputum
1676 2400 1742 2440 ex
1768 2384 1947 2445 labiis,
1978 2383 2063 2438 di-

470 2488 711 2559 gitisque
768 2484 1037 2538 duntaxat
1087 2483 1260 2537 lutum
1288 2495 1300 2530 :
1327 2480 1557 2548 simplex
1588 2477 1798 2541 unctio,
1834 2492 1944 2530 non
1979 2476 2065 2529 in-

467 2575 793 2633 atrumenlis
827 2575 1078 2638 medicis,
1128 2571 1224 2627 sed
1290 2586 1453 2623 manu
1489 2583 1518 2620 a
1570 2566 1681 2623 Dco
1711 2566 1877 2621 facta.
1919 2565 2062 2631 Quid

467 2669 615 2739 quod
665 2675 846 2721 actum
921 2672 1005 2720 est
1051 2660 1391 2718 criminare?
1472 2658 1652 2714 Habes
1700 2660 1757 2712 in
1821 2656 2062 2714 Sabbato

467 2769 681 2831 gestum
708 2759 1056 2813 miraculum.
1093 2756 1243 2809 Abiit
1282 2767 1485 2816 caecus,
1545 2761 1602 2807 et
1623 2753 1758 2806 abiit
1810 2753 1932 2806 visu
1974 2767 2063 2807 re-

465 2861 647 2924 eepto.
676 2850 732 2905 ld
761 2852 815 2905 in
847 2849 1087 2905 Sabbato
1120 2848 1421 2919 (Christus)
1461 2846 1828 2916 operabatur,
1860 2854 1920 2899 ut
1957 2844 2062 2901 ﬁde

467 2946 671 3015 dignus
692 2944 1007 3006 haberetur,
1039 2956 1164 2995 cum
1202 2940 1256 2994 in
1296 2939 1540 2994 Sabbato
1563 2938 1810 2993 doceret.

539 3037 627 3092 15.
647 3036 808 3091 Aliud
839 3035 1081 3090 occurrit
1114 3033 1247 3088 mihi
1281 3034 1631 3087 miraculum.
1665 3030 2056 3103 Hierosolymis

2083 3078 2126 3134 C

2165 1839 2266 1891 οὐκ
2304 1836 2622 1908 ἀνέϐλεψαν.
2661 1838 2932 1892 Κάκείνου
2971 1839 3069 1909 μὲν
3099 1838 3452 1912 ἠνεῴχθησαν
3475 1842 3531 1894 αἰ
3566 1839 3766 1913 αἰσθη-

2162 1929 2255 1982 ταὶ
2277 1929 2385 1982 τῶν
2405 1930 2672 2000 ὀμμάτων
2698 1931 2877 2001 κόραι,
2915 1932 3182 1985 Ἰουδαίων
3210 1933 3268 1985 δέ
3300 1934 3402 1986 οὐκ
3428 1932 3767 2004 ἠνοίχθησαν

2163 2022 2213 2075 οἰ
2240 2022 2529 2093 ὀφθαλμοί·
2557 2022 2672 2077 ἀλλ’
2702 2024 2917 2094 ἔχοντες
2949 2027 3076 2089 τοὺς
3111 2025 3427 2097 ὀφθαλμοὺς
3458 2027 3767 2097 ἠνεῳγμέ-

2163 2130 2308 2175 νους,
2344 2115 2445 2166 οὐκ
2470 2113 2718 2180 ἔϐλεπον,
2748 2116 2843 2169 καὶ
2870 2116 3198 2188 κατέκριναν
3219 2118 3311 2171 τὸν
3346 2117 3551 2188 Κύριον
3573 2119 3765 2187 λέγον-

2162 2223 2276 2270 τες,
2305 2206 2388 2259 ὅτι
2420 2227 2438 2259 ι
2477 2207 2593 2261 Οὐκ
2635 2207 2781 2262 ἐστιν
2814 2203 2971 2273 οὗτος
2997 2212 3026 2263 6
3057 2209 3346 2281 ἄνθρωπος
3375 2211 3440 2264 ἐκ
3469 2209 3564 2263 τοῦ
3595 2210 3766 2276 Θεοῦ,

2162 2299 2246 2353 ὅτι
2277 2301 2339 2353 τὸ
2367 2299 2644 2354 Σάϐϐατον
2665 2302 2726 2356 ού
2754 2305 2931 2374 τηρεῖ.
2968 2322 2991 2354 ι
3030 2303 3093 2355 Ὢ
3119 2303 3321 2373 πολλῆς
3347 2304 3565 2368 ἁνοίαςί
3597 2308 3769 2360 Ποῖον

2162 2392 2271 2464 γάρ
2301 2392 2461 2464 ἔργον
2493 2395 2725 2462 γέγονε;
2754 2394 2988 2466 Πτύσμα
3015 2396 3122 2449 ἀπὸ
3153 2395 3395 2467 χειλέων.
3431 2397 3541 2450 άπὸ
3559 2398 3755 2453 δακτύ-

2162 2483 2269 2538 λων
2290 2485 2449 2555 μόνον
2476 2485 2506 2537 6
2536 2486 2726 2556 πηλὸς,
2762 2488 3101 2559 περίχρισμα
3120 2487 3284 2553 λιτὸν,
3320 2489 3420 2542 οὐκ
3450 2491 3767 2561 ἐργαλείοις

2166 2576 2452 2647 ἰατρικοῖς,
2479 2577 2616 2632 ἀλλὰ
2633 2579 2778 2650 χειρὶ
2797 2578 3100 2649 θεοποιήτῳ
3117 2582 3498 2651 εἰργασμένον.
3526 2581 3591 2634 Τί
3616 2582 3767 2654 μέμ-

2164 2688 2238 2741 φῃ
2271 2669 2333 2723 τὸ
2372 2671 2651 2743 πραχθένς
2690 2675 2878 2743 Ἔχεις
2926 2673 2985 2725 ὲν
3023 2672 3291 2743 Σαϐϐάτῳ
3333 2675 3767 2748 θαυματούργη-

2165 2777 2262 2833 μα.
2314 2762 2578 2834 Ἀπῆλθεν
2619 2765 2647 2817 6
2677 2764 2897 2833 τυφλὸς,
2939 2764 3035 2818 καὶ
3066 2765 3308 2837 ἀπῆλθεν
3340 2765 3368 2816 6
3395 2767 3599 2836 τυφλὸς
3634 2768 3738 2840 βλὲ

2161 2871 2302 2909 πων.
2324 2855 2435 2908 Καὶ
2464 2857 2522 2909 ἐν
2548 2855 2812 2928 Σαϐϐάτῳ
2836 2857 3029 2922 ἐποίει,
3059 2858 3145 2911 ἵνα
3169 2858 3480 2924 ἀξιόπιστος
3504 2861 3767 2933 γένηται,

2161 2949 2219 3001 ἐν
2244 2947 2508 3019 Σαϐϐάτῳ
2527 2949 2815 3004 διδάσκων.

2233 3040 2320 3095 15.
2360 3042 2510 3111 ’Έχω
2528 3042 2621 3096 καὶ
2641 3041 2770 3096 ἄλλο
2797 3042 3291 3115 θαυματούργημα.
3335 3045 3424 3098 Ἐν
3456 3045 3768 3116 Ἱεροσολύ-

464 3138 585 3185 erat
639 3130 921 3199 probatica
956 3127 1204 3197 quedam
1258 3126 1492 3196 piscina,
1529 3140 1652 3195 qua:
1696 3125 1860 3178 etiam
1907 3139 2056 3179 nunc

2168 3148 2286 3203 μοις
2338 3131 2644 3204 προϐατική
2673 3149 2758 3196 τις
2788 3128 2857 3204 ἦν
2890 3133 3245 3206 κολυμϐήθρα
3264 3174 3281 3198 ,
3312 3137 3407 3189 καὶ
3434 3135 3530 3189 νῦν
3566 3137 3727 3190 ἐστιν
3746 3154 3769 3168 ο

467 3223 580 3277 illic
609 3231 790 3277 exstat
823 3240 837 3275 :
867 3220 1211 3289 habebatque
1231 3219 1475 3289 quinque
1498 3217 1781 3287 porticus;
1816 3215 1911 3271 sed
1938 3216 2055 3286 jam

467 3316 747 3370 destructa
792 3322 922 3366 sunt
962 3309 1320 3379 circumjecta
1353 3308 1607 3364 aedilicia.
1653 3306 1882 3363 Iacebat
1942 3308 2057 3364 illic

468 3406 802 3480 paralyticus
831 3405 1055 3474 triginta
1087 3412 1213 3457 octo
1254 3403 1368 3472 jam
1423 3401 1583 3457 annis
1614 3415 1780 3471 aeger.
1834 3399 2057 3455 Diutur-

467 3516 573 3556 nus
597 3500 742 3555 enim
773 3498 873 3551 luit
907 3497 1153 3563 morbus,
1185 3504 1243 3550 ut
1263 3510 1327 3549 ea
1359 3495 1552 3549 saltem
1582 3494 1813 3558 ratione,
1845 3494 2056 3564 pudore

466 3590 637 3650 Judaei
668 3590 1034 3646 adicerentur.
1070 3588 1204 3642 Nam
1239 3589 1285 3644 si
1322 3587 1475 3642 brevi
1521 3587 1716 3641 luisset
1762 3587 2051 3657 aegritudo,

467 3687 719 3742 latuisset
748 3684 1073 3748 miraculum
1102 3701 1114 3737 :
1148 3682 1263 3751 jam
1285 3695 1417 3735 vero
1441 3680 1595 3733 multi
1622 3678 1754 3733 anni
1778 3687 1909 3734 sunt
1939 3679 2053 3734 veri

466 3779 642 3835 morbi
672 3786 863 3841 testes,
896 3785 955 3831 ut
978 3776 1170 3830 saltem
1199 3774 1303 3828 hoc
1327 3772 1599 3837 videntes,
1630 3771 1901 3827 viderent.
1932 3768 2056 3825 Sal-

468 3880 625 3927 vator
657 3878 840 3925 autem
872 3884 994 3925 cum
1017 3866 1331 3922 advenisset
1354 3874 1409 3920 et
1435 3866 1762 3936 praeteriret,
1791 3865 1870 3919 ait
1913 3864 1992 3918 illi
2034 3882 2049 3919 :

470 3985 492 4018 ι
523 3966 617 4020 Vis
662 3980 832 4020 sanus
869 3962 986 4018 ﬁeri
1014 3961 1096 4014 “?
1135 3979 1155 4013 ι
1188 3967 1244 4014 et
1286 3959 1514 4029 reliqua.
1568 3956 1647 4012 Ac
1687 3972 1920 4029 surgens
1961 3957 2053 4013 ille

463 4072 709 4129 qumque,
766 4056 909 4110 tollit
953 4054 1240 4124 grabatum
1289 4058 1337 4107 el
1401 4050 1663 4106 ambulat.
1699 4048 1831 4103 Erat
1868 4056 2051 4105 autem

466 4151 790 4206 Sabbatum.
818 4146 1018 4203 Verum
1051 4145 1223 4202 Judaei
1267 4161 1380 4199 non
1426 4144 1687 4200 videbant
1724 4143 2052 4198 miraculum

464 4242 708 4301 Sabbato
740 4244 969 4305 editum,
1017 4241 1111 4296 sed
1145 4240 1431 4312 grabatum
1467 4238 1538 4293 ab
1581 4253 1647 4294 eo
1673 4236 1899 4308 gestari.
1943 4234 2053 4291 Par

461 4336 663 4392 fuisset
691 4335 935 4405 cegitare
957 4333 1081 4388 illos
1105 4352 1120 4388 :
1140 4330 1303 4387 Tales
1333 4330 1529 4386 medici
1558 4330 1666 4385 huc
1689 4329 2046 4389 advenerunt,

2157 3223 2322 3276 πέντε
2357 3221 2518 3285 στοὰς
2546 3217 2660 3294 εἶχε
2679 3237 2694 3252 ⁶
2731 3221 2825 3275 νῦν
2857 3221 2968 3293 γὰρ
2998 3223 3299 3296 περιῃρέθη
3328 3225 3396 3278 τά
3416 3224 3578 3296 πέριξ
3607 3226 3769 3280 οἰκο-

2156 3314 2463 3386 δομήματα.
2513 3314 2892 3384 Παραλυτικὸς
2917 3314 2974 3368 δὲ
3003 3314 3180 3368 ἔκειτο
3213 3317 3304 3369 ἐπὶ
3330 3317 3627 3388 τριάκοντα
3658 3320 3770 3373 καὶ

2157 3407 2301 3462 ὀκτὼ
2339 3408 2514 3461 ἔτεσιν
2555 3408 2821 3463 ἀσθενῶν.
2880 3409 3055 3473 Πολὺς
3096 3408 3205 3481 γὰρ
3248 3411 3278 3463 6
3309 3411 3499 3482 χρόνος
3535 3412 3770 3480 γίνεται

2155 3502 2256 3573 τῆς
2283 3501 2462 3565 νόσου,
2481 3501 2706 3566 ἴνα,κᾶν
2728 3501 2901 3567 οὕτως
2925 3502 3215 3573 βλέποντες
3233 3544 3247 3567 ,
3280 3504 3689 3573 δυσωπηθῶσιν
3708 3508 3772 3559 οἱ

2168 3595 2429 3651 Ἰουδαῖοι.
2450 3596 2514 3649 Εἰ
2536 3595 2646 3668 γὰρ
2667 3596 3030 3666 ὀλιγοχρόνιος
3046 3591 3114 3667 ἦν
3143 3598 3176 3667 ἡ
3196 3596 3369 3660 νόσος,
3409 3596 3674 3650 ἐλάνθανε
3697 3601 3772 3654 τὸ

2156 3686 2358 3759 θαῦμα·
2374 3689 2491 3741 νυνὶ
2504 3688 2558 3740 δὲ
2573 3687 2742 3763 πολλὰ
2758 3688 2853 3759 ἐτη
2870 3690 3218 3762 ἐμαρτύρησε
3235 3692 3302 3760 τῇ
3320 3690 3459 3760 νόσῳ
3472 3731 3487 3754 ,
3516 3690 3627 3756 ἵνα,
3647 3691 3777 3747 κᾶν

2154 3777 2298 3833 οὕτω
2329 3778 2619 3850 βλέποντες
2638 3818 2653 3843 ,
2688 3779 3084 3850 ἁναϐλέῷωσιν.
3116 3779 3174 3833 ’0
3201 3779 3258 3833 δὲ
3276 3779 3465 3852 Σωτὴρ
3497 3797 3775 3852 παραγε-

2154 3872 2379 3944 νόμενος
2398 3913 2412 3937 ,
2441 3873 2534 3926 καὶ
2570 3871 2831 3943 παράγων
2850 3912 2866 3937 ,
2895 3871 3044 3940 λέγει
3074 3871 3296 3941 ἐκείνῳ·
3334 3891 3352 3921 ι
3378 3870 3563 3936 Θέλεις
3585 3874 3775 3945 ὑγιὴς

2153 3965 2405 4035 γενέσθαι
2420 3981 2435 4027 ;
2460 3984 2478 4016 ι
2510 3962 2686 4019 καὶτὰ
2710 3963 3001 4018 ἀκόλουθα.
3020 3965 3131 4017 Καὶ
3147 3961 3453 4034 ἐξεγερθεὶς
3468 3965 3776 4034 κάκεῖνος,

2152 4059 2299 4129 αἴρει
2323 4057 2415 4110 τὸν
2448 4055 2779 4129 κράϐϐατον,
2813 4055 2908 4108 καὶ
2934 4056 3242 4126 περιπατεῖ.
3276 4054 3548 4110 Σάϐϐατον
3575 4054 3635 4110 δὲ
3658 4052 3772 4129 ἦν.

2154 4153 2217 4205 Ol
2240 4150 2298 4203 δὲ
2340 4148 2582 4203 Ἰουδαῖοι
2612 4148 2712 4202 οὐκ
2739 4146 2968 4201 ἔϐλεπον
2997 4147 3060 4201 τὸ
3090 4145 3570 4220 θαυματούργημα
3596 4148 3667 4203 τὸ
3698 4151 3782 4206 ὲν

2153 4240 2417 4310 Σαϐϐάτῳ
2461 4238 2782 4308 γενόμενον,
2850 4237 2986 4291 ἀλλὰ
3035 4236 3126 4291 τὸν
3176 4237 3486 4309 κράϐϐατον
3532 4238 3779 4309 βαστα-

2153 4333 2398 4405 ζόμενον,
2413 4331 2529 4387 δέον
2546 4333 2726 4394 αὐτοῖς
2751 4329 3067 4400 λογίσασθαι
3086 4347 3099 4360 ·
3130 4331 3326 4404 ’ἰατροὶ
3352 4330 3581 4385 τοιοῦτοι
3606 4351 3783 4408 παρ.

460 4435 518 4485 et
550 4442 714 4483 nemo
745 4427 998 4482 sanavit:
1025 4440 1231 4497 pauper
1253 4425 1473 4495 jacebat
1499 4423 1687 4487 miser,
1724 4437 1826 4478 nec
1860 4421 2050 4477 aderat

2168 4426 2402 4495 εγένοντο
2419 4463 2435 4488 ,
2482 4424 2655 4488 οὐδεὶς
2686 4423 3051 4494 ἐθεράπευσε·
3081 4422 3249 4493 πένης
3274 4421 3451 4475 ἔκειτο
3477 4424 3505 4477 6
3531 4422 3780 4494 ἄθλιος,

459 4522 512 4578 ei
544 4521 639 4591 qui
671 4521 850 4591 ipsum
886 4520 941 4574 in
994 4519 1265 4591 piscinam
1312 4516 1592 4587 dejiceret.
1649 4513 1801 4570 Talis
1830 4522 1915 4568 est
1956 4513 2049 4569 hic

2168 4518 2290 4590 ιηδέ
2317 4517 2409 4571 τὸν
2432 4518 2693 4588 ρίπτοντα
2718 4516 2795 4579 εἰς
2821 4515 2923 4586 τὴν
2950 4513 3338 4586 κολυμϐήθραν
3359 4514 3517 4585 ἔχων.
3550 4516 3786 4574 Τοιοῦ-

458 4614 854 4668 miraculorum
883 4619 1150 4683 patrator,
1198 4624 1575 4679 novarumque
1606 4622 1791 4663 rerum
1832 4614 2047 4673 auctor,

2168 4628 2241 4675 ξος
2283 4612 2315 4663 6
2359 4609 2760 4680 θαυματοποιὸς
2804 4607 2903 4662 καὶ
2944 4607 3236 4680 καινότερα
3273 4607 3654 4680 ἐργαζόμενος
3676 4651 3699 4677 ,
3746 4618 3788 4671 ὁ

457 4704 559 4777 qui
596 4710 807 4759 tantam
839 4704 948 4759 vim
979 4702 1287 4774 paralytico
1336 4700 1574 4766 dederit,
1616 4705 1678 4753 ut
1725 4713 1839 4755 non
1884 4697 2047 4752 modo

2168 4703 2417 4775 τοσαύτην
2453 4701 2681 4773 δύναμιν
2709 4699 2789 4772 τῷ
2821 4699 3178 4772 παραλυτικῷ
3210 4700 3368 4765 δοὺς,
3416 4700 3494 4764 ὡς
3526 4701 3608 4774 μὴ
3651 4707 3789 4776 μό-

460 4795 784 4861 surrexerit,
819 4794 915 4850 sed
934 4802 991 4850 et
1023 4796 1312 4865 grabatum
1342 4791 1644 4862 portaverit
1674 4805 1858 4846 suum.
1891 4787 2048 4845 Camn

2168 4812 2239 4849 ρον
2289 4792 2629 4865 ἀναστῆναι,
2681 4791 2818 4846 ἀλλὰ
2844 4791 2938 4845 καὶ
2987 4790 3253 4861 βαστάσαι
3279 4788 3371 4844 τὸν
3404 4791 3785 4863 κράϐϐατον.

459 4903 552 4945 res
574 4895 661 4943 est
698 4887 907 4942 malitia
944 4905 958 4942 :
999 4886 1179 4956 ipsum
1213 4885 1408 4940 morbo
1457 4890 1705 4954 ereptum
1756 4880 2043 4945 damnant,

2168 4886 2366 4957 Γυφλὸν
2396 4887 2432 4959 ή
2457 4885 2712 4958 πονηρία.
2769 4884 2881 4938 Καὶ
2907 4882 3152 4956 κρίνουσι
3186 4882 3279 4935 τὸν
3313 4880 3559 4938 σωθέντα
3586 4925 3607 4952 ,
3663 4891 3792 4944 καὶ

459 4983 727 5051 aiuntque
751 4981 830 5035 illi
859 4999 873 5036 :
910 4997 931 5032 ι
976 4978 1099 5034 Non
1131 4980 1257 5035 licet
1287 4978 1385 5033 tibi
1411 4976 1651 5032 Sabbato
1674 4982 1891 5047 gestare
1912 4989 2043 5046 gra-

2168 4979 2402 5049 ié'fouatv
2433 4977 2583 5049 αὐτῷ
2604 4994 2618 5007 ·
2661 4994 2680 5028 ι
2704 4977 2820 5029 Οὐκ
2846 4974 3023 5043 ἐξεστί
3047 4991 3128 5028 σοι
3149 4969 3282 5046 ἆραι
3301 4974 3393 5029 τὸν
3427 4976 3792 5048 κράϐϐατον

458 5075 671 5133 hatum.
707 5094 726 5128 ι
755 5072 1061 5145 Respondit
1081 5074 1175 5129 ille
1207 5092 1222 5128 :
1254 5092 1273 5125 ι
1302 5071 1405 5138 Qui
1432 5085 1519 5126 me
1554 5085 1750 5125 sanum
1777 5067 1929 5135 fecit,
1953 5068 2046 5123 ille

2168 5076 2212 5125 ἰν
2231 5069 2514 5141 Σαϐϐάτῳ.
2546 5088 2564 5119 ι
2606 5064 2964 5136 Ἀπεκρίνατο
2990 5065 3201 5129 ἐκεῖνος
3224 5080 3237 5093 °
3274 5084 3293 5117 ι
3316 5065 3376 5119 '0
3405 5066 3652 5138 ποιήσας
3694 5091 3789 5145 με

458 5165 599 5221 mihi
628 5164 769 5221 dixit
801 5165 872 5218 ".
906 5182 929 5217 ι
968 5163 1063 5219 Dei
1091 5178 1232 5233 opus
1270 5170 1356 5217 est
1385 5159 1534 5232 quod
1571 5160 1791 5231 jussum
1817 5165 1925 5215 est.
1953 5157 2047 5213 In-

2168 5162 2280 5235 Βγιῆ
2304 5202 2319 5226 ,
2350 5160 2555 5224 ἐκεῖνός
2585 5176 2675 5231 μοι
2706 5153 2879 5212 εἶπεν.
2915 5175 2934 5207 ι
2970 5150 3107 5208 Θεοῦ
3134 5154 3196 5206 τὺ
3217 5153 3379 5227 ἔργον
3404 5155 3466 5209 τὸ
3501 5172 3793 5228 προστα-

457 5265 619 5316 sueta
652 5272 742 5312 res
772 5265 856 5312 est
882 5255 1243 5328 paralyticum
1278 5253 1506 5324 triginta
1534 5260 1591 5308 et
1616 5262 1744 5308 octo
1769 5265 2040 5306 annorum

2168 5253 2297 5326 (θέν.
2315 5250 2605 5323 Ἀσύνηθές
2625 5253 2741 5304 ἐστι
2759 5251 2854 5304 καὶ
2874 5249 2936 5303 τὸ
2952 5249 3322 5322 παραλυτικὸν
3342 5247 3429 5302 διὰ
3443 5248 3794 5321 τριάκοντα

457 5349 686 5410 sanitati
714 5351 951 5407 restitui.
998 5348 1076 5404 Ex
1107 5349 1229 5424 ejus
1258 5361 1355 5402 ore
1382 5348 1437 5402 id
1467 5345 1654 5402 audivi
1685 5365 1701 5404 :
1732 5344 1886 5402 Tolle
1914 5360 2047 5418 gra-

2168 5347 2247 5403 ιαί.
2270 5345 2415 5401 ὀκτὼ
2434 5343 2571 5399 ἐτῶν
2588 5343 3011 5416 θεραπευθῆναι.
3052 5341 3148 5395 Ἐκ
3161 5341 3256 5395 τοῦ
3279 5339 3445 5396 αὑτοῦ
3470 5339 3794 5414 στόματος

457 5441 652 5501 batum
678 5451 857 5500 tuum.
895 5442 956 5499 Si
997 5458 1200 5516 corpus
1230 5441 1312 5497 illi
1358 5441 1603 5499 obedivit
1634 5448 1689 5498 et
1728 5456 1925 5497 sanum
1965 5439 2043 5495 fa-

2168 5442 2358 5514 ῇκουσα
2397 5437 2518 5492 τοῦ·
2553 5436 2830 5490 Βαστάσαι
2872 5435 2964 5488 τὸν
2990 5433 3321 5507 κράϐϐατον.
3367 5433 3433 5486 Εἰ
3479 5431 3541 5486 τὸ
3582 5435 3793 5510 σῶμα

455 5542 614 5593 ctum
639 5542 746 5605 est,
775 5550 983 5608 egonec
1015 5535 1097 5593 illi
1119 5535 1370 5607 ingratus
1391 5548 1511 5600 ero,
1531 5547 1637 5589 nec
1656 5531 1885 5604 gestabo
1905 5545 2041 5604 gra-

2168 5524 2423 5606 ιπήκουσε
2456 5530 2552 5585 καὶ
2578 5529 2730 5599 ὑγιὲς
2760 5527 2977 5597 ἐγένετο
2993 5566 3010 5594 ,
3059 5525 3173 5597 ἐγὼ
3212 5524 3484 5598 ἀγνώμων
3516 5524 3796 5610 ἔσομαι,

3134 5725 3200 5759 ³³
3239 5722 3400 5781 Joan.
3438 5741 3491 5792 v,
3529 5724 3628 5793 10,
3663 5728 3789 5792 11.

524 5732 576 5771 ³⁸
599 5733 734 5796 Luc.
765 5750 843 5805 τι,
870 5733 923 5795 8.
965 5788 979 5815 ε
1012 5734 1060 5774 ⁸⁸
1098 5735 1293 5797 Matth.
1328 5749 1461 5807 vni,
1496 5734 1551 5792 4.
1652 5734 1702 5772 ⁸³
1736 5732 1898 5794 Joan.
1928 5749 2014 5803 ix,
2044 5733 2060 5791 ε

2210 5731 2259 5767 ⁸⁵
2298 5729 2553 5799 lbid.,16.
2631 5729 2676 5762 "
2714 5724 2873 5784 Joan.
2907 5743 2964 5795 ν,
3001 5725 3055 5783 7.
