3890 6200
201 279 303 339 ἱϐὅ

1431 273 1724 333 HOMILlA
1760 273 1852 331 DE
1892 270 2245 330 SEMENTE.

3395 263 3502 323 £66

204 399 277 471 τῷ
301 398 375 471 μὴ
397 397 668 472 βαστάσαι
682 398 775 453 τὸν
790 395 1139 471 κράσὸατον;
1169 393 1341 450 Πάλιν
1358 396 1408 449 οἱ
1434 393 1679 449 Ἰουδαῖοι
1697 393 1802 448 οὐκ

1917 391 2135 447 batum?
2165 389 2412 447 Rursum
2444 386 2622 444 Judaei
2652 401 3005 460 nequaquam
3040 387 3500 461 sciscitabantur,

201 491 427 564 ἐζήτουν
460 492 665 558 αὑτὸν,
709 492 797 546 ἵνα
848 489 1063 563 μάθωσι
1107 488 1229 554 πῶς
1269 488 1610 561 ἐθεράπευσε
1632 529 1649 555 ,
1702 488 1798 543 καὶ

200 586 622 656 προσκυνήσωσι
650 585 743 638 τὸν
766 584 925 638 δόντα
944 581 1172 638 τοιαῦτα
1191 622 1206 645 ,
1244 581 1359 636 ἀλλ’
1390 582 1477 636 ἴνα
1500 580 1650 653 αὐτῷ
1672 583 1798 636 επι-

205 670 555 730 ϐουλεύσωσι.
618 674 819 745 Γέγονε
848 676 1068 729 κάκεῖνο
1094 673 1278 745 τριτον
1328 672 1392 727 τὸ
1424 671 1521 727 νῦν
1552 673 1801 741 ἀναγνω-

197 765 349 821 οὓέν.

270 857 358 913 16.
394 856 662 928 Εἰσῆλθεν
703 857 786 921 εἰς
823 855 924 928 τὴν
960 854 1315 927 συναγωγὴν,
1345 852 1801 927 πονηρευομένων

205 951 515 1020 συναγωγή.
573 950 639 1002 Τί
668 949 780 1020 γὰρ
809 950 1170 1021 πονηρότερον
1202 949 1677 1021 εὐεργετουμένων
1709 947 1803 1001 καὶ

202 1041 694 1108 ὲπιῦουλευόντωη
734 1042 823 1094 Ἐν
851 1043 917 1112 τῇ
953 1044 1243 1113 συναγωγῇ
1270 1041 1380 1093 τῶν
1422 1040 1692 1094 Ἰουδαίων
1717 1039 1803 1094 ἄν’

200 1131 421 1203 θρωπος
450 1129 520 1204 ἦν
546 1135 710 1205 χεῖρα
730 1133 870 1203 ἔχων
902 1132 1095 1206 ξηράν.
1145 1132 1320 1205 Ξηρὺς
1344 1128 1412 1205 ἦν
1443 1149 1529 1196 τις
1556 1132 1658 1203 τὴν
1692 1133 1805 1202 χεῖ-

206 1241 295 1296 ρα,
324 1225 421 1277 καὶ
442 1226 494 1277 οἱ
522 1224 793 1297 παρόντες
817 1224 973 1296 ξηροὶ
999 1224 1098 1296 τὴν
1122 1224 1385 1286 διάνοιαν,
1419 1224 1512 1278 καὶ
1529 1224 1631 1277 οὐκ
1648 1222 1803 1277 ἔϐλε-

200 1334 304 1371 πον
348 1318 443 1371 τὸν
485 1318 609 1371 τότε
655 1319 930 1388 παρόντα·
984 1318 1104 1371 οὐδὲ
1166 1317 1491 1371 ὑπώπτευον
1546 1316 1608 1370 τὺ
1670 1315 1803 1370 θαυ-

208 1410 377 1483 ματού
383 1427 496 1483 ργη
503 1428 579 1481 μα
592 1410 689 1464 τοῦ
710 1410 1103 1483 ἐργαζομένου.
1121 1411 1181 1463 '0
1195 1409 1252 1463 δὲ
1268 1411 1482 1483 Σωτὴρ,
1495 1411 1625 1482 πρὶν
1650 1410 1808 1480 ποιῆ-

209 1518 295 1556 σαι
318 1502 382 1555 τὸ
405 1502 593 1574 ἔργον,
623 1502 712 1556 διὰ
731 1503 906 1570 λόγων
934 1501 1200 1573 ἐγεώργει
1233 1502 1331 1572 τὴν
1355 1502 1612 1556 διάνοιαν.
1636 1501 1808 1566 Εἰδὼς

206 1592 312 1665 γὰρ
342 1593 406 1646 τὺ
440 1593 680 1664 πονηρὸν
700 1593 799 1663 τῆς
824 1592 1084 1655 διανοίας,
1109 1592 1285 1645 καὶτὸ
1307 1591 1470 1662 βάθος
1496 1593 1559 1645 τὸ
1585 1592 1803 1663 πικρὸν,

207 1685 423 1757 πρῶτον
441 1684 629 1748 αὐτοῖς
645 1684 1062 1756 προπαρηγόρει
1078 1686 1190 1747 τοῖς
1211 1683 1410 1752 λόγοις,
1430 1683 1600 1736 καὶτὸ
1617 1684 1808 1756 ἄγριον

206 1754 303 1849 τῆς
323 1776 567 1841 διανοίας
589 1754 831 1848 ἡμροῦν
856 1754 1126 1838 ἐϐούλετο,
1148 1776 1241 1829 καί
1263 1792 1395 1846 φησι
1426 1775 1563 1847 πρὸς
1578 1754 1774 1840 αὐτούς
1789 1793 1803 1807 ο
1843 1754 1882 1809 n

212 1870 499 1935 «Ἔξεστιν
525 1869 927 1941 ἀγαθοποιῆσαι
949 1872 1005 1922 ὲν
1031 1868 1318 1940 Σαϐϐάτῳ,
1346 1868 1378 1940 ἢ
1402 1870 1803 1941 κακοποιῆσαι;

206 1966 384 2037 ψυχὴν
412 1963 610 2029 σῶσαι,
644 1963 679 2034 ἦ
700 1962 999 2028 ἀπολέσαι;
1026 1963 1118 2015 »Εἰ
1140 1963 1249 2033 γὰρ
1270 1958 1423 2015 εἶπεν
1455 1963 1639 2025 αὐτοῖς
1669 1962 1805 2033 (37),

208 2058 417 2123 ἔξεστιν
452 2056 829 2130 ὲργάσασθαι;
860 2056 1063 2120 εὐθέως
1092 2057 1159 2111 ἂν
1182 2057 1387 2125 ἔλεγον,
1413 2057 1573 2128 Παρὰ
1596 2056 1689 2109 τὸν
1716 2057 1807 2110 νό-

206 2169 308 2224 μον
331 2151 537 2221 λέγεις.
571 2151 712 2204 Νυνὶ
740 2150 799 2203 δὲ
824 2147 978 2203 εἶπεν
1002 2151 1207 2215 αὐτοῖς,
1240 2150 1268 2203 ὃ
1294 2152 1387 2203 καὶ
1414 2151 1443 2202 ὁ
1472 2149 1635 2219 νόμος
1661 2147 1810 2201 ἐδού-

208 2245 364 2298 λετο’
400 2246 431 2298 6
459 2243 572 2314 γὰρ
605 2243 739 2314 περὶ
769 2242 866 2295 τοῦ
896 2241 1178 2296 Σαϐὁάτου
1233 2240 1600 2313 νομοθετήσας
1635 2256 1808 2311 προσ-

208 2338 394 2401 ετίθει,
431 2339 517 2391 ὅτι
543 2336 690 2408 Πλὴν
708 2335 922 2402 τούτου,
943 2335 1077 2389 aeut
1089 2335 1268 2406 ψυχὴν
1298 2333 1679 2405 ποιηθήσεται.
1708 2333 1813 2385 Αύ-

210 2430 333 2483 τξκα
360 2430 460 2483 ἐὰν
484 2428 753 2498 Σαϐϐάτῳ
782 2428 924 2502 πέσῃ
948 2427 1237 2500 ἄνθρωπος
1269 2429 1350 2488 εἰς
1392 2426 1529 2497 βάθη
1554 2468 1566 2490 ,
1597 2425 1809 2490 ἔξεστιν

221 2522 498 2586 Ἰουδαίοις
526 2522 843 2575 ἀνασπάσαι
862 2539 875 2551 ·
909 2522 968 2574 οὐ
1008 2521 1169 2592 μόνον
1196 2519 1484 2591 ἄνθρωπον
1505 2561 1520 2582 ,
1559 2518 1695 2572 ἀλλά
1717 2519 1812 2572 καὶ

212 2614 337 2687 βοῦν
358 2615 461 2668 καὶ¹
491 2613 633 2667 ὄνον.
659 2612 820 2667 οὕτω
842 2613 910 2666 τὰ
940 2613 1034 2665 ἐπὶ
1066 2611 1314 2683 σωτηρία
1351 2610 1647 2681 συνεχώρει
1666 2611 1695 2662 6
1725 2609 1812 2663 v6—

213 2724 312 2780 μος
344 2705 634 2775 γίνεσθαι,
687 2705 783 2758 καὶ
829 2703 1120 2776 ἐτρέφοντο
1163 2702 1407 2756 Ἰουδαῖοι
1432 2703 1489 2754 ὲν
1527 2701 1808 2772 Σαὸϐάτῳ.

220 2797 514 2871 Ἠρώτησέ
545 2815 632 2861 τις
667 2796 762 2851 νῦν
792 2796 990 2859 αὐτοὺς
1018 2796 1079 2849 ού
1106 2794 1168 2848 τὸ
1202 2794 1645 2865 ἀντιλεγόμενον,
1678 2793 1815 2846 ἀλλά

207 2887 270 2940 τὸ
292 2886 738 2958 ὁμολογούμενον
757 2902 772 2916 ·
805 2885 1053 2951 Ἔξεστιν
1078 2885 1506 2957 ἀγαθοποιῆσαι;
1539 2885 1677 2938 Ἀλλ’
1694 2885 1815 2939 οὐδὲ

206 2978 578 3048 λέγουσι,Ναί
597 2995 612 3009 ο
635 2979 697 3031 ού
719 2978 829 3050 γὰρ
852 2974 993 3050 ἦσαν
1025 2977 1233 3049 ἀγαθῆς
1272 2979 1663 3049 προαιρέσεως.
1695 2997 1714 3029 ι
1748 2978 1806 3030 Ὀ

1901 491 1962 539 ιιι
1990 483 2302 540 ediscerent
2330 496 2443 553 quo
2467 490 2631 553 pacto
2660 490 2935 547 curasset,
2958 491 3015 539 et
3045 482 3344 537 adorarent
3370 497 3500 539 eum

1900 579 1996 649 qui
2043 578 2178 632 talia
2235 577 2469 648 largitus
2522 584 2710 641 esset;
2745 575 2843 632 sed
2879 583 2940 630 ut
2975 575 3080 647 ipsi
3131 576 3365 631 insidias
3398 589 3499 646 pa-

1899 681 2111 726 rarent.
2182 667 2309 725 'Jam
2385 667 2522 724 illud
2591 667 2820 741 tertium
2897 673 2984 723 est
3064 669 3215 740 quod
3295 669 3502 723 lectum

1904 761 2031 817 fuit.

1973 852 2065 908 16.
2102 852 2391 923 ingressus
2415 858 2501 907 est
2530 849 2587 905 in
2622 847 2994 922 Synagogam,
3026 865 3150 920 qua:
3183 860 3302 906 erat
3323 850 3504 923 Syna-

1905 961 2043 1018 goga
2082 945 2524 1015 malignantium.
2570 942 2715 1010 Quid
2771 959 3007 1014 namque
3048 944 3292 999 deterius
3337 956 3504 1013 quam

1904 1039 2170 1097 beneficia
2193 1040 2447 1108 accipere
2476 1045 2531 1094 et
2562 1037 2813 1091 insidiari
2839 1037 2863 1090 ?
2886 1037 2945 1091 In
2970 1035 3259 1108 Synagoga
3279 1033 3505 1091 ludam-

1904 1151 2028 1190 rum
2062 1135 2226 1188 homo
2254 1139 2373 1187 erat
2405 1132 2567 1201 cujus
2600 1131 2755 1184 arida
2795 1146 3011 1185 manus.
3045 1130 3250 1186 Aridus
3279 1129 3505 1199 quidam

1904 1242 2071 1282 manu
2106 1234 2246 1290 erat,
2270 1232 2324 1279 et
2346 1225 2439 1294 qui
2466 1224 2717 1286 aderant,
2742 1224 2883 1279 aridi
2919 1232 3102 1277 mente
3134 1239 3150 1277 :
3180 1237 3358 1292 neque
3376 1237 3505 1277 eum

1907 1320 2206 1377 cernebant
2242 1320 2336 1388 qui
2378 1327 2493 1371 tum
2541 1333 2786 1387 praesens
2817 1325 2936 1373 erat
2978 1331 3203 1386 :neque
3253 1317 3309 1370 in
3351 1330 3508 1371 men-

1911 1422 2017 1467 tem
2054 1413 2307 1467 veniebat
2344 1413 2675 1467 miraculum
2717 1411 2839 1481 ejus
2869 1412 2964 1481 qui
2990 1410 3123 1463 talia
3153 1420 3504 1479 operaretur.

1907 1504 2084 1559 Porro
2117 1504 2372 1558 Salvator
2428 1514 2724 1574 antequam
2760 1520 2900 1575 opus
2961 1504 3281 1565 conliceret,
3323 1503 3508 1559 verbis

1910 1605 2147 1652 tuentem
2180 1597 2489 1651 excolebat.
2518 1596 2869 1666 Compertam
2906 1597 3050 1650 enim
3091 1595 3298 1651 habens
3348 1595 3511 1650 mali-

1909 1688 2174 1758 gnitatem
2208 1689 2504 1751 animi,fet
2546 1688 2973 1757 profunditatem
3027 1688 3284 1742 acerbam
3334 1688 3506 1755 illam,

1910 1780 2255 1835 demulcebat
2281 1782 2458 1849 primo
2487 1766 2672 1835 verbis
2708 1799 2720 1833 :
2756 1767 3027 1849 agrestem
3062 1772 3305 1832 animum
3339 1779 3511 1835 lenire

1910 1874 2186 1938 studebat,
2234 1875 2422 1942 aitque
2466 1875 2622 1928 illis:
2663 1890 2683 1923 ι
2728 1871 2954 1925 Licetne
2997 1869 3240 1926 Sabbato
3287 1872 3511 1926 benefa-

1910 1982 2056 2026 cere,
2112 1982 2179 2019 an
2237 1968 2380 2021 male
2429 1985 2444 2022 :
2487 1967 2728 2020 animam
2792 1966 2999 2020 salvam
3051 1964 3251 2029 facere,
3285 1978 3354 2018 an
3386 1979 3512 2034 per-

1911 2055 2039 2110 dere
2062 2055 2148 2109 ‘7?
2182 2075 2200 2106 ι
2256 2054 2392 2109 Nam
2427 2057 2473 2110 si
2531 2056 2770 2110 dixisset
2828 2056 2954 2121 illis,
3004 2052 3230 2110 Licetne
3257 2055 3513 2125 operari?

1912 2148 2093 2202 statim
2126 2150 2565 2217 respondissent,
2605 2150 2814 2200 Contra
2851 2148 3022 2218 legem
3055 2148 3319 2217 loqueris.
3348 2146 3507 2203 Nunc

1913 2247 2095 2293 autem
2128 2240 2179 2293 id
2216 2241 2435 2292 loculus
2461 2250 2546 2293 est
2567 2239 2714 2308 quod
2745 2238 2827 2292 lex
2854 2240 2970 2306 ipsa
3000 2238 3174 2293 voluit
3199 2257 3213 2293 :
3238 2240 3329 2308 qui
3363 2241 3510 2294 enim

1914 2334 2087 2401 legem
2121 2332 2188 2385 de
2221 2330 2467 2385 Sabbato
2495 2331 2742 2393 dederat,
2798 2331 3087 2400 subjnnxit
3141 2349 3155 2384 :
3208 2329 3412 2385 Praeter
3455 2329 3511 2385 id

1913 2427 2060 2495 quod
2093 2440 2192 2495 pro
2224 2424 2406 2477 anima
2437 2425 2546 2476 lict.
2585 2423 2706 2477 Mox
2743 2423 2889 2477 enim
2920 2423 3012 2476 ubi
3059 2426 3113 2476 in
3148 2421 3389 2478 Sabbato
3421 2438 3515 2478 ce-

1914 2518 2112 2571 ciderit
2164 2516 2328 2569 homo
2383 2516 2438 2569 in
2478 2516 2711 2581 foveam,
2750 2516 2961 2569 licitum
3003 2513 3210 2570 Judaeis
3244 2524 3329 2571 est
3386 2516 3515 2574 inde

1918 2610 2068 2663 illum
2117 2610 2409 2664 extrahere
2447 2627 2463 2663 :
2499 2624 2602 2663 nec
2632 2615 2842 2661 tantum
2887 2607 3187 2671 hoainem,
3216 2607 3311 2661 sed
3345 2608 3513 2662 etiam

1916 2702 2109 2756 bovem
2140 2711 2204 2769 let
2235 2702 2474 2755 asinum.
2508 2702 2687 2770 Atque
2721 2700 2796 2753 ita
2835 2716 2957 2769 quae
3002 2701 3068 2753 ad
3111 2700 3344 2755 salutem
3390 2716 3515 2770 spc—

1917 2795 2139 2848 ctabaut
2170 2796 2277 2849 olex
2327 2794 2597 2863 permisit,
2644 2802 2700 2847 ct
2745 2791 2852 2865 54
2888 2794 3006 2863 ipso
3064 2791 3305 2848 Sabbato
3338 2791 3515 2848 Judaei

1919 2886 2302 2939 vesoebautur.
2325 2885 2479 2952 Quod
2500 2887 2545 2940 si
2567 2885 2691 2955 quis
2710 2893 3060 2955 percontatus
3079 2900 3173 2941 eos
3200 2886 3385 2949 fuerit,
3403 2903 3515 2942 non

1918 2982 1986 3037 de
2016 2998 2126 3051 quo
2164 2980 2528 3050 disceptatur,
2556 2979 2651 3033 sed
2684 2980 2752 3032 de
2783 2994 2893 3048 quo
2929 2979 3187 3033 convenit
3222 2979 3363 3034 inter
3391 2995 3514 3034 omo

208 3070 321 3141 τάρ
348 3069 561 3138 ἀγαθὸς
589 3067 879 3139 ἄνθρωπος
908 3069 973 3121 ὲκ
1011 3066 1106 3120 τοῦ
1141 3066 1348 3135 ἀγαθοῦ
1372 3065 1650 3138 θησαυροῦ
1681 3084 1811 3138 προ-

1921 3090 2018 3127 nes
2053 3092 2065 3126 :
2102 3070 2144 3125 L
2169 3080 2328 3126 cetne
2363 3069 2728 3125 benefacere?
2773 3086 3117 3140 nequaquam
3155 3072 3513 3141 respondent,

210 3163 370 3234 9695i.
392 3161 458 3214 τὸ
486 3161 711 3230 ἀγαθόν.
744 3179 765 3213 ι
826 3160 1061 3232 Πονηροὶ
1091 3159 1147 3212 δὲ
1176 3159 1328 3223 ὄντες
1368 3160 1646 3224 Ἰουδαῖοι,
1688 3160 1811 3231 περὶ

1918 3168 2144 3223 Etiam:
2192 3183 2299 3220 non
2336 3175 2467 3221 sunt
2498 3169 2702 3235 quippe
2756 3164 2914 3218 bona:
2976 3165 3293 3218 voluntatis.
3354 3161 3513 3231 Nam,

211 3253 443 3322 ἀγαθῶν
472 3253 538 3305 οὐ
570 3251 928 3315 συντίθενται,
959 3253 1055 3305 καὶ
1082 3249 1207 3303 οὔτε
1240 3251 1637 3322 ἀγαθοποιῆσαι
1667 3251 1811 3323 ὡμο-

1924 3278 1943 3311 ι
1973 3262 2151 3314 bonus
2178 3258 2339 3312 homo
2370 3257 2437 3311 de
2461 3259 2605 3311 bono
2636 3257 2897 3310 thesauro
2927 3254 3135 3326 profert
3162 3256 3365 3310 bonum
3387 3255 3457 3310 ⁸⁸.
3489 3274 3511 3308 ι

209 3344 431 3414 λόγουν,
458 3343 588 3398 οὔτε
627 3345 995 3416 κακοποιῆσαι
1017 3343 1193 3399 εἰπεῖν
1216 3336 1480 3414 ἠδύναντο
1498 3362 1511 3375 ο
1536 3344 1811 3414 ἀναίσχυν-

1921 3352 2044 3406 Mali
2085 3366 2249 3419 porro
2275 3367 2398 3405 cum
2434 3347 2766 3410 sintJudaei,
2800 3348 2870 3405 de
2922 3350 3083 3405 bonis
3123 3350 3352 3420 agendis
3402 3364 3516 3404 non

211 3450 305 3491 τον
332 3437 449 3507 γὰρ
499 3432 571 3508 ἦν
599 3435 662 3489 τὸ
692 3437 847 3507 ῥῆμα
874 3453 889 3469 ο
945 3436 1082 3491 ἀλλὰ
1130 3436 1427 3491 σιωπῶσιν.
1480 3437 1609 3490 Ὅτε
1642 3435 1699 3489 δὲ
1732 3436 1811 3490 διὰ

1919 3446 2301 3506 consentiunt,
2336 3459 2437 3498 nec
2481 3444 2726 3498 fatentur
2754 3458 2878 3497 esse
2908 3442 3386 3506 benei‘aciendum,
3419 3457 3516 3498 ne-

211 3529 525 3602 φλυαρὶαν,
570 3527 744 3581 πολλά
788 3528 1152 3600 φλυαροῦσινο
1188 3531 1277 3583 ὅτε
1325 3529 1414 3583 διά
1459 3529 1811 3601 κατηγορίαν,

1919 3555 2027 3611 que
2072 3547 2305 3609 possunt
2333 3538 2605 3591 allirmare
2653 3538 2795 3591 male
2841 3535 3046 3590 factum
3080 3547 3332 3607 Oportere
3364 3555 3378 3591 :
3408 3537 3517 3590 im-

207 3620 434 3694 ιιεγάλα
479 3619 889 3692 κραυγάζουσιν
911 3636 925 3650 ο
964 3639 987 3672 ι
1027 3618 1159 3692 Αἶρε
1184 3660 1199 3686 ,
1240 3617 1362 3691 αἶρε
1383 3660 1398 3683 ,
1432 3620 1763 3693 σταύρωσον.
1794 3639 1811 3672 ι

1921 3634 2193 3706 pudenter
2220 3635 2365 3687 enim
2406 3630 2615 3686 dictum
2654 3630 2796 3686 foret
2831 3647 2846 3686 :
2885 3630 2980 3684 sed
3036 3630 3219 3686 silent.
3264 3630 3334 3683 At
3388 3644 3517 3684 cum

207 3709 387 3778 οὗτος
438 3715 471 3767 6
518 3713 808 3786 ἄνθρωπος
859 3714 983 3768 τάδε
1036 3716 1132 3768 καὶ
1184 3715 1311 3770 τάδε
1366 3714 1641 3785 εποίησεν.
1700 3715 1811 3768 Ὅτι

1921 3725 2236 3797 nuganduin
2262 3732 2368 3788 est,
2399 3740 2623 3794 magnas
2654 3738 2831 3794 nugas
2853 3721 3151 3777 eﬂ‘utiunt:
3180 3738 3304 3776 cum
3332 3730 3516 3777 autem

209 3807 299 3862 δεῖ
342 3806 778 3877 ἀγαθοποιῆσαι,
811 3804 845 3877 ἢ
887 3807 1273 3878 κακοποιῆσαι,
1327 3805 1505 3877 ψυχὴν
1555 3806 1748 3870 σῶσαι,
1782 3805 1811 3878 ἢ

1921 3817 2349 3880 criminandum,
2385 3831 2585 3886 magno
2609 3819 2848 3870 cIamme
2881 3815 3037 3868 aiunt
3064 3832 3077 3869 :
3107 3832 3127 3865 ι
3158 3812 3332 3877 Tolle,
3364 3813 3515 3877 tolle,

210 3899 490 3953 ἀπολέσαι
511 3941 527 3965 ,
561 3900 613 3952 οἱ
660 3899 761 3971 μὲν
822 3899 1137 3953 σιωπῶσιν⁹
1188 3902 1218 3953 ὁ
1258 3899 1349 3961 δὲ,
1384 3897 1811 3969 συλλυπούμενος

1921 3910 2185 3980 crucifige
2213 3910 2282 3972 ",
2310 3929 2329 3962 ι
2371 3909 2461 3963 hic
2491 3910 2655 3963 homo
2688 3910 2802 3965 haec
2835 3916 2891 3963 et
2925 3907 3196 3979 ejusmodi
3235 3916 3516 3979 perpetra-

209 3997 278 4065 τῇ
310 3993 526 4064 καρδίᾳ
552 3993 646 4046 ἐπὶ
669 3995 736 4064 τῇ
770 3991 1025 4064 πωρώσει
1057 3993 1158 4064 τῆς
1195 3991 1422 4062 καρδίας
1454 3991 1666 4057 αὐτῶν,
1697 3988 1811 4044 εἷπε

1921 4001 2001 4055 vit
2031 4019 2044 4054 :
2073 4015 2198 4054 cum
2230 4007 2413 4054 autem
2449 4000 2736 4070 quaeritur,
2773 4000 2985 4054 benene
3025 4015 3096 4053 an
3146 4000 3288 4054 male
3340 3999 3518 4053 facere

208 4085 291 4159 τῷ
321 4084 646 4158 ἀνθρώπῳο
679 4086 743 4139 Οἱ
773 4084 1060 4156 βλέποντες
1090 4086 1435 4157 βλεπέτωσαν
1454 4124 1469 4150 ,
1500 4086 1549 4137 οἱ
1577 4086 1811 4156 ἀνήκοοι¹

1922 4089 2106 4153 liceat,
2140 4090 2379 4143 animam
2405 4090 2613 4143 salvam
2647 4088 2849 4152 facere,
2891 4104 2959 4157 an
2997 4086 3256 4159 perdere;
3288 4088 3365 4142 illi
3391 4087 3516 4158 qui-

208 4179 289 4243 ὡς
312 4178 609 4250 βούλονται
635 4180 917 4252 πράττειν,
945 4179 1336 4251 πραττέτωσαν
1356 4196 1369 4209 °
1393 4179 1443 4231 οἱ
1480 4177 1616 4250 σκλη
1626 4177 1811 4250 ροκάρ‹

1922 4180 2044 4235 dem
2078 4181 2238 4235 silent
2268 4198 2283 4247 ;
2317 4180 2582 4236 Dominus
2609 4196 2741 4235 vero
2774 4180 2943 4235 corde
2977 4195 3216 4235 lium-ens
3246 4179 3318 4235 ob
3355 4179 3516 4235 caeci-

210 4271 318 4327 διοι
375 4272 905 4327 ἀπολιθοῦσθωσαν·
939 4272 1296 4327 ἀπαλυνέσθω
1327 4272 1385 4325 δέ
1435 4289 1527 4326 σου
1567 4275 1600 4344 ἡ
1647 4271 1817 4339 δεξιά.

215 4365 505 4437 Ἔγειραι,
537 4366 736 4436 μηκέτι
771 4365 1071 4437 προσαίτει.
1098 4365 1172 4419 Τὸ
1198 4365 1327 4438 γάρ,
1348 4364 1580 4437 ἕγειραι,
1605 4366 1666 4418 τὸ
1691 4363 1823 4418 καθ-

1925 4280 2091 4327 tatem
2122 4272 2310 4328 cordis
2337 4288 2551 4336 eorum,
2586 4272 2663 4326 ait
2694 4272 2904 4326 homini
2931 4272 3007 4327 illi
3043 4294 3056 4328 :
3087 4270 3193 4338 Qui
3226 4272 3411 4328 vident
3436 4272 3516 4328 vi-

1924 4364 2111 4427 deant,
2134 4364 2227 4434 qui
2256 4364 2684 4434 inobsequentes
2707 4371 2858 4426 sunt,
2881 4362 3029 4433 quod
3066 4363 3288 4419 libuerit
3310 4371 3474 4432 agant
3498 4377 3515 4417 :

214 4455 444 4520 ἕξεσθαι
474 4455 690 4528 ἐδήλου.
737 4456 796 4511 '0
824 4456 881 4510 δὲ
909 4455 1080 4530 ξηρὰν
1106 4456 1247 4529 ἔχων
1277 4456 1375 4527 τὴν
1405 4457 1567 4527 χεῖρα
1583 4456 1637 4508 τε
1656 4454 1811 4510 ὲκαθ-

1925 4457 2018 4527 qui
2061 4457 2185 4510 duri
2220 4464 2349 4511 sunt
2375 4457 2563 4521 corde,
2605 4455 2978 4527 lapidescant;
3003 4471 3194 4511 verum
3234 4456 3516 4511 mollescat

214 4547 379 4612 ἕζετο
402 4588 419 4611 ,
481 4546 519 4618 ἢ
567 4547 790 4612 πάντως
817 4550 897 4612 εἰς
924 4548 987 4602 τὸ
1014 4550 1331 4620 προσαιτεῖν
1356 4563 1371 4613 ;
1406 4547 1481 4601 Οὐ
1511 4546 1705 4618 δίδωμί
1740 4563 1824 4601 σοι

212 4640 526 4713 ἀργύριον,
551 4640 640 4693 ἶνα
669 4639 745 4712 μὴ
772 4638 1056 4712 ἀναλώσῃς
1076 4657 1091 4669 ο
1126 4639 1316 4710 ὑγείαν
1352 4656 1434 4693 σοι
1466 4639 1681 4711 δίδωμι,
1714 4658 1823 4712 μη-

213 4730 419 4784 gms
455 4730 881 4801 δαπανωμένην.
932 4730 1085 4803 Μηδὲ
1127 4731 1217 4785 διά
1246 4731 1308 4785 τὸ
1337 4730 1509 4803 ξηρὰν
1550 4729 1693 4803 ἔχειν
1723 4731 1825 4804 τὴν

213 4826 386 4896 χεῖρα
420 4823 711 4895 προσαίτει
731 4863 745 4888 ,
776 4822 893 4878 ἀλλ’
917 4822 1209 4878 ἀπολαϐὼν
1230 4824 1400 4895 αὐτὴν
1434 4823 1565 4895 ὑγιῆ
1586 4863 1601 4888 ,
1636 4824 1826 4878 λοιπὸν

214 4919 321 4971 καὶ
349 4915 503 4972 σώαν
526 4916 905 4989 ἐργασάμενος
923 4958 937 4980 ,
971 4917 1209 4971 ἔκτεινον
1233 4916 1329 4988 τὴν
1362 4917 1521 4990 χεῖρά
1548 4933 1642 4970 σου
1676 4934 1826 4970 πτω-

216 5008 327 5080 χῷ.
369 5009 648 5081 Ἕγειραι,
676 5010 772 5062 καὶ
799 5008 954 5081 στῆθι
981 5011 1062 5074 εἰς
1092 5009 1153 5062 τὸ
1180 5008 1344 5079 μέσον
1366 5025 1380 5039 ’
1412 5009 1570 5077 γενοῦ
1601 5008 1828 5082 θέατρον

215 5102 339 5163 τοῖς
373 5097 694 5168 βλέπουσιν.
760 5099 849 5153 Ἐν
882 5100 965 5153 σοὶ
994 5102 1024 5154 6
1054 5098 1204 5168 ἀγὼν
1235 5098 1423 5155 λοιπὸν
1448 5098 1774 5169 ἀγωνίζεται
1800 5101 1830 5154 6

218 5182 360 5265 περῖ
394 5191 702 5246 Σαόϐἀτου.
758 5190 924 5263 Στῆθι
963 5192 1044 5256 εἰς
1068 5191 1131 5245 τὺ
1167 5190 1351 5264 μέσον,
1397 5191 1484 5246 ἵνα
1510 5195 1606 5247 καὶ
1636 5193 1685 5246 οἱ
1718 5184 1853 5263 χω-’

216 5283 487 5348 λεύοντες
512 5282 615 5348 τάς
646 5282 834 5352 ἰγνύας
860 5283 1089 5348 στῶσιν,
1111 5284 1208 5338 ὲάν
1231 5285 1339 5356 ἄρα
1364 5283 1696 5349 ἀκούσωσιν,
1731 5284 1829 5340 ὲάν

220 5376 339 5450 ἄρα
368 5378 547 5432 ἴδωσι.
566 5375 733 5449 Στῆθι
761 5378 841 5441 εἰς
860 5377 922 5431 τὸ
942 5377 1128 5450 μέσον,
1163 5378 1259 5432 καὶ
1280 5377 1521 5452 λαλήσας
1546 5380 1682 5453 πρὸς
1704 5381 1831 5445 τοὺς

1927 4550 2151 4606 dextera
2195 4560 2310 4606 tua.
2348 4548 2545 4623 Surge,
2585 4565 2654 4605 ne
2702 4550 2940 4620 amplius
2995 4549 3306 4604 mendicato
3339 4566 3352 4604 :
3389 4564 3517 4605 nam

1926 4642 2323 4714 quodjusserit
2352 4658 2479 4698 eum
2511 4658 2761 4713 surgere,
2797 4642 3063 4698 indicium
3095 4652 3175 4698 est
3205 4657 3331 4697 eum
3364 4643 3518 4712 prius

1927 4736 2138 4793 sedisse
2169 4754 2183 4791 :
2210 4736 2305 4806 qui
2337 4746 2520 4791 autem
2551 4740 2760 4790 aridam
2790 4751 3014 4789 manum
3060 4734 3319 4799 habebat,
3346 4749 3517 4804 quare

1928 4830 2177 4894 sedebat,
2200 4831 2307 4889 nisi
2334 4838 2395 4884 ut
2425 4829 2807 4885 mendicaret?
2840 4828 2961 4884 Non
2993 4829 3064 4883 do
3103 4829 3201 4883 tibi
3233 4836 3517 4898 argentum

1932 4938 2002 4978 ne
2030 4924 2290 4979 absumas
2321 4940 2335 4977 :
2367 4923 2659 4978 sanitatem
2683 4922 2753 4977 do
2783 4921 2884 4977 tibi
2914 4936 3193 4991 nunquam
3226 4920 3492 4976 absumen

1932 5013 2079 5070 dam.
2109 5013 2189 5070 Ne
2210 5016 2502 5071 occasione
2535 5015 2704 5070 arida:
2748 5031 2946 5071 manus
2985 5014 3235 5070 mendica
3269 5032 3283 5068 :
3319 5013 3413 5068 sed
3454 5026 3518 5068 ea

1934 5123 2069 5165 sana
2111 5109 2375 5178 salvaque
2422 5117 2668 5181 accepta,
2705 5123 2958 5179 operare,
3005 5106 3238 5163 extende
3275 5112 3336 5160 tu
3385 5119 3517 5176 pau-

1934 5200 2052 5271 peri
2105 5215 2331 5256 manum
2371 5210 2542 5256 tuam.
2603 5200 2800 5272 Surge,
2846 5211 2900 5256 et
2946 5208 3031 5263 sta
3085 5201 3141 5254 in
3177 5197 3405 5254 medio:
3442 5197 3519 5253 sis

1936 5293 2311 5362 spectaculum
2342 5293 2677 5349 videntibus.
2728 5295 2785 5349 in
2836 5304 2890 5350 te
2934 5293 3195 5363 deinceps
3240 5296 3520 5346 certamen

1853 5468 1861 5478 ι
1902 5468 1918 5476 ἤ
1938 5382 2008 5439 de
2036 5381 2278 5440 Sabbato
2308 5385 2507 5457 agitur.
2542 5383 2640 5441 Sta
2672 5386 2730 5441 in
2756 5385 2958 5454 medio,
2984 5395 3043 5441 ut
3082 5385 3174 5456 qui
3206 5381 3518 5439 claudicant

294 5558 356 5591 ⁸
381 5556 524 5614 ιω.
560 5573 643 5624 vr,
676 5556 734 5614 9.
809 5557 857 5590 ⁸⁸
894 5556 1082 5613 Matth.
1115 5574 1219 5625 xu,
1253 5559 1345 5616 35.
1419 5556 1645 5616 "Joan.
1685 5576 1801 5629 xxx,
1839 5560 1927 5617 15.

298 5711 422 5784 (37)
458 5710 793 5795 Angliam};
807 5709 1451 5795 {dipAi-zimv._lnfra,_post
1475 5718 1615 5789 νυνι,
1645 5718 1780 5776 haec.

1917 5712 2070 5776 εἶπεν
2110 5718 2389 5787 αὐτοῖς....
2433 5722 2462 5778 ὁ
2501 5720 2612 5795 γὰρ
2640 5721 2793 5795 περι,
2846 5722 3049 5779 desunt
3098 5720 3158 5778 in
3184 5719 3377 5795 Λυκίη
3413 5711 3519 5779 nol

225 5781 409 5841 me
434 5781 753 5844 recentiore
780 5781 967 5845 addita
988 5793 1142 5843 sunt.

180 5874 234 5919 β
