3890 6200
391 263 495 324 167

1601 258 1661 314 S.
1697 258 2165 320 ATHANASIUS.
2194 291 2266 304 -
2301 258 2534 321 DBBIA.

3569 267 3678 324 168

386 382 711 457 poplitibus,
739 381 1075 447 consistant,
1104 381 1150 437 si
1177 390 1361 437 tamen
1386 379 1638 448 audiant,
1669 381 1718 437 si
1742 380 1977 437 videant.

2102 381 2388 447 Ἰουδαίους
2413 381 2483 436 τά
2510 381 2798 454 εἰρημένα,
2820 382 2903 437 ὅτι
2931 378 3109 448 ἔξεστι
3135 382 3256 437 τόδε
3277 382 3559 457 ποιῆσαιῆ
3582 383 3679 453 ob;

383 474 481 531 Sta
545 474 601 528 in
641 473 843 540 medio,
893 479 948 528 et
1000 474 1225 543 loquere
1278 471 1485 528 Judaeis
1530 488 1655 543 qua:
1690 473 1800 542 jam
1832 473 1978 528 dicta

386 574 517 621 sunt
549 583 564 620 :
603 564 887 619 licitumne
913 571 999 619 est
1023 565 1077 618 id
1114 563 1295 619 facere
1321 564 1550 618 annon?
1592 562 1749 620 Tunc
1790 565 1866 621 ait
1913 567 1983 621 ad

388 655 544 710 illum
579 674 593 710 :
625 654 872 710 Extende
900 670 1124 709 manum
1157 663 1329 718 tuam,
1361 671 1470 710 non
1502 664 1555 711 te
1578 667 1763 727 tango,
1787 673 1856 713 ne
1884 656 1983 712 Ju-

387 746 490 803 daei
523 748 890 802 criminentur
910 790 924 814 ,
957 764 1094 803 neve
1116 750 1440 819 contingere
1469 748 1609 803 idem
1636 758 1829 818 putent
1860 765 1984 806 esse

386 849 554 910 atque
583 840 824 911 Operari,
855 840 1083 894 verbum
1114 847 1328 894 tantum
1354 840 1595 910 profero.
1623 840 1982 912 Nequaquam

386 932 464 986 ait
496 931 640 985 Deus
674 929 791 986 :Ne
819 919 1049 1001 loquare
1078 932 1133 985 in
1180 930 1446 987 Sabbato.
1491 932 1549 987 Si
1597 942 1779 986 autem
1813 932 1982 985 verbo

385 1036 527 1093 Opus
557 1023 847 1088 eﬂiciatur,
874 1023 1228 1079 admirationi
1262 1023 1335 1078 sit
1363 1025 1458 1094 qui
1491 1024 1710 1079 locutus
1735 1032 1839 1078 est.
1875 1023 1984 1077 Ex-

384 1115 551 1170 tende
575 1131 797 1170 manum
836 1125 1005 1169 tuam.
1040 1113 1176 1169 Vide
1215 1116 1517 1172 discrimen
1568 1119 1698 1171 lacti
1735 1136 1748 1171 :
1785 1116 1983 1174 Petrus

384 1204 446 1260 in
471 1205 731 1276 Speciosa
780 1217 937 1277 porta
982 1205 1344 1277 paralyticum
1394 1222 1622 1272 sanans,
1667 1222 1983 1279 compressa

387 1296 537 1351 illius
564 1296 790 1351 dextera
829 1314 1013 1352 manu~
1034 1299 1319 1354 excitavit.
1372 1297 1576 1355 Servus
1612 1301 1979 1367 attrectando,

385 1388 664 1457 extendit;
697 1389 966 1447 Dominus
992 1390 1241 1459 jubendo
1269 1392 1530 1446 extendit.
1570 1390 1818 1447 Extende
1860 1409 1980 1448 ma-

385 1497 517 1535 num
550 1489 723 1536 tuam.
756 1480 836 1535 Do
863 1482 960 1536 tibi
990 1481 1270 1547 virtutem,
1294 1490 1349 1536 et
1372 1481 1671 1538 eﬂicaciam
1703 1485 1979 1541 sanitatis.

385 1569 567 1626 Verbo
607 1572 967 1642 jussioneque
1001 1587 1124 1627 mea
1178 1572 1234 1627 in
1292 1582 1344 1627 te
1382 1575 1662 1629 constituo
1698 1577 1982 1633 :Extemle

384 1679 609 1719 manum
637 1672 809 1719 tuam.
835 1663 980 1718 Dixit
1001 1664 1112 1729 ille,
1143 1665 1246 1720 iste
1276 1664 1407 1720 fecit
1439 1684 1453 1719 :
1485 1666 1639 1722 arida
1667 1682 1861 1726 manus
1893 1687 1983 1726 sa-

383 1756 544 1812 nitati
576 1757 853 1822 restituta,
903 1757 1216 1827 mentisque
1246 1754 1562 1812 Judaeorum
1614 1760 1842 1817 ariditas
1871 1763 1977 1816 mi-
2012 1737 2055 1791 Β

384 1848 534 1903 nime
564 1857 756 1903 sanata
780 1847 916 1914 fuit;
951 1848 1047 1904 scd
1073 1850 1303 1919 egressi,
1340 1857 1399 1902 ut
1428 1850 1592 1903 modo
1620 1850 1819 1905 lectum
1854 1850 1976 1918 fuit,

383 1940 763 1996 deliberabant
790 1942 924 2011 quid
948 1942 1192 1996 facerent
1224 1939 1379 1997 Jesu.
1418 1936 1701 1998 Deliberas
1733 1945 1864 2013 quid
1898 1946 1979 1998 fa-

383 2041 577 2089 cturus
605 2036 683 2090 sis
708 2052 722 2089 :
746 2033 914 2088 adora
949 2044 1008 2088 ut
1035 2033 1226 2101 Deum,
1254 2033 1422 2089 adora
1460 2036 1850 2090 miraculorum
1880 2051 1981 2090 au-

386 2135 619 2188 ctorem,
670 2125 839 2180 adora
869 2125 1170 2189 hominem,
1217 2142 1304 2192 ea,
1353 2141 1489 2197 quae
1510 2142 1677 2197 supra
1725 2127 1978 2184 homines

387 2227 537 2285 sunt,
560 2228 904 2289 operantem.
938 2218 1058 2273 Non
1084 2220 1340 2290 apposuit
1368 2221 1688 2290 emplastra,
1712 2237 1822 2276 non
1853 2238 1979 2292 per-

385 2309 701 2366 fusionibus
757 2311 1089 2381 quihusdam
1155 2311 1444 2367 brachium
1510 2313 1813 2377 emollivit,
1866 2329 1977 2368 non

385 2410 643 2458 sexcenta
690 2401 1059 2458 remediorum
1121 2419 1324 2475 genera
1382 2405 1653 2459 adhibuit.
1705 2405 1762 2459 In
1797 2406 1979 2461 medio

386 2497 567 2553 stabat
605 2496 716 2560 ille,
746 2511 863 2551 rem
895 2511 1087 2551 omnes
1114 2505 1325 2568 gestam
1355 2497 1617 2553 videbant
1648 2514 1663 2551 :
1697 2512 1807 2551 non
1829 2500 1976 2551 enim

376 2589 527 2643 clam
555 2586 763 2643 editum
797 2603 938 2659 opus
969 2588 1168 2654 fuerat,
1204 2605 1274 2645 ne
1300 2590 1427 2659 quis
1459 2588 1666 2644 diceret
1694 2607 1708 2642 :
1739 2576 1976 2643 Herbam

377 2681 653 2744 adhibuit,
671 2682 1028 2752 emplastrum
1046 2683 1325 2752 apposuit.
1354 2681 1549 2753 Surge,
1572 2690 1657 2739 sta
1681 2683 1734 2736 in
1760 2684 1973 2749 medio;

2085 474 2222 529 Τότε
2268 473 2417 543 λέγει
2459 472 2597 544 πρὸς
2647 473 2842 527 αὐτόν’
2897 474 3179 529 Ἔκτεινον
3221 474 3323 546 τὴν
3353 475 3514 545 χεῖρά
3547 491 3677 529 sou-

2084 567 2187 621 οὐκ
2213 564 2326 634 ἐγὼ
2358 565 2634 635 ἅπτομαι,
2670 563 2755 617 ἴνα
2790 562 2866 635 μὴ
2907 562 3148 617 Ἰουδαῖοι
3184 565 3638 636 κατηγορήσωσιν
3659 580 3678 598 ο

2086 660 2177 714 ἵνα
2204 659 2278 731 μὴ
2310 659 2376 711 τὸ
2412 656 2654 727 ἅψασθαι
2683 657 2845 729 ἔργον
2869 651 3008 711 εῐναι
3031 657 3319 729 νομίσωσι,
3343 657 3486 728 λόγῳ
3511 656 3679 712 λαλῶ.

2085 752 2200 805 Ούκ
2223 747 2377 804 εἶπεν
2402 751 2431 803 6
2454 750 2606 815 Θεὸς,
2625 750 2717 819 Μὴ
2739 748 2890 802 λάλει
2913 750 2971 802 ἐν
2990 748 3276 821 Σαϐὁάτῳ.
3316 749 3441 802 Ἐὰν
3460 748 3518 801 δέ
3541 751 3571 803 ό
3594 749 3684 803 λόο

2084 860 2180 913 γος
2212 842 2374 915 ἔργον
2395 841 2644 913 γένηται,
2672 840 3035 913 θαυμαζέσθω
3055 842 3084 894 6
3105 840 3366 914 λαλήσας.
3401 841 3683 897 Ἔκτεινον

2083 936 2184 1007 τὴν
2234 936 2395 1007 χεῖρά
2438 952 2554 989 σου.
2609 934 2786 988 Βλέπε
2824 950 2913 1005 μοι
2956 933 3221 1006 διαφορὰν
3259 934 3614 1006 πράγματος·
3649 937 3681 989 6

2086 1028 2294 1100 Πέτρος
2337 1030 2395 1081 ἐν
2428 1028 2622 1101 Ὡραίᾳ
2652 1026 2795 1099 πύλῃ
2831 1026 3199 1098 παραλυτικὸν
3235 1026 3446 1092 σώζων,
3476 1027 3681 1092 πιάσας

2083 1118 2266 1186 δεξιᾶς
2305 1120 2488 1192 χειρὸς
2540 1120 2781 1191 ἤγειρεν.
2826 1119 2884 1173 '0
2923 1116 3112 1182 δοῦλος
3152 1118 3367 1191 κρατῶν
3410 1118 3677 1172 ἐκτείνειο

2083 1210 2113 1263 6
2133 1210 2398 1283 δεσπότης
2420 1210 2655 1265 κελεύων
2676 1211 2925 1265 ἐκτείνει.
2951 1210 3231 1264 Ἔκτεινον
3245 1209 3343 1281 τὴν
3364 1210 3525 1282 χεῖρά
3544 1226 3637 1264 σου
3656 1225 3676 1243 ⁸

2086 1302 2171 1356 σοὶ
2197 1303 2390 1374 δίδωμι
2414 1303 2512 1376 τὴν
2544 1303 2795 1375 δύναμιν,
2831 1304 2927 1356 καὶ¹
2957 1302 3057 1375 τὴν
3079 1303 3362 1374 ἐνέργειαν
3391 1304 3491 1375 τῆς
3515 1303 3679 1372 θερα-

2084 1397 2264 1458 πείας.
2292 1395 2394 1449 Διά
2418 1396 2526 1448 τῶν
2557 1395 2732 1464 λόγων
2764 1392 3029 1458 κελεύσας
3062 1394 3314 1466 ὲντίθημι
3334 1411 3349 1425 ·
3396 1395 3677 1449 Ἔκτεινον

2083 1487 2183 1560 τὴν
2203 1486 2361 1557 χεῖρά
2386 1501 2501 1538 σου.
2539 1485 2600 1537 Ὁ
2630 1484 2730 1555 μὲν
2755 1479 2933 1549 εἶπεν,
2962 1483 2991 1535 6
3014 1482 3073 1537 δέ
3102 1484 3350 1554 ἐποίησε.
3380 1483 3547 1555 Καὶή
3577 1483 3679 1553 μὲν

2086 1577 2228 1651 ξηρά
2264 1578 2387 1649 χεὶρ
2432 1575 2853 1646 ἀποκατεστάθη
2873 1592 2887 1606 ο
2922 1576 2985 1629 τὸ
3010 1575 3067 1629 δέ
3092 1575 3256 1647 ξηρὸν
3288 1575 3388 1647 τῆς
3438 1575 3680 1639 διανοίας

2083 1671 2191 1725 τῶν
2224 1669 2493 1724 Ἰουδαίων
2520 1670 2620 1723 ούκ
2643 1667 2986 1740 ἐθεραπεύθη
3009 1684 3022 1697 ·
3047 1667 3161 1720 ἀλλ’
3187 1664 3513 1731 ἐξελθόντες,
3536 1666 3679 1720 κατά

2084 1762 2145 1815 τὸ
2176 1763 2379 1834 ἀρτίως
2411 1762 2747 1831 ἀνάγνωσμα
2767 1800 2782 1825 ,
2804 1756 3182 1827 διελογίζοντο,
3209 1758 3263 1810 τί
3297 1758 3364 1811 ἂν
3395 1758 3679 1830 ποιήσειαν

2083 1854 2165 1925 τῷ
2210 1854 2405 1926 Ἰησοῦ.
2436 1852 2724 1923 Διαλογίζῃ
2745 1889 2761 1916 ,
2797 1852 2850 1905 τί
2876 1852 3161 1923 ποιήσεις;
3192 1849 3569 1922 προσκύνησον
3599 1848 3678 1914 ὡς

2084 1946 2217 2000 Θεὸν
2239 1986 2254 2007 ,
2284 1944 2662 2017 προσκύνησον
2695 1945 2788 1998 τὸν
2816 1942 3221 2014 θαυματοποιὸν
3244 1981 3259 2005 ,
3299 1940 3679 2013 προσκύνησον

2084 2038 2371 2110 ἄνθρωπον
2398 2037 2467 2091 τὰ
2497 2037 2637 2109 ὑπὲρ
2672 2035 2961 2107 ἄνθρωπον
2988 2034 3385 2106 ἐργασάμενον.
3436 2034 3552 2086 Οὐκ
3572 2034 3680 2103 ἐμ-

2085 2132 2261 2186 πλάστ
2271 2148 2397 2203 ρους
2415 2130 2775 2202 προσέθηκεν,
2794 2130 2894 2182 οὐκ
2911 2127 3211 2200 ἐμϐροχαίς
3224 2143 3365 2180 τισιν
3381 2126 3674 2198 ήπάλυνεν.

2084 2227 2145 2279 ού
2188 2223 2357 2296 μυρία
2383 2224 2649 2294 φάρμακα
2678 2222 2897 2294 ίατρικά
2929 2222 3325 2293 προσήνεγκεν.
3368 2219 3464 2282 Είς
3491 2218 3554 2271 τὸ
3579 2217 3678 2289 μέ-

2090 2334 2182 2371 σον
2199 2312 2267 2388 ἧν
2287 2316 2316 2367 6
2345 2314 2538 2377 ἑστὼς,
2565 2314 2764 2377 πάντες
2785 2311 3015 2365 ἔϐλεπον
3034 2311 3095 2364 τὸ
3117 2310 3407 2382 γενόμενον
3421 2326 3436 2340 ·
3467 2308 3543 2381 μὴ
3564 2308 3678 2380 γὰρ

2085 2407 2315 2479 κρύφιον
2346 2400 2416 2476 ἦν
2439 2404 2501 2458 τὸ
2527 2402 2896 2475 ἐργαζόμενον
2916 2419 2930 2433 ·
2961 2402 3049 2455 ἶνα
3080 2401 3156 2472 μή
3186 2417 3270 2462 τις
3301 2398 3466 2472 εἴπῃ·
3506 2397 3679 2453 801d-

2083 2517 2181 2572 νην
2208 2498 2608 2570 προσήνεγκεν,
2640 2494 2988 2565 ἐμπλαστρον
3005 2490 3364 2564 προσέθηκεν.
3396 2490 3672 2561 Ἔγειραι,

2087 2592 2243 2663 στῆθι
2266 2593 2348 2654 είς
2368 2589 2428 2643 τὸ
2458 2590 2647 2661 μέσον,
2672 2588 2762 2641 ἵνα
2789 2588 3006 2651 πάντως
3029 2586 3104 2659 μὴ
3131 2584 3552 2657 κατηγορήσωσι
3569 2581 3675 2654 τῆς

2084 2683 2341 2755 ἀληθείας
2360 2698 2373 2713 ·
2410 2682 2497 2735 ἵνα
2524 2681 2970 2751 ἀσυκοφάντητον
2994 2676 3218 2749 γένηται
3248 2677 3311 2731 τὸ
3334 2677 3590 2748 πρᾶγμα.

379 2784 444 2838 ut
471 2792 541 2832 ne
566 2777 741 2848 ipsam
776 2776 854 2832 rei
883 2776 1171 2831 veritatem
1213 2776 1642 2839 calumnientur,
1678 2782 1737 2829 ut
1779 2775 1963 2829 nullus
1983 2776 2055 2832 sit
2089 2777 2462 2849 sycophantiae
2488 2776 2663 2831 locus.

452 2934 541 2990 17.
575 2932 794 3007 Egressi
824 2940 1005 2987 autem
1038 2930 1117 2985 illi
1145 2929 1523 2986 deliberabant
1554 2930 1688 3001 quid
1723 2930 1967 2987 facerent

382 3027 452 3084 de
476 3026 607 3084 Jesu
641 3045 655 3083 :
695 3034 756 3082 ut
793 3027 958 3082 etiam
998 3024 1089 3079 hic
1119 3023 1176 3079 in
1214 3024 1317 3079 hac
1344 3025 1463 3093 ipsa
1488 3024 1644 3089 hora,
1671 3031 1782 3079 stat
1810 3025 1968 3094 quis-

2152 2932 2238 2986 17.
2287 2930 2624 2996 Ἐξελθόντες
2656 2930 2716 2984 δὲ
2745 2931 2945 2985 ἐκεῖνοι
2990 2931 3385 3002 διελογίζοντο,
3431 2931 3487 2986 τί
3510 2932 3673 3007 ποιή-

2084 3042 2218 3080 σωσι
2236 3022 2317 3093 τῷ
2344 3022 2519 3095 Ἰησοῦ
2538 3040 2553 3054 ο
2578 3022 2654 3088 ὡς
2672 3024 2767 3077 καὶ
2787 3022 3022 3077 ἐνταῦθα
3043 3026 3186 3079 κατά
3199 3023 3358 3096 τήνδε
3380 3022 3476 3096 τὴν
3493 3023 3671 3099 ὥραν,

381 3122 529 3192 piam
559 3120 710 3175 arida
747 3135 937 3185 manu,
969 3132 1097 3173 cum
1129 3131 1252 3172 eam
1302 3117 1530 3187 pauperi
1576 3132 1687 3171 non
1742 3116 1977 3187 porrigit

2083 3116 2281 3187 Εστηκέ
2299 3132 2383 3179 τις
2400 3114 2572 3187 ξηρὰν
2595 3114 2733 3186 ἔχων
2758 3115 2857 3186 τὴν
2880 3117 3062 3187 χεῖρα,
3087 3130 3116 3169 ο
3144 3115 3219 3188 μὴ
3242 3115 3498 3170 ἐκτείνων
3522 3133 3676 3170 πτω-

383 3212 456 3267 ad
499 3211 908 3284 eleemosynam
942 3226 956 3263 :
993 3210 1040 3267 is
1090 3208 1448 3279 quantumvis
1501 3222 1732 3279 corpore
1782 3224 1973 3276 sanus,

377 3305 572 3361 aridus
605 3312 691 3361 est
717 3312 920 3358 mente.
955 3301 1097 3356 Audi
1125 3308 1181 3356 et
1213 3308 1273 3355 tu
1318 3300 1419 3355 hac
1455 3301 1575 3370 ipsa
1600 3301 1737 3355 hora
1768 3301 1977 3355 saluta-

378 3400 464 3454 ria
492 3400 608 3454 haec
645 3399 812 3453 verba
846 3414 861 3451 :
897 3395 1141 3451 Extende
1188 3403 1415 3449 manum
1460 3402 1633 3461 tuam,
1668 3404 1724 3449 et
1775 3396 1844 3449 ab
1872 3394 1975 3449 hac

379 3493 471 3548 αθ
498 3492 677 3561 incipe
706 3491 1107 3559 eleemosynam
1139 3487 1368 3559 pauperi
1413 3502 1661 3557 erogare.
1687 3486 1811 3541 Alio
1843 3487 1974 3542 item

376 3584 545 3640 modo
588 3582 644 3637 id
688 3588 1114 3652 pertractemus.
1163 3578 1319 3634 Multi
1358 3579 1561 3634 incurii
1597 3590 1727 3635 sunt
1759 3582 1814 3633 in
1845 3595 1976 3651 pre-

382 3676 580 3739 cando,
614 3681 734 3728 tota
762 3673 849 3729 die
878 3672 1113 3744 negotiis
1154 3671 1486 3727 incumbunt
1533 3671 1812 3734 humanis,
1848 3673 1975 3726 vili-

380 3766 739 3838 penduntque
775 3764 1021 3819 divinum
1054 3763 1435 3833 prccationum
1484 3762 1784 3832 negotium.
1831 3761 1973 3817 Huic

380 3873 600 3929 quoque
634 3857 781 3911 dicat
818 3853 1072 3909 Salvator
1105 3871 1120 3907 :
1153 3851 1399 3908 Extende
1432 3867 1659 3908 manum
1694 3861 1869 3921 tuam,
1911 3860 1973 3907 ut

378 3952 459 4007 ait
487 3951 783 4020 Apostolus
818 3964 831 3999 :
864 3965 884 3999 ι
926 3945 1064 4001 Volo
1092 3961 1250 4000 orare
1281 3945 1532 4002 homines
1565 3946 1619 3999 in
1643 3946 1791 4000 omni
1826 3946 1970 4012 loco,

380 4043 710 4097 extollentes
742 4044 964 4094 sanctas
995 4052 1193 4091 manus
1228 4035 1296 4089 “.
1340 4054 1358 4086 ι
1390 4035 1662 4090 Czcterum
1692 4037 1823 4105 quia
1851 4051 1971 4091 ser-

380 4144 474 4184 mo
492 4136 680 4183 noster
701 4130 838 4183 satis
860 4126 1152 4196 processit,
1178 4136 1465 4196 surgentes
1489 4125 1594 4196 55
1613 4141 1714 4181 nos
1747 4126 1849 4196 ipsi
1874 4142 1972 4182 ex-

383 4216 678 4270 tendamus
709 4230 929 4279 manus,
948 4232 1057 4269 non
1074 4214 1252 4269 solum
1285 4215 1342 4268 in
1360 4214 1469 4280 die,
1495 4217 1588 4270 sed
1602 4222 1657 4269 et
1684 4216 1739 4269 in
1763 4223 1924 4271 nocte
1954 4235 1967 4271 :

2080 3206 2161 3281 χῷ
2186 3207 2577 3279 ἐλεημοσύνην.
2609 3202 2777 3271 Οὗτος
2808 3208 2913 3262 κάν
2941 3207 3162 3279 ὑγιαίνῃ
3194 3207 3256 3261 τὸ
3285 3206 3447 3278 σῶμα
3466 3249 3480 3272 ,
3506 3207 3673 3281 ξηρός

2078 3303 2197 3355 ἐστι
2224 3300 2324 3372 τὴν
2368 3299 2627 3355 διάνοιαν.
2681 3300 2948 3354 ’Δκουσον
2987 3299 3083 3352 καὶ
3113 3300 3178 3352 σὺ
3209 3299 3354 3353 κατά
3380 3300 3537 3373 τήνδε
3568 3301 3674 3373 τὴν

2077 3392 2228 3464 ὤραν
2254 3391 2363 3445 τῶν
2394 3390 2679 3463 σωτηρίων
2724 3389 2899 3459 λόγων
2926 3389 3196 3459 λεγόντων
3213 3405 3229 3421 °
3266 3392 3545 3445 Ἔκτεινον
3568 3391 3672 3463 τὴν

2075 3484 2237 3556 χεῖρά
2264 3500 2359 3537 σου
2376 3500 2391 3514 ⁸
2424 3484 2518 3537 καὶ
2537 3484 2646 3538 ἀπὸ
2671 3482 2764 3538 τοῦ
2794 3485 3032 3556 σήμερον
3054 3482 3216 3554 ἄρξαι
3245 3486 3419 3537 ποιεῖν
3439 3483 3674 3555 ἐλεημο-

2078 3576 2244 3647 σύνην
2277 3574 2498 3647 πτωχῷ.
2544 3576 2656 3629 Καὶ
2684 3576 2856 3641 ἄλλως
2884 3576 2941 3630 δέ
2970 3575 3104 3629 αὐτὸ
3135 3574 3409 3646 λάὄωμεν.
3474 3575 3671 3629 Πολλοί
3702 3585 3715 3595 ’

2075 3668 2221 3732 τινές
2238 3671 2374 3721 είσιν
2402 3667 2625 3738 ἀμελεῖς
2647 3669 2728 3732 είς
2756 3667 3087 3739 προσευχὰς,
3122 3668 3217 3722 καὶ
3239 3670 3420 3722 πᾶσαν
3445 3669 3544 3739 μὲν
3564 3670 3672 3742 τὴν

2074 3762 2289 3834 ἡμέραν
2328 3759 2680 3831 ἀσχολοῦνται
2714 3762 2843 3832 περὶ
2872 3760 3137 3832 ἐργασίας
3167 3760 3535 3833 ἀνθρωπίνας.
3558 3777 3670 3815 κα·-

2074 3852 2402 3926 ταφρονοῦσι
2451 3853 2507 3906 δέ
2540 3854 2640 3924 τῆς
2679 3853 2833 3916 θείας
2865 3852 3130 3921 ἐργασίας
3160 3852 3270 3906 τῶν
3321 3853 3666 3925 προσευχῶν.

2075 3944 2185 3997 Καὶ
2213 3944 2350 4015 πρὸς
2374 3943 2561 3997 τοῦτον
2591 3943 2798 4012 λεγέτω
2822 3945 2849 3996 6
2865 3944 3060 4015 Σωτήρ
3077 3959 3090 3973 ·
3118 3944 3399 3997 Ἔκτεινον
3426 3942 3522 4015 τὴν
3545 3945 3669 4014 χεῖ-

2079 4036 2148 4108 ρά
2176 4054 2291 4101 σου,
2311 4035 2493 4101 καθὼς
2523 4036 2670 4105 λέγει
2704 4038 2734 4090 6
2773 4036 3093 4100 Ἀπόστολος
3114 4053 3129 4067 ·
3156 4054 3176 4087 ι
3199 4037 3470 4108 Βούλομαι
3500 4055 3674 4110 προσ-

2073 4126 2330 4196 εύχεσθαι
2371 4129 2498 4190 τοὺς
2542 4126 2779 4199 ἀνδρας,
2831 4129 2889 4179 ἐν
2941 4127 3105 4181 παντὶ
3135 4128 3289 4200 τόπῳ
3333 4130 3670 4202 ἐπαίροντας

2072 4220 2253 4282 ὁσίους
2276 4221 2483 4290 χεῖρας.
2505 4238 2523 4269 ι
2548 4219 2846 4290 Αύτάρκως
2865 4218 2921 4271 δὲ
2940 4218 3048 4272 τῶν
3063 4219 3237 4289 λόγων
3260 4221 3418 4293 ήμῶν
3440 4240 3667 4297 προχω-

383 4325 406 4359 ι
429 4306 488 4362 In
512 4308 771 4362 noctibus
800 4309 1045 4364 extollite
1077 4325 1275 4365 manus
1299 4314 1515 4363 vestras
1567 4307 1622 4361 in
1664 4316 1881 4371 sancta,
1917 4316 1972 4362 et

2083 4309 2382 4381 ρησάντων,
2409 4309 2738 4373 ἀναστάντες
2760 4309 2857 4363 καὶ
2882 4312 3045 4380 ήμείς
3076 4310 3408 4383 ἐκτείνωμεν
3427 4314 3525 4376 τάς
3548 4317 3669 4384 χεῖ-

374 4398 686 4454 beuedicite
703 4399 993 4454 Dominum
1018 4401 1083 4456 “.
1113 4421 1131 4453 ι
1155 4400 1220 4455 Et
1243 4401 1604 4456 extendamus
1622 4384 1819 4455 manus
1838 4415 1969 4454 san-

2083 4414 2203 4474 ρας,
2238 4402 2333 4454 καὶ
2369 4401 2443 4471 μὴ
2474 4400 2635 4472 μόνον
2681 4403 2739 4454 ἐν
2768 4402 2953 4473 ἡμέρᾳ
2976 4440 2992 4466 ,
3051 4402 3187 4456 ἀλλά
3221 4405 3316 4458 καὶ
3363 4407 3422 4459 ἐν
3465 4407 3662 4460 νυκτίο

379 4499 499 4545 ctas
527 4491 700 4544 abluti
741 4490 884 4546 inter
913 4493 1270 4560 innocentes;
1301 4501 1363 4548 ut
1388 4493 1641 4547 invocato
1674 4492 1966 4547 universo-

2083 4491 2253 4554 ιΤαῖς
2302 4491 2450 4557 νυξὶν
2490 4492 2731 4562 ἐπάρατε
2762 4492 2862 4555 τὰς
2893 4494 3082 4564 χεῖρας
3112 4493 3266 4565 ὑμῶν
3293 4496 3373 4559 είς
3402 4493 3473 4548 τὰ
3498 4495 3663 4564 ἀγια,

378 4596 501 4636 rum
534 4581 667 4646 Deo,
708 4581 831 4651 ejus
865 4585 1072 4639 auxilio
1103 4585 1472 4655 perfruamur,
1502 4585 1559 4639 in
1581 4583 1807 4640 Christo
1831 4583 1965 4641 Jesu

2083 4584 2172 4638 καὶ
2197 4583 2469 4652 εὐλογεῖτε
2492 4584 2582 4637 τὸν
2605 4583 2829 4656 Κύριον.
2864 4603 2884 4637 ι
2907 4586 3447 4658 Καὶδιαπετάσωμεν
3466 4590 3667 4661 χεῖρας

376 4672 612 4729 Ι)οωίηο
638 4685 850 4743 nostro,
876 4692 973 4746 per
1009 4692 1171 4747 quem
1197 4676 1309 4733 Deo
1342 4677 1517 4748 gloria
1571 4692 1696 4731 cum
1756 4675 1965 4747 Spiritu

2083 4676 2273 4740 ΰσίους,
2309 4675 2592 4747 νιψάμενοι
2622 4678 2682 4730 ἐν
2712 4676 2940 4743 ἀθώοις·
2971 4680 3080 4747 ἵνα,
3110 4680 3202 4735 τὸν
3230 4681 3339 4735 τῶν
3366 4682 3503 4735 ὅλων
3520 4682 3665 4739 Θεὸν

370 4774 594 4835 sancto,
641 4783 790 4825 nunc
842 4778 897 4825 et
925 4784 1142 4841 semper
1179 4777 1234 4826 et
1269 4770 1327 4825 in
1360 4769 1561 4825 saecula
1613 4769 1963 4825 saeculorum.

2083 4767 2526 4840 ἐπικαλούμενοι,
2559 4770 2659 4842 τῆς
2694 4773 2827 4844 παρ’
2854 4772 3022 4826 αὑτοῦ
3056 4773 3309 4845 βοηθείας
3333 4774 3664 4831 ἀπολαύσω-

371 4861 573 4915 Amen.
2076 4879 2210 4935 μεν,
2237 4860 2338 4931 τῆς
2364 4862 2422 4915 ἐν
2452 4860 2676 4933 Χριστῷ
2723 4864 2898 4934 Ἰησοῦ
2924 4866 3003 4938 τῷ
3034 4866 3224 4939 Κυρίῳ
3256 4866 3413 4939 ήμῶν
3435 4907 3453 4936 ,
3492 4867 3561 4925 δι’
3591 4861 3664 4925 οὗ

372 4955 456 5030 τῷ
476 4954 597 5027 Θεῷ
614 4956 651 5031 ή
674 4954 801 5024 δόξα
818 4954 937 5027 ἅμα
954 4953 1032 5027 τῷ
1049 4954 1191 5026 ἁγίῳ
1212 4952 1492 5027 Πνεύματι
1516 4954 1610 5011 νῦν
1638 4955 1732 5009 καὶ
1755 4954 1843 5010 ἀεὶ
1867 4955 1961 5009 καὶ
1989 4955 2068 5019 είς
2100 4956 2228 5019 τοὺς
2254 4953 2456 5021 αἰῶνας
2476 4954 2587 5012 τῶν
2619 4954 2848 5013 αἰώνων.
2894 4959 3086 5034 Ἀμήν.

443 5200 496 5237 ⁸⁸
524 5197 552 5257 l
578 5197 722 5260 Tim.
758 5215 803 5257 tt
869 5201 926 5259 8.
1004 5202 1050 5235 “
1094 5201 1241 5258 Psal.
1274 5216 1518 5270 cxxxm,
1555 5202 1611 5258 2.
