3872 6188
462 259 558 313 ni
1598 255 1655 311 s.
1691 256 2150 317 ATHANASIUS.
2190 291 2260 300 -
2297 259 2525 315 nvem.
3623 268 3737 322 ιτς,

457 389 632 445 genus
666 374 1005 436 humanum,
1069 371 1381 445 diabolique
1437 371 1720 427 fraudibus
1772 375 2008 444 perierat

2150 375 2259 429 τῶν
2308 375 2611 448 ἀνθρώπων
2656 376 2832 444 γένος,
2881 378 2976 430 καὶ
3033 377 3401 449 ἀπολλύμενον
3453 382 3573 443 ταῖς
3631 380 3735 432 τοῦ

457 466 605 519 venit
649 471 864 534 tempus
892 465 1012 533 ejus
1055 464 1422 534 perquirendi,
1451 464 1740 519 revocandi
1772 481 1841 521 ex
1871 467 2014 535 capti

2144 465 2390 518 διαϐόλου
2423 466 2796 537 πανουργίαις,
2828 465 3016 538 καιρὸς
3057 467 3247 535 γέγονε
3290 467 3384 521 τοῦ
3424 468 3735 539 ζητηθῆναι

456 555 648 623 vitate,
685 555 958 611 eximendi
985 571 1052 611 ex
1081 556 1353 625 vinculis.
1378 556 1455 611 Ex
1482 573 1587 613 usu
1620 557 1819 627 quippe
1851 565 2015 613 nostri

2142 557 2322 621 τοῦτο,
2375 559 2469 611 καὶ
2513 556 2884 627 ἀνακληθῆναι
2932 561 2996 611 ἐκ
3034 559 3134 629 τῆς
3183 560 3577 630 αίχμαλωσίας,
3630 560 3733 612 καὶ

456 656 577 703 erat
607 663 850 719 quaerere
882 657 934 702 et
969 648 1231 713 ediscere,
1262 649 1407 719 quod
1438 649 1617 703 littera
1650 649 1865 703 occidat
1887 688 1902 713 ,
1929 650 2012 720 spi

2141 649 2563 721 ἐλευθερωθῆναι
2597 651 2660 702 ἐκ
2704 649 2811 702 τῶν
2845 650 3061 721 δεσμῶν
3106 650 3239 721 (45).
3288 650 3459 721 Χρεία
3502 650 3612 723 γὰρ
3656 646 3731 721 ἦν

457 741 598 797 ritus
623 747 805 795 autem
827 739 1064 795 vivificet
1088 742 1152 795 θ’.
1185 741 1298 795 Hac
1329 741 1494 811 igitur
1518 757 1578 796 re
1601 741 1875 805 confecta,
1902 751 2008 798 tem

2141 740 2371 812 ζητῆσαι
2408 742 2556 811 ἡμᾶς
2587 742 2680 794 καὶ
2717 740 2927 811 μαθεῖν,
2959 742 3044 795 ὅτι
3089 741 3149 793 τὸ
3178 742 3276 813 μὲν
3313 742 3544 813 γράμμα
3586 744 3729 797 ἀπο-

458 848 564 904 pus
599 833 772 888 adfuit
824 833 1138 889 destruendi
1163 833 1389 905 ﬁguram
1423 843 1476 889 et
1505 835 1753 889 umbram
1780 837 1833 890 in
1861 836 2015 891 litter:

2139 832 2360 895 κτείνει,
2391 831 2451 884 τὸ
2481 831 2538 884 δὲ
2567 831 2781 902 πνεῦμα
2806 829 3082 895 ζωοποιεῖ.
3113 831 3312 885 Τούτου
3339 828 3431 886 οὖν
3463 832 3728 885 ἀνυσθέν-

459 924 640 980 sitam.
666 923 799 979 Nam
830 924 897 979 ad
919 941 1092 994 usque
1125 932 1337 995 tempus
1382 925 1762 990 correctionis,
1798 926 1914 981 haec
1946 928 2015 981 ini

2137 940 2249 986 τος,
2282 922 2472 993 καιρὸς
2503 923 2692 991 γέγονε
2731 916 2824 976 τοῦ
2862 922 3159 976 ἀπολέσθαι
3185 922 3276 975 τὸν
3298 922 3465 975 τύπον
3494 924 3589 975 καὶ
3617 923 3725 994 τὴν

459 1017 757 1087 gruebant:
792 1032 850 1072 re
879 1022 1061 1071 autem
1117 1015 1440 1086 perfectiore
1488 1017 1811 1073 adveniente
1835 1059 1848 1081 ,
1904 1028 2015 1074 tum

2137 1014 2195 1067 ἐν
2223 1012 2300 1083 τῷ
2339 1013 2626 1085 γράμματι
2672 1013 2849 1067 σκιάν.
2898 1014 3077 1085 Μέχρι
3108 1012 3216 1084 γάρ
3257 1013 3450 1085 καιροῦ
3492 1013 3725 1086 διορθώ-

456 1107 603 1178 quod
634 1124 698 1163 ex
727 1116 881 1179 parte
913 1116 1031 1164 erat
1057 1117 1381 1163 evacuatum
1411 1115 1495 1164 cst
1516 1109 1582 1165 ⁷⁰.
1622 1129 1640 1162 ι
1669 1108 1805 1165 Cum
1840 1129 1858 1163 ι
1887 1111 2015 1166 enin

2138 1120 2273 1167 σεως
2315 1098 2454 1175 ἦσαν
2502 1102 2861 1173 ἐπικείμεναο
2904 1104 2999 1157 τοῦ
3034 1104 3091 1156 δὲ
3135 1104 3469 1175 τελειοτέρου
3516 1106 3720 1174 φανέν-

461 1215 667 1254 cessem
694 1200 973 1269 parvulus,
996 1199 1257 1269 loquebar
1276 1207 1335 1253 ut
1372 1198 1633 1269 parvulus
1658 1218 1672 1254 :
1706 1214 1828 1254 cum
1852 1208 2015 1256 auten

2133 1212 2225 1258 τος
2263 1194 2395 1265 (46),
2425 1193 2486 1247 τὸ
2537 1197 2600 1247 ἐκ
2655 1195 2853 1266 μέρους
2894 1196 3261 1267 κατήργηται.
3313 1214 3332 1246 ι
3370 1196 3496 1249 Ὅτε
3535 1214 3553 1245 ι
3602 1193 3721 1266 γὰρ

454 1289 634 1346 factus
668 1306 789 1345 sum
827 1290 930 1354 vir,
960 1290 1217 1345 evacuavi
1274 1304 1396 1359 quae
1447 1296 1602 1344 erant
1661 1290 1872 1360 parvuli
1900 1291 1967 1344 7‘.
2007 1309 2015 1343 ι

2139 1306 2159 1339 ι
2196 1288 2344 1358 ήμην
2388 1288 2598 1358 νήπιος,
2631 1287 2854 1341 ἐλάλουν
2893 1288 2968 1351 ὡς
3010 1290 3237 1359 νήπιος·
3284 1288 3371 1341 ὅτε
3412 1288 3469 1340 δὲ
3512 1286 3745 1355 γέγοναν

457 1381 600 1437 Sane
633 1384 749 1454 ipse
769 1382 1019 1438 Salvator
1044 1383 1152 1455 56
1186 1384 1262 1439 ait
1297 1404 1309 1439 :
1356 1402 1375 1434 ι
1406 1383 1509 1450 Qui
1557 1384 1765 1438 invenit
1792 1384 2015 1437 animan

2133 1378 2290 1450 ἀνὴρ,
2323 1380 2648 1451 κατήργηκα
2673 1378 2743 1432 τά
2764 1378 2861 1432 τοῦ
2886 1379 3099 1450 νηπίου.
3125 1399 3144 1432 ι
3177 1379 3391 1449 Ἀμέλει
3416 1378 3525 1450 (47)
3551 1381 3578 1432 ὁ
3604 1380 3719 1432 Σω-

454 1489 608 1530 suam
662 1475 849 1545 perdet
894 1487 1107 1539 eam,et
1138 1476 1232 1546 qui
1280 1475 1576 1547 perdiderit
1605 1475 1843 1530 animam
1874 1488 2015 1530 suam

2130 1471 2236 1541 τήρ
2284 1487 2446 1543 φησιν
2470 1487 2484 1501 ⁸
2529 1490 2547 1522 ι
2588 1472 2645 1525 '0
2689 1469 2865 1542 εὑρὼν
2900 1472 3000 1541 τὴν
3040 1470 3218 1542 ψυχὴν
3255 1469 3420 1524 αὐτοῦ
3454 1470 3715 1524 ἀπολέσει

452 1575 674 1637 propter
699 1582 805 1632 me,
841 1566 1079 1621 inveniet
1112 1567 1257 1621 illam
1299 1568 1366 1622 τ’.
1408 1586 1426 1618 ι
1457 1566 1516 1622 Id
1544 1576 1648 1631 est,
1680 1566 1769 1636 qui
1797 1565 2015 1637 quaesie-

2130 1558 2301 1629 αὑτήν
2321 1574 2336 1588 ·
2364 1558 2457 1611 καί⁵
2483 1560 2511 1612 ὁ
2535 1558 2805 1622 ἀπολέσας
2834 1559 2932 1630 τήν
2958 1558 3136 1630 ψυχὴν
3168 1559 3331 1614 αὑτοῦ
3357 1560 3539 1613 ἕνεκεν
3569 1560 3713 1631 ἐμοῦ

450 1657 525 1712 rit
561 1658 797 1712 animam
850 1673 1026 1723 suam,
1053 1664 1106 1713 et
1155 1658 1423 1714 invenerit
1456 1658 1602 1712 illam
1648 1657 1704 1712 in
1756 1658 2015 1727 peccatis,

2130 1649 2349 1718 εὑρήσει
2394 1650 2583 1721 αὐτήν.
2623 1668 2641 1701 ι
2689 1650 2998 1714 Τουτέστιν,
3032 1653 3061 1705 ὁ
3101 1651 3337 1723 ζητήσας
3378 1651 3477 1723 τὴν
3527 1650 3712 1722 ψυχὴν

450 1749 563 1802 cito
600 1749 792 1819 perdat
830 1749 1007 1808 illam.
1040 1764 1218 1819 neque
1250 1749 1395 1804 sinat
1421 1764 1539 1804 eam
1577 1750 1631 1803 in
1682 1748 2015 1819 improbitate

2132 1738 2316 1806 αὐτοῦ,
2346 1741 2439 1793 καὶ
2472 1740 2648 1813 εὑρὼν
2674 1740 2845 1813 αὐτὴν
2882 1741 2941 1793 ἐν
2969 1742 3283 1813 ἁμαρτίαις,
3309 1742 3589 1812 ταχυνάτω
3612 1744 3709 1796 τοῦ

449 1839 726 1895 immorari
761 1860 773 1894 :
812 1851 891 1906 ut,
927 1847 1085 1911 capta
1132 1842 1561 1912 Opportunitate,
1591 1856 1714 1896 cum
1747 1856 1867 1897 eam
1901 1856 2025 1895 rur-

450 1949 547 1990 sus
578 1935 897 2007 perquiret,
945 1933 1186 1988 inveniat
1243 1934 1298 1987 in
1359 1934 1579 1987 virtute.
1630 1931 1687 1985 Si
1720 1933 1846 2003 quis
1880 1934 2025 1988 enim

448 2026 684 2079 animam
742 2040 897 2081 suam
951 2033 1106 2080 extra
1147 2024 1477 2096 supplicium
1527 2024 1773 2079 invenire
1812 2025 2023 2094 cupiat,

446 2119 638 2190 perdet
666 2119 812 2172 illam
846 2118 900 2172 in
953 2133 1193 2188 praesens
1222 2126 1436 2187 tempus
1457 2155 1472 2182 ,
1531 2124 1593 2171 ut
1638 2116 1918 2172 Christum
1952 2117 2027 2170 lu-

446 2220 648 2264 cretur.
674 2210 844 2264 Porro
882 2210 1009 2280 quid
1041 2211 1111 2265 sit
1153 2210 1239 2263 hic
1272 2207 1517 2278 perdere,
1546 2207 1706 2263 docet
1735 2208 2022 2275 Salvator;

445 2317 660 2373 nempe,
695 2318 803 2357 non
845 2311 903 2356 ut
935 2302 1172 2355 animam
1206 2308 1448 2355 nostram
1478 2300 1532 2353 in
1564 2299 1862 2370 perniciem
1889 2314 2022 2354 con-

442 2393 697 2463 jiciamus
730 2434 745 2459 ,
803 2394 899 2450 sed
928 2402 987 2448 ut
1033 2401 1276 2463 tempore
1314 2393 1561 2464 martyrii
1610 2409 1678 2448 ne
1735 2407 2025 2463 parcamus

444 2484 1283 2557 fortunis,liberis,parentibus,
1307 2488 1546 2557 corpori,
1573 2502 1750 2556 neque
1771 2487 1873 2555 ipsi
1906 2488 2025 2540 ani-

445 2590 578 2641 mae;
610 2576 705 2631 sed
737 2592 837 2632 nos
878 2578 981 2647 ipsi
1014 2576 1296 2634 tradamus
1341 2576 1409 2630 ad
1440 2585 1670 2631 mortem
1701 2592 1909 2646 usque;
1942 2584 2020 2642 ut,

443 2666 900 2736 quemadmodum
928 2683 1094 2737 supra
1122 2667 1256 2732 dixi,
1276 2667 1624 2722 inveniamus
1654 2666 1891 2721 animam
1925 2682 2026 2720 no-

444 2768 613 2811 stram
637 2759 692 2812 in
716 2774 882 2829 regno
910 2759 1196 2813 cmlorum.
1240 2756 1298 2813 Id
1333 2759 1478 2812 enim
1511 2758 1671 2812 docet
1727 2758 1980 2813 Salvator
2007 2777 2020 2812 :

444 2867 467 2897 1
502 2847 603 2913 Qui
638 2859 784 2901 amat
817 2856 1025 2919 patrem
1053 2856 1145 2903 aut
1179 2855 1406 2903 matrem
1439 2849 1561 2920 plus
1584 2864 1748 2919 quam
1778 2862 1885 2914 me,
1913 2862 2023 2905 non

443 2949 526 2994 est
558 2954 645 2994 me
671 2939 866 3009 dignus
896 2939 961 2993 ⁷³.
999 2958 1017 2990 ι

512 3118 567 3172 '5.
610 3113 668 3171 Si
696 3117 819 3187 quis
846 3115 1014 3187 igitur
1042 3115 1276 3172 voluerit
1296 3117 1533 3171 animam
1562 3132 1719 3173 suam
1747 3118 2012 3181 invenire,

438 3210 630 3280 perdet
662 3209 807 3263 illam
840 3208 895 3262 in
922 3208 1025 3262 hoc
1059 3218 1320 3278 tempore.
1343 3208 1599 3263 Malitiam
1628 3225 1759 3280 ergo
1779 3212 1834 3264 in
1857 3211 2016 3267 nobis

440 3302 706 3373 perditam
737 3308 985 3370 oportet,
1016 3309 1075 3354 ut
1105 3309 1408 3371 quaerentes
1452 3303 1706 3357 virtutem
1727 3342 1743 3366 ,
1772 3302 2017 3357 invenia-

442 3409 566 3448 mus
599 3393 768 3447 illam.
798 3384 934 3446 Nam
968 3393 1015 3447 si
1045 3395 1169 3463 quis
1204 3394 1272 3449 ab
1303 3393 1383 3448 ira
1422 3409 1530 3448 non
1563 3393 1853 3464 quieverit,
1882 3408 2017 3465 quo-

439 3484 606 3540 modo
635 3483 702 3537 ad
741 3482 1212 3538 mansuetudinem
1252 3483 1640 3538 exercebitur?
1668 3482 1725 3537 Si
1754 3484 1879 3554 quis
1902 3499 1932 3537 a
1957 3499 2016 3540 se

435 3592 551 3631 non
606 3576 967 3630 eliminaverit
1018 3575 1431 3630 fornicationem
1464 3614 1480 3639 ,
1533 3575 1811 3646 quomodo
1841 3575 2013 3629 conti-

439 3668 681 3721 nentiam
708 3666 1080 3736 prolitebitur?
1112 3663 1354 3719 Primum
1398 3666 1544 3721 enim
1572 3680 1671 3736 par
1706 3674 1789 3723 est
1848 3665 2019 3736 abjici

440 3774 655 3813 omnem
678 3759 960 3813 avaritiam
985 3766 1038 3812 et
1068 3758 1449 3821 idololatrian],
1475 3766 1637 3828 atque
1659 3758 1734 3811 ita
1762 3757 2020 3830 deinceps

440 3866 682 3922 quaerere
699 3858 1089 3922 paupertatem,
1107 3853 1489 3921 pietatemque.
1514 3873 1531 3902 ι
1556 3851 1822 3917 Quazsivi»
1847 3852 2017 3919 enim,

440 3946 652 4015 inquit,
677 3964 697 3997 ι
720 3959 878 4014 quem
908 3945 1083 4015 diligit
1107 3947 1286 4000 anima
1314 3960 1433 3999 mea
1460 3964 1472 3999 :
1505 3944 1730 4015 quaesivi
1758 3951 1812 3999 et
1836 3944 2019 4001 inveni

434 4030 615 4103 illum,
646 4046 700 4093 et
731 4036 1006 4091 introduxi
1050 4052 1174 4092 eum
1210 4037 1267 4091 in
1299 4037 1521 4092 domum
1566 4036 1760 4092 matris
1783 4051 1937 4102 meae,
1964 4044 2020 4091 et

436 4130 494 4183 in
519 4128 827 4184 cubiculum
861 4124 980 4198 ejus
1011 4142 1132 4198 quae
1161 4141 1247 4182 me
1274 4128 1525 4198 concepit
1562 4126 1631 4182 τι.
1666 4145 1686 4179 ι
1722 4126 1826 4194 Qui
1854 4141 2020 4197 porro

511 4284 557 4317 “
594 4283 640 4339 Il
670 4283 797 4340 Cor.
834 4297 931 4348 ιιι,
967 4280 1020 4336 6.
1097 4282 1143 4314 ⁷ο
1181 4280 1363 4338 lCor.
1396 4296 1528 4347 xm,
1563 4281 1657 4338 10.

2128 1832 2388 1885 ἀπολέσαι
2422 1833 2614 1905 αὐτὴν,
2642 1834 2717 1905 μή
2755 1835 3051 1905 συγχωρῶν
3080 1833 3248 1903 αὐτὴν
3276 1834 3605 1905 ἐγχρονίζειν
3645 1835 3710 1887 ἐν

2127 1923 2320 1995 κακίᾳ·
2352 1925 2458 1989 ἵνα,
2483 1924 2672 1996 καιρὸν
2693 1924 2891 1988 λαϐὼν,
2927 1925 3166 1995 ζητήσας
3191 1921 3345 1988 αὖθις
3374 1925 3508 1996 εὕρῃ
3532 1926 3707 1996 αὐτὴν

2127 2018 2184 2068 ὲν
2213 2017 2401 2086 ἀρετῇ.
2450 2016 2560 2068 Καὶ
2588 2015 2697 2087 γὰρ
2738 2016 2794 2069 εἴ
2828 2033 2913 2078 τις
2958 2015 3203 2086 βούλεται
3242 2016 3422 2086 εὑρεῖν
3453 2015 3547 2085 τὴν
3574 2016 3708 2068 ἑαυ-

2125 2105 2217 2159 τοῦ
2262 2105 2437 2177 ψυχὴν
2466 2107 2622 2170 ἐκτὸς
2661 2106 2955 2171 κολάσεως,
2993 2106 3244 2160 ἀπολέσει
3274 2106 3443 2174 αὐτὴν
3474 2106 3609 2176 πρὸς
3640 2106 3706 2159 τὺ

2127 2197 2318 2269 παρὸν,
2367 2200 2452 2251 ἵνα
2498 2198 2731 2271 Χριστὸν
2782 2198 3037 2271 κερδήσῃ.
3087 2198 3160 2250 Τὸ
3202 2198 3259 2251 δὲ
3314 2198 3570 2251 ἀπολέσαι
3616 2200 3707 2251 ἐν·-

2124 2288 2297 2342 ταῦοα
2328 2288 2565 2343 διδάσκει
2593 2290 2621 2341 ὁ
2662 2290 2872 2361 Σωτήρ,
2901 2290 2998 2359 οὐχ
3034 2288 3120 2341 ἴνα
3153 2288 3429 2341 ἀπώλειαν
3454 2291 3520 2359 τῇ
3549 2288 3700 2360 ψυχῇ

2125 2380 2280 2451 ήμῶν
2310 2381 2419 2452 (48)
2456 2380 2959 2453 περιπιησὼμεθα,
2993 2381 3108 2435 ἀλλ’
3139 2382 3224 2434 ἵνα
3256 2383 3313 2434 ἐν
3355 2381 3529 2452 καιρῷ
3557 2399 3705 2454 μαρ-

2123 2473 2308 2544 τυρίου
2352 2473 2425 2544 μὴ
2450 2472 2767 2543 φεισὼμεθα
2795 2458 3110 2544 κτημάτων,
3147 2472 3220 2544 μή
3249 2473 3471 2537 τέκνων,
3502 2472 3575 2544 μὴ
3603 2490 3704 2541 γο-

2124 2564 2279 2628 νέων,
2324 2565 2397 2636 μὴ
2442 2564 2715 2635 σώματος,
2770 2565 2904 2635 μηδὲ
2954 2566 3123 2635 αὐτῆς
3167 2566 3266 2635 τῆς
3309 2564 3514 2635 ψυχῆς·
3558 2563 3706 2617 ἀλλὰ

2126 2656 2450 2728 παραδῶμεν
2476 2659 2698 2722 ἑαυτοὺς
2731 2657 2893 2728 μέχρι
2919 2656 3172 2719 θανάτου,
3200 2657 3288 2719 ἵν’,
3318 2656 3392 2719 ὡς
3413 2659 3700 2726 προεῖπον,

2124 2748 2445 2819 εὑρήσωμεν
2473 2749 2572 2819 τὴν
2599 2749 2776 2819 ψυχὴν
2800 2748 2959 2819 ήμῶν
3002 2747 3110 2817 (49)
3144 2748 3201 2799 ἐν
3224 2749 3289 2817 τῇ
3322 2746 3429 2798 τῶν
3453 2745 3704 2817 οὐρανῶν

2127 2838 2388 2911 βασιλείᾳ.
2424 2838 2580 2893 Οὕτω
2618 2839 2725 2910 γὰρ
2757 2840 2849 2891 κα).
2881 2839 2910 2891 ό
2954 2838 3143 2910 Σωτήρ
3168 2837 3434 2891 διδάσκων
3472 2836 3658 2905 ἔλεγεν
3682 2854 3701 2868 ·

2130 2943 2149 2983 ι
2195 2934 2251 2985 '0
2293 2933 2523 3001 ἀγαπῶν
2560 2932 2834 3003 πατέραή
2873 2930 3084 3002 μητέρα
3111 2930 3251 3001 ὑπὲρ
3278 2930 3399 3001 ἐμὲ,
3438 2931 3539 2983 οὐκ
3580 2929 3707 2983 ἐστι

2130 3034 2230 3096 μου
2264 3025 2430 3090 ἄξιος.
2475 3044 2493 3077 ι

2193 3119 2243 3173 '5.
2299 3120 2366 3172 Εῐ
2407 3135 2490 3182 τις
2531 3115 2624 3172 οὖν
2660 3117 2905 3189 βούλεται
2941 3118 3119 3189 εὑρεῖν
3164 3116 3262 3186 τήν
3291 3114 3468 3186 ψυχὴν
3505 3113 3703 3178 αὐτοῦ,

2120 3210 2373 3266 ἀπολέσει
2399 3211 2567 3282 αὐτὴν
2592 3214 2648 3264 ἐν
2686 3210 2764 3281 τῷ
2796 3209 2890 3264 νῦν
2915 3210 3110 3283 καιρῷ.
3139 3211 3260 3281 Χρὴ
3292 3212 3471 3264 τοίνυν
3502 3210 3709 3263 ἀπολέ-

2123 3304 2244 3358 σθαι
2278 3307 2335 3357 ἐν
2376 3305 2509 3376 ήμῖν
2546 3304 2644 3376 τὴν
2671 3303 2890 3369 κακίαν,
2920 3304 3027 3367 ἵνα,
3062 3304 3396 3374 ζητήσαντες
3433 3302 3529 3372 τήν
3568 3304 3708 3373 ἀρε-

2121 3396 2238 3469 τὴν,
2267 3394 2516 3468 εὕρωμεν
2546 3396 2734 3466 αὐτήν.
2779 3395 2903 3449 Ἐὰν
2927 3394 3036 3466 γὰρ
3069 3395 3142 3465 μή
3172 3411 3254 3457 τις
3280 3393 3552 3463 παύσηται
3580 3393 3701 3461 (50)

2120 3489 2310 3561 ὀργῆς,
2340 3487 2457 3551 πῶς
2489 3488 2773 3558 πραότητα
2816 3486 3136 3559 μελετήσει;
3180 3484 3305 3539 Ἐὰν
3340 3487 3416 3557 μή
3468 3502 3550 3547 τις
3590 3486 3707 3538 ἀπ-

2118 3581 2279 3651 ολέσῃ
2334 3579 2425 3648 ἀφ’
2470 3579 2662 3632 ἑαυτοῦ
2709 3577 2807 3649 τὴν
2834 3578 3111 3649 πορνείαν,
3167 3578 3284 3641 πῶς
3342 3575 3705 3646 σωφροσύνην

2118 3670 2545 3740 ἐπαγγέλλεται;
2580 3668 2802 3741 Πρῶτον
2830 3669 2929 3741 μὲν
2960 3669 3070 3740 γὰρ
3114 3667 3481 3721 ἀποϐαλέσθαι
3525 3683 3704 3738 προσ-

2125 3763 2250 3832 ήκει
2311 3763 2440 3832 ἡμῖν
2493 3762 2673 3815 πᾶσαν
2706 3761 3065 3833 φιλαργυρίαν
3095 3761 3186 3814 καὶ
3237 3758 3702 3829 εἰδωλολατρείανη,

2120 3850 2215 3904 καὶ
2246 3850 2356 3921 (51)
2386 3846 2484 3902 εἷθ’
2515 3849 2657 3904 οὕτω
2700 3848 2931 3920 ζητῆσαι
2978 3850 3363 3921 ἀκτήμοσύνην
3399 3848 3491 3901 καὶ
3515 3848 3709 3901 θεοσέ-

2124 3942 2295 3996 ϐειαν.
2334 3961 2354 3994 ι
2406 3942 2675 4014 Ἐζήτησα
2709 3960 2727 3993 ι
2766 3942 2896 4015 γὰρ,
2942 3944 3126 4013 φησὶν,
3178 3961 3197 3993 ι
3234 3941 3292 3993 ὃν
3334 3941 3619 4011 ἠγάπησεν
3661 3941 3705 4009 ἡ

2122 4035 2267 4107 ψυχή
2311 4052 2432 4106 μου⁹
2464 4034 2704 4107 ἐζήτησα
2728 4036 2911 4101 αὑτὸν,
2940 4037 3035 4089 καὶ
3071 4030 3228 4108 εὗρον
3251 4035 3433 4099 αὐτὸν,
3462 4034 3558 4087 καὶ
3585 4035 3709 4086 εἰσ-

2124 4129 2330 4197 ήγαγον
2357 4129 2517 4182 αὑτὸν
2534 4127 2650 4200 (52)
2674 4129 2753 4192 είς
2772 4128 2865 4181 τὸν
2893 4124 3038 4181 οἷκον
3070 4128 3172 4198 τῆς
3218 4126 3421 4199 μητρός
3452 4142 3575 4197 μου,
3602 4124 3710 4179 καὶ

1755 4282 1799 4314 "
1839 4280 1973 4337 ibid.
2010 4299 2015 4331 τ

2175 4282 2222 4315 τ’
2260 4280 2449 4337 Matth.
2484 4298 2541 4349 ι,
2573 4282 2663 4338 '59.
2736 4282 2784 4321 ⁷³
2821 4282 2957 4339 ibid.
2985 4283 3074 4338 57.
3143 4283 3193 4317 "
3227 4282 3387 4340 Cant.
3423 4300 3503 4350 ιιι,
3538 4285 3565 4338 1
3587 4323 3605 4351 ,
3634 4276 3704 4343 ι.

504 4432 624 4526 (4.5)
642 4432 937 4526 3.2892341
963 4436 1394 4526 eaeeae:
1418 4440 1490 4526 es
1659 4437 1893 4526 δεεμιῖξνν
1921 4438 2015 4526 δεῖ

2128 4439 2218 4526 τῂν
2251 4440 2427 4526 ψυχήν
2460 4442 2687 4526 ἑαυίξῶν.
2726 4441 3070 4526 Βιιεξξίθῐιβίε2
3118 4440 3220 4526 τῂν
3263 4441 3440 4526 ψθζῂν
3488 4442 3704 4526 ubi?“

442 4506 572 4563 sunt
605 4506 662 4562 in
692 4509 909 4564 Gobler.
941 4518 995 4564 et
1018 4506 1165 4564 Felc.
1194 4509 1248 4563 1.
1283 4506 1418 4563 Ibid.
1453 4509 1667 4581 Anglic.
1703 4506 1878 4581 Χρεία
1906 4508 2015 4581 γὰρ

442 4579 538 4631 νῦν
560 4579 813 4642 ζητῆσαι.

441 4595 813 4633 νυνςητησαι

530 4596 813 4700 venrant.

530 4648 623 4718 46)
673 4717 676 4718 ν
709 4664 883 4718 eguts,
917 4647 1288 4718 ἐπιφανέντος.

509 4650 623 4789 (ΜΞΙ)
661 4650 883 4772 Regius,
917 4650 1288 4718 ἐπιφανέντος.
1639 4719 1652 4731 .
1800 4718 1831 4731 ’ἰ

533 4720 566 4799 ἦ
608 4722 624 4789 )
664 4717 741 4772 It-a
783 4719 1137 4799 _eg_.Seguer.
1163 4718 1321 4799 (inhi.
1345 4716 1699 4799 .5ngl._I3a_sil.
1722 4727 2013 4799 quttamen

438 4787 751 4859 poétremus
782 4787 947 4845 habet
975 4787 1099 4843 cum
1131 4789 1314 4853 editis,
1351 4787 1477 4858 εφη.
1512 4787 1649 4843 Ibid.
1685 4787 1821 4852 haec,
1865 4789 1957 4841 καὶ
1985 4792 2014 4843 ὁ

436 4858 799 4928 ἀπολέσας....
837 4861 1058 4928 εὑρήσει
1090 4859 1282 4928 αὐτήν,
1319 4859 1517 4913 desunt
1550 4861 1606 4928 in
1630 4857 1821 4928 Regio,
1850 4856 2008 4928 G_obl.

436 4861 799 4923 ἀπολέσας....
837 4862 895 4914 εὑ
937 4861 1058 4931 ήσει
1090 4861 1282 4928 αὐτήν,
1319 4861 1517 4913 desunt
1550 4861 1606 4912 in
1630 4861 1821 4928 Regio,
1850 4861 2008 4914 Gobl.

436 4939 490 5013 et
524 4927 671 5013 Felc.
700 4931 750 5013 1'.
784 4877 955 4985 Paufo
981 4941 1122 5013 post,
1158 4927 1283 5013 se}.
1318 4928 1413 5013 argi.
1446 4927 1625 5013 eb‘x‘qv
1651 4929 1820 5013 αὲτῂν
1847 4924 2012 5013 οὖσαν

438 5000 497 5052 ἐν
524 4998 841 5072 ἁμαρτίαις,
870 4989 1166 5072 ταχῦνέτω.
1192 4989 1316 5052 Mox
1334 4997 1466 5067 'Seg.
1484 4989 1649 5072 _Gob|.
1673 4989 1900 5072 Fe_|c._I_,
1916 4999 2010 5072 ⁸μὴ

440 5057 747 5142 συγχωρῶν,
768 5057 925 5142 αὗτῇ.
940 5057 1085 5142 Ἰωά.
1112 5083 1302 5142 omnes
1320 5057 1571 5142 ιῐιεξηῖνα
1587 5067 1803 5142 *καιρὸν
1834 5057 2009 5142 λάθῂξ

436 5136 806 5210 prae't'er_Felc.
839 5136 903 5206 2,
923 5140 1017 5209 qui
1048 5153 1171 5193 cum
1205 5137 1363 5193 editis
1394 5138 1554 5210 habet
1586 5136 1673 5192 ἴνα
1703 5136 1896 5210 καιρὸν
1909 5136 2013 5210 λα-

439 5207 572 5263 ὅών.
609 5208 751 5273 Mox,
794 5207 1125 5281 Regfquetn
1149 5209 1315 5281 sequi
1352 5208 1534 5262 visum
1567 5217 1673 5273 est,
1709 5207 1865 5281 εὕρῃ.
1908 5208 2020 5263 Ed.

435 5293 565 5349 vero
587 5288 642 5333 et
673 5282 854 5335 caeteri
882 5279 1013 5335 mss.
1034 5279 1274 5349 εὑρήσει.

509 5347 623 5418 (48)
665 5349 884 5419 Regius,
916 5345 1165 5421 rﬁduﬁ
1204 5346 1431 5421 ἐαυτῶν.
1459 5345 1630 5402 Paulo
1654 5357 1794 5418 post,
1831 5348 2001 5403 Basil.

436 5433 595 5491 quem
624 5417 923 5490 sequimur,
1063 5417 1377 5491 φεζσώμεθα
1407 5417 1722 5491 κτημάτων,
1740 5429 1809 5491 et
1832 5421 1905 5473 ita
1928 5421 2007 5491 Ie;-

435 5486 809 5577 §‘_‘__1,‘_'?P““'S-
836 5486 1085 5577 “6839?!
1102 5486 1539 5577 μΜξισάξμξθάί
1565 5488 2004 5577 χρημάτφνκμὴ

432 5560 751 5680 ignitum,
785 5576 896 5616 non
927 5559 1085 5615 male.
1106 5559 1289 5624 ’Editi,
1323 5559 1397 5632 μή
1423 5559 1738 5631 φεισώμεθα
1762 5561 1838 5632 μὴ
1866 5559 2005 5635 ,κτηέ

519 5644 646 5680 των.

436 5643 646 5696 μάτων.

507 5698 622 5767 (49)
662 5698 884 5771 Regius,
906 5700 1172 5772 εὕρωμεν.
1200 5698 1424 5767 Ibidem,
1450 5700 1651 5772 Regius
1673 5710 1726 5759 et
1747 5699 1961 5773 Seguer.

2119 4509 2524 4583 be,'_Regius,
2563 4512 2793 4583 Seguer.
2839 4513 3002 4568 Basil.
3039 4509 3250 4583 Anglic.
3274 4509 3555 4583 διδάσκων
3582 4512 3711 4565 ἑλε-

2117 4595 2235 4654 γεν.
2267 4580 2410 4636 Editi
2439 4598 2593 4647 vero,
2619 4580 2881 4637 διδάσκει.
2911 4583 3033 4637 Mox
3062 4623 3076 4646 ,
3110 4580 3235 4654 post
3256 4582 3289 4653 ἢ
3309 4583 3545 4654 μητέρα,
3569 4586 3710 4653 qui—

2117 4652 2244 4722 dam
2282 4668 2415 4707 mss.
2445 4668 2569 4707 cum
2597 4654 2761 4708 editis
2793 4654 3016 4715 habent,
3054 4654 3087 4722 ἢ
3112 4651 3457 4722 τέκνα“,’(ιὶιρε
3492 4651 3711 4709 des—unt

2117 4721 2172 4775 in
2191 4720 2372 4793 Basil.
2394 4730 2449 4785 et
2475 4723 2687 4793 Anglic.
2721 4723 2858 4777 Ibid.
2900 4731 3021 4793 post
3058 4720 3227 4789 ἄξιος,
3252 4720 3457 4793 Regius
3480 4723 3705 4791 adjicit,

2117 4791 2212 4880 καὶ
2225 4794 2268 4931 ἕ
2300 4791 2676 4864 ἀπολέσας’τὴν
2689 4793 2865 4865 ψυχήν
2897 4791 3061 4847 αὑτοῦ
3084 4794 3269 4847 ἐνεκεν
3284 4791 3442 4865 ἐμοῦ,
3471 4793 3708 4865 εὑρήσει

2118 4879 2221 4914 αυτ
2262 4879 2312 4915 ν.

2118 4879 2312 4915 αυτην.

2190 4932 2302 5013 (50)
2343 4932 2418 5013 Ita
2456 4933 2600 5013 Reg._
2623 4933 2850 5013 Seguer.
2885 4933 3193 5013 _Gobler..et
3221 4931 3713 5013 Fele._l_._Ed\iti_qt

2119 5001 2244 5073 alii,
2262 5001 2787 5073 παύσεταιξΑηςΠο.
2820 5007 2991 5069 solus,
3018 5002 3325 5073 ἀπώσηται.
3355 5005 3499 5073 Ibid.
3518 5003 3705 5061 Basil.

2119 5043 2429 5142 ethnglic.
2478 5072 2613 5145 πῶς⁸
2650 5043 3438 5145 ἓραότητοξμεταμελετήσει.
3485 5043 3712 5144 Regius

2119 5144 2443 5216 solusLm‘i);
2474 5142 2741 5216 πραότητι
2766 5142 3294 5216 μελετήσξειζίῖαξιὲΐὶ
3320 5142 3392 5198 ιιι
3423 5147 3492 5216 in_
3515 5142 3710 5216 teilu.

2119 5212 2255 5285 Ibid.
2280 5212 2446 5285 Basil.
2494 5209 2795 5285 πολεμήσει
2839 5216 2931 5284 ἀφ’
2950 5209 3035 5268 δι.
3064 5212 3235 5267 Paulo
3269 5224 3412 5283 post,
3464 5213 3709 5285 Regius,

2119 5282 2339 5356 Πρῶτον
2368 5283 2476 5356 γάρ
2498 5282 2791 5356 ἀπολέσθαι
2816 5282 3086 5356 προσήκει
3121 5286 3179 5356 ἐν
3206 5282 3360 5356 ἡμῖν.

2144 5352 2296 5433 ,(51)
2336 5352 2458 5433 Rat:
2501 5354 2656 5433 deest
2707 5352 3023 5433 in_gubler.
3054 5363 3109 5410 et
3140 5352 3286 5433 liciti.
3320 5355 3373 5409 1.
3404 5352 3550 5433 Mox,
3581 5352 3711 5409 Re-

2106 5422 2248 5495 gius,
2278 5422 2373 5477 καὶ
2404 5423 2704 5495 εὐσέβειαν.
2745 5423 2856 5489 Ἐς.
2896 5424 3119 5495 Ibidem,
3152 5423 3356 5495 Regius
3371 5434 3426 5479 et
3459 5422 3709 5494 Seguer.

2107 5493 2180 5561 γά
2248 5510 2432 5564 φησιν.
2470 5493 2611 5550 Editi
2635 5506 2791 5557 vero,
2821 5495 2931 5564 γὰρ
2958 5494 3086 5567 ἔφη.

2175 5510 2288 5635 (ἓὲ)
2333 5564 2498 5635 Αὐτόν
2542 5564 2694 5620 deest
2712 5565 2765 5619 in
2797 5564 3015 5621 Gobler.
3041 5573 3086 5619 el

2233 5563 2288 5635 2)
2314 5562 2498 5635 Ἀὐτόν
2542 5564 2694 5620 deest
2712 5565 2765 5619 in
2797 5562 3015 5621 Gobler.
3041 5562 3263 5635 étFelc.
3293 5565 3343 5619 1.
3370 5562 3543 5635 Infra,
3568 5572 3716 5633 post

2111 5633 2510 5706 σημαινόμενος
2562 5635 2767 5705 R'egius
2800 5636 2983 5701 habet,
3011 5634 3218 5709 Κύριος
3250 5635 3355 5689 τῶν
3381 5633 3710 5705 δυνάμεων.
