  <div class='ocr_page' id='page_1' title='image "/cluster/home/n/w/nwhite01/storage/ocr_20150623/28/nnc1.0046978690/127.png"; bbox 0 0 3890 6200; ppageno 0'>
   <div class='ocr_carea' id='block_1_1' title="bbox 501 294 605 349">
    <p class='ocr_par' dir='ltr' id='par_1_1' title="bbox 501 294 605 349">
     <span class='ocr_line' id='line_1_1' title="bbox 501 294 605 349; baseline 0.029 -4"><span class='ocrx_word' id='word_1_1' title='bbox 501 294 605 349; x_wconf 76' lang='grc'><strong>175</strong></span> 
     </span>
    </p>
   </div>
   <div class='ocr_carea' id='block_1_2' title="bbox 1638 291 2586 351">
    <p class='ocr_par' dir='ltr' id='par_1_2' title="bbox 1638 291 2586 351">
     <span class='ocr_line' id='line_1_2' title="bbox 1638 291 2586 351; baseline 0.001 -3"><span class='ocrx_word' id='word_1_2' title='bbox 1638 294 1697 348; x_wconf 87' lang='lat' dir='ltr'><strong>S.</strong></span> <span class='ocrx_word' id='word_1_3' title='bbox 1738 291 2202 348; x_wconf 75' lang='lat' dir='ltr'><strong>A&#39;l&#39;HANASiL&#39;S.</strong></span> <span class='ocrx_word' id='word_1_4' title='bbox 2246 326 2315 334; x_wconf 97' lang='lat'><strong>—</strong></span> <span class='ocrx_word' id='word_1_5' title='bbox 2356 295 2586 351; x_wconf 72' lang='lat' dir='ltr'><strong>DUBIA.</strong></span> 
     </span>
    </p>
   </div>
   <div class='ocr_carea' id='block_1_3' title="bbox 3657 290 3761 345">
    <p class='ocr_par' dir='ltr' id='par_1_3' title="bbox 3657 290 3761 345">
     <span class='ocr_line' id='line_1_3' title="bbox 3657 290 3761 345; baseline 0 0"><span class='ocrx_word' id='word_1_6' title='bbox 3657 290 3761 345; x_wconf 75' lang='lat' dir='ltr'><strong>I76</strong></span> 
     </span>
    </p>
   </div>
   <div class='ocr_carea' id='block_1_4' title="bbox 442 402 2070 485">
    <p class='ocr_par' dir='ltr' id='par_1_4' title="bbox 442 402 2070 485">
     <span class='ocr_line' id='line_1_4' title="bbox 442 402 2070 485; baseline -0.004 -18"><span class='ocrx_word' id='word_1_7' title='bbox 500 410 635 466; x_wconf 87' lang='lat' dir='ltr'><strong>Sion</strong></span> <span class='ocrx_word' id='word_1_8' title='bbox 665 416 928 473; x_wconf 88' lang='lat' dir='ltr'><strong>montem,</strong></span> <span class='ocrx_word' id='word_1_9' title='bbox 955 415 1011 466; x_wconf 88' lang='lat' dir='ltr'><strong>et</strong></span> <span class='ocrx_word' id='word_1_10' title='bbox 1037 408 1106 465; x_wconf 89' lang='lat' dir='ltr'><strong>ad</strong></span> <span class='ocrx_word' id='word_1_11' title='bbox 1140 407 1421 464; x_wconf 84' lang='lat' dir='ltr'><strong>civitatem</strong></span> <span class='ocrx_word' id='word_1_12' title='bbox 1455 407 1546 464; x_wconf 86' lang='lat' dir='ltr'><strong>Dei</strong></span> <span class='ocrx_word' id='word_1_13' title='bbox 1569 409 1831 474; x_wconf 77' lang='lat' dir='ltr'><strong>viventis,</strong></span> <span class='ocrx_word' id='word_1_14' title='bbox 1857 406 2070 462; x_wconf 81' lang='lat' dir='ltr'><strong>Jerusa-</strong></span> 
     </span>
    </p>
   </div>
   <div class='ocr_carea' id='block_1_5' title="bbox 2179 402 3761 485">
    <p class='ocr_par' dir='ltr' id='par_1_5' title="bbox 2187 405 3761 483">
     <span class='ocr_line' id='line_1_5' title="bbox 2187 405 3761 483; baseline 0.001 -24"><span class='ocrx_word' id='word_1_15' title='bbox 2187 408 2484 481; x_wconf 87' lang='grc' dir='ltr'>ἐπουρανία</span> <span class='ocrx_word' id='word_1_16' title='bbox 2509 408 2639 482; x_wconf 76' lang='lat'><strong>(63),</strong></span> <span class='ocrx_word' id='word_1_17' title='bbox 2671 411 2745 476; x_wconf 86' lang='grc' dir='ltr'><strong>ώς</strong></span> <span class='ocrx_word' id='word_1_18' title='bbox 2779 412 2873 465; x_wconf 72' lang='grc' dir='ltr'><strong>καὶ</strong></span> <span class='ocrx_word' id='word_1_19' title='bbox 2903 413 2932 465; x_wconf 92' lang='lat'><strong>6</strong></span> <span class='ocrx_word' id='word_1_20' title='bbox 2968 410 3236 483; x_wconf 82' lang='grc' dir='ltr'>μακάριος</span> <span class='ocrx_word' id='word_1_21' title='bbox 3277 406 3594 471; x_wconf 82' lang='grc' dir='ltr'>Ἀπόστολος</span> <span class='ocrx_word' id='word_1_22' title='bbox 3620 405 3761 479; x_wconf 70' lang='lat' dir='ltr'><strong>796t-</strong></span> 
     </span>
    </p>
   </div>
   <div class='ocr_carea' id='block_1_6' title="bbox 454 492 2075 568">
    <p class='ocr_par' dir='ltr' id='par_1_6' title="bbox 454 492 2075 568">
     <span class='ocr_line' id='line_1_6' title="bbox 454 492 2075 568; baseline -0.001 -15"><span class='ocrx_word' id='word_1_23' title='bbox 454 492 459 499; x_wconf 85' lang='grc'><em>’</em></span> <span class='ocrx_word' id='word_1_24' title='bbox 499 500 604 554; x_wconf 89' lang='lat' dir='ltr'><strong>lem</strong></span> <span class='ocrx_word' id='word_1_25' title='bbox 647 499 922 554; x_wconf 68' lang='lat' dir='ltr'><strong>caelestem</strong></span> <span class='ocrx_word' id='word_1_26' title='bbox 958 538 975 563; x_wconf 93' lang='lat'><strong>,</strong></span> <span class='ocrx_word' id='word_1_27' title='bbox 1025 506 1079 554; x_wconf 91' lang='lat' dir='ltr'><strong>et</strong></span> <span class='ocrx_word' id='word_1_28' title='bbox 1129 499 1423 553; x_wconf 85' lang='lat' dir='ltr'><strong>multorum</strong></span> <span class='ocrx_word' id='word_1_29' title='bbox 1476 498 1703 552; x_wconf 89' lang='lat' dir='ltr'><strong>millium</strong></span> <span class='ocrx_word' id='word_1_30' title='bbox 1758 498 2075 568; x_wconf 73' lang='lat' dir='ltr'><strong>angelorum</strong></span> 
     </span>
    </p>
   </div>
   <div class='ocr_carea' id='block_1_7' title="bbox 497 590 1021 662">
    <p class='ocr_par' dir='ltr' id='par_1_7' title="bbox 497 590 1021 662">
     <span class='ocr_line' id='line_1_7' title="bbox 497 590 1021 662; baseline -0.008 -16"><span class='ocrx_word' id='word_1_31' title='bbox 497 591 862 662; x_wconf 77' lang='lat' dir='ltr'><strong>frequentiam</strong></span> <span class='ocrx_word' id='word_1_32' title='bbox 891 590 958 645; x_wconf 77' lang='grc' dir='ltr'><strong>⁸ο.</strong></span> <span class='ocrx_word' id='word_1_33' title='bbox 1002 608 1021 642; x_wconf 77' lang='grc' dir='ltr'><strong>ι</strong></span> 
     </span>
    </p>
   </div>
   <div class='ocr_carea' id='block_1_8' title="bbox 2184 498 3761 574">
    <p class='ocr_par' dir='ltr' id='par_1_8' title="bbox 2184 498 3761 574">
     <span class='ocr_line' id='line_1_8' title="bbox 2184 498 3761 574; baseline 0 -21"><span class='ocrx_word' id='word_1_34' title='bbox 2184 517 2305 569; x_wconf 84' lang='grc' dir='ltr'>φει·</span> <span class='ocrx_word' id='word_1_35' title='bbox 2340 518 2359 551; x_wconf 82' lang='grc' dir='ltr'><strong>ι</strong></span> <span class='ocrx_word' id='word_1_36' title='bbox 2390 501 2465 554; x_wconf 84' lang='grc' dir='ltr'><strong>Οὐ</strong></span> <span class='ocrx_word' id='word_1_37' title='bbox 2489 503 2598 572; x_wconf 79' lang='grc' dir='ltr'><strong>γὰρ</strong></span> <span class='ocrx_word' id='word_1_38' title='bbox 2632 502 2827 574; x_wconf 70' lang='grc' dir='ltr'>ἔχομεν</span> <span class='ocrx_word' id='word_1_39' title='bbox 2863 498 2965 557; x_wconf 85' lang='grc' dir='ltr'>ὧδε</span> <span class='ocrx_word' id='word_1_40' title='bbox 2995 503 3260 574; x_wconf 87' lang='grc' dir='ltr'>μένουσαν</span> <span class='ocrx_word' id='word_1_41' title='bbox 3288 501 3463 566; x_wconf 91' lang='grc' dir='ltr'>πόλιν,</span> <span class='ocrx_word' id='word_1_42' title='bbox 3498 499 3634 556; x_wconf 82' lang='grc' dir='ltr'>ἀλλὰ</span> <span class='ocrx_word' id='word_1_43' title='bbox 3664 501 3761 571; x_wconf 81' lang='grc' dir='ltr'>τὴν</span> 
     </span>
    </p>
   </div>
   <div class='ocr_carea' id='block_1_9' title="bbox 2186 589 3760 666">
    <p class='ocr_par' dir='ltr' id='par_1_9' title="bbox 2186 589 3760 666">
     <span class='ocr_line' id='line_1_9' title="bbox 2186 589 3760 666; baseline -0.001 -22"><span class='ocrx_word' id='word_1_44' title='bbox 2186 590 2485 662; x_wconf 84' lang='grc' dir='ltr'>μέλλουσαν</span> <span class='ocrx_word' id='word_1_45' title='bbox 2521 594 2907 666; x_wconf 77' lang='grc' dir='ltr'>ἐπιζητοῦμεν,</span> <span class='ocrx_word' id='word_1_46' title='bbox 2951 589 3019 666; x_wconf 82' lang='grc' dir='ltr'>ἦς</span> <span class='ocrx_word' id='word_1_47' title='bbox 3061 593 3313 665; x_wconf 80' lang='grc' dir='ltr'><strong>τεχνίτης</strong></span> <span class='ocrx_word' id='word_1_48' title='bbox 3361 594 3456 646; x_wconf 80' lang='grc' dir='ltr'>καὶ</span> <span class='ocrx_word' id='word_1_49' title='bbox 3501 591 3760 662; x_wconf 86' lang='grc' dir='ltr'>δημιουρ-</span> 
     </span>
    </p>
   </div>
   <div class='ocr_carea' id='block_1_10' title="bbox 497 679 3763 758">
    <p class='ocr_par' dir='ltr' id='par_1_10' title="bbox 497 679 3763 758">
     <span class='ocr_line' id='line_1_10' title="bbox 497 679 3763 758; baseline -0.001 -22"><span class='ocrx_word' id='word_1_50' title='bbox 497 683 592 751; x_wconf 66' lang='grc' dir='ltr'><strong>γδς</strong></span> <span class='ocrx_word' id='word_1_51' title='bbox 623 687 652 738; x_wconf 93' lang='lat'><strong>6</strong></span> <span class='ocrx_word' id='word_1_52' title='bbox 679 683 830 748; x_wconf 88' lang='grc' dir='ltr'>Θεός.</span> <span class='ocrx_word' id='word_1_53' title='bbox 886 703 904 734; x_wconf 85' lang='grc'>›</span> <span class='ocrx_word' id='word_1_54' title='bbox 942 684 1051 736; x_wconf 81' lang='lat' dir='ltr'><strong>Kal.</strong></span> <span class='ocrx_word' id='word_1_55' title='bbox 1093 682 1254 736; x_wconf 80' lang='grc' dir='ltr'>πάλιν</span> <span class='ocrx_word' id='word_1_56' title='bbox 1293 683 1321 735; x_wconf 92' lang='lat'><strong>6</strong></span> <span class='ocrx_word' id='word_1_57' title='bbox 1363 679 1525 744; x_wconf 77' lang='grc' dir='ltr'>αὐτὸς</span> <span class='ocrx_word' id='word_1_58' title='bbox 1566 698 1730 752; x_wconf 88' lang='grc' dir='ltr'>φησιν</span> <span class='ocrx_word' id='word_1_59' title='bbox 1764 681 1877 753; x_wconf 72' lang='grc'>(64)</span> <span class='ocrx_word' id='word_1_60' title='bbox 1904 697 1917 710; x_wconf 93' lang='grc'><strong>·</strong></span> <span class='ocrx_word' id='word_1_61' title='bbox 1959 700 1979 734; x_wconf 78' lang='grc' dir='ltr'><strong>ι</strong></span> <span class='ocrx_word' id='word_1_62' title='bbox 2053 682 2127 736; x_wconf 85' lang='grc' dir='ltr'>Ού</span> <span class='ocrx_word' id='word_1_63' title='bbox 2166 684 2275 756; x_wconf 87' lang='grc' dir='ltr'>γὰρ</span> <span class='ocrx_word' id='word_1_64' title='bbox 2325 684 2765 756; x_wconf 84' lang='grc' dir='ltr'>προσεληλύθατε</span> <span class='ocrx_word' id='word_1_65' title='bbox 2805 686 3186 757; x_wconf 80' lang='grc' dir='ltr'><strong>ψηλαφωμένῳ</strong></span> <span class='ocrx_word' id='word_1_66' title='bbox 3210 685 3328 758; x_wconf 71' lang='grc' dir='ltr'>ὄρει</span> <span class='ocrx_word' id='word_1_67' title='bbox 3363 685 3455 739; x_wconf 72' lang='grc' dir='ltr'><strong>καὶ</strong></span> <span class='ocrx_word' id='word_1_68' title='bbox 3487 681 3763 752; x_wconf 84' lang='grc' dir='ltr'>κεκαλυμ-</span> 
     </span>
    </p>
   </div>
   <div class='ocr_carea' id='block_1_11' title="bbox 502 772 3762 850">
    <p class='ocr_par' dir='ltr' id='par_1_11' title="bbox 502 772 3762 850">
     <span class='ocr_line' id='line_1_11' title="bbox 502 772 3762 850; baseline -0.001 -21"><span class='ocrx_word' id='word_1_69' title='bbox 502 775 647 847; x_wconf 85' lang='grc' dir='ltr'>μένῳ</span> <span class='ocrx_word' id='word_1_70' title='bbox 679 776 831 846; x_wconf 72' lang='grc' dir='ltr'>πυρὶ,</span> <span class='ocrx_word' id='word_1_71' title='bbox 858 775 990 829; x_wconf 90' lang='grc' dir='ltr'><strong>ἀλλά</strong></span> <span class='ocrx_word' id='word_1_72' title='bbox 1011 772 1446 846; x_wconf 80' lang='grc' dir='ltr'><strong>προσεληλύθατε</strong></span> <span class='ocrx_word' id='word_1_73' title='bbox 1470 772 1606 827; x_wconf 84' lang='grc' dir='ltr'>Σιὼν</span> <span class='ocrx_word' id='word_1_74' title='bbox 1632 773 1769 846; x_wconf 76' lang='grc' dir='ltr'>ὄρει,</span> <span class='ocrx_word' id='word_1_75' title='bbox 1826 774 1922 828; x_wconf 76' lang='grc' dir='ltr'><strong>καὶ</strong></span> <span class='ocrx_word' id='word_1_76' title='bbox 1946 773 2099 827; x_wconf 89' lang='grc' dir='ltr'>πόλει</span> <span class='ocrx_word' id='word_1_77' title='bbox 2160 774 2295 829; x_wconf 89' lang='grc' dir='ltr'><strong>Θεοῦ</strong></span> <span class='ocrx_word' id='word_1_78' title='bbox 2332 776 2553 844; x_wconf 82' lang='grc' dir='ltr'>ζῶντος,</span> <span class='ocrx_word' id='word_1_79' title='bbox 2588 774 2941 850; x_wconf 81' lang='grc' dir='ltr'>Ἰερουσαλὴμ</span> <span class='ocrx_word' id='word_1_80' title='bbox 2979 776 3304 849; x_wconf 87' lang='grc' dir='ltr'>ἐπουρανίῳ,</span> <span class='ocrx_word' id='word_1_81' title='bbox 3340 776 3436 830; x_wconf 77' lang='grc' dir='ltr'><strong>καὶ</strong></span> <span class='ocrx_word' id='word_1_82' title='bbox 3502 773 3762 847; x_wconf 82' lang='grc' dir='ltr'><strong>μυριάσιν</strong></span> 
     </span>
    </p>
   </div>
   <div class='ocr_carea' id='block_1_12' title="bbox 496 865 1161 939">
    <p class='ocr_par' dir='ltr' id='par_1_12' title="bbox 496 865 1161 939">
     <span class='ocr_line' id='line_1_12' title="bbox 496 865 1161 939; baseline -0.003 -20"><span class='ocrx_word' id='word_1_83' title='bbox 496 867 745 936; x_wconf 85' lang='grc' dir='ltr'>ἀγγέλων</span> <span class='ocrx_word' id='word_1_84' title='bbox 777 865 1099 939; x_wconf 82' lang='grc' dir='ltr'>πανηγύρει.</span> <span class='ocrx_word' id='word_1_85' title='bbox 1139 885 1161 917; x_wconf 84' lang='grc'><strong>›</strong></span> 
     </span>
    </p>
   </div>
   <div class='ocr_carea' id='block_1_13' title="bbox 568 985 2079 1056">
    <p class='ocr_par' dir='ltr' id='par_1_13' title="bbox 568 985 2079 1056">
     <span class='ocr_line' id='line_1_13' title="bbox 568 985 2079 1056; baseline 0 -16"><span class='ocrx_word' id='word_1_86' title='bbox 568 988 623 1042; x_wconf 77' lang='grc'>4.</span> <span class='ocrx_word' id='word_1_87' title='bbox 657 985 815 1041; x_wconf 85' lang='lat' dir='ltr'><strong>Tales</strong></span> <span class='ocrx_word' id='word_1_88' title='bbox 860 985 1011 1041; x_wconf 80' lang='lat' dir='ltr'><strong>fuere</strong></span> <span class='ocrx_word' id='word_1_89' title='bbox 1041 985 1216 1042; x_wconf 85' lang='lat' dir='ltr'><strong>sancti</strong></span> <span class='ocrx_word' id='word_1_90' title='bbox 1263 1000 1474 1050; x_wconf 88' lang='lat' dir='ltr'><strong>omnes,</strong></span> <span class='ocrx_word' id='word_1_91' title='bbox 1509 991 1564 1040; x_wconf 93' lang='lat' dir='ltr'><strong>et</strong></span> <span class='ocrx_word' id='word_1_92' title='bbox 1591 990 1861 1056; x_wconf 75' lang='lat' dir='ltr'><strong>quotquot</strong></span> <span class='ocrx_word' id='word_1_93' title='bbox 1885 998 2079 1040; x_wconf 85' lang='lat' dir='ltr'><strong>secun-</strong></span> 
     </span>
    </p>
   </div>
   <div class='ocr_carea' id='block_1_14' title="bbox 498 1075 2074 1139">
    <p class='ocr_par' dir='ltr' id='par_1_14' title="bbox 498 1075 2074 1139">
     <span class='ocr_line' id='line_1_14' title="bbox 498 1075 2074 1139; baseline 0 -8"><span class='ocrx_word' id='word_1_94' title='bbox 498 1078 630 1132; x_wconf 86' lang='lat' dir='ltr'><strong>dum</strong></span> <span class='ocrx_word' id='word_1_95' title='bbox 679 1075 904 1132; x_wconf 87' lang='lat' dir='ltr'><strong>Paulum</strong></span> <span class='ocrx_word' id='word_1_96' title='bbox 957 1077 1293 1139; x_wconf 76' lang='lat' dir='ltr'><strong>incedentes,</strong></span> <span class='ocrx_word' id='word_1_97' title='bbox 1324 1076 1514 1131; x_wconf 90' lang='lat' dir='ltr'><strong>eodem</strong></span> <span class='ocrx_word' id='word_1_98' title='bbox 1544 1079 1899 1132; x_wconf 83' lang='lat' dir='ltr'><strong>contendunt.</strong></span> <span class='ocrx_word' id='word_1_99' title='bbox 1934 1077 2074 1133; x_wconf 86' lang='lat' dir='ltr'><strong>Audi</strong></span> 
     </span>
    </p>
   </div>
   <div class='ocr_carea' id='block_1_15' title="bbox 499 1168 2078 1239">
    <p class='ocr_par' dir='ltr' id='par_1_15' title="bbox 499 1168 2078 1239">
     <span class='ocr_line' id='line_1_15' title="bbox 499 1168 2078 1239; baseline 0.002 -16"><span class='ocrx_word' id='word_1_100' title='bbox 499 1186 716 1225; x_wconf 80' lang='lat' dir='ltr'><strong>rursum</strong></span> <span class='ocrx_word' id='word_1_101' title='bbox 749 1172 995 1225; x_wconf 86' lang='lat' dir='ltr'><strong>eumdem</strong></span> <span class='ocrx_word' id='word_1_102' title='bbox 1030 1188 1042 1222; x_wconf 94' lang='lat'>:</span> <span class='ocrx_word' id='word_1_103' title='bbox 1078 1189 1096 1219; x_wconf 80' lang='grc' dir='ltr'><strong>ι</strong></span> <span class='ocrx_word' id='word_1_104' title='bbox 1139 1168 1194 1222; x_wconf 90' lang='lat' dir='ltr'><strong>Si</strong></span> <span class='ocrx_word' id='word_1_105' title='bbox 1224 1169 1369 1223; x_wconf 89' lang='lat' dir='ltr'><strong>enim</strong></span> <span class='ocrx_word' id='word_1_106' title='bbox 1400 1170 1572 1239; x_wconf 89' lang='lat' dir='ltr'><strong>ipsius</strong></span> <span class='ocrx_word' id='word_1_107' title='bbox 1606 1171 1981 1226; x_wconf 87' lang='lat' dir='ltr'><strong>meminissent</strong></span> <span class='ocrx_word' id='word_1_108' title='bbox 2012 1169 2078 1226; x_wconf 86' lang='lat' dir='ltr'><strong>de</strong></span> 
     </span>
    </p>
   </div>
   <div class='ocr_carea' id='block_1_16' title="bbox 498 1260 2078 1331">
    <p class='ocr_par' dir='ltr' id='par_1_16' title="bbox 498 1260 2078 1331">
     <span class='ocr_line' id='line_1_16' title="bbox 498 1260 2078 1331; baseline -0.001 -16"><span class='ocrx_word' id='word_1_109' title='bbox 498 1276 605 1331; x_wconf 89' lang='lat' dir='ltr'><strong>qua</strong></span> <span class='ocrx_word' id='word_1_110' title='bbox 651 1262 921 1321; x_wconf 81' lang='lat' dir='ltr'><strong>exierunt.</strong></span> <span class='ocrx_word' id='word_1_111' title='bbox 965 1260 1229 1315; x_wconf 89' lang='lat' dir='ltr'><strong>haberent</strong></span> <span class='ocrx_word' id='word_1_112' title='bbox 1259 1260 1448 1329; x_wconf 89' lang='lat' dir='ltr'><strong>utique</strong></span> <span class='ocrx_word' id='word_1_113' title='bbox 1499 1260 1841 1315; x_wconf 83' lang='lat' dir='ltr'><strong>occasionem</strong></span> <span class='ocrx_word' id='word_1_114' title='bbox 1893 1276 2078 1316; x_wconf 87' lang='lat' dir='ltr'><strong>rever-</strong></span> 
     </span>
    </p>
   </div>
   <div class='ocr_carea' id='block_1_17' title="bbox 491 1350 2081 1421">
    <p class='ocr_par' dir='ltr' id='par_1_17' title="bbox 491 1350 2081 1421">
     <span class='ocr_line' id='line_1_17' title="bbox 491 1350 2081 1421; baseline 0.001 -16"><span class='ocrx_word' id='word_1_115' title='bbox 491 1353 666 1407; x_wconf 78' lang='lat' dir='ltr'><strong>tendi.</strong></span> <span class='ocrx_word' id='word_1_116' title='bbox 699 1351 854 1407; x_wconf 87' lang='lat' dir='ltr'><strong>Nune</strong></span> <span class='ocrx_word' id='word_1_117' title='bbox 900 1361 1081 1406; x_wconf 86' lang='lat' dir='ltr'><strong>autem</strong></span> <span class='ocrx_word' id='word_1_118' title='bbox 1132 1350 1409 1406; x_wconf 87' lang='lat' dir='ltr'><strong>meliorem</strong></span> <span class='ocrx_word' id='word_1_119' title='bbox 1445 1360 1724 1421; x_wconf 86' lang='lat' dir='ltr'><strong>appetunt,</strong></span> <span class='ocrx_word' id='word_1_120' title='bbox 1763 1350 1817 1405; x_wconf 89' lang='lat' dir='ltr'><strong>id</strong></span> <span class='ocrx_word' id='word_1_121' title='bbox 1859 1360 1943 1407; x_wconf 92' lang='lat' dir='ltr'><strong>est</strong></span> <span class='ocrx_word' id='word_1_122' title='bbox 1972 1366 2081 1407; x_wconf 74' lang='lat' dir='ltr'><strong>cce-</strong></span> 
     </span>
    </p>
   </div>
   <div class='ocr_carea' id='block_1_18' title="bbox 498 1441 2080 1514">
    <p class='ocr_par' dir='ltr' id='par_1_18' title="bbox 498 1441 2080 1514">
     <span class='ocr_line' id='line_1_18' title="bbox 498 1441 2080 1514; baseline 0.001 -17"><span class='ocrx_word' id='word_1_123' title='bbox 498 1446 691 1500; x_wconf 84' lang='lat' dir='ltr'><strong>lestem</strong></span> <span class='ocrx_word' id='word_1_124' title='bbox 719 1444 817 1498; x_wconf 71' lang='grc' dir='ltr'>δι.»</span> <span class='ocrx_word' id='word_1_125' title='bbox 870 1441 1198 1513; x_wconf 83' lang='lat' dir='ltr'><strong>Hujusmodi</strong></span> <span class='ocrx_word' id='word_1_126' title='bbox 1240 1451 1397 1496; x_wconf 86' lang='lat' dir='ltr'><strong>erant</strong></span> <span class='ocrx_word' id='word_1_127' title='bbox 1424 1444 1598 1498; x_wconf 85' lang='lat' dir='ltr'><strong>sancti</strong></span> <span class='ocrx_word' id='word_1_128' title='bbox 1630 1444 1864 1514; x_wconf 86' lang='lat' dir='ltr'><strong>apostoli</strong></span> <span class='ocrx_word' id='word_1_129' title='bbox 1896 1451 1952 1500; x_wconf 93' lang='lat' dir='ltr'><strong>et</strong></span> <span class='ocrx_word' id='word_1_130' title='bbox 1995 1445 2080 1498; x_wconf 86' lang='lat' dir='ltr'><strong>di-</strong></span> 
     </span>
    </p>
   </div>
   <div class='ocr_carea' id='block_1_19' title="bbox 502 1533 2081 1605">
    <p class='ocr_par' dir='ltr' id='par_1_19' title="bbox 502 1533 2081 1605">
     <span class='ocr_line' id='line_1_19' title="bbox 502 1533 2081 1605; baseline 0.001 -15"><span class='ocrx_word' id='word_1_131' title='bbox 502 1537 694 1605; x_wconf 86' lang='lat' dir='ltr'><strong>scipnli</strong></span> <span class='ocrx_word' id='word_1_132' title='bbox 722 1534 955 1597; x_wconf 91' lang='lat' dir='ltr'><strong>Domini,</strong></span> <span class='ocrx_word' id='word_1_133' title='bbox 987 1535 1079 1605; x_wconf 87' lang='lat' dir='ltr'><strong>qui</strong></span> <span class='ocrx_word' id='word_1_134' title='bbox 1105 1552 1228 1589; x_wconf 90' lang='lat' dir='ltr'><strong>cum</strong></span> <span class='ocrx_word' id='word_1_135' title='bbox 1257 1533 1419 1590; x_wconf 84' lang='lat' dir='ltr'><strong>Petro</strong></span> <span class='ocrx_word' id='word_1_136' title='bbox 1440 1534 1695 1589; x_wconf 82' lang='lat' dir='ltr'><strong>dicebant</strong></span> <span class='ocrx_word' id='word_1_137' title='bbox 1719 1555 1732 1590; x_wconf 91' lang='lat'>:</span> <span class='ocrx_word' id='word_1_138' title='bbox 1764 1554 1783 1587; x_wconf 81' lang='grc' dir='ltr'><strong>ι</strong></span> <span class='ocrx_word' id='word_1_139' title='bbox 1813 1534 1952 1590; x_wconf 89' lang='lat' dir='ltr'><strong>Ecce</strong></span> <span class='ocrx_word' id='word_1_140' title='bbox 1978 1552 2081 1591; x_wconf 88' lang='lat' dir='ltr'><strong>nos</strong></span> 
     </span>
    </p>
   </div>
   <div class='ocr_carea' id='block_1_20' title="bbox 492 1624 2083 1694">
    <p class='ocr_par' dir='ltr' id='par_1_20' title="bbox 492 1624 2083 1694">
     <span class='ocr_line' id='line_1_20' title="bbox 492 1624 2083 1694; baseline 0.003 -18"><span class='ocrx_word' id='word_1_141' title='bbox 492 1625 817 1694; x_wconf 80' lang='lat' dir='ltr'><strong>reliquimus</strong></span> <span class='ocrx_word' id='word_1_142' title='bbox 846 1625 1049 1689; x_wconf 83' lang='lat' dir='ltr'><strong>omnia,</strong></span> <span class='ocrx_word' id='word_1_143' title='bbox 1073 1633 1126 1678; x_wconf 89' lang='lat' dir='ltr'><strong>et</strong></span> <span class='ocrx_word' id='word_1_144' title='bbox 1158 1624 1330 1678; x_wconf 87' lang='lat' dir='ltr'><strong>secuti</strong></span> <span class='ocrx_word' id='word_1_145' title='bbox 1355 1638 1546 1678; x_wconf 91' lang='lat' dir='ltr'><strong>sumus</strong></span> <span class='ocrx_word' id='word_1_146' title='bbox 1577 1631 1630 1678; x_wconf 88' lang='lat' dir='ltr'><strong>te</strong></span> <span class='ocrx_word' id='word_1_147' title='bbox 1649 1624 1717 1678; x_wconf 78' lang='grc'><strong>⁸³.</strong></span> <span class='ocrx_word' id='word_1_148' title='bbox 1750 1644 1768 1677; x_wconf 88' lang='grc'><strong>›</strong></span> <span class='ocrx_word' id='word_1_149' title='bbox 1796 1625 2083 1680; x_wconf 83' lang='lat' dir='ltr'><strong>Mittuntur</strong></span> 
     </span>
    </p>
   </div>
   <div class='ocr_carea' id='block_1_21' title="bbox 497 1714 2083 1785">
    <p class='ocr_par' dir='ltr' id='par_1_21' title="bbox 497 1714 2083 1785">
     <span class='ocr_line' id='line_1_21' title="bbox 497 1714 2083 1785; baseline 0.002 -17"><span class='ocrx_word' id='word_1_150' title='bbox 497 1717 681 1784; x_wconf 84' lang='lat' dir='ltr'><strong>itaque</strong></span> <span class='ocrx_word' id='word_1_151' title='bbox 738 1715 978 1769; x_wconf 85' lang='lat' dir='ltr'><strong>solutum</strong></span> <span class='ocrx_word' id='word_1_152' title='bbox 1027 1731 1194 1784; x_wconf 84' lang='lat' dir='ltr'><strong>supra</strong></span> <span class='ocrx_word' id='word_1_153' title='bbox 1237 1714 1441 1769; x_wconf 90' lang='lat' dir='ltr'><strong>dictum</strong></span> <span class='ocrx_word' id='word_1_154' title='bbox 1474 1716 1700 1785; x_wconf 90' lang='lat' dir='ltr'><strong>pullum.</strong></span> <span class='ocrx_word' id='word_1_155' title='bbox 1734 1715 1869 1769; x_wconf 82' lang='lat' dir='ltr'><strong>Nam</strong></span> <span class='ocrx_word' id='word_1_156' title='bbox 1903 1715 2083 1771; x_wconf 90' lang='lat' dir='ltr'><strong>Salva-</strong></span> 
     </span>
    </p>
   </div>
   <div class='ocr_carea' id='block_1_22' title="bbox 2251 976 3761 1054">
    <p class='ocr_par' dir='ltr' id='par_1_22' title="bbox 2251 976 3761 1054">
     <span class='ocr_line' id='line_1_22' title="bbox 2251 976 3761 1054; baseline -0.002 -19"><span class='ocrx_word' id='word_1_157' title='bbox 2251 981 2305 1035; x_wconf 70' lang='grc'>4.</span> <span class='ocrx_word' id='word_1_158' title='bbox 2336 978 2797 1054; x_wconf 80' lang='grc' dir='ltr'>Τοιοῦτοιδέ’(65)</span> <span class='ocrx_word' id='word_1_159' title='bbox 2830 976 2970 1052; x_wconf 80' lang='grc' dir='ltr'>ἦσαν</span> <span class='ocrx_word' id='word_1_160' title='bbox 3009 980 3211 1044; x_wconf 79' lang='grc' dir='ltr'>πάντες</span> <span class='ocrx_word' id='word_1_161' title='bbox 3239 979 3289 1032; x_wconf 83' lang='lat' dir='ltr'><strong>oi</strong></span> <span class='ocrx_word' id='word_1_162' title='bbox 3320 978 3486 1047; x_wconf 84' lang='grc' dir='ltr'>ἆγιοι,</span> <span class='ocrx_word' id='word_1_163' title='bbox 3525 979 3621 1032; x_wconf 79' lang='grc' dir='ltr'><strong>καὶ</strong></span> <span class='ocrx_word' id='word_1_164' title='bbox 3644 978 3761 1033; x_wconf 61' lang='grc' dir='ltr'>δσοὶ</span> 
     </span>
    </p>
   </div>
   <div class='ocr_carea' id='block_1_23' title="bbox 2180 1069 3757 1146">
    <p class='ocr_par' dir='ltr' id='par_1_23' title="bbox 2180 1069 3757 1146">
     <span class='ocr_line' id='line_1_23' title="bbox 2180 1069 3757 1146; baseline -0.003 -19"><span class='ocrx_word' id='word_1_165' title='bbox 2180 1073 2326 1128; x_wconf 84' lang='grc' dir='ltr'>κατὰ</span> <span class='ocrx_word' id='word_1_166' title='bbox 2382 1074 2473 1129; x_wconf 86' lang='grc' dir='ltr'><strong>τὸν</strong></span> <span class='ocrx_word' id='word_1_167' title='bbox 2522 1073 2733 1128; x_wconf 78' lang='grc' dir='ltr'>Παῦλον</span> <span class='ocrx_word' id='word_1_168' title='bbox 2780 1073 3134 1146; x_wconf 83' lang='grc' dir='ltr'>πορευόμενοι</span> <span class='ocrx_word' id='word_1_169' title='bbox 3192 1069 3395 1142; x_wconf 82' lang='grc' dir='ltr'>ταύτης</span> <span class='ocrx_word' id='word_1_170' title='bbox 3449 1070 3757 1141; x_wconf 81' lang='grc' dir='ltr'>ὀρέγονται.</span> 
     </span>
    </p>
   </div>
   <div class='ocr_carea' id='block_1_24' title="bbox 2186 1162 3758 1235">
    <p class='ocr_par' dir='ltr' id='par_1_24' title="bbox 2186 1162 3758 1235">
     <span class='ocr_line' id='line_1_24' title="bbox 2186 1162 3758 1235; baseline -0.003 -16"><span class='ocrx_word' id='word_1_171' title='bbox 2186 1166 2383 1219; x_wconf 81' lang='grc' dir='ltr'>Ἀκουε</span> <span class='ocrx_word' id='word_1_172' title='bbox 2410 1165 2573 1220; x_wconf 85' lang='grc' dir='ltr'>πάλιν</span> <span class='ocrx_word' id='word_1_173' title='bbox 2600 1165 2761 1219; x_wconf 83' lang='grc' dir='ltr'>αὐτόν</span> <span class='ocrx_word' id='word_1_174' title='bbox 2780 1182 2794 1196; x_wconf 87' lang='grc'><strong>·</strong></span> <span class='ocrx_word' id='word_1_175' title='bbox 2841 1183 2859 1216; x_wconf 86' lang='grc' dir='ltr'><strong>ι</strong></span> <span class='ocrx_word' id='word_1_176' title='bbox 2889 1165 2954 1218; x_wconf 80' lang='lat' dir='ltr'><strong>Ei</strong></span> <span class='ocrx_word' id='word_1_177' title='bbox 2980 1163 3089 1235; x_wconf 86' lang='grc' dir='ltr'><strong>γὰρ</strong></span> <span class='ocrx_word' id='word_1_178' title='bbox 3115 1162 3327 1234; x_wconf 79' lang='grc' dir='ltr'>ἐκείνης</span> <span class='ocrx_word' id='word_1_179' title='bbox 3366 1162 3758 1233; x_wconf 87' lang='grc' dir='ltr'>ἐμνημόνευον,</span> 
     </span>
    </p>
   </div>
   <div class='ocr_carea' id='block_1_25' title="bbox 2180 1250 3763 1328">
    <p class='ocr_par' dir='ltr' id='par_1_25' title="bbox 2180 1250 3763 1328">
     <span class='ocr_line' id='line_1_25' title="bbox 2180 1250 3763 1328; baseline -0.003 -18"><span class='ocrx_word' id='word_1_180' title='bbox 2180 1257 2276 1326; x_wconf 83' lang='grc' dir='ltr'>ἀφ’</span> <span class='ocrx_word' id='word_1_181' title='bbox 2316 1252 2386 1328; x_wconf 81' lang='grc' dir='ltr'>ἧς</span> <span class='ocrx_word' id='word_1_182' title='bbox 2431 1256 2719 1328; x_wconf 77' lang='grc' dir='ltr'>ἐξέϐησαν,</span> <span class='ocrx_word' id='word_1_183' title='bbox 2763 1252 2907 1326; x_wconf 75' lang='grc' dir='ltr'>εἶχον</span> <span class='ocrx_word' id='word_1_184' title='bbox 2945 1254 3012 1309; x_wconf 76' lang='grc' dir='ltr'><strong>ἂν</strong></span> <span class='ocrx_word' id='word_1_185' title='bbox 3044 1253 3231 1326; x_wconf 82' lang='grc' dir='ltr'>καιρὸν</span> <span class='ocrx_word' id='word_1_186' title='bbox 3272 1250 3612 1325; x_wconf 75' lang='grc' dir='ltr'>ἀνακάμψαι.</span> <span class='ocrx_word' id='word_1_187' title='bbox 3644 1253 3763 1306; x_wconf 80' lang='grc' dir='ltr'>Νῦν</span> 
     </span>
    </p>
   </div>
   <div class='ocr_carea' id='block_1_26' title="bbox 2179 1345 3756 1420">
    <p class='ocr_par' dir='ltr' id='par_1_26' title="bbox 2179 1345 3756 1420">
     <span class='ocr_line' id='line_1_26' title="bbox 2179 1345 3756 1420; baseline -0.003 -18"><span class='ocrx_word' id='word_1_188' title='bbox 2179 1348 2238 1402; x_wconf 78' lang='grc' dir='ltr'>δὲ</span> <span class='ocrx_word' id='word_1_189' title='bbox 2290 1348 2600 1420; x_wconf 84' lang='grc' dir='ltr'>κρείττονος</span> <span class='ocrx_word' id='word_1_190' title='bbox 2652 1349 2964 1419; x_wconf 81' lang='grc' dir='ltr'>ὀρέγονται,</span> <span class='ocrx_word' id='word_1_191' title='bbox 3005 1347 3281 1401; x_wconf 84' lang='grc' dir='ltr'>τουτέστιν</span> <span class='ocrx_word' id='word_1_192' title='bbox 3338 1345 3681 1417; x_wconf 85' lang='grc' dir='ltr'>ἐπουρανίου.</span> <span class='ocrx_word' id='word_1_193' title='bbox 3736 1364 3756 1396; x_wconf 71' lang='grc' dir='ltr'><strong>ο</strong></span> 
     </span>
    </p>
   </div>
   <div class='ocr_carea' id='block_1_27' title="bbox 2180 1436 3765 1512">
    <p class='ocr_par' dir='ltr' id='par_1_27' title="bbox 2180 1436 3765 1512">
     <span class='ocr_line' id='line_1_27' title="bbox 2180 1436 3765 1512; baseline -0.002 -18"><span class='ocrx_word' id='word_1_194' title='bbox 2180 1441 2425 1495; x_wconf 89' lang='grc' dir='ltr'>Τοιοῦτοι</span> <span class='ocrx_word' id='word_1_195' title='bbox 2473 1440 2532 1493; x_wconf 87' lang='grc' dir='ltr'>δὲ</span> <span class='ocrx_word' id='word_1_196' title='bbox 2576 1436 2714 1512; x_wconf 81' lang='grc' dir='ltr'>ἦσαν</span> <span class='ocrx_word' id='word_1_197' title='bbox 2743 1441 2791 1494; x_wconf 84' lang='grc' dir='ltr'>οἱ</span> <span class='ocrx_word' id='word_1_198' title='bbox 2835 1441 2982 1508; x_wconf 83' lang='grc' dir='ltr'>ἆγιοι</span> <span class='ocrx_word' id='word_1_199' title='bbox 3036 1437 3322 1493; x_wconf 81' lang='grc' dir='ltr'>ἀπόστολοι</span> <span class='ocrx_word' id='word_1_200' title='bbox 3366 1439 3459 1492; x_wconf 72' lang='grc' dir='ltr'>καὶ</span> <span class='ocrx_word' id='word_1_201' title='bbox 3523 1437 3765 1509; x_wconf 79' lang='grc' dir='ltr'>μαθηταὶ</span> 
     </span>
    </p>
   </div>
   <div class='ocr_carea' id='block_1_28' title="bbox 2180 1516 3765 1605">
    <p class='ocr_par' dir='ltr' id='par_1_28' title="bbox 2180 1516 3765 1605">
     <span class='ocr_line' id='line_1_28' title="bbox 2180 1516 3765 1605; baseline -0.004 -18"><span class='ocrx_word' id='word_1_202' title='bbox 2180 1533 2274 1587; x_wconf 81' lang='grc' dir='ltr'><strong>τοῦ</strong></span> <span class='ocrx_word' id='word_1_203' title='bbox 2348 1534 2575 1605; x_wconf 85' lang='grc' dir='ltr'>Κυρίου,</span> <span class='ocrx_word' id='word_1_204' title='bbox 2636 1533 2830 1596; x_wconf 78' lang='grc' dir='ltr'>οἵτινες</span> <span class='ocrx_word' id='word_1_205' title='bbox 2880 1532 2989 1604; x_wconf 83' lang='lat'><strong>(66)</strong></span> <span class='ocrx_word' id='word_1_206' title='bbox 3054 1516 3191 1603; x_wconf 83' lang='grc' dir='ltr'><strong>μετά</strong></span> <span class='ocrx_word' id='word_1_207' title='bbox 3235 1530 3327 1584; x_wconf 89' lang='grc' dir='ltr'><strong>τοῦ</strong></span> <span class='ocrx_word' id='word_1_208' title='bbox 3384 1528 3588 1603; x_wconf 82' lang='grc' dir='ltr'>Πέτρου</span> <span class='ocrx_word' id='word_1_209' title='bbox 3653 1529 3765 1582; x_wconf 71' lang='grc' dir='ltr'>ἕλε·</span> 
     </span>
    </p>
   </div>
   <div class='ocr_carea' id='block_1_29' title="bbox 2182 1621 3763 1696">
    <p class='ocr_par' dir='ltr' id='par_1_29' title="bbox 2182 1621 3763 1696">
     <span class='ocr_line' id='line_1_29' title="bbox 2182 1621 3763 1696; baseline -0.002 -18"><span class='ocrx_word' id='word_1_210' title='bbox 2182 1643 2277 1694; x_wconf 84' lang='grc' dir='ltr'><strong>γον</strong></span> <span class='ocrx_word' id='word_1_211' title='bbox 2298 1643 2311 1655; x_wconf 90' lang='grc'><strong>·</strong></span> <span class='ocrx_word' id='word_1_212' title='bbox 2352 1643 2371 1677; x_wconf 83' lang='grc' dir='ltr'><strong>ι</strong></span> <span class='ocrx_word' id='word_1_213' title='bbox 2423 1625 2552 1679; x_wconf 82' lang='grc' dir='ltr'>Ἰδοὺ</span> <span class='ocrx_word' id='word_1_214' title='bbox 2585 1626 2746 1696; x_wconf 84' lang='grc' dir='ltr'>ἡμεῖς</span> <span class='ocrx_word' id='word_1_215' title='bbox 2782 1625 3073 1695; x_wconf 84' lang='grc' dir='ltr'>ἀφήκαμεν</span> <span class='ocrx_word' id='word_1_216' title='bbox 3105 1623 3300 1687; x_wconf 83' lang='grc' dir='ltr'>πάντα,</span> <span class='ocrx_word' id='word_1_217' title='bbox 3337 1622 3431 1676; x_wconf 75' lang='grc' dir='ltr'>καὶ</span> <span class='ocrx_word' id='word_1_218' title='bbox 3459 1621 3763 1694; x_wconf 75' lang='grc' dir='ltr'>ήκολουθήο</span> 
     </span>
    </p>
   </div>
   <div class='ocr_carea' id='block_1_30' title="bbox 2186 1710 3761 1789">
    <p class='ocr_par' dir='ltr' id='par_1_30' title="bbox 2186 1710 3761 1789">
     <span class='ocr_line' id='line_1_30' title="bbox 2186 1710 3761 1789; baseline -0.003 -19"><span class='ocrx_word' id='word_1_219' title='bbox 2186 1718 2358 1789; x_wconf 88' lang='grc' dir='ltr'>σαμέν</span> <span class='ocrx_word' id='word_1_220' title='bbox 2387 1733 2489 1770; x_wconf 93' lang='grc' dir='ltr'>σοι.</span> <span class='ocrx_word' id='word_1_221' title='bbox 2525 1735 2545 1769; x_wconf 70' lang='grc' dir='ltr'><strong>ι</strong></span> <span class='ocrx_word' id='word_1_222' title='bbox 2588 1715 3029 1769; x_wconf 83' lang='grc' dir='ltr'>Ἀποστέλλονται</span> <span class='ocrx_word' id='word_1_223' title='bbox 3065 1710 3157 1770; x_wconf 81' lang='grc' dir='ltr'><strong>οὖν</strong></span> <span class='ocrx_word' id='word_1_224' title='bbox 3186 1714 3343 1767; x_wconf 89' lang='grc' dir='ltr'>λῦσαι</span> <span class='ocrx_word' id='word_1_225' title='bbox 3369 1713 3465 1766; x_wconf 85' lang='grc' dir='ltr'><strong>τὸν</strong></span> <span class='ocrx_word' id='word_1_226' title='bbox 3494 1730 3761 1786; x_wconf 84' lang='grc' dir='ltr'>προειρη-</span> 
     </span>
    </p>
   </div>
   <div class='ocr_carea' id='block_1_31' title="bbox 492 1798 2070 1880">
    <p class='ocr_par' dir='ltr' id='par_1_31' title="bbox 492 1807 2070 1865">
     <span class='ocr_line' id='line_1_31' title="bbox 492 1807 2070 1865; baseline 0.004 -6"><span class='ocrx_word' id='word_1_227' title='bbox 492 1810 633 1863; x_wconf 87' lang='lat' dir='ltr'><strong>toris</strong></span> <span class='ocrx_word' id='word_1_228' title='bbox 658 1808 828 1862; x_wconf 87' lang='lat' dir='ltr'><strong>nostri</strong></span> <span class='ocrx_word' id='word_1_229' title='bbox 853 1807 1119 1862; x_wconf 84' lang='lat' dir='ltr'><strong>adventus</strong></span> <span class='ocrx_word' id='word_1_230' title='bbox 1147 1814 1201 1861; x_wconf 89' lang='lat' dir='ltr'><strong>et</strong></span> <span class='ocrx_word' id='word_1_231' title='bbox 1229 1807 1544 1862; x_wconf 85' lang='lat' dir='ltr'><strong>humanitas</strong></span> <span class='ocrx_word' id='word_1_232' title='bbox 1578 1809 1856 1863; x_wconf 77' lang='lat' dir='ltr'><strong>revocavit</strong></span> <span class='ocrx_word' id='word_1_233' title='bbox 1881 1825 1981 1865; x_wconf 88' lang='lat' dir='ltr'><strong>nos</strong></span> <span class='ocrx_word' id='word_1_234' title='bbox 2008 1826 2070 1865; x_wconf 76' lang='lat' dir='ltr'><strong>ex</strong></span> 
     </span>
    </p>
   </div>
   <div class='ocr_carea' id='block_1_32' title="bbox 2179 1798 3763 1880">
    <p class='ocr_par' dir='ltr' id='par_1_32' title="bbox 2182 1801 3763 1880">
     <span class='ocr_line' id='line_1_32' title="bbox 2182 1801 3763 1880; baseline -0.005 -17"><span class='ocrx_word' id='word_1_235' title='bbox 2182 1812 2341 1880; x_wconf 81' lang='grc' dir='ltr'>μένον</span> <span class='ocrx_word' id='word_1_236' title='bbox 2371 1807 2480 1878; x_wconf 82' lang='lat'><strong>(67)</strong></span> <span class='ocrx_word' id='word_1_237' title='bbox 2510 1806 2705 1863; x_wconf 86' lang='grc' dir='ltr'>πῶλον.</span> <span class='ocrx_word' id='word_1_238' title='bbox 2744 1807 2811 1860; x_wconf 88' lang='grc' dir='ltr'><strong>Ἦ</strong></span> <span class='ocrx_word' id='word_1_239' title='bbox 2835 1806 2945 1877; x_wconf 83' lang='grc' dir='ltr'>γὰρ</span> <span class='ocrx_word' id='word_1_240' title='bbox 2968 1804 3061 1859; x_wconf 83' lang='grc' dir='ltr'><strong>τοῦ</strong></span> <span class='ocrx_word' id='word_1_241' title='bbox 3088 1804 3337 1876; x_wconf 87' lang='grc' dir='ltr'>Σωτῆρος</span> <span class='ocrx_word' id='word_1_242' title='bbox 3365 1801 3520 1874; x_wconf 87' lang='grc' dir='ltr'>ήμῶν</span> <span class='ocrx_word' id='word_1_243' title='bbox 3551 1820 3763 1876; x_wconf 74' lang='grc' dir='ltr'>παρουο</span> 
     </span>
    </p>
   </div>
   <div class='ocr_carea' id='block_1_33' title="bbox 495 1898 2074 1970">
    <p class='ocr_par' dir='ltr' id='par_1_33' title="bbox 495 1898 2074 1970">
     <span class='ocr_line' id='line_1_33' title="bbox 495 1898 2074 1970; baseline 0.003 -17"><span class='ocrx_word' id='word_1_244' title='bbox 495 1916 635 1970; x_wconf 81' lang='lat' dir='ltr'><strong>pago</strong></span> <span class='ocrx_word' id='word_1_245' title='bbox 680 1916 711 1954; x_wconf 93' lang='lat' dir='ltr'><strong>e</strong></span> <span class='ocrx_word' id='word_1_246' title='bbox 748 1898 971 1969; x_wconf 85' lang='lat' dir='ltr'><strong>regione</strong></span> <span class='ocrx_word' id='word_1_247' title='bbox 1000 1901 1177 1968; x_wconf 91' lang='lat' dir='ltr'><strong>posito</strong></span> <span class='ocrx_word' id='word_1_248' title='bbox 1231 1899 1298 1953; x_wconf 91' lang='lat' dir='ltr'><strong>ad</strong></span> <span class='ocrx_word' id='word_1_249' title='bbox 1334 1900 1610 1955; x_wconf 70' lang='lat' dir='ltr'><strong>cwlestem</strong></span> <span class='ocrx_word' id='word_1_250' title='bbox 1663 1900 1838 1970; x_wconf 89' lang='lat' dir='ltr'><strong>ipsius</strong></span> <span class='ocrx_word' id='word_1_251' title='bbox 1887 1904 2074 1958; x_wconf 89' lang='lat' dir='ltr'><strong>urbem</strong></span> 
     </span>
    </p>
   </div>
   <div class='ocr_carea' id='block_1_34' title="bbox 495 1986 2076 2059">
    <p class='ocr_par' dir='ltr' id='par_1_34' title="bbox 495 1986 2076 2059">
     <span class='ocr_line' id='line_1_34' title="bbox 495 1986 2076 2059; baseline 0.001 -12"><span class='ocrx_word' id='word_1_252' title='bbox 495 2005 790 2059; x_wconf 73' lang='lat' dir='ltr'><strong>supernam</strong></span> <span class='ocrx_word' id='word_1_253' title='bbox 818 1988 1141 2045; x_wconf 80' lang='lat' dir='ltr'><strong>Jerusalem.</strong></span> <span class='ocrx_word' id='word_1_254' title='bbox 1184 1989 1437 2044; x_wconf 83' lang='lat' dir='ltr'><strong>Arbitror</strong></span> <span class='ocrx_word' id='word_1_255' title='bbox 1466 1992 1611 2043; x_wconf 92' lang='lat' dir='ltr'><strong>enim</strong></span> <span class='ocrx_word' id='word_1_256' title='bbox 1640 1986 1742 2046; x_wconf 89' lang='lat' dir='ltr'><strong>nos</strong></span> <span class='ocrx_word' id='word_1_257' title='bbox 1771 1993 1842 2047; x_wconf 89' lang='lat' dir='ltr'><strong>ob</strong></span> <span class='ocrx_word' id='word_1_258' title='bbox 1882 1993 2076 2048; x_wconf 84' lang='lat' dir='ltr'><strong>Adami</strong></span> 
     </span>
    </p>
   </div>
   <div class='ocr_carea' id='block_1_35' title="bbox 507 2080 2078 2151">
    <p class='ocr_par' dir='ltr' id='par_1_35' title="bbox 507 2080 2078 2151">
     <span class='ocr_line' id='line_1_35' title="bbox 507 2080 2078 2151; baseline 0.001 -16"><span class='ocrx_word' id='word_1_259' title='bbox 507 2082 993 2151; x_wconf 87' lang='lat' dir='ltr'><strong>inobsequentiam</strong></span> <span class='ocrx_word' id='word_1_260' title='bbox 1018 2080 1206 2149; x_wconf 87' lang='lat' dir='ltr'><strong>pulsos</strong></span> <span class='ocrx_word' id='word_1_261' title='bbox 1231 2095 1353 2134; x_wconf 87' lang='lat' dir='ltr'><strong>esse</strong></span> <span class='ocrx_word' id='word_1_262' title='bbox 1382 2095 1446 2133; x_wconf 81' lang='lat' dir='ltr'><strong>ex</strong></span> <span class='ocrx_word' id='word_1_263' title='bbox 1480 2081 1755 2149; x_wconf 87' lang='lat' dir='ltr'><strong>paradiso,</strong></span> <span class='ocrx_word' id='word_1_264' title='bbox 1793 2091 1847 2137; x_wconf 92' lang='lat' dir='ltr'><strong>et</strong></span> <span class='ocrx_word' id='word_1_265' title='bbox 1891 2085 1946 2138; x_wconf 91' lang='lat' dir='ltr'><strong>in</strong></span> <span class='ocrx_word' id='word_1_266' title='bbox 1979 2085 2078 2137; x_wconf 86' lang='lat' dir='ltr'><strong>ad-</strong></span> 
     </span>
    </p>
   </div>
   <div class='ocr_carea' id='block_1_36' title="bbox 500 2170 2078 2242">
    <p class='ocr_par' dir='ltr' id='par_1_36' title="bbox 500 2170 2078 2242">
     <span class='ocr_line' id='line_1_36' title="bbox 500 2170 2078 2242; baseline 0.003 -19"><span class='ocrx_word' id='word_1_267' title='bbox 500 2186 722 2227; x_wconf 90' lang='lat' dir='ltr'><strong>versum</strong></span> <span class='ocrx_word' id='word_1_268' title='bbox 742 2185 961 2240; x_wconf 89' lang='lat' dir='ltr'><strong>pagum,</strong></span> <span class='ocrx_word' id='word_1_269' title='bbox 987 2170 1146 2238; x_wconf 90' lang='lat' dir='ltr'><strong>quasi</strong></span> <span class='ocrx_word' id='word_1_270' title='bbox 1173 2170 1226 2222; x_wconf 91' lang='lat' dir='ltr'><strong>in</strong></span> <span class='ocrx_word' id='word_1_271' title='bbox 1256 2170 1546 2235; x_wconf 88' lang='lat' dir='ltr'><strong>coloniam,</strong></span> <span class='ocrx_word' id='word_1_272' title='bbox 1567 2170 1832 2228; x_wconf 90' lang='lat' dir='ltr'><strong>deductos</strong></span> <span class='ocrx_word' id='word_1_273' title='bbox 1859 2191 1872 2227; x_wconf 93' lang='lat'>:</span> <span class='ocrx_word' id='word_1_274' title='bbox 1903 2191 1922 2224; x_wconf 79' lang='grc' dir='ltr'><strong>ι</strong></span> <span class='ocrx_word' id='word_1_275' title='bbox 1956 2172 2078 2242; x_wconf 84' lang='lat' dir='ltr'><strong>Eje-</strong></span> 
     </span>
    </p>
   </div>
   <div class='ocr_carea' id='block_1_37' title="bbox 494 2260 2077 2331">
    <p class='ocr_par' dir='ltr' id='par_1_37' title="bbox 494 2260 2077 2331">
     <span class='ocr_line' id='line_1_37' title="bbox 494 2260 2077 2331; baseline 0.004 -19"><span class='ocrx_word' id='word_1_276' title='bbox 494 2264 571 2315; x_wconf 81' lang='lat' dir='ltr'><strong>cit</strong></span> <span class='ocrx_word' id='word_1_277' title='bbox 596 2264 763 2324; x_wconf 88' lang='lat' dir='ltr'><strong>enim,</strong></span> <span class='ocrx_word' id='word_1_278' title='bbox 823 2262 1018 2331; x_wconf 86' lang='lat' dir='ltr'><strong>inquit,</strong></span> <span class='ocrx_word' id='word_1_279' title='bbox 1068 2260 1229 2315; x_wconf 68' lang='lat' dir='ltr'><strong>Deus.</strong></span> <span class='ocrx_word' id='word_1_280' title='bbox 1262 2260 1456 2325; x_wconf 85' lang='lat' dir='ltr'><strong>Adam,</strong></span> <span class='ocrx_word' id='word_1_281' title='bbox 1526 2268 1577 2316; x_wconf 91' lang='lat' dir='ltr'><strong>ct</strong></span> <span class='ocrx_word' id='word_1_282' title='bbox 1640 2263 1888 2320; x_wconf 87' lang='lat' dir='ltr'><strong>habitare</strong></span> <span class='ocrx_word' id='word_1_283' title='bbox 1947 2265 2077 2319; x_wconf 85' lang='lat' dir='ltr'><strong>fecit</strong></span> 
     </span>
    </p>
   </div>
   <div class='ocr_carea' id='block_1_38' title="bbox 494 2334 2076 2425">
    <p class='ocr_par' dir='ltr' id='par_1_38' title="bbox 494 2334 2076 2425">
     <span class='ocr_line' id='line_1_38' title="bbox 494 2334 2076 2425; baseline 0.003 -20"><span class='ocrx_word' id='word_1_284' title='bbox 494 2368 620 2406; x_wconf 87' lang='lat' dir='ltr'><strong>eum</strong></span> <span class='ocrx_word' id='word_1_285' title='bbox 650 2366 682 2405; x_wconf 92' lang='lat' dir='ltr'><strong>e</strong></span> <span class='ocrx_word' id='word_1_286' title='bbox 712 2351 933 2421; x_wconf 83' lang='lat' dir='ltr'><strong>regione</strong></span> <span class='ocrx_word' id='word_1_287' title='bbox 959 2350 1198 2420; x_wconf 87' lang='lat' dir='ltr'><strong>paradisi</strong></span> <span class='ocrx_word' id='word_1_288' title='bbox 1215 2334 1520 2420; x_wconf 46' lang='lat' dir='ltr'><strong>&#39;voluptatis</strong></span> <span class='ocrx_word' id='word_1_289' title='bbox 1544 2353 1609 2406; x_wconf 80' lang='grc'><strong>⁸³.</strong></span> <span class='ocrx_word' id='word_1_290' title='bbox 1643 2372 1662 2405; x_wconf 74' lang='grc' dir='ltr'><strong>ι</strong></span> <span class='ocrx_word' id='word_1_291' title='bbox 1692 2352 1783 2408; x_wconf 90' lang='lat' dir='ltr'><strong>Sic</strong></span> <span class='ocrx_word' id='word_1_292' title='bbox 1824 2355 1989 2425; x_wconf 83' lang='lat' dir='ltr'><strong>igitur</strong></span> <span class='ocrx_word' id='word_1_293' title='bbox 2020 2356 2076 2410; x_wconf 89' lang='lat' dir='ltr'><strong>in</strong></span> 
     </span>
    </p>
   </div>
   <div class='ocr_carea' id='block_1_39' title="bbox 495 2444 2077 2517">
    <p class='ocr_par' dir='ltr' id='par_1_39' title="bbox 495 2444 2077 2517">
     <span class='ocr_line' id='line_1_39' title="bbox 495 2444 2077 2517; baseline 0.004 -20"><span class='ocrx_word' id='word_1_294' title='bbox 495 2445 783 2500; x_wconf 87' lang='lat' dir='ltr'><strong>adversum</strong></span> <span class='ocrx_word' id='word_1_295' title='bbox 818 2459 1015 2515; x_wconf 86' lang='lat' dir='ltr'><strong>pagum</strong></span> <span class='ocrx_word' id='word_1_296' title='bbox 1062 2446 1356 2499; x_wconf 87' lang='lat' dir='ltr'><strong>mittuntur</strong></span> <span class='ocrx_word' id='word_1_297' title='bbox 1385 2463 1415 2498; x_wconf 82' lang='lat' dir='ltr'><strong>a</strong></span> <span class='ocrx_word' id='word_1_298' title='bbox 1443 2444 1597 2502; x_wconf 81' lang='lat' dir='ltr'><strong>Jesu-</strong></span> <span class='ocrx_word' id='word_1_299' title='bbox 1624 2447 1879 2517; x_wconf 88' lang='lat' dir='ltr'><strong>discipuli</strong></span> <span class='ocrx_word' id='word_1_300' title='bbox 1935 2450 2077 2504; x_wconf 86' lang='lat' dir='ltr'><strong>solu-</strong></span> 
     </span>
    </p>
   </div>
   <div class='ocr_carea' id='block_1_40' title="bbox 492 2536 2076 2611">
    <p class='ocr_par' dir='ltr' id='par_1_40' title="bbox 492 2536 2076 2611">
     <span class='ocr_line' id='line_1_40' title="bbox 492 2536 2076 2611; baseline 0.001 -19"><span class='ocrx_word' id='word_1_301' title='bbox 492 2538 599 2592; x_wconf 87' lang='lat' dir='ltr'><strong>turi</strong></span> <span class='ocrx_word' id='word_1_302' title='bbox 630 2539 858 2608; x_wconf 89' lang='lat' dir='ltr'><strong>pullum.</strong></span> <span class='ocrx_word' id='word_1_303' title='bbox 895 2536 958 2589; x_wconf 85' lang='lat' dir='ltr'><strong>Et</strong></span> <span class='ocrx_word' id='word_1_304' title='bbox 992 2536 1132 2603; x_wconf 85' lang='lat' dir='ltr'><strong>vide,</strong></span> <span class='ocrx_word' id='word_1_305' title='bbox 1166 2553 1373 2606; x_wconf 73' lang='lat' dir='ltr'><strong>quaeso,</strong></span> <span class='ocrx_word' id='word_1_306' title='bbox 1408 2554 1541 2592; x_wconf 91' lang='lat' dir='ltr'><strong>num</strong></span> <span class='ocrx_word' id='word_1_307' title='bbox 1566 2537 1704 2592; x_wconf 81' lang='lat' dir='ltr'><strong>forte</strong></span> <span class='ocrx_word' id='word_1_308' title='bbox 1731 2540 1802 2594; x_wconf 87' lang='lat' dir='ltr'><strong>ob</strong></span> <span class='ocrx_word' id='word_1_309' title='bbox 1831 2555 1954 2594; x_wconf 91' lang='lat' dir='ltr'><strong>eum</strong></span> <span class='ocrx_word' id='word_1_310' title='bbox 1981 2542 2076 2611; x_wconf 89' lang='lat' dir='ltr'><strong>qui</strong></span> 
     </span>
    </p>
   </div>
   <div class='ocr_carea' id='block_1_41' title="bbox 492 2628 2077 2699">
    <p class='ocr_par' dir='ltr' id='par_1_41' title="bbox 492 2628 2077 2699">
     <span class='ocr_line' id='line_1_41' title="bbox 492 2628 2077 2699; baseline 0.001 -16"><span class='ocrx_word' id='word_1_311' title='bbox 492 2631 698 2698; x_wconf 70' lang='lat' dir='ltr'><strong>eiectus</strong></span> <span class='ocrx_word' id='word_1_312' title='bbox 731 2628 907 2683; x_wconf 82' lang='lat' dir='ltr'><strong>fuerat</strong></span> <span class='ocrx_word' id='word_1_313' title='bbox 936 2643 966 2681; x_wconf 94' lang='lat' dir='ltr'><strong>e</strong></span> <span class='ocrx_word' id='word_1_314' title='bbox 999 2628 1274 2697; x_wconf 89' lang='lat' dir='ltr'><strong>paradiso,</strong></span> <span class='ocrx_word' id='word_1_315' title='bbox 1323 2636 1490 2698; x_wconf 90' lang='lat' dir='ltr'><strong>atque</strong></span> <span class='ocrx_word' id='word_1_316' title='bbox 1531 2643 1562 2683; x_wconf 93' lang='lat' dir='ltr'><strong>e</strong></span> <span class='ocrx_word' id='word_1_317' title='bbox 1602 2630 1823 2699; x_wconf 78' lang='lat' dir='ltr'><strong>regione</strong></span> <span class='ocrx_word' id='word_1_318' title='bbox 1868 2630 2077 2684; x_wconf 68' lang='lat' dir='ltr'><strong>consti~</strong></span> 
     </span>
    </p>
   </div>
   <div class='ocr_carea' id='block_1_42' title="bbox 496 2718 2074 2791">
    <p class='ocr_par' dir='ltr' id='par_1_42' title="bbox 496 2718 2074 2791">
     <span class='ocr_line' id='line_1_42' title="bbox 496 2718 2074 2791; baseline 0.001 -18"><span class='ocrx_word' id='word_1_319' title='bbox 496 2731 673 2785; x_wconf 90' lang='lat' dir='ltr'><strong>tutus,</strong></span> <span class='ocrx_word' id='word_1_320' title='bbox 706 2721 994 2774; x_wconf 90' lang='lat' dir='ltr'><strong>mittantur</strong></span> <span class='ocrx_word' id='word_1_321' title='bbox 1034 2719 1289 2788; x_wconf 89' lang='lat' dir='ltr'><strong>discipuli</strong></span> <span class='ocrx_word' id='word_1_322' title='bbox 1332 2735 1363 2773; x_wconf 89' lang='lat' dir='ltr'><strong>a</strong></span> <span class='ocrx_word' id='word_1_323' title='bbox 1404 2718 1535 2775; x_wconf 83' lang='lat' dir='ltr'><strong>Jesu</strong></span> <span class='ocrx_word' id='word_1_324' title='bbox 1576 2720 1632 2774; x_wconf 91' lang='lat' dir='ltr'><strong>in</strong></span> <span class='ocrx_word' id='word_1_325' title='bbox 1656 2722 1944 2776; x_wconf 86' lang='lat' dir='ltr'><strong>adversum</strong></span> <span class='ocrx_word' id='word_1_326' title='bbox 1976 2737 2074 2791; x_wconf 82' lang='lat' dir='ltr'><strong>pa-</strong></span> 
     </span>
    </p>
   </div>
   <div class='ocr_carea' id='block_1_43' title="bbox 492 2811 2076 2881">
    <p class='ocr_par' dir='ltr' id='par_1_43' title="bbox 492 2811 2076 2881">
     <span class='ocr_line' id='line_1_43' title="bbox 492 2811 2076 2881; baseline 0.003 -18"><span class='ocrx_word' id='word_1_327' title='bbox 492 2827 618 2879; x_wconf 74' lang='lat' dir='ltr'><strong>gum</strong></span> <span class='ocrx_word' id='word_1_328' title='bbox 665 2812 896 2867; x_wconf 87' lang='lat' dir='ltr'><strong>soluturi</strong></span> <span class='ocrx_word' id='word_1_329' title='bbox 921 2812 1148 2881; x_wconf 89' lang='lat' dir='ltr'><strong>pullum.</strong></span> <span class='ocrx_word' id='word_1_330' title='bbox 1173 2811 1249 2866; x_wconf 85' lang='lat' dir='ltr'><strong>Ea</strong></span> <span class='ocrx_word' id='word_1_331' title='bbox 1276 2813 1423 2867; x_wconf 89' lang='lat' dir='ltr'><strong>enim</strong></span> <span class='ocrx_word' id='word_1_332' title='bbox 1442 2812 1509 2866; x_wconf 91' lang='lat' dir='ltr'><strong>de</strong></span> <span class='ocrx_word' id='word_1_333' title='bbox 1535 2827 1700 2867; x_wconf 84' lang='lat' dir='ltr'><strong>causa</strong></span> <span class='ocrx_word' id='word_1_334' title='bbox 1720 2814 1868 2867; x_wconf 91' lang='lat' dir='ltr'><strong>venit</strong></span> <span class='ocrx_word' id='word_1_335' title='bbox 1887 2811 2076 2868; x_wconf 86' lang='lat' dir='ltr'><strong>Salva-</strong></span> 
     </span>
    </p>
   </div>
   <div class='ocr_carea' id='block_1_44' title="bbox 495 2905 2076 2975">
    <p class='ocr_par' dir='ltr' id='par_1_44' title="bbox 495 2905 2076 2975">
     <span class='ocr_line' id='line_1_44' title="bbox 495 2905 2076 2975; baseline 0.001 -18"><span class='ocrx_word' id='word_1_336' title='bbox 495 2916 599 2968; x_wconf 85' lang='lat' dir='ltr'><strong>tor,</strong></span> <span class='ocrx_word' id='word_1_337' title='bbox 631 2905 838 2959; x_wconf 86' lang='lat' dir='ltr'><strong>relictis</strong></span> <span class='ocrx_word' id='word_1_338' title='bbox 887 2905 1187 2975; x_wconf 85' lang='lat' dir='ltr'><strong>nonagiuta</strong></span> <span class='ocrx_word' id='word_1_339' title='bbox 1225 2919 1420 2958; x_wconf 91' lang='lat' dir='ltr'><strong>novem</strong></span> <span class='ocrx_word' id='word_1_340' title='bbox 1450 2905 1645 2959; x_wconf 90' lang='lat' dir='ltr'><strong>ovibus</strong></span> <span class='ocrx_word' id='word_1_341' title='bbox 1706 2920 1825 2974; x_wconf 61' lang='lat' dir='ltr'><strong>quae</strong></span> <span class='ocrx_word' id='word_1_342' title='bbox 1855 2922 1964 2960; x_wconf 89' lang='lat' dir='ltr'><strong>non</strong></span> <span class='ocrx_word' id='word_1_343' title='bbox 1990 2921 2076 2960; x_wconf 89' lang='lat' dir='ltr'><strong>er-</strong></span> 
     </span>
    </p>
   </div>
   <div class='ocr_carea' id='block_1_45' title="bbox 490 2998 2076 3068">
    <p class='ocr_par' dir='ltr' id='par_1_45' title="bbox 490 2998 2076 3068">
     <span class='ocr_line' id='line_1_45' title="bbox 490 2998 2076 3068; baseline 0.002 -18"><span class='ocrx_word' id='word_1_344' title='bbox 490 3004 766 3061; x_wconf 85' lang='lat' dir='ltr'><strong>raverant,</strong></span> <span class='ocrx_word' id='word_1_345' title='bbox 818 3005 878 3051; x_wconf 85' lang='lat' dir='ltr'><strong>ut</strong></span> <span class='ocrx_word' id='word_1_346' title='bbox 931 2998 1210 3068; x_wconf 79' lang='lat' dir='ltr'><strong>profectus</strong></span> <span class='ocrx_word' id='word_1_347' title='bbox 1256 3012 1373 3052; x_wconf 87' lang='lat' dir='ltr'><strong>eam</strong></span> <span class='ocrx_word' id='word_1_348' title='bbox 1421 3000 1755 3066; x_wconf 88' lang='lat' dir='ltr'><strong>perquireret</strong></span> <span class='ocrx_word' id='word_1_349' title='bbox 1809 3014 1930 3068; x_wconf 67' lang='lat' dir='ltr'><strong>quae</strong></span> <span class='ocrx_word' id='word_1_350' title='bbox 1990 3015 2076 3055; x_wconf 88' lang='lat' dir='ltr'><strong>er-</strong></span> 
     </span>
    </p>
   </div>
   <div class='ocr_carea' id='block_1_46' title="bbox 489 3082 2073 3160">
    <p class='ocr_par' dir='ltr' id='par_1_46' title="bbox 489 3082 2073 3160">
     <span class='ocr_line' id='line_1_46' title="bbox 489 3082 2073 3160; baseline 0.002 -19"><span class='ocrx_word' id='word_1_351' title='bbox 489 3098 705 3142; x_wconf 87' lang='lat' dir='ltr'><strong>raverat</strong></span> <span class='ocrx_word' id='word_1_352' title='bbox 740 3109 751 3142; x_wconf 92' lang='lat'><strong>:</strong></span> <span class='ocrx_word' id='word_1_353' title='bbox 787 3104 893 3159; x_wconf 88' lang='lat' dir='ltr'><strong>qua</strong></span> <span class='ocrx_word' id='word_1_354' title='bbox 923 3089 1144 3144; x_wconf 85' lang='lat' dir='ltr'><strong>inventa</strong></span> <span class='ocrx_word' id='word_1_355' title='bbox 1177 3090 1390 3143; x_wconf 61' lang='lat' dir='ltr'><strong>laetatur</strong></span> <span class='ocrx_word' id='word_1_356' title='bbox 1422 3089 1489 3144; x_wconf 92' lang='lat' dir='ltr'><strong>de</strong></span> <span class='ocrx_word' id='word_1_357' title='bbox 1524 3091 1662 3160; x_wconf 87' lang='lat' dir='ltr'><strong>ipsa,</strong></span> <span class='ocrx_word' id='word_1_358' title='bbox 1698 3082 2073 3159; x_wconf 83' lang='lat' dir='ltr'><strong>congaudent-</strong></span> 
     </span>
    </p>
   </div>
   <div class='ocr_carea' id='block_1_47' title="bbox 488 3180 2066 3251">
    <p class='ocr_par' dir='ltr' id='par_1_47' title="bbox 488 3180 2066 3251">
     <span class='ocr_line' id='line_1_47' title="bbox 488 3180 2066 3251; baseline 0 -17"><span class='ocrx_word' id='word_1_359' title='bbox 488 3197 595 3249; x_wconf 87' lang='lat' dir='ltr'><strong>que</strong></span> <span class='ocrx_word' id='word_1_360' title='bbox 622 3181 798 3251; x_wconf 85' lang='lat' dir='ltr'><strong>angeli</strong></span> <span class='ocrx_word' id='word_1_361' title='bbox 816 3181 882 3234; x_wconf 90' lang='lat' dir='ltr'><strong>de</strong></span> <span class='ocrx_word' id='word_1_362' title='bbox 909 3197 1018 3235; x_wconf 90' lang='lat' dir='ltr'><strong>uno</strong></span> <span class='ocrx_word' id='word_1_363' title='bbox 1038 3188 1323 3250; x_wconf 79' lang='lat' dir='ltr'><strong>peccatore</strong></span> <span class='ocrx_word' id='word_1_364' title='bbox 1344 3181 1662 3250; x_wconf 85' lang='lat' dir='ltr'><strong>poenitente.</strong></span> <span class='ocrx_word' id='word_1_365' title='bbox 1699 3180 2066 3246; x_wconf 67' lang='lat' dir='ltr'><strong>Quaarendum</strong></span> 
     </span>
    </p>
   </div>
   <div class='ocr_carea' id='block_1_48' title="bbox 488 3272 2071 3343">
    <p class='ocr_par' dir='ltr' id='par_1_48' title="bbox 488 3272 2071 3343">
     <span class='ocr_line' id='line_1_48' title="bbox 488 3272 2071 3343; baseline 0 -16"><span class='ocrx_word' id='word_1_366' title='bbox 488 3288 675 3342; x_wconf 85' lang='lat' dir='ltr'><strong>porro,</strong></span> <span class='ocrx_word' id='word_1_367' title='bbox 705 3288 777 3327; x_wconf 93' lang='lat' dir='ltr'><strong>an</strong></span> <span class='ocrx_word' id='word_1_368' title='bbox 819 3275 921 3328; x_wconf 90' lang='lat' dir='ltr'><strong>soli</strong></span> <span class='ocrx_word' id='word_1_369' title='bbox 953 3274 1019 3328; x_wconf 90' lang='lat' dir='ltr'><strong>ad</strong></span> <span class='ocrx_word' id='word_1_370' title='bbox 1053 3274 1182 3343; x_wconf 92' lang='lat' dir='ltr'><strong>pulli</strong></span> <span class='ocrx_word' id='word_1_371' title='bbox 1217 3274 1579 3327; x_wconf 87' lang='lat' dir='ltr'><strong>ministerium</strong></span> <span class='ocrx_word' id='word_1_372' title='bbox 1622 3274 1777 3329; x_wconf 88' lang='lat' dir='ltr'><strong>missi</strong></span> <span class='ocrx_word' id='word_1_373' title='bbox 1833 3274 1943 3330; x_wconf 90' lang='lat' dir='ltr'><strong>sint</strong></span> <span class='ocrx_word' id='word_1_374' title='bbox 1985 3272 2071 3327; x_wconf 71' lang='lat' dir='ltr'><strong>(Ii-</strong></span> 
     </span>
    </p>
   </div>
   <div class='ocr_carea' id='block_1_49' title="bbox 487 3368 2059 3439">
    <p class='ocr_par' dir='ltr' id='par_1_49' title="bbox 487 3368 2059 3439">
     <span class='ocr_line' id='line_1_49' title="bbox 487 3368 2059 3439; baseline -0.003 -12"><span class='ocrx_word' id='word_1_375' title='bbox 487 3368 687 3438; x_wconf 71' lang='lat' dir='ltr'><strong>bcipuli</strong></span> <span class='ocrx_word' id='word_1_376' title='bbox 744 3370 799 3423; x_wconf 92' lang='lat' dir='ltr'><strong>in</strong></span> <span class='ocrx_word' id='word_1_377' title='bbox 846 3370 1024 3425; x_wconf 88' lang='lat' dir='ltr'><strong>vicum</strong></span> <span class='ocrx_word' id='word_1_378' title='bbox 1064 3386 1131 3424; x_wconf 83' lang='lat' dir='ltr'><strong>ex</strong></span> <span class='ocrx_word' id='word_1_379' title='bbox 1162 3370 1393 3424; x_wconf 88' lang='lat' dir='ltr'><strong>adverso</strong></span> <span class='ocrx_word' id='word_1_380' title='bbox 1418 3370 1675 3439; x_wconf 87' lang='lat' dir='ltr'><strong>positum.</strong></span> <span class='ocrx_word' id='word_1_381' title='bbox 1711 3370 1837 3425; x_wconf 91' lang='lat' dir='ltr'><strong>Scio</strong></span> <span class='ocrx_word' id='word_1_382' title='bbox 1892 3371 2059 3437; x_wconf 88' lang='lat' dir='ltr'><strong>enim,</strong></span> 
     </span>
    </p>
   </div>
   <div class='ocr_carea' id='block_1_50' title="bbox 488 3459 2068 3529">
    <p class='ocr_par' dir='ltr' id='par_1_50' title="bbox 488 3459 2068 3529">
     <span class='ocr_line' id='line_1_50' title="bbox 488 3459 2068 3529; baseline -0.001 -13"><span class='ocrx_word' id='word_1_383' title='bbox 488 3467 617 3516; x_wconf 83' lang='lat' dir='ltr'><strong>ante</strong></span> <span class='ocrx_word' id='word_1_384' title='bbox 667 3463 970 3529; x_wconf 88' lang='lat' dir='ltr'><strong>apostolos,</strong></span> <span class='ocrx_word' id='word_1_385' title='bbox 1015 3460 1319 3515; x_wconf 84' lang='lat' dir='ltr'><strong>invisibiles</strong></span> <span class='ocrx_word' id='word_1_386' title='bbox 1367 3468 1665 3529; x_wconf 89' lang='lat' dir='ltr'><strong>potestates</strong></span> <span class='ocrx_word' id='word_1_387' title='bbox 1709 3459 1837 3517; x_wconf 71' lang='lat' dir='ltr'><strong>Iesu</strong></span> <span class='ocrx_word' id='word_1_388' title='bbox 1887 3461 2068 3517; x_wconf 83' lang='lat' dir='ltr'><strong>inser-</strong></span> 
     </span>
    </p>
   </div>
   <div class='ocr_carea' id='block_1_51' title="bbox 486 3550 2066 3623">
    <p class='ocr_par' dir='ltr' id='par_1_51' title="bbox 486 3550 2066 3623">
     <span class='ocr_line' id='line_1_51' title="bbox 486 3550 2066 3623; baseline 0.002 -19"><span class='ocrx_word' id='word_1_389' title='bbox 486 3552 676 3606; x_wconf 88' lang='lat' dir='ltr'><strong>viisse.</strong></span> <span class='ocrx_word' id='word_1_390' title='bbox 710 3550 984 3606; x_wconf 79' lang='lat' dir='ltr'><strong>Fortassis</strong></span> <span class='ocrx_word' id='word_1_391' title='bbox 1016 3552 1163 3605; x_wconf 90' lang='lat' dir='ltr'><strong>enim</strong></span> <span class='ocrx_word' id='word_1_392' title='bbox 1189 3552 1337 3621; x_wconf 90' lang='lat' dir='ltr'><strong>ipsas</strong></span> <span class='ocrx_word' id='word_1_393' title='bbox 1369 3559 1693 3621; x_wconf 87' lang='lat' dir='ltr'><strong>potestates,</strong></span> <span class='ocrx_word' id='word_1_394' title='bbox 1717 3554 1876 3623; x_wconf 91' lang='lat' dir='ltr'><strong>quasi</strong></span> <span class='ocrx_word' id='word_1_395' title='bbox 1900 3554 2066 3609; x_wconf 89' lang='lat' dir='ltr'><strong>disci-</strong></span> 
     </span>
    </p>
   </div>
   <div class='ocr_carea' id='block_1_52' title="bbox 483 3644 2067 3716">
    <p class='ocr_par' dir='ltr' id='par_1_52' title="bbox 483 3644 2067 3716">
     <span class='ocr_line' id='line_1_52' title="bbox 483 3644 2067 3716; baseline 0.001 -18"><span class='ocrx_word' id='word_1_396' title='bbox 483 3644 647 3713; x_wconf 74' lang='lat' dir='ltr'><strong>pulos</strong></span> <span class='ocrx_word' id='word_1_397' title='bbox 696 3659 849 3707; x_wconf 91' lang='lat' dir='ltr'><strong>suos,</strong></span> <span class='ocrx_word' id='word_1_398' title='bbox 882 3644 1031 3699; x_wconf 90' lang='lat' dir='ltr'><strong>misit</strong></span> <span class='ocrx_word' id='word_1_399' title='bbox 1068 3644 1334 3698; x_wconf 91' lang='lat' dir='ltr'><strong>Dominus</strong></span> <span class='ocrx_word' id='word_1_400' title='bbox 1366 3659 1473 3698; x_wconf 92' lang='lat' dir='ltr'><strong>una</strong></span> <span class='ocrx_word' id='word_1_401' title='bbox 1507 3660 1632 3699; x_wconf 91' lang='lat' dir='ltr'><strong>cum</strong></span> <span class='ocrx_word' id='word_1_402' title='bbox 1661 3644 1846 3710; x_wconf 89' lang='lat' dir='ltr'><strong>Petro,</strong></span> <span class='ocrx_word' id='word_1_403' title='bbox 1881 3645 1948 3699; x_wconf 87' lang='lat' dir='ltr'><strong>ad</strong></span> <span class='ocrx_word' id='word_1_404' title='bbox 1972 3662 2067 3716; x_wconf 88' lang='lat' dir='ltr'><strong>pa-</strong></span> 
     </span>
    </p>
   </div>
   <div class='ocr_carea' id='block_1_53' title="bbox 487 3736 2064 3805">
    <p class='ocr_par' dir='ltr' id='par_1_53' title="bbox 487 3736 2064 3805">
     <span class='ocr_line' id='line_1_53' title="bbox 487 3736 2064 3805; baseline 0.002 -17"><span class='ocrx_word' id='word_1_405' title='bbox 487 3751 617 3805; x_wconf 88' lang='lat' dir='ltr'><strong>gum</strong></span> <span class='ocrx_word' id='word_1_406' title='bbox 649 3751 680 3791; x_wconf 89' lang='lat' dir='ltr'><strong>e</strong></span> <span class='ocrx_word' id='word_1_407' title='bbox 712 3736 934 3805; x_wconf 88' lang='lat' dir='ltr'><strong>regione</strong></span> <span class='ocrx_word' id='word_1_408' title='bbox 962 3736 1222 3805; x_wconf 88' lang='lat' dir='ltr'><strong>positum,</strong></span> <span class='ocrx_word' id='word_1_409' title='bbox 1265 3743 1327 3789; x_wconf 90' lang='lat' dir='ltr'><strong>ut</strong></span> <span class='ocrx_word' id='word_1_410' title='bbox 1359 3737 1570 3805; x_wconf 90' lang='lat' dir='ltr'><strong>pullum</strong></span> <span class='ocrx_word' id='word_1_411' title='bbox 1600 3738 1897 3793; x_wconf 86' lang='lat' dir='ltr'><strong>solverent.</strong></span> <span class='ocrx_word' id='word_1_412' title='bbox 1922 3739 2064 3792; x_wconf 85' lang='lat' dir='ltr'><strong>Audi</strong></span> 
     </span>
    </p>
   </div>
   <div class='ocr_carea' id='block_1_54' title="bbox 489 3826 2064 3898">
    <p class='ocr_par' dir='ltr' id='par_1_54' title="bbox 489 3826 2064 3898">
     <span class='ocr_line' id='line_1_54' title="bbox 489 3826 2064 3898; baseline 0.003 -19"><span class='ocrx_word' id='word_1_413' title='bbox 489 3843 725 3897; x_wconf 82' lang='lat' dir='ltr'><strong>namque</strong></span> <span class='ocrx_word' id='word_1_414' title='bbox 782 3827 913 3897; x_wconf 90' lang='lat' dir='ltr'><strong>quid</strong></span> <span class='ocrx_word' id='word_1_415' title='bbox 965 3829 1032 3882; x_wconf 90' lang='lat' dir='ltr'><strong>de</strong></span> <span class='ocrx_word' id='word_1_416' title='bbox 1073 3826 1305 3881; x_wconf 91' lang='lat' dir='ltr'><strong>Domino</strong></span> <span class='ocrx_word' id='word_1_417' title='bbox 1354 3828 1686 3898; x_wconf 85' lang='lat' dir='ltr'><strong>evangelista</strong></span> <span class='ocrx_word' id='word_1_418' title='bbox 1715 3828 1862 3882; x_wconf 91' lang='lat' dir='ltr'><strong>dicat</strong></span> <span class='ocrx_word' id='word_1_419' title='bbox 1899 3848 1912 3883; x_wconf 87' lang='lat'><strong>:</strong></span> <span class='ocrx_word' id='word_1_420' title='bbox 1951 3847 1971 3880; x_wconf 77' lang='grc' dir='ltr'><strong>ι</strong></span> <span class='ocrx_word' id='word_1_421' title='bbox 1999 3828 2064 3883; x_wconf 87' lang='lat' dir='ltr'><strong>Et</strong></span> 
     </span>
    </p>
   </div>
   <div class='ocr_carea' id='block_1_55' title="bbox 487 3920 2058 3989">
    <p class='ocr_par' dir='ltr' id='par_1_55' title="bbox 487 3920 2058 3989">
     <span class='ocr_line' id='line_1_55' title="bbox 487 3920 2058 3989; baseline 0.001 -16"><span class='ocrx_word' id='word_1_422' title='bbox 487 3934 637 3983; x_wconf 90' lang='lat' dir='ltr'><strong>ecce,</strong></span> <span class='ocrx_word' id='word_1_423' title='bbox 674 3921 881 3989; x_wconf 91' lang='lat' dir='ltr'><strong>inquit,</strong></span> <span class='ocrx_word' id='word_1_424' title='bbox 926 3920 1101 3988; x_wconf 88' lang='lat' dir='ltr'><strong>angeli</strong></span> <span class='ocrx_word' id='word_1_425' title='bbox 1151 3920 1433 3975; x_wconf 89' lang='lat' dir='ltr'><strong>venientes</strong></span> <span class='ocrx_word' id='word_1_426' title='bbox 1463 3922 1848 3975; x_wconf 86' lang='lat' dir='ltr'><strong>ministrabant</strong></span> <span class='ocrx_word' id='word_1_427' title='bbox 1878 3921 2007 3977; x_wconf 71' lang='lat' dir='ltr'><strong>ei“.</strong></span> <span class='ocrx_word' id='word_1_428' title='bbox 2036 3939 2058 3974; x_wconf 70' lang='grc' dir='ltr'><strong>ι</strong></span> 
     </span>
    </p>
   </div>
   <div class='ocr_carea' id='block_1_56' title="bbox 486 4012 2060 4069">
    <p class='ocr_par' dir='ltr' id='par_1_56' title="bbox 486 4012 2060 4069">
     <span class='ocr_line' id='line_1_56' title="bbox 486 4012 2060 4069; baseline 0.003 -5"><span class='ocrx_word' id='word_1_429' title='bbox 486 4012 563 4068; x_wconf 86' lang='lat' dir='ltr'><strong>De</strong></span> <span class='ocrx_word' id='word_1_430' title='bbox 592 4013 928 4067; x_wconf 85' lang='lat' dir='ltr'><strong>humanitate</strong></span> <span class='ocrx_word' id='word_1_431' title='bbox 956 4020 1137 4067; x_wconf 85' lang='lat' dir='ltr'><strong>autem</strong></span> <span class='ocrx_word' id='word_1_432' title='bbox 1163 4013 1364 4066; x_wconf 90' lang='lat' dir='ltr'><strong>clamat</strong></span> <span class='ocrx_word' id='word_1_433' title='bbox 1396 4013 1561 4069; x_wconf 87' lang='lat' dir='ltr'><strong>David</strong></span> <span class='ocrx_word' id='word_1_434' title='bbox 1598 4033 1611 4067; x_wconf 88' lang='lat'><strong>:</strong></span> <span class='ocrx_word' id='word_1_435' title='bbox 1646 4032 1664 4065; x_wconf 80' lang='grc' dir='ltr'><strong>ι</strong></span> <span class='ocrx_word' id='word_1_436' title='bbox 1703 4012 1906 4069; x_wconf 87' lang='lat' dir='ltr'><strong>Panem</strong></span> <span class='ocrx_word' id='word_1_437' title='bbox 1934 4015 2060 4069; x_wconf 66' lang='grc' dir='ltr'>(ξαιιί</span> 
     </span>
    </p>
   </div>
   <div class='ocr_carea' id='block_1_57' title="bbox 484 4100 2055 4171">
    <p class='ocr_par' dir='ltr' id='par_1_57' title="bbox 484 4100 2055 4171">
     <span class='ocr_line' id='line_1_57' title="bbox 484 4100 2055 4171; baseline 0.003 -16"><span class='ocrx_word' id='word_1_438' title='bbox 484 4100 634 4156; x_wconf 82' lang='lat' dir='ltr'><strong>dedit</strong></span> <span class='ocrx_word' id='word_1_439' title='bbox 677 4101 780 4167; x_wconf 86' lang='lat' dir='ltr'><strong>eis,</strong></span> <span class='ocrx_word' id='word_1_440' title='bbox 808 4116 1003 4171; x_wconf 87' lang='lat' dir='ltr'><strong>panem</strong></span> <span class='ocrx_word' id='word_1_441' title='bbox 1027 4102 1346 4171; x_wconf 89' lang='lat' dir='ltr'><strong>angelorum</strong></span> <span class='ocrx_word' id='word_1_442' title='bbox 1372 4102 1723 4159; x_wconf 88' lang='lat' dir='ltr'><strong>manducavit</strong></span> <span class='ocrx_word' id='word_1_443' title='bbox 1756 4106 1918 4160; x_wconf 88' lang='lat' dir='ltr'><strong>homo</strong></span> <span class='ocrx_word' id='word_1_444' title='bbox 1938 4106 2005 4160; x_wconf 77' lang='grc'>⁸⁸.</span> <span class='ocrx_word' id='word_1_445' title='bbox 2035 4126 2055 4159; x_wconf 73' lang='grc' dir='ltr'><strong>ι</strong></span> 
     </span>
    </p>
   </div>
   <div class='ocr_carea' id='block_1_58' title="bbox 484 4191 2058 4263">
    <p class='ocr_par' dir='ltr' id='par_1_58' title="bbox 484 4191 2058 4263">
     <span class='ocr_line' id='line_1_58' title="bbox 484 4191 2058 4263; baseline 0.005 -19"><span class='ocrx_word' id='word_1_446' title='bbox 484 4191 653 4246; x_wconf 87' lang='lat' dir='ltr'><strong>Nemo</strong></span> <span class='ocrx_word' id='word_1_447' title='bbox 695 4192 877 4262; x_wconf 85' lang='lat' dir='ltr'><strong>itaque</strong></span> <span class='ocrx_word' id='word_1_448' title='bbox 904 4192 1107 4262; x_wconf 86' lang='lat' dir='ltr'><strong>degens</strong></span> <span class='ocrx_word' id='word_1_449' title='bbox 1131 4194 1187 4246; x_wconf 92' lang='lat' dir='ltr'><strong>in</strong></span> <span class='ocrx_word' id='word_1_450' title='bbox 1211 4207 1462 4263; x_wconf 90' lang='lat' dir='ltr'><strong>corpore,</strong></span> <span class='ocrx_word' id='word_1_451' title='bbox 1485 4202 1539 4249; x_wconf 93' lang='lat' dir='ltr'><strong>et</strong></span> <span class='ocrx_word' id='word_1_452' title='bbox 1569 4195 1625 4248; x_wconf 85' lang='lat' dir='ltr'><strong>in</strong></span> <span class='ocrx_word' id='word_1_453' title='bbox 1652 4196 1859 4252; x_wconf 90' lang='lat' dir='ltr'><strong>hancce</strong></span> <span class='ocrx_word' id='word_1_454' title='bbox 1891 4197 2058 4252; x_wconf 88' lang='lat' dir='ltr'><strong>vitam</strong></span> 
     </span>
    </p>
   </div>
   <div class='ocr_carea' id='block_1_59' title="bbox 480 4283 2060 4352">
    <p class='ocr_par' dir='ltr' id='par_1_59' title="bbox 480 4283 2060 4352">
     <span class='ocr_line' id='line_1_59' title="bbox 480 4283 2060 4352; baseline 0.004 -14"><span class='ocrx_word' id='word_1_455' title='bbox 480 4291 810 4352; x_wconf 78' lang='lat' dir='ltr'><strong>pertractus,</strong></span> <span class='ocrx_word' id='word_1_456' title='bbox 840 4283 1136 4337; x_wconf 87' lang='lat' dir='ltr'><strong>arbitretur</strong></span> <span class='ocrx_word' id='word_1_457' title='bbox 1166 4300 1226 4340; x_wconf 92' lang='lat' dir='ltr'><strong>se</strong></span> <span class='ocrx_word' id='word_1_458' title='bbox 1267 4285 1412 4339; x_wconf 89' lang='lat' dir='ltr'><strong>intra</strong></span> <span class='ocrx_word' id='word_1_459' title='bbox 1449 4287 1723 4342; x_wconf 88' lang='lat' dir='ltr'><strong>civitatem</strong></span> <span class='ocrx_word' id='word_1_460' title='bbox 1763 4304 1907 4344; x_wconf 90' lang='lat' dir='ltr'><strong>esse.</strong></span> <span class='ocrx_word' id='word_1_461' title='bbox 1939 4288 2060 4344; x_wconf 87' lang='lat' dir='ltr'><strong>Non</strong></span> 
     </span>
    </p>
   </div>
   <div class='ocr_carea' id='block_1_60' title="bbox 482 4372 2058 4448">
    <p class='ocr_par' dir='ltr' id='par_1_60' title="bbox 482 4372 2058 4448">
     <span class='ocr_line' id='line_1_60' title="bbox 482 4372 2058 4448; baseline 0.005 -24"><span class='ocrx_word' id='word_1_462' title='bbox 482 4380 663 4440; x_wconf 84' lang='lat' dir='ltr'><strong>potest</strong></span> <span class='ocrx_word' id='word_1_463' title='bbox 716 4372 918 4441; x_wconf 90' lang='lat' dir='ltr'><strong>quippe</strong></span> <span class='ocrx_word' id='word_1_464' title='bbox 944 4372 991 4426; x_wconf 88' lang='lat' dir='ltr'><strong>is</strong></span> <span class='ocrx_word' id='word_1_465' title='bbox 1022 4372 1114 4441; x_wconf 88' lang='lat' dir='ltr'><strong>qni</strong></span> <span class='ocrx_word' id='word_1_466' title='bbox 1160 4372 1305 4441; x_wconf 92' lang='lat' dir='ltr'><strong>sapit</strong></span> <span class='ocrx_word' id='word_1_467' title='bbox 1331 4373 1593 4436; x_wconf 89' lang='lat' dir='ltr'><strong>carnalia,</strong></span> <span class='ocrx_word' id='word_1_468' title='bbox 1629 4375 1683 4428; x_wconf 92' lang='lat' dir='ltr'><strong>in</strong></span> <span class='ocrx_word' id='word_1_469' title='bbox 1706 4375 1813 4430; x_wconf 89' lang='lat' dir='ltr'><strong>ista</strong></span> <span class='ocrx_word' id='word_1_470' title='bbox 1859 4392 2058 4448; x_wconf 87' lang='lat' dir='ltr'><strong>magna</strong></span> 
     </span>
    </p>
   </div>
   <div class='ocr_carea' id='block_1_61' title="bbox 2181 1895 3763 1971">
    <p class='ocr_par' dir='ltr' id='par_1_61' title="bbox 2181 1895 3763 1971">
     <span class='ocr_line' id='line_1_61' title="bbox 2181 1895 3763 1971; baseline -0.004 -17"><span class='ocrx_word' id='word_1_471' title='bbox 2181 1902 2271 1954; x_wconf 87' lang='grc' dir='ltr'><strong>σία</strong></span> <span class='ocrx_word' id='word_1_472' title='bbox 2311 1901 2405 1954; x_wconf 74' lang='grc' dir='ltr'><strong>καὶ</strong></span> <span class='ocrx_word' id='word_1_473' title='bbox 2440 1899 2819 1971; x_wconf 80' lang='grc' dir='ltr'>φιλανθρωπία</span> <span class='ocrx_word' id='word_1_474' title='bbox 2851 1897 3370 1969; x_wconf 73' lang='grc' dir='ltr'>ἀνεκαλέσατοήμᾶς</span> <span class='ocrx_word' id='word_1_475' title='bbox 3400 1897 3464 1949; x_wconf 90' lang='grc' dir='ltr'><strong>ἐκ</strong></span> <span class='ocrx_word' id='word_1_476' title='bbox 3492 1895 3590 1966; x_wconf 81' lang='grc' dir='ltr'>τῆς</span> <span class='ocrx_word' id='word_1_477' title='bbox 3628 1911 3763 1949; x_wconf 67' lang='grc' dir='ltr'>κατα-</span> 
     </span>
    </p>
   </div>
   <div class='ocr_carea' id='block_1_62' title="bbox 2178 1987 3753 2063">
    <p class='ocr_par' dir='ltr' id='par_1_62' title="bbox 2178 1987 3753 2063">
     <span class='ocr_line' id='line_1_62' title="bbox 2178 1987 3753 2063; baseline -0.003 -18"><span class='ocrx_word' id='word_1_478' title='bbox 2178 1992 2356 2046; x_wconf 89' lang='grc' dir='ltr'>έναντι</span> <span class='ocrx_word' id='word_1_479' title='bbox 2420 1990 2613 2062; x_wconf 85' lang='grc' dir='ltr'>κώμης</span> <span class='ocrx_word' id='word_1_480' title='bbox 2651 1994 2731 2056; x_wconf 86' lang='grc' dir='ltr'><strong>είς</strong></span> <span class='ocrx_word' id='word_1_481' title='bbox 2761 1991 2861 2063; x_wconf 79' lang='grc' dir='ltr'><strong>τήν</strong></span> <span class='ocrx_word' id='word_1_482' title='bbox 2902 1990 3221 2063; x_wconf 81' lang='grc' dir='ltr'>ἐπουράνιον</span> <span class='ocrx_word' id='word_1_483' title='bbox 3253 1988 3419 2042; x_wconf 85' lang='grc' dir='ltr'>αὑτοῦ</span> <span class='ocrx_word' id='word_1_484' title='bbox 3467 1987 3621 2041; x_wconf 89' lang='grc' dir='ltr'>πόλιν</span> <span class='ocrx_word' id='word_1_485' title='bbox 3652 1989 3753 2059; x_wconf 86' lang='grc' dir='ltr'><strong>τὴν</strong></span> 
     </span>
    </p>
   </div>
   <div class='ocr_carea' id='block_1_63' title="bbox 2178 2079 3765 2155">
    <p class='ocr_par' dir='ltr' id='par_1_63' title="bbox 2178 2079 3765 2155">
     <span class='ocr_line' id='line_1_63' title="bbox 2178 2079 3765 2155; baseline -0.004 -17"><span class='ocrx_word' id='word_1_486' title='bbox 2178 2085 2290 2138; x_wconf 86' lang='grc' dir='ltr'>ἄνω</span> <span class='ocrx_word' id='word_1_487' title='bbox 2329 2083 2705 2155; x_wconf 90' lang='grc' dir='ltr'>Ἰερουσαλήμ.</span> <span class='ocrx_word' id='word_1_488' title='bbox 2742 2079 2910 2154; x_wconf 78' lang='grc' dir='ltr'>Οἶμαι</span> <span class='ocrx_word' id='word_1_489' title='bbox 2943 2081 3072 2154; x_wconf 84' lang='grc' dir='ltr'>γὰρ,</span> <span class='ocrx_word' id='word_1_490' title='bbox 3108 2082 3189 2135; x_wconf 84' lang='grc' dir='ltr'>ὅτι</span> <span class='ocrx_word' id='word_1_491' title='bbox 3216 2080 3304 2134; x_wconf 83' lang='grc' dir='ltr'>διὰ</span> <span class='ocrx_word' id='word_1_492' title='bbox 3330 2081 3430 2151; x_wconf 85' lang='grc' dir='ltr'>τὴν</span> <span class='ocrx_word' id='word_1_493' title='bbox 3457 2079 3765 2152; x_wconf 79' lang='grc' dir='ltr'>γενομένην</span> 
     </span>
    </p>
   </div>
   <div class='ocr_carea' id='block_1_64' title="bbox 2177 2171 3767 2248">
    <p class='ocr_par' dir='ltr' id='par_1_64' title="bbox 2177 2171 3767 2248">
     <span class='ocr_line' id='line_1_64' title="bbox 2177 2171 3767 2248; baseline -0.004 -18"><span class='ocrx_word' id='word_1_494' title='bbox 2177 2176 2269 2229; x_wconf 89' lang='grc' dir='ltr'><strong>τοῦ</strong></span> <span class='ocrx_word' id='word_1_495' title='bbox 2313 2176 2484 2247; x_wconf 83' lang='grc' dir='ltr'>Ἀδὰμ</span> <span class='ocrx_word' id='word_1_496' title='bbox 2513 2175 2796 2248; x_wconf 83' lang='grc' dir='ltr'>παρακοήν</span> <span class='ocrx_word' id='word_1_497' title='bbox 2829 2174 3198 2246; x_wconf 74' lang='grc' dir='ltr'>ἐξεϐλήθημεν</span> <span class='ocrx_word' id='word_1_498' title='bbox 3233 2172 3339 2227; x_wconf 84' lang='grc' dir='ltr'><strong>ἀπὸ</strong></span> <span class='ocrx_word' id='word_1_499' title='bbox 3377 2172 3485 2244; x_wconf 88' lang='lat'><strong>(68)</strong></span> <span class='ocrx_word' id='word_1_500' title='bbox 3523 2171 3616 2225; x_wconf 86' lang='grc' dir='ltr'><strong>τοῦ</strong></span> <span class='ocrx_word' id='word_1_501' title='bbox 3652 2189 3767 2225; x_wconf 84' lang='grc' dir='ltr'>πα-</span> 
     </span>
    </p>
   </div>
   <div class='ocr_carea' id='block_1_65' title="bbox 2182 2264 3764 2340">
    <p class='ocr_par' dir='ltr' id='par_1_65' title="bbox 2182 2264 3764 2340">
     <span class='ocr_line' id='line_1_65' title="bbox 2182 2264 3764 2340; baseline -0.004 -17"><span class='ocrx_word' id='word_1_502' title='bbox 2182 2269 2451 2340; x_wconf 86' lang='grc' dir='ltr'>ραδείσου,</span> <span class='ocrx_word' id='word_1_503' title='bbox 2495 2269 2590 2323; x_wconf 70' lang='grc' dir='ltr'><strong>καὶ</strong></span> <span class='ocrx_word' id='word_1_504' title='bbox 2621 2271 2703 2332; x_wconf 82' lang='grc' dir='ltr'><strong>είς</strong></span> <span class='ocrx_word' id='word_1_505' title='bbox 2744 2266 2935 2340; x_wconf 87' lang='grc' dir='ltr'>κώμην</span> <span class='ocrx_word' id='word_1_506' title='bbox 2970 2267 3068 2339; x_wconf 84' lang='grc' dir='ltr'><strong>τὴν</strong></span> <span class='ocrx_word' id='word_1_507' title='bbox 3104 2264 3388 2320; x_wconf 84' lang='grc' dir='ltr'>κατέναντι</span> <span class='ocrx_word' id='word_1_508' title='bbox 3438 2265 3764 2336; x_wconf 82' lang='grc' dir='ltr'>ἀπῳκίσθη-</span> 
     </span>
    </p>
   </div>
   <div class='ocr_carea' id='block_1_66' title="bbox 2181 2358 3765 2433">
    <p class='ocr_par' dir='ltr' id='par_1_66' title="bbox 2181 2358 3765 2433">
     <span class='ocr_line' id='line_1_66' title="bbox 2181 2358 3765 2433; baseline -0.003 -18"><span class='ocrx_word' id='word_1_509' title='bbox 2181 2379 2310 2433; x_wconf 87' lang='grc' dir='ltr'>μεν·</span> <span class='ocrx_word' id='word_1_510' title='bbox 2373 2381 2392 2414; x_wconf 84' lang='grc' dir='ltr'><strong>ι</strong></span> <span class='ocrx_word' id='word_1_511' title='bbox 2461 2360 2713 2426; x_wconf 79' lang='grc' dir='ltr'>Ἐξέὸαλε</span> <span class='ocrx_word' id='word_1_512' title='bbox 2753 2360 2881 2433; x_wconf 81' lang='grc' dir='ltr'>γὰρ,</span> <span class='ocrx_word' id='word_1_513' title='bbox 2931 2361 3116 2430; x_wconf 74' lang='grc' dir='ltr'>φησὶν,</span> <span class='ocrx_word' id='word_1_514' title='bbox 3176 2362 3205 2413; x_wconf 91' lang='lat'><strong>6</strong></span> <span class='ocrx_word' id='word_1_515' title='bbox 3240 2360 3372 2423; x_wconf 84' lang='grc' dir='ltr'>Θεὸς</span> <span class='ocrx_word' id='word_1_516' title='bbox 3436 2359 3527 2412; x_wconf 86' lang='grc' dir='ltr'><strong>τὸν</strong></span> <span class='ocrx_word' id='word_1_517' title='bbox 3563 2358 3765 2429; x_wconf 79' lang='grc' dir='ltr'>Ἀδὰμ,</span> 
     </span>
    </p>
   </div>
   <div class='ocr_carea' id='block_1_67' title="bbox 2176 2450 3764 2525">
    <p class='ocr_par' dir='ltr' id='par_1_67' title="bbox 2176 2450 3764 2525">
     <span class='ocr_line' id='line_1_67' title="bbox 2176 2450 3764 2525; baseline -0.003 -17"><span class='ocrx_word' id='word_1_518' title='bbox 2176 2455 2270 2508; x_wconf 75' lang='grc' dir='ltr'><strong>καὶ</strong></span> <span class='ocrx_word' id='word_1_519' title='bbox 2311 2453 2613 2525; x_wconf 83' lang='grc' dir='ltr'>κατῴκισεν</span> <span class='ocrx_word' id='word_1_520' title='bbox 2652 2453 2815 2507; x_wconf 82' lang='grc' dir='ltr'>αὐτὸν</span> <span class='ocrx_word' id='word_1_521' title='bbox 2860 2453 3119 2507; x_wconf 86' lang='grc' dir='ltr'>ἀπέναντι</span> <span class='ocrx_word' id='word_1_522' title='bbox 3152 2450 3244 2505; x_wconf 90' lang='grc' dir='ltr'><strong>τοῦ</strong></span> <span class='ocrx_word' id='word_1_523' title='bbox 3280 2450 3610 2524; x_wconf 86' lang='grc' dir='ltr'>παραδείσου</span> <span class='ocrx_word' id='word_1_524' title='bbox 3654 2452 3764 2521; x_wconf 71' lang='grc' dir='ltr'>τῆς</span> 
     </span>
    </p>
   </div>
   <div class='ocr_carea' id='block_1_68' title="bbox 2175 2539 3764 2620">
    <p class='ocr_par' dir='ltr' id='par_1_68' title="bbox 2175 2539 3764 2620">
     <span class='ocr_line' id='line_1_68' title="bbox 2175 2539 3764 2620; baseline -0.003 -20"><span class='ocrx_word' id='word_1_525' title='bbox 2175 2549 2405 2620; x_wconf 83' lang='grc' dir='ltr'>τρυφῆς.</span> <span class='ocrx_word' id='word_1_526' title='bbox 2441 2566 2460 2598; x_wconf 83' lang='grc'><strong>›</strong></span> <span class='ocrx_word' id='word_1_527' title='bbox 2508 2547 2616 2601; x_wconf 92' lang='lat' dir='ltr'><strong>Kal.</strong></span> <span class='ocrx_word' id='word_1_528' title='bbox 2661 2539 2762 2600; x_wconf 82' lang='grc' dir='ltr'>ὧδε</span> <span class='ocrx_word' id='word_1_529' title='bbox 2805 2540 2898 2599; x_wconf 84' lang='grc' dir='ltr'><strong>οῦν</strong></span> <span class='ocrx_word' id='word_1_530' title='bbox 2950 2546 3031 2609; x_wconf 88' lang='grc' dir='ltr'>εἰς</span> <span class='ocrx_word' id='word_1_531' title='bbox 3078 2544 3175 2616; x_wconf 84' lang='grc' dir='ltr'>τὴν</span> <span class='ocrx_word' id='word_1_532' title='bbox 3228 2545 3513 2599; x_wconf 87' lang='grc' dir='ltr'>κατέναντι</span> <span class='ocrx_word' id='word_1_533' title='bbox 3561 2543 3764 2613; x_wconf 71' lang='grc' dir='ltr'>κώμην</span> 
     </span>
    </p>
   </div>
   <div class='ocr_carea' id='block_1_69' title="bbox 2174 2635 3763 2710">
    <p class='ocr_par' dir='ltr' id='par_1_69' title="bbox 2174 2635 3763 2710">
     <span class='ocr_line' id='line_1_69' title="bbox 2174 2635 3763 2710; baseline -0.004 -17"><span class='ocrx_word' id='word_1_534' title='bbox 2174 2640 2593 2694; x_wconf 85' lang='grc' dir='ltr'>ἀποστέλλονται</span> <span class='ocrx_word' id='word_1_535' title='bbox 2617 2641 2666 2693; x_wconf 80' lang='grc' dir='ltr'>οἱ</span> <span class='ocrx_word' id='word_1_536' title='bbox 2696 2637 2935 2710; x_wconf 72' lang='grc' dir='ltr'>μαθηταὶ</span> <span class='ocrx_word' id='word_1_537' title='bbox 2971 2637 3075 2691; x_wconf 84' lang='grc' dir='ltr'><strong>ὑπὸ</strong></span> <span class='ocrx_word' id='word_1_538' title='bbox 3105 2636 3199 2690; x_wconf 87' lang='grc' dir='ltr'><strong>τοῦ</strong></span> <span class='ocrx_word' id='word_1_539' title='bbox 3241 2635 3414 2708; x_wconf 83' lang='grc' dir='ltr'>Ἰησοῦ</span> <span class='ocrx_word' id='word_1_540' title='bbox 3471 2635 3635 2690; x_wconf 91' lang='grc' dir='ltr'>λῦσαι</span> <span class='ocrx_word' id='word_1_541' title='bbox 3663 2636 3763 2688; x_wconf 76' lang='grc' dir='ltr'><strong>τὸν</strong></span> 
     </span>
    </p>
   </div>
   <div class='ocr_carea' id='block_1_70' title="bbox 2177 2728 3763 2805">
    <p class='ocr_par' dir='ltr' id='par_1_70' title="bbox 2177 2728 3763 2805">
     <span class='ocr_line' id='line_1_70' title="bbox 2177 2728 3763 2805; baseline -0.002 -20"><span class='ocrx_word' id='word_1_542' title='bbox 2177 2733 2378 2786; x_wconf 85' lang='grc' dir='ltr'>πῶλον.</span> <span class='ocrx_word' id='word_1_543' title='bbox 2406 2732 2518 2787; x_wconf 85' lang='lat' dir='ltr'><strong>Kal.</strong></span> <span class='ocrx_word' id='word_1_544' title='bbox 2540 2733 2642 2805; x_wconf 86' lang='grc' dir='ltr'><strong>ὅρα</strong></span> <span class='ocrx_word' id='word_1_545' title='bbox 2667 2732 2875 2803; x_wconf 88' lang='grc' dir='ltr'>μήποτε</span> <span class='ocrx_word' id='word_1_546' title='bbox 2902 2729 2991 2783; x_wconf 84' lang='grc' dir='ltr'>διὰ</span> <span class='ocrx_word' id='word_1_547' title='bbox 3014 2729 3105 2783; x_wconf 81' lang='grc' dir='ltr'><strong>τὸν</strong></span> <span class='ocrx_word' id='word_1_548' title='bbox 3129 2728 3459 2798; x_wconf 81' lang='grc' dir='ltr'>ἐκϐληθέντα</span> <span class='ocrx_word' id='word_1_549' title='bbox 3490 2728 3763 2782; x_wconf 83' lang='grc' dir='ltr'>ἀπέναντι</span> 
     </span>
    </p>
   </div>
   <div class='ocr_carea' id='block_1_71' title="bbox 2175 2814 3763 2893">
    <p class='ocr_par' dir='ltr' id='par_1_71' title="bbox 2175 2814 3763 2893">
     <span class='ocr_line' id='line_1_71' title="bbox 2175 2814 3763 2893; baseline -0.005 -17"><span class='ocrx_word' id='word_1_550' title='bbox 2175 2821 2269 2875; x_wconf 88' lang='grc' dir='ltr'><strong>τοῦ</strong></span> <span class='ocrx_word' id='word_1_551' title='bbox 2314 2820 2643 2893; x_wconf 82' lang='grc' dir='ltr'>παραδείσου</span> <span class='ocrx_word' id='word_1_552' title='bbox 2683 2820 2733 2873; x_wconf 93' lang='grc' dir='ltr'>οἱ</span> <span class='ocrx_word' id='word_1_553' title='bbox 2781 2816 3019 2890; x_wconf 78' lang='grc' dir='ltr'>μαθηταὶ</span> <span class='ocrx_word' id='word_1_554' title='bbox 3061 2815 3493 2870; x_wconf 79' lang='grc' dir='ltr'>ἀποστέλλωνται</span> <span class='ocrx_word' id='word_1_555' title='bbox 3531 2816 3611 2877; x_wconf 81' lang='grc' dir='ltr'>εἰς</span> <span class='ocrx_word' id='word_1_556' title='bbox 3655 2814 3763 2886; x_wconf 80' lang='grc' dir='ltr'>τὴν</span> 
     </span>
    </p>
   </div>
   <div class='ocr_carea' id='block_1_72' title="bbox 2176 2906 3759 2984">
    <p class='ocr_par' dir='ltr' id='par_1_72' title="bbox 2176 2906 3759 2984">
     <span class='ocr_line' id='line_1_72' title="bbox 2176 2906 3759 2984; baseline -0.004 -17"><span class='ocrx_word' id='word_1_557' title='bbox 2176 2914 2458 2969; x_wconf 86' lang='grc' dir='ltr'>κατέναντι</span> <span class='ocrx_word' id='word_1_558' title='bbox 2488 2913 2681 2984; x_wconf 84' lang='grc' dir='ltr'>κώμην</span> <span class='ocrx_word' id='word_1_559' title='bbox 2719 2911 2824 2966; x_wconf 79' lang='grc' dir='ltr'><strong>ὑπὸ</strong></span> <span class='ocrx_word' id='word_1_560' title='bbox 2851 2910 2945 2963; x_wconf 88' lang='grc' dir='ltr'><strong>τοῦ</strong></span> <span class='ocrx_word' id='word_1_561' title='bbox 2991 2909 3161 2981; x_wconf 89' lang='grc' dir='ltr'>Ἰησοῦ</span> <span class='ocrx_word' id='word_1_562' title='bbox 3221 2909 3378 2962; x_wconf 89' lang='grc' dir='ltr'>λῦσαι</span> <span class='ocrx_word' id='word_1_563' title='bbox 3416 2908 3506 2961; x_wconf 80' lang='grc' dir='ltr'>τὸν</span> <span class='ocrx_word' id='word_1_564' title='bbox 3551 2906 3759 2961; x_wconf 81' lang='grc' dir='ltr'>πῶλον.</span> 
     </span>
    </p>
   </div>
   <div class='ocr_carea' id='block_1_73' title="bbox 2177 2998 3762 3078">
    <p class='ocr_par' dir='ltr' id='par_1_73' title="bbox 2177 2998 3762 3078">
     <span class='ocr_line' id='line_1_73' title="bbox 2177 2998 3762 3078; baseline -0.004 -19"><span class='ocrx_word' id='word_1_565' title='bbox 2177 3006 2275 3059; x_wconf 83' lang='grc' dir='ltr'>Διὰ</span> <span class='ocrx_word' id='word_1_566' title='bbox 2307 3006 2414 3078; x_wconf 78' lang='grc' dir='ltr'><strong>γὰρ</strong></span> <span class='ocrx_word' id='word_1_567' title='bbox 2443 3004 2600 3058; x_wconf 87' lang='grc' dir='ltr'>τοῦτο</span> <span class='ocrx_word' id='word_1_568' title='bbox 2625 3004 2734 3075; x_wconf 89' lang='lat'><strong>(69)</strong></span> <span class='ocrx_word' id='word_1_569' title='bbox 2765 3003 3020 3075; x_wconf 84' lang='grc' dir='ltr'>ἐλήλυθεν</span> <span class='ocrx_word' id='word_1_570' title='bbox 3055 3004 3083 3055; x_wconf 98' lang='lat'><strong>6</strong></span> <span class='ocrx_word' id='word_1_571' title='bbox 3115 2998 3656 3072; x_wconf 80' lang='grc' dir='ltr'>Σωτὴρ,καταλιπὼν</span> <span class='ocrx_word' id='word_1_572' title='bbox 3686 3001 3762 3053; x_wconf 70' lang='grc' dir='ltr'><strong>τὰ</strong></span> 
     </span>
    </p>
   </div>
   <div class='ocr_carea' id='block_1_74' title="bbox 2176 3090 3760 3167">
    <p class='ocr_par' dir='ltr' id='par_1_74' title="bbox 2176 3090 3760 3167">
     <span class='ocr_line' id='line_1_74' title="bbox 2176 3090 3760 3167; baseline -0.004 -18"><span class='ocrx_word' id='word_1_573' title='bbox 2176 3098 2498 3167; x_wconf 81' lang='grc' dir='ltr'>ἐνενήκοντα</span> <span class='ocrx_word' id='word_1_574' title='bbox 2554 3095 2710 3149; x_wconf 86' lang='grc' dir='ltr'>ἐννέα</span> <span class='ocrx_word' id='word_1_575' title='bbox 2763 3094 3032 3165; x_wconf 76' lang='grc' dir='ltr'>πρόϐατα,</span> <span class='ocrx_word' id='word_1_576' title='bbox 3085 3093 3154 3146; x_wconf 88' lang='grc' dir='ltr'><strong>τά</strong></span> <span class='ocrx_word' id='word_1_577' title='bbox 3217 3091 3291 3162; x_wconf 88' lang='grc' dir='ltr'>μὴ</span> <span class='ocrx_word' id='word_1_578' title='bbox 3343 3090 3760 3162; x_wconf 82' lang='grc' dir='ltr'>πεπλανημένα,</span> 
     </span>
    </p>
   </div>
   <div class='ocr_carea' id='block_1_75' title="bbox 2178 3183 3762 3260">
    <p class='ocr_par' dir='ltr' id='par_1_75' title="bbox 2178 3183 3762 3260">
     <span class='ocr_line' id='line_1_75' title="bbox 2178 3183 3762 3260; baseline -0.005 -18"><span class='ocrx_word' id='word_1_579' title='bbox 2178 3193 2325 3251; x_wconf 84' lang='grc' dir='ltr'>ὃπως</span> <span class='ocrx_word' id='word_1_580' title='bbox 2357 3187 2641 3260; x_wconf 69' lang='grc' dir='ltr'>πορευθεὶς</span> <span class='ocrx_word' id='word_1_581' title='bbox 2686 3185 2895 3259; x_wconf 82' lang='grc' dir='ltr'>ζητήσῃ</span> <span class='ocrx_word' id='word_1_582' title='bbox 2926 3184 2987 3242; x_wconf 84' lang='grc' dir='ltr'><strong>τὸ</strong></span> <span class='ocrx_word' id='word_1_583' title='bbox 3028 3183 3472 3254; x_wconf 85' lang='grc' dir='ltr'>πεπλανημένον·</span> <span class='ocrx_word' id='word_1_584' title='bbox 3518 3183 3614 3236; x_wconf 76' lang='grc' dir='ltr'><strong>καὶ</strong></span> <span class='ocrx_word' id='word_1_585' title='bbox 3657 3183 3762 3234; x_wconf 85' lang='grc' dir='ltr'>εύ-</span> 
     </span>
    </p>
   </div>
   <div class='ocr_carea' id='block_1_76' title="bbox 2181 3273 3764 3351">
    <p class='ocr_par' dir='ltr' id='par_1_76' title="bbox 2181 3273 3764 3351">
     <span class='ocr_line' id='line_1_76' title="bbox 2181 3273 3764 3351; baseline -0.006 -18"><span class='ocrx_word' id='word_1_586' title='bbox 2181 3280 2309 3351; x_wconf 84' lang='grc' dir='ltr'>ρὼν,</span> <span class='ocrx_word' id='word_1_587' title='bbox 2340 3280 2517 3350; x_wconf 83' lang='grc' dir='ltr'>χαίρει</span> <span class='ocrx_word' id='word_1_588' title='bbox 2559 3280 2646 3331; x_wconf 81' lang='grc' dir='ltr'>ἐπ’</span> <span class='ocrx_word' id='word_1_589' title='bbox 2670 3277 2838 3347; x_wconf 82' lang='grc' dir='ltr'>αὐτῷ,</span> <span class='ocrx_word' id='word_1_590' title='bbox 2868 3275 3215 3346; x_wconf 83' lang='grc' dir='ltr'>συγχαίρουσι</span> <span class='ocrx_word' id='word_1_591' title='bbox 3240 3274 3297 3328; x_wconf 80' lang='grc' dir='ltr'>δὲ</span> <span class='ocrx_word' id='word_1_592' title='bbox 3328 3277 3375 3327; x_wconf 84' lang='grc' dir='ltr'>οἱ</span> <span class='ocrx_word' id='word_1_593' title='bbox 3408 3273 3628 3343; x_wconf 81' lang='grc' dir='ltr'>ἄγγελοι</span> <span class='ocrx_word' id='word_1_594' title='bbox 3658 3274 3764 3325; x_wconf 75' lang='grc' dir='ltr'><strong>ἐπὶ</strong></span> 
     </span>
    </p>
   </div>
   <div class='ocr_carea' id='block_1_77' title="bbox 2176 3365 3762 3445">
    <p class='ocr_par' dir='ltr' id='par_1_77' title="bbox 2176 3365 3762 3445">
     <span class='ocr_line' id='line_1_77' title="bbox 2176 3365 3762 3445; baseline -0.008 -17"><span class='ocrx_word' id='word_1_595' title='bbox 2176 3376 2257 3428; x_wconf 75' lang='grc' dir='ltr'><strong>ἐνὶ</strong></span> <span class='ocrx_word' id='word_1_596' title='bbox 2280 3371 2585 3445; x_wconf 82' lang='grc' dir='ltr'>ἁμαρτωλῷ</span> <span class='ocrx_word' id='word_1_597' title='bbox 2612 3371 2975 3443; x_wconf 89' lang='grc' dir='ltr'>μετανοοῦντι.</span> <span class='ocrx_word' id='word_1_598' title='bbox 3002 3368 3270 3441; x_wconf 84' lang='grc' dir='ltr'>Ζητητέον</span> <span class='ocrx_word' id='word_1_599' title='bbox 3296 3366 3351 3419; x_wconf 86' lang='grc' dir='ltr'><strong>δὲ</strong></span> <span class='ocrx_word' id='word_1_600' title='bbox 3385 3369 3431 3419; x_wconf 84' lang='grc' dir='ltr'><strong>εί</strong></span> <span class='ocrx_word' id='word_1_601' title='bbox 3468 3367 3619 3435; x_wconf 86' lang='grc' dir='ltr'>μόνοι</span> <span class='ocrx_word' id='word_1_602' title='bbox 3649 3365 3762 3436; x_wconf 78' lang='grc' dir='ltr'>τῆς</span> 
     </span>
    </p>
   </div>
   <div class='ocr_carea' id='block_1_78' title="bbox 2174 3456 3763 3528">
    <p class='ocr_par' dir='ltr' id='par_1_78' title="bbox 2174 3456 3763 3528">
     <span class='ocr_line' id='line_1_78' title="bbox 2174 3456 3763 3528; baseline -0.005 -9"><span class='ocrx_word' id='word_1_603' title='bbox 2174 3467 2268 3519; x_wconf 90' lang='grc' dir='ltr'><strong>τοῦ</strong></span> <span class='ocrx_word' id='word_1_604' title='bbox 2304 3465 2484 3518; x_wconf 88' lang='grc' dir='ltr'>πώλου</span> <span class='ocrx_word' id='word_1_605' title='bbox 2509 3458 2781 3526; x_wconf 88' lang='grc' dir='ltr'>διακονίας</span> <span class='ocrx_word' id='word_1_606' title='bbox 2809 3462 2993 3516; x_wconf 87' lang='grc' dir='ltr'>’ἐνεκεν</span> <span class='ocrx_word' id='word_1_607' title='bbox 3022 3458 3406 3528; x_wconf 82' lang='grc' dir='ltr'>ἀπεστάλησαν</span> <span class='ocrx_word' id='word_1_608' title='bbox 3427 3458 3476 3510; x_wconf 76' lang='grc' dir='ltr'>οἱ</span> <span class='ocrx_word' id='word_1_609' title='bbox 3509 3456 3763 3528; x_wconf 75' lang='grc' dir='ltr'>μαθηταὶ</span> 
     </span>
    </p>
   </div>
   <div class='ocr_carea' id='block_1_79' title="bbox 2173 3547 3762 3627">
    <p class='ocr_par' dir='ltr' id='par_1_79' title="bbox 2173 3547 3762 3627">
     <span class='ocr_line' id='line_1_79' title="bbox 2173 3547 3762 3627; baseline -0.006 -17"><span class='ocrx_word' id='word_1_610' title='bbox 2173 3560 2254 3622; x_wconf 84' lang='grc' dir='ltr'>εἰς</span> <span class='ocrx_word' id='word_1_611' title='bbox 2294 3557 2393 3627; x_wconf 80' lang='grc' dir='ltr'>τὴν</span> <span class='ocrx_word' id='word_1_612' title='bbox 2440 3555 2723 3609; x_wconf 87' lang='grc' dir='ltr'>κατέναντι</span> <span class='ocrx_word' id='word_1_613' title='bbox 2772 3553 2985 3624; x_wconf 87' lang='grc' dir='ltr'>κώμην.</span> <span class='ocrx_word' id='word_1_614' title='bbox 3021 3547 3151 3606; x_wconf 80' lang='grc' dir='ltr'>Οἶδα</span> <span class='ocrx_word' id='word_1_615' title='bbox 3197 3549 3326 3621; x_wconf 81' lang='grc' dir='ltr'>γὰρ,</span> <span class='ocrx_word' id='word_1_616' title='bbox 3368 3550 3449 3603; x_wconf 85' lang='grc' dir='ltr'>ὅτι</span> <span class='ocrx_word' id='word_1_617' title='bbox 3492 3548 3599 3620; x_wconf 82' lang='grc' dir='ltr'><strong>πρὸ</strong></span> <span class='ocrx_word' id='word_1_618' title='bbox 3640 3550 3762 3602; x_wconf 81' lang='grc' dir='ltr'><strong>τῶν</strong></span> 
     </span>
    </p>
   </div>
   <div class='ocr_carea' id='block_1_80' title="bbox 2173 3639 3757 3717">
    <p class='ocr_par' dir='ltr' id='par_1_80' title="bbox 2173 3639 3757 3717">
     <span class='ocr_line' id='line_1_80' title="bbox 2173 3639 3757 3717; baseline -0.003 -15"><span class='ocrx_word' id='word_1_619' title='bbox 2173 3647 2486 3702; x_wconf 82' lang='grc' dir='ltr'>ἀποστόλων</span> <span class='ocrx_word' id='word_1_620' title='bbox 2533 3645 2752 3717; x_wconf 84' lang='grc' dir='ltr'>ἀόρατοι</span> <span class='ocrx_word' id='word_1_621' title='bbox 2800 3645 3058 3716; x_wconf 85' lang='grc' dir='ltr'>δυνάμεις</span> <span class='ocrx_word' id='word_1_622' title='bbox 3105 3643 3384 3714; x_wconf 85' lang='grc' dir='ltr'>διηκόνουν</span> <span class='ocrx_word' id='word_1_623' title='bbox 3424 3639 3502 3710; x_wconf 82' lang='grc' dir='ltr'>τῷ</span> <span class='ocrx_word' id='word_1_624' title='bbox 3544 3641 3757 3711; x_wconf 81' lang='grc' dir='ltr'>Ἰησοῦ.</span> 
     </span>
    </p>
   </div>
   <div class='ocr_carea' id='block_1_81' title="bbox 2177 3730 3757 3807">
    <p class='ocr_par' dir='ltr' id='par_1_81' title="bbox 2177 3730 3757 3807">
     <span class='ocr_line' id='line_1_81' title="bbox 2177 3730 3757 3807; baseline -0.005 -17"><span class='ocrx_word' id='word_1_625' title='bbox 2177 3739 2338 3801; x_wconf 81' lang='grc' dir='ltr'>Ἴσως</span> <span class='ocrx_word' id='word_1_626' title='bbox 2367 3735 2476 3807; x_wconf 82' lang='grc' dir='ltr'><strong>γὰρ</strong></span> <span class='ocrx_word' id='word_1_627' title='bbox 2502 3737 2594 3789; x_wconf 77' lang='grc' dir='ltr'>καὶ</span> <span class='ocrx_word' id='word_1_628' title='bbox 2644 3734 2814 3796; x_wconf 81' lang='grc' dir='ltr'>αὐτὰς</span> <span class='ocrx_word' id='word_1_629' title='bbox 2853 3734 2951 3799; x_wconf 83' lang='grc' dir='ltr'><strong>τὰς</strong></span> <span class='ocrx_word' id='word_1_630' title='bbox 2990 3734 3245 3805; x_wconf 82' lang='grc' dir='ltr'>δυνάμεις</span> <span class='ocrx_word' id='word_1_631' title='bbox 3289 3730 3757 3803; x_wconf 79' lang='grc' dir='ltr'>μαθητευομένας</span> 
     </span>
    </p>
   </div>
   <div class='ocr_carea' id='block_1_82' title="bbox 2171 3823 3761 3900">
    <p class='ocr_par' dir='ltr' id='par_1_82' title="bbox 2171 3823 3761 3900">
     <span class='ocr_line' id='line_1_82' title="bbox 2171 3823 3761 3900; baseline -0.006 -16"><span class='ocrx_word' id='word_1_632' title='bbox 2171 3829 2319 3900; x_wconf 83' lang='grc' dir='ltr'>αὐτῷ</span> <span class='ocrx_word' id='word_1_633' title='bbox 2340 3830 2368 3880; x_wconf 87' lang='lat'><strong>6</strong></span> <span class='ocrx_word' id='word_1_634' title='bbox 2392 3828 2595 3900; x_wconf 85' lang='grc' dir='ltr'>Κύριος</span> <span class='ocrx_word' id='word_1_635' title='bbox 2619 3827 2935 3882; x_wconf 88' lang='grc' dir='ltr'>ἀπέστειλεν</span> <span class='ocrx_word' id='word_1_636' title='bbox 2973 3827 3087 3898; x_wconf 74' lang='grc' dir='ltr'><strong>ἅμα</strong></span> <span class='ocrx_word' id='word_1_637' title='bbox 3124 3830 3235 3890; x_wconf 84' lang='grc' dir='ltr'>τοῖς</span> <span class='ocrx_word' id='word_1_638' title='bbox 3263 3825 3391 3895; x_wconf 74' lang='grc' dir='ltr'>περὶ</span> <span class='ocrx_word' id='word_1_639' title='bbox 3420 3824 3512 3877; x_wconf 79' lang='grc' dir='ltr'><strong>τὸν</strong></span> <span class='ocrx_word' id='word_1_640' title='bbox 3534 3823 3761 3893; x_wconf 79' lang='grc' dir='ltr'>Πέτρον</span> 
     </span>
    </p>
   </div>
   <div class='ocr_carea' id='block_1_83' title="bbox 2170 3913 3757 3991">
    <p class='ocr_par' dir='ltr' id='par_1_83' title="bbox 2170 3913 3757 3991">
     <span class='ocr_line' id='line_1_83' title="bbox 2170 3913 3757 3991; baseline -0.005 -19"><span class='ocrx_word' id='word_1_641' title='bbox 2170 3924 2250 3984; x_wconf 81' lang='grc' dir='ltr'><strong>είς</strong></span> <span class='ocrx_word' id='word_1_642' title='bbox 2288 3919 2386 3991; x_wconf 83' lang='grc' dir='ltr'>τὴν</span> <span class='ocrx_word' id='word_1_643' title='bbox 2421 3920 2706 3973; x_wconf 84' lang='grc' dir='ltr'>κατέναντι</span> <span class='ocrx_word' id='word_1_644' title='bbox 2742 3918 2955 3989; x_wconf 89' lang='grc' dir='ltr'>κώμην,</span> <span class='ocrx_word' id='word_1_645' title='bbox 2987 3917 3143 3970; x_wconf 87' lang='grc' dir='ltr'>λῦσαι</span> <span class='ocrx_word' id='word_1_646' title='bbox 3182 3916 3273 3970; x_wconf 85' lang='grc' dir='ltr'><strong>τὸν</strong></span> <span class='ocrx_word' id='word_1_647' title='bbox 3311 3914 3509 3968; x_wconf 77' lang='grc' dir='ltr'>πῶλον.</span> <span class='ocrx_word' id='word_1_648' title='bbox 3543 3913 3757 3965; x_wconf 74' lang='grc' dir='ltr'>’Ἄκουε</span> 
     </span>
    </p>
   </div>
   <div class='ocr_carea' id='block_1_84' title="bbox 2169 4005 3757 4084">
    <p class='ocr_par' dir='ltr' id='par_1_84' title="bbox 2169 4005 3757 4084">
     <span class='ocr_line' id='line_1_84' title="bbox 2169 4005 3757 4084; baseline -0.005 -19"><span class='ocrx_word' id='word_1_649' title='bbox 2169 4013 2278 4084; x_wconf 84' lang='grc' dir='ltr'>γὰρ</span> <span class='ocrx_word' id='word_1_650' title='bbox 2312 4012 2421 4083; x_wconf 86' lang='grc'>(70)</span> <span class='ocrx_word' id='word_1_651' title='bbox 2454 4010 2549 4065; x_wconf 87' lang='grc' dir='ltr'><strong>τοῦ</strong></span> <span class='ocrx_word' id='word_1_652' title='bbox 2585 4009 2967 4079; x_wconf 79' lang='grc' dir='ltr'>εὐαγγελιστοῦ</span> <span class='ocrx_word' id='word_1_653' title='bbox 3003 4010 3129 4080; x_wconf 66' lang='grc' dir='ltr'>περ).</span> <span class='ocrx_word' id='word_1_654' title='bbox 3173 4007 3266 4060; x_wconf 85' lang='grc' dir='ltr'><strong>τοῦ</strong></span> <span class='ocrx_word' id='word_1_655' title='bbox 3307 4007 3513 4078; x_wconf 85' lang='grc' dir='ltr'>Κυρίου</span> <span class='ocrx_word' id='word_1_656' title='bbox 3550 4005 3757 4074; x_wconf 87' lang='grc' dir='ltr'>λέγον-</span> 
     </span>
    </p>
   </div>
   <div class='ocr_carea' id='block_1_85' title="bbox 2168 4098 3758 4174">
    <p class='ocr_par' dir='ltr' id='par_1_85' title="bbox 2168 4098 3758 4174">
     <span class='ocr_line' id='line_1_85' title="bbox 2168 4098 3758 4174; baseline -0.003 -17"><span class='ocrx_word' id='word_1_657' title='bbox 2168 4122 2287 4167; x_wconf 82' lang='grc' dir='ltr'>τος·</span> <span class='ocrx_word' id='word_1_658' title='bbox 2328 4124 2346 4155; x_wconf 76' lang='grc' dir='ltr'><strong>ι</strong></span> <span class='ocrx_word' id='word_1_659' title='bbox 2383 4105 2493 4157; x_wconf 87' lang='lat' dir='ltr'><strong>Kal.</strong></span> <span class='ocrx_word' id='word_1_660' title='bbox 2555 4105 2683 4171; x_wconf 79' lang='grc' dir='ltr'>ἰδοὺ,</span> <span class='ocrx_word' id='word_1_661' title='bbox 2739 4105 2923 4174; x_wconf 63' lang='grc' dir='ltr'>φησιν,</span> <span class='ocrx_word' id='word_1_662' title='bbox 2985 4101 3202 4171; x_wconf 83' lang='grc' dir='ltr'>ἄγγελοι</span> <span class='ocrx_word' id='word_1_663' title='bbox 3266 4098 3510 4161; x_wconf 88' lang='grc' dir='ltr'>ἐλθόντες</span> <span class='ocrx_word' id='word_1_664' title='bbox 3551 4098 3758 4166; x_wconf 69' lang='grc' dir='ltr'>διηκό-</span> 
     </span>
    </p>
   </div>
   <div class='ocr_carea' id='block_1_86' title="bbox 2168 4186 3757 4267">
    <p class='ocr_par' dir='ltr' id='par_1_86' title="bbox 2168 4186 3757 4267">
     <span class='ocr_line' id='line_1_86' title="bbox 2168 4186 3757 4267; baseline -0.004 -19"><span class='ocrx_word' id='word_1_665' title='bbox 2168 4212 2291 4248; x_wconf 88' lang='grc' dir='ltr'>νουν</span> <span class='ocrx_word' id='word_1_666' title='bbox 2325 4195 2493 4265; x_wconf 81' lang='grc' dir='ltr'>αὐτῷ.</span> <span class='ocrx_word' id='word_1_667' title='bbox 2533 4210 2553 4245; x_wconf 73' lang='grc' dir='ltr'><strong>ι</strong></span> <span class='ocrx_word' id='word_1_668' title='bbox 2604 4194 2740 4267; x_wconf 77' lang='grc' dir='ltr'>Περὶ</span> <span class='ocrx_word' id='word_1_669' title='bbox 2770 4193 2826 4245; x_wconf 84' lang='grc' dir='ltr'><strong>δὲ</strong></span> <span class='ocrx_word' id='word_1_670' title='bbox 2857 4192 2957 4262; x_wconf 80' lang='grc' dir='ltr'>τῆς</span> <span class='ocrx_word' id='word_1_671' title='bbox 2991 4188 3407 4261; x_wconf 84' lang='grc' dir='ltr'>ἀνθρωπότητος</span> <span class='ocrx_word' id='word_1_672' title='bbox 3445 4186 3540 4257; x_wconf 80' lang='grc' dir='ltr'><strong>βοᾷ</strong></span> <span class='ocrx_word' id='word_1_673' title='bbox 3573 4187 3757 4241; x_wconf 71' lang='grc' dir='ltr'>Δαϐὶδ</span> 
     </span>
    </p>
   </div>
   <div class='ocr_carea' id='block_1_87' title="bbox 2166 4278 3754 4357">
    <p class='ocr_par' dir='ltr' id='par_1_87' title="bbox 2166 4278 3754 4357">
     <span class='ocr_line' id='line_1_87' title="bbox 2166 4278 3754 4357; baseline -0.004 -17"><span class='ocrx_word' id='word_1_674' title='bbox 2166 4288 2337 4357; x_wconf 85' lang='grc' dir='ltr'>λέγων</span> <span class='ocrx_word' id='word_1_675' title='bbox 2355 4304 2367 4317; x_wconf 90' lang='grc'><strong>·</strong></span> <span class='ocrx_word' id='word_1_676' title='bbox 2404 4307 2423 4339; x_wconf 73' lang='grc' dir='ltr'><strong>ι</strong></span> <span class='ocrx_word' id='word_1_677' title='bbox 2459 4289 2653 4357; x_wconf 86' lang='grc' dir='ltr'>Ἀρτον</span> <span class='ocrx_word' id='word_1_678' title='bbox 2678 4286 2737 4338; x_wconf 86' lang='grc' dir='ltr'><strong>οὐ</strong></span> <span class='ocrx_word' id='word_1_679' title='bbox 2749 4283 2908 4356; x_wconf 90' lang='grc' dir='ltr'>ρανοῦ</span> <span class='ocrx_word' id='word_1_680' title='bbox 2931 4282 3129 4336; x_wconf 78' lang='grc' dir='ltr'>ἔδωκεν</span> <span class='ocrx_word' id='word_1_681' title='bbox 3156 4278 3356 4344; x_wconf 78' lang='grc' dir='ltr'>αὐτοῖς,</span> <span class='ocrx_word' id='word_1_682' title='bbox 3381 4280 3540 4351; x_wconf 81' lang='grc' dir='ltr'>ἄρτον</span> <span class='ocrx_word' id='word_1_683' title='bbox 3566 4280 3754 4347; x_wconf 61' lang='lat'><strong>61776-</strong></span> 
     </span>
    </p>
   </div>
   <div class='ocr_carea' id='block_1_88' title="bbox 2119 4368 3755 4448">
    <p class='ocr_par' dir='ltr' id='par_1_88' title="bbox 2119 4368 3755 4448">
     <span class='ocr_line' id='line_1_88' title="bbox 2119 4368 3755 4448; baseline -0.004 -16"><span class='ocrx_word' id='word_1_684' title='bbox 2119 4420 2122 4424; x_wconf 84' lang='lat'><strong>.</strong></span> <span class='ocrx_word' id='word_1_685' title='bbox 2166 4379 2271 4432; x_wconf 91' lang='grc' dir='ltr'><strong>λων</strong></span> <span class='ocrx_word' id='word_1_686' title='bbox 2302 4379 2501 4447; x_wconf 78' lang='grc' dir='ltr'>ἔφαγεν</span> <span class='ocrx_word' id='word_1_687' title='bbox 2534 4377 2839 4448; x_wconf 86' lang='grc' dir='ltr'>ἄνθρωπος.</span> <span class='ocrx_word' id='word_1_688' title='bbox 2878 4395 2896 4427; x_wconf 78' lang='grc' dir='ltr'><strong>ι</strong></span> <span class='ocrx_word' id='word_1_689' title='bbox 2923 4374 3128 4444; x_wconf 75' lang='grc' dir='ltr'>Μηδεὶς</span> <span class='ocrx_word' id='word_1_690' title='bbox 3161 4368 3254 4427; x_wconf 82' lang='grc' dir='ltr'>οὖν</span> <span class='ocrx_word' id='word_1_691' title='bbox 3281 4375 3339 4426; x_wconf 92' lang='grc' dir='ltr'><strong>ἐν</strong></span> <span class='ocrx_word' id='word_1_692' title='bbox 3369 4370 3579 4442; x_wconf 86' lang='grc' dir='ltr'>σώματι</span> <span class='ocrx_word' id='word_1_693' title='bbox 3617 4371 3755 4426; x_wconf 87' lang='grc' dir='ltr'>δια-</span> 
     </span>
    </p>
   </div>
   <div class='ocr_carea' id='block_1_89' title="bbox 482 4463 2070 4548">
    <p class='ocr_par' dir='ltr' id='par_1_89' title="bbox 482 4463 2057 4540">
     <span class='ocr_line' id='line_1_89' title="bbox 482 4463 2057 4540; baseline 0.006 -25"><span class='ocrx_word' id='word_1_694' title='bbox 482 4464 703 4518; x_wconf 84' lang='lat' dir='ltr'><strong>civitate</strong></span> <span class='ocrx_word' id='word_1_695' title='bbox 748 4463 995 4533; x_wconf 86' lang='lat' dir='ltr'><strong>reperiri,</strong></span> <span class='ocrx_word' id='word_1_696' title='bbox 1030 4464 1126 4519; x_wconf 86' lang='lat' dir='ltr'><strong>sed</strong></span> <span class='ocrx_word' id='word_1_697' title='bbox 1158 4465 1470 4533; x_wconf 88' lang='lat' dir='ltr'><strong>hujusmodi</strong></span> <span class='ocrx_word' id='word_1_698' title='bbox 1503 4466 1664 4521; x_wconf 93' lang='lat' dir='ltr'><strong>homo</strong></span> <span class='ocrx_word' id='word_1_699' title='bbox 1695 4469 1751 4522; x_wconf 91' lang='lat' dir='ltr'><strong>in</strong></span> <span class='ocrx_word' id='word_1_700' title='bbox 1781 4484 1921 4540; x_wconf 87' lang='lat' dir='ltr'><strong>pago</strong></span> <span class='ocrx_word' id='word_1_701' title='bbox 1956 4471 2057 4525; x_wconf 84' lang='lat' dir='ltr'><strong>ad-</strong></span> 
     </span>
    </p>
   </div>
   <div class='ocr_carea' id='block_1_90' title="bbox 2179 4463 3755 4548">
    <p class='ocr_par' dir='ltr' id='par_1_90' title="bbox 2179 4463 3755 4543">
     <span class='ocr_line' id='line_1_90' title="bbox 2179 4463 3755 4543; baseline -0.006 -18"><span class='ocrx_word' id='word_1_702' title='bbox 2179 4471 2384 4543; x_wconf 75' lang='grc' dir='ltr'>ερίϐων,</span> <span class='ocrx_word' id='word_1_703' title='bbox 2412 4471 2506 4524; x_wconf 77' lang='grc' dir='ltr'><strong>καὶ</strong></span> <span class='ocrx_word' id='word_1_704' title='bbox 2530 4471 2609 4533; x_wconf 77' lang='grc' dir='ltr'>εἰς</span> <span class='ocrx_word' id='word_1_705' title='bbox 2636 4469 2726 4522; x_wconf 80' lang='grc' dir='ltr'><strong>τὸν</strong></span> <span class='ocrx_word' id='word_1_706' title='bbox 2755 4467 2867 4539; x_wconf 84' lang='grc' dir='ltr'>βίον</span> <span class='ocrx_word' id='word_1_707' title='bbox 2892 4466 3077 4521; x_wconf 87' lang='grc' dir='ltr'>τοῦτον</span> <span class='ocrx_word' id='word_1_708' title='bbox 3111 4463 3546 4538; x_wconf 86' lang='grc' dir='ltr'>περισπώμενος,</span> <span class='ocrx_word' id='word_1_709' title='bbox 3577 4480 3755 4532; x_wconf 63' lang='grc' dir='ltr'>νομιο</span> 
     </span>
    </p>
   </div>
   <div class='ocr_carea' id='block_1_91' title="bbox 483 4553 2070 4627">
    <p class='ocr_par' dir='ltr' id='par_1_91' title="bbox 483 4555 2057 4627">
     <span class='ocr_line' id='line_1_91' title="bbox 483 4555 2057 4627; baseline 0.005 -19"><span class='ocrx_word' id='word_1_710' title='bbox 483 4557 592 4609; x_wconf 89' lang='lat' dir='ltr'><strong>huc</strong></span> <span class='ocrx_word' id='word_1_711' title='bbox 630 4564 900 4611; x_wconf 87' lang='lat' dir='ltr'><strong>versatur.</strong></span> <span class='ocrx_word' id='word_1_712' title='bbox 937 4555 1144 4611; x_wconf 88' lang='lat' dir='ltr'><strong>Sensus</strong></span> <span class='ocrx_word' id='word_1_713' title='bbox 1190 4558 1390 4627; x_wconf 87' lang='lat' dir='ltr'><strong>quippe</strong></span> <span class='ocrx_word' id='word_1_714' title='bbox 1431 4558 1614 4613; x_wconf 89' lang='lat' dir='ltr'><strong>carnis</strong></span> <span class='ocrx_word' id='word_1_715' title='bbox 1645 4560 1933 4616; x_wconf 90' lang='lat' dir='ltr'><strong>inimicitia</strong></span> <span class='ocrx_word' id='word_1_716' title='bbox 1972 4571 2057 4618; x_wconf 84' lang='lat' dir='ltr'><strong>est</strong></span> 
     </span>
    </p>
   </div>
   <div class='ocr_carea' id='block_1_92' title="bbox 2179 4553 3757 4627">
    <p class='ocr_par' dir='ltr' id='par_1_92' title="bbox 2179 4553 3757 4627">
     <span class='ocr_line' id='line_1_92' title="bbox 2179 4553 3757 4627; baseline -0.004 -12"><span class='ocrx_word' id='word_1_717' title='bbox 2179 4562 2323 4627; x_wconf 81' lang='grc' dir='ltr'>ζέτω,</span> <span class='ocrx_word' id='word_1_718' title='bbox 2368 4563 2450 4615; x_wconf 83' lang='grc' dir='ltr'><strong>ὄτι</strong></span> <span class='ocrx_word' id='word_1_719' title='bbox 2490 4560 2637 4614; x_wconf 77' lang='grc' dir='ltr'>ἔνδον</span> <span class='ocrx_word' id='word_1_720' title='bbox 2667 4560 2784 4613; x_wconf 72' lang='grc' dir='ltr'>ἐστὶ</span> <span class='ocrx_word' id='word_1_721' title='bbox 2822 4558 3050 4621; x_wconf 89' lang='grc' dir='ltr'>πόλεως.</span> <span class='ocrx_word' id='word_1_722' title='bbox 3090 4558 3165 4611; x_wconf 87' lang='grc' dir='ltr'><strong>Οὐ</strong></span> <span class='ocrx_word' id='word_1_723' title='bbox 3210 4556 3434 4610; x_wconf 88' lang='grc' dir='ltr'>δύναται</span> <span class='ocrx_word' id='word_1_724' title='bbox 3465 4553 3573 4624; x_wconf 81' lang='grc' dir='ltr'>γὰρ</span> <span class='ocrx_word' id='word_1_725' title='bbox 3609 4556 3638 4607; x_wconf 95' lang='lat'><strong>6</strong></span> <span class='ocrx_word' id='word_1_726' title='bbox 3673 4556 3757 4610; x_wconf 74' lang='grc' dir='ltr'>τὰ</span> 
     </span>
    </p>
   </div>
   <div class='ocr_carea' id='block_1_93' title="bbox 480 4645 2070 4726">
    <p class='ocr_par' dir='ltr' id='par_1_93' title="bbox 480 4646 2056 4725">
     <span class='ocr_line' id='line_1_93' title="bbox 480 4646 2056 4725; baseline 0.004 -24"><span class='ocrx_word' id='word_1_727' title='bbox 480 4650 538 4701; x_wconf 91' lang='lat' dir='ltr'><strong>in</strong></span> <span class='ocrx_word' id='word_1_728' title='bbox 572 4646 760 4702; x_wconf 89' lang='lat' dir='ltr'><strong>Deum.</strong></span> <span class='ocrx_word' id='word_1_729' title='bbox 799 4646 952 4703; x_wconf 89' lang='lat' dir='ltr'><strong>Scire</strong></span> <span class='ocrx_word' id='word_1_730' title='bbox 1003 4649 1164 4719; x_wconf 90' lang='lat' dir='ltr'><strong>igitur</strong></span> <span class='ocrx_word' id='word_1_731' title='bbox 1212 4656 1448 4719; x_wconf 87' lang='lat' dir='ltr'><strong>oportet,</strong></span> <span class='ocrx_word' id='word_1_732' title='bbox 1485 4666 1609 4705; x_wconf 92' lang='lat' dir='ltr'><strong>eum</strong></span> <span class='ocrx_word' id='word_1_733' title='bbox 1663 4651 1756 4722; x_wconf 88' lang='lat' dir='ltr'><strong>qui</strong></span> <span class='ocrx_word' id='word_1_734' title='bbox 1806 4653 1861 4706; x_wconf 84' lang='lat' dir='ltr'><strong>in</strong></span> <span class='ocrx_word' id='word_1_735' title='bbox 1917 4669 2056 4725; x_wconf 88' lang='lat' dir='ltr'><strong>pago</strong></span> 
     </span>
    </p>
   </div>
   <div class='ocr_carea' id='block_1_94' title="bbox 2179 4645 3755 4726">
    <p class='ocr_par' dir='ltr' id='par_1_94' title="bbox 2179 4645 3755 4726">
     <span class='ocr_line' id='line_1_94' title="bbox 2179 4645 3755 4726; baseline -0.006 -18"><span class='ocrx_word' id='word_1_736' title='bbox 2179 4655 2262 4725; x_wconf 79' lang='grc' dir='ltr'>τῆς</span> <span class='ocrx_word' id='word_1_737' title='bbox 2300 4654 2502 4726; x_wconf 82' lang='grc' dir='ltr'>σαρκὸς</span> <span class='ocrx_word' id='word_1_738' title='bbox 2531 4653 2742 4725; x_wconf 82' lang='grc' dir='ltr'>φρονῶν</span> <span class='ocrx_word' id='word_1_739' title='bbox 2770 4654 2827 4704; x_wconf 89' lang='grc' dir='ltr'><strong>ἐν</strong></span> <span class='ocrx_word' id='word_1_740' title='bbox 2853 4650 3024 4721; x_wconf 83' lang='grc' dir='ltr'>ταύτῃ</span> <span class='ocrx_word' id='word_1_741' title='bbox 3049 4652 3116 4721; x_wconf 82' lang='grc' dir='ltr'>τῇ</span> <span class='ocrx_word' id='word_1_742' title='bbox 3145 4648 3353 4721; x_wconf 84' lang='grc' dir='ltr'>μεγάλῃ</span> <span class='ocrx_word' id='word_1_743' title='bbox 3393 4646 3544 4699; x_wconf 82' lang='grc' dir='ltr'>πόλει.</span> <span class='ocrx_word' id='word_1_744' title='bbox 3581 4645 3755 4718; x_wconf 67' lang='grc' dir='ltr'>εὐρει-</span> 
     </span>
    </p>
   </div>
   <div class='ocr_carea' id='block_1_95' title="bbox 479 4798 2070 4931">
    <p class='ocr_par' dir='ltr' id='par_1_95' title="bbox 479 4800 2070 4931">
     <span class='ocr_line' id='line_1_95' title="bbox 550 4800 2070 4871; baseline 0.005 -19"><span class='ocrx_word' id='word_1_745' title='bbox 550 4802 599 4835; x_wconf 75' lang='lat'><strong>”</strong></span> <span class='ocrx_word' id='word_1_746' title='bbox 637 4800 800 4856; x_wconf 85' lang='lat' dir='ltr'><strong>Hebr.</strong></span> <span class='ocrx_word' id='word_1_747' title='bbox 840 4817 950 4864; x_wconf 78' lang='lat' dir='ltr'><strong>xu,</strong></span> <span class='ocrx_word' id='word_1_748' title='bbox 987 4801 1070 4864; x_wconf 83' lang='grc'><strong>18,</strong></span> <span class='ocrx_word' id='word_1_749' title='bbox 1110 4800 1202 4856; x_wconf 90' lang='lat'><strong>22.</strong></span> <span class='ocrx_word' id='word_1_750' title='bbox 1275 4803 1319 4836; x_wconf 79' lang='grc'><strong>⁸⁸</strong></span> <span class='ocrx_word' id='word_1_751' title='bbox 1359 4801 1523 4858; x_wconf 84' lang='lat' dir='ltr'><strong>Hebr.</strong></span> <span class='ocrx_word' id='word_1_752' title='bbox 1561 4819 1650 4871; x_wconf 69' lang='grc' dir='ltr'>χι,</span> <span class='ocrx_word' id='word_1_753' title='bbox 1684 4805 1753 4859; x_wconf 78' lang='lat' dir='ltr'><strong>I5</strong></span> <span class='ocrx_word' id='word_1_754' title='bbox 1805 4805 1892 4862; x_wconf 75' lang='grc'><strong>16.</strong></span> <span class='ocrx_word' id='word_1_755' title='bbox 1971 4808 2016 4839; x_wconf 82' lang='grc'><strong>⁸³</strong></span> <span class='ocrx_word' id='word_1_756' title='bbox 2056 4808 2070 4860; x_wconf 89' lang='lat' dir='ltr'><strong>l</strong></span> 
     </span>
     <span class='ocr_line' id='line_1_96' title="bbox 479 4871 1242 4931; baseline 0.007 -6"><span class='ocrx_word' id='word_1_757' title='bbox 479 4873 570 4931; x_wconf 73' lang='lat' dir='ltr'><strong>II.</strong></span> <span class='ocrx_word' id='word_1_758' title='bbox 644 4872 690 4904; x_wconf 81' lang='grc'><strong>⁸⁵</strong></span> <span class='ocrx_word' id='word_1_759' title='bbox 728 4871 872 4927; x_wconf 89' lang='lat' dir='ltr'><strong>Psal.</strong></span> <span class='ocrx_word' id='word_1_760' title='bbox 907 4889 1118 4931; x_wconf 79' lang='lat' dir='ltr'><strong>Lxxvu.</strong></span> <span class='ocrx_word' id='word_1_761' title='bbox 1150 4872 1242 4930; x_wconf 71' lang='lat'><strong>25.</strong></span> 
     </span>
    </p>
   </div>
   <div class='ocr_carea' id='block_1_96' title="bbox 2179 4798 3755 4931">
    <p class='ocr_par' dir='ltr' id='par_1_96' title="bbox 2179 4798 3755 4874">
     <span class='ocr_line' id='line_1_97' title="bbox 2179 4798 3755 4874; baseline -0.005 -12"><span class='ocrx_word' id='word_1_762' title='bbox 2179 4808 2240 4862; x_wconf 83' lang='lat' dir='ltr'><strong>.h.</strong></span> <span class='ocrx_word' id='word_1_763' title='bbox 2276 4824 2400 4874; x_wconf 72' lang='lat' dir='ltr'><strong>nx,</strong></span> <span class='ocrx_word' id='word_1_764' title='bbox 2434 4809 2522 4864; x_wconf 88' lang='lat'><strong>27.</strong></span> <span class='ocrx_word' id='word_1_765' title='bbox 2608 4809 2653 4841; x_wconf 82' lang='grc'><em>³³</em></span> <span class='ocrx_word' id='word_1_766' title='bbox 2691 4806 2885 4864; x_wconf 90' lang='lat' dir='ltr'><strong>Genes.</strong></span> <span class='ocrx_word' id='word_1_767' title='bbox 2923 4825 3019 4874; x_wconf 90' lang='grc' dir='ltr'>ιιι,</span> <span class='ocrx_word' id='word_1_768' title='bbox 3054 4805 3145 4868; x_wconf 82' lang='lat'><strong>2&#39;5,</strong></span> <span class='ocrx_word' id='word_1_769' title='bbox 3183 4803 3273 4858; x_wconf 65' lang='lat'><strong>24.</strong></span> <span class='ocrx_word' id='word_1_770' title='bbox 3348 4802 3395 4834; x_wconf 76' lang='lat'><strong>“</strong></span> <span class='ocrx_word' id='word_1_771' title='bbox 3432 4798 3626 4855; x_wconf 72' lang='lat' dir='ltr'><strong>Matth.</strong></span> <span class='ocrx_word' id='word_1_772' title='bbox 3661 4815 3755 4868; x_wconf 80' lang='lat' dir='ltr'><strong>tv,</strong></span> 
     </span>
    </p>
   </div>
   <div class='ocr_carea' id='block_1_97' title="bbox 2157 5029 3393 5101">
    <p class='ocr_par' dir='ltr' id='par_1_97' title="bbox 2157 5029 3393 5101">
     <span class='ocr_line' id='line_1_98' title="bbox 2157 5029 3393 5101; baseline -0.004 -16"><span class='ocrx_word' id='word_1_773' title='bbox 2157 5030 2315 5098; x_wconf 87' lang='lat' dir='ltr'><strong>cujus</strong></span> <span class='ocrx_word' id='word_1_774' title='bbox 2339 5031 2459 5083; x_wconf 89' lang='lat' dir='ltr'><strong>loco</strong></span> <span class='ocrx_word' id='word_1_775' title='bbox 2482 5029 2681 5099; x_wconf 82' lang='lat' dir='ltr'><strong>Regius</strong></span> <span class='ocrx_word' id='word_1_776' title='bbox 2708 5030 2892 5092; x_wconf 90' lang='lat' dir='ltr'><strong>habet,</strong></span> <span class='ocrx_word' id='word_1_777' title='bbox 2933 5029 3393 5101; x_wconf 76' lang='grc' dir='ltr'>μνημονευθέντα.</span> 
     </span>
    </p>
   </div>
   <div class='ocr_carea' id='block_1_98' title="bbox 2228 5099 3749 5171">
    <p class='ocr_par' dir='ltr' id='par_1_98' title="bbox 2228 5099 3749 5171">
     <span class='ocr_line' id='line_1_99' title="bbox 2228 5099 3749 5171; baseline 0.001 -17"><span class='ocrx_word' id='word_1_778' title='bbox 2228 5101 2337 5171; x_wconf 88' lang='lat'><strong>(68)</strong></span> <span class='ocrx_word' id='word_1_779' title='bbox 2390 5101 2521 5154; x_wconf 79' lang='grc' dir='ltr'>Ἀπό</span> <span class='ocrx_word' id='word_1_780' title='bbox 2562 5103 2715 5156; x_wconf 84' lang='lat' dir='ltr'><strong>deest</strong></span> <span class='ocrx_word' id='word_1_781' title='bbox 2744 5102 2797 5155; x_wconf 90' lang='lat' dir='ltr'><strong>in</strong></span> <span class='ocrx_word' id='word_1_782' title='bbox 2843 5099 3067 5171; x_wconf 45' lang='lat' dir='ltr'><strong>Seguer&#39;.</strong></span> <span class='ocrx_word' id='word_1_783' title='bbox 3109 5099 3266 5155; x_wconf 87' lang='lat' dir='ltr'><strong>Gobl.</strong></span> <span class='ocrx_word' id='word_1_784' title='bbox 3294 5110 3349 5156; x_wconf 89' lang='lat' dir='ltr'><strong>et</strong></span> <span class='ocrx_word' id='word_1_785' title='bbox 3378 5099 3522 5171; x_wconf 63' lang='lat' dir='ltr'><strong>Eelc.</strong></span> <span class='ocrx_word' id='word_1_786' title='bbox 3551 5100 3604 5164; x_wconf 86' lang='lat' dir='ltr'><strong>I,</strong></span> <span class='ocrx_word' id='word_1_787' title='bbox 3632 5114 3749 5171; x_wconf 78' lang='lat' dir='ltr'><strong>cu-</strong></span> 
     </span>
    </p>
   </div>
   <div class='ocr_carea' id='block_1_99' title="bbox 2148 5169 3750 5242">
    <p class='ocr_par' dir='ltr' id='par_1_99' title="bbox 2148 5169 3750 5242">
     <span class='ocr_line' id='line_1_100' title="bbox 2148 5169 3750 5242; baseline 0.001 -19"><span class='ocrx_word' id='word_1_788' title='bbox 2148 5169 2244 5240; x_wconf 85' lang='lat' dir='ltr'><strong>jus</strong></span> <span class='ocrx_word' id='word_1_789' title='bbox 2274 5169 2393 5225; x_wconf 77' lang='lat' dir='ltr'><strong>lOco</strong></span> <span class='ocrx_word' id='word_1_790' title='bbox 2420 5171 2616 5240; x_wconf 73' lang='lat' dir='ltr'><strong>Regius</strong></span> <span class='ocrx_word' id='word_1_791' title='bbox 2653 5179 2707 5226; x_wconf 92' lang='lat' dir='ltr'><strong>et</strong></span> <span class='ocrx_word' id='word_1_792' title='bbox 2732 5169 2943 5242; x_wconf 79' lang='lat' dir='ltr'><strong>Anglic.</strong></span> <span class='ocrx_word' id='word_1_793' title='bbox 2982 5169 3206 5235; x_wconf 90' lang='lat' dir='ltr'><strong>habent,</strong></span> <span class='ocrx_word' id='word_1_794' title='bbox 3246 5172 3310 5225; x_wconf 86' lang='grc' dir='ltr'><strong>ἐκ</strong></span> <span class='ocrx_word' id='word_1_795' title='bbox 3340 5169 3431 5224; x_wconf 89' lang='grc' dir='ltr'><strong>τοῦ</strong></span> <span class='ocrx_word' id='word_1_796' title='bbox 3467 5170 3750 5242; x_wconf 82' lang='grc' dir='ltr'>παραδεί-</span> 
     </span>
    </p>
   </div>
   <div class='ocr_carea' id='block_1_100' title="bbox 552 5025 2047 5102">
    <p class='ocr_par' dir='ltr' id='par_1_100' title="bbox 552 5025 2047 5102">
     <span class='ocr_line' id='line_1_101' title="bbox 552 5025 2047 5102; baseline 0 -19"><span class='ocrx_word' id='word_1_797' title='bbox 552 5027 664 5102; x_wconf 83' lang='lat'><strong>(6&#39;5)</strong></span> <span class='ocrx_word' id='word_1_798' title='bbox 701 5026 1040 5102; x_wconf 83' lang='lat' dir='ltr'><strong>Basiliensis,</strong></span> <span class='ocrx_word' id='word_1_799' title='bbox 1072 5025 1412 5102; x_wconf 66' lang='grc' dir='ltr'>ἐπουρανίου.</span> <span class='ocrx_word' id='word_1_800' title='bbox 1446 5030 1671 5102; x_wconf 1' lang='lat' dir='ltr'><strong>(Anglic.</strong></span> <span class='ocrx_word' id='word_1_801' title='bbox 1708 5031 2047 5102; x_wconf 80' lang='grc' dir='ltr'>ἐπουράνιος.</span> 
     </span>
    </p>
   </div>
   <div class='ocr_carea' id='block_1_101' title="bbox 475 5096 2049 5184">
    <p class='ocr_par' dir='ltr' id='par_1_101' title="bbox 475 5096 2049 5184">
     <span class='ocr_line' id='line_1_102' title="bbox 475 5096 2049 5184; baseline 0.002 -33"><span class='ocrx_word' id='word_1_802' title='bbox 475 5096 647 5184; x_wconf 78' lang='lat' dir='ltr'><strong>Paulo</strong></span> <span class='ocrx_word' id='word_1_803' title='bbox 668 5109 810 5169; x_wconf 87' lang='lat' dir='ltr'><strong>post,</strong></span> <span class='ocrx_word' id='word_1_804' title='bbox 842 5101 1060 5170; x_wconf 75' lang='lat' dir='ltr'><strong>llegius,</strong></span> <span class='ocrx_word' id='word_1_805' title='bbox 1084 5096 1306 5172; x_wconf 84' lang='lat' dir='ltr'><strong>Seguer.</strong></span> <span class='ocrx_word' id='word_1_806' title='bbox 1335 5101 1500 5156; x_wconf 79' lang='lat' dir='ltr'><strong>Basil.</strong></span> <span class='ocrx_word' id='word_1_807' title='bbox 1527 5096 1725 5154; x_wconf 54' lang='grc' dir='ltr'>ἆοάωει</span> <span class='ocrx_word' id='word_1_808' title='bbox 1754 5096 1945 5171; x_wconf 69' lang='grc' dir='ltr'>λέγων·</span> <span class='ocrx_word' id='word_1_809' title='bbox 1975 5103 2049 5155; x_wconf 78' lang='grc' dir='ltr'><strong>Οὐ</strong></span> 
     </span>
    </p>
   </div>
   <div class='ocr_carea' id='block_1_102' title="bbox 424 5186 2070 5323">
    <p class='ocr_par' dir='ltr' id='par_1_102' title="bbox 424 5186 1976 5323">
     <span class='ocr_line' id='line_1_103' title="bbox 424 5186 1976 5323; baseline 0.057 -43"><span class='ocrx_word' id='word_1_810' title='bbox 424 5245 436 5281; x_wconf 84' lang='grc' dir='ltr'><strong>ι</strong></span> <span class='ocrx_word' id='word_1_811' title='bbox 474 5186 658 5323; x_wconf 39' lang='lat' dir='ltr'><strong>Valgi?</strong></span> <span class='ocrx_word' id='word_1_812' title='bbox 699 5238 1346 5323; x_wconf 37' lang='grc' dir='ltr'><strong>δῗειέθΓηῧρΡιθιικβθῦ</strong></span> <span class='ocrx_word' id='word_1_813' title='bbox 1374 5258 1524 5323; x_wconf 40' lang='grc' dir='ltr'><strong>φησι</strong></span> <span class='ocrx_word' id='word_1_814' title='bbox 1548 5224 1713 5323; x_wconf 59' lang='grc' dir='ltr'><strong>Εᾶἱι·ἰ’</strong></span> <span class='ocrx_word' id='word_1_815' title='bbox 1745 5240 1883 5323; x_wconf 39' lang='lat' dir='ltr'><strong>gem;</strong></span> <span class='ocrx_word' id='word_1_816' title='bbox 1926 5309 1976 5323; x_wconf 74' lang='grc'><strong>’“</strong></span> 
     </span>
    </p>
   </div>
   <div class='ocr_carea' id='block_1_103' title="bbox 2179 5186 3268 5323">
    <p class='ocr_par' dir='ltr' id='par_1_103' title="bbox 2179 5186 3268 5295">
     <span class='ocr_line' id='line_1_104' title="bbox 2180 5186 3268 5242; baseline 0 -19"><span class='ocrx_word' id='word_1_817' title='bbox 2180 5187 2242 5225; x_wconf 81' lang='lat' dir='ltr'><strong>IIS</strong></span> <span class='ocrx_word' id='word_1_818' title='bbox 2274 5186 2393 5225; x_wconf 79' lang='lat' dir='ltr'><strong>IOCO</strong></span> <span class='ocrx_word' id='word_1_819' title='bbox 2420 5186 2616 5240; x_wconf 74' lang='lat' dir='ltr'><strong>tteglus</strong></span> <span class='ocrx_word' id='word_1_820' title='bbox 2653 5186 2707 5226; x_wconf 75' lang='grc' dir='ltr'><strong>ει</strong></span> <span class='ocrx_word' id='word_1_821' title='bbox 2732 5186 2943 5242; x_wconf 67' lang='lat' dir='ltr'><strong>angue.</strong></span> <span class='ocrx_word' id='word_1_822' title='bbox 2983 5186 3206 5235; x_wconf 72' lang='lat'><strong>08001“,</strong></span> <span class='ocrx_word' id='word_1_823' title='bbox 3246 5186 3268 5223; x_wconf 89' lang='grc' dir='ltr'><strong>ε</strong></span> 
     </span>
     <span class='ocr_line' id='line_1_105' title="bbox 2179 5257 2268 5295; baseline 0.022 -2"><span class='ocrx_word' id='word_1_824' title='bbox 2179 5257 2268 5295; x_wconf 65' lang='grc' dir='ltr'>που.</span> 
     </span>
    </p>
   </div>
   <div class='ocr_carea' id='block_1_104' title="bbox 438 5308 2070 5394">
    <p class='ocr_par' dir='ltr' id='par_1_104' title="bbox 438 5308 2049 5394">
     <span class='ocr_line' id='line_1_106' title="bbox 438 5308 2049 5394; baseline -0.002 -29"><span class='ocrx_word' id='word_1_825' title='bbox 438 5326 444 5347; x_wconf 74' lang='grc' dir='ltr'><strong>ι</strong></span> <span class='ocrx_word' id='word_1_826' title='bbox 479 5390 493 5394; x_wconf 71' lang='lat'><strong><em>_</em></strong></span> <span class='ocrx_word' id='word_1_827' title='bbox 546 5309 659 5394; x_wconf 71' lang='grc'>(65)</span> <span class='ocrx_word' id='word_1_828' title='bbox 698 5308 977 5394; x_wconf 58' lang='grc' dir='ltr'>ᾼέ’ἀεοει;</span> <span class='ocrx_word' id='word_1_829' title='bbox 1010 5311 1154 5394; x_wconf 60' lang='lat' dir='ltr'><strong>M035,</strong></span> <span class='ocrx_word' id='word_1_830' title='bbox 1196 5308 1327 5394; x_wconf 65' lang='lat' dir='ltr'><strong>Reg.</strong></span> <span class='ocrx_word' id='word_1_831' title='bbox 1355 5308 1527 5394; x_wconf 50' lang='lat' dir='ltr'><strong>solus,</strong></span> <span class='ocrx_word' id='word_1_832' title='bbox 1552 5312 1693 5394; x_wconf 71' lang='grc' dir='ltr'>κατὰ</span> <span class='ocrx_word' id='word_1_833' title='bbox 1722 5308 1812 5394; x_wconf 61' lang='grc' dir='ltr'>Ἑδν</span> <span class='ocrx_word' id='word_1_834' title='bbox 1836 5308 2049 5394; x_wconf 73' lang='grc' dir='ltr'>Παῦλον</span> 
     </span>
    </p>
   </div>
   <div class='ocr_carea' id='block_1_105' title="bbox 2179 5308 3748 5394">
    <p class='ocr_par' dir='ltr' id='par_1_105' title="bbox 2223 5308 3748 5394">
     <span class='ocr_line' id='line_1_107' title="bbox 2223 5308 3748 5394; baseline -0.003 -30"><span class='ocrx_word' id='word_1_835' title='bbox 2223 5309 2334 5394; x_wconf 85' lang='grc'>(69)</span> <span class='ocrx_word' id='word_1_836' title='bbox 2372 5308 2467 5394; x_wconf 71' lang='lat' dir='ltr'><strong>Sic</strong></span> <span class='ocrx_word' id='word_1_837' title='bbox 2496 5309 2631 5392; x_wconf 63' lang='grc' dir='ltr'>βας.</span> <span class='ocrx_word' id='word_1_838' title='bbox 2669 5308 2894 5394; x_wconf 76' lang='lat' dir='ltr'><strong>Seguer.</strong></span> <span class='ocrx_word' id='word_1_839' title='bbox 2926 5310 3138 5394; x_wconf 75' lang='lat' dir='ltr'><strong>Anglic.</strong></span> <span class='ocrx_word' id='word_1_840' title='bbox 3157 5308 3336 5394; x_wconf 80' lang='lat' dir='ltr'><strong>_Editi,</strong></span> <span class='ocrx_word' id='word_1_841' title='bbox 3370 5313 3748 5394; x_wconf 54' lang='grc' dir='ltr'>ἀτωστέλλφγ-</span> 
     </span>
    </p>
   </div>
   <div class='ocr_carea' id='block_1_106' title="bbox 474 5378 2070 5461">
    <p class='ocr_par' dir='ltr' id='par_1_106' title="bbox 474 5378 2048 5461">
     <span class='ocr_line' id='line_1_108' title="bbox 474 5378 2048 5461; baseline 0.005 -34"><span class='ocrx_word' id='word_1_842' title='bbox 474 5378 896 5461; x_wconf 61' lang='grc' dir='ltr'>πρλιῖερόμενοι.</span> <span class='ocrx_word' id='word_1_843' title='bbox 923 5382 1064 5461; x_wconf 61' lang='lat' dir='ltr'><strong>ﬁlex,</strong></span> <span class='ocrx_word' id='word_1_844' title='bbox 1095 5380 1226 5461; x_wconf 54' lang='lat' dir='ltr'><strong>@eg.</strong></span> <span class='ocrx_word' id='word_1_845' title='bbox 1246 5378 1469 5451; x_wconf 70' lang='lat' dir='ltr'><strong>Seguer.</strong></span> <span class='ocrx_word' id='word_1_846' title='bbox 1489 5383 1703 5461; x_wconf 74' lang='lat' dir='ltr'><strong>Anglic.</strong></span> <span class='ocrx_word' id='word_1_847' title='bbox 1728 5383 1922 5461; x_wconf 65' lang='grc' dir='ltr'>’ᾼκρυε</span> <span class='ocrx_word' id='word_1_848' title='bbox 1938 5383 2048 5453; x_wconf 87' lang='grc' dir='ltr'>γὰρ</span> 
     </span>
    </p>
   </div>
   <div class='ocr_carea' id='block_1_107' title="bbox 2179 5378 3740 5461">
    <p class='ocr_par' dir='ltr' id='par_1_107' title="bbox 2179 5378 3740 5461">
     <span class='ocr_line' id='line_1_109' title="bbox 2179 5378 3740 5461; baseline 0.006 -29"><span class='ocrx_word' id='word_1_849' title='bbox 2179 5378 2270 5461; x_wconf 53' lang='lat' dir='ltr'><strong>Eat.</strong></span> <span class='ocrx_word' id='word_1_850' title='bbox 2298 5382 2397 5461; x_wconf 58' lang='grc' dir='ltr'><strong>ᾼιᾴ</strong></span> <span class='ocrx_word' id='word_1_851' title='bbox 2429 5378 2896 5461; x_wconf 32' lang='grc' dir='ltr'>τοῦτοζκοιηξεείε.</span> <span class='ocrx_word' id='word_1_852' title='bbox 2917 5378 3114 5437; x_wconf 82' lang='lat' dir='ltr'><strong>mediis</strong></span> <span class='ocrx_word' id='word_1_853' title='bbox 3147 5382 3293 5461; x_wconf 71' lang='lat' dir='ltr'><strong>bene</strong></span> <span class='ocrx_word' id='word_1_854' title='bbox 3330 5386 3538 5461; x_wconf 71' lang='lat' dir='ltr'><strong>multis.</strong></span> <span class='ocrx_word' id='word_1_855' title='bbox 3586 5384 3740 5461; x_wconf 80' lang='lat' dir='ltr'><strong>Ibid.</strong></span> 
     </span>
    </p>
   </div>
   <div class='ocr_carea' id='block_1_108' title="bbox 473 5450 2070 5568">
    <p class='ocr_par' dir='ltr' id='par_1_108' title="bbox 473 5450 2037 5568">
     <span class='ocr_line' id='line_1_110' title="bbox 473 5450 2037 5524; baseline 0.004 -26"><span class='ocrx_word' id='word_1_856' title='bbox 473 5450 638 5501; x_wconf 78' lang='grc' dir='ltr'>αὑτοῦ</span> <span class='ocrx_word' id='word_1_857' title='bbox 659 5450 924 5519; x_wconf 86' lang='grc' dir='ltr'>λέγοντος.</span> <span class='ocrx_word' id='word_1_858' title='bbox 946 5454 1095 5514; x_wconf 83' lang='lat' dir='ltr'><strong>Mox,</strong></span> <span class='ocrx_word' id='word_1_859' title='bbox 1111 5450 1243 5521; x_wconf 78' lang='lat' dir='ltr'><strong>Reg.</strong></span> <span class='ocrx_word' id='word_1_860' title='bbox 1263 5466 1420 5522; x_wconf 88' lang='lat' dir='ltr'><strong>quem</strong></span> <span class='ocrx_word' id='word_1_861' title='bbox 1436 5450 1736 5522; x_wconf 82' lang='lat' dir='ltr'><strong>sequimur,</strong></span> <span class='ocrx_word' id='word_1_862' title='bbox 1755 5450 2037 5524; x_wconf 68' lang='grc' dir='ltr'>ἐξέϐησαν.</span> 
     </span>
     <span class='ocr_line' id='line_1_111' title="bbox 473 5516 1510 5568; baseline 0 0"><span class='ocrx_word' id='word_1_863' title='bbox 473 5516 666 5568; x_wconf 65' lang='lat' dir='ltr'><strong>Caneri</strong></span> <span class='ocrx_word' id='word_1_864' title='bbox 701 5536 829 5568; x_wconf 76' lang='lat' dir='ltr'><strong>vero</strong></span> <span class='ocrx_word' id='word_1_865' title='bbox 861 5532 915 5568; x_wconf 73' lang='lat' dir='ltr'><strong>et</strong></span> <span class='ocrx_word' id='word_1_866' title='bbox 942 5523 1094 5568; x_wconf 74' lang='lat' dir='ltr'><strong>editi-</strong></span> <span class='ocrx_word' id='word_1_867' title='bbox 1125 5520 1510 5568; x_wconf 70' lang='grc' dir='ltr'>ἐξεϐλήθησαν-</span> 
     </span>
    </p>
   </div>
   <div class='ocr_carea' id='block_1_109' title="bbox 2179 5450 3745 5568">
    <p class='ocr_par' dir='ltr' id='par_1_109' title="bbox 2179 5450 3745 5568">
     <span class='ocr_line' id='line_1_112' title="bbox 2179 5450 3745 5537; baseline 0.005 -34"><span class='ocrx_word' id='word_1_868' title='bbox 2179 5453 2287 5532; x_wconf 78' lang='lat' dir='ltr'><strong>leg.</strong></span> <span class='ocrx_word' id='word_1_869' title='bbox 2311 5451 2410 5504; x_wconf 88' lang='grc' dir='ltr'>Διά</span> <span class='ocrx_word' id='word_1_870' title='bbox 2428 5452 2537 5522; x_wconf 82' lang='grc' dir='ltr'>γὰρ</span> <span class='ocrx_word' id='word_1_871' title='bbox 2557 5451 2716 5505; x_wconf 87' lang='grc' dir='ltr'>τοῦτο</span> <span class='ocrx_word' id='word_1_872' title='bbox 2740 5450 2904 5537; x_wconf 75' lang='grc' dir='ltr'>ἐπεδή</span> <span class='ocrx_word' id='word_1_873' title='bbox 2914 5467 3109 5521; x_wconf 89' lang='grc' dir='ltr'>μησεν.</span> <span class='ocrx_word' id='word_1_874' title='bbox 3143 5450 3310 5516; x_wconf 77' lang='lat' dir='ltr'><strong>Infra,</strong></span> <span class='ocrx_word' id='word_1_875' title='bbox 3344 5453 3510 5511; x_wconf 85' lang='lat' dir='ltr'><strong>Basil.</strong></span> <span class='ocrx_word' id='word_1_876' title='bbox 3534 5464 3591 5510; x_wconf 84' lang='lat' dir='ltr'><strong>et</strong></span> <span class='ocrx_word' id='word_1_877' title='bbox 3615 5458 3745 5511; x_wconf 86' lang='lat' dir='ltr'><strong>An-</strong></span> 
     </span>
     <span class='ocr_line' id='line_1_113' title="bbox 2179 5520 3149 5568; baseline 0 0"><span class='ocrx_word' id='word_1_878' title='bbox 2179 5522 2275 5568; x_wconf 74' lang='lat' dir='ltr'><strong>“III‘.</strong></span> <span class='ocrx_word' id='word_1_879' title='bbox 2309 5520 2515 5568; x_wconf 63' lang='grc' dir='ltr'>ζητήσῃ</span> <span class='ocrx_word' id='word_1_880' title='bbox 2545 5521 2606 5568; x_wconf 82' lang='grc' dir='ltr'>τὸ</span> <span class='ocrx_word' id='word_1_881' title='bbox 2633 5521 2999 5568; x_wconf 80' lang='grc' dir='ltr'>πλανωιιενον-</span> <span class='ocrx_word' id='word_1_882' title='bbox 3148 5564 3149 5567; x_wconf 46' lang='grc' dir='ltr'><strong>η</strong></span> 
     </span>
    </p>
   </div>
   <div class='ocr_carea' id='block_1_110' title="bbox 518 5520 3736 5674">
    <p class='ocr_par' dir='ltr' id='par_1_110' title="bbox 518 5520 3736 5674">
     <span class='ocr_line' id='line_1_114' title="bbox 518 5520 3149 5607; baseline 0.002 -38"><span class='ocrx_word' id='word_1_883' title='bbox 518 5520 666 5572; x_wconf 67' lang='lat' dir='ltr'><strong>reteri</strong></span> <span class='ocrx_word' id='word_1_884' title='bbox 701 5536 829 5575; x_wconf 86' lang='lat' dir='ltr'><strong>vero</strong></span> <span class='ocrx_word' id='word_1_885' title='bbox 861 5532 915 5576; x_wconf 88' lang='lat' dir='ltr'><strong>et</strong></span> <span class='ocrx_word' id='word_1_886' title='bbox 933 5523 1095 5604; x_wconf 47' lang='lat' dir='ltr'><strong>.editi,</strong></span> <span class='ocrx_word' id='word_1_887' title='bbox 1125 5520 1530 5604; x_wconf 52' lang='grc' dir='ltr'>ἐξεϐλήθησανς</span> <span class='ocrx_word' id='word_1_888' title='bbox 1699 5592 1710 5604; x_wconf 74' lang='lat'>_</span> <span class='ocrx_word' id='word_1_889' title='bbox 1744 5591 1758 5605; x_wconf 70' lang='lat'><em>_</em></span> <span class='ocrx_word' id='word_1_890' title='bbox 1904 5520 1914 5524; x_wconf 62' lang='grc'>⁷</span> <span class='ocrx_word' id='word_1_891' title='bbox 2143 5522 2275 5590; x_wconf 70' lang='lat' dir='ltr'><strong>glic.</strong></span> <span class='ocrx_word' id='word_1_892' title='bbox 2309 5520 2515 5607; x_wconf 68' lang='grc' dir='ltr'>ζητήσῃ</span> <span class='ocrx_word' id='word_1_893' title='bbox 2545 5521 2606 5574; x_wconf 81' lang='grc' dir='ltr'><strong>τὸ</strong></span> <span class='ocrx_word' id='word_1_894' title='bbox 2633 5520 2999 5603; x_wconf 76' lang='grc' dir='ltr'>πλανώμενον.</span> <span class='ocrx_word' id='word_1_895' title='bbox 3148 5564 3149 5567; x_wconf 58' lang='grc' dir='ltr'><strong>η</strong></span> 
     </span>
     <span class='ocr_line' id='line_1_115' title="bbox 545 5587 3736 5674; baseline 0.002 -33"><span class='ocrx_word' id='word_1_896' title='bbox 545 5587 662 5674; x_wconf 76' lang='grc'><strong>(66)⁹</strong></span> <span class='ocrx_word' id='word_1_897' title='bbox 695 5589 771 5674; x_wconf 65' lang='lat' dir='ltr'><strong>Ita</strong></span> <span class='ocrx_word' id='word_1_898' title='bbox 821 5592 1040 5674; x_wconf 61' lang='grc' dir='ltr'>Ιξθειιιξ,</span> <span class='ocrx_word' id='word_1_899' title='bbox 1090 5591 1324 5673; x_wconf 56' lang='lat' dir='ltr'><strong>Seguer.</strong></span> <span class='ocrx_word' id='word_1_900' title='bbox 1359 5589 1763 5674; x_wconf 36' lang='lat' dir='ltr'><strong>Anglic‘NEdttr</strong></span> <span class='ocrx_word' id='word_1_901' title='bbox 1801 5606 1952 5656; x_wconf 85' lang='lat' dir='ltr'><strong>vero,</strong></span> <span class='ocrx_word' id='word_1_902' title='bbox 1986 5596 2037 5645; x_wconf 79' lang='lat' dir='ltr'><strong>ot</strong></span> <span class='ocrx_word' id='word_1_903' title='bbox 2219 5590 2329 5658; x_wconf 84' lang='lat'><strong>(70)</strong></span> <span class='ocrx_word' id='word_1_904' title='bbox 2370 5591 2407 5642; x_wconf 88' lang='grc' dir='ltr'><strong>Γ</strong></span> <span class='ocrx_word' id='word_1_905' title='bbox 2409 5609 2481 5674; x_wconf 76' lang='grc' dir='ltr'><strong>αρ</strong></span> <span class='ocrx_word' id='word_1_906' title='bbox 2526 5593 2679 5674; x_wconf 65' lang='lat' dir='ltr'><strong>deest</strong></span> <span class='ocrx_word' id='word_1_907' title='bbox 2711 5607 2797 5674; x_wconf 46' lang='grc' dir='ltr'>,ιιι</span> <span class='ocrx_word' id='word_1_908' title='bbox 2837 5591 3068 5674; x_wconf 28' lang='lat' dir='ltr'><strong>Eo‘ltler.</strong></span> <span class='ocrx_word' id='word_1_909' title='bbox 3110 5599 3165 5647; x_wconf 87' lang='lat' dir='ltr'><strong>et</strong></span> <span class='ocrx_word' id='word_1_910' title='bbox 3203 5588 3351 5674; x_wconf 54' lang='lat' dir='ltr'><strong>Fele:</strong></span> <span class='ocrx_word' id='word_1_911' title='bbox 3391 5593 3444 5649; x_wconf 86' lang='lat' dir='ltr'><strong>I.</strong></span> <span class='ocrx_word' id='word_1_912' title='bbox 3492 5593 3627 5674; x_wconf 77' lang='lat' dir='ltr'><strong>Ibid.</strong></span> <span class='ocrx_word' id='word_1_913' title='bbox 3670 5597 3736 5674; x_wconf 54' lang='grc' dir='ltr'><strong>ρ,</strong></span> 
     </span>
    </p>
   </div>
   <div class='ocr_carea' id='block_1_111' title="bbox 436 5654 2070 5734">
    <p class='ocr_par' dir='ltr' id='par_1_111' title="bbox 436 5654 1994 5734">
     <span class='ocr_line' id='line_1_116' title="bbox 436 5654 1994 5734; baseline 0.004 -23"><span class='ocrx_word' id='word_1_914' title='bbox 436 5722 442 5727; x_wconf 20' lang='grc' dir='ltr'>θ</span> <span class='ocrx_word' id='word_1_915' title='bbox 471 5654 941 5734; x_wconf 56' lang='lat' dir='ltr'><strong>5r7tot_&amp;1:_6crcokoi,</strong></span> <span class='ocrx_word' id='word_1_916' title='bbox 970 5654 1192 5734; x_wconf 65' lang='lat' dir='ltr'><strong>eicivng</strong></span> <span class='ocrx_word' id='word_1_917' title='bbox 1217 5654 1679 5734; x_wconf 46' lang='lat' dir='ltr'><strong>omissisined&#39;iis.</strong></span> <span class='ocrx_word' id='word_1_918' title='bbox 1780 5730 1821 5734; x_wconf 97' lang='lat'>_</span> <span class='ocrx_word' id='word_1_919' title='bbox 1859 5732 1868 5734; x_wconf 96' lang='lat'><em>_</em></span> <span class='ocrx_word' id='word_1_920' title='bbox 1942 5654 1946 5656; x_wconf 13' lang='grc' dir='ltr'><strong>Ἴ</strong></span> <span class='ocrx_word' id='word_1_921' title='bbox 1990 5733 1994 5734; x_wconf 12' lang='grc' dir='ltr'>ί</span> 
     </span>
    </p>
   </div>
   <div class='ocr_carea' id='block_1_112' title="bbox 2179 5654 3735 5734">
    <p class='ocr_par' dir='ltr' id='par_1_112' title="bbox 2179 5654 3735 5734">
     <span class='ocr_line' id='line_1_117' title="bbox 2179 5654 3735 5734; baseline 0.003 -19"><span class='ocrx_word' id='word_1_922' title='bbox 2179 5654 2433 5734; x_wconf 48' lang='grc' dir='ltr'>σεε-περὶ</span> <span class='ocrx_word' id='word_1_923' title='bbox 2449 5654 2555 5715; x_wconf 87' lang='grc' dir='ltr'>’τοῦ</span> <span class='ocrx_word' id='word_1_924' title='bbox 2584 5660 2809 5732; x_wconf 83' lang='grc' dir='ltr'>Κυρίου.</span> <span class='ocrx_word' id='word_1_925' title='bbox 2833 5660 3028 5716; x_wconf 67' lang='lat' dir='ltr'><strong>Caeteri</strong></span> <span class='ocrx_word' id='word_1_926' title='bbox 3052 5678 3186 5734; x_wconf 81' lang='lat' dir='ltr'><strong>cum</strong></span> <span class='ocrx_word' id='word_1_927' title='bbox 3213 5662 3398 5734; x_wconf 78' lang='lat' dir='ltr'><strong>editis,</strong></span> <span class='ocrx_word' id='word_1_928' title='bbox 3435 5667 3564 5734; x_wconf 73' lang='grc' dir='ltr'>περὶ</span> <span class='ocrx_word' id='word_1_929' title='bbox 3595 5654 3735 5720; x_wconf 70' lang='grc' dir='ltr'>τού-ἶ</span> 
     </span>
    </p>
   </div>
   <div class='ocr_carea' id='block_1_113' title="bbox 543 5726 2070 5805">
    <p class='ocr_par' dir='ltr' id='par_1_113' title="bbox 543 5726 2034 5802">
     <span class='ocr_line' id='line_1_118' title="bbox 543 5726 2034 5802; baseline 0.005 -22"><span class='ocrx_word' id='word_1_930' title='bbox 543 5726 653 5799; x_wconf 79' lang='lat'><strong>(67)</strong></span> <span class='ocrx_word' id='word_1_931' title='bbox 693 5730 1108 5802; x_wconf 82' lang='grc' dir='ltr'>Προειρημένον.</span> <span class='ocrx_word' id='word_1_932' title='bbox 1141 5731 1296 5788; x_wconf 83' lang='lat' dir='ltr'><strong>deest</strong></span> <span class='ocrx_word' id='word_1_933' title='bbox 1341 5733 1397 5786; x_wconf 91' lang='lat' dir='ltr'><strong>in</strong></span> <span class='ocrx_word' id='word_1_934' title='bbox 1435 5730 1652 5786; x_wconf 87' lang='lat' dir='ltr'><strong>Gobler.</strong></span> <span class='ocrx_word' id='word_1_935' title='bbox 1691 5739 1746 5786; x_wconf 82' lang='lat' dir='ltr'><strong>et</strong></span> <span class='ocrx_word' id='word_1_936' title='bbox 1780 5730 1928 5787; x_wconf 86' lang='lat' dir='ltr'><strong>Felc.</strong></span> <span class='ocrx_word' id='word_1_937' title='bbox 1981 5733 2034 5797; x_wconf 87' lang='lat' dir='ltr'><strong>I,</strong></span> 
     </span>
    </p>
   </div>
   <div class='ocr_carea' id='block_1_114' title="bbox 2179 5726 3579 5805">
    <p class='ocr_par' dir='ltr' id='par_1_114' title="bbox 2179 5726 3579 5805">
     <span class='ocr_line' id='line_1_119' title="bbox 2179 5726 3579 5805; baseline 0.004 -21"><span class='ocrx_word' id='word_1_938' title='bbox 2179 5748 2257 5786; x_wconf 91' lang='grc' dir='ltr'><strong>ου.</strong></span> <span class='ocrx_word' id='word_1_939' title='bbox 2283 5726 2488 5794; x_wconf 79' lang='lat' dir='ltr'><strong>Ibidem</strong></span> <span class='ocrx_word' id='word_1_940' title='bbox 2520 5726 2710 5787; x_wconf 67' lang='lat' dir='ltr'><strong>omnes</strong></span> <span class='ocrx_word' id='word_1_941' title='bbox 2737 5747 2872 5803; x_wconf 84' lang='lat' dir='ltr'><strong>pene</strong></span> <span class='ocrx_word' id='word_1_942' title='bbox 2893 5748 3025 5788; x_wconf 85' lang='lat' dir='ltr'><strong>mss.</strong></span> <span class='ocrx_word' id='word_1_943' title='bbox 3056 5732 3240 5804; x_wconf 76' lang='grc' dir='ltr'>φησιν.</span> <span class='ocrx_word' id='word_1_944' title='bbox 3265 5726 3430 5800; x_wconf 73' lang='grc' dir='ltr'><strong>Ειίἱιί,</strong></span> <span class='ocrx_word' id='word_1_945' title='bbox 3454 5726 3579 5805; x_wconf 68' lang='grc' dir='ltr'>ἔφη.</span> 
     </span>
    </p>
   </div>
  </div>
