3890 6200
170 292 256 366 in

1164 308 1234 365 IN
1271 308 1499 378 lLLUD,
1540 310 1883 369 PROFEC'I‘I
1919 310 1988 369 ΙΝ
2028 310 2289 370 PAGUM.

3278 316 3384 377 17a

166 426 319 498 θῆναι,
346 423 453 479 ἀλλ’
476 425 535 478 ἐν
563 423 722 497 κώμῃ
741 422 823 478 ἔτι
848 422 1111 497 διατρίϐει
1142 426 1172 480 6
1201 426 1460 491 τοιοῦτος.
1503 427 1578 482 T6
1599 428 1708 502 γὰρ

1816 429 2041 495 habitat,
2086 444 2199 486 non
2231 436 2386 485 recto
2411 429 2538 486 vita
2567 430 2841 496 instituto,
2883 445 2991 487 non
3026 440 3207 488 mente
3243 433 3388 490 duce

168 518 387 591 φρόνημα
409 516 505 579 τῆς
534 515 736 587 σαρκὸς
765 515 931 588 ἔχθρα
954 516 1066 586 (71)
1094 518 1175 581 είς
1205 517 1336 571 Θεόν
1365 520 1531 575 ἐστιν.
1556 520 1705 573 Είδέ-

166 628 239 664 ναι
269 606 353 664 οὖν
378 610 474 674 δεῖ,
512 609 595 663 ὅτι
636 610 665 663 6
703 605 897 679 κώμην
925 608 1090 663 οἰκῶν
1134 610 1197 664 οὐ
1252 610 1593 666 πολιτεύεται
1634 615 1701 685 τῇ

162 699 304 772 ψυχῇ,
334 699 391 753 οὐ
432 702 731 771 στρατηγεῖ
771 701 836 771 τῇ
875 698 1091 772 γνώμῃ,
1138 701 1237 754 ούκ
1280 701 1437 772 ἄρχει
1484 696 1700 755 ἐαύτοῦ’

164 793 345 856 πόλεως
387 791 492 863 γὰρ
542 791 787 863 μεγάλης
816 791 924 846 ἴδια
967 791 1161 847 ταῦτα.
1188 793 1320 845 Ὅτε
1365 792 1473 863 γάρ
1515 810 1599 855 τις
1644 793 1703 845 ὲν

166 886 308 956 ἀρετῇ
331 882 690 954 πολιτεύηται,
717 885 812 939 καὶ
837 886 1189 957 σωφροσύνην
1212 886 1585 956 στρατηγήσῃ,
1610 885 1705 937 καλ⁵

166 976 333 1044 σοφίαν
362 974 734 1047 βουλεύσηται,
764 976 860 1029 καὶ
901 976 1222 1047 ἐγκρατείας
1251 976 1408 1048 ἄρξῃ,
1443 975 1563 1027 τότε
1592 974 1702 1029 τῶν

165 1067 309 1136 ἁγίων
334 1066 570 1138 μιμητὴς
604 1068 915 1139 γενήσεται.
952 1069 1016 1120 Οἱ
1053 1068 1165 1140 γὰρ
1196 1066 1341 1135 ἅγιοι
1364 1067 1465 1120 ούκ
1490 1066 1703 1135 ἔχουσιν

164 1153 249 1212 ὧδε
276 1160 532 1227 μένουσαν
563 1159 740 1225 πόλιν,
764 1159 910 1225 ἀλλ’,
946 1159 1024 1223 ὡς
1056 1162 1341 1231 προεῖπον,
1365 1157 1463 1230 τὴν
1483 1157 1703 1229 μέλλου-

168 1266 249 1303 σαν
274 1250 628 1320 ἐπιζητοῦσιν,
658 1247 728 1323 ἧς
749 1251 1000 1322 τεχνίτης
1019 1251 1114 1304 καὶ
1138 1249 1466 1322 δημιουργὸς
1488 1251 1517 1302 ὁ
1547 1248 1697 1311 Θεός.

169 1343 334 1395 Ἄκουε
368 1343 470 1415 γὰρ
496 1343 595 1397 τοῦ
633 1344 953 1397 ’Δποστόλου
974 1343 1221 1411 λέγοντος
1238 1361 1252 1372 ·
1277 1362 1296 1394 ι
1319 1342 1443 1395 Ἐπὶ
1471 1342 1568 1411 τῆς
1600 1341 1703 1411 γῆς

165 1433 573 1503 περιπατοῦντες,
612 1437 672 1488 ἐν
710 1436 958 1510 ούρανοῖς
979 1434 1040 1487 16
1071 1423 1367 1502 πολίτευμα
1393 1432 1606 1503 ἔχωμεν
1633 1449 1646 1462 ·
1680 1450 1699 1483 ι

163 1524 256 1587 καὶ,
280 1543 297 1575 ι
317 1523 492 1595 Ήμῶν
517 1526 655 1579 δὲτὸ
673 1527 969 1597 πολίτευμα
1009 1526 1067 1579 ἐν
1104 1524 1316 1597 ούρανῷ
1344 1524 1655 1596 ὑπαρχέτω,
1682 1542 1701 1574 ι

1811 523 1914 587 uti,
1952 538 2061 577 non
2089 522 2193 578 sibi
2226 521 2499 592 imperare
2531 522 2687 578 :haec
2714 524 2858 578 enim
2910 538 3118 593 magna;
3142 525 3380 581 civitatis

1810 623 1941 669 sunt
1990 614 2233 685 propria.
2291 612 2428 669 Nam
2481 614 2574 670 ubi
2631 614 2755 685 quis
2792 614 2849 669 in
2883 615 3084 672 virtute
3110 614 3278 685 degit,
3312 630 3383 670 ex

1808 705 2111 776 prudentiae
2161 705 2329 760 ductu
2376 706 2506 778 agit,
2544 708 2819 779 sapienter
2876 708 3135 774 consulit,
3171 717 3382 778 tempe-

1809 804 1997 852 ranter
2020 797 2272 866 imperat,
2292 807 2423 852 tunc
2452 807 2766 854 sanctorum
2794 808 2878 855 est
2906 800 3166 854 imitator.
3193 797 3381 855 Sancti

1809 885 2012 954 quippe
2062 899 2174 939 non
2221 884 2423 939 habent
2449 886 2540 942 hic
2574 896 2887 943 manentem
2923 889 3226 944 civitatem:
3260 888 3393 952 sed,

1808 978 1888 1033 uti
1919 994 2084 1049 supra
2117 979 2252 1043 dixi,
2284 978 2521 1035 futuram
2567 983 2873 1053 requirunt,
2911 984 3070 1053 cujus
3098 983 3280 1054 opifex
3328 990 3384 1038 et

1807 1069 2061 1123 conditor
2076 1068 2219 1126 Deus
2236 1078 2338 1126 est.
2368 1071 2509 1126 Audi
2539 1073 2683 1126 enim
2722 1073 3043 1143 Apostolum
3066 1094 3079 1129 :
3105 1092 3124 1127 ι
3147 1074 3209 1128 In
3236 1081 3383 1129 terra

1807 1157 2149 1215 ambulantes
2164 1162 2631 1216 conversationem
2649 1162 2704 1216 in
2721 1163 2876 1220 cmlis
2906 1163 3203 1218 habeamus
3224 1180 3238 1229 ;
3265 1182 3283 1214 ι
3302 1171 3378 1226 et,

1812 1267 1832 1299 ι
1857 1247 2052 1304 Nostra
2069 1252 2413 1307 conversatio
2450 1254 2505 1307 in
2533 1254 2687 1308 caalis
2707 1255 2779 1310 sit
2799 1255 2889 1319 ⁸⁵⁸,
2922 1254 3059 1326 »58
3074 1256 3276 1311 dilecti.
3295 1252 3385 1310 Si-

1809 1342 2031 1412 gnificat
2060 1343 2207 1397 enim
2236 1344 2531 1414 Apostolus
2554 1346 2640 1403 his
2670 1346 2875 1411 verbis,
2899 1366 2917 1398 ι
2938 1347 2999 1401 1n
3017 1360 3159 1403 terra
3191 1348 3385 1402 ambu-

1814 1436 2042 1501 lantes,»
2083 1436 2386 1504 profectum
2412 1436 2736 1507 lucrumquc
2760 1436 3004 1492 futurum
3036 1438 3106 1494 iis
3134 1438 3228 1509 qui
3260 1445 3386 1509 post

1814 1523 1956 1580 hanc
1983 1524 2148 1579 vitam
2188 1524 2245 1579 in
2275 1526 2430 1581 caelis
2450 1526 2744 1582 habitaturi
2777 1536 2923 1584 sunt.

163 1617 412 1685 ἀγαπητοί.
427 1617 689 1688 Σημαίνει
719 1618 826 1690 γὰρ
857 1619 886 1670 6
911 1619 1063 1687 ἅγιος
1099 1621 1417 1685 ’Ᾱπόστολος
1438 1621 1524 1675 διὰ
1558 1621 1675 1684 τοῦ,
1711 1640 1729 1672 ι
1751 1621 1874 1674 Ἐπὶ
1900 1620 2009 1692 γῆς
2030 1619 2472 1690 περιπατοῦντες,
2498 1640 2517 1674 ι
2536 1623 2635 1694 τὴν
2651 1625 2930 1694 προκοπὴν
2961 1623 3060 1678 τὴν
3087 1622 3389 1695 γενησομέο

162 1723 242 1778 νην
267 1709 364 1780 (τε)
389 1712 498 1773 τοῖς
544 1711 688 1781 μετὰ
707 1711 775 1764 τὰ
813 1711 997 1764 ἐνθάδε
1046 1716 1103 1766 ἐν
1167 1714 1415 1785 οὐρανοῖς
1452 1714 1824 1768 πολιτεύεσθαι
1860 1713 2161 1784 μέλλουσιν.

221 1824 266 1878 5.
290 1825 643 1894 Πορευθέντες
672 1818 765 1877 οὖν
793 1824 841 1876 οί
874 1823 1133 1894 μαθηταὶ,
1157 1824 1353 1878 ἔλυσαν
1374 1825 1464 1877 τὸν
1489 1824 1667 1878 πῶλον
1686 1841 1701 1856 ·

1878 1822 1932 1878 5.
1986 1822 2225 1879 Profecti
2284 1827 2450 1898 igitur
2504 1827 2779 1897 discipuli,
2815 1827 3020 1897 pullum
3070 1826 3347 1881 solverunt
3366 1854 3385 1893 ε

168 1916 387 1988 μαθητῶν
415 1915 522 1986 γὰρ
551 1914 717 1986 ἔργον
748 1916 866 1967 ἐστι
903 1915 963 1967 16
988 1914 1149 1969 λῦσαι
1173 1916 1262 1968 τὸν
1288 1914 1466 1967 πῶλον
1494 1914 1702 1978 τοῦτον,

164 2009 243 2062 καλ⁵
270 2008 503 2080 μαθητῶν
525 2007 846 2077 δυναμένων
876 2007 985 2078 (75)
1016 2011 1189 2060 ποιεῖν
1217 2008 1285 2061 τὰ
1314 2008 1418 2065 ὑπὸ
1441 2005 1532 2060 τοῦ
1556 2007 1703 2061 διδα-

167 2101 334 2154 σκάλου
372 2099 662 2170 λεγόμενα.
711 2098 903 2152 Πολλοὶ
950 2098 1059 2169 γὰρ
1104 2097 1387 2163 δοκοῦντες
1436 2094 1575 2151 εἶναι
1609 2095 1704 2150 τοῦ

176 2190 324 2262 Ἰησοῦ
367 2190 635 2262 μαθηταὶ,
671 2191 770 2260 οὐχ
813 2191 958 2253 ὅπως
990 2189 1060 2243 τὰ
1105 2191 1196 2243 ὑπ’
1236 2190 1401 2243 αὐτοῦ
1440 2190 1707 2259 λεγόμενα

167 2282 392 2346 ποιοῦσιν,
422 2282 557 2335 ἀλλὰ
601 2281 699 2335 καῖ¹
728 2280 1133 2335 ἐπιϐουλεύουσι
1163 2281 1243 2352 τῷ
1285 2280 1604 2351 διδασκάλῳ,
1632 2280 1709 2343 ὡς

168 2373 490 2446 ὸτρισάθλιος
521 2375 619 2427 καὶ
665 2373 776 2444 (74)
808 2372 1073 2443 προδότης
1115 2374 1336 2436 Ἰούδας.
1385 2371 1621 2441 Πηλίκος
1651 2370 1709 2424 δέ

169 2466 293 2519 ίστιν
319 2468 345 2519 6
374 2466 546 2529 πῶλος
586 2458 768 2529 οὗτος,
802 2464 1096 2535 ἀγαπητοὶ,
1139 2463 1215 2528 ὡς
1264 2462 1338 2535 μὴ
1371 2463 1467 2515 ἕνα
1521 2463 1709 2534 κύριον

171 2554 304 2624 ἔχειν,
332 2554 456 2609 ἀλλὰ
497 2554 735 2617 πολλούς
770 2554 912 2626 (75);
950 2549 1116 2607 Εἶπον
1150 2553 1261 2624 γὰρ
1294 2553 1429 2625 πρὸς
1461 2555 1586 2616 τοὺς
1616 2570 1713 2623 μα-

173 2646 312 2717 θητὰς
351 2648 396 2701 οί
436 2647 617 2719 κύριοι
665 2644 761 2699 τοῦ
802 2645 1019 2699 πώλου·
1053 2644 1119 2696 Τί
1164 2644 1321 2697 λύετε
1369 2644 1461 2697 τὸν
1499 2644 1709 2707 πῶλον;

169 2735 291 2810 ’Δρα
322 2742 366 2793 εί
392 2734 457 2811 ἦν
496 2739 759 2810 αἰσθητὸς
794 2738 824 2790 6
853 2736 1031 2801 πῶλος
1068 2731 1243 2800 οὗτος,
1285 2737 1384 2789 οὐκ
1424 2736 1581 2806 ἤρκει
1617 2735 1712 2789 ἕνα

171 2832 327 2901 κύριον
363 2831 507 2903 αὐτῷ
538 2829 1054 2901 παρακαθέζεσθαις
1099 2828 1193 2882 νῦν
1232 2829 1288 2882 δὲ
1322 2828 1505 2882 πολλοὶ
1546 2828 1712 2882 αὑτοῦ

171 2925 255 2975 εἱσι
277 2921 440 2994 κύριοι
477 2922 622 2977 κατὰ
656 2922 720 2976 τὸ
740 2921 1090 2990 Εύαγγέλιον.
1146 2915 1316 2975 Εἶπον
1349 2920 1479 2993 γὰρ,
1527 2922 1711 2993 φησὶν,

170 3013 208 3065 oi
235 3012 393 3082 κύριοι
429 3012 595 3067 αὑτοῦ
634 3013 773 3083 πρὸς
801 3013 926 3076 τοὺς
973 3011 1252 3083 μαθητάς·
1290 3031 1308 3064 ι
1343 3013 1407 3065 Τί
1434 3012 1589 3067 λύετε
1623 3013 1714 3066 τὸν

172 3102 354 3169 πῶλον;
388 3123 407 3155 ι
442 3104 605 3167 Ἴσως
634 3103 747 3174 γὰρ
771 3100 954 3175 ἐροῦσι
984 3103 1120 3174 πρὸς
1143 3100 1367 3166 αύτούς*
1390 3103 1503 3174 Ούχ
1527 3103 1712 3175 ὁρᾶτε,

1814 1914 1951 1969 disci
1962 1915 2207 1984 pulcrum
2235 1917 2434 1987 quippe
2465 1931 2603 1987 Opus
2624 1925 2727 1980 est,
2749 1917 2893 1971 hunc
2919 1916 3129 1971 solvere
3148 1916 3382 1985 pullum;

1808 2007 1919 2060 imo
1973 2006 2366 2078 discipulorum
2421 2008 2518 2079 qui
2547 2024 2610 2063 ea
2645 2015 2906 2079 praestare
2948 2015 3181 2076 possunt
3211 2023 3331 2077 qua:
3355 2022 3386 2060 a

1813 2098 2082 2168 magistro
2124 2100 2405 2169 jubentur.
2436 2101 2586 2156 Multi
2620 2116 2855 2170 namque
2886 2100 2977 2170 qui
3020 2100 3275 2155 videntur
3305 2098 3389 2153 di-

1808 2191 2006 2260 scipuli
2038 2206 2161 2246 esse
2182 2190 2336 2255 Jcsu,
2363 2207 2473 2245 non
2508 2191 2670 2245 modo
2703 2205 2766 2245 ea
2799 2206 2908 2244 non
2940 2189 3147 2244 faciunt
3178 2204 3300 2259 quae
3322 2190 3389 2242 ah

1808 2279 1929 2350 ipso
1958 2279 2249 2350 iubentur;
2283 2281 2378 2336 sed
2420 2282 2582 2337 etiam
2615 2281 2880 2351 magistro
2913 2280 3144 2336 insidias
3170 2287 3385 2349 parant,

1811 2376 1873 2423 ut
1907 2370 2348 2441 improbissimus
2378 2379 2432 2426 et
2462 2370 2693 2426 traditor
2724 2370 2915 2425 Judas.
2945 2370 3195 2437 Quantus
3222 2386 3387 2441 porro
3432 2418 3435 2419 ν

1809 2473 1895 2518 est
1947 2464 2051 2519 iste
2099 2465 2303 2534 pullus,
2350 2463 2554 2531 dilecti,
2590 2464 2684 2535 qui
2724 2480 2831 2519 non
2864 2478 3033 2519 unum
3079 2464 3384 2529 dominum,

1812 2553 1909 2610 sed
1959 2554 2163 2609 multos
2210 2555 2442 2609 habeat?
2488 2553 2683 2610 Dixere
2710 2569 2945 2624 namque
2988 2553 3055 2607 ad
3087 2554 3388 2623 discipulos

1813 2645 1945 2717 pulli
1990 2646 2196 2701 domini
2230 2666 2242 2701 :
2273 2645 2454 2711 Quare
2483 2647 2695 2703 solvitis
2729 2647 2975 2718 pullum?
3008 2645 3066 2701 Si
3112 2646 3387 2701 sensibilis

1815 2736 1996 2804 pullus
2017 2746 2183 2799 esset,
2224 2751 2406 2791 annon
2437 2736 2705 2792 sulliceret
2736 2738 2784 2791 ei
2814 2753 2983 2792 unum
3017 2736 3260 2792 assidere
3288 2735 3389 2789 do-
3470 2774 3485 2807 _.

1815 2827 2064 2881 minum?
2114 2827 2227 2897 jam
2280 2843 2411 2882 vero
2455 2828 2611 2897 juxta
2644 2827 3017 2899 Evangelium,
3061 2829 3218 2882 multi
3268 2827 3388 2899 ejus

1816 2919 2022 2973 domini
2053 2928 2202 2973 sunt.
2236 2917 2502 2974 Dixerunt
2546 2921 2715 2986 enim,
2751 2922 2844 2982 ait,
2894 2919 3100 2974 domini
3132 2921 3274 2990 ejus,
3305 2920 3390 2975 di-

1818 3008 2085 3079 scipulis:
2128 3028 2148 3061 ι
2191 3010 2300 3065 Cur
2351 3011 2562 3066 solvitis
2618 3012 2924 3082 pullum“?
2966 3033 2999 3064 ι-
3039 3012 3103 3066 Et
3137 3012 3389 3068 fortassis

1820 3100 1973 3156 aiunt
2004 3099 2113 3157 illis
2145 3120 2156 3155 :
2188 3098 2379 3156 Nonne
2429 3101 2622 3157 videtis
2675 3109 2808 3171 quot
2857 3102 2960 3172 ipsi
3015 3102 3392 3160 assideamus?

172 3196 300 3248 πόσοι
335 3195 477 3267 αύτῷ
511 3193 1050 3268 παρακαθεζόμεθα;
1094 3193 1212 3258 πῶς
1243 3194 1524 3266 δεδεμένος
1558 3195 1708 3261 ἐστί;

1816 3192 2273 3263 quemadmodum
2331 3194 2528 3263 ligatus
2593 3194 2706 3249 sit?
2777 3193 3051 3264 quomodo
3107 3204 3389 3251 teneamus

172 3288 268 3350 πῶς
308 3290 615 3359 ἐσχήκαμεν
669 3288 830 3342 αὑτὸν
876 3287 1118 3352 ἐκδοτονς
1167 3286 1221 3340 τί
1278 3288 1559 3341 ἀποσπᾶτε
1617 3289 1714 3358 ἀφ’

169 3379 299 3448 ἡμῶν
331 3380 423 3449 τὴν
448 3379 716 3451 ἐργασίαν
740 3378 929 3451 ήμῶν;
973 3361 1039 3431 Τί
1075 3377 1231 3432 λύετε
1260 3378 1360 3450 τὴν
1388 3379 1713 3451 προσδοκίαν

173 3466 333 3537 ἡμῶν;
365 3470 481 3523 Ἔτι
527 3463 690 3532 οὗτος
727 3471 857 3539 ήμῖν
906 3468 1312 3533 ὑπολέλειπται,
1382 3470 1477 3523 καὶ
1522 3470 1711 3524 τούτου

169 3561 293 3630 ἡμᾶς
315 3562 615 3632 ἀποστῆσαι
651 3560 764 3630 (76)
791 3560 1073 3631 βούλεσθε;
1111 3560 1238 3614 Ἐὰν
1269 3554 1423 3625 οὗτος
1450 3559 1582 3632 λυθῇ
1605 3561 1713 3615 ἀπὸ

172 3652 262 3705 τῶν
291 3654 517 3726 δεσμῶν,
555 3655 722 3726 ἡμεῖς
763 3655 876 3706 ἀντ’
922 3651 1086 3707 αὐτοῦ
1124 3651 1518 3723 δεσμευόμεθα.
1559 3652 1715 3720 Ἐφο-

173 3741 335 3797 6οῦντο
365 3745 655 3817 τοιγαροῦν
679 3745 727 3796 οί
761 3743 1026 3814 ἀλιτήριοι
1050 3742 1162 3813 (77)
1189 3742 1459 3813 δαίμονες,
1482 3741 1713 3813 ὁρῶντες

170 3831 392 3905 λυόμενον
417 3837 507 3889 τὸν
534 3835 718 3889 πῶλον
744 3854 757 3867 ο
790 3833 1150 3907 ἐταράσσοντο
1171 3834 1227 3886 ἐν
1252 3834 1471 3896 ἑαυταῖς
1495 3834 1550 3885 al
1574 3833 1714 3886 ἀντι-

173 3928 385 3999 κείμεναι
408 3930 690 4000 δυνάμεις,
719 3928 918 3990 αἵτινες
937 3926 1364 3998 ῂχμαλώτευσαν
1387 3928 1554 3997 ἡμᾶς.
1573 3925 1710 3981 Ἀλλ’

172 4017 246 4071 ὅτε
272 4021 599 4093 ἐπεδήμησεν
623 4020 655 4072 ὁ
683 4021 887 4091 Κύριος
909 4018 1063 4089 ἡμῶν
1098 4017 1305 4090 Ἰησοῦς
1342 4019 1595 4089 Χριστὸς,
1619 4017 1713 4070 καὶ

175 4110 451 4181 ἐπέγνωσαν
477 4113 648 4167 αὐτοῦ
680 4112 776 4184 τὴν
810 4111 1130 4183 παρουσίαν,
1159 4109 1518 4182 ἐφοϐήθησαν,
1550 4109 1712 4163 ἁκού-

176 4220 337 4269 σαντες
350 4206 505 4260 αὑτοῦ
530 4206 673 4279 πρὸς
697 4206 825 4268 τοὺς
847 4202 1090 4274 μαθητὰς
1110 4202 1382 4271 λέγοντοςθ
1406 4220 1424 4252 ι
1448 4201 1576 4254 Ἰδοὺ
1597 4201 1709 4269 (78)

175 4292 349 4349 δέδωκα
373 4298 494 4367 ύμῖν
524 4296 777 4362 ἐξουσίαν
808 4296 1000 4348 πατεῖν
1030 4294 1213 4348 ἐπάνω
1236 4293 1411 4362 ὄφεων
1436 4292 1530 4346 καὶ
1560 4308 1712 4362 σκορ-

178 4385 312 4450 πίων,
332 4391 420 4443 καὶ
445 4390 535 4442 ἐπὶ
563 4390 749 4442 πᾶσαν
766 4387 865 4459 τὴν
887 4386 1114 4458 δύναμιν
1138 4383 1232 4439 τοῦ
1260 4382 1477 4455 ἐχθροῦ.
1504 4402 1524 4435 ι
1556 4383 1712 4452 Ἐφο-

177 4475 388 4548 εήθησαν
430 4481 791 4542 ἀκούσαντες·
852 4497 872 4529 ι
914 4476 1277 4551 Πορευθέντες
1336 4474 1709 4547 μαθητεύσατε

179 4568 330 4623 πάντα
370 4570 434 4624 τὰ
481 4570 634 4641 ἔθνη,
687 4569 1035 4641 βαπτίζοντες
1085 4569 1280 4632 αὐτοὺς
1325 4571 1404 4632 εἰς
1435 4567 1497 4621 16
1539 4566 1708 4638 ὖνομα

177 4659 257 4712 τοῦ
274 4663 487 4733 Πατρδς,
516 4664 613 4717 καὶ
637 4661 734 4715 τοῦ
764 4662 914 4725 Υἱοῦ,
937 4662 1030 4716 καὶ
1050 4661 1143 4715 τοῦ
1163 4660 1317 4731 ἁγίου
1337 4661 1476 4715 Πνεύ
1484 4677 1668 4732 ματος.
1685 4679 1703 4711 ι

188 4752 529 4825 Ἐφοὸήθησαν
572 4754 651 4826 μὴ
685 4750 838 4817 οὗτος
874 4754 1020 4807 ἐστιν
1052 4756 1081 4807 6
1108 4754 1169 4807 16
1206 4752 1393 4816 σκότος
1425 4751 1704 4821 καταλάμ-

179 4857 308 4895 mw
329 4845 559 4914 ήκουσαν
595 4844 707 4917 γὰρ
736 4842 831 4898 τοῦ
870 4844 1148 4916 προφήτου
1174 4842 1454 4911 λέγοντοςι
1493 4858 1513 4892 ι
1546 4839 1706 4893 Γαλι-

1812 3287 1966 3341 illum
2017 3285 2427 3356 mancipatum?
2470 3284 2583 3340 Cur
2621 3284 2941 3341 abstrahitis
2999 3301 3029 3338 a
3077 3285 3236 3341 nobis
3285 3301 3385 3339 no-

1815 3389 1984 3435 stram
2012 3377 2274 3449 operam?
2305 3377 2446 3443 Quid
2477 3376 2689 3433 solvitis
2729 3386 2976 3434 nostram
3022 3380 3390 3447 exspectatio-

1814 3470 1973 3524 nem?
1997 3469 2095 3524 liic
2122 3469 2421 3524 etiamnum
2446 3468 2606 3523 nobis
2640 3479 2909 3537 superest,
2943 3476 2995 3523 et
3024 3484 3124 3523 nos
3157 3468 3250 3522 illo
3279 3474 3391 3539 pri-

1813 3575 1944 3616 vare
1989 3560 2191 3615 vultis?
2223 3559 2281 3614 Si
2334 3560 2453 3631 ipse
2498 3560 2742 3615 solvatur
2781 3574 2811 3613 a
2849 3560 3101 3625 vinculis,
3130 3575 3231 3614 nos
3269 3561 3389 3630 ejus

1814 3654 1938 3708 loco
1972 3652 2294 3708 vinciemur.
2326 3650 2697 3707 Terrebantur
2727 3652 2912 3722 itaque
2939 3652 3156 3707 scelesti
3186 3652 3391 3707 daemo-

1813 3760 1934 3812 nes,
1971 3744 2176 3815 pullum
2205 3750 2490 3799 cernentes
2517 3743 2755 3798 solutum
2786 3762 2799 3797 :
2834 3743 3307 3797 conturbabantur
3333 3744 3389 3796 in

1815 3851 1938 3891 sese
1975 3832 2303 3889 adversariae
2342 3840 2662 3903 potestates,
2680 3847 2799 3902 quae
2819 3847 2921 3887 nos
2943 3832 2995 3885 in
3018 3831 3388 3902 captivitatem

1813 3926 2153 3998 redegerant.
2173 3924 2241 3978 At
2263 3924 2481 3995 quando
2503 3924 2722 3980 advenit
2745 3924 3005 3979 Dominus
3028 3921 3389 3979 nosterJesus

1812 4017 2084 4082 Christus,
2116 4015 2346 4086 ejusque
2376 4013 2724 4086 praesentiam
2746 4029 3034 4084 agnovere,
3060 4014 3389 4070 reformida-

1813 4111 1966 4174 bant,
1984 4125 2106 4164 cum
2129 4109 2411 4163 audissent
2437 4123 2560 4161 eum
2584 4107 2697 4162 haec
2720 4108 3007 4178 discipulis
3031 4107 3341 4176 loquentem
3370 4124 3383 4161 :

1816 4221 1836 4254 ι
1869 4201 2006 4258 Ecce
2051 4200 2175 4257 dedi
2204 4200 2361 4255 vobis
2403 4207 2727 4271 potestatem
2779 4198 3026 4253 calcandi
3080 4214 3246 4269 supra
3272 4213 3387 4253 ser-

1812 4300 2002 4362 pentes
2033 4299 2088 4345 et
2116 4290 2454 4361 scorpiones,
2480 4296 2535 4343 et
2562 4303 2727 4359 supra
2750 4303 2965 4342 omnem
2997 4289 3252 4343 virtutem
3284 4288 3387 4341 ini-

1811 4382 2022 4437 mici".
2071 4400 2089 4434 ι
2137 4378 2609 4437 Pertimescebant
2661 4378 2748 4433 his
2798 4378 3049 4434 auditis:
3087 4397 3106 4430 ι
3148 4377 3386 4433 Profecti

1810 4473 2002 4527 docete
2057 4485 2247 4526 omnes
2294 4477 2506 4541 gentes,
2550 4468 2890 4538 baptizautes
2935 4483 3034 4525 eos
3069 4468 3127 4524 in
3167 4469 3387 4523 nomine

1811 4563 2015 4629 Patris,
2054 4570 2109 4618 et
2154 4561 2299 4628 Filii,
2341 4568 2396 4617 et
2437 4560 2675 4632 Spiritus
2726 4560 2905 4617 sancti
2921 4562 2988 4641 "if.
3020 4580 3039 4612 ι
3074 4559 3386 4616 Metuebant

1814 4672 1885 4711 ne
1940 4655 2031 4711 ille
2081 4660 2228 4709 esset
2278 4652 2373 4724 qui
2420 4652 2676 4707 tenebras
2726 4652 3070 4707 illustraret:
3100 4652 3386 4706 audierant

1814 4747 1960 4802 enim
2018 4744 2338 4817 prephetam
2404 4744 2675 4799 dicentem
2723 4761 2738 4798 :
2788 4760 2808 4794 ι
2850 4742 3069 4797 Galilaea
3117 4743 3381 4812 gentium,

1817 4837 2050 4909 populus
2101 4837 2195 4908 qui
2246 4835 2468 4892 sedebat
2508 4835 2561 4888 in
2602 4835 2844 4891 tenebris
2899 4833 3034 4888 vidit
3072 4833 3243 4888 lucem
3271 4848 3387 4886 ina-

240 5039 299 5073 ⁸⁸⁶
334 5040 558 5119 Philipp.
598 5059 703 5117 ιιι,
728 5042 819 5100 20.
893 5043 939 5076 ⁸⁸
978 5041 1108 5098 Luc.
1143 5056 1271 5108 xix,
1311 5041 1407 5103 55.
1474 5040 1518 5072 ³⁷
1557 5038 1690 5094 Luc.

1831 5039 1913 5093 l9.
1991 5036 2036 5068 ⁸⁸
2076 5034 2263 5089 Matth.
2302 5049 2501 5099 xxvm,
2540 5034 2626 5088 i9.

267 5243 345 5318 ῃ)
378 5244 711 5318 Basiliensis,
736 5246 945 5318 ἐχθρός.

268 5314 346 5388 73)
381 5314 511 5388 Tres
537 5333 690 5388 mss;
707 5314 1019 5388 γενομένην.

254 5382 348 5455 αὖ)
381 5384 532 5441 Gobl.
562 5395 618 5442 et
652 5382 799 5442 Felc.
830 5382 881 5452 ἱ,
911 5382 1101 5440 ἔλυσαν
1136 5383 1224 5438 τὸν
1244 5383 1438 5437 πῶλον
1461 5383 1555 5436 καὶ
1618 5398 1721 5454 μα-

373 5455 765 5528 δυναμένωνημ
974 5525 983 5528 _
1050 5525 1064 5528 _
1256 5523 1267 5528 Α
1295 5476 1304 5484 ·

195 5520 533 5649 “Eabae,
558 5525 865 5600 τρισάθλιος
892 5525 1004 5591 καί,
1035 5525 1232 5581 desunt
1254 5523 1308 5579 in
1330 5520 1640 5579 Goblerian.
1664 5527 1720 5576 et

233 5606 318 5647 τις.
345 5606 393 5647 1.

197 5661 479 5799 ποξὲξὲςθίε
516 5674 629 5725 tres
656 5682 790 5725 mss.
826 5665 928 5721 Alii
956 5680 1084 5722 vero
1112 5679 1236 5721 cum
1274 5664 1452 5733 editis,
1499 5659 1611 5717 ἀλλ’
1643 5658 1717 5725 ὡς

1913 5236 2003 5306 '76)
2042 5234 2381 5306 Basiliensis,
2407 5234 2731 5306 agros-ﬁmi.

1920 5302 2007 5376 7'?)
2048 5306 2103 5358 In
2134 5304 2291 5359 Gobl.
2326 5315 2379 5357 et
2423 5303 2571 5360 Felc.
2600 5302 2654 5369 i,
2700 5305 2980 5377 ἀλιτήριοι
3024 5302 3195 5377 deest.
3235 5304 3389 5377 Mor,

1826 5374 2049 5446 Seguer.
2078 5378 2134 5428 ὲν
2161 5377 2400 5439 ἑαυταῖς,
2432 5376 2639 5431 rectius
2663 5391 2825 5446 quam
2848 5374 3006 5439 editi,
3036 5374 3127 5445 qui
3160 5375 3387 5443 habent,

1774 5456 1789 5467 "
1824 5450 1882 5501 ἐν
1907 5449 2136 5510 ἑαυτοῖς.

1895 5516 2000 5587 ('78,
2047 5515 2248 5585 Regius
2280 5517 2429 5572 solus
2464 5516 2542 5571 sic
2579 5523 2754 5587 totum
2798 5515 2945 5587 hunc
2985 5517 3163 5587 locum
3202 5514 3385 5576 habet,

1796 5585 2168 5649 ’ἀκούσαντες
2216 5587 2484 5655 Ὑπάγετε
2530 5589 2607 5648 είς
2635 5586 2702 5640 16
2753 5586 2939 5644 σκότος
2984 5585 3281 5655 ἐξώτερον,
3330 5593 3391 5655 τυ

1823 5656 2221 5727 ἡτοιμασμένον
2249 5657 2326 5726 τῷ
2356 5654 2585 5727 διαϐόλῳ
2623 5656 2715 5727 καὶ
2753 5658 2872 5727 τοῖς
2907 5654 3165 5722 ἀγγέλοις
3198 5654 3387 5710 αὐτοῦ.

1834 5724 2205 5799 Ἕφοὸήθησαν
2237 5724 2581 5790 ἀκούσαντες·
2637 5724 2762 5781 Ἰδοὺ
2798 5724 3022 5792 δέδωκα,
3049 5736 3153 5781 etc.
