3890 6200
470 281 576 343 179

1607 273 1665 331 S.
1711 271 2179 337 ATHANASIUS.
2217 299 2288 314 —
2325 269 2550 327 DUBIA.

3617 258 3726 324 180

456 413 621 469 gnam
635 398 700 450 ³⁸.
716 416 735 446 ι
757 395 964 452 Omnes
978 395 1165 466 itaque
1177 394 1325 450 circa
1346 393 1556 465 pullum
1577 392 1828 455 hiabant,
1849 405 2037 446 omnes

2145 386 2270 440 λαία
2301 387 2409 441 τῶν
2448 386 2637 449 ἐθνῶν,
2668 387 2696 440 6
2721 385 2849 449 λαὸς
2877 387 2905 440 6
2941 386 3247 459 καθήμενος
3298 386 3357 440 ἐν
3399 385 3580 441 σκότει
3614 381 3725 441 εἶδε

456 491 604 545 circa
647 490 826 560 ipsum
877 487 1160 548 sedebant,
1183 500 1346 540 nemo
1380 484 1449 539 ab
1479 483 1573 538 illo
1593 481 1860 537 abscedit.
1885 479 2035 536 Talis

455 583 561 639 iste
609 582 794 653 pullus
847 587 953 642 est,
985 587 1047 633 ut
1092 593 1285 633 omnes
1324 577 1445 646 ejus
1474 575 1682 631 domini
1724 572 2037 629 custodiant

455 676 631 729 illum.
648 673 704 728 Si
729 672 1004 729 sensibilis
1030 678 1197 733 esset,
1220 684 1350 724 num
1369 668 1577 725 domini
1601 666 1907 727 assiderent
1926 663 2037 718 illi?

453 765 596 822 Num
642 767 846 821 asellus
906 763 1183 820 sensibilis
1230 762 1532 816 multorum
1576 760 1924 815 dominorum
1951 761 2037 810 est

453 859 769 930 possessio?
798 873 928 912 num
960 871 1153 912 omnes
1191 854 1315 925 ejus
1356 853 1565 909 domini
1615 851 1864 909 assident
1904 849 2033 919 ipsi,

453 952 533 1006 ita
571 958 631 1005 ut
661 951 844 1004 nullus
873 949 1086 1018 negotia
1108 948 1290 1012 obeat,
1327 947 1512 1001 nullus
1534 946 1589 1000 in
1613 945 1733 999 foro
1771 942 2032 1006 ambulet,

454 1042 595 1099 nihil
648 1041 796 1097 aliud
850 1041 1043 1111 operis.
1072 1040 1329 1103 habeant,
1363 1039 1459 1093 sed
1496 1051 1607 1091 una
1647 1050 1839 1090 omnes
1884 1035 2037 1088 circa

453 1133 635 1202 ipsum
671 1131 1048 1202 occupentur?
1074 1130 1216 1186 Num
1249 1116 1465 1185 asellus,
1495 1126 1772 1184 sensibilis
1803 1127 1858 1180 in
1887 1124 2036 1180 bivio

453 1226 733 1296 alligatur,
771 1224 1078 1279 diversorio
1126 1222 1502 1294 pl'zesepioque
1547 1228 1713 1281 caret,
1744 1219 1799 1271 in
1843 1232 2037 1287 agrum

452 1332 565 1371 non
597 1316 881 1385 procedit?
907 1316 1002 1370 sed
1054 1313 1335 1369 sensibilis
1380 1311 1563 1382 pullus
1589 1311 1649 1363 in
1670 1308 1815 1363 bivio
1846 1308 2038 1377 alliga-

450 1419 564 1472 tur,
590 1422 890 1478 omnesque
915 1405 1118 1461 domini
1142 1404 1263 1473 ejus
1287 1401 1530 1457 assident
1559 1400 1687 1470 ipsi,
1712 1400 2038 1453 observant-

452 1516 560 1570 que
608 1498 780 1553 illum.
814 1496 940 1552 llzec
985 1512 1112 1551 cum
1160 1495 1306 1558 dico,
1340 1492 1626 1547 historiam
1659 1504 1768 1544 non
1799 1488 1989 1542 aufero
2021 1506 2033 1541 :

452 1605 799 1661 nequaquam
841 1590 986 1646 enim
1023 1588 1260 1642 litteram
1293 1586 1365 1640 ob
1403 1584 1657 1655 spiritum
1697 1580 2032 1643 auferimus;

453 1681 548 1737 sed
571 1680 799 1749 spiritus
826 1680 932 1733 vim
968 1691 1251 1733 servamus
1280 1690 1377 1744 per
1404 1674 1663 1728 litteram.

2139 476 2253 548 φῶς
2298 477 2461 549 μέγα.
2498 497 2516 529 ι
2551 478 2761 542 Πάντες
2792 474 2886 532 οὖν
2927 480 3057 548 περ)¹
3096 477 3189 531 τοῦ
3225 477 3403 532 πώλου
3435 479 3724 551 κεχήνασι,

2138 570 2338 633 πάντες
2369 570 2498 641 περὶ
2519 570 2681 624 αὑτὸν
2703 570 2988 642 κάθηνται,
3015 571 3189 635 οὐδεὶς
3213 571 3378 625 αὐτοῦ
3406 572 3722 641 ἀφίσταται.

2137 661 2389 726 Τοιοῦτός
2431 664 2581 715 ἐστιν
2610 656 2764 726 οὗτος
2797 664 2825 714 6
2867 662 3067 728 πῶλος,
3101 662 3177 726 ῶς
3222 663 3432 728 πάντας
3465 665 3591 728 τοὺς
3624 682 3725 718 κυ-

2146 754 2297 825 ρίους
2319 752 2485 809 αὑτοῦ
2509 756 2696 825 τηρεῖν
2716 749 3071 826 αὑτόνῙΑρα,
3096 755 3145 807 εί
3166 749 3234 825 ἦν
3262 755 3518 825 αἰσθητὸς
3542 749 3726 823 οὗτος,

2136 846 2195 904 oi,
2237 845 2416 916 κύριοι
2464 844 2628 898 αὑτοῦ
2682 845 3116 918 παρεκαθέζοντο
3147 846 3327 918 αὑτῷ;
3368 847 3464 901 καὶ
3507 847 3726 919 ὀνάριον

2137 939 2395 1010 αἰσθητὸν
2426 938 2638 993 πολλῶν
2672 939 2876 1010 κυρίων
2899 938 3109 1007 γίνεται
3150 937 3369 1008 κτῆμα;
3403 938 3497 992 καὶ
3520 938 3725 1000 πάντες

2136 1033 2189 1085 οἱ
2234 1031 2559 1102 κεκτημένοι
2604 1029 3077 1102 παρακαθέζονται
3118 1028 3301 1100 αὐτῷ;
3333 1029 3505 1092 οὐδεὶς
3542 1030 3725 1083 αὐτῶν

2138 1122 2607 1193 πραγματεύεται,
2636 1121 2810 1185 οὐδεὶς
2841 1121 3018 1176 αὐτῶν
3051 1123 3107 1174 ἐν
3139 1122 3321 1192 ἀγορᾷ,
3342 1118 3544 1191 βαδίζει
3582 1120 3723 1192 (79),

2138 1216 2264 1270 ἄλλο
2311 1216 2475 1288 ἔργον
2524 1217 2624 1269 οὐκ
2665 1214 2903 1286 ἔχουσιν,
2948 1213 3082 1268 ἀλλὰ
3125 1214 3323 1277 πάντες
3365 1212 3544 1266 αὐτῶν
3582 1212 3724 1285 όμοῦ

2138 1309 2266 1381 περὶ
2288 1309 2419 1363 αὐτὸ
2432 1308 2787 1380 ἠσχόληνται;
2814 1308 2885 1361 Ἦ
2910 1309 3123 1379 ὀνάριον
3156 1306 3410 1377 αἰσθητὸν
3431 1307 3522 1359 ἐπὶ
3548 1305 3731 1376 ἀμφό-

2137 1402 2228 1457 δου
2274 1401 2496 1465 δέδεται,
2541 1401 2762 1455 ἔπαυλιν
2835 1401 2932 1453 οὐκ
3001 1400 3134 1471 ἔχει,
3186 1400 3391 1470 φάτνην
3430 1400 3530 1452 οὐκ
3583 1399 3721 1471 ἔχει,

2140 1495 2221 1556 είς
2263 1493 2432 1564 ἀγρὸν
2464 1493 2575 1563 (80)
2605 1494 2665 1546 οὺ
2700 1493 3057 1563 κατέρχεται;
3091 1491 3225 1545 ἀλλά
3253 1490 3432 1555 πῶλος
3463 1490 3725 1561 αἰσθητὸς

2141 1587 2229 1640 ἐπ’
2273 1587 2517 1658 ἀμφόδου
2569 1586 2800 1650 δέδεται,
2842 1585 2937 1639 καὶ
2988 1586 3184 1648 πάντες
3232 1585 3282 1636 oi
3334 1582 3511 1653 κύριοι
3555 1580 3724 1635 αὑτοῦ

2145 1679 2295 1750 αὐτῷ
2334 1678 2832 1751 παρακαθέζονται,
2872 1677 3164 1749 τηροῦντες
3198 1676 3379 1741 αὐτόν.
3422 1674 3606 1730 Ταῦτα
3633 1673 3726 1737 λέτ

458 1787 573 1845 γων
620 1772 720 1823 οὐκ
756 1768 963 1839 ἀναιρῶ
994 1766 1093 1838 τὴν
1141 1765 1412 1838 ἱστορίαν·
1449 1766 1510 1820 οὐ
1553 1763 1661 1835 γὰρ
1708 1762 2040 1841 ἀναιρούμεν
2076 1767 2139 1829 τὸ
2186 1770 2426 1842 γράμμα
2465 1770 2554 1824 διὰ
2598 1770 2660 1824 τὸ
2702 1770 2920 1842 πνεῦμα
2945 1787 2957 1799 ·
3004 1768 3140 1824 ἁλλά
3204 1767 3446 1838 σώζομεν
3486 1766 3583 1837 τὴν
3625 1764 3724 1819 τοί

451 1864 767 1935 πνεύματος
793 1862 1022 1933 δύναμιν
1053 1860 1141 1914 διὰ
1172 1860 1267 1912 τοῦ
1294 1858 1645 1930 γράμματος.

525 1958 581 2014 6.
615 1957 822 2012 Revera
862 1955 1111 2011 sensibili
1164 1954 1338 2008 asello
1374 1953 1578 2009 insedit
1622 1952 1909 2018 Dominus,
1941 1953 2037 2013 Be-

2222 1955 2273 2009 6.
2316 1955 2553 2028 ⁹Αληθῶς
2585 1956 2677 2010 ἐπὶ
2718 1953 2935 2025 ὀναρίου
2965 1951 3222 2023 αἰσθητοῦ
3252 1953 3279 2004 6
3303 1952 3504 2023 Κύριος
3531 1950 3725 2006 ἐκάθι-

454 2051 643 2111 thania
689 2048 1083 2119 Jerosolymam
1123 2045 1446 2116 profectus:
1493 2047 1568 2100 ita
1615 2046 1759 2101 enim
1796 2046 2034 2116 prophe—

454 2143 591 2200 tavit
636 2141 931 2196 Zacharias
975 2160 987 2195 :
1032 2158 1052 2191 ι
1088 2138 1261 2194 Dicite
1318 2137 1443 2193 ﬁliae
1491 2137 1625 2193 Sion
1672 2157 1685 2192 :
1727 2137 1867 2194 Ecce
1916 2137 2034 2195 Rex

453 2245 585 2290 tuus
630 2234 779 2289 venit
815 2232 911 2287 tibi
944 2242 1285 2293 mansuetus,
1321 2228 1518 2285 sedens
1542 2245 1708 2299 super
1740 2230 1955 2285 asinum
1980 2240 2035 2284 et

454 2325 665 2396 pullum
713 2323 883 2378 ﬁlium
913 2314 1299 2392 subjnghlis".
1339 2341 1358 2373 ι
1386 2319 1548 2375 Salva
1596 2320 1763 2390 igitur
1793 2320 2036 2375 historia:

453 2418 582 2478 ﬁde,
607 2422 923 2485 perscrutor
944 2427 1009 2471 ea
1025 2427 1145 2482 quae
1176 2416 1229 2467 in
1259 2412 1350 2467 illa
1380 2410 1595 2466 defossa
1629 2419 1791 2466 sunt:
1816 2410 2036 2481 perqui-

453 2510 629 2569 rimus
677 2506 978 2575 repositum
1015 2503 1177 2561 nobis
1239 2503 1559 2557 thesaurum
1589 2542 1604 2566 ,
1663 2502 2035 2572 perquirimus

453 2601 682 2669 spiritus
710 2600 840 2652 vim.
875 2598 989 2655 Non
1011 2597 1157 2654 enim
1181 2595 1342 2655 nudae
1385 2595 1627 2651 historiae
1656 2594 2029 2661 attendimus;

453 2692 764 2751 Judzeorum
820 2698 904 2745 est
956 2689 1226 2759 ejusmodi
1264 2688 1520 2742 stultitia.
1565 2686 1725 2742 Certe
1770 2686 2035 2743 Dominus

453 2795 643 2843 uoster
668 2782 829 2837 Jesus
845 2782 1100 2835 Christus
1151 2796 1340 2835 eorum
1369 2794 1673 2848 coarguens
1703 2781 1995 2834 amentiam
2018 2824 2032 2847 ,

453 2878 557 2935 ait:
585 2894 604 2927 ι
630 2874 959 2929 Scrutnmini
980 2873 1317 2942 Scripturas,
1342 2873 1468 2942 quia
1488 2873 1803 2941 vosputatis
1825 2873 1880 2927 in
1901 2872 2036 2942 ipsis

459 2967 667 3022 habere
692 2966 859 3019 vitam
891 2973 1148 3019 aeternam
1167 2963 1232 3019 ".
1261 2981 1280 3014 ι
1322 2962 1425 3017 Sed
1448 2960 1619 3019 Judaei
1658 2963 1818 3019 nudae
1845 2965 2039 3019 littera:

455 3058 818 3121 adhaerentes,
837 3056 980 3111 fame
1001 3055 1311 3125 consumpti
1340 3061 1489 3110 sunt.
1516 3053 1684 3113 Gnari
1706 3056 1890 3124 itaque
1911 3071 2035 3120 nos,

456 3132 808 3221 591‘ratres,
827 3146 1065 3205 litteram
1084 3143 1356 3209 occidere,
1381 3143 1631 3215 spiritum
1651 3153 1830 3201 autem
1855 3145 2030 3201 viviﬁ-

457 3255 616 3306 care;
637 3253 747 3293 non
774 3236 937 3291 modo
959 3235 1244 3291 historiam
1269 3232 1684 3305 Scripturarum
1715 3251 2031 3306 sequamur,

460 3298 661 3398 neque,
691 3337 751 3383 ut
783 3328 980 3391 Judaei,
1008 3327 1166 3385 nudae
1196 3298 1882 3389 litterae-adhaarcscamus,
1914 3298 2032 3390 sed,
2060 3298 2104 3355 ο

460 3428 524 3473 ιιι
549 3420 814 3488 scriptum
836 3426 939 3481 est,
966 3425 1277 3472 scr-utemur
1301 3415 1638 3487 Scripturas,
1662 3426 1722 3473 ut
1747 3418 1820 3472 ita
1848 3433 2038 3474 earum

458 3510 528 3567 de
558 3509 686 3565 Jesu
718 3509 939 3564 Christo
980 3507 1299 3565 testimonia
1329 3509 1513 3563 animo
1555 3509 1815 3578 colligere
1857 3510 2041 3571 valea-

452 3618 603 3662 mus.
635 3601 913 3657 Bidebunt
935 3616 1067 3658 sane
1088 3597 1286 3664 Graeci,
1305 3600 1647 3671 objectantes
1665 3601 1846 3666 nobis,
1870 3600 2039 3656 Deum

456 3693 944 3759 Christianorum,
993 3693 1095 3764 qui
1136 3692 1394 3749 Christus
1449 3705 1821 3764 nuncupatur,
1870 3694 2040 3751 asello

454 3785 750 3846 insedisse.
782 3782 888 3840 Sed
922 3800 1026 3846 nos
1048 3800 1228 3857 neque
1248 3784 1305 3840 in
1334 3784 1505 3841 dubio
1525 3800 1834 3851 versamur,
1866 3802 2041 3857 neque

457 3892 725 3947 negamus
752 3877 874 3946 ejus
903 3877 960 3931 in
993 3891 1162 3933 carne
1195 3876 1527 3935 adventum.
1550 3877 1678 3934 Ideo
1723 3878 1869 3934 enim
1915 3894 2041 3934 cor»

456 3968 721 4039 poraliter
750 3968 1134 4038 peregrinatus
1167 3975 1273 4032 est,
1312 3976 1371 4022 ut
1404 3968 1456 4024 id
1488 3968 1634 4039 quod
1655 3970 1892 4040 perierat
1916 3986 2042 4041 per-

459 4058 733 4129 quirendo
768 4058 1056 4127 reperiret,
1087 4067 1143 4114 et
1180 4058 1330 4129 quod
1363 4059 1586 4115 errabat
1617 4061 1925 4119 reduceret.
1960 4062 2041 4118 ita

457 4152 608 4207 enim
657 4166 756 4223 per
808 4151 1133 4222 prophetam
1176 4150 1565 4213 denuntiavit:
1597 4173 1621 4215 ι,
1658 4153 2037 4221 Revertimini,

457 4242 556 4297 ﬁlii
608 4251 965 4307 revertentes,
1019 4251 1074 4298 et
1129 4259 1233 4315 ego
1280 4244 1489 4299 sanabo
1536 4245 1896 4302 contritiones
1942 4263 2039 4303 ve-

453 4321 690 4393 stras".
729 4354 748 4386 ι
777 4332 899 4389 Non
936 4334 1036 4390 abs
1058 4349 1118 4390 re
1138 4334 1305 4404 igitur
1334 4333 1449 4388 baac
1469 4333 1850 4403 signiﬁcantur
1878 4335 1935 4390 in
1952 4334 2038 4390 di-

456 4425 605 4482 vinis
634 4423 963 4495 Scripturis,
988 4425 1196 4479 dilecti.
1231 4423 1465 4496 Magnus
1498 4425 1588 4479 hic
1620 4426 1804 4495 pullus
1831 4436 1914 4483 est
1944 4428 2039 4497 qui

459 4517 613 4582 alibi,
654 4536 673 4569 ι
706 4517 881 4573 Filius
907 4518 1097 4587 junior
1126 4537 1145 4569 ι
1180 4524 1430 4573 vocatur.
1465 4516 1601 4573 Nam
1624 4518 1842 4588 pullus,
1879 4518 2039 4587 juve-

456 4612 549 4673 nis
574 4618 661 4666 est
691 4610 902 4666 asinus.
932 4608 1043 4666 Nos
1074 4611 1283 4680 itaque,
1308 4610 1365 4665 id
1394 4617 1482 4669 est
1540 4611 1783 4666 humana
1818 4620 2037 4680 natura,

2086 2066 2096 2073 ·
2141 2065 2232 2101 σεν
2273 2046 2384 2118 (81)
2427 2047 2719 2119 ἐρχόμενος
2764 2044 2872 2099 ἀπὸ
2905 2043 3174 2114 Βηθανίας
3213 2044 3292 2106 είς
3332 2041 3680 2114 Ἰεροσόλυμα
3705 2060 3721 2072 -

2135 2138 2278 2192 οὕτω
2301 2139 2410 2211 γὰρ
2453 2138 2726 2209 Ζαχαρίας
2764 2135 3095 2211 προφητεύει
3117 2135 3323 2203 λέγων’
3361 2154 3379 2185 ι
3416 2133 3620 2187 Εἴπατε
3654 2138 3723 2206 τῇ

2137 2229 2368 2302 θυγατρὶ
2398 2228 2563 2283 Σιὼν·
2607 2229 2737 2282 Ἰδοὺ
2765 2229 2794 2280 6
2827 2227 3090 2290 Βασιλεύς
3117 2243 3210 2279 σου
3248 2226 3358 2296 (82)
3390 2225 3610 2297 ἔρχεταί
3638 2243 3726 2278 σοι

2137 2321 2338 2396 πραῢς,
2365 2319 2710 2391 ἐπιϐεϐηκὼς
2742 2319 2836 2373 ἐπὶ
2876 2318 2996 2371 ὄνον
3037 2318 3133 2371 κα).
3163 2317 3339 2372 πῶλον
3369 2317 3479 2371 υἱὸν
3521 2316 3727 2382 ὑποζυ-

2135 2414 2275 2483 γίου.
2315 2431 2334 2464 ι
2372 2413 2483 2482 Τῆς
2526 2408 2618 2465 οὖν
2649 2410 2890 2482 ἱστορίας
2922 2409 3316 2480 άληθευούσης,
3363 2406 3513 2480 ζητῶ·
3549 2409 3625 2463 τάξ
3660 2411 3724 2462 ἐν

2135 2506 2274 2577 αὐτῇ
2325 2503 2747 2575 καταχωσθέντα
2798 2502 3124 2575 πράγματα·
3174 2500 3442 2572 ζητοῦμεν
3493 2501 3582 2554 τὸν
3629 2503 3725 2554 ἐν-

2135 2593 2497 2663 αποκείμενον
2559 2590 2669 2661 (85)
2730 2592 2862 2662 ἡμῖν
2928 2590 3218 2663 θησαυρὸν,
3282 2588 3556 2661 ζητοῦμεν
3622 2590 3724 2644 τοῦ

2136 2685 2445 2756 πνεύματος
2470 2684 2568 2756 τὴν
2600 2683 2847 2754 δύναμιν.
2882 2684 2956 2736 Οὐ
2990 2682 3100 2755 γάρ
3138 2682 3265 2754 ψιλῇ
3300 2683 3511 2754 ἱστορίᾳ
3546 2700 3723 2754 προσ-

2136 2776 2367 2848 έχομεν·
2410 2775 2677 2829 Ἰουδαίων
2709 2773 2817 2845 γὰρ
2859 2775 2893 2845 ή
2941 2774 3168 2844 τοιαύτη
3211 2774 3459 2829 ἀπόνοια.
3506 2774 3728 2845 Ἀμέλει

2138 2868 2231 2921 καὶ
2287 2869 2316 2921 6
2374 2866 2577 2938 Κύριος
2630 2866 2790 2937 ἡμῶν
2851 2864 3058 2938 Ἰησοῦς
3114 2865 3368 2938 Χριστὸς,
3430 2865 3730 2936 διελέγχων

2138 2959 2316 3014 αὐτῶν
2363 2959 2460 3031 τὴν
2516 2958 2722 3021 ἄνιιαν,
2777 2957 2960 3028 φησίψ
3003 2975 3020 3006 ι
3082 2957 3369 3027 Ἐρευνᾶτε
3424 2956 3524 3019 τὰς
3577 2956 3725 3027 Γρα-

2140 3050 2265 3121 φάς,
2316 3052 2399 3104 ὅτι
2449 3052 2506 3103 ἐν
2548 3051 2737 3112 αὑταῖς
2786 3048 2993 3102 δοκεῖτε
3040 3047 3183 3119 ζωὴν
3239 3046 3456 3102 αἰώνιον
3486 3046 3653 3118 ἔχειν.
3696 3066 3719 3099 ι

2152 3141 2312 3196 Ἀλλὰ
2375 3143 2616 3196 Ἰουδαῖοι
2675 3142 2786 3212 (86)
2849 3139 2990 3212 ψιλῷ
3053 3139 3131 3211 τῷ
3188 3140 3478 3212 γράμματι
3542 3157 3723 3210 προσ-

2139 3233 2353 3306 έχοντες
2393 3234 2907 3305 ἐλιμοκτονήθησαν.
2949 3233 3162 3297 Εἱδότες
3204 3229 3296 3287 οὖν
3337 3235 3517 3304 ἡμεῖς,
3561 3232 3725 3285 ἀδελ-

2138 3327 2247 3396 φοὶ,
2293 3327 2376 3379 ὅτι
2408 3326 2467 3378 τὸ
2498 3327 2595 3397 μὲν
2619 3326 2854 3398 γράμμα
2885 3325 3214 3391 ἀποκτείνει,
3268 3324 3330 3378 τὸ
3392 3325 3449 3379 δὲ
3503 3325 3732 3396 πνεῦμα.

2140 3415 2414 3483 ζωοποιεῖ,
2450 3419 2510 3471 οὐ
2545 3418 2704 3489 μόνον
2746 3421 2812 3490 τῇ
2867 3418 3079 3489 ἱστορίᾳ
3107 3417 3215 3471 τῶν
3248 3417 3481 3489 Γραφῶν
3524 3417 3727 3484 ἐξακο-

2139 3508 2488 3581 λουθήσωμεν
2543 3509 2678 3580 (85),
2710 3509 2830 3563 οὐδὲ
2879 3509 2955 3573 ὡς
2984 3509 3233 3583 ,Ἰουδαῖοι
3260 3507 3401 3578 ψιλῷ
3431 3508 3508 3579 τῷ
3546 3509 3730 3580 γράμ-

2144 3620 2273 3675 ματι
2304 3602 2681 3674 προσέχωμεν,
2711 3601 2851 3666 ἀλλ’,
2884 3601 2960 3665 ῶς
3006 3600 3335 3671 γέγραπται,
3367 3601 3593 3671 ἐρευνᾷν
3620 3600 3730 3663 τὰς

2138 3693 2181 3747 Γ
2185 3692 2365 3765 ραφάς
2394 3692 2699 3764 ὀφείλομεν,
2744 3692 2812 3745 ἵν’
2859 3688 3003 3744 οὕτω
3040 3691 3140 3761 τὴν
3178 3692 3241 3744 ἐκ
3280 3689 3483 3744 τούτων
3509 3707 3729 3761 μαρτυ-

2144 3784 2265 3857 ρίαν
2302 3785 2431 3857 περὶ
2476 3782 2569 3838 τοῦ
2608 3782 2782 3853 Ἰησοῦ
2831 3782 3155 3837 καταλαϐεῖν
3184 3780 3521 3853 δυνηθῶμεν.
3556 3780 3732 3840 Γελά-

2144 3892 2297 3929 σουσι
2334 3875 2443 3947 γὰρ
2478 3875 2574 3929 καὶ
2614 3873 2873 3946 Ἕλληνες
2912 3873 3032 3929 καθ’
3060 3872 3221 3946 ἡμῶν
3264 3874 3534 3942 λέγοντες,
3578 3874 3662 3926 ὅτι
3695 3876 3732 3927 6

2141 3968 2276 4033 Θεὸς
2309 3966 2416 4025 τῶν
2445 3964 2782 4040 Χριστιανῶν
2808 3968 2836 4020 6
2858 3965 3195 4037 καλούμενος
3216 3965 3453 4038 Χριστὸς
3486 3966 3564 4029 είς
3593 3967 3729 4033 ὀνά-

2144 4082 2259 4136 ριον
2284 4062 2504 4121 ἐκάθισε
2527 4062 2662 4133 (86).
2696 4062 2804 4125 Καὶ
2831 4064 2990 4133 ἡμεῖς
3018 4062 3120 4114 οὐκ
3143 4060 3574 4132 ἀμφιϐάλλομεν,
3599 4061 3731 4117 οὐδὲ

2142 4157 2455 4228 ἀρνούμεθα
2487 4155 2652 4218 αὑτοῦ
2684 4154 2785 4226 τὴν,
2814 4156 2871 4207 ἐν
2904 4155 3069 4226 σαρκὶ
3102 4153 3401 4226 παρουσίαν
3436 4153 3567 4224 (87).
3621 4155 3731 4207 Διά

2142 4246 2251 4318 γὰρ
2276 4244 2432 4299 τοῦτο
2465 4243 2790 4316 σωματικῶς
2833 4244 3200 4314 ἐπεδήμησεν,
3240 4244 3331 4298 ἵνα
3363 4244 3423 4297 τὸ
3440 4242 3728 4307 ἀπολωλὸς

2143 4338 2383 4417 ζητήσας
2412 4336 2569 4409 εὕρῃ,
2599 4337 2691 4391 καὶ
2722 4336 2782 4388 τὸ
2810 4334 3160 4405 πλανώμενον
3203 4336 3521 4408 ἐπιστρέψῃ.
3561 4334 3741 4389 Οὕτω.

2142 4432 2252 4502 γὰρ
2291 4430 2382 4483 καὶ
2408 4427 2499 4481 διὰ
2528 4427 2623 4481 τοῦ
2656 4428 2933 4498 προφήτου
2981 4425 3079 4498 βοᾷ
3125 4426 3329 4495 λέγων·
3366 4446 3385 4477 ι
3435 4426 3728 4498 Ἐπιστρέ-

2142 4522 2303 4592 ιῖιατε,
2340 4522 2447 4575 υἱοὶ
2472 4521 2910 4593 ἐπιστρέφοντες,
2939 4520 3094 4589 κάγὼ
3122 4520 3340 4591 ἰάσομαι
3361 4518 3431 4572 τὰ
3459 4519 3729 4589 συνιρίμι

2148 4630 2292 4683 ματα
2338 4612 2510 4683 ὑμῶν.
2568 4631 2586 4663 ι
2633 4611 2938 4683 Πράγματα
2968 4606 3061 4664 οὖν
3090 4611 3206 4663 ἐστι
3239 4610 3307 4675 τά
3347 4609 3741 4681 σημαινόμενα..

529 4765 575 4799 ⁸⁸
604 4763 711 4823 lsa.
737 4779 815 4829 ix,
839 4766 893 4830 1,
928 4763 982 4819 2.
1055 4764 1101 4796 ’°
1139 4762 1304 4819 Zach.
1338 4779 1426 4830 ιι,
1459 4762 1512 4818 9.
1589 4764 1633 4796 ⁹¹
1675 4761 1835 4820 Joan.
1870 4780 1925 4830 v,
1956 4765 2037 4820 59.

2149 4766 2175 4796 ⁸-
2204 4763 2307 4820 Jer.
2346 4781 2441 4830 ιιι,
2475 4764 2567 4819 22.

533 4922 644 4994 (79)
682 4920 1038 4991 Anglicanus.
1067 4921 1124 4972 ἐν
1148 4921 1323 4991 ἀγορᾷ
1354 4920 1471 4973 διατ
1516 4919 1637 4973 ίόει.
1674 4918 1819 4983 Mox,
1856 4920 2037 4989 Angli-

533 5009 654 5056 nus,
687 4995 888 5054 πάντες
909 4989 1089 5044 αὐτῶν
1118 4991 1249 5059 περὶ
1271 4989 1437 5042 αὑτοῦ
1471 4937 1598 5059 ἔσχ.
1645 4989 1869 5059 Regius,
1915 4992 2037 5044 πάν-

2150 4921 2283 4976 ἁλλά
2325 4922 2561 4977 Ἰουδαῖοι
2594 4923 2712 4991 μέν.
2743 4922 2884 4986 Mox,
2910 4924 3263 4994 προσέχοντες
3296 4920 3450 4977 deest
3476 4920 3530 4973 in
3565 4918 3728 4975 Basi-

2149 4992 2310 5053 Πειιεί
2343 5003 2397 5048 et
2428 4993 2638 5059 Anglic.

459 4989 654 5056 canus,
687 4989 888 5054 πάντες
909 4989 1089 5044 αὐτῶν
1118 4989 1437 5061 περιίαὺτού
1471 4989 1598 5061 ἡσχ.

460 5008 654 5056 canus,
687 5007 888 5054 παντες
909 5008 1089 5044 αυτων
1118 5007 1249 5061 περι
1271 5007 1437 5042 αυτου
1471 5007 1598 5112 ne}.
1645 5007 1869 5060 negius,
1915 5009 2041 5044 παν-

460 5081 553 5127 τες
581 5062 716 5134 όμοῦ
744 5062 950 5134 -όναρίῳ
983 5059 1480 5132 παρακαθέζονται.
1520 5059 1551 5113 5
1576 5076 1666 5125 οι,
1697 5060 2041 5125 Basiliessis,

463 5135 557 5187 ἐπὶ
585 5130 825 5202 ἀμφόδου
854 5130 1090 5202 δέχεται.

536 5152 557 5186 ι
585 5152 619 5186 α
670 5152 825 5201 φοοου
855 5152 1090 5202 οεχεται.

536 5152 663 5275 (8οςι
692 5202 912 5275 Regius,
946 5204 1027 5275 εἰς
1060 5199 1248 5275 ἀγρόν.
1301 5199 1466 5275 Editi,
1503 5202 1583 5275 είς
1623 5201 1849 5275 ἀγοράν.
1897 5201 2041 5275 Mox,

460 5270 637 5371 Dasil.
678 5270 1055 5343 én‘dpcpdciou
1104 5270 1342 5340 δέχεται.
1392 5270 1604 5340 Anglic.
1669 5270 1754 5324 ἐπ’
1800 5272 2043 5325 ἀμφόδου

466 5344 768 5413 ἐκδέχεται.

541 5410 652 5483 (8⁷1⁷)
695 5412 820 5484 Seg.
853 5422 907 5484 et
950 5412 1117 5468 Basil.
1164 5410 1511 5465 ἐπεκάθισεν.
1557 5410 1715 5482 Angl.
1749 5411 2053 5480 ἐκάθησεν.·

467 5479 614 5552 Idem
636 5479 796 5548 mox:
827 5482 971 5552 οὕτω
995 5484 1089 5538 καὶ
1119 5484 1251 5552 Ζαχ.

539 5551 649 5618 (82)
690 5552 793 5605 Σου
825 5551 977 5608 deest
1008 5554 1062 5607 in
1099 5550 1413 5609 Golilerian.
1443 5559 1498 5609 et
1543 5551 1689 5607 Felc.
1727 5551 1779 5605 1.
1813 5550 2037 5611 Ibidem,

471 5620 813 5691 ὲπιὸεῆηκώς
844 5622 997 5677 abest
1024 5639 1052 5675 a
1082 5623 1367 5677 Basiliensi
1403 5631 1456 5677 et
1486 5622 1808 5691 Anglicano.

541 5691 650 5762 (85)
690 5690 766 5762 ita
799 5693 1033 5762 maxima
1068 5709 1192 5762 pars
1222 5711 1353 5754 mss.
1393 5693 1561 5757 Editi,
1582 5690 1965 5761 ἀποκείμενον.

539 5758 651 5834 (81)
693 5759 785 5818 Sic
823 5758 1305 5838 Regium—Comet.
1356 5772 1407 5819 et
1446 5762 1591 5820 Felc.
1625 5763 1675 5816 1.
1714 5758 1852 5817 ιζ(ίίιί
1887 5776 2035 5827 vero,

1645 4989 1869 5060 Regius,
1915 4992 2045 5044 πάν-

2149 4992 2310 5053 ι,ὶειιεί
2343 5003 2397 5048 et
2428 4993 2638 5061 Anglic.

2220 5062 2328 5132 (85)
2370 5064 2591 5130 Regius,
2635 5062 3113 5132 ἐξακολουθοῦμεν.
3154 5061 3378 5131 Seguer.
3412 5072 3464 5116 et
3492 5067 3721 5124 Gobler.

2145 5132 2683 5205 ὲξακολουθήσωμεν.
2708 5134 2875 5188 Paulo
2908 5132 3313 5205 post,_Regius,
3351 5132 3578 5203 Seguer.
3611 5139 3725 5193 Ba-

2149 5205 2237 5277 sil.
2285 5202 2784 5277 ᾼᾼηειίό.-ὲρευνᾷν,
2835 5202 3205 5277 τρριεξηΕιΙὶιὶι
3235 5217 3364 5277 vero
3407 5202 3462 5277 et
3510 5212 3725 5277 caeteri,

2147 5272 2494 5344 ἐρευνῶντες.
2519 5272 2684 5327 Paulo
2708 5272 2856 5344 post,
2893 5274 3202 5327 Goblerian.
3234 5274 3325 5344 ἐπὶ
3350 5276 3444 5329 τοῦ
3483 5279 3682 5344 Ἰησοῦ.

2220 5312 2873 5423 ξέεξῖιξιξιῑοῖζῖέξάξδῑιξῖ,
3500 5312 3722 5423 ξίξξέῖ

2147 5414 2311 5489 editis
2334 5423 2392 5489 et
2422 5415 2476 5489 in
2499 5415 2997 5489 quibusdam__mss_.
3032 5415 3249 5489 legitur,
3283 5415 3375 5467 καὶ
3402 5414 3562 5489 ἡμεῖς
3592 5419 3719 5489 μέν,

2144 5482 2401 5556 εθόᾼμὲνγ
2427 5482 2579 5556 deest
2612 5485 2667 5538 in
2697 5485 2982 5556 Basiliensi
3008 5492 3060 5540 cl
3089 5482 3410 5556 Anglicani).

2218 5552 2339 5626 (87)_
2370 5553 2691 5626 Basiliensis
2723 5562 2775 5608 et
2817 5555 3028 5626 Anglic.
3075 5552 3478 5626 thv'évaapxov
3510 5573 3722 5626 παρουο

2149 5621 2465 5745 ἓξΐὲἰὲἐξιτι
2486 5621 3019 5687 (ἰοὺιετίιιηεδιὰτοῦ
3046 5621 3320 5699 προφήτου
3350 5621 3533 5705 φησίν·
3571 5621 3726 5683 Ἐπι-

2148 5708 2429 5764 στρεφατε.
