3890 6200
439 306 553 365 183

1583 311 1643 370 S.
1684 308 2149 367 ATHANASIUS.
2186 337 2258 352 -—
2307 307 2538 367 num.

3583 309 3701 368 ρει

439 431 625 497 gestas
651 438 709 479 ml
737 423 966 495 gratiam
999 423 1227 480 humani
1257 424 1492 497 generis,
1522 424 1591 482 de
1616 440 1769 481 more
1797 423 2002 480 invidet

2124 438 2261 477 ιενα.
2312 421 2526 493 ’Δμέλει
2554 421 2650 476 καὶ
2692 420 2814 475 τότε
2840 422 3058 478 πάλινιδ
3090 423 3356 489 ἀντίδικος
3390 427 3546 497 ἡμῶν
3569 429 3692 483 διά-

439 516 548 584 ipsi
578 534 599 571 ι
627 525 782 572 ratus
816 516 962 572 enim
999 532 1030 573 e
1057 517 1219 588 vulgo
1255 517 1493 587 aliquem
1541 531 1665 573 esse
1696 516 2003 581 dominum,

440 604 712 661 Herodem
742 605 998 671 adornat,
1045 606 1142 676 qui
1185 613 1381 660 natum
1416 621 1610 661 verum
1652 603 1854 676 Regem
1893 619 2019 675 per-

439 696 756 768 vestigaret,
806 704 868 753 ut
894 698 1097 769 -ipsum
1146 697 1419 768 perderet.
1473 696 1763 767 Proprium
1814 695 2017 766 quippe

441 790 821 847 Scelestissimi
858 797 915 846 et
958 789 1156 846 nefarii
1186 791 1336 846 illius
1381 798 1467 848 est
1512 790 1738 861 perdere
1764 797 1820 845 et
1869 789 2017 844 occi-

442 880 572 937 dere
605 901 618 937 :
649 881 780 939 Jesu
808 897 940 937 vero
976 882 1258 952 proprium
1290 891 1373 938 est
1401 897 1623 938 servare
1645 890 1808 951 atque
1841 881 2012 947 tueri;

442 988 575 1028 suas
602 974 804 1043 quippc
843 974 1137 1029 miseratur
1179 981 1483 1037 creaturas,
1518 974 1788 1044 siquidem
1830 973 2014 1027 omnia

440 1078 542 1134 per
578 1064 758 1133 ipsum
780 1063 924 1118 facta
952 1072 1101 1120 sunt.
1136 1064 1460 1131 Quaeramus
1489 1066 1656 1135 igitur
1684 1078 1873 1119 verum
1907 1063 2015 1118 Re-

394 1178 399 1187 -
439 1171 562 1226 gem
593 1154 887 1210 Dominum
921 1166 1176 1211 nostrum
1211 1156 1399 1212 Iesum
1440 1156 1723 1212 Christum
1756 1172 1769 1207 :
1801 1170 2014 1225 nosque

440 1249 591 1318 ipsos
611 1250 1009 1314 examinemus,
1039 1266 1171 1306 num
1202 1252 1381 1308 soluta
1410 1250 1522 1307 sint
1554 1250 1772 1307 vincula
1801 1257 2009 1305 nostra.

440 1340 598 1407 Quod
631 1342 678 1397 si
707 1343 884 1398 soluta
914 1351 1061 1408 sunt,
1084 1344 1137 1397 in
1160 1344 1358 1400 melius
1382 1344 1730 1414 proﬁciamus
1754 1359 1768 1395 :
1789 1344 1841 1398 si
1874 1358 2011 1399 non-

440 1434 571 1487 dum
602 1434 780 1489 soluta
808 1444 936 1490 sunt
962 1436 1179 1490 vincula
1212 1444 1326 1500 tua,
1360 1434 1515 1491 trade
1551 1436 1786 1503 teipsum
1845 1435 2011 1491 disci-

441 1526 589 1596 pulis
614 1526 768 1583 Jesu.
798 1529 1013 1584 Adsunt
1047 1530 1192 1584 enim
1224 1530 1319 1599 qui
1369 1544 1471 1585 nos
1504 1529 1740 1593 solvant,
1787 1536 2011 1598 accepta

441 1631 508 1671 ea
532 1632 564 1670 a
590 1615 874 1673 Salvatore
905 1626 1209 1687 potestate:
1249 1638 1269 1671 ‹
1302 1617 1681 1689 Quodcunque
1714 1616 2012 1688 ligaveritis

443 1723 612 1781 super
634 1717 839 1765 terram
873 1710 978 1764 erit
1009 1710 1234 1780 ligatum
1266 1718 1321 1765 et
1351 1710 1405 1763 in
1434 1711 1613 1775 caelis,
1641 1717 1696 1765 et
1724 1707 2011 1779 quodcun-

2117 513 2294 582 ϐολος,
2320 513 2462 586 ὁρῶν
2504 511 2575 567 τὰ
2596 512 3005 585 κατορθούμενα
3029 512 3109 586 τῷ
3132 515 3244 569 τῶν
3271 513 3570 587 ἀνθρώπων
3594 518 3693 585 γέ·

2116 621 2219 671 νει,
2259 602 2505 675 συνήθως
2550 602 2833 674 ἐφθόνησε.
2868 603 3111 675 Νομίσας
3138 604 3250 676 γὰρ
3290 603 3388 659 ἕνα
3414 603 3522 658 τῶν
3558 606 3695 660 πάν-

2115 712 2224 749 των
2259 690 2398 750 εἶναι
2445 694 2537 749 τὸν
2565 694 2792 766 Κύριον,
2843 694 3250 767 παρασκευάζει
3296 698 3390 751 τὸν
3444 688 3703 770 Ἡρώδην

2116 785 2345 857 ζητῆσαι
2376 786 2467 839 τὸν
2489 786 2748 857 τεχθέντα
2771 786 3020 859 ἀληθινὸν
3058 788 3310 853 Βασιλέα,
3352 789 3501 852 ὅπως
3527 789 3703 844 αὐτὸν.

2114 877 2375 950 ἀπολέσῃ.
2404 879 2563 932 Ἴδιον
2600 880 2707 950 γάρ
2736 881 2852 933 ὲστι
2885 878 2984 933 τοῦ
3014 881 3335 953 παμμιάρου
3365 878 3552 934 τούτου
3596 881 3697 935 καὶ⁵

2114 970 2402 1039 παγκάκου
2438 969 2726 1024 ἀπολλύειν
2762 971 2856 1024 καὶ
2883 972 3254 1026 ἀποκτείνεινο
3290 972 3384 1025 τοῦ
3415 973 3473 1027 δὲ
3517 971 3696 1045 Ἰησοῦ

2117 1061 2245 1118 ἴδιόν
2277 1065 2395 1117 ἐστι
2420 1063 2482 1116 τὸ
2508 1062 2701 1127 σώζειν
2727 1064 2820 1117 καὶ
2847 1064 3245 1134 περιποιεῖσθαι
3269 1080 3284 1093 °
3324 1066 3418 1118 καὶ
3447 1065 3556 1136 γὰρ
3578 1067 3700 1134 φεί-

2111 1156 2262 1211 δεται
2309 1156 2418 1211 τῶν
2460 1156 2653 1209 ἑαυτοῦ
2699 1156 3037 1227 κτισμάτων,
3070 1157 3255 1229 ἐπειδὴ
3282 1158 3377 1211 καὶ
3408 1158 3584 1211 πάντα
3626 1159 3698 1212 δι’

2112 1246 2277 1301 αὐτοῦ
2321 1247 2558 1315 ἐγένετο.
2605 1245 3054 1319 Ἐπιζητήσωμεν
3092 1246 3380 1319 τοιγαροῦν
3427 1248 3518 1301 τὸν
3561 1248 3700 1319 ἀλη-

2112 1337 2255 1392 θινὸν
2301 1338 2533 1392 Βασιλέα
2581 1338 2674 1392 τὸν
2720 1337 2923 1409 Κύριον
2953 1338 3110 1409 ἡμῶν
3164 1338 3372 1410 Ἰησοῦν
3423 1338 3697 1410 Χριστόν⁶

2113 1430 2458 1501 ἐξετάσωμεν
2502 1431 2747 1495 ἑαυτοὺς,
2794 1431 2844 1481 εἰ
2890 1428 3157 1499 ἐλύθησαν
3203 1428 3363 1499 ήμῶν
3389 1431 3436 1481 οί
3485 1429 3699 1499 δεσμοί’

2111 1522 2222 1575 Καὶ
2256 1524 2305 1575 εί
2334 1522 2616 1593 λελυμένοι
2647 1522 2774 1586 εἰσὶ,
2812 1519 3172 1591 προκόψωμεν
3221 1520 3315 1573 ἐπὶ
3356 1520 3416 1572 τὺ
3448 1519 3655 1590 βέλτιον
3680 1537 3695 1549 °

2110 1614 2160 1665 εί
2203 1613 2260 1667 δὲ
2297 1614 2462 1685 μήπω
2513 1612 2762 1666 λέλυνταί
2804 1629 2897 1665 σου
2944 1612 2995 1664 οἱ
3038 1609 3247 1682 δεσμοὶ,
3279 1610 3460 1674 ἐπίδος
3506 1611 3703 1664 ἑαυτὸν

2109 1706 2219 1767 τοῖς
2279 1704 2547 1775 μαθηταῖς
2593 1703 2688 1757 τοῦ
2729 1703 2930 1775 Ἰησοῦ.
2967 1703 3198 1774 Πάρεισι
3244 1702 3353 1775 γὰρ
3393 1705 3444 1755 οί
3482 1702 3705 1766 λύοντες

444 1815 551 1868 que
581 1800 854 1856 solveritis
883 1814 1048 1870 super
1085 1807 1290 1855 terram
1317 1801 1435 1855 erit
1454 1800 1696 1856 solutum
1725 1808 1779 1856 et
1804 1800 1861 1853 in
1898 1814 2010 1854 coe-

2124 1796 2288 1866 ἠμᾶς,
2311 1795 2558 1862 ἐξουσίαν
2593 1795 2797 1865 ταύτην
2825 1794 3106 1866 εἰληφότες
3130 1794 3282 1866 παρά
3305 1793 3398 1848 τοῦ
3425 1794 3699 1865 Σωτῆρος.

443 1891 605 1956 lis";
637 1910 661 1943 ι
682 1898 738 1946 et
767 1910 781 1946 :
815 1909 835 1942 ι
862 1891 1107 1957 Quorum
1129 1891 1453 1947 remiseritis
1474 1898 1696 1960 peccata
1728 1892 2013 1947 remittun-

444 1990 538 2034 tur
553 1980 635 2036 eis
652 1978 860 2049 ‘.jBeati
883 1999 902 2031 ι
924 1980 1089 2050 igitur
1110 1995 1375 2049 «quorum
1400 1981 1644 2036 remissae
1663 1988 1793 2036 sunt
1809 1980 2013 2051 iniqui-

446 2080 588 2128 tates
617 2078 672 2127 et
699 2086 934 2142 quorum
956 2079 1098 2127 tecta
1134 2081 1263 2126 sunt
1292 2074 1571 2143 peccata’.
1603 2092 1623 2126 ι

520 2421 574 2478 8.
602 2420 867 2477 Dixerunt
898 2423 1065 2494 igitur
1100 2421 1308 2478 domini
1340 2422 1470 2492 pulli
1506 2421 1654 2478 illius
1691 2422 1759 2478 ad
1783 2423 2021 2493 discipu-

449 2514 569 2570 ius:
601 2532 621 2565 ι
659 2513 772 2569 Cur
820 2515 1032 2571 solvitis
1065 2516 1319 2585 pullum?
1357 2535 1376 2568 ι
1422 2514 1846 2585 Responderunt
1891 2516 1968 2570 illi
2001 2536 2017 2571 :

454 2620 475 2654 ι
498 2602 635 2669 Quia
663 2601 929 2659 Dominus
948 2605 1043 2659 illo
1064 2620 1203 2675 opus
1228 2604 1450 2661 habet’.
1482 2625 1502 2658 ι
1523 2603 1690 2663 Vides
1714 2605 2019 2676 sapientem

450 2694 845 2764 discipulorum
886 2690 1300 2764 responsionem
1331 2715 1346 2751 :
1375 2696 1662 2752 audientes
1706 2697 1851 2751 enim
1899 2696 2020 2752 falsi

449 2786 655 2841 domini
680 2787 840 2844 istius
887 2789 1045 2859 pulli,
1081 2789 1227 2858 quod
1265 2803 1431 2843 verus
1483 2787 1750 2842 Dominus
1780 2804 1847 2842 eo
1884 2803 2022 2858 opus

450 2875 696 2941 haberet,
726 2877 864 2931 nihil
893 2878 1137 2932 secundo
1176 2884 1473 2947 reponunt;
1499 2877 1595 2933 sed
1626 2889 1775 2948 terga
1806 2878 2020 2943 dantes,

449 2965 585 3019 nihil
634 2966 777 3020 ultra
810 2981 1115 3038 repugnare
1163 2968 1386 3024 audent.
1418 2967 1611 3023 Statim
1650 2969 1835 3039 itaque
1869 2970 2024 3024 festi-

449 3066 583 3113 nant
610 3058 679 3114 ad
709 3059 1008 3130 principem
1046 3075 1207 3116 suum
1255 3060 1555 3126 diabolum,
1596 3061 1685 3116 cui
1721 3077 1841 3131 qua:
1874 3070 2026 3133 gesta

449 3157 635 3204 essent
684 3150 1020 3205 renuntiant.
1068 3150 1245 3221 Atque
1296 3151 1388 3205 hic
1432 3151 1583 3216 mihi,
1639 3167 1847 3222 quaeso,
1899 3142 2092 3206 videC

450 3241 738 3297 consilium
788 3249 843 3296 et
911 3241 1358 3297 deliberationem
1405 3242 1670 3299 adversus
1711 3244 2020 3299 Dominum.

449 3331 735 3403 Coguntur
770 3332 846 3387 ibi
887 3334 1157 3389 universa
1199 3334 1525 3390 adversariae
1571 3344 1890 3405 potestates,
1916 3334 2026 3389 cili-

450 3420 701 3492 citurque
721 3422 950 3478 ecclesia
973 3424 1409 3494 malignantium,
1456 3432 1517 3480 ut
1539 3426 1854 3495 impleretur
1878 3424 2025 3496 quod

451 3514 657 3568 dictum
684 3522 768 3570 est
794 3528 892 3586 per
912 3513 1240 3585 Prophetam
1263 3533 1276 3568 :
1302 3534 1320 3567 ι
1341 3514 1643 3571 Astiterunt
1673 3533 1826 3587 reges
1843 3528 2019 3582 terrae,

451 3612 507 3661 et
529 3605 805 3676 principes
829 3616 1204 3662 convenerunt
1233 3608 1290 3662 in
1321 3624 1514 3674 unum,
1538 3611 1803 3665 adversus
1837 3609 2023 3665 Domi-

452 3712 585 3752 num
613 3704 669 3752 et
692 3698 957 3753 adversus
986 3696 1264 3753 Christum
1288 3699 1409 3769 ejus
1423 3699 1465 3754 ‘.
1501 3719 1521 3752 ι
1556 3699 1752 3754 Dicunt
1783 3702 1925 3755 enim
1954 3698 2024 3753 ad

453 3790 732 3846 diabolum
780 3790 976 3845 nefarii
1020 3790 1294 3847 daemones
1323 3811 1335 3846 :
1367 3790 1507 3857 Quid
1548 3790 1814 3847 facimus?
1841 3792 2022 3862 pullus

455 3882 669 3936 solutus
696 3888 803 3946 est,
833 3881 966 3936 abiit
990 3880 1058 3934 ad
1088 3880 1376 3937 Dominum
1406 3897 1607 3949 suum;
1643 3897 1752 3937 non
1771 3882 1883 3952 jam
1920 3883 2022 3937 sub

452 3987 621 4027 manu
655 3980 750 4027 tua
788 3979 895 4037 est,
929 3986 1032 4027 nec
1072 3971 1215 4027 ultra
1252 3972 1333 4026 illi
1371 3971 1694 4028 dominaris.
1736 3971 2023 4042 Cogitabat

454 4064 653 4119 deinde
681 4063 849 4118 miser
894 4062 1167 4128 diabolus,
1204 4063 1335 4133 quid
1362 4074 1553 4118 contra
1594 4062 1780 4119 Jesum
1806 4064 2023 4119 molire-

453 4165 566 4212 tur.
605 4154 760 4210 Tunc
789 4161 1165 4210 convenerunt
1210 4154 1408 4210 scribae
1438 4163 1494 4211 et
1535 4155 1792 4211 Pharisaei
1826 4156 1882 4208 in
1924 4171 2023 4209 au-

452 4247 560 4301 iam
588 4244 829 4317 Caiphae,
860 4256 914 4300 et
940 4247 1230 4300 consilium
1262 4247 1503 4301 inierunt
1525 4247 1787 4303 adversus
1810 4246 2018 4313 Jcsum,

454 4337 731 4407 quomodo
772 4353 895 4393 eum
934 4338 1244 4408 perderent.
1274 4336 1603 4408 lgnorabant
1635 4340 1780 4394 enim
1810 4339 2018 4405 miseri,

453 4428 575 4498 ejus
621 4435 853 4484 mortem
915 4429 1378 4484 immortalitatem
1430 4431 1589 4486 nobis
1636 4431 1953 4502 largituram
2003 4451 2018 4485 :

453 4523 683 4591 ejusque
706 4521 1052 4586 descensum,
1072 4536 1359 4577 ascensum
1388 4522 1550 4578 nobis
1573 4524 1629 4577 in
1657 4524 1857 4578 coelum
1887 4539 2021 4579 con-

454 4610 691 4666 ciliasse.
708 4608 1029 4666 Resurrexit
1052 4612 1198 4666 enim
1226 4610 1491 4668 Dominus
1520 4614 1679 4669 tertia
1715 4615 1851 4669 diea
1871 4604 2048 4669 mor--

455 4704 588 4767 tuis,
607 4704 840 4775 spoliato
858 4702 1093 4769 inferno,
1117 4705 1329 4759 calcato
1346 4704 1589 4772 inimico,
1619 4708 1800 4762 soluta
1821 4714 2016 4771 morte,

454 4794 646 4850 fractis
690 4805 1060 4865 peccatorum,
1104 4797 1303 4867 quibus
1352 4796 1695 4864 tenebamur,
1745 4798 2017 4855 vinculis:

2003 4473 2017 4485 ’
2049 4479 2096 4533 D

2118 1903 2138 1936 ι
2179 1885 2299 1937 Ὅτι
2324 1885 2352 1938 ὃ
2380 1884 2474 1938 ὲάν
2498 1884 2695 1956 δήσητε
2722 1884 2814 1937 ἐπὶ
2848 1884 2948 1954 τῆς
2974 1884 3099 1954 γῆς,
3133 1885 3285 1938 ἔσται
3336 1883 3614 1954 δεδεμένον
3630 1882 3703 1935 ’ὲν

2111 1981 2224 2042 τοῖς
2261 1980 2509 2050 οὐρανοῖς
2531 1995 2546 2008 °
2579 1978 2673 2032 καὶ
2700 1978 2728 2030 ὃ
2757 1977 2852 2031 ἐὰν
2877 1976 3076 2049 λύσητε
3119 1978 3209 2030 ἐπὶ
3234 1978 3335 2048 τῆς
3379 1976 3504 2046 γῆς,
3546 1976 3703 2050 ἔσταιι

2112 2067 2403 2140 λελυμένον
2434 2071 2492 2123 ὲν
2525 2072 2636 2133 τοῖς
2667 2069 2935 2140 οὐρανοῖς·
2983 2087 3003 2119 ι
3036 2067 3131 2121 καὶ
3168 2067 3329 2121 πάλιν
3357 2066 3444 2132 (97
3451 2087 3469 2136 )
3492 2084 3508 2100 ⁸
3535 2086 3554 2119 ι
3577 2067 3705 2120 Ἐάν

2116 2175 2281 2211 τινων
2327 2160 2502 2229 ἀφῆτε
2532 2158 2631 2223 τὰς
2674 2158 2967 2230 ἁμαρτίας,
3020 2158 3271 2226 ἀφίενται
3308 2158 3510 2220 αὐτοῖς.
3576 2157 3705 2211 Μα-

2117 2250 2297 2321 κάριοι
2334 2270 2352 2302 ι
2390 2248 2711 2321 τοιγαροῦν,
2792 2269 2811 2301 ι
2851 2242 2926 2303 ῶν
2985 2248 3262 2320 ἀφέθησαν
3322 2250 3379 2302 αἱ
3436 2249 3706 2319 ἁμαρτίαι

2118 2341 2215 2395 καὶ
2254 2334 2327 2396 ῶν
2375 2341 2830 2412 ὲπεκαλύφθησαν
2859 2343 2915 2394 αἱ
2942 2340 3181 2411 ἀνομίαι.
3223 2360 3243 2393 ›

2114 2462 2117 2465 -
2189 2433 2242 2488 8.
2284 2430 2450 2487 Εἶπον
2477 2430 2569 2487 οὖν
2594 2435 2643 2486 οἱ
2667 2432 2846 2504 κύριοι
2868 2433 2962 2486 τοῦ
2996 2433 3179 2486 πώλου
3208 2432 3347 2503 πρὸς
3374 2432 3502 2496 τοὺς
3529 2432 3706 2503 μαθηα

2119 2524 2251 2587 τὰς’
2290 2542 2310 2575 ι
2362 2524 2428 2577 Τί
2466 2524 2621 2576 λύετε
2649 2523 2738 2577 τὸν
2772 2524 2983 2589 πῶλον;
3041 2544 3061 2576 ι
3117 2525 3181 2576 Οἱ
3211 2523 3268 2576 δὲ
3316 2522 3705 2594 ἀποκριθέντες

2123 2616 2236 2688 (98)
2284 2611 2468 2670 εἶπον·
2513 2635 2531 2667 ι
2590 2617 2713 2670 Ὅτι
2754 2619 2782 2670 6
2808 2616 3012 2689 Κύριος
3060 2615 3225 2670 αὐτοῦ
3269 2616 3458 2686 χρείαν
3499 2614 3634 2685 ἔχει.
3678 2635 3699 2667 ο

2133 2706 2295 2778 Ὁρᾷς
2324 2706 2433 2759 τῶν
2469 2706 2723 2778 μαθητῶν
2747 2708 2845 2779 τὴν
2879 2709 3048 2778 σοφὴν
3083 2708 3373 2778 ἀπόκρισιν
3395 2722 3407 2734 ο
3440 2706 3706 2760 ἀκούσαν-

2121 2814 2213 2860 τες
2260 2798 2368 2869 γὰρ
2399 2800 2447 2850 οἱ
2477 2798 2692 2867 ψευδεῖς
2733 2798 2913 2870 κύριοι
2962 2798 3054 2851 τοῦ
3101 2796 3302 2863 πώλου,
3351 2798 3433 2849 ὅτι
3460 2799 3488 2849 6
3534 2796 3705 2859 ὅντως

2124 2889 2218 2941 καὶ
2248 2888 2451 2961 ἀληθὴς
2488 2890 2690 2960 Κύριος
2732 2889 2897 2942 αὐτοῦ
2942 2890 3131 2960 χρείαν
3159 2888 3294 2959 ἔχει,
3328 2888 3576 2959 δεύτερον
3603 2887 3703 2940 οὐκ

2124 2979 2503 3050 ἀπεκρίνοντο,
2534 2979 2671 3033 ἀλλὰ
2698 2979 2843 3033 νῶτα
2870 2978 3125 3040 διδόασιν,
3155 2979 3255 3030 οὐκ
3291 2976 3370 3030 ἔτι
3400 2977 3704 3046 ἀντιλέγειν

2125 3071 2399 3142 τολμῶσιν
2441 3072 2573 3143 (99).
2615 3072 2791 3136 Εὐθὺς
2835 3069 2927 3126 οὖν
2977 3071 3262 3125 σπεύδουσι
3306 3070 3443 3143 πρὸς
3478 3070 3571 3123 τὸν
3614 3071 3707 3139 ἀρ-

2125 3181 2288 3233 χοντα
2328 3163 2505 3217 αὐτῶν
2543 3164 2633 3217 τὸν
2670 3164 2936 3229 διάϐολον,
2969 3161 3405 3231 ἀπαγγέλλουσιν
3450 3161 3600 3232 αὐτῷ
3636 3162 3705 3214 τά

2127 3255 2527 3326 συμϐεϐηκότα.
2564 3257 2674 3308 Καὶ
2717 3257 2819 3328 ὅρα
2865 3258 2983 3310 ἐ.κεῖ
3016 3254 3339 3325 συμϐούλιον
3374 3255 3468 3306 καὶ
3515 3253 3705 3323 σκέψιν

2124 3348 2266 3401 κατά
2301 3347 2396 3400 τοῦ
2430 3349 2656 3420 Κυρίου.
2695 3349 2993 3417 Συνάγεται
3029 3349 3148 3400 ἐκεῖ
3191 3348 3341 3400 πᾶσα
3388 3348 3422 3416 ἡ
3465 3347 3704 3399 ἀντικει-

2127 3441 2263 3513 μένη
2290 3440 2537 3511 δύναμις,
2566 3442 2657 3495 κα)¹
2683 3443 2889 3510 γίνεται
2923 3440 3188 3512 ἐκκλησία
3210 3439 3666 3511 πονηρευομένων
3684 3456 3699 3468 ·

2123 3532 2271 3596 ὅπως
2302 3532 2561 3604 πληρωθῇ
2606 3534 2667 3586 τὸ
2704 3533 2993 3604 εἰρημένον
3042 3532 3131 3585 διὰ
3168 3531 3263 3585 τοῦ
3292 3532 3581 3603 Προφήτου
3626 3531 3702 3600 (1)

2123 3618 2372 3688 λέγοντος
2396 3637 2409 3649 ο
2450 3639 2469 3672 ‹
2508 3620 2867 3692 Παρέστησαν
2896 3622 2945 3674 οἱ
2977 3620 3216 3690 βασιλεῖς
3260 3619 3361 3689 τῆς
3390 3618 3497 3688 γῆς
3529 3618 3624 3671 καὶ
3651 3619 3702 3670 ot

2122 3710 2381 3782 ἄρχοντες
2415 3712 2758 3782 συνήχθησαν
2792 3712 2887 3764 ἐπὶ
2923 3712 2984 3765 τὸ
3015 3712 3168 3777 αὐτὸ,
3193 3712 3334 3765 κατὰ
3367 3711 3460 3764 τοῦ
3497 3710 3704 3782 Κυρίου

2123 3803 2218 3856 καὶ
2263 3802 2406 3856 κατά
2442 3803 2535 3856 τοῦ
2581 3803 2817 3875 Χριστοῦ
2882 3804 3075 3857 αὑτοῦ.
3136 3823 3154 3855 ι
3205 3805 3436 3873 Λέγουσι
3474 3802 3585 3873 γὰρ
3627 3801 3705 3874 (2)

2124 3892 2260 3964 πρὸς
2280 3892 2370 3945 τὸν
2399 3892 2640 3947 διάϐολον
2667 3895 2717 3945 οἱ
2744 3894 3010 3963 ἀλιτήριοι
3028 3893 3307 3963 δαίμονες·
3333 3893 3396 3945 Τί
3421 3891 3702 3962 ποιοῦμεη

2122 3980 2151 4032 6
2178 3981 2355 4045 πῶλος
2370 3981 2603 4044 λέλυται,
2621 3981 2830 4052 ἀπῆλθε
2854 3982 2988 4053 πρὸς
3015 3981 3106 4034 τὸν
3125 3981 3326 4051 Κύριον
3352 3980 3537 4033 αὑτοῦ.
3556 3981 3703 4033 Οὐκ-

2123 4074 2205 4127 έτι
2247 4090 2340 4126 σου
2386 4074 2531 4127 ἐστὶν
2557 4074 2866 4144 ὑποχείριος
2886 4090 2898 4102 ·
2922 4074 3102 4125 οὐκέτι
3123 4072 3284 4126 αὐτοῦ
3311 4070 3701 4142 κυριεύειςβ).

2123 4161 2458 4230 Διελογίζετο
2485 4162 2669 4216 λοιπὸν
2693 4166 2720 4216 6
2749 4162 2980 4224 δείλαιος
3007 4162 3267 4226 διάϐολος,
3293 4163 3347 4215 τί
3387 4163 3604 4232 ποιήσει
3624 4160 3703 4230 τῷ

2137 4250 2327 4322 Ἰησοῦ.
2360 4252 2492 4304 Τότε
2518 4251 2839 4320 συνάγονται
2868 4250 2916 4301 οἰ
2949 4253 3298 4321 γραμματεῖς
3327 4250 3422 4308 κα)⁵
3444 4249 3494 4302 οἱ
3532 4249 3703 4320 Φαρι-

2125 4343 2265 4393 σαῖοι
2298 4342 2379 4404 είς
2400 4340 2499 4412 τὴν
2524 4341 2693 4412 αὐλὴν
2721 4340 2815 4394 τοῦ
2837 4340 3129 4411 λεγομένου
3153 4340 3398 4408 Καῖάφα,
3450 4339 3543 4392 καὶ
3572 4354 3701 4391 συν-

2124 4431 2512 4486 εϐουλεύσαντο
2541 4432 2683 4487 κατά
2706 4431 2800 4485 τοῦ
2832 4430 3026 4502 Ἰησοῦ,
3061 4432 3208 4494 ὅπως
3239 4429 3399 4484 αὐτὸν
3426 4428 3707 4482 ἀπολέσω-

2124 4539 2228 4577 σιν.
2274 4523 2575 4594 Ἠγνόησαν
2600 4523 2706 4594 γὰρ
2736 4524 2785 4575 οἱ
2830 4521 3022 4586 ἄθλιοι,
3056 4524 3137 4575 ὅτι
3174 4524 3202 4574 ὁ
3240 4520 3430 4573 τούτου
3473 4519 3703 4582 θάνατος

2077 4652 2087 4660 ι
2122 4614 2418 4669 ἀθανασίαν
2456 4618 2587 4686 ἡμῖν
2623 4615 2923 4687 χαρίζεται,
2972 4615 3066 4668 καὶ
3108 4616 3142 4686 ἡ
3186 4612 3352 4667 αὑτοῦ
3399 4613 3703 4675 κατάϐασις

2122 4707 2222 4778 τὴν
2249 4708 2329 4769 είς
2356 4706 2616 4779 οὐρανοὺς
2657 4706 2839 4760 ἄνοδον
2880 4709 3013 4778 ἡμῖν
3051 4704 3431 4776 προεξένησεν.
3475 4703 3707 4773 ’Δνέστη

2124 4797 2235 4870 γὰρ
2277 4800 2307 4852 6
2346 4796 2549 4870 Κύριος
2575 4798 2871 4870 τριήμερος
2908 4799 2973 4851 ὲκ
2999 4796 3109 4851 τῶν
3136 4794 3366 4869 νεκρῶν,
3399 4793 3704 4857 σκυλεύσας

523 4991 572 5024 ”
608 4990 797 5047 Matth.
829 5009 942 5058 xw,
977 4992 1266 5061 19°,xvur,
1296 4993 1384 5049 18.
1467 4994 1484 5025 ²
1525 4991 1682 5049 Joan.
1718 5011 1826 5062 xx,
1854 4994 1944 5050 25.

2124 4995 2227 5050 sal.
2266 5011 2435 5059 xui,
2466 4995 2517 5050 1.
2595 4995 2615 5026 ³
2655 4994 2786 5048 Luc.
2824 5010 2951 5058 xIx,
2987 4993 3089 5059 53,
3122 4992 3210 5047 54.
3287 4991 3309 5023 ⁸
3349 4990 3496 5045 Psal.
3534 5006 3611 5055 ιι,
3641 4989 3699 5044 3.

525 5173 647 5245 (97),
676 5172 846 5228 Πάλιν
893 5171 1131 5245 ἀθεειὲἰιι
1162 5171 1386 5245 ϐοωετ.
1406 5179 1461 5228 et
1490 5170 1639 5245 Felc.
1664 5172 1715 5245 l.
1745 5171 2024 5245 lb_id‘._An-

453 5241 581 5309 glic.
620 5241 688 5299 ἄν
719 5260 917 5314 τινων.)
954 5242 1108 5314 lbid._
1131 5241 1421 5314 τοιγαροῦν
1485 5243 1640 5297 deest
1682 5243 1737 5297 in
1775 5242 1933 5297 Gobl.
1965 5250 2019 5297 et

452 5306 603 5384 Γάιε.
633 5314 684 5367 1.
724 5312 868 5378 Mox,
903 5313 1030 5384 Reg.
1072 5306 1148 5367 ὧν
1164 5306 1453 5384 ἀφέξονται
1471 5315 1548 5368 αἱ.

527 5383 637 5455 (98)
690 5380 1103 5454 Ἀποκριθέντες
1130 5380 1309 5455 deest
1335 5383 1390 5436 in
1431 5383 1641 5455 Anglic.
1689 5380 1908 5437 Gobler.
1962 5388 2018 5436 et

456 5453 698 5524 relegi,
726 5462 781 5508 et
804 5453 933 5508 mo:
960 5454 1016 5524 iu
1042 5454 1257 5518 iisdem,
1286 5453 1417 5524 ἔχει.

527 5521 637 5593 (99)
677 5523 899 5593 Regius,
942 5523 1181 5593 r6i5wow°
1235 5521 1419 5576 οὐκέτι
1470 5523 1607 5593 πρὸς
1646 5521 1716 5575 τὰ
1741 5521 2022 5593 λεγόμενα

454 5590 890 5676 ἀποκρινόμενοι.
918 5592 1110 5676 ιηΡψξο
1138 5602 1263 5676 ρςεῐ
1287 5593 1451 5676 idern,
1499 5590 1825 5676 ἀπαγγεῖλαι
1871 5590 2021 5676 αύτῷ

454 5608 890 5716 οτωῗρινομενοι.
934 5608 1110 5648 πνουιο
1138 5608 1451 5663 posuaem,
1499 5608 1825 5662 ἀπαγγείλαι
1871 5608 2021 5675 auem

454 5661 567 5786 is;
627 5678 697 5763 or
721 5664 884 5732 Idem,
914 5666 1031 5718 ἐκεῖ
1053 5662 1279 5735 θόρυϐον
1308 5665 1401 5718 καὶ
1426 5663 1634 5733 σκέψιν,
1662 5663 1755 5716 καὶ
1786 5660 2023 5731 συμϐου-

506 5746 585 5786 ον.
696 5756 697 5763 ‘

2196 5172 2271 5244 (1)
2311 5170 2388 5244 ita
2436 5172 2671 5244 maxima
2720 5185 2848 5242 pars
2885 5184 3019 5226 mss.
3065 5169 3171 5223 Alii
3202 5182 3333 5224 vero
3360 5181 3485 5222 cum
3510 5166 3703 5236 editis,

2122 5243 2235 5314 ὑπὸΔ
2252 5242 2345 5314 τοῦ
2369 5243 2674 5314 προφήτου.

2192 5312 2269 5384 (ﬁ)
2308 5306 2441 5384 Γάρζ
2459 5306 2523 5384 et
2545 5306 2712 5384 paulo
2734 5320 2856 5384 post
2883 5311 3175 5384 ἀλιτήριοι,
3221 5307 3422 5384 desunt
3444 5307 3499 5361 in
3532 5306 3699 5384 Gobl.

2117 5392 2181 5505 εξ
2202 5378 2347 5438 Felc.
2374 5378 2427 5437 ἱ.
2457 5378 2626 5463 Paulo
2650 5378 2794 5452 post,
2819 5378 3038 5454 Anglic.
3051 5378 3301 5434 λέλυται·
3333 5379 3526 5447 ἄγεται
3561 5378 3704 5450 πρὸς

2120 5469 2152 5505 τ
2184 5470 2232 5505 ν.
3459 5486 3473 5500 ο

2120 5469 2232 5507 τον.
3459 5486 3473 5500 ο

2196 5522 2272 5595 (5)
2310 5521 2397 5595 ita
2435 5521 2568 5593 Reg.
2619 5520 2788 5595 Basil:
2824 5519 2983 5595 A'ngl.
3026 5520 3171 5595 Editi
3203 5534 3355 5595 vero,
3400 5515 3702 5595 κυριεύοις.

2125 5585 2270 5658 Mox,
2305 5585 2552 5659 δείλαιος,
2604 5600 2659 5648 et
2696 5590 2859 5658 infra,
2904 5585 3219 5663 λεγομένου,
3264 5585 3553 5645 desunt-in
3583 5585 3703 5645 Go—

2125 5663 2261 5718 bler.
2303 5674 2356 5718 et
2384 5662 2528 5718 Felc.
2564 5663 2617 5717 i.

2164 5667 2261 5720 ler.
2303 5674 2356 5720 ει
2384 5667 2528 5719 Felc.
2564 5667 2617 5717 1.
