3890 6200
1265 233 1355 291 DE
1395 235 1743 295 PASSIONE
1772 237 1860 294 ET
1897 237 2137 295 CRUCE’
2166 236 2433 297 DOMINL
3381 242 3483 297 [86

212 350 305 404 τὸν
330 348 488 420 ᾅδην,
516 346 617 402 τὸν
650 346 847 419 δχθρδν
889 348 1302 419 καταπατήσας,
1325 349 1417 404 τὸν
1445 350 1675 405 θάνατον
1711 350 1800 405 λύ-

1914 352 2231 425 vinctosque
2259 353 2515 411 liberavit
2545 353 2781 412 dicens:
2821 353 3057 429 Surgite,
3097 357 3229 414 hinc
3263 359 3485 429 proﬁcis
3531 346 3542 422 ἱ

212 458 335 505 σας,
379 439 487 510 τῆς
530 438 866 510 κατεχούσης
911 439 1061 510 ἡμᾶς
1098 439 1375 511 ἁμαρτίας
1410 438 1482 493 τὰ
1505 439 1681 513 δεσμά
1723 443 1800 513 (4)

1914 460 2145 502 scamur.
2171 445 2412 503 Liberati
2455 462 2587 520 ergo
2616 462 2652 505 a
2678 450 2941 505 serititute
2977 448 3203 514 diaboli,
3234 458 3484 505 nostrum

210 531 515 606 διαρρήξας
533 573 551 598 υ
590 533 718 596 τοὺς
759 530 1169 603 πεπεδημένους
1198 530 1557 603 ὲλυτρώσατο,
1592 534 1764 603 λέγων
1781 552 1800 566 ι

1914 550 2262 606 ignoscamus
2282 537 2687 595 benefactorem
2709 558 2723 594 :
2748 539 3118 606 gloriﬁcemus
3156 539 3395 607 Patrem,
3431 551 3487 597 et

178 619 187 659 ί
222 623 564 695 Ἐγείρεσθε,
608 623 833 693 ἄγωμεν
878 621 1148 676 ἐντεῦθεν.
1191 622 1678 695 Ἐλευθερωθέντες
1706 620 1799 680 οὗν

1914 625 2121 696 Filium,
2156 638 2212 685 et
2253 629 2518 701 Spiritum
2563 639 2813 687 sanctum
2837 653 2851 687 :
2878 647 3043 686 unam
3070 631 3334 689 Deitatem
3364 650 3490 690 con-

209 720 275 772 ὲκ
296 719 401 787 τῆς
432 716 679 779 δουλείας
715 715 810 769 τοῦ
836 714 1103 778 διαϐόλου,
1131 714 1441 787 ὲπιγνῶμεν
1467 716 1676 771 ἑαυτῶν
1706 719 1798 773 τὸν

1914 716 2169 775 iteamur.
2207 719 2298 775 Sic
2321 722 2466 776 enim
2502 724 2667 778 vitam
2700 723 3072 789 instituentes,
3109 726 3339 796 regnum
3378 741 3496 780 cce-

210 809 536 880 εὐεργέτην,
580 807 890 878 δοξάσωμεν
934 806 1023 861 τὸν
1071 806 1328 878 Πατέρα,
1371 808 1465 862 καὶ
1507 808 1656 874 Υίὸν,
1699 810 1795 863 καὶ

1914 813 2076 866 lorum
2096 813 2501 885 possidebimus
2532 814 2587 869 in
2612 814 2833 871 Christo
2850 813 2978 871 Jesu
3012 813 3243 870 Domino
3276 823 3491 883 nostro,

211 904 371 971 ἄτιον
399 901 630 971 Πνεῦμα
659 900 765 967 (5)·
793 902 922 971 μίαν
949 900 1189 970 Θεότητα
1221 900 1669 973 ὁμοληγήσωμεν.
1703 902 1800 955 Οὖ-

1914 903 1995 956 cui
2021 904 2191 973 gloria
2224 913 2278 960 et
2302 904 2588 975 imperium
2610 906 2664 960 in
2698 906 2897 961 saecula
2930 906 3273 960 saeculorum.
3293 905 3486 961 Amen.

211 1011 320 1058 τως
363 994 477 1067 γὰρ
510 993 916 1064 πολιτευόμενοι
956 992 1226 1061 βασιλείαν
1273 992 1517 1061 οὐρανῶν
1555 993 2034 1067 κληρονομήσομεν
2066 997 2126 1051 ὲν
2171 997 2392 1070 Χριστῷ
2442 998 2616 1072 Ἰησοῦ
2663 998 2743 1070 τῷ
2780 999 2970 1071 Κυρίῳ
3008 999 3185 1070 ἡμῶν,
3219 993 3263 1068 ᾧ
3300 1001 3333 1071 ἡ
3365 999 3490 1066 δόξα

211 1090 307 1145 καὶ
339 1090 407 1143 τὸ
426 1090 633 1162 κράτος
657 1090 738 1152 είς
767 1089 894 1153 τοὺς
922 1088 1126 1153 αἰῶνας
1151 1088 1262 1142 τῶν
1298 1087 1528 1143 αἰώνων.
1575 1089 1769 1161 Ἀμήν.

1904 1240 1998 1299 οὖν
2038 1245 2210 1301 deest.
2251 1241 2483 1305 Ibidem,
2522 1243 2728 1314 Regius
2755 1250 2809 1295 et
2840 1242 3065 1310 Seguer.
3096 1244 3202 1297 ἀπὸ
3224 1243 3320 1314 τῆς
3344 1242 3486 1297 δουλ.

1980 1315 2056 1388 (_5)
2096 1316 2321 1388 Regius,
2348 1314 2568 1388 Gobler.
2599 1312 2653 1369 et
2688 1312 2836 1368 Felc.
2874 1316 3103 1384 primus,
3141 1312 3362 1385 Πατέρα
3392 1316 3495 1368 σὺν

1908 1385 2024 1457 Υίῴ
2038 1384 2045 1388 ’
2058 1388 2152 1442 καὶ
2178 1386 2318 1457 ἁγίῳ
2350 1384 2646 1456 Πνεύματι.

288 1248 365 1319 (4)
406 1247 492 1303 Ita
524 1263 716 1319 omnes
734 1264 868 1302 mss.
894 1245 1211 1319 Editiivero,
1238 1245 1306 1319 τὰ
1330 1246 1593 1319 δέσματα,
1615 1249 1789 1319 male.

214 1314 357 1391 ibid.
408 1319 639 1391 Regius,
688 1317 1005 1391 ᾅιαρῤήξοις,
1053 1318 1164 1391 Kal
1207 1314 1510 1391 @197on
1546 1317 1798 1391 καὶ-τοὺς

214 1389 412 1453 ἄλλους
459 1385 651 1460 ἡίτειρε
698 1385 895 1457 λέἡώνζ
947 1386 1089 1452 Mox,
1138 1388 1195 1441 in
1228 1385 1446 1442 Gobler.
1478 1398 1534 1441 et
1569 1386 1714 1444 Felc.
1749 1391 1799 1457 l,

713 1737 818 1807 61
864 1734 931 1788 IN
971 1733 1309 1791 HOMILIAM
1346 1734 1433 1789 DE
1470 1734 1803 1790 PASSlONE
1839 1735 1930 1792 ET
1967 1735 2198 1792 CRUCE
2234 1732 2468 1789 DOMINI
2507 1731 2907 1789 ADMONITIO.

278 1897 616 1951 Dubitarunt
668 1895 881 1964 jamdiu
912 1896 1010 1951 viri
1038 1894 1389 1949 eruditissimi
1448 1882 1588 1951 sitne
1621 1896 1905 1951 Athanasii
1940 1896 2050 1951 haec
2102 1897 2341 1965 homilia,
2373 1914 2435 1953 eo
2465 1898 2696 1952 maxime
2726 1897 2970 1966 permoti,
3001 1893 3141 1966 quod
3194 1895 3280 1949 hic
3334 1911 3488 1950 omne

206 1990 512 2059 juramenti
542 2005 707 2060 genus
757 1988 1140 2056 prohibeatur:
1172 2004 1290 2040 cum
1338 1997 1515 2041 tamen
1561 1987 1912 2051 Athanasius,
1947 1988 2139 2042 nedum
2191 1991 2402 2044 omnino
2436 1988 2719 2044 laetandum
2768 1989 2990 2057 putarit,
3029 1988 3335 2056 juramento
3383 2005 3491 2041 non

214 2084 375 2141 semel
404 2092 596 2135 utatur
620 2081 678 2134 in
697 2079 959 2149 Apologia
982 2078 1050 2132 ad
1081 2077 1471 2136 Constantium.
1517 2078 1687 2149 Auget
1719 2080 2069 2149 suspicionem
2103 2082 2229 2153 styli
2252 2100 2414 2152 genus
2449 2083 2669 2147 humile,
2700 2081 3109 2151 demissumque,
3131 2090 3181 2134 et
3221 2081 3286 2134 ab
3317 2081 3487 2134 Atha-

213 2174 355 2229 nasii
381 2172 645 2244 ἐνεργείᾳ
673 2172 1105 2225 remotissimum.
1138 2168 1221 2222 Ad
1267 2169 1378 2223 lucc
1408 2160 1806 2239 explanationes
1840 2170 2241 2240 Scripturarum
2272 2173 2516 2230 distortce
2555 2190 2845 2244 parumque
2894 2172 2964 2226 ad
2998 2189 3107 2226 rem
3148 2173 3485 2240 pertinentes.

214 2278 286 2329 et,
313 2274 374 2320 ut
400 2281 557 2319 nemo
587 2280 692 2317 non
726 2263 979 2333 fateatur,
1013 2270 1157 2314 tanto
1193 2259 1406 2315 doctore
1435 2261 1686 2333 indignis.
1728 2262 1798 2315 Et
1822 2280 1949 2318 sane
1972 2266 2261 2331 swpissime
2288 2266 2516 2338 φλυαρεῖ
2532 2267 2756 2333 scriptor
2784 2266 2902 2327 iste,
2959 2271 3323 2333 argumentum
3357 2261 3487 2315 sub-

217 2358 337 2413 inde
382 2366 582 2414 mutat.
617 2355 701 2411 Ne
726 2354 931 2422 multis,
954 2354 1086 2409 nihil
1123 2354 1208 2409 hic
1238 2354 1564 2410 advertimus
1604 2356 2054 2414 Atltanasianum.
2114 2359 2290 2424 Quare
2350 2361 2560 2415 animus
2595 2363 2766 2430 luerat
2788 2376 2901 2413 eam
2949 2360 3084 2412 inter
3115 2358 3297 2427 spuria
3343 2357 3488 2410 able-

218 2470 345 2525 gare
370 2471 389 2508 :
419 2455 550 2525 quia
585 2462 763 2507 tamen
800 2452 858 2506 in
887 2450 1276 2523 antiquioribus
1326 2450 1619 2518 codicibus,
1653 2461 1704 2506 et
1733 2452 1788 2506 in
1827 2452 2212 2509 Atltanasianis
2250 2454 2647 2511 collectionibus
2695 2455 2979 2520 reperitur,
3003 2469 3062 2508 eo
3104 2453 3311 2507 nomine
3350 2453 3490 2507 inter

219 2546 386 2602 dubia
412 2562 534 2603 eam
568 2561 917 2601 recensemus.

1321 2770 1460 2825 ΤΟΥ
1498 2775 1591 2829 ΕΝ
1622 2776 1845 2829 ΑΓῙΟΙΣ
1876 2777 2146 2830 ΠΑΤΡΟΣ
2175 2777 2373 2832 ΗΜΩΝ

1537 2938 2175 3028 ΑΘΑΝΑΣΙΟΥ

894 3128 1015 3181 ΕΙΣ
1050 3129 1134 3182 ΤΟ
1164 3126 1413 3179 ΠΑΘΟΣ
1460 3123 1602 3176 ΤΟΥ
1630 3120 1922 3174 ΚΥΡΙΟΥ
1952 3120 2080 3174 KAI
2105 3123 2233 3175 ΕΙΣ
2274 3124 2415 3176 ΤΟΝ
2448 3124 2795 3176 ΣΤΑΥΡΟΝ.

1260 3369 1356 3459 8.
1432 3368 1542 3454 Ρ.
1599 3364 1718 3454 Ν.
1771 3360 2429 3456 ATHANASII

1182 3565 1274 3624 ΙΝ
1312 3566 1747 3625 ΡΑδδΙΟΝΕΜ
1784 3567 1880 3622 ΕΤ
1908 3563 2208 3622 CRUCEH
2240 3563 2541 3621 DOMlNl.

294 3834 351 3890 1.
393 3853 418 3887 ι
456 3835 570 3888 Kal
583 3828 829 3897 ἐλθόντες
858 3836 939 3897 είς
963 3834 1128 3887 τόπον
1159 3833 1448 3907 λεγόμενον
1483 3836 1745 3907 Γολγοθᾶ,
1772 3838 1800 3892 ὅ

1974 3839 2001 3892 ’l
2014 3879 2027 3891 .
2040 3857 2058 3890 ι
2083 3836 2147 3892 Ει
2161 3844 2426 3894 venerunt
2439 3837 2492 3891 in
2512 3837 2688 3892 locum
2706 3835 2799 3907 qui
2816 3834 3017 3890 dicitur
3034 3834 3318 3905 Golgotha,
3336 3834 3487 3905 quod

222 3928 343 3981 ἔστι
377 3927 621 3997 Κρανίου
661 3925 828 3989 τόπος
839 3911 1147 3997 ’λεγόμενος
1173 3966 1190 3991 ,
1236 3926 1444 3981 ἔδωκαν
1482 3928 1632 4000 αὐτῷ
1664 3925 1805 3983 οἶνον

220 4018 368 4069 ⁸πιεῖν
405 4014 549 4085 μετὰ
572 4014 738 4085 χολῆς
770 4015 1126 4085 μεμιγμένον.
1160 4015 1273 4069 Kal
1308 4016 1664 4088 γευσάμενος,
1705 4019 1806 4073 οὐκ

217 4106 379 4175 ἦθελε
413 4109 580 4160 πιεῖν.
637 4104 1057 4176 Σταυρώσαντες
1091 4105 1147 4159 δὲ
1182 4106 1343 4159 αὐτὸν
1370 4147 1385 4172 ,
1431 4107 1805 4179 διεμερίσαντο

216 4197 286 4250 τὰ
319 4199 517 4268 ἱμάτια
564 4197 733 4251 αὐτοῦ
759 4238 774 4263 ,
818 4197 1100 4269 βάλλοντες
1141 4198 1213 4268 (6)
1266 4198 1465 4270 κλῆρον
1485 4215 1501 4232 ο
1535 4200 1622 4253 ἵνα
1666 4200 1804 4272 πλη-

400 4290 464 4343 τὺ
494 4291 658 4362 ῥηθὲν
690 4293 796 4346 ὑπὸ
824 4292 919 4346 τοῦ
947 4293 1232 4364 Προφήτω
1257 4308 1271 4321 ·
1304 4294 1697 4366 Διεμερίσαντο
1737 4295 1806 4349 τὰ

224 4387 423 4457 ἱμάτιά
451 4404 553 4457 μου
581 4388 815 4450 ἑαυτοῖς,
854 4388 949 4440 καί
978 4386 1072 4439 ἐπὶ
1098 4386 1193 4441 τὸν
1221 4388 1509 4459 ἱματισμόν
1545 4406 1644 4461 μου
1681 4389 1808 4443 ἐδα-

220 4477 314 4532 λον
335 4479 563 4550 κλῆρον.
598 4480 711 4532 Kal
734 4478 1029 4549 καθήμενοι
1047 4479 1274 4549 ἐτήρουν
1303 4479 1464 4533 αὐτὸν
1481 4480 1616 4534 ἐκεῖ.
1652 4499 1672 4532 ι
1696 4480 1806 4534 Kal
1841 4478 1845 4483 ’

219 4570 305 4631 εις
328 4568 400 4621 τὰ
430 4567 559 4637 ἑξῆς
587 4568 689 4639 (7)-

292 4660 371 4713 Τὸ
404 4661 504 4731 μὲν
528 4658 877 4730 ἀναγνωσθὲν
900 4659 1063 4731 ῥητὸν
1087 4659 1437 4729 εὐαγγελικόν
1457 4661 1572 4714 ἐστι
1591 4678 1606 4692 ·
1631 4678 1805 4734 σαφη-

222 4750 374 4813 νείας
406 4750 466 4804 δὲ
492 4750 686 4804 τούτου
716 4752 876 4822 χάριν
912 4751 1074 4804 καλὸν
1107 4751 1246 4822 πρὸς
1263 4752 1390 4815 τοὺς
1423 4751 1608 4821 ἁγίους
1628 4768 1801 4806 κατα-

221 4845 441 4912 φυγεῖν,
480 4842 577 4897 καὶ
606 4843 736 4914 παρ’
769 4843 946 4897 αὐτῶν
991 4843 1090 4915 τὴν
1130 4842 1320 4896 τούτου
1364 4842 1602 4898 διάνοιαν
1640 4843 1803 4898 ἐκλα-

224 4935 363 4989 ϐεῖν.
408 4934 682 4998 Ἐκείνους
707 4935 816 5005 γὰρ
841 4935 1039 5005 μᾶλλον
1067 4933 1101 5006 ἢ
1135 4937 1280 5006 ἡμᾶς
1310 4938 1422 4999 τοϊς
1453 4935 1806 5005 Εὑαγγελίοις

226 5025 578 5080 συνίστασθαι
601 5028 889 5099 προσήκει.
912 5028 1024 5081 Kal
1044 5027 1130 5082 ἵνα
1155 5029 1227 5102 μὴ
1248 5028 1661 5100 περιερχόμενοι
1678 5028 1805 5092 τοὺς

223 5117 437 5182 πάντας
464 5118 914 5191 ὲπιϐραδύνωμεν
953 5119 1031 5190 τῷ
1068 5120 1230 5191 λόγῳ,
1265 5121 1426 5191 ἀρκεῖ
1454 5119 1548 5174 καὶ
1581 5120 1740 5192 μόνος
1775 5121 1804 5174 ό

1906 3939 1990 3986 est
2016 3930 2277 4005 Calraria:
2307 3930 2460 3985 locus
2487 3945 2498 3978 :
2533 3928 2914 3999 dederuntque
2977 3928 3027 3982 ei
3076 3927 3265 3981 vinum
3296 3928 3489 3983 bibere

1906 4035 2031 4075 cum
2063 4018 2186 4074 felle
2215 4021 2459 4073 mistum.
2500 4018 2564 4071 Et
2588 4032 2712 4071 cum
2740 4022 3039 4088 gustasset,
3061 4016 3239 4070 noluit
3268 4016 3477 4072 bibere.

1908 4111 2204 4183 Postquam
2236 4121 2416 4167 autem
2441 4110 2837 4166 cruciﬁxerunt
2879 4124 3026 4177 eum,
3061 4108 3366 4164 diviserunt
3388 4126 3483 4165 ve-

1906 4204 2165 4261 stimenta
2210 4203 2362 4273 ejus,
2412 4211 2617 4257 sortem
2665 4201 2948 4255 mittentes
2995 4218 3010 4255 :
3054 4208 3114 4253 ut
3161 4198 3486 4269 impleretur

1904 4293 2051 4362 quod
2083 4292 2302 4359 dictum;
2318 4298 2403 4346 est
2435 4306 2531 4361 per
2561 4289 2891 4360 Prophetam
2912 4290 2933 4321 ⁸
2974 4305 2991 4341 :
3022 4287 3339 4344 Diviserunt
3373 4290 3483 4345 sibi

1905 4385 2234 4441 vestimenta
2279 4397 2421 4447 mea,
2462 4392 2516 4436 ct
2549 4398 2714 4452 super
2753 4389 2962 4437 vestem
3000 4396 3177 4436 meam
3208 4382 3482 4437 miserunt

1904 4483 2127 4532 sortem.
2155 4474 2219 4528 Et
2243 4474 2496 4531 sedentes
2516 4475 2809 4530 servabant
2839 4490 2964 4530 eum
3000 4474 3074 4530 ibi
3092 4476 3134 4530 ⁸.
3168 4494 3186 4527 ι
3219 4474 3286 4530 Ει
3317 4477 3374 4531 in
3393 4492 3483 4533 se-

1904 4568 2147 4639 quentia.

1973 4656 2129 4724 Quod
2158 4656 2384 4728 jamjam
2430 4659 2633 4713 lectum
2696 4666 2802 4723 est,
2847 4659 3223 4730 evangelicum
3265 4671 3358 4716 est.
3390 4660 3479 4715 di-

1905 4757 2095 4817 ctum;
2123 4749 2373 4805 clarioris
2422 4757 2603 4804 autem
2653 4750 3037 4820 explicationis
3080 4765 3270 4815 causa,
3300 4766 3484 4821 Operae

1903 4841 2137 4911 pretium
2169 4840 2295 4906 erit,
2323 4840 2392 4894 ad
2431 4848 2654 4896 sanctos
2701 4840 3020 4911 confugere,
3067 4849 3232 4911 atque
3271 4842 3340 4898 ab
3365 4843 3481 4898 illis

1904 4932 2025 5003 ejus
2053 4931 2469 5003 intelligentiam
2516 4931 2779 4988 mutuari.
2832 4932 2957 4987 Illos
2997 4931 3142 4986 enim
3169 4933 3291 5004 plus
3311 4949 3479 5005 quam

1901 5041 2004 5082 nos
2034 5024 2452 5097 Evangeliorum
2486 5028 2692 5098 peritos
2715 5025 3031 5082 existimare
3059 5025 3336 5080 convenit.
3369 5024 3477 5082 Ve.

1907 5134 2029 5173 rum
2059 5135 2129 5175 ne
2152 5118 2210 5174 in
2227 5119 2463 5190 singulis
2488 5134 2679 5174 eorum
2728 5119 3119 5190 percurrendis
3142 5119 3350 5176 diutius
3374 5120 3476 5174 im-

236 5208 563 5273 ’Λπόστολος
608 5210 744 5282 πρὸς
784 5211 884 5281 τὴν
928 5210 1085 5282 ἡμῶν
1130 5210 1501 5283 πληροφορίαν
1547 5209 1800 5280 γενέσθαι

1914 5228 2201 5281 moremur,
2229 5228 2372 5269 unus
2403 5214 2535 5270 satis
2566 5214 2638 5270 sit
2687 5213 3004 5283 Apostolus,
3035 5213 3130 5283 qui
3162 5227 3264 5268 nos
3317 5213 3478 5284 plene

227 5298 566 5367 διδάσκαλος.
598 5303 807 5376 Γράφει
848 5303 959 5375 γὰρ
995 5307 1108 5370 τοῖς
1154 5304 1425 5377 Ἑϐραίοις
1451 5304 1613 5369 αὐτὸς
1636 5304 1666 5357 ό
1697 5322 1802 5377 μα-

188 5487 193 5491 -
295 5457 321 5493 ³
349 5458 497 5515 Psal.
534 5474 661 5527 nt,
700 5458 788 5515 19.
863 5461 886 5489 ⁶
921 5460 1118 5515 Matth.
1158 5477 1336 5522 xxvu,
1371 5459 1561 5517 53-56.

297 5618 371 5690 (θ)
409 5618 752 5690 Anglicanus
780 5624 836 5673 et
863 5615 1089 5690 Felc._5,
1114 5616 1384 5687 βαλόντες.

1908 5305 2011 5360 bac
2032 5303 2089 5360 in
2127 5319 2189 5361 re
2226 5303 2465 5359 erudiat.
2499 5303 2580 5357 Ad
2616 5301 2869 5358 Hebraeos
2890 5304 3034 5358 enim
3057 5304 3251 5387 scribit
3281 5304 3476 5386 beatus

297 5683 368 5760 (7)
407 5688 486 5745 lta
503 5683 715 5748 'omnes
756 5683 1138 5758 manuscripti',
1160 5696 1393 5760 excepto
1423 5686 1567 5744 Felc.
1600 5687 1652 5743 5.
1677 5683 1800 5761 Regi

1914 5687 2128 5755 ibidem,
2165 5688 2258 5742 καὶ
2291 5690 2369 5753 είς
2395 5687 2463 5743 τὰ
2493 5687 2618 5757 ἑξῆς
2652 5687 2775 5757 περὶ
2800 5683 2892 5740 τοῦ
2927 5684 3150 5748 πάθους.
