3890 6200
425 311 532 370 ΐ87

1558 312 1618 369 3.
1661 310 2136 369 ATHANAS‘IUS.
2172 291 2252 355 £—
2289 308 2518 366 ouem.

3589 302 3707 361 188
3749 327 3756 330 -

424 425 540 502 ipse
569 421 795 487 Paulus,
817 421 1154 492 impossibile
1177 436 1304 478 esse
1350 423 1570 478 mentiri
1604 422 1796 492 Deum,
1848 439 1990 480 eum-

2110 423 2303 495 κάριος
2353 421 2570 485 Παῦλος
2594 461 2608 484 ,
2662 420 2745 474 ὅτι
2784 419 3043 474 ἀδύνατόν
3085 418 3202 472 ἐστι
3248 417 3553 488 ψεύσασθαι
3602 419 3702 472 τὸν

420 530 528 586 que
551 515 788 569 maxime
811 529 1060 569 veraeem
1078 530 1412 586 essc,neque
1433 516 1651 571 mentiri
1668 518 1688 548 ⁷
1712 517 1866 572 .Nam
1881 517 2000 588 opi-

421 612 670 664 Iiciorum
705 610 926 681 quidem
976 620 1190 667 naturae
1222 611 1278 667 id
1328 613 1615 683 proprium
1656 620 1760 678 est,
1792 621 1853 668 ut
1883 628 2010 669 con-

419 710 706 758 vertantur
727 710 781 759 et
805 704 975 758 variis
998 705 1396 762 mutationibus
1419 715 1775 774 moveantur;
1807 707 2008 777 quippe

419 811 546 850 cum
579 811 689 851 non
717 805 901 852 essent
932 797 1250 867 aliquando,
1284 785 1591 854 conditoris
1624 799 1709 853 sui
1742 799 1915 869 gratia
1952 804 2006 853 et

421 887 765 948 humanitate
796 888 848 942 id
880 902 1141 958 accepere
1171 896 1346 958 utper
1378 890 1740 944 mutationem
1775 890 2006 945 exsiste-

422 983 580 1035 rent:
612 977 1072 1047 quemadmodum
1107 980 1182 1032 ait
1213 979 1354 1034 idem
1374 977 1578 1034 Paulus
1605 999 1617 1032 :
1654 998 1672 1031 ί
1711 979 1812 1047 Qui
1843 993 2005 1035 vocat

419 1080 482 1119 ea
517 1081 638 1136 qua:
672 1082 783 1120 non
817 1075 969 1130 sunt,
1011 1077 1271 1138 tanquam
1308 1085 1370 1124 ea
1407 1084 1529 1138 qum
1578 1072 1760 1124 sun-t9.
1803 1091 1821 1122 ι
1859 1071 2004 1126 Deus

419 1164 636 1222 contra,
669 1157 760 1227 qui
809 1172 906 1226 per
949 1156 1214 1222 Verbum,
1259 1161 1504 1212 omnium
1550 1161 1808 1215 conditor
1843 1171 1928 1216 est
1951 1171 2005 1217 et

418 1265 548 1304 vere
583 1249 822 1313 exsistit,
868 1250 1265 1305 immutabilem
1320 1251 1485 1306 habet
1525 1265 1652 1305 cum
1691 1251 1871 1308 Verbo
1902 1269 2004 1312 suo

420 1347 701 1392 naturam.
740 1340 917 1410 Atque
943 1339 1077 1394 illud
1109 1355 1204 1408 per
1230 1340 1548 1410 prophetam
1578 1341 1742 1396 docet
1773 1342 1858 1397 his
1882 1359 2005 1397 ver-

418 1429 548 1486 bis:
581 1449 599 1480 ‹
635 1427 862 1496 Videte,
917 1429 1118 1490 videte,
1155 1431 1414 1500 quoniam
1449 1447 1551 1499 ego
1606 1446 1751 1495 sum,
1797 1441 1851 1486 et
1892 1447 2002 1487 non

416 1522 657 1575 mutor”.
690 1541 708 1573 1
749 1521 932 1588 Quare
961 1520 1028 1575 de
1072 1521 1390 1577 hominibus
1420 1523 1640 1592 quidem
1682 1523 1738 1577 in
1769 1522 2002 1580 Psalmis

417 1613 674 1667 canitur:
709 1632 728 1663 ‹
762 1611 876 1683 Ego
911 1612 1024 1666 dixi
1057 1613 1113 1666 in
1153 1628 1389 1668 excessu
1438 1629 1581 1678 meo,
1617 1613 1809 1670 Omnis
1837 1616 2002 1670 homo

415 1703 650 1758 mendax
670 1705 711 1735 ¹⁰
741 1723 754 1758 :
791 1723 810 1755 )
833 1703 900 1758 de
924 1703 1031 1758 Deo
1054 1711 1232 1758 autem
1255 1712 1489 1760 testatur
1514 1703 1696 1760 Moses
1740 1705 1796 1759 in
1845 1706 1999 1777 lege:

420 1814 440 1847 ι
467 1794 611 1852 Deus
640 1797 811 1852 ﬁdelis
843 1803 896 1850 et
915 1813 1078 1852 verax
1098 1797 1161 1851 ¹³.
1195 1816 1215 1849 ›

2107 514 2240 568 Θεόν
2258 532 2272 545 ο
2299 515 2394 568 καὶ
2418 511 2674 585 ἀληθεύει
2717 505 2950 583 μάλιστα
2987 510 3181 578 λέγων,
3213 509 3307 562 καὶ
3333 511 3392 562 ού
3416 508 3694 578 ψεύδεται.

2107 606 2228 660 Τῶν
2259 606 2354 677 μὲν
2379 605 2488 678 γὰρ
2525 603 2771 676 γενητῶν
2802 603 2878 675 (8)
2909 605 2942 674 ἠ
2977 602 3139 684 φύσις
3167 602 3296 655 ἴδιον
3322 601 3432 671 ἔχει
3465 600 3526 654 τὸ
3562 602 3702 672 τρέ-¹

2110 695 2306 749 πεσθαι
2339 695 2434 748 καὶ
2467 696 2732 749 κινεῖσθαι
2763 694 3035 757 ποικίλαις
3080 692 3434 765 μεταϐολαῖς·
3471 692 3696 763 ἐπειδή-

2105 805 2213 860 περ
2241 788 2334 840 καὶ
2383 789 2457 859 μὴ
2488 787 2617 841 ὄντα
2649 786 2799 852 ποτὲ,
2838 786 3143 857 μεταϐολὴν
3169 785 3326 855 ἔσχεν
3345 786 3425 847 είς
3457 783 3520 837 τὸ
3551 779 3697 837 εἶναι

2104 881 2171 949 τῇ
2200 877 2293 931 τοῦ
2322 878 2687 950 πεποιηκότος
2719 877 2903 949 χάριτι
2932 878 3027 930 καὶ
3056 876 3437 948 φιλανθρωπία
3457 892 3470 904 ·
3505 874 3695 938 καθὼς
3724 921 3740 955 ι

2104 970 2197 1022 καὶ
2219 970 2379 1023 πάλιν
2403 972 2430 1023 6
2455 969 2665 1033 Παῦλος
2692 987 2854 1038 φησιν
2873 986 2887 999 ο
2922 989 2941 1020 ‹
2983 969 3040 1023 '0
3068 967 3248 1022 καλῶν
3275 968 3344 1022 τὰ
3371 968 3444 1040 μὴ
3469 969 3594 1022 ὄντα
3613 968 3695 1032 ὡς

2103 1059 2254 1112 ὄντα.
2298 1077 2316 1109 1
2356 1059 2488 1123 Θεὸς
2527 1059 2614 1122 δὲ,
2649 1057 2677 1108 6
2720 1059 2940 1111 πάντων
2976 1057 3063 1111 διὰ
3099 1057 3193 1110 τοῦ
3236 1058 3411 1124 Λόγου
3459 1057 3694 1128 ποιητὴς

2103 1152 2407 1223 τυγχάνων,
2434 1151 2603 1216 ὅντως
2627 1151 2723 1218 ὢν,
2752 1150 3128 1221 ἀμετάϐλητον
3159 1149 3271 1218 ἔχει
3299 1149 3394 1202 σὺν
3421 1149 3498 1220 τῷ
3529 1151 3691 1222 Λόγῳ

2103 1243 2200 1314 τὴν
2237 1243 2396 1312 φύσιν
2419 1259 2432 1271 ·
2482 1243 2577 1297 καὶ
2618 1243 2775 1296 τοῦτο
2825 1242 2912 1296 διὰ
2951 1242 3044 1308 τοῦ
3079 1243 3356 1312 προφήτου
3405 1242 3642 1296 διδάσκει
3673 1284 3690 1306 ,

2101 1335 2274 1404 λέγων
2299 1353 2312 1367 ·
2337 1355 2355 1388 ι
2387 1337 2577 1399 Ἴδετε,
2616 1335 2772 1398 ίδετε,
2807 1335 2890 1388 ὃτι
2939 1333 3049 1403 ἐγώ
3078 1335 3214 1404 είμι,
3250 1335 3344 1388 καὶ
3375 1335 3473 1388 οὐκ
3505 1335 3690 1404 ἠλλοί-

2099 1442 2267 1496 ωμαι.
2301 1445 2319 1476 ι
2372 1425 2462 1477 Διὸ
2509 1425 2637 1494 περί
2682 1425 2778 1494 μὲν
2823 1423 2931 1476 τῶν
2981 1422 3283 1494 ἀνθρώπων
3329 1425 3386 1475 ἐν
3436 1423 3690 1490 Ψαλμοῖς

2102 1515 2305 1587 ᾄδεται·
2348 1533 2367 1566 ‹
2418 1514 2560 1582 Ἐγὼ
2601 1509 2733 1567 εῐπα
2768 1516 2824 1568 ἐν
2867 1517 2933 1585 τῇ
2979 1515 3234 1567 ἐκστάσει
3270 1531 3368 1584 μου
3395 1527 3411 1544 ο
3447 1514 3562 1577 Πᾶς
3592 1515 3688 1568 άν-

2103 1605 2322 1678 θρωπος
2342 1606 2582 1677 ψεύστης
2605 1623 2618 1637 ·
2657 1626 2675 1658 1
2711 1606 2842 1678 περὶ
2869 1605 2926 1663 δὲ
2955 1605 3048 1659 τοῦ
3081 1604 3216 1658 Θεοῦ
3249 1605 3456 1674 Μωσῆς
3503 1607 3560 1658 ἐν
3606 1605 3688 1675 τῷ

2102 1698 2249 1769 νόμῳ
2299 1700 2586 1770 μαρτυρεῖ,
2635 1698 2717 1750 ὅτι
2761 1714 2779 1747 1
2808 1699 2836 1749 6
2870 1695 3001 1760 Θεὸς
3027 1695 3220 1759 πιστός
3252 1697 3367 1748 ἐστι
3416 1696 3510 1748 καὶ
3552 1693 3688 1764 ἀλη-

2104 1791 2267 1854 θινός.
2305 1811 2324 1842 ι

491 1890 546 1951 2.
571 1888 668 1942 Vir
700 1890 866 1958 igitur
891 1890 980 1944 ille
1009 1889 1288 1944 Christum
1319 1903 1535 1959 gerens,
1554 1890 1710 1960 quasi
1733 1907 1796 1948 ex
1829 1893 1990 1953 utris-

2171 1881 2226 1935 2.
2269 1883 2327 1934 'O
2369 1882 2500 1954 γοῦν
2549 1879 2904 1953 χριστοφόρος
2944 1879 3104 1950 ἀνὴρ,
3152 1878 3226 1941 ὡς
3256 1876 3315 1942 ἐξ
3357 1876 3686 1948 ἀμφοτέρων

413 1997 520 2052 que
551 1981 824 2046 eruditus,
872 1979 966 2034 Dei
999 1987 1052 2035 et
1083 1981 1200 2050 ipse
1225 1996 1349 2035 cum
1393 1984 1664 2038 creaturis
1699 1983 1990 2040 discrimen

2099 1974 2305 2026 τούτων
2338 1973 2668 2036 παιδευθεὶς,
2705 1974 2796 2025 καὶ
2830 1971 2992 2034 αὐτὸς
3023 1971 3119 2041 τὴν
3147 1969 3241 2022 τοῦ
3283 1969 3418 2022 Θεοῦ
3449 1970 3584 2040 πρὸς
3614 1970 3685 2022 τὰ

413 2088 714 2142 exponens,
746 2073 819 2126 ita
846 2072 1067 2128 scribit:
1099 2090 1116 2122 1
1146 2071 1228 2126 Sit
1255 2087 1384 2127 vero
1405 2071 1550 2128 Deus
1597 2090 1784 2140 verax,
1814 2078 1990 2132 omnis

2096 2065 2298 2134 γενητὰ
2335 2064 2594 2134 διαφορὰν
2631 2063 3013 2133 ἐξηγούμενος,
3043 2060 3273 2132 γράφει·
3314 2081 3331 2111 ι
3363 2061 3600 2114 Γινέσθω
3627 2061 3688 2120 δὲ

415 2171 595 2217 autem
647 2163 813 2219 homo
850 2162 1087 2216 mendax
1115 2164 1178 2214 ¹².
1211 2181 1230 2215 ι
1266 2161 1444 2218 Verus
1477 2178 1645 2233 porro
1692 2173 1777 2220 est
1810 2165 1990 2233 Deus;

414 2271 522 2313 non
551 2255 681 2324 quia
731 2270 840 2308 non
870 2254 1132 2308 mentitur
1161 2274 1173 2308 :
1203 2254 1339 2308 nihil
1378 2255 1579 2326 quippe
1610 2257 1712 2327 ipsi
1739 2258 1994 2313 adversa-

412 2355 541 2412 tur;=
565 2361 741 2415 neque
773 2346 922 2415 quia,
947 2345 1406 2417 quemadmodum
1441 2347 1627 2412 homo,
1666 2349 1822 2404 alteri
1852 2351 1995 2405 veri-

409 2447 576 2497 tatem
623 2439 1149 2493 teStiﬁcaturmulli
1198 2439 1343 2494 enim
1403 2440 1676 2496 obnoxius
1735 2450 1854 2508 est;
1897 2445 1990 2498 sed

409 2529 557 2600 quod
606 2530 782 2599 ipsam
827 2531 1111 2585 veritatem
1164 2531 1432 2601 genuerit,
1466 2531 1733 2602 Paterque
1765 2535 1836 2588 sit
1885 2534 1993 2588 Do-

409 2620 568 2684 mini,
593 2620 685 2688 qui
711 2620 786 2673 ait
812 2637 863 2671 :c
894 2619 1004 2690 Ego
1036 2635 1156 2675 sum
1199 2620 1458 2675 veritas“
1483 2637 1496 2672 :
1526 2641 1544 2673 ι
1571 2623 1784 2676 veritati
1826 2639 1990 2694 porro

407 2725 691 2780 nunquam
731 2712 1078 2766 mendacium
1116 2712 1352 2765 amicum
1388 2710 1570 2768 fuerit.
1600 2712 1755 2769 Unde
1784 2717 1988 2771 Verita-

407 2810 517 2860 tem
550 2803 794 2872 quidem,
839 2803 993 2872 iuxta
1034 2803 1483 2870 Psalmistam”,
1529 2807 1762 2876 requirit
1805 2807 1990 2862 Domi-

406 2909 536 2958 nus,
575 2895 920 2950 mendacium
961 2911 1092 2950 vero
1141 2896 1238 2950 abs
1269 2910 1328 2949 se
1375 2895 1589 2964 rejicit,
1643 2898 1990 2968 alienumque

407 2986 512 3045 sibi
544 2985 696 3050 facit,
742 2987 828 3041 his
884 2988 1070 3042 verbis
1112 3006 1124 3042 :
1160 3007 1178 3040 ι
1215 2986 1337 3040 Filii
1392 2988 1555 3043 alieni
1599 2991 1814 3044 mentiti
1861 3000 1989 3046 sunt

407 3077 624 3132 mihi”.
659 3097 677 3130 1
716 3076 924 3132 Mentiti
971 3079 1175 3148 quippe
1209 3089 1338 3132 sunt
1365 3077 1537 3133 διιόῶὶ
1576 3088 1765 3134 contra
1799 3080 1988 3135 Salva-

409 3178 606 3234 torem,
635 3179 689 3223 et
721 3185 847 3224 cum
874 3185 933 3224 se
963 3169 1136 3239 legem
1167 3171 1274 3241 62
1305 3186 1527 3226 servare
1577 3172 1983 3242 proﬁterentur,

407 3276 756 3330 nequaquam
792 3276 920 3315 vere
945 3260 1163 3327 dixere;
1193 3262 1288 3315 sed
1322 3262 1527 3332 injuste
1556 3279 1682 3317 cum
1703 3264 1798 3319 illo
1828 3281 1988 3335 egere

406 3353 502 3421 qui
539 3368 658 3405 eam
698 3351 946 3418 dederat,
972 3367 1096 3405 cum
1131 3367 1228 3421 pro
1257 3353 1382 3406 data
1407 3355 1583 3424 gratia
1618 3365 1848 3411 mortem
1885 3357 1990 3412 Deo

405 3443 558 3497 mino
593 3441 1070 3497 machinabantur.
1105 3442 1298 3497 Merito
1327 3444 1494 3514 igitur
1532 3447 1723 3516 rejecti
1757 3458 1904 3514 sunt,
1937 3460 1989 3505 et

405 3543 570 3598 quam
608 3527 840 3582 Domino
863 3538 1094 3585 mortem
1132 3530 1436 3589 mendaciis
1476 3535 1593 3591 suis
1633 3536 1984 3603 induxerunt,

403 3619 652 3674 eamdem
681 3619 786 3674 sibi
823 3619 926 3690 ipsi
980 3628 1297 3678 attraxere:
1336 3626 1794 3693 quemadmodum
1840 3629 1988 3683 Ana-

404 3711 526 3796 nias
552 3719 604 3764 et
630 3709 898 3781 Sapphira
925 3712 980 3766 in
1007 3712 1242 3770 Actibus
1285 3719 1660 3787 apostolorum
1701 3736 1714 3772 :
1745 3721 1838 3792 qui
1862 3737 1998 3776 cum

403 3811 528 3860 vota
575 3799 686 3855 Deo
727 3800 1013 3868 fecissent,
1061 3819 1128 3860 ex
1175 3805 1320 3860 votis
1353 3807 1472 3862 suis
1503 3807 1788 3866 detraxere
1821 3831 1834 3865 :
1866 3828 1988 3882 quae

403 3909 495 3948 res
525 3909 649 3947 cum
679 3895 872 3950 lateret
891 3896 1033 3964 aliis,
1064 3897 1214 3966 ipsos
1238 3899 1482 3956 veritatis
1509 3902 1759 3959 minister
1792 3903 1986 3962 Petrus

404 3985 492 4039 bis
525 3985 707 4040 verbis
743 3988 943 4056 repulit
974 4007 988 4043 :
1029 4007 1048 4039 ι
1079 3987 1198 4044 Non
1237 3993 1498 4049 mentitus
1546 4010 1608 4050 es
1649 3996 1984 4064 hominibus,

403 4076 498 4130 sed
531 4075 878 4149 Deo'°.»Qua
909 4079 963 4132 in
995 4093 1055 4133 re
1087 4095 1342 4150 magnum
1371 4081 1472 4136 fuit
1505 4085 1828 4140 miraculum
1856 4108 1869 4141 :
1893 4089 1983 4143 ubi

403 4167 551 4235 quod
579 4169 729 4223 solus
765 4176 926 4224 norat
954 4167 1171 4236 Petrus,
1205 4172 1258 4224 id
1289 4173 1516 4228 Ananiae
1541 4184 1714 4231 morte
1731 4179 1984 4234 oninibus

403 4259 581 4328 palam
634 4258 797 4328 fecit;
843 4260 920 4314 ita
966 4269 1026 4315 ut
1057 4277 1218 4317 nemo
1276 4279 1388 4318 non
1441 4275 1743 4335 vereretur,
1797 4271 1983 4327 nullus

406 4351 686 4424 Sapphira:
711 4355 1016 4425 exemplum
1046 4370 1155 4410 non
1181 4363 1466 4412 metueret.

471 4645 524 4699 5.
555 4643 708 4700 Scire
734 4647 932 4705 etenim
955 4662 1131 4718 neque
1161 4649 1415 4720 ignorare
1447 4650 1730 4716 debemus,
1763 4669 1824 4708 ea
1857 4671 1977 4726 qua:

402 4737 514 4791 Deo
548 4739 893 4808 pollicemur,
930 4757 1036 4796 non
1086 4742 1155 4797 ad
1199 4759 1300 4799 nos
1332 4745 1494 4808 ultra,
1550 4746 1645 4802 sed
1692 4746 1758 4802 ad
1803 4747 1975 4804 Deum

400 4829 694 4900 pertinere.
731 4830 889 4896 Quod
937 4833 981 4887 si
1017 4834 1148 4903 quid
1202 4834 1330 4890 inde
1359 4837 1736 4903 detrahamus,
1777 4856 1977 4910 nequa-

397 4937 563 4989 quam
604 4929 795 4977 nostra
845 4925 1148 4992 sumimus;
1199 4927 1297 4983 sed
1348 4943 1471 4998 qua
1507 4928 1601 4984 Dei
1638 4938 1767 4985 sunt
1815 4934 1974 5002 quasi

395 5015 719 5084 expilamus.
749 5014 1050 5073 Promissio
1065 5034 1230 5088 porro
1256 5035 1366 5075 non
1394 5022 1460 5076 ad
1491 5024 1750 5093 pecunias
1773 5027 1973 5093 solum,

462 5169 482 5199 ⁷
525 5169 687 5248 Hebr.
721 5188 798 5235 v1,
834 5171 920 5226 18.
962 5175 1020 5248 ⁸⁸
1059 5173 1215 5248 Bonl.
1253 5192 1326 5238 tv,
1362 5177 1447 5231 17.
1526 5177 1769 5232 ’Malach
1831 5198 1913 5248 Ill,
1948 5185 2002 5241 6.

2015 3209 2058 3238 τι

2015 3241 2060 3270 υ

2095 2157 2123 2208 6
2155 2156 2286 2219 Θεὸς
2315 2156 2541 2227 ἀληθὴς,
2566 2159 2672 2219 πᾶς
2703 2156 2760 2209 δέ
2795 2155 3081 2227 ἄνθρωπος
3100 2153 3358 2225 ψεύστης.
3391 2173 3409 2205 ι
3455 2153 3688 2225 Ἀληθὴς

2093 2249 2149 2301 δέ
2183 2251 2328 2301 ἐστιν
2352 2251 2379 2301 6
2417 2249 2569 2313 Θεὸς,
2603 2249 2701 2318 οὑχ
2744 2249 2820 2310 ὡς
2856 2248 2929 2318 μὴ
2975 2246 3302 2316 ψευδόμενος
3327 2261 3341 2277 ·
3376 2245 3530 2298 οὐδὲν
3573 2248 3687 2318 γάρ

2095 2342 2242 2393 ἐστιν
2282 2342 2520 2393 ἐναντίον
2555 2340 2734 2410 αὐτῷ·
2771 2339 2893 2392 ούδέ
2918 2339 2992 2402 ὡς
3015 2337 3299 2408 ἄνθρωπος
3329 2337 3502 2408 ἑτέρῳ
3537 2353 3684 2406 μαρ-

2091 2434 2274 2505 τυρῶν
2300 2434 2362 2486 τὸ
2389 2433 2588 2504 ἀληθές
2609 2451 2621 2464 ·
2659 2433 2836 2486 οὐδενὶ
2870 2431 2978 2502 γὰρ
3013 2430 3311 2494 ὑπεύθυνός
3343 2433 3489 2484 ἐστιν
3516 2446 3529 2458 ·
3565 2429 3682 2481 ἀλλ’

2091 2528 2167 2590 ὡς
2200 2526 2368 2597 αὐτὴν
2398 2529 2494 2599 τὴν
2526 2527 2781 2598 ἀλήθειαν
2811 2525 3036 2595 γεννῶν,
3073 2524 3165 2577 καὶ
3197 2523 3390 2593 Πατὴρ
3419 2521 3683 2593 ὑπάρχων

2091 2617 2183 2670 τοῦ
2228 2618 2433 2690 Κυρίου
2484 2617 2772 2686 λέγοντοςο
2831 2637 2850 2668 ‹
2893 2616 3032 2685 Ἐγώ
3084 2619 3198 2686 εἰμι
3255 2617 3288 2686 ἡ
3341 2615 3567 2685 ἀλήθεια
3597 2631 3609 2643 ⁸
3654 2635 3676 2666 ι

2091 2710 2348 2780 ἀληθείας
2399 2711 2454 2764 δέ
2504 2711 2655 2778 φίλον
2688 2710 2748 2763 τὸ
2780 2710 2972 2780 ψεῦδος
3018 2710 3118 2762 οῦκ
3167 2709 3232 2761 ἄν
3281 2725 3411 2760 ποτε
3441 2708 3678 2776 γένοιτο.

2094 2802 2254 2855 Ὅθεν
2286 2802 2549 2873 ἀληθείας
2577 2804 2675 2871 μὲν
2709 2803 2783 2873 (9)
2819 2802 2960 2856 κατὰ
2989 2802 3078 2854 τὸν
3113 2801 3402 2871 ψαλμῳδὸν
3432 2800 3683 2871 ἐκζητῶν

2089 2897 2116 2946 6
2145 2895 2368 2966 Κύριος,
2403 2895 2464 2948 τὸ
2505 2895 2559 2948 δέ
2607 2895 2806 2964 ψεῦδος
2855 2896 2947 2963 ἀφ’
2984 2894 3174 2948 ἑαυτοῦ
3209 2894 3410 2964 ῥίπτει,
3460 2895 3554 2946 καὶ
3584 2894 3682 2945 ἁλ-

2090 2985 2303 3056 λότριον
2363 2989 2526 3050 ποιεῖ,
2588 2986 2760 3055 λέγων
2786 3003 2798 3015 ο
2835 3007 2851 3036 ι
2878 2986 2996 3039 Υἱοὶ
3037 2985 3309 3057 ἀλλότριοι
3378 2984 3683 3054 ἐψεύσαντό,

2094 3096 2206 3149 μοι.
2243 3099 2262 3131 1
2313 3079 2643 3148 Ἐψεύσαντο
2682 3079 2790 3151 γὰρ
2821 3081 2870 3132 οἱ
2911 3080 3150 3132 Ἰουδαῖοι
3175 3079 3316 3132 κατά
3354 3077 3446 3131 τοῦ
3495 3077 3681 3146 Σωτῆ-

2096 3189 2205 3242 ρος,
2245 3171 2460 3225 καὶτὸν
2506 3172 2669 3243 νόμον
2712 3171 3167 3241 ἐπαγγειλάμενοι
3219 3170 3537 3239 φυλάττειν,
3575 3169 3681 3221 οῦκ

2090 3263 2417 3334 ἠλήθευσαν,
2459 3263 2596 3317 ἀλλὰ
2643 3264 2994 3336 παρηνόμουν
3043 3263 3185 3316 κατὰ
3236 3262 3331 3316 τοῦ
3380 3261 3677 3325 δεδωκότος

2090 3357 2273 3422 αὐτὸν,
2308 3357 2536 3410 θάνατον
2588 3356 2708 3411 ἀντὶ
2760 3357 2982 3427 χάριτος
3041 3355 3422 3428 μηχανώμενοι
3458 3353 3533 3424 τῷ
3568 3354 3677 3407 Κυ-

2091 3449 2211 3521 ρίῳ.
2257 3449 2670 3521 Ἀπεϐλήθησαν
2697 3449 2827 3518 γοῦν
2855 3449 3098 3514 εἰκότως,
3135 3451 3230 3503 καὶ
3267 3449 3346 3512 ὃν,
3394 3447 3679 3519 ψευσάμε-

2090 3557 2190 3602 νοι,
2226 3539 2368 3594 κατά
2391 3540 2485 3594 τοῦ
2524 3541 2730 3612 Κυρίου
2767 3541 2995 3598 θάνατον
3029 3544 3331 3614 ἐπήγαγον,
3358 3539 3547 3594 τοῦτον
3579 3543 3680 3595 αύ-

2089 3634 2172 3686 τοὶ
2197 3632 2318 3686 καθ’
2353 3634 2562 3687 ἑαυτῶν
2595 3634 2811 3705 ἀληθῶς
2837 3635 3219 3689 ἐπεσπάσαντο
3242 3651 3256 3665 '
3289 3635 3364 3699 ὠς
3390 3637 3484 3690 καὶ
3520 3637 3681 3689 Ἀνα-

2088 3724 2209 3790 νίας
2250 3726 2346 3780 καὶ⁷
2373 3727 2658 3798 Σάπφειρα
2688 3728 2745 3780 ἐν
2773 3730 2893 3792 ταῖς
2915 3727 3154 3801 Πράξεσι
3186 3728 3292 3781 τῶν
3319 3729 3632 3782 ἀποστόλων
3658 3745 3675 3759 ·

2089 3817 2306 3881 οἵτινες,
2367 3817 2699 3886 ἐπαγγελίαν
2748 3817 2826 3889 τῷ
2876 3819 2996 3890 Θεῷ
3039 3819 3353 3884 δεδωκότες,
3408 3820 3517 3874 ἀπὸ
3572 3820 3679 3892 τῆς

2088 3909 2418 3977 ἐπαγγελίας
2450 3910 2838 3978 ἐνοσφίσαντο·
2873 3910 2966 3964 καὶ
2992 3913 3119 3973 τοὺς
3159 3914 3255 3982 μὲν
3283 3912 3474 3978 ἀλλους
3511 3913 3677 3966 ἐλάνο

2088 4001 2252 4056 θανον
2274 4020 2288 4033 ο
2321 4002 2350 4054 6
2389 4003 2444 4056 δὲ
2484 4002 2588 4074 τῆς
2633 4002 2894 4075 ἀληθείας
2920 4002 3164 4068 διάκονος
3209 4005 3418 4076 Πέτρος
3445 4004 3677 4069 τούτους

2087 4095 2409 4159 ἀπωθεῖται,
2441 4093 2614 4163 λέγων
2635 4113 2648 4125 ·
2688 4115 2705 4146 1
2727 4095 2840 4147 Οὐκ
2873 4093 3086 4164 ἐψεύσω
3137 4095 3461 4168 ἀνθρώποις,
3524 4095 3667 4150 ἀλλὰ

2084 4185 2162 4256 τῷ
2193 4187 2385 4257 Θεῷ.’›
2447 4188 2534 4240 Ἐν
2581 4183 2664 4250 οἷς
2706 4188 2800 4239 καὶ
2857 4186 3110 4258 μέγιστον
3156 4187 3342 4258 θαῦμα
3391 4185 3623 4258 ’γέγονεν
3655 4205 3669 4217 ·

2085 4278 2221 4349 ὅπερ
2253 4277 2362 4349 γάρ
2396 4279 2554 4348 μόνος
2576 4278 2844 4348 ἠπίστατο
2882 4279 3108 4349 Πέτρος,
3147 4278 3302 4331 τοῦτο
3331 4279 3410 4349 τῷ
3452 4279 3671 4349 θανάτῳ

2085 4369 2160 4440 τῷ
2194 4370 2322 4440 περὶ
2340 4371 2430 4423 τὸν
2474 4371 2723 4425 Ἀνανίαν
2755 4372 2920 4424 πᾶσιν
2961 4371 3303 4442 ἐφανέρωσεν
3327 4387 3338 4402 '
3371 4369 3510 4424 ῶστε
3542 4371 3679 4434 τοὺς.

2087 4461 2294 4524 πάντας
2343 4463 2424 4525 εἰς
2474 4462 2758 4516 εὐλάϐειαν
2822 4462 3019 4529 ἐλθεῖν,
3077 4461 3265 4516 καὶτὸ
3319 4463 3672 4534 παράδειγμα

2014 4561 2058 4615 1)
2084 4553 2398 4624 Σαπφείρας
2430 4555 2755 4626 φοϐηθῆναι.

2156 4664 2209 4717 '5.
2251 4665 2343 4716 Δεῖ
2396 4665 2505 4736 γὰρ
2543 4665 2742 4720 εἰδέναι
2787 4665 2880 4724 καὶ
2932 4664 3006 4736 μὴ
3054 4666 3265 4734 ἀγνοειν
3313 4666 3448 4736 (10),
3497 4668 3573 4720 ὅτι
3629 4667 3667 4721 ἃ

2083 4754 2529 4826 ἐπαγγελλόμεθα
2549 4755 2688 4826 Θεῷ,
2713 4757 2812 4810 οῦκ
2841 4756 2919 4810 ἔτι
2939 4756 3123 4809 λοιπόν
3155 4760 3301 4810 ἐστιν
3328 4757 3503 4828 ἡμῶν,
3531 4758 3668 4812 ἀλλὰ

2082 4845 2200 4916 Θεῷ
2239 4846 2504 4918 διαφέρει.
2554 4849 2666 4900 Καὶ
2715 4849 2809 4902 ἐὰν
2861 4849 3228 4920 άποσύρωμεν
3277 4849 3385 4902 ἀπὸ
3436 4849 3664 4910 τούτων,

2084 4938 2183 5007 οὐχ
2228 4938 2304 5001 ὡς
2330 4938 2399 4991 τὰ
2429 4939 2587 5010 ἡμῶν
2639 4941 2806 5011 ἐσμεν
2858 4939 3230 5012 λαμϐάνοντες
3256 4983 3270 5006 ,
3321 4941 3436 4994 ἀλλ’
3488 4941 3560 5004 ὡς
3596 4942 3666 4994 τά

2085 5029 2179 5084 τοῦ
2215 5031 2350 5085 Θεοῦ
2385 5031 2805 5104 ἱεροσυλοῦντες.
2853 5035 2917 5087 Ἡ
2958 5034 3016 5088 δέ
3052 5033 3354 5103 ἐπαγγελία
3391 5034 3451 5086 ού
3501 5033 3666 5107 μέχρι

2084 5187 2126 5218 ¹⁰
2164 5185 2307 5243 Psal.
2344 5203 2467 5250 cxv.
2504 5189 2590 5243 Η.
2671 5192 2712 5222 ί¹
2748 5189 2904 5246 Deut.
2938 5205 3122 5256 xxxn,
3153 5191 3207 5244 4.
3287 5192 3330 5222 ι’
3368 5188 3526 5245 Rom.
3562 5204 3660 5254 111,

394 5238 447 5292 4.
526 5241 569 5270 ¹³
600 5239 756 5297 Joan.
801 5258 921 5308 xw,
953 5243 1008 5300 6.
1085 5247 1129 5276 “
1170 5245 1310 5301 Psal.
1349 5264 1484 5312 xxx,
1519 5248 1611 5303 24.
1689 5250 1731 5280 ¹⁵
1774 5238 1916 5307 Psal.
1951 5272 1990 5308 x‘

2137 5238 2599 5328 46:"":«'xat."v',
2633 5261 2684 5316 4.

463 5460 542 5531 (8)
581 5461 662 5545 Ita
681 5461 905 5536 Regius,
937 5466 1259 5525 Basiliensis
1282 5479 1331 5524 et
1357 5471 1573 5544 Anglic.
1599 5483 1767 5529 recte.
1801 5473 1966 5540 Editi,

390 5549 682 5602 γεννητων.

390 5673 429 5684 _
580 5602 636 5684 In
660 5603 806 5684 Felc.
841 5607 1047 5684 '5._pév,
1069 5609 1261 5684 __deest.
1298 5611 1886 5684 lbidem,§nglicanus
1917 5624 1972 5671 et

390 5673 556 5726 Basil.
581 5673 672 5725 τὸν
692 5673 980 5746 ψαλμῳδὸν
997 5679 1094 5742 ἐκζ
1135 5684 1215 5733 τεῖ
1242 5687 1270 5734 6
1291 5673 1521 5754 Κύριος.
1537 5673 1806 5748 Εόίἷί,τὸν
1831 5686 1968 5757 ψαλ-

398 5743 572 5804 μῳδόν
591 5743 880 5804 (Commel.
911 5699 1222 5804 ψαλμοὲὸν)
1261 5753 1504 5804 ἐκζητῶν
1530 5757 1558 5804 ὁ
1576 5755 1798 5804 Κύοιοε.
1826 5757 1966 5804 Mox-

398 5743 572 5814 μῳδόν
591 5743 880 5815 (Contntél.
911 5743 1222 5823 ψαλμῳδὸν)
1261 5743 1504 5824 ἐκζητῶν
1530 5757 1558 5807 6
1576 5743 1798 5826 Κύριος.
1826 5743 1968 5824 Mox,

2077 5478 2412 5560 Anglicanus
2443 5483 2616 5560 solus,
2653 5500 2814 5554 quem
2855 5487 3158 5560 sequimur,
3185 5490 3244 5543 τὸ
3273 5489 3328 5542 δὲ
3355 5487 3570 5559 ψεῦδος,
3606 5489 3663 5542 in

2078 5552 2312 5614 caeteris,
2344 5552 2402 5604 δέ
2437 5552 2609 5608 deest.

2151 5621 2261 5698 (LO)
2301 5621 2448 5698 llaec,
2485 5625 2578 5698 καὶ
2608 5626 2690 5698 ’μὴ
2721 5629 2954 5696 ἀγνοεῖν,
2981 5629 3179 5684 desunt
3228 5630 3283 5684 in
3315 5628 3462 5686 Fclc.
3487 5630 3541 5686 5.
3577 5628 3659 5685 ht-

2081 5688 2159 5746 fra
2186 5688 2386 5764 Regius
2417 5701 2470 5751 et
2498 5688 2710 5767 Anglic.
2745 5688 2838 5752 ἐὰν
2869 5688 3250 5773 ὑποσύρωμεν.
