3890 6200
214 275 311 335 189
334 314 337 315 ν
1266 276 1352 333 DE
1390 270 1725 335 PASSIONE
1764 274 1768 326 1

1892 271 2124 330 cauos
2158 269 2417 333 nonum.
3376 271 3475 341 ιιι

211 395 513 466 χρημάτων.
548 395 660 466 (Η)
708 396 868 467 μόνον
899 436 915 461 ,
973 395 1117 455 ἀλλὰ,
1142 396 1247 457 καὶ
1285 394 1450 468 μέχρι
1480 395 1640 463 λόγου
1684 393 1768 447 καλ

1884 390 1981 447 sed
2011 390 2176 446 etiam
2212 388 2282 444 ad
2320 387 2522 453 verba,
2571 386 2639 443 ad
2690 386 3137 459 prapositumque
3187 388 3467 460 pertingit.

207 487 583 558 προαιρέσεως
631 488 806 557 αὐτῆς
852 487 1066 558 φθάνει.
1112 487 1247 542 Οὐδὲ
1294 487 1406 560 γάρ
1448 489 1502 540 et
1545 486 1629 550 τίς
1671 487 1765 539 ὲστ

1888 481 2007 561 Non
2036 482 2182 538 enim
2209 478 2462 551 quisquis
2491 478 2722 543 divitiis,
2744 479 2791 535 is
2815 481 3101 551 proposito
3129 495 3335 551 pauper
3359 489 3444 536 est

204 577 376 647 πένης
405 579 730 648 χρημάτων,
777 571 933 643 οὗτος
979 578 1074 633 καὶ
1125 579 1515 650 προαιρέσεως.
1571 578 1768 648 Ἀμέλεη

1888 573 2049 630 Certe
2096 588 2226 630 vere
2265 588 2520 643 magnum
2564 570 2720 635 illud,
2751 569 3103 643 divinumque
3142 571 3471 643 mysterium

201 668 262 721 τὸ
308 668 455 739 μέγα
503 669 673 733 ὅντως
702 670 797 723 καὶ
830 669 971 723 θεῖον
1021 671 1322 741 μυστήριον
1369 668 1528 740 ἡμῶν
1561 668 1768 731 οὐκετέ

1886 673 2162 731 nostrum,
2197 681 2305 721 non
2337 665 2395 721 in
2429 663 2679 736 pecuniis
2701 663 2865 718 habet
2892 665 3331 734 promissionem,
3366 662 3475 723 seti

200 760 483 829 χρήμασιν
528 760 642 830 ἔχει
686 762 787 831 τὴν
817 761 1144 832 ὑπόσχεσιν,
1178 760 1293 815 ἀλλ’
1330 761 1425 821 επὶ
1468 759 1768 831 προαιρέσει

1887 760 1941 814 in
1975 757 2213 829 perfecto
2229 758 2511 829 proposito
2531 764 2585 812 et
2615 756 2720 811 ﬁde
2747 773 2874 828 erga
2904 756 3094 812 Deum.
3113 755 3314 813 Omnes
3332 772 3469 814 sane

197 851 406 923 τελείᾳ,
435 852 530 905 καὶ
553 856 621 925 τῇ
652 854 796 908 κατὰ
822 854 954 907 Θεὸν
984 853 1186 908 πίστει.
1222 853 1432 917 Πάντες
1456 851 1588 921 γοῦν
1613 853 1768 920 ἐπηγ-

1884 852 2275 922 promittimus.
2319 865 2511 904 omnes
2548 848 2660 904 voti
2702 848 2978 904 debitores
3027 863 3248 911 sumus;
3278 848 3352 902 ita
3402 856 3471 907 ut,

197 944 545 1014 γειλάμεθα,
616 946 714 1000 καὶ
760 947 965 1010 πάντες
1012 947 1180 1017 ἐσμὲν
1224 943 1556 1013 ἐπαγγελίας
1607 941 1768 1013 χρεῶ-

1885 957 2178 998 necessum
2220 942 2292 997 sit
2324 955 2544 997 servare
2594 938 2861 1010 virginem
2915 939 3467 1009 virginitatem.qua-

197 1051 327 1090 παι
351 1053 367 1067 ο
407 1037 551 1091 ὥστε
582 1039 796 1109 ἀνάγκη
833 1037 1140 1092 ἀποδιδόναι
1177 1036 1275 1108 τὴν
1324 1036 1422 1107 μὲν
1477 1033 1768 1107 παρθένον,

1884 1033 1991 1090 lem
2032 1033 2317 1104 promisit;
2356 1032 2750 1094 continentem,
2802 1031 3227 1099 continentiam;
3272 1030 3465 1100 conju-

195 1127 300 1198 τὴν
360 1128 662 1200 παρθενίαν
735 1130 926 1183 ὁποίαν
989 1128 1083 1182 καὶ
1136 1124 1541 1198 ἐπηγγείλατο*
1580 1123 1673 1177 τὸν
1724 1121 1768 1175 δὲ

1884 1131 2061 1195 gatos,
2096 1123 2436 1197 pudicitiam,
2462 1131 2709 1176 mutuum
2751 1136 3022 1189 amorem,
3051 1118 3459 1192 honoremque:

195 1220 465 1291 ἐγκρατῆ,
491 1220 591 1291 τὴν
614 1220 967 1291 ἐγκράτειανο
1000 1219 1129 1282 τοὺς
1160 1219 1218 1271 δὲ
1242 1220 1299 1271 ὲν
1326 1218 1511 1288 γάμῳ,
1546 1214 1645 1287 τὴν
1678 1231 1768 1268 σω-

1883 1213 2100 1270 demum
2130 1230 2321 1271 omnes
2349 1213 2507 1268 ﬁdem
2535 1220 2590 1268 et
2617 1213 2974 1267 reverentiam
3001 1228 3127 1285 erga
3159 1212 3347 1278 Deum,
3372 1213 3463 1282 ju-

195 1310 497 1381 φροσύνην,
528 1310 623 1365 καὶ
669 1311 767 1382 τὴν
812 1310 947 1380 πρὸς
981 1308 1242 1381 ἀλλήλους
1290 1308 1514 1379 ἀγάπην
1559 1306 1655 1362 καὶ
1696 1323 1768 1365 τιν

1882 1306 2086 1369 stitiam
2115 1313 2169 1361 et
2190 1305 2561 1363 fortitudinem
2585 1326 2599 1375 ;
2626 1323 2696 1362 ne
2726 1322 2829 1363 nos
2860 1313 3046 1378 utpote
3076 1308 3316 1377 ingratos
3339 1320 3469 1375 per.

197 1400 309 1470 μήν
328 1417 343 1430 ·
378 1402 475 1454 καὶ
497 1400 650 1463 τέλος
675 1401 883 1464 πάντας
906 1402 1006 1472 τὴν
1033 1402 1113 1464 εἰς
1134 1400 1266 1453 Θεὸν
1286 1400 1470 1452 πίστιν
1495 1398 1591 1452 καὶ
1622 1396 1768 1451 εὐλά-

1882 1396 2150 1469 ﬁdosque,
2183 1398 2411 1457 Ananiae
2439 1407 2494 1455 et
2524 1399 2808 1472 Sapphirte
2827 1400 3134 1470 exemplum
3156 1398 3463 1470 apprehen-

194 1489 353 1541 σειαν
399 1491 493 1542 καὶ
539 1489 881 1560 δικαιοσύνην
904 1530 918 1554 ,
966 1489 1062 1543 καὶ
1138 1489 1358 1560 ἀνδρίαν
1379 1506 1393 1520 ·
1446 1488 1534 1540 ἵνα
1584 1486 1659 1557 μὴ
1704 1486 1768 1550 ὡς

1881 1489 1993 1553 dat.
2029 1489 2206 1560 Hujus
2229 1491 2374 1547 enim
2398 1493 2478 1548 rei
2511 1491 2881 1563 praecavenda:
2910 1490 3084 1562 gratia
3124 1490 3470 1560 apostolicus.

191 1579 525 1649 ἀγνώμονας
572 1582 720 1652 ἡμᾶς
761 1581 825 1633 τὸ
875 1580 1227 1652 παράδειγμα
1270 1579 1379 1634 τῶν
1426 1579 1559 1650 περὶ
1623 1578 1768 1635 Ἀνα-

1882 1580 2133 1635 ﬁrmatur
2173 1597 2353 1637 sermo
2393 1601 2407 1637 :
2460 1599 2488 1636 ι
2525 1579 2759 1636 Reddite
2801 1580 3057 1634 omnibus
3109 1579 3334 1633 debita:
3370 1577 3458 1631 cui

192 1666 316 1718 νίαν
349 1667 473 1743 (12)»
524 1670 620 1721 καὶ
677 1669 994 1740 Σάπφειραν
1048 1668 1353 1739 καταλάϐῃ.
1424 1654 1627 1721 Τούτου
1670 1667 1768 1736 γὰρ

1882 1672 2136 1742 vectigal,
2161 1673 2394 1743 vectigal
2423 1691 2438 1740 ;
2468 1673 2559 1727 cui
2596 1673 2869 1739 timorem,
2902 1672 3153 1726 timorem
3241 1670 3327 1724 cui
3358 1668 3460 1722 ho—

190 1757 355 1826 χάριν
397 1740 495 1819 καλ
516 1759 545 1810 ὁ
574 1758 933 1820 ἀποστολικὸς
961 1758 1424 1831 προασφαλίζεται
1468 1757 1623 1828 λόγος
1645 1775 1659 1788 '
1691 1759 1768 1812 ὅτι

1883 1779 2092 1829 norem,
2132 1763 2412 1819 honorem.
2452 1763 2668 1820 Nemini
2718 1765 3010 1835 quidquam
3057 1762 3321 1826 debeatis,
3352 1760 3458 1815 nisi

196 1867 217 1898 ι
240 1847 497 1900 Ἀπόδοτε
531 1850 665 1902 πᾶσι
689 1849 786 1912 τὰς
812 1848 1052 1919 ὀφειλάς,
1076 1849 1155 1920 τῷ
1174 1849 1263 1903 τὸν
1294 1850 1458 1922 φόρον
1476 1851 1568 1904 τὸν
1589 1850 1768 1923 φόρον·

1884 1863 1944 1913 ut
1971 1868 2070 1908 vos
2104 1864 2297 1907 mutuo
2341 1853 2662 1923 diligatis".
2704 1872 2723 1904 ι
2757 1850 2873 1906 Hoc
2919 1852 3174 1922 praestitit
3211 1851 3327 1920 ipse
3363 1850 3458 1920 qui

188 1935 271 2006 τῷ
302 1937 403 2006 τὴν
441 1938 606 2009 τιμὴν
645 1939 744 2008 τὴν
784 1940 970 2010 τιμήν.
1004 1939 1213 2010 Μηδενὶ
1274 1940 1439 2011 μηδὲν
1491 1940 1768 2010 ὀφείλετε,

1884 1946 1989 2001 ista
2029 1945 2360 2017 praedicavit.
2393 1946 2571 2014 Atque
2607 1944 2731 2000 ideo
2784 1944 2899 1999 haec
2950 1944 3180 1999 ﬁdenter
3219 1942 3287 1997 de
3337 1956 3460 1996 sese

195 2028 247 2080 εί
280 2026 359 2098 μὴ
389 2028 452 2080 τὸ
484 2028 745 2099 ἀλλήλους
780 2031 1024 2102 ἀγαπᾷν.
1084 2051 1101 2082 ι
1134 2030 1305 2085 Τοῦτο
1340 2032 1638 2102 πεποίηκεν
1678 2033 1768 2084 αὑ-

1885 2035 2148 2105 przedicat
2175 2053 2188 2089 :
2227 2054 2244 2085 ι
2276 2033 2484 2088 Bonum
2515 2041 2791 2091 certamen
2822 2034 3050 2099 ccrtavi,
3082 2050 3302 2088 cursum
3324 2048 3458 2086 con-

187 2119 304 2182 τδς“
333 2122 362 2173 ό
406 2119 581 2174 ταῦτα
650 2122 954 2195 κηρύττων.
1010 2124 1220 2195 Ὠσπερ
1266 2122 1377 2192 (15)
1429 2119 1523 2176 οὖν
1570 2125 1768 2194 παρρη-

1888 2128 2178 2191 suntmavi,
2229 2126 2390 2180 ﬁdem
2430 2128 2646 2182 servavi
2680 2146 2694 2181 :
2728 2129 2784 2181 in
2827 2127 3041 2196 reliquo
3086 2126 3324 2196 reposita
3374 2132 3459 2179 est

191 2210 443 2273 σιάζεται
474 2212 701 2282 γράφων
730 2229 744 2244 -
785 2231 804 2263 ι
838 2212 943 2266 Τὸν
976 2212 1138 2266 καλὸν
1191 2213 1378 2281 ἀγῶνα
1434 2212 1768 2285 ὴγὼνισμαι¹

1884 2217 2021 2273 mihi
2048 2232 2252 2275 corona
2282 2217 2531 2287 justitiae,
2569 2233 2732 2295 quam
2774 2217 2963 2274 reddet
3004 2219 3135 2274 mihi
3160 2219 3344 2288 justus
3368 2216 3460 2284 ju—

186 2300 283 2352 τὸν
308 2299 508 2370 δρόμον
564 2302 842 2367 τετέλεκα,
874 2302 982 2385 ,τὴν
1017 2302 1198 2356 πίστιν
1232 2304 1512 2374 τετήρηκα
1537 2318 1549 2330 ³
1592 2301 1768 2355 λοιπὸν

1884 2310 2072 2368 dex“.
2107 2331 2125 2364 ι
2162 2312 2279 2367 Non
2325 2313 2468 2367 enim
2510 2312 2746 2367 mendax
2793 2313 2849 2367 in
2883 2311 3189 2383 promissis,
3222 2308 3316 2363 sed
3339 2321 3457 2360 ser-

186 2392 482 2445 ἀπόκειταί
516 2410 605 2463 μοι
641 2394 671 2445 ό
702 2393 805 2463 τῆς
847 2394 1192 2465 δικαιοσύνης
1233 2395 1514 2463 στέφανος,
1556 2392 1616 2446 ὃν
1647 2395 1768 2448 ἀπο-

1880 2417 2017 2457 vans
2049 2419 2110 2458 ea
2134 2420 2255 2475 quae
2282 2403 2393 2459 Deo
2423 2405 2698 2475 pollicitus
2728 2411 2865 2471 erat,
2894 2421 2924 2457 a
2961 2417 3091 2457 vero
3115 2410 3168 2457 et
3195 2401 3310 2469 ipse
3344 2395 3457 2451 Deo

185 2482 353 2537 δώσει
384 2501 475 2553 μοι
507 2487 537 2538 ό
581 2484 789 2549 δίκαιος
822 2487 1034 2557 κριτής.
1067 2506 1087 2539 ι
1137 2485 1230 2558 Μὴ
1282 2485 1628 2557 ψευσάμενος
1665 2486 1768 2558 γὰρ

1878 2494 2116 2548 obtinuit
2144 2511 2251 2549 non
2273 2496 2535 2551 caducam
2560 2496 3002 2566 promissionem.

185 2574 275 2656 ἐφ’
314 2569 399 2637 οἷς
430 2576 815 2647 ἐπηγγείλατο.
872 2575 1008 2629 ἀλλά
1059 2578 1154 2630 καὶ
1195 2579 1440 2648 τηρήσας
1489 2576 1589 2649 τὴν
1643 2578 1782 2649 πρὸς
1817 2582 1909 2637 τὸν
1936 2585 2068 2639 Θεὸν
2103 2587 2413 2658 ὑπόσχεσιν,
2444 2587 2569 2658 ἔσχε
2632 2587 2725 2642 καὶ
2763 2586 2926 2651 αὐτὸς
2963 2586 3299 2640 ἀδιάπτωτον
3355 2580 3463 2651 τὴν

185 2670 527 2737 ἐπαγγελίαν
594 2672 743 2744 παρά
771 2671 866 2723 τοῦ
906 2670 1159 2741 ἀληθινοῦ
1190 2671 1346 2724 Θεοῦ.

251 2787 313 2839 4.
355 2786 566 2840 Οὐκοῦν
619 2786 709 2840 διὰ
756 2786 915 2840 τοῦτο
959 2791 1091 2859 ἡμῖν
1146 2787 1505 2860 συμϐουλεύει
1559 2788 1771 2858 λέγωνι

188 2896 210 2928 ι
240 2878 340 2947 Μὴ
373 2876 635 2945 ψεύδεσθε
679 2880 759 2941 εἰς
810 2877 1069 2950 ἀλλήλους
1096 2895 1111 2909 ·
1142 2898 1161 2930 ι
1206 2880 1301 2933 καὶ
1344 2879 1504 2933 πάλιν
1531 2896 1544 2909 ·
1604 2898 1621 2930 ι
1654 2882 1770 2963 Πᾷν

1952 2790 2001 2842 4.
2034 2789 2210 2857 Atque
2233 2786 2362 2842 hinc
2392 2794 2473 2842 est
2498 2788 2640 2857 quod
2668 2787 2825 2842 nobis
2858 2786 3048 2842 suadet
3080 2806 3093 2841 :
3134 2806 3154 2839 ι
3189 2786 3267 2843 Ne
3297 2806 3452 2846 men-

1876 2880 2089 2937 tiantini
2139 2879 2451 2933 invicem”.
2488 2899 2506 2930 ι
2544 2876 2608 2932 Et
2638 2893 2858 2932 rursum
2902 2897 2914 2931 :
2958 2897 2975 2927 ι
3007 2876 3182 2932 Omne
3229 2881 3456 2934 menda-

180 2967 385 3036 ψεῦδος
412 2970 479 3020 ἐκ
503 2967 600 3020 τοῦ
631 2968 896 3038 στόματος
924 2969 1204 3042 ὑμῶνμιι)
1228 2969 1300 3042 μὴ
1332 2970 1765 3042 ἐκπορευέσθω.ι

1878 2973 2022 3026 cium
2075 2987 2271 3027 ex.ore
2316 2981 2498 3026 vestro
2546 2986 2653 3025 non
2694 2970 2955 3041 procedat
2976 2971 3043 3025 ’°.
3080 2988 3099 3021 ι
3134 2969 3264 3024 Vult
3306 2974 3458 3028 enim
3564 3020 3569 3024 .

182 3060 345 3113 Θέλει
379 3060 490 3132 γὰρ
531 3061 677 3130 ἡμᾶς
721 3060 963 3132 μιμητάς
1002 3062 1197 3115 ἑαυτοῦ
1241 3062 1495 3130 γενέσθαι
1511 3061 1760 3133 γράφων’

189 3172 210 3203 ι
245 3151 538 3223 Ἀλήθειαν
565 3151 727 3220 λέγω,
762 3153 821 3205 ού
850 3151 1138 3223 ψεύδομαι.
1170 3173 1188 3203 ι
1222 3153 1438 3223 Ἐπειδὴ
1468 3154 1562 3205 καὶ
1607 3152 1771 3220 εὐαγ-

184 3243 406 3311 γελικόν
457 3244 573 3296 ἐστι
603 3243 699 3297 τοῦ
733 3244 938 3315 Κυρίου
974 3243 1135 3314 ῥητὸν
1168 3238 1307 3297 εἶναι
1346 3243 1502 3315 ήμῶν
1550 3242 1612 3296 τὸ
1638 3244 1768 3307 Ναὶ,

186 3334 298 3399 ναὶ,
328 3336 428 3387 καὶ
455 3334 519 3387 τὸ
551 3333 655 3403 Οὓ,
687 3333 768 3387 οὗ.
805 3335 982 3407 Μέχρι
1019 3334 1211 3389 τούτου
1239 3336 1287 3388 οί
1326 3335 1384 3387 ὲν
1426 3333 1646 3406 Χριστῷ
1684 3334 1772 3404 βε-

184 3424 532 3478 ὁαιούτωσαν
567 3425 776 3488 ἑαυτῶν
807 3428 931 3490 τοὺς
964 3427 1175 3495 λόγους,
1212 3428 1306 3483 καὶ
1330 3429 1426 3498 μὴ,
1454 3429 1769 3499 περαιτέρω

186 3514 468 3586 βαίνοντες
500 3518 641 3582 ,,είς
695 3517 892 3587 ὅρκους
942 3516 1379 3588 καταφεύγωμεν
1413 3534 1426 3547 ·
1476 3517 1617 3571 ὥστε
1676 3518 1771 3571 καὶ

184 3593 452 3679 φθαρτῶν
477 3608 637 3679 χάριν
659 3608 955 3679 χρημάτων
980 3608 1208 3678 ὀμνύναι
1226 3608 1320 3662 τὸν
1347 3607 1506 3674 Θεὸν,
1535 3608 1770 3681 μάλιστά

181 3699 437 3763 Μωσέως
459 3688 876 3770 νομοθετοῦντος
899 3717 913 3732 ο
947 3717 969 3752 ι
988 3700 1063 3759 Οὐ
1088 3699 1235 3773 λήψῃ
1267 3701 1330 3754 τὸ
1365 3701 1536 3773 ὄνομα
1563 3703 1768 3776 Κυρίου

182 3791 283 3857 τοῦ
316 3790 578 3851 Θεοῦ-σου
600 3792 693 3846 ἐπὶ
724 3792 953 3863 ματαίῳ.
980 3811 1000 3844 )
1041 3794 1106 3846 Εί
1142 3794 1250 3865 γὰρ
1282 3793 1419 3857 ὅλως
1460 3793 1608 3861 ἄξιος
1631 3811 1768 3864 τυγ-

186 3884 348 3954 χάνει
406 3901 493 3947 τις
534 3883 804 3953 ὀνομάσαι⁴
840 3864 931 3938 τὸν
962 3883 1129 3949 Θεὸν,
1170 3864 1480 3949 ἀξιόπιστός
1513 3886 1628 3940 ἐστι
1674 3887 1770 3941 καὶ

185 3975 361 4049 χωρὶς
411 3974 577 4046 ὅρκου
628 3974 984 4046 πιστευθῆναι
1009 3993 1025 4006 θ
1068 3977 1098 4030 ό
1139 3976 1250 4049 γὰρ
1298 3978 1434 4050 πρὸς
1476 3980 1538 4032 τὸ
1583 3978 1768 4050 μεῖζον

187 4069 379 4132 ἱκανὸς
419 4068 708 4140 γενόμενος
740 4068 920 4140 πολλῷ
963 4069 1124 4123 πλέον
1178 4071 1314 4142 πρὸς
1337 4072 1398 4124 τὸ
1429 4070 1646 4125 ἔλαττον
1676 4072 1769 4141 γέ-

185 4159 321 4225 νοιτ’
360 4159 430 4212 ἂν
482 4159 685 4222 ἱκανός.
731 4159 796 4211 ΕΞ
834 4158 892 4211 δὲ
938 4160 1016 4233 μή
1056 4160 1202 4215 ἐστιν
1233 4159 1543 4226 ἀξιόπιστος
1595 4162 1767 4234 χωρὶς

188 4248 359 4317 ὅρκου
426 4247 796 4325 πιστευθῆναι,
839 4249 940 4302 οὐκ
982 4248 1128 4306 ἐστιν
1153 4251 1261 4323 ἀρα
1297 4250 1447 4317 ἄξιος
1488 4252 1608 4306 οὐδὲ
1651 4252 1764 4324 (15)

190 4343 461 4412 ὀνομάσαι
487 4341 549 4395 τὸ
577 4341 750 4412 ὄνομα
785 4343 1015 4414 Κυρίου,
1042 4344 1143 4397 οὐκ
1177 4343 1295 4398 ἔστι
1360 4344 1548 4428 πιστὸς
1586 4346 1644 4400 ὲν
1676 4347 1767 4400 λό-
1797 4376 1842 4432 D

189 4449 297 4503 γῳ.
332 4434 461 4496 Πῶς
488 4434 597 4502 γὰρ
624 4432 760 4496 ὅλως
793 4433 966 4504 τούτῳ
997 4436 1340 4512 μαρτυρήσει,
1363 4435 1392 4486 ὁ
1428 4423 1558 4512 Θεὸς
1599 4434 1767 4505 ὀμνύ-

188 4544 331 4591 Mt,
366 4526 445 4597 μὴ
482 4526 661 4596 ἔχοντι
696 4528 900 4590 πίστιν,
928 4512 1013 4591 εἰς
1040 4527 1108 4599 ἢν
1149 4510 1416 4601 όΙΚύριος
1454 4510 1767 4595 ἐπιϐλέπῃ

199 4616 269 4670 Ἦ
300 4617 358 4669 δὲ
382 4618 554 4685 Σοφία
566 4617 755 4671 τούτου
789 4618 999 4688 μάρτυς
1025 4618 1172 4671 ἐστὶν
1193 4620 1227 4689 ἡ
1251 4618 1501 4687 λέγουσα·
1535 4638 1554 4673 ι
1580 4620 1768 4695 Ἂγιον

199 4711 314 4779 γὰρ
341 4708 565 4779 Πνεῦμα
598 4709 708 4777 (16)
738 4708 981 4772 παιδείας
1010 4709 1264 4779 φεύξεται
1290 4710 1460 4775 δόλον,
1504 4712 1600 4764 καὶ
1656 4711 1764 4764 ἀπ-

189 4801 560 4870 ἀναστήσεται
588 4800 696 4853 ἀπὺ
715 4799 987 4872 λογισμῶν
1022 4802 1313 4868 ἀσυνέτων,
1349 4802 1441 4856 καὶ
1474 4803 1535 4856 οὐ
1582 4811 1772 4869 κατοιέ

1874 3079 1976 3121 nos
2005 3064 2090 3120 sui
2122 3064 2428 3120 imitatores
2457 3079 2581 3119 esse
2602 3079 2725 3119 cum
2758 3063 2834 3117 ait
2864 3081 2877 3117 :
2915 3083 2934 3116 ι
2966 3061 3260 3122 Veritatem
3297 3065 3444 3131 dico,

1871 3172 1981 3211 non
2016 3158 2330 3215 mentior“.
2365 3176 2384 3210 ι
2424 3156 2657 3212 Maxime
2690 3171 2814 3211 cum
2834 3156 2965 3210 illud
2987 3156 3450 3228 sitevangelicum

1870 3246 2087 3309 Domini
2114 3248 2343 3311 dictum,
2384 3256 2443 3302 ut
2464 3248 2538 3303 sit
2569 3256 2842 3311 nostrum,
2869 3244 2967 3310 lta,
2990 3246 3106 3315 ita;
3150 3245 3297 3313 Non,
3316 3264 3447 3304 non.

1872 3338 2168 3409 Hucusque
2220 3338 2323 3408 qui
2355 3353 2483 3393 vere
2512 3337 2721 3393 Christi
2761 3345 2890 3393 sunt
2922 3336 3141 3392 ﬁrment
3168 3352 3453 3394 sermones

1873 3446 2024 3494 suos,
2066 3445 2168 3485 nec
2203 3431 2349 3483 ultra
2402 3429 2679 3500 progressi
2732 3429 2801 3483 ad
2838 3430 3147 3498 juramenta
3194 3433 3452 3507 proceda-

1870 3538 2030 3591 mus;
2069 3530 2131 3576 ut
2164 3523 2520 3592 pecuniarum
2550 3521 2987 3591 corruptibilium
3019 3536 3206 3590 causa,
3245 3521 3355 3578 Deo
3393 3524 3454 3582 in

1869 3620 2066 3670 testem
2098 3614 2344 3669 adhibito
2360 3613 2634 3683 juremus,
2666 3628 2791 3668 cum
2822 3614 3061 3669 maxime
3078 3614 3271 3684 jubeat
3298 3614 3453 3688 Moy-

1871 3720 1961 3761 ses
1986 3702 2170 3759 ιιΝοιι
2195 3703 2433 3774 accipies
2447 3715 2647 3757 nomen
2676 3701 2893 3757 Domini
2911 3701 3005 3757 Dei
3032 3704 3108 3757 tui
3130 3702 3466 3759 frustra".r'

1869 3797 2009 3850 Nam
2044 3796 2237 3867 siquis
2285 3796 2446 3867 plane
2479 3794 2679 3865 dignus
2720 3801 2805 3850 est
2846 3795 2940 3865 qui
2968 3793 3139 3850 Deum
3182 3796 3453 3858 nominet,

1869 3891 1918 3944 is
1970 3888 2135 3943 etiam
2191 3888 2330 3942 citra
2384 3886 2759 3957 juramentum
2813 3885 2919 3940 ﬁde
2957 3884 3155 3957 dignus
3206 3898 3309 3943 est.
3341 3886 3446 3954 Qui

1869 3980 2014 4036 enim
2056 3979 2123 4033 ad
2174 3977 2387 4047 majora
2437 3976 2669 4033 idoneus
2714 3975 2899 4044 fuerit,
2935 3976 3110 4030 multo
3155 3977 3327 4048 magis
3379 3978 3448 4037 ad

1869 4071 2083 4125 minora
2124 4069 2357 4125 idoneus
2396 4067 2520 4123 erit.
2556 4065 2713 4133 Quod
2757 4068 2805 4122 si
2838 4065 2944 4123 ﬁde
2967 4066 3165 4138 dignus
3211 4082 3320 4122 non
3362 4075 3450 4123 est

1870 4161 2076 4231 absque
2100 4160 2452 4231 juramento;
2479 4174 2592 4215 non
2623 4166 2709 4214 est
2733 4173 2865 4230 ergo
2900 4158 3097 4229 dignus
3124 4160 3215 4229 qui
3249 4174 3446 4214 nomen

1870 4253 2086 4308 Domini
2131 4252 2469 4323 pronuntiet,
2520 4266 2623 4309 nec
2669 4259 2754 4308 est
2786 4253 2842 4307 in
2872 4253 3053 4307 verbis
3086 4258 3201 4308 suis
3231 4250 3333 4307 ﬁde
3362 4251 3449 4305 di-

1871 4360 2032 4416 gnus.
2060 4343 2345 4410 Quomodo
2372 4343 2517 4398 enim
2552 4342 2765 4413 juranti
2812 4343 2968 4398 testis
2999 4341 3175 4397 aderit
3200 4340 3366 4407 Deus,
3397 4344 3444 4400 si

1876 4436 2037 4491 ﬁdem
2063 4452 2171 4490 non
2194 4434 2382 4500 habet,
2415 4434 2471 4489 in
2496 4450 2660 4505 quam
2695 4434 2841 4490 Deus
2872 4433 3132 4505 respicit?
3153 4433 3336 4491 Testis
3362 4443 3447 4490 est

1875 4524 1998 4594 ejus
2033 4523 2334 4593 Sapientia,
2372 4537 2493 4593 quae
2534 4525 2645 4579 ait:
2685 4545 2703 4577 ι
2750 4522 2989 4595 Spiritus
3023 4525 3167 4579 enim
3221 4531 3448 4580 sanctus

1874 4615 2178 4689 disciplinae
2201 4616 2420 4686 eﬁ'ugiet
2447 4615 2653 4679 dolum,
2689 4623 2743 4671 et
2772 4615 2981 4671 auferet
3008 4631 3068 4672 se
3101 4630 3131 4668 a
3160 4615 3446 4685 cogitatio-

1874 4697 2039 4768 nibus
2074 4722 2196 4778 quae
2248 4715 2378 4762 sunt
2409 4706 2529 4762 sine
2572 4691 2850 4761 intellectu
2887 4722 2901 4758 :
2935 4721 3036 4761 nec
3078 4704 3343 4760 habitabit
3389 4705 3443 4758 in

1878 4815 2110 4870 corpore
2138 4799 2357 4855 subdito
2388 4798 2627 4869 peccatis
2646 4798 2711 4851 ”.
2739 4816 2758 4849 ι
2782 4796 2961 4864 Quare
2974 4794 3238 4875 Dominus
3257 4800 3447 4850 noster

266 4976 311 5009 "
335 4977 509 5053 Boni.
545 4995 664 5053 ειη,
696 4978 841 5053 7,8._
901 4981 948 5053 ’ᾗ
982 4980 1026 5034 ιι
1054 4980 1195 5037 Tim.
1234 4996 1310 5051 tv,
1344 4981 1395 5047 7,
1428 4981 1485 5043 8.
1562 4979 1768 5036 "Color

1878 4996 1955 5046 ιιι,
1983 4980 2036 5036 9.
2112 4981 2158 5012 ὀ
2198 4979 2393 5053 Ephes.
2433 4995 2505 5046 tv,
2532 4977 2622 5033 29.
2699 4976 2778 5029 “l
2816 4975 2957 5033 Tim.
2985 4990 3045 5036 ιι.
3082 4975 3131 5030 ’1.
3208 4975 3252 5007 ³²
3268 4972 3442 5028 Exod.

188 5063 299 5111 xx,
335 5048 386 5102 'l.
466 5049 515 5080 ”
554 5050 683 5119 Sap.
724 5065 779 5114 ι,
813 5050 882 5117 Δ,
916 5050 971 5107 5.

262 5201 383 5276 (ll)
422 5200 555 5276 Reg.
588 5203 689 5276 ούκ
720 5202 847 5274 ἄχρι
880 5204 1197 5276 χρημάτων.
1242 5202 1391 5276 Felc.
1425 5205 1480 5266 5,
1512 5205 1571 5276 οὐ
1612 5205 1772 5276 μέχρι

262 5223 383 5271 ιιι)
422 5223 555 5267 neg.
588 5223 689 5256 ουκ
720 5223 847 5274 αχρι
920 5223 1197 5275 ρηματων.
1243 5223 1391 5259 rete.
1425 5223 1480 5266 ο,
1512 5223 1571 5257 ου
1612 5223 1772 5276 μεχρι

195 5272 481 5344 ῥημάτων.
510 5270 682 5344 Paulo
708 5282 851 5342 post,
880 5223 1014 5331 Eme.
1050 5276 1218 5343 αὐτῆς
1246 5274 1459 5344 φθάνει,
1493 5271 1646 5338 οὗτος
1679 5276 1773 5328 καὶ

196 5342 600 5413 προαιρέσεως,
627 5342 828 5397 desunt
867 5344 921 5397 in
959 5343 1106 5399 Felc.
1135 5342 1188 5401 3.

293 5410 380 5486 1g)
415 5413 500 5486 ita
527 5410 735 5486 Begitts
757 5413 1044 5486 etAnglic.
1078 5413 1219 5486 Editi
1237 5430 1388 5473 vero.
1410 5414 1473 5467 τὸ
1493 5415 1621 5486 περὶ
1657 5415 1766 5469 Ἀν.

415 5481 1331 5556 Βεεᾼὶᾳιὶοιιείεηότοῦτο-κηρύττων.
1370 5486 1566 5556 Ὅπερ.

265 5550 494 5625 (“Lua
515 5551 653 5625 lieg.
676 5562 734 5625 et
760 5552 971 5625 Anglic.
1006 5550 1144 5625 Editi
1175 5570 1325 5625 vero,
1360 5550 1540 5625 ἡμῶν.
1571 5553 1690 5625 Mox
1716 5554 1769 5608 in

204 5615 425 5693 Felc.},
460 5615 628 5693 ῂμᾶτξ
656 5615 1015 5693 desideratur.
1067 5624 1211 5687 Mox,
1262 5615 1424 5678 Basi'l'.
1464 5632 1517 5678 et
1556 5624 1765 5693 Anglic.

204 5690 445 5769 γενέσθαι
465 5690 664 5761 λὲγων.
699 5692 864 5749 Paulo
884 5706 1005 5763 post
1028 5696 1178 5763 editi,
1209 5698 1322 5749 ἐστι
1342 5694 1510 5749 τὸτοῦ
1539 5690 1766 5761 Κυρίου,

1879 5198 2324 5278 sedsédgqsun
2360 5202 2603 5278 Besio-_
2678 5272 2710 5278 --
2888 5269 2901 5278 .
2995 5268 3028 5278 ..

1950 5275 2059 5342 (15)
2098 5274 2234 5328 Οὐδέ
2282 5265 2530 5328 όεεειἿη
2571 5272 2734 5328 Basil.
2778 5279 2845 5342 et,
2873 5268 3084 5338 Anglic.
3122 5265 3264 5327 Mox,
3299 5265 3437 5342 lucc,

1876 5337 1976 5415 9'52
2005 5337 2119 5396 ἔστι
2148 5344 2336 5415 πιστὸς
2370 5345 2426 5415 ὲν
2458 5342 2620 5415 λόγῳ,
2661 5341 2881 5413 punctis
2917 5337 3174 5393 annotata
3215 5344 3339 5393 svnt
3379 5337 3438 5390 ha

1877 5413 2031 5486 Beg._
2044 5413 2479 5486 quasi__del_enda.
2574 5413 2581 5415 ⁷
2616 5483 2630 5486 _
2995 5476 3006 5486 _

1942 5475 2077 5605 ρδγ
2100 5483 2156 5536 In
2200 5480 2389 5553 Regio,
2427 5483 2667 5538 secunda
2700 5496 2863 5535 manu
2901 5476 3179 5538 scribitur,
3222 5475 3431 5545 σοφίας.

1874 5556 1934 5607 1η
1962 5569 2042 5607 ra.
2090 5552 2295 5607 Reaius
2332 5560 2386 5607 et
2428 5554 2781 5607 Anglicanus.
2826 5550 3130 5607 κατάγρεῳ,
3177 5563 3298 5601 cum
3346 5561 3431 5599 ac-

1876 5566 2295 5634 Inlra,.neglus
2332 5566 2386 5607 et
2428 5566 2781 5633 Anglicanus,
2826 5566 3130 5630 καταχρεῳ,
3177 5566 3298 5601 cum
3346 5566 3436 5599 ac-

1873 5624 2600 5748 Emt‘t’itzpcantepcnultinta.
2633 5620 2858 5687 Ibidem,
2888 5618 3088 5690 Regius
3122 5627 3170 5673 et
3205 5616 3350 5673 Felc.
3378 5612 3436 5686 3,

1913 5709 2170 5769 pugnate.
