3890 6200
422 305 518 363 ιθι
1547 314 1605 372 S.
1645 311 2111 369 ATHANASIUS.
2148 343 2219 355 --
2259 310 2487 369 DUBIA.
3542 315 3657 373 £99.

418 423 578 481 Jesus
605 421 860 480 Christus
887 424 960 482 ab
985 424 1366 486 invocantibus
1394 446 1473 498 se,
1501 432 1678 503 primo
1704 430 1860 487 ﬁdem
1890 444 1987 501 po-

2101 430 2245 499 ιιήσει
2278 429 2338 482 ὲν
2385 428 2597 500 σώματι
2629 429 2917 502 ωταχρέῳ
2947 429 3258 502 ἁμαρτίαις.
3289 448 3310 483 ι
3354 429 3455 485 Διά
3494 433 3655 485 τοῦτο

421 519 607 585 stulat,
636 518 779 574 sicut
799 533 946 575 caeco
966 518 1079 576 ait:
1109 540 1128 573 ι
1153 521 1347 579 Credis
1367 522 1513 594 quod
1546 523 1646 577 hoc
1669 524 1871 593 possim
1890 521 1987 577 tibi

2101 519 2183 572 ιιαὶ
2207 520 2236 572 6
2263 518 2466 591 Κύριος
2487 519 2643 592 ἡμῶν
2674 519 2877 592 Ἰησοῦς
2896 523 3128 593 Χριστὸς
3140 524 3266 587 τοὺς
3293 522 3665 594 ὲπικαλουμέ-ι,

419 608 737 669 ΐιοονευιτ»
758 611 866 684 63
886 613 1126 667 lunatico
1139 622 1321 669 autem
1350 615 1457 669 ait:
1480 633 1499 666 ι
1527 613 1581 669 Si
1602 614 1817 681 credas,
1839 614 1983 670 ﬁet.»

2101 629 2218 676 νους
2243 613 2403 666 αὐτὸν
2426 612 2606 666 πίστιν
2631 613 2850 667 ἀπαιτεῖ
2869 613 3103 685 πρῶτον,
3135 614 3211 678 ὡς
3235 614 3326 667 ἐπὶ
3340 614 3434 668 τοῦ
3448 615 3652 685 τυφλοῦ

421 700 478 757 Id
500 710 677 757 autem
700 701 951 758 Salvator
976 705 1240 774 postulat,
1271 722 1382 761 non
1405 706 1551 777 quod
1578 706 1808 761 aliorum
1834 713 1989 777 egeat

421 793 725 849 ministerio
756 809 771 846 :
806 793 923 863 ipse
953 794 1155 865 quippe
1196 794 1321 851 ﬁdei
1351 794 1616 852 Dominus
1649 803 1703 851 et
1734 795 1991 866 suppedio

422 890 565 937 tator
593 892 711 951 est;
746 884 841 939 sed
891 900 958 941 ne
992 886 1241 941 videatur
1288 888 1538 958 personis
1582 887 1907 958 gratiﬁcari,
1936 893 1990 941 et

419 975 567 1045 quod
604 976 955 1032 credentibus
990 987 1195 1033 annuat
1228 998 1240 1033 :
1277 996 1410 1034 neve
1443 981 1490 1035 si
1533 981 1673 1035 citra
1698 979 1855 1034 ﬁdem
1894 980 1989 1034 be-

422 1066 617 1123 neﬁcia
661 1069 950 1139 recipiant,
1000 1070 1318 1125 inﬁdelitate
1369 1071 1487 1141 ipsa
1536 1071 1809 1125 amittant.
1861 1068 1990 1124 Vult

421 1152 567 1208 enim
593 1170 757 1224 quam
809 1156 1040 1227 largitur
1072 1158 1326 1228 gratiam,
1372 1174 1711 1228 permanere,
1756 1167 1810 1213 et
1863 1174 1987 1213 cum

423 1251 603 1305 sanat.
638 1262 919 1316 nunquam
973 1248 1145 1302 amitti
1176 1231 1536 1306 curationem.
1585 1250 1789 1305 Cavcre
1829 1249 1991 1320 jussit

424 1336 591 1406 igitur
619 1340 976 1410 paralyticum
1006 1340 1093 1395 his
1126 1341 1308 1397 verbis
1335 1358 1347 1393 :
1386 1360 1405 1393 ι
1441 1341 1582 1396 Ecce
1610 1359 1777 1398 sanus
1812 1342 1990 1399 factus

421 1443 503 1491 es,
537 1429 648 1484 noli
680 1431 913 1501 amplius
944 1447 1191 1501 peccare,
1224 1449 1291 1488 ne
1320 1434 1417 1488 tibi
1446 1434 1577 1504 quid
1599 1435 1840 1491 deterius
1860 1451 1992 1490 con-

421 1522 595 1590 tingat
613 1522 680 1579 ³⁸.
720 1541 739 1574 ι
774 1523 852 1577 Αε
882 1524 1049 1578 veluti
1093 1525 1139 1580 si
1173 1525 1297 1594 quis
1344 1526 1592 1581 medicus
1642 1528 1711 1582 ad
1756 1537 1991 1598 aegrotos

423 1613 725 1684 ingressus,
758 1615 1072 1673 sciscitatus
1103 1619 1340 1688 primum
1387 1617 1570 1682 fuerit,
1601 1635 1668 1673 an
1699 1621 1869 1675 velint
1893 1636 1991 1676 cu-

422 1704 570 1771 rari;
598 1720 666 1759 ne
696 1717 923 1761 curante
970 1725 1109 1772 sese,
1142 1709 1360 1779 illisque
1411 1712 1746 1778 nolentibus,
1778 1713 1993 1770 inutilis

423 1791 517 1845 ﬁat
567 1795 801 1860 curatio,
851 1795 1271 1855 adversantibus
1325 1800 1547 1870 azgrotis
1599 1801 1796 1857 medici
1854 1803 1987 1871 arti;

420 1884 496 1938 ita
529 1900 747 1957 quoque
777 1886 1041 1946 Dominus
1073 1907 1140 1945 ex
1172 1892 1431 1948 sanandis
1479 1904 1833 1964 percontatus
1880 1903 1987 1961 est,

424 1986 475 2030 3t
501 1978 852 2036 credentibus
869 1983 1204 2051 gratiticatus
1233 1993 1336 2049 est,
1367 1994 1427 2040 ut
1453 2003 1547 2057 per
1569 1986 1725 2042 ﬁdem
1757 1989 1990 2059 gratiam

423 2068 670 2124 obtinere
700 2080 943 2140 possent.
979 2072 1243 2130 Indicium
1292 2077 1436 2133 enim
1466 2079 1733 2148 propositi
1771 2079 1986 2144 animae,

422 2158 557 2215 ﬁdes
588 2168 690 2215 est.

2091 701 2296 771 λέγων’
2336 722 2355 754 ‹
2396 702 2697 766 Πιστεύεις,
2730 704 2811 756 ὅτι
2838 703 3070 773 δύναμαί
3110 720 3190 756 σοι
3211 703 3319 775 (17)
3334 703 3660 777 τοῦτοποιῆ-

2092 810 2219 859 σαι;
2245 813 2264 845 ι
2287 796 2380 849 καὶ
2397 793 2490 848 ἐπὶ
2502 794 2594 847 τοῦ
2617 795 3060 867 σεληνιαζομένου
3085 796 3140 850 δέ
3170 813 3354 867 φησιν,
3376 798 3456 851 ὅτι
3484 818 3503 848 ι
3527 799 3654 851 Ἐἀν

2089 886 2370 960 πιστεύῃς,
2396 887 2621 955 γίνεται.
2654 906 2672 937 ι
2707 889 2951 941 Ἀπαιτεϊ
2982 886 3039 942 δὲ
3070 889 3227 943 τοῦτο
3254 891 3283 942 6
3311 889 3521 962 Σωτὴρ,
3553 891 3668 950 οὐκ¹

2089 977 2388 1049 ἐπειδήπερ
2418 977 2612 1051 ἔχρῃζε
2641 979 2736 1049 τῆς
2768 982 2896 1051 παρ’
2930 981 3128 1051 ἐτέρων
3159 981 3463 1053 συνεργίας·
3492 983 3654 1046 αὐτὸς

2092 1067 2202 1138 γάρ
2245 1068 2339 1120 καὶ
2395 1069 2493 1139 τῆς
2544 1070 2781 1133 πίστεως
2812 1069 3013 1141 Κύριος
3063 1071 3155 1123 καὶ
3204 1071 3437 1142 χορηγός
3466 1073 3612 1125 ἐστιν
3638 1090 3651 1104 ο

2094 1158 2210 1212 ἀλλ’
2235 1159 2319 1212 ἵνα
2346 1160 2418 1230 μὴ
2439 1160 2514 1224 ὡς
2536 1160 2847 1233 προσώποις
2868 1160 3221 1233 χαριζόμενος
3246 1164 3405 1232 φανῇ,
3441 1161 3553 1215 ἀλλ’
3572 1163 3656 1215 ὅτι

2089 1252 2202 1313 τοῖς
2226 1249 2567 1304 πιστεύουσιν
2598 1250 2866 1318 ἐπινεύει·
2896 1252 2988 1304 καὶ
3009 1252 3094 1304 ἵνα
3126 1251 3198 1322 μὴ
3230 1254 3394 1323 χωρὶς
3421 1253 3658 1317 πίστεως

2087 1342 2344 1407 δέξωνται
2366 1344 2465 1407 τὰς
2485 1344 2819 1415 εὐεργεσίας,
2842 1345 2936 1397 καὶ
2958 1347 3023 1415 τῇ
3047 1345 3272 1415 ἀπιστία
3300 1344 3500 1409 ταύτας
3546 1346 3656 1399 ἀπ-

2089 1430 2335 1485 ολέσωσι.
2368 1431 2523 1484 Θέλει
2561 1432 2669 1503 γὰρ
2691 1433 3042 1503 χαριζόμενος
3079 1434 3411 1505 παραμένειν
3430 1436 3527 1506 τὴν
3560 1435 3661 1505 χά-

2094 1541 2201 1595 ριν,
2227 1525 2321 1577 καὶ
2343 1524 2661 1596 θεραπεύων
2687 1525 3021 1579 ἀδιάπτωτον
3052 1522 3189 1579 εἶναι
3216 1527 3313 1595 τὴν
3340 1526 3657 1598 θεραπείαν.

2103 1614 2455 1685 Ἠσφαλίζετο
2476 1617 2607 1685 γοῦν
2627 1617 2718 1670 τὸν
2752 1617 3116 1688 παραλυτικὸν
3143 1619 3250 1687 (18)
3274 1619 3445 1686 λέγων
3462 1636 3475 1649 ο
3494 1639 3513 1670 ι
3528 1619 3657 1683 Ἴδε,

2094 1708 2249 1780 ὑγιὴς
2282 1710 2531 1777 γέγονας,
2569 1708 2761 1779 μηκέτι
2794 1710 3092 1781 ἁμάρτανε,
3126 1710 3211 1763 ἵνα
3247 1710 3320 1782 μὴ
3358 1710 3537 1781 χεῖρόν
3576 1710 3661 1762 σοί

2092 1820 2143 1855 τι
2161 1802 2401 1871 γένηται.
2418 1820 2435 1852 ι
2454 1803 2562 1854 Kal.
2577 1800 2762 1873 ὥσπερ
2783 1801 2846 1855 ἄν
2860 1820 2943 1865 τις
2966 1803 3147 1874 ἰατρὸς
3163 1802 3343 1855 εἰσιὼν
3372 1803 3508 1874 πρὸς
3534 1804 3663 1867 τοὺς

2094 1894 2419 1962 κάμνοντας,
2442 1891 2763 1945 πυνθάνοιτο
2797 1893 3008 1963 πρῶτον
3030 1896 3078 1947 εἰ
3103 1894 3371 1964 βούλοιντο
3398 1895 3664 1967 θεραπεύ-

2093 1985 2269 2048 εσθαι,
2303 1984 2389 2037 ἵνα
2425 1983 2497 2055 μὴ
2538 1984 2700 2038 αὑτοῦ
2732 1985 3122 2055 φροντίζοντος,
3168 1986 3428 2039 κάκείνων
3448 1985 3519 2056 μὴ
3538 1985 3662 2055 βου-

2092 2077 2352 2147 λομένων,
2389 2075 2670 2145 ἀνωφελὴς
2702 2077 2736 2146 ἡ
2772 2074 3034 2145 θεραπεία
3088 2076 3331 2146 γένηται,
3391 2078 3663 2129 ἐναντιου-

2098 2168 2271 2239 μένων
2308 2164 2417 2218 τῶν
2453 2165 2766 2236 καμνόντων
2802 2166 2938 2237 πρὸς
2966 2167 3063 2238 τὴν
3089 2167 3181 2219 τοῦ
3212 2166 3393 2237 ἰατροῦ
3435 2168 3661 2238 τέχνηνο

417 2251 561 2306 οὕτω
598 2256 690 2307 καὶ
714 2256 741 2307 6
779 2255 982 2328 Κύριος
1021 2258 1127 2311 τῶν
1179 2259 1626 2332 θεραπευομένων
1678 2262 2024 2326 ἐπυνθάνετο,
2088 2263 2182 2315 καὶ
2217 2263 2328 2324 τοῖς
2383 2259 2727 2312 πιστεύουσιν
2782 2257 3084 2330 ἐχαρίζετο,
3130 2259 3216 2312 ἵνα
3244 2263 3312 2331 τῇ
3348 2259 3534 2312 ’πίστει
3566 2261 3665 2313 καὶ

419 2343 517 2417 τὴν
563 2348 721 2420 χάριν
769 2355 1060 2422 κατασχεῖν
1105 2354 1395 2426 δυνηθῶσι.
1427 2349 1717 2431 Γνώριᾶμα
1751 2359 1861 2430 γὰρ
1884 2358 1983 2429 τῆς
2016 2357 2192 2428 ψυχῆς
2216 2357 2314 2426 τῆς
2333 2355 2755 2428 προαιρέσεωςή
2787 2354 2970 2417 πίστις
2996 2354 3160 2431 5‘;th-

490 2463 543 2519 5.
586 2465 726 2531 Quid
768 2467 952 2537 itaque
998 2468 1164 2524 Deum
1206 2480 1396 2527 testem
1440 2474 1737 2537 advocant,
1769 2476 1863 2544 qui
1902 2490 1991 2530 re-

419 2572 548 2613 vera
581 2557 740 2614 ﬁdem
772 2576 879 2616 non
914 2563 1159 2617 habent?
1199 2562 1437 2634 Spiritus
1471 2566 1525 2619 in
1558 2566 1791 2622 Psalmis
1820 2578 1989 2623 testa-

422 2655 550 2702 tur:
582 2667 600 2699 ι
632 2647 808 2720 Prope
853 2660 937 2707 est
991 2652 1256 2708 Dominus
1305 2656 1563 2711 omnibus
1608 2655 1988 2713 invocantibus

422 2756 546 2795 eum
595 2743 651 2796 in
692 2744 919 2799 veritate
949 2745 996 2776 ²⁶
1018 2785 1033 2808 ,
1065 2766 1082 2798 ι
1121 2762 1216 2816 per
1244 2748 1408 2816 quam
1438 2749 1610 2802 solam
1639 2747 1783 2803 Deus
1810 2755 1989 2819 potest

425 2835 687 2887 invocari.
717 2833 859 2900 Quid
886 2837 1067 2905 itaque
1094 2836 1345 2909 estquod
1372 2837 1426 2892 in
1454 2837 1623 2893 Deum
1645 2839 1866 2907 jurcnt,
1895 2837 1990 2908 qui

423 2939 493 2979 ne
519 2924 575 2977 in
604 2926 785 2994 parvis
816 2925 1035 2995 quidem
1067 2926 1231 2980 rebus
1258 2927 1415 2981 ﬁdem
1444 2927 1678 2983 habent?
1707 2943 1830 2982 cum
1860 2928 1994 2983 alio-

371 3024 375 3028 '
424 3018 515 3089 qui
540 3017 912 3088 juramentum
941 3020 1183 3075 veritatis
1209 3021 1283 3076 sit
1310 3022 1614 3088 testis,uon
1637 3021 1797 3078 index
1825 3036 1994 3092 nego-

2167 2473 2219 2528 5.
2255 2473 2319 2525 Τί
2347 2472 2525 2524 τοίνυν
2554 2470 2645 2523 τὸν
2677 2470 2811 2524 Θεὸν
2853 2470 3077 2523 καλοῦσι
3114 2470 3365 2541 μάρτυρα
3398 2471 3446 2523 οἱ
3477 2470 3550 2541 μὴ
3576 2470 3668 2522 πί-

2096 2581 2212 2618 στιν
2248 2564 2388 2617 κατά
2436 2562 2690 2634 ἀλήθειαν
2732 2560 2979 2630 έχοντες;
3019 2559 3093 2613 Τὸ
3130 2560 3352 2631 Πνεῦμα
3402 2563 3669 2631 μαρτυρεῖ

2094 2657 2151 2708 ἐν
2181 2655 2428 2725 Ψαλμοῖς
2448 2673 2461 2685 ·
2504 2674 2522 2706 ι
2546 2655 2740 2722 Ἐγγὺς
2763 2653 2967 2722 Κύριος
2997 2654 3130 2705 πᾶσι
3166 2655 3279 2716 τοῖς
3304 2653 3667 2722 ἐπικαλουμέ-

2092 2762 2203 2807 νοις
2240 2744 2399 2797 αύτὸν
2432 2745 2488 2796 ὲν
2523 2742 2781 2813 ἀληθείᾳ,
2817 2762 2835 2793 ι
2874 2741 2940 2793 δι’
2974 2736 3040 2811 ἧς
3099 2740 3263 2811 μόνης
3290 2740 3665 2794 ὲπικαλείττθαι

2094 2836 2312 2889 δύναται
2342 2839 2370 2889 ὀ
2403 2836 2553 2898 Θεός.
2585 2837 2745 2889 Ὥστε
2791 2835 2842 2888 τί
2896 2835 3157 2905 ὀμνύουσι
3186 2833 3316 2886 Θεὸν
3357 2834 3405 2885 οἱ
3449 2833 3584 2903 aut}:
3605 2833 3665 2885 ἐν

2096 2932 2206 2993 τοῖς
2241 2931 2452 3000 μικροῖς
2480 2928 2661 2982 πίστιν
2693 2927 2939 2998 ἐχοντες;
2987 2927 3160 2989 ἄλλως
3196 2943 3255 2978 τε
3288 2925 3382 2979 καὶ
3430 2926 3457 2977 ὀ
3500 2922 3665 2995 ὅρκος

2099 3019 2354 3089 ἀληθείας
2379 3020 2493 3073 ἐστὶ
2529 3019 2756 3091 μάρτυς,
2788 3019 2883 3071 καὶ
2909 3018 2969 3071 ού
2991 3018 3098 3070 τῶν
3131 3016 3426 3088 χρημάτων
3456 3032 3669 3085 σημαν-

425 3112 647 3167 tiorum.
691 3110 886 3165 Jurant
932 3113 1075 3167 enim
1110 3114 1357 3169 homines
1387 3128 1496 3168 non
1528 3129 1637 3183 quo
1666 3130 1755 3169 res
1788 3113 1994 3185 signiﬁ-

2101 3109 2263 3172 τικός.
2317 3108 2604 3180 Ὀμνύουσι
2636 3109 2745 3179 γάρ
2781 3109 2828 3161 οἱ
2867 3108 3162 3178 ἄνθρωποι,
3193 3107 3290 3177 οὐχ
3324 3107 3408 3159 ῖνα
3432 3105 3499 3157 τὰ
3523 3105 3665 3176 πρά-

426 3208 586 3266 cent,
621 3201 716 3256 sed
747 3217 856 3271 quo
885 3205 1165 3257 veritatem
1197 3202 1495 3269 alﬁrment,
1526 3213 1581 3258 et
1626 3213 1684 3259 ut
1725 3220 1845 3260 sese
1883 3221 1996 3261 non

426 3295 645 3353 mentiri
675 3296 1058 3351 testiﬁcentur.
1095 3295 1154 3350 Si
1200 3298 1384 3367 itaque
1419 3296 1631 3366 juranti
1677 3300 1819 3353 inest
1859 3292 1995 3355 ﬁdes

428 3397 591 3460 atque
620 3390 825 3444 veritas
845 3431 860 3454 ,
892 3391 1020 3461 quid
1050 3406 1190 3462 opus
1216 3391 1570 3462 juramento?
1596 3389 1752 3457 Quod
1783 3391 1831 3447 si
1862 3391 1996 3448 ﬁdes

427 3488 484 3536 et
539 3481 742 3537 veritas
785 3481 995 3552 juranti
1042 3483 1216 3547 adsit,
1263 3498 1363 3537 cur
1410 3490 1614 3538 tantam
1658 3483 1997 3540 admittimus

429 3571 793 3642 impietatem,
838 3580 896 3627 ut
941 3573 1304 3628 humanarum
1350 3574 1772 3644 mortal-iumque
1813 3587 1997 3629 rerum

430 3679 597 3720 causa
615 3703 631 3729 ,
660 3664 829 3721 Deum
852 3705 869 3729 ,
901 3667 994 3737 qui
1035 3682 1203 3738 supra
1239 3667 1488 3724 homines
1509 3676 1593 3724 est
1614 3709 1630 3735 ,
1658 3668 1879 3723 testem'
1902 3668 2000 3724 ad~

428 3756 733 3812 vocemus?
775 3755 911 3811 Nam
949 3758 997 3813 si
1041 3758 1199 3814 nefas
1259 3765 1343 3815 est
1389 3766 1667 3813 terrenum
1710 3774 1894 3830 regem
1930 3758 1999 3815 ad

430 3845 703 3901 exteriora
730 3846 1029 3901 tribunalia
1060 3856 1254 3903 tesmm
1285 3848 1582 3915 advocare,
1613 3855 1800 3920 utpote
1825 3849 1917 3920 qui
1944 3857 2002 3905 et

430 3937 847 3994 accusatoribus
876 3945 929 3991 et
951 3937 1235 4008 judicibus
1261 3941 1335 3994 sit
1368 3941 1731 4010 praestantior,
1763 3956 1862 3996 cur
1889 3956 2002 3995 non

430 4023 635 4078 factum
665 4024 732 4078 ad
766 4039 854 4081 res
890 4024 1062 4081 factas
1091 4026 1424 4083 advocamus
1444 4068 1459 4093 ,
1496 4027 1774 4099 Deumque
1803 4030 1873 4085 ab
1904 4030 2002 4085 ho-

429 4114 671 4171 minibus
701 4116 981 4186 deSpectui
1011 4118 1200 4173 haberi
1230 4122 1533 4177 curamus?
1560 4121 1775 4192 Apage!
1799 4121 1859 4176 ld
1886 4137 2003 4177 om-

431 4224 558 4265 nem
587 4218 809 4279 superat
842 4210 1182 4281 iniquitatem
1216 4212 1628 4284 audaciamque.
1663 4214 1805 4280 Quid
1839 4215 2004 4286 igitur

432 4300 749 4370 agendum?
778 4299 923 4355 Nihil
950 4302 1099 4357 aliud
1130 4317 1264 4358 sane
1284 4344 1298 4370 ,
1333 4318 1496 4372 quam
1529 4311 1589 4357 ut
1616 4304 1686 4359 sit
1712 4311 1963 4359 nostrum
1983 4345 2000 4371 ,

430 4392 547 4455 Ita,
596 4396 710 4459 ita;
759 4391 914 4456 Non,
943 4410 1055 4448 non
1093 4414 1103 4446 :
1146 4402 1203 4449 et
1242 4394 1394 4449 nullo
1435 4394 1599 4468 modo
1650 4394 1998 4449 mentiamur.

429 4481 566 4539 Nam
594 4483 641 4539 si
670 4486 741 4538 ita
773 4499 998 4541 veraces
1025 4487 1200 4543 simus
1219 4526 1235 4553 ,
1260 4500 1517 4559 veracem,
1533 4485 1635 4541 hac
1661 4485 1719 4541 in
1746 4501 1805 4542 re
1829 4485 1999 4542 Deum
2030 4462 2077 4518 Β

431 4573 634 4629 imitari
665 4574 993 4630 videbimur.

500 4663 555 4720 6.
595 4664 812 4735 Aliquis
842 4664 1096 4721 fortassis
1124 4665 1257 4733 erit,
1291 4666 1387 4736 qui
1417 4665 1571 4721 hisce
1614 4665 2000 4722 verosimiliter

431 4755 513 4812 sic
550 4756 933 4811 contradicat:
983 4754 1039 4811 Si
1076 4755 1465 4826 jusjurandum
1494 4757 1721 4812 vetitum
1765 4757 2001 4813 homini-

432 4846 535 4901 bus
562 4852 685 4911 est,
710 4853 765 4901 et
799 4846 845 4902 si
870 4845 1196 4901 abstinendo
1238 4861 1268 4900 a
1309 4846 1622 4917 juramento
1661 4846 1786 4917 quis
1825 4845 1998 4902 Deum

431 4936 715 5005 imitatur;
742 4937 875 5009 quid
903 4945 988 4993 est
1016 4937 1164 5009 quod
1192 4937 1337 4994 Deus
1382 4937 1436 4993 in
1467 4937 1669 4992 divinis
1697 4935 1998 5009 Scripturis

429 5028 616 5100 iurare
638 5029 897 5085 dicatur?
919 5028 1055 5085 Nam
1084 5029 1397 5085 Abrahamo
1433 5029 1669 5101 juravit,
1700 5036 1761 5085 ut
1800 5028 1995 5085 testiﬁ-

2098 3219 2282 3273 γματα
2306 3200 2642 3271 σημάνωσιν,
2677 3200 2790 3254 ἀλλ’
2826 3200 2912 3253 ἵνα
2939 3199 3035 3270 τὴν
3066 3198 3319 3269 ἀλήθειαν
3348 3195 3667 3250 πιστώοων-

2097 3312 2209 3357 ται,
2242 3293 2336 3347 καὶ
2365 3294 2446 3346 ὅτι
2496 3290 2740 3361 λέγοντες
2768 3292 2827 3345 οὐ
2861 3291 3162 3361 ψεύδονται.
3197 3291 3258 3342 lii
3289 3289 3388 3360 μὲν
3422 3285 3515 3340 οὖν
3548 3290 3671 3341 ἐστι

2096 3383 2174 3455 τῷ
2202 3382 2453 3454 ὁμνύοντι
2505 3383 2687 3446 πίστις
2727 3382 2820 3435 καὶ
2850 3383 3099 3453 ἀλήθεια,
3148 3381 3232 3445 τίς
3285 3382 3318 3451 ὴ
3365 3380 3521 3452 χρεία
3567 3379 3667 3433 τοῦ

2096 3473 2293 3546 ὅρκου;
2325 3474 2386 3526 Et
2413 3472 2469 3526 δὲ
2506 3475 2579 3544 μή
2607 3475 2752 3526 ἐστιν
2795 3473 2852 3525 ὲν
2882 3471 3031 3543 αύτῷ
3056 3471 3253 3535 πίστις,
3278 3469 3366 3524 διὰ
3395 3472 3448 3523 τί
3473 3471 3671 3525 τοσοῦ-ι

2096 3581 2186 3616 τον
2205 3562 2525 3634 ἀσεϐοῦμεν,
2544 3562 2681 3616 ὥστε
2703 3562 2767 3615 δι’
2784 3556 3097 3634 ἀνθρώπινα
3123 3563 3215 3616 καὶ
3239 3561 3405 3631 θνητά
3417 3562 3505 3615 τὸν
3527 3563 3669 3635 ὑπὲρ

2097 3655 2379 3727 ἄνθρωπον
2405 3655 2537 3709 Θεὸν
2556 3654 2740 3708 καλεῖν
2773 3655 3061 3727 μάρτυρα;
3090 3656 3153 3707 Εἰ
3188 3656 3296 3727 γάρ
3325 3656 3414 3708 τὸν
3443 3655 3681 3726 βασιλέα.Δ

2098 3746 2190 3801 τὸν
2220 3748 2312 3801 ἐπὶ
2344 3749 2447 3819 γῆς
2477 3749 2556 3812 εἰς
2594 3747 2662 3801 τά
2691 3746 2795 3813 ἔξω
2843 3747 3164 3819 δικαστήρια
3201 3748 3380 3801 καλεῖν
3416 3748 3670 3820 μάρτυρα

2102 3837 2164 3890 οὐ
2203 3836 2383 3908 θέμις,
2419 3837 2494 3901 ὼς
2534 3838 2818 3909 κρείττονα
2871 3838 2966 3891 καὶ
3017 3838 3125 3892 τῶν
3157 3839 3521 3906 ἐγκαλούντων
3556 3838 3667 3910 (19)

2100 3926 2194 3983 καὶ
2229 3927 2338 3981 τῶν
2374 3927 2718 3991 δικαζόντων,
2752 3928 2803 3981 τί
2850 3929 2941 3982 τὸν
2966 3929 3227 3999 ἀγένητον
3255 3931 3333 3993 είς
3371 3929 3439 3983 τά
3466 3930 3671 4001 γενητά

2101 4018 2389 4090 καλοῦμεν,
2409 4020 2503 4075 καὶ
2524 4020 2613 4074 τὸν
2630 4019 2759 4072 Θεὸν
2777 4021 2881 4073 ὑπὸ
2904 4020 3205 4092 ἀνθρώπων
3223 4020 3479 4092 ποιοῦμεν
3499 4037 3670 4074 κατα-

2101 4108 2412 4181 φρονεῖσθαι
2430 4128 2444 4177 ;
2465 4112 2710 4181 Ἀπαγει
2740 4111 2909 4165 Τοῦτο
2942 4115 3121 4165 πᾶσαν
3141 4113 3465 4185 ὑπερϐάλλει
3492 4130 3673 4184 παραο

2101 4203 2294 4275 νομίαν
2318 4205 2411 4258 καὶ
2438 4204 2658 4276 τόλμαν.
2698 4205 2763 4258 Τί
2791 4202 2882 4260 οῦν
2903 4205 2983 4258 δεῖ
3009 4209 3213 4271 ποιεῖν;
3248 4205 3409 4259 Οὐδὲν
3442 4205 3600 4259 πλέον
3635 4205 3672 4276 ἦ

2102 4291 2241 4351 εἶναι
2275 4297 2431 4369 ἡμῶν
2462 4298 2523 4351 τὸ
2552 4299 2681 4362 Ναὶ,
2711 4299 2819 4361 ναὶ,
2850 4300 2943 4353 καὶ
2962 4299 3024 4352 τὸ
3053 4297 3151 4356 Οὓ.
3180 4297 3240 4351 οὗ
3264 4314 3279 4329 ο
3317 4299 3411 4352 καὶ
3440 4296 3671 4351 καθόλου

2104 4388 2180 4461 μὴ
2210 4389 2519 4461 ψεύδεσθαι.
2556 4390 2741 4455 Οὕτως
2772 4391 2879 4462 γάρ
2931 4392 3090 4462 ἡμεῖς
3134 4391 3245 4463 (20)
3293 4389 3672 4461 ἀληθεύοντες»

2104 4480 2356 4553 δόξαιμεν
2384 4482 2478 4537 καὶ
2510 4484 2568 4537 ὲν
2592 4482 2765 4553 τούτῳ
2788 4484 3067 4555 μιμεῖσθαι
3094 4485 3183 4537 τὸν
3220 4482 3395 4556 ἀληθῆ
3424 4483 3578 4538 Θεόν.

2175 4660 2228 4717 6.
2259 4661 2419 4726 Ἴσως
2448 4663 2505 4717 δέ
2540 4681 2624 4728 τις
2647 4663 2740 4716 ἐπὶ
2769 4663 2978 4727 τούτοις
3005 4662 3240 4731 εὐλόγως
3290 4660 3565 4733 ἀντιθήσει
3592 4658 3676 4713 λέο

2102 4768 2243 4821 γων·
2272 4753 2335 4806 Εί
2360 4756 2389 4807 6
2414 4753 2574 4826 ὅρκος
2602 4754 2709 4808 ἀπὸ
2732 4754 3032 4827 ἀνθρώπιον
3054 4753 3377 4817 κεκώλυται,
3393 4754 3485 4807 καὶ
3512 4753 3568 4805 ὲν
3590 4752 3677 4826 τῷ

2104 4843 2179 4917 μὴ
2217 4846 2443 4917 ὀμνύναι
2470 4863 2554 4912 τις
2585 4849 2831 4920 μιμεῖται
2856 4847 2916 4900 τὸ
2949 4848 3120 4911 Θεῖον,
3154 4846 3271 4911 πῶς
3301 4847 3460 4909 αὐτὸς
3488 4847 3517 4898 6
3539 4845 3676 4910 Θεὸς

2101 4937 2328 5010 ὀμνύναι
2364 4939 2581 5010 λέγεται
2632 4943 2690 4994 ὲν
2723 4943 2841 5004 ταῖς
2875 4939 3045 5004 θείαις
3078 4941 3352 5013 Γραφαῖςς
3411 4939 3521 4994 Καὶ
3562 4937 3675 5010 γάρ

2105 5032 2200 5087 καὶ
2236 5033 2315 5105 τῷ
2350 5031 2598 5105 Ἀϐραὰμ
2627 5031 2863 5111 ώμοσεν,
2892 5033 3079 5106 ὥσπερ
3109 5034 3203 5088 καὶ
3230 5032 3433 5103 Μωσῆς
3467 5047 3667 5103 μαρτυ-

507 5205 553 5241 ¹⁴
590 5203 782 5262 Matth.
819 5220 909 5271 ix,
944 5204 1035 5261 28.
1109 5206 1154 5238 ”
1194 5203 1351 5261 Joan.
1384 5223 1439 5272 v,
1474 5206 1561 5264 M.
1637 5208 1683 5240 ³⁸
1721 5207 1867 5264 Psal.
1905 5222 2088 5275 cxuv,
2127 5210 2213 5264 t8.

511 5385 620 5510 SH?
660 5386 774 5469 ξοι,
796 5393 851 5442 et
878 5402 1026 5468 mox,
1056 5387 1140 5453 δέ,
1162 5386 1362 5479 desunt
1384 5388 1436 5442 in
1466 5387 1751 5445 Basiliensi
1778 5398 1833 5445 et
1852 5386 2001 5446 Felc.

550 5474 581 5509 n
611 5472 781 5510 enus.
815 5457 1170 5510 Anglicanus.
1207 5474 1321 5510 παο
1363 5458 1555 5510 ἑτέρω.

434 5455 491 5510 5.
523 5455 781 5516 Inferius.
815 5457 1170 5526 Anglicanus,
1207 5459 1336 5529 παρ’
1363 5458 1555 5530 ἑτέρῳ.

491 5525 623 5612 ¹(ἐξ)
662 5525 748 5612 Iun
767 5525 937 5596 Regio
962 5537 1109 5612 “post
1154 5528 1544 5599 παραλυτικῶ,
1594 5529 1661 5585 ad
1705 5529 2004 5599 marginem

440 5594 681 5660 additur,
721 5594 1139 5679 θεραπευθέντα.
1238 5594 1249 5599 ’
1801 5594 1851 5677 ,⁷
1943 5667 1955 5679 ⁸

451 5734 481 5739 Α
515 5664 627 5735 (t9)
666 5664 890 5739 Regius,
925 5667 1250 5721 καλούντων.
1278 5667 1737 5739 Μοχζάγένητον,
1772 5682 1851 5722 sic
1872 5666 2004 5739 edit.

441 5734 703 5794 Comuuel.
731 5734 786 5792 et
812 5751 1002 5793 omnes
1031 5754 1162 5795 mss.
1198 5744 1395 5809 praeter
1418 5734 1579 5794 Basil.
1605 5734 1697 5808 qui
1721 5752 1844 5793 cum
1871 5737 2003 5792 edit.

2106 5390 2407 5465 Parisiens.
2429 5391 2593 5465 habet
2615 5391 2925 5463 ἀγέννητον,
2938 5391 3131 5465 minus
3153 5399 3321 5465 recte.
3341 5391 3511 5465 Paulo
3526 5404 3675 5465 post,

2107 5462 2394 5536 e__regione
2433 5463 2588 5536 vocis
2629 5461 3112 5536 xatazppovsiqﬁat,
3138 5461 3207 5517 ad
3238 5461 3545 5536 marginem
3569 5464 3678 5518 ﬂe-

2104 5532 2425 5619 S‘iiazilsm
2454 5533 2743 5619 γράφεταεν
2761 5532 2870 5619 ,καὶ
2901 5532 3201 5619 mimi.“-

2180 5600 2293 5674 (20)
2342 5600 2532 5675 Ἡμεῖς
2580 5600 2735 5661 deest
2759 5604 2814 5658 in
2840 5600 3052 5674 Anglic.
3084 5602 3225 5670 Mox,
3259 5600 3405 5660 Felc.
3442 5602 3496 5671 3,
3528 5600 3676 5670 δόξο-

2111 5690 2227 5744 μεν.
