3890 6200
232 311 334 368 I93

1227 310 1692 400 δεηθειοη
1721 312 1809 374 ET
1847 312 2078 376 annos
2111 318 2368 377 DOMINI.

3358 319 3468 382 ιιι

230 430 333 500 ριί,
361 430 455 483 καὶ
481 428 540 481 ὲν
575 429 807 500 Ὕμνοις
836 424 895 482 δὲ
924 430 1275 513 γέγραπταισο
1298 434 1536 503 «Ὤμοσε
1573 435 1788 507 Κύριος1

1904 442 2062 489 catur
2102 435 2312 508 Moyses
2332 437 2400 501 ",
2448 444 2502 492 et
2532 438 2587 493 in
2617 431 2844 512 Hymnis
2875 438 3137 510 scriptum
3168 442 3253 495 cst
3279 458 3293 494 :
3328 458 3347 492 ι
3372 438 3472 496 Ju-

226 523 321 577 καὶ
349 523 412 575 οὐ
457 521 999 593 μεταμεληθήσεται*
1036 523 1108 576 Σὺ
1157 524 1335 594 ἱερεὺς
1374 526 1456 589 είς
1492 525 1583 579 τὸν
1627 525 1798 579 αἰῶνα

225 612 366 667 κατὰ
387 612 488 684 τὴν
514 611 668 677 τάξιν
688 612 1042 683 Μελχισεδέκ.
1070 633 1089 666 ι
1118 615 1265 682 Δόξει
1289 615 1401 687 (21)
1429 616 1538 689 γάρ
1569 616 1603 688 ἢ
1625 616 1800 671 ταῦτα

224 700 495 770 μάχεσθαι
519 704 634 765 τοῖς
660 702 1055 773 προλεχθεῖσιν,
1073 703 1107 775 ἢ
1127 706 1191 758 ἐκ
1209 705 1412 760 τούτων
1426 706 1799 779 ὲπιτρίϐεσθαι

221 792 350 855 τοὺς
374 791 696 864 ἀνθρώπους
716 794 795 856 εἰς
815 794 1028 865 ὅρκους.
1066 794 1203 847 Ἀλλ’
1225 797 1325 850 οὐκ
1346 796 1492 850 ἔστιν
1516 797 1658 852 οὕτω
1677 814 1692 829 ·
1724 798 1798 870 μὴ

221 884 399 937 ταῦτά
436 902 520 948 τις
566 884 677 954 (22)
738 885 1022 955 νομιζέτω.
1081 886 1211 953 Θεὸς
1266 889 1376 961 7&9
1425 890 1545 944 κατ’
1590 889 1801 953 οὐδενὸς

214 976 433 1045 ὀμνύει.
487 976 614 1042 Πῶς
648 979 777 1049 γάρ,
809 979 969 1042 αὐτὸς
1010 981 1215 1052 Κύριος
1262 983 1356 1035 καὶ
1407 982 1638 1053 ποιητὴς
1689 981 1800 1036 τῶν

217 1068 479 1122 ἁπάντων
518 1071 815 1140 ύπάρχων;
866 1071 1003 1123 Ἀλλ’
1048 1074 1097 1125 εί
1138 1073 1244 1144 χρὴ
1290 1073 1495 1145 τάληθῆ
1535 1074 1736 1145 λέγειν,
1767 1076 1797 1127 6

217 1157 378 1226 λόγος
404 1160 568 1230 ὅρκος
592 1161 758 1215 αὑτοῦ
784 1164 919 1227 ἐστι,
938 1162 1297 1235 πληροφορῶν
1318 1166 1445 1229 τοὺς
1474 1166 1791 1231 ἀκούοντας,

220 1252 316 1304 καὶ
347 1251 533 1304 πίστιν
559 1253 776 1324 ἑκάστῳ
811 1253 1086 1326 παρέχων,
1140 1257 1222 1309 ὅτι
1250 1256 1279 1309 ὃ
1312 1257 1677 1327 ἐπηγγείλατο
1705 1260 1800 1313 καὶ

216 1341 392 1404 λαλεῖ,
431 1344 648 1406 πάντως
673 1342 770 1395 καὶ
815 1345 1123 1414 γενήσεται.
1147 1345 1220 1398 Οὐ
1254 1343 1362 1415 γὰρ
1410 1344 1487 1408 ὡς
1516 1345 1799 1419 ἄνθρωπος

216 1433 408 1502 ὀμνύει
442 1434 597 1499 Θεὸς,
623 1434 736 1487 ἀλλ’
758 1436 886 1505 ἡμῖν
912 1437 940 1488 6
963 1434 1117 1504 λόγος
1141 1436 1304 1490 αὐτοῦ
1332 1438 1453 1491 ἀντὶ
1477 1438 1640 1510 ὅρκου
1663 1439 1799 1510 πρὸς

214 1526 481 1598 ἀλήθειαν
507 1527 738 1595 γίνεται.
799 1528 1130 1601 Ἀνθρώποις
1160 1529 1215 1584 δὲ
1248 1529 1423 1584 λαλῶν
1448 1530 1676 1602 ὀμνύναι
1710 1530 1799 1585 λέ-

217 1635 400 1686 γεται,
457 1620 552 1672 καὶ
588 1619 750 1673 τοῦτο
802 1619 1288 1692 ἀνθρωπικώτερον
1345 1622 1648 1677 λαλούντων
1685 1623 1795 1679 τῶν

215 1710 395 1779 ἁγίων
415 1726 431 1739 °
462 1712 550 1764 ἵνα
574 1711 667 1781 ἀφ’
696 1705 770 1764 ὧν
798 1712 951 1764 αὐτοὶ
977 1711 1222 1780 λέγοντες
1254 1712 1515 1781 ἀξιοῦσιν,
1545 1713 1652 1768 ἀπὸ
1672 1713 1795 1768 τού-

1900 525 2043 579 ravit
2058 524 2340 594 Dominus,
2358 533 2410 581 et
2424 542 2529 581 non
2553 528 2835 598 paenitebit
2854 543 3007 583 eum:
3026 525 3104 581 Tu
3128 542 3189 583 es
3214 528 3472 587 sacerdos

1900 613 1955 667 in
1997 625 2262 670 aeternum
2302 617 2603 672 secundum
2647 618 2895 673 ordinem
2924 617 3320 675 Melchisedech
3340 620 3406 676 ’⁸.
3440 637 3465 676 ο

1898 706 2169 763 Videntur
2197 710 2344 765 enim
2373 709 2478 765 ista
2508 717 2603 764 aut
2627 726 2753 765 cum
2786 710 3163 781 superioribus
3190 725 3468 783 pugnare,

1899 802 1995 848 aut
2024 795 2228 852 isthinc
2267 796 2518 854 homines
2560 798 2629 853 ad
2668 800 2981 869 juramenta
3021 802 3322 858 assuelieri.
3358 800 3468 858 Sed

1899 901 2009 940 non
2054 887 2130 942 ita
2172 902 2233 944 se
2272 903 2362 945 res
2403 888 2564 944 habet
2597 907 2610 943 :
2641 905 2710 944 ne
2741 891 3032 961 quisquam
3068 891 3143 945 ita
3170 892 3464 947 existimet.

1898 976 2043 1034 Deus
2069 980 2213 1035 enim
2244 996 2343 1052 per
2370 981 2643 1041 neminem
2666 983 2837 1052 jurat.
2879 983 2987 1050 Qui
3015 983 3065 1038 id
3100 982 3216 1037 lieri
3251 991 3465 1054 potest,

1897 1082 2022 1124 cum
2054 1069 2126 1125 sit
2159 1068 2425 1126 Dominus
2453 1078 2509 1125 et
2533 1072 2783 1126 conditor
2809 1073 3051 1126 omnium
3076 1072 3098 1125 ?
3135 1069 3238 1127 Sed
3266 1076 3311 1126 si
3341 1087 3469 1129 vere

1897 1161 2133 1227 dicatur,
2166 1161 2393 1216 verbum
2443 1170 2527 1219 est
2564 1164 2937 1233 juramentum
2972 1165 3154 1231 illius,
3199 1165 3345 1235 quod
3371 1180 3467 1221 au-

1897 1249 2111 1306 dientes
2140 1253 2410 1308 certiores
2442 1251 2607 1319 facit,
2632 1253 2885 1308 omnibus
2914 1252 3074 1309 ﬁdem
3101 1255 3380 1324 praebens,
3402 1269 3469 1311 ea

1899 1359 2022 1415 quae
2044 1344 2314 1414 promittit
2342 1354 2396 1400 et
2426 1345 2690 1416 loquitur,
2720 1354 2947 1417 prorsus
2972 1345 3154 1401 futura
3177 1362 3320 1403 esse.
3344 1346 3469 1402 Non

1896 1435 2043 1491 enim
2072 1435 2224 1490 velut
2252 1435 2415 1490 homo
2444 1435 2595 1505 jurat
2635 1435 2816 1502 Deus,
2849 1437 2945 1493 sed
2991 1437 3151 1494 nobis
3192 1437 3312 1508 ejus
3343 1453 3468 1493 ver-

1896 1526 2027 1582 bum
2070 1541 2172 1597 pro
2210 1525 2523 1596 juramento
2549 1534 2634 1583 est
2675 1528 2743 1582 ad
2783 1528 3084 1584 veritatem.
3116 1527 3251 1584 Cum
3284 1538 3466 1585 autem

1898 1619 2145 1690 loquitur
2173 1619 2489 1676 hominibus
2508 1659 2523 1684 ,
2551 1619 2742 1689 jurare
2770 1621 2976 1675 dicitur
3001 1638 3016 1678 :
3048 1636 3154 1692 qua
3187 1622 3245 1677 in
3276 1637 3336 1677 re
3364 1621 3467 1676 hu-

1899 1725 2060 1765 mano
2103 1725 2256 1765 more
2299 1711 2602 1781 loquuntur
2654 1713 2853 1780 sancti,
2897 1719 2959 1767 ut
2992 1728 3061 1767 ex
3100 1712 3299 1783 quibus
3331 1713 3463 1783 ipsi,

212 1822 326 1860 των
351 1806 511 1859 αὐτοὶ
545 1805 876 1859 πιστεύσωσι
901 1805 979 1876 τῷ
1001 1805 1247 1859 λαλοῦντι
1273 1807 1412 1878 Θεῷ.
1460 1808 1545 1872 Ὠς
1571 1810 1680 1880 γὰρ
1706 1810 1788 1863 ἀν-

1896 1805 2025 1859 dum
2047 1805 2366 1875 loquuntur,
2394 1805 2548 1859 [idem
2577 1805 2888 1876 postulant,
2912 1820 2977 1860 ex
2999 1803 3193 1860 iisdem
3220 1804 3468 1875 loquenti

210 1895 243 1947 θ
250 1893 455 1965 ρώπων
476 1894 565 1947 τὸν
583 1894 737 1965 λόγον
761 1897 925 1967 ὅρκος
946 1895 1170 1966 βεὸαιοῖ,
1191 1895 1363 1961 οὕτως
1388 1896 1423 1950 ἃ
1443 1896 1592 1950 λαλεῖ
1611 1899 1639 1950 6
1661 1896 1792 1962 Θεὸς

208 1987 332 2039 ἀνθ’
362 1988 531 2058 ὅρκου
554 1985 849 2056 λογίζεσθω
885 1987 971 2041 διὰ
995 1986 1055 2041 τὸ
1085 1987 1300 2058 βέϐαιον
1341 1990 1436 2043 κα)⁵
1462 1990 1791 2061 ἀμετάθετον

210 2078 315 2148 τῆς
343 2077 543 2148 βουλῆς
561 2077 746 2131 αὐτοῦ.
777 2076 1062 2150 Μαρτυρεῖ
1078 2078 1137 2132 δὲ
1164 2078 1242 2151 τῷ
1269 2079 1544 2151 λεγομένῳ
1566 2080 1663 2134 καὶ
1690 2082 1792 2133 αύ-

210 2170 306 2234 τὸς
322 2173 351 2223 6
365 2169 751 2240 γεγραμμένος
766 2169 926 2241 ὅρκος
944 2186 958 2201 ·
980 2187 999 2221 ι
1014 2171 1215 2240 Ὠμοσε
1240 2189 1260 2222 ι
1281 2171 1389 2244 γὰρ
1414 2190 1432 2222 ι
1451 2170 1672 2243 Κύριος,
1697 2170 1793 2226 καὶ

208 2262 275 2314 οὐ
321 2260 849 2333 μεταμεληθήσεται,
892 2280 911 2313 ι
962 2261 1038 2326 ὠς
1084 2261 1176 2315 τοῦ
1231 2262 1648 2334 άμεταμελήτου
1697 2263 1793 2318 καὶ

212 2353 438 2416 πάντως
479 2353 738 2422 ἐσομένου
775 2354 915 2408 κατὰ
957 2354 1055 2425 τὴν
1084 2354 1413 2423 ἐπαγγελίαν
1455 2356 1618 2427 ὅρκου
1658 2371 1791 2424 τυγ-

210 2447 492 2515 χάνοντος.
527 2445 699 2499 Τοῦτο
730 2446 787 2499 δὲ
816 2444 908 2499 καὶ
943 2444 1106 2510 αὐτὸς
1136 2449 1165 2500 6
1207 2446 1339 2511 Θεὸς
1384 2449 1442 2501 ἐν
1470 2450 1536 2519 τῇ
1576 2447 1791 2501 Γενέσει

214 2537 477 2607 σημαίνει
510 2536 713 2606 λέγων·
755 2555 775 2588 ι
813 2539 943 2590 Κατ’
972 2537 1207 2608 ἐμαυτοῦ
1253 2537 1461 2608 ὤμοσα.
1484 2557 1503 2590 ι
1542 2538 1711 2592 Τοῦτο
1736 2538 1792 2591 δὲ

211 2630 316 2698 οὐχ
343 2629 506 2701 ὅρκος
537 2629 706 2681 ἐστίν.
738 2626 870 2682 Οὐδὲ
898 2628 1005 2699 γὰρ
1036 2629 1177 2682 κατά
1204 2646 1345 2691 τινος
1374 2627 1606 2698 ὤμοσεν,
1653 2629 1791 2699 ὅπερ

209 2721 348 2774 ἴδιόν
407 2723 555 2774 ἐστιν
611 2722 807 2791 ὅρκου·
857 2720 993 2774 ἀλλά
1059 2721 1179 2775 καθ’
1226 2720 1448 2785 ἑαυτοῦ,
1509 2722 1645 2792 ὅπερ
1692 2718 1790 2791 τὴν

205 2811 304 2864 τοῦ
349 2812 518 2881 ὅρκου
576 2812 831 2866 ὑπόνοιαν
886 2810 1170 2881 ἐκφεύγει,
1217 2813 1311 2866 καὶ
1356 2815 1413 2865 ἐν
1460 2805 1504 2881 ᾧ
1537 2812 1790 2884 σημαίνει

205 2906 269 2958 τὸ
294 2904 516 2974 βέϐαιον
541 2905 641 2974 τῆς
665 2904 1011 2973 ἐπαγγελίας,
1050 2907 1142 2959 καὶ
1160 2904 1220 2957 τὸ
1241 2905 1436 2976 χρῆναι
1463 2905 1680 2967 πάντως
1708 2922 1791 2956 πι·

206 2996 443 3049 στεῦσαι
471 2996 563 3049 τὸν
596 2994 879 3050 ἀκούοντα.
904 2997 1084 3049 Ἔστω
1114 2995 1172 3048 δὲ
1199 2997 1291 3048 καὶ
1308 2996 1336 3047 6
1367 2996 1608 3066 ὑμνῳδὸς
1652 2994 1791 3065 p.69-

1897 1894 2009 1950 Deo
2038 1897 2284 1952 credant.
2320 1896 2391 1952 Ut
2423 1912 2660 1966 namque
2700 1896 2982 1950 hominum
3020 1910 3328 1953 sermonem
3366 1892 3465 1951 ﬁr-

1897 1993 2011 2041 mat
2038 1986 2408 2057 juramentum
2436 2005 2451 2055 ;
2483 1988 2560 2041 ita
2588 2002 2709 2059 qua:
2737 1987 2978 2058 loquitur
3011 1987 3154 2043 Deus
3187 2003 3286 2059 pro
3311 1986 3468 2057 jura-

1898 2088 2085 2134 mento
2119 2079 2366 2134 habenda
2397 2086 2557 2143 sunt,
2593 2079 2664 2134 ob
2695 2080 3007 2133 ﬁrmitatem
3051 2078 3462 2133 immutabilita-

1898 2172 2115 2236 temque
2143 2167 2361 2223 consilii
2388 2167 2529 2237 ejus.
2561 2165 2820 2223 Testatur
2863 2168 2916 2221 id
2944 2166 3089 2237 quod
3115 2167 3321 2222 dictum
3347 2175 3463 2235 est,

1898 2257 2076 2328 ipsum
2100 2257 2156 2313 in
2179 2257 2460 2330 Scriptura
2482 2260 2737 2314 traditum
2756 2260 3127 2329 juramentum
3147 2278 3161 2315 :
3181 2259 3420 2316 duravit
3440 2280 3458 2314 ι

1896 2350 2040 2404 enim
2061 2348 2388 2419 «Dominus,
2417 2358 2472 2406 et
2501 2366 2609 2406 non
2642 2351 2923 2421 pmnilebit
2953 2351 3064 2423 64
3090 2367 3243 2417 eum,
3277 2370 3296 2403 ›
3323 2353 3469 2423 quod

1896 2439 2156 2494 ninﬁrum
2201 2439 2573 2509 juramentum
2602 2440 2736 2495 illud
2766 2441 2884 2496 sine
2914 2441 3239 2510 pamitentia
3273 2442 3381 2506 sit,
3413 2452 3470 2496 et

1896 2546 2123 2602 prorsus
2144 2530 2387 2586 futurum
2414 2532 2712 2587 secundum
2740 2531 3187 2602 promissionem.
3214 2529 3327 2585 Hoc
3351 2532 3468 2602 ipse

1896 2621 2041 2678 Deus
2079 2624 2135 2677 in
2183 2620 2380 2677 Genesi
2418 2622 2621 2677 indicat
2668 2623 2754 2677 his
2799 2623 2977 2678 verhis
3009 2640 3023 2676 :
3058 2640 3076 2673 ι
3106 2621 3210 2677 Per
3241 2634 3470 2678 memet-

1897 2702 2303 2785 ipsum'juravi
2334 2718 2400 2770 ’³.
2439 2734 2458 2767 ι
2503 2714 2641 2769 Illud
2692 2723 2872 2769 autem
2925 2728 3269 2784 nequaquam
3311 2714 3465 2783 jura-

1896 2817 2137 2861 mentum
2165 2815 2270 2863 est.
2320 2804 2506 2877 Neque
2532 2806 2675 2861 enim
2711 2821 2808 2876 per
2838 2806 3001 2860 alium
3031 2805 3270 2875 juravit,
3318 2805 3464 2876 quod
3515 2830 3521 2836 ο

1896 2900 2176 2969 proprium
2220 2906 2304 2954 est
2339 2899 2676 2969 juramenti;
2733 2897 2826 2953 sed
2877 2914 2974 2968 per
3005 2898 3246 2968 seipsum
3269 2937 3284 2961 ,
3320 2898 3466 2968 quod

1891 2992 2185 3060 juramenti
2227 2991 2595 3062 suspicionem
2634 3000 2912 3048 removet.
2960 2998 3015 3045 et
3046 3005 3153 3061 quo
3199 2990 3469 3060 signiﬁcat

204 3105 307 3152 τυς
330 3087 445 3140 τῶν
474 3088 801 3158 λεγομένων,
830 3088 1255 3159 ἀναμιμνήσκων
1280 3087 1370 3140 τὸν
1402 3087 1551 3150 Θεὸν,
1573 3086 1788 3156 ψάλλων

1900 3083 2277 3153 promissionis
2310 3082 2657 3148 ﬁrmitatem,
2699 3090 2754 3138 et
2795 3083 3030 3147 indicat,
3077 3097 3199 3137 eum
3246 3082 3338 3152 qui
3366 3096 3468 3136 au-

208 3180 309 3232 καὶ
340 3178 551 3246 λέγων’
592 3199 611 3228 ι
660 3177 771 3232 Ποῦ
806 3179 908 3230 εἰσι
938 3177 1004 3231 τὰ
1034 3177 1157 3250 ὲλέη
1192 3195 1285 3230 σου
1314 3177 1382 3231 τὰ
1410 3179 1629 3249 ἀρχαῖα,
1685 3178 1788 3231 Κύ-

1896 3174 2053 3228 dierit
2085 3168 2241 3243 plane
2273 3173 2495 3228 credere
2523 3173 2740 3230 d'ebere.
2789 3172 2970 3228 Testis
3004 3173 3075 3228 sit
3114 3188 3301 3228 eorum
3340 3188 3464 3245 qua!

208 3288 295 3342 ριε
323 3269 460 3339 (25),
509 3267 546 3322 ἃ
578 3266 798 3339 ὤμοσας
828 3267 905 3338 τῷ
937 3268 1098 3321 Δαϐὶδ
1128 3271 1186 3322 ὲν
1228 3272 1293 3340 τῇ
1328 3268 1553 3341 ἀληθείᾳ
1602 3286 1724 3335 σου;
1766 3288 1785 3320 ι

206 3363 284 3414 υύ
322 3362 434 3433 7&9
469 3361 610 3414 κατά
651 3363 747 3431 τῆς
791 3361 1047 3432 ἀληθείας
1086 3361 1274 3433 ὀμνύει
1316 3362 1476 3425 Θεός·
1513 3362 1627 3416 ἀλλ’
1650 3363 1791 3435 ἅπερ

207 3451 498 3520 ἀληθεύων
535 3452 687 3506 λαλεῖ
729 3453 805 3515 ὡς
835 3452 995 3522 ὅρκος
1023 3454 1139 3505 ἐστὶ
1163 3455 1274 3516 τοῖς
1304 3452 1610 3524 ἀνθρώποις
1656 3453 1792 3523 πρὸς

210 3545 420 3597 πίστιν.
472 3542 608 3597 Οὔτε
633 3541 726 3597 οὖν
752 3543 886 3609 Θεὸς
918 3543 1056 3597 κατά
1083 3545 1208 3608 τοὺς
1237 3542 1553 3616 ἀνθρώπους
1579 3544 1789 3616 ὀμνύει,

207 3635 337 3688 εὖτε
371 3637 521 3710 ἡμᾶς
552 3639 617 3691 ὲκ
662 3636 866 3691 τούτων
916 3638 996 3700 είς
1038 3638 1233 3708 ὅρκους
1279 3636 1650 3708 ὲπιτρίὸεσθαι
1680 3637 1789 3708 (24)

204 3730 316 3801 χρή
336 3746 351 3758 ⁸
385 3728 522 3781 ἀλλὰ
554 3728 778 3782 τοιαῦτα
802 3727 1046 3798 λέγωμεν
1084 3728 1179 3781 καὶ
1209 3727 1560 3797 πράττωμεν,
1600 3725 1673 3789 ὡς
1717 3725 1790 3797 μὴ

209 3820 381 3890 ὅρκου
411 3820 619 3874 δεῖσθαι
651 3821 777 3883 τοὺς
806 3818 1120 3883 ἀκούοντας,
1141 3818 1255 3871 ἀλλ’
1289 3818 1379 3887 ἀφ’
1404 3817 1609 3871 ἑαυτῶν
1648 3818 1791 3887 ἔχειν

207 3913 281 3965 τὰ
308 3911 580 3982 λεγόμενα
607 3913 707 3981 τῆς
729 3909 983 3981 ἀληθείας
1009 3911 1106 3980 τὴν
1136 3907 1457 3981 μαρτυρίαν.
1498 3909 1587 3963 Ἐν
1618 3909 1791 3977 τούτῳ

211 4004 327 4073 7&9
358 4004 530 4067 ὅντως
561 4002 913 4074 μιμησόμεθα
944 4001 1005 4053 τὸ
1036 4001 1208 4053 Θεῖον.

1893 3265 2135 3319 diximus
2170 3264 2488 3329 Psalmista,
2523 3265 2615 3335 qui
2651 3263 2762 3319 Deo
2791 3265 2933 3319 inter
2978 3265 3319 3334 psallendum
3350 3282 3461 3321 me-

1891 3358 2124 3411 moriam
2178 3363 2400 3410 revocat
2454 3357 2849 3426 promissorum
2907 3357 2993 3411 his
3048 3357 3277 3412 verbis:
3312 3355 3466 3412 «Ubi

1892 3453 2022 3500 sunt
2052 3447 2444 3501 misericordiae
2476 3454 2582 3501 tua:
2612 3449 2847 3518 antiqua:
2872 3487 2885 3510 ,
2920 3447 3179 3511 Domine,
3210 3464 3347 3518 quas
3368 3447 3464 3518 juo

1892 3536 2028 3589 rasti
2073 3534 2263 3589 Davidi
2306 3537 2360 3589 in
2405 3537 2635 3591 veritate
2676 3547 2769 3590 tua
2798 3538 2888 3591 “‘2
2918 3556 2936 3587 ι
2972 3536 3326 3607 Nequaquam
3366 3552 3464 3607 per

1894 3632 2173 3684 veritatem
2201 3630 2351 3699 jurat
2381 3628 2523 3685 Deus
2553 3649 2564 3684 :
2599 3631 2689 3686 sed
2726 3646 2846 3701 quae
2877 3631 2965 3685 ille
2990 3632 3259 3686 veraciter
3284 3630 3464 3699 loqui-

1892 3733 1999 3786 tur,
2030 3739 2127 3793 pro
2153 3724 2463 3793 juramento
2493 3730 2621 3778 sunt
2653 3724 2966 3779 hominibus
2998 3724 3065 3777 ad
3098 3724 3281 3778 ﬁdem.
3314 3720 3461 3776 Deus

1893 3815 2076 3885 itaque
2124 3832 2231 3870 non
2274 3818 2421 3872 velut
2467 3817 2714 3873 homines
2749 3815 2934 3886 jurat,
2982 3832 3159 3886 neque
3194 3818 3320 3870 hinc
3354 3829 3457 3869 no-

1891 3908 1977 3962 bis
2017 3907 2328 3977 juramento
2377 3908 2847 3964 assuescendum:
2898 3908 2995 3963 sed
3045 3908 3183 3963 tales
3232 3924 3333 3964 nos
3382 3906 3467 3961 lo-

1892 3998 2111 4068 quendo
2140 4000 2457 4071 agendoque
2486 4000 2875 4064 exhibeamus,
2920 4007 2980 4053 ut
3024 3998 3303 4053 auditores
3349 4012 3460 4052 non

205 4091 749 4163 egeantjuramento
778 4098 1007 4157 nostro;
1044 4089 1141 4144 sed
1207 4088 1351 4143 dicta
1399 4097 1590 4144 nostra
1644 4105 1709 4143 ex
1762 4103 1883 4144 sese.
1911 4089 2153 4145 veritatis
2209 4090 2581 4144 testimonium
2634 4089 2888 4145 habeant.
2941 4089 3055 4145 Hac
3101 4091 3246 4145 enim
3297 4091 3355 4145 in
3403 4102 3466 4145 re

210 4194 377 4262 plane
407 4189 577 4244 Deum
608 4189 962 4243 imitabimur.

282 4286 341 4337 7.
383 4282 524 4335 Ἀλλ’
554 4284 684 4345 ἴσως
731 4283 824 4335 καὶ
873 4282 935 4335 τὸ
973 4282 1112 4335 κατά
1141 4281 1265 4344 τοὺς
1290 4278 1577 4341 Νινευττας
1608 4277 1673 4331 ἄν
1704 4293 1784 4342 τις

210 4374 614 4443 ἐπερωτήσειεν
639 4370 810 4435 οὕτως
831 4388 845 4401 ·
877 4372 942 4424 Et
968 4374 997 4425 6
1020 4372 1176 4441 λόγος
1190 4372 1351 4442 ὅρκος
1371 4370 1486 4425 ἐστὶ
1508 4367 1600 4422 τοῦ
1627 4367 1783 4434 Θεοῦ,

1967 4275 2018 4330 7.
2062 4274 2132 4328 At
2164 4274 2417 4330 fortassis
2445 4275 2714 4345 quispiam
2743 4276 2809 4331 de
2836 4276 2999 4331 rebus
3025 4276 3165 4347 apud
3190 4275 3461 4334 Ninivitas

1893 4367 2061 4437 gestis
2091 4367 2166 4420 ita
2201 4375 2597 4437 percontetur:
2641 4366 2697 4423 Si
2747 4384 2928 4423 sermo
2970 4367 3064 4423 Dei
3087 4369 3461 4439 juramentum

209 4464 295 4518 ὅτι
332 4463 508 4531 λέγων
542 4460 796 4532 ἀληθεύει
832 4461 929 4515 καὶ
959 4463 1019 4515 οὺ
1062 4462 1335 4532 ψεύδεται,
1364 4460 1482 4525 πῶς
1511 4458 1745 4531 εἰρηκώς
1770 4475 1782 4488 ’

1896 4468 2013 4522 est,
2067 4459 2213 4527 quod
2264 4459 2534 4513 veraciter
2583 4459 2838 4529 loquatur
2881 4467 2934 4515 et
2983 4475 3093 4515 non
3142 4460 3459 4524 mentiatur,

217 4575 236 4606 ι
253 4555 376 4607 Ἔτι
390 4555 540 4625 τρεῖς
552 4552 772 4623 ἡμέραι,
787 4551 881 4605 καὶ
893 4551 1078 4604 Νινευῒ
1091 4551 1201 4623 ('25)
1218 4551 1748 4622 καταστραφήσεται,
1765 4568 1782 4600 ι

212 4647 278 4701 οὐ
304 4645 637 4715 πεπλήρωκε
662 4642 754 4696 τὸν
800 4642 989 4711 λόγον;
1037 4642 1176 4709 δόξει
1220 4640 1328 4712 γὰρ
1352 4641 1446 4695 καὶ
1484 4639 1641 4693 τοῦτο
1687 4640 1790 4710 μά-

218 4734 411 4806 χεσθαι
441 4733 578 4803 πρὸς
622 4732 691 4785 τά
730 4733 943 4803 πρῶτα.
989 4732 1126 4785 Ἀλλ’
1154 4733 1214 4786 οὐ
1260 4731 1511 4802 ψεύδεται
1554 4734 1582 4786 6
1619 4722 1783 4794 Θεός·

219 4829 295 4897 μὴ
320 4826 562 4894 γένοιτοῑ
602 4825 724 4878 οὐδὲ
753 4827 782 4878 6
816 4825 971 4894 λόγος
998 4824 1319 4896 ἀπλήρωτος
1354 4825 1567 4895 ἔμεινεν
1601 4823 1783 4876 αὑτοῦ.

213 4920 294 4990 Τῇ
319 4918 432 4989 γάρ
478 4916 859 4987 φιλανθρωπία
908 4916 1007 4988 τὴν
1060 4915 1229 4987 ὀργὴν
1273 4915 1535 4987 ἤμϐλυνε,
1587 4918 1679 4968 καὶ
1721 4918 1786 4987 τῇ

1891 4550 2060 4623 quare
2089 4569 2213 4609 cum
2241 4554 2467 4610 dixisset
2497 4574 2509 4609 :
2539 4572 2557 4605 ι
2582 4553 2774 4608 Adhuc
2817 4563 2927 4611 tres
2970 4554 3088 4610 dies
3113 4595 3128 4619 ,
3170 4564 3227 4611 et
3265 4554 3462 4610 Ninive

1892 4647 2238 4702 subvertetur
2267 4643 2335 4707 ⁸¹,
2365 4663 2384 4696 ι
2411 4659 2717 4698 sermonem
2748 4660 2855 4698 non
2884 4645 3164 4714 implevit?
3204 4644 3463 4703 Videntur

1891 4738 2034 4792 enim
2066 4736 2254 4791 isthmc
2283 4750 2528 4806 pugnare
2568 4750 2692 4789 cum
2743 4736 3196 4806 prrecedentihus.
3237 4738 3309 4791 At
3348 4752 3462 4792 non
3576 4788 3580 4792 .

1891 4831 2152 4882 mentitur
2186 4826 2363 4892 Deus,
2394 4826 2572 4882 absit!
2602 4843 2779 4897 neque
2809 4828 3035 4882 verbum
3065 4828 3185 4897 ejus
3217 4820 3459 4898 unquam

1890 4916 2220 4985 completum
2252 4931 2364 4971 non
2391 4924 2493 4970 est.
2529 4914 2641 4971 Suo
2668 4917 2812 4972 enim
2842 4933 2971 4989 erga
2998 4917 3246 4974 homines
3273 4933 3460 4975 amore

283 5074 331 5106 ’τ
367 5070 508 5127 Gen.
547 5085 698 5137 xm,
731 5068 822 5124 16.
897 5069 945 5103 ³⁸
975 5067 1120 5126 Psal.
1154 5083 1280 5135 cu,
1312 5068 1368 5124 4.
1442 5069 1489 5101 ²⁹
1526 5066 1664 5124 Gen.
1695 5084 1788 5123 xx:

1896 5067 1971 5123 ιϐ.
2046 5069 2092 5102 ³ο
2128 5067 2277 5126 Psal.
2312 5087 2588 5139 Lxxxvm,
2623 5072 2711 5129 50.
2788 5074 2832 5105 ³¹
2870 5072 2995 5130 Jon.
3032 5090 3118 5140 ιιι,
3154 5076 3210 5131 4.

283 5242 399 5318 (2!)
436 5242 567 5307 Alii,
604 5240 751 5318 δόξῃ,
790 5235 1075 5318 Ξιίἱέδόξει
1113 5240 1344 5318 habent.
1371 5240 1513 5318 llos,
1554 5237 1781 5318 Regius,

208 5310 570 5381 Anglicanus,
603 5310 750 5367 Felé.
792 5312 848 5376 3,
890 5311 1227 5375 Basiliensis,
1261 5311 1296 5383 ἢ
1328 5313 1392 5364 ἐκ
1420 5310 1624 5383 τούτων
1648 5310 1782 5363 ἑπι-

207 5379 533 5453 τρίόεσθαι,
581 5383 638 5436 in
690 5389 966 5453 postremo
1014 5390 1229 5453 tamen,
1281 5379 1536 5453 secunda
1583 5395 1779 5453 manu,

209 5449 628 5515 ἐιιιτρέπεσθαι.
666 5449 727 5505 ut
755 5452 985 5505 habetur
1009 5452 1065 5506 in
1092 5451 1293 5515 editis;
1324 5450 1490 5505 dubia
1522 5449 1705 5506 lectio.

1886 5240 2171 5318 γάρλκατὰ
2212 5243 2314 5315 τῆς
2358 5243 2635 5318 ἀληθείας,
2680 5246 2952 5318 habentur
2985 5245 3040 5301 in
3074 5246 3375 5318 Anglicano
3404 5259 3461 5306 et

1887 5311 2149 5398 inA'Regio
2189 5311 2646 5398 secunda'manu,
2676 5311 3189 5387 desideranturque'
3204 5319 3260 5374 in
3293 5330 3455 5378 επιε-

1885 5386 1966 5438 ris
1998 5390 2053 5438 et
2085 5386 2142 5438 in
2174 5386 2359 5441 editis.
3080 5386 3098 5387 ί

1957 5452 2084 5529 (24)-
2110 5452 2191 5507 lta
2223 5452 2448 5529 Regius,
2483 5452 2650 5511 Basil.
2682 5455 2899 5529 Anglic.
2938 5463 2994 5513 et
3025 5453 3174 5514 Felc.
3219 5455 3275 5512 3.
3312 5456 3459 5515 Editi

283 5517 397 5587 (22)
437 5521 533 5595 Sic
556 5519 776 5595 Δ[ἰθείης.
808 5530 866 5595 et
886 5517 1046 5595 ‘Felc.
1083 5521 1137 5578 5.
1171 5519 1323 5595 Editi
1354 5530 1570 5595 veroet
1591 5521 1781 5595 caeteri

1896 5517 2475 5595 νοιῖρέὲιξιτρέπὲσθαι.

202 5579 596 5662 mpii,
634 5579 710 5662 ιῖὴ
732 5590 907 5662 ταῦτά
936 5592 1002 5659 γέ
1024 5608 1145 5654 τις..
1171 5579 1378 5648 ὶδίάωί
1404 5588 1647 5649 ιτοιομσ.
1680 5607 1777 5645 κο-

216 5659 440 5732 μιζᾷῖω,
469 5659 572 5732 pro
596 5659 935 5732 νόμίζέτωη
1024 5729 1034 5732 Α
1132 5730 1164 5732 η
1364 5728 1408 5732 __
1534 5730 1544 5732 ᾼ
1717 5714 1759 5732 7.

286 5729 400 5803 (23)
437 5728 739 5802 Κύριε,ἑδι
771 5732 825 5786 in
858 5731 979 5789 solo
1009 5729 1333 5803 Anglicano,
1359 5728 1505 5800 Mox,
1532 5730 1670 5796 hac,
1701 5730 1777 5784 οὐ

1884 5592 2073 5733 wgf)
2110 5591 2336 5665 Regius,
2366 5594 2594 5664 Νινευή,
2637 5603 2692 5650 et
2733 5597 2813 5652 sic
2855 5595 3110 5655 inferius.
3147 5596 3273 5655 llo:
3297 5596 3459 5676 Ang‘.
