  <div class='ocr_page' id='page_1' title='image "/cluster/home/n/w/nwhite01/storage/ocr_20150623/28/nnc1.0046978690/137.png"; bbox 0 0 3890 6200; ppageno 0'>
   <div class='ocr_carea' id='block_1_1' title="bbox 464 300 573 363">
    <p class='ocr_par' dir='ltr' id='par_1_1' title="bbox 464 300 573 363">
     <span class='ocr_line' id='line_1_1' title="bbox 464 300 573 363; baseline 0.018 -2"><span class='ocrx_word' id='word_1_1' title='bbox 464 300 573 363; x_wconf 61' lang='grc'><strong>³195</strong></span> 
     </span>
    </p>
   </div>
   <div class='ocr_carea' id='block_1_2' title="bbox 1588 289 2554 359">
    <p class='ocr_par' dir='ltr' id='par_1_2' title="bbox 1588 289 2554 359">
     <span class='ocr_line' id='line_1_2' title="bbox 1588 289 2554 359; baseline -0.001 -2"><span class='ocrx_word' id='word_1_2' title='bbox 1588 292 1662 359; x_wconf 80' lang='lat' dir='ltr'><strong>‘s.</strong></span> <span class='ocrx_word' id='word_1_3' title='bbox 1703 290 2172 358; x_wconf 73' lang='lat' dir='ltr'><strong>ATIIANASIUS.</strong></span> <span class='ocrx_word' id='word_1_4' title='bbox 2215 332 2283 342; x_wconf 88' lang='lat'><em>_</em></span> <span class='ocrx_word' id='word_1_5' title='bbox 2326 289 2554 357; x_wconf 69' lang='lat' dir='ltr'><strong>DUBIA.</strong></span> 
     </span>
    </p>
   </div>
   <div class='ocr_carea' id='block_1_3' title="bbox 3612 288 3727 387">
    <p class='ocr_par' dir='ltr' id='par_1_3' title="bbox 3612 288 3727 387">
     <span class='ocr_line' id='line_1_3' title="bbox 3612 288 3727 387; baseline -0.017 -36"><span class='ocrx_word' id='word_1_6' title='bbox 3612 288 3727 387; x_wconf 63' lang='grc' dir='ltr'>ινδ</span> 
     </span>
    </p>
   </div>
   <div class='ocr_carea' id='block_1_4' title="bbox 467 401 2050 491">
    <p class='ocr_par' dir='ltr' id='par_1_4' title="bbox 467 416 2048 491">
     <span class='ocr_line' id='line_1_4' title="bbox 467 416 2048 491; baseline -0.003 -14"><span class='ocrx_word' id='word_1_7' title='bbox 467 424 606 477; x_wconf 91' lang='lat' dir='ltr'><strong>iram</strong></span> <span class='ocrx_word' id='word_1_8' title='bbox 657 420 961 491; x_wconf 88' lang='lat' dir='ltr'><strong>mitigavit,</strong></span> <span class='ocrx_word' id='word_1_9' title='bbox 1014 417 1296 489; x_wconf 75' lang='lat' dir='ltr'><strong>magisque</strong></span> <span class='ocrx_word' id='word_1_10' title='bbox 1346 416 1413 473; x_wconf 86' lang='lat' dir='ltr'><strong>ad</strong></span> <span class='ocrx_word' id='word_1_11' title='bbox 1463 421 1839 489; x_wconf 79' lang='lat' dir='ltr'><strong>pamitentiam</strong></span> <span class='ocrx_word' id='word_1_12' title='bbox 1892 418 2048 473; x_wconf 80' lang='lat' dir='ltr'><strong>Nini-</strong></span> 
     </span>
    </p>
   </div>
   <div class='ocr_carea' id='block_1_5' title="bbox 2160 401 3727 491">
    <p class='ocr_par' dir='ltr' id='par_1_5' title="bbox 2160 401 3727 491">
     <span class='ocr_line' id='line_1_5' title="bbox 2160 401 3727 491; baseline -0.003 -20"><span class='ocrx_word' id='word_1_13' title='bbox 2160 417 2408 488; x_wconf 80' lang='grc' dir='ltr'><strong>μετανοίᾳ</strong></span> <span class='ocrx_word' id='word_1_14' title='bbox 2439 415 2546 469; x_wconf 84' lang='grc' dir='ltr'>τῶν</span> <span class='ocrx_word' id='word_1_15' title='bbox 2581 414 2877 491; x_wconf 74' lang='grc' dir='ltr'>Νινευῖτῷν</span> <span class='ocrx_word' id='word_1_16' title='bbox 2902 401 3100 482; x_wconf 74' lang='grc' dir='ltr'>μᾶλλον</span> <span class='ocrx_word' id='word_1_17' title='bbox 3131 402 3425 482; x_wconf 68' lang='grc' dir='ltr'>ἐπέϐλεψεν</span> <span class='ocrx_word' id='word_1_18' title='bbox 3444 408 3561 484; x_wconf 85' lang='grc'>’(26)</span> <span class='ocrx_word' id='word_1_19' title='bbox 3588 412 3623 484; x_wconf 77' lang='grc' dir='ltr'>ἢ</span> <span class='ocrx_word' id='word_1_20' title='bbox 3653 417 3727 485; x_wconf 80' lang='grc' dir='ltr'>τῇ</span> 
     </span>
    </p>
   </div>
   <div class='ocr_carea' id='block_1_6' title="bbox 465 510 2043 583">
    <p class='ocr_par' dir='ltr' id='par_1_6' title="bbox 465 510 2043 583">
     <span class='ocr_line' id='line_1_6' title="bbox 465 510 2043 583; baseline -0.004 -14"><span class='ocrx_word' id='word_1_21' title='bbox 465 515 702 569; x_wconf 90' lang='lat' dir='ltr'><strong>vitarum</strong></span> <span class='ocrx_word' id='word_1_22' title='bbox 754 513 1028 583; x_wconf 78' lang='lat' dir='ltr'><strong>respexit,</strong></span> <span class='ocrx_word' id='word_1_23' title='bbox 1071 527 1235 581; x_wconf 79' lang='lat' dir='ltr'><strong>quam</strong></span> <span class='ocrx_word' id='word_1_24' title='bbox 1281 510 1350 565; x_wconf 92' lang='lat' dir='ltr'><strong>ad</strong></span> <span class='ocrx_word' id='word_1_25' title='bbox 1396 511 1710 582; x_wconf 56' lang='lat' dir='ltr'><strong>praecedens</strong></span> <span class='ocrx_word' id='word_1_26' title='bbox 1738 519 2043 583; x_wconf 88' lang='lat' dir='ltr'><strong>peccatum.</strong></span> 
     </span>
    </p>
   </div>
   <div class='ocr_carea' id='block_1_7' title="bbox 467 601 2049 673">
    <p class='ocr_par' dir='ltr' id='par_1_7' title="bbox 467 601 2049 673">
     <span class='ocr_line' id='line_1_7' title="bbox 467 601 2049 673; baseline -0.003 -16"><span class='ocrx_word' id='word_1_27' title='bbox 467 602 654 673; x_wconf 83' lang='lat' dir='ltr'><strong>Neque</strong></span> <span class='ocrx_word' id='word_1_28' title='bbox 696 604 805 658; x_wconf 90' lang='lat' dir='ltr'><strong>tale</strong></span> <span class='ocrx_word' id='word_1_29' title='bbox 844 601 937 656; x_wconf 90' lang='lat' dir='ltr'><strong>Dei</strong></span> <span class='ocrx_word' id='word_1_30' title='bbox 965 602 1193 656; x_wconf 83' lang='lat' dir='ltr'><strong>verbum</strong></span> <span class='ocrx_word' id='word_1_31' title='bbox 1223 609 1377 665; x_wconf 88' lang='lat' dir='ltr'><strong>erat,</strong></span> <span class='ocrx_word' id='word_1_32' title='bbox 1425 601 1587 671; x_wconf 87' lang='lat' dir='ltr'><strong>quasi</strong></span> <span class='ocrx_word' id='word_1_33' title='bbox 1636 609 1757 671; x_wconf 89' lang='lat' dir='ltr'><strong>post</strong></span> <span class='ocrx_word' id='word_1_34' title='bbox 1806 601 2049 654; x_wconf 90' lang='lat' dir='ltr'><strong>triduum</strong></span> 
     </span>
    </p>
   </div>
   <div class='ocr_carea' id='block_1_8' title="bbox 468 690 2047 757">
    <p class='ocr_par' dir='ltr' id='par_1_8' title="bbox 468 690 2047 757">
     <span class='ocr_line' id='line_1_8' title="bbox 468 690 2047 757; baseline -0.005 -4"><span class='ocrx_word' id='word_1_35' title='bbox 468 695 842 753; x_wconf 84' lang='lat' dir='ltr'><strong>subvertenda</strong></span> <span class='ocrx_word' id='word_1_36' title='bbox 872 703 1017 747; x_wconf 87' lang='lat' dir='ltr'><strong>esset</strong></span> <span class='ocrx_word' id='word_1_37' title='bbox 1047 690 1244 746; x_wconf 87' lang='lat' dir='ltr'><strong>Ninive</strong></span> <span class='ocrx_word' id='word_1_38' title='bbox 1276 709 1289 745; x_wconf 93' lang='lat'>:</span> <span class='ocrx_word' id='word_1_39' title='bbox 1328 690 1424 746; x_wconf 90' lang='lat' dir='ltr'><strong>sed</strong></span> <span class='ocrx_word' id='word_1_40' title='bbox 1453 692 1664 752; x_wconf 88' lang='lat' dir='ltr'><strong>tribus.</strong></span> <span class='ocrx_word' id='word_1_41' title='bbox 1701 692 1913 757; x_wconf 87' lang='lat' dir='ltr'><strong>aiebat,</strong></span> <span class='ocrx_word' id='word_1_42' title='bbox 1949 705 2047 745; x_wconf 88' lang='lat' dir='ltr'><strong>vos</strong></span> 
     </span>
    </p>
   </div>
   <div class='ocr_carea' id='block_1_9' title="bbox 468 780 2049 848">
    <p class='ocr_par' dir='ltr' id='par_1_9' title="bbox 468 780 2049 848">
     <span class='ocr_line' id='line_1_9' title="bbox 468 780 2049 848; baseline -0.002 -9"><span class='ocrx_word' id='word_1_43' title='bbox 468 786 663 841; x_wconf 86' lang='lat' dir='ltr'><strong>diebus</strong></span> <span class='ocrx_word' id='word_1_44' title='bbox 696 783 979 839; x_wconf 83' lang='lat' dir='ltr'><strong>sustinebo</strong></span> <span class='ocrx_word' id='word_1_45' title='bbox 1007 823 1022 848; x_wconf 94' lang='lat'><strong>,</strong></span> <span class='ocrx_word' id='word_1_46' title='bbox 1068 789 1128 836; x_wconf 91' lang='lat' dir='ltr'><strong>ut</strong></span> <span class='ocrx_word' id='word_1_47' title='bbox 1173 782 1433 837; x_wconf 87' lang='lat' dir='ltr'><strong>dilatione</strong></span> <span class='ocrx_word' id='word_1_48' title='bbox 1472 784 1765 847; x_wconf 81' lang='lat' dir='ltr'><strong>triduana,</strong></span> <span class='ocrx_word' id='word_1_49' title='bbox 1815 780 2049 836; x_wconf 84' lang='lat' dir='ltr'><strong>facultas</strong></span> 
     </span>
    </p>
   </div>
   <div class='ocr_carea' id='block_1_10' title="bbox 454 873 2050 946">
    <p class='ocr_par' dir='ltr' id='par_1_10' title="bbox 454 873 2050 946">
     <span class='ocr_line' id='line_1_10' title="bbox 454 873 2050 946; baseline -0.004 -13"><span class='ocrx_word' id='word_1_50' title='bbox 454 884 616 933; x_wconf 89' lang='lat' dir='ltr'><strong>&#39;esset</strong></span> <span class='ocrx_word' id='word_1_51' title='bbox 661 875 1000 946; x_wconf 80' lang='lat' dir='ltr'><strong>paenitendi,</strong></span> <span class='ocrx_word' id='word_1_52' title='bbox 1052 882 1146 930; x_wconf 83' lang='lat' dir='ltr'><strong>aut</strong></span> <span class='ocrx_word' id='word_1_53' title='bbox 1192 876 1619 945; x_wconf 80' lang='lat' dir='ltr'><strong>subsequentem</strong></span> <span class='ocrx_word' id='word_1_54' title='bbox 1676 883 1863 945; x_wconf 87' lang='lat' dir='ltr'><strong>postea</strong></span> <span class='ocrx_word' id='word_1_55' title='bbox 1900 873 2050 926; x_wconf 75' lang='lat' dir='ltr'><strong>&#39;iram</strong></span> 
     </span>
    </p>
   </div>
   <div class='ocr_carea' id='block_1_11' title="bbox 456 965 2051 1039">
    <p class='ocr_par' dir='ltr' id='par_1_11' title="bbox 456 965 2051 1039">
     <span class='ocr_line' id='line_1_11' title="bbox 456 965 2051 1039; baseline -0.002 -17"><span class='ocrx_word' id='word_1_56' title='bbox 456 967 727 1039; x_wconf 75' lang='lat' dir='ltr'><strong>&#39;eligendi.</strong></span> <span class='ocrx_word' id='word_1_57' title='bbox 776 966 919 1032; x_wconf 85' lang='lat' dir='ltr'><strong>Quid</strong></span> <span class='ocrx_word' id='word_1_58' title='bbox 950 981 1188 1036; x_wconf 85' lang='lat' dir='ltr'><strong>namque</strong></span> <span class='ocrx_word' id='word_1_59' title='bbox 1218 967 1295 1020; x_wconf 89' lang='lat' dir='ltr'><strong>ait</strong></span> <span class='ocrx_word' id='word_1_60' title='bbox 1323 967 1591 1036; x_wconf 88' lang='lat' dir='ltr'><strong>propheta</strong></span> <span class='ocrx_word' id='word_1_61' title='bbox 1616 965 1641 1018; x_wconf 82' lang='lat'><strong>?</strong></span> <span class='ocrx_word' id='word_1_62' title='bbox 1667 984 1685 1016; x_wconf 80' lang='grc' dir='ltr'><strong>ι</strong></span> <span class='ocrx_word' id='word_1_63' title='bbox 1715 965 1907 1020; x_wconf 85' lang='lat' dir='ltr'><strong>Adhuc</strong></span> <span class='ocrx_word' id='word_1_64' title='bbox 1937 972 2051 1019; x_wconf 87' lang='lat' dir='ltr'><strong>tres</strong></span> 
     </span>
    </p>
   </div>
   <div class='ocr_carea' id='block_1_12' title="bbox 468 1056 2047 1123">
    <p class='ocr_par' dir='ltr' id='par_1_12' title="bbox 468 1056 2047 1123">
     <span class='ocr_line' id='line_1_12' title="bbox 468 1056 2047 1123; baseline -0.003 -9"><span class='ocrx_word' id='word_1_65' title='bbox 468 1060 610 1123; x_wconf 89' lang='lat' dir='ltr'><strong>dies,</strong></span> <span class='ocrx_word' id='word_1_66' title='bbox 640 1067 695 1113; x_wconf 91' lang='lat' dir='ltr'><strong>et</strong></span> <span class='ocrx_word' id='word_1_67' title='bbox 721 1057 913 1112; x_wconf 82' lang='lat' dir='ltr'><strong>Ninive</strong></span> <span class='ocrx_word' id='word_1_68' title='bbox 938 1057 1302 1113; x_wconf 81' lang='lat' dir='ltr'><strong>subvertetur.</strong></span> <span class='ocrx_word' id='word_1_69' title='bbox 1332 1076 1350 1109; x_wconf 74' lang='grc' dir='ltr'><strong>ι</strong></span> <span class='ocrx_word' id='word_1_70' title='bbox 1370 1058 1487 1112; x_wconf 86' lang='grc' dir='ltr'>Νοιι</span> <span class='ocrx_word' id='word_1_71' title='bbox 1512 1058 1587 1111; x_wconf 89' lang='lat' dir='ltr'><strong>ait</strong></span> <span class='ocrx_word' id='word_1_72' title='bbox 1611 1056 1777 1112; x_wconf 83' lang='lat' dir='ltr'><strong>:Post</strong></span> <span class='ocrx_word' id='word_1_73' title='bbox 1800 1057 2047 1110; x_wconf 83' lang='lat' dir='ltr'><strong>triduum</strong></span> 
     </span>
    </p>
   </div>
   <div class='ocr_carea' id='block_1_13' title="bbox 459 1148 2051 1217">
    <p class='ocr_par' dir='ltr' id='par_1_13' title="bbox 459 1148 2051 1217">
     <span class='ocr_line' id='line_1_13' title="bbox 459 1148 2051 1217; baseline -0.004 -9"><span class='ocrx_word' id='word_1_74' title='bbox 459 1153 863 1217; x_wconf 85' lang='lat' dir='ltr'><strong>‘subvertetur;</strong></span> <span class='ocrx_word' id='word_1_75' title='bbox 895 1151 941 1206; x_wconf 88' lang='lat' dir='ltr'><strong>si</strong></span> <span class='ocrx_word' id='word_1_76' title='bbox 970 1151 1117 1206; x_wconf 90' lang='lat' dir='ltr'><strong>enim</strong></span> <span class='ocrx_word' id='word_1_77' title='bbox 1158 1152 1233 1205; x_wconf 87' lang='lat' dir='ltr'><strong>ita</strong></span> <span class='ocrx_word' id='word_1_78' title='bbox 1265 1151 1529 1215; x_wconf 80' lang='lat' dir='ltr'><strong>dixisset,</strong></span> <span class='ocrx_word' id='word_1_79' title='bbox 1573 1152 1648 1203; x_wconf 88' lang='lat' dir='ltr'><strong>ita</strong></span> <span class='ocrx_word' id='word_1_80' title='bbox 1693 1150 1918 1203; x_wconf 90' lang='lat' dir='ltr'><strong>omnino</strong></span> <span class='ocrx_word' id='word_1_81' title='bbox 1968 1148 2051 1203; x_wconf 86' lang='lat' dir='ltr'><strong>fa-</strong></span> 
     </span>
    </p>
   </div>
   <div class='ocr_carea' id='block_1_14' title="bbox 471 1242 2045 1307">
    <p class='ocr_par' dir='ltr' id='par_1_14' title="bbox 471 1242 2045 1307">
     <span class='ocr_line' id='line_1_14' title="bbox 471 1242 2045 1307; baseline -0.004 -9"><span class='ocrx_word' id='word_1_82' title='bbox 471 1251 619 1298; x_wconf 92' lang='lat' dir='ltr'><strong>ctum</strong></span> <span class='ocrx_word' id='word_1_83' title='bbox 638 1243 859 1299; x_wconf 88' lang='lat' dir='ltr'><strong>fuisset:</strong></span> <span class='ocrx_word' id='word_1_84' title='bbox 877 1242 1025 1307; x_wconf 74' lang='lat' dir='ltr'><strong>sed,«</strong></span> <span class='ocrx_word' id='word_1_85' title='bbox 1052 1244 1243 1297; x_wconf 83' lang='lat' dir='ltr'><strong>Adhuc</strong></span> <span class='ocrx_word' id='word_1_86' title='bbox 1265 1252 1377 1299; x_wconf 81' lang='lat' dir='ltr'><strong>tres</strong></span> <span class='ocrx_word' id='word_1_87' title='bbox 1394 1242 1532 1306; x_wconf 91' lang='lat' dir='ltr'><strong>dies,</strong></span> <span class='ocrx_word' id='word_1_88' title='bbox 1553 1250 1606 1297; x_wconf 90' lang='lat' dir='ltr'><strong>et</strong></span> <span class='ocrx_word' id='word_1_89' title='bbox 1630 1242 1980 1297; x_wconf 75' lang='lat' dir='ltr'><strong>subvertetur</strong></span> <span class='ocrx_word' id='word_1_90' title='bbox 2000 1259 2045 1294; x_wconf 76' lang='grc' dir='ltr'><strong>ει</strong></span> 
     </span>
    </p>
   </div>
   <div class='ocr_carea' id='block_1_15' title="bbox 459 1332 2054 1402">
    <p class='ocr_par' dir='ltr' id='par_1_15' title="bbox 459 1332 2054 1402">
     <span class='ocr_line' id='line_1_15' title="bbox 459 1332 2054 1402; baseline 0 -15"><span class='ocrx_word' id='word_1_91' title='bbox 459 1339 532 1387; x_wconf 81' lang='grc' dir='ltr'><strong>ἰιι</strong></span> <span class='ocrx_word' id='word_1_92' title='bbox 559 1349 680 1388; x_wconf 90' lang='lat' dir='ltr'><strong>cum</strong></span> <span class='ocrx_word' id='word_1_93' title='bbox 710 1333 940 1395; x_wconf 86' lang='lat' dir='ltr'><strong>diceret,</strong></span> <span class='ocrx_word' id='word_1_94' title='bbox 971 1352 990 1384; x_wconf 72' lang='grc' dir='ltr'><strong>ι</strong></span> <span class='ocrx_word' id='word_1_95' title='bbox 1018 1333 1219 1398; x_wconf 89' lang='lat' dir='ltr'><strong>adhuc,</strong></span> <span class='ocrx_word' id='word_1_96' title='bbox 1245 1350 1264 1385; x_wconf 80' lang='grc' dir='ltr'><strong>ι</strong></span> <span class='ocrx_word' id='word_1_97' title='bbox 1287 1333 1635 1389; x_wconf 87' lang='lat' dir='ltr'><strong>tolerantiam</strong></span> <span class='ocrx_word' id='word_1_98' title='bbox 1663 1332 1757 1387; x_wconf 89' lang='lat' dir='ltr'><strong>Dei</strong></span> <span class='ocrx_word' id='word_1_99' title='bbox 1790 1332 2054 1402; x_wconf 88' lang='lat' dir='ltr'><strong>intellige-</strong></span> 
     </span>
    </p>
   </div>
   <div class='ocr_carea' id='block_1_16' title="bbox 460 1426 2053 1497">
    <p class='ocr_par' dir='ltr' id='par_1_16' title="bbox 460 1426 2053 1497">
     <span class='ocr_line' id='line_1_16' title="bbox 460 1426 2053 1497; baseline 0.001 -18"><span class='ocrx_word' id='word_1_100' title='bbox 460 1432 656 1480; x_wconf 88' lang='lat' dir='ltr'><strong>‘remus</strong></span> <span class='ocrx_word' id='word_1_101' title='bbox 687 1443 701 1493; x_wconf 89' lang='lat'><strong>;</strong></span> <span class='ocrx_word' id='word_1_102' title='bbox 736 1426 791 1479; x_wconf 92' lang='lat' dir='ltr'><strong>in</strong></span> <span class='ocrx_word' id='word_1_103' title='bbox 822 1426 1183 1481; x_wconf 85' lang='lat' dir='ltr'><strong>subversione</strong></span> <span class='ocrx_word' id='word_1_104' title='bbox 1213 1434 1394 1480; x_wconf 91' lang='lat' dir='ltr'><strong>autem</strong></span> <span class='ocrx_word' id='word_1_105' title='bbox 1419 1465 1435 1490; x_wconf 96' lang='lat'><strong>,</strong></span> <span class='ocrx_word' id='word_1_106' title='bbox 1468 1426 1607 1480; x_wconf 89' lang='lat' dir='ltr'><strong>iram</strong></span> <span class='ocrx_word' id='word_1_107' title='bbox 1649 1441 1771 1497; x_wconf 74' lang='lat' dir='ltr'><strong>qua:</strong></span> <span class='ocrx_word' id='word_1_108' title='bbox 1811 1435 1936 1496; x_wconf 91' lang='lat' dir='ltr'><strong>post</strong></span> <span class='ocrx_word' id='word_1_109' title='bbox 1966 1433 2053 1481; x_wconf 90' lang='lat' dir='ltr'><strong>to-</strong></span> 
     </span>
    </p>
   </div>
   <div class='ocr_carea' id='block_1_17' title="bbox 471 1515 2051 1590">
    <p class='ocr_par' dir='ltr' id='par_1_17' title="bbox 471 1515 2051 1590">
     <span class='ocr_line' id='line_1_17' title="bbox 471 1515 2051 1590; baseline 0.001 -20"><span class='ocrx_word' id='word_1_110' title='bbox 471 1517 758 1572; x_wconf 87' lang='lat' dir='ltr'><strong>lerantiam</strong></span> <span class='ocrx_word' id='word_1_111' title='bbox 785 1515 969 1571; x_wconf 87' lang='lat' dir='ltr'><strong>futura</strong></span> <span class='ocrx_word' id='word_1_112' title='bbox 996 1527 1120 1572; x_wconf 90' lang='lat' dir='ltr'><strong>erat</strong></span> <span class='ocrx_word' id='word_1_113' title='bbox 1139 1557 1154 1583; x_wconf 91' lang='lat'><strong>,</strong></span> <span class='ocrx_word' id='word_1_114' title='bbox 1189 1517 1297 1573; x_wconf 89' lang='lat' dir='ltr'><strong>nisi</strong></span> <span class='ocrx_word' id='word_1_115' title='bbox 1327 1517 1736 1590; x_wconf 86' lang='lat' dir='ltr'><strong>resipiscerent.</strong></span> <span class='ocrx_word' id='word_1_116' title='bbox 1761 1516 1877 1573; x_wconf 85' lang='lat' dir='ltr'><strong>Nisi</strong></span> <span class='ocrx_word' id='word_1_117' title='bbox 1905 1518 2051 1573; x_wconf 90' lang='lat' dir='ltr'><strong>enim</strong></span> 
     </span>
    </p>
   </div>
   <div class='ocr_carea' id='block_1_18' title="bbox 472 1606 2054 1683">
    <p class='ocr_par' dir='ltr' id='par_1_18' title="bbox 472 1606 2054 1683">
     <span class='ocr_line' id='line_1_18' title="bbox 472 1606 2054 1683; baseline 0 -18"><span class='ocrx_word' id='word_1_118' title='bbox 472 1612 547 1665; x_wconf 91' lang='lat' dir='ltr'><strong>ita</strong></span> <span class='ocrx_word' id='word_1_119' title='bbox 578 1625 637 1665; x_wconf 89' lang='lat' dir='ltr'><strong>se</strong></span> <span class='ocrx_word' id='word_1_120' title='bbox 666 1625 755 1666; x_wconf 90' lang='lat' dir='ltr'><strong>res</strong></span> <span class='ocrx_word' id='word_1_121' title='bbox 785 1609 1110 1677; x_wconf 77' lang='lat' dir='ltr'><strong>habuisset,</strong></span> <span class='ocrx_word' id='word_1_122' title='bbox 1137 1615 1192 1666; x_wconf 79' lang='lat' dir='ltr'><strong>et</strong></span> <span class='ocrx_word' id='word_1_123' title='bbox 1224 1611 1272 1666; x_wconf 91' lang='lat' dir='ltr'><strong>si</strong></span> <span class='ocrx_word' id='word_1_124' title='bbox 1305 1625 1414 1666; x_wconf 93' lang='lat' dir='ltr'><strong>non</strong></span> <span class='ocrx_word' id='word_1_125' title='bbox 1438 1651 1455 1676; x_wconf 96' lang='lat'><strong>,</strong></span> <span class='ocrx_word' id='word_1_126' title='bbox 1486 1621 1545 1667; x_wconf 94' lang='lat' dir='ltr'><strong>ut</strong></span> <span class='ocrx_word' id='word_1_127' title='bbox 1575 1606 1831 1667; x_wconf 81' lang='lat' dir='ltr'><strong>homines</strong></span> <span class='ocrx_word' id='word_1_128' title='bbox 1872 1610 2054 1683; x_wconf 66' lang='lat' dir='ltr'><strong>paeni-</strong></span> 
     </span>
    </p>
   </div>
   <div class='ocr_carea' id='block_1_19' title="bbox 461 1701 2049 1773">
    <p class='ocr_par' dir='ltr' id='par_1_19' title="bbox 461 1701 2049 1773">
     <span class='ocr_line' id='line_1_19' title="bbox 461 1701 2049 1773; baseline 0.002 -18"><span class='ocrx_word' id='word_1_129' title='bbox 461 1701 701 1756; x_wconf 82' lang='lat' dir='ltr'><strong>‘tentiam</strong></span> <span class='ocrx_word' id='word_1_130' title='bbox 732 1708 992 1773; x_wconf 75' lang='lat' dir='ltr'><strong>agerent,</strong></span> <span class='ocrx_word' id='word_1_131' title='bbox 1026 1701 1092 1757; x_wconf 92' lang='lat' dir='ltr'><strong>ad</strong></span> <span class='ocrx_word' id='word_1_132' title='bbox 1127 1710 1240 1757; x_wconf 91' lang='lat' dir='ltr'><strong>tres</strong></span> <span class='ocrx_word' id='word_1_133' title='bbox 1271 1701 1485 1759; x_wconf 86' lang='lat' dir='ltr'><strong>distulit</strong></span> <span class='ocrx_word' id='word_1_134' title='bbox 1514 1702 1633 1759; x_wconf 82' lang='lat' dir='ltr'><strong>dies</strong></span> <span class='ocrx_word' id='word_1_135' title='bbox 1654 1743 1667 1763; x_wconf 88' lang='lat'><strong>.</strong></span> <span class='ocrx_word' id='word_1_136' title='bbox 1697 1703 1834 1773; x_wconf 92' lang='lat' dir='ltr'><strong>quid</strong></span> <span class='ocrx_word' id='word_1_137' title='bbox 1876 1701 2049 1758; x_wconf 90' lang='lat' dir='ltr'><strong>Deum</strong></span> 
     </span>
    </p>
   </div>
   <div class='ocr_carea' id='block_1_20' title="bbox 2149 490 3731 580">
    <p class='ocr_par' dir='ltr' id='par_1_20' title="bbox 2149 490 3731 580">
     <span class='ocr_line' id='line_1_20' title="bbox 2149 490 3731 580; baseline -0.003 -18"><span class='ocrx_word' id='word_1_138' title='bbox 2149 508 2256 580; x_wconf 85' lang='grc' dir='ltr'><strong>πρὸ</strong></span> <span class='ocrx_word' id='word_1_139' title='bbox 2277 507 2482 578; x_wconf 84' lang='grc' dir='ltr'><strong>ταύτης</strong></span> <span class='ocrx_word' id='word_1_140' title='bbox 2501 507 2764 578; x_wconf 77' lang='grc' dir='ltr'><strong>ἁμαρτίᾳ.</strong></span> <span class='ocrx_word' id='word_1_141' title='bbox 2793 490 2902 560; x_wconf 70' lang='lat' dir='ltr'><strong>Kal.</strong></span> <span class='ocrx_word' id='word_1_142' title='bbox 2932 508 2961 559; x_wconf 93' lang='lat'><strong>6</strong></span> <span class='ocrx_word' id='word_1_143' title='bbox 2980 506 3137 574; x_wconf 83' lang='grc' dir='ltr'>λόγος</span> <span class='ocrx_word' id='word_1_144' title='bbox 3159 506 3215 558; x_wconf 86' lang='grc' dir='ltr'><strong>δέ</strong></span> <span class='ocrx_word' id='word_1_145' title='bbox 3235 506 3329 559; x_wconf 90' lang='grc' dir='ltr'><strong>τοῦ</strong></span> <span class='ocrx_word' id='word_1_146' title='bbox 3357 504 3491 559; x_wconf 88' lang='grc' dir='ltr'><strong>Θεοῦ</strong></span> <span class='ocrx_word' id='word_1_147' title='bbox 3515 507 3613 577; x_wconf 81' lang='grc' dir='ltr'><strong>οὐχ</strong></span> <span class='ocrx_word' id='word_1_148' title='bbox 3632 505 3731 559; x_wconf 83' lang='grc' dir='ltr'>οῦ-</span> 
     </span>
    </p>
   </div>
   <div class='ocr_carea' id='block_1_21' title="bbox 2148 596 3733 681">
    <p class='ocr_par' dir='ltr' id='par_1_21' title="bbox 2148 596 3733 681">
     <span class='ocr_line' id='line_1_21' title="bbox 2148 596 3733 681; baseline 0 -26"><span class='ocrx_word' id='word_1_149' title='bbox 2148 619 2259 665; x_wconf 87' lang='grc' dir='ltr'><strong>τως</strong></span> <span class='ocrx_word' id='word_1_150' title='bbox 2286 596 2379 672; x_wconf 80' lang='grc' dir='ltr'><strong>ἢν,</strong></span> <span class='ocrx_word' id='word_1_151' title='bbox 2411 600 2552 654; x_wconf 84' lang='grc' dir='ltr'>ὥστε</span> <span class='ocrx_word' id='word_1_152' title='bbox 2590 601 2726 671; x_wconf 83' lang='grc' dir='ltr'>μετὰ</span> <span class='ocrx_word' id='word_1_153' title='bbox 2757 602 3052 681; x_wconf 83' lang='grc' dir='ltr'>τριήμερον</span> <span class='ocrx_word' id='word_1_154' title='bbox 3067 602 3476 673; x_wconf 82' lang='grc' dir='ltr'>κατασκαφῆναι</span> <span class='ocrx_word' id='word_1_155' title='bbox 3503 603 3603 673; x_wconf 85' lang='grc' dir='ltr'><strong>τὴν</strong></span> <span class='ocrx_word' id='word_1_156' title='bbox 3625 603 3733 655; x_wconf 86' lang='grc' dir='ltr'><strong>Νι-</strong></span> 
     </span>
    </p>
   </div>
   <div class='ocr_carea' id='block_1_22' title="bbox 2149 689 3734 765">
    <p class='ocr_par' dir='ltr' id='par_1_22' title="bbox 2149 689 3734 765">
     <span class='ocr_line' id='line_1_22' title="bbox 2149 689 3734 765; baseline -0.003 -21"><span class='ocrx_word' id='word_1_157' title='bbox 2149 691 2267 744; x_wconf 82' lang='grc' dir='ltr'>νευῒ</span> <span class='ocrx_word' id='word_1_158' title='bbox 2286 707 2300 719; x_wconf 78' lang='lat'>&#39;</span> <span class='ocrx_word' id='word_1_159' title='bbox 2325 690 2439 744; x_wconf 85' lang='grc' dir='ltr'>ἀλλ’</span> <span class='ocrx_word' id='word_1_160' title='bbox 2471 691 2553 742; x_wconf 87' lang='grc' dir='ltr'><strong>ὅτι</strong></span> <span class='ocrx_word' id='word_1_161' title='bbox 2591 692 2740 760; x_wconf 85' lang='grc' dir='ltr'>τρεῖς</span> <span class='ocrx_word' id='word_1_162' title='bbox 2782 690 2993 765; x_wconf 78' lang='grc' dir='ltr'>ἡμέρας</span> <span class='ocrx_word' id='word_1_163' title='bbox 3047 689 3200 759; x_wconf 82' lang='grc' dir='ltr'>ὑμῶν</span> <span class='ocrx_word' id='word_1_164' title='bbox 3232 689 3491 758; x_wconf 79' lang='grc' dir='ltr'>ἀνέξομαι</span> <span class='ocrx_word' id='word_1_165' title='bbox 3510 706 3523 719; x_wconf 71' lang='grc' dir='ltr'><strong><em>ο</em></strong></span> <span class='ocrx_word' id='word_1_166' title='bbox 3552 689 3640 741; x_wconf 82' lang='grc' dir='ltr'>ἵνα</span> <span class='ocrx_word' id='word_1_167' title='bbox 3668 690 3734 741; x_wconf 84' lang='grc' dir='ltr'><strong>ἐν</strong></span> 
     </span>
    </p>
   </div>
   <div class='ocr_carea' id='block_1_23' title="bbox 2148 778 3736 855">
    <p class='ocr_par' dir='ltr' id='par_1_23' title="bbox 2148 778 3736 855">
     <span class='ocr_line' id='line_1_23' title="bbox 2148 778 3736 855; baseline -0.003 -18"><span class='ocrx_word' id='word_1_168' title='bbox 2148 787 2213 855; x_wconf 83' lang='grc' dir='ltr'>τῇ</span> <span class='ocrx_word' id='word_1_169' title='bbox 2249 785 2413 855; x_wconf 81' lang='grc' dir='ltr'><strong>ἀνοχῇ</strong></span> <span class='ocrx_word' id='word_1_170' title='bbox 2444 782 2551 836; x_wconf 86' lang='grc' dir='ltr'><strong>τῶν</strong></span> <span class='ocrx_word' id='word_1_171' title='bbox 2584 781 2751 853; x_wconf 84' lang='grc' dir='ltr'>τριῶν</span> <span class='ocrx_word' id='word_1_172' title='bbox 2790 780 3030 852; x_wconf 82' lang='grc' dir='ltr'>ἡμερῶν,</span> <span class='ocrx_word' id='word_1_173' title='bbox 3074 778 3319 844; x_wconf 74' lang='grc' dir='ltr'><strong>ἐξουσίαν</strong></span> <span class='ocrx_word' id='word_1_174' title='bbox 3353 779 3515 850; x_wconf 74' lang='grc' dir='ltr'>ἔχωσι</span> <span class='ocrx_word' id='word_1_175' title='bbox 3566 786 3736 849; x_wconf 85' lang='grc' dir='ltr'>μετα-</span> 
     </span>
    </p>
   </div>
   <div class='ocr_carea' id='block_1_24' title="bbox 2149 872 3735 947">
    <p class='ocr_par' dir='ltr' id='par_1_24' title="bbox 2149 872 3735 947">
     <span class='ocr_line' id='line_1_24' title="bbox 2149 872 3735 947; baseline -0.004 -17"><span class='ocrx_word' id='word_1_176' title='bbox 2149 876 2361 947; x_wconf 80' lang='grc' dir='ltr'>νοῆσαι,</span> <span class='ocrx_word' id='word_1_177' title='bbox 2392 875 2426 945; x_wconf 78' lang='grc' dir='ltr'>ἢ</span> <span class='ocrx_word' id='word_1_178' title='bbox 2461 875 2558 946; x_wconf 87' lang='grc' dir='ltr'>τὴν</span> <span class='ocrx_word' id='word_1_179' title='bbox 2592 872 2729 945; x_wconf 83' lang='grc' dir='ltr'>μετὰ</span> <span class='ocrx_word' id='word_1_180' title='bbox 2758 873 2930 925; x_wconf 86' lang='grc' dir='ltr'>ταῦτα</span> <span class='ocrx_word' id='word_1_181' title='bbox 2955 873 3125 944; x_wconf 82' lang='grc' dir='ltr'>ὀργὴν</span> <span class='ocrx_word' id='word_1_182' title='bbox 3154 872 3493 938; x_wconf 78' lang='grc' dir='ltr'>ἐκλέξασθαι.</span> <span class='ocrx_word' id='word_1_183' title='bbox 3524 873 3589 925; x_wconf 90' lang='grc' dir='ltr'>Τί</span> <span class='ocrx_word' id='word_1_184' title='bbox 3616 874 3735 941; x_wconf 82' lang='grc' dir='ltr'>γάρ</span> 
     </span>
    </p>
   </div>
   <div class='ocr_carea' id='block_1_25' title="bbox 2150 961 3735 1038">
    <p class='ocr_par' dir='ltr' id='par_1_25' title="bbox 2150 961 3735 1038">
     <span class='ocr_line' id='line_1_25' title="bbox 2150 961 3735 1038; baseline -0.003 -19"><span class='ocrx_word' id='word_1_185' title='bbox 2150 982 2313 1038; x_wconf 92' lang='grc' dir='ltr'>φησιν</span> <span class='ocrx_word' id='word_1_186' title='bbox 2350 966 2379 1018; x_wconf 98' lang='lat'><strong>6</strong></span> <span class='ocrx_word' id='word_1_187' title='bbox 2412 965 2735 1036; x_wconf 82' lang='grc' dir='ltr'>προφήτης;</span> <span class='ocrx_word' id='word_1_188' title='bbox 2772 964 2926 1016; x_wconf 70' lang='grc' dir='ltr'>ιἜτι</span> <span class='ocrx_word' id='word_1_189' title='bbox 2954 966 3102 1034; x_wconf 85' lang='grc' dir='ltr'>τρεῖς</span> <span class='ocrx_word' id='word_1_190' title='bbox 3145 963 3370 1034; x_wconf 77' lang='grc' dir='ltr'>ήμέραι,</span> <span class='ocrx_word' id='word_1_191' title='bbox 3403 961 3497 1016; x_wconf 76' lang='grc' dir='ltr'><strong>καὶ</strong></span> <span class='ocrx_word' id='word_1_192' title='bbox 3538 962 3735 1016; x_wconf 72' lang='grc' dir='ltr'>Νινευῒ</span> 
     </span>
    </p>
   </div>
   <div class='ocr_carea' id='block_1_26' title="bbox 2150 1052 3736 1132">
    <p class='ocr_par' dir='ltr' id='par_1_26' title="bbox 2150 1052 3736 1132">
     <span class='ocr_line' id='line_1_26' title="bbox 2150 1052 3736 1132; baseline -0.004 -18"><span class='ocrx_word' id='word_1_193' title='bbox 2150 1060 2694 1132; x_wconf 72' lang='grc' dir='ltr'>καταστραφήσεται.</span> <span class='ocrx_word' id='word_1_194' title='bbox 2733 1077 2751 1109; x_wconf 76' lang='grc' dir='ltr'><strong>ι</strong></span> <span class='ocrx_word' id='word_1_195' title='bbox 2781 1058 2895 1111; x_wconf 82' lang='grc' dir='ltr'><strong>Οὐκ</strong></span> <span class='ocrx_word' id='word_1_196' title='bbox 2927 1052 3080 1110; x_wconf 81' lang='grc' dir='ltr'>εἷπε·</span> <span class='ocrx_word' id='word_1_197' title='bbox 3128 1057 3281 1110; x_wconf 83' lang='grc' dir='ltr'><strong>Μετὰ</strong></span> <span class='ocrx_word' id='word_1_198' title='bbox 3326 1059 3475 1127; x_wconf 80' lang='grc' dir='ltr'>τρεῖς</span> <span class='ocrx_word' id='word_1_199' title='bbox 3513 1056 3736 1128; x_wconf 82' lang='grc' dir='ltr'>ἡμέρας</span> 
     </span>
    </p>
   </div>
   <div class='ocr_carea' id='block_1_27' title="bbox 2150 1146 3731 1220">
    <p class='ocr_par' dir='ltr' id='par_1_27' title="bbox 2150 1146 3731 1220">
     <span class='ocr_line' id='line_1_27' title="bbox 2150 1146 3731 1220; baseline -0.004 -16"><span class='ocrx_word' id='word_1_200' title='bbox 2150 1153 2662 1220; x_wconf 85' lang='grc' dir='ltr'>καταστραφήσεται</span> <span class='ocrx_word' id='word_1_201' title='bbox 2693 1147 2804 1219; x_wconf 82' lang='grc'>(27)</span> <span class='ocrx_word' id='word_1_202' title='bbox 2825 1164 2839 1177; x_wconf 72' lang='grc'><strong><em>⁸</em></strong></span> <span class='ocrx_word' id='word_1_203' title='bbox 2867 1149 2915 1200; x_wconf 82' lang='grc' dir='ltr'><strong>εί</strong></span> <span class='ocrx_word' id='word_1_204' title='bbox 2946 1148 3055 1218; x_wconf 85' lang='grc' dir='ltr'>γὰρ</span> <span class='ocrx_word' id='word_1_205' title='bbox 3085 1146 3171 1207; x_wconf 87' lang='grc' dir='ltr'>ἂν,</span> <span class='ocrx_word' id='word_1_206' title='bbox 3203 1147 3443 1215; x_wconf 88' lang='grc' dir='ltr'>ἐγεγόνει</span> <span class='ocrx_word' id='word_1_207' title='bbox 3467 1147 3687 1210; x_wconf 88' lang='grc' dir='ltr'>πάντως</span> <span class='ocrx_word' id='word_1_208' title='bbox 3715 1162 3731 1175; x_wconf 83' lang='lat'><strong><em>°</em></strong></span> 
     </span>
    </p>
   </div>
   <div class='ocr_carea' id='block_1_28' title="bbox 2151 1239 3736 1313">
    <p class='ocr_par' dir='ltr' id='par_1_28' title="bbox 2151 1239 3736 1313">
     <span class='ocr_line' id='line_1_28' title="bbox 2151 1239 3736 1313; baseline -0.003 -17"><span class='ocrx_word' id='word_1_209' title='bbox 2151 1241 2265 1296; x_wconf 87' lang='grc' dir='ltr'>ἀλλ’</span> <span class='ocrx_word' id='word_1_210' title='bbox 2288 1262 2307 1293; x_wconf 86' lang='grc'><strong><em>‹</em></strong></span> <span class='ocrx_word' id='word_1_211' title='bbox 2332 1244 2452 1295; x_wconf 88' lang='grc' dir='ltr'>Ἔτι</span> <span class='ocrx_word' id='word_1_212' title='bbox 2477 1245 2626 1313; x_wconf 80' lang='grc' dir='ltr'>τρεῖς</span> <span class='ocrx_word' id='word_1_213' title='bbox 2647 1241 2869 1313; x_wconf 80' lang='grc' dir='ltr'><strong>ἡμέραι,</strong></span> <span class='ocrx_word' id='word_1_214' title='bbox 2898 1242 2992 1293; x_wconf 77' lang='grc' dir='ltr'>καὶ</span> <span class='ocrx_word' id='word_1_215' title='bbox 3005 1239 3649 1310; x_wconf 77' lang='grc' dir='ltr'>καταστραφήσεται·ιῖν’</span> <span class='ocrx_word' id='word_1_216' title='bbox 3662 1242 3736 1292; x_wconf 83' lang='grc' dir='ltr'><strong>ἐν</strong></span> 
     </span>
    </p>
   </div>
   <div class='ocr_carea' id='block_1_29' title="bbox 2155 1333 3734 1407">
    <p class='ocr_par' dir='ltr' id='par_1_29' title="bbox 2155 1333 3734 1407">
     <span class='ocr_line' id='line_1_29' title="bbox 2155 1333 3734 1407; baseline 0 -20"><span class='ocrx_word' id='word_1_217' title='bbox 2155 1338 2252 1407; x_wconf 74' lang='grc' dir='ltr'><strong>μὲν</strong></span> <span class='ocrx_word' id='word_1_218' title='bbox 2277 1335 2376 1405; x_wconf 83' lang='grc' dir='ltr'><strong>τῷ,</strong></span> <span class='ocrx_word' id='word_1_219' title='bbox 2418 1353 2435 1384; x_wconf 78' lang='grc' dir='ltr'><strong>ι</strong></span> <span class='ocrx_word' id='word_1_220' title='bbox 2473 1334 2574 1400; x_wconf 74' lang='grc' dir='ltr'>ἔτι,</span> <span class='ocrx_word' id='word_1_221' title='bbox 2615 1353 2635 1385; x_wconf 74' lang='grc' dir='ltr'><strong>ι</strong></span> <span class='ocrx_word' id='word_1_222' title='bbox 2674 1333 2948 1402; x_wconf 87' lang='grc' dir='ltr'>λέγεσθαι,</span> <span class='ocrx_word' id='word_1_223' title='bbox 2983 1334 3081 1406; x_wconf 74' lang='grc' dir='ltr'>τὴν</span> <span class='ocrx_word' id='word_1_224' title='bbox 3111 1334 3307 1405; x_wconf 81' lang='grc' dir='ltr'>ἀνοχὴν</span> <span class='ocrx_word' id='word_1_225' title='bbox 3338 1334 3606 1405; x_wconf 81' lang='grc' dir='ltr'>ἐννοῶμεν</span> <span class='ocrx_word' id='word_1_226' title='bbox 3629 1334 3734 1387; x_wconf 83' lang='grc' dir='ltr'><strong>τοῦ</strong></span> 
     </span>
    </p>
   </div>
   <div class='ocr_carea' id='block_1_30' title="bbox 2151 1425 3736 1497">
    <p class='ocr_par' dir='ltr' id='par_1_30' title="bbox 2151 1425 3736 1497">
     <span class='ocr_line' id='line_1_30' title="bbox 2151 1425 3736 1497; baseline 0.001 -20"><span class='ocrx_word' id='word_1_227' title='bbox 2151 1425 2307 1490; x_wconf 91' lang='grc' dir='ltr'>Θεοῦ,</span> <span class='ocrx_word' id='word_1_228' title='bbox 2333 1428 2390 1479; x_wconf 90' lang='grc' dir='ltr'><strong>ἐν</strong></span> <span class='ocrx_word' id='word_1_229' title='bbox 2418 1426 2475 1479; x_wconf 87' lang='grc' dir='ltr'><strong>δέ</strong></span> <span class='ocrx_word' id='word_1_230' title='bbox 2507 1428 2573 1497; x_wconf 78' lang='grc' dir='ltr'>τῇ</span> <span class='ocrx_word' id='word_1_231' title='bbox 2604 1427 2929 1495; x_wconf 85' lang='grc' dir='ltr'>κατασκαφῇ</span> <span class='ocrx_word' id='word_1_232' title='bbox 2961 1425 3058 1496; x_wconf 83' lang='grc' dir='ltr'><strong>τὴν</strong></span> <span class='ocrx_word' id='word_1_233' title='bbox 3087 1425 3226 1496; x_wconf 88' lang='grc' dir='ltr'><strong>μετά</strong></span> <span class='ocrx_word' id='word_1_234' title='bbox 3263 1425 3361 1495; x_wconf 86' lang='grc' dir='ltr'>τὴν</span> <span class='ocrx_word' id='word_1_235' title='bbox 3398 1426 3618 1497; x_wconf 79' lang='grc' dir='ltr'>ἀνοχὴν,</span> <span class='ocrx_word' id='word_1_236' title='bbox 3677 1427 3736 1478; x_wconf 81' lang='grc' dir='ltr'>εξ</span> 
     </span>
    </p>
   </div>
   <div class='ocr_carea' id='block_1_31' title="bbox 2155 1516 3738 1590">
    <p class='ocr_par' dir='ltr' id='par_1_31' title="bbox 2155 1516 3738 1590">
     <span class='ocr_line' id='line_1_31' title="bbox 2155 1516 3738 1590; baseline 0 -19"><span class='ocrx_word' id='word_1_237' title='bbox 2155 1518 2230 1590; x_wconf 83' lang='grc' dir='ltr'>μὴ</span> <span class='ocrx_word' id='word_1_238' title='bbox 2262 1518 2667 1590; x_wconf 83' lang='grc' dir='ltr'>μετανοήσαιεν,</span> <span class='ocrx_word' id='word_1_239' title='bbox 2709 1518 3078 1590; x_wconf 83' lang='grc' dir='ltr'>γενησομένην</span> <span class='ocrx_word' id='word_1_240' title='bbox 3115 1518 3286 1590; x_wconf 79' lang='grc' dir='ltr'>ὀργήν</span> <span class='ocrx_word' id='word_1_241' title='bbox 3321 1516 3452 1586; x_wconf 74' lang='grc'>(28).</span> <span class='ocrx_word' id='word_1_242' title='bbox 3493 1518 3645 1571; x_wconf 81' lang='grc' dir='ltr'>Ἐπεὶ</span> <span class='ocrx_word' id='word_1_243' title='bbox 3679 1520 3738 1571; x_wconf 84' lang='grc' dir='ltr'>εἰ</span> 
     </span>
    </p>
   </div>
   <div class='ocr_carea' id='block_1_32' title="bbox 2156 1605 3738 1682">
    <p class='ocr_par' dir='ltr' id='par_1_32' title="bbox 2156 1605 3738 1682">
     <span class='ocr_line' id='line_1_32' title="bbox 2156 1605 3738 1682; baseline 0.002 -21"><span class='ocrx_word' id='word_1_244' title='bbox 2156 1608 2232 1680; x_wconf 82' lang='grc' dir='ltr'>μὴ</span> <span class='ocrx_word' id='word_1_245' title='bbox 2267 1608 2455 1662; x_wconf 89' lang='grc' dir='ltr'>τοῦτον</span> <span class='ocrx_word' id='word_1_246' title='bbox 2476 1605 2590 1678; x_wconf 79' lang='grc' dir='ltr'>εἶχε</span> <span class='ocrx_word' id='word_1_247' title='bbox 2617 1607 2708 1661; x_wconf 82' lang='grc' dir='ltr'><strong>τὸν</strong></span> <span class='ocrx_word' id='word_1_248' title='bbox 2732 1609 2952 1680; x_wconf 87' lang='grc' dir='ltr'>τρόπον,</span> <span class='ocrx_word' id='word_1_249' title='bbox 2985 1609 3079 1663; x_wconf 77' lang='grc' dir='ltr'>καὶ</span> <span class='ocrx_word' id='word_1_250' title='bbox 3120 1608 3411 1680; x_wconf 85' lang='grc' dir='ltr'>μετανοίας</span> <span class='ocrx_word' id='word_1_251' title='bbox 3428 1610 3587 1682; x_wconf 79' lang='grc' dir='ltr'>χάριν</span> <span class='ocrx_word' id='word_1_252' title='bbox 3617 1610 3738 1664; x_wconf 85' lang='grc' dir='ltr'>τῶν</span> 
     </span>
    </p>
   </div>
   <div class='ocr_carea' id='block_1_33' title="bbox 2153 1699 3738 1775">
    <p class='ocr_par' dir='ltr' id='par_1_33' title="bbox 2153 1699 3738 1775">
     <span class='ocr_line' id='line_1_33' title="bbox 2153 1699 3738 1775; baseline 0.003 -21"><span class='ocrx_word' id='word_1_253' title='bbox 2153 1700 2455 1772; x_wconf 81' lang='grc' dir='ltr'>ἀνθρώπων</span> <span class='ocrx_word' id='word_1_254' title='bbox 2482 1702 2780 1775; x_wconf 74' lang='grc' dir='ltr'>ὑπερέθετο</span> <span class='ocrx_word' id='word_1_255' title='bbox 2804 1702 2904 1767; x_wconf 82' lang='grc' dir='ltr'>τὰς</span> <span class='ocrx_word' id='word_1_256' title='bbox 2930 1705 3080 1773; x_wconf 84' lang='grc' dir='ltr'>τρεῖς</span> <span class='ocrx_word' id='word_1_257' title='bbox 3118 1703 3352 1775; x_wconf 80' lang='grc' dir='ltr'>ἡμέρας,</span> <span class='ocrx_word' id='word_1_258' title='bbox 3402 1699 3456 1757; x_wconf 87' lang='grc' dir='ltr'><strong>τί</strong></span> <span class='ocrx_word' id='word_1_259' title='bbox 3480 1706 3571 1759; x_wconf 72' lang='grc' dir='ltr'>τὸν</span> <span class='ocrx_word' id='word_1_260' title='bbox 3593 1704 3738 1759; x_wconf 81' lang='grc' dir='ltr'>Θεὸν</span> 
     </span>
    </p>
   </div>
   <div class='ocr_carea' id='block_1_34' title="bbox 472 1766 2050 1867">
    <p class='ocr_par' dir='ltr' id='par_1_34' title="bbox 472 1766 2050 1866">
     <span class='ocr_line' id='line_1_34' title="bbox 472 1766 2050 1866; baseline 0.001 -18"><span class='ocrx_word' id='word_1_261' title='bbox 472 1766 798 1857; x_wconf 55' lang='lat' dir='ltr'><strong>cohibebat,</strong></span> <span class='ocrx_word' id='word_1_262' title='bbox 852 1766 988 1866; x_wconf 86' lang='lat' dir='ltr'><strong>quin</strong></span> <span class='ocrx_word' id='word_1_263' title='bbox 1044 1795 1230 1850; x_wconf 82' lang='lat' dir='ltr'><strong>statim</strong></span> <span class='ocrx_word' id='word_1_264' title='bbox 1281 1793 1512 1851; x_wconf 81' lang='lat' dir='ltr'><strong>Niniven</strong></span> <span class='ocrx_word' id='word_1_265' title='bbox 1562 1766 1918 1851; x_wconf 70' lang='lat' dir='ltr'><strong>destrueret?</strong></span> <span class='ocrx_word' id='word_1_266' title='bbox 1966 1795 2050 1850; x_wconf 82' lang='lat' dir='ltr'><strong>An</strong></span> 
     </span>
    </p>
   </div>
   <div class='ocr_carea' id='block_1_35' title="bbox 2160 1766 3735 1867">
    <p class='ocr_par' dir='ltr' id='par_1_35' title="bbox 2160 1766 3735 1867">
     <span class='ocr_line' id='line_1_35' title="bbox 2160 1766 3735 1867; baseline 0.003 -21"><span class='ocrx_word' id='word_1_267' title='bbox 2160 1766 2360 1847; x_wconf 58' lang='grc' dir='ltr'>ἐκιῖιλυε</span> <span class='ocrx_word' id='word_1_268' title='bbox 2384 1795 2477 1848; x_wconf 76' lang='grc' dir='ltr'>καὶ</span> <span class='ocrx_word' id='word_1_269' title='bbox 2499 1766 2756 1867; x_wconf 73' lang='grc' dir='ltr'>παρατιτά</span> <span class='ocrx_word' id='word_1_270' title='bbox 2779 1766 3089 1867; x_wconf 60' lang='lat' dir='ltr'><strong>ththqu</strong></span> <span class='ocrx_word' id='word_1_271' title='bbox 3112 1766 3404 1861; x_wconf 50' lang='grc' dir='ltr'>ἀπολέσας</span> <span class='ocrx_word' id='word_1_272' title='bbox 3421 1798 3735 1864; x_wconf 75' lang='grc' dir='ltr'>Ἀσθένειας</span> 
     </span>
    </p>
   </div>
   <div class='ocr_carea' id='block_1_36' title="bbox 462 1886 2050 1958">
    <p class='ocr_par' dir='ltr' id='par_1_36' title="bbox 462 1886 2050 1958">
     <span class='ocr_line' id='line_1_36' title="bbox 462 1886 2050 1958; baseline 0.003 -20"><span class='ocrx_word' id='word_1_273' title='bbox 462 1886 864 1941; x_wconf 83' lang='lat' dir='ltr'><strong>imbecillitas?</strong></span> <span class='ocrx_word' id='word_1_274' title='bbox 888 1886 1116 1957; x_wconf 82' lang='lat' dir='ltr'><strong>Apage!</strong></span> <span class='ocrx_word' id='word_1_275' title='bbox 1151 1886 1204 1941; x_wconf 93' lang='lat' dir='ltr'><strong>id</strong></span> <span class='ocrx_word' id='word_1_276' title='bbox 1233 1901 1303 1942; x_wconf 91' lang='lat' dir='ltr'><strong>ne</strong></span> <span class='ocrx_word' id='word_1_277' title='bbox 1331 1887 1387 1940; x_wconf 93' lang='lat' dir='ltr'><strong>in</strong></span> <span class='ocrx_word' id='word_1_278' title='bbox 1422 1894 1659 1942; x_wconf 90' lang='lat' dir='ltr'><strong>mentem</strong></span> <span class='ocrx_word' id='word_1_279' title='bbox 1694 1886 1916 1958; x_wconf 85' lang='lat' dir='ltr'><strong>quidem</strong></span> <span class='ocrx_word' id='word_1_280' title='bbox 1948 1901 2050 1942; x_wconf 89' lang='lat' dir='ltr'><strong>no-</strong></span> 
     </span>
    </p>
   </div>
   <div class='ocr_carea' id='block_1_37' title="bbox 460 1979 2051 2046">
    <p class='ocr_par' dir='ltr' id='par_1_37' title="bbox 460 1979 2051 2046">
     <span class='ocr_line' id='line_1_37' title="bbox 460 1979 2051 2046; baseline 0.001 -13"><span class='ocrx_word' id='word_1_281' title='bbox 460 1986 643 2033; x_wconf 86' lang='lat' dir='ltr'><strong>‘stram</strong></span> <span class='ocrx_word' id='word_1_282' title='bbox 676 1980 876 2035; x_wconf 83' lang='lat' dir='ltr'><strong>veniat.</strong></span> <span class='ocrx_word' id='word_1_283' title='bbox 913 1979 1177 2035; x_wconf 87' lang='lat' dir='ltr'><strong>Dominus</strong></span> <span class='ocrx_word' id='word_1_284' title='bbox 1201 1980 1351 2035; x_wconf 84' lang='lat' dir='ltr'><strong>enim</strong></span> <span class='ocrx_word' id='word_1_285' title='bbox 1385 1980 1650 2035; x_wconf 90' lang='lat' dir='ltr'><strong>virtutum</strong></span> <span class='ocrx_word' id='word_1_286' title='bbox 1672 2022 1687 2046; x_wconf 92' lang='lat'><strong>,</strong></span> <span class='ocrx_word' id='word_1_287' title='bbox 1720 1991 1774 2036; x_wconf 90' lang='lat' dir='ltr'><strong>et</strong></span> <span class='ocrx_word' id='word_1_288' title='bbox 1804 1980 1966 2036; x_wconf 80' lang='lat' dir='ltr'><strong>fortis</strong></span> <span class='ocrx_word' id='word_1_289' title='bbox 1996 1989 2051 2037; x_wconf 90' lang='lat' dir='ltr'><strong>et</strong></span> 
     </span>
    </p>
   </div>
   <div class='ocr_carea' id='block_1_38' title="bbox 470 2071 2048 2143">
    <p class='ocr_par' dir='ltr' id='par_1_38' title="bbox 470 2071 2048 2143">
     <span class='ocr_line' id='line_1_38' title="bbox 470 2071 2048 2143; baseline 0.001 -18"><span class='ocrx_word' id='word_1_290' title='bbox 470 2080 665 2141; x_wconf 82' lang='lat' dir='ltr'><strong>potens</strong></span> <span class='ocrx_word' id='word_1_291' title='bbox 704 2079 790 2126; x_wconf 88' lang='lat' dir='ltr'><strong>est</strong></span> <span class='ocrx_word' id='word_1_292' title='bbox 832 2071 996 2127; x_wconf 89' lang='lat' dir='ltr'><strong>Deus.</strong></span> <span class='ocrx_word' id='word_1_293' title='bbox 1044 2077 1126 2126; x_wconf 84' lang='lat' dir='ltr'><strong>An</strong></span> <span class='ocrx_word' id='word_1_294' title='bbox 1171 2072 1479 2143; x_wconf 78' lang='lat' dir='ltr'><strong>ignorantia</strong></span> <span class='ocrx_word' id='word_1_295' title='bbox 1511 2073 1745 2128; x_wconf 90' lang='lat' dir='ltr'><strong>istarum</strong></span> <span class='ocrx_word' id='word_1_296' title='bbox 1775 2084 1959 2128; x_wconf 87' lang='lat' dir='ltr'><strong>rerum</strong></span> <span class='ocrx_word' id='word_1_297' title='bbox 1993 2074 2048 2127; x_wconf 90' lang='lat' dir='ltr'><strong>in</strong></span> 
     </span>
    </p>
   </div>
   <div class='ocr_carea' id='block_1_39' title="bbox 460 2163 2051 2234">
    <p class='ocr_par' dir='ltr' id='par_1_39' title="bbox 460 2163 2051 2234">
     <span class='ocr_line' id='line_1_39' title="bbox 460 2163 2051 2234; baseline 0.001 -19"><span class='ocrx_word' id='word_1_298' title='bbox 460 2177 637 2217; x_wconf 77' lang='lat' dir='ltr'><strong>causa</strong></span> <span class='ocrx_word' id='word_1_299' title='bbox 670 2163 814 2217; x_wconf 82' lang='lat' dir='ltr'><strong>fuit?</strong></span> <span class='ocrx_word' id='word_1_300' title='bbox 843 2178 942 2217; x_wconf 89' lang='lat' dir='ltr'><strong>nec</strong></span> <span class='ocrx_word' id='word_1_301' title='bbox 972 2164 1272 2234; x_wconf 87' lang='lat' dir='ltr'><strong>quidquam</strong></span> <span class='ocrx_word' id='word_1_302' title='bbox 1302 2164 1573 2233; x_wconf 89' lang='lat' dir='ltr'><strong>ejusmodi</strong></span> <span class='ocrx_word' id='word_1_303' title='bbox 1605 2164 1824 2220; x_wconf 81' lang='lat' dir='ltr'><strong>dicatur</strong></span> <span class='ocrx_word' id='word_1_304' title='bbox 1853 2184 1865 2218; x_wconf 90' lang='lat'><strong>:</strong></span> <span class='ocrx_word' id='word_1_305' title='bbox 1899 2164 2051 2220; x_wconf 90' lang='lat' dir='ltr'><strong>novit</strong></span> 
     </span>
    </p>
   </div>
   <div class='ocr_carea' id='block_1_40' title="bbox 473 2254 2051 2327">
    <p class='ocr_par' dir='ltr' id='par_1_40' title="bbox 473 2254 2051 2327">
     <span class='ocr_line' id='line_1_40' title="bbox 473 2254 2051 2327; baseline 0.001 -19"><span class='ocrx_word' id='word_1_306' title='bbox 473 2256 619 2308; x_wconf 88' lang='lat' dir='ltr'><strong>enim</strong></span> <span class='ocrx_word' id='word_1_307' title='bbox 650 2255 832 2309; x_wconf 88' lang='lat' dir='ltr'><strong>omnia</strong></span> <span class='ocrx_word' id='word_1_308' title='bbox 857 2264 1148 2326; x_wconf 88' lang='lat' dir='ltr'><strong>antequam</strong></span> <span class='ocrx_word' id='word_1_309' title='bbox 1195 2254 1327 2309; x_wconf 87' lang='lat' dir='ltr'><strong>Iiant</strong></span> <span class='ocrx_word' id='word_1_310' title='bbox 1346 2255 1410 2308; x_wconf 81' lang='lat'><strong>“.</strong></span> <span class='ocrx_word' id='word_1_311' title='bbox 1430 2255 1572 2322; x_wconf 86' lang='lat' dir='ltr'><strong>Quid</strong></span> <span class='ocrx_word' id='word_1_312' title='bbox 1600 2258 1784 2327; x_wconf 89' lang='lat' dir='ltr'><strong>itaque</strong></span> <span class='ocrx_word' id='word_1_313' title='bbox 1803 2256 2051 2326; x_wconf 84' lang='lat' dir='ltr'><strong>cogitan-</strong></span> 
     </span>
    </p>
   </div>
   <div class='ocr_carea' id='block_1_41' title="bbox 462 2345 2045 2422">
    <p class='ocr_par' dir='ltr' id='par_1_41' title="bbox 462 2345 2045 2422">
     <span class='ocr_line' id='line_1_41' title="bbox 462 2345 2045 2422; baseline 0.003 -23"><span class='ocrx_word' id='word_1_314' title='bbox 462 2345 603 2400; x_wconf 67' lang='lat' dir='ltr'><strong>‘dum</strong></span> <span class='ocrx_word' id='word_1_315' title='bbox 634 2355 839 2411; x_wconf 82' lang='lat' dir='ltr'><strong>restat,</strong></span> <span class='ocrx_word' id='word_1_316' title='bbox 886 2348 989 2402; x_wconf 91' lang='lat' dir='ltr'><strong>nisi</strong></span> <span class='ocrx_word' id='word_1_317' title='bbox 1036 2349 1504 2419; x_wconf 84' lang='lat' dir='ltr'><strong>longanimitatem</strong></span> <span class='ocrx_word' id='word_1_318' title='bbox 1556 2358 1610 2405; x_wconf 90' lang='lat' dir='ltr'><strong>et</strong></span> <span class='ocrx_word' id='word_1_319' title='bbox 1661 2351 2045 2422; x_wconf 86' lang='lat' dir='ltr'><strong>benignitatem</strong></span> 
     </span>
    </p>
   </div>
   <div class='ocr_carea' id='block_1_42' title="bbox 473 2437 2045 2512">
    <p class='ocr_par' dir='ltr' id='par_1_42' title="bbox 473 2437 2045 2512">
     <span class='ocr_line' id='line_1_42' title="bbox 473 2437 2045 2512; baseline 0.003 -22"><span class='ocrx_word' id='word_1_320' title='bbox 473 2437 747 2492; x_wconf 88' lang='lat' dir='ltr'><strong>Domini?</strong></span> <span class='ocrx_word' id='word_1_321' title='bbox 792 2454 955 2509; x_wconf 89' lang='lat' dir='ltr'><strong>quam</strong></span> <span class='ocrx_word' id='word_1_322' title='bbox 1019 2456 1144 2493; x_wconf 92' lang='lat' dir='ltr'><strong>cum</strong></span> <span class='ocrx_word' id='word_1_323' title='bbox 1219 2451 1409 2497; x_wconf 90' lang='lat' dir='ltr'><strong>nosset</strong></span> <span class='ocrx_word' id='word_1_324' title='bbox 1473 2441 1738 2512; x_wconf 86' lang='lat' dir='ltr'><strong>propheta</strong></span> <span class='ocrx_word' id='word_1_325' title='bbox 1769 2482 1784 2506; x_wconf 91' lang='lat'><strong>,</strong></span> <span class='ocrx_word' id='word_1_326' title='bbox 1834 2442 2045 2512; x_wconf 89' lang='lat' dir='ltr'><strong>primo,</strong></span> 
     </span>
    </p>
   </div>
   <div class='ocr_carea' id='block_1_43' title="bbox 460 2529 2049 2605">
    <p class='ocr_par' dir='ltr' id='par_1_43' title="bbox 460 2529 2049 2605">
     <span class='ocr_line' id='line_1_43' title="bbox 460 2529 2049 2605; baseline 0.002 -22"><span class='ocrx_word' id='word_1_327' title='bbox 460 2529 676 2584; x_wconf 87' lang='lat' dir='ltr'><strong>‘missus</strong></span> <span class='ocrx_word' id='word_1_328' title='bbox 707 2529 918 2600; x_wconf 78' lang='lat' dir='ltr'><strong>aufugit</strong></span> <span class='ocrx_word' id='word_1_329' title='bbox 945 2570 960 2594; x_wconf 88' lang='lat'><strong>,</strong></span> <span class='ocrx_word' id='word_1_330' title='bbox 995 2530 1259 2595; x_wconf 88' lang='lat' dir='ltr'><strong>secundo,</strong></span> <span class='ocrx_word' id='word_1_331' title='bbox 1291 2547 1388 2605; x_wconf 88' lang='lat' dir='ltr'><strong>pro</strong></span> <span class='ocrx_word' id='word_1_332' title='bbox 1410 2531 1731 2589; x_wconf 77' lang='lat' dir='ltr'><strong>defensione</strong></span> <span class='ocrx_word' id='word_1_333' title='bbox 1758 2531 1896 2585; x_wconf 71' lang='lat' dir='ltr'><strong>dixit</strong></span> <span class='ocrx_word' id='word_1_334' title='bbox 1922 2551 1934 2586; x_wconf 90' lang='lat'><strong>:</strong></span> <span class='ocrx_word' id='word_1_335' title='bbox 1965 2553 1983 2584; x_wconf 74' lang='grc' dir='ltr'><strong>ι</strong></span> <span class='ocrx_word' id='word_1_336' title='bbox 2005 2531 2049 2586; x_wconf 92' lang='grc' dir='ltr'>Ο</span> 
     </span>
    </p>
   </div>
   <div class='ocr_carea' id='block_1_44' title="bbox 472 2619 2051 2689">
    <p class='ocr_par' dir='ltr' id='par_1_44' title="bbox 472 2619 2051 2689">
     <span class='ocr_line' id='line_1_44' title="bbox 472 2619 2051 2689; baseline 0.004 -16"><span class='ocrx_word' id='word_1_337' title='bbox 472 2619 701 2676; x_wconf 90' lang='lat' dir='ltr'><strong>Domine</strong></span> <span class='ocrx_word' id='word_1_338' title='bbox 724 2660 740 2684; x_wconf 84' lang='lat'><strong>,</strong></span> <span class='ocrx_word' id='word_1_339' title='bbox 781 2632 966 2677; x_wconf 90' lang='lat' dir='ltr'><strong>nonne</strong></span> <span class='ocrx_word' id='word_1_340' title='bbox 1004 2623 1123 2677; x_wconf 66' lang='lat' dir='ltr'><strong>haec</strong></span> <span class='ocrx_word' id='word_1_341' title='bbox 1167 2632 1298 2678; x_wconf 82' lang='lat' dir='ltr'><strong>sunt</strong></span> <span class='ocrx_word' id='word_1_342' title='bbox 1330 2624 1494 2679; x_wconf 88' lang='lat' dir='ltr'><strong>verba</strong></span> <span class='ocrx_word' id='word_1_343' title='bbox 1528 2640 1646 2678; x_wconf 87' lang='lat' dir='ltr'><strong>mea</strong></span> <span class='ocrx_word' id='word_1_344' title='bbox 1671 2662 1688 2689; x_wconf 89' lang='lat'><strong>,</strong></span> <span class='ocrx_word' id='word_1_345' title='bbox 1717 2631 1841 2679; x_wconf 86' lang='lat' dir='ltr'><strong>cum</strong></span> <span class='ocrx_word' id='word_1_346' title='bbox 1872 2623 2051 2679; x_wconf 88' lang='lat' dir='ltr'><strong>adhuc</strong></span> 
     </span>
    </p>
   </div>
   <div class='ocr_carea' id='block_1_45' title="bbox 470 2714 2052 2787">
    <p class='ocr_par' dir='ltr' id='par_1_45' title="bbox 470 2714 2052 2787">
     <span class='ocr_line' id='line_1_45' title="bbox 470 2714 2052 2787; baseline 0.003 -20"><span class='ocrx_word' id='word_1_347' title='bbox 470 2728 650 2769; x_wconf 87' lang='lat' dir='ltr'><strong>essem</strong></span> <span class='ocrx_word' id='word_1_348' title='bbox 679 2715 735 2768; x_wconf 87' lang='lat' dir='ltr'><strong>in</strong></span> <span class='ocrx_word' id='word_1_349' title='bbox 768 2723 913 2769; x_wconf 88' lang='lat' dir='ltr'><strong>terra</strong></span> <span class='ocrx_word' id='word_1_350' title='bbox 948 2715 1112 2770; x_wconf 88' lang='lat' dir='ltr'><strong>mea?</strong></span> <span class='ocrx_word' id='word_1_351' title='bbox 1137 2714 1439 2787; x_wconf 88' lang='lat' dir='ltr'><strong>Propterea</strong></span> <span class='ocrx_word' id='word_1_352' title='bbox 1469 2717 1849 2787; x_wconf 62' lang='lat' dir='ltr'><strong>prreoccupavi</strong></span> <span class='ocrx_word' id='word_1_353' title='bbox 1878 2725 1939 2771; x_wconf 92' lang='lat' dir='ltr'><strong>ut</strong></span> <span class='ocrx_word' id='word_1_354' title='bbox 1968 2716 2052 2771; x_wconf 89' lang='lat' dir='ltr'><strong>fu-</strong></span> 
     </span>
    </p>
   </div>
   <div class='ocr_carea' id='block_1_46' title="bbox 473 2796 2052 2875">
    <p class='ocr_par' dir='ltr' id='par_1_46' title="bbox 473 2796 2052 2875">
     <span class='ocr_line' id='line_1_46' title="bbox 473 2796 2052 2875; baseline 0.001 -16"><span class='ocrx_word' id='word_1_355' title='bbox 473 2819 655 2873; x_wconf 89' lang='lat' dir='ltr'><strong>gerem</strong></span> <span class='ocrx_word' id='word_1_356' title='bbox 690 2805 743 2858; x_wconf 90' lang='lat' dir='ltr'><strong>in</strong></span> <span class='ocrx_word' id='word_1_357' title='bbox 777 2796 1038 2869; x_wconf 75' lang='lat' dir='ltr'><strong>That-sis,</strong></span> <span class='ocrx_word' id='word_1_358' title='bbox 1069 2805 1198 2875; x_wconf 86' lang='lat' dir='ltr'><strong>quia</strong></span> <span class='ocrx_word' id='word_1_359' title='bbox 1241 2806 1481 2861; x_wconf 84' lang='lat' dir='ltr'><strong>sciebam</strong></span> <span class='ocrx_word' id='word_1_360' title='bbox 1504 2846 1520 2870; x_wconf 89' lang='lat'><strong>,</strong></span> <span class='ocrx_word' id='word_1_361' title='bbox 1556 2806 1699 2875; x_wconf 89' lang='lat' dir='ltr'><strong>quod</strong></span> <span class='ocrx_word' id='word_1_362' title='bbox 1735 2816 1791 2861; x_wconf 92' lang='lat' dir='ltr'><strong>tu</strong></span> <span class='ocrx_word' id='word_1_363' title='bbox 1825 2806 1902 2861; x_wconf 91' lang='lat' dir='ltr'><strong>sis</strong></span> <span class='ocrx_word' id='word_1_364' title='bbox 1942 2807 2052 2862; x_wconf 89' lang='lat' dir='ltr'><strong>cle—</strong></span> 
     </span>
    </p>
   </div>
   <div class='ocr_carea' id='block_1_47' title="bbox 474 2899 2049 2970">
    <p class='ocr_par' dir='ltr' id='par_1_47' title="bbox 474 2899 2049 2970">
     <span class='ocr_line' id='line_1_47' title="bbox 474 2899 2049 2970; baseline 0.003 -20"><span class='ocrx_word' id='word_1_365' title='bbox 474 2912 632 2954; x_wconf 89' lang='lat' dir='ltr'><strong>mens</strong></span> <span class='ocrx_word' id='word_1_366' title='bbox 661 2908 714 2954; x_wconf 91' lang='lat' dir='ltr'><strong>et</strong></span> <span class='ocrx_word' id='word_1_367' title='bbox 742 2899 1060 2954; x_wconf 85' lang='lat' dir='ltr'><strong>misericors</strong></span> <span class='ocrx_word' id='word_1_368' title='bbox 1078 2941 1093 2964; x_wconf 98' lang='lat'><strong>,</strong></span> <span class='ocrx_word' id='word_1_369' title='bbox 1125 2900 1337 2970; x_wconf 88' lang='lat' dir='ltr'><strong>patiens</strong></span> <span class='ocrx_word' id='word_1_370' title='bbox 1359 2909 1413 2955; x_wconf 92' lang='lat' dir='ltr'><strong>et</strong></span> <span class='ocrx_word' id='word_1_371' title='bbox 1434 2902 1617 2955; x_wconf 69' lang='lat' dir='ltr'><strong>multae</strong></span> <span class='ocrx_word' id='word_1_372' title='bbox 1646 2900 2014 2955; x_wconf 84' lang='lat' dir='ltr'><strong>miserationis</strong></span> <span class='ocrx_word' id='word_1_373' title='bbox 2032 2941 2049 2967; x_wconf 94' lang='lat'><strong>,</strong></span> 
     </span>
    </p>
   </div>
   <div class='ocr_carea' id='block_1_48' title="bbox 471 2988 2050 3063">
    <p class='ocr_par' dir='ltr' id='par_1_48' title="bbox 471 2988 2050 3063">
     <span class='ocr_line' id='line_1_48' title="bbox 471 2988 2050 3063; baseline 0.003 -20"><span class='ocrx_word' id='word_1_374' title='bbox 471 2996 528 3044; x_wconf 93' lang='lat' dir='ltr'><strong>et</strong></span> <span class='ocrx_word' id='word_1_375' title='bbox 557 2990 849 3061; x_wconf 80' lang='lat' dir='ltr'><strong>ignescens</strong></span> <span class='ocrx_word' id='word_1_376' title='bbox 878 3007 1042 3062; x_wconf 86' lang='lat' dir='ltr'><strong>super</strong></span> <span class='ocrx_word' id='word_1_377' title='bbox 1074 2991 1312 3045; x_wconf 84' lang='lat' dir='ltr'><strong>malitias</strong></span> <span class='ocrx_word' id='word_1_378' title='bbox 1343 2988 1411 3049; x_wconf 80' lang='grc'><strong>⁸⁸,</strong></span> <span class='ocrx_word' id='word_1_379' title='bbox 1444 3010 1462 3041; x_wconf 77' lang='grc' dir='ltr'><strong>ι</strong></span> <span class='ocrx_word' id='word_1_380' title='bbox 1489 2991 1647 3063; x_wconf 83' lang='lat' dir='ltr'><strong>Fugit</strong></span> <span class='ocrx_word' id='word_1_381' title='bbox 1688 3006 1818 3049; x_wconf 87' lang='lat' dir='ltr'><strong>vero</strong></span> <span class='ocrx_word' id='word_1_382' title='bbox 1845 2988 2050 3055; x_wconf 83' lang='lat' dir='ltr'><strong>Jonas,</strong></span> 
     </span>
    </p>
   </div>
   <div class='ocr_carea' id='block_1_49' title="bbox 468 3082 2053 3155">
    <p class='ocr_par' dir='ltr' id='par_1_49' title="bbox 468 3082 2053 3155">
     <span class='ocr_line' id='line_1_49' title="bbox 468 3082 2053 3155; baseline 0.002 -19"><span class='ocrx_word' id='word_1_383' title='bbox 468 3090 586 3137; x_wconf 84' lang='lat' dir='ltr'><strong>non</strong></span> <span class='ocrx_word' id='word_1_384' title='bbox 618 3082 765 3152; x_wconf 90' lang='lat' dir='ltr'><strong>quod</strong></span> <span class='ocrx_word' id='word_1_385' title='bbox 796 3090 1128 3153; x_wconf 85' lang='lat' dir='ltr'><strong>repugnaret</strong></span> <span class='ocrx_word' id='word_1_386' title='bbox 1174 3082 1326 3151; x_wconf 84' lang='lat' dir='ltr'><strong>Deo;</strong></span> <span class='ocrx_word' id='word_1_387' title='bbox 1369 3082 1731 3153; x_wconf 87' lang='lat' dir='ltr'><strong>dolebatque,</strong></span> <span class='ocrx_word' id='word_1_388' title='bbox 1763 3099 1873 3139; x_wconf 92' lang='lat' dir='ltr'><strong>non</strong></span> <span class='ocrx_word' id='word_1_389' title='bbox 1903 3084 2053 3155; x_wconf 86' lang='lat' dir='ltr'><strong>quod</strong></span> 
     </span>
    </p>
   </div>
   <div class='ocr_carea' id='block_1_50' title="bbox 469 3172 2051 3245">
    <p class='ocr_par' dir='ltr' id='par_1_50' title="bbox 469 3172 2051 3245">
     <span class='ocr_line' id='line_1_50' title="bbox 469 3172 2051 3245; baseline 0.003 -19"><span class='ocrx_word' id='word_1_390' title='bbox 469 3174 756 3228; x_wconf 65' lang='lat' dir='ltr'><strong>laetaretur</strong></span> <span class='ocrx_word' id='word_1_391' title='bbox 803 3172 872 3229; x_wconf 90' lang='lat' dir='ltr'><strong>de</strong></span> <span class='ocrx_word' id='word_1_392' title='bbox 915 3173 1283 3227; x_wconf 77' lang='lat' dir='ltr'><strong>Ninivitarum</strong></span> <span class='ocrx_word' id='word_1_393' title='bbox 1322 3173 1532 3239; x_wconf 83' lang='lat' dir='ltr'><strong>exitio;</strong></span> <span class='ocrx_word' id='word_1_394' title='bbox 1587 3174 1683 3229; x_wconf 89' lang='lat' dir='ltr'><strong>sed</strong></span> <span class='ocrx_word' id='word_1_395' title='bbox 1723 3175 1774 3229; x_wconf 92' lang='lat' dir='ltr'><strong>id</strong></span> <span class='ocrx_word' id='word_1_396' title='bbox 1823 3176 2051 3245; x_wconf 88' lang='lat' dir='ltr'><strong>agebat,</strong></span> 
     </span>
    </p>
   </div>
   <div class='ocr_carea' id='block_1_51' title="bbox 475 3264 2056 3337">
    <p class='ocr_par' dir='ltr' id='par_1_51' title="bbox 475 3264 2056 3337">
     <span class='ocr_line' id='line_1_51' title="bbox 475 3264 2056 3337; baseline 0.002 -18"><span class='ocrx_word' id='word_1_397' title='bbox 475 3266 624 3334; x_wconf 89' lang='lat' dir='ltr'><strong>quod</strong></span> <span class='ocrx_word' id='word_1_398' title='bbox 652 3264 1018 3319; x_wconf 85' lang='lat' dir='ltr'><strong>Ninivitarum</strong></span> <span class='ocrx_word' id='word_1_399' title='bbox 1052 3265 1474 3321; x_wconf 88' lang='lat' dir='ltr'><strong>sollicitudinem</strong></span> <span class='ocrx_word' id='word_1_400' title='bbox 1512 3274 1743 3337; x_wconf 85' lang='lat' dir='ltr'><strong>gereret.</strong></span> <span class='ocrx_word' id='word_1_401' title='bbox 1782 3266 2056 3323; x_wconf 83' lang='lat' dir='ltr'><strong>Metuebat</strong></span> 
     </span>
    </p>
   </div>
   <div class='ocr_carea' id='block_1_52' title="bbox 467 3358 2053 3427">
    <p class='ocr_par' dir='ltr' id='par_1_52' title="bbox 467 3358 2053 3427">
     <span class='ocr_line' id='line_1_52' title="bbox 467 3358 2053 3427; baseline 0.003 -16"><span class='ocrx_word' id='word_1_402' title='bbox 467 3359 623 3412; x_wconf 82' lang='lat' dir='ltr'><strong>enim</strong></span> <span class='ocrx_word' id='word_1_403' title='bbox 672 3373 740 3412; x_wconf 89' lang='lat' dir='ltr'><strong>ne</strong></span> <span class='ocrx_word' id='word_1_404' title='bbox 786 3358 1058 3411; x_wconf 90' lang='lat' dir='ltr'><strong>incertum</strong></span> <span class='ocrx_word' id='word_1_405' title='bbox 1109 3358 1231 3427; x_wconf 90' lang='lat' dir='ltr'><strong>ejus</strong></span> <span class='ocrx_word' id='word_1_406' title='bbox 1283 3374 1595 3413; x_wconf 88' lang='lat' dir='ltr'><strong>sermonem</strong></span> <span class='ocrx_word' id='word_1_407' title='bbox 1641 3361 2053 3425; x_wconf 81' lang='lat' dir='ltr'><strong>existimarent,</strong></span> 
     </span>
    </p>
   </div>
   <div class='ocr_carea' id='block_1_53' title="bbox 472 3452 2055 3525">
    <p class='ocr_par' dir='ltr' id='par_1_53' title="bbox 472 3452 2055 3525">
     <span class='ocr_line' id='line_1_53' title="bbox 472 3452 2055 3525; baseline 0.002 -17"><span class='ocrx_word' id='word_1_408' title='bbox 472 3462 643 3525; x_wconf 83' lang='lat' dir='ltr'><strong>atque</strong></span> <span class='ocrx_word' id='word_1_409' title='bbox 674 3454 751 3507; x_wconf 88' lang='lat' dir='ltr'><strong>ita</strong></span> <span class='ocrx_word' id='word_1_410' title='bbox 778 3452 1036 3523; x_wconf 87' lang='lat' dir='ltr'><strong>deinceps</strong></span> <span class='ocrx_word' id='word_1_411' title='bbox 1085 3454 1391 3524; x_wconf 86' lang='lat' dir='ltr'><strong>inciperent</strong></span> <span class='ocrx_word' id='word_1_412' title='bbox 1439 3455 1723 3524; x_wconf 82' lang='lat' dir='ltr'><strong>praphetis</strong></span> <span class='ocrx_word' id='word_1_413' title='bbox 1772 3472 1883 3510; x_wconf 89' lang='lat' dir='ltr'><strong>non</strong></span> <span class='ocrx_word' id='word_1_414' title='bbox 1933 3472 2055 3512; x_wconf 89' lang='lat' dir='ltr'><strong>cre-</strong></span> 
     </span>
    </p>
   </div>
   <div class='ocr_carea' id='block_1_54' title="bbox 477 3547 2052 3618">
    <p class='ocr_par' dir='ltr' id='par_1_54' title="bbox 477 3547 2052 3618">
     <span class='ocr_line' id='line_1_54' title="bbox 477 3547 2052 3618; baseline 0.003 -17"><span class='ocrx_word' id='word_1_415' title='bbox 477 3547 608 3603; x_wconf 89' lang='lat' dir='ltr'><strong>dere</strong></span> <span class='ocrx_word' id='word_1_416' title='bbox 629 3586 645 3614; x_wconf 84' lang='grc'><strong>,</strong></span> <span class='ocrx_word' id='word_1_417' title='bbox 679 3547 773 3602; x_wconf 88' lang='lat' dir='ltr'><strong>sed</strong></span> <span class='ocrx_word' id='word_1_418' title='bbox 809 3547 911 3601; x_wconf 80' lang='lat' dir='ltr'><strong>fide</strong></span> <span class='ocrx_word' id='word_1_419' title='bbox 940 3562 1131 3602; x_wconf 85' lang='lat' dir='ltr'><strong>carere</strong></span> <span class='ocrx_word' id='word_1_420' title='bbox 1158 3548 1438 3602; x_wconf 81' lang='lat' dir='ltr'><strong>videretur</strong></span> <span class='ocrx_word' id='word_1_421' title='bbox 1464 3550 1818 3618; x_wconf 87' lang='lat' dir='ltr'><strong>propheticus</strong></span> <span class='ocrx_word' id='word_1_422' title='bbox 1846 3562 2052 3606; x_wconf 89' lang='lat' dir='ltr'><strong>sermo.</strong></span> 
     </span>
    </p>
   </div>
   <div class='ocr_carea' id='block_1_55' title="bbox 474 3634 2058 3713">
    <p class='ocr_par' dir='ltr' id='par_1_55' title="bbox 474 3634 2058 3713">
     <span class='ocr_line' id='line_1_55' title="bbox 474 3634 2058 3713; baseline 0.003 -21"><span class='ocrx_word' id='word_1_423' title='bbox 474 3634 605 3694; x_wconf 83' lang='lat' dir='ltr'><strong>ldeo</strong></span> <span class='ocrx_word' id='word_1_424' title='bbox 648 3638 901 3713; x_wconf 60' lang='lat' dir='ltr'><strong>videlicpt</strong></span> <span class='ocrx_word' id='word_1_425' title='bbox 928 3640 1378 3703; x_wconf 88' lang='lat' dir='ltr'><strong>contristabatur,</strong></span> <span class='ocrx_word' id='word_1_426' title='bbox 1403 3650 1507 3694; x_wconf 89' lang='lat' dir='ltr'><strong>uta</strong></span> <span class='ocrx_word' id='word_1_427' title='bbox 1532 3640 1759 3695; x_wconf 88' lang='lat' dir='ltr'><strong>Domino</strong></span> <span class='ocrx_word' id='word_1_428' title='bbox 1775 3642 2058 3697; x_wconf 86' lang='lat' dir='ltr'><strong>convince-</strong></span> 
     </span>
    </p>
   </div>
   <div class='ocr_carea' id='block_1_56' title="bbox 476 3731 2054 3802">
    <p class='ocr_par' dir='ltr' id='par_1_56' title="bbox 476 3731 2054 3802">
     <span class='ocr_line' id='line_1_56' title="bbox 476 3731 2054 3802; baseline 0.002 -16"><span class='ocrx_word' id='word_1_429' title='bbox 476 3740 653 3796; x_wconf 86' lang='lat' dir='ltr'><strong>retur,</strong></span> <span class='ocrx_word' id='word_1_430' title='bbox 697 3742 861 3800; x_wconf 83' lang='lat' dir='ltr'><strong>atque</strong></span> <span class='ocrx_word' id='word_1_431' title='bbox 886 3732 965 3786; x_wconf 90' lang='lat' dir='ltr'><strong>sic</strong></span> <span class='ocrx_word' id='word_1_432' title='bbox 987 3733 1245 3787; x_wconf 86' lang='lat' dir='ltr'><strong>omnibus</strong></span> <span class='ocrx_word' id='word_1_433' title='bbox 1265 3731 1521 3788; x_wconf 86' lang='lat' dir='ltr'><strong>Ninivitis</strong></span> <span class='ocrx_word' id='word_1_434' title='bbox 1542 3731 1715 3802; x_wconf 87' lang='lat' dir='ltr'><strong>palam</strong></span> <span class='ocrx_word' id='word_1_435' title='bbox 1742 3731 1915 3799; x_wconf 85' lang='lat' dir='ltr'><strong>ﬁeret,</strong></span> <span class='ocrx_word' id='word_1_436' title='bbox 1945 3750 2054 3790; x_wconf 92' lang='lat' dir='ltr'><strong>non</strong></span> 
     </span>
    </p>
   </div>
   <div class='ocr_carea' id='block_1_57' title="bbox 477 3819 2052 3895">
    <p class='ocr_par' dir='ltr' id='par_1_57' title="bbox 477 3819 2052 3895">
     <span class='ocr_line' id='line_1_57' title="bbox 477 3819 2052 3895; baseline 0.001 -18"><span class='ocrx_word' id='word_1_437' title='bbox 477 3822 624 3892; x_wconf 90' lang='lat' dir='ltr'><strong>quod</strong></span> <span class='ocrx_word' id='word_1_438' title='bbox 646 3824 974 3877; x_wconf 87' lang='lat' dir='ltr'><strong>mentiretur</strong></span> <span class='ocrx_word' id='word_1_439' title='bbox 1000 3823 1299 3893; x_wconf 86' lang='lat' dir='ltr'><strong>propheta;</strong></span> <span class='ocrx_word' id='word_1_440' title='bbox 1322 3824 1417 3878; x_wconf 87' lang='lat' dir='ltr'><strong>sed</strong></span> <span class='ocrx_word' id='word_1_441' title='bbox 1439 3824 1508 3878; x_wconf 91' lang='lat' dir='ltr'><strong>ob</strong></span> <span class='ocrx_word' id='word_1_442' title='bbox 1528 3819 1619 3879; x_wconf 87' lang='lat' dir='ltr'><strong>Dei</strong></span> <span class='ocrx_word' id='word_1_443' title='bbox 1640 3825 2052 3895; x_wconf 83' lang='lat' dir='ltr'><strong>benignitatem,</strong></span> 
     </span>
    </p>
   </div>
   <div class='ocr_carea' id='block_1_58' title="bbox 468 3914 2058 3988">
    <p class='ocr_par' dir='ltr' id='par_1_58' title="bbox 468 3914 2058 3988">
     <span class='ocr_line' id='line_1_58' title="bbox 468 3914 2058 3988; baseline 0.002 -19"><span class='ocrx_word' id='word_1_444' title='bbox 468 3915 585 3988; x_wconf 71' lang='lat'><strong>65</strong></span> <span class='ocrx_word' id='word_1_445' title='bbox 619 3916 826 3970; x_wconf 86' lang='lat' dir='ltr'><strong>veniam</strong></span> <span class='ocrx_word' id='word_1_446' title='bbox 859 3914 1117 3971; x_wconf 77' lang='lat' dir='ltr'><strong>Nmivitis</strong></span> <span class='ocrx_word' id='word_1_447' title='bbox 1150 3916 1319 3972; x_wconf 90' lang='lat' dir='ltr'><strong>fuisse</strong></span> <span class='ocrx_word' id='word_1_448' title='bbox 1352 3916 1875 3973; x_wconf 82' lang='lat' dir='ltr'><strong>concessam.Norat</strong></span> <span class='ocrx_word' id='word_1_449' title='bbox 1911 3918 2058 3973; x_wconf 88' lang='lat' dir='ltr'><strong>enim</strong></span> 
     </span>
    </p>
   </div>
   <div class='ocr_carea' id='block_1_59' title="bbox 478 4008 2054 4083">
    <p class='ocr_par' dir='ltr' id='par_1_59' title="bbox 478 4008 2054 4083">
     <span class='ocr_line' id='line_1_59' title="bbox 478 4008 2054 4083; baseline 0.003 -21"><span class='ocrx_word' id='word_1_450' title='bbox 478 4009 534 4062; x_wconf 92' lang='lat' dir='ltr'><strong>in</strong></span> <span class='ocrx_word' id='word_1_451' title='bbox 567 4008 757 4072; x_wconf 88' lang='lat' dir='ltr'><strong>verbo,</strong></span> <span class='ocrx_word' id='word_1_452' title='bbox 786 4027 803 4058; x_wconf 74' lang='grc' dir='ltr'><strong>ί</strong></span> <span class='ocrx_word' id='word_1_453' title='bbox 837 4009 1035 4074; x_wconf 86' lang='lat' dir='ltr'><strong>adhuc,</strong></span> <span class='ocrx_word' id='word_1_454' title='bbox 1068 4028 1088 4061; x_wconf 76' lang='grc' dir='ltr'><strong>ι</strong></span> <span class='ocrx_word' id='word_1_455' title='bbox 1118 4008 1209 4064; x_wconf 90' lang='lat' dir='ltr'><strong>Dei</strong></span> <span class='ocrx_word' id='word_1_456' title='bbox 1237 4009 1703 4079; x_wconf 77' lang='lat' dir='ltr'><strong>longanimitatem</strong></span> <span class='ocrx_word' id='word_1_457' title='bbox 1733 4011 2054 4083; x_wconf 77' lang='lat' dir='ltr'><strong>signiﬁcari.</strong></span> 
     </span>
    </p>
   </div>
   <div class='ocr_carea' id='block_1_60' title="bbox 480 4100 2055 4171">
    <p class='ocr_par' dir='ltr' id='par_1_60' title="bbox 480 4100 2055 4171">
     <span class='ocr_line' id='line_1_60' title="bbox 480 4100 2055 4171; baseline 0.003 -17"><span class='ocrx_word' id='word_1_458' title='bbox 480 4100 547 4154; x_wconf 87' lang='lat' dir='ltr'><strong>Et</strong></span> <span class='ocrx_word' id='word_1_459' title='bbox 572 4101 661 4155; x_wconf 89' lang='lat' dir='ltr'><strong>hic</strong></span> <span class='ocrx_word' id='word_1_460' title='bbox 690 4116 807 4155; x_wconf 91' lang='lat' dir='ltr'><strong>mos</strong></span> <span class='ocrx_word' id='word_1_461' title='bbox 837 4110 918 4155; x_wconf 84' lang='lat' dir='ltr'><strong>est</strong></span> <span class='ocrx_word' id='word_1_462' title='bbox 940 4100 1138 4156; x_wconf 67' lang='lat' dir='ltr'><strong>divina:</strong></span> <span class='ocrx_word' id='word_1_463' title='bbox 1169 4100 1487 4171; x_wconf 74' lang='lat' dir='ltr'><strong>Scripturze,</strong></span> <span class='ocrx_word' id='word_1_464' title='bbox 1516 4110 1576 4156; x_wconf 89' lang='lat' dir='ltr'><strong>ut</strong></span> <span class='ocrx_word' id='word_1_465' title='bbox 1600 4118 1725 4158; x_wconf 91' lang='lat' dir='ltr'><strong>cum</strong></span> <span class='ocrx_word' id='word_1_466' title='bbox 1754 4119 1908 4159; x_wconf 90' lang='lat' dir='ltr'><strong>suam</strong></span> <span class='ocrx_word' id='word_1_467' title='bbox 1931 4105 2055 4159; x_wconf 85' lang='lat' dir='ltr'><strong>lon-</strong></span> 
     </span>
    </p>
   </div>
   <div class='ocr_carea' id='block_1_61' title="bbox 472 4192 2055 4265">
    <p class='ocr_par' dir='ltr' id='par_1_61' title="bbox 472 4192 2055 4265">
     <span class='ocr_line' id='line_1_61' title="bbox 472 4192 2055 4265; baseline 0.004 -20"><span class='ocrx_word' id='word_1_468' title='bbox 472 4192 852 4264; x_wconf 79' lang='lat' dir='ltr'><strong>ganimitatem</strong></span> <span class='ocrx_word' id='word_1_469' title='bbox 901 4192 1045 4248; x_wconf 89' lang='lat' dir='ltr'><strong>Deus</strong></span> <span class='ocrx_word' id='word_1_470' title='bbox 1095 4193 1338 4249; x_wconf 81' lang='lat' dir='ltr'><strong>indicare</strong></span> <span class='ocrx_word' id='word_1_471' title='bbox 1389 4196 1655 4261; x_wconf 83' lang='lat' dir='ltr'><strong>voluerit,</strong></span> <span class='ocrx_word' id='word_1_472' title='bbox 1698 4211 1799 4265; x_wconf 88' lang='lat' dir='ltr'><strong>per</strong></span> <span class='ocrx_word' id='word_1_473' title='bbox 1824 4211 2055 4263; x_wconf 89' lang='lat' dir='ltr'><strong>vocem,</strong></span> 
     </span>
    </p>
   </div>
   <div class='ocr_carea' id='block_1_62' title="bbox 484 4285 2054 4358">
    <p class='ocr_par' dir='ltr' id='par_1_62' title="bbox 484 4285 2054 4358">
     <span class='ocr_line' id='line_1_62' title="bbox 484 4285 2054 4358; baseline 0.005 -22"><span class='ocrx_word' id='word_1_474' title='bbox 484 4304 503 4336; x_wconf 77' lang='grc' dir='ltr'><strong>ι</strong></span> <span class='ocrx_word' id='word_1_475' title='bbox 528 4285 706 4339; x_wconf 89' lang='lat' dir='ltr'><strong>adhuc</strong></span> <span class='ocrx_word' id='word_1_476' title='bbox 731 4324 746 4347; x_wconf 94' lang='lat'><strong>,</strong></span> <span class='ocrx_word' id='word_1_477' title='bbox 770 4304 789 4337; x_wconf 77' lang='grc' dir='ltr'><strong>ι</strong></span> <span class='ocrx_word' id='word_1_478' title='bbox 819 4300 938 4339; x_wconf 88' lang='lat' dir='ltr'><strong>eam</strong></span> <span class='ocrx_word' id='word_1_479' title='bbox 975 4286 1252 4351; x_wconf 85' lang='lat' dir='ltr'><strong>declaret;</strong></span> <span class='ocrx_word' id='word_1_480' title='bbox 1284 4294 1345 4340; x_wconf 91' lang='lat' dir='ltr'><strong>ut</strong></span> <span class='ocrx_word' id='word_1_481' title='bbox 1377 4302 1498 4340; x_wconf 89' lang='lat' dir='ltr'><strong>cum</strong></span> <span class='ocrx_word' id='word_1_482' title='bbox 1529 4302 1625 4358; x_wconf 88' lang='lat' dir='ltr'><strong>per</strong></span> <span class='ocrx_word' id='word_1_483' title='bbox 1656 4286 1850 4343; x_wconf 89' lang='lat' dir='ltr'><strong>Isaiam</strong></span> <span class='ocrx_word' id='word_1_484' title='bbox 1884 4289 2054 4344; x_wconf 88' lang='lat' dir='ltr'><strong>dicit:</strong></span> 
     </span>
    </p>
   </div>
   <div class='ocr_carea' id='block_1_63' title="bbox 485 4377 2046 4443">
    <p class='ocr_par' dir='ltr' id='par_1_63' title="bbox 485 4377 2046 4443">
     <span class='ocr_line' id='line_1_63' title="bbox 485 4377 2046 4443; baseline 0.003 -14"><span class='ocrx_word' id='word_1_485' title='bbox 485 4397 505 4429; x_wconf 74' lang='grc' dir='ltr'><strong>ι</strong></span> <span class='ocrx_word' id='word_1_486' title='bbox 544 4377 685 4443; x_wconf 82' lang='lat' dir='ltr'><strong>Quid</strong></span> <span class='ocrx_word' id='word_1_487' title='bbox 717 4377 896 4432; x_wconf 87' lang='lat' dir='ltr'><strong>adhuc</strong></span> <span class='ocrx_word' id='word_1_488' title='bbox 939 4377 1131 4431; x_wconf 82' lang='lat' dir='ltr'><strong>faciam</strong></span> <span class='ocrx_word' id='word_1_489' title='bbox 1160 4379 1332 4433; x_wconf 74' lang='lat' dir='ltr'><strong>vinea:</strong></span> <span class='ocrx_word' id='word_1_490' title='bbox 1366 4395 1518 4443; x_wconf 67' lang='lat' dir='ltr'><strong>meaa,</strong></span> <span class='ocrx_word' id='word_1_491' title='bbox 1549 4388 1604 4434; x_wconf 87' lang='lat' dir='ltr'><strong>et</strong></span> <span class='ocrx_word' id='word_1_492' title='bbox 1638 4394 1747 4435; x_wconf 90' lang='lat' dir='ltr'><strong>non</strong></span> <span class='ocrx_word' id='word_1_493' title='bbox 1778 4380 1881 4435; x_wconf 85' lang='lat' dir='ltr'><strong>feci</strong></span> <span class='ocrx_word' id='word_1_494' title='bbox 1902 4382 1987 4435; x_wconf 69' lang='grc' dir='ltr'><strong>ιιι</strong></span> <span class='ocrx_word' id='word_1_495' title='bbox 2028 4402 2046 4434; x_wconf 77' lang='grc' dir='ltr'><strong>ι</strong></span> 
     </span>
    </p>
   </div>
   <div class='ocr_carea' id='block_1_64' title="bbox 2161 1884 3740 1962">
    <p class='ocr_par' dir='ltr' id='par_1_64' title="bbox 2161 1884 3740 1962">
     <span class='ocr_line' id='line_1_64' title="bbox 2161 1884 3740 1962; baseline 0.003 -25"><span class='ocrx_word' id='word_1_496' title='bbox 2161 1884 2412 1953; x_wconf 77' lang='grc' dir='ltr'>Ἀπαγεί</span> <span class='ocrx_word' id='word_1_497' title='bbox 2448 1884 2584 1957; x_wconf 84' lang='grc' dir='ltr'><strong>μηδέ</strong></span> <span class='ocrx_word' id='word_1_498' title='bbox 2615 1888 2697 1950; x_wconf 87' lang='grc' dir='ltr'><strong>είς</strong></span> <span class='ocrx_word' id='word_1_499' title='bbox 2722 1885 2847 1940; x_wconf 83' lang='grc' dir='ltr'>νοῦν</span> <span class='ocrx_word' id='word_1_500' title='bbox 2886 1903 3015 1940; x_wconf 83' lang='grc' dir='ltr'>ποτε</span> <span class='ocrx_word' id='word_1_501' title='bbox 3045 1886 3203 1941; x_wconf 85' lang='grc' dir='ltr'>τοῦτο</span> <span class='ocrx_word' id='word_1_502' title='bbox 3235 1888 3327 1943; x_wconf 83' lang='grc' dir='ltr'><strong>τὸν</strong></span> <span class='ocrx_word' id='word_1_503' title='bbox 3359 1888 3626 1962; x_wconf 78' lang='grc' dir='ltr'>ἡμέτερον</span> <span class='ocrx_word' id='word_1_504' title='bbox 3646 1890 3740 1943; x_wconf 77' lang='grc' dir='ltr'>ἐλ-</span> 
     </span>
    </p>
   </div>
   <div class='ocr_carea' id='block_1_65' title="bbox 2156 1976 3741 2052">
    <p class='ocr_par' dir='ltr' id='par_1_65' title="bbox 2156 1976 3741 2052">
     <span class='ocr_line' id='line_1_65' title="bbox 2156 1976 3741 2052; baseline 0.004 -22"><span class='ocrx_word' id='word_1_505' title='bbox 2156 1978 2259 2030; x_wconf 85' lang='grc' dir='ltr'>θοι.</span> <span class='ocrx_word' id='word_1_506' title='bbox 2290 1976 2495 2049; x_wconf 84' lang='grc' dir='ltr'>Κύριος</span> <span class='ocrx_word' id='word_1_507' title='bbox 2517 1976 2626 2050; x_wconf 80' lang='grc' dir='ltr'>γὰρ</span> <span class='ocrx_word' id='word_1_508' title='bbox 2654 1977 2761 2032; x_wconf 83' lang='grc' dir='ltr'>τῶν</span> <span class='ocrx_word' id='word_1_509' title='bbox 2788 1977 3069 2052; x_wconf 80' lang='grc' dir='ltr'>δυνάμεων</span> <span class='ocrx_word' id='word_1_510' title='bbox 3090 1978 3186 2032; x_wconf 78' lang='grc' dir='ltr'><strong>καὶ</strong></span> <span class='ocrx_word' id='word_1_511' title='bbox 3213 1980 3428 2051; x_wconf 77' lang='grc' dir='ltr'>ἰσχυρὸς</span> <span class='ocrx_word' id='word_1_512' title='bbox 3451 1983 3543 2035; x_wconf 75' lang='grc' dir='ltr'>καὶ</span> <span class='ocrx_word' id='word_1_513' title='bbox 3573 1983 3741 2038; x_wconf 84' lang='grc' dir='ltr'>δυνα-</span> 
     </span>
    </p>
   </div>
   <div class='ocr_carea' id='block_1_66' title="bbox 2154 2070 3737 2143">
    <p class='ocr_par' dir='ltr' id='par_1_66' title="bbox 2154 2070 3737 2143">
     <span class='ocr_line' id='line_1_66' title="bbox 2154 2070 3737 2143; baseline 0.004 -20"><span class='ocrx_word' id='word_1_514' title='bbox 2154 2071 2246 2134; x_wconf 88' lang='grc' dir='ltr'><strong>τός</strong></span> <span class='ocrx_word' id='word_1_515' title='bbox 2272 2072 2418 2123; x_wconf 88' lang='grc' dir='ltr'>ἐστιν</span> <span class='ocrx_word' id='word_1_516' title='bbox 2446 2072 2475 2123; x_wconf 93' lang='lat'><strong>6</strong></span> <span class='ocrx_word' id='word_1_517' title='bbox 2502 2070 2655 2135; x_wconf 88' lang='grc' dir='ltr'>Θεός.</span> <span class='ocrx_word' id='word_1_518' title='bbox 2708 2070 2847 2124; x_wconf 84' lang='grc' dir='ltr'>Ἀλλ’</span> <span class='ocrx_word' id='word_1_519' title='bbox 2862 2071 3054 2139; x_wconf 76' lang='grc' dir='ltr'>ἄγνοια</span> <span class='ocrx_word' id='word_1_520' title='bbox 3073 2071 3182 2123; x_wconf 55' lang='grc' dir='ltr'>διξῶν</span> <span class='ocrx_word' id='word_1_521' title='bbox 3205 2073 3456 2143; x_wconf 79' lang='grc' dir='ltr'>πράξεων</span> <span class='ocrx_word' id='word_1_522' title='bbox 3472 2076 3737 2143; x_wconf 84' lang='grc' dir='ltr'>ἐκείνων;</span> 
     </span>
    </p>
   </div>
   <div class='ocr_carea' id='block_1_67' title="bbox 2159 2158 3740 2238">
    <p class='ocr_par' dir='ltr' id='par_1_67' title="bbox 2159 2158 3740 2238">
     <span class='ocr_line' id='line_1_67' title="bbox 2159 2158 3740 2238; baseline 0.004 -23"><span class='ocrx_word' id='word_1_523' title='bbox 2159 2162 2293 2234; x_wconf 86' lang='grc' dir='ltr'><strong>μηδέ</strong></span> <span class='ocrx_word' id='word_1_524' title='bbox 2310 2162 2466 2215; x_wconf 89' lang='grc' dir='ltr'>τοῦτο</span> <span class='ocrx_word' id='word_1_525' title='bbox 2481 2161 2750 2231; x_wconf 85' lang='grc' dir='ltr'>λεγέσθω·</span> <span class='ocrx_word' id='word_1_526' title='bbox 2778 2158 2886 2216; x_wconf 85' lang='grc' dir='ltr'>οἶδε</span> <span class='ocrx_word' id='word_1_527' title='bbox 2906 2162 3014 2235; x_wconf 80' lang='grc' dir='ltr'>γὰρ</span> <span class='ocrx_word' id='word_1_528' title='bbox 3029 2162 3099 2216; x_wconf 82' lang='grc' dir='ltr'>τὰ</span> <span class='ocrx_word' id='word_1_529' title='bbox 3119 2164 3296 2218; x_wconf 82' lang='grc' dir='ltr'>πάντα</span> <span class='ocrx_word' id='word_1_530' title='bbox 3319 2166 3445 2238; x_wconf 74' lang='grc' dir='ltr'>πρὶν</span> <span class='ocrx_word' id='word_1_531' title='bbox 3464 2169 3740 2236; x_wconf 85' lang='grc' dir='ltr'>γενέσεως</span> 
     </span>
    </p>
   </div>
   <div class='ocr_carea' id='block_1_68' title="bbox 2156 2248 3742 2329">
    <p class='ocr_par' dir='ltr' id='par_1_68' title="bbox 2156 2248 3742 2329">
     <span class='ocr_line' id='line_1_68' title="bbox 2156 2248 3742 2329; baseline 0.006 -23"><span class='ocrx_word' id='word_1_532' title='bbox 2156 2252 2354 2306; x_wconf 82' lang='grc' dir='ltr'>αὐτῶν.</span> <span class='ocrx_word' id='word_1_533' title='bbox 2392 2252 2457 2306; x_wconf 88' lang='grc' dir='ltr'><strong>Τί</strong></span> <span class='ocrx_word' id='word_1_534' title='bbox 2484 2248 2576 2307; x_wconf 86' lang='grc' dir='ltr'><strong>οῦν</strong></span> <span class='ocrx_word' id='word_1_535' title='bbox 2616 2252 2967 2307; x_wconf 81' lang='grc' dir='ltr'>ὑπολείπεται</span> <span class='ocrx_word' id='word_1_536' title='bbox 2997 2258 3137 2311; x_wconf 85' lang='grc' dir='ltr'>νοεῖν</span> <span class='ocrx_word' id='word_1_537' title='bbox 3167 2256 3198 2327; x_wconf 79' lang='grc' dir='ltr'>ἢ</span> <span class='ocrx_word' id='word_1_538' title='bbox 3230 2257 3613 2329; x_wconf 77' lang='grc' dir='ltr'>μακροθυμίαν</span> <span class='ocrx_word' id='word_1_539' title='bbox 3638 2263 3742 2315; x_wconf 69' lang='grc' dir='ltr'>καὶ</span> 
     </span>
    </p>
   </div>
   <div class='ocr_carea' id='block_1_69' title="bbox 2157 2344 3743 2423">
    <p class='ocr_par' dir='ltr' id='par_1_69' title="bbox 2157 2344 3743 2423">
     <span class='ocr_line' id='line_1_69' title="bbox 2157 2344 3743 2423; baseline 0.007 -28"><span class='ocrx_word' id='word_1_540' title='bbox 2157 2345 2567 2415; x_wconf 77' lang='grc' dir='ltr'>φιλανθρωπίαν</span> <span class='ocrx_word' id='word_1_541' title='bbox 2593 2344 2687 2396; x_wconf 89' lang='grc' dir='ltr'><strong>τοῦ</strong></span> <span class='ocrx_word' id='word_1_542' title='bbox 2716 2345 2989 2399; x_wconf 84' lang='grc' dir='ltr'>Δεσπότου</span> <span class='ocrx_word' id='word_1_543' title='bbox 3016 2362 3029 2411; x_wconf 91' lang='grc'><strong>;</strong></span> <span class='ocrx_word' id='word_1_544' title='bbox 3058 2346 3125 2417; x_wconf 77' lang='grc' dir='ltr'>ἢν</span> <span class='ocrx_word' id='word_1_545' title='bbox 3155 2349 3250 2400; x_wconf 78' lang='grc' dir='ltr'><strong>καὶ</strong></span> <span class='ocrx_word' id='word_1_546' title='bbox 3278 2350 3306 2401; x_wconf 92' lang='lat'><strong>6</strong></span> <span class='ocrx_word' id='word_1_547' title='bbox 3335 2352 3618 2423; x_wconf 75' lang='grc' dir='ltr'>προφήτης</span> <span class='ocrx_word' id='word_1_548' title='bbox 3642 2354 3743 2405; x_wconf 83' lang='grc' dir='ltr'>ἐπ-</span> 
     </span>
    </p>
   </div>
   <div class='ocr_carea' id='block_1_70' title="bbox 2160 2436 3740 2515">
    <p class='ocr_par' dir='ltr' id='par_1_70' title="bbox 2160 2436 3740 2515">
     <span class='ocr_line' id='line_1_70' title="bbox 2160 2436 3740 2515; baseline 0.006 -26"><span class='ocrx_word' id='word_1_549' title='bbox 2160 2437 2466 2508; x_wconf 86' lang='grc' dir='ltr'>ιστάμενος,</span> <span class='ocrx_word' id='word_1_550' title='bbox 2486 2436 2682 2506; x_wconf 79' lang='grc' dir='ltr'>ἔφευγε</span> <span class='ocrx_word' id='word_1_551' title='bbox 2708 2438 2806 2509; x_wconf 85' lang='grc' dir='ltr'><strong>μὲν</strong></span> <span class='ocrx_word' id='word_1_552' title='bbox 2834 2438 3289 2511; x_wconf 82' lang='grc' dir='ltr'>ἀποστελλόμενος</span> <span class='ocrx_word' id='word_1_553' title='bbox 3313 2441 3373 2494; x_wconf 84' lang='grc' dir='ltr'>τὸ</span> <span class='ocrx_word' id='word_1_554' title='bbox 3412 2442 3647 2515; x_wconf 80' lang='grc' dir='ltr'>πρῶτον,</span> <span class='ocrx_word' id='word_1_555' title='bbox 3672 2447 3740 2498; x_wconf 78' lang='grc' dir='ltr'>τὸ</span> 
     </span>
    </p>
   </div>
   <div class='ocr_carea' id='block_1_71' title="bbox 2155 2530 3745 2607">
    <p class='ocr_par' dir='ltr' id='par_1_71' title="bbox 2155 2530 3745 2607">
     <span class='ocr_line' id='line_1_71' title="bbox 2155 2530 3745 2607; baseline 0.006 -24"><span class='ocrx_word' id='word_1_556' title='bbox 2155 2530 2406 2602; x_wconf 85' lang='grc' dir='ltr'>δεύτερον</span> <span class='ocrx_word' id='word_1_557' title='bbox 2427 2531 2485 2586; x_wconf 82' lang='grc' dir='ltr'><strong>δὲ</strong></span> <span class='ocrx_word' id='word_1_558' title='bbox 2510 2531 2944 2603; x_wconf 82' lang='grc' dir='ltr'>ἀπολογούμενός</span> <span class='ocrx_word' id='word_1_559' title='bbox 2975 2549 3157 2603; x_wconf 86' lang='grc' dir='ltr'>φησιν·</span> <span class='ocrx_word' id='word_1_560' title='bbox 3184 2530 3284 2587; x_wconf 72' lang='grc' dir='ltr'>ατο</span> <span class='ocrx_word' id='word_1_561' title='bbox 3314 2536 3508 2607; x_wconf 78' lang='grc' dir='ltr'>Κύριε,</span> <span class='ocrx_word' id='word_1_562' title='bbox 3530 2539 3627 2607; x_wconf 86' lang='grc' dir='ltr'>οὐχ</span> <span class='ocrx_word' id='word_1_563' title='bbox 3650 2531 3745 2591; x_wconf 61' lang='lat'><strong>05‘-</strong></span> 
     </span>
    </p>
   </div>
   <div class='ocr_carea' id='block_1_72' title="bbox 2157 2624 3741 2699">
    <p class='ocr_par' dir='ltr' id='par_1_72' title="bbox 2157 2624 3741 2699">
     <span class='ocr_line' id='line_1_72' title="bbox 2157 2624 3741 2699; baseline 0.003 -20"><span class='ocrx_word' id='word_1_564' title='bbox 2157 2642 2239 2679; x_wconf 90' lang='grc' dir='ltr'><strong>τοι</strong></span> <span class='ocrx_word' id='word_1_565' title='bbox 2271 2626 2321 2679; x_wconf 86' lang='grc' dir='ltr'>οἱ</span> <span class='ocrx_word' id='word_1_566' title='bbox 2371 2624 2519 2695; x_wconf 87' lang='grc' dir='ltr'>λόγοι</span> <span class='ocrx_word' id='word_1_567' title='bbox 2560 2640 2684 2696; x_wconf 86' lang='grc' dir='ltr'>μου,</span> <span class='ocrx_word' id='word_1_568' title='bbox 2734 2626 2813 2679; x_wconf 74' lang='grc' dir='ltr'>ἔτι</span> <span class='ocrx_word' id='word_1_569' title='bbox 2843 2626 2995 2690; x_wconf 72' lang='grc' dir='ltr'>ὄντος</span> <span class='ocrx_word' id='word_1_570' title='bbox 3028 2644 3125 2697; x_wconf 90' lang='grc' dir='ltr'><strong>μου</strong></span> <span class='ocrx_word' id='word_1_571' title='bbox 3157 2629 3216 2681; x_wconf 84' lang='grc' dir='ltr'><strong>ἐν</strong></span> <span class='ocrx_word' id='word_1_572' title='bbox 3244 2630 3308 2698; x_wconf 80' lang='grc' dir='ltr'>τῇ</span> <span class='ocrx_word' id='word_1_573' title='bbox 3337 2631 3407 2699; x_wconf 82' lang='grc' dir='ltr'>γῇ</span> <span class='ocrx_word' id='word_1_574' title='bbox 3463 2647 3598 2699; x_wconf 91' lang='grc' dir='ltr'>μου;</span> <span class='ocrx_word' id='word_1_575' title='bbox 3643 2630 3741 2684; x_wconf 77' lang='grc' dir='ltr'>διὰ</span> 
     </span>
    </p>
   </div>
   <div class='ocr_carea' id='block_1_73' title="bbox 2157 2716 3739 2791">
    <p class='ocr_par' dir='ltr' id='par_1_73' title="bbox 2157 2716 3739 2791">
     <span class='ocr_line' id='line_1_73' title="bbox 2157 2716 3739 2791; baseline 0.002 -20"><span class='ocrx_word' id='word_1_576' title='bbox 2157 2716 2314 2773; x_wconf 74' lang='grc' dir='ltr'>τοῦτο</span> <span class='ocrx_word' id='word_1_577' title='bbox 2342 2717 2661 2789; x_wconf 87' lang='grc' dir='ltr'>προέφθασα</span> <span class='ocrx_word' id='word_1_578' title='bbox 2686 2717 2779 2771; x_wconf 85' lang='grc' dir='ltr'><strong>τοῦ</strong></span> <span class='ocrx_word' id='word_1_579' title='bbox 2812 2722 2999 2787; x_wconf 82' lang='grc' dir='ltr'>φυγεῖν</span> <span class='ocrx_word' id='word_1_580' title='bbox 3019 2722 3097 2781; x_wconf 85' lang='grc' dir='ltr'><strong>είς</strong></span> <span class='ocrx_word' id='word_1_581' title='bbox 3115 2720 3515 2791; x_wconf 73' lang='grc' dir='ltr'>Θαρσεῖς,’διότι</span> <span class='ocrx_word' id='word_1_582' title='bbox 3538 2722 3739 2791; x_wconf 82' lang='grc' dir='ltr'>ἔγνων,</span> 
     </span>
    </p>
   </div>
   <div class='ocr_carea' id='block_1_74' title="bbox 2157 2811 3744 2887">
    <p class='ocr_par' dir='ltr' id='par_1_74' title="bbox 2157 2811 3744 2887">
     <span class='ocr_line' id='line_1_74' title="bbox 2157 2811 3744 2887; baseline 0.003 -24"><span class='ocrx_word' id='word_1_583' title='bbox 2157 2812 2239 2864; x_wconf 83' lang='grc' dir='ltr'>ὅτι</span> <span class='ocrx_word' id='word_1_584' title='bbox 2269 2811 2332 2864; x_wconf 82' lang='grc' dir='ltr'><strong>σὺ</strong></span> <span class='ocrx_word' id='word_1_585' title='bbox 2362 2811 2606 2883; x_wconf 76' lang='grc' dir='ltr'>ἐλεήμων</span> <span class='ocrx_word' id='word_1_586' title='bbox 2628 2812 2721 2864; x_wconf 77' lang='grc' dir='ltr'><strong>καὶ</strong></span> <span class='ocrx_word' id='word_1_587' title='bbox 2754 2813 3070 2887; x_wconf 72' lang='grc' dir='ltr'>οξκτίρμων,</span> <span class='ocrx_word' id='word_1_588' title='bbox 3088 2814 3436 2885; x_wconf 84' lang='grc' dir='ltr'>μακρόθυμος</span> <span class='ocrx_word' id='word_1_589' title='bbox 3458 2816 3551 2868; x_wconf 78' lang='grc' dir='ltr'><strong>καὶ</strong></span> <span class='ocrx_word' id='word_1_590' title='bbox 3571 2815 3744 2868; x_wconf 85' lang='grc' dir='ltr'>πολυ-</span> 
     </span>
    </p>
   </div>
   <div class='ocr_carea' id='block_1_75' title="bbox 2159 2903 3741 2976">
    <p class='ocr_par' dir='ltr' id='par_1_75' title="bbox 2159 2903 3741 2976">
     <span class='ocr_line' id='line_1_75' title="bbox 2159 2903 3741 2976; baseline 0.003 -20"><span class='ocrx_word' id='word_1_591' title='bbox 2159 2903 2325 2967; x_wconf 88' lang='grc' dir='ltr'>έλεος,</span> <span class='ocrx_word' id='word_1_592' title='bbox 2370 2904 2463 2958; x_wconf 77' lang='grc' dir='ltr'><strong>καὶ</strong></span> <span class='ocrx_word' id='word_1_593' title='bbox 2503 2905 2778 2975; x_wconf 84' lang='grc' dir='ltr'>μετανοῶν</span> <span class='ocrx_word' id='word_1_594' title='bbox 2824 2906 2916 2958; x_wconf 81' lang='grc' dir='ltr'><strong>ἐπὶ</strong></span> <span class='ocrx_word' id='word_1_595' title='bbox 2961 2908 3081 2969; x_wconf 88' lang='grc' dir='ltr'>ταῖς</span> <span class='ocrx_word' id='word_1_596' title='bbox 3118 2906 3353 2970; x_wconf 87' lang='grc' dir='ltr'>κακίαις.</span> <span class='ocrx_word' id='word_1_597' title='bbox 3382 2908 3630 2976; x_wconf 80' lang='grc' dir='ltr'>»Ἔφυγε</span> <span class='ocrx_word' id='word_1_598' title='bbox 3675 2908 3741 2961; x_wconf 76' lang='grc' dir='ltr'>δὲ</span> 
     </span>
    </p>
   </div>
   <div class='ocr_carea' id='block_1_76' title="bbox 2171 2998 3740 3074">
    <p class='ocr_par' dir='ltr' id='par_1_76' title="bbox 2171 2998 3740 3074">
     <span class='ocr_line' id='line_1_76' title="bbox 2171 2998 3740 3074; baseline 0.002 -21"><span class='ocrx_word' id='word_1_599' title='bbox 2171 3000 2374 3064; x_wconf 80' lang='grc' dir='ltr'>Ἰωνᾶς,</span> <span class='ocrx_word' id='word_1_600' title='bbox 2400 3000 2497 3069; x_wconf 84' lang='grc' dir='ltr'><strong>οὐχ</strong></span> <span class='ocrx_word' id='word_1_601' title='bbox 2515 2998 2590 3062; x_wconf 85' lang='grc' dir='ltr'><strong>ὡς</strong></span> <span class='ocrx_word' id='word_1_602' title='bbox 2618 2999 2911 3068; x_wconf 81' lang='grc' dir='ltr'>ἀντιλέγων</span> <span class='ocrx_word' id='word_1_603' title='bbox 2939 3000 3016 3070; x_wconf 83' lang='grc' dir='ltr'>τῷ</span> <span class='ocrx_word' id='word_1_604' title='bbox 3045 3000 3163 3071; x_wconf 81' lang='grc' dir='ltr'><strong>Θεῷ</strong></span> <span class='ocrx_word' id='word_1_605' title='bbox 3180 3018 3195 3033; x_wconf 79' lang='grc' dir='ltr'><strong><em>ο</em></strong></span> <span class='ocrx_word' id='word_1_606' title='bbox 3221 3002 3316 3054; x_wconf 73' lang='grc' dir='ltr'><strong>καὶ</strong></span> <span class='ocrx_word' id='word_1_607' title='bbox 3344 3001 3613 3068; x_wconf 81' lang='grc' dir='ltr'>ἐλυπεῖτο,</span> <span class='ocrx_word' id='word_1_608' title='bbox 3634 3004 3740 3074; x_wconf 75' lang='grc' dir='ltr'><strong>οὐχ</strong></span> 
     </span>
    </p>
   </div>
   <div class='ocr_carea' id='block_1_77' title="bbox 2160 3082 3741 3166">
    <p class='ocr_par' dir='ltr' id='par_1_77' title="bbox 2160 3082 3741 3166">
     <span class='ocr_line' id='line_1_77' title="bbox 2160 3082 3741 3166; baseline 0 -19"><span class='ocrx_word' id='word_1_609' title='bbox 2160 3092 2237 3156; x_wconf 83' lang='grc' dir='ltr'>ὡς</span> <span class='ocrx_word' id='word_1_610' title='bbox 2258 3093 2349 3145; x_wconf 72' lang='grc' dir='ltr'><strong>ἐπὶ</strong></span> <span class='ocrx_word' id='word_1_611' title='bbox 2363 3095 2429 3164; x_wconf 81' lang='grc' dir='ltr'>τῇ</span> <span class='ocrx_word' id='word_1_612' title='bbox 2450 3091 2695 3164; x_wconf 69' lang='grc' dir='ltr'>ἀπωλείᾳ</span> <span class='ocrx_word' id='word_1_613' title='bbox 2711 3092 2819 3145; x_wconf 85' lang='grc' dir='ltr'><strong>τῶν</strong></span> <span class='ocrx_word' id='word_1_614' title='bbox 2844 3094 2891 3146; x_wconf 92' lang='grc' dir='ltr'><strong>Ν</strong></span> <span class='ocrx_word' id='word_1_615' title='bbox 2897 3093 3137 3146; x_wconf 85' lang='grc' dir='ltr'>ινευῖτῶν</span> <span class='ocrx_word' id='word_1_616' title='bbox 3158 3094 3363 3166; x_wconf 85' lang='grc' dir='ltr'>χαίρων</span> <span class='ocrx_word' id='word_1_617' title='bbox 3382 3111 3395 3124; x_wconf 91' lang='grc'><strong>·</strong></span> <span class='ocrx_word' id='word_1_618' title='bbox 3417 3094 3552 3148; x_wconf 87' lang='grc' dir='ltr'><strong>ἀλλά</strong></span> <span class='ocrx_word' id='word_1_619' title='bbox 3573 3082 3741 3148; x_wconf 86' lang='grc' dir='ltr'>τοῦτο</span> 
     </span>
    </p>
   </div>
   <div class='ocr_carea' id='block_1_78' title="bbox 2160 3183 3742 3259">
    <p class='ocr_par' dir='ltr' id='par_1_78' title="bbox 2160 3183 3742 3259">
     <span class='ocr_line' id='line_1_78' title="bbox 2160 3183 3742 3259; baseline 0.002 -23"><span class='ocrx_word' id='word_1_620' title='bbox 2160 3184 2331 3237; x_wconf 81' lang='grc' dir='ltr'>ἐποίει</span> <span class='ocrx_word' id='word_1_621' title='bbox 2360 3183 2446 3237; x_wconf 85' lang='grc' dir='ltr'>διὰ</span> <span class='ocrx_word' id='word_1_622' title='bbox 2471 3183 2571 3255; x_wconf 85' lang='grc' dir='ltr'>τὴν</span> <span class='ocrx_word' id='word_1_623' title='bbox 2601 3183 2898 3237; x_wconf 82' lang='grc' dir='ltr'>Νινευῖτῶν</span> <span class='ocrx_word' id='word_1_624' title='bbox 2930 3184 3273 3256; x_wconf 80' lang='grc' dir='ltr'>κηδεμονίαν.</span> <span class='ocrx_word' id='word_1_625' title='bbox 3318 3185 3591 3255; x_wconf 77' lang='grc' dir='ltr'>Ἐφοόεῖτο</span> <span class='ocrx_word' id='word_1_626' title='bbox 3624 3187 3742 3259; x_wconf 86' lang='grc' dir='ltr'><strong>γάρ</strong></span> 
     </span>
    </p>
   </div>
   <div class='ocr_carea' id='block_1_79' title="bbox 2162 3276 3745 3349">
    <p class='ocr_par' dir='ltr' id='par_1_79' title="bbox 2162 3276 3745 3349">
     <span class='ocr_line' id='line_1_79' title="bbox 2162 3276 3745 3349; baseline 0.001 -20"><span class='ocrx_word' id='word_1_627' title='bbox 2162 3276 2235 3349; x_wconf 82' lang='grc' dir='ltr'>μὴ</span> <span class='ocrx_word' id='word_1_628' title='bbox 2260 3277 2512 3340; x_wconf 76' lang='grc' dir='ltr'>ἀϐέϐαιος</span> <span class='ocrx_word' id='word_1_629' title='bbox 2550 3279 2680 3348; x_wconf 80' lang='grc' dir='ltr'>παρ’</span> <span class='ocrx_word' id='word_1_630' title='bbox 2696 3278 2878 3341; x_wconf 84' lang='grc' dir='ltr'>αὐτοῖς</span> <span class='ocrx_word' id='word_1_631' title='bbox 2910 3277 3158 3348; x_wconf 83' lang='grc' dir='ltr'>νομισθῇ,</span> <span class='ocrx_word' id='word_1_632' title='bbox 3196 3279 3288 3332; x_wconf 76' lang='grc' dir='ltr'><strong>καὶ</strong></span> <span class='ocrx_word' id='word_1_633' title='bbox 3320 3278 3504 3333; x_wconf 77' lang='grc' dir='ltr'>λοιπὸν</span> <span class='ocrx_word' id='word_1_634' title='bbox 3526 3278 3745 3349; x_wconf 78' lang='grc' dir='ltr'>ἄρξων-</span> 
     </span>
    </p>
   </div>
   <div class='ocr_carea' id='block_1_80' title="bbox 2156 3361 3742 3433">
    <p class='ocr_par' dir='ltr' id='par_1_80' title="bbox 2156 3361 3742 3433">
     <span class='ocr_line' id='line_1_80' title="bbox 2156 3361 3742 3433; baseline 0.001 -20"><span class='ocrx_word' id='word_1_635' title='bbox 2156 3379 2247 3414; x_wconf 87' lang='grc' dir='ltr'><strong>ται</strong></span> <span class='ocrx_word' id='word_1_636' title='bbox 2277 3361 2388 3433; x_wconf 88' lang='grc'>(29)</span> <span class='ocrx_word' id='word_1_637' title='bbox 2430 3361 2626 3432; x_wconf 83' lang='grc' dir='ltr'>μηκέτι</span> <span class='ocrx_word' id='word_1_638' title='bbox 2655 3363 2961 3433; x_wconf 78' lang='grc' dir='ltr'>προφήταις</span> <span class='ocrx_word' id='word_1_639' title='bbox 2995 3361 3287 3425; x_wconf 81' lang='grc' dir='ltr'>πιστεύειν,</span> <span class='ocrx_word' id='word_1_640' title='bbox 3329 3363 3463 3417; x_wconf 87' lang='grc' dir='ltr'><strong>ἀλλά</strong></span> <span class='ocrx_word' id='word_1_641' title='bbox 3505 3363 3742 3429; x_wconf 82' lang='grc' dir='ltr'>ἄπιστος</span> 
     </span>
    </p>
   </div>
   <div class='ocr_carea' id='block_1_81' title="bbox 2158 3450 3743 3525">
    <p class='ocr_par' dir='ltr' id='par_1_81' title="bbox 2158 3450 3743 3525">
     <span class='ocr_line' id='line_1_81' title="bbox 2158 3450 3743 3525; baseline 0.002 -19"><span class='ocrx_word' id='word_1_642' title='bbox 2158 3453 2483 3525; x_wconf 85' lang='grc' dir='ltr'>παράὐτοῖς</span> <span class='ocrx_word' id='word_1_643' title='bbox 2512 3453 2541 3504; x_wconf 94' lang='lat'><strong>6</strong></span> <span class='ocrx_word' id='word_1_644' title='bbox 2582 3452 2917 3524; x_wconf 82' lang='grc' dir='ltr'>προφητικὸς</span> <span class='ocrx_word' id='word_1_645' title='bbox 2952 3450 3108 3520; x_wconf 89' lang='grc' dir='ltr'>λόγος</span> <span class='ocrx_word' id='word_1_646' title='bbox 3151 3453 3395 3524; x_wconf 88' lang='grc' dir='ltr'>γένηται.</span> <span class='ocrx_word' id='word_1_647' title='bbox 3449 3453 3546 3507; x_wconf 84' lang='grc' dir='ltr'>Διά</span> <span class='ocrx_word' id='word_1_648' title='bbox 3576 3454 3743 3509; x_wconf 86' lang='grc' dir='ltr'>τοῦτο</span> 
     </span>
    </p>
   </div>
   <div class='ocr_carea' id='block_1_82' title="bbox 2157 3546 3739 3619">
    <p class='ocr_par' dir='ltr' id='par_1_82' title="bbox 2157 3546 3739 3619">
     <span class='ocr_line' id='line_1_82' title="bbox 2157 3546 3739 3619; baseline 0.002 -20"><span class='ocrx_word' id='word_1_649' title='bbox 2157 3546 2287 3615; x_wconf 90' lang='grc' dir='ltr'>γοῦν</span> <span class='ocrx_word' id='word_1_650' title='bbox 2314 3548 2405 3599; x_wconf 76' lang='grc' dir='ltr'>καὶ</span> <span class='ocrx_word' id='word_1_651' title='bbox 2433 3546 2535 3616; x_wconf 53' lang='lat' dir='ltr'><strong>nos</strong></span> <span class='ocrx_word' id='word_1_652' title='bbox 2544 3563 2736 3617; x_wconf 87' lang='grc' dir='ltr'>μησεν,</span> <span class='ocrx_word' id='word_1_653' title='bbox 2772 3546 2859 3600; x_wconf 85' lang='grc' dir='ltr'><strong>ἵνα</strong></span> <span class='ocrx_word' id='word_1_654' title='bbox 2881 3547 3106 3618; x_wconf 80' lang='grc' dir='ltr'>ἐλεγχθῇ</span> <span class='ocrx_word' id='word_1_655' title='bbox 3135 3546 3285 3619; x_wconf 81' lang='grc' dir='ltr'>παρὰ</span> <span class='ocrx_word' id='word_1_656' title='bbox 3313 3548 3404 3601; x_wconf 87' lang='grc' dir='ltr'><strong>τοῦ</strong></span> <span class='ocrx_word' id='word_1_657' title='bbox 3441 3550 3739 3613; x_wconf 86' lang='grc' dir='ltr'>Δεσπότου,</span> 
     </span>
    </p>
   </div>
   <div class='ocr_carea' id='block_1_83' title="bbox 2158 3638 3741 3712">
    <p class='ocr_par' dir='ltr' id='par_1_83' title="bbox 2158 3638 3741 3712">
     <span class='ocr_line' id='line_1_83' title="bbox 2158 3638 3741 3712; baseline 0.003 -19"><span class='ocrx_word' id='word_1_658' title='bbox 2158 3640 2252 3693; x_wconf 74' lang='grc' dir='ltr'><strong>καὶ</strong></span> <span class='ocrx_word' id='word_1_659' title='bbox 2282 3638 2514 3711; x_wconf 81' lang='grc' dir='ltr'>φανερὸν</span> <span class='ocrx_word' id='word_1_660' title='bbox 2530 3643 2641 3703; x_wconf 88' lang='grc' dir='ltr'>τοῖς</span> <span class='ocrx_word' id='word_1_661' title='bbox 2661 3641 2965 3705; x_wconf 77' lang='grc' dir='ltr'>Νινευῖταις</span> <span class='ocrx_word' id='word_1_662' title='bbox 2998 3642 3113 3694; x_wconf 85' lang='grc' dir='ltr'>ἐκεῖ</span> <span class='ocrx_word' id='word_1_663' title='bbox 3134 3642 3267 3694; x_wconf 80' lang='grc' dir='ltr'>πᾶσι</span> <span class='ocrx_word' id='word_1_664' title='bbox 3294 3641 3537 3712; x_wconf 85' lang='grc' dir='ltr'>γένηται,</span> <span class='ocrx_word' id='word_1_665' title='bbox 3560 3643 3644 3695; x_wconf 86' lang='grc' dir='ltr'><strong>ὃτι</strong></span> <span class='ocrx_word' id='word_1_666' title='bbox 3672 3643 3741 3697; x_wconf 73' lang='grc' dir='ltr'><strong>οὐ</strong></span> 
     </span>
    </p>
   </div>
   <div class='ocr_carea' id='block_1_84' title="bbox 2155 3732 3743 3806">
    <p class='ocr_par' dir='ltr' id='par_1_84' title="bbox 2155 3732 3743 3806">
     <span class='ocr_line' id='line_1_84' title="bbox 2155 3732 3743 3806; baseline 0.002 -20"><span class='ocrx_word' id='word_1_667' title='bbox 2155 3733 2243 3787; x_wconf 82' lang='grc' dir='ltr'><strong>διὰ</strong></span> <span class='ocrx_word' id='word_1_668' title='bbox 2270 3733 2331 3787; x_wconf 82' lang='grc' dir='ltr'><strong>τό</strong></span> <span class='ocrx_word' id='word_1_669' title='bbox 2360 3733 2664 3803; x_wconf 68' lang='grc' dir='ltr'>ψεύσασθαι</span> <span class='ocrx_word' id='word_1_670' title='bbox 2684 3734 2773 3786; x_wconf 76' lang='grc' dir='ltr'><strong>τὸν</strong></span> <span class='ocrx_word' id='word_1_671' title='bbox 2802 3732 3085 3805; x_wconf 74' lang='grc' dir='ltr'>προφήτην</span> <span class='ocrx_word' id='word_1_672' title='bbox 3106 3735 3238 3806; x_wconf 75' lang='lat'><strong>(50),</strong></span> <span class='ocrx_word' id='word_1_673' title='bbox 3256 3735 3390 3789; x_wconf 85' lang='grc' dir='ltr'>ἀλλὰ</span> <span class='ocrx_word' id='word_1_674' title='bbox 3421 3735 3508 3789; x_wconf 85' lang='grc' dir='ltr'><strong>διὰ</strong></span> <span class='ocrx_word' id='word_1_675' title='bbox 3542 3735 3743 3803; x_wconf 61' lang='grc' dir='ltr'>φιλανά</span> 
     </span>
    </p>
   </div>
   <div class='ocr_carea' id='block_1_85' title="bbox 2157 3824 3745 3899">
    <p class='ocr_par' dir='ltr' id='par_1_85' title="bbox 2157 3824 3745 3899">
     <span class='ocr_line' id='line_1_85' title="bbox 2157 3824 3745 3899; baseline 0.002 -21"><span class='ocrx_word' id='word_1_676' title='bbox 2157 3824 2403 3897; x_wconf 82' lang='grc' dir='ltr'>θρωπίαν</span> <span class='ocrx_word' id='word_1_677' title='bbox 2422 3825 2515 3878; x_wconf 88' lang='grc' dir='ltr'><strong>τοῦ</strong></span> <span class='ocrx_word' id='word_1_678' title='bbox 2536 3825 2669 3878; x_wconf 86' lang='grc' dir='ltr'>Θεοῦ</span> <span class='ocrx_word' id='word_1_679' title='bbox 2690 3824 3101 3897; x_wconf 80' lang='grc' dir='ltr'>συγκεχώρηται</span> <span class='ocrx_word' id='word_1_680' title='bbox 3115 3830 3225 3888; x_wconf 89' lang='grc' dir='ltr'>τοῖς</span> <span class='ocrx_word' id='word_1_681' title='bbox 3241 3827 3745 3899; x_wconf 77' lang='grc' dir='ltr'>Νινευῒταις.”ῌδει</span> 
     </span>
    </p>
   </div>
   <div class='ocr_carea' id='block_1_86' title="bbox 2158 3916 3740 3989">
    <p class='ocr_par' dir='ltr' id='par_1_86' title="bbox 2158 3916 3740 3989">
     <span class='ocr_line' id='line_1_86' title="bbox 2158 3916 3740 3989; baseline 0 -18"><span class='ocrx_word' id='word_1_682' title='bbox 2158 3917 2270 3989; x_wconf 86' lang='grc' dir='ltr'>γὰρ</span> <span class='ocrx_word' id='word_1_683' title='bbox 2287 3920 2343 3970; x_wconf 90' lang='grc' dir='ltr'><strong>ἐν</strong></span> <span class='ocrx_word' id='word_1_684' title='bbox 2359 3920 2424 3989; x_wconf 80' lang='grc' dir='ltr'>τῇ</span> <span class='ocrx_word' id='word_1_685' title='bbox 2447 3936 2465 3968; x_wconf 81' lang='lat' dir='ltr'><strong>r</strong></span> <span class='ocrx_word' id='word_1_686' title='bbox 2488 3916 2568 3971; x_wconf 84' lang='grc' dir='ltr'>ἔτι</span> <span class='ocrx_word' id='word_1_687' title='bbox 2600 3938 2617 3969; x_wconf 78' lang='grc' dir='ltr'><strong>ι</strong></span> <span class='ocrx_word' id='word_1_688' title='bbox 2632 3916 2775 3983; x_wconf 81' lang='grc' dir='ltr'>λέξει</span> <span class='ocrx_word' id='word_1_689' title='bbox 2790 3916 3191 3988; x_wconf 84' lang='grc' dir='ltr'>σημαινομένην</span> <span class='ocrx_word' id='word_1_690' title='bbox 3206 3917 3583 3988; x_wconf 86' lang='grc' dir='ltr'>μακροθυμίαν</span> <span class='ocrx_word' id='word_1_691' title='bbox 3594 3917 3680 3989; x_wconf 76' lang='grc'><strong>(51</strong></span> 
     </span>
    </p>
   </div>
   <div class='ocr_carea' id='block_1_87' title="bbox 2157 4009 3746 4082">
    <p class='ocr_par' dir='ltr' id='par_1_87' title="bbox 2157 4009 3746 4082">
     <span class='ocr_line' id='line_1_87' title="bbox 2157 4009 3746 4082; baseline -0.002 -17"><span class='ocrx_word' id='word_1_692' title='bbox 2157 4012 2270 4065; x_wconf 72' lang='grc' dir='ltr'><strong>Καὶ</strong></span> <span class='ocrx_word' id='word_1_693' title='bbox 2294 4011 2451 4064; x_wconf 84' lang='grc' dir='ltr'>τοῦτο</span> <span class='ocrx_word' id='word_1_694' title='bbox 2472 4012 2568 4082; x_wconf 79' lang='grc' dir='ltr'>τῆς</span> <span class='ocrx_word' id='word_1_695' title='bbox 2596 4010 2747 4073; x_wconf 85' lang='grc' dir='ltr'>θείας</span> <span class='ocrx_word' id='word_1_696' title='bbox 2772 4011 2993 4081; x_wconf 75' lang='grc' dir='ltr'>Γραφῆς</span> <span class='ocrx_word' id='word_1_697' title='bbox 3028 4011 3140 4062; x_wconf 85' lang='grc' dir='ltr'>ἐστι</span> <span class='ocrx_word' id='word_1_698' title='bbox 3166 4010 3227 4062; x_wconf 83' lang='grc' dir='ltr'>τὸ</span> <span class='ocrx_word' id='word_1_699' title='bbox 3253 4009 3394 4073; x_wconf 81' lang='grc' dir='ltr'>ἔθος.</span> <span class='ocrx_word' id='word_1_700' title='bbox 3431 4010 3600 4063; x_wconf 85' lang='grc' dir='ltr'>Ὅταν</span> <span class='ocrx_word' id='word_1_701' title='bbox 3625 4009 3746 4081; x_wconf 79' lang='grc' dir='ltr'>γὰρ</span> 
     </span>
    </p>
   </div>
   <div class='ocr_carea' id='block_1_88' title="bbox 2156 4094 3747 4176">
    <p class='ocr_par' dir='ltr' id='par_1_88' title="bbox 2156 4094 3747 4176">
     <span class='ocr_line' id='line_1_88' title="bbox 2156 4094 3747 4176; baseline -0.001 -19"><span class='ocrx_word' id='word_1_702' title='bbox 2156 4102 2256 4176; x_wconf 82' lang='grc' dir='ltr'>τὴν</span> <span class='ocrx_word' id='word_1_703' title='bbox 2279 4096 2470 4157; x_wconf 84' lang='grc' dir='ltr'>ἐαυτοῦ</span> <span class='ocrx_word' id='word_1_704' title='bbox 2504 4094 2882 4175; x_wconf 84' lang='grc' dir='ltr'>μακροθυμίαν</span> <span class='ocrx_word' id='word_1_705' title='bbox 2920 4101 3201 4172; x_wconf 82' lang='grc' dir='ltr'>σημαίνειν</span> <span class='ocrx_word' id='word_1_706' title='bbox 3234 4102 3395 4175; x_wconf 83' lang='grc' dir='ltr'>ἐθέλῃ</span> <span class='ocrx_word' id='word_1_707' title='bbox 3417 4104 3445 4155; x_wconf 94' lang='lat'><strong>6</strong></span> <span class='ocrx_word' id='word_1_708' title='bbox 3472 4103 3625 4168; x_wconf 83' lang='grc' dir='ltr'>Θεὸς,</span> <span class='ocrx_word' id='word_1_709' title='bbox 3644 4103 3747 4157; x_wconf 77' lang='grc' dir='ltr'>διὰ</span> 
     </span>
    </p>
   </div>
   <div class='ocr_carea' id='block_1_89' title="bbox 2157 4194 3748 4267">
    <p class='ocr_par' dir='ltr' id='par_1_89' title="bbox 2157 4194 3748 4267">
     <span class='ocr_line' id='line_1_89' title="bbox 2157 4194 3748 4267; baseline 0.001 -18"><span class='ocrx_word' id='word_1_710' title='bbox 2157 4198 2257 4267; x_wconf 82' lang='grc' dir='ltr'>τῆς</span> <span class='ocrx_word' id='word_1_711' title='bbox 2278 4196 2477 4263; x_wconf 81' lang='grc' dir='ltr'>λέξεως</span> <span class='ocrx_word' id='word_1_712' title='bbox 2502 4196 2624 4267; x_wconf 82' lang='grc' dir='ltr'>τῆς,</span> <span class='ocrx_word' id='word_1_713' title='bbox 2658 4214 2677 4247; x_wconf 79' lang='grc' dir='ltr'><strong>ι</strong></span> <span class='ocrx_word' id='word_1_714' title='bbox 2714 4196 2815 4259; x_wconf 77' lang='grc' dir='ltr'>ἔτι,</span> <span class='ocrx_word' id='word_1_715' title='bbox 2857 4215 2874 4246; x_wconf 80' lang='grc' dir='ltr'><strong>ι</strong></span> <span class='ocrx_word' id='word_1_716' title='bbox 2908 4194 3110 4266; x_wconf 86' lang='grc' dir='ltr'>ταύτην</span> <span class='ocrx_word' id='word_1_717' title='bbox 3140 4194 3501 4263; x_wconf 65' lang='grc' dir='ltr'>ἀπαγγέλλειδ</span> <span class='ocrx_word' id='word_1_718' title='bbox 3525 4194 3601 4259; x_wconf 85' lang='grc' dir='ltr'>ὡς</span> <span class='ocrx_word' id='word_1_719' title='bbox 3636 4194 3748 4250; x_wconf 77' lang='grc' dir='ltr'>ἐὰν</span> 
     </span>
    </p>
   </div>
   <div class='ocr_carea' id='block_1_90' title="bbox 2158 4282 3749 4362">
    <p class='ocr_par' dir='ltr' id='par_1_90' title="bbox 2158 4282 3749 4362">
     <span class='ocr_line' id='line_1_90' title="bbox 2158 4282 3749 4362; baseline 0.001 -20"><span class='ocrx_word' id='word_1_720' title='bbox 2158 4289 2294 4362; x_wconf 81' lang='grc' dir='ltr'>λέγῃ</span> <span class='ocrx_word' id='word_1_721' title='bbox 2329 4289 2417 4342; x_wconf 83' lang='grc' dir='ltr'><strong>διὰ</strong></span> <span class='ocrx_word' id='word_1_722' title='bbox 2448 4290 2547 4362; x_wconf 85' lang='grc' dir='ltr'><strong>μὲν</strong></span> <span class='ocrx_word' id='word_1_723' title='bbox 2575 4290 2670 4343; x_wconf 90' lang='grc' dir='ltr'><strong>τοῦ</strong></span> <span class='ocrx_word' id='word_1_724' title='bbox 2701 4282 2922 4342; x_wconf 78' lang='grc' dir='ltr'>Ἡσαΐου</span> <span class='ocrx_word' id='word_1_725' title='bbox 2948 4306 2961 4319; x_wconf 90' lang='grc'><strong>·</strong></span> <span class='ocrx_word' id='word_1_726' title='bbox 2999 4307 3018 4340; x_wconf 75' lang='grc' dir='ltr'><strong>ι</strong></span> <span class='ocrx_word' id='word_1_727' title='bbox 3055 4288 3120 4341; x_wconf 90' lang='grc' dir='ltr'>Τί</span> <span class='ocrx_word' id='word_1_728' title='bbox 3165 4287 3246 4341; x_wconf 77' lang='grc' dir='ltr'><strong>ἔτι</strong></span> <span class='ocrx_word' id='word_1_729' title='bbox 3275 4290 3486 4357; x_wconf 82' lang='grc' dir='ltr'>ποιήσω</span> <span class='ocrx_word' id='word_1_730' title='bbox 3515 4288 3592 4359; x_wconf 81' lang='grc' dir='ltr'>τῷ</span> <span class='ocrx_word' id='word_1_731' title='bbox 3628 4290 3749 4360; x_wconf 89' lang='grc' dir='ltr'>ἀμ-</span> 
     </span>
    </p>
   </div>
   <div class='ocr_carea' id='block_1_91' title="bbox 2159 4374 3747 4452">
    <p class='ocr_par' dir='ltr' id='par_1_91' title="bbox 2159 4374 3747 4452">
     <span class='ocr_line' id='line_1_91' title="bbox 2159 4374 3747 4452; baseline 0.001 -19"><span class='ocrx_word' id='word_1_732' title='bbox 2159 4380 2361 4434; x_wconf 82' lang='grc' dir='ltr'>πελῶνί</span> <span class='ocrx_word' id='word_1_733' title='bbox 2406 4399 2529 4452; x_wconf 89' lang='grc' dir='ltr'>μου,</span> <span class='ocrx_word' id='word_1_734' title='bbox 2555 4382 2649 4434; x_wconf 80' lang='grc' dir='ltr'><strong>καὶ</strong></span> <span class='ocrx_word' id='word_1_735' title='bbox 2678 4382 2777 4434; x_wconf 79' lang='grc' dir='ltr'><strong>οὐκ</strong></span> <span class='ocrx_word' id='word_1_736' title='bbox 2804 4379 3037 4450; x_wconf 85' lang='grc' dir='ltr'>ἐποίησα</span> <span class='ocrx_word' id='word_1_737' title='bbox 3062 4379 3206 4451; x_wconf 78' lang='grc'>(³52);</span> <span class='ocrx_word' id='word_1_738' title='bbox 3245 4398 3264 4431; x_wconf 75' lang='grc' dir='ltr'><strong>ι</strong></span> <span class='ocrx_word' id='word_1_739' title='bbox 3311 4380 3399 4433; x_wconf 81' lang='grc' dir='ltr'><strong>διὰ</strong></span> <span class='ocrx_word' id='word_1_740' title='bbox 3429 4379 3486 4433; x_wconf 82' lang='grc' dir='ltr'><strong>δὲ</strong></span> <span class='ocrx_word' id='word_1_741' title='bbox 3510 4380 3605 4432; x_wconf 90' lang='grc' dir='ltr'><strong>τοῦ</strong></span> <span class='ocrx_word' id='word_1_742' title='bbox 3637 4374 3747 4435; x_wconf 81' lang='grc' dir='ltr'><strong>Ἱε-</strong></span> 
     </span>
    </p>
   </div>
   <div class='ocr_carea' id='block_1_92' title="bbox 478 4468 2050 4553">
    <p class='ocr_par' dir='ltr' id='par_1_92' title="bbox 478 4468 2050 4544">
     <span class='ocr_line' id='line_1_92' title="bbox 478 4468 2050 4544; baseline 0.003 -23"><span class='ocrx_word' id='word_1_743' title='bbox 478 4482 577 4537; x_wconf 87' lang='lat' dir='ltr'><strong>per</strong></span> <span class='ocrx_word' id='word_1_744' title='bbox 612 4468 901 4523; x_wconf 83' lang='lat' dir='ltr'><strong>Jeremiam</strong></span> <span class='ocrx_word' id='word_1_745' title='bbox 941 4484 1072 4524; x_wconf 80' lang='lat' dir='ltr'><strong>vero</strong></span> <span class='ocrx_word' id='word_1_746' title='bbox 1108 4487 1121 4522; x_wconf 91' lang='lat'><strong>:</strong></span> <span class='ocrx_word' id='word_1_747' title='bbox 1158 4486 1178 4518; x_wconf 75' lang='grc' dir='ltr'><strong>ι</strong></span> <span class='ocrx_word' id='word_1_748' title='bbox 1218 4468 1345 4524; x_wconf 90' lang='lat' dir='ltr'><strong>Ideo</strong></span> <span class='ocrx_word' id='word_1_749' title='bbox 1380 4469 1560 4523; x_wconf 89' lang='lat' dir='ltr'><strong>adhuc</strong></span> <span class='ocrx_word' id='word_1_750' title='bbox 1598 4472 1931 4544; x_wconf 77' lang='lat' dir='ltr'><strong>contendam</strong></span> <span class='ocrx_word' id='word_1_751' title='bbox 1956 4486 2050 4526; x_wconf 84' lang='lat' dir='ltr'><strong>vo-</strong></span> 
     </span>
    </p>
   </div>
   <div class='ocr_carea' id='block_1_93' title="bbox 2160 4468 3748 4553">
    <p class='ocr_par' dir='ltr' id='par_1_93' title="bbox 2162 4471 3748 4551">
     <span class='ocr_line' id='line_1_93' title="bbox 2162 4471 3748 4551; baseline -0.001 -21"><span class='ocrx_word' id='word_1_752' title='bbox 2162 4476 2354 4551; x_wconf 91' lang='grc' dir='ltr'>ρεμίου</span> <span class='ocrx_word' id='word_1_753' title='bbox 2372 4492 2387 4505; x_wconf 74' lang='grc' dir='ltr'><strong>ο</strong></span> <span class='ocrx_word' id='word_1_754' title='bbox 2418 4496 2435 4527; x_wconf 86' lang='grc'><em>‹</em></span> <span class='ocrx_word' id='word_1_755' title='bbox 2458 4476 2556 4529; x_wconf 80' lang='grc' dir='ltr'><strong>Διὰ</strong></span> <span class='ocrx_word' id='word_1_756' title='bbox 2584 4476 2742 4529; x_wconf 88' lang='grc' dir='ltr'>τοῦτο</span> <span class='ocrx_word' id='word_1_757' title='bbox 2776 4475 2853 4528; x_wconf 80' lang='grc' dir='ltr'><strong>ἔτι</strong></span> <span class='ocrx_word' id='word_1_758' title='bbox 2877 4474 3209 4547; x_wconf 79' lang='grc' dir='ltr'>κριθήσομαι</span> <span class='ocrx_word' id='word_1_759' title='bbox 3236 4472 3375 4547; x_wconf 81' lang='grc' dir='ltr'>πρὸς</span> <span class='ocrx_word' id='word_1_760' title='bbox 3393 4476 3557 4545; x_wconf 80' lang='grc' dir='ltr'>ὑμᾶς,</span> <span class='ocrx_word' id='word_1_761' title='bbox 3586 4471 3748 4543; x_wconf 77' lang='grc' dir='ltr'>λέγει</span> 
     </span>
    </p>
   </div>
   <div class='ocr_carea' id='block_1_94' title="bbox 479 4552 2042 4631">
    <p class='ocr_par' dir='ltr' id='par_1_94' title="bbox 479 4552 2042 4631">
     <span class='ocr_line' id='line_1_94' title="bbox 479 4552 2042 4631; baseline -0.001 -14"><span class='ocrx_word' id='word_1_762' title='bbox 479 4561 692 4619; x_wconf 82' lang='lat' dir='ltr'><strong>hiscum</strong></span> <span class='ocrx_word' id='word_1_763' title='bbox 722 4562 775 4615; x_wconf 93' lang='lat' dir='ltr'><strong>in</strong></span> <span class='ocrx_word' id='word_1_764' title='bbox 800 4556 1031 4631; x_wconf 80' lang='lat' dir='ltr'><strong>judicio,</strong></span> <span class='ocrx_word' id='word_1_765' title='bbox 1054 4561 1186 4617; x_wconf 89' lang='lat' dir='ltr'><strong>dicit</strong></span> <span class='ocrx_word' id='word_1_766' title='bbox 1204 4562 1467 4619; x_wconf 91' lang='lat' dir='ltr'><strong>Dominus</strong></span> <span class='ocrx_word' id='word_1_767' title='bbox 1484 4556 1548 4615; x_wconf 78' lang='grc'><strong>³⁸.</strong></span> <span class='ocrx_word' id='word_1_768' title='bbox 1577 4582 1595 4614; x_wconf 77' lang='grc' dir='ltr'><strong>ι</strong></span> <span class='ocrx_word' id='word_1_769' title='bbox 1634 4552 1811 4619; x_wconf 69' lang='lat' dir='ltr'><strong>Verbo</strong></span> <span class='ocrx_word' id='word_1_770' title='bbox 1838 4571 2042 4630; x_wconf 86' lang='lat' dir='ltr'><strong>autem,</strong></span> 
     </span>
    </p>
   </div>
   <div class='ocr_carea' id='block_1_95' title="bbox 2153 4567 3746 4643">
    <p class='ocr_par' dir='ltr' id='par_1_95' title="bbox 2153 4567 3746 4643">
     <span class='ocr_line' id='line_1_95' title="bbox 2153 4567 3746 4643; baseline -0.003 -18"><span class='ocrx_word' id='word_1_771' title='bbox 2153 4571 2379 4643; x_wconf 82' lang='grc' dir='ltr'>Κύριος.</span> <span class='ocrx_word' id='word_1_772' title='bbox 2417 4589 2436 4621; x_wconf 73' lang='grc' dir='ltr'><strong>ι</strong></span> <span class='ocrx_word' id='word_1_773' title='bbox 2466 4571 2555 4623; x_wconf 85' lang='grc' dir='ltr'><strong>Ἐν</strong></span> <span class='ocrx_word' id='word_1_774' title='bbox 2586 4568 2740 4639; x_wconf 85' lang='grc' dir='ltr'>δέτῷ</span> <span class='ocrx_word' id='word_1_775' title='bbox 2766 4568 2965 4637; x_wconf 87' lang='grc' dir='ltr'>λέγειν,</span> <span class='ocrx_word' id='word_1_776' title='bbox 3000 4589 3017 4618; x_wconf 77' lang='grc' dir='ltr'><strong>ι</strong></span> <span class='ocrx_word' id='word_1_777' title='bbox 3041 4567 3142 4631; x_wconf 82' lang='grc' dir='ltr'>ἐτι,</span> <span class='ocrx_word' id='word_1_778' title='bbox 3177 4589 3196 4621; x_wconf 80' lang='grc' dir='ltr'><strong>ι</strong></span> <span class='ocrx_word' id='word_1_779' title='bbox 3217 4567 3456 4622; x_wconf 88' lang='grc' dir='ltr'>δείκνυσι</span> <span class='ocrx_word' id='word_1_780' title='bbox 3486 4569 3585 4640; x_wconf 83' lang='grc' dir='ltr'>τὴν</span> <span class='ocrx_word' id='word_1_781' title='bbox 3607 4567 3746 4622; x_wconf 83' lang='grc' dir='ltr'>ἐαυ-</span> 
     </span>
    </p>
   </div>
   <div class='ocr_carea' id='block_1_96' title="bbox 552 4735 2050 4809">
    <p class='ocr_par' dir='ltr' id='par_1_96' title="bbox 552 4735 1987 4809">
     <span class='ocr_line' id='line_1_96' title="bbox 552 4735 1987 4809; baseline 0.007 -19"><span class='ocrx_word' id='word_1_782' title='bbox 552 4739 594 4771; x_wconf 82' lang='grc'><strong>⁸¹</strong></span> <span class='ocrx_word' id='word_1_783' title='bbox 634 4736 771 4794; x_wconf 91' lang='lat' dir='ltr'><strong>Dan.</strong></span> <span class='ocrx_word' id='word_1_784' title='bbox 804 4755 937 4803; x_wconf 80' lang='lat' dir='ltr'><strong>xm,</strong></span> <span class='ocrx_word' id='word_1_785' title='bbox 972 4738 1063 4794; x_wconf 75' lang='grc'><strong>42.</strong></span> <span class='ocrx_word' id='word_1_786' title='bbox 1139 4738 1185 4771; x_wconf 85' lang='grc'>³³</span> <span class='ocrx_word' id='word_1_787' title='bbox 1222 4735 1345 4795; x_wconf 81' lang='lat' dir='ltr'><strong>Jon.</strong></span> <span class='ocrx_word' id='word_1_788' title='bbox 1383 4753 1458 4805; x_wconf 82' lang='lat' dir='ltr'><strong>tv,</strong></span> <span class='ocrx_word' id='word_1_789' title='bbox 1490 4739 1546 4797; x_wconf 82' lang='lat'><strong>2.</strong></span> <span class='ocrx_word' id='word_1_790' title='bbox 1624 4738 1669 4773; x_wconf 73' lang='grc'>³⁵</span> <span class='ocrx_word' id='word_1_791' title='bbox 1707 4741 1813 4796; x_wconf 84' lang='lat' dir='ltr'><strong>lsa.</strong></span> <span class='ocrx_word' id='word_1_792' title='bbox 1843 4759 1896 4809; x_wconf 81' lang='grc' dir='ltr'><strong>ν,</strong></span> <span class='ocrx_word' id='word_1_793' title='bbox 1930 4739 1987 4800; x_wconf 69' lang='grc' dir='ltr'>ι.</span> 
     </span>
    </p>
   </div>
   <div class='ocr_carea' id='block_1_97' title="bbox 2160 4735 2544 4809">
    <p class='ocr_par' dir='ltr' id='par_1_97' title="bbox 2160 4741 2544 4807">
     <span class='ocr_line' id='line_1_97' title="bbox 2160 4741 2544 4807; baseline 0 -9"><span class='ocrx_word' id='word_1_794' title='bbox 2160 4741 2342 4799; x_wconf 81' lang='lat' dir='ltr'><strong>Ieretn.</strong></span> <span class='ocrx_word' id='word_1_795' title='bbox 2384 4760 2420 4798; x_wconf 91' lang='grc' dir='ltr'><strong>ιι</strong></span> <span class='ocrx_word' id='word_1_796' title='bbox 2444 4780 2459 4807; x_wconf 86' lang='grc'><strong>,</strong></span> <span class='ocrx_word' id='word_1_797' title='bbox 2494 4744 2544 4799; x_wconf 85' lang='lat'><strong>9.</strong></span> 
     </span>
    </p>
   </div>
   <div class='ocr_carea' id='block_1_98' title="bbox 553 4912 2051 4989">
    <p class='ocr_par' dir='ltr' id='par_1_98' title="bbox 553 4912 2051 4989">
     <span class='ocr_line' id='line_1_98' title="bbox 553 4912 2051 4989; baseline 0.004 -20"><span class='ocrx_word' id='word_1_798' title='bbox 553 4914 665 4987; x_wconf 78' lang='grc'>(26)</span> <span class='ocrx_word' id='word_1_799' title='bbox 707 4914 1033 4989; x_wconf 87' lang='lat' dir='ltr'><strong>Basiliensis</strong></span> <span class='ocrx_word' id='word_1_800' title='bbox 1084 4923 1139 4989; x_wconf 72' lang='lat' dir='ltr'><strong>et</strong></span> <span class='ocrx_word' id='word_1_801' title='bbox 1195 4914 1413 4989; x_wconf 79' lang='lat' dir='ltr'><strong>Anglic.</strong></span> <span class='ocrx_word' id='word_1_802' title='bbox 1458 4912 1671 4989; x_wconf 75' lang='grc' dir='ltr'>ἔϐλεψε.</span> <span class='ocrx_word' id='word_1_803' title='bbox 1703 4914 1875 4975; x_wconf 86' lang='lat' dir='ltr'><strong>Paulo</strong></span> <span class='ocrx_word' id='word_1_804' title='bbox 1904 4931 2051 4989; x_wconf 90' lang='lat' dir='ltr'><strong>post,</strong></span> 
     </span>
    </p>
   </div>
   <div class='ocr_carea' id='block_1_99' title="bbox 474 4982 2054 5073">
    <p class='ocr_par' dir='ltr' id='par_1_99' title="bbox 474 4982 2054 5073">
     <span class='ocr_line' id='line_1_99' title="bbox 474 4982 2054 5073; baseline 0.004 -34"><span class='ocrx_word' id='word_1_805' title='bbox 646 4982 828 5057; x_wconf 82' lang='lat' dir='ltr'><strong>prima</strong></span> <span class='ocrx_word' id='word_1_806' title='bbox 872 5002 1058 5073; x_wconf 73' lang='lat' dir='ltr'><strong>manu,</strong></span> <span class='ocrx_word' id='word_1_807' title='bbox 1104 4987 1245 5041; x_wconf 82' lang='grc' dir='ltr'>ὣστε</span> <span class='ocrx_word' id='word_1_808' title='bbox 1285 4982 1431 5073; x_wconf 55' lang='grc' dir='ltr'>μετὰ</span> <span class='ocrx_word' id='word_1_809' title='bbox 1474 4982 1621 5073; x_wconf 71' lang='grc' dir='ltr'>τρεῖς</span> <span class='ocrx_word' id='word_1_810' title='bbox 1658 4992 1869 5073; x_wconf 69' lang='grc' dir='ltr'>ἡμέρας</span> <span class='ocrx_word' id='word_1_811' title='bbox 1899 4982 2054 5073; x_wconf 77' lang='grc' dir='ltr'>ὗμῶν</span> 
     </span>
    </p>
   </div>
   <div class='ocr_carea' id='block_1_100' title="bbox 478 5058 2055 5149">
    <p class='ocr_par' dir='ltr' id='par_1_100' title="bbox 478 5058 2055 5149">
     <span class='ocr_line' id='line_1_100' title="bbox 478 5058 2055 5149; baseline 0.003 -38"><span class='ocrx_word' id='word_1_812' title='bbox 478 5059 762 5129; x_wconf 89' lang='grc' dir='ltr'>ἀνέχομαι,</span> <span class='ocrx_word' id='word_1_813' title='bbox 803 5058 1049 5149; x_wconf 52' lang='grc' dir='ltr'>ξοριιιιάέι</span> <span class='ocrx_word' id='word_1_814' title='bbox 1094 5075 1247 5149; x_wconf 62' lang='lat' dir='ltr'><strong>vero,</strong></span> <span class='ocrx_word' id='word_1_815' title='bbox 1283 5058 1611 5149; x_wconf 44' lang='lat' dir='ltr'><strong>Psie‘peira</strong></span> <span class='ocrx_word' id='word_1_816' title='bbox 1650 5058 1799 5147; x_wconf 61' lang='grc' dir='ltr'><strong>τ’ρεξξ</strong></span> <span class='ocrx_word' id='word_1_817' title='bbox 1839 5058 2055 5149; x_wconf 65' lang='grc' dir='ltr'>ᾑμέρας</span> 
     </span>
    </p>
   </div>
   <div class='ocr_carea' id='block_1_101' title="bbox 478 5128 2056 5213">
    <p class='ocr_par' dir='ltr' id='par_1_101' title="bbox 478 5128 2056 5213">
     <span class='ocr_line' id='line_1_101' title="bbox 478 5128 2056 5213; baseline 0.001 -30"><span class='ocrx_word' id='word_1_818' title='bbox 478 5128 927 5213; x_wconf 46' lang='grc' dir='ltr'>καταστραφψαι</span> <span class='ocrx_word' id='word_1_819' title='bbox 972 5129 1070 5213; x_wconf 64' lang='grc' dir='ltr'><strong>τὴν</strong></span> <span class='ocrx_word' id='word_1_820' title='bbox 1123 5130 1326 5213; x_wconf 61' lang='grc' dir='ltr'>Νινευτ·</span> <span class='ocrx_word' id='word_1_821' title='bbox 1379 5128 1489 5213; x_wconf 70' lang='grc' dir='ltr'>ἀλλ’</span> <span class='ocrx_word' id='word_1_822' title='bbox 1537 5128 1806 5213; x_wconf 46' lang='grc' dir='ltr'>ὃτι-’τρεῖς</span> <span class='ocrx_word' id='word_1_823' title='bbox 1839 5128 2056 5213; x_wconf 61' lang='grc' dir='ltr'>ἡμέρας</span> 
     </span>
    </p>
   </div>
   <div class='ocr_carea' id='block_1_102' title="bbox 478 5199 2055 5270">
    <p class='ocr_par' dir='ltr' id='par_1_102' title="bbox 478 5199 2055 5270">
     <span class='ocr_line' id='line_1_102' title="bbox 478 5199 2055 5270; baseline 0.004 -20"><span class='ocrx_word' id='word_1_824' title='bbox 478 5199 634 5269; x_wconf 77' lang='grc' dir='ltr'>ὑμῶν</span> <span class='ocrx_word' id='word_1_825' title='bbox 661 5199 947 5270; x_wconf 86' lang='grc' dir='ltr'>ἀνέχομαι.</span> <span class='ocrx_word' id='word_1_826' title='bbox 976 5199 1195 5270; x_wconf 86' lang='lat' dir='ltr'><strong>vulgata</strong></span> <span class='ocrx_word' id='word_1_827' title='bbox 1225 5200 1336 5269; x_wconf 87' lang='lat' dir='ltr'><strong>jam</strong></span> <span class='ocrx_word' id='word_1_828' title='bbox 1397 5200 1527 5253; x_wconf 89' lang='lat' dir='ltr'><strong>olim</strong></span> <span class='ocrx_word' id='word_1_829' title='bbox 1570 5199 1708 5254; x_wconf 77' lang='lat' dir='ltr'><strong>LXX</strong></span> <span class='ocrx_word' id='word_1_830' title='bbox 1759 5199 2055 5265; x_wconf 46' lang='lat' dir='ltr'><strong>lectioférc</strong></span> 
     </span>
    </p>
   </div>
   <div class='ocr_carea' id='block_1_103' title="bbox 476 5269 2053 5342">
    <p class='ocr_par' dir='ltr' id='par_1_103' title="bbox 476 5269 2053 5342">
     <span class='ocr_line' id='line_1_103' title="bbox 476 5269 2053 5342; baseline 0.005 -22"><span class='ocrx_word' id='word_1_831' title='bbox 476 5271 627 5339; x_wconf 82' lang='grc' dir='ltr'>τρεῖς</span> <span class='ocrx_word' id='word_1_832' title='bbox 647 5269 877 5342; x_wconf 65' lang='grc' dir='ltr'>ἡμέραι,</span> <span class='ocrx_word' id='word_1_833' title='bbox 902 5285 1008 5342; x_wconf 67' lang='lat' dir='ltr'><strong>pro</strong></span> <span class='ocrx_word' id='word_1_834' title='bbox 1026 5269 1543 5342; x_wconf 57' lang='grc' dir='ltr'>τε⁷σσαράκοντα,ιι(1</span> <span class='ocrx_word' id='word_1_835' title='bbox 1566 5271 1680 5342; x_wconf 68' lang='lat' dir='ltr'><strong>hate</strong></span> <span class='ocrx_word' id='word_1_836' title='bbox 1709 5288 1882 5342; x_wconf 86' lang='lat' dir='ltr'><strong>usque</strong></span> <span class='ocrx_word' id='word_1_837' title='bbox 1914 5284 2053 5327; x_wconf 87' lang='lat' dir='ltr'><strong>tem-</strong></span> 
     </span>
    </p>
   </div>
   <div class='ocr_carea' id='block_1_104' title="bbox 478 5338 2049 5410">
    <p class='ocr_par' dir='ltr' id='par_1_104' title="bbox 478 5338 2049 5410">
     <span class='ocr_line' id='line_1_104' title="bbox 478 5338 2049 5410; baseline 0.003 -18"><span class='ocrx_word' id='word_1_838' title='bbox 478 5338 612 5409; x_wconf 85' lang='lat' dir='ltr'><strong>pora</strong></span> <span class='ocrx_word' id='word_1_839' title='bbox 644 5338 705 5393; x_wconf 76' lang='lat' dir='ltr'><strong>in</strong></span> <span class='ocrx_word' id='word_1_840' title='bbox 732 5338 936 5394; x_wconf 66' lang='lat' dir='ltr'><strong>Graacis</strong></span> <span class='ocrx_word' id='word_1_841' title='bbox 977 5339 1169 5395; x_wconf 86' lang='lat' dir='ltr'><strong>Bibliis</strong></span> <span class='ocrx_word' id='word_1_842' title='bbox 1201 5338 1525 5410; x_wconf 84' lang='lat' dir='ltr'><strong>permansit.</strong></span> <span class='ocrx_word' id='word_1_843' title='bbox 1563 5338 1813 5397; x_wconf 76' lang='lat' dir='ltr'><strong>Justinus</strong></span> <span class='ocrx_word' id='word_1_844' title='bbox 1843 5344 1919 5396; x_wconf 89' lang='lat' dir='ltr'><strong>ait</strong></span> <span class='ocrx_word' id='word_1_845' title='bbox 1948 5359 2049 5398; x_wconf 93' lang='lat' dir='ltr'><strong>suo</strong></span> 
     </span>
    </p>
   </div>
   <div class='ocr_carea' id='block_1_105' title="bbox 476 5410 2046 5480">
    <p class='ocr_par' dir='ltr' id='par_1_105' title="bbox 476 5410 2046 5480">
     <span class='ocr_line' id='line_1_105' title="bbox 476 5410 2046 5480; baseline 0.003 -19"><span class='ocrx_word' id='word_1_846' title='bbox 476 5417 727 5479; x_wconf 87' lang='lat' dir='ltr'><strong>tempore</strong></span> <span class='ocrx_word' id='word_1_847' title='bbox 757 5412 811 5463; x_wconf 93' lang='lat' dir='ltr'><strong>in</strong></span> <span class='ocrx_word' id='word_1_848' title='bbox 843 5410 967 5466; x_wconf 90' lang='lat' dir='ltr'><strong>aliis</strong></span> <span class='ocrx_word' id='word_1_849' title='bbox 993 5412 1398 5480; x_wconf 81' lang='lat' dir='ltr'><strong>exemplaribus</strong></span> <span class='ocrx_word' id='word_1_850' title='bbox 1442 5411 1641 5466; x_wconf 90' lang='lat' dir='ltr'><strong>lectum</strong></span> <span class='ocrx_word' id='word_1_851' title='bbox 1687 5413 1878 5477; x_wconf 90' lang='lat' dir='ltr'><strong>fuisse,</strong></span> <span class='ocrx_word' id='word_1_852' title='bbox 1920 5431 2046 5466; x_wconf 86' lang='grc' dir='ltr'>τεσ-</span> 
     </span>
    </p>
   </div>
   <div class='ocr_carea' id='block_1_106' title="bbox 479 5481 2047 5554">
    <p class='ocr_par' dir='ltr' id='par_1_106' title="bbox 479 5481 2047 5554">
     <span class='ocr_line' id='line_1_106' title="bbox 479 5481 2047 5554; baseline 0.004 -22"><span class='ocrx_word' id='word_1_853' title='bbox 479 5481 791 5554; x_wconf 51' lang='grc' dir='ltr'>σαράκοντα</span> <span class='ocrx_word' id='word_1_854' title='bbox 813 5483 980 5551; x_wconf 87' lang='grc' dir='ltr'>τρεῖς,</span> <span class='ocrx_word' id='word_1_855' title='bbox 1009 5483 1068 5554; x_wconf 67' lang='lat' dir='ltr'><strong>in</strong></span> <span class='ocrx_word' id='word_1_856' title='bbox 1091 5482 1213 5554; x_wconf 72' lang='lat' dir='ltr'><strong>aliis</strong></span> <span class='ocrx_word' id='word_1_857' title='bbox 1241 5498 1393 5545; x_wconf 84' lang='lat' dir='ltr'><strong>vero,</strong></span> <span class='ocrx_word' id='word_1_858' title='bbox 1417 5486 1584 5554; x_wconf 65' lang='grc' dir='ltr'>τρεῖς.</span> <span class='ocrx_word' id='word_1_859' title='bbox 1619 5482 1831 5554; x_wconf 78' lang='lat' dir='ltr'><strong>Dialog.</strong></span> <span class='ocrx_word' id='word_1_860' title='bbox 1862 5494 2047 5554; x_wconf 78' lang='lat' dir='ltr'><strong>contra</strong></span> 
     </span>
    </p>
   </div>
   <div class='ocr_carea' id='block_1_107' title="bbox 408 5546 2048 5677">
    <p class='ocr_par' dir='ltr' id='par_1_107' title="bbox 408 5546 2048 5677">
     <span class='ocr_line' id='line_1_107' title="bbox 408 5546 2048 5623; baseline 0.007 -24"><span class='ocrx_word' id='word_1_861' title='bbox 408 5594 415 5599; x_wconf 92' lang='lat'><strong>.</strong></span> <span class='ocrx_word' id='word_1_862' title='bbox 483 5546 805 5619; x_wconf 66' lang='lat' dir='ltr'><strong>Tryphonem</strong></span> <span class='ocrx_word' id='word_1_863' title='bbox 848 5546 972 5623; x_wconf 81' lang='lat' dir='ltr'><strong>pag.</strong></span> <span class='ocrx_word' id='word_1_864' title='bbox 1008 5551 1131 5607; x_wconf 77' lang='grc'><strong>554.</strong></span> <span class='ocrx_word' id='word_1_865' title='bbox 1162 5552 1298 5609; x_wconf 84' lang='lat' dir='ltr'><strong>Vide</strong></span> <span class='ocrx_word' id='word_1_866' title='bbox 1328 5546 1471 5608; x_wconf 79' lang='lat' dir='ltr'><strong>idem</strong></span> <span class='ocrx_word' id='word_1_867' title='bbox 1505 5546 1832 5610; x_wconf 54' lang='lat' dir='ltr'><strong>Theodorei.</strong></span> <span class='ocrx_word' id='word_1_868' title='bbox 1865 5556 1920 5609; x_wconf 93' lang='lat' dir='ltr'><strong>in</strong></span> <span class='ocrx_word' id='word_1_869' title='bbox 1952 5553 2048 5610; x_wconf 87' lang='lat' dir='ltr'><strong>Jo-</strong></span> 
     </span>
     <span class='ocr_line' id='line_1_108' title="bbox 476 5624 986 5677; baseline 0.004 -2"><span class='ocrx_word' id='word_1_870' title='bbox 476 5632 565 5675; x_wconf 66' lang='grc' dir='ltr'><strong>ηαξ</strong></span> <span class='ocrx_word' id='word_1_871' title='bbox 590 5636 710 5677; x_wconf 84' lang='lat' dir='ltr'><strong>can.</strong></span> <span class='ocrx_word' id='word_1_872' title='bbox 740 5637 818 5677; x_wconf 89' lang='grc' dir='ltr'>ιιι.</span> <span class='ocrx_word' id='word_1_873' title='bbox 850 5639 903 5676; x_wconf 89' lang='lat' dir='ltr'><strong>v.</strong></span> <span class='ocrx_word' id='word_1_874' title='bbox 933 5624 986 5677; x_wconf 72' lang='grc'><strong>4.</strong></span> 
     </span>
    </p>
   </div>
   <div class='ocr_carea' id='block_1_108' title="bbox 476 5632 986 5690">
    <p class='ocr_par' dir='ltr' id='par_1_108' title="bbox 476 5632 986 5690">
     <span class='ocr_line' id='line_1_109' title="bbox 476 5632 986 5690; baseline 0.004 -15"><span class='ocrx_word' id='word_1_875' title='bbox 476 5632 565 5675; x_wconf 74' lang='lat' dir='ltr'><strong>na:</strong></span> <span class='ocrx_word' id='word_1_876' title='bbox 590 5636 710 5690; x_wconf 89' lang='lat' dir='ltr'><strong>cap.</strong></span> <span class='ocrx_word' id='word_1_877' title='bbox 740 5637 818 5683; x_wconf 89' lang='grc' dir='ltr'>ιιι,</span> <span class='ocrx_word' id='word_1_878' title='bbox 850 5639 903 5676; x_wconf 84' lang='grc' dir='ltr'>ν.</span> <span class='ocrx_word' id='word_1_879' title='bbox 933 5632 986 5677; x_wconf 73' lang='grc'><strong>4.</strong></span> 
     </span>
    </p>
   </div>
   <div class='ocr_carea' id='block_1_109' title="bbox 551 5690 2051 5768">
    <p class='ocr_par' dir='ltr' id='par_1_109' title="bbox 551 5690 2051 5768">
     <span class='ocr_line' id='line_1_110' title="bbox 551 5690 2051 5768; baseline 0.005 -25"><span class='ocrx_word' id='word_1_880' title='bbox 551 5691 659 5760; x_wconf 80' lang='grc'>(27)</span> <span class='ocrx_word' id='word_1_881' title='bbox 678 5690 923 5768; x_wconf 66' lang='lat' dir='ltr'><strong>__lle_giu_s,</strong></span> <span class='ocrx_word' id='word_1_882' title='bbox 954 5693 1285 5768; x_wconf 87' lang='lat' dir='ltr'><strong>Anglicanus</strong></span> <span class='ocrx_word' id='word_1_883' title='bbox 1316 5702 1373 5768; x_wconf 83' lang='lat' dir='ltr'><strong>et</strong></span> <span class='ocrx_word' id='word_1_884' title='bbox 1408 5691 1557 5768; x_wconf 73' lang='lat' dir='ltr'><strong>Felc.</strong></span> <span class='ocrx_word' id='word_1_885' title='bbox 1605 5694 1658 5759; x_wconf 81' lang='lat'><strong>&#39;5,</strong></span> <span class='ocrx_word' id='word_1_886' title='bbox 1687 5696 2051 5768; x_wconf 73' lang='grc' dir='ltr'>κατασκαφη-</span> 
     </span>
    </p>
   </div>
   <div class='ocr_carea' id='block_1_110' title="bbox 476 5762 1799 5835">
    <p class='ocr_par' dir='ltr' id='par_1_110' title="bbox 476 5762 1799 5835">
     <span class='ocr_line' id='line_1_111' title="bbox 476 5762 1799 5835; baseline 0.004 -20"><span class='ocrx_word' id='word_1_887' title='bbox 476 5774 650 5816; x_wconf 81' lang='grc' dir='ltr'>σεται.</span> <span class='ocrx_word' id='word_1_888' title='bbox 674 5762 809 5818; x_wconf 83' lang='lat' dir='ltr'><strong>Ibid.</strong></span> <span class='ocrx_word' id='word_1_889' title='bbox 849 5762 957 5819; x_wconf 87' lang='lat' dir='ltr'><strong>duo</strong></span> <span class='ocrx_word' id='word_1_890' title='bbox 989 5762 1271 5833; x_wconf 77' lang='lat' dir='ltr'><strong>postremi,</strong></span> <span class='ocrx_word' id='word_1_891' title='bbox 1308 5766 1367 5818; x_wconf 78' lang='grc' dir='ltr'><strong>οὐ</strong></span> <span class='ocrx_word' id='word_1_892' title='bbox 1402 5765 1511 5835; x_wconf 86' lang='grc' dir='ltr'>γὰρ</span> <span class='ocrx_word' id='word_1_893' title='bbox 1540 5764 1799 5834; x_wconf 82' lang='grc' dir='ltr'>ἐγεγόνει.</span> 
     </span>
    </p>
   </div>
   <div class='ocr_carea' id='block_1_111' title="bbox 2231 4920 3741 4999">
    <p class='ocr_par' dir='ltr' id='par_1_111' title="bbox 2231 4920 3741 4999">
     <span class='ocr_line' id='line_1_112' title="bbox 2231 4920 3741 4999; baseline 0.003 -20"><span class='ocrx_word' id='word_1_894' title='bbox 2231 4924 2343 4997; x_wconf 81' lang='grc'>(28)</span> <span class='ocrx_word' id='word_1_895' title='bbox 2382 4920 2605 4997; x_wconf 83' lang='lat' dir='ltr'><strong>Regius,</strong></span> <span class='ocrx_word' id='word_1_896' title='bbox 2637 4926 2985 4998; x_wconf 81' lang='grc' dir='ltr'>γιγνομένην.</span> <span class='ocrx_word' id='word_1_897' title='bbox 3022 4927 3181 4999; x_wconf 88' lang='lat' dir='ltr'><strong>Angl.</strong></span> <span class='ocrx_word' id='word_1_898' title='bbox 3212 4934 3268 4982; x_wconf 89' lang='lat' dir='ltr'><strong>et</strong></span> <span class='ocrx_word' id='word_1_899' title='bbox 3304 4925 3453 4982; x_wconf 89' lang='lat' dir='ltr'><strong>Felc.</strong></span> <span class='ocrx_word' id='word_1_900' title='bbox 3492 4928 3548 4995; x_wconf 78' lang='lat'><strong>&#39;5,</strong></span> <span class='ocrx_word' id='word_1_901' title='bbox 3584 4941 3741 4998; x_wconf 80' lang='grc' dir='ltr'>γινο-</span> 
     </span>
    </p>
   </div>
   <div class='ocr_carea' id='block_1_112' title="bbox 2232 5014 3497 5050">
    <p class='ocr_par' dir='ltr' id='par_1_112' title="bbox 2232 5014 3497 5050">
     <span class='ocr_line' id='line_1_113' title="bbox 2232 5014 3497 5050; baseline 0.002 -2"><span class='ocrx_word' id='word_1_902' title='bbox 2232 5014 2347 5050; x_wconf 78' lang='grc' dir='ltr'>νην.</span> <span class='ocrx_word' id='word_1_903' title='bbox 3492 5047 3497 5050; x_wconf 95' lang='grc'>.</span> 
     </span>
    </p>
   </div>
   <div class='ocr_carea' id='block_1_113' title="bbox 2161 4996 3028 5138">
    <p class='ocr_par' dir='ltr' id='par_1_113' title="bbox 2161 4996 3028 5138">
     <span class='ocr_line' id='line_1_114' title="bbox 2161 4996 2930 5067; baseline 0.003 -19"><span class='ocrx_word' id='word_1_904' title='bbox 2161 4996 2347 5067; x_wconf 85' lang='grc' dir='ltr'>μένην.</span> <span class='ocrx_word' id='word_1_905' title='bbox 2474 4996 2483 4997; x_wconf 26' lang='grc' dir='ltr'><strong>ί</strong></span> <span class='ocrx_word' id='word_1_906' title='bbox 2801 4996 2810 4998; x_wconf 14' lang='grc' dir='ltr'>ἡ</span> <span class='ocrx_word' id='word_1_907' title='bbox 2920 4996 2930 4998; x_wconf 14' lang='grc' dir='ltr'>ἡ</span> 
     </span>
     <span class='ocr_line' id='line_1_115' title="bbox 2230 5065 3028 5138; baseline 0.003 -18"><span class='ocrx_word' id='word_1_908' title='bbox 2230 5066 2340 5138; x_wconf 88' lang='grc'>(29)</span> <span class='ocrx_word' id='word_1_909' title='bbox 2380 5066 2733 5138; x_wconf 61' lang='lat' dir='ltr'><strong>Anglicanus,</strong></span> <span class='ocrx_word' id='word_1_910' title='bbox 2769 5065 3028 5138; x_wconf 78' lang='grc' dir='ltr'>ἄρωνται.</span> 
     </span>
    </p>
   </div>
   <div class='ocr_carea' id='block_1_114' title="bbox 2229 5136 3310 5260">
    <p class='ocr_par' dir='ltr' id='par_1_114' title="bbox 2229 5136 3310 5260">
     <span class='ocr_line' id='line_1_116' title="bbox 2229 5136 3310 5260; baseline 0.004 -70"><span class='ocrx_word' id='word_1_911' title='bbox 2229 5136 2341 5207; x_wconf 46' lang='grc'>(50⁷)</span> <span class='ocrx_word' id='word_1_912' title='bbox 2382 5136 2694 5191; x_wconf 75' lang='lat' dir='ltr'><strong>Felckman.</strong></span> <span class='ocrx_word' id='word_1_913' title='bbox 2730 5139 2782 5225; x_wconf 47' lang='grc' dir='ltr'><strong>ἵε.</strong></span> <span class='ocrx_word' id='word_1_914' title='bbox 2810 5136 2917 5260; x_wconf 41' lang='lat' dir='ltr'><strong>ei»</strong></span> <span class='ocrx_word' id='word_1_915' title='bbox 2948 5138 3310 5211; x_wconf 84' lang='grc' dir='ltr'>προφητείαν.</span> 
     </span>
     <span class='ocr_line' id='line_1_117' title="bbox 2229 5207 3310 5260; baseline 0 0"><span class='ocrx_word' id='word_1_916' title='bbox 2229 5207 2538 5260; x_wconf 77' lang='lat' dir='ltr'><strong>(3|l.Fe|c.</strong></span> <span class='ocrx_word' id='word_1_917' title='bbox 2591 5208 2648 5260; x_wconf 79' lang='grc'><strong>5.</strong></span> <span class='ocrx_word' id='word_1_918' title='bbox 2684 5211 2771 5260; x_wconf 88' lang='grc' dir='ltr'>Δει</span> <span class='ocrx_word' id='word_1_919' title='bbox 2823 5225 2859 5260; x_wconf 85' lang='grc' dir='ltr'><strong>γ</strong></span> <span class='ocrx_word' id='word_1_920' title='bbox 2903 5225 2975 5260; x_wconf 85' lang='grc' dir='ltr'>ο..</span> <span class='ocrx_word' id='word_1_921' title='bbox 3012 5251 3023 5260; x_wconf 95' lang='grc'><strong>.</strong></span> <span class='ocrx_word' id='word_1_922' title='bbox 3088 5210 3310 5260; x_wconf 81' lang='grc' dir='ltr'>ιιακοοθι</span> 
     </span>
    </p>
   </div>
   <div class='ocr_carea' id='block_1_115' title="bbox 2229 5207 3745 5281">
    <p class='ocr_par' dir='ltr' id='par_1_115' title="bbox 2229 5207 3745 5281">
     <span class='ocr_line' id='line_1_118' title="bbox 2229 5207 3745 5281; baseline 0.003 -20"><span class='ocrx_word' id='word_1_923' title='bbox 2229 5207 2553 5281; x_wconf 66' lang='lat' dir='ltr'><strong>(5|).Felc._</strong></span> <span class='ocrx_word' id='word_1_924' title='bbox 2591 5208 2648 5263; x_wconf 79' lang='grc'><strong>5.</strong></span> <span class='ocrx_word' id='word_1_925' title='bbox 2684 5207 3023 5281; x_wconf 22' lang='grc' dir='ltr'>Δεῖῌγὰρ..)</span> <span class='ocrx_word' id='word_1_926' title='bbox 3072 5207 3467 5281; x_wconf 73' lang='grc' dir='ltr'>’μακροθυμίαν</span> <span class='ocrx_word' id='word_1_927' title='bbox 3513 5210 3745 5267; x_wconf 77' lang='grc' dir='ltr'>εἰδέναι.</span> 
     </span>
    </p>
   </div>
   <div class='ocr_carea' id='block_1_116' title="bbox 2155 5274 3745 5352">
    <p class='ocr_par' dir='ltr' id='par_1_116' title="bbox 2155 5274 3745 5352">
     <span class='ocr_line' id='line_1_119' title="bbox 2155 5274 3745 5352; baseline 0.001 -21"><span class='ocrx_word' id='word_1_928' title='bbox 2155 5274 2331 5352; x_wconf 66' lang='lat' dir='ltr'><strong>Paulo</strong></span> <span class='ocrx_word' id='word_1_929' title='bbox 2351 5286 2476 5352; x_wconf 89' lang='lat' dir='ltr'><strong>pos_t</strong></span> <span class='ocrx_word' id='word_1_930' title='bbox 2504 5278 2668 5352; x_wconf 75' lang='lat' dir='ltr'><strong>idem,</strong></span> <span class='ocrx_word' id='word_1_931' title='bbox 2704 5274 2875 5352; x_wconf 79' lang='grc' dir='ltr'>ἐθέλει</span> <span class='ocrx_word' id='word_1_932' title='bbox 2902 5274 2930 5333; x_wconf 74' lang='grc' dir='ltr'>ὃ</span> <span class='ocrx_word' id='word_1_933' title='bbox 2958 5274 3110 5344; x_wconf 60' lang='grc' dir='ltr'>Θεόςζ</span> <span class='ocrx_word' id='word_1_934' title='bbox 3129 5274 3272 5345; x_wconf 79' lang='lat' dir='ltr'><strong>Mox,</strong></span> <span class='ocrx_word' id='word_1_935' title='bbox 3307 5274 3425 5352; x_wconf 76' lang='grc' dir='ltr'>τῆς,</span> <span class='ocrx_word' id='word_1_936' title='bbox 3457 5290 3604 5344; x_wconf 88' lang='lat' dir='ltr'><strong>ante,</strong></span> <span class='ocrx_word' id='word_1_937' title='bbox 3631 5283 3745 5345; x_wconf 80' lang='grc' dir='ltr'>ἔτι,</span> 
     </span>
    </p>
   </div>
   <div class='ocr_carea' id='block_1_117' title="bbox 2156 5348 3129 5418">
    <p class='ocr_par' dir='ltr' id='par_1_117' title="bbox 2156 5348 3129 5418">
     <span class='ocr_line' id='line_1_120' title="bbox 2156 5348 3129 5418; baseline 0 -15"><span class='ocrx_word' id='word_1_938' title='bbox 2156 5349 2310 5403; x_wconf 90' lang='lat' dir='ltr'><strong>deest</strong></span> <span class='ocrx_word' id='word_1_939' title='bbox 2344 5352 2396 5402; x_wconf 89' lang='lat' dir='ltr'><strong>in</strong></span> <span class='ocrx_word' id='word_1_940' title='bbox 2431 5348 2717 5404; x_wconf 83' lang='lat' dir='ltr'><strong>Basilicus.</strong></span> <span class='ocrx_word' id='word_1_941' title='bbox 2748 5359 2803 5403; x_wconf 85' lang='lat' dir='ltr'><strong>et</strong></span> <span class='ocrx_word' id='word_1_942' title='bbox 2841 5349 3129 5418; x_wconf 81' lang='lat' dir='ltr'><strong>Anglican.</strong></span> 
     </span>
    </p>
   </div>
   <div class='ocr_carea' id='block_1_118' title="bbox 2226 5418 3747 5490">
    <p class='ocr_par' dir='ltr' id='par_1_118' title="bbox 2226 5418 3747 5490">
     <span class='ocr_line' id='line_1_121' title="bbox 2226 5418 3747 5490; baseline 0.003 -17"><span class='ocrx_word' id='word_1_943' title='bbox 2226 5418 2338 5489; x_wconf 81' lang='grc'>(52)</span> <span class='ocrx_word' id='word_1_944' title='bbox 2374 5418 2520 5490; x_wconf 66' lang='lat' dir='ltr'><strong>llaec.</strong></span> <span class='ocrx_word' id='word_1_945' title='bbox 2553 5420 2646 5471; x_wconf 77' lang='grc' dir='ltr'>καὶ</span> <span class='ocrx_word' id='word_1_946' title='bbox 2668 5420 2768 5473; x_wconf 81' lang='grc' dir='ltr'><strong>οὐκ</strong></span> <span class='ocrx_word' id='word_1_947' title='bbox 2792 5420 3045 5490; x_wconf 86' lang='grc' dir='ltr'>ἐποίησα,</span> <span class='ocrx_word' id='word_1_948' title='bbox 3085 5422 3285 5476; x_wconf 85' lang='lat' dir='ltr'><strong>desunt</strong></span> <span class='ocrx_word' id='word_1_949' title='bbox 3318 5421 3373 5475; x_wconf 90' lang='lat' dir='ltr'><strong>in</strong></span> <span class='ocrx_word' id='word_1_950' title='bbox 3397 5421 3565 5477; x_wconf 88' lang='lat' dir='ltr'><strong>Basil.</strong></span> <span class='ocrx_word' id='word_1_951' title='bbox 3593 5420 3747 5477; x_wconf 85' lang='lat' dir='ltr'><strong>Pan-</strong></span> 
     </span>
    </p>
   </div>
   <div class='ocr_carea' id='block_1_119' title="bbox 2154 5488 3741 5563">
    <p class='ocr_par' dir='ltr' id='par_1_119' title="bbox 2154 5488 3741 5563">
     <span class='ocr_line' id='line_1_122' title="bbox 2154 5488 3741 5563; baseline 0.004 -20"><span class='ocrx_word' id='word_1_952' title='bbox 2154 5488 2376 5563; x_wconf 87' lang='lat' dir='ltr'><strong>l_o_post,</strong></span> <span class='ocrx_word' id='word_1_953' title='bbox 2400 5488 2624 5563; x_wconf 72' lang='lat' dir='ltr'><strong>Regius,</strong></span> <span class='ocrx_word' id='word_1_954' title='bbox 2648 5490 2860 5563; x_wconf 74' lang='lat' dir='ltr'><strong>Anglic.</strong></span> <span class='ocrx_word' id='word_1_955' title='bbox 2892 5488 2948 5546; x_wconf 77' lang='lat' dir='ltr'><strong>et</strong></span> <span class='ocrx_word' id='word_1_956' title='bbox 2967 5491 3110 5563; x_wconf 67' lang='lat' dir='ltr'><strong>Felc.</strong></span> <span class='ocrx_word' id='word_1_957' title='bbox 3144 5492 3217 5563; x_wconf 67' lang='lat'><strong>&#39;6,</strong></span> <span class='ocrx_word' id='word_1_958' title='bbox 3234 5493 3322 5545; x_wconf 89' lang='grc' dir='ltr'>Ἑν</span> <span class='ocrx_word' id='word_1_959' title='bbox 3347 5492 3419 5563; x_wconf 55' lang='grc' dir='ltr'>δέ-</span> <span class='ocrx_word' id='word_1_960' title='bbox 3436 5491 3513 5563; x_wconf 84' lang='grc' dir='ltr'>τῷ</span> <span class='ocrx_word' id='word_1_961' title='bbox 3534 5493 3741 5562; x_wconf 82' lang='grc' dir='ltr'>λέγειν.</span> 
     </span>
    </p>
   </div>
   <div class='ocr_carea' id='block_1_120' title="bbox 2155 5559 3742 5633">
    <p class='ocr_par' dir='ltr' id='par_1_120' title="bbox 2155 5559 3742 5633">
     <span class='ocr_line' id='line_1_123' title="bbox 2155 5559 3742 5633; baseline 0.003 -20"><span class='ocrx_word' id='word_1_962' title='bbox 2155 5559 2299 5633; x_wconf 65' lang='grc' dir='ltr'><strong>Εάίιί</strong></span> <span class='ocrx_word' id='word_1_963' title='bbox 2346 5570 2401 5615; x_wconf 89' lang='lat' dir='ltr'><strong>et</strong></span> <span class='ocrx_word' id='word_1_964' title='bbox 2423 5561 2639 5633; x_wconf 58' lang='lat' dir='ltr'><strong>caeteri,</strong></span> <span class='ocrx_word' id='word_1_965' title='bbox 2686 5559 2872 5633; x_wconf 75' lang='grc' dir='ltr'>Ἑνδέ</span> <span class='ocrx_word' id='word_1_966' title='bbox 2915 5562 2994 5633; x_wconf 79' lang='grc' dir='ltr'>τῷ</span> <span class='ocrx_word' id='word_1_967' title='bbox 3030 5559 3122 5616; x_wconf 86' lang='grc' dir='ltr'><strong>οὖν</strong></span> <span class='ocrx_word' id='word_1_968' title='bbox 3164 5561 3361 5631; x_wconf 86' lang='grc' dir='ltr'>λέγειν.</span> <span class='ocrx_word' id='word_1_969' title='bbox 3394 5559 3566 5618; x_wconf 84' lang='lat' dir='ltr'><strong>Paulo</strong></span> <span class='ocrx_word' id='word_1_970' title='bbox 3591 5559 3742 5633; x_wconf 73' lang='lat' dir='ltr'><strong>post,</strong></span> 
     </span>
    </p>
   </div>
   <div class='ocr_carea' id='block_1_121' title="bbox 2156 5629 3722 5706">
    <p class='ocr_par' dir='ltr' id='par_1_121' title="bbox 2156 5629 3722 5706">
     <span class='ocr_line' id='line_1_124' title="bbox 2156 5629 3722 5706; baseline 0.006 -23"><span class='ocrx_word' id='word_1_971' title='bbox 2156 5629 2304 5706; x_wconf 34' lang='grc' dir='ltr'><strong>ἔζεε.-</strong></span> <span class='ocrx_word' id='word_1_972' title='bbox 2319 5638 2374 5684; x_wconf 90' lang='lat' dir='ltr'><strong>et</strong></span> <span class='ocrx_word' id='word_1_973' title='bbox 2390 5631 2562 5706; x_wconf 85' lang='lat' dir='ltr'><strong>_Angl.</strong></span> <span class='ocrx_word' id='word_1_974' title='bbox 2591 5632 2869 5706; x_wconf 72' lang='grc' dir='ltr'>Χεττιείμ.</span> <span class='ocrx_word' id='word_1_975' title='bbox 2911 5629 3054 5697; x_wconf 80' lang='lat' dir='ltr'><strong>Mox,</strong></span> <span class='ocrx_word' id='word_1_976' title='bbox 3090 5629 3468 5706; x_wconf 13' lang='lat' dir='ltr'><strong>Reg.vAnglic.</strong></span> <span class='ocrx_word' id='word_1_977' title='bbox 3497 5641 3554 5692; x_wconf 74' lang='lat' dir='ltr'><strong>et</strong></span> <span class='ocrx_word' id='word_1_978' title='bbox 3588 5629 3722 5692; x_wconf 85' lang='lat' dir='ltr'><strong>Felc</strong></span> 
     </span>
    </p>
   </div>
   <div class='ocr_carea' id='block_1_122' title="bbox 2158 5646 3315 5775">
    <p class='ocr_par' dir='ltr' id='par_1_122' title="bbox 2158 5646 3315 5775">
     <span class='ocr_line' id='line_1_125' title="bbox 2158 5646 3315 5754; baseline 0.004 -72"><span class='ocrx_word' id='word_1_979' title='bbox 2158 5646 2292 5754; x_wconf 46' lang='lat' dir='ltr'><strong>negl.</strong></span> <span class='ocrx_word' id='word_1_980' title='bbox 2319 5646 2374 5684; x_wconf 88' lang='lat' dir='ltr'><strong>et</strong></span> <span class='ocrx_word' id='word_1_981' title='bbox 2407 5646 2562 5701; x_wconf 69' lang='lat' dir='ltr'><strong>augt.</strong></span> <span class='ocrx_word' id='word_1_982' title='bbox 2592 5646 2869 5702; x_wconf 72' lang='grc' dir='ltr'>λεττιειμ.</span> <span class='ocrx_word' id='word_1_983' title='bbox 2911 5646 3054 5697; x_wconf 81' lang='lat' dir='ltr'><strong>Mox,</strong></span> <span class='ocrx_word' id='word_1_984' title='bbox 3093 5646 3223 5702; x_wconf 71' lang='lat' dir='ltr'><strong>Heg.</strong></span> <span class='ocrx_word' id='word_1_985' title='bbox 3259 5646 3315 5687; x_wconf 81' lang='lat' dir='ltr'><strong>Al</strong></span> 
     </span>
     <span class='ocr_line' id='line_1_126' title="bbox 2158 5700 3315 5775; baseline 0.001 -19"><span class='ocrx_word' id='word_1_986' title='bbox 2158 5701 2213 5767; x_wconf 71' lang='grc' dir='ltr'>ὅ,</span> <span class='ocrx_word' id='word_1_987' title='bbox 2291 5703 2307 5754; x_wconf 82' lang='grc' dir='ltr'><strong>ί</strong></span> <span class='ocrx_word' id='word_1_988' title='bbox 2345 5701 2419 5775; x_wconf 83' lang='grc' dir='ltr'>μὴ</span> <span class='ocrx_word' id='word_1_989' title='bbox 2453 5700 2846 5774; x_wconf 84' lang='grc' dir='ltr'>μακροθυμεῖν,</span> <span class='ocrx_word' id='word_1_990' title='bbox 2879 5706 3085 5762; x_wconf 86' lang='lat' dir='ltr'><strong>omisso</strong></span> <span class='ocrx_word' id='word_1_991' title='bbox 3117 5704 3315 5758; x_wconf 84' lang='grc' dir='ltr'>τοίνυν.</span> 
     </span>
    </p>
   </div>
  </div>
