3890 6200
178 292 264 347 197

1104 275 1201 339 ’ΒΕ
1236 284 1571 341 PA-SSIONE
1611 272 1970 343 m‘cuucc
2000 272 2260 341 eoum.

3263 281 3367 336 498

180 408 252 461 τοῦ
288 403 569 475 ἀγαθὰπιτα
594 405 692 458 καὶ
734 404 948 475 ἀνοχὴν.
1002 405 1174 472 -Λέγει
1205 402 1314 473 γάρ
1338 418 1353 430 ·
1395 421 1414 453 ε
1443 401 1693 456 Διέλθετε

1801 419 1821 453 ι
1859 402 2058 468 adhuc,
2099 420 2119 453 ι
2154 414 2309 457 suam
2326 398 2577 456 ‘OStendit
2601 398 2894 455 bonitatem
2925 406 2979 454 et
3010 399 3380 454 tolerantiam.

178 500 339 569 νήσους
374 496 612 567 Χετιεὶμ,
658 495 750 549 καὶ
794 497 875 558 εἰς
916 494 1110 566 map
1160 494 1546 561 ἀποστείλατε,
1603 495 1699 549 καὶ

154 591 304 642 -ίδετε.
335 609 352 640 ι
376 590 433 641 Εἰ
452 588 622 641 τοίνυν
649 586 723 658 μὴ
751 586 1122 658 μακροθυμεῖν
1174 584 1383 656 ἢθελεν,
1418 586 1538 638 οὑδέ
1560 603 1701 657 παρ-

175 680 368 743 αινέσεις
403 680 572 743 αὐτοῖς
619 679 818 732 ἐδίδου·
842 677 980 731 ὥστε
1011 677 1257 739 διελθεῖν,
1275 677 1369 729 καὶ
1396 677 1699 740 διελθόντας

179 772 333 841 μαθεῖν
362 772 420 823 ἐκ
448 770 550 822 τῶν
575 770 833 823 ἐναντίων
872 768 971 838 τὴν
1009 767 1149 839 πρὸς
1190 767 1251 820 τὸ
1281 766 1444 821 καλὸν
1472 767 1699 839 σύγκρι-

178 858 272 918 σιν.’
299 861 491 931 Ἀμέλει
522 861 650 913 ὅταν
693 859 888 930 μηκέτι
922 856 1330 930 μακροθυμίαν,
1388 856 1501 910 ἀλλ’
1529 858 1700 928 ὀργὴν

178 956 206 1023 ή
236 952 406 1022 πρᾶξις
447 952 672 1004 ἑκάστου
710 951 1096 1021 προσκαλεῖται
1125 940 1258 1021 (35),
1325 947 1515 1002 λοιπὸν
1563 948 1700 1001 ἀπο-

177 1043 378 1112 φαίνεται
425 1042 593 1110 λέγων
618 1058 634 1073 ⁸
693 1061 712 1093 ι
777 1042 970 1095 Οὐκέτι
997 1041 1205 1094 ἀνοίσω
1263 1039 1363 1103 τὰς
1424 1039 1699 1111 ἁμαρτίας

174 1133 309 1199 ὑμῶν.
343 1151 359 1183 ι
387 1134 477 1183 Διά
497 1131 552 1183 δὲ
582 1130 676 1183 τοῦ
718 1124 843 1196 ὧδε,
875 1149 895 1181 ι
926 1126 1132 1194 οὐκέτι,
1163 1149 1183 1182 ι
1214 1130 1458 1200 ῥήματος
1507 1146 1700 1199 σημαι-

174 1224 375 1293 νομένου,
396 1222 624 1277 δείκνυσι
666 1223 917 1294 φανερῶς
953 1223 1054 1294 τὴν
1093 1222 1222 1293 περὶ
1256 1220 1364 1275 τῶν
1400 1220 1699 1274 Νινευῖτῶν

173 1315 451 1385 δηλουμένην
480 1314 567 1367 διὰ
594 1315 689 1368 τοῦ
712 1314 845 1387 (54),
890 1334 909 1367 ι
943 1314 1045 1379 ἐτι,
1087 1333 1107 1365 ι
1159 1312 1564 1386 μακροθυμίαν,
1605 1314 1700 1367 καὶ

174 1407 244 1459 τοῦ
269 1406 405 1473 λόγου
419 1405 511 1476 τὴν
539 1404 816 1477 ἀλήθειαν.
856 1405 1140 1459 ’Δδὺνατον
1181 1405 1288 1476 γὰρ
1336 1400 1404 1477 ἦν
1441 1404 1515 1476 μὴ
1568 1404 1701 1476 ἀλη-

173 1495 322 1549 θεῦσαι
349 1496 430 1549 τὸν
456 1496 584 1549 Θεὸν
624 1496 870 1565 λέγοντα,
907 1497 1003 1551 καὶ
1034 1490 1195 1567 μόνον
1223 1495 1567 1568 βουλόμενον.
1601 1497 1701 1551 Διὰ

172 1587 293 1640 τοῦτο
304 1587 371 1659 τῷ
384 1587 626 1663 Ἀϐραὰμ
641 1588 1124 1660 ἐπαγγειλάμενος,
1145 1588 1246 1642 οὑκ
1261 1584 1388 1658 ἐψεὺ
1398 1605 1550 1654 σατο,
1566 1588 1701 1643 ἀλλὰ

172 1682 245 1734 καὶ
268 1680 345 1734 τὸν
362 1681 470 1733 υἱὸν
496 1681 809 1751 ἐχαρίζετο·
845 1681 938 1735 καὶ
962 1670 1055 1734 τὸν
1079 1674 1206 1734 λαὸν
1231 1679 1496 1752 ἐξήγαγεν
1522 1681 1589 1733 ἐκ
1602 1680 1701 1751 τῆς

1801 492 1891 547 Ait
1916 493 2061 546 enim
2096 511 2110 546 :
2149 509 2169 543 ι
2207 489 2498 562 Peragrate
2534 490 2743 546 insulas
2770 490 3008 555 Cbctim,
3039 499 3092 545 et
3121 491 3177 544 in
3207 480 3387 545 Cedar

1801 582 2019 647 mittite,
2050 588 2103 636 et
2137 581 2312 636 videte
2335 582 2398 636 ⁵⁸.
2431 600 2450 633 ι
2484 580 2600 636 Nisi
2620 583 2801 652 itaque
2822 581 3200 646 longanimiter
3225 596 3387 652 agere

1803 671 1983 735 vellet,
2021 671 2229 725 monita
2264 686 2376 725 non
2419 669 2575 726 daret
2613 670 2753 736 illis,
2784 679 2842 724 ut
2875 670 3216 740 peragrando
3266 669 3384 725 edi-

1802 772 2023 820 scerent
2056 779 2123 819 ex
2148 763 2451 819 contrariis
2505 763 2635 818 boni
2683 763 3145 832 comparationem
3183 763 3380 819 discri-

1802 857 2232 927 menque.Certe
2252 856 2345 911 ubi
2362 856 2476 926 jam
2505 870 2613 910 non
2640 855 2871 910 ulterius
2894 855 3377 925 longanimitatem,

1803 948 1899 1002 sed
1959 949 2099 1001 iram
2150 947 2490 1017 singulorum
2552 960 2716 1016 opera
2769 952 3112 1016 provocant,
3161 946 3380 1001 demum

1801 1041 2126 1095 sententiam
2170 1039 2380 1110 profert
2414 1039 2501 1094 his
2541 1039 2759 1095 verbis:
2789 1056 2809 1089 ι
2851 1036 2973 1093 Νοη
3020 1039 3163 1092 ultra
3206 1039 3379 1093 feram

1794 1139 2023 1203 peccata
2060 1141 2263 1187 vestra.
2303 1151 2323 1185 ι
2362 1132 2462 1186 Ilio
2492 1139 2673 1187 autem
2711 1131 2898 1197 verbo,
2940 1148 2960 1181 ι
3003 1146 3110 1184 non
3154 1132 3316 1195 ultra,
3353 1150 3374 1183 ι

1798 1224 1979 1294 palam
2009 1223 2279 1294 significat
2303 1263 2319 1286 ,
2349 1238 2504 1279 suam
2536 1238 2663 1294 erga
2694 1221 2961 1277 Ninivitas
2995 1222 3382 1308 longanimita:

1797 1324 1930 1382 tem,
1959 1332 2113 1383 voce,
2165 1336 2184 1369 ‹
2227 1317 2425 1381 adhuc,
2477 1336 2496 1369 ι
2543 1317 2876 1372 declaratam
2923 1334 2939 1372 :
2979 1331 3192 1371 necnon
3225 1316 3378 1371 verni

1796 1409 1887 1466 sui
1933 1410 2240 1465 veritatem.
2284 1409 2627 1480 lmpossibile
2674 1410 2873 1480 quippe
2906 1415 3045 1472 erat,
3087 1422 3198 1463 non
3240 1423 3369 1463 vere

1800 1492 1982 1556 dicere
2005 1500 2171 1557 Deum
2193 1503 2320 1555 dum
2353 1501 2633 1572 quidpiam
2662 1501 2890 1565 diceret,
2924 1511 3018 1555 aut
3044 1501 3218 1556 solum
3246 1494 3378 1554 dum

1799 1588 2080 1663 quidpiam
2117 1588 2302 1649 Vellet.
2335 1590 2525 1660 'Quare
2573 1608 2699 1648 cum
2745 1592 3054 1648 Abrahamo
3102 1590 3379 1664 pollicitus

1801 1692 1967 1753 esset,
1994 1699 2339 1756 nequaquam
2368 1684 2633 1740 mentitus
2669 1691 2773 1750 est,
2815 1683 2912 1740 sed
2948 1684 3118 1738 ﬁlium
3154 1681 3379 1738 donavit

169 1772 394 1840 Αἰγόπτου
425 1771 508 1825 διά
540 1772 637 1825 τοῦ
680 1772 998 1844 ἱεροφάντου
1032 1771 1296 1836 Μωσέως.
1332 1773 1445 1827 Kal
1477 1772 1569 1826 τὸν
1597 1772 1695 1843 μὲν

1800 1776 1899 1841 illi,
1956 1770 2326 1846 populumque
2368 1774 2557 1829 eduxit
2604 1789 2671 1830 ex
2720 1772 2956 1845 .Egypto
3014 1788 3110 1843 per
3176 1782 3376 1828 oracu-

180 1865 327 1919 Ἰσαὰκ
352 1864 708 1937 ἐπληροφόρει
731 1868 798 1937 τῇ
828 1866 1143 1936 ὑποσχέσει,
1189 1866 1284 1919 καὶ
1327 1865 1538 1936 πατέρα
1576 1864 1699 1919 τοῦ-

170 1975 238 2010 τον
259 1958 405 2010 ἐποίει
428 1958 533 2011 τῶν
572 1958 669 2011 δύο
698 1957 843 2011 λαῶν
862 1974 877 1988 ο
924 1956 1022 2028 τῷ.
1040 1956 1096 2011 δὲ
1126 1950 1325 2010 Ἶακὼὸ
1356 1955 1697 2026 ἐπαγγειλά-

171 2066 296 2112 μενος
320 2048 539 2102 ἐδείκνυε
571 2049 667 2102 τὸν
703 2049 921 2121 Ἰωσήφ.
984 2050 1097 2102 Καὶ
1132 2048 1211 2118 τῷ
1252 2048 1351 2118 μὲν
1390 2048 1696 2119 πιστοτάτῳ

168 2137 319 2190 Μωσεῖ
335 2139 489 2191 ἐδίδου
512 2140 621 2191 τῶν
655 2138 965 2209 λεγομένων
983 2137 1083 2209 τὴν
1115 2138 1300 2190 πίστιν
1315 2137 1403 2190 διὰ
1427 2136 1536 2191 τῶν
1559 2154 1699 2210 συμ-

169 2226 409 2280 ϐαινόντων
463 2228 541 2299 τῷ
590 2227 794 2299 Φαραώ
831 2227 978 2301 (55)·
1014 2225 1091 2297 τῷ
1125 2226 1181 2279 δὲ
1221 2227 1385 2280 Δαδὶδ
1433 2228 1696 2296 ἐπαγγει-

166 2315 368 2387 λάμενος,
412 2310 663 2373 ἀπεδίδου
716 2318 815 2390 τὴν
859 2318 1153 2388 ὑπόσχεσιν
1183 2316 1273 2371 διὰ
1316 2317 1691 2389 Σολομῶντος·

162 2408 277 2478 λέγω
301 2410 355 2481 δὴ
388 2411 480 2482 τήν
507 2411 600 2465 τοῦ
625 2410 758 2464 ναοῦ
782 2411 1092 2482 οἰκοδομήν.

220 2594 262 2648 8.
287 2594 384 2647 Kal.
410 2594 460 2647 τί
492 2611 581 2665 μοι
605 2593 769 2664 χρεία
807 2590 1047 2654 πολλῶν;
1079 2587 1243 2642 Οὐδέν
1278 2589 1449 2655 ἐστιν,
1480 2586 1510 2640 ὃ
1545 2580 1695 2657 λέγει

168 2684 335 2749 ὁθεὺς,
354 2687 441 2738 καὶ
470 2685 794 2756 ἁπλήρωτον
826 2681 977 2734 τοῦτο
1011 2681 1181 2752 μένει.
1223 2678 1343 2732 Κᾶν
1378 2678 1695 2749 παραυτίκα

168 2792 230 2837 τις
268 2777 480 2847 όλιγωρῇ
537 2775 724 2845 ζητῶν
759 2773 851 2826 τὸν
882 2772 1062 2841 λόγον,
1109 2769 1245 2824 ἀλλά
1278 2768 1355 2840 τῷ
1379 2770 1554 2840 χρόνῳ
1597 2769 1695 2840 τὴν

169 2867 425 2939 ἀπόδοσινή
455 2868 751 2938 ὑπόσχεσις
803 2865 938 2935 ἔχει,
971 2865 1067 2919 καὶ
1110 2863 1190 2935 τῷ
1219 2865 1394 2935 χρόνῳ
1424 2863 1691 2935 πάντως-ἡ

169 2958 414 3025 ἐπαγγελία
461 2958 787 3030 πληροῦται.
832 2956 961 3009 Ἰδοὺ
1009 2954 1117 3027 γὰρ
1148 2956 1242 3007 καὶ
1270 2954 1337 3007 τὰ
1359 2954 1465 3026 πρὸ
1497 2954 1692 3008 πολλοῦ

166 3046 375 3118 λεχθέντα
402 3049 502 3103 ὑπὸ
547 3048 644 3103 τοῦ
685 3047 890 3114 Κυρίου
936 3046 1032 3100 καὶ
1062 3047 1130 3099 τὰ
1165 3045 1274 3117 πρὸ
1312 3044 1522 3099 πολλῶν
1551 3047 1696 3117 εἰρη-

172 3137 274 3207 μένα
299 3138 489 3208 χρόνων
507 3138 603 3191 νῦν
624 3139 684 3190 ὲν
707 3140 819 3200 τοῖς
843 3134 1194 3204 Εὑαγγελίοις
1221 3134 1438 3205 δρῶμεν
1458 3134 1563 3205 πλη
1572 3135 1694 3206 ρού-

172 3245 290 3297 μενα.
332 3230 543 3294 Ἡσαΐας
578 3230 681 3301 μὲν
706 3229 817 3300 γάρ
850 3227 1252 3299 προεφήτευσεν
1300 3226 1359 3293 ἐξ
1395 3226 1693 3297 ἀπειρογά-

166 3336 246 3386 μου
268 3323 503 3388 γυναικὸς
530 3315 891 3393 τεχθήσεσθαι
916 3318 1006 3371 τὸν
1044 3316 1390 3388 Ἐμμανουήλ
1407 3335 1420 3347 ·
1451 3317 1615 3380 αὐτὸς
1638 3317 1695 3371 δὲ

170 3414 217 3463 ἐκ
228 3415 412 3484 Μαρίας
429 3415 526 3481 τῆς
546 3412 828 3485 Παρθένου
853 3411 1133 3484 γεννηθεὶς
1169 3411 1263 3464 καὶ
1279 3409 1412 3473 Θεὸς
1440 3409 1695 3481 φαινόμε-

170 3519 251 3566 νος,
274 3505 488 3577 ἐπλήρου
508 3509 789 3577 προφήτου
813 3504 904 3557 τὸν
928 3503 1104 3572 λόγον.
1138 3502 1250 3556 Kal.
1277 3504 1305 3556 6
1337 3502 1435 3573 μὲν
1460 3500 1696 3571 Μιχαίας

170 3594 520 3665 προαπήγγειλε
553 3596 652 3649 καὶ
680 3595 769 3647 τὸν
801 3594 985 3657 τόπον,
1015 3595 1074 3646 ἐν
1100 3585 1145 3660 ᾧ
1177 3593 1360 3663 μέλλει
1392 3593 1421 3644 6
1463 3591 1696 3663 Χριστὸς

169 3686 439 3750 γεννᾶσθαιο
472 3688 637 3751 αὐτὸς
663 3686 721 3739 δέ
763 3684 983 3757 Κύριος,
1023 3686 1081 3739 ἐν
1113 3684 1361 3756 Βηθλεέμ
1379 3685 1471 3737 ἐπὶ
1491 3684 1696 3753 φάτνης

169 3774 483 3845 ἀδικείμενος,
510 3777 754 3831 ἐδείκνυε
774 3776 864 3830 τὸν
880 3775 1166 3847 προφήτην
1184 3773 1356 3846 ἀληθῆ
1375 3774 1507 3845 (56).
1528 3774 1636 3827 Kal.
1667 3776 1696 3826 6

172 3866 243 3934 μὲν
260 3868 501 3941 Ζαχαρίας
524 3869 912 3941 εὐηγγελίζετο
935 3871 1001 3939 τῇ
1041 3867 1390 3938 Ἰερουσαλὴμ
1450 3867 1548 3937 τὴν
1579 3865 1693 3918 εἴσ-

167 3957 256 4011 οδον
276 3962 356 4014 τοῦ
388 3963 639 4035 Σωτῆρος
659 3980 672 3991 ·
690 3962 851 4025 αὑτὸς
869 3961 925 4014 δὲ
941 3964 969 4015 6
987 3961 1212 4032 Κύριος,
1242 3959 1581 4015 ἀποστέλλων
1604 3959 1696 4012 ἐπὶ

168 4049 347 4105 τδνδνον
368 4055 473 4125 (37)
504 4056 603 4109 και
627 4054 1028 4125 εισερχόμενος,
1060 4055 1143 4122 ἐφ’
1169 4050 1360 4106 ἑαυτοῦ
1373 4050 1469 4122 τὴν
1485 4064 1696 4123 προφη-

170 4141 281 4194 τείαν
317 4145 631 4218 ἀνεπλήρου.
689 4146 800 4198 Kal.
826 4144 983 4210 ὅλως,
1019 4145 1106 4198 ἴνα
1146 4143 1220 4215 μὴ
1257 4143 1319 4196 τὸ
1355 4142 1694 4196 καθέκαστον

162 4229 367 4301 ’ὀνοΜω
393 4237 496 4289 τῶν
511 4236 935 4308 γεγραμμένων,
969 4236 1129 4298 αὑτὸς
1174 4235 1446 4306 πλήρωμα
1484 4234 1578 4287 τοῦ
1610 4234 1695 4287 νό-

174 4337 247 4386 μπυ
268 4326 348 4377 καὶ
380 4327 483 4379 τῶν
532 4326 833 4399 προφητῶν
886 4325 1130 4394 γέγονεν.
1180 4326 1246 4377 Ἀ
1284 4324 1392 4395 γὰρ
1417 4323 1482 4377 δι’
1515 4322 1693 4378 αὑτῶν

1794 1864 1976 1923 lorum
2004 1868 2447 1923 annuntia‘torem
2491 1866 2732 1938 Moysen.
2776 1866 2962 1920 Isaaco
2983 1865 3149 1920 etiam
3170 1869 3377 1919 certam

1796 1960 2215 2030 promissionem
2233 2028 2242 2039 |
2257 1959 2597 2014 denuntiavit
2614 2000 2628 2024 ,
2675 1958 3017 2029 duorumque
3056 1957 3378 2028 pepulormn

1798 2061 2007 2122 patrem
2070 2044 2247 2107 effecit
2309 2051 2461 2105 illum
2514 2069 2527 2104 :
2582 2048 2823 2114 Jacobo,
2881 2050 2959 2104 uti
3015 2044 3375 2120 promiserat,

1794 2134 2090 2215 Josephum
2138 2137 2385 2199 exhibuit
2443 2163 2457 2196 :
2501 2141 2672 2214 Moysi
2720 2142 3033 2198 fidelissimo
3083 2138 3376 2196 verborum

1798 2250 2021 2291 suorum
2045 2230 2202 2288 ﬁdem
2224 2226 2392 2299 dedit,
2414 2249 2512 2303 per
2534 2248 2596 2288 ea
2620 2250 2739 2304 qua:
2757 2233 3028 2287 Pharaoni
3060 2230 3336 2301 contigere
3358 2246 3373 2282 :

1796 2320 1987 2380 Davidi
2017 2342 2139 2381 eum
2168 2326 2446 2395 pollicitus
2475 2334 2642 2390 esset,
2680 2327 3095 2396 promissionem
3127 2326 3373 2395 implevit

1798 2431 1895 2486 per
1957 2415 2304 2471 Salomonem
2359 2435 2372 2470 :
2433 2417 2627 2486 loquor
2677 2426 2859 2471 autem
2914 2417 2979 2471 de
3040 2410 3222 2485 templi
3280 2428 3378 2469 ex-

1796 2508 2117 2563 structione.

1866 2597 1919 2651 8.
1960 2590 2167 2668 Ecquid
2213 2594 2346 2650 milii
2388 2597 2576 2652 multis
2615 2596 2795 2667 opus?
2833 2594 2977 2650 Nihil
3018 2610 3209 2651 eorum
3253 2610 3375 2667 quae

1796 2681 2086 2757 pollicetur
2126 2685 2273 2740 Deus
2303 2685 2566 2739 infectum
2602 2693 2803 2740 manet.
2842 2685 3068 2740 Etiamsi
3102 2687 3226 2755 quis
3258 2692 3368 2741 stac

1794 2777 1893 2830 tim
1946 2777 2127 2831 animo
2174 2774 2410 2838 deﬁciat,
2455 2774 2585 2828 dum
2621 2774 2744 2844 ejus
2792 2774 3018 2844 inquirit
3054 2775 3217 2829 verba
3262 2790 3275 2826 :
3319 2784 3375 2829 at

1795 2874 2039 2937 tempore
2079 2877 2179 2922 Sno
2207 2866 2626 2935 promissionem
2667 2882 2755 2919 res
2796 2867 3170 2936 consequitur,
3210 2872 3373 2937 atque

1797 2961 2015 3015 tandem
2062 2959 2381 3030 pollicitatio
2424 2958 2695 3028 impletur.
2744 2956 2884 3014 Ecce
2930 2959 3073 3013 enim
3126 2973 3213 3014 res
3259 2960 3371 3029 jam

1796 3052 1925 3105 olim
1973 3067 2004 3106 a
2053 3050 2279 3106 Domino
2323 3051 2673 3106 denuntiatas
2707 3059 2758 3107 et
2791 3050 2999 3120 jamdiu
3044 3051 3370 3112 deelaratas.

1796 3160 1944 3198 nunc
1984 3143 2037 3197 in
2074 3135 2382 3213 Evangeliis
2424 3144 2724 3213 completas
2763 3143 3031 3197 videmus.
3068 3141 3371 3213 Propheta-

1795 3232 1873 3284 vit
1895 3230 2086 3293 Isaias,
2125 3247 2187 3285 ex
2222 3233 2533 3302 nuptiarum
2555 3239 2777 3302 experte
2794 3233 3016 3287 muliere
3036 3234 3373 3288 nasciturum

1797 3321 2202 3376 Emmanuelem
2252 3341 2267 3377 :
2317 3323 2544 3394 ipseque
2586 3322 2731 3379 Deus
2779 3339 3047 3393 apparens
3086 3340 3153 3378 ex
3203 3323 3375 3378 Maria

1798 3409 2018 3484 Virgine
2073 3414 2311 3483 genitus,
2360 3415 2635 3485 prophetae
2697 3432 3003 3472 sermonem
3060 3416 3371 3485 complevit.

1798 3503 2047 3558 Michzeas
2083 3504 2257 3575 ipsum
2294 3507 2471 3560 locum
2506 3516 2628 3561 ante
2655 3506 2989 3575 designarat,
3020 3507 3074 3560 in
3121 3521 3229 3578 quo
3276 3522 3376 3561 na-

1797 3598 2037 3651 sciturus
2084 3596 2337 3654 Christus
2368 3608 2551 3663 esset;
2602 3600 2827 3668 ipseque
2860 3598 3121 3655 Dominus
3157 3599 3367 3655 Bethle-

1798 3686 1918 3741 liem
1951 3689 2004 3741 in
2045 3703 2285 3758 praesepe
2318 3690 2623 3761 repositus,
2660 3690 2980 3760 prephetam
3010 3707 3136 3746 vere
3164 3692 3371 3746 dixisse

1796 3777 2112 3833 declaravit.
2169 3774 2467 3834 Zacharias
2508 3777 2861 3850 Jerosolynuc
2902 3782 3208 3850 ingressum
3250 3779 3373 3835 Sal-

1795 3868 2002 3923 vatoris
2033 3869 2417 3938 pramuntiavit
2451 3888 2465 3921 :
2503 3870 2619 3939 ipse
2644 3870 2908 3926 Dominus
2939 3875 3152 3927 asinum
3182 3874 3376 3942 quasi-

1796 3967 1912 4013 tum
1951 3960 2194 4024 mittens,
2229 3971 2391 4030 atque
2425 3962 2518 4016 illo
2545 3974 2733 4017 vectus
2767 3962 3095 4032 ingrediens,
3133 3965 3371 4034 prephe-

1795 4052 1924 4104 tiam
1960 4051 2220 4121 implevit.
2259 4049 2317 4105 In
2361 4067 2592 4117 summa,
2632 4067 2701 4105 ne
2746 4053 2957 4123 singula
2998 4067 3118 4123 quae
3167 4056 3372 4124 scripta

1796 4150 1923 4198 sunt
1938 4154 2247 4199 recenseam
2269 4183 2284 4208 ,
2308 4144 2423 4213 ipse
2442 4144 2722 4213 plenitudo
2748 4145 2881 4213 legis
2912 4153 2965 4200 et
2984 4146 3371 4215 prophetarum

1793 4236 2018 4292 effectus
2069 4244 2175 4292 est.
2223 4234 2361 4291 Nam
2395 4253 2517 4306 quae
2562 4253 2658 4307 per
2697 4252 2795 4294 eos
2845 4240 3259 4307 praenuntiarat,
3305 4255 3372 4295 ea

1793 4320 2041 4399 praesens
2066 4326 2183 4398 ipse
2212 4328 2539 4399 complebat,
2563 4328 2851 4400 aiebatque
2888 4348 2902 4386 :
2939 4350 2957 4381 ι
2990 4325 3103 4399 Ego
3133 4331 3248 4400 ipse
3275 4331 3372 4401 qui

172 4419 547 4489 προαπήγγελλε,
578 4419 753 4473 ταῦτα
784 4418 973 4491 παρὼν
1012 4413 1172 4481 αὑτὸς
1202 4416 1436 4469 ἐτελείου
1466 4415 1690 4489 πληρῶν

1800 4418 2005 4487 loquor,
2028 4418 2219 4474 adsum
2233 4412 2297 4472 ⁸⁷.
2325 4436 2345 4470 ι
2366 4417 2446 4472 En
2472 4418 2652 4489 itaque
2678 4433 2800 4490 qua:
2826 4419 2956 4473 olim
2993 4419 3061 4474 de
3092 4417 3373 4476 Salvatore

170 4504 442 4578 καὶλέγων·
482 4529 501 4563 ι
532 4511 709 4575 Αὐτὸς
750 4509 780 4561 6
828 4505 1006 4564 λαλῶν
1065 4508 1318 4580 πάρειμι.
1369 4526 1388 4560 ι
1431 4507 1562 4561 ’1δοὺ
1595 4505 1691 4564 οὖν

170 4597 242 4649 καὶ
265 4599 351 4653 νῦν.
370 4602 473 4673 ('58)
498 4604 569 4657 τὰ
593 4602 762 4656 πάλαι
780 4598 1207 4671 ἀναφωνοὺμενα
1228 4599 1356 4671 περὶ
1386 4597 1482 4652 τοῦ
1509 4598 1693 4670 Σωτῆ-

168 4700 242 4755 ρος
266 4690 313 4743 ὲν
338 4696 438 4757 to";
469 4695 743 4764 Ψαλμοῖς,
775 4692 899 4764 ἄρτι
931 4692 1093 4747 πάλιν
1126 4688 1427 4763 πληροῦται
1455 4687 1543 4743 διὰ
1592 4688 1695 4760 τῆς

170 4777 253 4828 τῶν
272 4785 593 4853 στρατιωτῶν
615 4785 841 4855 τόλμης.
875 4784 943 4836 ’Δ
987 4782 1098 4852 γὰρ
1125 4784 1474 4855 προεσήμανε
1500 4780 1693 4836 παθεῖν

172 4868 313 4935 αὑτὸν,
332 4874 490 4929 ταῦτα
516 4876 616 4929 νῦν
644 4877 694 4930 οἱ
723 4876 885 4946 δῆμοι
925 4874 1191 4929 Ἰουδαίων
1226 4872 1530 4945 ἐνεργοῦσι,
1574 4872 1693 4925 δια-

174 4962 462 5033 μεριζόμενοι
490 4968 559 5022 τὰ
583 4968 777 5039 ἱμάτια
812 4966 907 5019 τοῦ
941 4966 1213 5037 Σωτῆρος,
1249 4966 1343 5019 καὶ
1380 4962 1694 5028 ποτίζοντες

170 5051 296 5105 αὑτὸν
321 5056 427 5123 ὅξος
456 5061 595 5131 μετά
618 5059 801 5131 χολῆς.
830 5077 848 5110 ι
868 5058 1050 5111 Ταῦτα
1081 5057 1212 5130 γὰρ,
1256 5078 1274 5109 ι
1304 5058 1492 5129 φησὶν,
1531 5075 1549 5109 ι
1584 5056 1699 5125 ἐγί-

1791 4511 1848 4566 in
1882 4509 2115 4566 Psalmis
2154 4509 2445 4581 praedicata
2485 4518 2634 4576 sunt,
2657 4510 2772 4567 haec
2809 4510 2923 4581 jam
2963 4510 3194 4566 militum
3232 4526 3371 4568 ausu

1792 4603 2153 4672 complentur.
2195 4601 2327 4670 Quae
2363 4602 2508 4657 enim
2549 4617 2842 4673 passurum
2881 4603 3061 4674 ipsum
3107 4617 3368 4673 praenun-

1794 4690 1982 4752 tiavit,
2046 4689 2161 4744 haec
2223 4688 2339 4759 jam
2403 4687 2717 4745 Iudaeorum
2785 4691 2971 4760 populi
3046 4690 3366 4759 perficiunt,

1793 4777 2098 4835 dividentes
2125 4780 2448 4835 vestimenta
2489 4777 2812 4843 Salvatoris,
2854 4786 2909 4833 et
2957 4787 3210 4850 potantes
3243 4796 3367 4835 eum

1795 4879 1952 4926 aceto
2017 4879 2181 4942 atque
2233 4869 2379 4926 felle.
2435 4890 2454 4924 ι
2512 4871 2639 4926 Haec
2708 4871 2875 4935 enim,
2957 4871 3155 4941 inquit,
3226 4870 3369 4925 facta

1794 4969 1943 5024 sunt.
2004 4969 2065 5015 ut
2116 4961 2474 5031 implerentur
2523 4960 2816 5032 Scriptura:
2868 4961 2913 4993 ³⁸
2968 4980 2982 5016 :
3050 4980 3070 5013 ›
3134 4976 3367 5031 quarum

1796 5056 1966 5110 altera
1999 5054 2133 5109 dicit
2165 5073 2178 5109 :
2219 5074 2236 5105 ι
2286 5053 2601 5111 Diviserunt
2641 5054 2746 5110 sibi
2790 5054 3109 5110 vestimenta
3146 5068 3288 5121 mea,
3315 5065 3371 5110 et

225 5206 262 5240 ³⁸
289 5207 468 5269 Jerem.
502 5231 564 5283 ιι,
603 5217 689 5273 10.
779 5215 824 5247 ³⁷
861 5214 964 5273 lsa.
1004 5233 1113 5283 LII,
1147 5216 1197 5271 6.
1276 5217 1321 5249 ³⁸
1360 5216 1549 5271 Matth.
1590 5228 1777 5281 xxvu,
1819 5215 1907 5270 55.

338 5347 644 5426 Basiliensis
672 5360 727 5407 et
755 5352 964 5426 Anglic.
1003 5353 1376 5426 προκαλεῖται.

228 5415 405 5509 lolii-lu
438 5422 600 5509 editis
635 5431 710 5502 et.
729 5415 1060 5509 quibusdam.
1099 5442 1233 5509 mAss.
1254 5421 1688 5509 ,ροειδηλουμί-

174 5494 264 5565 γην,
283 5488 482 5565 legitur.
508 5492 595 5547 διὰ
621 5492 716 5546 τοῦ
742 5488 844 5557 ἔτι,
877 5496 930 5548 in
959 5493 1093 5565 Reg.
1130 5488 1340 5565 Anglic.
1375 5502 1430 5550 et
1457 5488 1603 5548 Felc.
1632 5492 1686 5557 5,

127 5562 259 5623 “non
282 5555 516 5623 habetur.

155 5632 171 5661 ‘
340 5622 557 5704 Begius,
588 5632 753 5689 Basil.
786 5633 997 5704 Anglic.
1029 5634 1250 5704 Φαραῶ.

231 5692 320 5767 (δεῖ)
342 5686 489 5758 rere;
514 5686 568 5772 ξς,
599 5686 698 5776 τῇ
718 5686 1055 5777 «possem
1078 5686 1273 5777 mea.

1860 5351 1969 5417 (57)
2004 5348 2345 5420 Basiliensis,
2377 5346 2593 5420 églfrhv
2621 5347 2769 5420 ὄνον.
2805 5345 3033 5420 Ibidem,
3066 5344 3265 5420 Regius
3315 5353 3372 5403 et

1787 5416 1932 5475 Felc.
1984 5421 2037 5481 5,
2069 5420 2154 5472 ἐπ’
2181 5418 2368 5473 αὑτοῦ.
2413 5416 2580 5481 Editi,
2616 5417 2716 5487 ἐφ’
2754 5417 2968 5471 ἑαυτοῦ.
3008 5416 3368 5487 Anglicanus,

1786 5489 2000 5545 ἑαυτοῦ.
2039 5490 2239 5545 Ibidem
2271 5488 2418 5543 Felc.
2456 5489 2511 5551 '5,
2541 5486 2801 5557 ἐπλήρου.

1857 5562 1969 5632 (58)
1995 5559 2221 5632 Regius,
2243 5559 2532 5632 Anglic._et
2555 5556 2789 5632 fele._5._
2817 5556 2947 5632 ’1δοὺ
2968 5557 3063 5632 καὶ
3082 5556 3369 5632 νῦνζΕιίξξὶ

1784 5642 1839 5688 et
1870 5626 2243 5696 ὸωὶθτίξῚδοὺ
2271 5626 2363 5684 οὑν
2388 5629 2482 5683 καὶ
2521 5628 2636 5683 νῦν.
2683 5626 2815 5683 Ibid.
2845 5627 2934 5692 τά,
2963 5628 3117 5683 abest
3143 5644 3173 5681 υ
3200 5627 3365 5684 Basil.
