3890 6200
506 339 611 396 199

1757 324 2223 409 nnamsws.
2262 356 2334 373 -
2370 318 2597 382 busta.

3651 315 3761 372 τοι)

496 463 672 519 super
710 454 921 503 vestem
959 460 1134 502 meam
1166 446 1435 502 miserunt
1480 456 1679 501 sortem
1703 443 1757 481 ’³⁸
1788 464 1805 515 ;
1844 466 1863 500 ι
1904 447 2076 501 altera

2198 458 2318 503 πετο,
2345 440 2434 494 ἵνα
2482 435 2841 509 πληρωθῶσιν
2872 435 2928 487 αἱ
2954 429 3167 506 Γραφαί
3187 448 3200 462 ·
3239 450 3259 483 ι
3299 432 3333 502 ἡ
3367 398 3465 502 μὲν
3492 430 3759 499 λέγουσαι

510 557 637 596 vero
666 560 677 595 :
712 559 731 591 ‹
762 538 1037 595 Dcderunt
1060 538 1115 592 in
1144 553 1327 593 escam
1354 553 1529 594 meam
1558 535 1653 601 fel,
1685 538 1813 594 etin
1846 539 1935 595 siti
1961 555 2080 596 mea

496 639 831 706 .potaverunt
862 648 945 686 me
977 638 1132 686 aceto
1145 625 1212 688 ⁸⁵.
1234 650 1261 683 τ

576 923 629 977 9.
672 921 825 976 Multi
864 921 957 991 qui
995 919 1299 989 Evangelia
1328 918 1545 989 legunt,
1583 918 1869 974 audientes
1907 918 2074 972 illud:

502 1033 532 1067 -ι
597 1013 669 1069 Ut
718 1015 1036 1083 impleretur
1084 1012 1544 1082 quod,scriptum
1594 1019 1698 1074 est,
1760 1031 1778 1063 ι
1834 1011 2083 1065 arbitrati

506 1116 657 1172 sunt,
700 1121 763 1161 ea
802 1121 922 1175 quze
960 1115 1110 1175 gesta
1151 1111 1297 1165 sunt,
1325 1105 1472 1158 nulla
1515 1104 1621 1157 alia
1650 1101 1717 1157 de
1746 1118 1912 1157 causa
1944 1101 2082 1163 ﬁeri,

509 1215 672 1268 quam
724 1206 784 1251 ut
844 1196 1142 1269 Scriptura:
1188 1197 1544 1266 implerentur
1600 1214 1613 1250 :
1668 1202 1832 1264 atque
1891 1193 2087 1248 exinde

514 1293 885 1354 aestimarunt,
912 1305 1006 1346 eos
1034 1289 1126 1359 qui
1152 1289 1255 1343 ista
1284 1288 1543 1351 facerent,
1576 1303 1685 1341 non
1716 1285 1878 1340 modo
1909 1286 2088 1341 incul-

513 1392 667 1449 patos
690 1398 813 1437 esse
840 1400 855 1449 ;
886 1380 981 1435 scd
1012 1381 1194 1449 potius
1216 1379 1375 1433 laude
1395 1373 1736 1450 dignos,“
1787 1378 1933 1448 quod
1976 1393 2087 1433 non

512 1474 812 1546 peccando,
845 1472 942 1528 sed
980 1470 1284 1541 Scripturis
1316 1469 1700 1532 ministrando,
1733 1470 1863 1524 talia
1895 1484 2089 1540 perpe-

509 1573 721 1622 trarent
789 1583 804 1619 :
863 1579 1045 1636 neque
1101 1563 1244 1618 enim
1297 1577 1425 1617 vera
1476 1560 1647 1615 fuisse
1702 1560 2087 1630 prOphetarum

512 1659 698 1721 verba,
732 1656 840 1712 nisi
873 1664 995 1709 acta
1042 1669 1141 1710 sua
1182 1653 1477 1710 subsecuta
1522 1651 1774 1707 fuissent.
1807 1650 1965 1717 Quod
2008 1651 2087 1705 illi

513 1750 750 1821 maxime
791 1748 998 1820 opinati
1046 1757 1174 1802 sunt
1214 1762 1282 1801 ex
1330 1745 1419 1801 his
1459 1744 1737 1815 Evangelii
1788 1743 2088 1799 secundum

2186 553 2205 586 ι
2256 530 2642 603 Διεμερίσαντο
2684 528 2753 582 τά
2796 526 2990 597 ἱμάτιά
3020 542 3121 597 μου
3157 525 3393 586 ἑαυτοῖς,
3418 523 3512 576 καὶ
3541 521 3635 576 ἐπὶ
3665 521 3763 577 τὸν

2185 622 2475 696 ἱματισμόν
2502 639 2603 693 μου
2637 619 2827 673 ἔϐαλον
2859 618 3058 688 κλῆρον
3077 632 3091 645 ⁸
3131 634 3150 667 ι
3180 613 3289 685 ἠδὲ
3317 612 3507 667 πάλιν·
3541 630 3560 663 ι
3596 611 3766 665 Ἔδω-

2176 733 2285 769 νκαν
2306 716 2385 779 εἰς
2411 715 2472 767 τὸ
2509 711 2702 785 βρῶμά
2754 727 2856 782 μου
2891 709 3003 780 (59)
3034 707 3218 785 χολήν,
3246 706 3342 760 καὶ
3366 705 3445 768 είς
3469 702 3568 775 τὴν
3599 702 3764 775 δίψαν

2186 825 2287 879 μου
2311 806 2567 860 ὲπότισάν
2595 820 2661 874 με
2693 801 2833 869 ὅξος.
2870 821 2888 854 ι

2255 923 2307 978 9.
2347 919 2559 983 Πολλοὶ,
2608 920 2720 981 τοῖς
2764 913 3117 983 Εὑαγγελίοις
3175 910 3589 981 ἐντυγχάνοντες
3609 949 3624 975 ,
3664 908 3764 964 καὶ

2186 1012 2472 1074 ἀκούοντες
2510 1009 2591 1072 τὸ,
2640 1028 2659 1059 ι
2693 1008 2811 1060 ἰνα
2850 1004 3111 1076 πληρωθῇ
3173 1001 3235 1055 τὸ
3282 999 3698 1072 γεγραμμένον,
3737 1018 3757 1049 ι

2184 1105 2443 1176 ἐνόμισαν
2487 1103 2557 1155 τά
2584 1101 2845 1171 γινόμενα
2876 1099 2942 1151 δι’
2993 1098 3145 1151 οὐδὲν
3197 1097 3383 1166 ἓτερον
3430 1092 3699 1162 γίνεσθαι,
3726 1091 3762 1161 ἢ

2182 1197 2275 1250 ’ἵνα
2301 1193 2561 1267 πληρωθῇ
2591 1192 2660 1246 τά
2695 1186 3055 1261 γεγραμμένα
3075 1207 3087 1219 ·
3121 1190 3214 1241 καὶ
3254 1189 3317 1240 ἐκ
3347 1185 3548 1239 τούτων
3573 1184 3763 1255 ᾠήθη-

2189 1304 2287 1340 σαν
2317 1286 2391 1358 μὴ
2423 1286 2580 1357 μόνον
2611 1283 2884 1345 ἀναιτίους
2915 1278 3053 1334 εἶναι
3080 1282 3205 1345 τοὺς
3241 1281 3593 1349 πράττοντας,
3622 1276 3764 1330 ἀλλά

2187 1382 2281 1433 καὶ
2316 1380 2512 1451 μᾶλλον
2534 1378 2714 1451 ἀξίους
2743 1376 2987 1439 ἐπαίνου,
3009 1376 3089 1428 ὅτι
3116 1375 3214 1445 οὐχ
3232 1374 3307 1436 ῶς
3334 1372 3760 1444 ἁμαρτάνοντες,

2183 1471 2301 1525 ἀλλ’
2332 1471 2406 1534 ῶς
2434 1469 2802 1533 διακονοῦντες
2830 1471 2944 1531 τοῖς
2992 1464 3398 1538 γεγραμμένοις
3444 1462 3726 1533 ἐνεργοῦσι
3745 1480 3760 1493 ·

2192 1565 2266 1636 μὴ
2298 1564 2405 1635 γὰρ
2432 1563 2498 1617 ἂν
2553 1562 2771 1633 ἀληθεῖς
2817 1558 3144 1631 γεγενῆσθαι
3170 1557 3279 1611 τῶν
3312 1555 3603 1629 προφητῶν
3637 1556 3767 1618 τοὺς

2187 1656 2397 1725 λόγους,
2448 1657 2498 1708 εἰ
2540 1656 2613 1727 μὴ
2677 1654 2879 1708 τούτων
2925 1649 3065 1724 ἦσαν
3112 1652 3168 1704 αἱ
3221 1650 3467 1722 πράξεις.
3513 1648 3770 1702 Μάλιστα

2189 1748 2246 1801 δὲ
2268 1747 2476 1818 (ιο-ιι)
2509 1746 2684 1801 ταῦτα
2715 1745 2984 1799 ὑπέλαϐον
3015 1747 3079 1798 ὲκ
3103 1742 3212 1796 τῶν
3235 1743 3314 1805 είς
3331 1740 3394 1794 τὸ
3418 1740 3558 1795 κατά
3584 1740 3772 1794 Ἰωάν-

509 1840 774 1897 Joannem
813 1839 997 1902 dictis,
1028 1838 1118 1892 ubi
1157 1852 1280 1890 cum
1313 1834 1625 1890 Iudaeorum
1658 1841 1876 1891 enarrat
1910 1833 2083 1887 incre-

2198 1856 2287 1910 νην
2318 1838 2496 1910 ῥητῶν
2518 1836 2848 1907 κινηθέντες,
2874 1834 3022 1901 ἔνθα,
3045 1834 3153 1889 τῶν
3184 1833 3453 1888 Ἰουδαίων
3488 1831 3587 1903 τὴν
3634 1832 3773 1885 ἀπι-

515 1933 822 1994 dulitatem,
876 1947 942 1985 ex
1002 1929 1155 1984 Isaize
1198 1929 1477 1998 prophetia
1513 1928 1594 1982 sic
1628 1927 1701 1980 ait
1732 1944 1746 1981 :
1780 1944 1802 1977 ι
1842 1924 1976 1979 Cum
2011 1932 2091 1977 tot

517 2024 675 2092 signa
698 2036 883 2076 coram
909 2021 991 2075 eis
1020 2020 1260 2083 iecisset,
1286 2033 1395 2073 non
1419 2018 1768 2074 crediderunt
1794 2036 1806 2071 :
1832 2024 1891 2069 ut
1913 2031 2092 2071 sermo

506 2110 670 2167 ‘lsaiaa
710 2110 987 2181 prophetae
1021 2110 1359 2181 impleretur,
1390 2124 1547 2180 quem
1579 2108 1719 2163 dixit
1774 2127 1787 2162 :
1839 2106 2088 2171 Domine,

510 2204 642 2275 quis
670 2203 904 2258 credidit
937 2202 1149 2257 auditui
1188 2202 1417 2257 nostro?
1456 2208 1512 2257 et
1550 2200 1835 2256 brachium
1875 2198 2091 2253 Domini

506 2297 606 2352 -c.ui
635 2295 931 2350 revelatum
963 2305 1049 2350 est
1079 2294 1159 2348 ιιι
1197 2314 1216 2346 ›
1252 2292 1310 2348 Si
1341 2294 1485 2348 enim
1529 2291 1652 2347 ideo
1689 2307 1799 2346 non
1844 2290 2092 2346 credide-

513 2394 646 2439 runt
690 2382 895 2446 Judaei,
934 2395 992 2439 ut
1040 2383 1193 2439 Isaia:
1240 2398 1421 2439 sermo
1464 2383 1823 2452 impleretur;
1859 2395 1970 2435 non
2010 2381 2086 2434 illi

508 2477 919 2532 incredulitatis
949 2491 1062 2531 sua:
1089 2490 1257 2529 causa
1286 2481 1434 2537 sunt,
1470 2473 1564 2529 sed
1596 2474 1690 2542 qui
1727 2472 1830 2525 ista
1858 2470 2090 2533 dixerat,

519 2571 663 2625 unde
697 2568 898 2624 factum
941 2576 1047 2624 est“
1064 2579 1123 2623 ut
1156 2570 1272 2623 bzec
1314 2566 1740 2637 complerentur.
1782 2564 1953 2628 Tolle,
2004 2565 2091 2618 in-

513 2664 727 2733 quient,
750 2663 1031 2732 prOphctae
1060 2660 1307 2722 verbum,
1341 2667 1394 2714 et
1427 2659 1586 2728 plane
1627 2656 1869 2711 futurum
1908 2665 1992 2712 est
2034 2667 2094 2712 ut

520 2756 598 2809 illi
627 2755 875 2810 credant.
904 2752 1012 2808 Sed
1042 2754 1157 2807 haec
1185 2751 1562 2822 ejusmodique
1601 2751 1867 2805 sententia
1896 2766 1925 2802 a
1955 2752 2094 2804 veri-

518 2853 631 2901 tate
682 2846 916 2900 multum
967 2844 1184 2898 aberrat
1241 2862 1254 2897 :
1313 2856 1439 2895 nam
1489 2857 1666 2911 neque
1717 2843 1980 2912 propheta
2037 2843 2094 2895 in

518 2951 690 2992 causa
735 2937 845 2991 illis
895 2943 1001 2999 est,
1049 2950 1226 3005 neque
1274 2932 1447 2987 Judaai
1489 2933 1650 3003 culpa
1692 2931 2093 2987 incredulitatis

522 3037 652 3084 sunt
692 3028 872 3083 liberi.
912 3027 1018 3081 Sed
1062 3026 1352 3097 propheta,
1382 3024 1721 3094 prospiciens
1748 3039 1868 3094 quae
1897 3022 2094 3078 facturi

514 3127 739 3186 essent,
776 3135 841 3174 ea
870 3117 1257 3190 praenuntiavit
1288 3136 1302 3170 :
1338 3116 1442 3187 ipsi
1472 3131 1604 3171 vero
1633 3115 1847 3180 deinde,
1878 3131 1942 3170 ea
1972 3130 2097 3186 pero

516 3221 825 3286 petrantes,
875 3212 1295 3267 declaraverunt
1353 3225 1542 3264 verum
1599 3208 1769 3265 fuisse
1824 3204 2165 3280 prophetaaC

520 3321 836 3362 sermonem
906 3322 920 3358 :
982 3317 1084 3357 nec
1139 3301 1297 3371 quasi
1357 3299 1689 3371 propheticis
1754 3302 2098 3355 sermonibus

520 3399 925 3459 ministrarent,
956 3394 1074 3448 haec
1109 3401 1302 3448 contra
1333 3393 1612 3447 Christum
1648 3400 1775 3447 sunt
1803 3392 1957 3456 ausi;
2004 3393 2099 3447 sed

524 3505 625 3546 sua
658 3496 873 3559 sponte,
906 3494 1101 3557 squte
1122 3488 1406 3557 proposito
1434 3502 1498 3541 ea
1522 3485 1767 3540 facinora
1795 3486 2096 3541 admisere:

523 3580 602 3634 ita
630 3588 691 3634 ut
718 3593 1061 3648 nequaquam
1091 3576 1200 3630 illis
1240 3575 1296 3630 in
1335 3591 1502 3631 causa
1531 3574 1988 3645 fuerit'propheta,
2007 3576 2103 3631 sed

523 3687 626 3727 sua
654 3673 898 3741 ipsorum
930 3670 1185 3724 voluntas
1211 3686 1226 3731 ;
1265 3668 1377 3722 imo
1412 3668 1517 3737 ipsi
1544 3668 1723 3737 potius
1748 3667 2025 3738 pr0phet:e
2045 3669 2101 3722 in

521 3779 693 3818 causa
731 3762 971 3824 fuerunt,
1002 3768 1062 3815 ut
1094 3760 1224 3814 talia
1252 3758 1320 3815 de
1354 3760 1490 3830 ipsis
1530 3760 1937 3830 pramuntiaret.
1966 3758 2101 3812 Nam

524 3856 802 3926 propheta:
829 3853 1047 3924 quidem
1071 3850 1357 3923 proprium
1380 3859 1463 3906 est
1492 3850 1674 3906 futura
1698 3852 1903 3916 videre,
1926 3867 2105 3922 neque

527 3945 854 4023 hallucinari
888 3962 902 3998 :
932 3958 1160 4012 operum
1194 3950 1377 3997 autem
1411 3941 1646 4012 quisque
1675 3958 1897 3999 suorum
1918 3944 2107 3997 volun-

526 4048 693 4094 tatem
717 4052 938 4091 causam
963 4035 1147 4091 habet.
1183 4034 1245 4088 Et
1268 4034 1723 4105 quemadmodum
1752 4051 1874 4100 nos,
1896 4050 1960 4090 ea
1982 4051 2105 4106 qua:

528 4131 583 4184 in
616 4137 918 4199 conspectu
960 4141 1091 4182 sunt
1131 4126 1399 4189 videntes,
1453 4142 1793 4197 nequaquam
1841 4124 2102 4192 fallimur,

526 4238 708 4293 neque
745 4236 845 4275 nos
886 4220 996 4274 alio
1042 4218 1203 4274 modo
1249 4217 1497 4273 videmus
1540 4234 1702 4288 quam
1740 4218 1889 4281 ﬁant,
1929 4232 2106 4288 neque

529 4315 637 4367 alio
673 4312 835 4367 modo
864 4310 1019 4377 ﬁunt,
1046 4324 1210 4380 quam
1240 4324 1341 4364 nos
1377 4310 1700 4376 videamus;
1734 4308 1827 4365 sed
1859 4317 1918 4363 ut
1946 4308 2101 4373 fiunt,

526 4405 801 4470 videmus,
849 4411 903 4458 et
943 4410 1003 4457 ut
1057 4401 1308 4457 videmus
1351 4401 1528 4468 ﬁunt;
1563 4417 1631 4457 eo
1676 4417 1893 4472 quoque
1940 4401 2104 4456 modo

528 4497 810 4569 propheta:
882 4494 1066 4548 futura
1118 4502 1377 4565 tanquam
1444 4494 1735 4565 praesentia
1793 4493 2101 4549 videbant:

2198 1929 2349 1982 στίαν
2397 1929 2771 2001 διηγούμενος,
2817 1926 2959 1981 κατά
3004 1926 3103 1998 τὴν
3158 1925 3379 1978 Ἠσαίου
3432 1922 3772 1995 προφητείαν

2197 2025 2364 2096 φησί’
2403 2044 2421 2075 ι
2444 2022 2690 2077 Τοσαῦτα
2728 2023 2785 2075 δὲ
2825 2020 2990 2075 αὐτοῦ
3035 2023 3232 2092 σημεῖα
3273 2020 3628 2089 πεποιηκότος
3669 2016 3775 2088 ἐμ·-

2196 2116 2427 2187 προσθεν
2457 2116 2656 2179 αὐτῶν,
2683 2116 2784 2169 οὐκ
2804 2115 3162 2167 ἐπίστευσαν·
3191 2113 3279 2168 ἵνα
3301 2115 3329 2166 6
3355 2112 3511 2180 λόγος
3546 2111 3773 2165 Ἡσαΐου

2192 2206 2287 2259 τοῦ
2337 2208 2615 2279 προφήτου
2661 2206 2772 2276 (42)
2810 2204 3095 2276 πληρωθῇ,
3159 2204 3218 2258 ὃν
3267 2201 3386 2258 εἷπε
3410 2220 3424 2235 ·
3457 2203 3649 2273 Κύριε,
3686 2202 3775 2264 τίς

2194 2297 2476 2351 ἐπίστευσε
2500 2301 2566 2370 τῇ
2592 2300 2729 2370 ἀκοῇ
2767 2296 2923 2369 ήμῶν
2945 2313 2961 2361 ;
2992 2297 3087 2349 καὶ
3112 2298 3140 2349 6
3175 2295 3411 2367 βραχίων
3439 2295 3644 2366 Κυρίου
3664 2294 3777 2347 τίνι

2195 2390 2589 2460 ἀπεκαλύφθη;
2642 2410 2659 2441 ι
2702 2391 2765 2443 Ei
2798 2389 2935 2462 γὰρ,
2983 2390 3069 2443 ἵνα
3098 2390 3127 2442 6
3176 2389 3333 2457 λόγος
3374 2387 3594 2441 Ἡσαΐου
3633 2385 3778 2455 πλη-

2200 2481 2366 2553 ρωθῇ,
2390 2483 2488 2535 οὐκ
2515 2482 2795 2536 ἐπίστευον
2817 2485 2867 2535 οί
2906 2481 3167 2545 Ἰουδαῖοι,
3198 2481 3298 2534 οὐκ
3325 2479 3479 2533 αὐτοὶ
3503 2479 3602 2548 τῆς
3643 2478 3777 2531 ἀπι-

2198 2575 2348 2638 στίας
2376 2572 2557 2638 αἴτιοι,
2592 2574 2707 2628 ἀλλ’
2739 2577 2768 2628 6
2808 2573 2981 2627 ταῦτα
3008 2571 3264 2644 εἰρηκὼς,
3298 2571 3364 2624 δι’
3388 2572 3447 2625 ὃν
3480 2571 3573 2625 καὶ
3597 2570 3777 2623 ταῦτα

2198 2666 2574 2736 πεπλήρωται.
2621 2662 2793 2738 τΑρον
2843 2665 2971 2737 γὰρ,
3028 2666 3280 2736 φήσουσι,
3343 2662 3435 2717 τὸν
3472 2662 3626 2732 λόγον
3675 2660 3775 2714 τοῦ

2197 2760 2494 2829 προφήτου,
2535 2758 2626 2811 καὶ
2671 2759 2885 2820 πάντως
2920 2760 3114 2812 ὲκεῖνοι
3152 2756 3547 2810 πιστεύσουσιν.
3609 2752 3779 2806 Ἀλλά

2193 2850 2364 2903 ταῦτα
2392 2849 2483 2902 καὶ
2516 2852 2548 2919 ή
2575 2849 2793 2920 τοιαύτη
2827 2849 3035 2904 διάνοια
3060 2849 3194 2903 πολὺ
3223 2848 3323 2919 τῆς
3345 2847 3602 2918 ἀληθείας
3627 2848 3776 2900 ἀποι

2194 2940 2301 2994 δέει
2327 2941 2437 3013 (45)
2458 2958 2471 2970 ·
2495 2939 2617 2993 οὕτε
2649 2941 2757 3013 γὰρ
2782 2942 2811 2993 6
2853 2942 3139 3011 προφήτης
3167 2939 3339 3003 αἴτιος
3375 2937 3607 3002 τούτοις,
3650 2936 3782 2991 οὕτε

2194 3036 2243 3087 οἱ
2282 3033 2520 3088 Ἰουδαῖοι
2545 3033 2643 3103 τῆς
2679 3031 2933 3095 ἀπιστίας
2971 3030 3177 3085 ἑαυτῶν
3208 3031 3437 3084 ἀναίτιοι
3476 3028 3781 3098 τυγχάνουο

2199 3141 2281 3178 σιν
2305 3141 2318 3154 ·
2370 3125 2486 3178 ἀλλ’
2517 3126 2545 3176 6
2600 3123 2697 3194 μὲν
2749 3124 3052 3194 προφήτης,
3089 3122 3410 3194 προϐλέπων
3441 3120 3477 3174 ὃ.
3522 3120 3784 3191 μέλλουσι

2200 3215 2479 3286 πράττειν,
2533 3213 2862 3284 ἀπήγγειλεν
2887 3230 2899 3243 ·
2937 3214 3089 3267 αὐτοὶ
3118 3213 3171 3266 δὲ
3231 3211 3369 3283 μετὰ
3405 3211 3574 3265 ταῦτα
3605 3211 3788 3284 πράτο

2198 3323 2401 3369 τοντες,
2462 3304 2730 3358 ἐδείκνυον
2790 3303 2882 3358 τοῦ
2919 3305 3198 3375 προφήτου
3243 3304 3334 3357 τὸν
3378 3303 3535 3372 λόγον
3559 3302 3740 3376 ἀληθῆ
3766 3319 3784 3335 ’

2200 3396 2293 3450 καὶ
2343 3398 2440 3466 οὐχ
2505 3395 2580 3459 ὡς
2627 3394 3001 3458 διακονοῦντες
3057 3398 3170 3459 τοῖς
3228 3392 3593 3468 προφητικοῖξ
3643 3396 3786 3467 (Ml,

2199 3488 2439 3559 ἐτόλμων
2502 3487 2644 3541 κατὰ
2695 3487 2787 3541 τοῦ
2843 3488 3114 3558 Σωτῆρος,
3159 3486 3295 3540 ἀλλά
3350 3490 3415 3559 τῇ
3462 3486 3791 3558 προαιρέσει

2201 3579 2446 3643 θέλοντες
2476 3578 2743 3651 ἔπραττον
2775 3578 2845 3633 τά
2876 3580 3177 3650 πράγματα
3201 3597 3213 3609 ·
3240 3580 3381 3634 ὥστε
3419 3580 3509 3634 τὸν
3541 3581 3641 3652 μὲν
3670 3581 3790 3653 (45)

2202 3674 2483 3744 προφήτην
2533 3672 2607 3741 μὴ
2648 3672 2817 3724 αἴτιον
2872 3672 3056 3734 αὐτοῖς
3113 3671 3459 3741 γεγενῆσθαι,
3501 3672 3640 3726 ἀλλά
3689 3673 3794 3744 τὴν

2202 3763 2517 3834 προαίρεσιν
2538 3762 2715 3816 αὐτῶν
2736 3779 2749 3791 ⁸
2781 3762 2976 3826 αὐτοὺς
3002 3762 3057 3816 δὲ
3106 3762 3303 3833 μᾶλλον
3333 3763 3536 3827 αἰτίους
3556 3766 3796 3834 γεγενῆ-

2209 3857 2331 3909 σθαι
2361 3854 2439 3924 τῷ
2466 3855 2718 3928 προφήτῃ
2739 3854 2833 3906 τοῦ
2859 3854 3032 3908 ταῦτα
3064 3855 3224 3908 αὐτὸν
3243 3857 3371 3927 περὶ
3387 3856 3563 3909 αὐτῶν
3586 3859 3792 3910 εἰπεῖν.

2205 3948 2310 4002 Τοῦ
2345 3949 2440 4018 μὲν
2466 3948 2573 4017 γὰρ
2597 3949 2875 4018 προφήτου
2905 3947 3034 4001 ἴδιόν
3063 3949 3207 4001 ἐστιν
3241 3949 3371 4020 όρᾷν
3407 3947 3477 4001 τὰ
3498 3948 3794 4020 μέλλοντα,

2204 4040 2300 4093 καὶ
2332 4039 2407 4109 μὴ
2466 4038 2793 4109 σφάλλεσθαι
2821 4056 2837 4071 ο
2877 4039 2985 4092 τῶν
3029 4039 3087 4093 δὲ
3137 4040 3386 4112 πράξεων
3427 4040 3657 4103 ἕκαστος
3686 4042 3799 4113 τὴν

2209 4132 2342 4186 ίδίαν
2371 4132 2687 4204 προαίρεσιν
2714 4133 2894 4187 αἰτίαν
2920 4134 3054 4206 ἔχει.
3085 4135 3196 4188 Καὶ
3213 4134 3400 4207 ῶσπερ
3429 4138 3589 4207 ἡμεῖς
3626 4136 3703 4191 τὰ
3733 4140 3799 4192 ὲν

2203 4223 2498 4294 ὀφθαλμοῖς
2540 4223 2791 4295 ὁρῶντες,
2825 4226 2885 4278 οὐ
2931 4226 3274 4297 σφαλλόμεθα
3315 4226 3619 4297 βλέποντες,
3661 4230 3800 4284 οὐδὲ

2205 4312 2379 4376 ἄλλως
2411 4313 2506 4384 μὲν
2539 4313 2830 4385 βλέπομεν,
2856 4313 3030 4378 ἄλλως
3053 4314 3109 4367 δὲ
3131 4316 3337 4382 γίνεται
3361 4332 3374 4345 ⁸
3398 4315 3510 4369 ἀλλ’
3534 4315 3613 4379 ὼς
3638 4316 3806 4385 τίνε-

2204 4421 2333 4468 ται,
2370 4403 2657 4475 βλέπομεν,
2688 4405 2781 4458 καὶ
2808 4405 2881 4469 ῶς
2908 4405 3198 4477 βλέπομεν,
3230 4406 3470 4475 γίνεται’
3502 4405 3647 4459 οὓτω
3696 4410 3800 4462 καὶ

2205 4498 2254 4548 οἱ
2284 4495 2560 4566 προφῆται
2585 4494 2649 4549 τά
2683 4495 2941 4565 μέλλοντα
2970 4496 3046 4560 ὡς
3074 4497 3315 4570 παρόντα
3341 4496 3593 4549 ἔϐλεπονε
3632 4499 3743 4552 καὶ
3763 4501 3803 4555 ἃ

526 4601 933 4657 accessumque
967 4593 1087 4641 erat
1130 4594 1189 4639 ut
1222 4585 1413 4640 tierent
1448 4600 1513 4639 ea
1556 4600 1678 4655 quae
1709 4584 1813 4655 ipsi
1836 4584 2094 4649 viderent,

2210 4557 2467 4645 ἔϐλεπον..
2481 4586 2585 4639 ἔδει
2606 4557 2856 4654 γενέσθαι
2893 4557 3238 4658 (“Laut-ra
3268 4588 3524 4659 γινόμενα
3565 4589 3805 4654 πάντως

522 4691 584 4737 et
615 4680 883 4746 vicissim,
910 4688 972 4733 ut
1009 4677 1255 4733 viderent
1282 4677 1385 4747 ipsi
1418 4694 1539 4748 quae
1577 4678 1759 4734 futura
1796 4685 1998 4733 essent.
2038 4677 2094 4731 Et

2209 4681 2342 4753 όρᾷν
2399 4680 2524 4735 ἔδει.
2580 4681 2688 4734 Καὶ
2722 4681 2904 4745 πάλιν,
2939 4680 3127 4751 ὥσπερ
3160 4684 3321 4753 ἡμεῖς
3349 4680 3385 4735 ἃ
3420 4680 3699 4751 βλέπομεν
3738 4686 3802 4736 ὲν

527 4786 776 4840 rursum,
805 4768 1265 4841 quemadmodum
1308 4784 1431 4839 qua:
1472 4771 1648 4824 oculis
1694 4769 1964 4833 videmus,
2005 4786 2094 4824 ne-

2210 4771 2525 4843 ὀφθαλμοίς,
2560 4772 2770 4844 ἀνάγκη
2816 4774 3032 4836 πάντως
3067 4767 3226 4837 εἶναι,
3264 4772 3333 4826 τά
3362 4772 3469 4843 γὰρ
3501 4772 3631 4826 ὄντα
3670 4773 3809 4844 βλέ-

527 4880 688 4921 cesse
715 4878 943 4934 prorsus
965 4871 1050 4916 est
1078 4866 1137 4914 ut
1174 4860 1461 4925 exsistant,
1493 4876 1618 4915 nam
1648 4877 1769 4932 quae
1794 4870 1922 4917 sunt
1951 4863 2094 4918 vide-

2211 4881 2405 4936 πομεν,
2440 4864 2532 4918 καὶ
2562 4865 2662 4918 οὐκ
2694 4864 2841 4918 ἔστιν
2867 4864 3043 4929 ἄλλως
3080 4863 3333 4935 γενέσθαι
3363 4864 3396 4935 ἦ
3434 4863 3509 4927 ὡς
3535 4863 3772 4936 ὁρῶμεν
3791 4882 3805 4894 ·

532 4974 678 5022 mus,
720 4970 899 5026 neque
935 4953 1044 5009 alio
1078 4959 1310 5023 possunt
1343 4968 1466 5009 esse
1494 4953 1656 5009 modo
1690 4969 1854 5024 quam
1884 4970 1986 5010 nos
2017 4956 2094 5010 vi-

2204 4955 2347 5009 οὖτω
2383 4958 2479 5010 καὶ
2522 4957 2572 5009 οἱ
2624 4956 2920 5028 προφῆται,
2954 4956 2990 5010 ἃ
3030 4956 3382 5028 προέ6λεπον,
3413 4957 3519 5011 ἔδει
3567 4958 3810 5026 πάντως

525 5049 759 5106 deamus
781 5048 898 5116 ;sic
910 5053 965 5102 et
984 5044 1399 5116 quazlpropheta:
1421 5046 1846 5116 prospiciebant,
1876 5062 2094 5104 necesse

2208 5044 2370 5116 εἶναι,
2403 5051 2498 5104 καὶ
2531 5049 2607 5121 μὴ
2656 5048 2831 5113 ἄλλως
2881 5049 3125 5117 γίνεσθαι
3160 5049 3193 5121 ή
3232 5050 3307 5114 ὡς
3345 5052 3807 5123 προεωράκασιν.

606 5209 652 5242 ³⁹
690 5207 832 5263 Psal.
870 5227 993 5277 xxi,
1026 5211 1110 5266 l9.
1186 5208 1232 5241 “’
1269 5206 1417 5263 Psal.
1454 5215 1659 5262 vatn.
1692 5199 1784 5257 22.
1858 5203 1902 5235 ⁶¹
1941 5200 2047 5260 lsa.
2082 5218 2217 5272 un,
2256 5206 2277 5259 1
2312 5222 2327 5272 ;
2362 5202 2521 5260 Joan.
2557 5221 2631 5260 xn
2654 5245 2670 5271 ,
2704 5206 2890 5271 37,38.

2214 5382 2368 5439 abest
2397 5384 2466 5437 ab
2492 5384 2682 5440 eodem

2283 5453 2398 5526 (ιι)
2424 5453 2571 5526 Felc.
2596 5455 2649 5526 5,
2692 5457 2802 5518 τοῖς
2831 5454 3156 5526 προφήταις.

2284 5470 2398 5592 tu;
2424 5470 2571 5510 r’etc.
2596 5470 2649 5514 ο,
2692 5470 2802 5518 τοις
2831 5470 3077 5579 σὲροφητα

2284 5525 2377 5592 (45
2434 5524 2571 5589 Μέν,
2601 5525 2757 5579 abest
2777 5540 2806 5578 a
2889 5525 2992 5589 elc.
3023 5525 3077 5581 5.

2283 5592 2395 5664 (46)
2436 5592 2583 5649 Félc.
2623 5596 2677 5665 5,
2707 5594 2932 5649 ἔϐλεπον
2960 5597 3047 5649 ἀεὶ
3075 5595 3351 5665 γενέσθαι.
3381 5594 3443 5651 In
3473 5595 3673 5655 eodem
3710 5600 3812 5661 ir.-

2212 5663 2300 5719 fra
2330 5666 2386 5721 ὲν
2418 5674 2557 5721 ante
2576 5664 2895 5737 ὀφθαλμοῖς,
2930 5663 3098 5724 deest.

610 5389 723 5461 (59)
755 5392 895 5454 Μου,
938 5391 1092 5448 abest
1127 5406 1159 5445 a
1203 5389 1465 5461 Basilaet
1510 5386 1721 5461 Anglic.
1753 5384 1925 5440 Paulo
1961 5394 2106 5455 post,

534 5458 824 5533 Anglican.
857 5461 1048 5533 [Ιολλοὶ
1084 5461 1193 5533 γάρ
1222 5458 1740 5533 τοῖς-Εὐαγγελίοις.

609 5528 1196 5603 (ιο-ιιχΒεείιίεηέίέ,
1233 5528 1543 5603 μᾶλλον-δέ,

609 5593 722 5672 (42)
755 5594 860 5658 Τοῦ
895 5593 1197 5675 προφήτου,
1233 5593 1395 5658 deest
1426 5600 1484 5654 in
1514 5597 1801 5655 Basiliensi
1837 5602 1892 5651 et
1921 5593 2109 5667 Angli-

530 5684 736 5814 αἰδὲ)
770 5736 915 5799 Felc.
947 5743 1016 5817 5,,
1034 5742 1208 5811 solus,
1245 5739 1450 5797 ἀποδεῖ.
1486 5738 1656 5795 Paulo
1694 5744 1838 5809 post,
1873 5735 2103 5802 ἑαυτῶν,
