3890 6200
173 286 266 340 εοι

1218 277 1306 335 DE
1345 276 1685 335 PASSIONE
1712 275 1801 332 ET
1841 273 2076 332 CRUCE
2117 273 2376 330 DOMINI.

3347 283 3454 340 209

183 398 335 453 Ἐπεὶ
347 399 399 452 εί
419 398 489 452 τὰ
505 399 844 469 γενησόμενα
859 397 1076 470 (47-48)
1097 400 1172 470 μὴ
1188 396 1546 469 προέϐλεπον,
1573 394 1763 448 οὐκέτι

1880 406 2096 461 prorsus
2124 398 2244 445 erat
2285 399 2344 445 ut
2376 389 2564 445 tierent
2583 432 2600 459 ,
2626 407 2804 462 neque
2829 393 2938 449 alio
2963 395 3125 452 modo
3151 411 3313 467 quam
3348 399 3452 469 ipsi

169 491 232 544 ἂν
259 487 403 560 ἦσαν
428 491 727 561 προφῆται.
763 491 872 544 Καὶ
905 491 1136 544 καθόλου
1161 490 1219 543 δὲ
1243 488 1402 542 τούτο
1439 487 1638 540 εἰδέναι
1659 485 1760 550 δεῖ,

167 585 250 638 ὅτι
280 586 328 637 σί
372 583 656 654 προφῆται
688 583 748 636 ού
777 583 956 653 νόμων
1005 584 1112 637 εἰσὶ
1153 581 1483 647 διδάσκαλοι,
1527 580 1614 633 ἵνα
1671 577 1767 649 μό-

167 692 258 727 νον
288 672 428 743 (49),
463 672 500 725 ἃ
538 673 956 744 προστάττουσι,
999 673 1278 742 γίγνηται,
1313 668 1448 723 ἀλλὰ
1493 668 1602 721 τῶν
1640 665 1767 737 μελ-

165 765 370 819 λόντων
400 767 510 819 eici.
543 765 1012 836 προσημάντορες.
1045 765 1120 817 Οὐ
1149 762 1256 834 γὰρ
1293 761 1482 832 ἐπειδὴ
1521 761 1762 828 λέγουσι,

164 857 254 911 διὰ
280 857 446 910 τοῦτο
471 857 568 909 καὶ
597 857 808 924 γίνεται
840 857 909 911 τὰ
936 857 1222 927 γινόμενα,
1271 853 1387 907 ἀλλ’
1417 854 1499 906 ὅτι
1519 852 1766 920 γίνεσθαι

170 947 379 1018 μέλλει,
413 947 504 1001 διὰ
532 946 693 1000 τοῦτο
742 947 836 1000 καὶ
878 946 1226 1018 προλέγουσι,
1274 945 1369 998 καὶ
1420 944 1637 1015 ἀνάγκη
1689 943 1764 1014 μὴ

166 1036 466 1103 ψεύδεσθαι
513 1036 640 1100 τοὺς
685 1039 991 1109 προφήτας,
1025 1035 1195 1108 ὁρῶσι
1243 1035 1352 1106 γὰρ
1406 1034 1644 1106 ἀληθῶς.
1701 1035 1765 1088 Εἰ

166 1127 278 1198 γὰρ
307 1127 434 1181 καθ’
465 1127 722 1181 ὑπόθεσιν
755 1128 865 1199 (50)
913 1127 987 1200 μὴ
1030 1125 1486 1200 προαπήγγελλον
1531 1129 1582 1180 οἱ
1628 1143 1764 1197 προ-

167 1219 363 1290 φῆται,
417 1219 554 1272 ἀλλὰ
595 1220 706 1272 τῶν
751 1220 1021 1273 Ἰουδαίων
1047 1216 1115 1292 ἦν
1152 1222 1186 1291 ἡ
1232 1218 1567 1290 προαίρεσις,
1621 1216 1763 1272 ὥστε

165 1310 436 1382 πράττειν
467 1308 661 1364 ταῦτα.
698 1312 808 1364 Καὶ
842 1311 978 1374 ὅλως
1004 1311 1342 1382 οίηᾶγιοιούκ
1371 1311 1766 1380 ἀναγκαστικοὶ

165 1404 278 1456 τῶν
329 1403 672 1474 γιγνομένων
729 1403 904 1457 είσίνο
953 1403 1090 1458 ἀλλὰ
1139 1404 1257 1477 τὴν
1289 1404 1610 1480 προαίρεσιν
1655 1403 1765 1457 τῶν

167 1497 525 1568 πραττόντων
576 1497 978 1568 προϐλέποντες
1021 1498 1367 1568 σημαίνουσι.
1419 1497 1531 1551 Καὶ
1575 1496 1766 1568 ὥσπερ

165 1589 216 1640 οἱ
243 1587 713 1652 ἀνασκευάζοντες
741 1589 925 1658 ἔλεγον
944 1607 958 1620 ο
992 1586 1162 1662 Ἀρον
1191 1591 1283 1644 τὸν
1317 1591 1475 1660 λόγον
1509 1591 1604 1645 τοῦ
1631 1609 1766 1662 προ-

167 1680 342 1750 φήτου
370 1719 387 1742 ,
432 1681 529 1734 καὶ
577 1679 798 1744 πάντως
829 1681 940 1752 (51)
969 1683 1020 1735 oi
1056 1682 1300 1736 Ἰουδαῖοι
1345 1683 1759 1738 πιστεύσουσιν·

1867 481 2266 553 praevidiSsent.
2313 479 2593 551 Siquidem
2639 484 2746 539 nisi
2801 483 2983 540 futura
3039 487 3451 557 praevidissent,

1868 587 2215 642 nequaquam
2250 573 2530 642 prophetae
2560 571 2815 628 fuissent.
2857 573 2924 629 Et
2964 577 3254 632 sciendum
3291 594 3452 648 pror-

1866 679 1965 719 sus
1992 671 2112 726 est,
2145 664 2440 735 prOphetas
2487 680 2599 719 non
2631 667 2810 736 legum
2853 683 2976 723 esse
3021 671 3315 740 magistros
3349 690 3363 738 ;
3397 680 3454 725 ut

1867 770 1930 810 ea
1960 756 2138 811 solum
2166 771 2288 826 quae
2322 756 2400 810 illi
2429 757 2644 825 jubent,
2687 757 3081 828 perﬁciantur;
3115 762 3212 816 sed
3238 762 3450 818 futuro-

1867 860 1991 899 rum
2037 860 2162 900 esse
2212 847 2691 915 praenuntiatores.
2727 845 2848 901 Non
2884 849 3030 902 enim
3075 852 3204 920 quia
3241 851 3452 916 dicunt,

1867 951 1957 992 res
2001 938 2283 1001 eveniunt,
2339 937 2434 991 sed
2477 938 2606 1007 quia
2655 946 2932 994 eventura:
2975 946 3154 1004 erant,
3206 940 3330 997 ideo
3373 943 3456 998 iiii

1865 1027 2257 1098 praenuntiant,
2270 1043 2666 1098 necessumque
2679 1037 2760 1085 est
2775 1045 2884 1084 non
2899 1032 3117 1086 mentiri
3136 1033 3452 1103 prOpbetas,

1866 1137 1993 1178 cum
2040 1138 2168 1179 vere
2213 1139 2304 1180 res
2354 1132 2415 1178 ut
2467 1133 2596 1180 sunt
2640 1125 2882 1180 videant.
2947 1124 3005 1180 Si
3049 1142 3289 1198 namque
3327 1144 3454 1201 pro-

1866 1215 2042 1286 pheta:
2069 1230 2179 1270 non
2218 1219 2709 1286 prmuuntiasscnt,
2744 1218 3106 1275 nihilominus
3137 1219 3454 1277 Judazorum

1866 1307 2061 1363 fuisset
2120 1309 2464 1379 propositum
2543 1311 2674 1366 talia
2739 1312 3117 1382 perpetrandi.
3179 1314 3358 1384 Atque
3399 1315 3457 1370 in

1866 1415 2079 1456 summa
2105 1402 2310 1465 sancti,
2341 1417 2684 1472 nequaquam
2718 1405 2900 1459 verbis
2931 1405 3048 1460 suis
3074 1406 3454 1463 necessitatem

1866 1492 2155 1562 inducunt,
2214 1503 2274 1549 ut
2324 1510 2414 1551 res
2458 1496 2762 1565 eveniant;
2813 1497 2911 1553 sed
2955 1513 3080 1552 cum
3123 1500 3458 1570 praevideant

1865 1602 2056 1643 eorum
2098 1588 2438 1658 propositum
2480 1589 2575 1659 qui
2612 1589 2789 1643 acturi
2833 1597 2982 1657 sunt,
3028 1591 3082 1645 id
3125 1592 3455 1662 significant.

1865 1678 1937 1733 At
1986 1679 2131 1734 sicut
2171 1679 2423 1748 objecere
2478 1679 2558 1733 illi
2606 1679 2978 1750 refragatores
3038 1699 3051 1735 :
3110 1679 3265 1736 Tolle
3325 1699 3457 1754 pro-

167 1770 346 1835 οὕτως
361 1772 531 1844 φαίην
572 1771 639 1826 ἂν
683 1771 872 1842 κάγώ·
903 1770 1074 1846 τΑρον
1103 1776 1205 1840 τὰς
1239 1775 1467 1847 πράξεις
1494 1775 1604 1828 τῶν
1637 1775 1767 1829 Ἰου-

1880 1771 2050 1842 pbetae
2099 1786 2434 1835 sermonem,
2495 1778 2552 1824 et
2611 1772 2775 1841 plane
2828 1773 3057 1828 credent
3111 1752 3341 1843 Judaei;
3381 1775 3456 1831 ita

167 1863 362 1928 δαίων,
413 1865 509 1918 καὶ
554 1865 776 1931 πάντως
813 1865 875 1920 οὐ
905 1869 1248 1940 προεφήτευε
1281 1868 1349 1922 ἂν
1370 1868 1501 1940 περὶ
1525 1866 1706 1921 αὐτῶν
1738 1869 1767 1921 6

179 1957 420 2021 Ἡσαΐας
444 1957 694 2014 τοιαῦτα.

240 2048 335 2105 Ιθ.
376 2050 504 2104 Ἐὰν
533 2050 762 2104 τοίνυνό
794 2050 1048 2124 Ἰωάννης
1077 2051 1212 2127 λέγῃ
1234 2069 1249 2084 ο
1291 2072 1310 2106 ι
1343 2054 1460 2109 Οὐκ
1483 2053 1768 2112 ἐπίστευον

167 2141 252 2205 είς
271 2141 438 2194 αὑτὸν
459 2143 516 2196 οί
543 2143 810 2208 Ἰουδαῖοι,
839 2144 926 2197 ἵνα
947 2145 1209 2218 πληρωθῇ
1237 2148 1264 2200 6
1288 2146 1446 2216 λόγος
1484 2147 1730 2212 Ἡσαΐου,
1745 2168 1763 2202 ι

172 2235 249 2306 μὴ
274 2234 356 2306 τῷ
387 2235 533 2306 λόγῳ
571 2235 668 2288 τοῦ
695 2237 979 2309 προφήτου
1007 2239 1107 2309 τὴν
1136 2238 1318 2293 αίτίαν
1361 2239 1467 2310 δῷς
1495 2241 1596 2312 τῆς
1638 2241 1768 2295 ἀπι-

168 2324 332 2388 στίας
364 2324 567 2389 αὐτῶν,
595 2325 733 2378 ἀλλὰ
757 2327 825 2396 τῇ
877 2325 1076 2397 πράξει
1110 2327 1292 2380 αὐτῶν
1316 2327 1425 2383 τῶν
1476 2329 1767 2386 Ἰουδαίων.

173 2419 244 2470 ’Δ
267 2415 380 2488 γάρ
400 2412 548 2471 οὗτοι
578 2417 675 2470 νῦν
709 2417 998 2487 ἔπραττον,
1025 2417 1199 2472 ταῦτα
1228 2419 1561 2491 προέϐλεπεν
1584 2422 1613 2474 6
1637 2439 1772 2494 προ-

168 2511 356 2581 φήτης
413 2511 479 2563 ὲκ
526 2509 726 2564 πολλοῦ
751 2526 767 2542 ·
824 2512 920 2564 καὶ
960 2511 1069 2565 ἔδει
1103 2511 1294 2566 τοῦτον
1323 2513 1399 2585 μὴ
1439 2513 1767 2584 ψεύσασθαι,

167 2602 310 2656 ἀλλὰ
370 2602 703 2674 γνωσθῆναι,
754 2603 837 2656 ὅτι
888 2602 956 2657 τὰ
996 2603 1096 2658 νῦν
1126 2604 1387 2677 γινόμενα
1417 2606 1771 2680 προεώρακεν

169 2693 418 2764 ἀληθῶς.
457 2695 574 2748 Ἵνα
599 2693 710 2766 γὰρ
737 2697 767 2748 6
794 2693 953 2764 λόγος
999 2695 1166 2750 αὑτοῦ
1228 2695 1435 2770 ἀληθὴς
1471 2701 1586 2762 τοῖς
1631 2699 1772 2771 μετὰ

168 2790 350 2845 ταῦτα
375 2791 546 2861 φανῇ,
575 2787 924 2860 ήλέγχθησαν
972 2787 1194 2842 ἄπιστοι
1237 2790 1332 2842 καὶ
1378 2791 1768 2862 κρυπτόμενοι.

169 2879 357 2937 tam"
411 2882 512 2952 μὲν
557 2879 668 2949 γὰρ
707 2883 775 2952 τῇ
836 2879 1158 2952 προαιρέσει
1211 2879 1440 2949 φαῦλοιο
1482 2881 1672 2953 ἐπειδὴ
1715 2882 1773 2936 δὲ

170 2974 452 3048 ἔκρυπτον
482 2971 663 3027 αὐτῶν
679 2972 780 3044 τὴν
812 2972 1094 3038 ἀπιστίαν,
1129 2972 1159 3024 6
1210 2971 1371 3040 λόγος
1421 2971 1641 3043 ἔλεγχος
1683 2974 1776 3042 γέ-

170 3085 336 3138 γονεν
375 3066 582 3122 αὐτῶν.
629 3066 731 3120 Διὰ
779 3064 941 3118 τοῦτο
982 3063 1114 3133 γοῦν
1167 3064 1270 3118 οὐκ
1331 3063 1648 3130 ἐπίστευον,
1689 3067 1772 3119 ὅτι
1800 3104 1844 3163 C

171 3159 411 3232 ἧλεγχεν
473 3157 674 3220 αὐτοὺς
719 3159 748 3210 6
795 3155 954 3226 λόγος
1001 3155 1445 3229 κρυπτομένους;
1512 3160 1624 3213 Καὶ
1677 3159 1772 3211 ἐὰν

171 3253 311 3324 λέγῃ
351 3250 550 3304 πάλιν·
598 3250 716 3304 Οὐκ
747 3248 1011 3320 ἠδύναντο
1063 3247 1343 3303 πιστεύειν
1390 3251 1439 3302 οἱ
1504 3249 1772 3316 Ἰουδαῖοι,

172 3347 257 3399 ὃτι
307 3345 626 3415 γέγραπται
670 3341 742 3395 τὰ
787 3343 911 3395 κατ’
961 3341 1143 3395 αὐτῶν
1168 3358 1182 3372 ο
1217 3340 1293 3414 μὴ
1332 3341 1394 3394 τὸ
1420 3341 1681 3396 ἀδύνατον
1707 3345 1772 3414 τῇ

175 3436 506 3509 προαιρέσει
537 3431 646 3486 τῶν
672 3430 784 3504 (52)
813 3432 1163 3503 πραττόντων
1191 3431 1318 3502 δῷς.
1358 3431 1640 3487 Ἐδύναντο
1667 3431 1774 3504 γὰρ

176 3530 275 3583 καὶ
305 3524 773 3598 μεταϐάλλεσθαι·
803 3523 940 3578 ἀλλὰ
979 3523 1042 3576 τὸ
1073 3522 1332 3577 ἀδύνατον
1363 3523 1426 3576 τὸ
1471 3523 1545 3594 μὴ
1573 3523 1776 3592 ψεύσα-

180 3619 308 3673 σθαι
333 3619 428 3672 τὸν
457 3617 766 3689 προφήτην.
807 3614 1028 3686 Ἐπειδὴ
1051 3613 1158 3686 γὰρ
1187 3612 1403 3686 ἀληθῶς
1426 3611 1658 3685 ἑώρακε,
1688 3613 1778 3666 διὰ

173 3711 345 3765 τοῦτο
403 3708 668 3763 ἀδύνατον
708 3703 777 3779 ἦν
825 3707 1095 3778 σφαλῆναι
1141 3707 1323 3760 αὐτόν.
1353 3709 1426 3762 Οὐ
1471 3709 1580 3780 γὰρ
1604 3707 1778 3772 ἄλλως

177 3802 512 3876 ἑώρακεν,ἥ
544 3801 852 3871 ὡςγέγονε,
884 3802 975 3854 καὶ
1001 3801 1280 3872 ἐφάνησαν
1307 3801 1547 3856 ἄπιστοι.
1582 3801 1773 3864 Οὕτως

179 3899 278 3954 καὶ
301 3898 368 3952 τὸ
397 3896 543 3951 κατὰ
559 3896 656 3968 τὴν
680 3895 957 3968 Παρθένον
991 3894 1347 3966 πεπλήρωται
1363 3895 1566 3966 θαῦμα,
1601 3894 1698 3948 καὶ
1719 3895 1779 3948 τὸ

178 3990 326 4046 κατὰ
387 3990 644 4058 Ἰωάννην
673 3987 784 4058 (55)
841 3985 1020 4058 ἀπέϐη
1073 3987 1335 4058 σήμερον,
1367 3987 1462 4039 καὶ
1500 3987 1680 4040 πάντα
1708 3987 1778 4039 τὰ

179 4080 661 4155 προγεγραμμένα
697 4078 1070 4150 πεπλήρωται.
1119 4078 1255 4132 Οὐδὲ
1301 4077 1410 4150 γὰρ
1444 4078 1631 4150 ἐπειδὴ
1682 4078 1777 4148 γέ-

179 4192 453 4248 γραπται,
475 4173 563 4226 διὰ
593 4171 752 4226 τοῦτο
781 4172 875 4226 καὶ
903 4170 1219 4234 ἀπέϐαινον,
1252 4169 1365 4223 ἀλλ’
1403 4171 1484 4224 ὅτι
1533 4170 1780 4240 ἐγίγνετο

182 4267 426 4330 πάντως,
471 4263 559 4317 διὰ
576 4263 735 4317 τοῦτο
755 4263 850 4315 καὶ
870 4261 1195 4333 προελέχθη.
1225 4260 1411 4325 Οὕτως
1443 4262 1538 4315 καὶ
1559 4263 1618 4315 τὸ
1637 4261 1779 4316 κατὰ

180 4359 273 4412 τὸν
308 4357 584 4432 μερισμὸν
625 4354 722 4410 νῦν
751 4352 859 4407 τῶν
883 4353 1112 4424 ἱματίων
1138 4351 1329 4421 γέγονε
1350 4369 1364 4382 -
1397 4353 1493 4405 καὶ
1519 4352 1594 4416 ὡς
1621 4351 1779 4420 γέγο-

1871 1863 2104 1918 dixerim
2137 1877 2238 1933 ego
2272 1882 2284 1917 :
2324 1861 2476 1917 Tolle
2505 1861 2819 1918 Iudaeorum
2848 1873 2994 1931 acta,
3027 1872 3082 1921 et
3110 1881 3458 1939 nequaquam

1874 1955 2002 2009 talia
2034 1955 2102 2010 de
2136 1955 2246 2010 illis
2272 1955 2680 2025 prophetaverit
2714 1955 2906 2012 lsaias.

1946 2048 2036 2103 10.
2071 2047 2129 2103 Si
2157 2048 2343 2118 itaque
2367 2048 2571 2103 dixerit
2593 2047 2833 2106 Joannes
2869 2069 2882 2104 :
2919 2069 2938 2102 ‹
2969 2049 3087 2106 Non
3110 2052 3459 2108 crediderunt

1873 2142 1932 2198 in
1955 2142 2108 2196 illum
2131 2139 2327 2206 Judaei,
2351 2149 2411 2196 ut
2439 2141 2762 2212 impleretur
2787 2159 2969 2200 sermo
2985 2143 3175 2214 Isaiae;
3207 2167 3225 2198 ι
3251 2163 3319 2202 ne
3340 2162 3462 2217 pro-

1873 2234 2053 2305 phetae
2084 2233 2323 2288 sermoni
2358 2233 2594 2303 imputes
2632 2251 2824 2290 eorum
2859 2237 3327 2304 incredulitatem,
3364 2241 3460 2296 sed

1875 2327 2121 2398 ipsorum
2143 2325 2456 2382 Iudaeorum
2485 2326 2738 2382 facinori.
2769 2327 2905 2382 Nam
2935 2345 3057 2400 quae
3082 2330 3195 2400 jam
3232 2332 3310 2386 illi
3332 2348 3460 2403 per-

1877 2421 2183 2491 petra'bant,
2225 2419 2343 2475 haec
2387 2419 2599 2490 jamdiu
2639 2420 2968 2490 prmviderat
3011 2423 3276 2492 propheta
3317 2443 3330 2478 :
3363 2441 3463 2481 ne-

1873 2529 2140 2586 cesseque
2183 2512 2287 2569 fuit
2316 2513 2470 2567 illum
2529 2528 2642 2567 non
2678 2512 2920 2576 mentiri,
2963 2520 3024 2566 ut
3068 2514 3249 2584 palam
3296 2514 3459 2583 foret,

1873 2621 2002 2664 eum
2051 2607 2144 2662 illa
2183 2621 2311 2662 vere
2344 2603 2664 2676 praevidisse
2701 2619 2824 2674 quae
2859 2604 2973 2674 jam
3003 2613 3156 2676 gesta
3204 2615 3352 2662 sunt.
3388 2609 3462 2664 Ut

1874 2716 2116 2772 namque
2142 2711 2325 2755 sermo
2354 2697 2500 2753 illius
2527 2713 2692 2752 verus
2715 2697 2856 2768 apud
2883 2707 3135 2768 posteros
3164 2699 3460 2768 videretur,

1875 2789 2208 2862 deprehensi
2238 2796 2367 2845 sunt
2401 2788 2692 2852 increduli,
2731 2787 2946 2843 etiamsi
2978 2788 3148 2844 latere
3181 2799 3460 2846 curarent.

1873 2885 1984 2957 67
2017 2883 2187 2937 Erant
2216 2882 2364 2937 cnim
2414 2880 2490 2934 illi
2534 2881 2816 2951 proposito
2865 2895 2966 2935 suo
3016 2880 3282 2950 improbi;
3339 2898 3464 2937 cum

1877 2984 2063 3033 autem
2093 2990 2249 3031 suam
2284 2973 2628 3028 occultarent
2653 2972 3118 3041 incredulitatem,
3151 2990 3330 3030 sermo
3363 2975 3464 3031 ista

1877 3070 2054 3125 adfuit
2079 3071 2174 3140 qui
2200 3085 2295 3126 eos
2333 3075 2671 3139 coargueret.
2707 3067 2907 3121 Ideone
2945 3066 3111 3136 igitur
3143 3082 3254 3120 non
3285 3067 3466 3123 credi-

1876 3163 2096 3226 derunt,
2132 3163 2278 3232 quod
2318 3177 2500 3218 sermo
2547 3162 2652 3216 iste
2682 3160 2852 3214 latere
2882 3159 3127 3214 volentes
3157 3161 3279 3215 illos
3309 3175 3468 3214 coar-

1875 3254 2091 3326 guerit?
2117 3253 2271 3321 Quod
2299 3254 2344 3310 si
2375 3268 2596 3308 rursum
2628 3251 2776 3305 dicat
2809 3249 3080 3320 quispiam
3111 3269 3124 3304 :
3162 3250 3280 3306 Non
3315 3260 3469 3322 pote-

1878 3357 2000 3402 rant
2024 3346 2198 3402 Judazi
2224 3345 2468 3411 credere,
2503 3345 2632 3414 quia
2667 3344 2782 3398 haec
2801 3343 2870 3398 de
2905 3343 3014 3399 illis
3047 3344 3252 3414 scripta
3275 3352 3468 3412 erant;

1879 3440 2378 3511 impossibilitatem
2407 3477 2422 3504 ,
2479 3438 2757 3509 agentium
2788 3437 3056 3491 voluntati
3088 3453 3156 3492 ne
3185 3438 3466 3495 tribueris.

1875 3532 2138 3588 Poterant
2185 3532 2331 3587 enim
2365 3538 2580 3583 mutare
2609 3528 2957 3594 sententiam,
2987 3528 3081 3584 sed
3126 3529 3471 3600 impossibile

1877 3629 1996 3678 erat
2018 3622 2235 3677 mentiri
2265 3621 2612 3691 prophetam.
2645 3618 2781 3674 Cum
2808 3622 2952 3675 enim
2986 3635 3175 3675 revera
3207 3623 3467 3686 vidisset,

1878 3715 1996 3772 fieri
2051 3714 2313 3785 nequibat
2373 3723 2433 3768 ut
2477 3713 2932 3768 hallucinaretur.
2991 3711 3110 3767 Non
3169 3714 3278 3768 alio
3323 3715 3469 3770 enim

1874 3809 2043 3867 {nodo
2093 3821 2208 3862 rem
2244 3806 2419 3872 vidit,
2462 3820 2626 3876 quam
2662 3820 2772 3876 quo
2806 3814 2958 3875 gesta
3018 3813 3140 3860 est:
3179 3815 3340 3876 atque
3394 3805 3473 3862 iiii

1880 3901 2150 3956 increduli
2183 3899 2507 3969 deprehensi
2547 3911 2694 3954 sunt.
2747 3898 2949 3953 Eadem
2993 3899 3204 3954 ratione
3247 3898 3380 3953 illud
3416 3900 3472 3953 in

1878 3991 2102 4062 Virgine
2130 3990 2453 4046 miraculum
2481 3990 2762 4059 impletum
2790 3999 2894 4056 est,
2919 3997 2972 4044 et
2996 3989 3143 4060 quod
3189 4004 3219 4042 a
3263 3987 3474 4045 Joanne

1879 4090 2168 4148 narratur,
2229 4081 2392 4136 hodie
2421 4081 2690 4152 contigit:
2722 4081 2908 4135 omnia
2967 4081 3096 4134 item
3128 4095 3473 4151 quaacunque

1881 4174 2087 4245 scripta
2119 4184 2247 4230 sunt
2280 4173 2498 4243 impleta
2535 4167 2706 4226 fuere.
2754 4170 2873 4224 Non
2909 4171 3054 4224 enim
3090 4170 3210 4224 ideo
3243 4186 3474 4226 evenere

1879 4269 2008 4338 quia
2035 4267 2240 4336 scripta
2271 4272 2435 4332 sunt;
2473 4264 2565 4319 sed
2602 4264 2728 4334 quia
2761 4278 3015 4325 evenere,
3051 4262 3172 4316 ideo
3208 4277 3472 4331 praenun-

1881 4359 2016 4411 tiata
2047 4357 2284 4411 fuerant.
2321 4353 2413 4409 Sic
2451 4354 2567 4424 jam
2607 4353 2676 4408 de
2713 4355 3167 4408 vestimentorum
3201 4352 3475 4408 divisione

181 4468 293 4515 νεν,
315 4450 495 4512 οὕτως
528 4448 627 4502 καὶ
665 4447 982 4519 προεωρᾶτο
999 4463 1013 4476 ο
1043 4445 1137 4498 καὶ
1165 4445 1240 4508 ὡς
1264 4445 1654 4517 προεοημάνθη
1680 4445 1771 4498 καὶ

1881 4457 2061 4504 actum
2093 4455 2177 4504 est
2204 4467 2216 4501 :
2249 4455 2322 4512 ct,
2369 4455 2530 4517 prout
2563 4455 2744 4501 actum
2786 4455 2890 4508 est,
2917 4445 2992 4498 ita
3027 4445 3319 4514 praevisum
3351 4444 3476 4499 fue-

141 4601 148 4612 ,
181 4539 622 4618 προιπηγγέλθη
652 4539 788 4611 (54),
814 4537 984 4602 οὕτως
1005 4537 1102 4590 καὶ
1141 4537 1500 4610 πεπλήρωται
1545 4537 1641 4591 καὶ
1680 4537 1777 4590 πέ-

147 4621 454 4705 ’πρακταμ
508 4631 821 4701 Γέγραπται
863 4629 920 4682 δὲ
966 4627 1140 4682 οὖτω’
1180 4647 1198 4680 ι
1250 4625 1670 4698 Σταυρώσαντες
1719 4627 1778 4680 δὲ

182 4729 390 4790 αὐτὸν,
446 4725 826 4797 διεμερίσαντο
883 4721 953 4776 τὰ
996 4723 1188 4793 ἱμάτια
1241 4719 1427 4784 αὐτοῦ,
1489 4719 1776 4791 βάλλοντες

184 4821 428 4891 κλῆρον’
471 4817 560 4870 ἵνα
599 4813 863 4887 πληρωθῇ
913 4814 972 4866 τὸ
1004 4813 1168 4886 ῥηθὲν
1193 4813 1282 4866 διὰ
1306 4812 1400 4866 τοῦ
1451 4813 1734 4884 προφήτου
1759 4829 1772 4840 ·

183 4909 582 4982 Διεμερίσαντο
623 4907 694 4961 τὰ
741 4905 932 4977 ἱμάτιά
986 4922 1087 4976 μου
1139 4907 1370 4968 ἑαυτοῖς,
1422 4905 1518 4958 καὶ
1564 4905 1656 4957 ἐπὶ
1684 4903 1777 4958 τὸν

185 5002 492 5076 ἱματισμόν
540 5019 642 5072 μου
695 4999 886 5054 ἔϐαλον
917 4998 1139 5070 κλῆρον.
1181 5017 1202 5050 ι
1235 4996 1513 5060 Ματθαῖος
1545 4995 1647 5068 μὲν
1685 4992 1778 5050 οὖν

191 5095 338 5149 τιετὰ
367 5097 478 5147 τῶν
507 5092 680 5150 ἄλλων
728 5089 1127 5158 εὐαγγελιστῶν
1163 5088 1528 5161 ἁπλούστερον
1559 5088 1650 5141 τὸν
1684 5105 1780 5158 με-

191 5187 394 5260 ρισμὸν
449 5182 778 5254 γεγενῆσθαί
819 5199 983 5254 φησι·
1026 5183 1056 5234 6
1111 5180 1169 5233 δὲ
1219 5181 1474 5252 Ἰωάννης
1531 5179 1626 5232 καὶ
1680 5179 1780 5250 τὴν

236 5322 483 5408 ,(ιτψδ)
517 5321 742 5394 Regius,
773 5323 821 5373 εἰ
851 5321 918 5375 τὰ
947 5322 1228 5392 γινόμενα.
1261 5319 1473 5390 Anglic.
1514 5321 1563 5373 si
1591 5321 1658 5375 τὰ
1686 5337 1780 5390 γε-

186 5411 420 5448 νομένα.

256 5411 512 5535 (ιῗόῗέἰο
540 5460 746 5535 Regius
776 5460 1232 5535 secunda‘manu,
1269 5475 1431 5530 quem
1471 5462 1775 5535 sequimur.

394 5535 484 5614 ἵνα
513 5533 596 5614 μὴ
630 5531 816 5614 μόνον.
840 5531 1369 5614 MoxLAnglicanus,
1415 5531 1776 5614 σημάντορες.

260 5606 379 5676 (50)
418 5604 481 5658 In
513 5601 825 5676 hicc'verba
857 5603 924 5657 ad
965 5601 1131 5676 Basil.
1172 5609 1397 5657 notatur
1424 5601 1483 5656 in
1512 5601 1778 5674 margine,

185 5673 371 5733 λείπει
401 5693 481 5738 τι,
509 5675 637 5728 licet
666 5674 862 5742 lacuna
890 5673 1040 5727 nulla
1065 5679 1402 5742 compareat.

261 5747 376 5822 (5!)
403 5744 752 5808 Basiliensis,
771 5741 994 5806 πάντες.
1031 5741 1200 5806 Infra,
1231 5743 1318 5808 ἄν,
1359 5751 1503 5814 post,
1541 5747 1783 5820 προεφή-

520 5838 798 5900 Pauor.
837 5834 955 5900 Gn.
1011 5833 1314 5898 XXVIII.

1883 4549 1969 4597 rat
2002 4560 2015 4595 :
2042 4549 2097 4596 et
2127 4549 2188 4595 ut
2218 4539 2370 4610 prius
2403 4539 2767 4609 signiﬁcatum
2798 4538 3331 4609 prrenuntiatumque
3350 4536 3474 4602 fuit,

1884 4632 1961 4686 ita
1985 4632 2314 4700 completum
2346 4639 2671 4700 gestumque
2701 4637 2805 4684 est.
2851 4628 3129 4699 Scriptum
3179 4636 3358 4682 autem
3393 4635 3478 4681 est

1886 4725 2002 4779 ita:
2043 4741 2061 4775 ι
2099 4714 2394 4792 Postquam
2428 4731 2610 4776 autem
2649 4721 3043 4776 cruciﬁxerunt
3089 4735 3238 4784 eum,
3276 4719 3478 4774 divise-

1886 4822 2017 4868 runt
2044 4813 2369 4869 vestimenta
2393 4812 2547 4882 ejus,
2597 4819 2797 4867 sortem
2833 4813 3152 4866 mittentes:
3186 4819 3246 4865 ut
3278 4810 3473 4881 imple-

1887 4914 2036 4962 retur
2091 4905 2239 4976 quod
2287 4905 2494 4960 dictum
2553 4912 2638 4960 est
2701 4921 2798 4975 per
2847 4905 3170 4974 prOphetam
3216 4903 3478 4958 :Divise-

1887 5008 2018 5054 runt
2045 4998 2148 5054 sibi
2178 4999 2506 5053 vestimenta
2550 5011 2670 5051 mea
2690 5036 2705 5061 ,
2751 5003 2805 5050 et
2839 5011 3006 5064 super
3038 5003 3245 5050 vestem
3298 5009 3476 5048 meam

1885 5092 2156 5146 miserunt
2211 5097 2440 5146 sortem.
2481 5109 2500 5141 ι
2536 5088 2821 5143 Μοιιὴαξιρε
2869 5096 3017 5143 certe
3071 5103 3195 5142 cum
3250 5086 3477 5156 reliquis

1887 5181 2240 5254 evangelistis
2307 5180 2612 5251 simplicius
2685 5180 2888 5234 factam
2964 5177 3289 5235 divisionem
3359 5178 3474 5232 ait:

1879 5340 2026 5388 τευε,
2059 5323 2215 5377 deest
2253 5322 2308 5376 in
2357 5321 2548 5392 Regio,
2587 5321 2890 5392 Anglicano
2933 5317 3180 5392 et_F‘elc.
3221 5316 3275 5372 5.
3306 5316 3479 5373 Paulo

1881 5392 2264 5465 post,hR_egius
2287 5401 2342 5447 et
2371 5389 2729 5465 Anglicanus,
2760 5390 2931 5458 λέγει,
2967 5389 3088 5465 ούκ.

1980 5463 2068 5528 52)
2096 5458 2441 5526 Basiliensis,
2462 5458 2710 5517 secunda
2742 5476 2929 5522 manu,
2955 5461 3021 5528 τῇ
3057 5458 3323 5528 πορῤήσει
3344 5459 3475 5514 τῶν.

1981 5464 2049 5518 52
2096 5464 2441 5526 Basiliensis,
2469 5464 2710 5517 secunda
2742 5476 2929 5522 manu,
2955 5464 3021 5528 τῇ
3057 5464 3323 5528 πορρήσει
3344 5464 3475 5514 τῶν.

1981 5464 2070 5606 5δέ
2108 5533 2416 5606 ltaRegius
2453 5540 2506 5587 et
2541 5530 2686 5606 Felc.
2711 5531 2765 5606 ζ.
2801 5533 2859 5606 In
2894 5531 3058 5606 editis
3085 5541 3228 5606 reip
3256 5530 3476 5606 legitur,

1884 5575 2686 5730 ἒάὖξξιξηίὲ’ἰδ’ἕᾲζῆνῗίιῖιῖῖξ
2711 5575 2882 5656 Eaéii.
2897 5575 3235 5669 'ét"i5e1.'{."r§,
3256 5575 3480 5673 δῖ’ἶδὶῥ

1918 5693 2008 5728 πει
2043 5694 2096 5730 η.

1918 5693 1985 5728 πε
1993 5693 2072 5729 ιοη
2082 5715 2096 5729 .

1959 5694 2330 5820 ῗθῗίίὶρείιιε,
2357 5745 2564 5820 Anglic.
2601 5754 2654 5802 et
2688 5743 2838 5802 Fclc.
2867 5745 2922 5810 5,
2948 5740 3370 5815 προαπηγγέλη..

3033 5839 3069 5896 ’1
