3872 6188
453 275 559 330 εὶθῦ
1581 276 1639 332 S.
1675 272 2140 335 ATHANASIUS.
2183 305 2252 316 —
2285 272 2512 332 DUBiA.
3604 284 3720 340 90!

459 392 694 449 Joannes
723 404 869 452 vero,
902 389 1124 444 modum
1151 389 1456 454 divisionis,
1492 405 1825 461 causamque
1857 393 2011 448 missa

2145 390 2404 460 ποιότητα
2454 387 2548 441 τοῦ
2603 389 2894 460 μερισμοῦ,
2921 391 3014 446 καὶ
3041 392 3140 463 τὴν
3167 394 3344 448 αἰτίαν
3371 396 3464 450 τοῦ
3493 414 3719 471 γεγενη-

453 484 619 542 sorlis
669 483 910 536 declarat
955 482 1044 536 his
1103 482 1321 537 verbis:
1382 501 1400 534 ι
1439 481 1636 539 Milites
1686 485 1853 553 igitur
1907 498 2011 538 eun

2139 482 2301 553 μένου
2335 482 2540 553 κλήρου
2573 481 2840 552 διηγεῖται
2864 483 3038 552 λέγων
3055 485 3227 549 οὑτως
3245 505 3257 516 ·
3284 508 3303 540 ι
3331 490 3393 541 οι
3425 487 3519 544 οὖν
3549 509 3717 564 στρα-

450 572 852 630 erneilixissent
885 569 1104 636 -Jesum,
1155 581 1488 641 acceperunt
1517 574 1838 630 vestimenta
1871 574 1992 642 ejus
2015 613 2028 639 ,

447 676 500 721 et
535 665 780 720 fecerunt
814 670 1050 733 quatuor
1103 670 1305 732 partes,
1347 665 1639 734 unicuique
1689 664 1846 718 militi
1901 679 2030 734 par-

448 764 575 811 tem.
607 755 871 810 Tunicam
899 768 1054 819 ivero,
1088 753 1216 823 quia
1261 768 1379 809 erat
1412 755 1760 810 inconsutilis
1790 754 2029 824 desuper

447 854 700 902 contexta
751 854 1090 916 pertotum,
1139 843 1392 900 dixerunt
1446 845 1514 899 ad
1574 845 1845 900 invicem:
1911 843 2030 900 Non

447 937 763 994 seindamus
795 953 914 991 eam
940 977 954 1001 ,
999 937 1094 992 sed
1123 937 1422 993 sortiamur
1449 936 1516 991 de
1570 937 1661 990 illa
1691 936 1850 1006 cujus
1881 936 1986 992 erit
2013 955 2026 989 :

447 1039 504 1083 ιιι
538 1030 858 1100 impleretur
877 1027 1196 1099 Scriptura:
1229 1028 1542 1084 Diviserunt
1573 1029 1677 1084 sibi
1706 1030 2028 1084 vestimenta

445 1136 586 1188 mea,
615 1128 669 1176 et
701 1137 865 1192 super
893 1129 1101 1176 vestem
1137 1136 1315 1177 meam
1357 1121 1624 1177 miserunt
1655 1127 1861 1176 sortem
1900 1119 1966 1174 δ’.
2004 1138 2023 1172 ι

516 1303 603 1356 il.
634 1300 914 1358 Fortassis
962 1301 1078 1372 jam
1111 1301 1384 1372 quispiam
1417 1299 1524 1356 erit
1557 1300 1651 1371 qui
1710 1299 1797 1355 his
1827 1297 2028 1355 auditis

441 1397 773 1452 erubescat:
812 1394 1064 1451 fortassis
1122 1394 1344 1465 quidam
1398 1392 1548 1458 erit,
1601 1392 1695 1463 qui
1740 1391 2027 1447 Dominum

441 1501 672 1542 cernens
701 1486 920 1541 illusum
947 1525 963 1551 ,
994 1485 1289 1539 abductum
1316 1523 1331 1550 ,
1371 1498 1574 1539 caesum
1603 1522 1617 1548 ,
1675 1484 1878 1552 pudore
1908 1481 2026 1536 aﬂi-

441 1576 662 1630 eiatur:
730 1573 983 1630 fortassis
1043 1573 1154 1642 jam
1209 1573 1408 1644 aliquis
1453 1572 1648 1627 videns
1698 1571 2024 1637 Dominum,

442 1663 777 1718 Salvatorem
818 1669 872 1718 et
908 1677 1089 1732 regem
1114 1661 1380 1728 universi,
1414 1677 1443 1715 a
1479 1660 1655 1716 Pilato
1683 1661 1986 1731 judicatum
2007 1702 2022 1727 ,

2135 575 2345 638 τιῶται,
2369 575 2457 628 ὅτε
2488 573 2837 646 ἐσταύρωσαν
2881 576 2971 628 τὸν
3013 577 3240 646 Ἰησοῦν,
3276 578 3464 633 ἔλαϐον
3491 581 3560 634 τά
3589 583 3718 653 ἱμά-

2133 683 2224 720 τια
2249 665 2436 731 αὑτοῦ,
2464 666 2556 720 καὶ
2577 666 2836 735 ἐποίησαν
2855 666 3093 740 τέσσαρα
3115 667 3278 740 μέρη,
3303 671 3517 742 ἑκάστῳ
3548 689 3717 746 στρα-

2131 755 2300 828 τιώτῃ
2335 759 2516 828 μέρος.
2555 757 2657 810 Τὸν
2701 757 2757 810 δὲ
2801 757 3025 827 χιτῶνα,
3071 759 3193 812 ἐπεὶ
3216 755 3285 830 ἦν
3313 761 3559 832 ἀρῤαφος
3601 763 3715 833 (55)

2131 849 2196 900 ἐκ
2248 848 2357 900 τῶν
2413 848 2524 902 ἄνω
2576 848 2814 917 ὑφαντὸς
2855 848 3052 912 διόλου,
3083 845 3236 904 εἷπον
3270 852 3408 922 πρὸς
3429 853 3713 924 ἀλλήλους·

2248 941 2523 1012 σχίσωμεν
2551 941 2733 1005 αὑτὸν,
2769 941 2902 995 ἀλλὰ
2927 942 3180 1012 λάχωμεν
3205 945 3333 1015 περὶ
3353 946 3538 1011 αὑτοῦ,
3567 947 3717 1012 τίνος

2130 1035 2284 1088 ἔσται
2312 1051 2326 1064 °
2365 1035 2451 1087 ἵνα
2478 1036 2511 1105 ὴ
2544 1034 2734 1106 Γραφὴ
2757 1032 3018 1106 πληρωθῇ
3043 1051 3058 1064 ο
3088 1035 3473 1106 Διεμερίσαντο
3501 1037 3569 1091 τὰ
3593 1039 3720 1109 ἱμά-

2127 1125 2220 1178 τιά
2262 1141 2364 1194 μου
2420 1126 2654 1189 ἐαυτοῖς,
2708 1123 2802 1176 καὶ
2831 1123 2924 1176 ἐπὶ⁵
2949 1123 3043 1178 τὸν
3073 1124 3366 1195 ἱματισμόν
3392 1142 3493 1196 μου
3524 1125 3718 1180 ἔϐαλον

2130 1215 2352 1286 κλῆρον.
2392 1234 2410 1266 ι

2199 1306 2287 1360 11.
2324 1307 2485 1369 Ἴσως
2529 1323 2613 1369 τις
2666 1303 2868 1358 τούτων
2911 1305 3122 1360 ἀκούων
3156 1307 3412 1378 ἐρυθριᾷ·
3464 1307 3596 1372 ἴσως
3625 1325 3716 1372 τις

2126 1395 2269 1468 ὁρῶν
2303 1397 2395 1450 τὸν
2441 1396 2644 1466 Κύριον
2697 1395 3045 1468 παιζόμενον,
3080 1398 3174 1452 καὶ
3210 1399 3584 1470 ἀπαγόμενον,
3618 1403 3715 1454 καὶ

2126 1489 2482 1560 τυπτόμενον,
2519 1489 2831 1558 αἰσχύνεται
2855 1507 2868 1519 ·
2905 1491 3034 1553 ἴσως
3069 1489 3166 1544 νῦν
3197 1506 3280 1554 τις
3314 1491 3453 1562 ὁρῶν
3484 1491 3577 1546 τὸν
3594 1494 3714 1546 Κύ-

2127 1598 2265 1652 ριον,
2317 1583 2411 1634 καὶ
2464 1581 2712 1651 Σωτῆρα,
2769 1581 2864 1633 καὶ
2895 1581 3118 1651 βασιλέα
3158 1581 3250 1634 τοῦ
3301 1583 3502 1646 παντὸς
3527 1585 3713 1656 κρινό-

2131 1690 2289 1743 μενον
2312 1672 2417 1726 ὑπὺ
2447 1671 2700 1736 Πιλάτου,
2727 1673 2820 1725 καὶ
2846 1689 2974 1725 σταυ
2985 1673 3075 1743 ρού
3085 1690 3244 1743 μενον
3275 1673 3380 1726 ὑπὸ
3417 1674 3708 1742 Ἰουδαίων,

438 1761 491 1807 ει
524 1753 844 1809 cruciﬁxum
870 1767 900 1806 a
921 1748 1146 1815 Iudaeis,
1176 1751 1383 1821 pudore
1407 1750 1694 1817 aﬂiciatur,
1719 1751 2011 1820 oculosque

2119 1763 2470 1825 δυσωπεῖται,
2503 1761 2598 1814 καὶ
2632 1760 2782 1813 κάτω
2831 1759 2923 1812 τὸν
2956 1759 3232 1829 ὀφθαλμὸν
3259 1758 3392 1830 ἔχει.
3429 1760 3563 1813 Ούδέ
3597 1761 3711 1831 γὰρ

439 1844 709 1899 demittat.
740 1843 874 1897 Nam
903 1859 1079 1914 neque
1108 1844 1190 1898 sol
1219 1844 1342 1897 tulit
1367 1844 1468 1898 hoc
1495 1843 1892 1918 spectaculum,
1925 1841 2021 1898 sed

440 1935 768 1988 obseuratus
799 1940 946 1988 totus
971 1941 1076 1999 est,
1111 1943 1170 1988 ut
1209 1934 1441 1988 aliorum
1480 1933 1669 1990 oculos
1699 1941 1971 1988 averteret
2004 1952 2017 1988 :

440 2041 542 2080 nec
575 2027 788 2080 curavit
819 2026 960 2080 ultra
988 2036 1318 2097 praeceptum
1355 2025 1698 2080 illuminandi
1729 2026 2017 2095 homines;

443 2119 540 2173 sed
568 2126 681 2172 tum
713 2119 1060 2189 prmvaricari
1094 2133 1262 2173 ausus
1294 2126 1400 2184 est,
1444 2133 1569 2174 eum
1603 2120 1806 2174 videret
1837 2117 2022 2173 Domi-

440 2226 591 2277 num,
624 2210 717 2280 qui
769 2210 872 2265 sibi
907 2209 1010 2264 hoc
1044 2209 1358 2264 mandatum
1392 2210 1654 2275 dedisset,
1686 2211 1754 2265 ab
1782 2210 2021 2264 homini-

438 2303 540 2357 bus
562 2301 818 2356 eruciari.
848 2299 954 2355 Sed
985 2300 1029 2356 si
1053 2315 1276 2356 causam
1304 2301 1615 2357 ediscamus
1651 2317 1750 2357 cur
1805 2306 1879 2358 ita
1927 2319 2020 2358 ex-

438 2394 721 2451 cruciatus
750 2398 856 2463 sit,
901 2412 1012 2452 non
1043 2397 1188 2450 ultra
1215 2396 1626 2462 erubescemus,
1658 2395 1754 2450 sed
1798 2396 2020 2453 mirabi-

436 2509 560 2548 mur
587 2493 886 2548 bonitatem
917 2489 1424 2558 humanitatemque
1463 2487 1648 2556 iliius;
1685 2489 2018 2560 gloriﬁeabi-

434 2601 557 2639 mur
589 2592 642 2640 et
677 2585 800 2655 ipsi,
825 2581 1286 2654 quemadmodum
1315 2580 1541 2649 Paulus,
1568 2582 1625 2636 in
1651 2597 1817 2636 cruce
1845 2601 1857 2636 :
1889 2583 2019 2653 quia

433 2692 542 2732 non
575 2676 690 2746 ipse
722 2675 986 2730 Dominus
1034 2682 1257 2746 propter
1314 2689 1434 2729 sese
1463 2713 1478 2738 ,
1533 2673 1630 2730 sed
1674 2689 1774 2730 nos
1812 2676 1866 2729 in
1900 2679 2018 2746 ipso

417 2769 797 2838 .patiebamur.
828 2767 1191 2837 Permagnum
1213 2766 1413 2837 quippe
1446 2774 1563 2822 erat
1587 2767 1869 2822 hominum
1892 2783 2018 2839 pec-

432 2869 638 2926 catum,
666 2861 1092 2932 hujusmodique
1125 2861 1351 2923 malum,
1379 2867 1552 2914 totum
1584 2861 1770 2916 orbem
1813 2875 2017 2931 praeoc-

432 2963 699 3024 cuparat:
743 2953 890 3026 quod
914 2967 1172 3026 magnum
1197 2954 1417 3024 quidem
1464 2953 1675 3024 jamdiu
1717 2963 1856 3018 erat,
1885 2969 2019 3023 pau-

431 3048 583 3101 latim
634 3063 764 3102 vero
817 3054 1076 3110 auctum,
1125 3060 1190 3100 ac
1242 3044 1556 3099 hominibus
1611 3043 2014 3099 intolerandum

2122 1855 2242 1908 ούδέ
2266 1855 2416 1926 ἥλιος
2449 1853 2565 1924 (56)
2600 1853 2798 1926 ἤνεγκε
2850 1852 2949 1923 τὴν
2995 1851 3122 1905 θέαν
3159 1852 3305 1916 ἰδεῖν,
3341 1851 3454 1905 ἀλλ’
3491 1854 3708 1906 ἐσκοτί-

2122 1946 2244 2012 ξετο
2291 1947 2448 2011 ὅλος,
2507 1946 2595 1999 ἵνα
2652 1946 2748 1998 καὶ
2800 1944 2926 2007 τοὺς
2976 1943 3151 1997 ἀλλων
3205 1943 3516 2015 ὀφθαλμοὺς
3562 1945 3707 1998 ἀπο-

2123 2036 2332 2108 στρέφῃ
2375 2036 2526 2106 (57)·
2563 2034 2656 2088 καὶ
2690 2035 2789 2086 ούκ
2841 2031 3156 2106 ἐφρόντιζεν
3201 2030 3282 2085 ἐτι
3341 2033 3440 2102 τῆς
3482 2031 3707 2102 ἐντολῆς

2119 2129 2210 2182 τοῦ
2241 2129 2450 2198 φαίνειν
2495 2129 2607 2190 τοῖς
2653 2124 2982 2197 ἀνθρώποις,
3029 2123 3166 2176 ἀλλὰ
3211 2123 3305 2176 καὶ
3343 2123 3705 2192 παραϐαίνειν

2118 2219 2321 2292 ἐτόλμα
2352 2219 2555 2284 λοιπὸν,
2586 2218 2728 2288 ὀρῶν
2760 2217 2850 2269 τὸν
2894 2215 3270 2285 ἐντειλάμενον
3294 2215 3442 2286 αύτῷ
3495 2217 3706 2269 Δεσπό-

2117 2331 2217 2382 την
2265 2310 2368 2366 ὑπὸ
2413 2309 2716 2382 ἀνθρώπων
2748 2309 3046 2380 πάσχοντα.
3093 2306 3233 2362 Ἀλλ’
3262 2308 3356 2364 ἐὰν
3385 2309 3482 2380 τὴν
3515 2308 3702 2362 αἰτίαν

2121 2403 2400 2474 μάθωμεν,
2459 2402 2555 2455 καὶ
2595 2401 2681 2454 διὰ
2719 2401 2771 2453 τί
2800 2399 3064 2454 πέπονθεν
3094 2400 3310 2469 ἴδωμεν,
3353 2399 3534 2453 οὐκέτι
3566 2401 3702 2471 ἐρυ-

2121 2494 2385 2566 θριῶμεν,
2413 2493 2547 2548 ἀλλὰ
2577 2492 2928 2563 θαυμάζομεν
2989 2491 3085 2562 τὴν
3124 2490 3435 2562 ἀγαθότητα
3468 2491 3560 2543 καὶ
3595 2491 3704 2561 τὴν

2117 2585 2524 2657 φιλανθρωπίαν
2558 2584 2723 2638 αὑτοῦ
2746 2600 2759 2614 ·
2793 2585 2888 2638 καὶ
2915 2583 3027 2655 (58)
3078 2583 3466 2654 καυχησόμεθα
3505 2581 3560 2634 δὲ
3601 2584 3702 2636 καὶ

2117 2679 2294 2749 ἡμεῖς,
2324 2678 2401 2741 ὼς
2432 2679 2460 2730 6
2507 2677 2743 2742 Παῦλος,
2773 2679 2831 2732 ἐν
2859 2675 2938 2748 τῷ
2972 2675 3221 2748 σταυρῷ·
3243 2676 3326 2729 ὅτι
3349 2677 3449 2729 οὐκ
3485 2676 3643 2740 αὐτὸς
3665 2677 3703 2730 ὁ

2116 2768 2319 2840 Κύριος
2368 2768 2434 2822 δι’
2463 2767 2672 2834 ἐαυτὸν,
2709 2767 2824 2821 ἀλλ’
2869 2770 3030 2839 ἡμεῖς
3070 2769 3128 2821 ἐν
3158 2767 3349 2837 ἐκείνῳ
3395 2767 3701 2836 πάσχοντες

2115 2855 2275 2931 ἦμεν.
2300 2859 2420 2912 Τῶν
2446 2859 2543 2930 μὲν
2570 2859 2679 2932 γὰρ
2865 2859 3164 2932 ἀνθρώπων
3193 2862 3226 2931 ἡ
3252 2859 3494 2930 ἁμαρτία
3524 2859 3699 2932 πολλή

2115 2969 2198 3015 τις
2215 2948 2304 3022 ἦν,
2323 2953 2416 3004 καὶ
2438 2954 2616 3004 πᾶσαν
2637 2951 2734 3023 τὴν
2753 2951 3078 3022 οἰκουμένην
3097 2950 3516 3022 προκατειλήφει
3536 2951 3702 3006 τοῦτο

2115 3045 2175 3097 τὸ
2211 3045 2400 3109 κακὸν,
2448 3045 2588 3116 μέγα
2631 3045 2728 3115 μὲν
2763 3043 2874 3115 (60)
2903 3044 3168 3114 τυγχάνον
3200 3045 3294 3098 καὶ
3335 3044 3439 3115 πρὸ
3477 3044 3698 3111 τούτου,

430 3146 699 3196 evaserat.
738 3136 1020 3208 Siquidem
1062 3136 1257 3192 mortis
1303 3150 1528 3205 regnum
1561 3135 1614 3188 in
1650 3149 1840 3188 omnes
1862 3135 2011 3188 inva-

2118 3137 2235 3189 κατ’
2265 3136 2444 3206 ὀλίγον
2480 3138 2537 3190 δὲ
2569 3138 2662 3190 καὶ
2703 3136 3084 3207 αὐξανόμενον,
3122 3137 3217 3190 καὶ
3245 3138 3513 3209 ἀφόρητον
3555 3140 3702 3206 γινό-

431 3232 625 3287 luerat.
667 3229 930 3285 Dominus
963 3237 1145 3284 autem
1177 3236 1364 3282 noster
1399 3226 1723 3282 immortalis
1753 3233 1805 3280 et
1834 3225 2014 3279 ineor-

431 3323 708 3394 ruptibilis
764 3329 889 3378 est:
932 3329 1097 3392 atque
1131 3329 1190 3374 ut
1220 3319 1545 3375 immortalis
1593 3327 1647 3373 et
1677 3317 2010 3389 incorrupti-

429 3414 578 3479 bilis,
611 3415 686 3468 ita
741 3413 918 3468 bonus
960 3411 1364 3481 humanusque.
1396 3409 1531 3465 Boni
1568 3424 1801 3480 namque
1832 3408 2011 3464 Patris

426 3503 631 3558 bonum
660 3501 898 3558 Verbum
928 3500 1181 3556 exsistit:
1224 3516 1395 3571 quare
1446 3516 1555 3556 non
1605 3501 1727 3554 tulit
1768 3509 1827 3554 ut
1850 3499 2009 3570 opiﬁ-

425 3593 572 3648 cium
632 3610 791 3650 suum
853 3593 1090 3664 periret:
1125 3607 1300 3663 neque
1352 3592 1646 3658 sustinuit,
1693 3599 1752 3645 ut
1783 3605 2007 3661 operum

426 3701 652 3740 suorum
703 3686 839 3740 alter
867 3694 1014 3741 esset
1045 3683 1346 3740 Dominus:
1380 3685 1476 3740 sed
1505 3681 1912 3739 intolerandam
1933 3684 2010 3737 vi-

417 3778 562 3833 dens
593 3777 874 3841 malitiam,
907 3778 1245 3847 mortaleque
1286 3793 1458 3849 genus
1488 3791 1598 3831 non
1636 3776 1815 3831 valere
1846 3776 2008 3828 morti

423 3872 724 3938 obsistere,
777 3890 954 3944 neque
1000 3889 1162 3945 posse
1198 3889 1413 3944 poenam
1470 3885 1695 3927 suorum
1738 3869 2006 3924 malorum

413 3966 740 4035 .persolvere
764 3986 777 4021 :
812 3983 938 4021 nam
958 3967 1178 4021 malitiae
1205 3979 1463 4020 excessus
1489 3978 1649 4018 omne
1679 3961 2004 4032 supplicium

422 4057 754 4128 superabat;
787 4057 978 4112 videns
1005 4057 1132 4112 item
1165 4055 1341 4109 Patris
1364 4055 1449 4109 sui
1477 4054 1797 4116 bonitatem,
1823 4067 2005 4108 suam-

422 4166 529 4221 que
581 4151 880 4221 potentiam
929 4150 1041 4222 68
1069 4157 1123 4204 et
1154 4149 1412 4204 virtutem
1445 4165 1456 4200 :
1499 4165 1516 4198 ι
1555 4145 1808 4201 Christus
1858 4144 2004 4198 enim

421 4243 516 4297 Dei
552 4243 726 4298 virtus
748 4251 802 4297 et
827 4240 922 4297 Dei
950 4241 1216 4311 sapientia
1249 4240 1329 4306 ης
1372 4257 1390 4290 ι
1425 4245 1737 4293 commotus
1767 4236 1868 4290 fuit
1904 4251 2004 4292 suo

419 4347 548 4402 erga
582 4333 830 4388 homines
869 4347 1076 4396 amore,
1111 4331 1516 4400 miseratusque
1549 4337 1798 4384 nostram
1852 4327 2004 4381 infir-

423 4425 688 4487 mitatem,
718 4421 965 4478 eamdem
1019 4421 1216 4476 induit.
1283 4421 1399 4491 Ipse
1433 4419 1610 4484 enim,
1653 4425 1713 4472 ut
1761 4418 1836 4472 ait
1864 4433 1997 4488 pro-

424 4514 607 4583 pheta,
641 4514 988 4569 iniirmitates
1016 4519 1236 4568 nostras
1270 4512 1434 4579 tulit,
1471 4519 1526 4567 et
1567 4507 1792 4564 morbos
1820 4517 1998 4579 gesta-

420 4609 498 4662 vit
528 4610 594 4664 ".
625 4607 914 4664 Miseratus
942 4608 1070 4663 item
1105 4617 1348 4662 nostram
1374 4605 1782 4668 mortalitatem,
1807 4602 1998 4658 eadem

420 4698 654 4754 amictus
683 4705 787 4754 est.
815 4698 905 4752 Ait
931 4697 1079 4754 enim
1108 4695 1314 4753 Paulus
1344 4715 1358 4752 :
1397 4714 1417 4746 ‹
1453 4692 1771 4750 llumiliavit
1803 4701 2001 4749 semet-

2121 3245 2279 3299 μενον
2324 3231 2436 3290 τοῖς
2476 3225 2802 3298 ἀνθρώποις.
2838 3228 2945 3280 Καὶ
2973 3227 3084 3299 γάρ
3129 3229 3224 3281 καὶ
3253 3229 3282 3281 6
3315 3229 3541 3292 θάνατος
3597 3231 3698 3283 ἐπὶ

2116 3321 2428 3383 πάνταςκαὶ
2449 3318 2592 3371 κατὰ
2617 3318 2834 3372 πάντων
2859 3319 3006 3390 ίσχυε
3033 3319 3335 3389 βασιλεύειν
3368 3319 3500 3390 (61).
3547 3320 3605 3372 '0
3629 3322 3696 3374 δὲ

2114 3413 2316 3484 Κύριος
2347 3411 2501 3484 ἡμῶν
2530 3411 2792 3475 ἀθάνατος
2814 3411 2911 3465 καὶ
2933 3410 3207 3482 ἄφθαρτός
3223 3412 3357 3464 ἐστι·
3386 3412 3478 3464 καὶ
3502 3410 3652 3464 ὥσπε
3662 3432 3696 3484 ρ

2113 3503 2374 3568 ἀθάνατος
2433 3503 2526 3555 καὶ
2565 3501 2859 3573 ἄφθαρτος,
2893 3500 3063 3564 οὕτως
3100 3502 3301 3571 ἀγαθὸς
3363 3505 3456 3556 καὶ
3501 3505 3698 3572 φιλάν-

2112 3594 2345 3666 θρωπος.
2409 3593 2637 3661 Ἀγαθοῦ
2701 3593 2809 3665 γὰρ
2891 3593 3105 3665 Πατρὸς
3175 3593 3376 3662 ἀγαθὸς
3427 3597 3456 3648 ὁ
3515 3596 3696 3664 Λόγος

2111 3685 2387 3758 ὑπάρχει·
2445 3685 2527 3738 διὸ
2585 3685 2646 3737 οὑ
2705 3683 2960 3754 παρεῖδεν
3004 3683 3300 3737 ἀπολέσθαι
3355 3684 3417 3737 τὸ
3461 3687 3695 3757 γενόμε-

2109 3795 2197 3831 νον
2269 3777 2420 3849 (62),
2473 3777 2582 3831 οὐδ’
2639 3777 2900 3848 ὑπέμεινε
2953 3777 3061 3830 τῶν
3131 3776 3296 3830 αὑτοῦ
3364 3779 3693 3848 ποιημάτων

2108 3871 2266 3925 ἀλλον
2297 3869 2547 3940 γενέσθαι
2571 3868 2773 3941 Κύριον
2793 3885 2806 3897 ⁸
2843 3868 2956 3922 ἀλλ’
2976 3867 3120 3940 ὁρῶν
3147 3867 3206 3920 τὸ
3240 3868 3337 3938 μὲν
3364 3870 3462 3939 τῆς
3484 3870 3691 3937 κακίας

2107 3963 2401 4034 ἀφόρητον,
2425 3963 2521 4016 καὶ
2557 3961 2615 4014 τὸ
2633 3961 2825 4032 θνητὸν
2854 3960 3010 4030 γένος
3031 3960 3129 4030 οὐχ
3158 3959 3345 4013 ἱκανὸν
3370 3959 3693 4031 ἀντιστῆναι

2108 4057 2243 4128 πρὸς
2268 4057 2356 4108 τὸν
2379 4056 2626 4118 θάνατον,
2648 4054 2765 4106 ούδέ
2781 4053 2878 4123 τὴν
2899 4051 3168 4122 τιμωρίαν
3187 4051 3294 4104 τῶν
3319 4052 3503 4104 κακῶν
3526 4052 3693 4106 δυνα-

2105 4147 2195 4202 τὸν
2228 4146 2550 4200 ἀποδοῦναι·
2584 4145 2826 4215 ὑπερῆρε
2867 4144 2974 4216 γὰρ
3013 4144 3191 4196 πᾶσαν
3223 4141 3491 4212 τιμωρίαν
3520 4145 3553 4214 ἡ
3582 4144 3691 4213 τῆς

2105 4238 2302 4300 κακίας
2331 4235 2605 4307 ὑπερϐολή
2627 4251 2640 4264 σ
2670 4234 2809 4306 ὀρῶν
2838 4233 2896 4286 δέ
2927 4233 3019 4288 καὶ
3050 4235 3148 4306 τὴν
3181 4233 3273 4287 τοῦ
3305 4234 3517 4304 Πατρὸς
3546 4236 3692 4302 ἀγα-

2105 4327 2478 4400 θότητα,όρῶν
2511 4327 2606 4380 καλ⁸
2632 4326 2728 4396 τὴν
2752 4326 2945 4381 ἐαυτοῦ
2973 4329 3259 4401 ἱκανότητα
3277 4329 3369 4380 καὶ
3399 4326 3692 4398 (65)δύνα-

2108 4437 2226 4492 μιν·
2267 4440 2284 4472 ι
2308 4419 2539 4491 Χριστὸς
2563 4419 2671 4491 γὰρ
2700 4419 2834 4472 Θεοῦ
2863 4419 3089 4490 δύναμις
3117 4421 3209 4474 καὶ
3237 4417 3371 4472 Θεοῦ
3407 4418 3567 4486 σοφία
3596 4435 3611 4450 ·
3663 4439 3685 4470 ι

2105 4513 2382 4581 κεκίνηται
2406 4513 2470 4581 τῇ
2508 4510 2909 4583 φιλανθρωπίᾳ,
2959 4512 3053 4564 καὶ
3074 4511 3350 4581 οἰκτείρας
3376 4509 3474 4582 τὴν
3510 4510 3689 4565 ἀσθέ-

2105 4620 2252 4658 νειαν
2276 4602 2452 4673 ἡμῶν,
2489 4601 2776 4656 ἐνεδύσατο
2799 4601 3022 4671 ταύτην.
3038 4599 3208 4665 Αὐτὸς
3231 4601 3360 4673 γὰρ,
3385 4603 3460 4665 ὡς
3490 4603 3519 4654 6
3547 4618 3694 4672 προ-

2107 4695 2281 4764 φήτης
2305 4693 2457 4766 φησὶ,
2486 4693 2584 4758 τὰς
2607 4692 2890 4757 ἀσθενείας
2917 4692 3070 4764 ἡμῶν
3093 4687 3218 4766 ἦρε,
3248 4693 3342 4746 καὶ
3368 4691 3465 4756 τὰς
3489 4691 3692 4758 νόσους

495 4858 536 4888 δ’
573 4855 730 4911 Joan.
768 4872 895 4924 xxx,
929 4856 1035 4920 25,
1066 4855 1158 4910 24.
1231 4857 1276 4888 δ³
1316 4856 1334 4909 l
1366 4857 1492 4912 Cor.
1529 4874 1579 4920 I,
1612 4855 1700 4910 24.
1777 4855 1825 4886 ⁵⁸
1863 4854 1967 4910 lsa.
2005 4872 2135 4922 LIII,
2169 4857 2224 4910 4.

491 5019 603 5090 (55)
637 5018 841 5090 Regius
872 5027 927 5090 et
952 5017 1308 5090 Anglicanus,
1332 5015 1559 5090 ἄραφος.
1590 5015 1733 5083 Mox,
1763 5014 1988 5087 Regius,

419 5084 598 5144 εἴπανζ
629 5084 772 5155 Mei,
803 5089 984 5153 αὑτόν,
1013 5084 1166 5140 abest
1191 5087 1258 5140 ab
1281 5084 1601 5154 Anglicano.

487 5160 598 5228 (se)
627 5160 791 5216 Basil.
823 5171 876 5216 el.
905 5157 1119 5228 Anglic.
1151 5156 1286 5228 Ούδὲ
1311 5155 1418 5228 γὰρ
1453 5156 1670 5228 ὁ-ᾕλιος.

489 5225 601 5300 (57)
631 5231 720 5284 Sic
751 5230 973 5299 Regius,
998 5225 1168 5300 atque
1200 5227 1274 5280 ita
1316 5225 1445 5298 legit
1473 5225 1736 5282 Nannius.
1771 5226 1915 5282 Editi
1939 5236 1994 5283 et

415 5301 528 5364 alii,
557 5299 684 5364 τοὺς
714 5300 906 5362 ἀλλους
930 5299 1051 5368 όφθ.

487 5372 599 5438 (58)
633 5370 758 5435 Καί,
788 5371 941 5424 deest
974 5365 1032 5423 in
1063 5365 1205 5438 Eelc.
1234 5366 1286 5420 ’5.
1318 5365 1430 5421 Ibid
1461 5367 1538 5430 δέ,
1573 5367 1726 5421 abest
1750 5381 1789 5438 a7
1820 5367 1986 5423 Basil.

487 5443 596 5510 (59)
628 5439 747 5492 Τῶν
777 5440 877 5509 μὲν
910 5440 1037 5510 γάρ.
1076 5437 1204 5510 Haec
1253 5446 1300 5510 e_t
1343 5437 1612 5510 sequentia
1627 5437 1882 5510 quaedam
1910 5455 1993 5491 re-

2099 5016 2349 5087 intellige.
2385 5014 2509 5072 Πιεε
2535 5014 3025 5087 Felckm._quibus__
3045 5013 3353 5087 adjicimus,
3388 5012 3493 5087 hoc
3518 5012 3690 5087 frag-

2099 5083 2343 5142 mentum
2377 5088 2564 5142 haberi
2617 5088 2672 5140 in
2721 5083 2961 5140 editione
2992 5083 3278 5140 Basiliensi
3328 5084 3457 5136 anni
3508 5083 3686 5150 1556,

2097 5173 2220 5227 pag.
2258 5157 2382 5219 579,
2411 5165 2465 5211 et
2501 5159 2582 5212 sic
2611 5156 2904 5227 inchoari:
2939 5154 3226 5227 Hominum
3262 5166 3397 5208 certe
3431 5167 3683 5222 peccata.

2166 5225 2279 5294 (60)
2303 5228 2441 5290 Μέν,
2476 5228 2630 5282 deest
2663 5228 2718 5280 in
2741 5226 3032 5279 Basiliensi
3062 5225 3461 5294 etAnglieano.

2166 5230 2257 5294 (60
2303 5230 2441 5290 Μέν,
2476 5230 2630 5282 deest
2663 5230 2718 5280 in
2741 5230 3032 5279 Basiliensi
3062 5234 3116 5277 et
3143 5230 3461 5294 Anglicano.

2149 5230 2279 5382 (6))
2309 5297 2532 5368 Regius,
2562 5299 2714 5368 ἴσχυε
2741 5294 3057 5367 βασιλεύων.
3095 5293 3239 5350 Fele.
3277 5295 3330 5362 2,
3364 5295 3550 5364 ἴσχυσε
3581 5293 3690 5364 βα-

2095 5386 2336 5421 σιλευων.

2116 5499 2128 5509 L
2164 5439 2273 5509 (69.)
2306 5438 2508 5506 Regius
2539 5438 2781 5509 secunda
2815 5450 3000 5509 manu,
3032 5436 3091 5488 τὸ
3123 5435 3277 5504 γένος
3308 5434 3484 5508 ἡμῶν.
3520 5433 3683 5498 Mox,

414 5506 690 5576 perimitur
735 5506 1099 5564 adhaese-mel
1153 5509 1206 5560 in
1251 5507 1559 5570 Basiliensi,
1602 5507 1895 5578 Anglicano
1938 5519 1990 5561 et

2118 5506 2235 5562 ΡεΙε.
2255 5506 2323 5572 ’2,
2354 5509 2461 5562 τῶν
2482 5507 2674 5561 ἐαυτοῦ
2706 5506 3043 5578 ποιημάτων.

413 5579 558 5634 Latt.
591 5581 742 5634 editi.
796 5591 852 5633 ut
889 5592 938 5634 et
992 5581 1045 5632 in
1093 5579 1269 5631 codice
1302 5595 1336 5630 ιι
1368 5589 1545 5631 nostra
1587 5577 1889 5639 sub'litulo,
1916 5578 1989 5634 De

419 5653 688 5715 passione.
744 5648 1125 5720 Fragmentum
1160 5650 1320 5718 igitur
1359 5650 1654 5720 repetitum,
1700 5664 1792 5714 per
1828 5649 1987 5701 Basi-

413 5721 627 5776 lwnsem
659 5718 943 5775 secundum
968 5730 1016 5776 et
1055 5721 1405 5791 Anglicanam
1445 5718 1750 5786 secundum,
1786 5720 1987 5790 signari

2123 5580 2271 5703 ό(65)
2303 5581 2516 5653 Anglic.
2549 5585 2604 5646 2,
2646 5579 2744 5651 τὴν
2782 5572 2866 5648 ἐφ’
2901 5574 3116 5649 ἑκάστῳ
3151 5577 3380 5647 δύναμιν
3418 5572 3512 5628 κοιλ⁸
3545 5573 3685 5632 ἱκα-

2155 5667 2306 5703 τητα.

2092 5667 2306 5721 νοτητα.
