3890 6200
154 314 257 371 805

1191 311 1280 366 DE
1315 309 1653 368 PASSIONE
1690 309 1782 366 ΕΤ
1819 309 2052 369 CRUCE
2091 309 2350 367 DOMINI.

3307 312 3415 366 206

157 431 428 485 ἐϐάστασε
450 428 585 502 (64).
614 430 726 484 Καὶ
761 428 991 502 ἐλεήσας
1029 427 1091 482 τὺ
1123 427 1315 499 θνητὸν
1353 427 1536 500 ήμῶν,
1587 445 1742 500 περι-

1855 429 2022 499 ipsum
2049 443 2220 498 usque
2246 426 2314 480 ad
2334 433 2586 492 mortem,
2619 432 2850 482 mortem
2877 434 3056 483 autem
3077 429 3258 484 crucis
3280 429 3346 484 “’.
3392 449 3410 480 ι

155 520 377 576 εὸάλετο
399 519 579 576 τοῦτο.
604 521 768 590 Λέγει
799 519 952 589 γάρὸ
977 516 1190 582 Παῦλος
1217 535 1230 549 ·
1277 537 1296 572 ι
1347 517 1740 571 Ἐταπείνωσεν

151 613 347 666 ἐαυτὸν
392 612 554 683 μέχρι
583 611 838 676 θανάτου,
869 611 1101 664 θανάτου
1129 610 1187 662 δὲ
1234 607 1491 679 σταυροῦ.
1531 627 1550 660 ι
1595 607 1741 662 Ἰδὼν

148 705 207 757 δὲ
256 704 352 756 καὶ
394 702 458 756 τὸ
504 704 642 774 πρὸς
680 703 780 774 τὴν
823 703 1078 756 ἀπόδοσιν
1111 699 1269 772 ἡμῶν
1317 701 1416 771 τῆς
1468 700 1742 771 τιμωρίας

148 794 439 858 ἀδύνατον,
481 795 771 860 ἀνεδέξατο
817 793 1023 864 ταύτην
1070 793 1262 856 αὐτός·
1295 811 1315 844 ι
1351 791 1590 863 Χριστὸς
1631 791 1740 862 γὰρ

147 886 380 956 γέγονεν
405 885 545 958 ὑπὲρ
563 889 597 957 ἡ
607 884 722 957 μῶν
749 885 984 957 κατάρα.
1013 905 1032 937 ι
1058 884 1170 938 Καὶ
1198 883 1342 938 οὕτω
1361 884 1514 955 δὴτά
1533 881 1743 955 ἀνθρώ-

146 997 285 1032 πινα
306 978 738 1050 περιϐαλόμενος
765 979 859 1032 καὶ
889 977 1323 1048 ἀμφιεσάμενος,
1355 975 1420 1029 δι’
1451 975 1644 1028 ἑαυτοῦ
1674 974 1744 1028 τά

145 1069 310 1140 ἡμῶν
374 1069 696 1140 προσήγαγε
748 1067 830 1138 τῷ
882 1067 1082 1138 Πατρὶ,
1137 1066 1247 1130 ῐνα,
1300 1066 1378 1129 ὡς
1426 1065 1536 1137 (65)
1579 1065 1743 1130 αὐτὸς

147 1160 402 1230 πάσχων,
431 1159 643 1231 ἀϐλαϐῆ
672 1160 766 1214 τὸν
795 1159 1081 1230 ἄνθρωπον
1128 1159 1408 1228 πάσχοντα
1445 1174 1744 1212 κατασκευ-

148 1253 279 1325 άσῃ,
310 1252 410 1305 καὶ
444 1251 618 1323 μικρά
653 1251 908 1322 μεγάλοις
957 1248 1512 1320 ἀντικαταλλάξηται.
1553 1250 1742 1303 Κατα-

148 1345 355 1416 ϐἐὸηκε
384 1343 519 1416 γὰρ,
544 1343 633 1396 ἵνα
657 1343 813 1414 ἡμῶν
840 1344 939 1413 τὴν
969 1342 1156 1397 ἄνοδον
1183 1343 1580 1416 κατασκευάσῃ
1601 1359 1616 1373 ·
1649 1343 1744 1396 καὶ

148 1436 488 1507 πεπείραται
541 1435 830 1503 γενέσεως,
861 1435 948 1487 ἵνα
978 1434 1144 1504 ἡμεῖς
1181 1434 1248 1487 δι’
1278 1433 1443 1488 αὑτοῦ
1477 1433 1556 1504 τῷ
1584 1433 1744 1503 ἀγεν-

148 1528 299 1598 νήτῳ
345 1525 462 1595 (66)
531 1525 892 1596 φιλιάσωμεν.
929 1525 1226 1597 Ἠσθὲνησε
1281 1525 1350 1578 δι’
1410 1527 1598 1596 ἡμᾶς,
1656 1525 1744 1580 ἵνα

146 1619 318 1689 ἡμεῖς
384 1615 704 1688 ἐγερθῶμεν
765 1617 824 1668 ὲν
863 1614 1112 1686 δυνάμει,
1166 1617 1260 1669 καὶ
1293 1616 1556 1687 εἴπωμεν,
1590 1615 1667 1679 ὼς
1715 1617 1745 1669 ό

149 1711 366 1774 Παῦλος
390 1727 405 1739 °
434 1709 650 1763 «Πάντα
673 1707 842 1778 ἰσχύω
861 1709 917 1762 ἐν
943 1706 1023 1778 τῷ
1054 1707 1440 1779 ἐνδυναμοῦντί
1460 1726 1528 1780 με
1567 1706 1742 1779 Ἰησοῦ

1840 519 1980 574 Cum
2007 518 2215 573 videret
2242 519 2370 571 item
2410 531 2512 570 nos
2551 530 2663 570 non
2697 515 2765 570 ad
2799 516 3126 572 solutionem
3161 519 3417 589 supplicii

1843 608 2121 674 suﬂicere,
2183 607 2425 678 suscepit
2475 607 2666 662 illam:
2705 625 2722 658 ι
2757 605 3010 663 Christus
3035 611 3182 663 enim
3241 609 3418 664 factus

1841 707 1927 756 est
1954 716 2053 770 pro
2084 701 2241 756 nobis
2276 701 2626 756 maledictum
2672 700 2739 756 “.
2790 722 2810 756 ι
2842 703 3020 773 Atque
3051 703 3132 759 sic
3161 704 3419 762 humanis

1843 794 2287 850 circumamictus
2338 794 2674 865 indutusque
2699 835 2713 860 ,
2764 812 2860 867 per
2899 813 3022 853 sese
3061 813 3182 868 quae
3227 808 3421 855 nostra

1842 889 1999 937 erant
2025 883 2173 937 Patri
2199 883 2434 949 ‘obtulit;
2473 893 2531 938 ut
2559 885 2716 955 quasi
2763 887 2875 956 ipse
2898 894 3198 958 pateretur,
3237 890 3421 945 homi-

1843 991 1966 1032 nem
1998 977 2291 1046 patientem
2323 976 2550 1032 illaesum
2587 977 2858 1043 redderet,
2907 987 2960 1034 et
2993 995 3160 1050 parva
3209 982 3423 1053 magnis

1843 1071 2225 1120 commutaret.
2266 1064 2556 1120 Descendit
2579 1067 2758 1132 enim,
2818 1075 2879 1122 ut
2924 1069 3083 1124 nobis
3131 1085 3420 1126 ascensum

1843 1164 2205 1227 praapararet:
2241 1157 2581 1212 nativitatem
2626 1169 2883 1227 expertus
2921 1167 3040 1224 est,
3087 1169 3146 1214 ut
3174 1175 3276 1216 nos
3327 1175 3424 1231 per

1843 1262 1968 1302 eum
2016 1247 2259 1318 ingenito
2307 1249 2467 1303 amici
2523 1264 2816 1306 essemus:
2860 1249 3167 1306 inﬁrmatus
3201 1261 3424 1323 propter

1843 1354 1948 1395 nos
1969 1347 2074 1404 est,
2101 1347 2160 1394 ut
2189 1353 2291 1395 nos
2316 1340 2688 1395 excitaremur
2721 1341 2778 1395 in
2820 1341 3050 1409 virtute,
3099 1351 3154 1399 et
3211 1344 3425 1400 dicere-

1843 1445 1992 1497 mus,
2025 1431 2486 1501 quemadmodum
2528 1431 2772 1488 Paulus:
2815 1452 2834 1486 ι
2867 1432 3063 1488 Omnia
3106 1451 3334 1506 possum
3367 1438 3424 1494 in

1843 1537 1909 1579 eo
1940 1523 2035 1593 qui
2083 1538 2171 1578 me
2202 1523 2478 1580 confortat
2533 1523 2663 1581 Jesu
2710 1525 2931 1582 Christo
2979 1527 3044 1582 ".
3099 1548 3119 1582 ι
3180 1529 3426 1602 Sumpsit

1844 1631 2044 1684 corpus
2073 1617 2446 1686 corruptibile,
2473 1627 2533 1672 ut
2571 1622 2930 1690 corruptibile
2959 1622 3210 1678 indueret
3237 1625 3424 1680 incor-

1843 1708 2152 1776 ruptionem
2181 1708 2204 1759 ε’
2247 1705 2426 1760 induit
2477 1710 2739 1775 mortale,
2793 1720 2852 1765 ut
2900 1713 3131 1767 mortale
3176 1712 3427 1770 indueret

150 1798 434 1871 Χριστῷ.»
473 1798 676 1853 Ἔλαϐε
737 1799 896 1869 σῶμα
954 1797 1228 1869 φθαρτὸν,
1285 1797 1372 1852 ἵνα
1407 1799 1470 1852 τὸ
1497 1797 1736 1870 φθαρτὸν

1855 1797 2332 1853 immortalitatem.
2393 1797 2618 1854 Demum
2652 1801 2830 1858 factus
2874 1810 2958 1859 est
2993 1804 3156 1859 homo
3195 1813 3248 1860 et
3287 1822 3428 1861 mor-

149 1891 445 1961 ἐνδύσηται
482 1892 583 1962 τὴν
609 1889 921 1961 ἀφθαρσίαν
949 1906 963 1920 ο
1004 1890 1292 1943 ἐνεδύσατο
1323 1890 1383 1942 τὸ
1411 1889 1624 1960 θνητὸν,
1655 1890 1742 1942 ἵνα

149 1980 210 2034 τὸ
229 1980 428 2050 θνητὸν
480 1979 770 2050 ἐνδύσηται
793 1979 892 2051 τὴν
923 1979 1243 2034 ἀθανασίαν.
1274 1979 1384 2032 Καὶ
1406 1978 1558 2044 τέλος
1581 1978 1743 2048 γέγο-

149 2089 241 2125 νεν
275 2072 564 2143 ἄνθρωπος
585 2072 682 2125 καὶ
707 2071 997 2135 ἀπέθανεν,
1031 2071 1119 2123 ἶνα
1145 2073 1327 2142 ἡμεῖς,
1363 2072 1412 2124 οι
1437 2071 1514 2134 ὡς
1537 2069 1746 2144 ἄνθρω-

149 2181 245 2216 ποι
294 2163 755 2235 ἀποθνήσκοντες,
813 2161 1243 2233 θεοποιηθῶμεν,
1290 2162 1387 2216 καὶ
1429 2163 1625 2233 μηκέτι
1654 2161 1745 2215 τὸν

150 2255 386 2309 θάνατον
435 2255 649 2326 ἔχωμεν
719 2255 1086 2325 βασιλεύοντα.
1135 2254 1376 2317 Θάνατος
1428 2255 1538 2325 γὰρ
1585 2251 1744 2324 ἡμῶν

150 2348 214 2399 οὐ
248 2346 363 2416 (67)
383 2344 797 2417 κατακυριεύει,
841 2347 979 2400 καὶὸ
1009 2345 1366 2409 άποστολικὸς
1403 2343 1462 2396 δέ
1487 2343 1746 2415 κηρύττει

152 2440 314 2508 λόγος
332 2456 346 2469 ο
366 2439 456 2492 διὰ
469 2439 631 2492 τοῦτο
656 2441 754 2494 καὶ
778 2438 1127 2512 σταυροῦται,
1153 2439 1240 2492 ἵνα
1272 2437 1371 2509 τὴν
1392 2438 1638 2509 κατάραν
1669 2435 1750 2500 ἐξ-

154 2533 428 2604 αγοράσῃ,
444 2534 538 2586 καὶ
549 2535 709 2605 ἡμεῖς
719 2535 817 2606 τὴν
835 2532 1085 2600 εὐλογίαν
1100 2532 1201 2603 κλη
1210 2531 1408 2603 ρονομή
1417 2547 1616 2601 σωμεν.
1636 2529 1749 2583 Πά-

157 2641 301 2695 σχων
313 2625 426 2696 γάρ
438 2625 617 2689 αὐτὸς,
635 2625 931 2679 ἐϐλάπτετο
945 2625 1042 2697 μὲν
1057 2624 1164 2678 οὐδ’
1177 2623 1334 2687 ὅλως,
1352 2620 1744 2694 ἐχαρίζετο(68)

153 2717 211 2768 δὲ
236 2715 443 2786 μᾶλλον
461 2733 477 2748 ο
505 2721 602 2770 καὶ
624 2716 1013 2788 ἀποθνήσκων,
1041 2716 1141 2769 οὐκ
1179 2714 1338 2786 ἔμενε
1371 2713 1585 2785 νεκρὸς,
1611 2713 1747 2768 ἀλλὰ

159 2806 363 2876 μᾶλλον
393 2808 489 2861 καὶ
523 2809 649 2871 τοὺς
687 2807 914 2878 νεκροὺς
931 2807 1214 2871 ὲζωοποίει
1234 2807 1349 2861 ’καὶ
1379 2806 1749 2878 σφαγιαζόμε-

156 2914 244 2960 νος
262 2897 323 2950 δέ
353 2898 459 2951 οὐκ
481 2897 718 2952 ἀπόλυτο
752 2897 888 2970 (69),
924 2897 1061 2952 ἀλλὰ
1086 2897 1165 2969 τῷ
1190 2898 1383 2970 αἵματι
1404 2898 1502 2969 τῆς
1532 2897 1748 2968 σφαγῆς

158 2989 368 3054 πάντας
396 2989 585 3053 ἁπλῶς
608 2989 918 3063 ἐλυτροῢτο,
944 2991 1040 3044 καὶ
1086 2989 1250 3054 αὐτὸς
1281 2989 1473 3060 ἔμενεν
1505 2987 1741 3060 ἀπαθής.

226 3104 320 3158 19..
354 3102 483 3174 Πῶς
497 3103 556 3156 δὲ
583 3102 740 3157 τοῦτο
772 3103 1016 3172 γέγονεν,
1045 3100 1100 3154 εί
1124 3119 1210 3165 τις
1242 3099 1443 3173 ἔροιτο,
1478 3100 1743 3155 ἀκουέτω.

157 3196 260 3250 Δύο
318 3195 664 3265 πραγμάτων
720 3197 777 3248 ὲν
834 3194 1009 3264 τούτῳ
1075 3192 1186 3264 (70)
1239 3193 1428 3262 γέγονε
1490 3192 1706 3256 σύνοδος
1729 3209 1742 3222 ·

157 3286 508 3358 πραγμάτων
538 3286 594 3338 δὲ
627 3285 769 3353 λέγω
783 3286 885 3338 οὑκ
919 3284 1069 3350 ἴσων,
1105 3283 1242 3339 ἀλλά
1274 3285 1368 3338 καὶ
1402 3284 1544 3338 κατά
1573 3285 1749 3338 πάντα

161 3378 454 3448 σύγκρισιν
484 3378 586 3430 οὐκ
618 3377 868 3448 ἐχόντων.
909 3375 1113 3448 Θνητὺν
1169 3375 1278 3448 γὰρ
1325 3375 1581 3448 ἀθανάτῳ
1632 3394 1750 3431 συν-

159 3472 446 3536 επλέκετο,
503 3471 598 3524 καὶ
643 3468 879 3540 φθαρτὸν
918 3467 1077 3537 σῶμα
1132 3467 1393 3539 ἀφθάρτῳ
1438 3468 1580 3539 λόγῳ
1637 3468 1750 3540 (7|)

161 3562 538 3634 συνεληλύθει.
594 3563 706 3616 Καὶ
749 3561 810 3614 τὸ
856 3560 955 3631 μὲν
1010 3559 1202 3630 θνητὸν
1245 3560 1346 3613 οὐκ
1402 3560 1639 3614 ἔϐλαπτε
1690 3563 1751 3616 τὸ

159 3657 430 3711 ἀθάνατον
454 3670 468 3683 '
495 3654 703 3718 ἀπαθὲς
731 3654 840 3726 γὰρ
853 3649 919 3724 ἦν
939 3671 952 3684 ⁸
989 3653 1104 3707 ἀλλ’
1129 3652 1288 3724 ἔμενε
1313 3652 1510 3725 μᾶλλον
1542 3654 1752 3718 ἀπαθὲς

160 3752 252 3804 καὶ
281 3750 418 3802 αὐτὸ
446 3751 512 3820 τῇ
560 3747 656 3800 τοῦ
702 3746 932 3801 θανάτου
964 3746 1290 3818 ἐπικρατείᾳ
1315 3763 1329 3778 ο
1369 3744 1437 3798 τὰ
1474 3745 1584 3818 γὰρ
1614 3763 1752 3817 κρα-

157 3841 358 3894 τοῦντα
405 3840 517 3893 τῶν
551 3837 935 3911 κρατουμένων
964 3838 1053 3892 ἀεὶ
1098 3837 1266 3907 κύρια
1321 3836 1600 3907 τυγχάνει.
1653 3833 1753 3888 Διά

159 3932 290 4000 γοῦν
326 3930 493 3984 αὐτὸν
530 3931 620 3985 τὸν
645 3930 870 3983 συνόντα
895 3928 1161 3983 ἀθάνατον
1186 3928 1379 3997 Λόγον,
1401 3929 1496 3982 καὶ
1523 3931 1552 3980 ό
1585 3928 1748 3982 θάνα-

157 4041 248 4089 τος
274 4023 634 4094 ἐξηφανίζετο
691 4022 803 4092 (λιιι)
833 4020 1148 4090 παραδόξως
1199 4023 1256 4073 ἐν
1305 4018 1476 4090 αὐτῷ,
1520 4018 1594 4082 ὡς
1641 4018 1750 4072 ἀπὸ

163 4117 336 4188 πυρὸς
376 4113 703 4183 ἀφανίζεται
739 4113 980 4182 καλάμη.
1034 4112 1093 4165 ’0
1147 4111 1204 4164 δὲ
1249 4111 1442 4180 Λόγος,
1474 4109 1750 4181 ἄφθαρτος

160 4209 256 4274 ὢν,
287 4208 494 4278 ὠφελεῖ
522 4207 720 4277 μᾶλλον
752 4207 813 4260 τὸ
840 4205 1076 4277 φθαρτὸν
1111 4203 1283 4257 συνὼν
1327 4202 1475 4274 αὐτῷ
1496 4221 1508 4233 ·
1550 4202 1611 4256 τὸ
1642 4203 1748 4275 γάρ

163 4304 354 4365 σκότος
385 4301 494 4354 ὑπὸ
515 4300 610 4352 τοῦ
641 4299 818 4369 φωτὸς
852 4296 1274 4366 καταυγάζεται,
1305 4297 1399 4350 καὶ
1434 4296 1495 4348 τὸ
1531 4295 1750 4349 ἔλαττον

163 4394 267 4446 ὑπὸ
300 4391 396 4445 τοῦ
421 4390 732 4461 κρείττονος
754 4388 1072 4456 εὐλογεῖται.
1095 4387 1196 4440 Διά
1229 4386 1386 4440 τοῦτο
1406 4388 1501 4440 καὶ
1533 4386 1627 4440 νῦν
1644 4388 1750 4440 ὑπὸ

161 4486 269 4538 τῶν
308 4483 525 4554 δημίων
574 4481 972 4544 ἐκδιδύσκεται,
1028 4478 1118 4542 οὒς
1158 4481 1322 4550 ἡμεῖς
1355 4480 1413 4531 ὲν
1437 4478 1516 4550 τῷ
1579 4477 1825 4571 Ἀδὰμ-Β

161 4574 556 4646 ἑνεδυσάμεθα,
597 4573 954 4644 δερματίνους
991 4571 1246 4642 χιτῶνας,
1278 4572 1363 4624 ἵνα
1392 4572 1513 4625 ἀντὶ
1544 4570 1749 4625 τούτων

159 4669 251 4722 τον
279 4666 518 4739 Χριστὸν
557 4663 878 4717 ἐνδύσασθαι
898 4663 1233 4736 δυνηθῶμεν.
1263 4664 1362 4716 Διά
1385 4661 1542 4716 τοῦτο
1567 4664 1660 4716 καὶ
1680 4663 1749 4716 τὰ

160 4761 358 4830 ἱμάτια
384 4757 706 4830 μερίζεσθαι
738 4756 1020 4826 ὑπομένει,
1039 4757 1126 4809 ἵνα
1158 4758 1319 4827 ἡμεῖς
1338 4756 1427 4809 τὸν
1451 4756 1515 4808 ἑκ
1538 4755 1749 4825 Πατρὸς

158 4853 458 4921 ἀμέριστον
489 4849 701 4920 ἔχωμεν
719 4849 889 4917 Λόγον
914 4865 927 4878 ·
959 4866 977 4899 ι
1019 4847 1163 4915 Ἐγὼ
1181 4846 1288 4918 γὰρ
1315 4846 1408 4899 καὶ
1433 4848 1461 4899 ὁ
1492 4846 1739 4916 [Iac-i152,»

1843 1894 1972 1942 tuus
2002 1894 2108 1953 est,
2138 1898 2196 1944 ιιι
2221 1904 2346 1956 nos,
2372 1891 2464 1960 qui
2494 1900 2683 1961 utpote
2713 1893 2963 1950 homines
3011 1896 3422 1964 moriebamur,

1844 1976 2250 2045 deiﬁcaremur,
2277 1996 2452 2050 neque
2484 1982 2677 2037 mortis
2708 1998 2934 2054 regnum
2960 1987 3102 2041 ultra
3123 1991 3426 2045 sustinere-

1846 2083 1992 2124 mus.
2027 2069 2171 2126 Mors
2214 2073 2358 2126 enim
2389 2071 2549 2128 nobis
2580 2090 2691 2129 non
2719 2075 3051 2143 dominatur,
3075 2087 3135 2133 ut
3163 2081 3429 2150 apostoli-

1847 2173 1947 2213 cus
2000 2173 2181 2214 sermo
2221 2161 2519 2230 praedicat,
2575 2172 2861 2232 propterea
2885 2167 3182 2224 cruciﬁxus
3236 2178 3338 2238 est,
3367 2179 3427 2225 ut

1849 2250 2200 2306 maledictum
2235 2253 2548 2319 redimeret,
2581 2265 2635 2311 et
2659 2272 2762 2313 nos
2793 2257 3225 2318 benedictionem
3257 2264 3428 2320 haere—

1848 2342 2017 2398 ditate
2046 2345 2440 2414 acciperemus.
2489 2347 2610 2418 Ipse
2664 2365 2898 2422 namque
2937 2369 3061 2408 cum
3103 2365 3384 2425 pateretur
3410 2398 3427 2424 ,

1847 2437 2162 2494 nullatenus
2193 2439 2528 2507 Izedebatur;
2581 2442 2692 2500 imo
2733 2445 2916 2514 potius
2967 2447 3110 2501 dona
3156 2450 3426 2521 largieba-

1849 2534 1942 2582 tur
1968 2548 1981 2582 :
2022 2537 2074 2583 et
2102 2529 2364 2594 moriens,
2391 2539 2642 2588 mortuus
2669 2549 2777 2589 non
2804 2539 3087 2605 remansit,
3115 2542 3210 2596 sed
3247 2545 3427 2612 potius

1851 2627 2098 2675 mortuos
2125 2621 2426 2679 viviﬁcabat
2457 2643 2470 2678 :
2501 2640 2603 2680 nec
2634 2625 2942 2686 immolatus
2972 2632 3156 2700 periit,
3200 2636 3296 2691 sed
3325 2637 3428 2691 im-

1852 2712 2164 2769 molationis
2203 2729 2316 2769 suae
2349 2716 2616 2786 sanguine
2642 2733 2832 2776 omnes
2869 2739 3097 2796 prorsus
3145 2727 3424 2796 liberavit,

1852 2803 2079 2877 ipseque
2106 2808 2310 2864 mansit
2339 2809 2671 2879 impatibilis.

1925 3096 2012 3151 12.
2056 3096 2338 3164 Quomodo
2358 3106 2540 3156 autem
2565 3101 2618 3158 id
2645 3101 2846 3158 factum
2879 3105 2950 3161 sit
2978 3107 3025 3163 si
3051 3109 3174 3178 quis
3197 3119 3424 3180 quaerat,

1852 3187 2056 3244 audiat.
2091 3188 2328 3244 Duarum
2359 3191 2414 3245 in
2437 3207 2502 3247 eo
2527 3209 2708 3247 rerum
2731 3209 3032 3252 concursus
3059 3197 3195 3267 fuit;
3220 3216 3425 3268 rerum,

1850 3278 2098 3348 inquam,
2125 3296 2236 3335 non
2270 3282 2592 3352 aequalium,
2642 3285 2736 3340 sed
2762 3302 2882 3356 qua:
2912 3290 3060 3342 nullo
3089 3291 3252 3344 modo
3278 3307 3430 3346 com~

1851 3372 2034 3443 parari
2073 3381 2316 3442 possent.
2366 3373 2591 3430 Mortale
2627 3377 2825 3447 quippe
2861 3380 3152 3436 innnortali
3197 3384 3427 3454 compli-

1851 3465 2098 3529 cabatur,
2121 3471 2176 3519 et
2201 3467 2555 3536 corruptibile
2591 3484 2792 3541 corpus
2821 3473 3220 3544 incorruptibili
3252 3473 3431 3531 Verbo

1851 3556 2098 3613 cohaesit.
2124 3554 2312 3626 Neque
2347 3565 2530 3614 tamen
2567 3559 2643 3625 id,
2680 3563 2826 3630 quod
2856 3565 3086 3618 mortale
3112 3571 3249 3627 erat,
3292 3565 3430 3619 laesit

1850 3647 1986 3702 illud
2031 3647 2176 3718 quod
2218 3649 2573 3705 immortale:
2629 3652 2964 3722 impaSsibiIe
3015 3654 3214 3724 quippe
3268 3664 3426 3710 erat:

1851 3747 2136 3809 morteque
2160 3739 2326 3804 victa,
2373 3741 2546 3812 magis
2595 3742 2934 3814 impassihile
2965 3747 3227 3801 remansit
3255 3769 3267 3802 :
3301 3764 3429 3802 nam

1851 3847 1914 3886 ea
1949 3849 2071 3903 quae
2109 3835 2355 3899 vincunt,
2391 3835 2554 3891 victis
2585 3851 2799 3908 semper
2841 3839 3209 3894 dominantur.
3245 3841 3432 3910 Itaque

1851 3925 1924 3979 ob
1955 3926 2314 3996 conjunctum
2362 3927 2670 3984 immortale
2718 3929 2995 3998 Verbum,
3039 3947 3185 3988 mors
3223 3932 3278 3986 in
3311 3935 3433 4003 ipso

1853 4019 2159 4075 admirabili
2216 4021 2452 4092 quodam
2510 4023 2704 4090 modo,
2762 4025 2918 4093 quasi
2968 4026 3166 4095 stipula
3207 4039 3238 4078 a
3295 4025 3434 4080 facie

1851 4112 1994 4182 ignis
2019 4114 2398 4169 evanescebat.
2435 4112 2674 4169 Verbum
2733 4132 2895 4186 porro
2935 4132 3058 4171 cum
3102 4119 3434 4187 incorrupti-

1852 4204 1960 4260 bile
1989 4213 2170 4272 esset,
2213 4220 2310 4260 sua
2357 4207 2744 4276 conjunctione
2787 4209 2842 4262 id
2895 4210 3038 4279 quod
3081 4211 3436 4278 corruptibile

1852 4303 1970 4352 erat
1996 4296 2326 4366 adjuvabat:
2361 4300 2597 4354 tenebrae
2630 4299 2774 4354 enim
2799 4300 3047 4354 alumine
3069 4301 3432 4364 illustrantur,
3517 4345 3520 4348 .

1853 4399 1905 4444 et
1930 4389 2076 4459 quod
2118 4390 2302 4445 minus
2331 4398 2435 4453 est,
2479 4406 2510 4444 a
2549 4393 2756 4460 majore
2787 4392 3144 4448 benedicitur.
3187 4392 3438 4462 Quapro-

1855 4488 1975 4551 pter
1998 4481 2112 4551 jam
2139 4496 2170 4534 a
2195 4483 2547 4538 carniﬁcibus
2565 4485 2785 4538 exuitur
2812 4487 3065 4554 pelliceas
3090 4493 3292 4547 vestes,
3312 4485 3438 4554 qui-

1855 4573 1960 4627 bus
1987 4573 2043 4625 in
2065 4571 2275 4626 Adamo
2299 4572 2473 4627 induti
2526 4589 2740 4637 sumus,
2781 4561 2839 4628 nt
2881 4590 3070 4629 earum
3118 4574 3240 4629 loco
3272 4573 3436 4628 Chri-

1857 4671 2002 4719 stum
2058 4664 2289 4719 induere
2342 4665 2636 4732 possimus.
2693 4666 2891 4721 Eadem
2929 4669 3056 4722 item
3119 4668 3185 4722 de
3225 4682 3433 4730 causa,

1855 4755 2182 4810 vestimenta
2206 4770 2305 4810 sua
2332 4754 2498 4809 dividi
2529 4757 2754 4825 patitur,
2779 4767 2837 4811 ut
2865 4773 2966 4812 nos
2980 4757 3218 4813 Verbum
3239 4757 3438 4811 indivi-

1858 4844 2017 4901 sibile
2051 4861 2118 4900 ex
2155 4845 2315 4901 Patre
2344 4847 2648 4917 procedens
2685 4848 3025 4906 habeamus:
3059 4866 3208 4915 nam,
3244 4869 3262 4900 ι
3301 4848 3433 4920 Ego:

228 5031 276 5062 ⁸⁸
315 5028 558 5099 Philipp.
596 5043 673 5090 ιι,
704 5027 760 5082 8.
830 5025 884 5058 ’⁸⁸
916 5025 1094 5083 Galat.
1132 5041 1226 5091 ιιι,
1263 5025 1351 5080 15.
1431 5025 1474 5056 ⁸⁷
1515 5023 1746 5094 Philipp.

1855 5061 1862 5087 ,
1901 5023 1989 5078 15.
2466 5048 2470 5052 ·

234 5183 351 5252 (64)
384 5182 464 5236 Ita
487 5183 725 5236 maxima
761 5197 889 5251 pars
918 5197 1052 5236 mss.
1070 5179 1237 5252 iEditi,
1264 5195 1414 5252 vero,
1458 5179 1747 5252 ἐβάσταςε.

376 5254 435 5307 In
464 5253 608 5306 Felc.
638 5253 694 5313 2,
723 5248 778 5306 et
817 5252 1029 5322 Anglic.
1059 5251 1115 5322 2,
1149 5252 1245 5315 ὡς,
1279 5250 1450 5322 deest.
1485 5248 1748 5322 Mox._&v-

162 5318 406 5394 θρωπον,
433 5327 648 5394 εδεδιγει
691 5318 936 5394 ῨΒίιδὶὶᾷί.
987 5321 1210 5394 Ibidem,
1253 5320 1552 5394 πάσχοντα,
1593 5318 1750 5394 abest

161 5389 232 5448 ab
255 5396 470 5462 Anglic.
495 5394 550 5446 2.
595 5393 817 5455 Ibidem,
850 5390 994 5446 Felc.
1025 5391 1081 5452 2,
1109 5389 1493 5462 κατασκευάσῃ
1523 5389 1751 5462 και-πε-

162 5460 446 5535 πείραται,
495 5463 694 5535 multis
730 5463 970 5527 omissis,
1015 5461 1079 5514 δι’
1126 5460 1546 5533 ὁμοιοτέλευτον.
1601 5460 1746 5524 Mox,

161 5533 472 5604 Anglia},
500 5533 886 5603 ἀναλλάξηται.

235 5602 352 5674 (lilii
382 5603 594 5674 Regius
631 5615 685 5659 et
716 5602 928 5672 Anglic.
957 5603 1008 5666 1,
1035 5602 1090 5666 2,
1127 5606 1357 5674 γενήτῳ.

234 5659 522 5744 ἐδηιῖειὲ.
566 5674 623 5737 2,
657 5659 940 5744 ἡμῶξκαι
977 5659 1258 5728 doce-3'09:
1307 5659 1425 5730 Mox
1473 5675 1524 5729 in
1557 5674 1746 5730 eodem

163 5754 217 5798 et
243 5747 299 5800 in
331 5743 634 5818 Anglicano
663 5743 720 5813 2,
744 5743 820 5808 δέ,
858 5744 1031 5799 deest.

2074 5176 2237 5250 Οὐδὲν
2258 5178 2561 5250 ἐχαρίζετο.
2591 5178 2796 5250 Regius
2817 5189 2870 5235 et
2901 5180 3064 5236 BasiI.
3102 5183 3152 5235 1.

1951 5196 2039 5245 oe)
2074 5196 2237 5258 υυοεν
2258 5196 2561 5301 εχαὲιςετο.
2585 5196 2796 5262 ‘ueglus
2817 5196 2870 5235 et
2901 5196 3064 5264 trasu.
3102 5196 3152 5235 1.

1951 5248 2040 5321 69)
2071 5248 2292 5321 Anglic.
2372 5290 2416 5321 _,
2443 5319 2455 5321 _
2474 5251 2762 5306 ἀπόλλυτο.
2814 5251 3014 5321 Regius
3036 5292 3050 5313 ,
3113 5250 3435 5310 ἀπὼλλοιτο.

1857 5317 2029 5392 Editi,
2059 5317 2333 5392 ἀπῴλυτο.
2369 5318 2516 5392 Infra
2549 5321 2716 5376 Basil.
2759 5317 2967 5392 Πῶςδέ
3002 5321 3159 5374 τοῦτο
3204 5324 3436 5392 γένοιτο.

1928 5389 2039 5464 (71))
2059 5387 2278 5464 Regius,
2306 5389 2520 5464 Anglic.
2547 5392 2820 5464 secundus
2841 5401 2891 5446 et
2909 5391 3131 5464 Felc._2,
3159 5387 3438 5464 ἐνταύτῷ.

1857 5457 2110 5533 Εᾱὶιίίέν
2136 5457 2328 5533 τούτῳ)
2361 5457 2586 5526 Ibidem,
2611 5462 2945 5533 Anglicanus
2967 5472 3019 5518 et
3047 5461 3360 5520 Felckman.
3378 5457 3438 5529 2,

1858 5531 2138 5598 γεγονέναι
2171 5529 2405 5583 σύνοδον.

1929 5601 2040 5673 (ῃ)
2067 5600 2398 5673 Anglicanus
2420 5600 2481 5673 2,
2505 5601 2756 5673 ἀθανάτω
2779 5603 2923 5673 λόγῳ
2960 5623 3076 5660 συν.

1932 5670 2419 5746 (72)_Anglicanus_
2459 5671 2600 5746 2-._e_t
2642 5671 2785 5746 Fglc.
2839 5670 3240 5746 2,-ἡφανίςετο.
3293 5675 3440 5744 M01,

1860 5740 2199 5812 παραδόξως,
2227 5744 2378 5797 deest
2410 5743 2463 5797 in
2491 5741 2630 5802 Felc.
2675 5744 2728 5798 5.
