3872 6188
445 223 548 278 207

1573 216 1636 275 S.
1667 213 2132 270 ATHANASIUS.
2174 244 2244 253 —
2283 211 2510 268 DUBlA.

3591 215 3700 273 208

448 333 644 404 inquit,
674 340 728 387 et
751 331 911 387 Pater
954 347 1122 387 unum
1175 346 1366 386 sumus
1394 331 1459 386 ⁵³.
1501 351 1519 383 ι
1568 330 1931 396 Quamobrem
1968 330 2021 383 in

2131 328 2316 398 φησὶν,
2355 346 2372 376 ι
2411 329 2469 382 ἓν
2501 329 2685 396 ἐσμεν.
2729 347 2746 378 ι
2779 328 2876 381 Διά
2909 327 3066 381 τοῦτο
3094 327 3186 381 καὶ
3222 328 3578 399 λαγχάνουσιν
3603 335 3700 387 ἐπὶ

450 433 654 480 vestem
689 433 889 479 sortem
927 424 1185 488 mittunt,
1219 423 1360 494 quod
1394 424 1484 477 ille
1533 423 1802 492 patienter
1851 421 2025 490 negli-

447 517 545 585 git,
583 522 642 568 ut
670 530 790 570 sors
822 523 876 569 et
904 514 1193 569 hmreditas
1227 520 1415 568 nostra
1440 513 1512 567 sit
1540 511 1794 567 Christus
1816 553 1829 577 ,
1859 520 1917 564 ut
1950 511 2024 564 ait

446 605 739 662 Psalmista
772 625 784 659 :
825 623 844 655 ι
877 604 1141 660 Dominus
1161 620 1286 674 pars
1311 603 1645 658 haereditatis
1683 618 1814 657 meae
1847 612 1900 658 et
1927 618 2023 656 ca-

447 698 568 753 licis
597 699 700 752 mei
732 695 796 752 ".
833 715 852 749 ι
883 695 1062 761 Quare
1091 712 1198 750 non
1233 696 1359 749 alibi
1386 695 1612 764 patitur,
1632 709 1741 748 non
1765 693 1872 748 alio
1904 693 2023 747 loco

446 789 598 843 cruci
626 787 878 859 afligitur,
911 803 1074 858 quam
1107 789 1159 841 in
1197 787 1461 842 Calvaria:
1489 787 1610 843 loco
1635 826 1649 850 ,
1709 803 1867 856 quem
1919 785 2022 841 lle—

445 880 714 933 braeorum
747 880 994 950 magistri
1043 880 1193 933 aiunt
1219 879 1386 934 fuisse
1420 877 1611 932 Adami
1663 880 1972 950 sepulcrum
2005 897 2017 932 :

451 970 526 1024 ibi
584 986 820 1040 namque
883 972 1034 1024 illum
1092 979 1214 1040 post
1268 971 1698 1026 maledictionem
1751 971 2019 1040 sepultum

449 1061 622 1114 fuisse
658 1067 994 1114 asseverant.
1030 1058 1184 1125 Quod
1219 1060 1263 1114 si
1295 1061 1367 1114 ita
1395 1076 1453 1116 se
1493 1077 1582 1116 res
1615 1061 1818 1123 habet,
1854 1060 2022 1114 miror

445 1149 565 1218 ejus
597 1151 702 1204 loci
750 1151 1153 1220 proprietatem.
1219 1149 1470 1221 Oportuit
1513 1153 1658 1207 enim
1689 1151 1972 1206 Christum
1999 1191 2014 1215 ,

447 1254 569 1292 eam
603 1239 834 1308 primum
868 1239 1130 1294 Adamum
1182 1256 1448 1297 renovare
1491 1243 1686 1306 vellet,
1734 1243 1786 1295 in
1817 1258 1881 1297 eo
1908 1242 2020 1312 pati

449 1329 587 1392 loco,
619 1339 677 1382 ut
724 1329 844 1398 ejus
894 1329 1100 1383 abolito
1133 1338 1398 1400 peccato,
1458 1331 1526 1386 ab
1576 1331 1833 1386 universo
1889 1331 2020 1386 illud

448 1421 723 1476 hominum
743 1436 936 1491 genere
953 1421 1218 1489 auferret;
1247 1429 1299 1476 et
1331 1439 1454 1477 cum
1478 1424 1774 1478 audivisset
1804 1424 1974 1478 Adam
2003 1443 2015 1478 :

453 1530 471 1561 ι
508 1511 672 1566 Terra
699 1528 794 1578 es,
827 1520 882 1567 et
915 1513 969 1566 in
1003 1521 1202 1568 terram
1240 1516 1528 1570 reverteris
1556 1517 1601 1546 ⁵ο
1627 1555 1642 1580 ,
1683 1535 1702 1568 ι
1741 1515 1862 1569 ideo
1907 1513 2020 1568 illic

445 1602 972 1673 69reponeretur,
1025 1611 1086 1658 ut
1133 1604 1333 1659 ibidem
1381 1604 1647 1659 Adamum
1697 1604 2014 1667 inveniens,

448 1695 793 1749 maledictum
829 1694 1083 1760 solveret,
1115 1702 1170 1749 et
1200 1695 1322 1748 loco
1363 1695 1508 1749 illius
1543 1714 1555 1748 :

378 1841 381 1843 _
447 1787 503 1842 in
548 1796 749 1841 terram
806 1785 1131 1852 reverteris;
1167 1803 1185 1837 ι
1244 1785 1354 1855 jam
1399 1785 1641 1840 diceret:
1683 1803 1702 1836 ι
1739 1783 2016 1855 Exsurge,

447 1878 539 1947 qui
577 1877 806 1942 dormis,
841 1884 896 1932 et
942 1877 1182 1933 excitare
1224 1891 1288 1932 ex
1316 1877 1570 1942 mortuis,
1594 1884 1649 1932 et
1694 1876 2021 1931 illuminabit

450 1979 502 2022 te
528 1969 815 2022 Christus:
872 1987 892 2020 ι
923 1976 978 2022 et
1005 1983 1224 2023 rursum
1255 1987 1267 2022 :
1309 1987 1328 2020 ι
1371 1967 1578 2040 Surge,
1635 1977 1690 2024 et
1722 1971 1841 2022 veni
1864 2010 1881 2034 ,
1934 1983 2022 2024 se-

446 2075 612 2130 quere
643 2075 770 2127 me;
817 2078 836 2111 ›
869 2067 928 2114 ut
950 2074 1060 2114 non
1096 2060 1324 2114 ulterius
1341 2063 1393 2114 in
1413 2069 1557 2115 terra
1591 2061 1896 2130 reponaris,
1923 2059 2020 2116 sed

447 2149 502 2204 in
532 2151 698 2207 caelos
751 2151 1035 2206 ascendas.
1087 2149 1322 2206 Necesse
1361 2151 1560 2222 quippe
1612 2161 1736 2217 est,
1784 2153 2019 2208 excitato

449 2243 749 2310 Salvatore,
783 2243 1009 2298 excitari
1033 2259 1154 2299 eum
1188 2244 1282 2298 illo
1308 2243 1595 2310 Adamum,
1624 2259 1922 2314 omnesque
1953 2259 2020 2299 ex

446 2332 653 2387 Adamo
700 2334 983 2389 oriundos.
1031 2335 1204 2405 Atque
1234 2345 1314 2398 ut,
1350 2341 1565 2388 mortuo
1623 2333 1864 2396 Adamo,
1919 2349 2019 2389 nos

446 2438 663 2495 quoque
706 2439 804 2495 per
829 2440 953 2479 eum
994 2424 1195 2479 mortui
1230 2425 1620 2490 manebamus;
1673 2425 1748 2478 ita
1785 2425 2022 2479 excitato

447 2533 676 2588 corpore
703 2517 1006 2582 Dominico,
1038 2533 1262 2573 necesse
1295 2518 1512 2572 demum
1543 2527 1624 2573 est
1677 2533 1866 2574 omnes
1893 2533 2018 2572 cum

449 2611 542 2664 illo
583 2625 882 2677 resurgere.
923 2607 1048 2662 Haec
1087 2607 1238 2661 Pauli
1271 2609 1538 2663 sententia
1572 2617 1693 2664 est:
1731 2608 1842 2663 haec
1873 2608 2018 2662 enim

448 2701 638 2756 scribit
667 2701 734 2754 ad
755 2700 1065 2755 Corinthios
1094 2717 1106 2754 :
1151 2719 1169 2751 ι
1207 2698 1340 2752 Nam
1373 2699 1517 2754 sicut
1543 2699 1597 2753 in
1627 2697 1799 2752 Adam
1829 2713 2020 2754 omnes

448 2796 790 2860 moriuntur,
843 2794 918 2848 ita
963 2799 1018 2849 et
1059 2793 1116 2847 in
1149 2793 1366 2847 Christo
1425 2807 1615 2849 omnes
1665 2791 2020 2847 vivificabun-

450 2895 537 2940 tur
564 2887 628 2940 “.
678 2904 697 2937 ι

522 2995 608 3048 15.
637 2994 758 3060 Quo
803 3001 984 3050 autem
1029 2993 1192 3050 modo
1238 2994 1388 3048 illum
1426 2994 1484 3048 in
1528 3008 1749 3048 crucem
1784 2993 2014 3063 egerint,
2045 3032 2087 3090 Ο

451 3102 630 3157 operae
661 3087 894 3158 pretium
926 3087 1031 3142 erit
1076 3095 1137 3142 ut
1173 3103 1239 3142 ex
1273 3087 1339 3140 iis
1371 3102 1492 3156 quae
1526 3087 1729 3156 scripta
1771 3092 1899 3140 sunt
1939 3085 2018 3139 vi-

451 3181 699 3245 deamus,
730 3196 905 3250 neque
929 3181 1074 3235 enim
1107 3194 1172 3234 ea
1206 3179 1365 3233 nobis
1395 3179 1607 3233 inutilia
1638 3178 1837 3233 fuerint
1871 3196 1884 3232 :
1921 3193 2016 3232 ne-

451 3287 558 3340 que
614 3269 848 3340 simplici
918 3269 1081 3322 modo
1129 3269 1182 3321 in
1237 3267 1544 3337 Evangeliis
1596 3267 1859 3336 scriptum
1912 3273 2016 3321 est.

453 3363 746 3432 Postquam
763 3361 1041 3431 judicatus
1068 3369 1214 3415 esset
1237 3358 1531 3421 Dominus;
1551 3359 1831 3429 judicatus
1857 3359 2020 3428 quip-

454 3470 519 3526 pe
551 3461 654 3514 est,
693 3462 746 3507 et
776 3459 901 3507 ante
942 3451 1228 3521 praesidem
1267 3451 1436 3506 stetit.
1489 3449 1567 3506 Ne
1596 3451 1718 3520 quis
1751 3466 1869 3504 eam
1906 3466 2018 3505 rem

452 3561 575 3602 esse
606 3544 799 3615 pudori
836 3545 1132 3598 arbitretur
1165 3561 1178 3596 :
1216 3551 1465 3597 nostrum
1500 3543 1696 3612 quippe
1745 3557 1911 3596 causa
1966 3541 2019 3595 id

453 3638 544 3692 ille
567 3650 762 3705 passus
789 3642 894 3700 est,
925 3641 984 3688 ut
1015 3649 1083 3688 ne
1116 3633 1162 3689 si
1186 3649 1323 3704 quas
1351 3633 1441 3688 illc
1463 3633 1690 3687 insidias
1721 3647 1916 3702 passus
1948 3633 2020 3687 sit

453 3728 674 3783 silentio
738 3726 1166 3795 praatermissum
1221 3730 1413 3787 esset,
1467 3724 1661 3775 lateret
1709 3721 2019 3776 Judazorum

454 3816 824 3886 conspinatio;
853 3814 947 3869 sed
972 3823 1029 3868 ut
1061 3829 1126 3869 ex
1148 3814 1358 3882 judicio
1393 3813 1682 3866 manifesta
1716 3811 1857 3866 foret
1887 3812 2022 3868 insi-

454 3910 722 3963 diantium
757 3907 1046 3960 calumnia.
1085 3904 1142 3960 Si
1191 3906 1337 3959 enim
1366 3906 1644 3974 judicatus
1689 3921 1801 3959 non
1831 3905 2022 3960 fuisset

457 3999 727 4062 Salvator,
759 3999 862 4051 sub
893 3996 1056 4051 dubia
1083 3997 1398 4065 incertaque
1433 3996 1743 4065 suspicione
1772 3996 2022 4050 latuisset

453 4090 763 4145 Iudaeorum
795 4087 1056 4142 adversus
1101 4101 1224 4142 eum
1272 4086 1473 4140 invidia
1503 4105 1518 4153 ;
1555 4101 1678 4140 cum
1714 4094 1893 4140 autem
1933 4085 2022 4154 ju-

456 4182 788 4244 dicatussit,
845 4181 898 4235 id
949 4179 1154 4235 nemini
1207 4179 1375 4232 latere
1429 4184 1628 4248 potest.
1681 4177 1746 4232 Et
1801 4177 2019 4246 quidem

454 4273 665 4329 Pilatus
723 4274 837 4344 ipse
880 4271 1180 4327 Salvatoris
1213 4270 1580 4324 innocentiam
1619 4270 2022 4338 puritatemque

2127 417 2216 470 τὸν
2239 417 2459 486 χιτῶνα,
2491 416 2758 469 καὶτοῦτο
2781 417 3000 486 πάσχων
3023 417 3238 487 παρορᾷ
3267 416 3404 487 (75),
3429 418 3516 472 ἵνα
3541 421 3700 490 ήμῶν

2126 507 2324 577 κλῆρος
2375 507 2404 558 6
2449 507 2684 575 Χριστὸς
2734 507 2984 577 γένηται,
3019 506 3200 571 καθὼς
3228 508 3321 560 καὶ
3355 510 3384 561 6
3409 507 3700 579 ψαλμῳδός

2126 615 2293 668 φησι·
2324 618 2342 650 ‹
2385 598 2587 668 Κύριος
2639 599 2796 669 μερὶς
2826 599 2924 669 τῆς
2953 599 3315 670 κληρονομίας
3341 617 3439 669 μου
3479 603 3574 654 καὶ
3601 601 3694 655 τοῦ

2125 689 2384 762 ποτηρίου
2421 707 2543 759 μου.
2580 708 2598 740 ι
2622 689 2781 743 ’Ὅθεν
2803 689 2924 742 ούδέ
2949 689 3179 759 ἀλλαχοῦ
3215 691 3431 760 πάσχει,
3464 691 3583 744 οὐδὲ
3615 693 3699 754 είς

2124 781 2280 835 ἄλλον
2303 781 2467 834 τόπον
2498 781 2847 853 σταυροῦται,
2875 782 2908 853 ἢ
2934 784 3013 846 είς
3045 782 3136 834 τὸν
3165 783 3405 852 Κρανίου
3430 784 3614 847 τόπον,
3634 783 3698 837 ὃν

2136 875 2400 946 Ἐϐραίων
2419 876 2468 927 οἱ
2497 874 2806 927 διδάσκαλοί
2836 891 2965 942 φασι
3009 871 3102 925 τοῦ
3147 873 3319 943 Ἀδάμ
3345 869 3691 942 εἶναιτάφον.

2136 966 2282 1018 Ἐκεῖ
2312 964 2420 1037 γὰρ
2468 965 2628 1020 αὐτὸν
2655 965 2793 1036 μετά
2829 965 2929 1035 τὴν
2958 963 3200 1034 κατάραν
3219 962 3481 1033 τεθάφθαι
3511 964 3695 1017 διαϐε-

2124 1055 2420 1110 ϐαιοῦνται.
2459 1056 2634 1127 Ὅπερ
2665 1059 2712 1109 εί
2743 1055 2911 1120 οὕτως
2944 1055 3078 1126 ἔχει,
3114 1055 3374 1126 θαυμάζω
3401 1056 3495 1109 τοῦ
3523 1056 3693 1110 τόπου

2121 1146 2217 1218 τὴν
2243 1146 2549 1218 οἰκειότητα
2578 1147 2708 1218 (74).
2742 1147 2888 1200 Ἔδει
2907 1149 3015 1219 γὰρ
3031 1147 3120 1199 τὸν
3145 1147 3366 1218 Κύριον,
3389 1148 3696 1202 ἀνανεῶσαι

2122 1238 2340 1292 θέλοντα
2356 1239 2444 1292 τὸν
2471 1239 2684 1310 πρῶτον
2712 1239 2900 1310 Ἀδὰμ,
2931 1241 2988 1292 ἐν
3002 1239 3195 1310 ἐκείνῳ
3212 1239 3287 1309 τῷ
3307 1240 3454 1311 τόπῳ
3474 1239 3692 1303 παθεῖν,

2123 1327 2228 1394 ἵνα,
2264 1328 2472 1381 ἐκείνου
2501 1327 2643 1380 λύων
2687 1328 2783 1400 τὴν
2828 1329 3120 1400 ἁμαρτίαν,
3167 1329 3274 1382 ἀπὸ
3301 1330 3498 1394 παντὸς
3519 1331 3693 1401 αὐτὴν

2120 1418 2228 1491 ἄρῃ
2255 1419 2347 1472 τοῦ
2372 1421 2561 1488 γένους
2582 1435 2594 1448 ·
2638 1420 2732 1472 καὶ
2764 1419 2948 1490 ἐπειδὴ
2987 1420 3219 1490 ἤκουσεν
3253 1423 3281 1474 6
3321 1422 3518 1492 Ἀδάμ·
3552 1440 3571 1473 ι
3613 1423 3694 1492 Γῆ

2121 1503 2190 1575 εἷ,
2221 1510 2315 1561 καὶ
2335 1510 2413 1572 είς
2435 1510 2537 1580 γῆν
2568 1510 2864 1582 ἀπελεύσῃ,
2909 1530 2928 1562 ι
2964 1511 3050 1563 διὰ
3080 1511 3238 1565 τοῦτο
3270 1512 3431 1567 πάλιν
3460 1515 3576 1566 ἐκεῖ
3605 1515 3696 1567 τὲ-

2121 1599 2310 1664 θειται,
2351 1601 2438 1655 ἵνα
2456 1601 2728 1672 τὸνἈδάμ
2757 1601 2930 1674 εὑρὼν
2957 1604 3094 1665 ἐκεῖ,
3110 1603 3247 1676 λύσῃ
3275 1604 3372 1675 μὲν
3393 1605 3490 1676 τὴν
3521 1605 3700 1659 κατά-

1594 1713 1612 1745 ι
1651 1693 1822 1748 Terra
1855 1709 1936 1758 es,
1965 1700 2020 1748 et
2050 1691 2090 1746 Β
2125 1709 2240 1762 ραν,
2300 1693 2420 1746 ἀντὶ
2466 1693 2522 1745 δέ
2545 1692 2662 1745 τοῦο
2699 1713 2718 1744 ι
2754 1694 2793 1745 Γ
2795 1694 2831 1764 ἧ
2860 1690 2929 1759 εἴ,
2957 1697 3050 1749 καὶ
3101 1697 3179 1758 είς
3203 1696 3306 1766 γῆν
3329 1695 3622 1767 ἀπελεύσῃ,
3667 1716 3691 1749 ι

2121 1781 2304 1837 λοιπὸν
2331 1784 2460 1856 εἴπῃ
2480 1800 2493 1814 ·
2524 1803 2542 1835 ι
2571 1785 2817 1856 Ἔγειραι
2841 1786 2974 1856 (75),
2998 1789 3026 1840 6
3049 1787 3343 1854 καθεύδων,
3373 1787 3467 1841 καὶ
3481 1789 3699 1842 ἀνάστα

2120 1875 2185 1928 ἐκ
2213 1875 2318 1929 τῶν
2347 1876 2578 1947 νεκρῶν,
2609 1877 2701 1930 καὶ
2729 1877 3017 1948 ἐπιφαύσει
3045 1895 3127 1932 σοι
3176 1881 3204 1932 6
3237 1880 3498 1950 Χριστός·
3542 1899 3562 1932 ι
3596 1880 3698 1933 καὶ

2120 1966 2283 2020 πάλιν
2309 1985 2323 1998 ·
2362 1985 2380 2020 ι
2427 1968 2677 2032 Ἀνάστα,
2715 1969 2810 2022 καὶ
2858 1969 3035 2040 δεῦρο,
3087 1970 3366 2025 ἀκολούθει
3396 1988 3506 2042 μοι,
3540 1990 3560 2024 ι
3599 1959 3695 2024 ἵνα

2123 2057 2320 2128 μηκέτι
2377 2057 2537 2129 τεθῇς
2580 2060 2672 2112 ἐπὶ
2721 2061 2843 2130 γῆς,
2899 2061 3013 2114 ἀλλ’
3047 2063 3104 2116 ἐν
3151 2063 3399 2134 οὐρανοῖς
3438 2063 3693 2136 ἀνέλθῃς.

2131 2148 2367 2221 Ἀνάγκη
2403 2151 2531 2222 γὰρ,
2568 2152 2914 2223 ἐγειρομένου
2961 2153 3054 2207 τοῦ
3117 2155 3389 2226 Σωτῆρος,
3445 2157 3695 2224 συνεγεί-

2123 2240 2312 2312 ρεσθαι
2340 2241 2514 2313 τούτῳ
2535 2243 2628 2296 καὶ
2651 2244 2743 2296 τὸν
2784 2243 2976 2315 Ἀδάμ,
2999 2245 3092 2298 καὶ
3117 2245 3324 2310 πάντας
3351 2248 3475 2311 τοὺς
3505 2250 3569 2301 ἐκ
3592 2247 3699 2300 τοῦ

2133 2331 2304 2402 Ἀδάμ
2349 2335 2668 2404 γενομένους
2701 2335 2836 2406 (76).
2870 2337 2979 2389 Καὶ
3015 2335 3224 2409 ὥσπερ,
3255 2337 3697 2410 ἀποθνήσκοντος

2118 2422 2214 2476 τοῦ
2247 2423 2437 2494 Ἀδὰμ,
2488 2425 2752 2496 ἐμένομεν
2773 2427 2866 2478 καὶ
2901 2426 3060 2496 ἡμεῖς
3082 2426 3148 2480 δι’
3172 2427 3334 2480 αὐτὸν
3367 2430 3566 2500 νεκροὶ,
3599 2428 3700 2480 οὖ-

2118 2533 2226 2579 τως
2249 2518 2594 2588 ἐγειρομένου
2620 2517 2711 2572 τοῦ
2739 2517 3003 2591 κυριακοῦ
3039 2520 3307 2592 σώματος,
3337 2522 3545 2594 ἀνάγκη
3574 2524 3697 2576 λοι-

2120 2606 2220 2660 πὸν
2252 2609 2458 2672 πάντας
2487 2611 2893 2683 συνεγείρεσθαι
2919 2611 3065 2682 αὐτῷ
3087 2613 3222 2684 (77).
3251 2615 3398 2684 Δῦτη
3420 2614 3513 2668 τοῦ
3539 2615 3697 2668 Παύ-

2119 2696 2210 2751 λου
2247 2700 2278 2769 ή
2318 2699 2523 2753 διάνοια
2550 2704 2804 2773 τυγχάνει
2830 2720 2843 2733 ·
2883 2704 3084 2775 γράφει
3127 2705 3236 2776 γὰρ
3269 2707 3572 2778 Κορινθίοις
3599 2707 3700 2760 λέ-

2119 2807 2230 2859 γων
2248 2807 2262 2820 ο
2306 2810 2324 2841 ι
2348 2791 2552 2862 Ὥσπερ
2581 2793 2688 2865 γάρ
2713 2795 2769 2846 ἐν
2795 2795 2872 2867 τῷ
2901 2797 3068 2868 Ἀδὰμ
3094 2799 3292 2862 πάντες
3321 2799 3699 2870 ἀποθνήσκου-

2121 2882 2398 2947 σιν,οὕτως
2415 2886 2470 2937 ἐν
2484 2884 2561 2954 τῷ
2573 2885 2789 2958 Χριστῷ
2804 2886 3002 2952 πάντες
3014 2889 3504 2962 ζωοποιηθήσονται
3521 2890 3630 2959 (78)
3640 2933 3652 2943 .
3667 2908 3702 2945 ι

2190 2995 2275 3048 15.
2317 2993 2441 3058 Πῶς
2467 2994 2523 3048 δὲ
2551 2995 2770 3063 ἄγουσιν
2798 2997 2958 3050 αὑτὸν
2982 2998 3074 3052 ἐπὶ
3099 2999 3193 3053 τὸν
3229 3001 3480 3071 σταυρὸν,
3517 3002 3697 3069 ἀναγ-

2119 3089 2271 3140 καῖον
2324 3087 2448 3139 ἰδεῖν
2497 3087 2567 3140 τὰ
2604 3088 2995 3160 γεγραμμένα·
3052 3091 3268 3156 πάντως
3301 3093 3412 3162 (79)
3445 3093 3552 3164 γὰρ
3597 3095 3700 3147 καὶ

2118 3177 2292 3232 ταῦτα
2327 3179 2426 3231 οὐκ
2454 3179 2724 3251 ἀνωφελῆ,
2757 3181 2878 3234 οὺδέ
2913 3183 3098 3247 ἁπλῶς
3113 3186 3170 3238 ἐν
3199 3187 3311 3247 τοῖς
3341 3184 3704 3253 Εὑαγγελίοις

2120 3267 2450 3340 γέγραπται.
2505 3267 2659 3321 Μετὰ
2697 3267 2757 3320 τὸ
2802 3271 3054 3342 κριθῆναι
3085 3271 3175 3325 τὸν
3221 3273 3455 3343 Κύριον⁶
3495 3273 3697 3346 ἐκρίθη

2119 3359 2246 3431 γὰρ,
2271 3360 2362 3412 καὶ
2378 3359 2686 3430 ἔμπροσθεν
2715 3360 2913 3431 ἐστάθη
2945 3362 3039 3415 τοῦ
3074 3363 3357 3435 ἡγεμόνος.
3381 3364 3489 3417 Καὶ
3512 3366 3586 3434 μή
3607 3381 3704 3427 τις

2121 3450 2457 3521 αἰσχυνέσθω
2497 3450 2669 3505 ταῦτα
2701 3451 2812 3522 (80)
2835 3469 2847 3483 ο
2887 3454 3144 3524 ὑπέμεινε
3177 3454 3286 3525 γάρ
3315 3455 3410 3508 καὶ
3445 3454 3603 3508 τοῦτο
3626 3455 3708 3509 δι’

2119 3542 2288 3612 ἡμᾶς,
2329 3540 2413 3592 ἵνα
2448 3539 2546 3610 μὴ,
2596 3541 2735 3593 κατὰ
2787 3540 2848 3594 τὸ
2903 3540 3250 3612 σιωπώμενον
3289 3541 3706 3613 ἐνεδρευθέντος

2123 3630 2234 3700 (81)
2273 3628 2458 3694 αὐτοῦ,
2501 3629 2812 3701 κρύπτηται
2859 3631 2966 3686 τῶν
3011 3632 3276 3686 Ἰουδαίων
3313 3635 3345 3702 ἡ
3394 3633 3702 3702 ἐπιόουλή·

2123 3722 2236 3775 ἀλλ’
2271 3723 2355 3775 ἵνα
2385 3721 2478 3774 καὶ
2516 3723 2580 3774 ἐκ
2611 3723 2844 3794 κρίσεως
2875 3722 3082 3795 φανερά
3120 3724 3229 3777 τῶν
3274 3723 3705 3778 ἐπιϐουλευσάν-

2122 3829 2229 3867 των
2268 3814 2301 3884 ή
2344 3812 2672 3881 συκοφαντία
2707 3814 2953 3884 γένηται.
2995 3815 3085 3886 Μὴ
3133 3815 3411 3887 κριθέντος
3449 3817 3558 3887 γὰρ
3596 3817 3704 3870 τοῦ

2123 3905 2390 3974 Σωτῆρος,
2423 3903 2614 3974 ἄδηλος
2644 3905 2918 3957 ὑπενοεῖτο
2945 3905 3054 3975 (82)
3087 3905 3196 3958 τῶν
3227 3906 3492 3960 Ἰουδαίων
3520 3909 3548 3958 ὁ
3569 3907 3705 3959 κατ’

2124 3995 2289 4048 αὑτοῦ
2330 3994 2522 4063 φθόνος
2542 4013 2554 4025 ·
2592 3994 2870 4066 κριθέντος
2891 3996 2946 4048 δέ
2975 3995 3158 4060 αὐτοῦ,
3185 3997 3368 4050 λοιπὸν
3391 3996 3576 4050 οὐδένα
3600 3997 3710 4050 λα-

2125 4088 2236 4141 θεῖν
2262 4088 2433 4152 οὓτως
2465 4089 2720 4159 ἠδυνήθη.
2762 4090 2870 4141 Καὶ
2898 4090 3127 4154 Πιλᾶτος
3160 4091 3257 4162 μὲν
3283 4091 3464 4156 αὐτὸς,
3499 4090 3575 4161 τῷ
3597 4089 3712 4161 μὲν

2124 4179 2335 4251 Σωτῆρι
2365 4179 2662 4251 ἐμαρτύρει
2684 4180 2745 4233 τὸ
2791 4182 3031 4235 ἀναίτιον
3074 4184 3168 4235 καὶ
3200 4181 3435 4252 καθαρόν
3456 4198 3468 4211 ·
3504 4182 3616 4235 τῶν
3639 4183 3715 4237 δέ.

2137 4268 2399 4322 Ἰουδαίων
2416 4268 2512 4340 τὴν
2544 4269 2829 4340 ἐπιϐουλὴν
2847 4271 3058 4341 ἐξῆγεν.
3084 4292 3100 4324 ι
3129 4272 3281 4344 ’ᾙδει
3299 4274 3426 4344 γὰρ,
3456 4291 3473 4324 ι
3505 4273 3708 4343 φησὶν,

455 4373 682 4420 testatus
709 4373 812 4426 est,
835 4361 1254 4431 Judaeorumque
1281 4358 1512 4415 insidias
1545 4360 1774 4430 aperuit.
1817 4378 1835 4410 ι
1871 4358 2021 4412 Scie-

2131 4377 2148 4410 ι
2171 4361 2354 4414 ὅτιδιά
2371 4361 2559 4429 φθόνον
2586 4361 2903 4431 παρέδωκαν
2929 4363 3111 4416 αὐτόν.
3140 4382 3158 4414 ι
3180 4363 3292 4415 Ούκ
3314 4362 3378 4416 ἂν
3395 4362 3449 4414 δέ
3468 4362 3578 4432 (83)
3600 4364 3713 4416 Πι-

456 4458 548 4512 bat
569 4457 734 4520 enim,
765 4475 784 4507 ι
807 4455 1004 4523 inquit,
1038 4471 1056 4503 ι
1081 4453 1225 4522 quod
1249 4469 1345 4522 per
1375 4452 1634 4506 invidiam
1665 4451 2021 4504 tradidissent

2130 4451 2288 4514 λᾶτος
2321 4452 2461 4520 ἔγνω
2492 4452 2582 4505 τὸν
2615 4451 2804 4520 φθόνον
2829 4453 2934 4507 τῶν
2978 4453 3265 4516 Ἰουδαίων,
3295 4456 3342 4506 εί
3373 4453 3447 4524 μὴ
3492 4454 3715 4526 ἐστάθη

455 4549 686 4602 illum”.
729 4566 746 4598 ι
787 4546 896 4601 Nec
915 4546 1260 4617 cognovisset
1289 4543 1499 4598 Pilatus
1531 4542 1844 4597 Iudaeorum
1878 4541 2020 4595 invi-

454 4643 622 4704 diam,
683 4639 788 4694 nisi
852 4637 1100 4692 Salvator
1153 4636 1220 4690 ad
1268 4635 1536 4706 judicium
1576 4635 1835 4688 stetisset.
1886 4635 2018 4688 Rem

455 4748 705 4805 magnam
748 4731 1158 4799 mirabilemque
1215 4726 1466 4781 Salvator
1501 4726 1776 4795 praestitit,
1803 4725 1894 4792 qui
1932 4732 2018 4778 ta-

2129 4545 2446 4615 κρινόμενος
2490 4547 2518 4597 6
2569 4548 2778 4619 Σωτήρ.
2812 4548 2971 4615 Μέγα
3003 4550 3233 4618 πρᾶγμα
3268 4549 3361 4601 καὶ
3400 4547 3722 4618 παράδοξον

2128 4635 2341 4706 ἀληθῶς
2360 4635 2654 4705 πεποίηκεν
2672 4638 2699 4687 ὁ
2726 4637 2875 4705 Σωτή
2884 4652 2915 4705 ρ
2935 4651 2948 4664 ο
2978 4636 3192 4689 σιωπῶν
3225 4637 3465 4707 ἐνήργει,
3496 4636 3590 4688 καὶ
3626 4637 3720 4706 μὴ

2127 4724 2560 4795 ἀπολογούμενος
2611 4725 2781 4778 ἐποίει
2827 4726 2917 4779 τὸν
2963 4725 3221 4795 δικαστὴν
3273 4724 3554 4795 ὁμολογεῖν
3599 4725 3714 4796 τὴν

529 4911 573 4944 ⁸⁸
608 4911 763 4966 Joan.
799 4927 865 4976 x,
901 4909 989 4962 50.
1066 4907 1110 4939 "
1148 4905 1292 4960 Psal.
1331 4921 1419 4968 xv,
1453 4904 1507 4957 5.
1583 4903 1628 4935 ⁵⁰
1665 4903 1862 4958 Genes.
1899 4917 1993 4966 Ill,

2195 4903 2239 4934 ⁵¹
2281 4900 2302 4955 1
2333 4902 2458 4957 Cor.
2494 4920 2563 4957 xv
2585 4947 2598 4970 ,
2633 4903 2726 4960 22.
2799 4904 2844 4935 ⁸²
2885 4903 3076 4958 Matth.
3110 4919 3290 4973 xxvu,
3321 4902 3410 4960 18.

520 5067 639 5136 ’(75)
670 5065 880 5136 Anglic.
911 5063 968 5128 2,
999 5071 1060 5136 _et
1080 5060 1228 5136 Felc.
1257 5059 1589 5136 2,_7tep_top<§'t.

551 5130 638 5206 .74)
670 5130 812 5191 Felc.
848 5136 902 5200 2,
932 5132 1042 5206 tofi
1062 5131 1265 5196 πάθους
1289 5130 1521 5206 τῂν-οἰκ.

529 5194 640 5279 (75)
672 5209 764 5279 Sic
785 5194 976 5279 omnes
1019 5194 1492 5279 fereAmss.‘Editi_
1521 5214 1668 5263 vero,
1707 5195 1907 5279 ἐγειρε.
1933 5194 2020 5249 Ιη-

456 5269 560 5339 Γιτὶ,
614 5269 723 5347 μοί,
769 5282 892 5345 post
940 5271 1244 5334 ἀκολούθει,
1282 5270 1433 5325 deest
1482 5271 1535 5324 in
1574 5269 1828 5324 omnibus
1885 5281 2018 5320 mss.

457 5345 651 5404 praeter
675 5345 809 5414 Reg.

529 5417 636 5532 (76)
665 5415 810 5495 Felc:
835 5413 890 5476 2,
925 5412 1270 5517 γενομένους,
1296 5409 1580 5532 ἐξένομεν.

523 5487 635 5532 .17)
666 5489 839 5532 Αὺτω-
872 5484 1023 5532 deest
1057 5501 1109 5532 in
1143 5483 1286 5532 Pelc.
1359 5519 1372 5532 .

523 5483 635 5556 ((17)
665 5485 839 5554 Αὐτῷ,
872 5484 1023 5556 deest
1057 5483 1109 5537 iu
1143 5483 1286 5556 Felc.
1309 5483 1372 5556 _2.
1539 5550 1552 5556 _
1711 5546 1725 5556 _
1796 5545 1807 5556 _

531 5543 640 5625 (78)
675 5543 1192 5624 Ζωοῖποιηθήσονται.
1226 5552 1286 5608 In
1309 5551 1410 5606 hoc
1441 5550 1665 5606 verbum
1694 5545 1896 5603 desinit
1920 5543 2023 5599 fra-

456 5634 747 5696 gmentum.

2195 5054 2308 5126 ('79)
2335 5055 2426 5109 Sic
2451 5053 2674 5126 Regius.
2704 5063 2759 5109 et
2782 5055 2995 5125 Anglic.
3039 5054 3180 5108 Editi
3205 5070 3356 5126 vero,
3378 5055 3574 5108 πάντα.

2217 5124 2303 5196 80)
2336 5124 2738 5196 Begiussolus,
2768 5124 2972 5196 καὶμή
3013 5141 3096 5196 τις
3124 5124 3509 5196 ἀναγινώσκων
3541 5127 3709 5196 αἰσχ,

2217 5127 2283 5179 80
2336 5127 2538 5194 Regius
2568 5127 2738 5186 solus,
2770 5127 2864 5177 καὶ
2900 5127 2972 5195 μή
3013 5141 3096 5187 τις
3124 5127 3509 5192 ἀναγινώσκων
3541 5127 3709 5196 αἰσχ,

2215 5127 2304 5267 81)
2343 5194 2433 5247 Sic
2463 5193 2663 5264 Regius
2687 5202 2740 5248 et
2766 5194 2956 5259 Basil.;
2981 5195 3112 5249 editi
3142 5209 3268 5248 vero
3288 5192 3666 5264 ἐνεδρεύοντας
3690 5238 3710 5263 ,

2123 5267 2306 5318 minus
2341 5271 2506 5318 recte.

2195 5335 2315 5414 (82)
2342 5333 2658 5414 Basilien‘sis
2682 5339 2788 5414 ἐι,
2807 5332 3028 5414 Anglic...
3049 5335 3331 5414 ἐπινοεῖ-ιο.
3365 5331 3442 5413 Ad
3460 5335 3709 5414 “margi-

2125 5397 2249 5459 nein
2277 5405 2440 5457 Basil.
2468 5403 2660 5475 ἄδηλος
2679 5402 2743 5455 ἂν
2759 5399 2826 5474 ἦν
2847 5397 2955 5455 τῶν
2993 5403 3142 5456 Ἰουδ.
3169 5402 3334 5468 Infra,
3373 5403 3428 5455 in
3460 5397 3708 5471 Felc.'3,

2132 5477 2230 5546 μέν
2263 5473 2564 5546 utrumque
2580 5473 2750 5546 deest.

2201 5546 2310 5616 (85)
2342 5544 2428 5606 Δέ,
2452 5539 2602 5598 deest
2635 5543 2689 5596 in
2713 5541 2900 5613 Regio,
2932 5541 3143 5614 Anglic.
3179 5555 3233 5596 et
3258 5541 3403 5596 Felc.
3430 5539 3483 5594 2.
