3872 6188
96 390 204 446 209

1142 391 1231 444 DE
1265 390 1606 446 PASSlONE
1642 389 1730 445 ΕΤ
1770 389 2002 446 CRUCE
2041 389 2296 446 DOMlNl.

3275 389 3383 444 210

95 506 401 576 συσκευὴν,
454 505 550 558 καὶ
589 507 673 558 ὅτι
715 505 918 576 μᾶλλον
959 508 1068 570 τοῖς
1113 507 1290 578 ὄχλοις
1323 509 1356 579 ἢ
1391 508 1469 579 τῷ
1511 509 1702 580 δικαίῳ

1820 507 2002 573 :endo,
2034 524 2136 563 nec
2180 505 2584 576 respondendo,
2616 523 2683 564 eo
2722 508 2963 577 judicem
3009 508 3292 579 compulit,
3327 519 3384 562 ut

91 600 419 651 πέπεισται.
441 595 913 666 Ἀπολογουμένου
935 596 1032 667 μὲν
1051 597 1161 669 (84)
1176 599 1303 669 γὰρ,
1322 595 1390 670 ἧν
1408 600 1703 670 ὑπονοῆσαι

89 689 302 745 δέιλίαν
337 689 437 744 τοῦ
487 689 720 742 θανάτου
742 705 758 719 ·
796 689 1107 753 σιωπῶντος
1141 690 1222 754 δὲ,
1257 689 1318 742 τὸ
1352 691 1578 762 στερρὸν
1611 693 1706 744 καὶ

89 784 193 853 τὴν
233 783 499 853 ἀνδρείαν
543 781 846 852 θαυμάσαι.
883 782 995 834 Καὶ
1026 782 1086 834 τὸ
1112 781 1286 845 οὕτως
1317 781 1375 834 δὲ
1417 783 1509 835 τὸν
1538 783 1706 836 Πιλᾶ-

89 891 184 927 τον
219 872 648 941 ἀπολογείσθαι,
693 873 848 926 οὐδὲν
877 869 948 944 ἦν
977 873 1182 943 ἕτερον,
1216 872 1248 942 ἢ
1293 872 1581 925 πιστεῦσαι
1613 873 1707 926 τὸν

91 968 427 1037 κρινόμενον
467 962 612 1019 εἷναι
645 966 800 1020 Θεύν.
850 965 1086 1036 Ἀμέλει,
1117 965 1437 1036 κρινόμενος
1469 964 1572 1017 ὑπὸ
1604 965 1705 1016 Πι-

92 1057 286 1120 λάτου,
319 1058 668 1130 ἐχρημάτιζε
712 1061 780 1129 τῇ
827 1057 1019 1111 τούτου
1069 1057 1325 1126 γυναικίο
1359 1058 1446 1111 ἵνα
1490 1059 1556 1128 τῇ
1607 1057 1706 1128 μὲν

1808 597 2270 668 conspirationem
2307 596 2635 662 declararet,
2663 605 2719 651 et
2765 596 3028 653 fateretur
3057 615 3180 653 sese
3207 599 3384 654 turbis

1810 692 1984 761 magis
2018 707 2182 761 quam
2228 690 2462 760 justitiae
2506 692 2933 762 obtemperasse.
2972 692 3074 758 Qui
3111 693 3158 748 si
3210 692 3387 747 Pilato

1808 781 2207 852 respondisset,
2240 783 2482 852 suspicio
2509 781 2848 838 fuissetcum
2877 783 3172 840 formidine
3194 786 3388 840 mortis

1808 873 2052 944 corripi;
2099 890 2223 928 cum
2270 876 2504 930 tacuerit
2538 883 2745 939 autem,
2780 876 3120 930 admirabilis
3161 891 3389 946 prorsus

1808 965 1932 1034 ejus
1962 967 2272 1022 constantia
2326 975 2382 1021 et
2423 966 2706 1022 fortitudo.
2759 966 2916 1034 Quod
2947 977 3130 1024 autem
3161 969 3234 1022 ita
3263 983 3389 1023 eum

1809 1056 2022 1114 Pilatus
2054 1057 2393 1125 defenderet,
2429 1061 2568 1114 nihil
2619 1061 2769 1116 aliud
2805 1061 2859 1116 id
2887 1070 3007 1117 erat
3043 1076 3209 1132 quam
3242 1063 3391 1132 quod

93 1155 279 1222 σιωπῇ
311 1153 417 1223 τὴν
461 1152 691 1222 ἀνδρίαν
729 1151 841 1221 (85)
881 1149 1207 1221 καταπλαγῇ
1229 1167 1242 1180 ο
1277 1149 1356 1222 τῷ
1397 1149 1456 1202 δὲ
1492 1167 1708 1221 χρημα-

91 1244 278 1313 τισμῷ
302 1243 580 1314 γινώσκῃ,
602 1246 686 1298 ὅτι
719 1245 822 1298 οὐκ
843 1242 1149 1315 ἄνθρωπον,
1175 1241 1310 1296 ἀλλὰ
1343 1242 1475 1296 Θεὸν
1507 1242 1701 1311 κρίνει.

105 1336 393 1407 Ἐᾳοϐήθη
437 1333 536 1390 οὖν
575 1338 606 1390 6
639 1336 841 1408 κρίνων
883 1336 978 1390 τὸν
1009 1336 1348 1408 κρινόμενον,
1381 1336 1476 1389 κα)⁸
1507 1334 1708 1407 μᾶλλον

91 1431 258 1491 αὐτὸς
303 1429 565 1502 ἐκρίνετο
598 1428 678 1499 τῷ
725 1428 882 1500 φόϐῳ
927 1428 1021 1483 τοῦ
1067 1429 1390 1500 κρινομένου
1428 1429 1462 1500 ἢ
1505 1429 1709 1500 κρίνων

91 1523 258 1585 αὑτὸς
284 1523 646 1594 κατέπληττε
688 1523 780 1575 τὸν
832 1521 1059 1594 Κύριον.
1091 1522 1181 1574 Διὸ
1218 1523 1314 1575 καὶ
1353 1522 1573 1592 ἐνίψατο
1610 1521 1709 1586 τὰς

1820 1515 1907 1571 sed
1937 1515 2107 1571 Deum
2138 1517 2407 1588 judicare.
2439 1519 2644 1573 Timuit
2686 1520 2853 1590 igitur
2877 1519 3044 1590 judex
3079 1533 3256 1582 reum,
3283 1518 3396 1571 imo

89 1615 286 1684 χεῖρας
328 1614 550 1682 λέγων·
592 1633 612 1666 ι
667 1613 870 1678 Ἀθῶός
908 1617 1023 1684 εἰμι
1056 1615 1164 1669 άπὸ
1191 1614 1285 1668 τοῦ
1324 1617 1555 1686 αἵματος
1583 1615 1708 1669 τού-

1820 1609 1985 1679 magis
2016 1610 2131 1680 ipse
2169 1611 2404 1680 judicati
2439 1619 2654 1668 terrore
2677 1613 3048 1682 judicabatur,
3080 1625 3246 1683 quam
3278 1611 3396 1680 ipse

89 1722 182 1756 τσυ
201 1723 216 1734 ’
249 1725 272 1759 ι
312 1707 366 1759 εί
389 1706 490 1759 καὶ
517 1705 765 1779 ὕστερον,
795 1705 1039 1778 κινηθεὶς
1061 1706 1173 1777 (86)
1195 1710 1262 1779 τῇ
1293 1707 1403 1762 τῶν
1441 1708 1709 1762 Ἰουδαίων

1820 1700 2062 1768 iudicans
2110 1701 2403 1758 Dominum
2448 1712 2800 1775 perterreret.
2831 1705 3014 1772 Quare
3045 1719 3241 1758 manus
3292 1703 3393 1756 ab-

92 1798 248 1870 ςιλίᾳ
291 1799 647 1870 συνέδραμεν
686 1801 870 1864 αὐτοῖς
913 1799 1354 1854 ἐπιϐουλεύουσιν
1378 1819 1390 1831 ο
1427 1801 1570 1855 ὥστε
1613 1801 1709 1856 καὶ

1820 1795 1938 1859 luit,
1987 1797 2171 1868 aitque
2207 1813 2219 1848 :
2260 1815 2279 1849 ι
2319 1796 2590 1853 innocens
2640 1813 2740 1868 ego
2765 1813 2887 1853 sum
2921 1798 2990 1852 ab
3039 1796 3144 1850 hoc
3173 1794 3396 1866 sangui—

89 1894 170 1955 εἰς
209 1869 479 1962 σταυρὸν
515 1869 679 1946 αύτὺν
727 1893 1084 1964 παραδοῦναι.
1131 1894 1490 1965 Παραδίδοται
1531 1895 1708 1949 τοίνυν

1820 1903 1882 1944 ne
1921 1888 1968 1919 ⁸⁸
2001 1907 2020 1941 ι
2052 1905 2068 1943 :
2115 1890 2218 1946 etsi
2278 1900 2468 1960 postea
2511 1889 2826 1946 Judazorum
2864 1890 3040 1962 gratia
3093 1898 3395 1960 permotus,

88 1985 119 2036 6
168 1985 398 2057 Σωτὴρ,
453 1985 555 2038 καὶ
599 1985 951 2056 παραδοθεὶς,
997 1987 1060 2040 οὐ
1109 1986 1419 2058 κατέπτηξε
1466 1986 1577 2058 (87)
1618 1987 1709 2042 τὸν

1820 1979 1955 2050 ipsis
1988 1996 2111 2037 sese
2146 1981 2540 2038 insidiantibus
2591 1982 2827 2053 adjecit;
2865 1983 2941 2036 ita
2984 1989 3044 2037 ut
3077 1981 3145 2035 ad
3175 1995 3396 2036 crucem

90 2076 358 2140 θάνατον,
421 2077 567 2130 ἀλλά
598 2079 696 2131 καὶ
752 2077 956 2149 μᾶλλον
1009 2079 1318 2134 ἀπεδύσατο
1354 2080 1492 2153 πρὸς
1523 2080 1708 2144 αὐτὸν,

1820 2071 1968 2126 illum
2002 2072 2270 2129 traderet.
2305 2073 2570 2129 Traditur
2613 2090 2742 2145 ergo
2774 2071 3046 2138 Salvator,
3098 2081 3261 2142 atque
3288 2079 3400 2125 tra-

90 2169 186 2222 καὶ
224 2169 434 2223 ἐδίωκε
482 2170 760 2239 φεύγοντα
789 2171 884 2224 τὸν
925 2171 1069 2243 ὅφιν.
1113 2173 1187 2226 Οὐ
1236 2172 1346 2245 γὰρ
1370 2173 1446 2238 ὡς
1476 2173 1714 2246 ἀποθνή-

1820 2164 1964 2219 ditus
2015 2175 2249 2220 mortem
2303 2179 2414 2221 non
2479 2166 2833 2237 perhorruit;
2880 2165 2992 2219 imo
3039 2164 3225 2235 potius
3278 2177 3401 2217 sese

91 2277 245 2314 σκων
283 2257 366 2334 ἦν
417 2263 450 2316 6
498 2261 732 2334 Κύριος,
774 2263 991 2329 ἀλλ’ὡς
1029 2263 1124 2319 τὸν
1174 2263 1515 2330 θάνατον-είς
1556 2263 1714 2319 τοῦτο

1820 2254 2044 2312 nudavit
2079 2271 2206 2311 cum
2241 2258 2336 2312 illa
2388 2272 2814 2328 congressurus,
2847 2271 2911 2310 ac
2949 2255 3247 2325 fugientem
3279 2269 3404 2324 per-

90 2351 336 2406 διώκων.
1360 2364 1362 2366 '
1816 2355 2040 2404 secutus
2085 2353 2171 2402 est
2218 2353 2550 2416 serpentem.
2606 2344 2726 2400 Non
2779 2344 2925 2399 enim
2969 2345 3128 2414 quasi
3161 2344 3404 2400 moriens

1817 2455 1940 2496 sese
1970 2439 2164 2494 habuit
2194 2437 2496 2506 Dominus;
2527 2438 2638 2494 imo
2665 2438 2850 2511 potius
2878 2437 3040 2509 quasi
3076 2444 3306 2493 mortem
3333 2435 3403 2490 ad

1817 2532 2055 2602 idipsum
2083 2546 2439 2602 persequens.

1889 2624 1980 2680 14.
2015 2624 2188 2678 Porro
2219 2623 2312 2678 hic
2345 2622 2540 2678 infelix
2570 2622 2846 2687 diabolus,
2880 2627 3181 2692 conspecto
3210 2619 3315 2674 hoc
3347 2620 3403 2674 in

1817 2718 1996 2774 Pilato
2021 2717 2310 2782 miraculo,
2341 2716 2488 2787 quod
2513 2717 2630 2787 ipse
2656 2715 2831 2770 Judex
2861 2714 2985 2785 plus
3017 2719 3407 2784 expavesceret

1818 2809 2314 2881 quamjudicatus,
2361 2809 2856 2878 animadversaque
2909 2805 3125 2861 Domini
3173 2805 3228 2858 in
3284 2819 3408 2860 sese

1819 2900 2068 2956 exuendo
2122 2899 2344 2964 ﬁducia,
2397 2899 2534 2954 nihil
2583 2915 2696 2954 non
2749 2905 3017 2954 tentatum
3069 2897 3315 2966 reliquit,
3346 2903 3408 2950 ut

1818 3000 2008 3048 nosset
2037 2991 2091 3046 id
2117 2991 2265 3062 quod
2295 2993 2448 3062 prius
2479 3006 2646 3048 nosse
2675 3006 2787 3046 non
2819 2990 3020 3062 potuit,
3053 2988 3144 3044 ubi
3168 2989 3320 3042 illum
3349 2989 3408 3043 in

1809 1151 2063 1206 crederet
2093 1167 2217 1206 eum
2248 1152 2344 1222 qui
2385 1153 2441 1206 in
2467 1152 2677 1222 judicio
2715 1154 2897 1208 stabat
2925 1169 3047 1210 esse
3087 1153 3281 1209 Deum.
3323 1152 3392 1206 Et

1809 1255 1943 1297 sane
1971 1257 2095 1295 cum
2123 1257 2152 1295 a
2173 1240 2350 1297 Pilato
2374 1243 2738 1313 judicaretur,
2767 1245 2888 1316 ejus
2915 1246 3072 1301 uxori
3106 1246 3392 1300 oraculum

1809 1331 1981 1386 edidit
2019 1350 2032 1386 :
2074 1340 2135 1386 ut
2171 1331 2390 1387 silentio
2425 1333 2665 1404 quidem,
2707 1335 2830 1404 ejus
2865 1333 3241 1390 fortitudinem
3274 1341 3394 1390 stu-

1812 1435 1987 1494 peret;
2021 1427 2253 1481 oraculo
2286 1436 2468 1482 autem
2492 1436 2832 1498 agnosceret,
2868 1443 2928 1484 se
2955 1443 3064 1482 non
3091 1425 3391 1491 hominem,

165 2615 257 2670 il.
309 2615 496 2669 Ἔνθα
539 2615 605 2687 δὴ
652 2617 682 2669 6
727 2616 962 2685 δείλαιος
997 2619 1273 2685 διάϐολος,
1329 2620 1613 2693 θεωρήσας
1655 2621 1716 2675 τὸ

97 2708 238 2762 κατὰ
270 2707 526 2762 Πιλᾶτον
556 2708 670 2779 (88)
705 2709 913 2782 θαῦμα,
953 2713 1035 2766 ὅτι
1073 2713 1274 2784 μᾶλλον
1315 2715 1344 2767 6
1380 2713 1581 2785 κρίνων
1613 2713 1646 2786 ἢ
1688 2715 1717 2766 6

100 2802 438 2872 κρινόμενος
476 2802 864 2874 κατέπτηξεν·
901 2803 1042 2876 ὁρῶν
1073 2804 1128 2857 δὲ
1179 2805 1276 2858 καὶ
1312 2805 1410 2876 τὴν
1444 2803 1585 2876 μετά
1619 2821 1718 2857 πε-

462 2891 640 2947 αὺτοῦ
699 2895 796 2948 νῦν
855 2896 1150 2961 ἀπόδυσιν,
1204 2898 1385 2952 πάντα
1434 2895 1717 2970 πειράζειν

103 2984 438 3050 ἐσπούδαζε,
481 2985 813 3056 βουλόμενος
844 2985 1069 3054 γνῶναι,
1094 2987 1122 3040 ὃ
1161 2987 1426 3062 πρότερον
1453 2988 1553 3040 οὐκ
1585 2989 1713 3056 ἠδυ-

102 3077 258 3148 νήθη,
291 3078 596 3152 πειράζων
638 3078 802 3133 αὑτὸν
836 3081 894 3132 ἐν
933 3079 1012 3151 τῷ
1054 3080 1192 3152 ὄρει,
1226 3080 1439 3151 μαθεῖν,
1471 3082 1520 3134 εί
1563 3074 1718 3144 οὗτός

1821 3090 2008 3138 monte
2041 3082 2295 3147 tentavit,
2343 3090 2406 3137 ut
2455 3081 2748 3150 edisceret,
2798 3097 2870 3138 an
2904 3081 2995 3135 hic
3041 3088 3190 3136 esset
3235 3078 3408 3134 Filius

103 3171 247 3224 ἐστιν
274 3174 308 3225 6
345 3171 487 3234 Υίὺς
540 3168 641 3224 τοῦ
686 3169 842 3226 Θεοῦ.
881 3171 1017 3224 Τότε
1064 3168 1502 3241 καταισχυνθεὶς,
1535 3171 1718 3241 ἐτήρει

1823 3173 1937 3230 Dei.
1971 3173 2129 3229 Tunc
2160 3173 2513 3246 pudefactus,
2547 3174 2744 3228 mortis
2783 3183 3003 3244 tempus
3054 3171 3406 3234 observabat,

101 3261 190 3315 τδν
212 3263 316 3317 τοῦ
365 3233 614 3316 θανάτου
649 3263 840 3334 καιρόν
862 3279 877 3293 ο
922 3261 1180 3333 νομίζων,
1213 3233 1301 3314 δτῖ
1331 3262 1392 3315 ἐν
1437 3233 1719 3330 ᾧγπάντας

1822 3275 1978 3322 ratus
2012 3281 2071 3322 se
2097 3267 2150 3320 in
2185 3281 2296 3336 qua
2319 3281 2379 3321 re
2400 3265 2504 3323 sibi
2527 3281 2722 3322 omnes
2751 3266 3066 3337 subegerat,
3094 3273 3272 3319 morte
3299 3263 3410 3318 sci-

103 3351 609 3418 καταδεδουλὼκει,
639 3351 901 3406 δύνασθαι
936 3353 1031 3407 καὶ
1067 3353 1126 3405 ἐν
1159 3352 1238 3424 τῷ
1276 3351 1492 3424 θανάτῳ
1529 3352 1719 3407 τοῦτον

1820 3358 1987 3426 licet,
2021 3359 2078 3414 in
2099 3359 2291 3415 eadem
2323 3373 2383 3415 se
2416 3373 2578 3429 posse
2605 3358 2756 3414 hunc
2788 3358 2956 3414 etiam
2991 3365 3223 3413 tentare.
3257 3356 3410 3412 Scri-

103 3447 396 3518 τειράσαι.
430 3445 763 3518 Γέγραπται
803 3446 913 3517 γὰρ
949 3445 1098 3519 παρὰ
1137 3443 1217 3516 τῷ
1244 3445 1450 3517 Λουκᾷ,
1487 3445 1569 3499 ὅτι
1598 3463 1722 3500 συν-

100 3543 334 3607 τελέσας
367 3541 562 3596 πάντα
591 3540 905 3613 πειρασμὸν
926 3543 954 3595 6
979 3540 1243 3606 διάϐολος,
1266 3541 1480 3612 ἀπέστη
1508 3541 1602 3596 ἀπ’
1623 3541 1723 3595 αὐ-

100 3631 195 3686 τοῦ
217 3634 359 3704 ἄχρι
390 3632 620 3704 καιροῦ.
658 3625 827 3698 Οὗτος
859 3633 917 3687 δέ
945 3634 1092 3687 ἐστιν
1128 3635 1335 3698 ἐκεῖνος
1368 3635 1397 3687 6
1424 3633 1634 3705 καιρὸς,
1663 3635 1723 3688 ἐν

101 3720 146 3792 ᾧ
184 3728 283 3780 καὶ
327 3726 506 3789 αὐτὸς
550 3725 582 3778 6
634 3724 894 3795 πολέμιος
920 3725 1218 3793 ἐγίνωσκεν
1249 3725 1444 3778 ἐαυτὸν
1473 3743 1724 3780 καταπα-

101 3818 454 3890 τηθήσεσθαι
510 3817 624 3872 ὑπὸ
668 3817 918 3885 πάντων,
962 3821 1012 3873 εί
1065 3819 1162 3872 καὶ
1205 3817 1397 3872 τούτου
1438 3818 1719 3872 διαπέσοιο

110 3914 270 3981 μόναν
292 3912 414 3983 γὰρ
446 3909 618 3964 τοῦτο
653 3909 804 3980 αὐτῷ
835 3910 1212 3982 περιελείπετο
1239 3909 1424 3962 λοιπὸν
1452 3909 1512 3962 τὸ
1540 3904 1720 3975 ἆθλον,

108 4004 333 4057 πάντων
359 3999 741 4073 τυμνωθέντι.
771 4001 863 4053 Διὸ
889 4002 992 4054 ’καὶ
1027 4001 1206 4055 πάντα
1237 4002 1381 4052 ποιεῖ
1406 3997 1500 4052 τοῦ
1534 3998 1724 4070 μαθεῖν

107 4096 318 4161 iam,
364 4097 418 4148 εί
453 4089 619 4158 οὗτός
669 4095 818 4146 ἐστιν
858 4094 888 4146 6
927 4093 1154 4164 Σωτήρ·
1191 4093 1286 4147 κει)⁵
1331 4091 1491 4145 τοῦτο
1527 4092 1723 4158 ἐποίει,

110 4188 225 4254 ἶνα,
281 4189 388 4242 ἐὰν
429 4187 615 4250 ὅντως
662 4186 792 4257 περὶ
841 4184 1008 4238 αὐτοῦ
1061 4184 1206 4256 μάθῃ
1228 4225 1243 4250 ,
1301 4184 1440 4256 μηδέ
1477 4182 1726 4258 τολμήσῃ

109 4279 462 4350 προσελθεῖν,
517 4275 683 4340 εἰδὼς
736 4275 836 4348 τὴν
874 4276 1168 4348 ἀπρόσιτον
1213 4276 1309 4329 καὶ
1352 4275 1504 4330 θείαν
1557 4275 1722 4330 αὑτοῦ

1827 4281 1976 4337 illius
2027 4294 2092 4335 ac
2127 4279 2328 4335 divina:
2348 4279 2662 4364 potestatis.
2703 4276 2968 4333 Dominus
2999 4283 3184 4331 autem
3217 4276 3413 4332 videns

109 4370 364 4442 δύναμιν.
408 4372 471 4425 Ὀ
507 4370 572 4424 δὲ
603 4369 833 4442 Κύριος,
885 4369 1104 4442 θεωρῶν
1145 4367 1307 4423 αὑτοῦ
1348 4369 1447 4440 τὴν
1489 4387 1722 4441 πανουρ-

1826 4372 1948 4443 ejus
1978 4370 2274 4436 vafritiem,
2312 4371 2605 4443 sciensque
2633 4369 2785 4424 illum
2825 4385 2936 4424 non
2968 4367 3195 4424 honoris
3222 4382 3411 4432 causa,

108 4463 259 4528 τίαν,
311 4463 399 4516 δτι
453 4461 521 4515 οὗ
574 4463 712 4531 τιμῇ
768 4462 836 4532 τῇ
885 4459 1024 4531 πρὸς
1066 4459 1248 4524 αὑτὸν,
1293 4456 1430 4510 ἀλλὰ
1476 4457 1578 4528 τῆς
1616 4457 1722 4509 τῶν

1829 4460 1924 4517 sed
1958 4469 2018 4515 ut
2045 4459 2297 4515 homines
2341 4459 2398 4513 in
2449 4457 2716 4514 servitute
2755 4458 3018 4512 retineret
3059 4456 3192 4510 illud
3217 4456 3412 4511 obsero

107 4553 428 4624 ἀνθρώπων
459 4552 634 4624 χάριν
661 4550 907 4614 δουλείας
935 4550 1163 4623 ἐθήρευε
1195 4548 1372 4615 τοῦτο,
1405 4549 1492 4602 ἵνα
1527 4565 1722 4621 τυραν-

1829 4569 1978 4616 vare,
2027 4568 2136 4623 quo
2169 4554 2223 4606 in
2278 4567 2468 4606 omnes
2501 4551 2848 4623 tyrannidem
2887 4559 3210 4613 exerceret,
3257 4565 3413 4605 suam

107 4646 242 4718 γεύῃ
284 4647 438 4700 κατά
480 4645 732 4707 πάντων,
763 4643 1081 4713 ὑπέκρυπτε
1111 4643 1211 4716 τὴν
1243 4641 1437 4696 ἐαυτοῦ
1471 4642 1722 4713 θεότητα,

1833 4645 2008 4716 ipsius
2038 4643 2298 4699 deitatem
2329 4643 2648 4706 occultavit,
2679 4652 2734 4697 et
2761 4652 2821 4696 ut
2851 4643 3014 4696 homo
3046 4657 3168 4696 sese
3196 4643 3365 4710 gessit
3395 4657 3411 4694 :

108 4741 204 4792 ml.
267 4740 356 4803 ὡς
405 4737 711 4809 ἄνθρωπος
766 4735 1142 4789 ἐπολιτεύετο·
1192 4736 1314 4798 ἵνα,
1355 4735 1430 4799 ὡς
1482 4733 1603 4805 Θεῷ
1651 4734 1722 4806 μὴ

1833 4750 1903 4789 ne
1949 4733 2041 4788 ille
2088 4748 2148 4788 se
2208 4740 2269 4786 ut
2319 4730 2491 4786 Deum
2547 4731 2814 4801 attingere
2871 4744 2982 4784 non
3017 4744 3206 4790 ausus,
3242 4726 3416 4782 abiret

1822 3461 1974 3522 ptum
2015 3450 2221 3522 quippe
2244 3455 2329 3505 est
2359 3450 2501 3518 apud
2531 3447 2757 3514 Lucam,
2791 3447 3072 3504 diabolum
3103 3463 3227 3503 cum
3258 3462 3413 3502 com-

1822 3543 2026 3614 plesset
2085 3556 2304 3597 omnem
2356 3543 2715 3598 tentationem
2751 3557 2778 3606 ,λ
2819 3542 2890 3597 ab
2948 3557 3016 3598 eo
3070 3540 3140 3596 ad
3195 3549 3412 3611 tempus

1824 3633 2164 3690 abscessisse
2197 3634 2266 3687 ".
2319 3631 2435 3688 Hoc
2485 3640 2668 3688 autem
2713 3633 2895 3704 ipsum
2937 3640 3158 3704 tempus
3188 3633 3297 3702 70
3327 3639 3414 3688 est

1824 3740 1936 3796 quo
1959 3739 2080 3781 sese
2111 3723 2462 3780 adversarius
2498 3732 2660 3778 norat
2692 3725 2762 3780 ab
2799 3725 3058 3780 omnibus
3078 3724 3415 3780 conculcan-

1823 3815 1952 3868 dum
1981 3829 2136 3881 esse,
2165 3814 2210 3870 si
2232 3815 2345 3884 jam
2375 3813 2656 3870 excideret
2680 3830 2694 3868 :
2726 3815 2940 3869 nullum
2962 3816 3108 3870 enim
3137 3813 3409 3888 illiglind,

1825 3908 2082 3963 omnibus
2106 3906 2390 3971 destituto,
2420 3913 2707 3978 supererat
2745 3915 3046 3962 certamen.
3072 3905 3253 3972 Quare
3275 3907 3412 3960 nihil

1825 4016 1937 4056 non
1973 4001 2188 4071 agebat,
2240 4007 2302 4054 ut
2349 3999 2623 4054 edisceret
2664 4014 2734 4054 an
2781 3999 2874 4054 hic
2935 3997 3188 4054 Salvator
3220 4005 3409 4053 esset:

1825 4093 1973 4164 quod
2004 4093 2128 4149 ideo
2160 4093 2252 4147 ille
2290 4091 2506 4163 agebat,
2538 4099 2599 4146 ut
2628 4091 2673 4146 si
2715 4105 2908 4147 revera
2974 4089 3249 4146 edisceret
3285 4090 3413 4159 quis

1826 4195 1997 4251 esset,
2051 4186 2313 4242 accedere
2360 4200 2475 4240 non
2527 4185 2797 4251 auderet,
2857 4199 3066 4254 gnarus
3117 4184 3414 4238 inaccessae

106 4830 463 4904 προσελθὼν,
499 4828 726 4900 ἀπαθὴς
760 4827 992 4900 ἀπέλθῃ,
1030 4828 1145 4881 ἀλλ’
1175 4829 1252 4892 ὡς
1294 4827 1583 4900 ἀνθρώπου
1623 4843 1722 4879 κα-

1833 4824 2039 4879 illaesus
2072 4840 2086 4877 :
2119 4821 2214 4877 sed
2245 4829 2438 4876 contra
2468 4835 2593 4875 cum
2625 4821 2849 4874 homine
2879 4835 3039 4890 quem
3083 4818 3413 4888 despiceret,

104 4927 500 4996 ταςρρονήσας,
540 4920 840 4995 προσέλθῃ,
893 4921 990 4975 καὶ
1035 4920 1220 4974 λοιπὸν
1272 4920 1377 4974 ὑπὸ
1423 4917 1722 4992 ἀνθρώπων

1834 4929 2188 4985 congressus,
2215 4913 2284 4968 ab
2318 4911 2636 4966 hominibus
2665 4911 2923 4980 deinceps
2947 4909 3210 4978 incrperet
3238 4905 3411 4959 illudi.

109 5019 362 5090 ἄρξηται
390 5013 864 5080 καταπαίζεσθαι.
910 5014 1024 5068 Καὶ
1053 5014 1243 5086 ὥσπερ
1275 5014 1341 5068 ἀν
1372 5031 1477 5079 τις,
1516 5013 1610 5067 τὸν
1635 5013 1722 5066 ἀν·

1837 5009 1903 5064 Et
1953 5008 2416 5080 quemadmodum
2473 5007 2519 5062 si
2571 5007 2696 5076 quis
2753 5020 2986 5060 cernens
3041 5001 3414 5057 adversarium

111 5111 356 5164 τίπαὶην
420 5107 593 5162 αὑτοῦ
652 5107 878 5179 θεωρῶν
939 5110 1429 5178 καταπτήσσοντα,
1491 5108 1590 5160 καὶ
1641 5105 1722 5158 διὰ

1838 5119 1998 5157 suum
2049 5101 2398 5173 perterritum
2455 5099 2735 5171 aufugere,
2787 5098 2986 5153 exinde
3046 5095 3416 5150 infirmitatem

111 5202 282 5256 τοῦτο
321 5199 723 5270 ἀποφεύγοντα
764 5199 973 5265 λοιπὸν,
1014 5198 1296 5254 ἀσθένειαν
1341 5196 1722 5270 σχηματίζοιτι

1837 5196 2201 5263 simulaverit,
2237 5210 2344 5264 qua
2375 5210 2500 5249 eum
2533 5193 2602 5248 ad
2644 5208 2880 5264 pugnam
2913 5190 3194 5263 pertrahat
3229 5209 3240 5243 :
3274 5196 3419 5242 tun:-

191 5362 241 5395 ⁸³
282 5360 487 5418 llatth.
515 5374 699 5429 xxvn,
725 5360 817 5416 24.
896 5360 944 5391 “
983 5358 1115 5414 Luc.
1155 5376 1228 5426 iv,
1267 5360 1354 5414 15.

200 5515 316 5586 (ει)
350 5517 493 5586 μέν,
531 5515 701 5586 abest
714 5515 783 5586 ab
810 5513 1132 5586 Anglicano.
1494 5585 1500 5586 γ
1636 5583 1651 5586 _

1839 5510 2255 5586 πτηςςε,-Εόίιί
2289 5509 2722 5586 κατῌέπλησσξεο-
2748 5575 2764 5586 ,
2788 5579 2814 5586 _
2963 5574 2977 5586 ,
3017 5582 3026 5586 -
3105 5573 3118 5584 .

350 5574 588 5658 Regius,
616 5585 864 5658 ἀνδρίαν,
898 5574 967 5658 ad
991 5587 1133 5658 hanc
1171 5599 1360 5658 vocem
1388 5585 1606 5658 variant
1629 5583 1722 5658 fer:

1842 5657 1883 5658 Π
1911 5574 2023 5658 (88)
2080 5580 2308 5658 Regius,
2339 5580 2416 5658 ,τὸ
2478 5574 2622 5658 κατὰ
2674 5575 2908 5658 Πιλᾶτον
2957 5574 3042 5658 (etL
3074 5574 3166 5658 sic
3206 5587 3423 5658 semper

1840 5643 2072 5714 Πιλᾶτος
2097 5643 2260 5706 habet
2297 5651 2386 5704 hic
2424 5651 2594 5703 codex
2628 5663 2751 5701 cum
2799 5643 3170 5705 circumflexo)
3196 5643 3424 5714 γενόμε-

1841 5741 1930 5776 νον
1957 5712 2160 5792 θαῦμα.
2186 5721 2331 5783 Mox,
2362 5719 2587 5792 Regius,
2614 5718 2782 5773 Basil.
2815 5717 3029 5789 Anglic.
3059 5712 3418 5782 κατέπτηξεν.

1842 5793 1984 5849 Edili
2018 5789 2164 5859 vero,
2195 5789 2551 5860 κατέπληξεν.

134 5654 357 5727 semper
387 5654 646 5718 codices;
669 5654 894 5726 aliique,
919 5655 1193 5728 ἀνδρείαν,
1233 5655 1348 5721 alii,
1377 5654 1619 5724 ἀνδρίαν,
1646 5654 1743 5707 ha-

139 5728 328 5868 ωίιὲδ)
351 5797 533 5868 Δῐῦεεὶὶ.
564 5797 675 5852 alia
704 5811 892 5858 manu,
912 5796 1186 5868 νικηθείς.

209 5865 323 5939 (87)
350 5865 430 5923 lta
457 5869 662 5942 Regius
699 5877 751 5925 et
779 5867 1115 5926 Basiliensis.
1148 5866 1359 5939 Anglic.
1399 5880 1548 5933 vero,
1581 5865 1744 5919 κατέ-
