3872 6188
465 418 564 475 2H

1603 416 1660 474 S.
1693 416 2156 472 ATHANASIUS.
2199 448 2267 456 —
2310 413 2533 470 UUBIA.

3627 415 3734 471 212

465 549 576 604 que
604 531 694 588 ille
720 532 812 602 qui
861 531 998 602 fugit
1029 531 1094 586 ad
1144 532 1454 588 simulatam
1489 535 1793 604 respiciens
1823 534 2051 588 inﬁrmi-

2166 532 2292 604 πρὸς
2339 532 2438 603 τὴν
2485 531 2696 583 ἐκεινου
2739 529 3071 603 πρόσκλησιν
3095 549 3106 562 ·
3146 528 3262 585 εἶτα
3301 531 3504 595 ἐκεῖνος
3538 531 3568 582 6
3602 532 3733 600 φεύ-

467 633 659 689 tatem,
686 638 810 678 cum
834 623 1162 679 conﬁdentia
1191 625 1509 692 accesserit,
1540 636 1593 680 et
1625 642 1927 696 generosus
1958 627 2049 681 ille

467 718 673 772 athleta
707 717 801 786 qui
834 715 1154 771 inﬁrmitate
1190 717 1282 770 illa
1324 727 1673 787 provocarat,
1705 733 1804 773 sua
1847 719 2048 773 virtute

467 808 842 878 superaverit;
892 809 968 863 ita
1011 817 1066 865 et
1116 809 1402 874 Dominus,
1455 811 1693 865 humana
1744 826 2048 880 provocans

468 899 808 963 inﬁrmitate,
863 915 962 954 sua
1001 902 1200 956 virtute
1232 901 1376 956 vires
1399 901 1608 956 homini
1631 903 1838 956 addidit
1861 913 2048 957 contra

467 991 772 1046 inimicum.
810 990 991 1058 Quare
1036 993 1355 1050 imminente
1403 1001 1604 1058 morte,
1635 994 1804 1065 cmpit
1853 1009 2050 1064 pavere

465 1089 523 1137 et
561 1085 757 1141 anxius
794 1100 939 1152 esse,
970 1087 1309 1157 rogabatque
1341 1096 1397 1140 ut
1451 1089 1716 1143 transiret
1749 1087 1890 1142 calix
1935 1087 2047 1150 ille,

466 1183 632 1245 atque
659 1177 933 1232 clamabat
964 1196 978 1233 :
1016 1196 1034 1228 ι
1075 1177 1314 1248 Spiritus
1347 1179 1567 1251 quidem
1601 1188 1890 1250 promptus
1941 1187 2046 1243 est,

467 1280 598 1320 caro
630 1275 812 1322 autem
850 1269 1066 1324 inﬁrma
1112 1271 1180 1338 '5;
1211 1291 1229 1323 ι
1269 1283 1328 1325 ut
1365 1272 1718 1328 adversarius
1763 1279 1951 1326 noster
1981 1271 2050 1325 ad

466 1362 645 1424 ipsum
678 1363 738 1410 ut
781 1356 1058 1413 hominem
1092 1359 1382 1426 accedens,
1413 1360 1656 1416 divinam
1700 1360 2051 1431 experiretur

466 1446 747 1502 virtutem.

541 1646 630 1701 15.
679 1645 779 1701 Ηίε
823 1646 992 1717 igitur
1045 1645 1319 1702 adductus
1368 1645 1539 1702 miser
1572 1645 1684 1712 ille,
1716 1645 1913 1702 illusus
1943 1653 2051 1715 est,

467 1747 631 1811 atque
676 1741 746 1796 ad
792 1739 1084 1796 Dominum
1127 1738 1384 1794 accessit.
1427 1737 1567 1793 Hinc
1597 1746 1894 1808 conspecta
1929 1738 2050 1807 ejus

467 1831 810 1897 fortitudine,
854 1831 1184 1887 exhorruit:
1223 1831 1342 1887 visa
1380 1829 1579 1886 deinde
1631 1829 1881 1899 corporis
1928 1829 2049 1898 ejus

2153 642 2285 693 γων,
2330 623 2468 694 πρὸς
2517 621 2617 694 τὴν
2664 622 3126 693 σχηματισθεῖσαν
3169 623 3448 677 ἀσθένειαν
3501 623 3733 678 ἀποϐλέ-

2153 733 2289 780 πων,
2328 713 2609 784 θαρρήσας
2635 712 2942 784 προσέλθοι,
2971 716 3064 768 καὶ
3097 717 3124 768 6
3155 716 3400 784 γενναῖος
3430 715 3738 787 παλαιστὴς

2150 809 2216 876 τῇ
2270 805 2524 877 ἀσθενείᾳ
2575 803 3108 875 προσκαλεσάμενος,
3155 809 3222 876 τῇ
3277 806 3470 859 ἑαυτοῦ
3505 806 3732 877 δυνάμει

2151 899 2360 969 νικήσει
2383 898 2493 966 (89)
2514 913 2526 926 ⁸
2552 896 2693 950 οὕτω
2724 896 2817 950 καὶ
2847 898 2875 949 6
2904 898 3105 969 Κύριος
3143 899 3455 969 ἀνθρωπίνῃ
3477 897 3731 966 ἀσθενείᾳ

2151 988 2686 1060 προσκαλεσάμενος,
2740 993 2806 1061 τῇ
2860 989 3051 1044 ἑαυτοῦ
3094 989 3318 1059 δυνάμει
3371 989 3617 1059 ἐνίσχυσε
3645 990 3742 1042 τὸν

2151 1082 2438 1154 ἄνθρωπον
2491 1082 2634 1136 κατὰ
2679 1081 2773 1135 τοῦ
2823 1081 3047 1153 ἐχθροῦ.
3103 1081 3198 1134 Διά
3245 1081 3402 1134 τοῦτο
3454 1081 3604 1153 παρά
3645 1083 3745 1135 τὸν

2155 1171 2346 1242 καιρὸν
2377 1170 2471 1225 τοῦ
2503 1171 2731 1226 θανάτου
2759 1171 2870 1239 (90)
2895 1173 2990 1225 καὶ
3011 1172 3108 1242 ἀδη
3120 1175 3288 1242 μονεῖ,
3315 1172 3408 1225 καὶ
3439 1172 3744 1243 περίλυπος

2153 1263 2356 1335 ἤρξατο
2387 1263 2632 1333 γίνεσθαι
2654 1279 2668 1295 ⁸
2707 1263 2802 1317 κα)⁵
2836 1264 3012 1317 ἐδέετο
3043 1263 3331 1334 παρελθεῖν
3359 1265 3533 1316 ἐκεῖνο
3558 1263 3620 1316 τὸ
3644 1280 3749 1315 πο-

2151 1357 2360 1427 τήριον,
2397 1355 2491 1410 καὶ
2525 1355 2688 1408 ἐϐόαο
2722 1373 2740 1406 ι
2779 1355 2852 1408 Τὸ
2893 1355 2989 1425 μὲν
3033 1355 3251 1424 πνεῦμα
3285 1355 3582 1426 πρόθυμον,
3613 1359 3645 1425 ἠ
3681 1355 3747 1407 δέ

2153 1445 2290 1518 σάρξ
2335 1448 2445 1517 (91)
2516 1446 2778 1518 ἀσθενής⁹
2817 1465 2836 1498 ι
2887 1446 2973 1499 ἵνα
3014 1447 3043 1498 6
3108 1445 3375 1509 ἀντίδικος
3419 1445 3606 1516 ήμῶν,
3660 1445 3748 1509 ὡς

2165 1539 2437 1612 ἀνθρώπῳ
2466 1538 2797 1609 προσελθὼν,
2834 1537 3067 1609 πειραθῇ
3098 1537 3247 1601 θείας
3277 1537 3575 1608 δυνάμεως.

2226 1653 2313 1707 15.
2359 1653 2581 1717 Τούτοις
2623 1651 2754 1722 γοῦν
2787 1649 3050 1720 ὑπαχθεὶς
3078 1653 3106 1703 6
3135 1650 3337 1715 ἄθλιος,
3368 1651 3603 1721 ἐπαίχθη
3647 1651 3752 1704 καὶ

2153 1744 2428 1814 προσῆλθε
2457 1743 2533 1815 τῷ
2560 1744 2772 1816 Κυρίῳ,
2804 1739 2955 1804 Εἶτα,
2985 1740 3204 1812 θεωρῶν
3232 1741 3330 1812 τὴν
3360 1741 3609 1812 ἀνδρείαν
3638 1743 3749 1795 αὐ-

2151 1836 2266 1901 τοῦ,
2303 1835 2682 1906 κατέπτησσε·
2736 1833 2955 1904 θεωρῶν
2986 1833 3042 1886 δὲ
3083 1833 3177 1887 καὶ
3215 1834 3314 1904 τὴν
3359 1833 3450 1886 τοῦ
3491 1834 3754 1904 σώματος

467 1923 809 1989 inﬁrmitate,
841 1923 1127 1978 audaciam
1153 1921 1454 1992 resumpsit
1487 1937 1500 1973 :
1531 1935 1595 1975 ac
1625 1919 1824 1976 deinde
1867 1918 2052 1974 videre

2166 1929 2458 1994 ἀσθένειαν,
2478 1929 2640 1982 πάλιν
2669 1926 2870 1998 ἐτόλμα
2889 1943 2904 1958 ⁸
2925 1928 3018 1981 κει)¹
3050 1925 3236 1979 λοιπὸν
3264 1921 3330 1996 ἦν
3363 1926 3486 1978 ἰδεῖν
3519 1926 3607 1979 τὸν
3645 1927 3756 1997 μὲν

469 2022 588 2069 erat
634 2014 913 2070 diabolum
943 2015 1163 2086 quidem
1199 2029 1325 2068 cum
1354 2021 1468 2069 toto
1498 2027 1600 2068 suo
1633 2011 1900 2079 exercitu,
1925 2025 2051 2066 cum

469 2106 893 2177 principatibus,
937 2119 1064 2158 cum
1118 2103 1482 2175 potestatibus
1515 2103 1631 2158 suis
1664 2101 1892 2172 fugere;
1945 2100 2054 2154 Do-

465 2195 676 2249 minum
725 2210 876 2258 vero,
937 2194 1194 2249 humanis
1227 2194 1396 2248 armis
1430 2193 1757 2248 diabolicam
1815 2200 2053 2246 turmam

467 2286 706 2356 insequi.
741 2285 861 2340 Non
915 2287 1092 2340 multo
1138 2286 1340 2356 quippe
1375 2284 1503 2338 hinc
1547 2284 1810 2354 temporis
1852 2283 2051 2354 spatio,

464 2378 749 2432 inimicum
809 2378 1066 2433 omnibus
1111 2377 1385 2448 spoliavit,
1415 2375 1650 2446 {quando
1693 2375 1916 2431 demum
1952 2391 2054 2445 puo

465 2471 598 2526 dore
631 2469 856 2525 aﬁ‘ectus
892 2486 989 2541 per
1025 2485 1145 2526 sese
1175 2469 1361 2524 omnia
1408 2468 1582 2522 movit
1633 2475 1827 2521 contra
1870 2466 2056 2521 Domi-

473 2577 643 2630 num;
669 2560 890 2618 Iudaeos
918 2562 1127 2617 scilicet
1157 2569 1216 2617 ut
1248 2559 1712 2632 conspirationem
1754 2564 2052 2621 struerent,

464 2658 702 2712 Pilatum
754 2666 815 2712 ut
860 2657 1184 2724 damnaret,
1224 2657 1427 2712 milites
1475 2663 1534 2710 ut
1576 2655 1684 2725 ipsi
1739 2653 2051 2721 illuderent,

466 2751 693 2821 ignarus
727 2765 790 2806 se
821 2764 886 2805 ea
950 2749 1135 2803 omnia
1183 2748 1472 2804 adversum
1509 2763 1630 2804 sese
1672 2746 1876 2800 moliri.
1917 2743 2053 2798 Nam

465 2857 611 2898 caeca
654 2856 744 2897 res
771 2851 857 2898 est
889 2843 1116 2907 malitia,
1156 2849 1210 2898 et
1244 2840 1549 2911 improvida
1594 2855 1685 2895 res
1729 2845 1814 2894 est
1856 2838 2056 2906 impro-

465 2934 630 2998 bitas,
690 2940 750 2986 ut
794 2946 916 3002 qua:
947 2948 1057 2986 non
1104 2931 1434 3001 intelligeret
1481 2945 1541 2984 se
1591 2943 1722 2984 suas
1769 2935 1961 2982 contra
1995 2942 2054 2981 se

464 3041 661 3080 manus
685 3039 901 3081 acuere.
922 3023 1390 3092 Quemadmodum
1420 3021 1568 3078 enim
1599 3023 1645 3078 si
1670 3021 1794 3092 quis
1813 3013 2056 3091 serpen-

463 3125 574 3172 tem
627 3133 792 3172 manu
847 3132 946 3172 sua
984 3115 1449 3187 apprehenderit,
1509 3120 1564 3170 et
1611 3111 1847 3168 voluerit
1898 3112 2054 3166 alteri

467 3210 758 3279 projicere,
794 3210 1022 3280 ipseque
1055 3208 1372 3263 mordeatur
1408 3226 1421 3262 :
1465 3215 1560 3261 aut
1589 3206 1712 3277 igne
1744 3221 1909 3259 manu
1933 3219 2055 3258 cor-

463 3306 624 3368 repto
651 3298 780 3353 velit
804 3297 1029 3351 inimico
1051 3312 1268 3363 nocere,
1289 3297 1614 3366 ignoretque
1633 3311 1754 3352 sese
1780 3293 2051 3360 comburi;
2081 3291 2122 3349 C

466 3389 542 3442 ita
575 3388 783 3442 malitia
820 3387 1086 3444 adversus
1121 3401 1217 3442 eos
1247 3387 1506 3454 dimicat,
1542 3387 1636 3458 qui
1669 3387 1760 3440 illa
1794 3392 2044 3448 utuntur,

464 3482 750 3552 nagisque
780 3481 902 3536 illos
931 3479 1078 3535 lmdit
1109 3480 1310 3550 quibus
1337 3479 1500 3541 inest,
1532 3493 1695 3548 quam
1729 3492 1823 3533 eos
1859 3476 2052 3531 adver-

466 3590 590 3630 sum
621 3589 761 3645 quos
792 3589 911 3630 eam
947 3574 1273 3628 immittunt.
1310 3572 1401 3626 Sic
1445 3569 1662 3625 Pharao
1693 3584 1890 3640 capere
1919 3569 2049 3623 dum

464 3668 650 3732 vellet,
692 3674 888 3737 captus
920 3674 1025 3730 est,
1057 3673 1113 3721 et
1143 3680 1375 3720 exorsus
1403 3663 1683 3734 persequi,
1721 3660 2054 3731 persecutio-

466 3776 592 3816 nem
651 3775 850 3831 passus
899 3767 1005 3821 est,
1051 3769 1104 3813 et
1147 3757 1276 3813 dum
1339 3770 1527 3810 necem
1571 3754 1694 3809 aliis
1745 3753 2050 3817 moliretur,

467 3853 792 3908 submersus
825 3858 930 3904 est.
969 3848 1047 3903 Ita
1089 3856 1144 3904 et
1175 3847 1416 3912 Goliath,
1455 3845 1657 3917 quibus
1691 3845 2050 3917 gloriabatur,

467 3940 539 3994 iis
575 3940 934 3994 detruncatus
972 3948 1086 4004 est,
1131 3947 1186 3992 et
1219 3937 1459 4006 spoliare
1516 3951 1738 4007 parans,
1785 3937 2052 4007 spoliatus

466 4039 572 4087 est.
610 4031 852 4101 ldipsum
887 4031 1090 4085 misero
1134 4030 1318 4085 evenit
1346 4027 1599 4092 diabolo,
1636 4027 1729 4098 qui
1764 4026 1893 4080 dum
1934 4035 2054 4080 ten-

465 4130 588 4178 tare
617 4121 798 4187 vellet,
836 4124 892 4176 in
946 4121 1150 4176 malum
1182 4119 1376 4176 incidit
1407 4138 1420 4174 :
1481 4119 1613 4174 dum
1661 4118 1864 4173 milites
1897 4133 2052 4173 com-

467 4231 688 4271 movere
717 4224 962 4286 cuperet,
988 4215 1162 4285 magis
1202 4215 1318 4284 ipse
1349 4214 1404 4268 in
1438 4211 1789 4267 carniﬁcibus
1819 4225 2056 4266 commo-

472 4319 582 4373 tus,
614 4309 799 4364 omnia
825 4317 1016 4363 contra
1043 4322 1166 4364 sese
1189 4307 1402 4378 agebat.
1435 4305 1569 4360 Nam
1595 4307 1758 4361 etiam
1792 4313 1906 4359 tum
1929 4319 2054 4360 cum

469 4400 821 4469 spoliaretur,
853 4399 1054 4453 latebat
1083 4397 1400 4452 hominibus
1448 4396 1713 4462 victoria;
1744 4410 1909 4466 quam
1938 4395 2056 4466 ipse

469 4491 684 4556 infelix,
723 4491 925 4546 invitus
955 4491 1102 4556 licet,
1145 4490 1200 4544 in
1230 4491 1407 4544 lucem
1438 4490 1668 4560 protulit
1704 4503 1720 4540 :
1751 4503 1875 4543 cum
1907 4489 2054 4542 enim

469 4593 765 4640 exueretur
795 4583 1081 4650 Dominus,
1123 4583 1541 4653 trophaeumque
1569 4581 1835 4636 adversus
1864 4580 2055 4635 diabo-

2153 2020 2397 2074 διάϐολον
2432 2019 2529 2073 σὺν
2555 2018 2652 2090 ὅλῃ
2684 2021 2748 2089 τῇ
2787 2018 3016 2090 στρατιᾷ
3043 2016 3231 2080 αὐτοῦ,
3263 2016 3357 2069 καὶ
3378 2019 3496 2080 ταῖς
3525 2017 3754 2086 ἀρχαῖς,

2155 2117 2251 2170 καὶ
2288 2118 2408 2180 ταῖς
2456 2113 2723 2180 ἐξουσίαις
2753 2112 2918 2167 αὐτοῦ
2965 2112 3267 2182 φεύγοντα·
3302 2111 3394 2164 τὸν
3435 2111 3490 2163 δὲ
3538 2113 3757 2183 Κύριον

2155 2207 2521 2279 ἀνθρωπίνοις
2567 2204 2754 2269 ὅπλοις
2803 2202 3067 2256 διώκοντα
3114 2203 3214 2275 τήν
3269 2202 3578 2272 διαϐολικὴν
3642 2203 3759 2271 φά-

2155 2297 2350 2366 λαγγα.
2379 2297 2455 2351 Οὐ
2481 2295 2591 2367 γὰρ
2624 2295 2757 2349 πολὺ
2785 2294 2974 2363 γέγονε
3002 2294 3063 2346 τὸ
3083 2293 3377 2364 διάστημα,
3412 2293 3505 2346 καὶ
3525 2293 3758 2346 πάντων

2156 2396 2450 2450 ἐσκύλευσε
2483 2394 2573 2448 τὸν
2618 2392 2844 2466 ἐχθρόν·
2875 2393 2967 2446 ὅτε
3002 2389 3418 2462 καταισχυνθεὶς
3454 2389 3639 2442 λοιπὸν
3674 2390 3757 2445 δι’

2156 2486 2352 2540 ἑαυτοῦ
2393 2485 2562 2539 ἐκίνει
2601 2483 2779 2537 πάντα
2821 2482 2963 2536 κατά
3013 2480 3106 2534 τοῦ
3146 2480 3384 2549 Κυρίουο
3449 2480 3757 2544 Ἰουδαίους

2159 2576 2280 2648 μὲν,
2313 2577 2399 2629 ἵνα
2432 2573 2894 2637 συσκευάσωνται,
2932 2571 3164 2626 Πιλᾶτον
3187 2571 3244 2624 δὲ
3278 2571 3364 2625 ἵνα
3397 2569 3713 2642 κατακρίνῃ
3738 2587 3756 2600 °

2154 2669 2282 2733 τοὺς
2313 2668 2370 2721 δὲ
2404 2665 2759 2738 στρατιώτας,
2807 2664 2894 2718 ἵνα
2940 2664 3178 2728 παίζωσι
3223 2663 3343 2716 κατ’
3373 2661 3536 2716 αὑτοῦ
3561 2678 3576 2692 ·
3609 2659 3763 2715 ἀλλὰ

2155 2760 2252 2815 καὶ
2288 2757 2448 2813 τοῦτο
2479 2757 2666 2828 ἠγνόει
2695 2756 2817 2810 καθ’
2851 2753 3044 2808 ἐαυτοῦ
3091 2751 3286 2807 ποιῶν*
3324 2752 3522 2822 τυφλὸν
3559 2752 3672 2824 γὰρ
3719 2753 3761 2824 ἡ

2155 2853 2343 2917 κακία,
2375 2851 2468 2904 καὶ
2505 2849 2843 2922 ἀπροόρατον
2874 2851 2907 2920 ή
2940 2846 3208 2918 πονηρία’
3252 2844 3374 2898 καθ’
3402 2845 3602 2916 ἑαυτῆς
3646 2845 3766 2910 τὰς

2155 2947 2343 3017 χεῖρας
2379 2942 2632 3017 ἀκονῶσα
2680 2940 2886 3010 ἠγνόει.
2938 2933 3061 2992 Οἷον
3092 2939 3201 3010 γὰρ
3243 2938 3297 2991 εἴ
3331 2955 3415 3001 τις
3462 2937 3639 3005 ὄφεως
3682 2941 3762 3008 τῇ

2155 3005 2301 3109 isth
2325 3005 2665 3096 ἐπιλάϐοιτο,
2689 3005 2783 3084 καὶ
2807 3029 2978 3083 θέλων
3000 3005 3288 3100 καὶέτέρῳ
3319 3028 3493 3099 ῥῖψαι,
3526 3005 3765 3091 πάντως

2156 3129 2316 3192 αὐτὸς
2341 3127 2539 3200 ἐδάχθη
2558 3143 2571 3158 ·
2601 3126 2633 3198 ἢ
2656 3125 2750 3180 καὶ
2778 3122 2890 3196 πῦρ
2922 3125 2989 3194 τῇ
3021 3122 3164 3194 χειρὶ
3188 3121 3424 3196 κρατῶν,
3458 3119 3552 3173 καὶ
3576 3119 3767 3173 θέλων

2155 3219 2246 3273 τὸν
2271 3217 2463 3290 ἐχθρὸν
2493 3216 2771 3286 ἀδικῆσαι,
2799 3213 2899 3266 οὐκ
2919 3208 3080 3276 οἶδεν,
3111 3211 3193 3263 ὅτι
3218 3210 3434 3274 πάντως
3461 3208 3625 3273 αὐτὸς
3651 3226 3770 3262 κα-

2154 3309 2441 3364 τακαίεται
2461 3323 2475 3338 ⁶
2506 3305 2678 3371 οὕτως
2711 3307 2743 3377 ἡ
2777 3303 2945 3359 κακία
2973 3302 3113 3356 κατὰ
3141 3301 3246 3354 τῶν
3277 3300 3575 3372 χρωμένων
3606 3301 3766 3373 αὐτῇ

2155 3399 2541 3473 στρατεύεται,
2592 3397 2686 3451 καὶ
2740 3395 2941 3467 μᾶλλον
3001 3393 3178 3447 ἀδικεῖ
3237 3393 3363 3456 τοὺς
3413 3391 3770 3462 κατέχοντας

2153 3491 2186 3563 ἥ
2221 3492 2357 3563 πρὸς
2383 3490 2478 3554 οὓς
2500 3488 2565 3544 ἂν
2589 3487 2758 3560 αὐτὴν
2787 3485 3102 3542 ἀποστεῖλαι
3136 3483 3360 3537 θέλωσιν
3384 3482 3518 3553 (92).
3556 3481 3770 3546 Οὕτως

2152 3581 2411 3654 ὁΦαραὼ,
2439 3581 2608 3635 θέλων
2634 3577 2980 3642 καταλαϐεῖν,
3009 3575 3321 3647 κατελήφθη
3343 3591 3358 3605 ο
3382 3576 3475 3628 καὶ
3501 3573 3772 3645 ἀρξάμε-

2153 3693 2242 3740 νος
2286 3674 2522 3736 διώκειν,
2569 3670 2908 3742 κατεδιώχθη
2933 3686 2946 3700 ⁸
2992 3670 3086 3724 καὶ
3135 3669 3451 3722 ἀποκτεῖναι
3487 3665 3766 3736 θελήσας,

2155 3761 2572 3834 κατεποντίσθη.
2621 3760 2808 3825 Οὕτως
2843 3759 2871 3812 6
2917 3757 3130 3822 Γολιάθ,
3176 3758 3235 3812 ἐν
3281 3754 3362 3820 οἷς
3401 3756 3660 3828 ἐπήρετο,
3699 3758 3770 3809 ἐν

2153 3857 2364 3918 τούτοις
2393 3853 2704 3926 ἀπετμήθη,
2749 3852 2844 3906 καὶ
2876 3850 3169 3904 σκυλεῦσαι
3202 3849 3391 3912 θέλων,
3419 3846 3766 3920 ἐσκυλεύθη.

2154 3949 2354 4004 Τοῦτον
2386 3948 2478 4002 τὸν
2521 3947 2722 4018 τρόπον
2767 3943 3003 3998 πέπονθε
3041 3943 3136 3997 καὶ
3172 3945 3200 3996 6
3233 3940 3415 4004 ἄθλιος
3451 3940 3718 4006 διάϐολος
3742 3959 3761 3972 ·

2156 4039 2410 4112 πειράσαι
2430 4037 2537 4109 γὰρ
2565 4037 2754 4098 θέλων,
2772 4034 3092 4107 ἐπειράσθη,
3121 4033 3214 4086 καὶ
3236 4031 3401 4085 κινῶν
3425 4032 3552 4094 τοῦς
3587 4049 3779 4104 στρα-

2153 4131 2374 4195 τιώτας,
2406 4129 2605 4202 μᾶλλον
2627 4128 2682 4182 δὲ
2711 4127 2872 4192 αὐτὸς
2911 4130 2968 4181 ἐν
3007 4129 3120 4190 τοῖς
3157 4125 3370 4198 δημίοις
3396 4124 3768 4195 κινούμενος,

2154 4222 2276 4276 καθ’
2298 4221 2490 4275 ἑαυτοῦ
2508 4219 2685 4274 πάντα
2701 4220 2791 4290 ἐνή
2801 4236 2942 4290 ργει.
2964 4219 3028 4271 Ἀ
3038 4235 3123 4292 ρτι
3146 4217 3257 4289 γὰρ
3290 4214 3632 4280 ἐσκυλεύετο,
3662 4219 3782 4270 καὶ

2155 4315 2367 4385 ἀφανὴς
2380 4309 2447 4385 ἦν
2463 4315 2579 4376 τοῖς
2591 4312 2701 4382 (95)
2717 4311 3023 4383 ἀνθρώποις
3041 4312 3074 4382 ή
3101 4309 3226 4381 νίκη
3249 4327 3262 4340 ο
3283 4309 3397 4364 ἀλλ’
3412 4310 3489 4373 είς
3507 4309 3781 4381 φανερὸν

2156 4408 2326 4479 αὐτὴν
2355 4408 2575 4478 ήνεγκε,
2605 4405 2698 4458 καὶ
2723 4404 2870 4458 ἄκων
2894 4406 2922 4457 6
2946 4403 3128 4467 ἄθλιος
3148 4419 3162 4434 ο
3192 4402 3268 4467 ὡς
3291 4403 3400 4476 γὰρ
3428 4399 3784 4455 ἀπεδύσατο

2156 4504 2184 4555 6
2217 4499 2442 4571 Κύριος,
2471 4499 2562 4552 κα).
2593 4497 2782 4567 γέγονε
2812 4496 2872 4548 τὸ
2900 4495 3188 4566 γενόμενον
3214 4496 3460 4567 ἀοράτως
3481 4492 3628 4546 κατὰ
3654 4493 3782 4548 τοῦ

2157 4591 2403 4645 διαϐόλου
2438 4590 2717 4662 τρόπαιον,
2759 4588 2847 4641 ἵνα
2897 4587 2991 4642 κα)⁴
3033 4585 3192 4639 τοῦτο
3229 4584 3460 4657 φανερὸν
3494 4583 3783 4653 γένηται,

470 4678 583 4731 lum
613 4676 960 4732 invisibiliter
981 4652 1318 4747 erigeretur;
1353 4682 1414 4729 ut
1445 4652 1625 4744 palam
1654 4672 1708 4727 id
1735 4672 1907 4736 ﬁeret,
1941 4679 2052 4727 sta-

2166 4685 2363 4749 εὐθέως
2399 4652 2508 4755 (9ιί)
2558 4683 2655 4754 μὲν
2702 4652 2959 4736 ἐνέδυσαν
2999 4679 3193 4743 αὐτὸν,
3238 4652 3314 4742 ῶς
3357 4652 3455 4748 μὲν
3486 4676 3785 4749 Ἰωάννης

471 4767 568 4820 tim
619 4767 919 4821 induerunt
953 4766 1131 4831 illum,
1173 4774 1235 4819 ut
1273 4763 1514 4820 Joannes
1545 4763 1642 4827 ait,
1686 4776 1964 4832 purpura;
1996 4767 2056 4814 ut

469 4857 757 4915 Matthqu
773 4867 828 4914 et
857 4858 1094 4923 Marcus,
1119 4857 1407 4928 chlamyde
1437 4855 1715 4920 coccinea,
1750 4853 1914 4922 capiti
1933 4851 2055 4922 ejus

469 4966 729 5006 coronam
756 4967 823 5006 ex
852 4951 1028 5021 spinis
1067 4933 1470 5020 imposuerunt,
1509 4947 1834 5002 arundinem
1857 4947 1912 5002 in
1939 4961 2057 5000 ma-

468 5057 600 5096 num
643 5043 1014 5107 tradiderunt,
1061 5049 1116 5098 et
1166 5056 1291 5097 cum
1339 5041 1413 5095 ita
1456 5038 1845 5111 producerent,
1877 5053 2056 5110 genua

468 5131 762 5188 ﬂectebant
793 5141 922 5188 ante
959 5132 1136 5187 illum.

539 5250 628 5304 16.
699 5249 1024 5305 Miraculum
1089 5263 1290 5304 novum
1323 5257 1379 5304 et
1453 5247 1776 5304 incredibile
1815 5261 2056 5318 magnae-

540 5407 586 5439 "
627 5406 822 5463 Matth.
844 5422 992 5476 xxvr,
1013 5406 1106 5462 «Η.

543 5588 657 5670 (99)
690 5589 770 5661 Τῇ
801 5591 995 5645 ἑαυτοῦ
1022 5590 1251 5662 δυνάμει
1279 5589 1550 5660 ἐνίσχυσε,
1577 5586 1725 5644 Felc.
1759 5588 1794 5642 5
1836 5583 2059 5642 omissis

708 5727 910 5798 Regius
939 5739 993 5784 et
1030 5730 1176 5786 Felc.
1210 5731 1265 5792 '5,
1311 5731 1438 5800 παρ’
1473 5729 1612 5782 αὐτὰ
1655 5729 1750 5782 τοῦ
1801 5727 2052 5781 θανάτου.

473 5798 594 5872 Mox
616 5801 844 5872 codices
873 5801 1113 5872 alii,_6t6r;
1125 5804 1294 5872 μονεῖ,
1325 5798 1444 5872 alii,
1462 5801 1770 5872 ἀδημονεῖν.

549 5869 657 5938 (91)
693 5867 750 5922 ln
781 5885 914 5924 voce
946 5867 1321 5940 σάρξζθείίςὶι
1360 5869 1506 5924 Felc.
1537 5867 1592 5924 5.

2159 4777 2327 4846 λέγει,
2359 4775 2666 4848 πορφύραν,
2695 4775 2770 4839 ὼς
2797 4773 2855 4826 δὲ
2881 4771 3158 4835 Ματθαῖος
3200 4769 3294 4824 καὶ
3331 4771 3579 4839 Μάρκος,
3620 4768 3791 4840 χλα-

2164 4869 2305 4942 μύδα
2347 4869 2628 4937 κοκκίνην,
2664 4868 2758 4920 καὶ
2807 4867 3070 4935 στέφανον
3109 4863 3170 4927 ἐξ
3216 4860 3465 4915 ἀκανθῶν
3505 4859 3603 4912 ἐπὶ
3654 4862 3785 4932 τὴν

2161 4959 2403 5030 κεφαλὴν
2428 4957 2616 5022 αὐτοῦ,
2657 4958 2752 5011 καὶ
2793 4955 3036 5026 κάλαμον
3061 4953 3155 5006 ἐπὶ
3195 4955 3353 5023 χεῖρα
3385 4949 3625 5003 ἐδίδουνο
3661 4954 3788 5008 καὶ

2161 5050 2305 5105 οὕτω
2329 5049 2694 5122 προσάγοντες
2728 5047 2862 5120 (95),
2889 5043 3249 5114 ὲγονυπέτουν
3279 5040 3448 5113 αὐτῷ.

2235 5244 2323 5299 16.
2364 5243 2562 5316 Θαῦμα
2593 5243 2780 5298 καινὸν
2811 5244 2908 5298 καὶ
2951 5241 3273 5316 παράδοξον,
3309 5243 3400 5297 καὶ
3432 5241 3591 5314 νίκης
3617 5242 3798 5318 ἀλη-

2237 5581 2350 5652 (92)
2378 5579 2592 5652 ᾼηαιίο.
2623 5589 2677 5638 et
2721 5580 2888 5652 Basil.
2923 5577 3174 5652 secunda
3204 5591 3392 5652 manu,
3419 5573 3791 5646 θελήσωσιν,

2236 5645 2350 5720 (95)
2382 5645 2703 5722 Ιιαῐῖεείιιε.
2727 5651 2869 5722 Editi
2897 5645 3134 5722 veroﬂjv
3160 5650 3217 5702 ὲν
3251 5650 3384 5711 τοῖς.

2236 5722 2350 5790 (94)
2378 5720 2734 5791 Anglicanus.
2770 5720 2987 5785 Εὐθέως
3016 5721 3142 5791 γᾴρ.

2236 5785 2350 5863 (95)
2380 5785 2611 5863 Regius,
2653 5785 3178 5862 προάγοντες.’Μοι
3213 5788 3356 5847 idem
3404 5800 3531 5843 cum
3580 5785 3794 5863 Angl.

2163 5861 2316 5936 ὲγονυ
2326 5861 2516 5919 πέτουν
2547 5861 2721 5920 αὐτόν.
