3890 6200
173 374 277 429 215

1215 361 1304 415 DE
1341 355 1680 415 PASSIO‘NE
1716 353 1804 410 ET
1844 351 2076 410 CRUCE
2116 352 2376 408 DOMINI.

3331 346 3451 403 214.

172 493 282 558 θῶς
325 489 574 563 μεγάλης
610 485 934 558 γνὼρισμαῑ
967 483 1024 537 ὃν
1055 483 1164 553 γὰρ
1195 482 1270 544 ὡς
1307 481 1589 550 ἄνθρωπον
1618 474 1765 544 ἔκρι-

1871 487 1974 541 que
2037 473 2280 526 victoria:
2358 471 2517 540 plane
2571 470 3001 538 argumentum!
3060 481 3219 536 quem
3291 466 3435 519 enim

169 604 293 651 ναν,
321 584 516 638 τοῦτον
541 580 957 650 ἀποθνήσκοντα
988 576 1174 629 λοιπὸν
1215 574 1289 637 ὡς
1328 573 1460 626 Θεὸν
1490 567 1760 640 προσεκύ-

168 696 298 734 νουν
319 694 335 708 ·
364 675 460 730 καὶ
479 673 540 727 ὃν
567 672 880 738 ὲξουθένουν
903 671 979 732 ὡς
1006 667 1220 736 εὐτελῆ,
1254 663 1442 718 τοῦτον
1469 660 1762 732 ὁμολόγουν

171 768 404 839 βασιλέα
426 783 441 796 ο
478 765 574 818 καὶ
607 765 702 832 ἀφ’
725 757 786 816 οὗ
819 760 890 812 τά
922 759 1150 830 τυχόντα
1185 757 1372 827 ἱμάτια
1402 749 1563 823 ἦραν,
1590 750 1762 821 τούτῳ

168 860 469 932 πορφύραν
501 855 876 928 περιετίθουν·
912 852 1006 905 καὶ
1045 851 1106 905 ὃν
1148 850 1248 903 οὐκ
1289 847 1488 910 εἰδότες
1517 843 1758 916 ὕϐριζον,

167 952 366 1004 τοῦτον
398 953 688 1023 προφήτην
728 952 822 1003 καὶ
853 948 1074 1007 ἄκοντες
1107 941 1543 1015 προσηγόρευον⁹
1583 937 1677 991 καὶ
1703 935 1791 988 ὃν·

169 1045 401 1108 ἔπαιζον
436 1043 754 1105 τύπτοντες,
794 1039 968 1110 τούτῳ
1010 1037 1081 1090 τὰ
1123 1037 1412 1107 νικητήρια
1458 1031 1759 1095 ἀπεδίδουν,

169 1137 274 1206 τὴν
296 1135 562 1206 κοκκίνην
583 1131 854 1204 χλαμύδα,
879 1131 972 1184 καὶ
1003 1129 1092 1183 τὸν
1115 1129 1173 1195 ἐξ
1201 1125 1452 1181 ἀκανθῶν
1480 1125 1760 1194 στέφανον,

169 1230 270 1282 καὶ
305 1229 401 1280 τὸν
431 1227 700 1297 κάλαμον.
741 1225 805 1277 Εἰ
831 1223 940 1294 γὰρ
969 1223 1063 1276 καὶ
1089 1221 1164 1284 ὡς
1194 1219 1505 1291 ὑϐρίζοντες
1546 1216 1761 1270 ἐποίουν

166 1321 372 1383 ταῦτα,
398 1320 514 1374 ἀλλ’
537 1320 786 1390 ἠγνόουν,
811 1319 893 1370 ὅτι
921 1317 1015 1370 καὶ
1042 1313 1265 1376 ἄκοντες
1295 1309 1647 1364 ὲσκυλεύοντο
1670 1308 1761 1361 ὑπ’

168 1410 340 1465 αὐτοῦ
371 1410 509 1482 (96).
553 1408 772 1478 Ἐπειδὴ
809 1407 917 1478 γὰρ
945 1407 1011 1476 τῇ
1049 1402 1293 1474 ἁμαρτίᾳ
1335 1399 1764 1469 πεφονοκτόνητο

168 1503 202 1572 ἡ
230 1503 307 1572 γῆ
339 1502 450 1554 ὑπὸ
478 1499 573 1554 τοῦ
621 1498 888 1562 διαϐόλου,
939 1495 1032 1549 καὶ
1064 1494 1244 1546 πλεῖον
1281 1492 1486 1546 ὑδάτων
1538 1492 1762 1562 αἴμασιν

167 1590 238 1665 ἦν
285 1594 633 1665 βεϐαμμένη,
678 1590 739 1656 ἐξ
780 1590 954 1661 ἀρχῆς
993 1588 1092 1659 μὲν
1131 1588 1341 1658 χάνασα
1372 1587 1464 1640 καὶ
1493 1585 1761 1656 δεξαμένη

165 1686 268 1739 τοῦ
290 1687 508 1740 δικαίου
537 1685 702 1738 Ἀϐελ
726 1685 787 1736 τὸ
816 1678 972 1754 αἷμα,
1005 1681 1229 1751 ὕστερον
1267 1680 1322 1733 δὲ
1342 1679 1526 1732 λοιπὸν
1557 1679 1765 1748 αἵματα

167 1779 259 1847 ἐφ’
298 1778 502 1847 αἵμασι
555 1775 856 1847 μισγόντων
901 1772 1008 1826 τῶν
1054 1771 1375 1843 ἀνθρώπων,
1407 1769 1548 1824 κατά
1579 1768 1638 1821 τὸ
1668 1784 1763 1836 γε-

1869 569 1927 616 ut
2016 563 2292 618 hominem
2380 560 2879 615 condemnaverant
2918 597 2934 623 ,
3007 559 3155 613 hunc
3242 555 3439 611 exinde

1866 657 2190 711 morientem
2283 663 2344 710 ut
2431 655 2599 710 Deum
2690 653 2992 709 adorabant
3063 671 3074 705 :
3138 658 3191 704 ct
3277 665 3436 719 quem

1866 748 2322 818 aspernabantur,
2388 749 2546 818 quasi
2628 746 2836 802 nullius
2905 743 3063 814 pretii
3140 742 3452 802 hominem,

1863 837 2010 892 hunc
2086 836 2289 908 Regem
2355 837 2805 903 confitebantur;
2869 849 2899 888 a
2942 849 3051 904 quo
3116 834 3244 886 vilia
3315 831 3438 884 abs-

1863 931 2104 984 tulerant
2150 930 2252 999 71
2313 929 2659 995 vestimenta,
2689 943 2814 982 eum
2863 939 3100 995 purpura
3131 923 3442 978 circumda-

1863 1021 1995 1075 bant
2023 1036 2037 1084 ;
2065 1037 2224 1090 quem
2257 1020 2427 1090 ignari
2455 1017 2806 1073 contumeliis
2824 1015 3146 1079 aﬂiciebant,
3165 1029 3287 1068 eum
3307 1028 3438 1084 pro-

1864 1112 2082 1182 phetam
2131 1111 2260 1165 licet
2298 1110 2453 1164 inviti
2513 1108 2858 1178 appellabant
2893 1127 2904 1160 :
2937 1121 3097 1176 quem
3145 1119 3269 1159 cum
3304 1103 3439 1158 ludi-

1869 1205 1991 1258 brio
2019 1202 2321 1266 caedebant,
2343 1202 2393 1256 ei
2426 1201 2668 1255 victoriae
2705 1199 2907 1255 indicia
2951 1199 3257 1261 tradebant,
3289 1196 3440 1251 chla-

1865 1297 2082 1367 mydem
2119 1297 2456 1359 coccineam,
2487 1309 2744 1350 coronam
2799 1294 2865 1349 de
2895 1293 3092 1363 spinis,
3120 1300 3173 1347 et
3214 1292 3441 1346 arundi-

1864 1403 2011 1443 nem.
2041 1385 2178 1441 Nam
2222 1387 2350 1442 licet
2390 1401 2451 1440 ea
2499 1401 2596 1455 per
2653 1385 3036 1439 contumeliam
3084 1391 3348 1452 agerent:
3387 1389 3442 1434 at

1864 1480 2194 1552 ignorabant
2227 1495 2286 1535 se
2313 1479 2474 1535 etiam
2512 1478 2715 1532 invitos
2745 1477 2814 1530 ab
2859 1477 2981 1546 ipso
3017 1476 3262 1546 spoliari.
3303 1473 3440 1529 Cum

1864 1573 2010 1627 enim
2065 1579 2292 1642 peccato
2331 1580 2478 1626 terra
2519 1585 2550 1624 a
2604 1569 2827 1624 diabolo
2879 1576 3191 1630 cruentata,
3217 1574 3272 1622 ct
3311 1582 3440 1621 san-

1865 1664 2030 1733 guine
2063 1663 2356 1732 plusquam
2388 1661 2549 1730 aquis
2577 1658 2791 1713 imbuta
2849 1663 3017 1724 esset,
3050 1656 3195 1728 quod
3227 1656 3296 1710 ab
3339 1655 3444 1708 ini-

1865 1756 1944 1811 tio
2003 1756 2326 1826 sanguinem
2387 1753 2575 1808 Abelis
2630 1753 2783 1807 hiatu
2841 1767 2945 1807 suo
3002 1749 3325 1820 recepisset,
3379 1762 3445 1801 ac

167 1833 499 1941 γραμμένον
517 1885 531 1898 ·
555 1833 589 1918 ,ι
644 1833 778 1938 ’λὶρά
809 1867 901 1920 καὶ
925 1865 1139 1936 ψεῦδος,
1158 1833 1264 1918 ’καὶ
1294 1863 1489 1935 κλοπὴ,
1527 1861 1620 1915 καὶ
1648 1833 1765 1931 μοι-

1871 1847 2128 1917 deinceps
2182 1845 2432 1900 homines
2489 1844 2811 1914 sanguinem
2869 1842 3125 1913 sanguini
3181 1840 3445 1896 adderent

167 1962 298 2032 χεία
344 1960 574 2031 κέχυται
615 1959 710 2012 ἐπὶ
754 1959 854 2030 τῆς
897 1960 1024 2029 γῆς,
1059 1957 1152 2012 καὶ
1191 1957 1398 2027 αἵματα
1444 1956 1528 2023 ἐφ’
1574 1953 1768 2023 αἵμασι

173 2051 463 2121 μίσγουσι.
504 2069 524 2101 ι
552 2050 664 2103 Καὶ
689 2043 757 2119 ἦν
787 2047 875 2102 διὰ
911 2047 1070 2101 τοῦτο
1095 2048 1187 2102 καὶ
1217 2044 1572 2116 κατηραμένη
1607 2045 1640 2114 ἡ
1669 2042 1765 2112 γῆ,

167 2143 429 2208 λέγοντος
469 2140 564 2194 τοῦ
605 2138 776 2194 Θεοῦ·
816 2160 836 2192 ‹
875 2140 987 2194 Καὶ
1024 2139 1118 2193 νῦν
1167 2138 1568 2210 ὲπικατάρατος
1600 2137 1631 2206 ἡ
1671 2135 1765 2205 γῆ.

168 2234 204 2303 ἢ
240 2233 405 2302 ἔχανε
441 2232 507 2285 τὸ
543 2232 719 2303 στόμα
756 2232 926 2302 αὐτῆς
950 2228 1205 2296 δέξασθαι
1233 2229 1295 2282 τὸ
1315 2223 1453 2299 αἷμα
1479 2226 1644 2281 ’Ἅϐελ
1673 2225 1767 2279 τοῦ

171 2325 411 2393 ἀδελφοῦ
446 2341 562 2378 σου.
598 2342 618 2376 ι
655 2321 764 2378 Ἦν
802 2325 860 2378 δὲ
899 2323 1281 2394 καὶπρότερον
1320 2321 1410 2375 διὰ
1449 2321 1548 2393 τὴν
1586 2321 1768 2390 παρά-

173 2417 337 2470 ϐασιν
371 2416 468 2470 τοῦ
522 2416 694 2488 Ἀδάμ
736 2417 1186 2488 καταρασάμενος
1231 2415 1400 2485 αὐτὴν
1441 2415 1470 2467 6
1493 2413 1768 2484 Δεσπότης

171 2509 351 2577 λέγων
370 2527 384 2540 ο
423 2528 442 2560 ι
492 2509 921 2581 Ἐπικατάρατος
943 2509 976 2577 ἡ
998 2508 1067 2578 γῆ
1096 2509 1153 2561 ἐν
1177 2509 1289 2569 τοῖς
1310 2506 1492 2577 ἔργοις
1520 2522 1632 2558 σου.
1680 2505 1769 2558 Ἐν

174 2600 382 2664 λύπαις
411 2603 560 2671 φαγῇ
598 2599 768 2670 αὐτὴν
799 2600 856 2652 ὲν
889 2600 1092 2662 πάσαις
1118 2601 1238 2662 ταῖς
1267 2599 1498 2669 ἡμέραις
1525 2596 1636 2667 (97)
1670 2595 1768 2665 τῆς

177 2692 326 2762 ζωῆς
360 2709 479 2745 σου.
517 2711 536 2743 ι
574 2693 684 2745 Καὶ
708 2692 844 2755 ὅλως
871 2687 939 2762 ἦν
966 2691 1217 2761 αἱμάτων
1245 2691 1421 2745 πάντα
1457 2687 1652 2760 μεστὰ,
1675 2687 1770 2740 καὶ

175 2783 742 2862 ἄκανθαι.πανταχοῦ
795 2783 1020 2852 ἐφύοντο
1064 2781 1154 2836 διά
1203 2781 1300 2853 τὴν
1344 2781 1610 2852 κατάραν.
1660 2778 1771 2832 Καὶ

173 2876 384 2928 τούτων
424 2874 564 2945 ἔχων
596 2875 656 2926 τὸ
685 2875 1067 2946 χειρόγραφον,
1105 2873 1340 2944 ἐπῄρετο
1381 2870 1522 2926 κατά
1551 2870 1769 2924 πάντων

175 2971 203 3019 ὁ
244 2966 480 3037 ἐχθρὸς,
519 2968 614 3020 καὶ
649 2968 1000 3039 ὲτυράννευεν
1049 2965 1125 3030 ὼς
1171 2965 1512 3036 ὑποχειρίους
1560 2963 1770 3026 πάντας

177 3059 338 3128 ἔχων.
371 3057 578 3111 Τούτου
613 3059 800 3112 ἕνεκεν
840 3057 1140 3121 σκυλεύσας
1179 3056 1342 3112 αὑτὸν
1372 3056 1629 3112 ἁπάντων
1652 3055 1766 3128 (98)

175 3155 202 3204 6
234 3150 466 3222 Κύριος,
503 3150 688 3203 λοιπὸν
713 3151 1058 3220 ἀπαγόμενος
1086 3152 1166 3213 εἰς
1192 3150 1283 3204 τὸν
1310 3149 1538 3203 θάνατον
1557 3189 1570 3214 ,
1615 3166 1770 3220 περι-
1797 3167 1838 3227 C

177 3242 360 3295 ἑκειτο
397 3239 602 3292 ταῦτα’
639 3240 726 3293 ἵνα
765 3239 917 3312 δείξῃ
946 3239 1040 3293 τοῦ
1067 3239 1298 3293 θανάτου
1326 3239 1388 3292 τὸ
1415 3236 1767 3310 κατόρθωμα,

176 3335 257 3388 ὅτι
280 3334 382 3405 οὐχ
411 3332 620 3400 ἁπλῶς,
648 3332 763 3387 ἀλλ’
786 3332 926 3406 ὑπὲρ
952 3333 1049 3405 τῆς
1080 3333 1352 3405 σωτηρίας
1374 3333 1530 3404 ἡμῶν
1555 3331 1768 3401 γέγονε.

179 3429 290 3481 Καὶ
315 3427 385 3480 τὰ
413 3427 514 3497 μὲν
546 3426 754 3496 αἵματα
778 3427 836 3481 ὲν
872 3427 939 3496 τῇ
971 3425 1199 3496 κοκκίνῃ
1240 3423 1472 3496 χλαμύδι
1509 3420 1643 3494 εἶχε,
1674 3422 1772 3486 τὰς

176 3519 232 3572 δὲ
263 3519 514 3582 ἀκάνθας
544 3521 602 3572 ἐν
626 3518 704 3590 τῷ
738 3520 1004 3590 στεφάνῳ,
1029 3520 1090 3574 τὸ
1122 3520 1178 3573 δὲ
1212 3519 1572 3591 χειρόγραφον
1603 3519 1661 3571 ὲν
1692 3515 1772 3586 τῷ

178 3611 439 3681 καλάμῳ,
476 3613 536 3664 ὲν
568 3607 614 3680 ᾧ
645 3611 739 3664 καὶ
765 3612 929 3665 πάλαι
960 3611 1301 3682 κατέγραφεν
1341 3610 1496 3681 ἡμῶν
1525 3611 1553 3662 6
1592 3608 1771 3663 διάϐο-

180 3705 270 3767 λος
292 3721 305 3733 ο
339 3705 432 3758 ἵνα
459 3705 557 3757 σὺν
582 3703 662 3774 τῷ
683 3703 896 3772 θανάτῳ
925 3705 1018 3758 καὶ
1043 3704 1219 3758 ταῦτα
1241 3703 1426 3756 λοιπὸν
1447 3701 1764 3774 ὲξαφανίσῃ,

181 3800 278 3850 καὶ
309 3797 413 3869 τὴν
456 3797 635 3850 κτίσιν
667 3796 778 3849 ἀπὸ
808 3795 1011 3850 τούτων
1061 3795 1312 3868 καθάρῃο
1362 3795 1458 3848 καὶ
1502 3795 1621 3848 ἀντὶ
1670 3794 1770 3865 μὲν

180 3889 290 3942 τῶν
320 3888 578 3943 ἀκανθῶν
605 3887 666 3941 τὸ
696 3887 851 3954 ξύλον
882 3888 982 3958 τῆς
1016 3886 1163 3958 ζωῆς
1201 3888 1493 3960 χαρίσηται
1514 3903 1527 3915 ·
1563 3886 1683 3940 ἀντὶ
1713 3885 1770 3938 δὲ

179 3982 288 4034 τῶν
319 3982 426 4053 τῆς
465 3981 741 4052 ἁμαρτίας
774 3980 1020 4050 αἱμάτων
1044 3978 1120 4050 τῷ
1157 3979 1269 4050 ἰδίῳ
1314 3981 1504 4050 αἵματι
1543 3977 1642 4050 τὴν
1667 3977 1773 4048 γῆν

179 4074 274 4126 καὶ
301 4073 435 4137 τοὺς
455 4073 664 4136 πάντας
685 4071 958 4144 καθαρίσῃ
976 4087 989 4100 ⁸
1018 4072 1110 4126 καὶ
1130 4072 1249 4125 ἀντὶ
1277 4072 1375 4144 τῆς
1399 4071 1645 4143 κατάρας
1669 4087 1771 4141 μα-

181 4166 383 4236 καρία-ῃ
423 4164 609 4217 λοιπον
636 4163 763 4226 τοὺς
791 4164 849 4216 ὲν
874 4167 939 4236 τῇ
980 4166 1074 4234 γῇ,
1112 4163 1317 4232 λέγων’
1357 4181 1375 4214 ι
1410 4161 1686 4232 Μακάριοι
1719 4161 1769 4213 οί

183 4261 400 4329 πραεῖς,
449 4257 533 4309 ὅτι
587 4256 741 4310 αὐτοὶ
788 4255 1254 4326 κληρονομήσουσι
1291 4254 1390 4326 τὴν
1421 4255 1543 4324 γῆν.
1606 4272 1625 4305 ι
1672 4251 1772 4306 Διά

179 4348 336 4400 τοῦτο
376 4347 512 4417 γάρ,
552 4346 622 4400 τὰ
657 4347 813 4418 ἡμῶν
850 4347 1058 4417 αἵματα
1092 4345 1385 4416 βαστάσας,
1430 4345 1492 4398 τὸ
1525 4345 1656 4399 ἴδιον
1690 4346 1770 4409 είς
1813 4363 1826 4376 ε

184 4439 355 4508 αὐτὴν
404 4437 758 4504 ὲξεκὲνωσεν,
789 4439 881 4508 ἀφ’
919 4432 980 4493 οὗ
1024 4439 1117 4494 καὶ
1148 4439 1268 4491 ἀντὶ
1298 4437 1548 4491 ἀκανθῶν
1587 4435 1770 4505 ἀγαθὰ

1870 1939 2372 2007 admiscerentque,
2398 1942 2458 1989 ut
2486 1935 2753 2004 scriptum
2777 1942 2861 1990 est
2899 1953 2910 1988 :
2955 1953 2973 1986 ι
3008 1932 3356 1988 Maledictum
3389 1937 3448 1986 et

1869 2030 2217 2087 mendacium
2257 2037 2311 2085 et
2354 2027 2587 2092 furtum,
2626 2035 2681 2083 et
2717 2028 3047 2082 adulterium
3101 2025 3270 2082 effusa
3317 2031 3446 2079 sunt

1871 2137 2036 2191 super
2055 2128 2284 2184 terram,
2311 2128 2363 2174 et
2385 2119 2707 2190 sanguinem
2739 2118 2990 2188 sanguini
3015 2117 3319 2171 admiscent
3340 2117 3439 2168 εδδ

1869 2211 2109 2282 Eratque
2151 2225 2214 2267 ea
2245 2211 2311 2265 de
2335 2225 2502 2264 causa
2538 2209 2824 2264 maledicta
2855 2217 3022 2273 terra,
3047 2207 3266 2263 dicente
3295 2206 3405 2262 Deo
3430 2221 3450 2261 ι

1879 2323 1897 2354 ι
1938 2303 2004 2358 Ει
2034 2318 2204 2369 nunc,
2235 2302 2526 2356 maledicta
2552 2307 2721 2364 terra,
2752 2316 2873 2370 quae
2903 2299 3116 2370 aperuit
3169 2313 3231 2354 os
3261 2313 3444 2360 suum.

1871 2404 1930 2451 ut
1973 2397 2246 2466 exciperet
2278 2394 2596 2465 sanguinem
2626 2393 2810 2448 Abelis
2863 2391 3048 2447 fratris
3082 2391 3240 2444 tui“.
3287 2409 3306 2442 ι
3346 2389 3448 2444 Cui

1865 2493 1976 2561 jam
2034 2498 2194 2544 antea
2256 2488 2524 2542 Dominus
2585 2486 2655 2540 ob
2715 2480 3448 2555 praevaricationemAdami

1870 2583 2247 2647 maledixerat,
2293 2579 2380 2635 his
2415 2575 2595 2634 verbis
2624 2596 2636 2632 :
2677 2595 2695 2628 ‹
2739 2574 3028 2630 Maledicta
3062 2583 3207 2628 terra
3241 2572 3295 2625 in
3319 2586 3450 2641 Ope-

1868 2675 2025 2730 ribus
2071 2674 2179 2729 tuis
2214 2693 2226 2727 :
2260 2675 2318 2727 in
2379 2669 2644 2726 arumnis
2693 2667 2947 2724 comedes
2997 2666 3144 2719 illam
3192 2663 3450 2718 omnibus

1871 2766 2064 2822 diebus
2089 2766 2213 2820 vitae
2232 2773 2337 2820 tuae
2354 2764 2422 2820 ⁸⁸.
2465 2783 2484 2816 ι
2514 2760 2868 2830 Prorsusque
2890 2768 3049 2814 erant
3096 2755 3281 2811 omnia
3321 2771 3452 2810 san-

1871 2855 2034 2928 guine
2069 2855 2253 2924 plena,
2285 2862 2340 2909 et
2361 2859 2588 2923 propter
2617 2850 2970 2905 maledictum
3002 2847 3244 2916 undique
3279 2846 3451 2915 spinae

1871 2948 2279 3004 exoriebantur.
2315 2945 2382 3000 Et
2423 2946 2530 3000 hoc
2571 2943 2999 3014 chirographum
3034 2947 3231 2995 nactus
3265 2939 3452 2993 inimi-

1871 3055 1970 3096 cus
1999 3047 2210 3106 noster,
2257 3039 2314 3092 in
2348 3053 2542 3094 omnes
2572 3035 2916 3106 insurgebat,
2948 3034 3003 3088 in
3050 3045 3350 3101 omnesque
3389 3037 3450 3084 ut

1873 3133 1980 3189 sihi
2015 3132 2264 3189 subditos
2295 3128 2641 3204 tyrannidem
2673 3127 2981 3184 exercebat.
3017 3123 3141 3180 Ideo
3185 3122 3452 3178 Dominus

1872 3242 1997 3283 cum
2020 3241 2144 3281 eum
2174 3225 2431 3280 omnibus
2479 3223 2795 3293 spoliasset,
2830 3219 3048 3274 demum
3091 3217 3156 3271 ad
3217 3222 3448 3271 mortem

1873 3315 2167 3380 abductus,
2201 3314 2268 3370 iis
2297 3313 2647 3378 induebatur,
2675 3318 2737 3366 ut
2773 3310 2952 3381 palam
3002 3307 3227 3370 faceret,
3257 3305 3452 3360 mortis

1869 3405 2182 3471 victoriam,
2210 3419 2321 3460 non
2366 3411 2597 3467 temere,
2636 3403 2728 3458 sed
2755 3416 2858 3472 pro
2899 3401 3078 3457 salute
3100 3406 3292 3454 nostra
3326 3413 3453 3468 par-

1871 3507 1982 3554 tam
2020 3514 2166 3555 esse.
2204 3496 2580 3566 Gestabatque
2615 3496 2672 3549 in
2705 3493 2994 3565 chlamyde
3029 3491 3292 3548 coccinea
3324 3505 3453 3545 san-

1870 3591 2111 3662 guinem,
2136 3590 2326 3660 spinas
2372 3589 2428 3644 in
2482 3602 2710 3652 corona,
2749 3585 3177 3657 chirographum
3226 3598 3356 3639 vero
3395 3587 3451 3636 in

1873 3683 2159 3750 arundine,
2189 3683 2246 3736 in
2279 3695 2390 3752 quo
2424 3681 2538 3751 jam
2593 3680 2723 3734 olim
2781 3679 3080 3747 scripserat
3111 3683 3303 3732 contra
3347 3690 3451 3729 nos

1871 3775 2243 3842 diabolus;ut
2273 3788 2380 3827 una
2435 3787 2560 3826 cum
2604 3779 2801 3834 morte,
2849 3769 2966 3823 haec
3011 3769 3178 3824 etiam
3231 3766 3452 3821 demum

1873 3869 2142 3935 aboleret;
2204 3875 2599 3934 creaturasque
2670 3863 2740 3920 iis
2794 3869 3194 3934 perpurgaret:
3241 3868 3296 3916 et
3350 3873 3452 3930 pro

1872 3962 2045 4033 Spinis
2072 3961 2292 4032 quidem
2325 3960 2532 4031 lignum
2565 3958 2691 4012 vita:
2724 3955 3016 4026 largiretur
3047 3973 3060 4009 :
3097 3969 3198 4024 pro
3240 3953 3453 4022 peccati

1872 4053 2159 4132 sanguine,
2203 4051 2426 4123 proprio
2490 4048 2759 4119 sanguine
2800 4056 3004 4102 terram
3058 4053 3114 4100 et
3163 4045 3453 4099 universos

1871 4146 2196 4202 emundaret
2231 4165 2244 4198 :
2277 4159 2377 4214 pro
2417 4141 2736 4207 maledicto,
2776 4153 2971 4193 omnes
3025 4137 3244 4192 demum
3289 4144 3455 4191 terrae

1870 4236 2079 4291 incolas
2110 4235 2300 4291 beatos
2357 4232 2588 4296 diceret,
2634 4230 2722 4285 his
2762 4228 2947 4283 verbis
2981 4242 2996 4278 :
3032 4245 3051 4278 ι
3080 4225 3235 4281 Beati
3265 4227 3450 4291 mites,

1871 4327 2250 4400 quoniamipsi
2279 4323 2639 4396 possidebunt
2673 4329 2873 4377 terram
2890 4319 2956 4374 ⁸³³.
2988 4337 3008 4372 ›
3046 4317 3258 4372 Idcirco
3303 4315 3450 4371 enim

1869 4431 2122 4478 nostrum
2182 4419 2362 4475 ferens
2420 4415 2768 4487 sanguinem,
2795 4411 3082 4484 proprium
3125 4408 3452 4481 sanguinem

180 4530 276 4582 καὶ
305 4499 423 4599 ζωὴ
445 4499 698 4597 πέφυκεν
727 4499 807 4592 εἰς
841 4499 1012 4600 αὐτήν
1041 4527 1153 4598 (99)
1174 4546 1187 4558 ο
1227 4529 1308 4591 είς
1349 4528 1416 4598 ἣν
1444 4499 1765 4582 ἀποϐλέπων

1873 4530 2040 4586 super
2077 4528 2197 4569 eam
2228 4509 2456 4578 eﬂ‘udit;
2490 4525 2555 4566 ex
2580 4523 2692 4578 quo
2726 4506 2933 4561 factum
2985 4512 3072 4560 est
3103 4510 3162 4557 ut
3210 4516 3310 4571 pro
3338 4499 3452 4570 spi-

179 4624 208 4674 6
232 4624 393 4690 ἇγιος
427 4621 593 4674 Δαϐίδ
622 4639 790 4692 φησι·
833 4641 851 4674 ι
888 4620 1138 4676 Πιστεύω
1163 4621 1258 4674 τοῦ
1304 4620 1430 4675 ίδεῖν
1473 4619 1542 4674 τὰ
1588 4619 1769 4690 ἀγαθά

180 4713 392 4785 Κυρίου
423 4715 481 4766 ἐν
509 4715 580 4784 γῇ
610 4711 846 4778 ζώντων.
889 4732 909 4766 ι

248 4911 340 4964 17.
381 4911 498 4965 Καὶ
529 4910 704 4977 ἄλλως
724 4912 782 4967 δὲ
812 4912 902 4969 τὸν
930 4913 1192 4983 στέφανον
1227 4913 1334 4968 τῶν
1359 4913 1610 4969 ἀκανθῶν
1635 4913 1764 4984 ἐφό-

176 5022 285 5074 ρει,
332 5005 422 5056 ῖνα
466 5003 566 5066 τὰς
610 5005 878 5075 μερίμνας
925 5005 1082 5076 ἡμῶν
1133 5006 1431 5080 ἐξαφανίσῃ
1482 5006 1576 5060 τοῦ
1623 5005 1761 5077 βίου.

187 5095 489 5167 Ἐπέρριψε
516 5093 623 5166 γάρ
645 5097 672 5148 6
696 5095 876 5161 ἄθλιος
899 5100 993 5154 καὶ
1013 5099 1165 5154 ἄκων
1185 5098 1281 5162 τὰς
1313 5100 1582 5171 μερίμνας
1607 5097 1764 5170 ἡμῶν

175 5189 264 5241 ἐπ’
286 5185 454 5240 αὑτὸν
477 5185 579 5238 οὐκ
606 5187 784 5253 εἰδὼς,
810 5189 911 5256 ὅτι,
940 5189 1146 5255 ταύτας
1176 5189 1458 5261 βαστάζων
1481 5192 1508 5244 6
1537 5190 1761 5262 Κύριος,

1869 4607 1978 4672 uis,
2007 4606 2151 4660 bona
2206 4603 2376 4657 multa
2433 4607 2487 4656 et
2548 4602 2660 4653 vita
2709 4598 2766 4653 in
2829 4596 2923 4651 illa
2979 4594 3312 4665 germinaret
3345 4607 3360 4643 :
3394 4591 3451 4645 in

1869 4713 2034 4771 quam
2090 4696 2258 4752 David
2317 4693 2626 4764 respiciens
2656 4692 2732 4746 ait
2770 4709 2783 4744 :
2821 4709 2839 4742 ι
2878 4688 3059 4744 Credo
3093 4686 3280 4742 videre
3309 4685 3450 4739 bona

1873 4793 2084 4850 Domini
2111 4793 2168 4846 in
2200 4798 2351 4845 terra
2388 4787 2688 4844 viventium
2713 4785 2780 4837 °°.
2819 4802 2838 4835 ι

1945 4909 2035 4963 17.
2077 4907 2200 4960 Alia
2234 4919 2454 4977 quoque
2509 4902 2724 4957 ratione
2769 4911 3030 4953 coronam
3070 4895 3314 4966 spineam
3358 4906 3449 4962 ge~

1873 5001 2073 5064 stabat,
2111 5007 2168 5054 ut
2200 4995 2603 5053 sollicitudines
2631 4992 2688 5046 in
2738 4990 2841 5044 hac
2873 4988 2981 5043 vita
3012 4993 3232 5040 nostras
3263 4982 3452 5038 aufer--

1873 5101 1976 5148 ret.
2007 5092 2205 5163 Injecit
2238 5091 2383 5145 enim
2425 5085 2618 5141 infelix
2663 5082 2776 5146 ille,
2813 5081 2944 5135 licet
2970 5079 3198 5138 invitus,
3230 5083 3451 5130 nostras

1872 5190 1931 5244 in
1988 5188 2142 5243 illum
2201 5181 2624 5243 sollicitudines,
2674 5177 2958 5247 ignorans,
2994 5169 3286 5225 Dominum
3328 5166 3450 5221 illas

247 5384 297 5417 "
334 5385 464 5442 Ose.
499 5403 576 5454 ιν,
605 5387 664 5445 2.
737 5388 785 5421 "
820 5387 1019 5447 Genes.
1055 5406 1131 5458 ιν,
1163 5390 1252 5450 ll.
1329 5391 1374 5424 ⁵⁸
1410 5390 1608 5449 Genes.
1648 5409 1750 5460 ιιι,

1871 5390 1981 5446 49.
2055 5390 2102 5422 ⁸⁹
2144 5385 2336 5444 Matth.
2373 5401 2429 5450 ν,
2461 5383 2516 5438 4.
2593 5377 2640 5414 ⁸⁸
2678 5377 2823 5436 Psal.
2859 5389 3026 5442 xxvt,
3063 5375 3154 5431 15.

210 5583 360 5708 0(96)
379 5583 611 5657 Regius,
631 5587 986 5645 ὲσκυλεύοντο
998 5589 1226 5655 τούτων,
1251 5597 1305 5648 et
1320 5591 1559 5648 secunda
1574 5607 1762 5660 manu,

181 5672 208 5706 τ
241 5673 370 5708 υτω.

190 5675 596 5809 ξρεξιιε
624 5726 1124 5809 οῑ-Αιιιειίοεάὐτῂν
1167 5732 1344 5799 πάσας
1383 5733 1481 5799 τὰς
1530 5734 1759 5808 ἡμέρας.

252 5798 361 5870 (98)
399 5797 618 5871 Regius,
651 5797 954 5855 αὑτὸν’ἀπὸ
978 5797 1200 5858 τούτων.

1934 5590 2046 5660 (99)
2096 5588 2173 5643 Ita
2215 5601 2406 5660 omnes
2432 5582 2894 5660 manuscriptiuet
2938 5574 3447 5660 edit;_pom_inelin.

1863 5647 2183 5715 Editfvero
2232 5657 2408 5711 Paris.
2459 5659 2538 5720 εἰς
2572 5647 2763 5724 αὐτὴν.
2795 5651 2942 5715 Mox,
2971 5647 3156 5711 Δαϐίδ,
3215 5647 3371 5724 abest
3417 5659 3448 5697 a

1863 5730 2036 5801 Regio
2087 5739 2140 5784 et
2195 5716 2531 5801 Anglicano.‘
2577 5716 2709 5801 qu'
2762 5724 2816 5777 in
2854 5730 3173 5801 “postremo:
3215 5716 3444 5801 κυρίου,

1865 5790 2048 5860 deest:
2081 5811 2133 5857 et
2157 5790 2315 5870 paulo
2336 5806 2455 5868 post
2480 5799 2535 5851 in
2568 5795 2780 5863 eodem,
2813 5792 2918 5847 τῶν
2964 5790 3237 5849 ἀκανθῶν,
3269 5792 3442 5842 deest.
