3872 6188
415 373 524 429 215

1558 363 1618 420 S.
1659 361 2121 420 ATHANASIUS.
2165 395 2232 404 —
2269 363 2495 418 DUBIA.

3552 363 3662 419 216

415 494 742 562 gestantem,
780 501 880 541 nos
914 485 969 539 in
999 485 1145 539 illius
1171 483 1490 554 perniciem,
1522 484 1984 540 sollicitudinibus

2096 485 2213 548 τοὺς
2240 486 2445 546 πάντας
2471 482 2806 553 ἀμερίμνους
2842 483 2960 535 κατ’
2989 481 3192 534 ἐκείνου
3220 480 3296 551 (I)
3322 484 3666 537 κατασκευά-

413 586 618 636 vacuos
644 579 1019 644 redditurum;
1052 579 1125 632 ita
1149 587 1208 632 ut
1238 577 1388 632 verbi
1422 585 1722 632 sementem
1753 593 1783 631 a
1807 579 1980 648 spinis

417 679 800 743 perpurgatam
856 671 1189 735 habeamus;
1219 668 1273 723 in
1313 668 1562 723 oratione
1591 684 1722 724 vero
1753 679 1990 724 mentem

416 765 566 817 curis
597 762 819 815 minime
848 761 1200 814 abstractam.
1234 756 1354 829 Ipse
1385 757 1530 813 enim
1569 773 1668 828 pro
1707 758 1866 814 nobis
1894 759 1991 813 do-

417 853 519 906 luit
555 852 936 918 sollicitusque
971 849 1092 910 fuit,
1119 857 1180 902 ut
1205 864 1305 903 nos
1336 848 1618 902 doloribus
1645 862 1986 903 vacaremus.

416 941 650 1013 Ideoque
683 958 898 996 rursum
934 941 1253 994 arundinem
1298 955 1363 993 ex
1420 939 1501 993 eis
1551 938 1763 1006 accepit
1796 937 1979 991 Domi-

418 1053 542 1100 nus,
583 1035 806 1105 ipseque
837 1033 1085 1087 diabolus
1115 1048 1233 1086 eam
1285 1031 1518 1085 Domino
1559 1030 1804 1093 tradidit,
1838 1030 1990 1098 igna-

419 1143 514 1181 rus
553 1142 676 1181 sese
715 1133 907 1180 contra
961 1141 1019 1180 se
1056 1123 1295 1195 gladium
1343 1138 1559 1178 acuere.
1593 1121 1804 1176 Dicitur
1841 1121 1988 1176 enim

417 1217 655 1284 arundo,
705 1217 1051 1286 serpentibus
1109 1214 1428 1270 occidendis
1497 1221 1654 1283 apta,
1709 1213 1990 1284 frangique

417 1306 542 1361 illos
575 1304 844 1359 arundine
873 1305 1056 1374 potius
1090 1318 1251 1372 quam
1289 1302 1659 1356 instrumento
1691 1301 1817 1355 alio.
1849 1301 1988 1355 Cum

417 1401 584 1471 igitur
615 1397 730 1466 ipse
752 1394 1016 1448 Dominus
1047 1391 1306 1454 Sabaoth,
1333 1399 1394 1446 ut
1447 1393 1522 1445 ait
1553 1391 1757 1455 Isaias,
1801 1406 1992 1461 perse-

417 1497 678 1560 queretur
706 1486 997 1555 fugientem
1023 1483 1338 1544 draconem,
1377 1489 1706 1550 serpentem,
1733 1495 1989 1551 magnum

417 1579 694 1634 diabolum
729 1595 743 1630 :
779 1576 900 1630 ideo
934 1572 1081 1644 quod
1133 1573 1210 1627 illi
1237 1573 1455 1627 exitiale
1485 1581 1603 1627 erat
1631 1572 1700 1625 ab
1729 1572 1810 1626 eis
1833 1585 1990 1626 acce-

418 1671 497 1742 pit
523 1668 820 1734 Dominus;
855 1673 912 1720 ut
943 1665 1180 1735 propriis
1213 1663 1319 1719 sibi
1365 1663 1530 1719 rebus
1561 1662 1842 1717 debilitate
1869 1661 1984 1716 dia-

418 1762 564 1825 bolo,
594 1760 760 1814 rebus
789 1759 1001 1814 Domini
1034 1757 1282 1812 homines
1317 1756 1571 1812 fortiores
1605 1755 1983 1811 redderentur.

418 1852 591 1918 Quale
625 1850 795 1904 David
829 1850 884 1902 in
920 1847 1136 1902 Goliath
1160 1847 1488 1917 designavit,
1516 1846 1609 1916 qui
1635 1855 1860 1916 accepto
1885 1846 1990 1899 ini-
2019 1831 2063 1886 Β

419 1943 546 1997 mic‘i
580 1943 780 2013 gladio,
817 1956 880 1997 eo
907 1942 1026 2010 ipso
1051 1947 1214 2010 caput
1267 1941 1470 1994 inimici
1521 1939 1848 2009 prmcidit“.
1902 1935 1988 1991 Id-

421 2036 602 2105 ipsum
641 2035 755 2104 jam
817 2033 1066 2087 Salvator
1109 2033 1382 2103 praestitit,
1440 2038 1663 2101 accepta
1727 2031 1796 2084 ab
1853 2029 1989 2099 ipsis

422 2124 715 2187 arundine,
744 2130 803 2176 ut
838 2139 945 2177 non
981 2124 1144 2177 modo
1193 2139 1294 2178 nos
1322 2138 1350 2176 a
1380 2123 1652 2193 serpentis
1683 2121 1895 2176 fallacia
1919 2120 1987 2174 li-

419 2217 668 2282 beraret;
699 2215 792 2269 sed
822 2213 984 2269 etiam
1013 2215 1190 2284 ipsum
1239 2223 1546 2284 serpentem
1598 2213 1866 2266 arundine
1895 2227 1990 2266 oc-

418 2306 644 2368 cideret,
682 2311 1068 2373 mortuumque
1125 2304 1428 2358 exhiberet.
1483 2302 1560 2356 Ita
1592 2305 1760 2374 igitur
1793 2303 1989 2358 illusus

420 2399 687 2455 scelestus
713 2398 824 2462 ille,
855 2397 1050 2452 videns
1083 2414 1141 2452 se
1173 2398 1241 2451 ab
1270 2399 1337 2451 iis
1365 2398 1636 2452 excidisse
1659 2396 1843 2461 rebus,
1867 2395 1988 2467 qui-

417 2489 522 2544 bus
553 2489 842 2544 adversum
875 2503 976 2542 nos
1003 2489 1108 2558 72
1140 2487 1503 2543 efferebatur:
1535 2488 1838 2557 vidensque
1872 2502 1930 2542 se
1958 2502 1990 2540 a

416 2588 563 2636 terra
600 2581 972 2644 exturbatum,
1011 2589 1323 2650 terramque
1357 2595 1386 2633 a
1421 2581 1686 2650 sanguine
1733 2587 1788 2634 et
1818 2579 1990 2649 spinis

419 2670 707 2726 emundari
741 2689 753 2723 :
789 2685 1018 2740 seseque
1049 2671 1238 2726 videns
1271 2670 1522 2725 amisisse
1567 2670 1988 2739 chirographum

418 2771 473 2817 et
509 2764 803 2825 calamum,
837 2760 890 2814 in
923 2775 1031 2830 quo
1058 2761 1347 2815 adversum
1377 2776 1478 2815 nos
1517 2763 1835 2830 scripserat,
1867 2780 1990 2818 rur-

420 2871 542 2910 sum
571 2868 678 2906 non
705 2853 953 2907 audenda
989 2852 1169 2916 audet,
1213 2867 1381 2922 seque
1424 2852 1604 2922 ipsum
1638 2856 1816 2924 magis
1845 2872 1908 2912 ea
1933 2872 1991 2912 re

420 2947 678 3016 percutit.
705 2946 842 2999 Cum
872 2945 1016 3000 enim
1055 2946 1352 3000 audivisset
1371 2943 1652 3014 improbus
1684 2947 1772 3002 ille
1806 2947 1991 3021 Domi-

420 3051 549 3089 num
579 3036 848 3088 dicentem
893 3049 907 3087 :
946 3053 964 3085 ι
997 3034 1234 3105 Spiritus
1267 3044 1552 3106 promptus
1593 3045 1700 3103 est,
1739 3053 1870 3094 caro
1895 3054 1989 3093 au-

418 3135 527 3181 tem
559 3125 773 3179 infirma
792 3127 890 3190 θ’,ι
922 3133 1075 3180 ratus
1098 3125 1338 3181 Verbum
1359 3145 1468 3183 una
1498 3145 1622 3184 cum
1648 3145 1876 3200 corpore
1906 3131 1990 3186 in-

424 3219 650 3283 firmari,
677 3233 778 3274 nec
801 3234 1020 3288 corpus,
1055 3218 1216 3275 Verbi
1240 3222 1441 3278 virtute
1466 3224 1835 3290 corroborari,
1869 3240 1991 3278 rur-

421 3327 544 3366 sum
584 3311 796 3365 nefaria
827 3311 1159 3380 aggreditur.
1188 3314 1588 3384 carnificesque
1637 3322 1831 3370 contra
1872 3315 1993 3372 Sal-

419 3414 663 3458 vatorem
719 3403 1032 3466 concitavit,
1067 3406 1184 3474 ipse
1240 3420 1371 3459 vero
1428 3406 1601 3476 spinis
1644 3407 1893 3474 adhaesit,
1935 3411 1991 3465 in

421 3498 599 3566 iisque
630 3494 929 3557 volutatus,
963 3509 1076 3547 rem
1112 3509 1310 3564 passus
1359 3503 1444 3550 est
1494 3497 1598 3552 sibi
1633 3499 1988 3555 contrariam.

425 3587 566 3643 Dum
594 3586 713 3640 illas
745 3587 889 3641 enim
921 3593 1130 3640 teneret
1156 3587 1340 3642 amisit
1382 3588 1550 3658 ipsas,
1591 3603 1729 3658 quas
1768 3590 1993 3659 putabat

424 3679 660 3732 amissas
713 3693 1069 3734 resumere-se
1104 3679 1321 3732 tandem
1349 3695 1512 3749 posse
1542 3696 1554 3730 :
1587 3691 1640 3734 at
1689 3697 1797 3735 non
1841 3683 1992 3752 prius

421 3770 544 3824 illas
573 3769 815 3839 recipere
842 3769 1030 3833 valuit,
1061 3785 1225 3840 quam
1257 3767 1507 3824 Salvator
1551 3772 1990 3827 maledictionem

422 3869 670 3916 nostram
711 3862 766 3915 in
823 3861 960 3931 ipsis
1015 3862 1176 3917 sitam
1237 3862 1523 3917 elevasset.
1558 3862 1990 3920 Maledictionem

423 3954 624 4024 quippe
647 3954 792 4007 illam
817 3969 940 4007 cum
965 3961 1233 4023 gestasset
1273 3953 1571 4022 Dominus;
1610 3962 1726 4009 tum
1774 3956 1990 4012 demum

421 4046 630 4115 recepit
678 4044 769 4098 ille
818 4044 1004 4114 spinas
1057 4051 1112 4098 et
1161 4044 1504 4116 chlamydem
1543 4065 1556 4100 :
1601 4062 1723 4116 quae
1788 4048 1992 4102 nullam

421 4147 539 4193 tum
569 4139 832 4193 adversus
852 4152 952 4193 nos
975 4137 1083 4192 vim
1124 4137 1409 4204 haberent,
1444 4139 1536 4194 sed
1571 4140 1753 4209 potius
1792 4139 1995 4208 improo

424 4229 652 4284 bitatem
681 4244 868 4284 eorum
909 4238 1222 4300 arguerent.
1255 4227 1372 4283 Jam
1405 4232 1551 4285 enim
1585 4232 1701 4301 ipse
1746 4230 1993 4287 diabolus

422 4319 480 4374 in
526 4319 721 4389 spinis,
766 4319 924 4389 quasi
982 4319 1039 4373 in
1086 4319 1324 4374 stimulis
1357 4327 1548 4374 contra
1588 4321 1859 4375 calcitrat.
1887 4319 1994 4389 Ipsi

422 4425 641 4481 quoque
669 4411 737 4465 de
786 4411 1041 4464 coccinea
1091 4411 1376 4480 chlamyde
1422 4411 1624 4465 dicitur
1663 4431 1675 4466 :
1719 4411 1992 4478 Quemad-

2095 593 2176 628 σει
2202 593 2212 604 ·
2240 575 2378 628 ὥστε
2407 575 2498 626 τὸν
2527 575 2623 644 μέν
2653 573 2852 644 σπόρον
2883 575 2977 628 τοῦ
3008 575 3166 643 λόγου
3202 573 3478 644 ἐλεύθερον
3519 575 3666 646 ἔχειν

2091 669 2200 720 ἀπὸ
2237 668 2344 720 τῶν
2384 667 2653 732 ἀκανθῶν,
2690 669 2747 719 ἐν
2788 666 2845 719 δέ
2884 670 3000 730 ταῖς
3048 667 3232 736 εὐχαῖς
3263 665 3324 718 τὸ
3355 667 3662 738 ἀπερίσπαο

2092 776 2234 812 στον.
2264 759 2434 822 Αὐτὸς
2461 757 2566 829 γάρ
2611 758 2739 829 περὶ
2775 757 2931 828 ἡμῶν
2959 758 3196 811 ὠδυνᾶτο
3245 757 3338 810 καὶ
3369 757 3664 828 ἐμερίμνα,

2090 853 2177 906 ἵνα
2205 853 2362 922 ἡμεῖς
2391 849 2646 904 ἀνώδυνοι
2669 849 2975 920 γενώμεθα.
2999 849 3097 902 Διὰ
3119 848 3275 902 τοῦτο
3302 848 3357 900 δέ
3383 849 3544 902 πάλιν
3570 850 3665 902 καὶ

2087 944 2179 996 τὸν
2208 943 2449 1012 κάλαμον
2474 942 2743 1012 ἐλάμϐανε
2774 943 2901 1013 παρ’
2924 943 3103 996 αὐτῶν
3137 944 3165 995 6
3189 940 3412 1014 Κύριος,
3444 943 3540 995 καὶ
3564 942 3666 995 αῦ-

2090 1036 2180 1097 τὸς
2211 1038 2239 1088 6
2265 1034 2506 1097 διάϐολος
2533 1035 2774 1088 ἐπεδίδου
2807 1033 2993 1088 τοῦτον
3023 1033 3103 1105 τῷ
3131 1034 3339 1105 Κυρίῳ,
3365 1036 3465 1088 οὒκ
3483 1033 3663 1097 εἰδὼς,

2089 1127 2170 1178 ὅτι
2200 1125 2320 1178 καθ’
2350 1124 2542 1178 ἐαυτοῦ
2581 1125 2642 1177 τὺ
2682 1124 2833 1195 ξίφος
2861 1127 3050 1196 ἀκονᾷ.
3087 1125 3314 1193 Λέγεται
3351 1123 3458 1195 γὰρ
3504 1125 3533 1177 6
3565 1126 3669 1178 κά-

2089 1215 2259 1287 λαμος
2289 1217 2628 1288 ἀναιρετικὸς
2657 1212 2793 1269 εἶναι
2831 1217 2938 1269 τῶν
2967 1216 3166 1285 ὄφεων,
3204 1217 3297 1270 καὶ
3324 1214 3496 1285 τούτῳ
3527 1215 3666 1286 μᾶλ-

2090 1307 2178 1361 λον
2202 1308 2234 1379 ἢ
2265 1309 2432 1379 ἑτέρῳ
2461 1307 2901 1379 καταράσσεσθαι
2928 1307 3142 1371 αὐτούς.
3192 1306 3341 1360 Ἐπεὶ
3365 1305 3543 1359 τοίνυν
3567 1305 3670 1358 αὑ-

2089 1401 2179 1465 τὸς
2209 1404 2237 1456 6
2261 1403 2464 1473 Κύριος
2494 1401 2740 1466 Σαϐαὼθ,
2779 1403 2855 1465 ὡς
2899 1403 3125 1465 Ἡσαΐας
3149 1400 3318 1469 λέγει,
3349 1399 3538 1452 ἐδίωκε
3571 1398 3668 1454 τὸν

2091 1493 2358 1562 φεύγοντα
2409 1493 2692 1566 δράκοντα,
2741 1493 2830 1546 τὸν
2884 1493 3025 1562 ὅφιν,
3060 1491 3150 1544 τὸν
3180 1491 3352 1562 μέγαν
3381 1489 3624 1543 διάϐολον
3649 1505 3665 1519 ·

2089 1585 2276 1638 τούτου
2327 1586 2512 1640 ἓνεκεν
2551 1585 2714 1639 αὐτοῦ
2744 1586 2804 1639 τὸ
2836 1584 3173 1656 ἀναιρετικὸν
3218 1582 3492 1653 ἐλάμϐανε
3528 1583 3667 1653 παρ’

2092 1678 2270 1731 αὐτῶν
2296 1679 2325 1731 6
2353 1677 2575 1749 Κύριος,
2613 1678 2719 1743 ἵνα,
2761 1680 2872 1740 τοῖς
2906 1677 3053 1741 ἰδίοις
3086 1675 3538 1747 ἐξασθενήσαντος
3570 1673 3670 1727 τοῦ

2090 1763 2358 1834 διαϐόλου,
2387 1771 2500 1831 τοῖς
2518 1767 2613 1821 τοῦ
2645 1766 2854 1837 Κυρίου
2887 1765 3334 1835 ἐνδυναμωθῶσιν
3372 1765 3422 1817 οἱ
3457 1763 3670 1834 ἀνθρω-

2095 1874 2208 1910 ποι.
2239 1852 2362 1910 Οἷον
2395 1857 2452 1910 δέ
2494 1875 2546 1909 τι
2591 1855 2886 1925 πεποίηκεν
2911 1857 2939 1909 6
2983 1855 3148 1908 Aa6i6
3173 1854 3265 1908 ἐπὶ
3315 1853 3409 1907 τοῦ
3446 1851 3668 1916 ramo,

2094 1949 2272 2001 λαϐὼν
2304 1947 2398 2002 τοῦ
2432 1947 2624 2019 ἐχθροῦ
2651 1948 2713 2000 τὸ
2753 1947 2922 2014 ξίφος,
2967 1946 3061 1999 καὶ
3097 1947 3155 1998 ἐν
3183 1943 3329 2015 αὐτῷ
3357 1944 3455 2016 τὴν
3497 1959 3670 2011 κεφα-

2094 2039 2190 2110 λὴν
2218 2039 2313 2092 τοῦ
2344 2038 2535 2109 ἐχθροῦ
2560 2036 2762 2108 τεμών.
2797 2035 2968 2088 Τοῦτο
3002 2034 3098 2090 νῦν
3139 2035 3233 2087 καὶ
3275 2034 3304 2086 6
3349 2032 3539 2104 Σωτὴρ
3568 2047 3669 2083 πε·-

2098 2130 2312 2198 ποίηκε,
2339 2127 2518 2181 λαϐὼν
2549 2128 2641 2180 τὸν
2671 2125 2913 2196 κάλαμον
2953 2126 3082 2196 παρ’
3115 2122 3317 2186 αὐτῶν,
3349 2124 3434 2176 ἵνα
3459 2123 3531 2194 μὴ
3568 2120 3667 2191 μό-

2093 2237 2182 2273 νον
2227 2222 2371 2291 ἡμᾶς
2417 2216 2752 2290 ἐλευθερώσῃ
2797 2216 2904 2270 ἀπὸ
2949 2217 3048 2287 τῆς
3094 2215 3310 2284 ἀπάτης
3336 2213 3429 2267 τοῦ
3461 2213 3658 2279 ὄφεως,

2095 2312 2230 2366 ἀλλὰ
2249 2313 2341 2364 καὶ
2369 2311 2530 2363 αὐτὸν
2550 2310 2641 2363 τὸν
2666 2311 2787 2379 ὅφιν
2817 2308 2982 2381 ἀνέλῃ
3009 2306 3086 2378 τῷ
3117 2306 3368 2377 καλάμῳ,
3401 2303 3495 2356 καὶ
3515 2302 3667 2374 δείξῃ

2095 2404 2306 2473 νεκρόν.
2360 2401 2515 2455 Οὕτω
2559 2401 2614 2454 δὲ
2653 2397 2744 2455 οῦν
2783 2399 3033 2471 παιχθεὶς
3078 2401 3107 2452 6
3159 2397 3360 2460 ἄθλιος,
3408 2396 3501 2450 καὶ
3537 2393 3664 2447 ίδὼν

2095 2495 2283 2548 ἐαυτὸν
2307 2494 2607 2548 ἐκπεσόντα
2631 2493 2855 2558 τούτων,
2879 2495 2935 2544 ἐν
2959 2485 3038 2554 οἷς
3057 2490 3290 2561 ἐπῄρετο
3317 2487 3435 2542 καθ’
3464 2485 3624 2558 ἡμῶν
3639 2501 3658 2517 ο

2097 2587 2218 2641 ἰδὼν
2269 2587 2325 2640 δέ
2364 2587 2526 2640 αὑτὸν
2569 2585 2899 2654 ἐκϐληθέντα
2946 2584 3010 2636 ἐκ
3041 2582 3117 2652 (2)
3148 2583 3246 2653 τῆς
3272 2582 3395 2651 γῆς,
3428 2581 3520 2633 καὶ
3559 2577 3668 2650 τὴν

2093 2680 2194 2748 γῆν
2229 2676 2666 2749 καθαριζομένην
2697 2674 2804 2729 ἀπὸ
2829 2673 2936 2727 τῶν
2966 2674 3214 2744 αἱμάτων
3240 2670 3465 2725 καὶτῶν
3495 2670 3670 2724 ἀκαν-

2094 2772 2222 2835 θῶν,
2246 2772 2340 2825 καὶ
2377 2769 2498 2823 ἰδὼν
2517 2768 2707 2822 ἐαυτὸν
2727 2765 3067 2821 ἀπολέσαντα
3097 2764 3158 2817 τὸ
3181 2763 3541 2835 χειρόγραφον
3569 2759 3670 2813 καὶ

2092 2864 2182 2916 τὸν
2215 2863 2480 2932 κάλαμον,
2517 2861 2575 2913 ἐν
2618 2853 2662 2927 ᾦ
2694 2858 3038 2929 κατέγραφεν
3077 2856 3256 2926 ἡμῶν,
3287 2854 3458 2923 τολμᾷ
3501 2851 3673 2905 πάλιν

2095 2951 2405 3022 ἀτόλμητα,
2446 2948 2631 3001 πλεῖον
2680 2947 2869 3000 ἐαυτὸν
2921 2947 3017 2999 καὶ
3067 2946 3125 2998 ἐν
3174 2943 3348 3013 τούτῳ
3395 2941 3669 3012 πλήττων.

2107 3042 2366 3106 Ἀκούσας
2394 3041 2501 3111 γὰρ
2521 3041 2550 3093 6
2584 3038 2817 3111 πονηρὸς
2847 3037 3094 3106 λέγοντος
3143 3035 3237 3089 τοῦ
3269 3033 3473 3104 Κυρίου
3495 3050 3509 3063 ·
3545 3050 3565 3082 ι
3593 3030 3675 3084 Τδ

2097 3135 2312 3206 πνεῦμα
2341 3133 2638 3204 πρόθυμον,
2659 3132 2693 3202 ἡ
2730 3130 2787 3184 δὲ
2814 3127 2950 3200 σάρξ
2980 3127 3230 3196 ἀσθενὴς,
3271 3145 3288 3176 ι
3321 3122 3678 3194 νομίσας,ὂτι

2093 3229 2122 3280 ὁ
2169 3227 2344 3294 Λόγος
2392 3222 2707 3294 συνησθένει
2755 3219 2836 3291 τῷ
2885 3219 3119 3290 σώματι,
3158 3217 3251 3271 καὶ
3281 3216 3340 3268 οὐ
3375 3214 3571 3286 μᾶλλον
3598 3216 3672 3285 τῇ

2091 3314 2316 3386 δυνάμει
2343 3313 2436 3367 τοῦ
2467 3312 2642 3382 Λόγου
2671 3309 2984 3380 συνισχύετο
3013 3308 3088 3379 (3)
3123 3307 3220 3362 καὶ
3256 3307 3319 3360 τὸ
3352 3305 3535 3376 σῶμα,
3565 3304 3678 3358 πά-

2091 3410 2174 3463 λιν
2211 3411 2474 3480 ἐπιχειρεῖ
2505 3406 2816 3478 παράνομα·
2852 3403 2946 3458 καὶ
2983 3404 3108 3465 τοὺς
3151 3401 3248 3472 μὲν
3269 3401 3496 3472 δημίους
3524 3415 3674 3470 παρ-

2090 3500 2270 3568 οξύνει
2301 3500 2443 3554 κατά
2489 3498 2581 3552 τοῦ
2612 3499 2888 3568 Σωτῆρος,
2915 3493 3076 3558 αὐτὸς
3103 3493 3160 3546 δέ
3188 3491 3296 3546 τῶν
3324 3489 3573 3545 ἀκανθῶν
3596 3491 3679 3542 ετ-

2092 3611 2235 3664 χετο,
2257 3591 2499 3662 καὶπερὶ
2521 3589 2691 3652 αὑτὰς
2719 3587 2982 3650 ἐκυλίετο,
3007 3586 3237 3657 πρᾶγμα
3265 3582 3491 3652 πάσχων
3513 3583 3677 3634 ἐναν-

2092 3686 2224 3740 τίον.
2258 3685 2437 3755 Ἔχων
2474 3681 2582 3753 γὰρ
2616 3680 2787 3743 αὐτὰς
2815 3677 3085 3741 ἀπώλεσε,
3120 3678 3214 3729 καὶ
3244 3674 3397 3746 ᾠήθη
3427 3673 3500 3743 μὴ
3532 3670 3679 3742 ἔχων

2091 3775 2349 3832 δύνασθαι
2382 3775 2565 3828 λαϐεῖν
2594 3773 2792 3836 αὐτάς·
2823 3771 2936 3825 ἀλλ’
2967 3770 3027 3823 οὐ
3062 3768 3324 3841 πρότερον
3359 3764 3602 3836 εἴληφεν,
3622 3766 3679 3818 εἰ

2097 3869 2171 3942 μὴ
2221 3869 2320 3939 τὴν
2372 3867 2492 3921 καθ’
2540 3865 2697 3938 ἡμῶν
2753 3865 2811 3917 ἐν
2855 3863 3047 3925 αὑταῖς
3102 3859 3363 3930 κειμένην
3425 3857 3678 3927 κατάραν

2093 3959 2380 4028 ἐκούφισεν
2404 3959 2432 4010 ὁ
2465 3957 2676 4026 Σωτήρ.
2707 3953 3084 4014 Βαστάσαντος
3111 3950 3186 4020 (4)
3207 3948 3315 4020 γὰρ
3343 3945 3435 4000 τοῦ
3467 3944 3678 4016 Κυρίου

2093 4050 2316 4122 ταύτην,
2353 4049 2512 4103 πάλιν
2545 4046 2703 4100 ἔλαϐε
2731 4046 2830 4109 τάς
2864 4042 3110 4106 ἀκάνθας
3138 4041 3232 4095 καὶ
3257 4038 3356 4109 τὴν
3381 4035 3631 4108 χλαμύδα
3658 4055 3674 4066 ·

2093 4143 2295 4197 οὐκέτι
2332 4140 2429 4212 μὲν
2466 4139 2720 4210 ἰσχύοντα
2749 4136 2869 4191 καθ’
2899 4134 3075 4206 ἡμῶν,
3114 4131 3334 4186 ἐκείνων
3363 4129 3420 4182 δὲ
3440 4129 3538 4197 τὴν
3571 4143 3680 4179 πο-

2095 4233 2286 4304 νηρίαν
2315 4231 2625 4301 ἐλέγχοντα.
2659 4227 2774 4281 Νῦν
2810 4226 2906 4297 μὲν
2936 4225 3043 4296 γὰρ
3075 4222 3237 4284 αὐτὸς
3279 4221 3306 4273 6
3335 4217 3577 4280 διάϐολος
3613 4217 3682 4269 ἐν

2099 4326 2197 4396 μὲν
2227 4326 2346 4387 ταῖς
2369 4321 2630 4383 ἀκάνθαις
2659 4319 2734 4383 ὼς
2759 4319 2816 4373 ἐν
2839 4318 3086 4388 κέντροις
3111 4314 3227 4367 ἐστὶ
3251 4309 3522 4373 λακτίζων
3548 4307 3681 4361 καθ’

2098 4413 2272 4485 ἡμῶν.
2296 4407 2527 4480 Λέγεται
2550 4410 2606 4462 δέ
2637 4407 2788 4480 αὐτῷ
2813 4406 3055 4478 περὶτῆς
3085 4404 3340 4473 κοκκίνης
3367 4399 3640 4472 χλαμύδος
3660 4417 3679 4430 ο

423 4505 642 4559 modum
673 4503 1060 4558 vestimentum
1112 4504 1380 4574 sanguine
1438 4519 1801 4574 conspersum
1836 4521 1991 4560 mun-

2098 4507 2156 4559 ὂν
2203 4505 2400 4576 τρόπον
2440 4504 2654 4573 ἱμάτιον
2687 4501 2743 4554 ἐν
2793 4499 2988 4569 αἵματι
3030 4495 3373 4566 πεφυρμένον
3415 4492 3515 4545 οὐκ
3557 4491 3683 4543 ἔστι

423 4596 554 4650 dum
587 4611 697 4650 non
743 4605 860 4661 est;
889 4596 962 4649 ita
996 4611 1172 4666 neque
1201 4604 1260 4650 tu
1292 4596 1532 4652 mundus
1558 4597 1692 4662 eris,
1724 4597 1853 4667 quia
1881 4605 1993 4652 ter-

423 4703 540 4743 ram
565 4704 740 4745 meam
763 4689 1072 4758 perdidisti,
1101 4689 1473 4758 populumque
1503 4705 1683 4744 meum
1719 4689 1990 4746 occidisti.

497 4778 586 4832 IS.
632 4777 997 4843 Quamobrem
1022 4776 1134 4846 jam
1153 4777 1442 4832 carnifices
1473 4778 1760 4832 concitans
1789 4778 1843 4831 in
1874 4777 1994 4832 Sal-

425 4877 693 4932 vatorem,
724 4869 1026 4924 calcitravit
1053 4869 1110 4922 in
1139 4868 1313 4938 spinis
1344 4868 1503 4938 quasi
1534 4869 1588 4922 in
1615 4869 1874 4932 stimulis,
1899 4885 1996 4939 po-

427 4964 539 5018 tius
582 4962 699 5032 ipse
735 4976 1054 5030 percussus,
1085 4975 1249 5030 quam
1305 4968 1636 5030 percuteret.
1670 4960 1820 5026 Quos
1854 4962 1997 5016 enim

430 5055 547 5125 ipse
570 5055 866 5109 commovit
886 5055 943 5109 in
965 5054 1324 5117 Salvatorem,
1354 5053 1518 5108 iidem
1538 5051 1800 5108 adversus
1821 5055 1998 5124 ipsum

431 5163 582 5201 arma
605 5149 915 5203 sumebant.
948 5147 1184 5216 Accepta
1214 5147 1415 5217 quippe
1455 5161 1486 5199 a
1521 5145 1804 5201 Salvatore
1833 5161 2002 5225 arun-

429 5235 579 5302 dine,
607 5239 714 5293 rati
748 5255 806 5294 se
847 5239 1000 5292 illum
1051 5245 1361 5308 percutere,
1409 5237 1790 5303 caecutiebant,
1839 5244 2001 5308 atque

502 5420 547 5451 “
590 5419 605 5472 1
640 5420 770 5491 Reg.
803 5435 953 5484 xvu,
989 5419 1078 5474 51.
1155 5420 1201 5452 ⁶¹
1243 5418 1432 5474 Matth.
1469 5435 1632 5485 xxvi,
1665 5418 1755 5472 41.

504 5570 580 5641 (l)
611 5572 748 5644 Κατ’
777 5571 1006 5635 ἐκείνου,
1040 5572 1196 5644 deest
1225 5574 1279 5627 in
1310 5573 1519 5644 Anglic.
1561 5572 1718 5641 cujus
1747 5571 1870 5644 loco
1892 5569 2002 5624 Re-

436 5640 558 5710 gius
589 5643 769 5703 habet,
815 5646 933 5696 κατ’
961 5642 1147 5696 αὑτοῦ.
1181 5640 1418 5702 Ibidem:
1447 5640 1647 5712 Regius
1680 5643 1850 5702 solus,
1899 5657 2000 5692 γα-

433 5713 774 5798 τασκευάσει.
801 5712 944 5766 Editi
972 5727 1101 5767 vero
1126 5719 1179 5766 et
1207 5715 1386 5768 caeteri
1427 5713 1803 5782 ‘nanuscripti,
1837 5728 2003 5764 κατα-

437 5799 694 5852 σκευάσῃ.

2100 4596 2359 4668 καθαρὸν,
2391 4593 2563 4658 οὕτως
2599 4591 2721 4646 ούδέ
2750 4592 2814 4644 σὺ
2851 4591 2950 4663 ἔσῃ
2997 4588 3252 4657 καθαρὸς,
3279 4586 3410 4639 διότι
3438 4584 3535 4655 τὴν
3573 4583 3686 4655 γῆν

2104 4706 2204 4758 μου
2238 4687 2546 4749 ἀπώλεσας,
2578 4685 2670 4737 καὶ
2700 4683 2791 4735 τὸν
2823 4682 2949 4735 λαόν
2984 4697 3085 4751 μου
3119 4678 3461 4740 ἀπέκτεινας.

2177 4778 2261 4833 18.
2303 4778 2402 4831 Διά
2433 4774 2591 4828 τοῦτο
2623 4773 2718 4828 καὶ
2763 4771 2880 4838 νῦν,
2913 4769 3078 4824 κινῶν
3113 4773 3239 4830 τοὺς
3269 4766 3495 4838 δημίους
3536 4763 3689 4818 κατὰ

2102 4871 2194 4923 τοῦ
2227 4870 2502 4942 Σωτῆρος,
2535 4862 2813 4928 ἐλάκτιζεν
2857 4863 2932 4926 ὼς
2977 4864 3035 4914 ἐν
3076 4860 3320 4930 κέντροις
3357 4860 3475 4920 ταῖς
3511 4854 3691 4908 ἀκάν-

2102 4964 2251 5025 θαις,
2297 4963 2391 5014 καὶ
2438 4959 2634 5030 μᾶλλον
2683 4956 2974 5026 ἐπλήττετο
3017 4952 3048 5023 ἦ
3089 4951 3369 5020 ἔπληττεν.
3419 4943 3525 5008 Οὓς
3570 4944 3689 5014 γὰρ

2102 5053 2268 5107 ἐκίνει
2317 5052 2458 5105 κατά
2500 5048 2594 5102 τοῦ
2641 5047 2910 5116 Σωτῆρος,
2958 5036 3100 5097 οῦτοι
3145 5041 3264 5093 κατ’
3297 5035 3461 5092 αὑτοῦ
3507 5032 3691 5085 ὡπλί-

2104 5144 2276 5209 ζοντο.
2317 5142 2698 5213 Λαμϐάνοντες
2728 5137 2836 5209 γὰρ
2861 5136 2959 5194 τὸν⁴
2984 5135 3230 5204 κάλαμον
3266 5127 3412 5199 παρὰ
3439 5124 3533 5178 τοῦ
3567 5125 3690 5213 Κυ-

2109 5238 2223 5308 ρίου
2247 5277 2260 5300 ,
2295 5237 2390 5289 καὶ
2411 5212 2726 5304 νομίζοντες
2750 5227 2914 5283 αὐτὸν
2939 5226 3185 5290 τύπτειν,
3217 5219 3571 5290 ἐτύφλωττον,
3588 5212 3688 5268 τὸν

2175 5567 2251 5642 (ἓ)
2290 5567 2414 5642 :Ex,
2450 5563 2685 5642 deest‘in
2715 5560 2904 5642 Iiegio.
3190 5627 3203 5642 ν

2179 5633 2256 5707 (5)
2288 5635 2487 5705 Regius
2517 5646 2570 5688 et
2593 5633 2946 5707 Anglicanus,
2969 5633 3280 5707 emergam.

2180 5699 2254 5778 (4)
2289 5699 2516 5772 Quidam
2545 5699 2923 5772 manuscripti,
2967 5699 3344 5770 βαστάξαντος.
