3890 6200
205 345 314 402 217

1236 346 1323 400 DE
1362 342 1701 402 PASSIONE
1738 341 1826 400 ET
1866 343 2105 401 CRUCE‘
2139 345 2401 401 DOMINL

3354 344 3460 400 218

205 470 510 541 κινήσαντα
542 466 744 531 αὐτοὺς
783 467 1030 522 διάϐολον
1055 468 1348 532 κόπτοντες
1386 469 1443 521 ἐν
1474 469 1592 532 ταῖς
1621 467 1793 521 ἀκάν-

1900 467 2082 537 ipsum
2118 482 2176 523 se
2217 466 2585 522 concitantem
2629 464 2904 520 diabolum
2957 463 3014 520 in
3071 464 3244 535 spinis
3289 466 3463 520 caede—

204 557 348 619 θαις.
387 557 499 610 Καὶ
527 555 717 626 ῶσπερ
749 555 818 609 τά
858 555 1006 626 ἔθνη,
1049 556 1325 610 ἀναϐάντα
1367 555 1508 609 κατά
1557 556 1657 626 τῆς
1693 557 1792 608 Ἰε-

205 646 516 718 ρουσαλὴμ,
543 647 774 700 ἔκοπτον
806 647 1066 718 ἀλλήλους
1091 650 1148 700 ἐν
1177 650 1241 718 τῇ
1266 646 1472 700 κοιλάδι
1504 645 1793 715 Ἰωσαφὰτ,

202 740 300 792 καὶ
336 738 415 802 ὡς
443 739 495 790 οἱ
523 737 812 802 διώκοντες
844 738 934 791 τὸν
979 739 1212 810 Ἰσραὴλ,
1249 740 1492 802 ἐλθόντες
1523 738 1672 810 παρὰ
1695 737 1793 802 τὰς

198 829 373 899 ὄχθας
395 869 410 891 ,
447 829 698 900 ἀλλήλοις
745 829 1172 893 συνεπλέκοντο,
1223 831 1316 884 καὶ
1353 829 1614 899 ἀλλήλους
1659 847 1794 882 κατ·-

199 919 548 988 ελάμϐανονο
580 919 753 982 οὕτως
782 921 874 972 καὶ
904 919 998 973 νῦν
1033 921 1083 974 οἱ
1123 921 1405 984 διώκοντες
1442 921 1532 973 τὸν
1567 919 1791 991 Κύριον,

199 1010 476 1081 ἀλλήλους
509 1010 738 1064 ἔκοπτον
778 1011 1120 1079 ἀγνοοῦντες,
1155 1012 1482 1082 βλάπτοντες
1508 1011 1605 1079 μὲν
1634 1011 1795 1064 αὐτὸν

201 1101 282 1169 (5)
317 1101 496 1164 οὐδὲν,
529 1101 754 1164 ἑαυτοὺς
777 1101 834 1154 δὲ
866 1101 1062 1171 μᾶλλον
1091 1101 1426 1166 ἀδικοῦντες.
1451 1102 1662 1173 ’Ὠσπερ
1687 1100 1796 1172 γὰρ

201 1192 300 1244 ἐὰν
335 1192 549 1262 πέτραν
577 1195 644 1262 τῇ
682 1192 824 1263 χειρὶ
857 1193 1076 1245 κόπτειν
1119 1191 1261 1246 θέλοι
1287 1211 1393 1256 τις,
1426 1194 1526 1266 τὴν
1560 1193 1658 1264 μὲν
1694 1191 1794 1245 πέ-

200 1301 340 1354 τραν
364 1285 428 1337 ού
455 1284 667 1353 τέμνει,
701 1283 799 1354 τὴν
827 1284 884 1337 δέ
905 1288 1062 1356 χεῖρα
1081 1285 1441 1357 τραυματίζει
1457 1303 1470 1317 σ
1495 1285 1682 1339 τοῦτον
1705 1285 1797 1337 τὸν

197 1376 412 1446 τρόπον
440 1375 538 1428 καὶ
565 1377 612 1428 οἱ
637 1375 778 1428 κατά
811 1375 906 1428 τοῦ
935 1375 1139 1446 Κυρίου
1172 1376 1524 1446 πράττοντες,
1552 1377 1628 1440 ὡς
1657 1376 1798 1430 κατά

199 1466 490 1537 ἀφθάρτου
518 1465 846 1533 τολμῶντες,
868 1465 1254 1538 διεφθείροντο,
1287 1467 1381 1519 καὶ
1404 1465 1480 1530 ὡς
1505 1467 1648 1520 κατά
1673 1466 1800 1520 ἀθα-

198 1558 368 1609 νάτου
396 1554 818 1625 ἐπιχειροῦντες,
853 1556 1009 1608 αὐτοὶ
1052 1556 1250 1626 μᾶλλον
1284 1557 1648 1627 ἀπέθνησκον.
1687 1558 1798 1611 Καὶ

194 1645 258 1698 τό
276 1662 344 1713 γε
369 1645 665 1718 χείριστον,
690 1645 772 1698 ὅτι
798 1645 887 1698 διὰ
910 1644 1018 1699 τῶν
1040 1644 1208 1698 αὑτοῦ
1235 1645 1408 1716 μελῶν
1432 1645 1668 1716 ἔπασχεν
1685 1646 1792 1716 (6)·

197 1739 226 1790 6
268 1739 518 1809 μάλιστα
539 1738 731 1807 γέγονε
759 1738 838 1808 τῷ
876 1739 1170 1810 πανούργῳ
1194 1740 1329 1813 πρὸς
1353 1741 1563 1794 τελείαν
1603 1740 1795 1812 αἰσχύ-

1893 559 2044 612 bant.
2076 557 2154 612 Ac
2181 558 2346 613 veluti
2365 563 2554 626 gentes
2577 569 2696 624 qua:
2724 561 2913 608 contra
2939 551 3239 608 Jerusalem
3272 568 3462 606 ascen-

1895 649 2111 711 derant,
2148 665 2206 704 se
2265 656 2458 702 mutuo
2512 647 2792 701 caadebant
2832 647 2886 699 in
2920 645 3060 698 valle
3099 642 3380 713 Josaphat,
3409 651 3465 698 et

1895 743 1988 812 qui
2035 742 2504 812 persequebantur
2562 740 2836 804 lsraelem,
2871 737 2936 791 ad
2995 753 3120 793 oras
3163 727 3462 807 progressi,

1896 835 1952 889 in
1985 850 2044 889 se
2097 841 2290 887 mutuo
2339 831 2510 902 ignari
2553 828 3066 899 congrediebantur,
3111 842 3232 882 sese
3275 835 3464 880 mutuo

1896 926 2222 996 capiebant;
2262 924 2342 979 sic
2371 924 2483 992 jam
2509 923 2602 992 qui
2635 921 2922 975 Dominum
2975 917 3462 989 persequebantur,

1897 1034 1957 1073 se
1984 1018 2159 1087 ignari
2191 1016 2494 1078 caedebant,
2526 1015 2665 1068 nihil
2726 1013 2927 1083 ipsum,
2973 1009 3068 1066 sed
3118 1023 3238 1063 sese
3287 1007 3466 1077 potius

1895 1109 2174 1164 laedentes.
2205 1107 2672 1174 Quemadmodum
2731 1105 2874 1159 enim
2938 1104 2984 1157 si
3015 1102 3137 1172 quis
3175 1116 3339 1154 manu
3373 1115 3468 1170 pe-

1894 1209 2032 1257 tram
2065 1208 2350 1272 percutere
2379 1199 2529 1262 velit,
2565 1205 2772 1269 petram
2800 1197 3018 1267 quidem
3074 1211 3183 1250 non
3241 1195 3466 1260 scindit,

1896 1293 1989 1348 sed
2019 1307 2238 1346 manum
2267 1291 2540 1355 vulnerat,
2569 1290 2757 1345 eodem
2808 1289 2970 1344 modo
3014 1289 3104 1359 qui
3142 1297 3330 1341 contra
3363 1285 3465 1341 Do-

1896 1384 2104 1437 minum
2159 1382 2429 1454 agebant,
2492 1389 2682 1452 utpote
2729 1391 2918 1435 contra
2997 1378 3466 1449 incorruptibilem

1896 1472 2038 1535 ausi,
2077 1471 2132 1524 in
2157 1471 2454 1542 perniciem
2487 1470 2644 1524 ibant
2682 1488 2694 1523 :
2725 1477 2778 1522 et
2803 1464 2896 1538 qui
2946 1476 3135 1523 contra
3187 1468 3470 1522 immorta-

1894 1562 2000 1616 lem
2033 1570 2244 1618 certare
2273 1563 2568 1630 audebant,
2602 1569 2835 1615 mortem
2859 1561 2960 1630 ipsi
2994 1559 3098 1614 sibi
3127 1558 3466 1615 conscivere.

1897 1653 2161 1722 Quodque
2198 1653 2495 1723 pessimum
2537 1659 2673 1716 erat,
2699 1667 2729 1704 a
2761 1653 2876 1706 suis
2925 1651 3041 1720 ipse
3079 1649 3338 1704 membris
3378 1648 3473 1702 la:-
3506 1649 3518 1657 ’

1899 1744 2349 1814 debaturzquod
2411 1743 2796 1799 versutissimo
2856 1740 2931 1794 illi
2998 1755 3211 1796 summo
3273 1737 3468 1808 pudori

197 1805 317 1900 νην.
364 1805 562 1894 Ὀλωςν
594 1805 692 1900 μὲν
731 1805 843 1901 γάρ
888 1830 993 1883 ὑπὸ
1031 1805 1371 1901 τὀύνκυρίου
1406 1805 1795 1904 πληττόμενος,

1903 1836 2026 1891 fuit.
2082 1805 2236 1890 Nam.
2279 1835 2327 1891 si
2370 1851 2400 1889 a
2449 1833 2680 1889 Domino
2718 1832 3060 1902 vapulasset,
3119 1805 3334 1900 poterat
3384 1829 3469 1883 vel

197 1924 440 1992 ἠδύνατο
472 1921 820 1992 καυχᾶσθαι·
869 1922 958 1974 ὅτε
996 1922 1052 1974 δὲ
1087 1922 1179 1991 ὑφ’
1209 1915 1286 1975 ὧν
1316 1923 1647 1988 ὲδουλεύετο,
1694 1925 1799 1978 ὑπὸ

195 2013 416 2068 τούτων
451 2015 737 2078 κόπτεται,
785 2014 944 2068 τούτο
973 2016 1154 2068 πᾶσαν
1191 2014 1452 2086 αἰσχύνην
1500 2017 1792 2088 ὑπερῆρεν.

212 2105 362 2158 Ἀλλ’
396 2106 499 2158 οὐκ
524 2106 751 2160 ἐκείνων
786 2109 820 2178 ἡ
856 2106 1036 2178 πληγὴ
1066 2105 1157 2160 τὸν
1180 2105 1301 2174 ὄφιν
1328 2107 1540 2177 ἀναιρεί
1565 2123 1579 2138 ο
1601 2109 1661 2160 ού
1688 2109 1798 2180 γὰρ

195 2195 462 2249 τοσοῦτον
503 2196 766 2265 ἠδύναντο
812 2195 1088 2268 ἄνθρωποι
1119 2195 1211 2248 καὶ
1247 2195 1428 2267 δήμιοι
1461 2196 1644 2259 ὅντες·
1683 2196 1797 2250 ἀλλ’

199 2289 402 2343 ἐλύπει
447 2289 545 2360 μὲν
591 2289 754 2342 αὑτὸν
788 2291 822 2360 ἡ
854 2287 1011 2359 ὕϐρις
1054 2289 1088 2359 ὴ
1149 2289 1300 2360 παρὰ
1349 2289 1460 2342 τῶν
1531 2287 1798 2342 Ἰουδαίων

199 2380 355 2450 αὗτῷ
383 2380 646 2452 γινομένη
677 2380 788 2446 (7)·
830 2377 1195 2452 ἐτραυμάτιζε
1223 2379 1280 2432 δέ
1304 2380 1403 2449 οὐχ
1435 2380 1469 2450 ἡ
1503 2379 1654 2450 παρὰ
1677 2379 1801 2432 τού-

198 2490 315 2524 των
362 2472 631 2542 γινομένη
685 2470 890 2542 πληγὴ,
941 2470 1054 2522 ἀλλ’
1105 2472 1134 2523 6
1188 2469 1391 2542 Κύριος
1447 2469 1522 2540 (8)
1569 2472 1597 2522 6
1648 2469 1797 2522 ἀντι-

199 2562 427 2634 κρούων
464 2565 530 2633 τῇ
560 2561 772 2615 τούτων
811 2562 1018 2632 πληγῇ,
1050 2561 1146 2615 καὶ
1181 2563 1216 2632 ἡ
1259 2563 1323 2615 ἐκ
1354 2561 1452 2631 τῆς
1491 2560 1672 2633 χειρὸς
1705 2559 1798 2614 τοῦ

201 2652 466 2724 Σωτῆρος
517 2653 785 2723 γενομένη
839 2651 1068 2721 δύναμις
1120 2650 1200 2722 τῷ
1265 2651 1514 2722 καλάμῳ.
1575 2650 1687 2703 Καὶ
1740 2652 1799 2703 ἐν

199 2744 386 2812 τούτῳ
418 2742 530 2814 γὰρ
548 2744 577 2795 6
599 2742 803 2814 Κύριος
832 2740 1331 2812 σχηματισάμενος,
1369 2741 1464 2794 καὶ
1493 2741 1561 2794 τά
1591 2739 1800 2812 ἀνθρώ-

201 2852 340 2887 πινα
372 2833 834 2904 προϐαλλόμενος,
868 2833 1080 2902 ἐδέχετο
1113 2831 1204 2885 τὸν
1235 2831 1358 2900 ὅφιν
1384 2833 1442 2884 ἐν
1476 2835 1594 2895 ταῖς
1631 2831 1798 2885 ἀκάνο

202 2927 353 2990 θαις,
367 2927 466 2978 καὶ
492 2925 566 2988 ὡς
585 2925 870 2997 ἄνθρωπος
885 2923 1240 2993 τυπτόμενος,
1264 2921 1556 2994 συνεχώρει
1577 2922 1799 2977 τύπτειν

197 3021 295 3074 τὸν
323 3021 453 3088 ὅφιν
482 3019 594 3082 τοῖς
626 3017 842 3090 δημίοις
864 3033 880 3046 ·
913 3015 1000 3068 ἵνα
1036 3018 1064 3068 6
1099 3015 1232 3068 ποτέ
1275 3014 1690 3087 καυχησάμενος
1719 3010 1796 3068 εἷ-

1900 1925 2305 1997 quodammodo
2335 1925 2556 1996 gloriari
2592 1942 2605 1978 :
2647 1938 2772 1977 cum
2805 1931 2987 1976 autem
3040 1921 3108 1975 ab
3151 1921 3218 1974 iis
3248 1935 3385 1990 quos
3414 1919 3470 1972 in

1900 2017 2220 2072 servitutem
2258 2015 2562 2086 redegerat,
2599 2013 2958 2084 percutiatur,
3013 2011 3117 2065 hoc
3176 2025 3336 2065 omne
3371 2009 3470 2064 de-

1900 2107 2067 2162 decus
2098 2107 2452 2162 transcendit.
2505 2106 2759 2162 Attamen
2803 2119 2915 2159 non
2956 2117 3146 2159 eorum
3183 2103 3296 2158 ictu
3346 2117 3467 2158 ser-

1900 2215 2034 2270 pens
2062 2197 2371 2252 occiditur:
2405 2213 2582 2267 neque
2617 2205 2825 2252 tantum
2852 2204 3078 2267 potuere
3108 2194 3185 2249 illi
3221 2195 3477 2250 homines

1899 2289 2311 2359 carnificesque.
2359 2287 2467 2343 Sed
2518 2289 2743 2342 maerori
2793 2295 2912 2342 erat
2956 2285 3287 2341 contumelia
3325 2283 3472 2340 alu-

1899 2383 2033 2438 daais
2063 2382 2166 2436 sibi
2194 2381 2340 2436 illata
2370 2400 2384 2436 :
2415 2379 2721 2434 vulneravit
2759 2386 2941 2434 tamen
2974 2377 3126 2432 illum
3151 2393 3256 2431 non
3279 2392 3470 2431 eorum

1900 2473 2219 2544 percussio;
2255 2471 2349 2528 sed
2385 2471 2654 2527 Dominus
2683 2471 2778 2541 qui
2809 2470 3026 2524 illorum
3057 2470 3469 2540 percussionem

1898 2564 2274 2635 propulsabat,
2309 2577 2524 2617 necnon
2559 2575 2623 2616 ea
2651 2561 2830 2616 virtus
2860 2575 2982 2628 quae
3001 2574 3066 2614 ex
3097 2573 3262 2612 manu
3285 2557 3474 2612 Salva-

1900 2657 2036 2711 toris
2067 2656 2120 2710 in
2151 2655 2474 2709 arundinem
2507 2652 2824 2723 permeavit.
2858 2651 2992 2706 Nam
3043 2651 3099 2705 in
3123 2651 3228 2705 hoc
3255 2665 3479 2721 quoque

1908 2747 2148 2802 humana
2183 2745 2479 2817 praeferens
2525 2743 2788 2800 Dominus
2815 2744 3208 2814 objiciensque.
3245 2757 3474 2812 serpen-

1897 2845 2006 2892 tem
2037 2839 2092 2892 in
2130 2837 2304 2909 spinis
2332 2836 2564 2906 excepit,
2601 2842 2657 2891 et
2710 2835 2867 2904 quasi
2925 2834 3088 2889 homo
3123 2833 3466 2896 verberatus,

1899 2937 2208 2999 serpentem
2266 2927 2542 2982 concessit
2586 2941 2618 2980 a
2670 2925 3021 2981 carnificibus
3047 2925 3327 2981 verberari
3363 2943 3377 2980 :
3411 2939 3478 2980 ut.

1898 3019 1992 3091 qui
2024 3035 2084 3076 se
2109 3019 2238 3072 olim
2280 3017 2449 3073 Deum
2498 3032 2621 3073 esse
2661 3017 3016 3092 gloriabatur,
3047 3024 3101 3072 et
3159 3031 3282 3073 sese
3311 3015 3468 3088 jacti-

199 3131 294 3166 vat
318 3112 478 3175 Θεὸς,
500 3112 595 3164 καὶ
615 3109 1033 3180 καυχησάμενος
1060 3107 1136 3172 ὡς
1161 3107 1252 3161 τὸν
1282 3107 1486 3180 Κύριον
1511 3109 1795 3180 πειράσας,

1901 3111 2054 3167 tabat
2087 3110 2233 3181 quod
2261 3107 2549 3164 Dominum
2579 3114 2865 3172 tentasset,
2897 3122 2929 3162 a
2990 3107 3342 3165 carnificibus
3378 3123 3473 3164 va-

201 3202 313 3255 ὑπὸ
350 3200 567 3270 δημίων
595 3199 964 3269 τυπτόμενος,
999 3196 1210 3250 τελείαν
1248 3195 1347 3266 τὴν
1387 3196 1648 3267 αἰσχύνην
1688 3197 1797 3251 ἀπ-

203 3296 534 3365 ενέγκηται.

279 3389 371 3444 19.
426 3387 714 3440 ’Δπέϐαινε
744 3385 804 3440 δὲ
837 3385 985 3458 αὐτῷ
1015 3385 1190 3439 ταῦτα
1229 3382 1326 3438 καὶ¹
1357 3378 1508 3454 παρά
1547 3379 1798 3452 γνώμην,

202 3473 282 3534 ὧν
333 3479 608 3533 ἐϐούλετο.
682 3477 952 3549 Ἐνεργῶν
1003 3476 1112 3546 γὰρ
1181 3476 1239 3529 ἐν
1303 3477 1416 3537 τοῖς
1489 3472 1798 3527 καταϐοῶσι

201 3569 299 3622 τοῦ
343 3569 620 3641 Σωτῆρος,
663 3568 852 3637 ἠγνόει
893 3567 989 3637 τὴν
1038 3565 1250 3637 σιωπὴν
1297 3565 1632 3634 ἀντεισάγων
1674 3563 1797 3618 καθ’

201 3658 405 3713 ἑαυτοῦ
439 3676 456 3692 ο
527 3659 846 3732 παροξύνων
921 3657 1186 3721 Πιλᾶτον,
1258 3657 1359 3710 οὐκ
1437 3656 1554 3726 ᾔδει
1631 3671 1800 3708 κατα-

204 3751 496 3813 σκευάζων
523 3751 644 3803 ἀντὶ
674 3749 874 3812 δειλίας
899 3750 997 3820 τὴν
1028 3749 1279 3818 ἀφοϐίανο
1306 3747 1470 3802 κινῶν
1502 3747 1798 3801 τύπτεσθαι

201 3842 298 3896 τὸν
361 3841 570 3913 Κύριον
593 3881 608 3906 ,
674 3841 940 3894 ἐπλανᾶτο
1004 3838 1359 3910 δεικνυμένης
1425 3836 1792 3902 ἀνεξικακίας.

202 3935 316 3988 Καὶ
369 3934 525 3996 τέλος
590 3932 938 4003 ἐμπαροινῶν
1001 3930 1143 3985 κατὰ
1206 3929 1300 3984 τοῦ
1344 3929 1631 4001 Σωτῆρος,
1699 3929 1798 3982 οὐκ

203 4027 438 4080 ἔϐλεπεν
462 4026 664 4098 ἀρετὴν
705 4025 848 4079 κατὰ
879 4023 1078 4086 κακίας
1108 4022 1476 4086 καθοπλίζων·
1511 4021 1660 4092 πάσῃ
1689 4020 1795 4092 γάρ

205 4118 379 4188 κακία
424 4118 521 4168 καὶ
558 4115 792 4187 πονηρίᾳ
825 4115 1004 4185 χαίρει
1026 4115 1055 4166 6
1081 4113 1274 4184 ἐχθρός
1294 4129 1307 4142 ·
1356 4113 1450 4164 καὶ
1477 4112 1530 4164 εί
1549 4129 1601 4164 τι
1629 4111 1796 4165 κακόν

207 4209 345 4268 ἐστι,
379 4204 543 4258 τοῦτο
569 4203 872 4258 διαϐολικόν
898 4206 1046 4256 ἐστιν
1080 4203 1241 4256 ὅπλον
1262 4219 1275 4232 ·
1306 4201 1340 4273 ἢ
1369 4201 1478 4272 γὰρ
1503 4200 1670 4272 δειλίᾳ
1703 4200 1798 4254 θα-

207 4300 392 4360 νάτου,
435 4297 468 4365 ἢ
506 4296 595 4349 διὰ
619 4297 679 4348 τὸ
707 4295 1016 4365 ἀμύνασθαι
1047 4295 1283 4357 πάντως,
1317 4293 1655 4366 ἁμαρτάνειν
1679 4293 1798 4346 πεί-

209 4383 310 4436 θει.
345 4381 516 4435 Ὅθεν
547 4385 576 4432 6
606 4381 812 4453 Κύριος
842 4382 1102 4452 ὑπέμεινε
1144 4383 1323 4435 πάντα
1344 4400 1357 4412 ·
1393 4381 1478 4435 ίνα
1507 4383 1566 4436 ἐν
1601 4383 1700 4453 μὲν
1727 4384 1794 4454 τῇ

1899 3204 2098 3274 putans
2127 3218 2401 3258 summum
2426 3202 2553 3256 inde
2585 3199 2823 3256 dedecus
2852 3199 3114 3256 auferret.

1969 3384 2055 3440 i9.
2087 3382 2214 3440 Haec
2244 3397 2409 3455 porro
2438 3382 2541 3454 ipsi
2571 3390 2770 3454 praeter
2802 3383 3132 3440 sententiam
3161 3391 3218 3439 et
3273 3381 3472 3439 volun-

1897 3481 2066 3530 tatem
2103 3475 2368 3546 obtigere.
2409 3471 2545 3527 Nam
2576 3473 2705 3527 dum
2729 3473 2948 3528 turbam
2979 3480 3222 3529 moveret
3265 3472 3332 3527 ad
3361 3471 3477 3526 cla-

1897 3567 2159 3622 mandum
2210 3572 2400 3621 contra
2449 3564 2811 3629 Salvatorem,
2866 3565 3152 3635 ignorabat
3203 3579 3262 3620 se
3305 3564 3474 3619 silen-

1899 3658 2032 3712 tium
2076 3656 2180 3713 sibi
2215 3655 2442 3710 noxium
2498 3655 2760 3710 inducere
2792 3674 2805 3709 :
2833 3655 2961 3709 dum
3005 3654 3238 3710 Pilatum
3286 3655 3472 3710 conci-

1897 3756 2056 3812 taret,
2099 3747 2379 3802 nesciebat
2439 3761 2499 3802 se
2569 3763 2669 3818 pro
2749 3746 3042 3802 formidine
3098 3748 3470 3802 constantiam

1899 3841 2180 3910 animique
2239 3839 2552 3894 ﬁrmitatem
2617 3837 2827 3893 eﬂicere
2865 3855 2876 3890 :
2911 3839 3040 3894 dum
3098 3839 3350 3893 incitaret
3401 3835 3472 3892 ad

1896 3931 2296 3987 verberandum
2336 3929 2698 3993 Salvatorem,
2733 3930 2962 3984 multum
2993 3945 3022 3984 a
3053 3945 3219 4000 scapo
3251 3929 3475 3984 aberra-

1896 4024 2010 4085 bat,
2046 4038 2170 4075 cum
2208 4022 2334 4074 hinc
2359 4021 2482 4090 ejus
2503 4021 2791 4075 clementia
2842 4021 3244 4092 tolerantiaque
3291 4022 3470 4092 palam

1899 4113 2002 4183 73
2035 4113 2202 4166 ﬁeret.
2233 4111 2457 4166 Demum
2490 4112 2621 4166 dum
2649 4113 2705 4166 in
2732 4111 3070 4167 Salvatorem
3107 4113 3475 4168 (lt-bacchare-

1896 4209 2008 4266 tur,
2034 4217 2143 4255 non
2174 4201 2512 4264 advertebat,
2549 4201 2807 4254 virtutem
2841 4216 2900 4254 se
2929 4207 3119 4253 contra
3150 4198 3474 4268 improbita-

1897 4302 2003 4348 tem
2034 4293 2204 4348 armis
2240 4293 2515 4347 instruere
2545 4311 2558 4347 :
2595 4291 2851 4355 inimicus
2885 4307 3117 4360 namque
3148 4291 3294 4344 omni
3334 4305 3471 4362 gau-

1895 4385 1986 4440 det
2020 4385 2227 4438 malitia
2250 4395 2303 4438 et
2334 4385 2704 4455 improbitate.
2731 4383 2788 4439 Si
2812 4385 2940 4454 quid
2977 4384 3122 4437 enim
3154 4382 3356 4436 malum
3387 4397 3476 4437 rc-

208 4473 383 4543 ῑειλίᾳ.
415 4473 518 4542 τὴν
565 4473 850 4544 ἀνδρείαν,
895 4476 961 4544 τῇ
1009 4473 1065 4526 δὲ
1107 4474 1259 4544 ὕϐρει
1294 4475 1392 4545 τὴν
1427 4474 1794 4540 ἀνεξικακίαν,

1900 4479 2167 4547 periatur,
2200 4477 2333 4530 illud
2368 4477 2696 4532 diabolicum
2727 4486 2809 4532 est
2833 4477 2998 4532 telum
3035 4495 3048 4529 :
3081 4491 3206 4530 nam
3237 4483 3332 4530 aut
3361 4474 3475 4530 for-

209 4563 284 4632 τῷ
314 4563 374 4616 δέ
403 4562 562 4633 θυμῷ
588 4565 687 4634 τὴν
721 4565 1032 4634 πραότητα,
1064 4566 1158 4618 καὶ
1185 4568 1278 4619 ἐπὶ
1307 4569 1469 4620 πᾶσιν
1497 4568 1570 4637 (9)
1591 4567 1794 4638 ἀρετὴν

1900 4571 2100 4626 midine
2155 4572 2370 4635 mortis,
2427 4572 2526 4624 aut'
2572 4569 2907 4624 defensionis
2963 4583 3129 4623 causa
3188 4579 3472 4638 peccatum

210 4654 352 4706 κατὰ
375 4653 479 4722 τῆς
500 4655 698 4718 κακίας
722 4655 1056 4708 ἀντικεῖσθαι
1080 4657 1283 4729 διδάξῃ.
1313 4659 1422 4710 Καὶ
1448 4657 1663 4729 πρῶτον
1693 4659 1792 4728 μὲν

1900 4661 2112 4716 suadet.
2149 4660 2329 4728 Quare
2361 4661 2624 4716 Dominus
2654 4662 2835 4715 omnia
2869 4662 3162 4726 sustinuit;
3193 4669 3251 4714 ut
3281 4659 3335 4713 in
3361 4659 3474 4712 for-

209 4745 456 4800 ἐδίδασκε
500 4745 577 4816 τῷ
607 4746 864 4799 τύπτοντι
905 4750 985 4810 εἰς
1030 4749 1128 4818 τὴν
1160 4749 1384 4816 σιαγόνα
1414 4749 1663 4820 στρέφειν
1696 4749 1792 4802 καὶ

1900 4753 2104 4808 midine
2150 4753 2566 4818 fortitudinem;
2599 4755 2651 4807 in
2703 4753 3031 4808 contumelia
3083 4752 3473 4818 tolerantiam;

209 4837 304 4906 τὴν
341 4835 532 4925 ἄλλην·
557 4837 673 4890 καί⁸
710 4855 728 4890 ι
768 4837 860 4909 Μὴ
898 4839 1149 4908 φοϐεῖσθε
1171 4840 1280 4893 ἀπὸ
1311 4841 1419 4892 τῶν
1448 4841 1794 4894 ἀποκτεινόν-

209 4943 316 4978 των
362 4925 425 4980 τὸ
452 4925 676 4996 σῶμαοι
713 4929 841 4981 καί·
898 4947 916 4980 ι
954 4930 1083 4982 Ἀπὸ
1106 4930 1200 4984 τοῦ
1231 4932 1476 5002 αἴροντος
1514 4931 1584 4985 τὰ
1617 4932 1684 4985 σὰ
1716 4931 1791 5004 μὴ

213 5015 434 5067 ἀπαίτει
457 5032 471 5045 ο
521 5036 540 5067 ι
571 5017 665 5070 καί
689 5033 705 5046 ’
747 5039 766 5069 ι
792 5019 1076 5089 Εύλογεῖτε
1108 5022 1236 5086 τοὺς
1278 5023 1590 5089 διώκοντας.
1618 5045 1635 5077 ι
1677 5027 1794 5080 Ἵνα

210 5106 266 5158 δὲ
299 5109 378 5179 μὴ
412 5107 674 5174 ἀδύνατος
708 5111 742 5182 ἡ
769 5112 953 5186 ἐντολὴ
972 5115 1202 5187 νομισθῇ
1225 5117 1377 5188 παρά
1401 5136 1534 5185 τισι,
1561 5118 1650 5172 διὰ
1669 5120 1792 5174 τοῦ-

395 5394 592 5468 ᾼύτόν,
621 5395 774 5468 deest
798 5395 852 5468 in
875 5397 1085 5468 Anglic.

281 5464 356 5532 (ti)
391 5463 618 5546 {{e‘giu-s,
651 5466 741 5546 διὰ
783 5467 892 5546 τῶν
932 5463 1105 5546 adeo?
1133 5471 1312 5540 μελῶν
1358 5473 1610 5546 ἔπασχον.
1648 5475 1790 5532 Editi

215 5547 361 5612 vero,
393 5533 488 5612 διὰ
507 5534 618 5612 τῶν
655 5537 1049 5612 ἐαυτοῦ-μελῶν
1080 5533 1337 5612 ἔπασχεν.

258 5602 357 5686 .(7)
389 5601 595 5673 Regius
654 5601 895 5663 secunda
949 5625 1136 5674 manu,
1193 5601 1256 5683 1;"
1289 5613 1438 5686 παρὰ
1483 5615 1591 5668 τῶν
1645 5616 1788 5670 ἰδίων

215 5687 358 5738 αυτῳ
381 5689 520 5738 γιν-.

283 5726 360 5813 (έ)
392 5726 470 5799 ita
496 5726 699 5818 Regius
726 5763 884 5819 quem
907 5752 1206 5845 sequimur.
1236 5751 1375 5808 Editi
1403 5756 1604 5825 vernn]
1638 5755 1784 5826 παρὰ

1894 4847 1950 4899 in
1994 4846 2075 4898 ira
2119 4843 2882 4911 mansuetudinem;demum
2917 4845 2975 4898 in
3019 4844 3273 4897 omnibus
3299 4842 3473 4895 virtu-

1893 4947 2002 5003 tem
2023 4937 2158 4991 vitio
2181 4938 2562 5008 Opponendam
2595 4937 2834 4992 doceret.
2873 4936 2951 4991 Ac
2982 4936 3217 5006 primum
3248 4934 3471 5005 quidem

1893 5029 2154 5082 docuerat
2209 5030 2533 5098 percutienti
2601 5029 2880 5082 maxillam
2962 5028 3292 5082 offerendam
3347 5041 3471 5081 esse

1893 5123 2056 5178 aliam
2103 5141 2117 5177 :
2160 5129 2236 5187 et,
2285 5141 2304 5174 ι
2340 5121 2420 5178 Ne
2466 5124 2652 5179 timete
2693 5123 2762 5177 ab
2803 5122 2873 5178 iis
2918 5120 3014 5194 qui
3057 5119 3316 5175 occidunt
3345 5132 3473 5172 eor-

1896 5410 2100 5485 ⁸εούιτξων
2150 5411 2366 5485 πληγὴ,
2394 5413 2563 5485 ἀλλ’ἢ
2598 5415 2661 5468 ἐκ
2686 5414 2778 5467 τοῦ
2818 5413 3089 5485 Σωτῆρος.
3133 5410 3304 5485 Paulo
3321 5419 3467 5485 post,

1896 5477 2100 5554 Regius
2120 5490 2189 5554 et
2213 5477 2714 5554 At'ig'lieaniusfqllos
2746 5477 3059 5554 sequimur,
3077 5483 3186 5538 Kal.
3211 5485 3268 5537 ὲν
3295 5477 3470 5554 τούτῳ

1894 5552 2032 5623 γάρ..
2055 5550 2217 5623 Ιξόίῑί,
2250 5550 2360 5606 Kal.
2387 5555 2442 5604 ἐν
2472 5550 2642 5623 τούτὶρ
2669 5553 2782 5607 καί.

1967 5620 2042 5690 (9)
2074 5620 2299 5692 Regius,
2330 5624 2439 5675 Kal.
2478 5625 2568 5675 ἐπὶ
2597 5620 2780 5677 πᾶσιν.
2809 5623 2972 5688 Editi,
3009 5623 3102 5679 καὶ
3131 5626 3224 5680 ἐπι
3260 5625 3468 5680 πᾶσαν.

1897 5688 2042 5755 Max,
2070 5688 2291 5762 Regius,
2328 5693 2590 5766 πρότερον
2624 5693 2720 5765 μὲν
2743 5693 2896 5752 ἐδιδ-.
