3872 6188
365 258 473 319 219

1494 261 1553 316 S.
1594 259 2063 319 ATHANASIUS.
2100 293 2172 304 -
2208 261 2437 318 DUBIA.

3517 262 3629 319 320

371 393 474 450 pus
495 376 572 431 “z
601 396 619 428 ι
643 382 718 442 et,
749 394 768 427 ι
795 374 878 431 Ab
897 390 963 431 eo
992 375 1085 447 qui
1121 382 1216 431 tua
1248 375 1483 443 auferat,
1507 392 1576 432 ne
1595 383 1811 448 repetas
1831 377 1908 432 “z
1932 396 1950 428 ι

2071 393 2119 430 :o
2153 376 2266 447 (l0)
2312 376 2378 430 δι’
2407 372 2602 429 ἑαυτοῦ
2624 371 2693 428 τὰ
2718 372 2895 428 πάντα
2926 372 3167 440 ἐπέδειξε
3202 375 3230 430 6
3263 372 3495 446 Κύριος,
3534 375 3631 429 καὶ

372 479 450 531 et,
494 485 513 518 ‹
564 466 877 522 Benedicite
923 468 1383 537 persequentibus
1426 482 1524 523 vos
1565 467 1629 520 ⁸⁵.
1671 486 1689 518 ι
1725 465 1802 522 Ne
1822 481 1954 521 vero

373 555 706 628 quibusdam
756 555 1099 626 impossibile
1128 556 1407 611 videretur
1429 562 1782 628 praeceptum,
1832 555 1956 609 ideo

372 666 470 721 per
494 666 616 706 sese
643 650 822 705 omnia
846 649 1093 705 exhibuit
1119 647 1381 705 Dominus
1412 669 1425 703 :
1464 656 1627 719 atque
1663 648 1815 703 exiis
1836 662 1958 717 quae

373 755 574 811 passus
603 746 709 805 est,
743 739 919 794 suasit
961 737 1221 793 omnibus
1252 738 1344 807 qui
1397 739 1735 793 contumelia
1780 735 1959 789 allice-

377 842 590 894 rentur,
626 846 695 885 ne
724 830 967 884 vicissim
993 827 1261 883 inferrent
1289 829 1676 884 contumeliam
1715 847 1728 881 :
1771 828 1960 882 vcrheo

377 925 535 990 ratis,
562 939 630 978 ne
658 922 1044 989 verberarent;
1075 921 1274 987 illusis,
1297 936 1365 975 ne
1396 921 1797 985 irascerentur;
1823 934 1958 973 neve

376 1016 446 1073 ab
487 1030 553 1070 eo
602 1014 695 1084 qui
751 1020 942 1067 nostra
990 1009 1225 1080 auferat,
1258 1018 1569 1083 repetamus
1624 1011 1738 1074 illa,
1799 1019 1853 1065 et
1900 1010 1957 1065 in

374 1121 587 1161 summa
623 1120 693 1159 ne
723 1112 954 1159 mortem
976 1116 1408 1173 expavescamus
1434 1119 1451 1164 ;
1483 1102 1593 1155 imo
1623 1101 1801 1171 ipsam
1864 1116 1958 1170 spe

376 1194 691 1249 futurorum
737 1201 1179 1249 contemnamus.
1222 1190 1300 1246 Eo
1327 1192 1471 1246 enim
1525 1190 1709 1254 modo,
1747 1188 1960 1244 facilior

373 1294 459 1342 est
481 1284 711 1340 victoria
747 1283 816 1339 de
861 1283 1078 1338 diabolo
1116 1281 1295 1352 deque
1316 1281 1465 1335 omni
1502 1289 1762 1352 peccato,
1795 1295 1959 1351 quam

375 1379 424 1434 si
448 1394 551 1433 nos
582 1377 685 1448 ipsi
712 1375 1074 1431 vindicemus.
1101 1373 1461 1428 Vindicantes
1483 1375 1724 1439 enim,et
1756 1372 1960 1443 injuria

372 1467 658 1536 injuriam,
707 1464 1042 1519 contumelia
1103 1462 1493 1518 contumeliam
1549 1463 1956 1533 propulsantes,

376 1572 641 1622 augemus
665 1555 973 1625 alimusque
1006 1565 1197 1610 contra
1228 1570 1330 1610 nos
1356 1555 1505 1624 ipsos
1535 1555 1821 1619 malitiam,
1860 1568 1961 1608 nec

373 1647 552 1718 magis
593 1645 849 1702 inimicos
880 1661 1043 1717 quam
1088 1662 1192 1701 nos
1216 1648 1364 1715 ipsos
1391 1646 1666 1710 laedimus,
1704 1646 1774 1701 ob
1821 1660 1958 1700 con-

2056 470 2149 536 ἀφ’
2183 461 2257 523 ὧν
2291 467 2555 538 ἔπασχεν,
2621 465 2807 519 ἔπεισε
2836 465 3043 531 πάντας
3090 465 3507 538 ὑϐριζομένους,
3550 465 3628 536 μὴ

2057 555 2400 627 ἀνθυϐρίζειν
2419 596 2433 620 ,
2465 555 2558 608 καὶ
2583 553 2952 625 τυπτομένους
2970 595 2985 620 ,
3015 554 3091 626 μὴ
3118 553 3495 618 ἀντιτύπτειν,
3533 554 3631 608 καὶ

2057 647 2506 719 χλευαζομένους,
2538 647 2613 717 μὴ
2646 645 2979 718 ὀργίζεσθαι,
3010 645 3105 700 καὶ¹
3134 645 3240 699 ἀπὸ
3266 644 3359 698 τοῦ
3385 646 3633 716 αἴροντος

2056 737 2124 791 τὰ
2146 737 2300 809 ἡμῶν
2330 737 2405 809 μὴ
2435 738 2684 792 ἀπαιτεῖν
2707 755 2721 768 ·
2750 738 2844 792 καὶ
2867 736 3094 789 καθόλου
3123 735 3197 807 μὴ
3226 734 3505 805 φοϐεῖσθαι
3538 735 3634 787 τὸν

2058 829 2288 884 θάνατον
2307 848 2319 859 ·
2355 828 2490 884 ἀλλὰ
2528 831 2623 884 καὶ
2653 831 3011 901 καταφρονεῖν
3039 827 3201 881 αὑτοῦ
3226 830 3292 898 τῇ
3323 827 3495 880 ἑλπίδι
3521 826 3638 879 τῶν

2062 919 2407 992 μελλόντωντ
2460 920 2616 974 Οὕτω
2647 918 2757 992 γὰρ
2787 917 2986 990 μᾶλλον
3036 917 3265 987 εὐχερὴς
3296 918 3330 988 ἡ
3365 914 3504 970 κατὰ
3535 915 3635 968 τοῦ

2058 1011 2304 1065 διαϐόλου
2351 1010 2447 1065 καὶ
2476 1011 2654 1081 πάσης
2686 1009 2960 1081 ἁμαρτίας
2985 1008 3109 1079 νίκη
3139 1007 3396 1076 γένηται,
3442 1006 3476 1077 ἢ
3506 1005 3639 1058 ὅταν

2059 1103 2410 1176 ἀμυνώμεθα.
2450 1104 2800 1174 Ἀμυνόμενοι
2835 1102 2933 1174 μὲν
2962 1100 3069 1172 γὰρ
3102 1099 3196 1153 καὶ
3226 1097 3642 1160 ἀνταδικοῦντες

2059 1201 2184 1263 τοὺς
2204 1197 2623 1262 ἀνταδικοῦντας
2639 1197 2774 1268 (11),
2797 1199 2891 1250 καὶ
2912 1196 3224 1269 ὑϐρίζοντες
3253 1195 3377 1259 τοὺς
3399 1193 3645 1266 ὑϐρίζον-

2059 1309 2177 1355 τας,
2209 1291 2303 1344 καὶ
2324 1288 2627 1360 αὐξάνομεν
2645 1289 2737 1342 καὶ
2755 1291 3026 1361 τρέφομεν
3046 1287 3169 1342 καθ’
3195 1285 3400 1340 ἑαυτῶν
3426 1284 3523 1353 τὴν
3547 1300 3645 1338 κα-

2060 1382 2203 1445 κίαν,
2232 1380 2294 1435 ού
2331 1381 2530 1452 μᾶλλον
2560 1380 2687 1444 τοὺς
2716 1379 2962 1451 ἐχθροὺς,
2992 1379 3106 1433 ἀλλ’
3135 1380 3359 1441 ἑαυτοὺς
3387 1375 3645 1430 ἀδικοῦν-

2060 1491 2151 1538 τες
2173 1476 2239 1545 τῇ
2271 1474 2359 1527 διὰ
2390 1474 2489 1546 τὴν
2526 1471 2726 1527 κακίαν
2763 1472 3027 1542 καταδίκῃ
3066 1471 3162 1524 καὶ
3190 1469 3367 1540 κρίσει
3403 1466 3642 1539 μενούσῃ

2059 1568 2186 1631 τοὺς
2211 1566 2382 1638 ταύτῃ
2409 1565 2817 1638 χρησαμένους·
2848 1564 2974 1618 ὅταν
2993 1564 3068 1629 δὲ,
3099 1562 3174 1625 ὡς
3200 1564 3228 1616 6
3260 1560 3485 1633 Κύριος,
3510 1560 3649 1613 ὑπο-

2068 1659 2314 1731 μένωμεν
2338 1658 2700 1730 ἀδικούμενοι,
2718 1658 2943 1720 καὶτοῖς
2965 1655 3260 1727 λοιδοροῦσι
3278 1653 3376 1725 τὴν
3396 1652 3652 1717 ἀνεξικα-

375 1739 785 1794 demuationem
832 1738 1044 1792 scilicet
1088 1746 1143 1792 et
1189 1737 1457 1808 judicium
1512 1736 1760 1792 futurum
1791 1736 1858 1791 de
1894 1737 1961 1792 iis

2071 1723 2189 1807 κίαν
2210 1723 2579 1821 ἀντιτιθῶμεν
2592 1750 2725 1819 (12),
2740 1748 2923 1812 τοῖςδὲ
2945 1723 3227 1800 ἀπειλοῦσι
3249 1723 3347 1817 τὴν
3367 1743 3645 1816 ἀνδρείαν,

379 1829 478 1899 qui
504 1828 713 1881 malitia
739 1835 989 1882 utuntur.
1026 1827 1162 1882 Cum
1215 1837 1396 1883 autem
1430 1828 1543 1882 laesi
1570 1828 1854 1897 injuriam,
1901 1835 1962 1883 ut

376 1918 666 1984 Dominus,
687 1921 1050 1984 sustinemus,
1085 1929 1138 1975 et
1172 1920 1616 1976 conviciantibus
1641 1921 1964 1991 patientiam

378 2009 730 2080 opponimus,
761 2010 1149 2065 minitantibus
1186 2009 1583 2074 fortitudinem,
1616 2010 1779 2065 morti
1809 2027 1961 2082 spem

377 2099 841 2166 immortalitatis;
879 2100 933 2153 in
996 2100 1082 2154 his
1135 2115 1362 2171 prorsus
1414 2102 1726 2156 cruciamus
1780 2101 1964 2155 inimi-

378 2190 793 2260 cumzipseque
838 2190 1107 2261 ejusmodi
1158 2193 1414 2262 panoplia
1442 2193 1665 2258 decidit,
1706 2207 1814 2264 qua
1861 2207 1962 2248 nos

378 2280 662 2336 instruens
690 2280 897 2337 Paulus
948 2283 1025 2336 ait
1059 2301 1073 2337 :
1113 2299 1132 2333 ι
1186 2280 1399 2339 lnduite
1431 2284 1597 2353 igitur
1626 2291 1963 2337 armaturam

384 2371 506 2436 Dei,
541 2380 601 2425 ut
628 2372 854 2442 possitis
889 2380 1036 2429 stare
1069 2373 1333 2430 adversus
1361 2373 1590 2430 insidias
1618 2374 1822 2429 diaboli
1847 2374 1911 2427 “.
1938 2392 1958 2426 ι

380 2461 510 2519 Haac
544 2464 689 2519 enim
735 2464 974 2534 patiente
1006 2463 1326 2531 Salvatore,
1355 2467 1537 2521 evenit
1584 2465 1717 2520 illud
1759 2484 1772 2521 :
1810 2484 1829 2517 ‹
1875 2464 1968 2521 Vi-

380 2554 572 2612 debam
640 2552 899 2610 Satanam
973 2556 1133 2628 quasi
1190 2555 1374 2628 fulgur
1434 2557 1502 2614 de
1559 2558 1701 2613 cmlo
1748 2558 1966 2614 caden-

381 2656 488 2701 tem
521 2645 586 2701 ".
634 2664 652 2697 ι

451 2736 541 2792 20.
603 2735 797 2792 Statim
834 2736 1004 2808 igitur
1038 2744 1329 2809 postquam
1369 2738 1426 2794 in
1464 2739 1551 2795 his
1585 2756 1706 2797 sese
1736 2750 1963 2799 strenue

383 2830 651 2900 gessisset
684 2828 974 2897 Dominus,
1030 2832 1431 2903 cecidissetque
1470 2835 1758 2904 inimicus,
1792 2836 1968 2908 impo-

382 2928 618 2976 suerunt
671 2921 750 2976 illi
798 2936 1019 2977 crucem
1051 2941 1066 2979 :
1101 2923 1316 2995 signum
1346 2925 1608 2991 victoriae,
1642 2928 1726 2982 vel
1786 2928 1963 2995 inviti,

383 3012 677 3067 adversum
710 3013 924 3083 scipsds
954 3029 1144 3070 revera
1172 3015 1496 3085 praebentes.
1529 3017 1781 3082 Quandiu
1820 3019 1964 3074 enim

383 3113 555 3159 staret
586 3105 870 3171 inimicus,
898 3105 1173 3161 habebant
1224 3107 1513 3165 carnifices
1546 3110 1754 3180 lignum
1781 3128 1796 3179 ;
1839 3126 1964 3166 cum

385 3204 573 3251 autem
598 3198 784 3267 lapsus
818 3196 1136 3267 fractusque
1167 3204 1274 3263 est,
1328 3207 1460 3253 tunc
1484 3208 1744 3270 tropamm
1781 3215 1972 3257 susce-

384 3287 465 3358 pit
491 3287 776 3351 Dominus,
795 3297 847 3343 et
868 3289 972 3344 sibi
997 3289 1283 3358 bajulavit.
1308 3289 1546 3347 Decebat
1575 3294 1776 3364 quippe
1797 3293 1971 3349 victo-

384 3395 503 3434 rem
560 3378 628 3434 de
689 3378 908 3435 diabolo
953 3380 1405 3452 triumphantem,
1465 3382 1682 3439 deferre
1721 3400 1818 3455 per
1847 3400 1971 3441 sese

383 3478 650 3540 tropaeum
672 3509 688 3535 ,
740 3485 843 3525 nec
874 3471 967 3525 alii
1004 3473 1306 3528 concedere
1333 3472 1710 3538 deferendum.
1743 3475 1971 3546 Accepit

386 3569 567 3615 autem
599 3561 667 3617 ab
701 3561 837 3631 ipsis
866 3577 991 3617 cum
1056 3571 1262 3634 tropaeo
1309 3564 1639 3620 vestimenta
1686 3581 1807 3629 sua,
1842 3582 1970 3637 pro-

390 3655 647 3710 ﬁciscens
686 3653 755 3709 ad
789 3666 1056 3723 mortem;
1083 3664 1143 3710 ut
1175 3671 1238 3711 ea
1271 3657 1388 3727 ipsa
1428 3658 1485 3711 in
1518 3666 1696 3713 morte
1721 3667 1966 3715 exueret.

386 3744 514 3802 Ideo
537 3761 760 3803 rursum
776 3755 996 3809 exutus,
1014 3749 1308 3803 concitavit
1326 3749 1447 3805 illos
1471 3756 1527 3803 ut
1545 3765 1604 3805 se
1616 3749 1968 3807 adducerent.

387 3836 527 3893 Dum
560 3837 925 3893 abduceretur
956 3848 1173 3904 autem,
1201 3840 1503 3895 secundum
1536 3839 1971 3910 Joannem,cru-

388 3944 510 3983 cem
570 3929 688 4001 ipse
747 3945 902 3985 suam
961 3931 1247 4000 bajulavit.
1283 3933 1586 3987 secundum
1644 3934 1783 3988 alios
1842 3950 1972 3991 vero

384 4023 773 4093 evangelistas,
818 4021 1007 4078 Simon
1069 4024 1154 4079 vir
1195 4024 1491 4096 Cyrenaeus
1530 4040 1757 4081 crucem
1802 4028 1967 4082 tulit:

384 4115 534 4186 quod
583 4116 927 4171 contrarium
984 4097 1096 4171 non
1155 4124 1241 4173 est
1283 4117 1482 4172 Joanni
1529 4135 1543 4173 :
1596 4104 1776 4189 neque
1825 4119 1971 4175 enim

384 4204 625 4264 Joannes
673 4207 797 4263 aliis
855 4208 1208 4279 evangelistis
1266 4210 1546 4264 contraria
1605 4210 1801 4265 scribit
1821 4252 1847 4286 ,_
1874 4212 1972 4268 sed

386 4306 682 4368 utrumque
722 4297 925 4353 factum
956 4306 1085 4355 est:
1124 4314 1251 4354 nam
1301 4299 1407 4355 sibi
1452 4298 1719 4357 Dominus
1751 4316 1970 4357 crucem

385 4391 677 4461 bajulavit,
695 4398 748 4446 et
766 4406 987 4446 rursum
1019 4399 1209 4463 postea
1244 4389 1435 4447 Simon
1467 4393 1632 4448 homo
1655 4394 1779 4447 tulit
1800 4394 1966 4449 illam.
2001 4411 2044 4466 ι)

384 4482 633 4539 Irimum
694 4485 879 4555 itaque
927 4483 1084 4554 quasi
1117 4484 1319 4540 diaboli
1374 4492 1641 4557 tropaeum
1692 4486 1963 4556 gestabat,

384 4579 728 4648 libenterque
781 4576 886 4632 sibi
921 4592 1142 4633 crucem
1178 4578 1480 4648 bajulavit:
1513 4594 1624 4634 non
1663 4580 1807 4634 enim
1843 4594 1970 4634 coa-

382 4680 510 4727 ctus
537 4678 768 4724 mortem
817 4668 972 4723 adiit.
1016 4668 1094 4723 Ac
1125 4684 1351 4725 rursum
1408 4670 1533 4724 tulit
1576 4669 1725 4723 illam
1779 4666 1969 4724 Simon

384 4760 570 4823 homo,
592 4768 650 4814 ut
681 4760 938 4814 omnibus
972 4768 1163 4815 notum
1187 4767 1355 4828 esset,
1384 4776 1494 4815 non
1527 4775 1625 4815 sua
1650 4758 1965 4823 Dominum,

385 4853 484 4909 sed
515 4853 800 4908 hominum
849 4860 1026 4908 morte
1080 4854 1243 4908 mori.
1279 4852 1377 4909 His
1404 4854 1479 4907 ita
1512 4853 1700 4923 gestis,
1736 4851 1970 4908 festinus

385 4944 455 4999 ad
484 4946 664 5001 locum
694 4944 864 5011 venit,
882 4958 992 5016 quo
1019 4943 1200 5015 ipsum
1224 4945 1280 5000 in
1308 4959 1529 5000 crucem
1547 4943 1845 4999 ascendere
1872 4959 1973 5014 par

456 5099 504 5133 ⁸³
540 5097 732 5154 Matth.
767 5114 836 5163 ι,
867 5097 959 5154 28.
1030 5098 1076 5131 “
1115 5096 1250 5154 Luc.
1283 5113 1337 5153 vr
1359 5138 1375 5164 ,
1405 5097 1495 5154 50.

459 5254 575 5324 (10)
612 5253 713 5307 Διὰ
755 5251 935 5317 τοῦτο,
994 5251 1148 5324 deest
1180 5251 1239 5324 in
1292 5250 1516 5324 Regios
1545 5250 1967 5324 MoxLRegius,

390 5320 1000 5405 ίςτιεδείκχυτο,Αηςιζιὶίιἱ
1020 5320 1400 5405 ἐπεδείκνυενῖ
1426 5320 1590 5405 Ιξάὶξὶ,
1620 5320 1886 5405 ἐπέδειξε.

463 5392 574 5463 (11)
606 5392 947 5459 Basiliensis,
978 5392 1387 5457 ἀνταδικοῦντες
1414 5395 1482 5463 τῇ
1515 5393 1604 5448 διὰ
1634 5394 1684 5446 τ’
1706 5410 1735 5446 ν
1772 5393 1971 5448 κακίαν

463 5462 616 5516 missis
648 5464 863 5521 multis.
892 5463 957 5515 δι’
982 5463 1402 5521 ὁμοιοτέλευτον.
1432 5411 1892 5521 ιὺὶιίοιιι.τὲἰθεζίιιε
1920 5472 1971 5520 et

393 5462 616 5535 olitissis
648 5463 957 5535 multis._6t'
982 5463 1402 5535 ῥμοιοτέλευτον.
1432 5462 1662 5533 Ibidem,
1689 5462 1892 5535 Regius
1920 5472 1974 5520 et

392 5533 566 5600 Angl.
587 5532 715 5594 τοὺς
742 5532 1166 5596 ἀντιδικοῦντας.

468 5599 580 5675 (ξὲ)
604 5602 956 5675 Anglicanus,
998 5602 1324 5675 ἀντιθῶμεν.

469 5670 517 5742 (1
529 5669 584 5743 5)
616 5669 818 5744 Regius
848 5680 902 5728 et
929 5672 1139 5754 Anglic.
1170 5669 1642 5746 ἀνδραγαθεῖσθαι.

2062 1841 2141 1913 τῷ
2166 1841 2223 1894 δὲ
2253 1841 2466 1913 θανάτῳ
2494 1839 2591 1912 τὴν
2617 1838 2806 1893 ἐλπίδα
2828 1838 2928 1908 τῆς
2952 1836 3249 1899 ἀθανασίας
3265 1852 3279 1865 ·
3334 1834 3552 1897 πάντως
3582 1835 3648 1886 ἔν

2061 1934 2274 1998 τούτοις
2300 1935 2577 2005 λυποῦμεν
2598 1933 2691 1987 τὸν
2720 1930 2912 2003 ἐχθρόν
2932 1947 2946 1962 ο
2970 1930 3218 1993 κάκεῖνος
3243 1929 3301 1982 ὲν
3321 1930 3388 1999 τῇ
3413 1924 3651 2000 τοιαύτῃ

2063 2025 2334 2098 πανοπλίᾳ
2354 2025 2705 2089 καταπίπτει,
2735 2026 2793 2077 ἔν
2876 2023 2971 2076 καὶ
2995 2025 3023 2076 6
3046 2021 3258 2085 Παῦλος
3284 2021 3431 2091 ἡμᾶς
3484 2016 3652 2072 καθο-

2064 2118 2267 2183 πλίζων
2310 2117 2510 2189 φησίν·
2541 2135 2560 2169 ι
2596 2112 2919 2169 Ἐνδύσασθε
2958 2108 3050 2167 οὖν
3079 2113 3179 2183 τὴν
3217 2108 3517 2164 πανοπλίαν
3548 2104 3652 2161 τοῦ

2063 2192 2197 2262 Θεοῦ
2217 2248 2232 2273 ,
2262 2208 2351 2262 ἵνα
2380 2205 2647 2278 δυνηθῆτε
2678 2205 2815 2277 πρὸς
2846 2203 2945 2268 τὰς
2975 2203 3253 2275 μεθοδείας
3276 2200 3369 2254 τοῦ
3400 2199 3652 2255 διαϐόλου

2067 2300 2278 2371 στῆναι.
2303 2318 2323 2352 ι
2364 2298 2520 2352 Οὕτω
2549 2297 2657 2368 γὰρ
2697 2297 2793 2351 καὶ
2823 2296 2919 2350 τοῦ
2948 2294 3198 2366 Σωτῆρος
3234 2292 3653 2364 ὑπομείναντος,

2064 2392 2255 2461 γέγονε
2284 2391 2345 2444 τό
2362 2407 2377 2421 ·
2417 2410 2436 2443 ι
2460 2388 2758 2460 Ἐθεώρουν
2775 2388 2867 2444 τὸν
2891 2388 3135 2443 Σατανᾶν
3163 2385 3428 2439 πίπτοντα
3457 2386 3522 2438 ἑκ
3550 2383 3653 2438 τοῦ

2064 2483 2125 2536 οὐ
2136 2481 2298 2557 ρανοῦ
2324 2481 2399 2547 ὡς
2425 2481 2732 2553 ἀστραπήν.
2757 2499 2775 2532 ι
2822 2542 2823 2545 η

2135 2750 2225 2805 20.
2246 2749 2466 2812 Εὐθέως
2484 2746 2615 2817 γοῦν
2641 2745 2779 2818 μετά
2800 2744 2860 2799 τδ
2878 2745 3089 2809 τούτοις
3107 2742 3517 2817 ἀνδραγαθήσαι
3536 2741 3655 2815 (13)

2065 2843 2157 2898 τὸν
2189 2841 2391 2913 Κύριον
2413 2880 2429 2906 ,
2463 2840 2558 2894 καὶ
2586 2840 2771 2892 πεσεῖν
2802 2837 2892 2890 τὸν
2933 2836 3127 2907 ἐχθρὸν
3147 2876 3162 2901 ,
3197 2837 3473 2908 ἐπέθηκαν
3498 2834 3655 2905 αὐτῷ

2067 2935 2160 2988 τὸν
2193 2934 2424 3006 σταυρὸν
2440 2971 2456 2996 ,
2489 2931 2777 3002 γνώρισμα
2803 2929 2905 2999 τῆς
2929 2929 3089 2999 νίκης
3127 2926 3344 2998 ἀληθῶς
3367 2928 3462 2980 καὶ
3486 2926 3659 2980 ἀκον-

2068 3045 2159 3090 τες
2185 3025 2307 3081 καθ’
2338 3023 2544 3078 ἑαυτῶν
2579 3023 2927 3095 παρέχοντες.
2960 3022 3108 3086 Ἕως
3141 3021 3239 3093 μὲν
3270 3019 3379 3092 γὰρ
3409 3019 3659 3087 εἱστήκει

2071 3120 2100 3172 ὁ
2132 3117 2359 3189 ἐχθρὸς,
2398 3110 2544 3185 εῐχον
2574 3115 2624 3167 οἰ
2651 3114 2834 3185 δήμιοι
2867 3111 2927 3165 τὸ
2960 3111 3115 3179 ξύλον
3134 3128 3148 3142 ·
3195 3112 3284 3164 ὅτε
3307 3110 3364 3163 δὲ
3395 3110 3656 3164 πέπτωκε

2071 3206 2166 3259 καὶ
2195 3202 2538 3276 κατερράγη,
2572 3201 2695 3254 τότε
2726 3201 2985 3273 τρόπαιον
3013 3200 3205 3254 ἔλαϐεν
3231 3202 3261 3252 6
3286 3200 3523 3272 Κύριος,
3558 3199 3662 3254 καὶ

2071 3296 2249 3369 ἑαυτῷ
2276 3297 2574 3350 ἐϐάστασεν
2609 3294 2743 3365 (14).
2781 3293 2929 3349 Ἔδει
2955 3292 3066 3364 γὰρ
3089 3293 3181 3346 τὸν
3201 3293 3428 3364 νικητὴν
3454 3292 3661 3364 θριαμ-

2071 3387 2295 3443 ϐεύοντα
2324 3386 2468 3443 κατὰ
2495 3385 2588 3440 τοῦ
2618 3384 2887 3451 διαϐόλου,
2920 3383 2996 3457 μὴ
3020 3383 3163 3455 ἄλλῳ
3185 3386 3507 3455 συγχωρεῖν,
3535 3382 3659 3436 ἀλλ’

2070 3479 2249 3551 ἑαυτῷ
2280 3478 2570 3551 βαστάζειν
2595 3477 2655 3531 τὸ
2676 3476 2958 3549 τρόπαιον.
3022 3475 3325 3546 Ἐλάμϐανε
3358 3474 3416 3528 δὲ
3449 3473 3546 3530 σὺν
3575 3472 3663 3545 τῷ

2068 3574 2315 3645 τροπαίῳ
2345 3572 2440 3625 κα)⁵
2470 3571 2539 3625 τὰ
2570 3571 2761 3641 ἱμάτια
2792 3570 2924 3639 παρ’
2951 3568 3150 3633 αὐτῶν,
3177 3567 3549 3638 ἀπερχόμενος
3575 3566 3663 3629 είς

2069 3667 2160 3721 τὸν
2194 3665 2420 3720 θάνατον
2444 3682 2456 3695 ”
2490 3664 2580 3718 ἵνα
2608 3663 2704 3717 καὶ
2736 3660 2909 3716 ταῦτα
2946 3662 3044 3715 σὺν
3072 3659 3151 3731 τῷ
3177 3659 3392 3731 θανάτῳ
3420 3656 3663 3712 ἀπεκδύ-

2072 3775 2254 3830 σηται.
2290 3756 2388 3810 Διὰ
2417 3754 2611 3821 τοῦτο,
2663 3754 2827 3807 πάλιν
2869 3752 3270 3823 ἐκδυσάμενος,
3320 3749 3661 3804 κατέσπευδε

2070 3852 2196 3914 τοὺς
2231 3849 2541 3916 ἀπάγοντας
2572 3846 2725 3915 ἀγειν
2754 3844 2936 3899 αὐτόν.
2978 3844 3068 3906 Ὠς
3095 3842 3150 3895 δὲ
3180 3843 3426 3913 ἀπήγετο
3446 3882 3463 3909 ,
3510 3840 3662 3894 κατὰ

2075 3941 2173 4012 μὲν
2200 3940 2290 3993 τὸν
2327 3939 2602 4008 Ἰωάννην,
2628 3934 2804 4007 ἑαυτῷ
2824 3935 2914 3989 τὸν
2942 3934 3174 4004 σταυρὸν
3196 3932 3486 3998 ἑϐάσταζε,
3512 3931 3663 3985 κατὰ

2070 4032 2127 4085 δὲ
2168 4033 2295 4095 τοὺς
2337 4031 2528 4094 ἄλλους
2562 4026 2953 4097 εύαΠελιστάς
2974 4067 2989 4093 ,
3022 4028 3204 4098 Σίμων
3245 4028 3275 4080 6
3313 4025 3598 4096 ἄνθρωπος
3628 4027 3663 4078 ὁ

2072 4121 2180 4177 ἀπὸ
2210 4120 2468 4194 Κυρήνης
2503 4119 2664 4191 ἔφερε
2696 4119 2788 4174 τὸν
2820 4118 3072 4190 σταυρόν.
3098 4119 3255 4171 Ἔστι
3282 4117 3340 4170 δὲ
3368 4117 3470 4171 οὐκ
3496 4118 3661 4170 ἔναν-

2071 4213 2185 4266 τίον
2217 4210 2294 4282 τῷ
2332 4210 2553 4282 Ἰωάννῃ
2574 4227 2587 4240 ·
2623 4210 2745 4263 οὐδὲ
2778 4209 2888 4282 γὰρ
2917 4211 2946 4262 6
2991 4208 3243 4280 Ἰωάννης
3275 4207 3512 4262 ἑναντίον
3535 4206 3659 4277 (15)

2071 4306 2184 4367 τοῖς
2213 4302 2393 4366 ἄλλοις
2421 4301 2625 4373 γράφει
2645 4341 2660 4367 ,
2694 4302 2807 4355 ἀλλ’
2841 4301 3130 4372 ἀμφότερα
3156 4299 3379 4369 γέγονεν
3406 4299 3497 4353 ἐπὶ
3535 4298 3669 4351 τού-

2073 4410 2167 4446 του
2187 4409 2202 4423 °
2238 4391 2462 4462 καὶγὰρ
2488 4392 2583 4445 καὶ
2617 4390 2796 4462 ἑαυτῷ
2827 4392 2854 4444 6
2897 4390 3102 4462 Κύριος
3141 4388 3235 4442 τὸν
3267 4388 3499 4459 σταυρὸν
3530 4386 3670 4442 ἑϐἀ-

2076 4482 2257 4548 σταζε,
2288 4483 2382 4536 καὶ
2408 4480 2568 4535 πάλιν
2591 4481 2772 4552 Σίμων
2798 4483 2826 4535 6
2843 4479 3125 4552 ἄνθρωπος
3149 4479 3342 4550 ἔφερεν
3372 4478 3557 4535 αὐτόν.
3574 4477 3668 4543 Ὠς

2078 4575 2176 4646 μὲν
2204 4570 2297 4628 οὖν
2340 4572 2483 4629 κατά
2512 4573 2608 4627 τοῦ
2640 4573 2888 4627 διαϐόλου
2914 4572 3173 4644 τρόπαιον
3205 4570 3469 4634 ἔϐἀσταζε
3502 4567 3668 4641 πρῶ-

2073 4684 2186 4731 τον,
2211 4666 2472 4729 ἑκουσίως
2496 4665 2553 4718 δὲ
2581 4665 2676 4718 καὶ
2700 4664 2792 4719 τὸν
2824 4663 3052 4736 σταυρὸν
3085 4662 3280 4734 ἔφερεν
3308 4659 3514 4731 ἑαυτῷ⁶
3567 4660 3670 4713 καὶ

2075 4760 2181 4832 γὰρ
2205 4760 2307 4813 οὐκ
2327 4757 2767 4828 ἀναγκαζόμενος
2791 4757 2991 4828 ἡρχετο
3013 4755 3108 4809 ἐπὶ
3141 4755 3233 4810 τὸν
3264 4755 3491 4808 θάνατον
3519 4751 3661 4823 (16).

2076 4853 2187 4906 Καὶ
2220 4851 2382 4906 πάλιν
2403 4850 2461 4905 δὲ
2482 4848 2778 4914 ἐϐάσταζεν
2805 4848 2966 4902 αὑτὸν
2989 4849 3171 4918 Σίμων
3193 4848 3222 4900 6
3241 4845 3547 4917 ἄνθρωπος,
3573 4844 3670 4896 ἵνα

2076 4944 2293 5017 γνωσθῇ
2329 4944 2496 4999 πᾶσιν
2515 4981 2531 5008 ,
2563 4942 2649 4996 ὅτι
2672 4941 2733 4996 οὐ
2768 4941 2861 4995 τὸν
2895 4938 3090 4994 ἑαυτοῦ
3109 4978 3125 5006 ,
3155 4937 3293 4993 ἀλλά
3321 4937 3414 4992 τὸν
3434 4935 3543 4990 τῶν
3568 4937 3670 4990 ἀν-

1572 5098 1618 5130 ⁶⁸
1659 5097 1848 5153 Matth.
1889 5115 1937 5164 τ,
1970 5098 2062 5154 ﬂ.
2137 5098 2185 5132 “
2224 5098 2425 5170 Ephes.
2460 5114 2553 5163 vl,
2589 5098 2678 5154 1-1.
2754 5097 2799 5129 ⁸⁷
2838 5095 2975 5154 Luc.
3008 5112 3083 5163 ι,
3119 5094 3211 5152 18.

2103 5253 2263 5340 ,(14)
2292 5253 2423 5319 Alii,
2469 5252 2790 5320 ἐϐάστασεν,
2837 5254 2952 5321 alii,
3003 5250 3303 5319 ἑϐάσταξεν
3351 5252 3578 5317 habent,
3605 5259 3671 5308 et

2072 5324 2342 5381 sic'infra.

2145 5396 2259 5532 ξιξ)
2290 5394 2516 5480 Regius,
2551 5395 2790 5479 ἐναντία,

2171 5468 2259 5532 ib)
2299 5468 2585 5532 Anglican.
2614 5468 2790 5519 ἑκουσι

2299 5461 2585 5539 Anglican.
2614 5466 2878 5539 ἑκουσίως
2915 5467 3012 5539 καὶ
3039 5465 3131 5520 τὸν
3171 5464 3404 5539 σταυρὸν
3426 5461 3661 5539 ἔφερεξς

2074 5526 2253 5619 ἑαυτῷ
2284 5526 2514 5619 γὰρνκα).
2538 5539 2638 5619 ob}
2662 5526 2884 5619 ἀναγκέ.
2928 5535 3152 5619 [tegit-ts,
3197 5526 3433 5619 πρῶτον,

2076 5610 2171 5663 καὶ
2196 5604 2443 5662 τδνσταυ
2456 5608 2545 5681 ρὸν
2583 5608 2775 5679 ἔφερεν
2804 5605 3000 5676 ἑαυτῷ.
3018 5604 3032 5607 θ
3050 5604 3257 5677 Ἑαυτῷ
3281 5604 3390 5678 γὰρ
3423 5604 3513 5657 καὶ
3533 5604 3663 5657 οὐκ.
