3872 6188
225 327 322 384 221
1265 334 1350 389 DE
1391 334 1734 392 PASSIONE
1772 335 1861 392 ET
1887 333 2123 393 CRUCE
2165 334 2424 392 DOMINI.
3403 333 3512 388 2'12

223 441 462 513 ϐρώσεων
491 443 829 517 ἀποθνήσκει
861 445 1091 502 θάνατον
1135 450 1165 502 6
1211 449 1436 524 Κύριος.
1495 451 1714 504 Τούτων

1980 458 2070 516 -at,
2103 459 2165 505 ut
2217 448 2641 520 chirographum
2672 457 2865 504 contra
2896 465 2999 505 nos
3043 449 3330 521 scriptum,
3366 451 3509 520 quod

222 535 397 600 οὕτως
424 537 772 609 γενομένων,
828 538 1050 614 ἔρχεται
1085 541 1332 598 σπεύδων
1365 544 1458 597 ἐπὶ⁸
1505 543 1598 596 τὸν
1637 543 1751 596 τόπι

1983 558 1998 596 )
2029 541 2270 595 inimicis
2303 541 2608 594 abstulerat
2657 539 2898 610 adigeret
2928 540 3102 603 cruci,
3141 550 3304 610 alque
3333 543 3512 596 exutis

218 625 350 680 ἔνθα
378 629 479 682 καὶ
525 629 839 682 ἀναϐαίνειν
886 631 1020 684 αὐτὸ
1051 633 1144 685 ἐπὶ
1169 633 1263 686 τὸν
1297 633 1533 706 σταυρὸν
1565 633 1705 693 ἔδει,
1739 633 1747 684 1

1983 634 2332 704 έίηοίροιίὴιιε
2359 641 2414 688 et
2449 633 2839 704 potestatibus,
2878 647 3002 686 cum
3063 631 3260 686 ﬁducia
3303 633 3427 687 illos
3457 633 3512 686 in

217 718 279 770 τὸ
297 719 425 771 καθ’
449 720 610 790 ἡμῶν
631 722 1021 793 χειρόγραφον,
1048 725 1185 796 ὅπερ
1205 724 1312 778 ἀπὸ
1337 724 1447 778 τῶν
1470 723 1680 798 ἐχθρῶν
1702 722 1746 796 ﬁt

1984 741 2099 782 'uce
2137 727 2468 790 traduceret,
2503 726 2571 780 de
2608 725 2716 779 illis
2745 725 3132 795 triumpharet,
3171 726 3513 778 ostenderet-

219 810 559 884 προσηλὼσῃ
588 811 669 882 τῷ
698 812 952 884 σταυρῷ,
998 815 1096 867 καὶ
1125 815 1573 886 ἀπεκδυσάμενος
1605 817 1703 880 τὰς
1730 818 1748 870 ὀ

1984 834 2038 873 ιο
2065 826 2314 888 ereptum
2348 834 2416 872 ex
2457 819 2614 872 leone
2649 817 2926 870 hominem
2962 834 2974 870 :
3008 831 3072 868 ac
3121 815 3337 868 demum
3385 829 3513 883 pro-

216 902 318 971 χάς
357 903 455 954 καὶ
485 903 590 964 τάς
611 901 865 966 ἐξουσίας
885 943 899 966 ,
931 906 990 957 ἐν
1021 907 1306 977 παρρησίᾳ
1339 906 1666 978 δειγματίσῃ
1699 924 1745 958 τι

1987 913 2049 965 ’ἰο
2084 914 2351 970 sanguine
2375 917 2579 965 terram
2607 917 2944 980 aspergeret,
2982 908 3329 965 emundaret,
3353 915 3516 976 atque

216 1010 346 1056 τους
373 995 430 1045 ἐν
446 993 529 1062 τῷ
550 993 692 1062 ξύλῳ
709 993 1065 1064 θριαμϐεύων
1089 996 1208 1048 κατ’
1230 995 1431 1058 αὐτῶν,
1456 996 1550 1048 καὶ
1565 995 1745 1049 δεικνύ

1990 1003 2328 1074 ἀεκρίιιιοι.
2352 1000 2404 1054 ld
2435 1017 2560 1054 cum
2595 999 2844 1054 facturus
2870 1007 3016 1053 esset
3040 998 3191 1052 exuit
3222 997 3519 1052 vestimen-

213 1085 307 1136 τὸν
346 1084 735 1138 ἐκσπασθέντα
770 1087 834 1138 ἐκ
863 1085 961 1139 τοῦ
1000 1085 1213 1151 λέοντος
1241 1086 1526 1157 ἄνθρωπον
1547 1128 1560 1151 ,
1593 1089 1688 1142 καὶ
1716 1089 1742 1140 λ

1993 1133 2006 1146 .
2046 1095 2280 1149 Deccbat
2314 1094 2460 1148 enim
2490 1108 2638 1154 eum,
2679 1109 2802 1145 cum
2837 1092 3112 1146 hominem
3146 1091 3517 1146 introduceret

217 1178 320 1229 πδν
371 1177 451 1248 τῷ
510 1177 628 1246 ἰδίῳ
659 1178 854 1247 αἵματι
885 1179 1088 1250 ραίνων
1120 1178 1213 1232 καὶ
1241 1178 1553 1249 καθαρίζων
1583 1179 1682 1251 τὴν
1723 1197 1746 1249 γ

2023 1186 2365 1256 paradisum,
2418 1185 2635 1239 tunicas
2675 1199 2898 1250 exuere,
2935 1198 3073 1252 quas
3105 1181 3315 1253 accepit
3343 1181 3519 1236 Adam

216 1269 316 1340 ἁρέ
326 1285 551 1337 σκηται.
580 1268 806 1321 Μέλλων
827 1269 886 1322 δὲ
907 1268 1068 1321 τοῦτο
1090 1273 1283 1332 ποιεῖν,
1304 1269 1452 1335 ἐξεδύ
1462 1287 1591 1322 σατο
1611 1271 1678 1324 τά
1703 1271 1745 1340 ξι

1991 1295 2062 1332 Im
2097 1295 2161 1334 ex
2189 1277 2448 1348 paradiso
2479 1277 2884 1331 exturbarctur.
2921 1274 3059 1328 Cum
3099 1275 3240 1328 enim
3273 1275 3362 1328 ille
3394 1288 3520 1344 pce-

216 1377 328 1412 τια.
360 1360 514 1413 Ἐδει
535 1360 649 1432 γάρ
669 1361 851 1425 αὐτὸν,
885 1361 1176 1429 εἰσάγοντα
1206 1361 1296 1414 τὺν
1321 1363 1606 1434 ἄνθρωπον
1631 1365 1745 1426 εἰςη

1990 1377 2139 1431 isset,
2177 1384 2241 1424 ac
2281 1368 2500 1422 demum
2541 1366 2842 1419 moriturus
2904 1373 3071 1429 esset,
3119 1364 3328 1434 accepit
3362 1364 3519 1434 pelli-

217 1453 580 1525 παράδεισον,
616 1452 1032 1506 ἀπεκδύσασθαι
1063 1454 1190 1516 τοὺς
1217 1453 1476 1523 χιτῶνας,
1513 1453 1606 1518 οὓς
1636 1455 1746 1508 ἐλαί

2000 1477 2061 1516 as
2095 1468 2300 1525 vestes,
2333 1476 2399 1514 ex
2439 1458 2672 1513 mortuis
2712 1456 3041 1512 animalibus
3076 1455 3269 1524 factas,
3306 1455 3525 1528 symbo-

215 1547 243 1598 6
289 1546 471 1615 Ἀδάμ
506 1545 906 1616 ἐκϐαλλόμενος
934 1547 998 1598 ἐκ
1033 1544 1126 1598 τοῦ
1161 1545 1514 1616 παραδείσου.
1551 1547 1682 1600 Ὅτε
1715 1565 1744 1616 γ

1608 1552 1682 1600 ’τε
1715 1548 1825 1620 γὰρ
1931 1552 2047 1606 lum
2077 1552 2270 1606 mortis
2307 1551 2378 1605 ob
2411 1557 2696 1621 peccatum
2740 1549 2844 1605 sibi
2881 1549 3137 1604 inductae.

213 1642 465 1712 ἥμαρτε,
499 1641 595 1695 καὶ
619 1641 806 1694 λοιπὸν
833 1640 1069 1712 ἤμελλεν
1098 1641 1484 1711 ἀποθνήσκειν,
1517 1643 1677 1696 ἔλαϐε
1706 1645 2064 1717 δερματίνους
2103 1648 2356 1719 χιτῶνας,
2402 1649 2467 1699 ἐκ
2509 1645 2722 1718 νεκρῶν
2777 1644 2933 1708 ζώων
2982 1643 3329 1716 γενομένους,
3379 1642 3522 1716 σύμ-

218 1735 384 1789 ϐολον
430 1735 597 1797 ὄντας
644 1736 744 1805 τῆς
781 1733 869 1786 διὰ
893 1735 996 1805 τὴν
1023 1733 1294 1805 ἁμαρτίαν
1325 1735 1648 1806 νεκρώσεως
1675 1739 1825 1810 αὑτῷ
1861 1742 2324 1812 προσγενομένης.

285 1826 355 1880 2!
369 1868 381 1878 .
422 1826 568 1878 Ἀλλ’
585 1829 614 1880 6
632 1827 857 1898 Κύριος,
880 1829 909 1880 6
930 1828 1109 1882 πάντα
1131 1827 1196 1880 τὰ
1213 1829 1246 1898 ή
1255 1826 1370 1898 μῶν
1389 1829 1456 1881 δι’
1475 1830 1623 1899 ἡμᾶς
1641 1831 1814 1883 ἀναδει

2001 1834 2092 1888 21.
2126 1833 2230 1888 Sed
2269 1833 2551 1895 Dominus,
2580 1831 2672 1901 qui
2702 1839 2925 1900 propter
2956 1843 3058 1884 nos
3102 1828 3284 1883 omnia
3332 1839 3523 1885 nostra

216 1919 479 1990 ξάμενος,
519 1919 810 1973 ἐνεδύσατο
827 1919 1001 1973 ταῦτα
1027 1959 1041 1983 ,
1069 1921 1156 1972 ἵνα
1187 1921 1281 1972 καὶ
1311 1920 1710 1990 ἀπεκδύσηται,
1735 1939 1745 1972 ι

1995 1927 2205 1995 Iscepit,
2237 1925 2328 1979 illa
2368 1925 2569 1987 induit,
2604 1932 2664 1978 ut
2695 1932 2819 1994 post
2839 1931 3090 1986 exueret,
3125 1929 3178 1976 et
3215 1921 3413 1975 horum
3440 1921 3524 1974 lo-

217 2014 343 2066 άντὶ
363 2012 579 2065 τούτων
595 2013 746 2081 ἡμᾶς
769 2011 965 2085 ἐνδύσῃ
983 2013 1082 2082 τὴν
1100 2010 1242 2082 ζωὴν
1263 2013 1358 2064 καὶ
1374 2012 1472 2083 τὴν
1495 2012 1746 2083 ἀφθαρσί‹

1994 2039 1999 2064 ›
2032 2031 2135 2070 nos
2161 2017 2414 2071 indueret
2440 2018 2552 2070 vita
2585 2026 2639 2070 et
2663 2015 3080 2084 incorruptione
3108 2033 3121 2069 :
3150 2013 3328 2068 induit
3357 2013 3523 2068 etiam

217 2103 592 2158 ἐνεδύσατοδὲ
619 2103 757 2174 μετὰ
781 2104 987 2158 τούτων
1015 2103 1110 2157 καὶ
1133 2102 1337 2173 χιτῶνα
1359 2103 1606 2174 ἄρραφον
1630 2106 1693 2156 ἐκ
1721 2121 1746 2157 τ

1993 2125 2057 2162 Im
2099 2108 2186 2164 his
2237 2116 2443 2164 vestem
2486 2108 2875 2162 inconsutilem
2927 2107 3164 2176 desuper
3211 2115 3522 2161 contextam

216 2196 428 2250 ἀνωθεν
460 2195 703 2264 ὐσαντὸν
733 2194 798 2247 δι’
828 2194 954 2247 ὅλου
992 2194 1284 2265 γενόμενον
1305 2211 1317 2226 ·
1368 2195 1456 2247 ἵνα
1485 2193 1587 2248 κᾶν
1615 2195 1678 2248 ἐκ
1710 2213 1745 2248 τι

1994 2218 2032 2255 er
2054 2208 2336 2268 totum;ut
2363 2203 2553 2257 saltem
2579 2217 2644 2255 ex
2679 2201 2801 2256 istis
2830 2207 3055 2270 possent
3077 2197 3249 2253 Juda3i
3278 2198 3523 2264 credere,

217 2305 325 2341 των
361 2288 483 2357 (l7)
520 2286 817 2339 πιστεῦσαι
849 2285 1157 2356 δυνηθῶσιν
1199 2288 1247 2340 οί
1295 2287 1574 2349 Ἰουδαῖοι,
1603 2287 1688 2350 τίς
1713 2288 1746 2339 ἐκ

1994 2296 2059 2349 iis
2089 2303 2144 2349 et
2168 2295 2314 2348 unde
2348 2302 2495 2348 esset
2524 2294 2617 2363 qui
2652 2292 2768 2345 hzec
2800 2291 3058 2346 indueret
3087 2310 3100 2345 :
3135 2307 3242 2344 non
3282 2307 3348 2345 ex
3380 2297 3523 2344 terra

219 2382 314 2433 καὶ
346 2379 518 2433 πόθεν
537 2380 566 2430 6
592 2379 956 2448 ἐνδυσάμενος
974 2378 1148 2432 ταῦτα
1171 2397 1184 2409 ·
1209 2381 1291 2433 ὅτι
1313 2379 1414 2432 οὑκ
1437 2379 1546 2432 ἀπὸ
1568 2380 1692 2450 γῆς,
1713 2381 1747 2432 ἀ

2001 2385 2169 2449 ilicet,
2191 2387 2286 2440 sed
2321 2384 2558 2452 desuper
2587 2380 2876 2436 advenisse
2890 2379 3155 2444 Verbum,
3187 2395 3366 2449 neque
3388 2378 3527 2432 divi-

218 2471 434 2526 ἄνωθεν
474 2472 779 2542 ἐρχόμενος
819 2466 888 2541 ἦν
917 2473 945 2524 6
970 2471 1176 2538 Λόγος,
1212 2473 1306 2526 καὶ
1337 2471 1419 2524 ὅτι
1459 2471 1520 2523 οὐ
1552 2489 1746 2543 μεριστ

1999 2476 2092 2530 sile
2120 2474 2215 2530 sed
2243 2473 2579 2529 indivisibile
2603 2471 2785 2526 Patris
2810 2469 3051 2525 Verbum
3069 2485 3214 2533 esse,
3236 2470 3528 2539 ipsumque

368 2563 679 2634 ἀμέριστός
713 2564 863 2616 ἐστιν
887 2563 915 2615 6
940 2563 1115 2632 Λόγος
1143 2564 1172 2615 6
1192 2562 1285 2616 τοῦ
1307 2563 1544 2634 Πατρός,
1577 2563 1692 2629 καὶ,
1726 2564 1748 2616 ξ

1998 2570 2141 2617 ctum
2179 2563 2478 2626 hominem,
2517 2576 2627 2616 non
2659 2568 2952 2616 consulum
2979 2574 3183 2629 corpus
3217 2575 3281 2613 ex
3309 2559 3428 2612 viro
3471 2563 3527 2613 et

219 2654 523 2725 γενόμενος
554 2653 847 2723 ἄνθρωπος
871 2695 884 2718 ,
915 2653 1017 2707 οὐκ
1049 2653 1398 2726 ἐρραμμένον
1431 2649 1548 2723 εἶχε
1579 2654 1642 2706 τὸ
1674 2654 1748 2706 σῶ

2003 2654 2175 2710 uliere
2200 2655 2478 2718 habuisse,
2514 2653 2612 2709 sed
2637 2667 2702 2708 et
2731 2654 2848 2708 sola
2881 2650 3109 2722 Virgine
3137 2657 3255 2705 arte
3285 2648 3529 2720 Spiritus

219 2745 280 2810 ἐξ
332 2744 536 2816 ἀνδρὸς
572 2745 670 2796 καὶ
699 2743 986 2813 γυναικὸς,
1030 2744 1145 2797 ἀλλ’
1180 2747 1244 2797 ἐκ
1307 2744 1588 2815 Παρθένου
1645 2745 1748 2816 μόνη

1998 2755 2275 2803 intextum.
2300 2746 2457 2801 Unde
2479 2747 2679 2801 milites
2710 2745 2816 2799 alia
2849 2744 3070 2814 quidem
3097 2743 3421 2798 vestimenta
3443 2741 3527 2795 di-

219 2838 545 2908 ῡφασμένον
678 2837 772 2891 τοῦ
797 2837 1116 2909 Πνεύματος
1143 2837 1330 2910 τέχνῃ.
1373 2837 1533 2891 Ὅθεν
1565 2839 1616 2890 oi
1649 2837 1712 2908 δή
1723 2855 1748 2907 μ

1998 2839 2150 2901 dunt,
2170 2854 2291 2909 quae
2321 2837 2619 2892 divisibilia
2651 2844 2830 2900 erant,
2853 2844 2907 2890 et
2935 2837 2987 2890 in
3012 2842 3252 2905 quatuor
3275 2833 3527 2909 dividunt

219 2933 289 2985 τὰ
321 2932 424 3001 μὲν
457 2930 600 2984 ἄλλα
628 2930 1039 3001 διαμερίζονται
1072 2929 1261 3000 ἱμάτια
1282 2969 1298 2993 ,
1352 2931 1583 3001 μεριστὰ
1609 2930 1717 3002 γὰρ
1743 2928 1748 2963 ⁵

1998 2938 2124 2984 ιτιεε
2162 2948 2175 2983 :
2210 2930 2339 3000 quia
2375 2942 2474 3000 pro
2504 2935 2732 3000 peccato
2776 2927 2928 2982 orbis
2961 2926 3017 2980 in
3057 2933 3294 2995 quatuor
3344 2929 3527 2994 partes

219 3024 312 3077 καὶ
329 3026 412 3086 είς
427 3022 681 3093 τέσσαρα
696 3019 1100 3094 διαμερίζονται
1116 3038 1129 3052 ’
1155 3020 1367 3094 καὶγὰρ
1387 3023 1527 3094 ὑπὲρ
1546 3023 1645 3093 τῆς
1663 3023 1748 3092 ἀμ

1999 3023 2100 3078 visi
2131 3023 2186 3076 in
2218 3023 2486 3076 orientem
2523 3021 2754 3087 scilicet,
2802 3018 3167 3078 occidentem,
3213 3014 3525 3086 aquilonem

220 3115 341 3178 τίας
387 3114 511 3183 (18)
541 3112 645 3183 τῆς
684 3112 1060 3184 πτραμεροῦς
1092 3113 1418 3184 οἰκουμένης
1461 3113 1606 3167 κατὰ
1642 3115 1744 3167 ἀνα

2021 3115 2327 3179 meridiem,
2361 3114 2452 3167 illa
2495 3113 2744 3184 gestabat
2777 3131 2789 3165 :
2818 3111 3022 3182 quibus
3075 3109 3327 3162 indutum
3373 3106 3529 3160 illum

218 3206 339 3277 λὴν,
371 3208 474 3262 καὶ
505 3205 682 3269 δύσιν,
718 3206 812 3258 καὶ
837 3204 1059 3276 ἄρκτον,
1087 3205 1182 3258 καὶ
1212 3203 1564 3277 μεσημϐρίαν
1583 3245 1599 3270 ,
1642 3207 1744 3276 ἐφό

1999 3210 2294 3278 mspicatus
2345 3205 2610 3269 Joannes,
2647 3206 2723 3259 ait
2771 3223 2786 3259 :
2823 3223 2842 3256 ι
2901 3203 3041 3259 Ecce
3086 3201 3276 3273 Agnus
3303 3199 3400 3254 Dei
3434 3201 3528 3269 qui

219 3299 429 3352 ταῦτα’
464 3299 617 3368 άπερ
646 3295 934 3368 θεωρήσας
956 3298 984 3349 ὁ
1017 3297 1268 3366 Ἰωάννης
1300 3295 1648 3368 ἐνδεδυμένον
1673 3299 1748 3352 αὐι

2004 3301 2084 3354 Ilit
2108 3309 2390 3370 peccatum
2424 3298 2698 3352 mundi“.
2737 3317 2756 3350 ι
2795 3294 2978 3352 Solam
3000 3295 3241 3349 tunicam
3275 3291 3533 3348 scindere

222 3392 412 3459 ἔλεγεν
434 3410 449 3421 ο
493 3409 512 3441 ι
549 3389 651 3443 Ἰδὲ
678 3390 707 3440 6
732 3387 904 3459 ἀμνὸς
931 3387 1027 3441 τοῦ
1057 3387 1194 3440 Θεοῦ
1218 3427 1234 3453 ,
1265 3389 1294 3442 6
1322 3388 1492 3460 αἴρων
1522 3389 1619 3460 τὴν
1651 3391 1751 3461 ἀμ(

1998 3409 2051 3447 )ιι
2087 3398 2405 3462 potuerunt,
2434 3397 2647 3445 terrore
2674 3389 2815 3459 signi
2844 3403 2941 3458 per
2956 3402 3076 3442 eam
3102 3385 3354 3441 exhibiti.
3375 3383 3527 3437 Erat-

221 3485 346 3539 τίαν
381 3482 482 3537 τοῦ
525 3482 760 3552 κόσμου.
792 3499 812 3532 ι
863 3480 969 3533 Τὸν
1002 3479 1207 3550 χιτῶνα
1241 3481 1352 3550 (l9)
1385 3483 1545 3553 μόνον
1582 3482 1683 3535 οὐκ
1711 3483 1750 3552 η

1999 3501 2049 3540 Ie
2075 3483 2208 3538 illud
2229 3499 2336 3537 non
2367 3480 2742 3552 ipsorum,sed
2765 3480 3022 3550 suspensi
3050 3477 3352 3532 Salvatoris
3369 3491 3527 3546 opus.

223 3576 478 3648 γήθησαν
510 3575 701 3645 σχίσαι
726 3572 879 3643 φόϐῳ
905 3573 1001 3626 τοῦ
1025 3573 1091 3627 δι’
1113 3574 1280 3628 αὐτοῦ
1305 3573 1716 3645 γνωριζομένου
1744 3593 1752 3625 ‹

1999 3591 2075 3628 am
2104 3589 2432 3644 suspensus,
2472 3582 2533 3627 ut
2563 3572 2748 3637 homo,
2782 3572 3128 3642 principatus
3158 3571 3528 3640 persequeba-

227 3671 410 3742 μείου.
437 3669 558 3723 Καὶ
585 3668 750 3721 τοῦτο
774 3667 884 3740 γὰρ
910 3667 1011 3720 οὐκ
1033 3667 1235 3735 αὐτῶν,
1266 3667 1402 3721 ἀλλά
1431 3668 1524 3720 τοῦ
1549 3685 1756 3740 κρεμαι

2006 3682 2053 3728 r,
2084 3665 2360 3722 diabolum
2392 3664 2914 3736 comprehendebat,
2973 3662 3266 3717 carniﬁces
3320 3669 3529 3731 perter-

224 3781 320 3815 νου
343 3762 616 3833 ﬁet-ﬁgo;
643 3759 706 3812 τὸ
739 3759 920 3831 ἔργον.
959 3758 1072 3812 Καὶ
1104 3759 1215 3831 γὰρ
1247 3760 1621 3831 κρεμάμενος,
1652 3758 1753 3823 ὼς‹

2000 3760 2120 3823 ικιι,
2145 3775 2214 3814 ne
2231 3758 2549 3814 scinderent
2584 3757 2826 3810 tunicam
2855 3774 2868 3810 :
2899 3762 2957 3808 ut
2982 3761 3238 3809 manente
3263 3754 3376 3818 illa,
3412 3766 3529 3806 ma-

227 3854 478 3925 θρωτεος,
509 3853 616 3915 τὰς
645 3852 742 3923 μὲν
770 3851 948 3923 άρχάς
971 3850 1182 3917 ἐδίωκε,
1213 3852 1305 3904 τὸν
1325 3851 1384 3904 δὲ
1433 3849 1676 3904 διάϐολον
1707 3867 1756 3903 xc

2002 3859 2099 3907 :ret
2145 3850 2470 3906 Judzeorum
2523 3849 2820 3913 convictio,
2856 3864 2978 3918 qua:
3020 3863 3127 3901 non
3177 3847 3351 3900 multo
3407 3851 3531 3916 post

227 3946 514 4018 ελάμϐανε
537 3987 553 4010 ,
610 3945 740 4008 τοὺς
776 3945 834 3998 δὲ
883 3944 1112 4014 δημίους
1139 3942 1355 4014 ἐφόϐει,
1389 3942 1463 4014 μὴ
1509 3939 1716 4012 σχίζειν
1747 3959 1756 3975 ι

2003 3943 2171 4008 :cidit,
2205 3959 2329 3998 cum
2364 3943 2543 3998 scisso
2596 3943 2739 4007 velo,
2775 3941 2962 3994 tunica
3018 3939 3322 3994 Salvatoris
3356 3936 3532 3991 divisa

226 4040 472 4112 χιτῶνα·
511 4038 604 4090 ἵνα
629 4080 643 4103 ,
669 4037 860 4090 τούτου
889 4037 1164 4107 μένοντος,
1198 4037 1337 4109 μένῃ
1360 4035 1458 4090 καὶ
1478 4036 1506 4087 ὁ
1535 4034 1681 4088 κατά
1708 4036 1755 4087 Ἰ.

2005 4051 2055 4090 ιιι
2085 4043 2172 4090 est
2201 4048 2230 4088 a
2261 4034 2653 4100 carniﬁcibus;
2681 4032 2775 4088 sed
2807 4033 3016 4102 integra
3059 4028 3381 4101 permansit.
3419 4025 3534 4081 Ma-

222 4130 398 4185 δαίων
432 4127 686 4198 ὓεγχος,
723 4129 751 4179 6
783 4127 900 4197 μετ’
933 4128 994 4180 οὺ
1033 4126 1166 4179 πολὺ
1196 4127 1510 4197 γενόμενος,
1543 4124 1710 4177 ὅτιτὸ
1742 4142 1751 4194 ι

2008 4136 2038 4181 :t
2089 4127 2237 4183 enim
2296 4126 2652 4196 Evangelium
2707 4139 2924 4194 semper
2969 4124 3282 4192 integrum,
3339 4117 3537 4174 divisis

225 4221 652 4290 καταπέτασμα
685 4219 911 4291 ἐσχίσθη
931 4261 944 4282 ,
969 4221 998 4272 6
1031 4219 1087 4272 δὲ
1122 4219 1286 4290 χιτὼν
1315 4218 1407 4272 τοῦ
1443 4217 1695 4289 Σωτῆρος
1719 4235 1754 4270 οη

1995 4221 2180 4277 mbris.
2211 4220 2483 4275 Caeterum
2532 4235 2657 4274 cum
2706 4225 2909 4274 exutus
2950 4213 3295 4269 vestimentis
3337 4225 3524 4281 prope-

227 4314 338 4366 ὑπὸ
363 4311 592 4382 δημίων
623 4310 872 4381 διῃρέθη,
905 4309 1025 4364 ἀλλ’
1069 4310 1282 4381 ἔμεινεν
1315 4309 1629 4380 ὁλόκληρος.
1673 4309 1756 4362 Μέ

1981 4319 2090 4366 aret
2131 4311 2196 4366 ad
2214 4321 2468 4375 mortem,
2494 4324 2715 4364 rursum
2745 4307 2995 4362 diabolus
3019 4347 3032 4371 ,
3057 4303 3253 4358 videns
3281 4299 3510 4355 Salvato

227 4405 340 4474 γάρ
373 4404 439 4456 τὸ
471 4401 810 4470 Εὑαγγέλιον
831 4401 919 4454 διὰ
954 4401 1156 4464 παντὸς
1179 4401 1496 4472 ὁλόκληρον,
1531 4399 1641 4453 τῶν
1673 4417 1756 4453 σκι

2008 4419 2021 4458 5
2053 4403 2416 4468 alacritatem,
2443 4416 2612 4470 seque
2643 4415 2710 4455 ex
2740 4398 2882 4453 coelo
2915 4395 3224 4465 delapsum,
3257 4409 3325 4447 ex
3359 4397 3537 4444 terra-

228 4496 666 4567 διαιρουμένων.
745 4493 894 4562 Πλὴν
940 4494 1020 4547 ὅτι
1075 4492 1485 4562 ἀποδυσάμενος
1534 4489 1603 4544 τὰ
1649 4490 1757 4561 ίμάε

2006 4511 2056 4549 te
2079 4491 2636 4562 cxturbatum:quid
2686 4496 2872 4561 ageret
2920 4502 3032 4542 non
3088 4484 3276 4538 habuit
3311 4479 3535 4536 :omnia

507 4587 648 4658 πρὸς
681 4585 772 4639 τὸν
800 4547 1030 4639 θάνατον
1049 4626 1064 4650 ,
1108 4586 1229 4638 τότε
1409 4547 1570 4637 πάλιν
1602 4584 1631 4636 6
1659 4547 1758 4637 διά(

2011 4587 2157 4656 tippe
2187 4583 2294 4655 ipsi
2321 4592 2480 4639 erant
2505 4582 2744 4637 tumultu
2799 4589 2853 4635 et
2901 4578 3177 4632 anxietate
3223 4575 3402 4645 plena.
3431 4569 3540 4624 Ma-

227 4679 325 4744 lo;
344 4720 361 4743 ,
419 4677 550 4731 ἰδὼν
580 4677 681 4748 τὴν
710 4677 1020 4751 προθυμίαν
1049 4677 1142 4730 τοῦ
1177 4678 1433 4748 Σωτῆρος
1457 4715 1472 4739 ,
1525 4675 1621 4728 καὶ
1651 4676 1756 4728 ἐαυι

2007 4691 2084 4731 :re
2113 4690 2222 4730 non
2253 4681 2488 4745 poterat,
2521 4673 2710 4742 fugere
2725 4668 3185 4727 exhorrescebat:
3213 4677 3422 4717 memor
3444 4668 3536 4719 .ta-

228 4771 293 4837 ἐξ
341 4768 586 4840 οὐρανοῦ
618 4768 881 4831 πεσόντα,
931 4767 1026 4822 καὶ
1071 4769 1170 4839 τῆς
1205 4768 1308 4838 γῆς
1336 4766 1705 4837 ἐκϐληθέντα,
1741 4784 1757 4819 ι

2007 4783 2076 4820 en
2100 4782 2195 4821 eos
2224 4768 2318 4837 qui
2367 4773 2737 4830 morerentur,
2773 4765 2831 4818 in
2881 4770 3028 4816 terra
3079 4760 3221 4812 mori
3263 4766 3535 4826 oportere,

233 4856 384 4931 εἶχεν
426 4860 457 4912 ὃ
489 4877 544 4912 τι
582 4858 779 4930 πράξει
801 4877 812 4888 ·
852 4858 1032 4913 πάντα
1071 4858 1180 4930 γὰρ
1210 4854 1278 4930 ἦν
1309 4858 1458 4929 αὑτῷ
1485 4858 1716 4930 θορύϐου
1748 4876 1762 4911 ι

2009 4856 2416 4911 temadmodum
2467 4858 2734 4928 scriptum
2785 4861 2869 4911 est
2904 4872 2918 4908 ε
2958 4870 2977 4903 ι
3020 4850 3189 4904 Terra
3236 4863 3320 4914 es,
3364 4851 3420 4899 ct
3482 4845 3538 4899 in

231 4951 480 5023 ἀπορίας
511 4951 707 5022 μεστά.
733 4951 843 5003 Καὶ
872 4950 1053 5020 μένειν
1074 4951 1171 5021 μὲν
1197 4951 1297 5004 οὐκ
1322 4949 1557 5019 ἠδύνατο
1575 4991 1589 5015 ,
1622 4949 1760 5020 φεύγ

2012 4965 2155 5004 rram
2194 4951 2490 5005 reverteris
2522 4950 2588 5016 ⁵⁸,
2629 4967 2649 5002 ι
2685 4964 2795 5004 non
2826 4961 2995 5001 ausus
3031 4945 3088 4996 in
3125 4950 3270 4996 terra
3320 4951 3541 4992 manere

232 5040 296 5093 δὲ
323 5041 492 5094 πάλιν
513 5041 785 5111 ἐφοϐεῖτο.
810 5041 958 5112 Πλὴν
977 5043 1060 5094 ὅτι
1085 5041 1431 5113 ἐνθυμηθεὶς,
1461 5043 1542 5096 ὅτι
1568 5044 1694 5106 τοὺς
1717 5044 1761 5096 ἀί

2012 5058 2023 5096 ι
2054 5042 2128 5095 ibi
2159 5041 2743 5111 comprehenderetur,
2766 5039 2985 5092 demum
3007 5047 3104 5102 per
3125 5043 3306 5084 aerem
3345 5026 3541 5078 volita-

237 5131 585 5202 θνήσκοντας
604 5177 619 5199 ,
669 5134 763 5186 ἐπὶ
804 5135 905 5205 τῆς
937 5135 1042 5205 γῆς
1086 5133 1452 5204 ἀποθνήσκειν
1480 5133 1561 5188 δεῖ
1592 5133 1734 5188 κατά

2012 5140 2030 5185 t
2057 5149 2072 5199 ;
2107 5141 2168 5186 ut
2189 5133 2383 5187 saltem
2418 5133 2518 5197 ita,
2545 5131 2831 5186 Dominico
2861 5141 3092 5198 corpore
3125 5124 3180 5175 in
3212 5127 3360 5173 terra
3394 5117 3541 5186 posi-

237 5227 636 5296 γεγραμμένον
653 5244 667 5256 ·
698 5244 716 5276 ι
735 5227 813 5296 Γῆ
840 5222 910 5291 εἴ,
940 5227 1036 5280 xui.
1067 5227 1146 5289 εἰς
1169 5227 1272 5298 γῆν
1293 5226 1598 5298 ἁπελεύση·
1625 5246 1643 5278 ι
1675 5226 1766 5297 φοε

2016 5263 2030 5288 ,
2061 5222 2300 5277 liberum
2333 5222 2440 5278 sibi
2470 5236 2652 5276 aerem
2685 5220 2969 5274 retineret.
3004 5212 3110 5270 Sed
3143 5213 3409 5267 Dominus
3439 5210 3541 5266 hac

240 5316 357 5380 θεὶς
392 5317 491 5369 ἐπὶ
517 5317 624 5388 γῆς
658 5319 874 5388 μεῖναι,
907 5317 982 5389 μὴ
1010 5319 1128 5371 ἐκεῖ
1152 5317 1477 5390 καταληφθῇ
1501 5357 1517 5384 ,
1545 5315 1731 5372 λοιπὸν
1762 5336 1769 5369 ι

2044 5331 2105 5372 re
2164 5315 2412 5371 humano
2461 5314 2649 5386 generi
2690 5317 2938 5366 amanter
2991 5306 3288 5363 consulens
3321 5318 3434 5358 non
3484 5300 3541 5357 in

313 5473 361 5506 ⁸³
397 5473 564 5530 Joan.
601 5491 658 5543 ι,
689 5474 786 5530 29.
862 5474 910 5506 "
947 5473 1143 5531 Cenes.
1186 5489 1280 5543 ιιι,
1319 5474 1408 5530 l9.

461 5651 1033 5728 Βεεῖιιεηέκ-τούτοιὲ
1134 5725 1174 5728 __
1412 5725 1491 5728 Α-
1611 5725 1631 5728 Α
1723 5725 1732 5728 Α

1412 5725 1491 5728 -_
1611 5725 1631 5728 κ.
1723 5725 1732 5728 -
1951 5652 2133 5728 hath
2171 5719 2204 5728 ..
2285 5720 2297 5728 .
2428 5718 2486 5728 ...
2566 5717 2606 5728 -.
2745 5713 2770 5728 ..

321 5717 676 5792 (18)Αῐιᾷιίο.
710 5725 924 5795 ἱμάτια.
976 5725 1193 5796 Ἐπειδὴ
1240 5741 1315 5794 γα
1402 5725 1543 5797 ὑπὲρ
1571 5725 1670 5795 τῆς
1711 5725 1843 5797 ἁμ-,
2025 5725 2137 5794 (19)
2171 5719 2392 5791 Regius,
2428 5718 2530 5772 Τὸν
2561 5717 2617 5770 δὲ
2647 5717 2868 5788 χιτῶνα.
3436 5775 3451 5792 η

321 5793 436 5850 altis
473 5795 721 5850 omissis.
772 5794 978 5850 Regius
1025 5795 1247 5850 ibidem.
1295 5742 1510 5850 ’ἐπειδὴ
1547 5797 1676 5850 γάρ.
1716 5799 1843 5850 item
2026 5793 2140 5850 (‘20)
2169 5791 2373 5850 Regius
2401 5798 2453 5847 et
2480 5790 2692 5850 Anglic.
2723 5789 2830 5842 ὅτε.
2856 5783 3015 5842 Edito
3041 5797 3192 5850 vero,
3214 5783 3332 5836 τότε
3357 5778 3451 5835 πάι

251 5778 436 5850 multis
473 5778 746 5851 oniissis.‘
772 5794 978 5867 Regius
1025 5778 1265 5864 ibidem;
1295 5778 1524 5870 Ἐπειδὴ·
1547 5778 1676 5868 γάρ’,
1716 5778 1780 5854 n'c

2026 5778 2140 5866 (‘20,)
2169 5778 2386 5868 Βεξίυε
2401 5798 2453 5847 et
2480 5778 2692 5862 Anglic.
2723 5789 2830 5842 ὅτε.
2856 5783 3015 5842 Edito
3041 5797 3192 5852 vero,
3214 5783 3332 5836 τότε
3357 5778 3536 5835 πάλιν.
