3872 6188
310 285 419 342 223
1449 279 1506 335 S.
1543 277 2011 337 ATHANASIUS.
2050 306 2118 320 --
2148 276 2380 335 DUBIA.
3476 273 3591 331 224

310 410 462 458 terra
489 407 740 456 mortuus
787 405 895 465 est,
922 398 1018 454 sed
1049 413 1150 469 per
1173 412 1394 454 crucem
1449 399 1504 452 in
1552 413 1735 454 aerem
1766 413 1903 453 con-

2014 397 2093 451 :6v
2113 395 2252 467 ἀέρα
2279 393 2540 447 ἐπέτατο·
2567 394 2707 465 τάχα
2729 392 2836 449 κᾶν
2857 391 3050 458 οὕτως,
3072 390 3168 446 τοῦ
3189 387 3452 462 κυριακοῦ
3474 388 3591 461 (21)

313 491 551 556 scendit,
580 492 655 547 ibi
685 506 906 562 quoque
929 498 1239 561 serpentem
1259 505 1628 561 persequens;
1649 499 1710 545 ut
1737 492 1901 546 etiam

2014 489 2260 560 σώματος
2293 488 2386 540 ἐπὶ
2415 489 2519 559 γῆς
2547 487 2795 552 τεθέντος
2815 529 2828 553 ,
2861 486 3143 558 ἐλεύθερον
3173 485 3271 558 ἔχῃ
3305 482 3397 538 τὸν
3427 484 3590 556 ἀέρα.

314 588 442 643 inde
470 587 775 658 principem
806 585 1094 656 potestatis
1128 584 1273 639 aeris
1295 584 1632 648 deturbaret,
1651 591 1706 640 et
1741 585 1896 655 spiri-

2018 582 2157 634 Ἀλλ’
2172 584 2201 634 6
2223 579 2446 651 Κύριος,
2474 580 2567 633 καὶ
2593 581 2648 633 ἐν
2669 580 2844 651 τούτῳ
2869 579 3058 650 φιλανθ
3069 576 3465 650 ρωπευόμενος.
3489 575 3592 628 οὐκ

313 683 484 736 tualia
507 681 766 751 nequitia:
785 679 1048 750 dejiceret
1069 679 1136 741 7°,
1167 694 1231 734 ac
1262 693 1330 733 ue
1352 678 1432 733 sic
1457 679 1675 748 quidem
1697 686 1902 733 terram

2014 676 2085 738 είς
2118 673 2224 744 γῆν
2258 673 2527 727 ἀπέθανεν
2547 711 2562 736 ,
2616 671 2728 726 ἀλλ’
2755 676 2836 736 είς
2862 673 2953 726 τὸν
2993 671 3135 743 ἀέρα
3173 669 3338 740 ἀνέϐη
3379 668 3468 722 διὰ
3493 666 3593 719 τοῦ

315 775 524 842 absque
549 769 790 826 remedio
829 769 1076 839 reliquit.
1114 765 1250 821 Nam
1282 769 1339 820 in
1367 782 1534 822 cruce
1574 783 1898 837 suspensus,

2014 765 2241 838 σταυροῦ
2269 807 2283 830 ,
2320 765 2530 819 διώκων
2566 767 2729 819 κάκεῖ
2758 766 2848 819 τὸν
2884 765 3035 834 ὅφινο
3069 765 3157 818 ἵνα
3196 763 3446 817 κάκεῖθεν
3493 760 3592 816 τὸν

314 877 498 919 aerem
521 861 776 933 purgavit
808 875 1072 915 manuum
1095 859 1428 930 eapansione
1457 878 1470 915 :
1495 867 1694 914 terram
1721 867 1902 913 autem

2014 858 2247 930 ἄρχοντα
2294 859 2392 928 τῆς
2433 857 2679 924 ἐξουσίας
2721 857 2815 911 τοῦ
2853 858 3013 928 ἀέρος
3053 854 3364 927 ἀποδιώξῃ,
3397 853 3598 908 καὶτὰ

316 953 570 1012 redemit,
625 951 890 1020 sanguine
946 957 1002 1004 et
1060 963 1201 1018 aqua
1258 948 1444 1004 lateris
1495 949 1582 1002 sui
1629 948 1903 1004 abluendo

2014 950 2357 1020 πνευματικὰ
2389 950 2487 1021 τῆς
2517 940 2782 1022 πονηρίας
2809 949 3113 1024 καταϐάλῃ,
3150 950 3250 1002 ούκ
3278 946 3437 1017 ἀφεὶς
3468 943 3598 999 οὐδέ

316 1045 517 1113 ipsam.
2007 1041 2153 1096 οὕτω
2177 1044 2278 1116 τὴν
2305 1044 2407 1115 γῆν
2429 1043 2821 1114 ἀθεράπευτον.
2861 1044 2972 1096 Καὶ
2995 1043 3102 1114 γὰρ
3128 1041 3475 1114 κρεμάμενος
3501 1038 3599 1092 ἐπὶ

311 1136 409 1192 τοῦ
444 1134 701 1208 σταυροῦ,
733 1137 822 1189 τὸν
852 1136 948 1206 μὲν
973 1135 1111 1208 ἀέρα
1139 1135 1431 1208 ἐκαθάριζε
1457 1138 1521 1208 τῇ
1545 1135 1763 1189 ἐκτάσει
1822 1135 1930 1190 τῶν
1967 1140 2202 1213 χειρῶν,
2268 1140 2368 1212 τὴν
2399 1142 2457 1195 δὲ
2505 1142 2609 1214 γῆν
2664 1139 2983 1212 ἐλυτροῦτο,
3031 1139 3109 1210 τῷ
3146 1139 3338 1211 αἵματι
3377 1137 3471 1191 καὶ
3515 1134 3599 1207 τῷ

317 1229 471 1284 ὕδατι
500 1231 597 1300 τῆς
629 1230 868 1301 πλευρᾶς
897 1229 1220 1284 άποπλύνων
1249 1230 1384 1301 αὐτή
1397 1247 1442 1283 ν.

388 1323 480 1376 2‘2.
497 1322 636 1388 Quid
659 1323 824 1392 igitur
848 1321 1076 1376 inimico
1095 1323 1225 1376 talia
1243 1322 1476 1394 patienti
1496 1322 1736 1377 restabat
1751 1338 1912 1394 agen-

2079 1322 2170 1378 22.
2202 1321 2268 1375 Τί
2311 1323 2498 1376 λοιπὸν
2538 1322 2642 1375 ἔδει
2689 1324 2864 1378 ποιεῖν
2897 1321 3139 1375 παθόντα
3177 1320 3352 1374 ταῦτα
3381 1321 3472 1377 τὸν
3505 1323 3602 1396 ἔχ-

317 1414 490 1470 dum?
520 1413 598 1466 Ex
647 1413 789 1467 cudo
817 1411 1118 1478 deciderat,
1151 1429 1218 1467 ex
1259 1422 1410 1468 terra
1451 1413 1796 1477 deturbatus,
1841 1430 1910 1468 ex

2014 1412 2168 1485 dev;
2199 1411 2291 1478 Ἐξ
2311 1414 2369 1466 ού
2380 1413 2538 1485 ρανοῦ
2563 1412 2894 1478 ἐπεπτώκει,
2918 1413 3028 1466 ἀπὸ
3048 1412 3151 1483 γῆς
3175 1412 3440 1484 ἐξεϐλήθη
3457 1414 3597 1484 (22),

316 1519 447 1558 acre
477 1501 742 1571 depulsus
789 1509 935 1555 erat:
978 1500 1044 1555 ad
1079 1501 1195 1555 haac
1223 1517 1475 1557 summus
1501 1503 1679 1572 pudor
1696 1503 1906 1568 aderat,

2014 1503 2103 1558 τοῦ
2125 1504 2286 1576 ἀέρος
2312 1503 2541 1575 ἐδιώχθη
2556 1520 2570 1535 ο
2595 1503 2844 1575 καὶπρὸς
2875 1503 3086 1566 τούτοις
3103 1502 3362 1574 ᾐσχύνετο
3385 1505 3602 1574 μεγάλα

316 1593 467 1664 quod
499 1593 670 1646 multa
699 1592 997 1663 pollicitus,
1033 1592 1168 1646 nihil
1193 1591 1450 1648 elIiceret.
1485 1591 1645 1648 Omni
1669 1609 1800 1665 ergo
1842 1609 1907 1648 ex

2014 1596 2494 1668 ἐπαγγειλάμενος,
2525 1595 2621 1649 καὶ
2655 1595 2820 1666 μηδὲν
2841 1594 3095 1666 ἐνεργῶν.
3128 1595 3470 1666 Πανταχόθεν
3499 1592 3604 1650 οὖν

318 1692 476 1756 parte
489 1691 807 1753 superatus,
823 1697 887 1738 ac
907 1682 1149 1754 undique
1163 1684 1380 1763 consilii
1400 1685 1579 1754 in0ps,
1597 1686 1789 1740 statuit
1807 1687 1912 1741 sal-

2014 1687 2267 1759 ἡττηθεὶς
2287 1727 2303 1753 ,
2340 1688 2436 1741 καὶ
2462 1688 2575 1757 (95)
2601 1688 2937 1759 πανταχόθεν
2971 1686 3269 1758 ἀπορηθεὶς
3286 1727 3300 1751 ,
3327 1687 3466 1756 ἔγνω
3489 1688 3602 1742 κάν

315 1788 426 1833 tem
447 1777 722 1834 infernum
749 1777 856 1833 sibi
874 1792 1094 1832 servare
1117 1797 1128 1831 :
1149 1760 1237 1831 hic
1254 1778 1399 1832 enim
1414 1779 1566 1834 solus
1590 1779 1693 1849 ipsi
1711 1794 1905 1850 super--

317 1877 438 1924 erat
454 1867 818 1935 locus.Quare
830 1875 1080 1925 metuens
1099 1884 1166 1924 ne
1185 1867 1452 1926 Dominus
1463 1885 1528 1925 eo
1544 1870 1904 1938 descendens,

320 1961 451 2017 inde
477 1963 643 2018 etiam
678 1978 738 2018 se
755 1963 1072 2032 expelleret,
1099 1978 1400 2033 omnesque
1429 1965 1536 2020 sibi
1568 1966 1820 2021 subditos
1841 1967 1910 2020 li-

319 2053 557 2118 beraret,
586 2053 769 2108 omnia
795 2053 1036 2119 miscuit,
1072 2055 1258 2110 omnia
1288 2056 1606 2122 commovit,
1626 2073 1820 2114 omnes
1853 2059 1908 2113 in

321 2145 590 2199 auxilium
615 2145 852 2212 vocavit,
873 2145 1091 2201 Juda'os
1111 2146 1308 2202 iterum
1326 2149 1624 2204 concitavit
1649 2161 1707 2205 ut
1726 2150 1910 2206 Domi-

319 2251 454 2294 num
473 2237 691 2308 probris
706 2247 760 2292 et
775 2238 1127 2293 contumeliis
1146 2237 1444 2304 adicerent,
1464 2239 1866 2312 irriderentque
1891 2260 1905 2297 :

319 2343 388 2384 ac
403 2328 621 2384 demum
635 2328 904 2399 quidquid
923 2330 1028 2385 sibi
1061 2331 1298 2387 telorum
1329 2341 1638 2404 supererat,
1660 2333 1712 2389 id
1737 2334 1912 2390 immi-

273 2489 282 2497 ~
320 2422 397 2476 sit
431 2422 485 2474 in
504 2419 816 2484 Dominum,
842 2428 1060 2478 tentans
1087 2425 1133 2480 si
1163 2439 1273 2494 quo
1306 2424 1467 2480 modo
1498 2425 1648 2479 illum
1670 2426 1911 2496 peccatis

320 2513 656 2575 obnoxium,
719 2511 824 2568 hac
870 2513 1064 2569 saltem
1117 2516 1333 2572 ratione
1383 2524 1691 2587 superaret.
1737 2516 1910 2573 Judaei

321 2605 430 2676 75
476 2603 644 2673 igitur
675 2603 968 2660 Dominum
1004 2606 1307 2662 irridebant
1350 2607 1598 2665 dicentes
1628 2627 1642 2664 :
1673 2628 1692 2661 ι
1734 2608 1791 2664 Si
1821 2608 1912 2665 Fi-

321 2698 434 2752 lius
465 2695 558 2752 Dei
589 2713 671 2763 es,
692 2698 965 2754 descende
990 2697 1057 2754 de
1087 2701 1336 2756 cruce".
1373 2719 1391 2752 ι
1419 2700 1492 2755 At
1529 2698 1910 2772 Salvator,qui

328 2804 521 2844 revera
551 2787 725 2845 Filius
758 2789 1022 2862 Deierat,
1069 2807 1179 2846 non
1213 2790 1478 2862 fugiendo
1526 2800 1782 2858 mortem,
1816 2793 1912 2851 sed

323 2882 718 2953 exspectando,
755 2891 920 2954 atque
958 2883 1033 2939 ita
1079 2885 1345 2940 calcando
1392 2886 1591 2957 ipsam,
1625 2887 1800 2944 voluit
1829 2887 1914 2942 di-

328 2973 542 3044 gnosci,
571 2988 630 3028 se
654 2971 856 3029 Filium
885 2990 1008 3030 esse
1040 2973 1159 3038 Dei,
1191 2983 1358 3046 atque
1380 2992 1566 3032 veram
1589 2978 1779 3033 vitam.
1807 2975 1915 3032 Po-

2008 1779 2100 1832 τὸν
2130 1779 2262 1850 ᾅδην
2281 1778 2544 1846 φυλάξαι·
2568 1777 2730 1832 τοῦτο
2757 1778 2866 1849 γὰρ
2887 1778 3042 1831 ἔτιτὸ
3060 1777 3257 1850 χωρίον
3274 1777 3604 1833 ὑπελείπετο

2007 1871 2202 1942 τούτῳ.
2224 1870 2316 1924 Διὸ
2333 1871 2426 1925 καὶ
2443 1870 2795 1942 φοϐούμενος,
2818 1870 2892 1942 μὴ
2910 1872 3026 1926 ἐκεῖ
3039 1868 3311 1923 κατελθὼν
3327 1871 3354 1922 6
3368 1869 3600 1942 Κύριος,

2009 1964 2218 2018 ἐκεῖθεν
2245 1965 2407 2018 αὑτὸν
2434 1962 2666 2035 ἐκδιώξῃ
2684 2005 2698 2028 ,
2733 1963 2829 2017 καὶ
2863 1961 3071 2024 πάντας
3099 1961 3227 2025 τοὺς
3253 1961 3603 2034 ὑποχειρίους

2009 2055 2379 2130 ἐλευθερώσῃ,
2411 2057 2590 2110 πάντα
2623 2055 2797 2109 ἐκύκα
2830 2054 2924 2108 καὶ
2961 2053 3247 2121 συνεκίνει,
3283 2054 3490 2118 πάντας
3513 2057 3604 2119 είς

2013 2147 2262 2220 βοήθειαν
2291 2147 2494 2210 καλῶν,
2530 2145 2625 2200 καὶ
2657 2143 2944 2217 παρώξυνε
2970 2144 3130 2198 πάλιν
3152 2146 3278 2208 τοὺς
3309 2145 3599 2208 Ἰουδαίους

2009 2237 2286 2303 ὀνειδίζειν
2308 2237 2398 2291 τὸν
2413 2237 2638 2308 Κύριον,
2657 2237 2750 2290 καὶ
2769 2236 3008 2308 ὑϐρίζειν
3029 2237 3123 2290 καὶ
3137 2237 3298 2311 γελᾷν
3319 2236 3454 2300 ὅλως
3472 2237 3598 2291 κατ’

2011 2331 2176 2386 αὑτοῦ
2201 2348 2216 2362 ·
2255 2331 2348 2384 καὶ
2372 2330 2507 2393 ὅλως
2542 2329 2598 2382 εῐ
2616 2345 2671 2382 τι
2696 2328 3070 2402 περιελείπετο
3094 2329 3396 2395 πανοπλίας
3421 2330 3596 2402 αὐτῷ,

2010 2424 2168 2478 τοῦτο
2211 2424 2362 2494 ἠφίει
2391 2421 2536 2477 κατὰ
2575 2421 2671 2476 τοῦ
2714 2421 2920 2494 Κυρίου
2941 2438 2956 2453 ο
2990 2421 3131 2493 τάχα
3161 2421 3265 2476 κᾶν
3287 2421 3399 2492 (24)
3423 2421 3600 2485 οὕτως

2011 2519 2172 2572 αὑτὸν
2192 2515 2556 2589 ύπερεύθυνον
2578 2516 2822 2588 ἁμαρτία
2845 2515 2973 2568 δντα
2993 2516 3262 2586 κρατήσῃ.
3287 2516 3348 2567 Οἱ
3373 2513 3470 2584 μὲν
3485 2513 3598 2586 γὰρ

2025 2611 2263 2665 Ἰουδαῖοι
2294 2609 2584 2680 ἐχλεύαζον
2622 2607 2714 2662 τὸν
2752 2607 2957 2679 Κύριον
2997 2606 3276 2676 λέγοντες·
3315 2624 3336 2659 ι
3369 2607 3430 2659 Ei
3466 2607 3601 2671 Υίδς

2012 2697 2066 2755 εἴ
2092 2700 2192 2756 τοῦ
2219 2699 2378 2764 Θεοῦ,
2406 2699 2679 2772 κατάϐηθι
2713 2699 2822 2754 ἀπὸ
2847 2697 2942 2752 τοῦ
2978 2699 3214 2770 σταυροῦ
3234 2715 3250 2731 ο
3290 2719 3309 2752 ι
3338 2702 3368 2754 6
3395 2699 3452 2753 δὲ
3481 2701 3601 2754 Σω-

2011 2794 2138 2865 τὴρ,
2168 2793 2197 2846 6
2225 2791 2304 2863 τῷ
2331 2791 2444 2846 θντι
2474 2791 2569 2844 τοῦ
2608 2790 2744 2845 Θεοῦ
2772 2790 2922 2855 Υἱὸς,
2951 2790 3052 2843 οὐκ
3093 2789 3203 2844 ἀπὸ
3246 2790 3339 2844 τοῦ
3375 2790 3604 2860 φεύγειν

2012 2884 2105 2937 τὸν
2138 2883 2391 2948 θάνατον,
2423 2882 2540 2937 ἀλλ’
2571 2882 2680 2937 ἀπὸ
2705 2881 2800 2936 τοῦ
2836 2882 3018 2952 μένειν
3043 2882 3225 2945 αὐτὸν,
3249 2881 3342 2934 καὶ
3368 2882 3602 2952 μένοντα

2014 2976 2257 3047 πατῆσαι
2272 2976 2365 3030 τὸν
2383 2974 2634 3039 θάνατον,
2653 2973 2812 3044 ἤθελε
2832 2973 3143 3042 γνωσθῆναι
3160 2973 3286 3037 Υἱὸς
3301 2972 3434 3028 Θεοῦ
3459 2973 3599 3045 (25),

326 3069 471 3118 terat
499 3064 648 3119 enim
679 3079 747 3119 ex
775 3079 941 3120 cruce
974 3064 1337 3129 descendere,
1371 3067 1464 3139 qui
1501 3067 1641 3122 alios
1673 3068 1913 3123 suscita-

2017 3068 2112 3122 καὶ
2149 3068 2232 3122 ὅτι
2262 3067 2424 3132 αὑτός
2456 3068 2606 3120 ἐστιν
2649 3069 2683 3138 ἡ
2722 3065 2856 3138 ζωή.
2901 3066 3160 3122 Ἦδύνατο
3210 3067 3309 3137 μὲν
3345 3065 3454 3138 γὰρ
3504 3067 3602 3120 καὶ

325 3161 413 3209 rat
453 3161 745 3219 mortuos;
784 3154 882 3211 scd
931 3155 1228 3211 descensio
1266 3157 1358 3211 illa
1401 3160 1595 3215 mortis
1639 3159 1764 3230 fuga
1801 3160 1913 3215 visa

2019 3161 2328 3234 καταϐῆναι
2351 3161 2460 3216 ἀπὸ
2492 3159 2584 3214 τοῦ
2618 3157 2878 3230 σταυροῦ,
2911 3159 2940 3211 6
2975 3159 3069 3211 xui.
3094 3159 3218 3222 τοὺς
3244 3157 3434 3221 ἄλλους
3458 3157 3604 3226 ἐγείο

326 3253 476 3302 esset
505 3266 518 3301 :
549 3255 740 3301 contra
769 3247 816 3301 si
844 3248 900 3301 in
924 3262 1090 3303 cruce
1122 3261 1488 3318 permaneret,
1517 3251 1656 3306 nihil
1686 3251 1740 3306 id
1769 3251 1913 3308 aliud

2022 3270 2120 3324 ρας
2156 3252 2384 3325 νεκρούς
2410 3268 2421 3280 °
2462 3250 2577 3306 ἀλλ’
2607 3252 2642 3322 ή
2672 3251 2976 3314 κατάϐασις
3007 3250 3186 3320 φυγὴν
3225 3248 3461 3302 ἐδείκνυε
3502 3249 3602 3302 τοῦ

328 3337 628 3406 indicabat,
657 3355 845 3409 quam,
881 3355 1008 3395 eum
1039 3341 1133 3410 qui
1167 3352 1517 3411 permaneret
1557 3359 1681 3400 esse
1722 3343 1913 3402 vitam.

2019 3346 2286 3400 Θανάτου*
2325 3344 2388 3398 τὸ
2423 3343 2482 3398 δὲ
2525 3345 2839 3416 περιμεῖναι
2875 3341 3027 3396 οὐδὲν
3058 3341 3243 3412 ἕτερον
3286 3338 3602 3412 ἐγνώριζεν,

326 3429 698 3497 Quamobrem
747 3431 920 3484 multa
963 3431 1182 3487 diabolo
1223 3449 1356 3488 cura
1398 3433 1524 3500 fuit,
1553 3443 1614 3490 ut
1654 3435 1913 3495 Dominus

2019 3437 2051 3509 ἢ
2085 3439 2178 3492 τὸν
2216 3436 2579 3509 περιμένοντα
2612 3429 2753 3489 εῖναι
2802 3433 2970 3504 ζωήν.
3013 3433 3110 3488 Διὰ
3151 3433 3310 3488 τοῦτο
3351 3432 3460 3504 γὰρ
3505 3432 3606 3487 καὶ

329 3521 483 3578 hisce
521 3521 836 3593 opprobriis
876 3522 1204 3593 adiceretur,
1237 3526 1564 3598 volebatque
1607 3528 1792 3601 ipsum
1823 3529 1913 3586 de-

2017 3529 2137 3584 λίαν
2168 3528 2362 3600 ἔμελλε
2384 3527 2463 3600 τῷ
2509 3525 2741 3597 διαϐόλῳ
2778 3523 3131 3588 ὀνειδίζεσθαι
3175 3522 3269 3577 τὸν
3314 3521 3515 3594 Κύριον
3541 3524 3606 3576 ἐν

329 3613 596 3670 scendere
631 3615 698 3672 de
729 3632 925 3684 cruce,
958 3633 1136 3689 neque
1183 3617 1326 3674 inter
1371 3626 1620 3678 mortuos
1668 3623 1916 3692 versari;

331 3715 395 3763 ut
425 3708 506 3764 sic
535 3707 742 3791 illaesus
797 3709 995 3773 abiret,
1025 3718 1481 3782 mortuorumque
1501 3712 1803 3768 dominium
1832 3729 1920 3769 re-

330 3799 551 3856 tineret.
570 3799 842 3856 Metuebat
860 3801 1028 3866 enim,
1057 3819 1146 3870 ne,
1176 3805 1631 3874 quemadmodum
1653 3807 1920 3875 scriptum

333 3899 440 3956 est,
472 3892 780 3947 ascendens
823 3892 879 3948 in
918 3895 1101 3950 crucis
1135 3895 1390 3960 sublime,
1447 3897 1718 3966 captivam
1747 3898 1918 3952 duce-

333 3992 418 4038 ret
458 3985 867 4054 captivitatem,
906 3992 960 4040 et
1005 3987 1276 4056 acciperet
1320 3987 1463 4041 dona
1518 3987 1918 4045 hominibus".

336 4074 664 4146 Suspicatus
699 4078 846 4132 enim
882 4085 987 4141 est,
1017 4094 1084 4134 ne
1111 4078 1202 4134 hic
1224 4087 1372 4134 esset
1396 4080 1464 4136 de
1495 4097 1605 4150 quo
1633 4081 1749 4136 haec
1781 4082 1920 4137 scri-

2018 3623 2252 3687 τούτοις,
2294 3622 2392 3675 καὶ
2420 3619 2612 3691 ἤθελεν
2643 3617 2806 3671 αὐτὸν
2832 3615 2940 3671 άπὸ
2968 3615 3061 3670 τοῦ
3093 3613 3325 3686 σταυροῦ
3357 3613 3606 3684 καταϐῆ-

2020 3734 2106 3769 ναι
2138 3716 2232 3770 καὶ
2265 3713 2339 3786 μὴ
2377 3712 2629 3782 γενέσθαι
2660 3714 2718 3765 ὲν
2747 3713 2980 3782 νεκροῖς,
3007 3709 3096 3762 ἵνα
3123 3707 3225 3762 κᾶν
3250 3705 3421 3770 οὕτως
3455 3707 3606 3760 άπα-

2022 3807 2120 3879 θὴς
2169 3805 2402 3879 ἀπέλθῃ,
2448 3805 2544 3859 καὶ
2586 3803 2698 3858 τῶν
2743 3801 2955 3874 νεκρῶν
2996 3799 3282 3872 κυριεύσῃ.
3329 3797 3608 3868 Ἐφοϐεῖτο

2021 3897 2128 3968 γὰρ
2167 3895 2241 3966 μὴ
2280 3893 2421 3948 κατὰ
2459 3893 2520 3947 τὸ
2548 3891 2948 3964 γεγραμμένον,
2979 3889 3184 3954 ἀναϐὰς
3224 3890 3306 3954 είς
3342 3886 3474 3957 ὕψος
3505 3886 3606 3940 τοῦ

2023 3987 2282 4061 σταυροῦ,
2311 3984 2735 4058 αἰχμαλωτεύσῃ
2780 3983 2878 4054 τὴν
2907 3980 3302 4053 αἰχμαλωσίαν,
3341 3980 3434 4061 καὶ
3461 3978 3608 4050 λάϐῃ

2021 4058 2227 4151 δόματα
2253 4080 2310 4130 ἐν
2333 4073 2663 4146 ἀνθρώποις.
2699 4071 3053 4126 ’Υπώπτευσε
3081 4069 3190 4139 γὰρ
3214 4066 3290 4139 μὴ
3317 4058 3470 4129 οὗτός
3489 4067 3609 4119 ἐστι

335 4175 426 4240 {sa
449 4176 628 4224 erant.
672 4167 829 4225 Unde
866 4169 1180 4240 versipellis
1211 4170 1304 4226 ille
1353 4187 1575 4226 rursum
1613 4171 1913 4232 Pharisaaos

2025 4173 2153 4242 περὶ
2183 4164 2245 4224 οὗ
2286 4169 2599 4241 γέγραπται
2641 4165 2833 4220 ταῦτα.
2866 4164 3030 4218 Ὅθεν
3070 4160 3231 4216 πάλιν
3270 4158 3439 4213 ἐκίνει
3477 4157 3612 4220 τοὺς

335 4261 650 4324 commovit,
679 4276 742 4315 ac
773 4259 994 4316 demum
1033 4277 1100 4317 eo
1134 4277 1308 4332 usque
1338 4263 1568 4318 deduxit
1595 4263 1739 4329 illos,
1769 4273 1829 4318 ut
1865 4281 1913 4322 se

2023 4262 2349 4336 Φαρισαίους
2382 4261 2411 4313 6
2444 4257 2769 4329 πανοῦργος,
2808 4256 2900 4310 καὶ
2933 4253 3120 4307 λοιπὸν
3163 4250 3305 4305 κατὰ
3350 4249 3610 4322 περισσὸν

336 4352 646 4409 credituros
690 4352 1102 4423 pollicerentur,
1151 4354 1195 4409 si
1233 4355 1413 4410 solum
1461 4356 1819 4412 descenderet
1854 4359 1913 4415 de

2026 4353 2199 4408 ἐποίει
2240 4351 2350 4423 (26)
2392 4351 2589 4412 αὐτοὺς
2625 4345 3058 4417 ἐπαγγέλλεσθαι
3098 4343 3192 4396 καὶ
3223 4339 3520 4406 πιστεύειν,
3557 4339 3611 4391 εἰ

335 4458 521 4498 cruce.
567 4443 764 4505 Omnia
795 4461 961 4516 porro
999 4446 1275 4513 movebat,
1299 4447 1484 4501 omnia
1523 4456 1719 4518 praeter
1749 4449 1913 4504 animi

2026 4420 2297 4516 καταϐαίη
2334 4420 2496 4516 μόνον
2535 4442 2643 4496 ἀπὸ
2670 4439 2764 4494 τοῦ
2806 4437 3058 4510 σταυροῦ.
3092 4433 3279 4488 Πάντα
3317 4432 3372 4484 δὲ
3417 4432 3610 4496 ἐκίνει,

338 4537 668 4592 sententiam
701 4537 1076 4606 promittebat,
1109 4536 1274 4592 modo
1323 4538 1379 4592 id
1406 4538 1665 4605 elliceret,
1697 4557 1767 4596 ne
1803 4556 1913 4596 mo-

2026 4539 2123 4594 καὶ
2162 4537 2311 4610 παρὰ
2341 4535 2566 4607 γνώμην
2611 4531 3000 4603 ἐπηγγέλλετο,
3033 4528 3190 4599 μόνον
3216 4527 3302 4579 ἵνα
3339 4523 3414 4596 μὴ
3447 4521 3615 4592 γένη-

339 4639 572 4693 reretur,
603 4643 742 4683 neve
771 4629 1130 4685 descenderet
1160 4629 1214 4683 in
1253 4628 1552 4685 infernum.
1597 4630 1788 4688 Denuo
1815 4632 1913 4702 igi-

2027 4648 2117 4685 ται
2153 4629 2366 4700 νεκρὸς,
2398 4628 2493 4682 κα)⁹
2532 4624 2768 4695 κατέλθῃ
2803 4625 2882 4685 είς
2926 4621 3016 4674 τὸν
3051 4620 3203 4692 ᾃδην.
3244 4616 3448 4670 Ἐποίει
3478 4612 3614 4684 γοῦν

339 4729 428 4775 tur
453 4719 748 4775 Pharisaais
788 4731 981 4776 auctor
1012 4720 1114 4775 fuit
1161 4729 1221 4776 ut
1259 4721 1506 4777 dicerent
1534 4742 1547 4778 :
1582 4742 1600 4771 ι
1630 4724 1783 4779 Alios
1817 4724 1913 4779 sal-

2031 4722 2191 4777 πάλιν
2235 4720 2415 4789 λέγειν
2463 4720 2587 4783 τοὺς
2636 4715 2996 4791 Φαρισαίους·
3059 4732 3077 4764 ι
3113 4711 3340 4773 Ἄλλους
3383 4709 3612 4773 ἔσωσεν,

337 4828 437 4869 vos
475 4813 626 4879 fecit,
677 4813 918 4883 seipsum
968 4830 1077 4868 non
1119 4822 1300 4884 petest
1347 4817 1559 4871 salvum
1608 4816 1807 4870 facere.
1859 4813 1913 4868 Si

2029 4813 2220 4868 ἐαυτὸν
2253 4813 2314 4866 ού
2342 4811 2563 4865 δύναται
2606 4809 2797 4872 σῶσαι.
2829 4809 2893 4861 EE
2939 4804 3190 4876 βασιλεὺς
3224 4800 3442 4872 Ἰσραήλ
3470 4802 3612 4864 ἐστι,

339 4904 456 4960 Rex
492 4904 660 4959 Israel
691 4916 796 4967 est,
825 4904 1123 4960 descendat
1160 4921 1310 4960 nunc
1339 4906 1408 4962 de
1429 4922 1612 4970 cruce,
1639 4913 1694 4961 et
1731 4905 1913 4961 crede-

2027 4904 2322 4960 καταϐάτω
2363 4903 2458 4958 νῦν
2499 4902 2608 4956 ἀπὸ
2658 4899 2752 4954 τοῦ
2806 4896 3064 4970 σταυροῦ,
3103 4896 3199 4949 καὶ
3245 4893 3617 4963 πιστεύσομεν

339 5012 462 5050 tuus
485 4996 532 5050 ei
549 4995 649 5052 ⁷³.»
675 4995 893 5050 Minime
918 5004 1100 5051 autem
1130 4997 1354 5052 credere
1372 4998 1588 5052 volebat
1615 4997 1913 5053 Pharisaaos

2028 4998 2197 5069 αὐτῷ.
2237 5017 2256 5050 ι
2287 4997 2361 5050 Ού
2386 4995 2661 5049 πιστεύειν
2693 4993 2750 5046 δὲ
2775 4991 2935 5063 ἤθελε
2961 4991 3090 5054 τοὺς
3113 4989 3435 5060 Φαρισαίους
3463 4988 3492 5039 6
3512 4986 3616 5056 τῆς

338 5091 603 5162 magister
637 5091 728 5145 ille
769 5089 1065 5161 impietatis
1093 5088 1290 5157 draco;
1339 5089 1434 5144 sed
1482 5090 1707 5159 optabat
1740 5089 1913 5143 Domi-

2030 5086 2288 5151 ἀπιστίας
2335 5085 2654 5149 διδάσκαλος
2694 5084 2944 5156 δράκωνο
2996 5081 3133 5136 ἀλλὰ
3176 5081 3400 5152 φεύγειν
3454 5077 3616 5148 ἦθελε

406 5247 453 5279 τ’
492 5245 693 5316 Ephes.
728 5263 818 5313 γι,
854 5244 942 5302 12.
1017 5246 1064 5278 ⁷¹
1101 5245 1294 5300 Matth.
1326 5260 1505 5311 xxvn,
1533 5244 1624 5300 40.
1701 5245 1746 5277 ⁷³
1785 5244 1913 5300 Psal

2014 5259 2139 5311 lVll,
2177 5243 2264 5300 l9.
2339 5242 2386 5274 ⁷³
2425 5240 2615 5297 Matth.
2647 5255 2821 5306 mm,
2859 5236 2950 5293 42.

413 5400 526 5472 (9.1)
543 5401 774 5489 Anglic.
803 5403 1002 5489 μεῖναι,
1031 5401 1107 5489 μὴ
1130 5401 1303 5489 οὕτως
1330 5400 1430 5489 τοῦ
1451 5399 1740 5489 κυριακοῦἶ
1763 5399 1913 5489 omis-

2030 5400 2182 5489 6v':a,
2226 5405 2392 5489 post“
2413 5397 2680 5489 ἁμαρξῑᾳ,
2738 5395 2892 5489 deest
2934 5393 2988 5449 iu
3036 5389 3253 5448 iisdem.
3287 5387 3422 5445 lbid.
3474 5384 3612 5456 Reg.

341 5466 674 5543 sis'milltis:
691 5466 835 5536 Mox‘,
889 5466 994 5543 ἵνα
1019 5466 1146 5527 ante
1173 5473 1316 5543 τάχα
1365 5473 1470 5527 κᾶν
1495 5466 1690 5537 οὕτως,
1726 5472 1913 5543 legitut

2033 5466 2325 5543 ἁμαρτίας.
2353 5466 2869 5543 Β-ίιδίᾘὰμαρτίαις.
3149 5531 3171 5543 ν
3447 5492 3488 5543 χ
3553 5522 3583 5543 ,

339 5526 398 5598 in
429 5541 616 5612 editis,
641 5526 798 5596 deest
825 5526 882 5597 in
912 5526 1103 5612 Regio,
1127 5526 1328 5612 probe.
1413 5526 1418 5527 ί
1452 5526 1456 5527 ί
1649 5526 1690 5537 ”
1780 5526 1810 5543 ν
2074 5526 2219 5612 ’(Ξὸ)
2261 5526 2338 5592 Ita
2376 5526 2607 5610 Regius,
2652 5526 2894 5593 secunda
2931 5548 3118 5592 manu.
3149 5531 3208 5588 In
3235 5530 3421 5596 editis,
3444 5526 3610 5591 Θεοῦ,

415 5610 528 5684 (ag)
563 5610 790 5684 Regius,
823 5610 1155 5684 ἐκϐέϐλητοξ

2035 5610 2208 5684 deest-1

415 5651 528 5754 ξξ-ξς
564 5651 1321 5754 ξξξιζ“ἅὲεέῖ”ίῖι”ἶὲ¹ιῖᾷἱξος.ηο.
1693 5753 1697 5754 ί
1785 5753 1829 5754 η

2262 5681 2487 5752 Regius,
2514 5677 2684 5733 ἐποίει
2719 5677 2844 5749 γάρ.

418 5699 527 5750 (το)
566 5699 696 5741 κιαι,
729 5699 882 5736 uees:
916 5700 970 5736 ιη
1002 5699 1082 5736 nn
1127 5699 1321 5737 ncano.

418 5751 532 5823 (“24)
564 5751 643 5806 lta
669 5750 802 5824 Reg.
827 5761 880 5808 et
913 5754 1071 5825 Angl.
1089 5699 1194 5810 Ed.
1226 5769 1370 5821 vero,
1397 5754 1445 5806 εἰ
1472 5755 1610 5826 τάχα
1634 5753 1755 5810 κάν.
1783 5753 1925 5830 Mox,
