3872 6188
213 271 290 329 225

1154 262 1246 318 DE
1283 261 1630 320 PASSIONE
1663 263 1754 319 ET
1792 263 2028 320 CRUCE
2069 263 2330 321 ΒΟΜΙΝΙ.

3289 265 3400 323 226

212 386 278 439 τὸν
298 381 463 452 Κύριον
485 381 565 436 τὸν
597 380 843 436 θάνατον.
889 378 1024 434 Οὐδὲ
1054 377 1245 450 μαθεῖν
1273 379 1489 451 ήθελεν,
1527 382 1577 434 εί
1607 379 1700 433 δύ-

1825 397 1934 434 ium
1973 381 2148 436 vitare
2198 387 2453 435 mortem.
2500 377 2693 450 Neque
2748 380 2966 437 volebat
3014 381 3281 445 ediscere,
3327 398 3396 438 an

211 493 328 532 ναται
358 475 514 529 ἐαυτὸν
552 473 744 529 σῶσαι·
779 472 897 526 ἀλλ’
939 473 1026 525 ἵνα
1064 471 1137 543 μὴ
1169 474 1283 536 τοῖς
1311 473 1493 538 ἄλλοις
1531 491 1706 544 σωτη-

210 570 278 640 ρία
302 569 502 638 γένηται.
533 568 590 619 Et
619 566 726 638 γὰρ
765 565 908 628 ὅλως
948 566 1282 632 ἐγίγνωσκεν
1314 566 1424 637 (27)
1455 565 1707 621 σώσαντα

208 661 330 714 αὐτὸν
356 661 458 722 τοὺς
485 658 681 722 ἀλλους,
715 659 818 711 οὐκ
860 653 930 729 ἦν
973 656 1297 728 ἀμφίϐολον,
1339 658 1431 711 τὸν
1463 661 1576 721 τοῖς
1614 658 1709 712 ἄλ-

207 754 290 815 λοις
325 752 553 805 δεδωκότα
592 749 890 823 σωτηρίαν,
937 750 1101 803 αὑτὸν
1148 746 1290 803 εἶναι
1338 749 1568 821 Σωτῆρα
1613 749 1708 802 καὶ

208 841 334 913 ζωήν.

255 936 325 990 23.
352 933 528 988 Οὐκοῦν
545 933 628 986 διὰ
654 931 817 987 τοῦτο
843 931 1007 986 αὐτὸν
1039 931 1335 997 ὠνείδιζον,
1370 933 1458 985 ἵνα
1495 931 1570 1002 μὴ
1597 933 1712 996 τοῖς

205 1024 340 1087 ἄλλοις
363 1024 570 1094 σωτηρία
601 1023 849 1094 γένηται.
882 1021 1036 1093 ᾟδει
1075 1023 1182 1094 γὰρ
1221 1025 1250 1076 ὁ
1290 1022 1606 1093 περίεργος,
1628 1023 1710 1074 ὃτι

202 1117 278 1168 οὐκ
303 1115 586 1186 ἀποθνήσκει
617 1117 648 1168 ὁ
678 1114 904 1185 Κύριος,
933 1113 1048 1166 ἀλλ’
1071 1116 1100 1166 ὁ
1124 1114 1317 1168 τούτου
1343 1115 1572 1178 θάνατος
1601 1131 1710 1167 σω-

204 1207 328 1277 τηρία
348 1207 428 1258 καὶ
452 1206 554 1276 ζωὴ
575 1209 689 1268 τοῖς
722 1208 857 1259 πᾶσι
878 1208 1185 1278 γενήσεται.
1217 1207 1316 1260 Διά
1339 1205 1498 1260 τοῦτο
1521 1206 1712 1279 ἤθελεν

202 1298 324 1350 αὑτὸν
346 1297 616 1369 καταϐῆναι
650 1297 759 1350 ἀπὸ
799 1297 896 1350 τοῦ
945 1298 1204 1370 σταυροῦ,
1247 1298 1343 1352 καὶ
1380 1299 1555 1352 ἐποίει
1584 1300 1714 1362 τοὺς

202 1387 459 1458 Φαρισαίους
496 1387 924 1457 ἐπαγγέλλεσθαι
967 1389 1276 1443 πιστεύεινο
1320 1390 1465 1462 τάχα
1510 1390 1614 1444 κᾶν
1643 1395 1711 1464 τῇ

200 1475 439 1548 ἐπαγγελίᾳ
465 1476 558 1547 τῆς
589 1477 829 1541 πίστεως
871 1478 1252 1549 περιγένηται,
1282 1473 1357 1534 ὧν
1395 1479 1608 1551 ἤθελεν.
1653 1481 1715 1534 '0

200 1565 241 1617 δέ
272 1567 458 1636 Κύριος,
483 1569 510 1620 ὁ
535 1567 610 1638 τῷ
657 1566 773 1620 ὄντι
806 1567 1020 1639 Σωτὴρ,
1051 1569 1080 1620 ό
1129 1568 1204 1640 μὴ
1243 1569 1304 1623 τὸ
1336 1567 1550 1632 ἐαυτοῦ,
1577 1568 1715 1623 ἀλλὰ

199 1656 248 1708 τὰ
269 1656 394 1726 ήμῶν
421 1655 605 1728 ζητῶν,
629 1659 733 1712 οὐκ
753 1658 866 1712 ἀπὸ
884 1659 980 1712 τοῦ
1007 1659 1198 1713 ἑαυτὸν
1235 1661 1426 1727 σῶσαι,
1458 1661 1573 1714 ἀλλ’
1607 1661 1716 1715 ἀπὸ

199 1747 267 1800 τοῦ
285 1749 619 1820 λυτρώσασθαι
641 1751 743 1822 τήν
776 1753 956 1806 κτίσιν
989 1751 1147 1824 ἤθελε
1167 1753 1475 1826 γνωσθῆναι
1497 1755 1713 1826 Σωτήρ.
1748 1743 1791 1802 Β

198 1841 299 1894 Οὐδὲ
319 1843 410 1916 γὰρ
429 1845 596 1918 ἰατρὸς
617 1846 686 1899 ἐκ
718 1843 816 1898 τοῦ
854 1845 1018 1899 αὐτὸν
1039 1846 1304 1915 ὑγιαίνειν
1333 1847 1714 1919 γνωσθήσεται

200 1933 355 2006 ἰατρὸς,
387 1938 430 1988 εί
471 1937 541 2008 μὴ
581 1937 821 2002 καὶτοῖς
865 1935 1114 1992 νοσοῦσιν
1145 1937 1448 2008 ἐνδείξηται
1487 1939 1589 2011 τὴν
1630 1938 1719 1993 τέ-

195 2043 324 2096 χνην·
349 2029 429 2082 καὶ
461 2031 486 2082 ὀ
517 2027 668 2100 ἣλιος
690 2032 791 2084 οὐκ
822 2030 921 2085 ἐάν
962 2031 1044 2094 είς
1082 2031 1273 2085 ἐαυτὸν
1312 2033 1577 2106 συστέλλῃ
1617 2034 1718 2099 τὰς

195 2119 390 2186 ἀκτῖνας,
420 2121 788 2194 γνωσθήσεται
826 2121 965 2192 φῶς,
995 2123 1044 2175 εί
1084 2122 1159 2194 μὴ
1194 2123 1288 2177 καὶ
1318 2126 1386 2196 τῇ
1425 2125 1717 2198 οἰκουμένῃ

194 2208 352 2274 ταύτας
386 2213 686 2286 ἐπεκτείνῃ,
722 2215 819 2268 καί
864 2213 926 2267 τὸ
971 2215 1162 2278 σκότος
1205 2217 1265 2271 ἐν
1304 2216 1496 2280 αὐταῖς
1544 2234 1719 2270 κατα-

382 2303 552 2369 Οὕτως
582 2306 683 2359 καὶ
725 2307 756 2359 ὁ
779 2305 989 2378 Κύριος
1015 2307 1113 2377 οὐχ
1152 2308 1349 2361 ἑαυτὸν
1377 2307 1548 2373 ἔσωζε
1567 2325 1582 2340 ο
1614 2328 1721 2364 σω·-

193 2396 344 2466 τηρίας
373 2397 468 2469 γὰρ
489 2399 678 2471 χρείαν
703 2400 806 2454 οὐκ
846 2396 1011 2471 εἶχεν,
1057 2400 1220 2464 αὐτὸς
1248 2399 1324 2455 ὢν
1347 2401 1568 2475 Σωτήρ·
1602 2403 1720 2456 ἀλλ’

192 2489 274 2541 ἀπὸ
291 2489 375 2560 τῆς
393 2490 489 2544 τῶν
509 2491 686 2546 ἄλλων
713 2493 1034 2564 εὐεργεσίας
1065 2493 1226 2566 ήθελε
1252 2493 1561 2566 γνωσθῆναι
1583 2496 1722 2552 πᾶσι

195 2580 361 2654 Σωτήρ.
409 2585 536 2638 Ἀλλ’
587 2585 715 2639 οὐδὲ
763 2585 1110 2641 καταϐαίνων
1164 2587 1276 2641 ἀπὸ
1335 2588 1431 2641 τοῦ
1483 2588 1720 2663 σταυροῦ

192 2672 315 2742 ήθελε
338 2676 624 2749 γνωσθῆναι
657 2677 790 2742 Υἱὸς
815 2677 974 2743 Θεοῦ,
1003 2679 1116 2733 ἀλλ’
1151 2679 1262 2733 ἀπὸ
1292 2678 1387 2733 τοῦ
1420 2679 1600 2751 μένειν
1633 2681 1724 2734 αὑ·

192 2762 274 2814 τόν.
302 2761 505 2820 Πλείονα
536 2767 648 2838 γὰρ
695 2766 894 2838 μᾶλλον
931 2770 960 2822 ὁ
1001 2768 1232 2832 θάνατος
1277 2771 1305 2822 ὁ
1341 2769 1437 2821 τοῦ
1468 2769 1721 2842 Σωτῆρος

192 2854 334 2909 πίστιν
357 2858 442 2911 καὶ
481 2859 757 2931 σωτηρίαν
792 2862 904 2923 τοῖς
950 2859 1260 2932 ἀνθρώποις
1301 2859 1456 2932 φέρει
1485 2862 1518 2932 ἢ
1551 2864 1584 2933 ἡ
1614 2863 1722 2916 ἀπὸ

191 2944 260 2998 τοῦ
289 2949 495 3020 σταυροῦ
533 2951 860 3016 κατάϐασις.
906 2953 1121 3024 Ἀμέλει
1159 2953 1506 3024 κρεμαμένου
1553 2953 1719 3008 αὑτοῦ

191 3036 260 3090 ἐπὶ
279 3040 361 3095 τοῦ
384 3044 606 3116 σταυροῦ
633 3043 718 3097 ἐτι
741 3043 878 3116 (28),
907 3045 978 3098 τά
1001 3045 1100 3116 μὲν
1130 3048 1389 3118 μνήματα
1415 3049 1716 3118 ἠνοίγοντο,

190 3129 262 3181 ul.
285 3132 326 3183 οἱ
351 3134 403 3186 ἐν
423 3109 597 3200 αὐτοῖς
619 3109 867 3207 κείμενοι
899 3109 1162 3201 ἐσώξοντο
1180 3156 1195 3170 ο
1285 3139 1342 3194 δέ
1375 3109 1721 3214 κρεμάμενος
1746 3109 1788 3167 C

189 3218 348 3294 λῃστὴς
373 3227 650 3281 ἐπίστευεν
680 3231 762 3293 είς
791 3229 952 3283 αὐτόν
972 3247 986 3260 ·
1029 3231 1116 3286 ἵνα
1157 3231 1328 3306 δείξῃ,
1369 3234 1453 3288 ὅτι
1487 3235 1568 3305 τῷ
1606 3235 1720 3290 ὄντι

190 3314 339 3390 Σωτήρ
376 3322 516 3373 ἐστι*
560 3322 661 3376 καὶ
699 3321 1010 3387 ἀποθανὼν,
1041 3326 1108 3396 τῇ
1141 3325 1324 3380 πίστει
1357 3331 1717 3400 καρποφορεῖ.

199 3405 293 3462 Ἐπὶ
312 3411 504 3480 τούτοις
531 3414 787 3480 ἐξίστατο
816 3415 1002 3470 λοιπὸν
1035 3417 1252 3489 ἀληθῶς
1283 3420 1312 3471 ὁ
1332 3418 1596 3484 διάϐολος,
1627 3419 1723 3472 καὶ¹

187 3501 304 3555 πᾶσα
341 3504 514 3559 τοῦτον
564 3507 799 3572 εἰκότως
842 3508 955 3579 (29)
981 3509 1186 3580 ἀπορία
1233 3514 1518 3582 κατεῖχεν·
1576 3509 1724 3583 ἐώρα

187 3590 272 3665 γὰρ
291 3595 432 3651 αὐτὸν
458 3598 827 3665 ἀπολέσαντα,
854 3600 951 3654 καὶ
973 3600 1066 3654 τὸν
1083 3601 1285 3674 λῃστὴν
1303 3605 1361 3657 ὲν
1380 3603 1458 3674 τῷ
1481 3604 1720 3676 σταυρῷ,

187 3686 261 3738 καὶ
281 3686 330 3740 ὃν
356 3688 532 3744 ἐπεισε
561 3691 736 3746 πάλαι
763 3691 1068 3763 λῃστεύειν,
1096 3693 1244 3766 ἐώρα
1286 3695 1476 3748 τοῦτον
1504 3695 1727 3749 πιστεύ-

187 3790 348 3831 σανταο
389 3782 480 3835 καὶ
507 3781 569 3836 ὃν
609 3780 903 3854 παρώξυνε
948 3783 1310 3855 βλασφημεῖν,
1341 3785 1530 3840 τοῦτον
1577 3785 1725 3857 ἐώρα

187 3873 543 3938 προσκυνοῦντα
582 3876 680 3928 τὸν
706 3874 932 3947 Κύριον,
960 3876 1054 3928 καὶ
1079 3877 1481 3949 ἐπιπλήττοντα
1513 3880 1607 3932 καὶ
1645 3878 1724 3951 τῷ

185 3958 299 4033 ἄλλῳ
339 3965 518 4039 λῃστῇ,
560 3966 767 4038 μᾶλλον
804 3968 862 4022 δὲ
904 3967 985 4039 τῷ
1024 3971 1081 4022 ἐν
1118 3969 1199 4041 τῷ
1242 3970 1412 4042 λῃστῇ
1467 3970 1720 4042 διαϐόλῳ.

195 4053 437 4126 Ἐτρύχετο
480 4060 537 4113 δὲ
586 4059 777 4126 πάλιν,
823 4060 907 4114 ὅτι
949 4061 1008 4114 ὃν
1050 4061 1126 4125 ὡς
1171 4062 1374 4134 λῃστὴν
1416 4064 1724 4133 ἀπέκτεινε,

187 4143 334 4201 τοῦτον
363 4149 520 4204 πάλιν
552 4151 999 4223 μεταφερόμενον
1023 4152 1170 4225 ἐώρα
1195 4155 1253 4206 ἐν
1280 4153 1358 4224 τῷ
1386 4155 1724 4227 παραδείσῳ.

236 4236 312 4293 24.
341 4241 502 4312 Ὀρῶν
533 4243 592 4296 δὲ
635 4242 734 4296 καὶ
778 4245 958 4298 πᾶσαν
987 4244 1151 4297 αὐτοῦ
1185 4244 1282 4316 τὴν
1308 4245 1608 4300 πανοπλίαν
1646 4249 1729 4319 ρι-

188 4331 357 4395 ςείσαν,
382 4335 472 4387 καὶ
494 4335 575 4388 ὅτι
597 4335 705 4388 οὐκ
721 4330 790 4407 ἦν
818 4336 1150 4409 ἀμυντήριον
1193 4338 1441 4408 πεμφθὲν
1465 4339 1595 4412 παρ’
1631 4340 1729 4393 αὐ-

1808 480 1996 544 posset
2041 473 2158 543 ipse
2201 487 2324 527 sese
2371 473 2584 529 salvum
2615 473 2838 542 lacere;
2880 473 2976 529 sed
3021 475 3300 529 metuebat
3330 491 3400 530 ne

1809 567 1933 620 aliis
1975 567 2124 621 salus
2167 564 2492 620 eilicerelur.
2537 564 2672 618 Nam
2719 566 2765 621 si
2810 567 2978 620 semel
3027 568 3396 638 cognovisset,

1810 657 1948 712 alios
1977 658 2154 726 ipsum
2194 671 2356 726 posse
2385 656 2570 710 salvos
2595 656 2798 718 facere,
2829 656 2963 710 nihil
2993 657 3220 713 dubium
3254 665 3394 720 erat,

1809 762 1935 802 eum
1966 747 2060 816 qui
2095 746 2218 801 aliis
2251 747 2484 802 salutem
2533 746 2864 817 impertiret,
2897 763 3021 803 esse
3055 746 3395 803 Salvatorem

1812 847 1978 908 atque
2013 839 2203 892 vitam.

1880 930 1973 984 23.
2004 929 2079 981 Ea
2111 929 2276 998 igitur
2301 927 2368 983 de
2397 942 2564 984 causa
2590 929 3042 984 conviciabantur
3065 930 3164 997 illi,
3187 946 3257 985 ne
3278 931 3400 984 aliis

1811 1021 1961 1076 salus
2001 1019 2177 1075 ﬁeret.
2214 1019 2453 1074 Noverat
2495 1022 2641 1076 enim
2675 1021 2766 1076 ille
2802 1029 3081 1084 versutus,
3120 1038 3228 1074 non
3259 1021 3402 1075 mori

1811 1113 2032 1185 quidem
2075 1111 2407 1181 Dominum;
2443 1114 2539 1168 sed
2585 1114 2706 1184 ejus
2738 1122 2992 1181 mortem,
3035 1113 3203 1169 vitam
3253 1113 3404 1168 salu-

1812 1213 2034 1277 temque
2074 1207 2334 1261 omnibus
2380 1205 2520 1262 fore.
2561 1205 2930 1273 Quamobrem
2976 1208 3195 1261 volebat
3246 1206 3402 1260 illum

1813 1312 1881 1352 ex
1910 1312 2076 1353 cruce
2114 1298 2474 1363 descendere,
2519 1314 2694 1369 eoque
2740 1297 2965 1353 deduxit
2995 1297 3304 1353 Pharisaeos
3345 1305 3405 1353 ut

1816 1405 1874 1444 se
1896 1390 2204 1445 credituros
2228 1390 2655 1460 pollicerentur;
2683 1400 2828 1447 utea
2860 1392 3050 1447 saltem
3085 1392 3408 1462 promissio-

1815 1497 1885 1536 ne
1909 1497 2031 1552 quae
2058 1481 2277 1536 volebat
2313 1492 2771 1554 consequeretur.
2805 1482 3072 1538 Dominus
3101 1492 3282 1538 autem
3320 1500 3408 1539 re-

1814 1589 1945 1629 vera
1983 1573 2255 1642 Salvator,
2285 1575 2379 1645 qui
2421 1590 2533 1630 non
2566 1591 2688 1640 sua,
2732 1575 2829 1631 sed
2876 1571 3067 1630 noStra
3097 1583 3405 1645 quaereret;

1815 1687 1928 1725 non
1957 1685 2022 1726 ex
2049 1686 2114 1724 eo
2130 1671 2277 1741 quod
2311 1687 2432 1727 sese
2461 1671 2672 1726 salvum
2706 1669 2934 1737 faceret,
2962 1671 3056 1726 sed
3074 1686 3142 1725 ex
3171 1686 3237 1726 eo
3257 1670 3405 1741 quod

1818 1768 2100 1817 creaturas
2126 1762 2444 1826 redimeret,
2467 1762 2684 1817 volebat
2718 1759 2972 1817 Salvator
2999 1762 3248 1832 agnosci.
3282 1761 3406 1816 Non

1817 1850 1966 1906 enim
1996 1850 2266 1914 medicus,
2293 1851 2438 1921 quod
2472 1866 2643 1907 sanus
2679 1851 2796 1922 ipse
2833 1852 2924 1916 sit,
2953 1853 3202 1907 medicus
3234 1867 3407 1922 agno-

1818 1948 2035 2008 scetur;
2071 1939 2179 1995 nisi
2220 1942 2370 1996 circa
2407 1950 2646 2012 aegrotos
2679 1955 2838 1996 suam
2876 1941 3132 1995 exhibeat
3183 1950 3355 1997 artem
3388 1957 3404 1995 :

1817 2039 1873 2088 et
1911 2033 1996 2088 sol
2034 2048 2147 2087 non
2188 2034 2235 2089 si
2268 2032 2326 2088 in
2365 2048 2426 2089 se
2475 2034 2660 2088 radios
2704 2034 3016 2097 contrahat,
3067 2049 3167 2105 pro
3201 2034 3410 2090 lumine

1820 2135 2172 2196 agnoscetur,
2216 2127 2327 2181 nisi
2379 2141 2477 2197 per
2506 2127 2696 2182 orbem
2732 2127 2859 2184 illos
2906 2124 3196 2194 diffundat,
3233 2127 3414 2198 iisque

1819 2217 2081 2272 tenebras
2124 2217 2385 2272 illustret.
2433 2215 2512 2270 Ita
2544 2232 2766 2288 quoque
2813 2216 3080 2273 Dominus
3132 2234 3243 2272 non
3287 2233 3412 2274 sese

1820 2310 2034 2365 salvum
2066 2308 2197 2363 fecit
2227 2324 2240 2360 :
2272 2324 2400 2363 nam
2441 2310 2620 2364 salute
2645 2325 2757 2363 non
2806 2311 3000 2380 egebat
3031 2311 3125 2380 qui
3161 2309 3414 2366 Salvator

1818 2407 1968 2456 esset
1995 2417 2010 2451 :
2039 2399 2135 2455 sed
2162 2415 2260 2471 per
2285 2399 2550 2455 beneﬁcia
2581 2401 2706 2455 aliis
2735 2401 2936 2456 collata
2961 2402 3180 2458 volebat
3199 2402 3270 2457 ab
3293 2419 3415 2457 om-

1820 2492 1986 2546 nibus
2021 2491 2277 2548 Salvator
2309 2492 2556 2562 agnosci.
2590 2490 2698 2547 Sed
2745 2507 2848 2549 nec
2888 2508 2956 2548 ex
2983 2508 3149 2549 cruce
3174 2495 3406 2550 descen.

1821 2583 2023 2649 dendo,
2057 2585 2232 2639 voluit
2265 2583 2423 2638 nosci
2452 2582 2625 2639 Filius
2659 2583 2774 2651 Dei,
2801 2585 2896 2640 sed
2929 2586 2986 2639 in
3020 2601 3083 2641 ea
3114 2587 3404 2642 manendo.

1822 2676 2086 2747 Majorem
2131 2677 2276 2732 enim
2310 2677 2472 2732 [idem
2524 2678 2869 2748 salutemque
2910 2693 3060 2734 mors
3105 2677 3416 2735 Salvatoris

1823 2768 1982 2824 aﬂ‘ert
2030 2769 2372 2834 hominibus,
2431 2784 2596 2839 quam
2647 2769 2927 2825 attulisset
2981 2770 3288 2826 descensus
3342 2771 3412 2826 de

1822 2874 2007 2914 cruce.
2035 2859 2198 2915 Certe
2220 2859 2491 2930 pendente
2508 2859 2688 2912 adhuc
2720 2860 2776 2913 in
2809 2873 2976 2914 cruce
3009 2859 3264 2924 Domino,
3291 2875 3411 2916 mo-

1822 2962 2087 3008 numenta
2125 2953 2537 3022 aperiebantur,
2577 2952 2782 3022 quique
2804 2951 2861 3006 in
2894 2953 2962 3007 iis
2990 2952 3251 3022 iacebant
3275 2953 3415 3009 salvi

1822 3045 2238 3102 efﬁciebantur:
2271 3045 2414 3101 latro
2451 3053 2632 3100 autem
2669 3061 2980 3116 suspensus
3004 3045 3058 3100 in
3085 3046 3264 3116 ipsum
3294 3063 3415 3102 cre-

1821 3139 1992 3208 didit;
2027 3148 2088 3195 ut
2115 3140 2294 3210 palam
2317 3138 2526 3196 faceret
2558 3155 2618 3195 se
2645 3155 2836 3195 revera
2864 3138 3205 3195 Salvatorem
3237 3156 3364 3197 esse
3395 3157 3412 3194 :

1821 3239 1986 3302 atque
2018 3231 2260 3287 moriens
2297 3231 2423 3286 ﬁdei
2450 3231 2690 3286 fructum
2725 3230 3147 3300 multiplicabat.
3176 3229 3259 3284 Ad
3296 3231 3414 3287 haec

1822 3337 1956 3378 sane
1986 3322 2274 3392 obstupuit
2303 3322 2578 3387 diabolus,
2611 3336 2939 3391 summaque
2973 3323 3276 3388 anxietate,
3309 3338 3416 3378 nec

1822 3413 2120 3479 immerito,
2163 3419 2454 3483 correptus
2487 3413 2610 3478 fuit,
2647 3412 2780 3467 dum
2816 3420 3068 3467 cerneret
3098 3429 3158 3468 se
3201 3413 3258 3468 in
3289 3429 3418 3485 per-

1822 3505 2022 3560 niciem
2051 3505 2152 3573 ire,
2180 3505 2451 3559 latronem
2469 3519 2600 3560 vero
2634 3505 2690 3558 in
2713 3518 2899 3570 cruce,
2937 3503 3028 3558 cui
3055 3505 3184 3558 olim
3207 3504 3416 3559 furtum

1825 3604 2099 3661 suaserat,
2146 3595 2372 3651 credere
2415 3609 2432 3649 :
2474 3610 2749 3667 quemque
2798 3594 2869 3649 ad
2922 3594 3416 3666 blasphemandum

1823 3687 2158 3752 concitarat,
2209 3687 2349 3742 vidit
2406 3686 2640 3742 adorare
2687 3686 3017 3753 Dominum,
3070 3688 3416 3760 alterumque

1826 3780 2100 3834 latronem
2152 3779 2461 3850 increpare,
2517 3780 2630 3833 imo
2662 3780 2844 3850 potius
2896 3779 2951 3833 in
2985 3780 3197 3835 latrone
3223 3779 3418 3835 diabo—

1826 3872 1964 3930 lum.
2002 3871 2440 3927 Excruciabatur
2489 3873 2724 3937 iterum,
2772 3873 2917 3942 quod
2969 3886 3168 3944 quem,
3221 3881 3282 3928 ut
3339 3874 3418 3926 la-

1829 3974 2042 4019 tronem
2085 3965 2390 4031 occiderat,
2431 3964 2684 4020 eumdem
2743 3965 2955 4021 videret
3005 3967 3062 4021 in
3097 3965 3418 4039 paradisum

1826 4057 2139 4112 transferri.

1898 4238 1989 4294 24.
2025 4236 2236 4293 Videns
2272 4245 2452 4290 autem
2484 4235 2671 4290 omnia
2701 4252 2801 4292 sua
2836 4252 2990 4291 arma
3025 4227 3258 4306 dejecta,
3286 4237 3406 4293 nul«

1826 4333 2051 4402 lumque
2081 4345 2112 4383 a
2153 4345 2212 4384 se
2248 4329 2556 4383 immissum
2583 4327 2754 4383 fuisse
2786 4328 2878 4383 teli
2908 4344 3102 4399 genus,
3131 4328 3277 4400 quod
3303 4347 3411 4384 [ιω

184 4420 276 4484 τοῦ,
307 4424 331 4475 ὅ
362 4426 432 4498 μή
471 4427 764 4498 ἠκύρωσεν
798 4429 828 4479 ὁ
855 4428 1081 4500 Κύριος,
1124 4430 1266 4484 κατὰ
1301 4431 1364 4484 τὸ
1402 4433 1722 4504 γεγραμμέ-

1831 4419 1941 4493 76
1983 4429 2130 4477 esset
2179 4436 2209 4474 a
2259 4419 2488 4474 Domino
2538 4419 2902 4483 confractum,
2953 4419 3414 4490 quemadmodum

185 4525 278 4561 νον·
316 4532 333 4564 ι
362 4516 462 4569 Τοῦ
505 4516 712 4588 ἐχθροῦ
745 4517 990 4582 ἐξέλιπον
1031 4521 1089 4572 αί
1134 4523 1400 4592 ρομφαῖαι
1443 4523 1520 4587 είς
1552 4523 1726 4586 τέλος,

184 4603 259 4654 καὶ
293 4605 459 4671 πόλεις
503 4607 779 4672 καθεῖλες,
813 4627 832 4660 ι
880 4609 969 4663 διὰ
1011 4610 1168 4664 τοῦτο
1219 4613 1550 4684 ἐταράσσετο
1593 4614 1727 4686 (50),

185 4695 258 4746 καὶ
298 4697 528 4771 ἀπορῶν,
585 4701 896 4772 πεπείρακε
932 4701 1119 4758 λοιπὸν
1161 4703 1344 4758 δοῦναι
1393 4704 1474 4776 τῷ
1516 4707 1728 4778 Σωτῆρι

1833 4516 2099 4585 scriptum
2120 4520 2204 4568 est
2231 4527 2242 4562 :
2279 4531 2297 4562 ι
2329 4511 2541 4565 Inimici
2567 4510 2884 4565 defecerunt
2909 4510 3126 4566 framea:
3151 4512 3206 4566 in
3230 4513 3421 4576 finem,

1832 4616 1886 4662 et
1918 4607 2170 4662 civitates
2184 4602 2610 4670 destruxisti“;
2644 4623 2663 4657 ι
2697 4604 2820 4658 ideo
2857 4605 3217 4660 conturbatus
3235 4614 3289 4660 et
3317 4621 3423 4660 an--

1831 4701 1978 4765 xius,
2013 4699 2353 4754 Salvatorem
2403 4697 2623 4751 demum
2673 4698 2904 4753 tentavit
2949 4709 3140 4768 potare
3191 4700 3316 4754 felle
3362 4706 3424 4752 et

1830 4799 1987 4845 aceto
2019 4805 2032 4842 :
2066 4789 2160 4845 scd
2197 4788 2486 4860 ignorabat
2530 4788 2768 4858 idipsum
2813 4789 2870 4843 in
2917 4804 3039 4845 sese
3079 4790 3277 4843 moliri.
3319 4789 3422 4843 ira:

1831 4885 2033 4953 quippe
2083 4883 2440 4937 acerbitatem
2487 4897 2554 4937 ex
2594 4880 3032 4951 transgressione
3085 4881 3218 4952 legis
3249 4881 3415 4936 obor-

1832 4982 1968 5042 tam,
2006 4973 2064 5028 in
2091 4989 2200 5044 qua
2243 4973 2524 5028 detinebat
2564 4973 2876 5039 universos,
2929 4971 3202 5027 Sa‘lvatori
3246 4973 3420 5027 tradi-

1835 5070 1915 5125 dit
1949 5090 1962 5126 :
2000 5085 2163 5141 quam
2217 5070 2309 5125 ille
2342 5078 2624 5140 acceptam
2680 5069 2980 5138 assumpsit
3027 5077 3082 5122 et
3109 5069 3418 5131 evacuavit,

1835 5171 1899 5220 ut
1930 5178 2032 5235 pro
2061 5171 2242 5230 aceto,
2279 5162 2427 5234 quod
2459 5161 2684 5217 miscuit
2718 5161 2988 5231 sapientia
3021 5160 3209 5214 vinum
3257 5159 3420 5216 nobis

181 4792 300 4844 πιεῖν
327 4791 439 4859 ὅξος
476 4795 618 4864 μετά
647 4794 846 4866 χολῆς·
879 4794 1014 4850 ἀλλά
1053 4796 1148 4849 καὶ
1181 4796 1342 4850 τοῦτο
1379 4797 1503 4851 καθ’
1535 4796 1727 4850 ἐαυτοῦ

183 4886 565 4951 κατασκευάζων
597 4887 808 4956 ἠγνόει.
840 4887 915 4942 Τὸ
947 4887 1057 4960 γάρ
1093 4889 1291 4960 πικρὸν
1320 4889 1423 4959 τῆς
1453 4889 1643 4962 ὀργῆς,
1666 4890 1728 4943 τδ

178 4970 252 5026 διὰ
283 4977 372 5048 τὴν
398 4978 710 5051 παράϐασιν
739 4979 834 5033 τοῦ
863 4980 1030 5051 νόμου
1062 4981 1372 5052 γενόμενον,
1406 4982 1466 5037 ἐν
1505 4973 1550 5050 ᾧ
1587 4981 1726 5034 πάν·

179 5081 262 5130 τις
288 5073 545 5141 κατεῖχεν,
588 5071 848 5125 ἀπεδίδου
890 5071 973 5143 τῷ
1005 5072 1251 5145 Σωτῆρι·
1299 5073 1396 5127 καὶ
1432 5072 1728 5144 λαμϐάνων

179 5157 353 5225 ἐκεῖνος
378 5163 636 5238 ἀνήλισκε
664 5165 758 5219 καὶ
783 5163 1051 5231 ἐξεκένου,
1070 5164 1160 5219 ίνα
1184 5165 1306 5218 ἀντὶ
1328 5164 1428 5236 μὲν
1450 5163 1544 5218 τοῦ
1573 5163 1728 5232 ὄξους

234 5335 274 5368 ⁷⁸
305 5334 442 5395 Psal.
479 5356 534 5396 ιι
554 5381 570 5406 ,
612 5339 667 5393 7.

240 5514 337 5591 (2'1)
371 5517 596 5591 Regius,
628 5520 916 5588 ἐγίνωσκε,
947 5517 1201 5591 secunda
1248 5532 1435 5571 manu.
1480 5515 1624 5591 Editi
1669 5525 1724 5571 et

185 5585 278 5649 alii,
306 5585 610 5658 ἐγίεκυῖτκον.
646 5585 793 5644 Infra
836 5591 891 5643 in
944 5588 1108 5658 Regio
1138 5595 1262 5658 post
1295 5587 1588 5658 σωτηρίαν,
1632 5605 1723 5643 se-

187 5631 517 5731 Curida‘manu
548 5661 617 5716 ad
652 5661 946 5731 marginem
983 5631 1224 5725 additur,
1259 5659 1351 5712 καὶ
1379 5631 1544 5730 (dim.

243 5726 337 5798 ($8)
376 5731 512 5799 Ἔτι,
545 5732 706 5788 deest
731 5726 796 5788 id
812 5729 1132 5802 Anglicano.
1184 5802 1188 5805 ι

1904 5515 2016 5592 (29)
2056 5517 2314 5592 Είκότως,
2341 5516 2494 5592 deest
2525 5517 2580 5592 in
2607 5518 2822 5592 Anglic.
2850 5516 3243 5592 Mox,_llegius,
3268 5519 3416 5592 ἐώρα

1831 5587 2186 5661 γάρνέαυτόν.
2209 5588 2352 5642 Editi
2383 5603 2533 5661 vero,
2559 5587 2846 5661 ἐῲρα’γὰρ
2875 5589 3057 5642 αὐτόν.

1969 5605 2178 5642 εαυτον.
2199 5605 2352 5671 ,ιιωιι
2383 5605 2533 5653 vero,
2559 5605 2704 5668 εωρα
2738 5605 2846 5698 γαρ
2875 5606 2970 5642 αυτ

1905 5605 2014 5731 ἴδο)
2053 5660 2410 5731 Anglicanus,
2434 5658 2524 5714 διὰ
2550 5675 2708 5714 τουτο
2727 5659 2784 5712 δὲ
2815 5676 2970 5730 νταρ.
