3890 6200
345 265 490 362 ίἳιὲΊ

1517 255 1576 312 S.
1612 248 2081 308 ATHANASlUS.
2118 279 2189 289 —
2227 243 2458 303 DUBIA.

3532 232 3640 287 228

385 381 691 456 potandum
733 379 932 435 daret:
960 391 1062 449 pro
1093 375 1238 440 felle,
1269 374 1490 446 eloquia
1528 372 1688 427 melle
1737 375 1792 424 et
1837 367 1961 420 favo

2088 381 2120 416 v
2151 361 2413 432 ἐκέρασεν
2439 350 2580 410 οἶνον
2609 355 2642 426 ἡ
2669 353 2830 423 σοφία
2859 351 3056 424 ποτίσῃ
3085 351 3234 421 ἡμᾶς
3256 367 3270 379 ·
3305 347 3426 402 ἀντὶ
3457 347 3514 401 δέ
3542 350 3642 420 τῆς

385 475 637 532 dulciora
681 472 844 528 nobis
873 469 1219 541 impertiret:
1251 476 1306 523 et
1339 483 1440 537 pro
1477 480 1544 521 eo
1589 462 1736 533 quod
1775 465 1963 514 nostra

386 574 685 640 gustasset,
715 565 875 620 nobis
909 563 1114 617 diceret
1147 580 1159 614 :
1195 579 1214 612 ‹
1245 559 1473 613 Gustate
1512 563 1566 612 et
1604 554 1803 613 videte,
1829 565 1965 621 quo-

388 658 536 715 niam
567 657 753 713 suavis
789 664 875 712 est
902 653 1248 710 Dominus".
1282 671 1300 703 ι
1337 649 1407 704 Ut
1430 659 1609 703 autem
1642 661 1708 701 eo
1738 641 1962 704 excidit,

389 758 556 820 atque
587 750 854 820 spoliatus
896 754 999 810 est,
1049 743 1373 816 pudefactus
1417 742 1659 801 demum,
1684 736 1877 792 incidit
1910 733 1965 786 in

391 843 628 912 aliquam
675 840 1066 910 suspicionem,
1094 837 1224 890 dum
1261 835 1389 888 talia
1422 838 1693 895 cerneret,
1729 843 1790 883 se
1819 825 1966 882 scili-

391 944 479 991 cet
507 950 616 989 non
633 942 825 988 contra
856 931 1152 993 hominem,
1179 928 1274 982 sed
1293 934 1485 982 contra
1505 923 1672 978 Deum
1701 933 1964 991 pugnare.

392 1027 622 1084 Videbat
655 1028 801 1083 enim
849 1025 1049 1095 quibus
1092 1022 1146 1076 in
1178 1021 1343 1075 rebus
1375 1033 1566 1073 omnes
1610 1028 1805 1083 capere
1845 1020 1968 1066 ten-

391 1128 553 1179 taret.
597 1121 650 1173 in
702 1117 896 1174 iisdem
944 1131 1004 1171 se
1051 1114 1261 1184 pudore
1304 1111 1465 1174 allici,
1503 1108 1785 1178 magisque
1833 1101 1966 1165 labi,

392 1226 556 1282 quam
583 1210 817 1278 dejicere
846 1208 1024 1262 alios:
1058 1205 1386 1273 demumque
1430 1198 1683 1255 secedere
1720 1194 1968 1257 tentavit,

395 1317 462 1356 ac
484 1301 743 1372 fugiendo
777 1306 928 1368 terga
962 1297 1112 1351 dare.
1147 1295 1284 1350 Dum
1313 1294 1457 1349 enim
1485 1305 1608 1346 eum
1640 1300 1970 1358 suspensum

392 1398 644 1447 cerneret
689 1397 918 1444 mortem
967 1387 1329 1442 nihilominus
1379 1381 1655 1454 persequi,
1691 1380 1870 1434 timuit
1900 1391 1972 1431 ne

393 1483 486 1538 hic
528 1490 680 1538 esset
708 1481 776 1534 de
813 1493 922 1550 quo
971 1479 1237 1548 scriptum
1264 1483 1386 1531 est:
1417 1473 1758 1528 Exaltabitur
1786 1466 1972 1522 Domi-

393 1591 520 1643 nus,
544 1581 606 1627 ut
640 1572 968 1626 misereatur
1008 1568 1208 1623 nostri.
1235 1566 1370 1632 Quae
1399 1578 1568 1618 causa
1596 1569 1736 1625 erat,
1763 1565 1825 1613 ut
1853 1573 1972 1613 om-

395 1667 487 1721 nia
517 1663 828 1731 relinqucre
850 1667 904 1714 et
931 1658 1120 1730 fugere
1170 1665 1410 1728 pararet,
1456 1651 1707 1708 invidens
1736 1650 1802 1704 iis
1832 1661 1972 1717 quos

2065 451 2226 523 χολῆς
2255 450 2324 504 τά
2346 447 2656 519 γλυκύτερα
2695 444 2834 515 ὑπὲρ
2865 443 2986 514 μέλι
3023 443 3118 494 καί
3146 441 3336 512 κηρίον
3357 439 3512 508 λόγια
3545 457 3643 508 χα-

2067 545 2284 616 ρίσηται
2309 544 2442 613 ἡμῖν
2465 558 2478 570 ·
2511 539 2606 593 καὶ
2634 539 2748 593 ἀνθ’
2775 533 2849 591 ὧν
2877 536 3038 598 αὐτὸς
3070 533 3330 602 ἐγεύσατο
3362 531 3428 584 τά
3461 531 3639 602 ἡμῶν,

2067 637 2195 709 εἴπῃ
2227 635 2321 689 καὶ
2353 636 2517 705 ἡμῖν’
2549 652 2567 683 ι
2603 630 2896 695 Γεύσασθε,
2927 629 3022 681 κα).
3052 627 3208 690 ἴδετε,
3241 627 3323 679 ὅτι
3349 625 3583 696 χρηστὸς
3613 627 3642 676 ὁ

2066 729 2291 801 Κύριος.
2325 745 2343 778 ι
2389 727 2476 787 Ὠς
2505 724 2561 778 δὲ
2593 726 2687 778 καὶ
2714 723 2902 778 τούτου
2935 721 3158 785 ἐξέπεσε
3191 719 3286 772 καὶ¹
3321 716 3639 785 ἐσκυλεύθη,

2068 819 2480 892 καταισχυνθεὶς
2504 817 2709 881 λοιπὸν,
2737 815 2937 884 ὑποψία
2981 813 3142 866 αὐτόν
3181 829 3264 874 τις
3309 805 3475 880 εἶχεν,
3501 807 3642 878 ὁρῶν

2067 915 2136 968 τά
2155 912 2475 985 τηλικαῦτα,
2503 911 2584 963 ὅτι
2606 909 2666 962 ού
2693 907 2827 980 πρὸς
2861 905 3164 976 ἄνθρωπον,
3197 902 3331 956 ἀλλά
3356 901 3492 973 πρὸς
3510 899 3644 952 Θεὸν

2071 1004 2444 1074 ἀντιμάχεται.
2491 999 2669 1072 Ἑώρα
2718 1001 2827 1070 γὰρ
2878 999 2936 1051 ἐν
2980 991 3062 1059 οἷς
3102 996 3227 1058 τοὺς
3272 993 3483 1055 πάντας
3521 990 3646 1060 ἐθή-

2072 1112 2246 1167 ρευεν,
2282 1095 2340 1147 ἐν
2371 1092 2580 1154 τούτοις
2611 1089 2803 1144 ἑαυτὸν
2842 1086 3355 1157 καταισχυνὸμενον,
3387 1083 3480 1136 καὶ
3510 1081 3647 1153 μᾶλ-

2070 1189 2161 1241 λον
2187 1188 2455 1239 πίπτοντα
2498 1184 2531 1255 ἢ
2559 1180 2964 1236 καταϐάλλοντα
2982 1195 2994 1208 ·
3038 1178 3133 1230 καὶ
3163 1175 3349 1228 λοιπὸν
3390 1175 3646 1244 ἐπειρᾶτο

2072 1282 2440 1353 παραχωρεῖν,
2470 1277 2565 1331 καὶ
2593 1273 2737 1328 νῶτα
2778 1272 2974 1326 διδόναι
3010 1272 3077 1341 τῇ
3111 1271 3279 1338 φυγῇ.
3325 1265 3498 1336 Ὁρῶν
3537 1265 3646 1334 γὰρ

2072 1370 2232 1424 αὑτὸν
2261 1367 2628 1440 κρεμάμενον,
2663 1363 2757 1416 καὶ
2803 1360 3064 1414 διώκοντα
3108 1358 3199 1412 τὸν
3244 1356 3491 1418 θάνατον,
3523 1357 3650 1423 ἐφο-

2073 1459 2213 1530 ϐήθη
2237 1458 2316 1529 μὴ
2345 1451 2496 1520 οὗτός
2523 1457 2658 1519 ἐστι,
2698 1453 2825 1524 περὶ
2863 1446 2924 1506 οὗ
2961 1450 3302 1520 γέγραπταιο
3337 1446 3651 1517 Ὑψωθήσε-

2071 1569 2160 1606 ται
2193 1550 2397 1622 Κύριος
2421 1547 2513 1602 τοῦ
2546 1548 2765 1617 ἐλεῆσαι
2794 1545 2963 1615 ἡμᾶς.
2994 1543 3102 1596 Καὶ¹
3146 1541 3233 1595 διὰ
3264 1539 3420 1594 τοῦτο
3451 1539 3652 1610 μᾶλλον

2074 1643 2252 1716 ἐζήτει
2296 1642 2473 1695 πάντα
2515 1638 2852 1700 καταλιπεῖν,
2909 1634 3004 1688 καὶ
3044 1637 3256 1702 φυγεῖν,
3298 1631 3508 1714 φθονῶν
3539 1634 3652 1694 τοῖς

396 1758 688 1810 miseratus
731 1752 823 1805 ille
859 1756 1030 1806 esset.
1064 1747 1173 1804 Sed
1217 1747 1483 1801 Dominus
1522 1759 1650 1800 vere
1701 1741 1972 1803 Salvator,

2088 1733 2526 1807 ἐλεηθησομένοις
2568 1729 2699 1799 παρ’
2734 1725 2931 1780 αὑτοῦ·
2983 1724 3123 1778 Ἀλλ’
3164 1727 3192 1778 6
3239 1723 3461 1794 Κύριος,
3507 1725 3536 1777 6
3573 1721 3654 1792 τῷ

395 1851 593 1904 nolens
637 1861 761 1902 eum
793 1844 1023 1898 illaesum
1057 1841 1227 1904 abire,
1273 1854 1374 1893 nec
1421 1836 1795 1907 imperfectum
1838 1851 1976 1906 opus

396 1937 670 2001 deserere,
705 1949 882 2003 neque
925 1947 1042 2000 eos,
1078 1933 1172 2001 qui
1215 1930 1272 1982 in
1302 1928 1517 1983 inferno
1545 1934 1722 1990 erant,
1752 1925 1977 1981 inimico

398 2027 679 2083 dedititios
717 2026 1047 2094 relinquere,
1088 2035 1287 2092 magno
1331 2018 1678 2088 mirabilique
1709 2025 1977 2088 stratage-

399 2126 544 2173 mate
587 2131 722 2172 usus
768 2122 872 2169 est.
913 2112 1051 2168 Cum
1091 2112 1239 2166 enim
1281 2110 1543 2165 audacem
1578 2109 1732 2163 illum
1763 2106 1980 2178 percul-

400 2224 545 2271 sum,
574 2212 901 2261 trementem
941 2212 995 2258 et
1035 2200 1421 2257 formidantem
1460 2206 1729 2262 cerneret,
1757 2212 1979 2252 rursum

399 2318 461 2359 se
482 2300 735 2357 decidere
771 2296 1015 2363 simulat,
1047 2302 1108 2348 ut
1137 2292 1486 2348 accedentem
1528 2291 1832 2353 inimicum,
1861 2303 1980 2342 om-

398 2396 533 2451 nino
559 2393 861 2464 subigeret.
883 2389 1058 2444 Draco
1078 2387 1224 2442 enim
1243 2386 1465 2442 nolebat
1492 2385 1636 2439 mori
1666 2383 1977 2447 Dominum,

401 2493 497 2541 aut
526 2483 764 2555 pendere
790 2481 846 2534 in
881 2480 1053 2550 ligno,
1095 2477 1192 2534 sed
1227 2477 1450 2546 optabat
1483 2483 1542 2530 ut
1591 2473 1857 2529 Dominus
1887 2473 1981 2528 de-

402 2577 687 2635 scenderet
711 2575 780 2629 de
822 2588 1008 2637 cruce,
1041 2581 1096 2627 et
1133 2585 1244 2624 non
1274 2575 1611 2635 moreretur;
1657 2575 1751 2620 aut
1789 2567 1834 2622 si
1869 2581 1981 2620 non

401 2665 800 2730 descendisset,
831 2671 890 2718 ut
920 2668 1168 2718 maneret
1202 2660 1257 2715 in
1281 2673 1448 2713 cruce
1471 2657 1714 2727 quidem,
1741 2655 1836 2711 sed
1870 2670 1982 2709 non

404 2769 727 2817 moreretur.
761 2757 1037 2811 Metuebat
1068 2754 1242 2816 enim,
1286 2767 1357 2807 ne
1386 2751 1442 2806 id
1481 2750 1638 2806 ﬁeret
1666 2748 1812 2818 quod
1841 2749 1982 2803 scri-

404 2859 558 2922 ptum
601 2857 728 2906 est:
767 2867 786 2900 ι
823 2847 1064 2918 Spiritus
1107 2844 1327 2899 Domini
1366 2857 1532 2911 super
1572 2856 1681 2904 me,
1728 2855 1794 2896 eo
1835 2837 1982 2910 quod

405 2942 626 2997 unxerit
669 2955 794 3007 me,
837 2938 1215 3009 evangelizare
1258 2934 1590 3006 pauperibus
1615 2933 1766 2989 misit
1792 2947 1896 2997 me,
1928 2937 1983 2986 et

2077 1827 2194 1880 ὄντι
2226 1824 2450 1893 Σωτὴρ,
2495 1822 2555 1874 ού
2591 1819 2758 1872 θέλων
2793 1816 2953 1870 αὐτὸν
2995 1815 3247 1870 ἀπελθεῖν
3291 1814 3497 1883 ἀπαθῆ,
3533 1814 3654 1866 οὐδὲ

2077 1917 2264 1978 ἀτελές
2307 1917 2368 1969 τὸ
2414 1914 2572 1986 ἔργον
2618 1909 2963 1980 καταλεῖψαι,
3004 1909 3126 1962 ούδέ
3177 1909 3302 1971 τοὺς
3341 1910 3402 1961 ἐν
3433 1905 3510 1977 τῷ
3553 1906 3656 1979 ᾆδῃ

2079 2009 2330 2072 ἐκδότους
2374 2009 2592 2076 ἀφεῖναι
2625 2003 2700 2076 τῷ
2733 2002 2932 2076 ἐχθρῷ,
2967 2002 3342 2072 ἐστρατήγησε
3377 1999 3517 2070 μέγα
3561 1999 3658 2052 καὶ

2079 2099 2390 2171 θαυμαστὸν
2456 2098 2635 2168 ἔργον.
2705 2094 2875 2166 Ὁρῶν
2941 2094 3050 2165 γὰρ
3117 2091 3277 2145 αὐτὸν
3344 2091 3663 2161 καταπτήσ-

2082 2208 2242 2246 σοντα
2272 2189 2406 2260 (51),
2435 2189 2529 2242 καὶ
2551 2188 2844 2259 τρέμοντα,
2885 2186 2977 2238 καὶ
3005 2183 3286 2236 δειλιῶντα
3310 2182 3399 2236 τὸν
3427 2182 3655 2254 θρασὺν,

2080 2281 2239 2335 πάλιν
2272 2281 2348 2344 ὡς
2381 2277 2700 2332 ὑποπίπτων
2729 2273 3143 2346 σχηματίζεται,
3177 2273 3263 2325 ἵνα
3293 2270 3658 2342 προσελθόντα

2079 2372 2169 2426 τὸν
2215 2370 2407 2442 ἐχθρὸν
2447 2369 2626 2422 τέλεον
2675 2365 3026 2437 χειρώσηται.
3076 2365 3134 2416 '0
3168 2363 3265 2434 μέν
3303 2362 3411 2433 γάρ
3443 2361 3660 2434 δράκων

2080 2463 2180 2516 οὐκ
2208 2461 2395 2532 ἤθελεν
2437 2457 2800 2528 ἀποθνήσκειν
2837 2455 2928 2508 τὸν
2964 2453 3189 2526 Κύριον,
3225 2451 3346 2505 οὐδὲ
3374 2453 3660 2523 κρεμάμε-

2081 2572 2169 2608 νον
2214 2553 2305 2606 ἐπὶ
2357 2551 2509 2616 ξύλον
2556 2549 2696 2621 (52)·
2744 2547 2838 2600 καὶ
2883 2546 3040 2618 ἤθελε
3079 2545 3177 2616 μὲν
3225 2543 3527 2615 καταϐῆναι
3568 2543 3660 2596 τὸν

2081 2645 2285 2716 Κύριον
2319 2644 2426 2698 ἀπὸ
2449 2643 2542 2696 τοῦ
2581 2641 2812 2713 σταυροῦ
2843 2641 2935 2693 καὶ
2965 2641 3039 2712 μὴ
3065 2638 3352 2693 ἀποθανεῖν
3375 2655 3390 2669 ⁸
3421 2641 3470 2692 εί
3495 2638 3551 2692 δέ
3583 2638 3661 2708 μὴ

2083 2739 2393 2804 κατέϐαινε,
2424 2736 2529 2790 κᾶν
2565 2736 2743 2806 μένειν
2788 2733 2949 2788 αὐτὸν
2991 2732 3177 2796 ἁπλῶς
3222 2733 3314 2786 ἐπὶ
3349 2731 3443 2786 τοῦ
3479 2732 3661 2797 ξύλου,

2084 2830 2179 2882 καὶ
2227 2829 2385 2898 μόνον
2433 2826 2507 2896 μὴ
2549 2823 2859 2878 ἀποθανεῖν.
2903 2819 3176 2889 Ἐφοϐεῖτο
3204 2819 3312 2890 γὰρ
3353 2820 3428 2890 μὴ
3470 2819 3533 2870 τὸ
3569 2835 3663 2887 γε-

2086 2918 2404 2990 γραμμένον
2444 2916 2700 2987 γένηται”
2741 2932 2759 2964 ι
2799 2911 3021 2981 Πνεῦμα
3054 2911 3257 2982 Κυρίου
3301 2911 3387 2962 ἐπ’
3429 2910 3549 2979 ἐμὲ,
3588 2903 3651 2964 οὗ

406 3034 703 3106 ριτειιίεειε
742 3030 974 3101 captivis
1013 3027 1418 3092 remissionem,
1441 3035 1496 3082 et
1526 3026 1686 3081 caecis
1711 3026 1866 3080 visus
1895 3039 1983 3079 re-

2088 3012 2288 3065 εἵνεκεν
2311 3008 2491 3081 ἐχρισέ
2513 3025 2600 3078 με,
2624 3005 3073 3076 εὐαγγελίσασθαι
3097 3006 3330 3074 πτωχοῖς
3353 3002 3662 3056 ἀπέσταλκε

406 3095 830 3180 stitutionem":
861 3141 880 3175 ι
907 3120 1273 3188 Quamobrem
1315 3119 1612 3184 metuebat,
1659 3133 1730 3173 ne
1761 3117 1851 3170 hic
1896 3116 1984 3171 ille

2091 3121 2182 3176 με,
2219 3102 2312 3156 καὶ
2349 3099 2583 3172 κηρῦξαι
2628 3096 2992 3169 αἰχμαλώτοις
3032 3095 3244 3164 ἄφεσιν,
3286 3095 3502 3163 τυφλοῖς
3542 3095 3670 3148 ἀνά-

405 3226 554 3275 esset
578 3222 778 3270 unctus
813 3220 869 3269 ει
911 3213 1140 3279 missus,
1179 3226 1244 3267 ac
1275 3226 1346 3267 ne
1381 3210 1601 3266 demum
1635 3209 1892 3265 omnibus
1923 3209 1990 3265 li-

407 3311 595 3367 bertas
627 3308 787 3363 foret.

473 3487 564 3540 25.
592 3484 859 3539 Omnibus
891 3482 1076 3553 itaque
1098 3481 1361 3545 nudatus,
1393 3481 1616 3552 Optabat
1650 3479 1853 3535 inferni
1883 3479 1992 3534 sal-

411 3585 520 3633 tem
573 3576 863 3645 imperium
907 3582 1115 3628 tenere.
1156 3573 1276 3627 Alia
1326 3572 1596 3643 siquidem
1653 3572 1705 3627 ei
1758 3571 1993 3626 formido

413 3672 554 3725 erat,
582 3677 712 3718 num
749 3663 798 3716 is
830 3669 977 3717 esset
1005 3661 1097 3731 qui
1145 3663 1400 3717 tenebras
1433 3663 1754 3726 illustraret,
1790 3663 1859 3717 de
1886 3677 1994 3732 quo

416 3755 684 3824 scriptum
714 3761 836 3808 est:
869 3771 888 3802 ι
923 3752 1141 3807 Galilaea
1173 3755 1438 3822 gentium,
1486 3753 1720 3822 populus
1745 3753 1839 3822 qui
1881 3769 1996 3806 am-

415 3846 638 3900 bulabat
674 3843 728 3896 in
760 3843 1021 3904 tenebris,
1053 3842 1189 3896 vidit
1213 3842 1387 3897 lucem
1422 3843 1756 3913 magnam".
1796 3862 1814 3894 ι
1841 3843 1996 3898 lllum

417 3939 562 3992 enim
601 3936 846 3990 audierat
885 3937 959 3988 ita
1003 3936 1357 4005 loquentem:
1391 3951 1409 3984 ι
1446 3933 1558 4004 Ego
1598 3950 1721 3988 sum
1763 3935 1942 3992 lux".
1974 3957 1991 3988 ›

419 4027 576 4085 Unde
620 4031 895 4084 metuebat
925 4045 993 4084 ne
1034 4036 1368 4093 moreretur,
1411 4037 1466 4083 et
1495 4031 1611 4098 ipse
1643 4046 1710 4084 ex
1740 4029 1998 4085 omnibus

420 4121 822 4176 exturbaretur.
852 4119 1114 4175 Dominus
1143 4135 1309 4190 porro
1338 4135 1464 4174 cum
1508 4121 1663 4174 illum
1697 4120 1876 4191 fugam
1905 4137 2001 4190 pa-

421 4230 546 4268 rare
576 4221 844 4277 cerneret,
876 4230 943 4269 ne
966 4214 1278 4269 elaberetur
1308 4213 1587 4278 inimicus,
1617 4229 1780 4270 voces
1801 4215 2001 4268 emittit

423 4305 696 4360 humanas
721 4345 736 4370 ,
785 4319 1058 4375 vocesque
1104 4304 1438 4358 infirmitatis
1465 4343 1478 4366 ,
1530 4305 1723 4360 aiens:
1760 4323 1780 4356 ι
1818 4304 1996 4369 Elohi,

2090 3195 2297 3264 ϐλέψιν.
2336 3212 2356 3245 ι
2399 3193 2509 3245 Καὶ
2537 3191 2626 3245 διά
2658 3189 2817 3243 τοῦτο
2852 3185 3113 3258 ἐφοϐήθη,
3165 3186 3240 3258 μὴ
3272 3180 3424 3249 οὗτός
3469 3186 3668 3238 ἐστινὸ

2089 3288 2332 3361 χρισθεὶς
2376 3287 2471 3340 καὶ
2515 3282 2860 3349 ἀποσταλεὶς,
2897 3282 2989 3336 καὶ
3038 3279 3222 3333 λοιπὸν
3258 3278 3367 3333 τῶν
3407 3279 3667 3333 ἁπάντων

2090 3379 2370 3450 ἐλευθερία
2403 3377 2644 3447 γένηται.

2160 3474 2253 3529 25.
2280 3469 2592 3542 Γυμνωθεὶς
2616 3463 2708 3521 οὗν
2734 3465 2842 3520 ἀπὸ
2868 3463 2961 3518 τοῦ
2986 3463 3205 3528 παντὸς,
3234 3462 3430 3534 ηῠχετο
3449 3461 3552 3515 κᾶν
3572 3459 3670 3514 τοῦ

2092 3565 2217 3637 ᾅδου
2252 3565 2495 3636 κρατεῖν.
2529 3560 2698 3613 Πάλιν
2727 3558 2835 3629 γάρ
2868 3557 3136 3625 ἐφοϐεῖτο,
3173 3555 3245 3626 μὴ
3280 3551 3434 3617 οὗτός
3463 3553 3610 3605 ἐστιν
3641 3554 3674 3606 ὁ

2093 3659 2186 3709 καὶ
2233 3655 2293 3707 τὸ
2349 3652 2535 3715 σκότος
2587 3649 2979 3718 καταλάμπων,
3038 3647 3164 3718 περὶ
3212 3638 3272 3698 οὗ
3329 3645 3668 3715 γέγραπται·

2101 3766 2119 3799 ι
2165 3744 2422 3800 Γαλιλαία
2456 3742 2564 3795 τῶν
2598 3740 2788 3803 ἐθνῶν,
2821 3741 2849 3793 6
2887 3739 3014 3803 λαὸς
3052 3740 3081 3790 ὁ
3123 3738 3428 3808 καθήμενος
3457 3738 3516 3788 ἐν
3547 3735 3676 3788 σκό-

2095 3858 2197 3904 τει,
2252 3838 2366 3908 φῶς
2411 3834 2518 3890 εἶδε
2564 3836 2726 3906 μέγα.
2763 3853 2781 3885 t
2823 3835 2934 3888 Kal.
2981 3831 3087 3904 γάρ
3130 3832 3224 3884 καὶ
3267 3831 3460 3900 ἤκουεν
3505 3827 3673 3881 αὑτοῦ

2095 3936 2381 4004 λέγοντος’
2423 3950 2442 3983 ι
2492 3929 2632 3998 Ἐγώ
2666 3930 2780 3999 εἰμι
2822 3927 2882 3980 τὸ
2926 3925 3060 3994 φῶς.
3102 3944 3120 3977 ι
3155 3925 3317 3977 Ὅθεν
3362 3923 3559 3976 ἐδειλία
3599 3922 3675 3992 μὴ

2097 4026 2365 4097 ἀποθάνῃ,
2403 4024 2495 4078 καὶ
2531 4021 2750 4074 πάντων
2794 4019 3056 4088 ἐκϐληθῇ.
3094 4015 3150 4071 '0
3179 4015 3236 4069 δέ
3281 4015 3504 4085 Κύριος,
3533 4015 3675 4084 ὁρῶν

2099 4118 2260 4172 αὐτὸν
2307 4115 2597 4185 φεύγοντα,
2637 4112 2723 4165 ἵνα
2771 4112 2845 4181 μὴ
2887 4109 3046 4163 τοῦτο
3091 4108 3315 4179 γένηται
3355 4107 3448 4159 καὶ
3496 4107 3677 4175 φυγὰς

2101 4208 2310 4280 ἀπέλθῃ
2356 4209 2385 4259 6
2425 4205 2638 4276 ἐχθρὸς,
2685 4201 2868 4271 φωνὰς
2911 4201 3131 4272 ἀφίησιν
3172 4197 3537 4270 ἀνθρωπίνας,
3581 4197 3678 4249 καὶ

2101 4301 2286 4370 φωνὰς
2317 4297 2598 4358 ἀσθενείας
2625 4293 2798 4363 λέγων
2817 4309 2831 4323 ·
2866 4311 2884 4343 ι
2928 4290 3104 4352 Ἐλωῖ,
3135 4290 3314 4354 Ἐλωτ,
3342 4289 3491 4361 λημά
3517 4287 3683 4342 σαϐα-

423 4394 605 4460 Elohi,
659 4397 800 4450 lema
831 4396 1212 4460 sabachthani,
1259 4396 1314 4450 id
1343 4406 1426 4450 est
1455 4394 1600 4450 Deus
1647 4412 1822 4461 meus,
1855 4395 1984 4450 Deu:

2103 4390 2290 4463 χθανί·
2325 4409 2344 4442 ›
2381 4387 2649 4451 τουτέστι,
2695 4404 2714 4437 ι
2759 4383 2860 4437 Θεέ
2895 4401 3017 4454 μου,
3063 4381 3165 4434 Θεέ
3221 4398 3345 4452 μου,
3391 4381 3477 4433 ἱνά
3516 4380 3569 4433 τί
3608 4397 3681 4450 με

424 4503 602 4550 meus,
624 4494 682 4540 ut
715 4487 846 4557 quid
874 4503 958 4542 me
981 4487 1425 4557 dereliquisti"?
1458 4507 1477 4539 ι
1513 4487 1668 4553 Quod
1694 4488 1816 4542 ideo
1845 4487 1995 4556 fecit,

427 4584 487 4631 ut
532 4576 806 4639 diabolus,
856 4591 1017 4646 quem
1069 4583 1128 4631 ut
1182 4577 1352 4631 Deum
1403 4576 1805 4642 reformidarat,
1852 4578 1998 4634 hunc

426 4674 580 4722 ratus
605 4667 719 4735 jam
747 4667 1019 4721 hominem
1064 4683 1185 4722 esse
1224 4667 1524 4732 inﬁrmum,
1566 4666 1748 4740 fugam
1776 4669 1999 4724 cohibe-

425 4764 532 4812 ret.
565 4754 663 4811 His
692 4756 964 4812 adductus
1005 4758 1236 4813 vocibus
1277 4757 1737 4814 sceleratissimus
1778 4759 1888 4824 ille,
1930 4759 1999 4814 ad

426 4863 551 4903 eum
595 4848 776 4903 denuo
804 4855 866 4902 ut
915 4847 1192 4904 hominem
1242 4849 1510 4904 accedens
1552 4849 1868 4906 confractus
1896 4859 2002 4906 est.

425 4941 630 4996 Judaeis
646 4941 792 4996 enim
823 4947 1015 4995 auctor
1035 4939 1232 5005 fuerat,
1262 4947 1323 4994 ut
1344 4940 1414 4995 ad
1440 4956 1634 4996 necem
1662 4957 1788 4997 eum
1815 4950 2006 5012 postu—

431 5035 607 5088 larent
635 5052 648 5086 :
682 5047 880 5102 resque
901 5033 979 5086 illi
1002 5040 1198 5102 praeter
1230 5049 1380 5104 spem
1414 5034 1653 5101 accidit;
1684 5049 1794 5088 non
1820 5035 1876 5088 in
1899 5035 2007 5088 alia

433 5125 636 5196 quippe
667 5131 819 5194 parte
860 5139 1022 5195 quam
1069 5123 1123 5178 in
1159 5125 1329 5179 latere
1367 5124 1663 5180 confossus
1711 5132 1816 5189 est,
1862 5127 2008 5182 unde

436 5217 663 5286 sanguis
707 5223 760 5270 et
791 5231 932 5284 aqua
984 5216 1260 5284 manavit;
1295 5225 1353 5270 ut
1400 5218 1663 5286 quoniam
1709 5217 1864 5286 prius
1910 5232 2004 5286 per

436 5308 716 5362 mulierem
744 5323 811 5362 ex
842 5309 1008 5363 latere
1039 5307 1348 5372 formatam,
1373 5316 1598 5364 venerat
1625 5308 1903 5378 deceptio;
1929 5309 2006 5360 ita

437 5414 532 5469 per
577 5400 718 5454 latus
758 5399 989 5456 secundi
1032 5399 1226 5454 Adami
1276 5399 1577 5470 redemptio
1613 5408 1666 5456 et
1693 5400 2006 5455 emundatio

507 5553 553 5584 ⁷⁵
591 5551 739 5608 Psal.
777 5569 979 5618 xxxiii,
1011 5553 1066 5610 9.
1142 5554 1188 5586 "
1225 5551 1331 5609 lsa.
1367 5569 1489 5620 ιιι,
1529 5554 1580 5608 l.
1655 5555 1700 5586 "
1745 5553 1848 5611 lsa.
1887 5569 1974 5621 xx,
2012 5553 2036 5608 1
2067 5595 2079 5620 ,
2116 5552 2171 5606 2.

508 5667 620 5742 (3l)
658 5668 862 5741 Regius
891 5677 946 5728 et
980 5669 1336 5742 Anglicanus,
1380 5668 1823 5743 καταπτήξαντα.

2103 4481 2492 4553 ἐγκατέλιπες;
2532 4500 2550 4532 ι
2589 4481 2700 4533 Καὶ
2739 4477 2898 4531 τοῦτο
2930 4475 3122 4537 ἐποίει,
3157 4474 3240 4526 ἵνα
3273 4475 3300 4526 ὁ
3325 4471 3590 4536 διάϐολος,
3617 4472 3681 4524 ὃν

2103 4574 2421 4644 κατεπλάγη
2453 4572 2605 4635 Θεὸν,
2637 4570 2824 4623 τοῦτον
2858 4568 2934 4631 ὡς
2967 4566 3252 4636 ἄνθρωπον
3295 4564 3492 4635 ἀσθενῆ
3527 4564 3685 4633 νομί-

2106 4685 2226 4732 σας.
2267 4666 2341 4737 μὴ
2383 4665 2560 4735 φυγὰς
2598 4661 2842 4716 ἀπέλθοι.
2870 4659 3107 4722 Ταύταις
3143 4657 3274 4726 γοῦν
3315 4661 3436 4721 ταῖς
3475 4661 3684 4726 φωναῖς

2105 4759 2370 4830 ὑπαχθεὶς
2399 4759 2426 4811 6
2463 4757 2767 4825 πάγκακος,
2799 4753 2960 4809 πάλιν
3001 4753 3076 4815 ὡς
3107 4749 3375 4822 ἀνθρώπῳ
3405 4749 3684 4822 προσῆλθε

2106 4853 2202 4906 καὶ
2256 4849 2592 4919 κατερράγη.
2649 4848 2874 4899 Ἔπεισε
2926 4844 3036 4916 γὰρ
3084 4845 3210 4908 τοὺς
3268 4844 3552 4907 Ἰουδαίους
3599 4847 3686 4908 εἰς

2109 4942 2326 5013 σφαγὴν
2353 4941 2513 4994 αὑτὸν
2543 4937 2889 5010 αἰτήσασθαι,
2911 4937 3006 4990 καὶ
3035 4935 3254 5004 γέγονεν
3275 4936 3409 5006 ὅπερ
3431 4937 3489 4988 οὺ
3521 4953 3690 5006 προσ..

2108 5035 2399 5103 ἐδόκησενο
2433 5030 2644 5100 ἐσφάγη
2682 5029 2790 5098 γὰρ
2821 5029 2921 5081 οὐκ
2954 5029 3032 5090 εἰς
3068 5027 3193 5081 ἄλλο
3225 5026 3408 5098 μέρος,
3455 5025 3567 5078 ἀλλ’
3604 5029 3689 5089 εἰς

2109 5125 2207 5196 τὴν
2249 5122 2506 5193 πλευρὰν,
2547 5121 2636 5190 ἀφ’
2675 5116 2742 5192 ἧς
2773 5119 3029 5190 ἕρῥευσεν
3064 5117 3205 5190 ὕδωρ
3241 5117 3334 5170 καὶ
3365 5112 3536 5188 αἷμα·
3572 5118 3688 5182 ἵνα,

2111 5216 2296 5285 ἐπειδὴ
2326 5213 2585 5284 πρότερον
2617 5211 2703 5264 διὰ
2726 5211 2826 5279 τῆς
2858 5212 2920 5263 ἐκ
2955 5211 3196 5280 πλευρᾶς
3227 5208 3557 5277 πλασθείσης
3583 5227 3690 5277 γυ-

2113 5306 2296 5369 ναικὸς
2316 5301 2477 5374 ἦλθεν
2512 5303 2716 5373 ἀπάτη,
2746 5302 2918 5364 οὕτως
2945 5300 3032 5354 διὰ
3060 5301 3160 5370 τῆς
3183 5301 3419 5372 πλευρᾶς
3442 5301 3535 5353 τοῦ
3564 5301 3694 5354 δευ-

2113 5398 2272 5469 τέρου
2327 5395 2499 5464 Ἀδὰμ
2543 5393 2735 5464 λύτρον
2783 5393 2878 5447 καὶ
2926 5391 3220 5463 καθάρσιον
3268 5396 3366 5464 τῆς
3412 5393 3695 5464 προτέρας

2251 5551 2295 5583 ⁷⁸
2335 5549 2494 5604 Joan.
2528 5564 2662 5615 νιιι,
2702 5547 2788 5601 12.
2865 5549 2910 5580 ⁷⁹
2951 5545 3117 5600 Marc.
3158 5563 3245 5610 xv,
3286 5547 3374 5602 54.

2186 5666 2296 5740 (52)
2337 5665 2538 5738 Regius
2571 5674 2623 5721 et
2653 5663 3005 5735 Anglicanus,
3035 5662 3127 5716 ἐπι
3154 5660 3330 5726 ξύλου.
