3890 6200
175 274 256 328 239
1155 268 1245 323 DE
1283 266 1624 324 PASSIONE
1667 266 1756 322 ET
1797 266 2029 325 CRUCE
2068 268 2336 326 DOMINI.

3285 274 3392 329 230

172 388 384 458 γένηται·
422 385 609 458 λύτρον
639 385 737 456 μὲν
770 383 858 438 διὰ
896 383 988 437 τοῦ
1013 384 1267 454 αἵματος,
1307 382 1605 454 καθάρσιον
1643 382 1694 435 δέ

1805 384 2007 453 prioris
2025 383 2357 440 eﬂiceretur:
2380 383 2682 454 redemptio
2701 397 2801 455 per
2822 387 3171 458 sanguinem,
3197 403 3393 444 emun-

170 481 240 532 διὰ
273 478 356 532 τοῦ
385 477 586 542 ὕδατος.
617 478 787 531 Τοῦτο
811 480 868 532 δὲ
893 479 954 532 ού
994 478 1138 532 κατὰ
1178 476 1404 548 γνώμην
1437 476 1701 530 ἀπέϐαινε

170 571 232 641 τῷ
254 572 457 642 διαϐόλῳ
478 590 492 602 '
523 573 616 626 καὶ
644 572 753 644 γὰρ
777 573 835 626 ὃν
875 573 1122 643 ἐφοϐεῖτο
1148 571 1401 642 γενέσθαι
1445 570 1697 634 θάνατον,

170 664 321 716 τοῦτον
344 665 446 732 (55)
467 665 732 718 ἀπέθανεν
757 666 786 718 6
812 665 1034 739 Κύριος,
1059 666 1314 728 κακεῖνος
1343 663 1665 716 ἐσκύλευται
1683 677 1695 689 ·

169 757 245 810 καὶ
271 758 475 827 νομίσας
500 760 716 828 κρατεῖν
742 759 834 811 τὸν
861 758 1097 829 Χριστὸν
1135 760 1193 811 ἐν
1224 756 1304 827 τῷ
1333 755 1569 827 θανάτῳ,
1600 757 1700 808 αύ-

167 848 240 911 τὸς
272 847 450 918 μάλλον
493 848 700 920 ἐδείχθη
735 849 927 920 νεκρός
952 867 966 879 ο
997 849 1093 902 καὶ
1136 847 1556 919 καυχησάμενος
1603 848 1700 901 ἄν-

167 939 347 1010 θρωπον
368 939 678 1011 ἐνεδρεύειν,
707 941 975 1011 πεποίηκε
1006 940 1319 1012 γνωσθῆναι
1357 939 1512 992 Θεόν.
1545 939 1700 1009 Ἀμα

166 1031 251 1102 γὰρ
282 1030 553 1098 ἀπέθανεν,
597 1033 632 1102 ή
665 1032 766 1103 μὲν
809 1033 985 1095 κτίσις
1026 1032 1242 1104 ἀνήλιος
1283 1031 1497 1100 γέγονε,
1543 1030 1606 1082 τὸ
1643 1030 1701 1082 δὲ

166 1123 512 1193 καταπέτασμα
532 1122 629 1176 τοῦ
653 1123 784 1176 ναοῦ
811 1124 1042 1195 ἐρράγη,
1078 1125 1112 1194 ἡ
1147 1123 1219 1194 γῆ
1249 1123 1491 1193 ἐσείσθη,
1521 1123 1616 1176 καὶ
1642 1121 1699 1175 αἱ

165 1213 322 1285 πέτραι
357 1213 699 1285 ἐσχίσθησαν,
745 1215 796 1268 οἱ
833 1215 1181 1286 στρατιῶται,
1221 1217 1318 1270 σὺν
1354 1216 1468 1278 τοῖς
1511 1215 1698 1268 πυλω-

166 1307 254 1376 poi;
273 1302 354 1357 τοῦ
393 1305 515 1375 ᾅδου
553 1305 923 1378 κατέπτηξαν.
960 1309 1079 1376 Ἀφ’
1118 1301 1192 1363 ὧν
1229 1303 1298 1378 ἦν
1327 1307 1456 1360 ἰδεῖν
1499 1306 1698 1378 μηκέτι

161 1400 416 1472 ἄνθρωπον,
445 1400 578 1453 ἀλλὰ.
617 1399 749 1456 Θεὸν
780 1399 996 1471 άληθῶς
1033 1401 1092 1452 ἐν
1131 1399 1366 1470 σώματι,
1401 1399 1479 1462 ώς
1522 1399 1618 1452 καὶ
1646 1399 1697 1451 οἱ

163 1490 440 1560 Θεωροῦντες
457 1490 643 1560 ἔλεγον
667 1509 681 1522 ·
716 1511 735 1544 ι
758 1490 996 1564 Ἀληθῶς
1019 1481 1174 1554 οὗτός
1200 1491 1318 1543 ἐστι
1347 1489 1482 1542 Θεοῦ
1508 1489 1651 1552 Υἱός.
1671 1507 1690 1542 ι

161 1582 246 1634 Καὶ
267 1582 359 1650 γὰρ
387 1581 551 1634 πολλὰ
583 1585 826 1654 μνημεῖα
851 1580 1230 1654 ἠνεῴχθησαν,
1261 1582 1357 1636 καὶ
1378 1579 1696 1652 ὴγέρθτλσαν

161 1674 321 1727 τούτων
345 1675 392 1726 οἱ
416 1675 622 1747 νεκροί.

211 1841 282 1896 26.
318 1843 514 1912 Τυφλὸν
555 1844 777 1917 ἀληθῶς
811 1846 845 1916 ἡ
881 1843 1082 1899 κακία·
1130 1845 1360 1917 νομίσας
1406 1846 1516 1918 γὰρ
1555 1846 1694 1900 ἀπο-

159 1935 345 1987 κτείνειν
385 1935 497 2000 Eva,
541 1936 657 1990 τῶν
693 1937 910 1991 πάντων
944 1938 1272 2009 ἐστέρηται·
1316 1938 1414 1992 καὶ
1464 1940 1694 2009 νομίσας

158 2027 218 2088 εἰς
239 2024 350 2096 ᾅδην
370 2028 718 2099 καταφέρειν,
750 2027 1078 2100 ἐκϐέϐληται
1106 2027 1203 2081 τοῦ
1243 2027 1408 2100 ᾂδου.’
1437 2028 1548 2082 Καὶ
1583 2029 1693 2080 ἀπ-

156 2116 328 2187 εδείχθη
353 2119 531 2181 πᾶσιν,
560 2119 648 2171 ὅτι
683 2120 784 2172 ούκ
830 2119 1085 2191 ἀσθενείᾳ
1120 2117 1337 2188 φύσεως
1376 2118 1640 2190 τέθνηκεν
1667 2119 1696 2170 6

156 2208 324 2280 Σωτὴρ,
363 2209 493 2262 ἀλλὰ
520 2210 618 2263 τὸν
655 2209 886 2265 θάνατον
919 2213 998 2274 είς
1021 2211 1303 2282 ἀναίρεσιν
1339 2210 1586 2277 ἐδίωξεν,
1610 2210 1697 2263 ἴνα

156 2301 427 2371 καταργήσῃ
460 2301 673 2366 τοῦτον,
698 2302 794 2355 καὶ
823 2301 1107 2374 ἀπαλλάξῃ
1126 2301 1372 2365 τούτους,
1405 2303 1522 2354 ὅσοι
1546 2300 1698 2372 φόϐῳ

157 2389 344 2444 θανάτου
374 2392 458 2447 διὰ
493 2394 704 2456 παντὸς
750 2392 844 2447 τοῦ
893 2393 992 2466 ζῇν
1031 2394 1206 2466 ἔνοχοι
1249 2391 1390 2467 ἦσαν
1427 2393 1692 2457 δουλείας.

156 2483 213 2535 υύ
233 2483 345 2538 πολὺ
369 2485 493 2553 γοῦν
521 2486 736 2557 διέστη,
769 2487 863 2540 καὶ
890 2487 990 2550 τάς
1018 2487 1216 2551 ὠδῖνας
1239 2486 1397 2540 ἔλυσε
1417 2486 1512 2539 τοῦ
1546 2486 1694 2558 ᾅδου,

157 2575 357 2640 καὶτοὺς
386 2578 480 2648 μὲν
526 2577 725 2643 ἄλλους
770 2580 960 2650 ἥγειρε
1004 2578 1214 2648 λέγων’
1271 2597 1289 2630 ‹
1341 2578 1649 2650 Ἐγείρεσθε
1682 2618 1696 2643 ,

157 2667 333 2737 ἄγωμεν
377 2669 666 2724 ἐντεῦθενο
712 2690 730 2723 ι
777 2672 940 2736 αὐτὸς
984 2672 1042 2725 δέ
1089 2671 1351 2743 ἐξανέστη
1417 2673 1510 2725 καὶ
1568 2688 1701 2724 κατ-

158 2761 282 2831 έζησε
313 2763 415 2834 βά)
463 2763 558 2817 τοῦ
613 2762 869 2827 θανάτου,
910 2763 1110 2835 χλεύην
1140 2763 1306 2816 αὐτοῦ
1347 2766 1448 2834 τὴν
1495 2763 1699 2834 τόλμαν

157 2853 446 2925 ἡγησάμενος
470 2873 483 2884 ·
520 2855 601 2920 ὡς
635 2856 731 2909 καὶ
772 2858 830 2910 ἐν
860 2856 1058 2927 ὕμνοις
1097 2859 1551 2928 προανειμυνείτο,
1616 2855 1702 2908 λέ-

156 2963 300 3012 γοντος
333 2948 419 3000 τοῦ
456 2947 782 3018 Πνεύματος
811 2963 826 2976 ·
873 2967 892 3000 ‹
928 2949 988 3000 '0
1035 2947 1305 3002 κατοικῶν
1351 2951 1410 3001 ἐν
1453 2949 1702 3019 οὐρανοῖς

157 3036 457 3104 ὲκγελάσεται
500 3039 738 3102 αὐτοὺς,
771 3040 867 3093 καὶ
905 3043 933 3093 6
964 3039 1169 3112 Κύριος
1210 3041 1574 3111 ἐκμυκτηριεῖ
1605 3037 1702 3092 αύ-

154 3128 263 3193 τούς.
297 3150 315 3182 ι
341 3131 678 3198 Χλευάζεται
707 3135 815 3206 γὰρ
841 3134 1055 3206 ἀληθῶς
1087 3134 1232 3190 οὕτω
1262 3136 1514 3207 παιχθεὶς
1533 3176 1548 3200 ,
1603 3135 1698 3188 καὶ

155 3222 270 3292 ταρὰ
319 3225 540 3297 γνώμην
593 3227 745 3298 αὐτῷ
794 3228 902 3280 τῶν
955 3229 1301 3300 πραγμάτων
1352 3229 1694 3283 ἀποϐάντων.

154 3310 280 3382 Δίκην
307 3314 406 3386 γὰρ
432 3315 528 3368 τοῦ
562 3316 804 3386 ζωῦφίου
834 3317 928 3370 τοῦ
955 3317 1293 3389 καλουμένου
1314 3318 1428 3389 (55)
1465 3317 1694 3388 σφηκὸς,

153 3405 535 3474 προσϐάλλοντος
569 3409 767 3481 πέτρᾳ,
795 3410 890 3463 καὶ
916 3413 980 3482 τῇ
1013 3410 1285 3482 προσϐολῇ
1318 3411 1392 3482 μὴ
1429 3411 1697 3481 βλάπτον-

151 3510 234 3557 τος,
262 3496 381 3550 ἀλλὰ
417 3500 511 3552 καὶ
535 3499 601 3551 τὸ
634 3499 862 3571 κέντρον
896 3499 1097 3571 μᾶλλον
1124 3500 1490 3564 ἀπολλύοντος
1512 3518 1526 3532 ο
1551 3499 1695 3554 οὕτω

151 3588 263 3641 κσὶὸ
285 3589 500 3654 θάνατος
529 3591 744 3662 ἐσφάλη
766 3591 898 3645 πολὺ
929 3592 1064 3662 (56),
1101 3591 1426 3662 προσϐαλὼν
1456 3594 1523 3664 τῇ
1553 3591 1690 3664 ζωῇ,

149 3677 242 3747 ἣτις
257 3681 387 3735 ἐστὶν
421 3685 450 3735 6
479 3683 752 3756 Χριστός·
786 3685 845 3737 ού
877 3684 986 3754 γὰρ
1017 3684 1256 3756 ⁴ίῑδυνήθη
1290 3685 1567 3756 κρατῆσαι
1591 3684 1690 3736 αύν

149 3771 218 3824 τὸν
247 3773 313 3845 τῷ
342 3775 576 3847 θανάτῳ,
628 3776 767 3830 ἀλλὰ
807 3777 1008 3848 μᾶλλον
1052 3777 1148 3830 καὶ
1181 3778 1242 3830 τὸ
1271 3778 1498 3848 κέντρον
1541 3773 1694 3830 ἀπώ-

149 3861 267 3916 λεσεν
283 3881 295 3894 ⁸
317 3865 450 3920 ὥστε
473 3869 569 3921 καὶ
589 3866 686 3930 οὓς
711 3867 976 3939 πρότερον
1007 3867 1192 3937 ἐφόϐει
1213 3867 1276 3921 τὸ
1299 3868 1527 3938 κέντρον
1551 3867 1688 3937 (5⁸1),

150 3955 221 4009 νῦν
242 3957 388 4012 αὐτοῦ
429 3964 866 4032 κατακερτομεῖν
888 4001 902 4025 ,
939 3963 1034 4015 καὶ
1076 3961 1258 4030 λέγειν
1282 3979 1298 3994 ο
1343 3980 1361 4012 ι
1390 3960 1503 4015 Ποῦ
1554 3977 1646 4014 σου
1673 4000 1688 4024 ,

152 4047 324 4118 Θάνατε,
354 4053 414 4108 τὸ
442 4054 709 4126 κέντρον;
742 4055 845 4108 ποῦ
882 4073 997 4120 σου,
1039 4055 1162 4127 ᾆδη,
1209 4055 1271 4108 τὸ
1304 4059 1490 4121 νῖκος;
1530 4075 1549 4107 ι
1593 4057 1689 4109 καὶ

153 4141 304 4195 πάλιν⁹
355 4164 372 4196 ι
401 4146 686 4199 Κατέπιεν
725 4148 753 4200 6
797 4145 1024 4211 Θάνατος
1077 4145 1342 4217 ἰσχύσαςο
1384 4164 1402 4196 θ
1455 4144 1551 4198 καὶ
1585 4145 1691 4196 πά-

150 4224 238 4282 λιν·
283 4253 299 4286 i
330 4234 571 4306 ’Δφεῖλεν
620 4237 650 4289 6
693 4235 822 4301 Θεὸς
867 4239 976 4290 πᾶν
1029 4236 1264 4308 δάκρυον
1324 4235 1433 4289 ἀπὸ
1483 4235 1689 4298 παντὸς

151 4323 410 4391 προσώπου.
440 4347 459 4379 ι

1803 475 1954 530 datio
1976 491 2072 545 per
2095 492 2317 547 aquam.
2353 475 2468 531 Hoc
2489 487 2676 534 autem
2705 494 3052 550 nequaquam
3080 497 3146 536 ex
3169 489 3395 537 senten-

1801 566 1880 620 tia
1931 567 2152 622 diabolo
2185 567 2404 638 obtigit,
2438 583 2564 622 cum
2596 584 2660 624 ea
2711 581 2908 636 morte,
2942 587 3051 642 qua
3089 573 3391 636 metuebat,

1803 659 2001 714 obierit
2044 658 2342 724 Dominus,
2389 667 2556 728 atque
2600 660 2692 716 ille
2738 663 2994 719 omnibus
3048 664 3393 734 exspoliatus

1801 762 1926 808 est:
1961 762 2228 825 ratusque
2272 769 2331 810 se
2371 755 2655 810 Christum
2709 755 2764 810 in
2808 765 2985 812 morte
3020 765 3232 824 tenere,
3272 758 3394 827 ipse

1802 844 1990 912 potius
2037 857 2288 900 mortuus
2325 860 2449 899 esse
2495 845 2874 914 deprehensus
2923 854 3007 902 est
3042 856 3249 918 :atque
3275 848 3395 919 glo-

1801 935 1977 989 riatus
2027 934 2178 1005 quod
2207 935 2418 990 homini
2466 937 2766 993 insidiatus
2801 947 2966 1002 esset,
3001 940 3055 994 id
3097 939 3301 1007 ell‘ecit,
3332 945 3394 995 ut

1800 1023 1945 1080 Deus
1968 1035 2383 1096 agnosceretur.
2413 1026 2550 1080 Nam
2581 1029 2769 1084 statim
2807 1039 2975 1100 atque
3005 1038 3262 1086 mortuus
3284 1039 3392 1093 est,

1800 1131 1987 1171 rerum
2033 1126 2232 1171 natura
2284 1119 2402 1174 sole
2469 1119 2734 1174 destituta
2787 1119 2922 1186 fuit,
2973 1122 3157 1177 velum
3203 1123 3395 1192 templi

1800 1208 2042 1264 scissum
2089 1217 2195 1276 est,
2246 1215 2396 1264 terra
2451 1213 2676 1266 tremuit
2703 1219 2758 1267 et
2793 1222 2960 1283 petrae
3002 1215 3192 1270 scissae
3237 1224 3393 1280 sunt,

1801 1299 1907 1368 77
1937 1299 2162 1364 milites,
2205 1314 2332 1354 eum
2385 1299 2589 1355 inferni
2638 1302 2974 1372 janitoribus
3014 1313 3226 1361 terrore
3263 1321 3394 1375 per-

1799 1389 1939 1445 culsi
1983 1397 2134 1444 sunt.
2163 1390 2241 1444 Ex
2276 1392 2482 1462 quibus
2518 1391 2706 1448 videre
2743 1403 2863 1449 erat
2892 1410 3005 1450 non
3032 1397 3178 1451 ultra
3215 1397 3397 1453 homi-

1798 1500 1944 1552 nem,
1973 1485 2091 1554 {sed
2134 1502 2264 1542 vere
2315 1485 2486 1542 Deum
2524 1487 2582 1542 in
2633 1503 2890 1558 corpore,
2917 1499 2977 1544 ut
3028 1491 3250 1547 aiebant
3284 1494 3391 1564 ipsi

1797 1587 2136 1647 spectatores
2176 1597 2189 1634 :
2228 1597 2248 1631 ‹
2286 1577 2428 1635 Vere
2478 1581 2568 1636 hic
2614 1590 2698 1637 est
2741 1581 2917 1638 Filius
2970 1583 3067 1639 Dei
3090 1585 3158 1639 ⁸ο.
3199 1605 3218 1639 ›
3253 1586 3394 1641 Nam

1797 1669 1974 1722 multa
2021 1677 2378 1726 monumenta
2405 1680 2594 1742 aperta
2627 1680 2780 1742 sunt,
2811 1681 2865 1730 et
2889 1677 2984 1746 qui
3012 1676 3070 1731 in
3104 1677 3215 1734 illis
3241 1693 3396 1734 mor-

1725 1748 1770 1809 Β
1799 1760 1878 1814 tui
1906 1761 2162 1828 jacebant
2193 1778 2568 1818 resurrexere.

1863 1849 1956 1906 26.
1998 1849 2138 1906 Vere
2171 1867 2316 1906 caeca
2363 1867 2452 1908 res
2503 1861 2589 1908 est
2645 1853 2890 1918 malitia,
2946 1853 3081 1910 dum
3135 1864 3396 1926 speraret

1795 1945 1941 1998 enim
1974 1958 2034 1998 se
2060 1959 2232 1998 unum
2267 1945 2608 2006 occisurum,
2647 1946 2905 2002 omnibus
2963 1947 3213 2016 privatus
3249 1955 3337 2003 est
3372 1963 3388 2000 :

1797 2045 2062 2106 ratusque
2109 2051 2169 2091 se
2219 2035 2373 2090 illum
2402 2035 2470 2089 ad
2533 2035 2748 2091 inferna
2780 2037 3146 2106 dejecturum,
3173 2039 3291 2108 ipse
3320 2040 3396 2094 ab

1797 2125 2016 2182 inferno
2044 2128 2238 2198 pulsus
2267 2135 2371 2182 est.
2397 2127 2576 2198 Atque
2598 2129 2734 2182 nulli
2766 2144 2878 2183 non
2910 2130 3091 2200 palam
3119 2129 3246 2195 fuit,
3278 2145 3392 2186 non
3437 2148 3445 2156 ’·

1798 2217 2123 2272 inﬁrmitate
2151 2217 2340 2271 carnis
2370 2218 2577 2272 obiisse
2609 2217 2980 2283 Salvatorem,
3016 2218 3114 2275 sed
3156 2230 3395 2275 mortem

1800 2307 1869 2361 ad
1899 2321 2089 2362 necem
2124 2313 2479 2376 persecutum
2505 2321 2651 2371 esse,
2681 2316 2761 2370 ut,
2789 2308 2998 2362 abolita
3043 2309 3159 2374 illa,
3190 2309 3394 2364 libera-

1801 2405 1886 2452 ret
1909 2413 2106 2452 omnes
2133 2405 2406 2468 quotquot
2447 2405 2598 2452 metu
2657 2399 2853 2454 mortis
2882 2414 2982 2469 per
3023 2406 3194 2454 totam
3221 2402 3396 2457 vitam

1802 2488 2032 2544 obnoxii
2083 2496 2245 2544 erant
2303 2489 2580 2544 servituti.
2625 2487 2750 2544 Non
2799 2490 2895 2546 diu
2938 2491 3128 2563 itaque
3175 2502 3390 2562 postea,

1803 2582 2028 2638 dolores
2083 2583 2247 2638 solvit
2304 2585 2507 2639 inferni
2535 2591 2592 2638 et
2644 2584 2784 2640 alios
2835 2585 3099 2640 excitavit
3147 2587 3340 2643 dicens
3373 2607 3396 2644 ι

1808 2691 1828 2724 i
1870 2672 2114 2745 Surgite,
2144 2675 2274 2730 hinc
2301 2677 2568 2731 abeamus
2612 2675 2682 2730 ⁸⁸.
2733 2693 2753 2726 ι
2787 2672 2908 2745 Ipse
2956 2685 3140 2731 autem
3197 2692 3395 2732 resur»

1803 2767 1970 2834 rexit,
2001 2775 2056 2822 et
2085 2767 2152 2821 ad
2191 2769 2359 2822 vitam
2400 2768 2564 2822 rediit
2595 2784 2664 2823 ex
2699 2773 2893 2832 morte,
2927 2767 3188 2837 illiusque
3221 2769 3396 2823 auda-

1804 2857 1947 2911 ciam
1979 2856 2217 2912 ludibrio
2245 2856 2440 2910 habuit
2469 2874 2482 2911 :
2513 2865 2574 2910 ut
2608 2855 2666 2910 in
2692 2855 2911 2926 hymnis
2961 2857 3396 2925 praenuntiatum

1807 2949 1930 3014 fuit,
1962 2949 2174 3020 Spiritu
2203 2949 2425 3004 dicente
2460 2968 2473 3003 :
2523 2967 2542 3000 ι
2573 2948 2678 3014 Qui
2722 2947 2934 3003 habitat
2980 2947 3038 3002 in
3068 2948 3224 3002 caelis
3263 2948 3394 3000 irri-

1806 3041 1956 3096 debit
1986 3056 2103 3105 eos,
2137 3047 2191 3095 et
2229 3039 2498 3095 Dominus
2548 3039 2913 3094 subsannabit
2955 3052 3053 3093 eos
3079 3037 3146 3091 θ’.
3186 3057 3205 3090 ›
3257 3036 3396 3094 Vere

1805 3134 2007 3204 quippe
2041 3133 2324 3196 irridetur,
2357 3132 2434 3186 ita
2457 3130 2698 3186 ludibrio
2727 3131 2968 3195 habitus,
2999 3131 3276 3200 rebusque
3309 3130 3397 3184 illi.

1804 3234 2004 3296 praeter
2033 3226 2201 3280 animi
2235 3225 2564 3282 sententiam
2594 3223 2997 3280 accidentibus.
3038 3222 3218 3278 Instar
3243 3223 3391 3278 enim

1803 3315 2094 3385 cujusdam
2131 3312 2471 3376 animalculi,
2510 3312 2600 3367 cui
2641 3329 2842 3368 nomen
2868 3328 3058 3383 vespa,
3091 3311 3240 3382 quod
3263 3328 3390 3366 cum

1813 3417 1970 3481 petra
2017 3423 2400 3479 congressum,
2434 3407 2683 3478 nihilque
2729 3407 2820 3460 illa
2861 3407 3068 3476 impetu
3100 3421 3202 3461 suo
3233 3407 3382 3471 laesa,

1799 3502 2002 3556 amittit
2045 3501 2222 3571 ipsum
2265 3501 2451 3572 potius
2501 3500 2795 3566 aculeum;
2828 3499 2904 3552 ita
2945 3507 3000 3554 et
3039 3513 3191 3554 mors
3249 3513 3388 3552 cou-

1799 3592 2055 3662 grediens
2093 3607 2220 3647 cum
2254 3595 2387 3656 vita,
2411 3607 2534 3662 qua:
2582 3597 2668 3646 est
2700 3590 2974 3656 Christus,
3001 3591 3234 3645 mul.uin
3272 3588 3391 3645 fru-

1801 3693 1975 3740 strata
2013 3693 2098 3740 est
2139 3703 2153 3739 :
2191 3701 2300 3738 non
2356 3685 2502 3738 enim
2538 3685 2714 3754 potuit
2755 3699 2881 3738 eum
2915 3692 3094 3738 morte
3121 3684 3390 3747 detinere,

1797 3779 1890 3833 sed
1918 3777 2100 3848 potius
2135 3777 2386 3831 aculeum
2441 3775 2712 3846 perdidit;
2759 3776 2837 3830 ita
2885 3783 2946 3828 ut
2977 3777 3070 3846 qui
3099 3776 3227 3829 oliui
3258 3790 3392 3829 aeu-

1797 3869 1943 3923 leum
1977 3867 2435 3931 reformidabant,
2467 3867 2581 3936 jam
2624 3866 2894 3921 irrideant
2922 3867 3076 3920 illum
3104 3867 3339 3921 dicendo
3371 3884 3386 3920 :

1802 3979 1821 4012 ι
1865 3959 1968 4015 Ubi
2000 3969 2107 4026 est,
2142 3974 2316 4022 mors,
2344 3958 2572 4013 aculeus
2597 3959 2764 4013 tuus?
2790 3959 2902 4022 ubi,
2939 3958 3181 4022 inferne,
3217 3959 3389 4012 vieto-

1796 4053 1878 4106 ria
1915 4051 2108 4105 tua”?
2151 4069 2170 4102 ι
2211 4050 2276 4105 Ει
2305 4065 2530 4104 rursum
2563 4065 2576 4101 :
2609 4068 2628 4101 ι
2668 4051 2965 4120 Deglutivit
2991 4065 3140 4105 mors
3170 4058 3224 4102 et
3256 4065 3392 4119 prm-

1797 4145 1968 4199 valuit
1990 4143 2069 4194 t“*z
2110 4164 2130 4196 ι
2165 4143 2478 4213 iterumque
2518 4162 2531 4197 :
2581 4162 2600 4194 ι
2662 4143 2902 4199 Abstulit
2967 4141 3114 4199 Deus
3169 4157 3397 4198 onmem

1796 4235 2095 4306 lacryuiam
2126 4233 2196 4288 ab
2227 4234 2376 4287 omni
2407 4234 2564 4287 vultu
2581 4233 2650 4287 ⁸⁵.
2693 4251 2712 4284 ι

200 4412 272 4468 27.
307 4411 431 4470 Εἶτα
464 4417 755 4489 ἐκϐληθεὶς
780 4421 808 4472 6
834 4419 1017 4483 ἄθλιος
1045 4419 1152 4472 ἀπὸ
1186 4418 1281 4472 τοῦ
1339 4418 1468 4491 ᾅδου
1495 4459 1510 4485 ,
1555 4419 1689 4474 καθ-

1867 4415 1959 4468 27.
2003 4414 2210 4470 Dehinc
2237 4415 2564 4470 exturbatus
2599 4429 2666 4470 ex
2707 4413 2928 4470 inl‘erno
2954 4416 3144 4483 miser,
3187 4416 3393 4473 sedens

149 4504 305 4573 ήμενος
327 4511 472 4584 παρὰ
493 4512 596 4574 τὰς
619 4511 813 4576 πύλας,
844 4515 1042 4582 θεωρεῖ
1069 4512 1434 4584 ἐξαγομένους
1460 4512 1688 4576 πάντας,

147 4596 244 4659 τοὺς
274 4601 680 4673 πεπεδημένους
706 4641 721 4665 ,
759 4604 825 4672 τῇ
869 4601 964 4654 τοῦ
1008 4602 1270 4673 Σωτῆρος
1299 4601 1556 4674 ἀνδρεία,
1595 4602 1691 4654 καὶ

146 4686 243 4749 τοὺς
281 4690 369 4758 μὲν
401 4694 636 4764 νεκροὺς
679 4691 994 4758 ἀναζῶντας
1019 4710 1033 4723 ο
1068 4698 1194 4757 τοὺς
1221 4695 1278 4747 δὲ
1305 4693 1689 4765 αἰχμαλώτους

147 4775 441 4848 ἀξιεμένους,
466 4785 563 4836 καὶ
585 4783 714 4848 τοὺς
735 4785 832 4855 μὲν
854 4786 1043 4854 ἁγίους
1072 4785 1542 4856 προαπαντῶντας
1561 4787 1688 4850 τοὺς

148 4870 246 4939 περὶ
278 4871 358 4924 τὸν
420 4874 676 4946 Ἁϐραάμ
712 4915 726 4939 ,
781 4877 875 4928 καὶ¹
920 4877 1390 4948 ἁνακρουομένους
1425 4878 1637 4940 πάντας
1670 4917 1686 4942 ,

1800 4507 1867 4561 ad
1908 4507 2072 4572 ostia,
2105 4508 2324 4562 vinctos
2356 4523 2552 4564 omnes
2591 4509 2880 4578 conspexit
2935 4509 3237 4565 Salvatoris
3268 4510 3386 4565 for~

1798 4600 2036 4654 titudine
2064 4600 2249 4664 educi,
2281 4610 2532 4656 mortuos
2567 4615 2880 4670 resurgere,
2899 4602 3149 4670 captivos
3181 4601 3386 4656 dimitti

1797 4693 1998 4748 liberos
2025 4711 2039 4747 :
2077 4701 2304 4748 sanctos
2335 4693 2430 4762 qui
2463 4707 2590 4746 cum
2635 4693 2950 4747 Abrahamo
2979 4701 3135 4747 erant
3167 4694 3386 4748 obviam

1795 4784 2006 4848 venire,
2062 4799 2368 4854 omnesque
2421 4792 2682 4855 tympana
2742 4785 2985 4854 pulsare,
3021 4785 3386 4856 quemadmo-

1794 4875 1924 4930 dum
1957 4876 2228 4947 scriptum
2269 4884 2354 4932 est
2389 4893 2400 4926 :
2435 4895 2453 4926 ι
2491 4875 2884 4930 Praevenerunt
2933 4877 3214 4946 principes
3253 4892 3389 4931 con-

145 4962 257 5014 κατὰ
281 4964 335 5016 τὸ
368 4968 761 5039 γεγραμμένον
787 4984 800 4997 ο
835 4987 851 5020 t
882 4967 1244 5040 Προέφθασαν
1276 4970 1538 5040 ἄρχοντες
1570 4970 1693 5040 ὲχό’

1801 4970 1966 5035 iuncti
2005 4969 2370 5039 psallentibus
2394 4968 2451 5022 in
2484 4968 2664 5023 medio
2694 4968 3121 5038 juvencularum
3173 4979 3386 5040 tympa-

148 5069 256 5119 μενα
270 5057 568 5126 ψαλλόντων
598 5061 658 5113 ἐν
694 5062 845 5132 μέσῳ
883 5063 1137 5116 νεανίδων
1172 5062 1642 5134 τυμπανιστριῶψ
1669 5081 1688 5114 ι

146 5144 244 5206 τοὺς
282 5147 762 5223 ἐλευθερουμένους
782 5153 1070 5224 χαίροντας
1102 5155 1197 5208 καὶ
1223 5155 1515 5224 λέγονταςο
1555 5175 1574 5208 ι
1606 5155 1694 5207 Ἐν

1794 5065 2118 5121 uistriarum
2144 5065 2191 5096 ⁸⁸
2223 5079 2236 5116 :
2274 5084 2292 5117 ι
2331 5063 2581 5118 Gaudere
2611 5077 2806 5118 omnes
2844 5063 2940 5131 qui
2993 5062 3245 5116 libertate
3277 5061 3381 5115 do-

1793 5157 1910 5210 nati
1941 5156 2181 5219 fuerant,
2216 5170 2280 5209 ac
2307 5155 2492 5208 dicere
2529 5169 2540 5204 :
2575 5171 2593 5204 ι
2635 5151 2693 5205 ln
2717 5151 3090 5207 eonvertendo
3115 5150 3382 5206 Dominus

199 5309 237 5342 ⁸⁸
271 5311 445 5388 Matth.
479 5332 666 5380 nim,
705 5317 792 5371 54.
868 5316 912 5348 ⁸³
955 5315 1142 5372 Matth.
1183 5333 1345 5384 xxvt,
1376 5319 1468 5375 46.
1543 5321 1588 5353 ⁸⁸
1623 5319 1693 5377 Ps

1812 5337 1885 5385 ιι,
1918 5323 1972 5376 4.
2049 5322 2096 5353 ⁸³
2135 5318 2312 5374 lCor.
2348 5333 2440 5382 xv,
2475 5317 2563 5373 55.
2639 5312 2808 5370 “lsa.
2831 5330 2957 5377 xxv,
2992 5314 3048 5371 8.
3125 5317 3170 5349 ⁸⁸
3206 5313 3381 5388 Apoc.

149 5395 222 5448 iu,
283 5386 324 5414 “
357 5385 504 5441 Psal.
542 5404 720 5450 uvu,
756 5388 844 5442 ‘26.

202 5542 291 5616 (63)
327 5545 544 5616 Τοῦτον,
572 5545 725 5601 deest
756 5545 810 5599 in
832 5543 1024 5616 Regio.

203 5614 293 5681 4,54)
328 5615 466 5671 Edit.
498 5617 764 5671 Commel.
792 5627 846 5672 et
888 5614 1247 5686 manuscripti
1277 5630 1492 5686 omnes,
1545 5631 1680 5667 κατ-

154 5680 506 5758 έῖησεφινςιτιειι
533 5687 926 5758 Anglicau.qui
959 5703 1083 5758 cuin
1116 5680 1250 5741 edit.
1284 5685 1459 5758 Paris.
1493 5687 1677 5749 habet,

154 5755 392 5828 κλτέϐησε.
420 5755 707 5814 ιῠὶᾱεωῚιι
730 5755 940 5830 Anglic.
967 5757 1060 5811 τοῦ
1095 5758 1347 5824 θανάτου,
1377 5757 1550 5812 deest.

1863 5539 1974 5613 (55)
2016 5539 2122 5613 Τοῦ
2145 5539 2510 5613 καλουμένου,
2539 5538 2693 5613 deest
2718 5543 2769 5593 in
2799 5539 3124 5608 Anglicano.

1863 5611 1974 5684 [56)
2015 5611 2180 5684 ῌολύ,
2207 5611 2362 5684 abest
2395 5617 2463 5668 ab
2486 5612 2806 5679 Anglicani).

1863 5679 1974 5758 (5⁸7)
2017 5681 2244 5753 Regius,
2268 5679 2345 5751 τῷ
2369 5685 2603 5756 κέντρῳ.
