3890 6200
122 420 248 482 233.

1169 409 1260 467 DE
1297 406 1641 466 PASSIONE
1677 408 1768 464 ΕΤ
1808 406 2043 466 CBUCE
2079 406 2341 464 DOMINI.

3312 408 3420 465 234

123 540 219 596 καὶ
252 536 443 612 βρύξει
475 536 564 590 ἐπ’
594 528 759 591 αύτδν
790 537 918 600 τοὺς
956 535 1179 600 ὀδόντας
1205 533 1398 589 αὐτοῦ.
1443 534 1502 587 '0
1530 534 1585 588 δὲ
1615 531 1732 587 Κύ-

1841 536 2002 598 stum,
2025 537 2080 586 et
2106 529 2361 586 stridebit
2400 543 2570 601 super
2598 543 2725 586 eum
2782 528 3040 586 dentibus
3061 527 3200 586 suis.
3227 525 3421 582 Domi-

128 649 245 704 ριος
276 629 641 700 ὲκγελάσεται
690 627 891 682 αὐτόν’
927 645 947 678 ι
997 626 1095 680 καὶ
1130 625 1293 681 πάλιν
1320 642 1334 657 ο
1378 643 1396 676 ι
1438 625 1731 696 Ἀμαρτωο

126 719 217 781 λὸς
252 718 472 788 ὄψεται,
500 716 599 770 καὶ
645 715 1032 788 ὀργισθήσεται
1066 732 1079 745 ·
1130 716 1259 779 τοὺς
1302 708 1521 778 ὀδόντας
1565 711 1730 767 αὑτοῦ

131 811 323 883 βρύξει
354 809 452 863 καὶ
484 810 808 880 τακήσεται.
836 828 855 859 ι
896 808 1121 879 Ἕτριζε
1165 806 1223 861 δὲ
1267 805 1729 879 μεταμελόμενος,

130 904 213 958 δτι
239 902 348 957 κᾶν
375 902 516 965 δλως
542 900 847 972 τετόλμηκε
877 899 1021 953 κατὰ
1044 897 1141 953 τοῦ
1180 898 1436 971 Σωτῆρος
1455 914 1469 928 ’
1507 896 1617 969 (44)
1655 896 1735 949 εί-

130 995 237 1059 6&3;
270 996 465 1048 ἑαυτὸν
493 993 602 1066 πρὸ
634 993 827 1046 τούτου
860 992 1149 1064 τολμῶντα
1171 990 1315 1046 κατὰ
1345 991 1455 1045 τῶν
1484 989 1729 1054 δικαίων,

132 1090 229 1143 καὶ
264 1087 438 1159 μηδὲν
477 1085 722 1140 τοιοῦτον
773 1084 1100 1138 πεπονθότα.
1137 1084 1249 1137 Καὶ
1278 1084 1387 1154 γὰρ
1424 1080 1737 1137 ἐπιϐουλεύ-

134 1200 237 1245 σας
261 1181 345 1252 τῷ
378 1179 568 1246 Ἀϐελ,
596 1179 692 1233 καὶ
720 1180 848 1243 τοὺς
874 1178 1221 1250 πατριάρχας
1255 1176 1470 1248 θλίψας,
1506 1176 1735 1231 ἐπιϐου-

128 1275 333 1338 λεύσας
358 1275 419 1327 δὲ
447 1274 544 1327 καὶ
567 1272 649 1344 τῷ
680 1272 902 1345 Ἡσαΐᾳ,
933 1271 1029 1325 καὶ
1054 1270 1146 1325 τὸν
1183 1269 1454 1342 Ἱερεμίαν
1479 1270 1731 1342 ὑϐρίσας,

127 1368 224 1421 καὶ
246 1366 344 1420 τὸν
391 1364 516 1419 Ἰὼϐ
547 1364 819 1436 πειράσας
843 1379 860 1395 ⁸
888 1364 1050 1418 πάλιν
1075 1363 1226 1434 ἴσχυε
1262 1361 1397 1434 (15),
1427 1361 1524 1416 καὶ
1550 1360 1737 1416 ἐϐασί-

126 1457 285 1511 λευεν
310 1459 341 1509 6
372 1456 607 1521 θάνατος
632 1455 741 1509 ἀπὸ
777 1453 949 1525 Ἀδάμ
1001 1452 1164 1525 μέχρι
1197 1450 1463 1514 Μωσέως.
1493 1451 1653 1522 Ἀρτι
1678 1448 1735 1504 δὲ

127 1551 410 1622 τολμήσας
444 1549 588 1604 κατὰ
624 1547 717 1603 τοῦ
750 1547 991 1620 Κυρίου,
1028 1546 1228 1617 θεωρεῖ
1271 1543 1465 1597 ἑαυτὸν
1507 1541 1738 1614 γενόμε-

126 1660 216 1696 νον
241 1642 419 1712 Ἶρον,
461 1639 557 1694 καὶ
586 1637 923 1712 ἐκϐληθέντα
958 1636 1051 1692 τοῦ
1087 1635 1310 1700 παντὸς,
1338 1635 1434 1689 καὶ
1461 1634 1568 1688 ὑπὸ
1593 1633 1734 1689 πάν-

126 1753 235 1790 των
268 1734 787 1805 καταπατούμενον.
828 1733 1034 1805 Ἔργον
1067 1732 1178 1803 γὰρ
1224 1732 1318 1786 τοῦ
1353 1729 1611 1802 Σωτῆρος
1642 1728 1737 1799 γέ-

125 1844 249 1896 γονε
284 1826 365 1898 μὴ
402 1825 568 1896 μόνον
609 1823 723 1895 (46)
771 1823 938 1877 αὑτοῦ
981 1821 1074 1876 τοῦ
1105 1821 1339 1877 θανάτου
1374 1818 1731 1886 καταπαῖξαι,

123 1918 262 1972 am
296 1918 399 1971 καὶ
439 1917 592 1988 ἡμᾶς
635 1916 725 1969 ἐπ’
763 1913 929 1969 αὐτοῦ
976 1914 1281 1969 ἐπιθεῖναι·
1320 1914 1408 1969 ἴνα
1455 1912 1530 1985 μὴ
1569 1913 1730 1984 μόνον

123 2012 274 2083 ἡμᾶς
306 2010 411 2081 τῆς
439 2008 690 2073 δουλείας
720 2006 1082 2081 ἐλευθερώσῃ,
1112 2006 1249 2062 ἀλλὰ
1273 2007 1369 2062 καὶ
1402 2007 1494 2062 τὸν
1531 2005 1732 2060 δουλώ-

124 2118 299 2156 σαντα
320 2100 478 2173 ἡμᾶς
504 2099 837 2170 καταργήσῃ
856 2115 871 2130 ο
912 2098 1122 2171 μήποτε
1144 2097 1307 2154 πάλιν
1340 2095 1567 2169 ἰσχύσας
1589 2098 1733 2152 ἀπα-

122 2194 262 2265 τήτῃ
288 2193 471 2262 ἡμᾶς,
503 2190 598 2245 καὶ
628 2193 710 2254 είς
733 2188 903 2259 ἀργὸν
931 2189 1099 2243 αὐτού
1128 2188 1191 2243 τὸ
1216 2188 1551 2260 κατόρθωμα
1576 2188 1736 2259 γένη-

119 2302 233 2341 ται.
266 2283 443 2338 Ὅθεν
470 2283 656 2348 αὐτὸς,
703 2281 1049 2348 καταπαίξας
1091 2281 1185 2336 τοῦ
1224 2280 1495 2346 θανάτου,
1546 2279 1735 2335 λοιπὸν

122 2378 345 2432 ἔκδοτον
396 2378 496 2430 καὶ
528 2379 664 2448 ἡμῖν
694 2375 859 2429 αὐτὸν
889 2375 969 2439 είς
1006 2374 1069 2428 τὸ
1098 2373 1391 2428 πατεῖσθαι
1423 2373 1608 2428 δίδωσι
1643 2373 1735 2427 λέ·-

125 2486 241 2539 γων
265 2485 281 2501 ⁸
341 2487 363 2521 ι
407 2468 547 2523 Ἰδοὺ
591 2468 802 2522 δέδωκα
841 2468 972 2539 ὑμῖν
1016 2465 1267 2531 ἐξουσίαν
1304 2467 1497 2521 πατεῖν
1546 2463 1734 2519 ἐπάνω

123 2562 300 2633 ὄφεων
354 2562 454 2616 καὶ
510 2560 828 2633 σκορπίων,
868 2560 965 2614 καὶ
1002 2559 1095 2613 ἐπὶ
1133 2560 1317 2613 πᾶσαν
1370 2557 1470 2630 τὴν
1502 2556 1735 2630 δύναμιν

122 2656 214 2710 τοῦ
239 2652 446 2726 ἐχθροῦ
469 2672 485 2686 ο
518 2674 539 2707 ι
580 2654 677 2708 καὶ¹
703 2652 895 2708 πάλιν*
936 2671 956 2705 ι
980 2652 1380 2725 Καταπατήσει
1412 2651 1603 2706 λέοντα
1640 2651 1736 2705 καὶ

125 2747 421 2820 δράκοντα.
472 2766 493 2800 ι
544 2746 723 2801 Πάλαι
779 2744 877 2818 μὲν
936 2745 1048 2819 γὰρ
1090 2746 1120 2800 6
1177 2744 1303 2814 ὄφις
1336 2743 1591 2817 ὴπάτησε
1634 2744 1737 2818 τὴν

128 2838 266 2893 Εὕαν
292 2879 309 2903 ,
346 2837 452 2892 καὶ
482 2836 564 2908 τῷ
595 2836 779 2908 φθόνῳ
810 2835 1002 2890 τούτου
1049 2837 1079 2890 6
1110 2834 1343 2899 θάνατος
1368 2835 1621 2907 εἰσῆλθεν
1655 2836 1737 2900 είς

126 2933 215 2988 τὸν
239 2932 462 3005 κόσμον
486 2946 503 2961 ⁸
537 2930 663 3002 ἄρτι
707 2929 767 2983 δὲ
822 2932 1106 2995 πατεῖται,
1146 2926 1243 2983 καὶ
1286 2927 1458 2982 θέλων
1498 2930 1735 3000 ἁπατᾷν,

130 3025 310 3080 ἀκούει
331 3042 347 3055 ·
387 3043 409 3076 ι
435 3023 665 3093 ’Υπαγε
694 3022 869 3077 ὀπίσω
903 3039 1005 3094 μου
1030 3063 1046 3088 ,
1078 3021 1320 3076 Σατανᾶ.
1344 3040 1363 3073 ι
1408 3021 1521 3075 Καὶ
1565 3020 1738 3075 πάλαι

135 3119 225 3189 μὲν
255 3120 286 3172 6
318 3115 607 3179 ἀντίδικος
630 3117 664 3186 ἡ
675 3114 791 3186 μῶν
827 3113 1074 3179 διάϐολος
1111 3114 1188 3178 ὡς
1218 3112 1357 3166 λέων
1387 3113 1734 3185 περιεπάτει,

1835 637 1943 677 nus
1976 629 2161 677 autem
2191 621 2443 677 irridebit
2485 637 2611 677 eum
2648 623 2716 678 ’°.
2757 641 2777 676 ο
2810 621 2889 677 Ac
2927 636 3150 678 rursum
3181 637 3197 675 :
3235 637 3255 673 ι
3282 618 3421 675 Pec-

1837 721 1992 768 cator
2046 711 2353 779 videbit,fet
2409 712 2712 781 irascetur;
2750 713 3009 769 dentibus
3042 711 3159 769 suis
3225 711 3422 768 fremet

1838 813 1894 861 et
1932 806 2181 861 tabescet
2197 806 2267 862 ³⁷.
2306 823 2326 858 ι
2369 802 2650 862 Stridebat
2697 820 2853 873 vero,
2899 804 3048 877 quod
3105 798 3318 860 doleret
3360 816 3424 859 se

1836 913 2080 970 unquam
2109 913 2234 953 cum
2268 895 2553 954 Salvatore
2582 897 2845 973 congredi
2875 912 3071 954 ausum
3102 912 3262 966 esse;
3287 895 3428 952 scie-

1838 992 1935 1049 bat
1977 1000 2162 1049 autem
2219 1007 2279 1049 se
2323 1001 2484 1049 antea
2540 994 2726 1064 justos
2779 993 3004 1066 aggredi
3035 1007 3253 1056 ausum,
3283 991 3427 1047 nihil

1836 1084 2112 1155 ejusmodi
2140 1101 2364 1156 passum
2398 1085 2592 1143 fuisse.
2626 1083 2764 1141 Nam
2798 1086 2900 1142 etsi
2937 1084 3098 1141 Abeli
3129 1084 3426 1141 insidiatus

1836 1175 2053 1239 fuisset,
2102 1178 2445 1248 patriarchas
2484 1176 2786 1243 aIIIixisset,
2815 1176 2969 1234 Isaiae
3014 1183 3269 1247 parasset
3291 1175 3429 1231 insi-

1837 1268 1980 1333 dias,
2015 1268 2305 1326 Hieremiae
2335 1270 2725 1326 contumeliam
2772 1269 3020 1335 fecisset,
3061 1268 3263 1325 Jobum
3304 1275 3429 1324 ten-

1836 1370 2045 1430 tasset;
2085 1378 2239 1421 mors
2275 1370 2460 1419 tamen
2511 1361 2905 1427 invalescebat,
2933 1361 3307 1434 regnabatque
3357 1361 3429 1415 ab

1834 1454 2046 1510 Adamo
2073 1470 2249 1527 usque
2277 1454 2346 1509 ad
2372 1453 2617 1527 Moysen.
2666 1451 2790 1509 Jam
2833 1468 2965 1509 vero
2989 1452 3159 1509 simili
3194 1451 3431 1507 audacia

1835 1546 2102 1604 adversus
2162 1546 2452 1602 Dominum
2502 1561 2661 1610 usus,
2687 1561 2749 1601 se
2797 1538 2960 1617 plane
3002 1544 3148 1600 lrum
3197 1541 3428 1608 factum,

1837 1640 2206 1711 undequaque
2237 1640 2482 1711 pulsum,
2504 1639 2574 1695 ab
2605 1638 2865 1695 omnibus
2894 1636 3283 1693 conculcatum
3307 1634 3432 1689 ani-

1836 1731 2238 1788 madvertebat.
2277 1732 2587 1789 Salvatoris
2618 1732 2822 1803 quippe
2851 1746 2993 1802 opus
3016 1729 3143 1795 fuit,
3179 1743 3291 1784 non
3323 1726 3433 1798 ipsi

1840 1832 2054 1880 tantum
2103 1806 2270 1879 morti
2329 1824 2587 1890 illudere,
2646 1826 2743 1881 sed
2777 1826 2944 1881 etiam
2984 1838 3090 1879 nos
3122 1821 3302 1878 eidem
3336 1836 3434 1877 su-

1836 1915 2083 1988 periores
2106 1916 2446 1972 constituere
2475 1955 2491 1982 ,
2536 1921 2597 1971 ut
2630 1929 2743 1970 non
2769 1915 2947 1971 solum
2985 1928 3089 1969 nos
3109 1928 3139 1967 a
3163 1911 3434 1968 servitute

1832 2010 2116 2077 liberaret,
2166 2010 2264 2068 sed
2296 2011 2462 2068 etiam
2488 2025 2613 2066 eum
2650 2010 2746 2081 qui
2768 2024 2870 2065 nos
2900 2008 2956 2063 in
2988 2007 3305 2065 servitutem
3335 2019 3428 2061 re-

1833 2103 2060 2174 degerat
2102 2105 2458 2175 opprimeret,
2513 2118 2585 2159 ne
2630 2116 2856 2158 rursum
2911 2101 3259 2156 invalescens
3315 2112 3422 2153 nos

1835 2198 2172 2269 deciperet,
2235 2212 2375 2253 neve
2441 2211 2542 2253 sua
2601 2195 2837 2251 victoria
2888 2195 3171 2252 incassum
3228 2192 3424 2250 abiret.

1836 2289 2184 2362 Quapropter
2226 2290 2355 2361 ipse:
2392 2302 2521 2345 cum
2565 2287 2833 2345 illusisset
2870 2290 3059 2355 morti,
3092 2288 3254 2344 nobis
3299 2288 3430 2343 item

1834 2399 1960 2440 eam
1997 2382 2323 2438 calcandam
2376 2381 2546 2438 tradit
2602 2380 2795 2438 dicens
2829 2399 2844 2436 :
2878 2398 2897 2433 ι
2934 2380 3077 2437 Ecce
3120 2381 3247 2437 dedi
3278 2381 3438 2438 vobis

1837 2481 2167 2548 potestatem
2197 2473 2447 2531 calcandi
2483 2487 2652 2543 supra
2684 2479 2970 2545 serpentes
2997 2478 3053 2527 ct
3106 2471 3438 2543 scorpiones

1836 2577 1892 2626 et
1913 2584 2082 2641 supra
2120 2582 2339 2625 omnem
2368 2567 2629 2623 virtutem
2662 2564 2953 2622 inimici”.
2996 2583 3016 2617 ι
3052 2564 3133 2619 Ac
3163 2579 3386 2620 rursum
3417 2579 3434 2618 :

1843 2677 1864 2711 ι
1903 2658 2275 2716 Conculcabis
2305 2657 2520 2713 leonem
2550 2663 2606 2713 et
2632 2656 2929 2712 draconem
2947 2656 3015 2709 θ’.
3052 2673 3072 2706 ι
3107 2653 3251 2710 Olim
3280 2669 3439 2710 nam-

1837 2768 1947 2824 que
2001 2766 2232 2822 serpens
2271 2749 2440 2804 Evam
2488 2746 2728 2820 decepit,
2758 2748 2993 2820 ejusque
3044 2746 3253 2805 invidia
3281 2762 3437 2805 mors

1839 2846 2065 2901 intravit
2084 2845 2144 2900 in
2185 2845 2451 2900 mundum
2482 2842 2636 2915 :jam
2678 2858 2811 2899 vero
2862 2842 3224 2899 conculcatur
3258 2850 3312 2899 et
3339 2857 3440 2897 vo-

1838 2939 1959 2995 lens
1985 2938 2241 3007 decipere
2272 2935 2467 2992 audit:
2502 2953 2524 2989 (
2559 2932 2711 2991 Vade
2751 2941 2900 2991 retro
2945 2949 3054 2997 me,
3101 2932 3304 2989 Satana
3325 2932 3364 2988 '.
3410 2951 3430 2986 ι

1840 3028 1981 3107 Olim
2031 3030 2381 3086 adversarius
2428 3035 2620 3084 noster
2666 3026 2941 3091 diabolus,
2974 3025 3136 3097 quasi
3186 3026 3273 3081 leo
3317 3025 3435 3081 cir-

1840 3120 2109 3187 cumibat,
2147 3122 2342 3177 sitiens
2385 3120 2627 3175 animam
2668 3125 2917 3174 nostram
2950 3135 2964 3171 :
2993 3118 3108 3189 jam
3140 3132 3272 3173 vero
3301 3133 3436 3173 eon-

129 3209 289 3280 διψῶν
316 3210 425 3280 τὴν
479 3207 760 3279 ἡμετέραν
804 3205 985 3278 ψυχήν
1012 3225 1026 3237 ⁸
1076 3206 1202 3279 ἄρτι
1239 3205 1298 3260 δὲ
1335 3208 1735 3263 καταπατεῖται

1842 3213 2096 3269 culcatur
2161 3227 2290 3268 cum
2340 3211 2602 3279 dracone,
2671 3226 2737 3266 ac
2798 3211 3020 3267 demum
3079 3210 3235 3267 brevi
3284 3209 3435 3267 Deus

134 3304 223 3356 σὺν
245 3302 327 3374 τῷ
353 3302 646 3373 δράκοντι,
681 3301 779 3354 καὶ
806 3299 993 3354 λοιπὸν
1019 3302 1047 3354 6
1072 3299 1209 3364 Θεὸς
1238 3300 1297 3353 ὲν
1330 3300 1486 3371 τάχει
1524 3298 1738 3372 συντρί-

129 3396 215 3467 ψει
248 3396 344 3449 τὸν
375 3394 632 3447 Σατανᾶν
656 3391 763 3446 ὑπὸ
790 3392 915 3455 τοὺς
945 3391 1114 3455 πόδας
1134 3388 1315 3462 ἡμῶν.
1339 3391 1452 3446 Καὶ
1482 3390 1738 3445 τοσοῦτον

131 3488 565 3560 καταφρονεῖται
597 3484 693 3538 καὶ
730 3484 984 3548 παίζεται
1014 3524 1031 3549 ,
1081 3482 1158 3548 ὡς
1192 3483 1288 3537 καὶ
1340 3484 1437 3538 ἐπὶ
1482 3482 1738 3555 τρώγλην

130 3575 397 3641 ἀσπίδιον,
436 3572 778 3629 ὲκϐάλλοντά
807 3589 931 3627 τινα
971 3573 1067 3645 τὴν
1104 3575 1282 3645 χεῖρα,
1315 3573 1391 3646 μὴ
1424 3572 1736 3644 φοϐεῖσθαι.

130 3665 314 3721 Ταῦτα
342 3665 461 3738 γὰρ
510 3663 748 3729 Ἡσαΐας
776 3664 1154 3737 προεφήτευσε
1179 3680 1195 3696 ο
1227 3666 1324 3718 καὶ
1353 3663 1500 3719 ἐστιν
1528 3667 1557 3719 6
1582 3664 1741 3735 λόγος

128 3755 362 3828 ἀληθής.

122 3850 133 3860 ’
195 3846 286 3902 29.
329 3844 541 3902 Παιδία
577 3843 712 3914 γοῦν
758 3845 861 3918 τὴν
891 3845 1059 3901 πάλαι
1098 3846 1193 3901 καὶ
1218 3846 1483 3918 γέροντας
1512 3843 1739 3899 ἀπατῶ-

134 3955 231 3992 σαν
258 3936 462 4009 ἡδονὴν
495 3935 625 4008 ἄρτι
644 3934 970 4007 χλευάζουσι
991 3954 1005 3966 ’
1036 3937 1132 3991 καὶ
1158 3937 1327 4008 μήπω
1350 3936 1594 4009 νομίμης
1622 3935 1741 4009 ἠλι-

134 4030 258 4095 κίας
303 4028 608 4094 ἐπιϐάντες
636 4069 653 4098 ,
694 4028 796 4100 τὴν
843 4030 984 4102 ὑπὲρ
1026 4029 1118 4083 τὸν
1145 4029 1311 4100 νόμον
1364 4028 1739 4102 περιζώννυν-

137 4138 224 4175 ται
261 4122 378 4193 (47)
413 4118 777 4193 σωφροσύνην
806 4136 819 4149 °
870 4122 966 4175 καὶ
1008 4121 1268 4194 παρθένοι
1322 4122 1609 4193 μένοντες,
1658 4120 1740 4192 τῷ

136 4214 276 4288 λόγῳ
303 4213 550 4271 πατοῦσι
578 4212 679 4285 τῆς
711 4211 974 4282 όφιὼδους
1005 4214 1204 4286 ἡδονῆς
1240 4212 1341 4278 τὰς
1381 4214 1620 4281 ἀπάτας,
1660 4214 1738 4287 μὴ

137 4308 464 4379 φοϐούμενοι
511 4303 716 4375 ταύτης
752 4303 821 4358 τὰ
871 4303 1224 4377 θανατηφόρα
1268 4305 1545 4378 δήγματα.
1596 4305 1735 4378 Ἤδη

136 4396 190 4451 δέ
212 4414 359 4461 τινες
382 4396 485 4449 καὶ
508 4393 646 4448 αὐτὸ
675 4395 737 4448 τὸ
758 4394 985 4466 κέντρον
1011 4394 1107 4448 τοῦ
1135 4394 1381 4450 διαϐόλου
1411 4393 1733 4461 πατοῦντες,

1844 3311 2093 3360 conteret
2124 3302 2385 3359 Satanam
2419 3304 2527 3360 sub
2556 3301 2792 3374 pedibus
2821 3305 3051 3361 nostris.
3083 3302 3437 3374 Tantumque

1844 3396 2174 3468 despicitur,
2214 3405 2432 3452 tantum
2487 3397 2775 3463 illuditur,
2827 3404 2889 3452 ut
2942 3412 3011 3453 ne
3038 3396 3315 3468 quispiam
3345 3411 3439 3452 re-

1846 3487 2105 3546 formidet
2130 3488 2200 3543 ad
2233 3488 2480 3545 foramen
2524 3488 2779 3559 aspidum
2812 3485 3107 3544 admovere
3140 3502 3369 3543 manum
3389 3489 3432 3541 ².

1847 3580 1975 3638 Haec
2030 3581 2179 3639 enim
2247 3582 2421 3638 Isaias
2481 3581 2851 3661 prophetarit,
2901 3580 3063 3654 cujus
3139 3596 3305 3638 verus
3350 3586 3439 3638 est

1845 3683 2049 3727 sermo.

1916 3850 2009 3907 29.
2048 3849 2213 3907 Pueri
2236 3865 2370 3923 ergo
2398 3850 2756 3923 voluptatem,
2784 3866 2907 3923 quae
2938 3852 3094 3924 ipsos
3118 3851 3250 3908 olim
3275 3866 3437 3910 senes

1846 3944 2171 4015 decipiebat,
2221 3943 2335 4015 jam
2384 3943 2670 4001 irrident:
2707 3944 2945 4001 necdum
3005 3943 3075 4000 ad
3132 3945 3439 4018 legitimam

1846 4035 2128 4108 progressi
2169 4044 2385 4093 aetatem
2419 4036 2783 4104 continentia,
2818 4053 2942 4109 quae
2971 4038 3145 4110 legem
3188 4047 3435 4110 superat,

1848 4128 2068 4185 lumbos
2111 4130 2459 4201 praecingunt
2498 4146 2513 4185 :
2560 4131 2946 4202 manendoque
3004 4130 3267 4202 virgines,
3320 4145 3437 4187 sero

1846 4222 2086 4295 pentina:
2138 4223 2441 4293 voluptatis
2501 4220 2753 4280 fallacias
2800 4224 2974 4280 verbo
3031 4224 3269 4288 calcant,
3297 4223 3438 4280 nihil

1846 4312 1969 4383 ejus
2016 4310 2305 4368 lethiferos
2354 4326 2577 4368 morsus
2631 4313 2816 4369 veriti.
2862 4312 2986 4368 Jam
3023 4328 3158 4369 vero
3185 4312 3436 4384 quidam,

1846 4405 2032 4477 ipsum
2085 4403 2293 4461 diaboli
2340 4405 2627 4463 stimulum
2687 4406 2990 4472 calcantes,
3044 4413 3276 4463 mortem
3322 4423 3439 4464 non

135 4489 233 4543 οὐκ
263 4489 584 4543 ὲδειλίασαν
612 4487 705 4541 τὸν
741 4486 971 4541 θάνατον
990 4503 1004 4520 ·
1044 4486 1181 4542 ἀλλὰ
1207 4486 1302 4540 καὶ
1328 4487 1429 4557 τὴν
1452 4486 1598 4560 ζωὴν
1632 4489 1735 4571 αὺέ

1849 4499 2218 4567 exhorruere;
2250 4498 2348 4555 sed
2388 4507 2565 4556 morte
2591 4499 2764 4555 vitam
2815 4515 2975 4556 suam
3002 4508 3437 4569 commutarunt,

132 4582 237 4635 τῶν
271 4581 523 4653 ἧλλαξαν
574 4579 653 4651 τῷ
699 4580 933 4653 θανάτῳ,
974 4580 1255 4653 μάρτυρες
1301 4581 1587 4653 γενόμενοι
1642 4580 1735 4636 τοῦ

1844 4590 2012 4649 Verbi
2040 4599 2316 4664 martyres
2343 4592 2524 4649 effecti
2561 4612 2575 4648 :
2612 4592 2738 4648 ideo
2766 4593 2915 4648 enim
2967 4602 3222 4649 mortuus
3250 4592 3441 4650 Domi-

132 4674 331 4745 Δόγουο
349 4675 447 4730 διὰ
470 4673 639 4728 τοῦτο
659 4672 768 4745 γὰρ
797 4672 1064 4728 ἀπέθανεν
1080 4674 1347 4746 όΚύριος.
1380 4674 1575 4729 Πολλοὶ
1597 4674 1654 4728 δὲ
1673 4674 1735 4730 τὰ

1841 4700 1956 4740 .nus
1982 4690 2091 4742 est.
2120 4683 2274 4740 Multi
2301 4700 2435 4741 vero
2455 4685 2693 4742 terrenis
2734 4685 3014 4743 derelictis
3046 4690 3238 4751 rebus,
3264 4686 3438 4743 libero

133 4769 224 4821 ἐπὶ
236 4768 349 4839 γῆς
367 4767 794 4832 καταλιπόντες,
811 4765 1081 4839 ἐλευθέρῳ
1093 4766 1173 4839 τῷ
1194 4767 1485 4838 βαδίσματι
1499 4766 1590 4822 τὸν
1602 4768 1735 4839 ἀέρα

1847 4793 2045 4850 gressu
2072 4792 2256 4834 aerem
2290 4786 2588 4850 peragrant
2616 4784 2671 4833 et
2694 4778 2751 4833 in
2801 4780 2943 4833 coelo
2977 4777 3155 4833 vitam-
3179 4777 3388 4849 degunt
3421 4798 3436 4835 :

128 4859 477 4914 διαϐαίνουσι
507 4898 525 4925 ,
577 4858 675 4912 καὶ
730 4859 790 4913 ὲν
835 4859 1055 4933 οὐρανῷ
1102 4860 1478 4915 πολιτεύονται
1499 4878 1514 4893 ’
1549 4861 1735 4915 οὐκέτι

1847 4869 1987 4924 nihil
2040 4870 2185 4924 ultra
2240 4870 2401 4924 veriti
2460 4869 2767 4939 principem
2829 4870 3008 4935 aeris,
3065 4870 3176 4926 imo
3226 4870 3438 4942 potius,

131 4954 468 5027 φοϐούμενοι
514 4953 609 5007 τὸν
654 4952 893 5026 ἄρχοντα
937 4952 1033 5008 τοῦ
1066 4954 1270 5027 ἀέρος,
1306 4953 1445 5008 ἀλλὰ
1472 4954 1570 5008 καὶ
1617 4955 1735 5007 ἐπι-

1850 4960 1899 5017 si
1964 4960 2260 5032 prohibere
2312 4961 2575 5027 voluerit,
2637 4961 2989 5032 increpantes
3036 4976 3103 5018 ac
3142 4961 3440 5021 dicentes:

131 5048 471 5119 πλήττοντες
502 5046 601 5101 καὶ.
613 5045 887 5115 λέγοντες,
911 5047 960 5100 εἰ
988 5045 1133 5100 θέλοι
1158 5045 1392 5101 κωλύειν
1418 5062 1431 5077 ·
1463 5063 1483 5098 ι
1508 5045 1735 5116 Ὕπαγε

1850 5068 1869 5104 ι
1892 5049 2047 5109 Vade
2065 5060 2217 5108 retro
2237 5067 2346 5117 me,
2375 5050 2603 5120 Satana,
2629 5073 2649 5106 ι
2676 5053 3249 5124 quoniam-Dominum
3268 5036 3444 5113 Deum

129 5137 306 5191 όπξσω
334 5154 469 5209 μου,
492 5136 742 5189 Σατανᾶ.’
780 5153 801 5187 ι
833 5137 914 5190 ὅτι
941 5135 1147 5210 Κύριον
1170 5136 1262 5191 τὸν
1282 5136 1416 5193 Θεόν
1441 5154 1545 5209 μου
1570 5137 1735 5193 σπεύ-

1844 5157 2028 5198 meum
2086 5142 2288 5200 festino
2319 5144 2586 5211 adorare;
2641 5146 2767 5202 ideo
2812 5161 3051 5217 namque
3094 5145 3353 5205 Salvator
3384 5150 3439 5205 in

130 5231 202 5285 δω
236 5230 637 5303 προσκυνῆσαι
668 5246 682 5259 ·
714 5230 802 5285 διὰ
834 5230 994 5286 τοῦτο
1032 5232 1144 5305 γὰρ
1172 5232 1496 5308 ἐσταυρώθη
1536 5235 1617 5299 είς
1642 5233 1735 5290 τὸν

1841 5250 1969 5292 aere
1995 5237 2296 5294 cruciﬁxus
2331 5245 2434 5295 est.
2484 5236 2587 5293 Via
2636 5247 2822 5295 autem
2861 5238 3130 5311 paradisi,
3163 5242 3298 5296 olim
3338 5258 3442 5313 per

135 5323 323 5396 ἁέραό
360 5322 585 5395 Σωτήρ.
627 5320 693 5376 Ἠ
726 5322 783 5377 δὲ
808 5323 929 5389 ὁδὸς
967 5322 1065 5377 τοῦ
1098 5324 1451 5398 παραδείσου,
1485 5327 1519 5397 ἡ
1563 5324 1735 5380 πάλαι

1844 5335 2131 5398 peccatum
2161 5328 2373 5395 clausa,
2399 5329 2512 5401 jam
2539 5329 2853 5387 volentibus
2878 5339 3027 5403 patet
3052 5371 3068 5397 ,
3097 5339 3159 5387 ut
3192 5333 3268 5386 ait
3299 5332 3443 5387 Pau-

203 5480 252 5556 ξ’
286 5481 445 5538 Psal.
488 5495 691 5556 an",
727 5479 833 5548 12,
864 5480 955 5538 15.
1029 5480 1076 5514 ’⁷
1113 5480 1264 5540 Psal.
1294 5497 1422 5550 (ιιι,
1455 5483 1543 5540 10.
1658 5483 1705 5517 ⁸⁸

1841 5499 1878 5541 ι.
1925 5502 1990 5551 x,
2026 5485 2117 5543 I9.
2192 5486 2292 5546 ἔθ’
2331 5484 2480 5542 Psal.
2530 5487 2755 5554 xc,13.
2874 5487 2890 5518 ¹
2935 5485 3108 5543 Marc.
3159 5504 3282 5556 vm,
3343 5489 3434 5546 55.

143 5549 301 5609 ’Isa.
339 5569 445 5617 ιι,
485 5549 542 5606 8.

362 5708 600 5791 ξρεῇρς,
629 5708 990 5791 ᾕδειυὲαυτόν.
1053 5779 1078 5791 -
1124 5779 1144 5791 _
1258 5772 1310 5791 ﬁ
1372 5776 1385 5791 Ι
1499 5778 1513 5791 .

1918 5710 2032 5791 )
2068 5712 2295 5791 ﬁegius,
2336 5715 2519 5791 αύτόν.

215 5710 320 5781 μ-ι)
362 5710 600 5780 Regius,
629 5710 747 5780 ᾔδει
779 5710 990 5763 ἑαυτόν.

214 5781 323 5865 (με)
365 5780 719 5865 Βξείιίεηειεθ
746 5778 1006 5865 Fami;
1053 5779 1225 5863 ιηίτρν
1258 5772 1427 5865 "vis.
1463 5778 1547 5836 δίο
1581 5794 1735 5865 μιαι-

1916 5710 2032 5853 με)
2072 5712 2295 5783 Regius,
2336 5715 2519 5770 αὐτόν.

1885 5837 1912 5865 ι
2068 5781 2294 5865 Regius,
2332 5786 2675 5858 εὐφροσύνην
2699 5804 2714 5819 ·
2756 5788 2853 5843 καὶ
2891 5788 3155 5862 παρθένοι
3189 5789 3438 5863 μένουσι,

158 5837 252 5904 ﬁci
282 5837 660 5928 vgeabantur,
706 5837 803 5928 ξιι-
824 5837 918 5906 illo
961 5850 1186 5909 Homeri
1213 5837 1478 5910 mendico
1507 5852 1600 5910 cui
1634 5868 1735 5912 no-

1842 5837 1932 5926 τιῖἱ
1947 5837 2092 5928 λόγῳ
2116 5837 2436 5920 ἀιῖτᾱῖῑνέέςὶ

162 5931 287 5991 ιη,
315 5918 502 5994 Ἶρος,
537 5919 734 5991 Odyss.
763 5918 825 5975 Σ.

472 6012 670 6075 Pun.
699 6012 819 6076 Gn.
857 6008 1159 6076 XXVIII.
1400 6090 1461 6109 tu.
3113 6014 3155 6077 8
