3890 6200
462 382 573 437 εδδ
588 404 593 415 ’

1597 380 1655 436 S.
1698 378 2166 439 ATHANASIUS.
2207 414 2278 428 --
2304 382 2543 441 DUBIA.

3640 375 3752 430 256

463 494 575 561 lus,
639 493 734 565 qui
784 507 860 553 -.eo
921 492 1027 548 loci
1086 500 1279 564 raptus
1326 501 1431 558 est,
1494 501 1549 549 et
1603 495 1672 550 ad
1718 495 1829 567 79
1853 494 2048 552 icmlos

2157 496 2222 550 δι’
2255 497 2533 569 ἁμαρτίας
2554 494 2887 562 κλεισθεῖσα,
2915 496 3041 566 ἄρτι
3067 495 3179 560 τοῖς
3204 492 3551 565 βουλομένοις
3575 464 3751 561 ἀνέῳ-

465 588 738 644 ascendit.
769 585 897 641 Ideo
918 585 1183 643 Dominus
1210 585 1383 642 illusit
1409 587 1652 658 serpenti
1671 607 1685 643 :
1706 588 2054 659 cessavitque

465 677 738 742 infernus,
769 691 876 731 non
911 677 1056 732 ultra
1086 675 1396 747 imperante
1427 690 1629 746 morte,
1658 678 1757 734 sed
1803 679 2055 735 resusci-

461 769 920 828 tatis'omnibus.
968 768 1233 824 Diabolus
1278 776 1463 824 autem
1512 784 1627 825 non
1668 770 1784 842 jam
1829 770 1956 826 inde
1995 772 2054 827 in

463 878 571 921 nos
604 862 843 934 insurgit
881 880 894 916 :
931 860 1135 917 cecidit
1182 862 1359 929 enim,
1413 871 1577 934 atque
1625 870 1959 933 prostratus,
1994 864 2053 919 in

465 964 662 1029 pectus
698 954 868 1028 plane
886 964 941 1010 et
972 956 1031 1010 in
1061 964 1312 1012 ventrem
1360 972 1521 1012 suum
1566 958 1948 1027 provolvitur:
1987 972 2054 1014 ea

465 1050 617 1108 enim
643 1048 712 1106 de
733 1064 902 1105 causa
938 1048 1182 1104 surrexit
1212 1048 1503 1105 Dominus.
1546 1048 1613 1103 Et
1643 1050 1897 1106 homines
1927 1050 2053 1120 qui—

466 1142 590 1199 dem
620 1141 929 1198 didicerunt
951 1141 1235 1212 aspernari
1261 1140 1485 1198 divitias
1517 1144 1858 1214 corporales,
1890 1151 1943 1200 et
1968 1144 2054 1200 di--

464 1241 687 1293 tescunt
737 1234 908 1290 verbo
960 1241 1016 1289 et
1071 1234 1302 1289 scientia
1338 1249 1352 1287 :
1388 1233 1558 1291 draco
1611 1242 1795 1290 autem
1853 1236 1949 1306 qui
1994 1251 2054 1292 se

464 1328 690 1384 divitem
723 1343 848 1384 esse
903 1327 1265 1399 gloriabatur,
1322 1325 1633 1382 denudatus
1691 1333 1798 1391 est,
1828 1326 2055 1397 jamque

468 1420 675 1483 nudus,
709 1417 832 1473 Irus
862 1425 917 1474 et
944 1433 1155 1490 pauper
1188 1427 1295 1484 est,
1327 1418 1397 1473 ab
1423 1418 1737 1474 hominibus
1786 1420 2057 1489 exspolia-

467 1525 583 1571 tus.
606 1513 741 1569 Nam
766 1513 860 1585 qui
895 1513 1027 1568 olim
1061 1512 1280 1569 medius
1312 1512 1456 1568 inter
1484 1512 1819 1568 cherubinos
1866 1528 2055 1569 versa-

464 1609 648 1673 batur,
672 1606 931 1676 omnique
950 1604 1127 1675 lapide
1163 1605 1403 1675 pretioso
1441 1604 1667 1660 indutus
1685 1615 1820 1669 erat,
1841 1604 2051 1669 sardio,

455 1697 672 1769 jaspide
693 1703 749 1752 et
773 1696 989 1761 achate,
1004 1697 1118 1765 jam
1141 1694 1361 1751 demum
1391 1695 1445 1749 in
1467 1710 1694 1767 papyro,
1715 1694 1984 1750 arundine
1997 1702 2053 1750 et

462 1791 617 1846 silice
645 1788 868 1854 dormit,
899 1798 960 1843 ut
993 1789 1048 1842 in
1069 1786 1173 1842 Job
1208 1788 1275 1842 de
1301 1784 1395 1842 illo
1417 1770 1737 1841 narratur'.
1760 1786 1889 1841 Ideo
1904 1787 2049 1842 enim

2156 604 2273 656 γεν,
2318 588 2394 652 ὡς
2435 586 2646 652 Παῦλος
2690 592 2983 661 μαρτυρεῖ,
3033 588 3420 662 ἁρπαζόμενος
3458 587 3610 653 ἐκεῖ,
3653 586 3753 640 καί

2155 678 2529 751 ἀπερχόμενος
2566 682 2647 744 εἰς
2680 681 2807 745 τοὺς
2840 682 3127 754 οὐρανούς.
3156 681 3255 736 Διά
3283 683 3443 736 τοῦτο
3466 681 3576 755 γὰρ
3601 679 3754 736 ἐπαι-

2157 765 2247 834 ξεν
2282 770 2310 822 6
2341 768 2546 839 Κύριος
2582 770 2674 824 τὸν
2702 770 2848 840 ὅφιν.
2876 772 2989 824 Καὶ
3016 773 3045 824 6
3085 772 3183 844 μὲν
3208 772 3341 845 ᾅδης
3373 773 3749 845 κατήργηται,

2156 859 2339 913 οὐκέτι
2368 860 2462 914 τοῦ
2492 861 2725 915 θανάτου
2760 863 3110 935 κρατοῦντος,
3141 863 3280 918 ἀλλά
3304 863 3523 918 πάντων
3549 866 3755 935 ἐγειρο-

2160 955 2357 1025 μένων·
2389 956 2419 1008 ό
2445 956 2501 1009 δὲ
2530 955 2778 1020 διάϐολος
2803 957 2906 1011 οὐκ
2928 955 3010 1009 ἔτι
3038 956 3385 1021 ἐξανίσταται
3412 956 3537 1010 καθ’
3568 954 3749 1027 ἡμῶν·

2157 1048 2415 1102 πέπτωκε
2440 1048 2573 1121 γὰρ,
2604 1048 2702 1102 καὶ
2740 1048 2923 1103 πεσὼν
2963 1049 3180 1120 ἀληθῶς
3209 1051 3302 1104 ἐπὶ
3330 1048 3407 1121 τῷ
3439 1049 3625 1121 στήθει
3656 1049 3755 1102 καὶ

2154 1144 2222 1213 τῇ
2257 1141 2436 1213 κοιλίᾳ
2464 1140 2756 1212 πορεύεται
2779 1157 2792 1171 ο
2820 1140 2909 1194 διὰ
2931 1139 3089 1193 τοῦτο
3114 1141 3220 1214 γὰρ
3243 1140 3445 1211 ἀνέστη
3468 1142 3496 1193 6
3519 1140 3751 1211 Κύριος.

2156 1236 2267 1290 Kal
2298 1236 2346 1287 οἰ
2380 1234 2478 1306 μὲν
2508 1234 2789 1306 ἄνθρωποι
2829 1233 3184 1305 μεμαθήκασι
3230 1236 3594 1304 καταφρονεῖν
3645 1250 3756 1287 σω·-

2160 1327 2392 1399 ματικοῦ
2437 1327 2691 1394 πλούτου,
2740 1326 2837 1381 καί¹
2886 1326 3180 1381 πλουτοῦσι
3222 1326 3301 1397 τῷ
3350 1326 3495 1397 λόγῳ
3536 1326 3631 1380 καὶ
3682 1328 3752 1398 τῇ

2155 1418 2390 1491 γνώσειο
2423 1422 2451 1474 6
2482 1420 2540 1473 δέ
2572 1417 2929 1491 καυχώμενος
2964 1412 3105 1473 εἶναι
3142 1419 3399 1483 πλούσιος
3424 1420 3641 1493 δράκων
3659 1437 3756 1490 γε·

2157 1511 2442 1583 γύμνωται
2480 1552 2495 1577 ,
2546 1512 2641 1565 καὶ
2678 1510 2775 1567 νῦν
2804 1510 3012 1582 γυμνὸς
3057 1508 3206 1583 ῖΙρος
3235 1511 3331 1565 καὶ
3380 1511 3549 1581 πένης
3581 1512 3710 1579 ,ἐστὶ
3733 1552 3752 1578 ,

2156 1602 2663 1675 κατεσκυλευμένος
2697 1604 2804 1658 ὑπὸ
2848 1603 3088 1658 πάντων.
3132 1604 3245 1657 Kal
3276 1603 3386 1675 γὰρ
3414 1604 3584 1659 πάλαι
3636 1604 3752 1658 τῶν

2156 1696 2429 1771 χερουϐὶμ
2457 1695 2563 1751 ἀνά
2602 1697 2767 1768 μέσον
2811 1695 2887 1750 ὢν
2916 1737 2932 1763 ,
2971 1696 3066 1751 καὶ
3101 1695 3280 1750 πάντα
3321 1696 3468 1751 λίθον
3510 1696 3752 1769 χρηστὸν

2155 1788 2504 1860 ἐνδεδυμένος
2529 1830 2545 1857 ,
2586 1787 2679 1841 τὸν
2710 1787 2950 1859 σάρδιον,
2982 1786 3074 1841 τὸν
3109 1787 3294 1841 ἴασπιν
3313 1828 3327 1852 ,
3372 1787 3461 1841 τὸν
3497 1788 3707 1858 ἀχάτην
3731 1827 3751 1852 ,

460 1882 729 1939 Dominus
769 1895 978 1953 pauper
1013 1881 1136 1946 fuit,
1181 1886 1241 1934 ιιι
1260 1894 1360 1934 nos
1381 1878 1503 1948 ejus
1536 1878 1721 1949 inopia
1755 1879 2048 1936 ditescere-

2157 1876 2280 1949 ἄρτι
2309 1876 2495 1930 λοιπὸν
2524 1876 2619 1929 ἐπὶ
2645 1876 2920 1949 πάπυρον,
2954 1877 3049 1931 καὶ
3082 1877 3329 1947 κάλαμον
3348 1919 3363 1944 ,
3413 1879 3508 1932 καὶ
3549 1878 3752 1950 χάλικα

460 1974 631 2042 mus‘,
656 1973 1018 2042 diabolusque
1051 1970 1295 2027 nudatus
1323 1981 1426 2027 est.
1460 1970 1730 2045 Quodque
1776 1974 2048 2040 mirabile,

460 2082 829 2140 magnumque
850 2066 1082 2137 contigit
1108 2066 1166 2120 in
1193 2080 1378 2121 rerum
1431 2074 1653 2134 natura,
1689 2066 1940 2125 homines
1979 2068 2050 2123 ad

460 2166 694 2216 mortem
728 2169 1026 2229 properant
1049 2165 1305 2229 aptantes
1339 2158 1635 2214 adventum
1668 2157 1922 2228 Domini;
1957 2160 2053 2214 mi-

459 2266 553 2307 ser
583 2260 765 2306 autem
790 2249 1070 2313 diabolus,
1093 2251 1188 2320 qui
1216 2250 1345 2305 olim
1384 2251 1579 2306 mortis
1625 2250 1917 2322 imperium
1950 2251 2050 2307 ha-

458 2342 603 2406 buit,
631 2341 745 2412 jam
774 2340 969 2396 metuit
995 2355 1123 2395 eum
1151 2340 1246 2411 qui
1296 2348 1565 2395 venturus
1617 2347 1724 2405 est,
1753 2339 2052 2410 judicium-

456 2449 566 2507 que
599 2432 963 2490 reformidat:
991 2432 1147 2488 novit
1187 2432 1335 2488 enim
1372 2433 1478 2489 sibi
1503 2440 1756 2504 paratum
1787 2433 1968 2504 ignem
1993 2440 2049 2488 et

461 2526 676 2600 angelis
690 2526 830 2583 suis.
849 2523 978 2581 Ideo
996 2524 1155 2581 enim
1179 2522 1447 2580 Dominus
1467 2540 1623 2581 meus
1637 2523 1919 2596 judicatus
1938 2531 2044 2591 est,

457 2627 519 2673 ut
557 2632 662 2673 nos
703 2616 967 2687 ajudicio
1003 2615 1286 2679 liberaret,
1325 2616 1589 2686 illumque
1629 2615 2045 2672 condemnaret.

2159 1970 2440 2040 κοιμᾶται,
2473 1967 2550 2033 ὡς
2582 1969 2640 2022 ἐν
2683 1967 2762 2040 τῷ
2806 1968 2928 2023 Ἰὼϐ
2976 1970 3103 2041 περὶ
3149 1969 3313 2024 αὑτοῦ
3364 1969 3606 2038 λέγεται.
3649 1969 3753 2025 Διά

2154 2060 2316 2114 τοῦτο
2340 2061 2449 2134 γὰρ
2493 2064 2523 2115 6
2562 2061 2771 2135 Κύριος
2802 2062 3168 2134 ἐπτώχευσεν,
3196 2064 3285 2118 ἵνα
3307 2065 3471 2135 ἡμεῖς
3500 2066 3564 2135 τῇ
3601 2080 3751 2117 πτω-

2157 2153 2282 2225 χείᾳ
2316 2151 2428 2225 (48)
2457 2154 2624 2208 αὐτοῦ
2673 2155 3104 2227 πλουτήσωμεν,
3148 2156 3243 2211 καὶ
3278 2157 3308 2208 6
3345 2154 3595 2220 διάϐολος
3622 2157 3751 2225 ἐγυ-

2162 2242 2371 2317 μνώθη.
2400 2245 2511 2298 Kal
2545 2245 2607 2299 τὸ
2636 2246 2939 2316 παράδοξον
2967 2247 3063 2301 καὶ
3094 2247 3237 2317 μέγα
3271 2246 3562 2318 γενόμενον
3596 2248 3653 2300 ἐν
3679 2248 3749 2318 τῇ

2159 2336 2370 2389 κτίσει*
2413 2335 2692 2408 ἄνθρωποι
2734 2339 2833 2408 μὲν
2868 2336 2978 2410 γὰρ
3010 2338 3337 2393 σπεύδουσιν
3380 2338 3753 2410 ἀποθνήσκειν

2159 2428 2449 2499 εὐχόμενοι
2477 2430 2577 2501 τὴν
2610 2429 2904 2501 ἐπιδημίαν
2934 2429 3026 2483 τοῦ
3058 2431 3310 2503 Σωτῆρος
3328 2446 3342 2461 ο
3377 2432 3406 2485 6
3433 2431 3490 2485 δὲ
3519 2430 3757 2496 δείλαιος

2154 2523 2422 2589 διάϐολος,
2451 2524 2481 2577 6
2523 2524 2692 2579 πάλαι
2724 2523 2818 2577 τοῦ
2849 2522 3083 2577 θανάτου
3113 2523 3173 2576 τὸ
3218 2523 3421 2595 κράτος
3464 2522 3625 2595 ἔχων,
3657 2523 3758 2577 νῦν

2156 2616 2405 2687 φοϐεῖται
2444 2616 2537 2671 τὸν
2583 2616 2901 2689 ἐρχόμενον,
2942 2616 3037 2671 καὶ
3073 2614 3182 2687 τὴν
3214 2616 3396 2689 κρίσιν
3434 2618 3760 2689 καταπτήσ-

457 2731 559 2770 σει.
606 2708 730 2768 Οἶδε
771 2712 880 2785 γὰρ
909 2712 971 2766 τὸ
1002 2712 1406 2784 ἡτοιμασμένον
1435 2712 1585 2784 αύτῷ
1619 2710 1754 2785 πῦρ,
1798 2714 1891 2767 καὶ
1929 2716 2041 2777 τοῖς
2091 2712 2345 2783 ἀγγέλοις
2390 2713 2580 2768 αὐτοῦ.
2631 2713 2731 2767 Διά
2773 2713 2932 2768 τοῦτο
2980 2712 3111 2786 γὰρ,
3137 2713 3235 2768 καὶ
3307 2712 3503 2785 ἐκρίθη
3574 2731 3678 2785 μου
3726 2714 3759 2767 ὁ

453 2808 658 2881 Κύριος
687 2849 703 2875 ,
744 2807 833 2861 ἵνα
862 2807 1012 2878 ἡμᾶς
1048 2805 1156 2860 ἀπὸ
1204 2804 1315 2879 (49)
1363 2805 1463 2877 τῆς
1515 2806 1752 2878 κρίσεως
1807 2806 2170 2880 ἐλευθερώσῃ,
2200 2809 2453 2862 κάκεῖνον
2477 2807 2807 2880 κατακρίνῃ.

523 2900 614 2955 50.
670 2898 944 2955 Caeterum
1005 2898 1073 2954 de
1119 2898 1307 2953 divina
1358 2899 1677 2970 cognitione
1736 2900 1793 2956 in
1846 2915 2042 2957 omnes

2221 2902 2311 2958 50.
2347 2902 2485 2974 Περί
2518 2900 2628 2974 γὰρ
2656 2901 2759 2972 τῆς
2796 2901 3099 2973 γενομένης
3124 2902 3207 2966 εἰς
3237 2902 3448 2967 πάντας
3475 2902 3757 2974 πανταχοῦ

453 2988 661 3060 ubique
682 2987 1042 3045 disseminata
1074 2989 1207 3060 quid
1255 2998 1340 3046 est
1369 2990 1517 3060 quod
1550 2991 1866 3063 loquamur,
1914 3008 2043 3048 cum

2157 2993 2482 3063 Βεογνωσίας
2531 2994 2583 3047 τί
2626 2993 2706 3046 δεῖ
2749 2994 2844 3047 καὶ
2885 2993 3096 3062 λέγειν,
3133 2993 3243 3048 τῶν
3286 2994 3629 3065 γιγνομένων
3657 2996 3756 3067 ἀφ’

453 3096 543 3137 res
563 3087 729 3152 gestae
763 3096 831 3137 ex
869 3096 930 3138 se
959 3080 1120 3137 [idem
1145 3081 1607 3138 habeant?Nulla
1637 3085 1785 3154 enim
1815 3092 2042 3156 praeter;

2157 3085 2356 3139 ἑαυτῶν
2374 3085 2606 3157 ἐχόντων
2623 3086 2721 3155 τὴν
2740 3084 2921 3139 πίστιν
2938 3103 2951 3152 ;
2972 3087 3087 3139 Ούκ
3102 3085 3218 3138 ἐστι
3239 3085 3347 3156 γάρ
3368 3085 3588 3159 ἡμέραν
3612 3104 3759 3160 παρ-

451 3176 497 3230 it
542 3173 684 3241 dies,
716 3188 825 3245 qua
880 3173 1105 3245 quidam
1158 3174 1409 3232 homines
1454 3176 1598 3231 idola
1634 3193 1745 3233 non
1788 3177 2046 3235 deserant

2157 3177 2347 3245 ελθεῖν,
2372 3180 2430 3232 ἐν
2531 3179 2621 3232 ὅτε
2649 3178 2719 3232 τά
2753 3179 2850 3250 μὲν
2884 3178 3077 3232 εἴδωλα
3121 3179 3180 3232 ού
3236 3180 3757 3250 καταλιμπάνουσιν

450 3269 817 3340 propriasque
848 3280 913 3321 ac
942 3275 1203 3336 paternas
1227 3268 1375 3339 leges
1407 3283 1518 3323 non
1554 3269 1848 3341 abnegent,
1886 3280 1944 3325 ut
1971 3272 2038 3327 ad

2157 3269 2458 3342 ἱνθρωποι,
2506 3272 2601 3324 καὶ
2639 3272 2767 3335 τοὺς
2797 3271 2961 3334 ἰδίους
2988 3271 3083 3325 καὶ
3120 3272 3425 3344 πατρικοὺς
3454 3271 3756 3345 ἀρνοῦνται

450 3360 624 3416 Deum
651 3357 1100 3429 confugiant,.ac
1144 3357 1352 3416 Christi
1387 3360 1535 3431 leges
1577 3363 1829 3432 accipere
1855 3371 2043 3433 postu-

2157 3359 2342 3431 νόμους
2364 3399 2380 3425 ,
2411 3360 2550 3433 πρὸς
2587 3360 2645 3413 δὲ
2677 3359 2811 3414 Θεὸν
2838 3359 3249 3430 καταφεύγουσι
3274 3399 3289 3424 ,
3323 3360 3420 3413 καὶ
3452 3362 3580 3424 τοὺς
3608 3362 3755 3433 Χρι-

448 3453 585 3520 lent,
641 3450 962 3507 incredibili
995 3450 1267 3507 miraculo
1299 3450 1354 3505 in
1381 3466 1506 3507 eum
1557 3452 1866 3508 credentes.
1904 3452 2041 3507 Nam

2157 3446 2601 3522 ςτοῦλλαμϐάνειν
2644 3450 2846 3521 νόμους
2879 3449 3134 3517 ἀξιοῦσι,
3177 3446 3468 3521 παραδόξῳ
3503 3449 3755 3521 θαύματι

450 3543 547 3614 qui
576 3542 848 3598 hactenus
887 3540 1195 3597 idulolatrae
1235 3541 1410 3609 fuere,
1442 3548 1608 3612 atque
1642 3541 1927 3597 Christum
1982 3549 2043 3596 ut

2157 3541 2493 3605 πιστεύοντες
2515 3543 2596 3605 εἰς
2620 3541 2804 3595 αὐτόν.
2833 3543 2955 3595 Ἔτι
2977 3541 3085 3614 γὰρ
3109 3540 3632 3613 εἰδωλολατροῦντες
3651 3543 3757 3597 καὶ

449 3635 730 3692 hominem
796 3634 1121 3689 calumniati
1170 3641 1323 3701 sunt,
1389 3650 1516 3691 eum
1545 3633 1828 3704 deinceps,
1875 3636 2040 3692 idolis

2157 3633 2216 3697 ὓς
2238 3632 2523 3705 ἄνθρωπον
2546 3633 2928 3697 διαϐάλλοντες
2951 3633 3042 3688 τὸν
3072 3633 3330 3705 Χριστὸν,
3360 3634 3551 3687 τοῦτον
3584 3635 3757 3690 ὓστε-

448 3729 757 3800 abnegatis,
790 3727 960 3784 Deum
993 3737 1341 3801 agnoscunt:
1365 3736 1419 3785 et
1458 3745 1601 3800 quos
1645 3730 1702 3783 in
1737 3729 1902 3786 idolis
1928 3729 2036 3785 dae-

2157 3743 2234 3779 >ον
2253 3726 2385 3779 Θεὸν
2407 3725 2790 3795 γινώσκοντες,
2816 3726 3291 3798 καταλιμπάνουσι
3312 3726 3381 3780 τά
3400 3725 3597 3780 εἴδωλα
3615 3744 3629 3757 ·
3648 3730 3754 3783 καὶ

447 3835 643 3877 mones
696 3819 1152 3888 reformidahant,
1194 3822 1368 3893 ipsos,
1392 3822 1579 3893 agnito
1611 3820 1869 3885 Domino,
1939 3821 2039 3877 de—

2157 3817 2233 3881 ›ὓς
2262 3818 2552 3889 ἐφοϐοῦντο
2580 3818 2841 3891 δαίμονας
2870 3822 2927 3873 ἐν
2951 3822 3065 3883 τοῖς
3087 3818 3348 3886 εἰδώλοις,
3376 3819 3602 3885 τούτους
3627 3820 3753 3893 (Ξο)

447 3925 601 3970 mum
632 3911 918 3975 deserunt,
960 3920 1123 3982 atque
1154 3926 1221 3966 ex
1255 3910 1378 3967 aliis
1417 3911 1662 3982 pellunt:
1695 3926 1858 3981 quam
1882 3912 2034 3978 item,

2157 3911 2231 3965 τὸν
2262 3911 2470 3984 Κύριον
2507 3913 2823 3982 ἐπιγνόντες
2850 3911 3037 3965 λοιπὸν
3061 3911 3476 3976 καταλείπουσι,
3505 3912 3602 3965 καὶ
3634 3913 3753 3967 ἀπὸ

448 4002 755 4058 idololatra:
779 4001 911 4059 dum
936 4010 1142 4070 essent,
1178 4004 1514 4074 voluptatem
1546 4005 1884 4072 metuebant,
1913 4019 2035 4058 eam

2157 4004 2315 4060 ἱλλων
2341 4003 2629 4059 διώκουσι·
2657 4004 2753 4059 καὶ
2771 4005 2837 4076 ἢν
2862 4003 3378 4077 εἰδωλολατροῦντες
3400 4003 3596 4075 ἡδονὴν
3623 4006 3756 4075 ἐφο-

446 4095 506 4150 in
551 4094 777 4152 Christo
817 4096 1171 4167 despiciunt:
1207 4088 1605 4167 peccatumque
1634 4112 1663 4150 a
1693 4112 1803 4167 quo
1823 4096 2035 4167 pridem

2157 4097 2351 4165 Ξοῦντο,
2373 4097 2577 4171 ταύτης
2600 4098 2657 4152 ἐν
2678 4097 2903 4169 Χριστῷ
2926 4096 3357 4169 καταφρονοῦσι,
3383 4097 3476 4150 καὶ
3498 4096 3597 4169 τὴν
3618 4098 3754 4153 τότε

447 4190 874 4260 superabantur,
905 4189 1018 4260 jam
1073 4191 1232 4262 signo
1278 4190 1465 4246 crucis
1499 4190 1729 4245 vincunt
1758 4190 2030 4246 ludibrio-

2157 4191 2377 4245 νικῶσαν
2391 4192 2590 4256 αὐτοὺς
2607 4191 2884 4264 ἁμαρτίαν
2900 4191 3026 4264 ἄρτι
3045 4191 3123 4263 τῷ
3148 4191 3359 4263 σημείῳ
3382 4190 3475 4245 τοῦ
3499 4208 3635 4245 σταυ
3645 4193 3753 4259 ροῦ

444 4298 554 4351 que
592 4283 819 4338 habent.
849 4281 916 4336 Et
963 4298 1096 4338 sane
1121 4283 1497 4354 virginitatem
1525 4296 1691 4352 quam
1729 4281 1860 4337 olim
1909 4296 2034 4337 esse

2157 4285 2399 4350 νικῶντες
2449 4285 2725 4349 παίζουσι.
2784 4285 2897 4340 Kal
2949 4284 3058 4357 γὰρ
3093 4284 3453 4349 ἀπιστοῦντες
3495 4284 3637 4349 ὅλως
3675 4290 3751 4359 τῇ

443 4391 559 4434 non
587 4376 909 4443 credebant,
944 4376 1092 4447 quod
1119 4393 1232 4433 non
1281 4391 1447 4447 posse
1478 4383 1737 4447 putarent
1768 4375 2031 4430 virtutem

2157 4376 2405 4449 ταρθενίᾳ
2425 4417 2440 4441 ,
2483 4377 2577 4430 καὶ
2604 4376 2864 4430 ἀδύνατον
2895 4372 3035 4429 εἶναι
3062 4375 3314 4442 λέγοντες
3343 4377 3401 4429 ἐν
3424 4372 3754 4446 ἀνθρώποις

445 4467 763 4538 hujusmodi
798 4468 857 4523 in
891 4468 1211 4525 hominibus
1271 4468 1539 4539 reperiri;
1592 4468 1649 4523 in
1685 4466 2031 4523 Salvatorem

2157 4468 2339 4540 ταύτην
2369 4468 2723 4541 εὑρίσκεσθαι
2755 4469 2855 4540 τὴν
2880 4468 3105 4540 ἀρετὴν,
3147 4466 3540 4530 πιστεύσαντες
3563 4466 3647 4538 τῷ
3680 4470 3754 4524 ἐκ

443 4565 635 4628 postea
665 4556 955 4614 credentes
980 4574 1049 4613 ex
1079 4558 1309 4631 Virgine
1344 4569 1556 4627 natum,
1605 4575 1718 4614 non
1748 4558 1914 4613 modo
1934 4574 2032 4613 ex-

2157 4560 2415 4633 ]αρθένου
2438 4560 2677 4631 Σωτῆρι,
2698 4560 2760 4614 οὐ
2791 4560 2950 4631 μόνον
2980 4558 3455 4629 ἐπιγινώσκουσιν,
3478 4557 3620 4611 ἀλλά
3644 4562 3752 4614 καὶ

441 4651 641 4707 sistere
694 4651 950 4717 credunt,
1008 4652 1119 4709 imo
1169 4668 1300 4709 vero
1343 4652 1463 4724 .ipsi
1502 4654 1754 4709 eamdem
1818 4652 2029 4718 colunt,

2157 4654 2292 4706 u’rrol
2318 4652 2524 4724 ταύτην
2558 4653 2966 4725 πολιτευόμενοι
2993 4693 3007 4718 ,
3050 4651 3408 4706 ἀπιστοῦνται
3439 4651 3595 4721 παρά
3624 4655 3751 4717 τοῖς

440 4742 591 4814 quod
628 4750 814 4799 tamen
847 4743 1055 4799 ethnici
1086 4744 1179 4815 qui
1212 4745 1395 4800 adhuc
1441 4745 1499 4800 in
1545 4745 1859 4802 idololatria
1905 4760 2033 4816 pcr-

2157 4745 2217 4798 ἱτι
2259 4744 2466 4799 ἔθνεσιν
2505 4744 2942 4816 εἰδωλολάτραις.
3019 4744 3143 4797 Ἐπὶ
3175 4742 3385 4806 τούτοις
3426 4741 3483 4795 δὲ
3516 4742 3747 4814 ήργησε

437 4833 933 4904 manent,fcredere
961 4834 1177 4890 nolunt.
1208 4834 1292 4890 Ad
1328 4835 1469 4901 haec,
1497 4836 1686 4891 omnia
1719 4836 1831 4906 jam
1861 4850 2031 4890 vene-

2157 4839 2289 4893 τᾶσα
2324 4838 2422 4909 μὲν
2458 4836 2813 4910 φαρμακεία,
2851 4839 3002 4891 πᾶσα
3036 4836 3093 4889 δέ
3129 4835 3333 4907 μαγεία
3362 4835 3746 4907 κατήργηται,

439 4924 563 4981 ticia
584 4939 897 4991 cessavere,
920 4925 1102 4980 omnis
1135 4925 1316 4995 magia
1337 4924 1565 4989 abolita,
1601 4925 1863 4981 universa
1883 4925 2030 4981 Grae-

2157 4931 2230 4985 ιαὶ
2270 4932 2419 4986 πᾶσα
2445 4929 2554 4983 τῶν
2592 4930 2859 5002 Ἐλλήνων
2898 4928 3225 5001 μεμώραται
3250 4927 3432 4997 σοφία.
3496 4927 3587 4981 Ἐν
3621 4930 3746 5002 γὰρ

438 5031 632 5072 corum
674 5016 945 5072 infatuata
1003 5016 1274 5088 sapientia
1322 5024 1428 5073 est.
1471 5017 1533 5072 In
1570 5016 1773 5073 divinis
1802 5018 2025 5088 quippe,

2157 5024 2246 5086 τοῖς
2280 5020 2446 5085 θείοις
2478 5021 2591 5094 (51)
2614 5061 2627 5087 ,
2661 5022 2722 5075 ού
2750 5022 2955 5091 λόγων,
3006 5021 3119 5075 ἀλλ’
3152 5020 3332 5094 ἔργων
3373 5018 3491 5072 ἐστὶ
3532 5020 3745 5091 χρείαο

435 5122 548 5165 non
567 5108 775 5174 verbis,
800 5109 894 5164 sed
919 5108 1078 5165 factis
1100 5117 1185 5165 est
1206 5124 1345 5179 opus
1378 5128 1391 5164 :
1428 5125 1605 5180 neque
1644 5111 2026 5180 pronuntiatio

2157 5116 2227 5170 :al
2251 5115 2349 5186 οὐχ
2379 5116 2411 5187 ή
2443 5113 2699 5189 προφορά
2735 5115 2835 5185 τῆς
2871 5114 3119 5187 γλώττης
3145 5154 3162 5180 ,
3209 5112 3326 5168 ἀλλ’
3358 5115 3391 5185 ἡ
3424 5112 3525 5183 τῆς
3549 5112 3748 5186 ψυχῆς

436 5199 657 5271 linguae,
684 5200 782 5256 sed
814 5201 1014 5257 anima:
1064 5200 1294 5257 allectus
1343 5200 1591 5272 prodest.
1645 5200 1820 5257 Graeci
1854 5203 2025 5273 igitur

2157 5206 2370 5271 itaOSGL;
2386 5206 2608 5277 ὠφελεῖ.
2643 5208 2706 5260 Οἰ
2727 5206 2858 5277 γοῦν
2878 5207 3138 5279 Ἕλληνες
3161 5206 3222 5260 οὐ
3245 5202 3746 5275 καταλαμϐάνουσι

2134 5300 2314 5367 λόγοις
2339 5300 2542 5365 ταῦτα,
2574 5300 2611 5356 ἃ
2630 5304 2698 5373 τῇ
2728 5300 2911 5354 πίστει
2940 5300 3257 5374 Χριστιανοὶ
3283 5298 3702 5352 ἐπιδείκνυνται
3724 5314 3742 5330 ο

2134 5393 2229 5446 καὶ
2253 5391 2289 5447 ἃ
2309 5392 2593 5465 ἐνεργοῦσι
2620 5393 2802 5464 λόγοις
2827 5394 2877 5447 οἰ
2907 5392 3093 5465 μάγοι,
3111 5391 3285 5447 ταῦτα
3308 5390 3446 5464 (52),
3475 5389 3747 5445 σιωπών-

435 5292 618 5349 verbis
643 5308 752 5348 non
778 5297 1089 5366 percipiunt
1118 5311 1183 5351 ea
1224 5311 1349 5367 quze
1401 5294 1507 5351 ﬁde
1536 5295 1842 5377 Christiani
1865 5296 2026 5352 exhi-

403 5444 409 5449 ,
435 5383 563 5440 bent
587 5400 600 5436 :
625 5396 679 5441 et
710 5404 832 5458 qua:
862 5389 1048 5445 verbis
1072 5389 1219 5460 magi
1257 5388 1518 5455 cilicium,
1557 5390 1694 5456 haec,
1728 5390 2022 5448 silentibus

505 5542 527 5575 ‘
562 5540 667 5599 Job
698 5561 832 5612 vm,
875 5546 963 5603 17.
1038 5546 1063 5579 ⁸
1096 5547 1140 5602 ll
1170 5548 1299 5603 Cor.
1336 5563 1468 5614 vm,
1505 5548 1556 5605 9.

2226 5701 2316 5757 δυ
2354 5701 2711 5772 Anglicanus,
2745 5705 2859 5766 τοῖς
2881 5702 3042 5767 θεοῖς.

2223 5773 2312 5843 52)
2351 5770 2925 5850 li_i_§\_nglicano_haec,
2972 5772 3217 5850 caiisa...
3243 5775 3371 5845 περὶ
3396 5772 3741 5850 ἀθανασίας,

2129 5842 2353 5904 ὰεευηῑ.
2382 5842 2612 5909 lbidein,
2642 5842 2871 5906 Regius.
2900 5846 3280 5902 καταργεῖται.

658 5699 883 5778 ῌθείμε,
913 5706 979 5774 τῇ
1014 5704 1228 5778 ἐκείνου
1257 5706 1523 5778 πτωχείᾳ.

506 5770 617 5850 gf?)
670 5770 812 5850 :Aat6_
834 5770 988 5829 deest
1026 5775 1081 5828 in
1108 5770 1411 5850 Basiliensi'
1432 5770 1486 5834 et
1514 5776 1838 5850 Anglicano.

504 5840 617 5908 (50)
654 5841 1011 5910 Anglicanus.
1036 5845 1275 5912 τούτους.
1603 5840 1629 5850 ⁷
1831 5848 1845 5868 ·’
1968 5890 1999 5911 ρ
