3890 6200
179 403 287 460 937

1156 436 1159 439 -
1268 399 1358 454 DE
1396 393 1742 457 PASSIONE
1780 399 1868 457 ET
1908 397 2148 456 CRUCE
2185 394 2452 455 DOMINI.

3382 398 3499 462 258

179 520 494 595 ωνὴμῶν,
524 519 606 593 τῷ
632 518 851 593 σημείῳ
877 519 973 573 τοῦ
1000 517 1238 592 σταυροῦ
1266 522 1629 592 καταργεῖται
1649 536 1663 551 ο
1692 520 1778 574 κα]

1890 517 2079 584 nobis,
2131 518 2290 591 signo
2317 518 2505 575 crucis
2546 528 2893 576 evanescunt
2925 535 2940 573 :
2978 519 3112 576 item
3151 535 3274 592 quae
3293 520 3362 577 de
3382 522 3486 578 im-

179 614 217 671 ἃ
239 613 649 686 ἀμφιῦάλλουσι
678 613 810 683 περὶ
841 611 1175 679 ἀθανασίας,
1200 608 1385 667 ταῦτα
1425 614 1474 665 oi
1506 612 1784 685 μάρτυρες

176 707 270 762 τοῦ
288 704 535 779 Χριστοῦ
560 709 621 759 οὺ
645 705 826 775 λόγοις
841 744 857 771 ,
886 704 1001 759 ἀλλ’
1023 704 1207 776 ἔργοις
1226 705 1628 759 ἐπιδείκνυνται
1648 720 1662 735 ⁸
1689 705 1786 759 καὶ

176 800 305 872 περὶ
333 795 408 874 ἦς
430 796 747 864 διστάζουσι
767 796 1069 871 παρθενίας
1093 798 1145 851 οἱ
1181 797 1346 868 μάγοι
1374 796 1488 868 (55)
1508 836 1524 862 ,
1558 796 1786 851 καὶτῶν

186 890 462 962 Ἑλλήνιον
484 889 795 961 φιλόσοφοι,
826 888 1031 960 ταύτην
1060 890 1125 941 ἐν.
1152 886 1378 960 Χριστῷ
1405 887 1501 941 καὶ
1524 890 1785 957 γυναῖκες

173 981 583 1039 ἐπιδείκνυνται
602 997 618 1012 ·
648 980 749 1035 καὶ
779 975 863 1044 οἷς
892 978 1144 1050 εὔχονται
1186 978 1439 1050 δαίμοσιν
1464 1018 1479 1033 .
1510 978 1588 1042 ὼς
1616 977 1781 1043 θεοῖς,

171 1072 399 1137 τούτους
425 1073 525 1127 καὶ
550 1072 741 1126 παιδία
770 1074 830 1127 ἐν
865 1070 1088 1142 Χριστῷ
1115 1071 1394 1124 διώκουσι.
1442 1069 1557 1124 Καὶ
1588 1069 1727 1133 ὅλως
1754 1071 1784 1124 6

174 1165 543 1239 χριστοφόρος
583 1167 727 1238 ἀνὴρ
761 1167 839 1231 ὡς
887 1165 1020 1229 Θεός
1052 1167 1202 1218 ἐστιν
1232 1164 1325 1216 ἐπὶ
1349 1164 1455 1234 γῆς
1476 1206 1491 1230 ,
1533 1167 1648 1228 τοῖς
1683 1164 1782 1235 μέν

172 1256 488 1331 ἀνθρώποις
520 1257 845 1324 ἀνεξίκακος
875 1259 1170 1327 γενόμενος
1189 1297 1204 1322 ,
1254 1256 1389 1309 πᾶσι
1435 1255 1493 1307 δέ
1512 1294 1529 1321 ,
1575 1255 1652 1319 ὡς
1684 1256 1782 1309 σὺν

173 1350 309 1422 ἡλίῳ
340 1349 662 1422 περιπολῶν
684 1390 699 1413 ,
746 1350 840 1404 τὸν
872 1349 1125 1422 οὐράνιον
1160 1346 1608 1418 ἐπιδεικνύμενος
1642 1347 1778 1418 βίον.

239 1444 335 1497 ⁵51.
380 1443 520 1496 Ἰδοὺ
568 1442 627 1496 ἓν
660 1441 821 1495 τοῦτο
848 1441 942 1495 τοῦ
987 1441 1222 1511 σταυροῦ
1257 1440 1592 1512 κατόρθωμα
1614 1456 1627 1469 ο
1670 1440 1780 1495 ἰδοὺ

170 1536 345 1591 ταῦτα
371 1534 679 1606 πεποίηκεν
713 1536 742 1589 ὁ
768 1534 998 1597 θάνατος
1019 1533 1113 1587 τοῦ
1144 1533 1420 1605 Σωτῆρος.
1453 1533 1529 1586 Ού
1555 1532 1664 1605 γὰρ
1688 1533 1791 1587 άν-.

172 1627 394 1700 θρώπου
432 1625 555 1680 ἐστὶ
581 1625 645 1678 τὺ
667 1625 849 1697 ἔργον,
880 1623 1016 1678 ἀλλὰ
1046 1624 1203 1681 Θεοῦ.
1240 1626 1353 1679 Καὶ
1379 1623 1470 1677 διὰ
1499 1625 1658 1679 τοῦτο
1684 1623 1783 1678 πέ-

172 1719 373 1773 πονθεν
400 1719 482 1782 ὡς
504 1716 819 1789 ἄνθρωπος,
849 1718 937 1771 ἵνα
956 1719 1070 1780 τοῖς
1090 1715 1402 1789 ἀνθρώποις
1419 1716 1502 1770 ’τὰ
1527 1715 1669 1787 ὑπὲρ
1687 1715 1783 1770 ἄν·

173 1811 394 1884 θρωπον
428 1810 527 1863 καὶ
566 1810 687 1863 θεῖα
713 1809 1032 1880 χαρίσηται.
1066 1807 1243 1860 Αὑτοῦ
1276 1808 1408 1876 γοῦν
1437 1809 1555 1861 ἐστι
1585 1806 1656 1861 τὰ
1683 1805 1781 1860 νῦν

1887 611 2224 668 mortalitate
2246 612 2301 666 in
2332 611 2561 667 dubium
2593 618 2818 677 vocant,
2866 611 2984 667 haec
3031 621 3303 685 martyres
3324 613 3484 670 Chri-

1888 705 1980 770 sti,
2007 720 2120 760 non
2149 706 2358 771 verbis,
2394 704 2491 761 sed
2514 705 2778 775 operibus
2822 705 3124 762 exhibent:
3152 717 3207 763 et
3254 708 3324 764 de
3374 723 3485 777 qua

1886 797 2208 868 virginitate
2237 799 2385 871 magi
2414 808 2469 855 et
2489 780 2665 853 Graeci
2698 798 3014 870 philosophi
3030 800 3323 867 dubitant;
3340 801 3488 859 hanc

1886 888 1947 943 in
1975 888 2199 946 Christo
2223 892 2486 948 mulieres
2522 893 2713 949 colunt
2746 900 2842 946 :et
2873 891 3077 960 quibus
3119 892 3482 957 daemonibus,

1887 988 1949 1037 ut
1971 982 2081 1039 diis
2103 983 2185 1039 illi
2212 985 2554 1055 supplicant,
2587 1002 2685 1043 eos
2710 985 2930 1057 pueruli
2953 985 3010 1040 in
3037 984 3262 1041 Christo
3285 1002 3481 1056 perse-

1885 1082 2155 1146 quuntur.
2217 1075 2447 1131 Demum
2506 1079 2593 1133 vir
2626 1080 2721 1149 qui
2777 1078 3060 1135 Christum
3090 1088 3288 1150 gestat,
3321 1077 3482 1149 quasi

1885 1163 2033 1222 Deus
2062 1175 2149 1223 est
2183 1168 2238 1221 in
2266 1176 2435 1232 terra,
2458 1185 2587 1240 erga
2632 1171 2886 1229 homines
2918 1171 3143 1242 quidem
3185 1170 3402 1241 patiens
3428 1176 3487 1226 et

1882 1265 2209 1313 mansuetus
2240 1274 2252 1309 :
2289 1268 2365 1324 et,
2394 1274 2460 1314 ac
2493 1261 2541 1314 si
2572 1276 2698 1315 cum
2728 1261 2845 1317 sole
2872 1263 3087 1317 circum
3117 1261 3301 1316 omnia
3323 1276 3487 1334 gyra—

1882 1356 1989 1414 ret,
2017 1350 2278 1406 omnibus
2301 1351 2582 1407 caelestem
2617 1353 2841 1409 exhibet
2861 1354 3054 1409 vitam.

1952 1442 2042 1498 5|.
2075 1442 2157 1498 En
2196 1445 2298 1499 tibi
2330 1461 2502 1499 unum
2543 1462 2613 1503 ex
2645 1447 2928 1516 praeclaris
2974 1448 3163 1502 crucis
3214 1445 3483 1503 facinori-

1882 1532 1988 1589 bus
2018 1533 2185 1605 ιλιιωο
2213 1549 2366 1591 mors
2394 1535 2575 1591 eﬂ‘ecit
2598 1536 2924 1593 Salvatoris.
2953 1536 3315 1608 Nequaquam
3333 1537 3483 1593 enim

1882 1623 2124 1693 hominis
2140 1635 2227 1682 est
2246 1642 2409 1698 opus,
2436 1628 2533 1683 sed
2564 1627 2683 1684 Dei.
2719 1632 2899 1699 Atque
2920 1628 3046 1685 ideo
3075 1639 3137 1685 ut
3159 1630 3326 1688 homo
3352 1645 3484 1702 pas-

1883 1731 1980 1771 sus
2002 1725 2108 1783 est,
2138 1725 2199 1772 ut
2233 1719 2557 1775 hominibus
2587 1736 2710 1791 qum
2763 1736 2933 1792 supra
2984 1722 3269 1778 hominem
3297 1730 3354 1777 et
3396 1722 3487 1778 di-

1883 1808 2011 1862 vina
2072 1817 2224 1875 sunt,
2287 1812 2603 1881 largiretur.
2671 1811 2826 1867 Illius
2871 1828 3004 1884 ergo
3026 1820 3157 1868 sunt
3217 1813 3484 1883 praeclara

172 1905 226 1955 ἐν
255 1900 576 1973 ἀνθρώποις
606 1900 1031 1974 κατορθώματα.
1090 1899 1212 1953 Κᾶν
1243 1898 1354 1971 γὰρ
1388 1899 1601 1963 Παῦλος
1620 1899 1777 1970 λαλῇ,

1884 1910 2058 1974 gesta,
2099 1919 2221 1975 qua:
2243 1903 2388 1974 apud
2443 1903 2697 1960 homines
2745 1905 2862 1975 jam
2924 1907 3192 1965 emicant.
3244 1906 3381 1961 Nam
3434 1906 3484 1962 si

170 1983 309 2048 ἀλλὰ
335 1994 579 2066 Χριστός
606 1998 754 2049 ἐστιν
780 1997 839 2048 ἐν
865 1994 978 2065 (54)
1009 1992 1159 2063 αὐτῷ
1190 1991 1398 2046 λαλῶψ
1431 1993 1537 2048 κᾶν
1567 1993 1781 2065 μεγάλα

169 2087 264 2139 καὶ
284 2086 587 2158 θαυμαστὰ
616 2089 743 2159 ποιῇ
762 2128 775 2152 ,
800 2086 916 2142 ἀλλ’
940 2088 974 2157 ἡ
999 2086 1095 2140 τοῦ
1117 2085 1358 2159 Χριστοῦ
1384 2087 1546 2157 χάρις
1572 2088 1721 2141 ἐστὶν
1745 2089 1780 2160 ἡ

167 2177 343 2232 ταῦτα
373 2178 682 2251 ἐνεργοῦσα
701 2196 716 2209 ο
740 2180 839 2232 καὶ
857 2177 953 2232 ἐὰν
977 2180 1059 2243 είς
1088 2180 1300 2243 πάντας
1326 2177 1565 2249 ἔφθασεν
1587 2180 1622 2250 ἡ
1652 2180 1783 2249 περὶ

168 2268 304 2324 Θεοῦ
332 2270 565 2340 γνῶσις,
600 2271 716 2325 ἀλλ’
739 2272 841 2326 οὐκ
869 2270 1177 2344 ἀνθρώπων
1202 2272 1352 2326 ἐστὶν
1373 2274 1407 2344 ἡ
1435 2271 1779 2338 διδασκαλία,

168 2362 285 2417 ἀλλ’
300 2364 475 2417 αὑτοῦ
493 2363 590 2418 τοῦ
611 2365 787 2434 Λόγου
805 2364 1143 2429 καταϐάντος
1170 2365 1393 2437 μεσίτου
1414 2363 1551 2420 Θεοῦ
1571 2366 1667 2419 καὶ
1688 2366 1783 2419 ἁν-

169 2454 430 2529 θρώπων.
449 2456 625 2510 Τοῦτο
639 2457 748 2527 γὰρ
760 2457 1090 2529 γέγραπται,
1110 2456 1138 2510 ὃ
1153 2460 1202 2511 οἱ
1231 2457 1478 2511 Ἰουδαῖοι
1500 2458 1599 2529 μὲν
1618 2456 1781 2512 ἐσιώ-

168 2562 353 2619 πησαν
377 2550 574 2615 πάλαι,
597 2550 725 2621 άρτι
754 2550 814 2604 δὲ
846 2550 1226 2623 πληρούμενον
1253 2550 1444 2622 ὁρῶσν
1470 2550 1781 2624 γέγραπται

168 2638 275 2711 γὰρ
293 2682 309 2705 ,
339 2642 426 2694 ὅτι
461 2659 482 2693 ι
510 2642 769 2695 Ἔσονται
793 2641 995 2705 πάντες
1013 2642 1257 2696 διδακτοὶ
1285 2642 1447 2709 Θεοῦ,
1476 2662 1494 2694 ι
1529 2643 1781 2715 καθάπερ

169 2732 260 2785 καὶ
280 2734 312 2785 ὁ
352 2733 634 2805 Ἱερεμίας
660 2735 811 2803 λέγει
830 2754 842 2766 ·
875 2755 895 2787 ι
930 2735 1063 2789 Ἰδοὺ
1092 2736 1298 2808 ἡμέραι
1328 2736 1607 2808 ἔρχονται,
1631 2738 1780 2807 λέγει

166 2826 413 2897 Κύριοςο
437 2846 458 2879 ι
520 2828 616 2880 καὶ
646 2827 900 2899 ἐπιφέρει
948 2827 1123 2896 λέγων
1149 2843 1163 2857 ⁸
1192 2844 1213 2879 ι
1237 2828 1349 2881 Καὶ
1381 2829 1442 2881 οὐ
1475 2829 1549 2900 μὴ
1580 2827 1781 2893 διδάξει

168 2918 403 2983 ἕκαστος
426 2918 521 2972 τὸν
552 2920 781 2991 πλησίον
807 2918 971 2973 αὐτοῦ
999 2920 1094 2973 καὶ
1120 2920 1350 2985 ἕκαστος
1374 2921 1488 2993 (55)
1510 2921 1602 2975 τὸν
1629 2921 1782 2976 ἀδελ-

169 3012 265 3080 φὸν
288 3009 450 3081 αὐτῷ
471 3009 648 3077 λέγων
667 3028 681 3042 ·
728 3010 902 3065 Γνῶθι
922 3012 1012 3066 τὸν
1044 3011 1272 3084 Κύριον⁸
1298 3014 1382 3067 ὅτι
1404 3014 1609 3078 πάντες
1634 3013 1780 3086 εἰδή-

171 3103 322 3155 σουσί
360 3119 432 3173 με
468 3102 579 3155 ἀπὸ
611 3103 810 3175 μικροῦ
838 3103 943 3167 ἕως
977 3105 1216 3175 μεγάλου
1253 3105 1466 3171 αὐτῶν,
1509 3107 1590 3160 ὅτι
1614 3107 1780 3171 ἵλεως

170 3193 372 3265 ἔσομαι
396 3195 525 3258 ταῖς
549 3194 785 3259 ἀδικίαις
811 3194 1011 3250 αὐτῶν.
1035 3215 1054 3249 ι
1090 3197 1189 3262 Τίς
1217 3197 1328 3270 γάρ
1355 3200 1506 3253 ἐστιν
1533 3202 1561 3253 6
1581 3200 1639 3252 ἐν
1667 3203 1780 3265 τοῖς

169 3286 413 3350 εἰδώλοις
448 3288 824 3353 κατανύττων,
861 3290 909 3341 εί
947 3290 1021 3360 μὴ
1050 3290 1078 3342 ὁ
1107 3289 1342 3362 Κύριος;
1387 3291 1483 3345 καὶ
1514 3292 1600 3355 τίς
1631 3294 1661 3345 6
1684 3294 1779 3346 άν-

170 3378 318 3447 ἀγων
342 3379 461 3451 (56)
486 3380 688 3444 αὐτοὺς
712 3381 921 3436 ἐκεῖθεν
939 3382 1020 3436 ἔτι
1052 3383 1400 3449 δουλεύοντας
1432 3384 1695 3451 είδώλοις,
1727 3388 1778 3440 εί

172 3472 245 3544 μὴ
270 3473 443 3536 αὐτὸς
471 3473 501 3524 6
532 3473 792 3544 Χριστὸς,
826 3478 855 3529 6
879 3474 1053 3544 λέγων
1076 3494 1089 3506 ⁸
1126 3495 1146 3529 ι
1171 3478 1341 3532 Ὅταν
1374 3478 1574 3549 ὑψωθῶ
1596 3518 1611 3544 ,
1635 3479 1774 3533 πάν-

168 3579 266 3627 τας
303 3563 530 3618 ἑλκύσω
559 3564 700 3634 πρὸς
726 3567 989 3637 ἐμαυτόν;
1020 3588 1039 3620 ι
1088 3569 1160 3623 Τὸ
1185 3569 1295 3641 γάρ
1325 3568 1628 3642 παράδοξόν
1658 3574 1776 3626 ἐστι

167 3654 351 3719 τοῦτο,
382 3656 493 3720 ὅτι,
516 3654 598 3708 ἔτι
626 3655 739 3728 (57)
781 3657 1139 3715 δουλευόντων
1175 3661 1356 3717 αὐτῶν
1386 3662 1649 3729 εἰδώλοις,
1699 3663 1778 3718 δι-

169 3748 453 3817 ανοίγεται
478 3747 684 3803 τούτων
699 3752 728 3803 6
744 3750 868 3815 νοῦς
881 3752 983 3824 τῆς
1003 3753 1187 3825 ψυχῆς
1207 3755 1283 3820 ώς
1303 3755 1365 3809 τὸ
1384 3759 1547 3822 νοεῖν,
1573 3757 1656 3810 ὅτι
1683 3756 1778 3820 οὒς

174 3843 271 3912 μὲν
305 3842 567 3914 ἐνόμιζον
597 3844 766 3898 πάλαι
801 3843 977 3912 θεοὺς,
1008 3846 1143 3913 ξύλα
1177 3848 1273 3901 καὶ
1304 3847 1489 3912 λίθους
1518 3846 1692 3903 εἶναι’
1717 3830 1777 3903 ὃν

169 3933 226 3985 δὲ
276 3933 583 4004 ἐχλεύαζον
628 3939 1041 4009 ἐσταυρωμένον
1065 3979 1080 4004 ,
1120 3939 1307 3995 τοῦτον
1334 3942 1436 3995 ούκ
1466 3941 1799 4014 ἄνθρωπον,.

171 4024 308 4078 ἀλλὰ
342 4026 494 4083 Θεὸν,
514 4027 901 4097 ἐπιγινώσκειν
925 4031 1059 4105 (58).
1096 4033 1208 4087 Νοῦ
1241 4033 1298 4086 δὲ
1328 4033 1650 4098 διδάσκαλος
1677 4035 1779 4087 οὐκ

173 4116 467 4189 ἄνθρωπός
515 4121 697 4186 ἐστιν,
754 4122 866 4175 ἀλλ’
899 4124 928 4176 6
965 4123 1057 4177 τὸν
1084 4123 1210 4178 νοῦν
1244 4125 1405 4196 μόνος
1447 4125 1590 4197 ὁρῶν
1618 4125 1773 4189 Θεός.

172 4209 432 4283 Πακάριε
459 4211 681 4284 ἀληθῶς
714 4215 810 4267 κα)⁸
858 4216 1089 4280 ζωοποιὲ
1126 4217 1326 4290 σταυρέ
1359 4217 1454 4271 τοῦ
1486 4219 1738 4290 Σωτῆρος
1758 4235 1773 4249 ·

172 4301 258 4355 τὸν
292 4304 401 4374 μὲν
426 4303 664 4358 θάνατον
685 4304 1093 4379 ἐθριάμϐευσας
1115 4349 1130 4373 ,
1178 4310 1270 4363 τὸν
1301 4309 1360 4362 δὲ
1392 4309 1583 4365 τοῦτον
1612 4309 1778 4363 κατέ-

173 4414 333 4466 χοντα
359 4396 618 4452 διάϐολον
657 4399 888 4463 ἀνεῖλες.
915 4400 1039 4454 Θεῖε
1066 4400 1229 4470 Λόγε,
1255 4402 1351 4456 καὶ
1376 4401 1593 4474 άληθῶς
1614 4401 1776 4473 σοφία

172 4486 264 4540 τοῦ
289 4488 545 4560 Πατρός·
576 4488 641 4542 σὺ
667 4490 762 4543 καὶ
789 4489 885 4544 τοῦ
907 4490 1213 4562 πανούργου
1231 4491 1292 4544 τὺ
1320 4491 1612 4562 πρόσωπον
1640 4491 1779 4545 ἔδει·

1883 1995 2090 2053 Paulus
2142 1997 2451 2068 loquatur,
2508 1995 2770 2054 Christus
2826 1997 2885 2052 in
2927 1998 3051 2068 ipso
3110 1998 3398 2069 loquitur:
3435 1998 3487 2055 si

1884 2102 2083 2159 magna
2114 2096 2168 2143 et
2199 2087 2476 2143 mirabilia
2505 2088 2929 2158 perpetraverit,
2954 2087 3162 2145 Christi
3193 2090 3373 2161 gratia
3398 2098 3486 2145 est

1886 2195 2010 2251 quae
2035 2179 2168 2233 talia
2197 2190 2460 2249 operatur
2490 2197 2506 2235 :
2535 2188 2590 2235 et
2617 2181 2665 2234 si
2715 2181 2772 2234 in
2815 2196 3012 2237 omnes
3062 2182 3368 2252 permeavit
3387 2180 3485 2238 Dei

1884 2271 2154 2343 cognitio,
2183 2286 2295 2325 non
2320 2271 2611 2326 hominum
2638 2279 2723 2328 est
2750 2273 2864 2343 80
2897 2274 3171 2343 ejusmodi
3205 2274 3482 2340 doctrina,

1886 2364 1984 2421 sed
2039 2365 2217 2435 ipsius
2261 2365 2651 2421 descendentis
2692 2364 2879 2432 Verbi,
2939 2366 3260 2423 mediatoris
3302 2366 3400 2422 Dei
3425 2378 3484 2424 et

1884 2458 2193 2514 hominum.
2236 2458 2354 2513 Hoc
2401 2460 2549 2514 enim
2614 2458 2884 2530 scriptum
2933 2468 3040 2524 est,
3099 2459 3248 2530 quod
3308 2458 3484 2515 Judmi

1885 2550 2106 2623 quidem
2139 2552 2271 2606 olim
2306 2551 2603 2617 reticuere,
2628 2551 2727 2606 sed
2761 2550 2876 2620 jam
2904 2551 3240 2621 completum
3259 2550 3481 2618 vident;

1883 2645 2009 2709 hoc,
2044 2645 2293 2716 inquam,
2352 2644 2620 2713 scriptum
2661 2653 2784 2699 est:
2824 2663 2844 2695 ι
2870 2646 3046 2698 Erunt
3088 2658 3283 2700 omnes
3322 2643 3481 2699 doci-

1883 2739 2022 2793 biles
2061 2737 2161 2794 Dei
2191 2739 2256 2806 5;
2299 2757 2317 2789 ι
2347 2744 2407 2792 ut
2438 2737 2514 2791 ait
2568 2735 2873 2792 Hieremias
2918 2738 3192 2808 propheta
3224 2756 3239 2793 :
3278 2756 3298 2789 ι
3337 2736 3483 2793 Ecce

1883 2829 2001 2885 dies
2026 2830 2279 2894 veniunt,
2303 2828 2440 2883 dicit
2462 2827 2731 2883 Dominus
2765 2846 2781 2895 ;
2823 2847 2842 2881 ι
2870 2843 2936 2883 ac
2960 2826 3160 2882 deinde
3183 2827 3478 2884 subinfert:

1889 2942 1908 2975 ‹
1949 2922 2072 2979 Non
2100 2922 2323 2978 docebit
2350 2920 2588 2992 quisque
2618 2921 2935 2992 proximum
2962 2935 3147 2984 suum,
3174 2921 3482 2991 etquisque

1881 3012 2108 3068 fratrem
2135 3027 2319 3079 suum,
2346 3010 2598 3067 dicentes
2627 3028 2641 3065 :
2675 3010 2961 3081 Cognosce
2982 3008 3277 3065 Dominum
3302 3052 3318 3078 ,
3351 3012 3483 3081 quia

1882 3120 2076 3161 omnes
2110 3120 2200 3160 me
2225 3111 2585 3176 cognoscent,
2632 3118 2663 3157 a
2713 3117 2885 3173 parvo
2908 3118 3085 3173 usque
3108 3103 3176 3157 ad
3211 3118 3477 3173 magnum

1880 3211 2097 3261 eorum,
2138 3195 2271 3267 quia
2319 3197 2594 3267 propitius
2624 3210 2723 3251 ero
2756 3195 3144 3265 iniquitatibus
3163 3210 3354 3250 eorum
3372 3194 3413 3249 ⁸.
3453 3212 3476 3248 ι

1881 3289 2017 3355 Quis
2066 3290 2214 3344 enim
2235 3297 2320 3345 est
2347 3290 2441 3360 qui
2480 3290 2632 3359 ipsos
2691 3288 2838 3342 idola
2900 3287 3148 3343 colentes
3187 3287 3256 3341 ad
3300 3288 3480 3358 poeni-

1879 3384 2112 3437 tentiam
2136 3389 2342 3446 movet,
2376 3382 2489 3437 nisi
2529 3379 2833 3437 Dominus?
2882 3378 2950 3432 Et
2980 3382 3107 3449 quis
3136 3396 3234 3438 eos
3263 3396 3329 3435 ex
3355 3381 3481 3437 ido-

1880 3474 2060 3531 lorum
2086 3476 2355 3530 servitute
2385 3474 2592 3538 educit,
2638 3473 2747 3529 nisi
2776 3473 2896 3542 ipse
2922 3471 3204 3538 Christus,
3227 3475 3324 3543 qui
3346 3476 3425 3528 ait
3461 3490 3479 3529 :

1886 3568 2068 3624 «Cum
2120 3568 2397 3623 exaltatus
2457 3567 2660 3633 fuero,
2723 3584 2918 3624 omnes
2977 3567 3192 3622 traham
3245 3567 3314 3622 ad
3364 3582 3483 3622 me-

1880 3661 2062 3731 ipsum
2079 3661 2162 3714 7?»
2189 3659 2327 3715 Nam
2356 3659 2410 3715 id
2427 3668 2580 3716 certe
2598 3676 2945 3731 summopere
2968 3659 3301 3728 mirandum,
3333 3661 3482 3732 quod

1880 3751 2011 3807 dum
2038 3753 2187 3809 idola
2212 3752 2422 3821 colunt,
2455 3767 2648 3807 eorum
2695 3767 2854 3807 mens
2891 3751 3193 3823 aperiatur,
3222 3760 3282 3806 ut
3312 3752 3478 3807 intel-

1880 3847 2073 3918 ligant,
2109 3860 2251 3917 quos
2271 3846 2403 3901 olim
2439 3844 2574 3901 deos
2613 3845 3054 3910 arbitrabantur,
3082 3846 3232 3916 ligna
3261 3847 3477 3919 etlapi-

1880 3938 1980 3995 des
2032 3954 2158 3995 esse
2190 3955 2202 3990 :
2240 3953 2404 4009 quem
2439 3952 2572 3992 vero
2604 3937 3293 4005 crucilixumirridebant,
3348 3954 3480 3994 eum

1881 4047 1990 4088 non
2030 4030 2333 4095 hominem,
2359 4028 2459 4086 sed
2492 4027 2665 4084 Deum
2700 4036 3024 4100 agnoscant.
3057 4027 3255 4086 Mentis
3288 4038 3474 4087 autem

1880 4124 2146 4195 magister
2178 4137 2290 4176 non
2320 4122 2487 4177 homo
2545 4127 2651 4184 est,
2684 4122 2778 4176 sed
2805 4122 2899 4191 qui
2933 4131 3172 4177 mentem
3208 4123 3363 4179 solus
3395 4124 3475 4178 vi-

1881 4218 1975 4272 det
2003 4216 2169 4271 Deus.
2215 4214 2380 4269 Beata
2434 4228 2567 4269 vere
2621 4221 2678 4268 et
2717 4212 2934 4268 vivifica
2985 4227 3119 4268 crux
3147 4213 3475 4280 Salvatoris,

1881 4322 2005 4379 quae
2037 4306 2107 4362 de
2132 4312 2312 4360 morte
2354 4303 2710 4373 triumphasti
2731 4343 2747 4368 ,
2780 4310 2836 4358 et
2862 4318 2989 4359 eum
3034 4303 3127 4373 qui
3158 4305 3213 4359 iu
3242 4320 3342 4360 sua
3377 4320 3476 4376 po-

1881 4407 2083 4457 testate
2128 4405 2366 4453 mortem
2399 4397 2660 4464 tenebat,
2694 4396 2977 4452 diabolum
3007 4412 3225 4469 nempe,
3284 4406 3476 4455 sustu-

1881 4493 2017 4551 iisti.
2052 4493 2099 4547 0
2128 4491 2379 4545 divinum
2410 4488 2658 4546 Verbum
2702 4496 2759 4543 et
2804 4504 2936 4544 vere
2971 4491 3241 4561 sapientia
3266 4489 3473 4557 Patris,

174 4577 286 4645 ξας,
312 4583 418 4636 καὶ
445 4581 551 4653 τὴν
584 4582 777 4650 πτύξιν
803 4583 897 4637 τοῦ
925 4583 1174 4655 θώρακος
1207 4585 1375 4638 αὐτοῦ
1408 4585 1735 4656 ἐγύμνωσας
1757 4602 1770 4616 ·

1884 4594 1940 4641 ιιι
1960 4586 2171 4641 versuti
2201 4584 2351 4639 illius
2374 4583 2572 4638 faciem
2606 4581 2902 4639 ostendisti
2938 4623 2953 4647 ,
2990 4591 3047 4637 et
3078 4583 3252 4653 plicas
3285 4594 3477 4653 pecto-

170 4674 312 4729 ὥστε
342 4677 444 4729 καὶ
474 4677 629 4747 ἡμᾶς
674 4676 857 4746 λέγειν
877 4695 890 4707 υ
934 4695 952 4728 ι
977 4678 1053 4730 Οὐ
1083 4678 1190 4750 γὰρ
1227 4676 1391 4731 αὑτοῦ
1424 4677 1495 4731 τὰ
1524 4679 1774 4749 νοήματα

169 4762 507 4834 ἀγνοοῦμεν.
538 4782 561 4816 ι
591 4764 947 4837 Φιλάνθρωπε
972 4766 1067 4820 καὶ
1091 4766 1266 4836 ἀγαθὲ
1287 4768 1556 4821 Δέσποτα·
1593 4768 1657 4820 σὺ
1680 4769 1773 4822 καὶ

170 4855 563 4928 αἰχμαλώτους
589 4860 737 4928 ἡμᾶς
763 4857 923 4923 ὄντας
956 4858 1267 4931 ἐλυτρώσω,
1302 4860 1396 4915 καὶ
1421 4858 1773 4924 δουλεύοντας

169 4954 237 5022 τῇ
271 4951 528 5024 ἁμαρτία
549 4992 565 5016 ,
602 4950 690 5005 διὰ
712 4951 809 5005 τοῦ
840 4951 1071 5007 θανάτου
1111 4953 1244 5007 ἰδίου
1266 4992 1281 5016 ,
1312 4952 1489 5024 Κύριε
1512 4951 1776 5022 ,ἠλευθέ-

174 5061 381 5114 ρωσας.
446 5044 685 5114 Οἴδαμεν
716 5043 827 5115 γάρ
849 5085 865 5108 ,
916 5046 999 5098 ὅτι
1044 5044 1500 5117 ἠλευθερώθημεν
1533 5045 1642 5098 ἀπὸ
1669 5044 1773 5115 τῆς

172 5140 475 5211 ἁμαρτίας.
505 5139 828 5211 Εἰρηνοποιὲ
854 5138 1068 5211 άληθῶς
1102 5139 1214 5210 (59)
1236 5139 1333 5191 Υἱέ
1361 5137 1458 5191 τοῦ
1487 5136 1651 5191 Θεοῦ’
1705 5139 1769 5192 σὺ

169 5232 265 5285 καὶ
282 5232 388 5303 τὴν
411 5230 689 5285 υἱοθεσίαν
713 5232 845 5302 ἡμῖν
865 5232 1239 5318 άποδέδωκας,
1262 5233 1360 5285 καὶ
1383 5229 1769 5285 ἀποκαταλλά-

1860 4680 1959 4734 -ris
1989 4678 2139 4733 illius
2158 4676 2403 4740 nudasti,
2436 4678 2511 4730 ita
2541 4684 2601 4730 ut
2621 4684 2676 4732 et
2705 4693 2807 4734 nos
2823 4677 3110 4732 dicamus:
3140 4695 3159 4728 σ
3180 4676 3300 4732 Non
3326 4680 3474 4733 enim

1879 4771 2001 4841 ejus
2027 4770 2387 4840 cogitationes
2416 4769 2739 4841 ignoramus
2769 4769 2812 4824 ⁸.
2848 4789 2866 4821 ι
2921 4768 3218 4825 Hominum
3262 4780 3478 4827 amator

1881 4876 1946 4915 ac
1976 4860 2120 4916 bone
2146 4859 2394 4923 Domine,
2425 4868 2484 4914 tu
2504 4874 2610 4915 nos
2643 4860 2892 4930 captivos
2913 4859 3220 4925 redemisti,
3246 4869 3476 4931 peccato

1885 4953 2213 5015 servientes,
2261 4967 2361 5022 per
2395 4951 2675 5022 pr0priam
2727 4959 2994 5017 mortem,
3051 4950 3300 5014 Domine,
3335 4952 3475 5007 libe-

1853 5044 2038 5099 .rasti.
2083 5041 2305 5097 Scimus
2321 5043 2468 5097 enim
2518 5056 2622 5096 nos
2646 5049 2931 5111 apeccato
2967 5041 3143 5098 fuisse
3187 5042 3471 5098 liberatos.

1880 5134 1926 5191 Ο
1958 5150 2084 5190 vere
2116 5135 2270 5206 pacis
2296 5134 2624 5190 conciliator
2688 5132 2797 5187 Fili
2841 5133 2938 5188 Dei
2970 5174 2985 5198 ,
3019 5144 3077 5187 tu
3124 5133 3473 5205 adoptionem

1880 5229 2119 5285 ﬁliorum
2144 5228 2347 5284 dedisti
2379 5227 2563 5293 nobis,
2594 5227 3085 5298 reconciliatisque
3128 5227 3291 5283 nobis
3322 5225 3475 5282 Patri

240 5389 265 5421 ⁸
300 5390 414 5445 Isa.
450 5404 568 5456 Liv,
604 5388 711 5457 15;
743 5386 902 5444 Joan.
939 5404 1026 5456 vi,
1059 5388 1152 5445 45.
1228 5389 1250 5421 ⁸
1286 5384 1489 5445 Jerem.
1525 5404 1655 5454 xxx,
1694 5387 1758 5442 51

1884 5388 1922 5442 ι.
2002 5386 2023 5419 ⁷
2063 5384 2223 5441 Joan.
2259 5386 2374 5455 ιη’,
2409 5384 2499 5440 52.
2577 5384 2599 5417 ⁸
2638 5383 2685 5439 ll
2714 5383 2843 5441 Cor.
2881 5401 2962 5449 ιι,
3007 5385 3096 5439 Η.

242 5545 356 5687 (53)
396 5544 627 5616 Regius,
651 5548 701 5599 οἱ
728 5546 977 5617 μεγάλοι,
1009 5544 1174 5601 male.

242 5616 334 5687 (54
394 5617 458 5672 In
485 5617 813 5686 Anglicano,
846 5619 903 5670 ἐν
933 5619 1108 5672 deest.

241 5616 356 5760 ἕω)
394 5617 458 5672 In
485 5617 813 5686 Anglicano,
846 5619 903 5670 ἐν
933 5619 1108 5672 deest.

266 5689 357 5760 55)
404 5688 485 5760 Ita
512 5687 746 5758 Regius.
775 5687 836 5760 ιιι
867 5688 1034 5742 editis
1066 5704 1108 5741 v4

1868 5536 1931 5616 τό
1962 5545 2124 5616 νοεῖν,
2155 5541 2253 5616 ρῦς
2285 5542 2407 5616 μέν.
2443 5540 2670 5616 Ibidem.
2702 5539 2849 5616 Edit.
2888 5540 3096 5616 Paris.,
3128 5540 3205 5607 ὠς
3223 5542 3283 5598 τὸ
3310 5546 3471 5600 νοεῖν.

1871 5614 2102 5685 Regius.
2143 5612 2478 5668 ὣστενοεῖν.
2514 5612 2658 5667 Edit.
2696 5614 2969 5669 Commel.
3014 5629 3148 5669 vero
3186 5630 3311 5670 cum
3348 5616 3475 5671 aliis

266 5684 357 5769 5§)
404 5688 485 5769 Ita
509 5684 746 5769 Degius.
775 5687 836 5769 in
867 5688 1034 5769 editis
1066 5702 1219 5756 vero,
1246 5686 1387 5755 haec,
1424 5684 1517 5741 τὸν
1539 5685 1768 5757 πλησίον

1884 5684 2051 5769 ηιξξῶ
2072 5688 2154 5769 εἰς
2189 5685 2252 5766 τὸ
2275 5689 2434 5768 νοείν.

174 5756 361 5824 αὑτοῦ,
382 5759 483 5817 καὶ
508 5756 765 5823 ἕκαστος,
797 5759 1014 5813 desunt.

241 5829 353 5911 (ξιξ)
392 5829 1125 5911 Fissiusmlﬁ‘sééxwt;
1256 5899 1306 5911 ..
1463 5900 1476 5911 .
1579 5896 1605 5908 -

245 5898 358 5975 (57)
399 5898 526 5956 Ἔτι
557 5902 716 5960 deest
742 5903 801 5962 in
825 5900 1039 5973 Anglic.
1076 5898 1203 5958 Mox
1254 5899 1421 5967 idem,
1454 5900 1483 5953 6
1516 5898 1662 5968 νοῦς,
1696 5898 1772 5964 ὡς

1945 5756 2055 5898 ὶξδ)
2075 5756 2471 5840 Begiusprima
2491 5773 2654 5813 manu
2682 5762 2737 5811 et
2761 5755 3001 5837 Anglic.,
3022 5758 3469 5815 ἐπινινὼσκουσι.

1970 5827 2058 5898 59)
2111 5826 2351 5898 Ἀληθως
2388 5828 2543 5886 abest
2572 5829 2638 5886 ab
2672 5827 3000 5898 Anghcano.

1970 5826 2058 5899 59)
2111 5826 2351 5900 Ἀληθῶς
2388 5828 2543 5886 abest
2572 5829 2638 5886 ab
2672 5826 3000 5899 Anglicano.
