3890 6200
389 362 499 421 259

1526 353 1584 410 ε.
1621 349 2093 409 ATHANASIUS.
2134 381 2205 394 —
2241 349 2477 408 DUBIA.

3561 356 3670 412 2ἕο

388 474 870 543 ῑιιο,’ἰιιὶωἰοίιὶειιι
892 475 951 533 in
971 487 1142 530 carne
1160 470 1506 531 destruxisti.
1539 470 1821 528 Ditissime
1848 469 1976 526 Sal-

2084 469 2178 536 ξας
2210 472 2360 543 ἡμᾶς
2389 469 2469 542 τῷ
2502 469 2702 524 σαυτοῦ
2731 469 2931 542 Πατρὶ,
2965 469 3066 544 τὴν
3091 469 3290 543 ἔχθραν
3317 472 3378 526 ὲν
3409 475 3477 546 τῇ
3508 474 3673 545 σαρκὶ

390 576 552 626 vator
575 576 630 625 et
659 583 789 625 vere
833 582 953 635 rex,
978 574 1040 622 tu
1068 581 1308 637 namque
1331 579 1540 636 pauper
1572 563 1758 631 fuisti,
1782 570 1844 620 ut
1875 579 1979 622 nos

389 672 487 717 tua
505 667 829 735 paupertate
844 659 1242 716 ditesceremus
1272 675 1290 726 ;
1329 666 1388 714 tu
1415 656 1579 714 nobis
1606 671 1835 728 regnum
1866 670 1982 713 cm.

389 757 571 811 lorum
587 754 817 825 largitus
832 767 914 808 es.
937 752 1166 808 Creator
1182 757 1238 807 et
1256 749 1437 822 opifex
1451 750 1721 815 omnium,
1736 746 1979 804 Verbum

387 844 593 913 Patris,
620 852 682 901 tu
708 860 812 901 nos
850 846 1048 900 iterum
1088 843 1314 907 creasti,
1347 850 1553 913 tuaque
1597 856 1794 899 sumus
1821 840 1981 912 opifi-

390 940 500 1004 cia,
531 937 739 994 conditi
764 936 833 993 ad
854 938 999 993 bona
1024 951 1214 1009 opera.
1271 933 1414 992 Vere
1468 934 1565 991 lux
1611 943 1668 991 et
1712 933 1980 1004 splendor

390 1030 595 1097 Patris,
637 1037 698 1084 tu
745 1030 949 1101 quippe
983 1046 1088 1086 nos
1148 1030 1206 1085 in
1254 1027 1500 1084 tenebris
1523 1027 1838 1095 illustrasti,
1867 1042 1980 1083 non

388 1124 641 1180 videntes
698 1139 802 1180 nos
849 1123 919 1178 ad
976 1122 1158 1178 lucem
1206 1120 1509 1177 adduxisti.
1565 1118 1766 1175 Forma
1815 1126 1981 1191 atque

390 1219 573 1289 imago
607 1232 735 1273 vera
770 1215 949 1271 Patris
982 1256 1000 1283 ,
1040 1226 1099 1271 tu
1154 1229 1260 1272 nos
1312 1214 1560 1286 perditos
1610 1212 1883 1279 formasti,
1924 1220 1981 1269 et

390 1309 686 1381 imaginem
715 1308 812 1364 Dei
859 1308 1058 1364 iterum
1089 1306 1400 1363 reddidisti.
1446 1304 1593 1362 Deus
1642 1303 1888 1361 Verbum
1923 1313 1980 1361 et

393 1417 522 1458 vere
543 1401 655 1459 vita
685 1441 701 1468 ,
734 1408 795 1456 tu
819 1411 1069 1457 mortuos
1098 1399 1388 1456 vivificasti
1420 1407 1860 1470 uos,corruptos
1889 1412 1980 1454 re-

390 1494 630 1561 novasti,
666 1493 904 1551 induens
956 1493 1392 1565 incorruptione.
1442 1493 1586 1550 Vere
1612 1493 1817 1558 virtus,
1848 1490 1978 1546 bra-

391 1589 580 1644 chium
605 1597 659 1644 et
684 1587 911 1643 dextera
940 1585 1124 1644 Patris
1148 1627 1163 1652 ,
1200 1596 1258 1643 tu
1280 1586 1501 1643 dolores
1519 1586 1713 1643 mortis
1739 1584 1975 1649 solvisti,

390 1690 582 1753 portas
620 1696 793 1737 aereas
827 1691 881 1736 et
910 1688 1100 1736 vectes
1148 1678 1359 1737 ferreos
1393 1679 1742 1753 confregisti,
1778 1693 1977 1749 quem-

391 1773 684 1830 admodum
719 1774 796 1827 ait
826 1772 1137 1844 Scriptura.
1197 1772 1281 1828 Tu
1325 1773 1626 1828 draconem
1661 1779 1974 1843 serpentem

2086 563 2460 635 κατήργησας.
2527 560 2760 616 Πλούσιε
2789 562 2986 635 Σωτὴρ
3020 563 3113 617 καὶ
3149 562 3368 637 ἀληθῶς
3408 565 3631 636 βασιλεῦ
3655 582 3669 595 ·

2088 657 2153 711 σὺ
2185 655 2296 728 γὰρ
2321 642 2673 727 ὲπτώχείυσας
2694 695 2710 722 ,
2746 656 2837 712 ἵνα
2864 659 2932 729 τῇ
2967 659 3034 730 σῇ
3070 656 3317 729 πτωχεία
3350 657 3669 732 πλουτήσω-

2090 770 2220 825 μεν’
2257 753 2323 808 σὺ
2357 751 2454 807 καὶ
2492 751 2594 825 τὴν
2630 751 2911 823 βασιλείαν
2952 754 3083 824 ἡμῖν
3122 752 3233 807 τῶν
3262 754 3511 826 οὐρανῶν
3545 757 3671 828 ἐχα-

2089 846 2246 920 ρίσω,
2273 845 2469 901 κτίστα
2497 845 2593 901 καὶ
2631 846 2936 918 δημιουργὲ
2972 845 3084 900 τῶν
3115 846 3334 901 πάντων
3357 887 3375 908 .
3404 847 3548 916 Λόγε
3578 848 3675 901 τοῦ

2086 936 2328 1009 Πατρός’
2355 937 2420 990 σὺ
2443 935 2554 1008 γὰρ
2582 935 2908 1007 πάλινήμᾶς
2923 934 3234 1002 ἀνέκτισας,
3265 934 3361 988 καί
3382 952 3476 988 σου
3506 937 3675 1006 ποιή-

2089 1030 2237 1100 ματά
2269 1030 2458 1100 ἐσμεν,
2476 1028 2788 1091 κτισθέντες
2827 1028 2922 1082 ἐπὶ
2941 1027 3124 1100 ἔργοις
3146 1027 3395 1097 ἀγαθοῖς.
3410 1027 3531 1092 Φῶς
3552 1028 3679 1099 ἀλη-

2087 1120 2196 1184 θῶς
2227 1120 2324 1174 καὶ
2365 1118 2710 1191 ἀπαύγασμα
2757 1118 2854 1172 τοῦ
2890 1119 3136 1190 Πατρός’
3195 1119 3260 1172 σὺ
3295 1118 3407 1191 γὰρ
3438 1120 3585 1191 ήμᾶς
3614 1121 3675 1174 ἐν

2087 1210 2272 1265 σκότει
2306 1209 2667 1282 κατέλαμψας
2689 1253 2703 1277 ,
2732 1210 2828 1263 καὶ
2854 1210 2928 1281 μὴ
2955 1194 3307 1282 βλέπονταςῆ
3317 1212 3423 1281 μᾶς
3451 1212 3534 1275 είς
3558 1211 3673 1281 φῶς

2086 1304 2310 1373 ἤγαγες.
2337 1303 2539 1375 Μορφὴ
2561 1302 2654 1356 καὶ
2681 1300 2845 1357 εἰκὼν
2873 1301 3043 1366 ὅντως
3066 1301 3162 1355 τοῦ
3185 1302 3401 1374 Πατρός
3421 1318 3435 1332 ·
3470 1303 3534 1357 σὺ
3564 1303 3679 1375 γὰρ

2085 1398 2233 1469 ἡμᾶς
2267 1396 2674 1468 ἀπολλυμένους
2697 1394 2809 1468 (60)
2840 1395 3203 1469 ὲμόρφωσας,
3233 1396 3329 1448 καὶ
3361 1393 3526 1449 πάλιν
3550 1396 3677 1467 ἐχα-

2089 1492 2223 1562 ρίσω
2245 1490 2308 1544 τὸ
2334 1492 2454 1544 κατ’
2485 1490 2712 1561 εἰκόνα..
2755 1488 2857 1543 Θεὲ
2886 1487 3028 1559 Λόγε
3056 1489 3152 1542 καὶ
3182 1488 3399 1560 ἀληθῶς
3433 1487 3579 1562 ζωήο
3607 1491 3675 1544 σὺ

2083 1582 2192 1655 γὰρ
2225 1581 2599 1646 ἀποθανόντας
2631 1579 3006 1652 ὲζωοποίησας
3026 1619 3040 1643 ,
3069 1580 3166 1635 καὶ
3197 1579 3502 1652 φθαρέντας
3548 1582 3676 1636 ἀνε-

2084 1676 2336 1739 καίνισας
2355 1715 2371 1739 ,
2404 1673 2632 1738 ὲνδύσας
2663 1674 2765 1745 τὴν
2789 1672 3123 1744 ἀφθαρσίαν.
3159 1672 3403 1744 Δύναμις
3434 1672 3675 1743 ἀληθῶς,

2085 1770 2180 1824 καὶ
2211 1768 2474 1841 βραχίων,
2508 1767 2604 1822 καὶ
2634 1765 2785 1833 δεξιὰ
2813 1765 2909 1819 τοῦ
2939 1764 3155 1837 Πατρός
3174 1779 3190 1793 ⁸
3222 1766 3286 1819 σὺ
3325 1764 3436 1837 γὰρ
3460 1766 3678 1830 καὶτὰς

392 1864 695 1930 diabolum,
724 1864 891 1920 hamo
931 1863 1308 1935 circumegisti
1359 1863 1625 1927 humano,
1672 1862 1728 1917 in
1770 1870 1979 1934 ενοι)εο

2084 1859 2279 1923 ὠδῖνας
2300 1859 2498 1923 ἔλυσας
2517 1858 2610 1912 τοῦ
2631 1857 2887 1923 θανάτου,
2909 1856 3082 1929 θύρας
3102 1857 3311 1927 χαλκᾶς
3329 1857 3424 1911 καὶ
3443 1856 3679 1928 μοχλοὺς

392 1958 601 2014 crucis.
635 1956 741 2013 Per
766 1966 821 2013 te
849 1965 1113 2028 tuamque
1164 1955 1409 2012 divinam
1435 1956 1739 2022 virtutem,
1782 1970 1979 2012 omnes

393 2066 519 2105 eum
558 2051 796 2113 calcant,
849 2064 1045 2105 omnes
1082 2048 1133 2103 ei
1167 2046 1430 2104 illudunt.
1461 2046 1537 2103 Te
1575 2048 1723 2104 enim
1770 2047 1819 2103 ei
1862 2048 1980 2119 pri-

395 2155 546 2194 mum
578 2139 843 2195 illudente
871 2178 887 2204 ,
919 2138 1135 2192 initium
1171 2144 1441 2194 creaturae
1490 2137 1710 2195 Domini
1772 2137 1980 2209 incepit

394 2243 541 2293 esse,
578 2227 818 2283 conditae
852 2227 918 2281 ad
948 2227 999 2282 ei
1034 2226 1396 2285 illudendum.
1438 2226 1517 2284 Te
1549 2229 1702 2284 illum
1735 2238 1976 2301 proster-

395 2325 583 2386 nente,
612 2332 704 2373 res
731 2314 1004 2372 mirabilis
1031 2317 1153 2373 visa
1180 2318 1440 2376 omnibus
1469 2326 1577 2386 est,
1610 2328 1673 2375 ut
1691 2319 1975 2377 dicerent:

399 2408 732 2477 «Quomodo
779 2408 980 2465 cecidit
1025 2405 1098 2465 de
1148 2410 1290 2467 cmlo
1342 2410 1566 2468 Lucifer
1600 2449 1616 2477 ,
1672 2413 1769 2484 qui
1818 2428 1980 2469 mane

394 2500 680 2557 oriebatur
709 2493 773 2554 ’ἲ
808 2513 833 2552 ι
859 2494 940 2555 Te
961 2497 1269 2571 accipiente
1303 2503 1373 2557 ab
1424 2503 1518 2559 illo
1550 2504 1979 2575 chirographum

395 2593 686 2650 adversum
719 2609 825 2651 nos
867 2602 1178 2661 exaratum,
1232 2592 1588 2667 alﬁgenteque
1619 2596 1755 2653 illud
1800 2598 1976 2663 cruci,

396 2686 637 2744 ludibrio
684 2686 842 2744 illum
888 2688 1091 2744 habent
1117 2688 1388 2754 universi,
1455 2691 1743 2747 dicentes:
1785 2709 1804 2744 ι
1833 2689 1982 2758 Quo-

395 2777 563 2834 modo
589 2783 831 2838 cessavit
860 2787 1105 2845 exactor,
1146 2779 1357 2851 quievit
1385 2782 1754 2838 accelerator?
1781 2784 1983 2839 contri-

394 2868 476 2925 vit
503 2867 651 2927 Deus
679 2871 874 2944 jugum
905 2880 1284 2944 peccatorum.
1325 2869 1446 2928 1am
1473 2874 1620 2929 enim
1651 2874 1702 2931 ei
1733 2874 1980 2931 subster-

396 2962 549 3018 nitur
578 2962 832 3034 putredo,
864 2972 920 3020 et
956 2965 1361 3036 operimentum
1399 2964 1521 3035 ejus
1577 2964 1811 3022 efﬁcitur
1858 2983 1982 3023 ver-

395 3054 504 3110 mis
538 3055 605 3111 “.
646 3074 666 3110 ι
697 3053 809 3111 Nec
839 3064 928 3112 est
966 3056 1113 3111 ultra
1160 3056 1257 3127 qui
1300 3055 1599 3114 draconem
1626 3058 1979 3130 reformidet;

395 3147 493 3203 sed
521 3154 599 3215 te,
628 3155 684 3205 et
714 3162 811 3219 per
832 3157 884 3204 te
913 3147 1129 3204 Patrem
1157 3148 1413 3204 adorant.

2084 1951 2338 2026 σιδηροῦς
2384 1951 2692 2018 κατέαξας,
2737 1950 2814 2015 ώς
2842 1952 2875 2022 ή
2905 1950 3098 2023 Γραφὴ
3123 1950 3293 2018 λέγει.
3354 1950 3428 2002 Σὺ
3459 1950 3552 2003 καὶ
3582 1948 3679 2002 τὸν

2081 2046 2354 2119 δράκοντα
2389 2044 2524 2118 (61),
2558 2044 2651 2099 τὸν
2675 2043 2822 2115 ὅφιν,
2853 2044 2945 2097 τὸν
2974 2042 3320 2109 διὰϐολον,ὲν
3347 2041 3679 2115 ἀνθρωπίνῳ

2081 2140 2365 2211 ἀγκίστρῳ
2411 2138 2751 2212 περιήγαγες
2788 2137 2848 2192 ὲν
2880 2135 2960 2206 τῷ
2989 2135 3237 2207 τροπαίῳ
3277 2135 3373 2188 τοῦ
3412 2132 3675 2205 σταυροῦ.

2080 2233 2181 2286 Διά
2213 2231 2273 2286 σὲ
2301 2232 2397 2287 καὶ
2425 2231 2525 2303 τὴν
2563 2230 2662 2303 σὴν
2695 2230 2849 2284 θείαν
2897 2226 3275 2301 ἀνδραγαθίαν
3324 2226 3526 2291 πάντες
3576 2226 3680 2296 μὲν

2081 2324 2244 2378 αὑτὸν
2272 2322 2506 2377 πατοῦσι
2528 2362 2544 2388 ,
2576 2321 2778 2385 πάντες
2803 2320 2862 2373 δὲ
2886 2319 3052 2373 αὐτοῦ
3085 2317 3510 2383 καταπαίζουσι.
3570 2315 3680 2371 Σοῦ

2079 2417 2190 2489 γὰρ
2214 2416 2432 2489 πρώτου
2456 2413 2748 2479 παίξαντος
2771 2414 2853 2475 είς
2881 2411 3067 2477 αὐτὸν,
3098 2411 3291 2481 γέγονε
3320 2406 3506 2464 λοιπον
3533 2408 3680 2481 ἁρχὴ

2081 2510 2401 2579 πλάσματος
2433 2506 2666 2579 Κυρίου,
2698 2504 3072 2576 πεποιημένου
3102 2506 3182 2568 είς
3215 2503 3276 2557 τὸ
3334 2502 3681 2565 καταπαίζε-

2084 2604 2231 2657 σθαι.
2261 2602 2374 2657 Kal.
2400 2598 2498 2654 σοῦ
2528 2599 2718 2653 τοῦτον
2746 2597 3146 2658 καταϐαλόντος
3170 2597 3304 2670 (62),
3334 2597 3526 2666 γέγονε
3541 2597 3679 2650 πᾶσι

2083 2690 2291 2763 θαῦμα,
2316 2691 2458 2745 ῶστε
2479 2691 2572 2744 καὶ
2595 2690 2774 2757 λέγειν
2793 2704 2808 2722 ο
2831 2707 2850 2740 ι
2874 2688 2998 2752 Πῶς
3028 2688 3287 2753 ἐξέπεσεν
3311 2693 3375 2744 ὲκ
3397 2689 3490 2743 τοῦ
3514 2690 3683 2759 οὐρα-

2081 2785 2174 2841 νοῦ
2203 2788 2231 2839 6
2246 2784 2574 2855 Ἐωσφόρος,
2593 2785 2622 2835 6
2645 2783 2791 2856 πρωῒ
2814 2784 3151 2850 ἀνατέλλων;
3182 2802 3201 2836 ι
3226 2784 3337 2837 Καὶ
3360 2782 3454 2837 σοῦ
3481 2781 3679 2836 λαϐόν-

2082 2895 2171 2943 τος
2189 2878 2318 2949 παρ’
2346 2874 2513 2930 αὐτοῦ
2544 2877 2605 2930 τὸ
2629 2876 2752 2929 καθ’
2783 2876 2942 2947 ήμῶν
2963 2877 3350 2947 χειρόγραφον,
3380 2876 3475 2929 καὶ
3500 2892 3679 2946 προσ-

2082 2970 2391 3043 ηλώσαντος
2421 2967 2553 3022 αὐτὸ
2579 2966 2658 3038 τῷ
2689 2966 2936 3039 σταυρῷ,
3000 2967 3205 3031 πάντες
3230 2968 3349 3021 κατ’
3374 2967 3542 3021 αὐτοῦ
3575 2985 3681 3021 κα-

2081 3059 2484 3134 τακερτομοῦσι
2513 3059 2625 3130 (65)
2658 3058 2936 3128 λέγοντεςο
3003 3078 3022 3111 ι
3046 3059 3174 3123 Πῶς
3207 3057 3592 3113 ἀναπέπαυται
3649 3061 3682 3113 6

2081 3154 2362 3219 ἀπαιτῶν;
2396 3153 2492 3206 κα)⁸
2533 3152 2919 3208 ἀναπέπαυται
2953 3155 2981 3207 6
3015 3151 3488 3222 ὲπισπουδαστήςς
3547 3168 3682 3205 συν-

391 3239 617 3312 έτριψεν
637 3242 667 3295 6
685 3242 815 3306 Θεὸς
842 3241 932 3296 τὸν
957 3240 1122 3312 ζυγὸν
1141 3241 1253 3298 τῶν
1277 3244 1638 3318 ἁμαρτωλῶν.
1665 3246 1868 3303 Λοιπὸν
1896 3250 2007 3325 γὰρ
2044 3251 2300 3325 ὑποκάτω
2315 3248 2479 3325 αὑτοῦ
2505 3247 2838 3319 στρώννυται
2860 3248 3043 3318 σῆψις,
3068 3247 3164 3302 κα)⁵
3217 3247 3284 3301 τὸ
3322 3246 3684 3318 κατακάλυμ-

396 3350 477 3404 μα
492 3332 605 3407 (64)
621 3333 785 3389 αὐτοῦ
806 3334 1015 3403 γίνεται
1031 3335 1278 3409 σκώληξ,
1300 3355 1320 3390 ι
1346 3338 1440 3392 καὶ
1461 3338 1665 3405 πάντες
1680 3342 1864 3396 οὐκέτι
1888 3320 1985 3398 τὸν
2018 3320 2288 3420 δράκοντα
2311 3320 2623 3414 φοϐοῦνται,
2684 3341 2825 3396 ἀλλά
2883 3342 2966 3409 σὲ,
2995 3343 3091 3397 καὶ
3114 3340 3202 3395 διὰ
3225 3340 3320 3394 σοῦ
3343 3341 3435 3397 τὸν
3456 3338 3684 3412 Πατέρα

395 3425 814 3500 προσκυνοῦσιν.

469 3519 562 3575 52.
598 3519 692 3577 Sic
714 3535 1008 3594 resurgens
1044 3522 1333 3589 Dominus,
1370 3525 1556 3581 statim
1588 3528 1753 3582 morti
1781 3528 1976 3594 illusit,

2153 3525 2242 3580 32.
2263 3522 2419 3579 Οὕτω
2443 3523 2540 3595 μὲν
2563 3517 2655 3577 οὖν
2674 3524 2703 3576 6
2718 3522 2924 3594 Κύριος
2945 3521 3264 3590 ἐξαναστὰς,
3280 3523 3493 3597 ταχέως
3517 3525 3687 3580 κατέ-

398 3627 615 3685 nosque
634 3615 703 3670 ab
755 3630 821 3670 ea
871 3616 1146 3672 liberavit.
1198 3616 1375 3674 Judaei
1404 3628 1590 3676 autem
1633 3637 1703 3677 ne
1732 3621 1837 3679 ista
1867 3623 1982 3694 qui-

400 3702 526 3757 dem
576 3703 828 3761 videntes
874 3706 1085 3776 pudore
1137 3715 1269 3764 sunt
1325 3707 1526 3776 allecti,
1576 3711 1895 3784 ignorantes
1924 3728 1985 3769 se

398 3796 508 3851 ista
558 3803 752 3851 contra
793 3796 1133 3854 Salvatorem
1189 3815 1381 3863 ausos,
1441 3802 1733 3860 adversum
1774 3819 1898 3861 sese
1919 3820 1983 3861 ea

399 3892 521 3960 ipsa
568 3890 772 3947 moliri.
825 3890 948 3947 Non
1011 3892 1274 3948 videbant
1321 3893 1526 3966 quippe
1582 3910 1643 3951 se
1690 3895 1984 3952 Dominum

397 3984 507 4054 31
523 3983 813 4050 tradendo,
838 3984 1185 4042 traditionem
1212 3984 1517 4044 Jerusalem
1547 4003 1873 4059 provocare,
1901 3989 1988 4044 di-

403 4083 560 4132 cente
578 4074 850 4133 Hieremia
872 4078 1135 4148 propheta
1155 4096 1169 4134 :
1195 4097 1215 4130 ι
1240 4076 1556 4136 Traditione
1572 4081 1820 4138 tradetur
1834 4080 1992 4138 Jeru-

2086 3617 2248 3685 παιξε
2278 3616 2372 3670 τοῦ
2421 3614 2656 3671 θανάτου
2688 3656 2703 3681 ,
2758 3615 2854 3670 καὶ
2882 3618 3030 3687 ἡμᾶς
3053 3616 3430 3689 ἠλευθέρωσεν
3461 3620 3557 3673 ἀπ’
3581 3620 3684 3673 αὐ-

2082 3709 2199 3762 τοῦ.
2242 3708 2485 3762 Ἰουδαῖοι
2512 3707 2570 3761 δὲ
2594 3747 2609 3772 ,
2644 3708 2764 3762 οὐδὲ
2794 3708 2968 3766 ταῦτα
3001 3708 3322 3779 βλέποντες,
3357 3711 3681 3783 ᾐσχύνοντο,

2082 3799 2220 3854 ἀλλά
2255 3798 2350 3853 καὶ
2374 3798 2603 3868 ήγνόουν
2633 3797 2945 3870 τολμῶντες
2969 3799 3111 3854 κατά
3145 3801 3240 3854 τοῦ
3267 3802 3522 3874 Σωτῆρος
3544 3844 3560 3868 ,
3594 3805 3681 3859 ὅτι

2084 3889 2207 3944 καθ’
2256 3888 2466 3944 ἑαυτῶν
2496 3890 2837 3962 ,ἐπεχείρουν
2885 3891 3080 3946 ταῦτα.
3140 3894 3255 3946 Ούκ
3302 3892 3530 3948 ἔϐλεπον
3570 3894 3684 3968 γὰρ

2086 3982 2472 4054 παραδιδόντες
2513 3983 2607 4038 τὸν
2649 3983 2891 4055 Κύριον,
2925 3985 3010 4038 ὅτι
3055 3985 3155 4057 τὴν
3180 3985 3284 4057 τῆς
3321 3985 3683 4059 Ἰερουσαλὴμ

2084 4077 2383 4150 παράδοσιν
2400 4076 2820 4150 προκαλοῦνται,
2847 4079 3099 4149 λέγοντος
3132 4079 3228 4134 τοῦ
3261 4082 3543 4153 προφήτου
3584 4082 3691 4135 Ἰε-

402 4167 570 4223 salem
591 4168 648 4223 in
668 4183 862 4225 manus
872 4167 1382 4228 Nabuchodonosor
1396 4173 1543 4244 regis
1557 4172 1848 4245 Babylonis
1864 4176 1880 4206 ⁸
1890 4174 1927 4229 ⁸.
1959 4193 1980 4229 ι

2088 4168 2308 4241 ρεμίουο
2344 4184 2364 4220 ι
2388 4169 2811 4241 ’Παραδιδομένη
2846 4171 3287 4243 παραδοθήσεται
3323 4172 3691 4245 Ἰερουσαλὴμ

401 4255 590 4329 Neque
626 4258 984 4316 advertebant
1028 4261 1280 4318 nolentes
1319 4261 1553 4318 Domino
1596 4264 1823 4330 servire,
1852 4279 1980 4340 sese

2087 4264 2168 4327 εἰς
2212 4263 2402 4336 χεῖρας
2446 4261 2940 4337 Ναϐουχοδονόσωρ
2984 4265 3248 4337 βασιλέως
3276 4266 3619 4331 Βαϐυλῶνος.
3664 4289 3687 4321 ι

403 4349 624 4406 diabolo
662 4351 720 4406 in
763 4367 955 4408 servos
988 4353 1282 4424 subjicere,
1318 4355 1534 4427 ipsique
1577 4356 1893 4414 ministrare
1920 4357 1980 4413 ad

2089 4355 2199 4408 Καὶ
2227 4355 2330 4409 οὐκ
2357 4353 2606 4421 ἔϐλεπον,
2637 4356 2742 4420 ὅτι,
2780 4355 2855 4429 μὴ
2887 4356 3133 4422 θέλοντες
3155 4358 3432 4415 δουλεύειν
3458 4358 3538 4430 τῷ
3570 4360 3693 4413 Κυ-

403 4441 636 4498 insidias
690 4442 956 4500 adversus
998 4444 1300 4503 Christum.
1358 4446 1691 4518 lgnorabant
1735 4449 1885 4505 enim
1931 4464 1980 4506 se

2094 4448 2214 4520 ρίῳ,
2259 4446 2561 4501 ὑπέϐαλλον
2614 4448 2842 4513 ἑαυτοὺς
2892 4448 2969 4520 τῷ
3012 4449 3246 4522 διαϐόλῳ
3292 4450 3533 4517 δούλους,
3591 4454 3695 4507 καὶ

405 4534 710 4591 Barabbam
740 4535 1091 4607 postulando,
1125 4549 1289 4610 atque
1333 4540 1622 4595 Dominum
1663 4541 1980 4608 occidendo1

2092 4540 2395 4611 ὑπηρέτουν
2436 4537 2585 4610 αὐτῷ
2611 4541 2692 4604 είς
2723 4538 2823 4612 τὴν
2867 4540 3013 4595 κατά
3043 4541 3140 4596 τοῦ
3182 4543 3438 4616 Σωτῆρος
3466 4543 3698 4599 ἐπιϐου-

406 4625 669 4684 Barabbm
708 4628 877 4683 vitam
925 4636 1148 4686 acturos
1187 4645 1331 4696 esse,
1381 4645 1654 4704 omneque
1704 4633 1980 4692 seditionis

2091 4633 2210 4704 λήν.
2245 4633 2502 4702 Ἦγνόουν
2526 4632 2635 4704 γὰρ
2664 4633 2756 4686 τὸν
2776 4633 3068 4706 Βαραϐϐᾶν
3101 4635 3436 4707 αἰτούμενοι,
3470 4638 3568 4691 καὶ
3593 4638 3698 4692 τὸν

405 4719 683 4791 caedisque
714 4735 888 4792 genus
923 4721 1067 4792 apud
1100 4737 1161 4779 se
1188 4722 1496 4794 augendum
1530 4723 1668 4790 fore,
1705 4733 1870 4797 atque
1898 4742 1980 4783 re-

2092 4724 2299 4797 Κύριον
2327 4724 2760 4790 ἀποκτείνοντες,
2777 4726 2858 4780 ὅτι
2881 4726 2974 4780 τὸν
3007 4727 3105 4797 μὲν
3128 4727 3243 4798 βίον
3273 4728 3563 4799 βιώσονται
3588 4730 3695 4785 τοῦ

406 4809 637 4881 pudiare
675 4826 737 4868 se
770 4813 947 4869 lucem
979 4821 1033 4870 et
1066 4815 1367 4877 veritatem,
1398 4823 1454 4871 et
1481 4817 1747 4890 quidquid
1771 4827 1859 4875 est
1885 4819 1980 4875 Do-

2096 4815 2381 4888 Βαραϐϐᾶ,
2422 4817 2517 4870 καὶ
2560 4818 2712 4873 πᾶσα
2756 4818 2947 4883 στάσις
2989 4820 3083 4874 καὶ
3122 4820 3283 4889 φόνος
3329 4821 3463 4894 παρ’
3502 4823 3699 4887 αὐτοῖς

406 4901 612 4967 minus,
663 4909 726 4959 ut
779 4903 858 4958 ait
900 4902 1069 4962 Isaias
1099 4924 1113 4961 :
1149 4923 1169 4956 ι
1204 4904 1344 4962 Ecce
1384 4904 1696 4966 dominator
1730 4909 1980 4968 Dominus

2098 4906 2321 4980 αὐξήσει
2345 4925 2358 4939 ο
2390 4908 2724 4964 ἀποϐαλοῦσι
2752 4910 2812 4964 δὲ
2850 4910 2944 4981 ἀφ’
2974 4912 3185 4966 ἑαυτῶν
3212 4912 3275 4966 τὺ
3307 4913 3425 4983 φῶς
3465 4914 3562 4968 καὶ
3589 4914 3698 4986 τὴν

409 4993 674 5059 Sabaoth,
704 4994 921 5051 auferet
946 5010 978 5051 a
1009 4994 1218 5064 Iudaea,
1240 5009 1297 5055 et
1321 5013 1353 5053 a
1389 4996 1719 5069 Jerusalem,
1749 5002 1980 5059 validum

2090 4999 2364 5072 ἀλήθειαν,
2388 5002 2484 5055 καὶ
2512 5001 2688 5056 πάντα
2708 5003 2808 5056 ὅσα
2828 5005 2976 5059 ἐστὶν
3001 5005 3031 5058 6
3053 5005 3284 5077 Κύριος,
3307 5005 3385 5071 ὡς
3402 5008 3431 5060 6
3457 5005 3699 5074 Ἡσαΐας

405 5094 461 5142 et
493 5086 757 5153 validam,
792 5088 964 5145 robur
993 5090 1154 5160 panis
1190 5097 1246 5146 et
1281 5090 1455 5147 robur
1494 5106 1675 5163 aquae,
1719 5093 1980 5167 giganteni

2091 5091 2266 5161 λέγει’
2305 5110 2326 5145 ι
2372 5093 2506 5148 Ἰδοὺ
2538 5094 2603 5167 δὴ
2631 5097 2660 5149 6
2687 5094 2957 5168 δεσπότης
2981 5096 3188 5168 Κύριος
3221 5097 3472 5163 Σαϐαὼθ,
3496 5098 3703 5169 ἀφελεῖ

407 5187 459 5234 et
496 5177 720 5248 fortem,
757 5180 1064 5253 principem
1085 5186 1142 5237 et
1166 5182 1512 5251 bellatorem,
1551 5194 1607 5240 et
1636 5185 1880 5255 judicem
1933 5192 1980 5242 et

2094 5187 2204 5241 ἀπὸ
2227 5187 2328 5259 τῆς
2360 5188 2620 5254 Ἰουδαίας
2653 5192 2748 5246 καὶ
2774 5192 2884 5246 ἀπὸ
2924 5193 3281 5267 Ἰερουσαλὴμ
3316 5192 3571 5265 ἰσχύοντα
3595 5195 3703 5250 καὶ

411 5270 735 5343 prophetam
766 5279 822 5329 et
853 5273 1087 5330 ariolum
1112 5279 1167 5329 et
1197 5289 1385 5332 senem
1410 5315 1425 5342 ,
1451 5276 1980 5349 quinquagenarium

2100 5280 2410 5353 ἰσχύουσαν,
2453 5283 2607 5355 ἰσχὺν
2646 5284 2813 5356 ἄρτου
2863 5285 2961 5340 καὶ
3006 5285 3162 5357 ἰσχὺν
3207 5284 3421 5352 ὕδατος,
3454 5286 3704 5356 γίγαντα

540 5426 647 5484 lsa.
678 5443 791 5495 nv,
827 5427 917 5483 12.
996 5428 1040 5461 ¹⁰
1075 5428 1234 5495 ibid.,
1269 5429 1325 5497 4,
1358 5429 1413 5495 5,
1456 5430 1544 5485 Η.
1625 5432 1667 5463 ³⁸
1704 5429 1908 5490 Jerem.
1945 5449 2135 5498 xxxu,
2171 5434 2226 5489 4.

484 5582 597 5658 (66)
634 5582 864 5658 Regius,
895 5585 1319 5657 ἀπολλομένους.

1249 5604 1319 5670 ἒς·
1343 5656 1359 5672 .
1450 5658 1486 5672 ..

2100 5658 2139 5672 η
2322 5589 2667 5672 Basiliensis,
2712 5594 3280 5672 adluupa._Regius,
3328 5598 3696 5672 κατάλυμμα.

498 5655 596 5722 ’61)
633 5655 741 5711 Τὸν
767 5657 1035 5728 δράκοντα
1063 5655 1214 5713 deest
1248 5659 1304 5711 in
1329 5656 1656 5732 Anglicano.

511 5726 598 5793 62)
637 5725 861 5797 Regius,
886 5727 1331 5793 καταϐάλλοντος.

480 5661 598 5870 (65)
638 5795 863 5870 Regius,
893 5798 1240 5870 κερτομοῦσι.

2098 5658 2272 5742 βύὶιὶ,
2321 5665 2630 5735 κατάλυμα,
2655 5658 2662 5661 ⁷
2690 5669 2788 5723 sed
2839 5658 3295 5742 legendumvcum
3333 5672 3409 5736 0',
3442 5658 3698 5728 κατακά-

511 5726 598 5801 62)
637 5725 861 5801 Begius,
886 5727 1331 5801 καταϐάλλοντος.
1419 5725 1444 5732 ’

2097 5730 2161 5785 λυ
2169 5748 2311 5801 μμα.

509 5792 598 5871 65)
638 5792 863 5870 Regius,
893 5798 1240 5870 κερτομοῦσι.
