3890 6200
229 306 322 362 2H

1189 301 1279 358 ns
1317 301 1658 359 PASSIONE
1696 302 1786 358 ΕΤ
1824 301 2059 359 causa
2097 272 2368 360 bonum.

3401 309 3529 366 2‘2“

226 424 318 479 καὶ
347 423 624 494 ἰσχύοντα,
649 423 743 476 καὶ
765 421 1004 494 ἄρχοντα
1026 421 1381 495 πολεμιστὴν,
1413 424 1510 476 καὶ
1535 422 1817 495 δικαστὴν.

1942 432 1975 477 :t
2003 395 2384 478 admirabilem
2407 421 2808 489 consiliarium,
2855 434 2909 480 et
2945 425 3248 496 sapientem
3277 423 3513 481 architeo

224 516 320 571 καὶ
345 516 658 586 προφήτην,
692 515 788 569 καὶ
824 512 1145 585 στοχαστὴν,
1171 513 1268 567 καλ⁵
1295 512 1693 585 πρεσϐύτερον,
1721 514 1817 567 καὶ

222 608 719 680 πεντηκόνταρχον,
753 608 850 660 καὶ⁵
888 606 1199 679 θαυμαστὸν
1246 605 1571 677 σύμϐουλον,
1602 607 1695 660 καὶ
1728 624 1818 661 σο-

224 698 326 769 φὸν
368 699 756 770 ἀρχιτέκτονα,
805 697 901 750 καὶ
948 696 1166 751 συνετὸν
1212 697 1510 769 ἀκροατήν.
1552 698 1665 751 Καὶ
1696 698 1819 751 ἐπι-

224 792 411 862 στήσω
454 790 777 854 νεανίσκους
819 789 1087 862 ἄρχοντας
1127 785 1333 854 αὐτῶν,
1376 788 1472 842 καὶ
1513 789 1818 859 ἐμπαῖκται

223 881 614 955 κυριεύσουσιν
636 880 840 936 αὐτῶν.
879 900 899 932 ι
949 878 1267 944 Ἐνέπαιζον
1297 880 1408 952 γὰρ
1445 881 1495 933 οἱ
1530 879 1707 935 ἄθλιοι
1742 879 1821 952 τῷ

223 974 442 1048 Κυρίῳ,
475 973 574 1027 καὶ
603 973 705 1026 οὐκ
730 972 978 1039 ἔϐλεπον,
1008 973 1091 1025 ὅτι
1124 972 1184 1026 τὸ
1214 971 1552 1043 προφητικὸν
1575 973 1696 1025 κατ’
1724 972 1822 1025 αύ-

223 1065 335 1119 τῶν
359 1064 668 1137 ἐπληροῦτο
692 1066 857 1138 ῥητὸν
880 1064 940 1118 τὸ
965 1063 1122 1133 λέγον
1141 1078 1155 1091 ⁸
1194 1082 1213 1116 ι
1247 1064 1580 1134 Ἐμπαίκται
1605 1062 1823 1134 κυριεύ-

226 1174 415 1212 σουσιν
462 1156 665 1212 αὐτῶν.
703 1176 722 1209 ι
758 1155 930 1210 Τοῦτο
966 1155 1075 1227 γάρ
1121 1157 1238 1209 ἐστι
1283 1154 1343 1208 τὸ
1386 1155 1688 1226 παράδοξον
1727 1154 1821 1209 τοῦ

225 1250 504 1320 Σωτῆρος,
550 1250 633 1303 ὅτι
679 1247 1085 1320 σταυρούμενος
1128 1247 1337 1317 ἔπασχε
1386 1247 1489 1319 μὲν
1538 1248 1678 1320 ὑπὲρ
1724 1248 1824 1318 τῆς

224 1341 672 1413 ἀνθρωπότητος,
708 1338 1004 1403 κατέπαιξε
1040 1339 1099 1392 δὲ
1134 1338 1229 1391 τοῦ
1270 1338 1527 1405 θανάτου,
1558 1339 1654 1393 καὶ
1684 1324 1835 1393 κατά

238 1432 515 1486 Ἰουδαίων
545 1431 851 1504 ἐπληροῦτο
873 1430 946 1485 τά
976 1431 1359 1502 γεγραμμένα.
1395 1431 1519 1485 Ὅτι
1556 1430 1614 1484 δὲ
1644 1432 1738 1485 καὶ
1767 1432 1827 1484 τὸ

226 1524 347 1595 φῶς
390 1524 677 1596 ἀφῄρηται
701 1524 795 1577 ἀπ’
822 1522 1024 1589 αὐτῶι,
1055 1522 1364 1594 γέγραπται
1385 1523 1445 1576 ὲν
1469 1521 1549 1594 τῷ
1586 1521 1829 1593 Ἱερεμίᾳ

225 1617 434 1679 οὕτως’
490 1633 511 1667 ι
561 1616 620 1669 '0
652 1615 826 1685 Λόγος
874 1616 903 1667 ὸ
948 1615 1239 1686 γενόμενος
1290 1615 1386 1667 ἐπὶ
1419 1613 1688 1687 Ἱερεμίαν
1736 1613 1829 1666 ἐπὶ

225 1709 413 1762 πάντα
469 1707 564 1762 τὸν
615 1707 743 1762 λαὸν
788 1707 979 1762 Ἰούδα.
1032 1726 1051 1759 ι
1102 1703 1237 1761 Εἶτα
1295 1706 1549 1779 ἐπιφέρει
1614 1705 1825 1776 λέγων·

231 1820 255 1855 ι
295 1800 513 1870 ’Δερελῶ
549 1801 648 1854 ἀπ’
682 1798 864 1857 αὐτῶν
896 1798 1079 1870 φωνὴν
1117 1798 1477 1871 εὐφροσύνης,
1512 1798 1604 1852 καὶ
1646 1799 1830 1871 φωνὴν

225 1895 431 1966 χαρᾶς,
480 1892 665 1965 φωνὴν
714 1893 955 1964 νυμφίου
995 1894 1091 1947 καὶ
1136 1892 1322 1964 φωνὴν
1362 1891 1606 1964 νύμφης,
1652 1892 1830 1964 ὀσμὴν

230 1984 413 2057 μύρου
459 1984 556 2038 καὶ
595 1982 713 2052 φῶς
752 1982 972 2054 λύχνου.
1014 2002 1034 2036 ι
1081 1982 1301 2054 ’Δμέλει
1353 1982 1678 2055 παρεδίδουν
1718 1984 1832 2047 τοῖς

227 2075 416 2130 ἔθνεσι
446 2076 543 2130 τὸν
587 2075 818 2147 Κύριον,
851 2076 947 2130 καὶ
977 2076 1078 2130 οὐκ
1115 2076 1360 2148 ᾔδεισαν,
1399 2075 1512 2129 ἀλλ’
1554 2075 1832 2146 ὲτύφλωτ-

158 2178 163 2181 ⁷
228 2186 348 2236 τον,
397 2170 484 2222 ὅτι
516 2170 673 2223 αὐτοὶ
701 2169 762 2223 ού
821 2167 960 2240 μετά
1011 2168 1148 2222 πολὺ
1198 2167 1588 2240 μιανθήσονται
1631 2171 1690 2223 ὲν
1719 2172 1834 2234 τοῖς

228 2260 414 2315 ἔθνεσι
458 2261 557 2314 καὶ
593 2262 676 2324 εἰς
701 2260 803 2331 τὴν
828 2258 1197 2333 κληρονομίαν
1226 2259 1404 2315 αὐτῶν
1436 2260 1832 2316 εἰσελεύσονται

232 2351 359 2404 κατ’
393 2349 579 2405 αὐτῶν
602 2350 673 2404 τὰ
696 2349 848 2422 ἔθνη,
881 2350 1133 2423 καθάπερ
1165 2351 1509 2424 γέγραπται·
1541 2371 1561 2405 ι
1593 2354 1653 2407 Ὀ
1678 2352 1832 2418 Θεὸς,

228 2438 563 2508 είσήλθοσαν
604 2438 735 2508 ἔθνη
772 2440 856 2503 εἰς
901 2441 1002 2512 τὴν
1036 2440 1406 2514 κληρονομίαν
1450 2460 1567 2508 σου,
1610 2444 1835 2515 ὲμίανον

230 2525 327 2581 τὸν
347 2527 482 2582 ναὸν
502 2527 595 2581 τὸν
616 2528 772 2598 ἅγιόν
800 2545 919 2595 σου,
942 2528 1125 2584 ἔθεντο
1147 2530 1504 2603 Ἰερουσαλὴμ
1525 2534 1605 2596 είς
1628 2533 1838 2604 ὀπωρο-

232 2621 524 2691 φυλάκιον.
562 2640 583 2673 ι
624 2621 979 2693 Ἀρνούμενοι
1020 2622 1112 2676 τὸν
1148 2623 1352 2697 Κύριον
1394 2623 1538 2695 ἔχειν
1586 2624 1835 2695 βασιλέα,

230 2714 478 2785 ἠγνόουν
521 2717 935 2787 περισχόμενοι
980 2716 1079 2785 τῆς
1126 2715 1423 2787 Δαϐιτικῆς
1474 2715 1587 2789 (65)
1646 2717 1834 2788 τιμῆς.

230 2806 399 2877 Δύτῷ
421 2806 535 2878 γὰρ
561 2806 823 2860 ἀπέκειτο
847 2805 942 2860 τοῦ
971 2806 1138 2861 Δαϐὶδ
1173 2808 1207 2876 ἡ
1239 2807 1507 2877 βασιλεία,
1543 2809 1638 2862 καὶ
1675 2809 1838 2880 μέχρι

232 2900 339 2969 τῆς
363 2899 695 2969 ἐπιφανείας
726 2898 823 2951 τοῦ
853 2900 1106 2969 Σωτῆρος
1131 2898 1363 2968 ἔφθανεν
1390 2901 1551 2972 αύτὴ,
1577 2901 1672 2955 ἐπὶ
1699 2901 1840 2974 μάρ-

231 3009 364 3065 τυρι
408 2990 492 3063 τῷ
532 2989 727 3044 Ἰακὼϐ
757 2989 1006 3059 λέγοντι·
1052 3009 1071 3043 ι
1117 2991 1232 3045 Οὐκ
1270 2993 1512 3061 ἐκλείψει
1563 2995 1748 3066 ἄρχων
1780 2993 1841 3060 ἐξ

246 3078 449 3145 Ἰούδα,
481 3077 606 3132 οὐδὲ
634 3078 939 3150 ἡγούμενος
967 3081 1033 3133 ἐκ
1072 3080 1182 3134 τῶν
1209 3082 1399 3155 μηρῶν
1426 3082 1612 3150 αὐτοῦ,
1645 3084 1751 3148 ἕως
1773 3084 1840 3138 ἂν

234 3171 394 3246 ἔλθῃ,
530 3172 843 3239 ἀπόκειται,
888 3174 982 3226 καὶ
1025 3173 1190 3238 αὐτὸς
1235 3174 1536 3244 προσδοκία
1579 3174 1773 3230 ἐθνῶν.
1817 3196 1837 3230 ι

237 3267 354 3320 Καὶ
381 3264 727 3337 γυμνοῦντες
748 3266 806 3320 δὲ
826 3260 920 3319 τὸν
958 3267 1184 3340 Κύριον,
1212 3269 1308 3321 καὶ
1336 3268 1633 3334 τύπτοντες
1661 3270 1844 3332 αὑτὸν,

236 3358 344 3411 οὐκ
379 3358 609 3429 ᾔδεισαν
642 3358 1082 3428 ὲκδιδυσκόμενοι
1109 3359 1239 3432 παρ’
1264 3360 1453 3426 αὐτοῦ,
1492 3361 1589 3415 καὶ
1617 3361 1847 3416 κοπετὸν

241 3449 368 3504 καθ’
396 3450 614 3505 ἑαυτῶν
649 3451 1048 3524 παροξύνοντες
1074 3467 1090 3481 ·
1136 3452 1286 3521 λέγει
1328 3452 1437 3526 γὰρ
1466 3452 1630 3518 αὐτὸς
1675 3456 1704 3508 ὁ
1729 3452 1847 3508 Κύ-

243 3561 363 3617 ριος
381 3561 397 3574 ·
435 3562 456 3595 ι
498 3544 835 3615 Ἀφελοῦμαι
866 3546 935 3600 τὰ
961 3545 1155 3617 ίμάτιά
1186 3563 1287 3616 μου
1312 3545 1495 3599 καὶτὰ
1522 3545 1726 3611 ὀθόνια,
1752 3546 1848 3600 τοῦ

245 3634 323 3707 μὴ
353 3632 664 3687 καλύπτειν
695 3634 796 3704 τὴν
826 3634 1213 3707 ἀσχημοσύνην
1240 3636 1441 3706 αύτῆςο
1480 3654 1499 3688 ι
1534 3637 1627 3690 καὶ
1655 3636 1844 3690 πάλιν·

249 3742 271 3774 ι
308 3724 548 3778 Ἕνεκεν
578 3724 770 3778 τούτου
799 3725 1027 3796 κάψεται
1053 3727 1156 3799 θκαὶ
1190 3726 1476 3799 θρηνήσει,
1521 3726 1851 3800 πορεύσεται

244 3817 616 3888 ἀνυπόδητος,
649 3816 747 3870 καὶ
784 3819 967 3889 γυμνή
993 3835 1007 3848 ·
1048 3820 1334 3890 ποιήσεται
1368 3818 1598 3872 κοπετὸν
1623 3819 1698 3884 ὡς
1731 3818 1853 3890 δρα-

245 3908 481 3972 κόντων,
509 3908 605 3961 καὶ
648 3907 851 3972 πένθος
891 3910 966 3974 ὡς
1011 3909 1329 3984 θυγατέρων
1366 3913 1653 3984 σειρήνων.
1689 3930 1707 3963 ι
1743 3912 1853 3965 Καὶ

247 3996 541 4061 ποιοῦντες
572 3997 934 4069 ἐπιϐληθῆναι
961 3999 1208 4070 χλαμύδα
1249 4000 1532 4072 κοκκίνην,
1562 4002 1663 4055 οὐκ
1704 4000 1855 4054 ἔϐλε-

246 4108 353 4145 πον
411 4089 540 4143 καθ’
596 4090 806 4144 ἑαυτῶν
855 4092 955 4164 τὴν
1002 4093 1343 4165 κατηγορίαν
1396 4093 1489 4147 τοῦ
1536 4094 1854 4165 Πνεύματος

248 4186 597 4257 πληροῦντες
620 4225 636 4251 ,
663 4188 745 4240 ὅτι
782 4205 801 4238 ι
819 4187 884 4239 Αἱ
918 4189 1101 4258 χεῖρες
1125 4188 1279 4258 ὑμῶν
1307 4187 1540 4259 αἵματος
1569 4187 1848 4261 πλήρεις.»

249 4281 559 4352 Χαίροντες
608 4278 720 4351 (66)
768 4279 826 4332 δὲ
860 4282 956 4333 καὶ
988 4280 1082 4333 ἐπὶ
1111 4279 1190 4351 τῷ
1221 4280 1567 4352 περικεῖσθαι
1614 4280 1855 4346 ἀκάνθας

250 4374 342 4428 τὸν
380 4372 640 4444 Σωτῆρα,
689 4372 1050 4441 ὲτύφλωττον,
1093 4373 1215 4428 καθ’
1249 4372 1462 4428 ἑαυτῶν
1494 4373 1662 4438 αὐτὰς
1701 4391 1857 4447 περι-

1917 522 2159 584 ctum_et
2191 514 2517 586 prudentem
2561 518 3011 574 auscultatorem.
3064 516 3134 572 Et
3177 518 3511 573 constituam

1917 606 2298 662 adolescentes
2313 607 2590 678 principes
2611 621 2823 675 eorum,
2848 615 2904 663 et
2941 608 3195 665 illusores
3228 608 3312 665 eis
3334 608 3513 665 domi-

1917 697 2202 752 nabuntur
2223 698 2283 754 ¹².
2313 717 2332 749 ι
2354 698 2664 755 llludebant
2680 700 2826 755 enim
2844 699 3031 756 miseri
3050 699 3283 756 Domino
3301 741 3317 767 ,
3336 715 3513 772 neque

1919 790 2279 846 advertebant
2296 791 2671 862 prepbetieum
2690 791 2983 847 adversum
3002 806 3062 846 se
3077 806 3387 848 sermonem
3409 792 3513 847 im-

1919 883 2056 953 pleri
2090 882 2183 963 qui
2227 883 2343 937 ait:
2383 901 2403 934 ι
2442 881 2701 939 lllusores
2742 897 2933 938 eorum
2992 882 3441 939 dominabuntur.
3487 901 3509 935 ι

1919 963 2038 1030 Hoc
2081 976 2225 1031 enim
2263 982 2349 1031 est
2389 975 2445 1029 in
2492 974 2778 1031 Salvatore
2821 975 3154 1043 mirandum,
3183 975 3330 1047 quod
3358 976 3512 1031 cruci

1929 1063 2121 1121 aliixus
2151 1080 2254 1136 pro
2274 1066 2517 1121 humano
2539 1065 2759 1136 quidem
2785 1081 2986 1137 genere
3014 1073 3320 1138 pateretur,
3346 1067 3514 1121 morti

1923 1171 2054 1211 vero
2089 1157 2370 1224 illuderet,
2400 1167 2454 1212 et
2479 1157 2536 1212 in
2563 1156 2880 1213 Iudaeorum
2912 1159 3121 1213 malum
3151 1158 3516 1229 implerentur

1926 1264 2050 1319 quae
2074 1256 2282 1319 scripta
2312 1256 2519 1306 essent.
2548 1248 2707 1317 Quod
2744 1257 2929 1305 autem
2963 1251 3055 1305 lux
3082 1250 3151 1305 ab
3180 1250 3290 1307 illis
3333 1250 3515 1305 ablata

1925 1340 2021 1405 sit,
2051 1339 2320 1409 scriptum
2349 1348 2434 1395 es:
2479 1339 2535 1393 in
2586 1339 2822 1395 Jeremia
2849 1339 2936 1396 his
2961 1340 3143 1396 verbis
3169 1358 3182 1395 :
3222 1359 3241 1391 ι
3274 1339 3515 1396 Verbum

1925 1430 2073 1501 quod
2110 1430 2313 1484 factum
2367 1438 2454 1487 est
2499 1446 2665 1501 super
2702 1429 2999 1486 Jercmiam
3054 1431 3112 1486 in
3154 1447 3376 1488 omnem
3418 1447 3519 1503 po-

1933 1521 2124 1592 pulum
2166 1519 2308 1576 Juda
2350 1522 2418 1578 ¹⁸.
2468 1541 2489 1576 ι
2534 1522 2736 1578 Postea
2776 1522 2896 1578 haec
2929 1523 3118 1593 adjicit
3153 1541 3168 1579 :
3203 1543 3223 1576 ι
3260 1523 3520 1581 Aul‘eram

1930 1612 2002 1667 ab
2062 1613 2173 1667 illis
2219 1627 2412 1668 vocem
2470 1613 2672 1669 laetitia;
2717 1622 2773 1669 et
2826 1629 3016 1670 vocem
3064 1616 3271 1688 gaudii,
3329 1631 3518 1672 vocem

1932 1704 2123 1773 sponsi
2147 1710 2202 1758 et
2221 1718 2413 1759 vocem
2438 1719 2679 1775 sponsae,
2702 1705 2925 1761 odorem
2955 1707 3221 1779 unguenti
3250 1714 3304 1762 et
3334 1706 3521 1761 lumen

1865 1789 1903 1844 Β
1939 1798 2187 1852 lucerna:
2215 1797 2282 1852 ¹⁴.
2324 1817 2344 1849 ι
2378 1797 2590 1855 Revera
2626 1800 2905 1857 tradidere
2937 1800 3227 1856 Dominum
3257 1802 3521 1873 gentibus

1933 1900 2100 1964 atque
2129 1894 2483 1951 caecutientes
2511 1896 2844 1967 ignorabant
2875 1912 2936 1954 se
2960 1896 3108 1952 haud
3126 1897 3219 1953 diu
3244 1905 3436 1968 postea
3464 1900 3524 1954 in

1932 1985 2190 2057 gentibus
2216 1986 2543 2057 polluendos
2578 2004 2725 2052 esse,
2767 1997 2822 2044 et
2858 1989 2917 2043 in
2947 2002 3106 2045 suam
3141 1989 3525 2046 haereditatem

1934 2085 2126 2149 gentes
2163 2088 2358 2133 contra
2392 2094 2453 2136 se
2497 2080 2847 2150 ingressuras
2884 2095 3029 2146 esse,
3061 2081 3527 2151 quemadmodum

1939 2167 2209 2238 scriptum
2238 2173 2324 2223 est
2349 2186 2365 2223 :
2403 2185 2423 2219 ι
2458 2166 2625 2234 Deus,
2651 2176 2917 2225 venerunt
2944 2177 3133 2241 gentes
3158 2170 3214 2225 in
3235 2170 3527 2227 haeredita-

1935 2269 2050 2316 tem
2079 2267 2257 2325 tuam,
2296 2261 2618 2331 polluerunt
2647 2262 2911 2332 templum
2939 2269 3188 2318 sanctum
3217 2271 3396 2330 tuum,
3424 2277 3527 2334 po-

1937 2358 2170 2407 suerunt
2214 2349 2525 2408 Jerusalem
2581 2354 2639 2408 in
2676 2368 2965 2425 pomorum
3015 2353 3327 2409 custodiam
3378 2355 3447 2412 ¹⁵.
3503 2373 3525 2406 ι

1941 2445 2075 2499 Dum
2104 2451 2373 2516 negarent
2397 2460 2458 2501 se
2486 2444 2780 2499 Dominum
2831 2460 3015 2516 regem
3062 2446 3288 2513 habere,
3317 2444 3536 2517 ignora-

1936 2536 2075 2592 bant
2120 2536 2331 2608 privari
2372 2551 2433 2592 se
2476 2535 2742 2592 Davidico
2792 2537 3003 2594 honore
3054 2556 3068 2592 :
3127 2537 3402 2608 siquidem
3447 2534 3529 2591 illi

1937 2628 2242 2699 repositum
2286 2634 2407 2684 erat
2449 2625 2674 2684 Davidis
2717 2642 2972 2698 regnum,
3029 2628 3176 2698 quod
3224 2641 3402 2698 usque
3455 2627 3528 2683 ad

1942 2716 2250 2775 Salvatoris
2309 2718 2608 2774 adventum
2667 2717 3021 2789 perduravit,
3068 2726 3208 2773 teste
3253 2716 3463 2773 Iacobo
3510 2736 3529 2773 :

1946 2828 1966 2862 ς
2018 2808 2140 2866 Non
2188 2809 2406 2866 deﬁciet
2461 2811 2716 2882 princeps
2757 2826 2827 2866 ex
2863 2808 3028 2873 Juda,
3064 2825 3244 2884 neque
3292 2810 3405 2865 dux
3464 2809 3535 2867 de

1940 2901 2245 2959 femoribus
2296 2903 2441 2973 ejus,
2511 2903 2686 2957 donec
2727 2903 2910 2958 veniat
2953 2903 3046 2958 ille
3090 2904 3180 2958 cui
3228 2901 3533 2976 repositum

1941 2999 2049 3060 est,
2074 2999 2130 3048 et
2161 2992 2281 3062 ipse
2309 2998 2396 3047 est
2430 2992 2767 3062 exspectatio
2789 2992 3033 3063 gentium
3063 2992 3130 3047 ¹⁶.
3169 3010 3188 3043 ι
3225 2991 3291 3046 Et
3318 2991 3538 3047 nudan-

1942 3092 2028 3140 tes
2057 3082 2374 3146 Dominum,
2409 3090 2577 3153 atque
2608 3081 2984 3146 verberantes,
3018 3081 3341 3137 nesciebant
3372 3096 3432 3138 se
3460 3081 3531 3137 ab

1950 3173 2046 3228 illo
2072 3172 2293 3237 nudari,
2318 3182 2371 3227 et
2400 3172 2682 3242 planctum
2723 3171 3078 3243 sibimetipsis
3102 3172 3383 3228 concitare
3409 3188 3426 3240 ;
3463 3173 3541 3227 ait

1948 3265 2151 3336 quippe
2182 3267 2302 3335 ipse
2331 3263 2595 3320 Dominus
2627 3281 2640 3317 :
2679 3282 2698 3317 ι
2739 3263 3000 3320 Auferam
3026 3265 3360 3321 vestimenta
3392 3278 3537 3330 mea,

1947 3358 2357 3425 etlinteamina,
2381 3365 2442 3412 ut
2470 3373 2540 3414 ne
2572 3357 2969 3429 turpitudinem
2999 3358 3121 3428 ejus
3136 3358 3387 3429 operiant
3410 3356 3490 3412 ιτ»
3519 3374 3538 3426 ;

1947 3456 2002 3505 et
2029 3464 2248 3507 rursum
2282 3468 2296 3507 :
2326 3469 2345 3502 ι
2380 3448 2675 3521 Propterea
2714 3450 2934 3522 planget
2978 3458 3033 3506 et
3063 3451 3292 3523 lugebit,
3324 3449 3545 3507 incedet

1951 3542 2288 3599 discalceata
2332 3551 2389 3601 et
2421 3545 2570 3600 nuda
2606 3563 2619 3599 :
2667 3543 2833 3600 faciet
2871 3544 3153 3615 planctum
3194 3543 3365 3598 veluti
3413 3542 3544 3599 dra.

1951 3654 2176 3705 conum,
2209 3646 2266 3695 et
2311 3638 2523 3695 luctum
2559 3638 2731 3695 veluti
2768 3638 3006 3692 ﬁliarum
3033 3637 3278 3693 sirenum
3314 3635 3385 3693 ¹⁸.
3415 3653 3445 3688 ι
3476 3633 3544 3688 Et

1951 3739 2217 3789 curantes
2250 3737 2311 3786 ut
2345 3731 2719 3803 imponeretur
2749 3730 2800 3786 ei
2829 3730 3074 3799 chlamys
3110 3727 3393 3791 coccinea,
3422 3741 3535 3781 non

1951 3824 2214 3880 viderunt
2265 3839 2326 3880 se
2374 3823 2665 3879 adversum
2712 3836 2774 3878 se
2818 3820 3047 3890 implere
3099 3818 3249 3873 illam
3306 3815 3544 3889 Spiritus

1954 3915 2137 3971 sancti
2183 3914 2595 3970 accusationem
2644 3932 2660 3969 :
2709 3929 2731 3965 ι
2781 3910 2976 3967 Manus
3035 3918 3236 3967 vestrae
3278 3908 3557 3981 sanguino-

1954 4014 2086 4065 sunt
2134 4008 2310 4079 plenae
2362 4008 2427 4062 ³⁸.
2459 4026 2478 4060 ι
2513 4006 2828 4064 Gaudentes
2850 4014 3033 4061 autem
3091 4006 3237 4077 quod
3295 4002 3548 4060 Salvator

1955 4100 2131 4172 spinis
2175 4098 2632 4166 circumdarctur,
2682 4099 3067 4163 caacutiebant,
3126 4112 3240 4152 non
3296 4095 3546 4152 videntes

1956 4208 2017 4249 se
2068 4193 2193 4248 illas
2234 4199 2431 4248 contra
2477 4206 2602 4248 sese
2641 4190 3060 4262 circumponere
3100 4208 3115 4244 :
3162 4187 3429 4260 scriptum
3461 4197 3548 4243 est

1955 4285 2103 4340 enim
2127 4303 2141 4340 :
2165 4301 2185 4335 ι
2210 4282 2616 4354 Obstupescite,
2644 4283 2849 4355 lugete,
2876 4299 2999 4355 quae
3023 4282 3079 4337 in
3110 4280 3310 4337 ﬁducia
3337 4279 3544 4344 l‘uistis,

1956 4376 2143 4431 exuite
2187 4390 2308 4441 vos,
2354 4374 2517 4431 nudae
2556 4382 2755 4441 estote,
2783 4373 3196 4447 circumcingite
3228 4373 3470 4437 lumbos,
3492 4380 3551 4428 et

250 4466 522 4528 τιθέντες.
549 4465 869 4537 Γέγραπται
903 4467 1041 4538 γάρ’
1083 4484 1102 4517 ι
1133 4466 1426 4536 Ἐκστητε,
1468 4463 1769 4535 λυπήθητε,
1797 4466 1841 4517 αἱ

1958 4481 2123 4537 super
2150 4467 2318 4523 ubera
2350 4468 2632 4538 planctum
2659 4466 2822 4523 facite
2843 4466 2913 4521 ab
2951 4480 3084 4537 agro
3114 4463 3406 4532 desiderii,
3435 4470 3491 4520 et
3516 4478 3552 4519 a

254 4559 603 4624 πεποιθυῖαι,
639 4557 958 4623 ὲκδύσασθε,
1003 4558 1211 4631 γυμναὶ
1250 4558 1499 4628 γένεσθε,
1547 4557 1859 4630 περιζώσα-

256 4650 349 4705 σθε
384 4650 492 4714 τὰς
521 4649 753 4718 ὀσφύας,
795 4649 890 4703 καὶ
929 4651 1022 4704 ἐπὶ
1059 4649 1170 4704 τῶν
1198 4649 1423 4722 μασθῶν
1451 4649 1716 4704 κόπτεσθε
1750 4649 1859 4703 ἀπὸ

255 4742 436 4816 ἀγροῦ
481 4729 925 4815 ἐπιθυμήματος,
972 4745 1067 4799 καὶ
1104 4745 1213 4799 ἀπὸ
1251 4744 1498 4816 ἀμπέλου
1526 4744 1858 4814 γενήματος.

266 4837 337 4890 Ἦ
367 4835 447 4906 γῆ
479 4834 580 4889 τοῦ
605 4834 735 4889 λαοῦ
770 4853 871 4908 μου
909 4836 1140 4903 ἄκανθα,
1164 4839 1261 4893 καὶ
1282 4836 1475 4909 χόρτος
1508 4834 1858 4907 ἀναϐήσεται,

258 4927 353 4984 καὶ
380 4929 449 4980 ὲκ
466 4925 654 5000 πάσης
678 4926 859 4992 οίκίας
887 4927 1195 5001 εὐφροσύνη
1219 4927 1546 5001 ἀρθήσεται.
1578 4945 1598 4979 ι
1618 4924 1864 4996 Ἐχλιεύα-

1953 4560 2114 4616 vinea
2167 4560 2607 4631 germinationis.
2659 4559 2831 4617 Terra
2880 4559 3069 4631 populi
3100 4559 3209 4616 mei
3265 4558 3446 4629 spina,
3494 4563 3553 4612 et

1957 4651 2146 4709 fenum
2194 4653 2480 4718 ascendet,
2532 4662 2587 4708 et
2635 4667 2703 4708 ex
2758 4653 2910 4707 omni
2955 4652 3119 4707 domo
3163 4651 3356 4708 laetitia
3405 4648 3552 4707 aufe.

1956 4750 2111 4799 retur
2154 4743 2224 4798 ³ο.
2261 4762 2280 4796 ι
2338 4742 2633 4799 Dominum
2679 4742 3004 4809 irridebant,
3068 4750 3130 4797 ut
3195 4740 3398 4797 Filium
3451 4737 3551 4795 Dei

1961 4834 2113 4907 (sese
2163 4834 2502 4909 dicentem),
2542 4851 2727 4908 neque
2778 4836 3040 4893 videbant
3089 4851 3150 4893 se
3197 4833 3550 4906 ad0ptionem

1963 4927 2228 4998 abjicere,
2255 4934 2318 4982 ut
2346 4927 2463 4999 ipse
2483 4936 2716 4985 testatur
2745 4928 2834 4985 his
2860 4929 3046 4985 verbis
3077 4947 3094 4985 :
3129 4944 3149 4979 ι
3185 4924 3359 4982 Filios
3384 4940 3555 4997 gene-

331 5083 378 5118 ¹²
417 5081 531 5138 Isa.
569 5098 653 5145 ιιι,
689 5084 754 5148 5,
790 5083 891 5139 14
988 5085 1034 5117 ¹³
1070 5083 1274 5141 Jerem.
1308 5099 1438 5144 xxv,
1476 5083 1528 5136 1.
1610 5083 1653 5114 ἰ
1682 5082 1813 5137 ibid.

2031 5082 2075 5114 ¹⁸
2097 5081 2243 5138 Psal.
2280 5096 2525 5150 Lxxvm,
2562 5084 2614 5140 1.
2694 5083 2739 5116 ⁸⁸
2762 5081 2964 5140 Genes.
2999 5097 3149 5144 xux,
3176 5081 3263 5137 10.
3343 5077 3388 5110 ⁸⁷
3409 5076 3557 5133 Osee

266 5169 341 5220 ιι,
378 5155 436 5212 9.
520 5154 562 5186 ⁸⁸
602 5154 770 5210 idicb.
807 5171 861 5221 ι,
898 5153 952 5211 8.
1031 5155 1073 5187 ¹⁹
1113 5154 1219 5209 lsa.
1260 5171 1305 5220 1,
1347 5156 1432 5210 15.

337 5332 484 5457 (ὅδὲ)
502 5331 710 5404 Regius
751 5341 808 5388 et
840 5334 974 5389 edit.
1002 5333 1292 5400 Commel.,
1326 5335 1666 5399 Δαυῖτικοῦς.
1709 5335 1855 5392 Edit.

340 5418 403 5457 ro
487 5406 623 5457 aris.
647 5412 703 5457 et
729 5406 846 5457 alii.
878 5404 1193 5457 Δαϐιτικῆε.
1222 5405 1415 5457 Porro.
1452 5408 1529 5457 ait
1552 5405 1723 5457 Felc..
1777 5416 1855 5457 est

267 5418 403 5458 vero
438 5404 623 5458 Paris.
647 5412 703 5458 et
729 5406 846 5467 alii,
878 5404 1193 5474 Δαϐιτικῆς.
1222 5405 1415 5469 Porro,
1452 5408 1529 5459 ait
1552 5405 1723 5473 Felc.,
1777 5416 1857 5462 est

270 5474 329 5527 in
371 5474 556 5546 codice
593 5474 827 5544 quodam
878 5475 1488 5546 Biblioth.Arc/¢ipalat.
1526 5476 1692 5531 codex
1728 5493 1859 5544 ms.,

272 5545 364 5612 qui
396 5545 535 5619 inter
559 5546 678 5619 alia
699 5547 929 5619 continet
956 5563 1178 5619 quoque,
1220 5545 1415 5618 ἔρανον
1444 5547 1510 5619 ἐκ
1538 5546 1633 5619 τοῦ
1662 5564 1862 5619 χρυσο-

271 5614 571 5685 κεφαλαίου
608 5616 709 5683 (sic
744 5614 1081 5670 inscribitur’
1105 5614 1300 5685 absque
1359 5614 1862 5672 collectoris'i'tami-

277 5686 362 5753 ne)
397 5686 453 5739 in
494 5687 823 5755 particulam
866 5687 1150 5758 quamdam
1180 5689 1339 5756 primi
1378 5701 1497 5758 cap.
1533 5686 1711 5758 Lacte.
1756 5687 1863 5752 Qui

282 5766 432 5812 cuto
462 5758 518 5812 in
545 5758 645 5811 illa
676 5757 832 5812 verba
853 5756 956 5813 {Et
988 5766 1107 5815 erat
1136 5758 1190 5813 in
1226 5759 1421 5815 diebus
1457 5756 1688 5815 Herodis
1718 5758 1864 5827 regis

1514 5154 1558 5186 ⁸ο
1601 5153 1705 5210 lsa.
1744 5168 1931 5219 xxxn,
1969 5153 2070 5221 11,
2108 5153 2195 5208 12.

1962 5333 2122 5395 Juda,
2157 5336 2295 5389 hunc
2325 5332 2498 5387 locum
2524 5331 2600 5386 sic
2624 5331 2753 5385 citat
2779 5345 2798 5385 .'
2835 5327 3152 5383 Ἀθανασίου
3180 5327 3261 5390 είς
3279 5323 3371 5378 τὸν
3392 5341 3553 5395 σταυε

1967 5394 2185 5479 ρύνςᾯ
2212 5404 2507 5479 ἀπόκειται
2550 5404 2610 5479 ή“
2639 5401 2903 5479 ᾼαϐιτικὴ
2943 5397 3229 5479 ⁸βασιλεία,
3262 5396 3356 5479 καὶ
3388 5394 3553 5477 μέχρι

1962 5463 2062 5547 τῆς
2090 5463 2411 5547 ἑτέιφᾲανείας
2448 5463 2874 5547 αύτόῦᾼέφθανεν
2891 5463 3081 5547 ξαξέἱίιςη,⁸
3093 5467 3187 5520 ἐπὶ
3213 5463 3563 5547 μᾴρτ-υριέῷ

1978 5535 2453 5614 ’1ἇκὼ6,’λέγοντι’
2487 5544 2601 5614 Ούκ
2625 5535 2849 5613 ὲκλήψει
2886 5535 3234 5614 (εἱρ)’ἄρχων
3264 5535 3324 5608 ἑξ
3358 5535 3553 5603 Ἰούδα,

1966 5618 2069 5671 καὶ*
2089 5615 2158 5669 τὰ
2186 5612 2332 5686 ἑξῆς.
2374 5613 2504 5668 Han:
2526 5612 2620 5686 ibi.

2040 5686 2150 5759 (66)
2189 5683 2413 5758 Regius,
2451 5683 2754 5757 χαίροντες.
