3890 6200
324 406 329 413 ,
368 339 479 398 eis

1522 329 1580 385 S.
1624 324 2094 384 ATHANASIUS.
2137 351 2209 366 ο-
2247 318 2477 379 DUBIA.

3549 305 3659 361 ΞΗ

369 464 491 518 ravi
535 470 590 518 et
632 458 900 523 exaltavi,
938 457 1043 529 ipsi
1087 463 1273 512 autem
1322 463 1651 526 spreverunt
1697 468 1786 508 me
1828 452 1897 505 ²¹.
1938 469 1958 504 ι

2078 450 2160 515 ζον
2193 448 2285 501 τὸν
2311 445 2540 518 Κύριον,
2569 442 2646 506 ὡς
2678 440 2805 493 Υίδν
2835 436 2996 505 Θεοῦ,
3025 436 3121 491 καὶ
3149 434 3249 489 οὐκ
3276 431 3502 486 ἔϐλεπον
3531 431 3664 485 ἀπο-

370 554 440 610 Ει
479 573 494 608 :
539 572 558 605 ι
598 552 739 607 Ecce
765 550 1097 622 relinquitur
1122 547 1298 619 “vobis
1345 547 1547 601 domus
1598 551 1783 600 vestra
1826 544 1892 595 “.
1936 560 1955 593 ι

370 640 646 698 Potabant
676 658 802 699 eum
846 650 1002 696 aceto
1034 646 1088 695 et
1134 637 1279 705 felle,
1315 636 1410 693 sed
1431 637 1536 690 hac
1566 635 1621 689 in
1656 650 1718 690 re
1745 648 1963 705 quoque

372 735 532 792 valde
561 736 712 790 caeci.
734 732 870 788 Nam
897 731 1041 789 Deus
1071 731 1286 786 vineam
1318 746 1384 785 ex
1401 728 1638 800 Egypto
1666 726 1963 782 transtule-

371 836 482 893 rat,
531 835 586 882 et
634 828 978 897 plantaverat
1032 824 1204 885 illam.
1253 830 1309 879 et
1367 821 1708 892 exspectavit
1752 836 1819 875 ex
1872 819 1964 873 illa

373 934 436 975 se
474 926 862 990 percepturum
892 916 1161 981 fructum,
1187 929 1349 970 uvam
1387 921 1442 967 et
1473 913 1660 967 vinum
1700 931 1713 966 :
1747 912 1825 965 illi
1861 926 1963 965 au-

370 1018 485 1066 tem
524 1010 846 1081 insipientes
883 1023 981 1079 pro
1009 1008 1139 1063 vino
1174 1014 1411 1070 acetum,
1445 1019 1546 1075 pro
1588 1019 1694 1059 uva
1738 1004 1809 1059 fel
1838 1004 1966 1060 red-

375 1103 565 1159 didere
601 1122 614 1157 :
652 1110 1034 1174 argumentum
1066 1118 1201 1157 sane
1237 1100 1589 1157 Sodomitica:
1620 1115 1735 1155 suae
1760 1100 1964 1169 impro-

373 1196 560 1252 bitatis
594 1194 959 1262 exhibentes;
989 1195 1106 1265 82
1148 1195 1367 1249 illorum
1410 1195 1557 1250 enim
1599 1208 1706 1247 uva
1747 1191 1819 1246 fel
1857 1197 1963 1259 est,

371 1297 434 1343 ut
476 1288 535 1343 in
573 1287 998 1343 Deuteronomio
1037 1285 1306 1357 scriptum
1344 1293 1431 1341 est
1463 1287 1532 1343 ’³.
1562 1285 1691 1341 ldeo
1725 1299 1966 1354 namque

372 1378 644 1436 Dominus
670 1388 725 1436 et
761 1378 1011 1434 Salvator
1041 1386 1262 1443 noster,
1307 1394 1433 1434 cum
1475 1379 1644 1434 sciret
1689 1376 1965 1448 ejusmodi

373 1471 621 1526 fructum
650 1473 720 1527 ab
752 1472 863 1527 illis
890 1479 1286 1543 proventurum
1307 1511 1321 1534 ,
1353 1471 1608 1542 praedixit
1654 1470 1765 1526 illis
1805 1484 1967 1541 para-

372 1566 558 1621 bolam
613 1564 764 1630 vitis,
822 1574 877 1621 et
931 1565 1078 1635 quod
1133 1565 1203 1620 ab
1247 1564 1357 1620 illis
1410 1562 1770 1620 auferendum
1819 1569 1966 1620 esset

373 1675 603 1733 regnum
658 1660 969 1724 caelorum,
1025 1657 1467 1727 tradendumque
1534 1655 1682 1726 genti
1742 1653 1966 1709 facienti

372 1753 591 1808 fructus
630 1751 771 1822 ejus.
804 1751 886 1804 Ad
926 1751 1064 1815 haec,
1116 1750 1354 1805 divisere
1393 1747 1750 1803 carnificibus
1792 1747 1964 1800 vesti-

2072 540 2393 612 ϐαλλόμενοι
2416 537 2515 608 τήν
2537 532 2811 588 υἱοθεσίαν
2842 529 2976 603 (67),
3009 529 3085 593 ὡς
3113 525 3276 590 αὐτὸς
3301 522 3666 596 διαμαρτύρο·

2068 652 2160 689 ται
2191 633 2365 702 λέγων
2386 648 2398 662 ·
2432 650 2451 682 ι
2481 629 2647 692 Υἱοὺς
2680 626 2943 695 ἐγέννησα
2965 624 3060 676 καὶ
3083 619 3297 690 ὕψωσα,
3330 616 3484 670 αὐτοὶ
3505 615 3563 669 δέ
3592 632 3665 686 με

2069 727 2377 797 ἠθέτησανο
2408 743 2427 776 ι
2464 723 2579 787 καὶ,
2610 740 2629 772 ι
2652 719 2785 772 Ἰδοὺ
2815 717 3037 787 ἀφίεται
3059 714 3189 784 ὑμῖν
3217 713 3247 765 6
3276 707 3422 775 οἶκος
3448 707 3659 781 ὑμῶν.)

2040 832 2041 835 ‘
2085 818 2365 882 Ἐπότιςον
2391 815 2554 870 αὑτὸν
2580 813 2701 880 ὅξος
2730 813 2827 866 καὶ
2855 808 3039 881 χολὴν,
3070 804 3206 860 ἀλλὰ
3229 802 3503 857 καὶτοῦτο
3530 801 3665 870 σφό-

2070 911 2175 983 δρα
2216 907 2418 977 τυφλὸν
2450 904 2571 958 κατ’
2608 901 2810 957 αὐτῶν.
2849 900 2907 952 Ὀ
2951 897 3049 969 μὲν
3072 894 3200 972 ⁸γὰρ
3243 891 3375 954 Θεὸς
3418 889 3667 962 ἄμπελον

2073 981 2132 1070 ἐξ
2178 1000 2457 1070 Αἰγύπτου
2497 996 2723 1069 μετῆρε,
2768 992 2865 1047 καὶ
2909 987 3314 1059 κατεφύτευσεν
3342 984 3533 1055 αὐτὴν,
3567 981 3667 1037 καλ⁵

2075 1094 2373 1168 περιέμενε
2401 1090 2496 1145 τοῦ
2527 1089 2716 1144 λαϐεῖν
2749 1085 2880 1158 παρ’
2912 1082 3093 1138 αὐτῶν
3132 1080 3224 1133 τὸν
3270 1077 3503 1150 καρπὸν,
3533 1092 3665 1128 στα-

2073 1162 2257 1258 φυλὴν
2281 1187 2376 1240 καὶ
2400 1180 2542 1237 οἶνον
2561 1198 2575 1213 ⁸
2609 1183 2657 1236 οἱ
2683 1180 2742 1234 δὲ
2768 1162 3023 1249 ἄφρονες,
3053 1175 3174 1228 ἀντὶ
3205 1171 3347 1225 οἴνου
3375 1168 3516 1234 ὅξος,
3544 1166 3668 1222 ἀντὶ

2072 1281 2130 1336 δὲ
2175 1277 2451 1349 σταφυλῆς
2497 1274 2661 1347 χολὴν
2710 1270 3008 1333 ἐπεδίδουν,
3053 1265 3344 1338 γνώρισμα
3389 1265 3491 1333 τῆς
3522 1260 3669 1315 κατὰ

2073 1369 2370 1442 Σοδομίτας
2413 1366 2593 1422 αὐτῶν
2626 1363 2825 1425 κακίας
2852 1358 3243 1431 ἐμφαίνοντες·
3291 1354 3385 1407 καὶ
3431 1351 3541 1424 γὰρ
3568 1351 3669 1406 αύ-

2012 1451 2017 1457 δ
2072 1462 2184 1516 τῶν
2214 1464 2249 1533 ἡ
2283 1458 2529 1530 σταφυλὴ
2556 1457 2686 1529 χολή
2716 1457 2856 1518 ἐστι,
2882 1449 3025 1506 κατὰ
3049 1449 3119 1503 τὰ
3154 1450 3212 1501 ὲν
3240 1445 3320 1518 τῷ
3347 1447 3671 1515 Δευτερονο-

2078 1555 2186 1626 μίῳ
2210 1550 2594 1623 γεγραμμένα.
2623 1548 2723 1601 Διὰ
2747 1545 2906 1599 τοῦτο
2936 1541 3046 1613 γὰρ
3073 1543 3101 1595 6
3128 1538 3334 1612 Κύριος
3359 1538 3454 1591 καὶ
3473 1534 3670 1607 Σωτὴρ

2075 1645 2256 1717 ἡμῶν,
2289 1642 2445 1706 εἰδὼς
2468 1641 2560 1695 τὸν
2593 1638 2723 1710 παρ’
2755 1634 2935 1690 αὐτῶν
2971 1633 3230 1704 ἐσόμενον
3263 1630 3506 1683 τοιοῦτον
3532 1643 3672 1697 καρ-

2076 1739 2199 1799 πὸν,
2236 1735 2533 1808 προέλεγεν
2571 1733 2755 1795 αὐτοῖς
2792 1728 2890 1798 τὴν
2927 1723 3240 1799 παραϐολὴν
3269 1721 3364 1775 τοῦ
3407 1718 3674 1793 ἀμπελῶ-

372 1854 584 1911 menta,
614 1842 794 1914 ignari
823 1842 1113 1897 divisionis
1137 1838 1613 1911 dispersionisque
1641 1836 1839 1892 futurae
1866 1836 1969 1892 sibi

2078 1850 2186 1899 νος,
2210 1832 2307 1885 καὶ
2331 1831 2412 1883 ὅτι
2438 1827 2740 1901 ἀρθήσεται
2769 1823 2861 1892 ἀφ’
2890 1820 3044 1892 ὑμῶν
3070 1817 3180 1890 (68)
3213 1819 3248 1888 ἡ
3286 1815 3531 1887 βασιλεία
3556 1812 3672 1867 τῶν

372 1938 519 1993 inter
546 1943 739 2008 gentes
781 1953 797 1992 :
838 1934 915 1989 ait
959 1934 1107 1988 enim
1137 1933 1404 2004 propheta
1450 1950 1464 1985 :
1515 1950 1533 1983 ι
1580 1928 1722 1985 Ecce
1747 1930 1968 1985 venient

375 2031 496 2086 dies
545 2028 786 2092 Domini,
835 2036 890 2083 et
941 2024 1257 2081 dividentur
1301 2023 1479 2095 spolia
1526 2030 1622 2077 tua
1680 2023 1734 2077 in
1788 2030 1863 2077 te.
1901 2020 1969 2074 Et

375 2119 722 2191 congregabo
758 2132 953 2172 omnes
1003 2124 1193 2187 gentes
1240 2114 1310 2170 ad
1358 2112 1663 2169 Jerusalem
1714 2112 1771 2166 in
1826 2126 1972 2182 prae-

374 2215 532 2281 lium,
564 2222 619 2269 et
661 2212 910 2282 capietur
956 2211 1169 2277 civitas,
1206 2214 1262 2264 et
1301 2207 1631 2277 diripientur
1660 2205 1882 2269 domus,
1914 2211 1970 2260 et

374 2307 638 2362 mulieres
672 2303 1105 2360 violabuntur“.
1136 2320 1154 2353 ι
1178 2300 1247 2355 Et
1281 2315 1538 2356 rursum:
1563 2317 1583 2351 ‹
1606 2297 1765 2353 Nunc
1786 2312 1971 2352 come-

374 2401 470 2455 det
516 2398 716 2469 rubigo
750 2404 929 2453 sortes
970 2410 1162 2452 eorum
1187 2396 1257 2448 ιδ.
1295 2414 1314 2447 ι
1352 2392 1420 2448 Ει
1458 2402 1519 2448 ut
1540 2392 1794 2448 Michzeas
1833 2391 1910 2445 ait
1952 2409 1965 2445 :

381 2512 401 2545 ι
443 2490 504 2546 In
540 2491 634 2545 illa
663 2490 753 2545 die
782 2494 1033 2545 sumetur
1058 2501 1225 2557 super
1257 2500 1355 2541 vos
1385 2484 1667 2555 parabola,
1699 2491 1754 2538 et
1785 2482 1971 2553 plora-

375 2595 471 2656 tus
510 2600 636 2640 cum
674 2582 915 2646 cantico,
949 2580 1037 2636 his
1070 2577 1314 2650 verbis_:
1348 2575 1623 2631 IErumna
1655 2588 1970 2629 aerumnosa

375 2678 523 2735 facta
552 2684 638 2733 est
671 2676 850 2747 portio
891 2673 1078 2746 p0puli
1121 2672 1250 2736 mei,
1274 2669 1522 2726 funiculo
1563 2667 1800 2723 dimensi
1842 2675 1971 2723 sunt

376 2770 552 2835 illam,
590 2784 691 2823 nec
723 2775 844 2823 erat
873 2766 964 2837 qui
995 2764 1284 2835 impediret
1311 2777 1437 2818 eum
1472 2776 1542 2817 ne
1581 2766 1921 2815 averteretur
1954 2777 1967 2812 :

378 2876 542 2934 agros
583 2868 798 2917 vestros
844 2857 1075 2913 dimensi
1120 2863 1250 2912 sunt
1282 2856 1349 2909 ³⁸.
1386 2874 1405 2907 ι
1445 2853 1513 2906 Ει
1553 2862 1613 2907 ut
1644 2851 1972 2923 compendio

377 2956 585 3021 dicam,
619 2954 884 3023 adversus
919 2949 1211 3005 Dominum
1243 2947 1388 3011 ausi,
1433 2961 1590 3002 suam
1629 2944 1734 3014 ipsi
1778 2951 1972 2998 contra

380 3064 506 3105 sese
545 3045 920 3118 provocabant
956 3043 1124 3107 diem,
1160 3056 1325 3112 quam
1358 3038 1614 3110 praedixit
1644 3037 1911 3107 propheta
1954 3053 1969 3091 :

383 3160 405 3195 ι
452 3140 580 3196 Dies
627 3138 773 3207 enim
824 3134 1022 3208 judicii
1072 3133 1309 3197 Domini,
1352 3129 1736 3186 retributionis
1774 3125 1971 3197 judicii

2076 1925 2345 2001 οὐρανῶν,
2374 1925 2470 1979 καὶ
2498 1921 2784 1992 δοθήσεται
2815 1917 2957 1971 ἔθνει
2993 1911 3237 1969 ποιοῦντι
3268 1912 3395 1976 τοὺς
3419 1908 3675 1982 καρποὺς

2077 2020 2271 2090 αὐτῆς,
2298 2016 2445 2089 Πρὸς
2468 2012 2678 2075 τούτοις
2703 2010 2925 2082 διήρουν
2962 2006 3032 2061 τὰ
3059 2005 3253 2079 ἱμάτια
3284 2004 3397 2067 τοῖς
3430 2001 3670 2074 δημίοις,

2076 2112 2177 2183 οὐχ
2209 2110 2444 2183 ὁρῶντες
2472 2109 2565 2161 τὸν
2608 2106 2730 2161 κατ’
2764 2104 2942 2159 αὐτῶν
2971 2106 3029 2157 ὲν
3062 2104 3174 2165 τοῖς
3204 2100 3382 2154 ἔθνεσι
3415 2098 3677 2169 γιγνόμε-

2077 2220 2166 2258 νον
2217 2199 2485 2273 μερισμόν
2521 2197 2662 2270 (69)·
2698 2196 2831 2268 φησι
2871 2193 2980 2266 γὰρ
3022 2194 3052 2245 6
3099 2192 3420 2264 προφήτης·
3475 2207 3493 2240 ι
3539 2187 3674 2241 Ἰδοὺ

2079 2294 2288 2367 ἡμέραι
2325 2292 2579 2364 ἔρχοντα.
2632 2288 2726 2343 τοῦ
2773 2287 3004 2359 Κυρίου,
3047 2285 3143 2338 καὶ
3186 2281 3678 2358 διαμερισθήσεται

2077 2389 2149 2444 τὰ
2172 2387 2345 2442 σκύλα
2376 2404 2469 2439 σου
2517 2387 2574 2439 ὲν
2610 2382 2712 2437 σοί.
2751 2381 2862 2434 Καὶ⁸
2888 2376 3199 2444 ὲπισυνάξω
3229 2377 3408 2429 πάντα
3447 2373 3516 2427 τὰ
3543 2372 3676 2444 ἔθνη

2079 2486 2161 2547 είς
2206 2482 2444 2552 πόλεμον
2484 2480 2567 2543 εἰς
2608 2474 2969 2549 Ἰερουσαλὴμ
3006 2471 3140 2541 (70),
3184 2471 3280 2524 καὶ
3324 2467 3590 2523 ἁλώσεται
3636 2467 3675 2538 ἡ

2080 2575 2255 2639 πόλις,
2291 2574 2389 2626 καὶ
2419 2570 2888 2643 διαρπαγήσονται
2916 2567 2972 2619 αἱ
2992 2566 3185 2630 οἰκίαι,
3213 2564 3308 2640 καὶ
3333 2563 3390 2616 αἱ
3420 2562 3680 2631 γυναῖκες

2083 2671 2539 2746 μολυνθὴσονται·
2585 2687 2603 2721 ι
2641 2662 2737 2720 καὶ
2771 2664 2968 2717 πάλινσ
3023 2680 3041 2713 ι
3085 2659 3201 2714 Νῦν
3235 2655 3678 2727 καταφάγεταιὴ

2081 2764 2304 2837 ἐρυσίϐη
2334 2761 2449 2835 (7i)
2482 2761 2611 2824 τοὺς
2637 2758 2875 2829 κλήρους
2897 2754 3106 2811 αὐτῶνθ
3134 2772 3153 2805 ι
3186 2753 3280 2806 καὶ
3309 2749 3493 2813 καθὼς
3517 2749 3545 2800 6
3570 2748 3682 2801 Μι-

2080 2836 2243 2926 χαίας
2272 2852 2436 2922 φησί·
2475 2869 2494 2903 ι
2528 2850 2609 2921 Τῇ
2637 2846 2821 2920 ἡμέρᾳ
2843 2844 3027 2917 ἐκείνῃ
3054 2841 3391 2914 ληφθήσεται
3418 2837 3501 2908 ἐφ’
3529 2836 3681 2907 ὑμᾶς

2081 2943 2393 3016 παραϐολὴ,
2436 2941 2534 2996 καὶ
2583 2940 2914 3012 θρηνήσεται
2958 2934 3155 3006 θρῆνος
3199 2930 3397 3003 ἐμμεεὶ
3441 2928 3550 3000 (72)
3585 2927 3682 2981 λέ-

2080 3055 2193 3107 γων
2208 3056 2221 3069 ο
2238 3033 2596 3106 Ταλαιπωρίᾳ
2611 3028 3027 3101 ὲταλαιπώρησε
3048 3026 3206 3099 μερὶς
3223 3023 3352 3078 λαοῦ
3379 3040 3501 3094 μου,
3517 3038 3684 3075 κατε-

2086 3128 2331 3201 μετρήθη
2370 3130 2427 3181 ὲν
2473 3124 2710 3197 σχοινίῳ,
2777 3123 2879 3177 ούκ
2920 3119 2988 3194 ἦν
3033 3123 3061 3175 ὁ
3095 3118 3320 3173 κωλύων
3358 3115 3522 3169 αὐτὸν
3583 3112 3683 3166 τοῦ

382 3232 540 3289 Sion.
593 3230 659 3286 Et
710 3206 1108 3285 convertentur
1152 3225 1324 3281 valles
1372 3224 1431 3278 in
1487 3223 1687 3293 picem,
1728 3227 1784 3274 et
1828 3226 1970 3276 terra

2083 3220 2460 3293 ἀποστρέψαι’
2504 3219 2555 3272 οί
2601 3216 2764 3288 ἀγροὶ
2797 3215 2951 3287 ὑμῶν
2996 3210 3453 3284 διεμετρήθησαν.
3501 3227 3520 3261 ι
3556 3206 3687 3278 ίΚαὶ

377 3324 502 3395 ejus
554 3325 614 3378 in
667 3322 919 3393 sulphur.
966 3319 1196 3389 Eritque
1246 3325 1392 3372 terra
1440 3329 1632 3370 eorum
1676 3313 1836 3383 quasi
1882 3311 1970 3382 pix

2083 3314 2360 3370 συνελόντι
2404 3312 2632 3384 φράσαι,
2680 3310 3055 3381 τολμήσαντες
3110 3305 3253 3366 κατὰ
3304 3302 3398 3357 τοῦ
3449 3300 3684 3372 Κυρίου,

381 3418 586 3474 ardens
616 3427 778 3471 nocte
818 3422 874 3469 et
910 3413 1021 3477 die,
1047 3420 1102 3468 et
1124 3427 1235 3479 non
1266 3409 1653 3479 exstinguetur
1683 3407 1739 3460 in
1776 3405 1970 3476 sempi-

2081 3404 2203 3459 καθ’
2246 3403 2454 3457 ἑαυτῶν
2486 3402 2585 3474 τὴν
2625 3400 2842 3472 ἡμέραν
2889 3397 3385 3472 προσεκαλέσαντο,
3428 3394 3497 3471 ἢν
3543 3409 3688 3466 προ-

380 3521 625 3574 ternum,
670 3508 1037 3578 ascendetque
1071 3505 1257 3560 fumus
1298 3504 1419 3573 ejus
1468 3516 1713 3558 sursum.
1756 3498 1883 3554 Haec
1923 3499 1970 3552 iu

2080 3499 2236 3567 έλεγε
2264 3497 2360 3550 καὶ
2397 3497 2426 3549 6
2462 3494 2785 3567 προφήτης’
2829 3511 2849 3544 ι
2892 3492 3107 3566 Ἡμέρα
3149 3490 3255 3567 γὰρ
3297 3488 3535 3559 κρίσεως
3562 3487 3689 3539 Κυ-

382 3602 794 3678 generationem
823 3599 1191 3665 desolabitur,
1227 3603 1283 3652 et
1321 3594 1652 3650 habitabunt
1683 3593 1740 3647 in
1784 3607 1850 3647 ea
1885 3607 1970 3645 vo-

2084 3592 2224 3663 ρίου,
2272 3587 2684 3650 ἁνταποδόσεως
2716 3585 2955 3658 κρίσεως
2995 3583 3153 3637 Σιών.
3190 3583 3301 3636 Καὶ
3342 3580 3691 3654 πραφὴσον-

380 3673 569 3749 lucres
609 3699 664 3746 et
699 3689 964 3754 erinacei,
994 3696 1049 3744 et
1077 3686 1254 3742 ibides
1287 3692 1343 3740 et
1379 3684 1553 3739 corvi.
1588 3681 1658 3735 Et
1687 3679 1970 3735 inducetiu

2080 3701 2174 3739 ται
2219 3683 2278 3735 αἱ
2320 3682 2606 3752 φάραγγες
2665 3680 2746 3742 είς
2797 3679 3020 3743 πίσσαν,
3056 3677 3212 3746 καὶὴ
3260 3674 3334 3747 γῆ
3383 3673 3552 3743 αὐτῆς
3602 3673 3691 3737 εἰς

383 3786 444 3841 in
479 3799 601 3841 eam
642 3781 926 3837 funiculus
969 3778 1284 3852 geometriae
1311 3775 1503 3842 eremi,
1535 3781 1591 3830 et
1620 3771 1981 3829 onocentauri

384 3875 719 3932 habitabunt
781 3874 839 3928 in
902 3888 987 3928 ea.
1049 3869 1342 3941 Principes
1403 3867 1526 3938 ejus
1590 3882 1703 3922 non
1761 3872 1979 3931 erunt;

382 3983 545 4037 reges
593 3974 648 4022 et
704 3971 992 4036 magnates
1043 3962 1163 4032 cjus
1208 3968 1372 4016 erunt
1431 3960 1489 4014 in
1539 3957 1861 4030 perniciem.
1916 3954 1985 4009 Et

384 4060 742 4133 pullulabunt
778 4060 836 4114 in
874 4056 1194 4112 civitatibus
1232 4053 1354 4124 ejus
1393 4053 1542 4122 ligna
1582 4051 1794 4120 spinea,
1831 4057 1888 4104 et
1927 4048 1982 4101 in

386 4152 664 4229 praesidiis
695 4151 838 4221 ejus.
877 4148 947 4202 Et
984 4149 1090 4203 erit
1118 4146 1399 4204 stabulum
1431 4145 1701 4207 sirenum,
1733 4151 1788 4197 et
1820 4149 1985 4211 tugu-
2032 4137 2037 4141 ’

385 4249 531 4303 rium
572 4246 974 4316 struthionum,
1004 4250 1060 4297 et
1098 4247 1391 4295 occurrent
1421 4235 1692 4291 daemonia
1741 4247 1985 4289 onocen-

384 4340 585 4406 tauris,
624 4346 679 4394 et
705 4336 1023 4393 clamabunt
1068 4333 1206 4388 alter
1249 4330 1318 4385 ad
1361 4329 1616 4384 alterum.
1666 4325 1745 4381 lbi
1802 4324 1987 4394 requi-

2085 3777 2249 3831 θεῖον.
2284 3776 2397 3833 Καὶ
2431 3773 2584 3827 ἔσται
2615 3774 2649 3843 ἡ
2685 3772 2758 3843 γῆ
2792 3772 2961 3842 αὐτῆς
2998 3771 3074 3835 ὡς
3096 3769 3264 3823 πίσσα
3294 3766 3560 3838 καιομένη
3593 3783 3693 3819 νυ-

2085 3869 2212 3934 κτὸς
2238 3870 2333 3923 καὶ
2361 3868 2595 3939 ἡμέρας,
2635 3867 2730 3920 καὶ
2757 3867 2818 3919 ού
2867 3864 3225 3934 σϐεσθήσεται
3276 3862 3357 3924 είς
3386 3859 3479 3913 τὸν
3511 3857 3693 3914 αἰῶνα

2084 3961 2297 4033 χρόνον,
2315 3960 2410 4015 καὶ
2427 3958 2759 4029 ἀναϐήσεται
2782 3957 2810 4008 6
2830 3956 3037 4020 καπνὸς
3056 3955 3225 4027 αὐτῆς
3246 3953 3379 4008 ἄνω.
3397 3951 3547 4023 Αὕτη
3571 3949 3689 4023 (75)

2086 4056 2166 4118 εἰς
2189 4053 2383 4123 γενεὰν
2412 4050 2856 4126 ἐρημωθήσεται,
2886 4049 2980 4102 καὶ
3008 4049 3426 4119 κατοικήσουσιν
3454 4046 3512 4097 ἐν
3543 4044 3688 4114 αὐτῇ

2086 4145 2254 4224 ὄρνεα
2296 4145 2392 4199 καὶ
2427 4146 2617 4215 ἐχῖνοι,
2652 4143 2747 4197 καὶ
2782 4142 2942 4207 ἴϐεις,
2990 4141 3086 4194 καὶ
3121 4140 3375 4211 κόρακες.
3415 4137 3528 4189 Καὶ
3567 4137 3696 4189 ὲπι-
3736 4192 3741 4197 ,

2089 4237 2423 4310 ϐληθήσεται
2454 4237 2543 4290 ἐπ’
2570 4237 2740 4309 αὐτὴν
2784 4235 3048 4306 σπαρτίον
3075 4232 3420 4306 γεωμετρίας
3449 4232 3692 4305 ἐρήμου,

2088 4332 2185 4384 καὶ
2228 4329 2610 4399 ὀνοκένταυροι
2656 4328 2972 4398 οἰκήσουσιν
3018 4326 3075 4378 ὲν
3124 4325 3283 4395 αὐτῇ.
3318 4324 3397 4392 ,Οἱ
3429 4322 3697 4395 ἄρχοντες

386 4437 580 4489 nscent
613 4426 976 4500 onocentauri
1004 4445 1015 4479 :
1048 4425 1382 4480 invenerunt
1416 4420 1562 4474 enim
1580 4419 1685 4475 sibi
1718 4418 1970 4488 requiem.

2090 4420 2264 4491 αὐτῆς
2293 4420 2392 4474 οὐκ
2420 4419 2666 4473 ἔσονται·
2701 4419 2797 4473 καὶ
2827 4419 2877 4472 οἱ
2903 4417 3143 4489 βασιλεῖς
3171 4417 3266 4470 καὶ
3291 4417 3341 4472 οἱ
3364 4417 3700 4488 μεγιστᾶνες

386 4520 469 4578 lbi
502 4519 691 4576 nidum
727 4518 858 4574 fecit
893 4516 1207 4583 erinaceus,
1234 4522 1291 4569 et
1319 4510 1559 4569 servavit
1584 4518 1733 4565 terra
1758 4522 1970 4578 campo:

2093 4514 2265 4584 αὐτῆς
2296 4512 2511 4566 ἔσονται
2546 4515 2628 4576 εἰς
2665 4511 2969 4566 ἀπώλειαν.
3011 4511 3121 4564 Καὶ
3155 4509 3424 4581 ἀναφύσει
3468 4510 3550 4574 εἰς
3591 4509 3701 4576 τὰς

388 4560 469 4578 ..η
502 4560 691 4576 ...ν-ι..
727 4560 858 4574 ην..
894 4560 1207 4583 ν....-νν..ν,
1237 4560 1291 4569 ν-
1319 4560 1399 4569 --_
1424 4560 1557 4567 η.--
1588 4560 1733 4565 -__-_
1768 4560 1911 4578 --ο-τ
1932 4560 1970 4563 -_

388 4628 523 4671 suos
547 4627 675 4668 cum
697 4610 995 4668 securitate
1019 4608 1085 4664 ³⁷.
1119 4627 1139 4659 ι

2094 4560 2280 4666 me;
2308 4602 2479 4673 αὐτῆς
2518 4560 2968 4667 eaeeae;
3002 4560 3328 4665 sigea;
3348 4560 3702 4672 ιέυρέίῖμάξᾶ

388 4711 722 4783 αὐτῆς.Και
749 4708 903 4762 ἔσται
966 4704 1197 4770 ἔπαυλις
1226 4703 1497 4776 σειρήνων
1531 4700 1627 4754 καὶ
1696 4700 1835 4773 αύλὴ
1872 4699 2170 4773 στρουθῶν,
2212 4706 2305 4755 καὶ
2350 4700 2742 4770 συναντήσουσι
2808 4698 3061 4770 δαιμόνια
3122 4696 3553 4770 ὀνοκενταύροις,
3598 4698 3704 4752 καὶ

393 4809 682 4888 βοήσουσιν
714 4805 901 4878 ἕτερος
924 4804 1061 4876 πρὸς
1088 4803 1181 4858 τὸν
1208 4803 1415 4873 ἕτερον.
1456 4800 1606 4855 Ἐκεῖ
1636 4797 2043 4852 ἀναπαύσονται
2071 4797 2483 4868 ὀνοκένταυροι·
2514 4789 2673 4869 εὗρον
2731 4794 2842 4867 γὰρ
2902 4795 3087 4858 αὐτοῖς
3136 4792 3467 4848 ἀνάπαυσιν.
3546 4790 3706 4846 Ἐκεῖ

392 4904 711 4965 ὲνόσσευσεν
741 4889 937 4971 ἐχῖνος,
966 4888 1061 4953 καὶ
1090 4897 1293 4963 ἔσωσεν
1339 4897 1373 4968 ἡ
1402 4895 1473 4967 γῆ
1503 4895 1572 4949 τὰ
1605 4893 1765 4946 πεδία
1806 4893 1975 4964 αὐτῆς
2006 4893 2144 4963 μετὰ
2171 4892 2493 4962 ἀσφαλείας.
2519 4910 2540 4944 ι

465 4998 553 5053 55.
596 4994 660 5052 In
707 4980 809 5051 has
851 4994 1198 5049 calamitates
1250 4991 1570 5047 inciderunt
1618 4987 1814 5054 Judaei,
1864 5003 1970 5043 cun

2169 4989 2257 5044 ³55.
2302 4987 2489 5043 Ταῦτα
2533 4985 2868 5041 πεπόνθασιν
2893 4987 2944 5039 οἱ
2982 4986 3248 5051 Ἰουδαῖοι,
3289 4984 3576 5049 δοκοῦντες
3601 4985 3706 5040 τὸν

395 5097 655 5168 putarent
704 5104 766 5145 se
818 5087 1110 5142 Dominum
1156 5084 1411 5139 occidere
1459 5100 1473 5138 :
1520 5083 1637 5147 haec
1694 5083 1970 5143 adversun

2097 5080 2304 5154 Κύριον
2336 5080 2718 5138 ἀποκτείνεινο
2752 5078 2929 5134 ταῦτα
2974 5078 3097 5133 καθ’
3143 5078 3352 5135 ἑαυτῶν
3394 5077 3708 5150 προεκαλέ-

398 5198 460 5244 se
508 5186 901 5253 provocarunt,
948 5179 1079 5234 dum
1127 5177 1433 5232 clamarent
1475 5174 1532 5229 in
1579 5173 1922 5230 Salvatorem

2099 5190 2285 5238 σαντο,
2318 5171 2551 5243 βοῶντες
2580 5171 2725 5226 κατὰ
2749 5170 2843 5227 τοῦ
2884 5156 3167 5243 Σωτῆρος·
3202 5173 3260 5225 ὲν
3295 5168 3508 5234 τούτοις
3533 5185 3708 5223 κατε-

473 5340 518 5372 ¹¹
559 5338 665 5394 lsa.
716 5337 850 5403 1,2.
943 5337 988 5368 “
1030 5332 1219 5401 Matth.
1283 5347 1460 5399 xxiii,
1510 5330 1613 5403 758.

1070 5332 1219 5401 latth.
1283 5347 1460 5399 xxiii,
1522 5330 1613 5387 58.
1744 5330 1790 5361 ’³
1829 5328 1992 5386 Deut.
2049 5345 2226 5396 xxxii,
2288 5327 2380 5392 12.

402 5412 449 5453 ⁸⁸
489 5409 655 5466 Mich.
692 5424 754 5474 ιι,
787 5409 856 5474 4,
894 5407 948 5508 5:
1024 5406 1068 5437 ⁸⁷
1107 5405 1212 5459 lsa.
1249 5420 1438 5469 χχχιιι,
1493 5402 1655 5457 ,8-15.

2485 5326 2533 5359 ³⁸
2591 5326 2824 5384 Zachar.
2875 5342 2990 5395 xw,
3027 5328 3094 5397 1,
3127 5326 3183 5382 Ξ.
3291 5326 3337 5358 ³⁵
3374 5325 3516 5383 Osee
3547 5342 3605 5392 v,
3645 5325 3697 5382 7.

476 5582 586 5652 (67)
625 5581 851 5654 Reges,
883 5583 982 5654 τῆς
999 5580 1309 5654 υἱοθεσίας.

624 5648 977 5741 μιιίξὶοείιιεζι
998 5653 1142 5707 Editi
1169 5668 1335 5741 vero;
1351 5649 1444 5732 ἀφ’
1467 5648 1646 5741 ἡμῶν.

474 5719 589 5796 (69)
627 5719 847 5806 Regius
878 5724 1050 5779 codex
1090 5738 1145 5778 et
1180 5719 1417 5792 Anglic.‘
1439 5719 1762 5789 γιγνόμενον
1796 5719 1986 5792 διαμε-

408 5795 621 5884 ρισμόν.
657 5796 799 5853 Editi
831 5810 981 5867 vero,
1015 5792 1335 5875 γιγνόμενον
1365 5791 1652 5871 μερισμόν.

2201 5576 2288 5659 Z9)
2327 5573 2671 5659 βθειυειὲπὶ
2702 5572 3087 5659 ζιερουετξιλιμε

2199 5642 2286 5726 ῃ)
2328 5642 2646 5726 lta'Regius
2669 5651 2723 5699 et
2750 5642 2964 5726 angue.
2998 5642 3148 5726 Editi
3177 5657 3329 5726 vero.
3363 5643 3623 5726 ὲρυσίμη.

2170 5712 2283 5788 (7‘2)
2337 5712 2586 5788 Ἐμμεέί,
2617 5712 3011 5788 mendosepro
3039 5717 3098 5768 ἐν
3138 5712 3315 5785 μέλει.

2168 5785 2283 5867 (75)
2325 5785 2476 5869 Αὕτη
2503 5788 2658 5849 deest
2685 5788 2741 5844 in
2768 5785 3095 5865 Anglicano.
