3890 6200
221 254 326 311 215

1265 258 1357 315 oe
1396 257 1737 315 PASSIONE
1776 259 1865 353 Er
1905 259 2140 319 CRUCE
2179 227 2453 319 comm.

3396 260 3502 316 246

222 375 497 448 κρίθησαν
548 376 881 449 θελήσαντες
926 379 1111 451 κρῖναι
1160 378 1251 433 τὸν
1304 381 1529 450 Κύριον.
1583 380 1692 433 Καί
1734 399 1827 451 μοι

1933 384 1987 438 in
2038 383 2126 438 his
2179 382 2425 439 damnati
2469 389 2617 448 sunt,
2685 381 2814 436 dum
2879 381 3080 437 vellent
3135 382 3502 442 condemnare

223 466 513 540 παρελθὼν
538 469 567 521 6
590 468 917 541 βουλόμενος
940 470 1182 539 γενέσθω
1201 471 1480 543 δικαστὴς,
1503 472 1603 525 οὐκ
1627 471 1687 538 ἐξ
1709 473 1817 543 (74)

224 559 452 630 ἀφανῶν
497 563 865 633 πραγμάτων,
912 561 1026 616 ἀλλ’
1077 563 1143 615 ἐκ
1194 563 1304 616 τῶν
1348 563 1685 636 γιγνομένων
1724 563 1821 636 τὴν

222 651 486 724 ἀλήθειαν
519 653 996 725 ἀναλογιζόμενος.
1047 655 1159 708 Καὶ
1199 656 1493 723 σκοπείτω,
1530 655 1613 718 τίς
1650 655 1748 726 μὲν
1793 657 1823 708 6

218 744 318 798 τοῦ
354 745 643 817 Κυριακοῦ
672 746 904 801 θανάτου
944 748 1182 819 καρπὸς,
1217 748 1270 802 τί
1308 748 1365 801 δὲ
1403 749 1501 820 τῆς
1531 748 1823 820 ἐπιϐουλῆς

219 837 336 889 τῶν
371 837 642 892 Ἰουδαίων
682 838 747 892 τὸ
797 839 1008 911 κέρδος.
1045 841 1105 894 Ὀ
1152 839 1251 911 μὲν
1290 841 1400 913 γὰρ
1447 841 1677 904 Θάνατος
1726 839 1821 893 τοῦ

220 929 484 1001 Σωτῆρος
516 932 616 1001 τὴν
669 933 994 1004 οἰκουμένην
1035 933 1401 1005 ἠλευθέρωσε,
1434 934 1530 986 καὶ
1577 932 1648 987 τὰ
1692 932 1819 1004 ἔθνη

222 1020 317 1075 τὸν
360 1021 496 1075 Θεὸν
539 1022 824 1086 ἐδόξασεν
868 1026 898 1078 ό
939 1024 997 1078 δὲ
1041 1025 1151 1079 τῶν
1192 1024 1461 1079 Ἰουδαίων
1509 1025 1678 1096 Θυμὸς
1725 1025 1822 1077 σὺν

222 1114 414 1177 αὐτοῖς
450 1117 563 1178 τοῖς
607 1115 886 1179 Ἰουδαίοις
929 1114 1182 1170 ἀπώλεσε
1225 1116 1457 1189 καὶτὴν
1505 1117 1681 1181 πόλιν,
1728 1118 1824 1170 καὶ

220 1206 327 1274 τῆς
352 1202 686 1272 θεογνωσίας
715 1206 914 1271 αὐτοὺς
944 1207 1244 1277 ἐτύφλωσε.
1272 1209 1383 1262 Καὶ
1407 1211 1435 1263 6
1464 1208 1563 1280 μὲν
1595 1209 1823 1274 Θάνατος

220 1295 320 1348 τοῦ
349 1296 556 1368 Κυρίου
588 1298 716 1361 τοὺς
747 1299 974 1369 νεκροὺς
1000 1299 1386 1371 ὲζωοποίησεν,
1411 1301 1521 1373 ἡδὲ
1552 1299 1662 1355 τῶν
1695 1303 1825 1356 Ἰου-

222 1387 393 1442 δαίων
446 1388 709 1460 ἐπιϐουλὴ
762 1389 865 1460 τῆς
908 1390 1057 1461 ζωῆς
1104 1392 1303 1455 αὐτοὺς
1352 1393 1479 1455 τοὺς
1533 1392 1823 1455 Ἰουδαίους

222 1478 521 1550 ἐστέρησε,
543 1481 639 1534 καὶ
662 1480 757 1535 νῦν
786 1483 891 1534 είσι
924 1482 1095 1554 χωρὶς
1121 1482 1216 1537 τοῦ
1249 1485 1456 1556 Κυρίου
1488 1482 1622 1555 (75).
1650 1485 1761 1538 Καὶ
1794 1486 1823 1537 6

227 1570 333 1638 μὲν
362 1572 601 1642 σταυρὸς
628 1571 723 1626 τοῦ
752 1573 1005 1645 Σωτῆρος
1033 1574 1135 1646 τὴν
1166 1574 1495 1646 Ἐκκλησίαν
1522 1574 1629 1629 τῶν
1657 1575 1825 1628 ἐθνῶν

222 1661 440 1733 ἔρημον
464 1659 632 1718 οὖσαν
656 1664 977 1736 κατῴκησεν
998 1681 1010 1693 ⁸
1057 1663 1299 1719 Ἰουδαῖοι
1322 1665 1379 1718 δὲ
1412 1667 1477 1737 τῇ
1511 1664 1680 1736 κακίᾳ
1700 1666 1825 1717 ἑαυ-

1922 473 2241 529 Dominum.
2276 474 2536 544 Quisquis
2585 472 2892 538 transierit,
2932 474 3025 540 sit,
3055 473 3102 529 si
3137 473 3285 540 velit,
3310 473 3500 544 judex,

1924 583 2028 623 nec
2070 582 2136 623 ex
2186 567 2353 622 rebus
2397 565 2631 621 occultis
2678 565 3060 636 obscurisque,
3103 564 3198 622 sed
3233 581 3298 621 ex
3330 566 3502 637 gestis

1927 656 2214 711 veritatem
2276 655 2518 726 colligat.
2571 653 3022 725 Consideretque,
3074 655 3173 725 qui
3214 654 3286 711 sit
3318 654 3504 710 Domi-

1927 749 2071 804 nicze
2116 749 2313 804 mortis
2367 748 2580 804 fructus
2622 768 2634 803 :
2682 748 2829 816 quod
2862 746 3224 804 Judaicarum
3277 747 3504 807 insidia—

1924 857 2048 895 rum
2119 842 2571 898 emolumentum.
2636 839 2914 911 Siquidem
2996 854 3146 896 mors
3208 838 3504 897 Salvatoris

1924 934 2115 989 orbem
2164 941 2435 988 terrarum
2494 933 2766 998 liberavit,
2828 933 2906 987 ita
2969 939 3030 987 ut
3083 938 3287 1002 gentes.
3334 929 3504 987 Deum

1925 1022 2230 1095 gloriﬁcent
2279 1042 2293 1077 ε
2354 1020 2667 1077 Judaeorum
2713 1036 2841 1078 vero
2880 1021 3035 1077 l'uror
3073 1021 3350 1076 civitatem
3378 1033 3505 1075 cum

1926 1114 2060 1185 ipsis
2102 1113 2304 1169 Judwis
2352 1113 2606 1184 perdidit,
2653 1124 2705 1169 et
2750 1114 2807 1169 in
2853 1112 2951 1169 Dei
2997 1112 3311 1184 cognitione
3354 1111 3505 1183 ipsos

1925 1208 2241 1262 erczecavit.
2314 1206 2461 1261 Mors
2531 1205 2747 1259 Domini
2824 1211 3069 1261 mortuos
3130 1203 3426 1264 viviﬁcavit
3487 1222 3500 1258 :

1923 1298 2235 1353 Judaeorum
2291 1298 2508 1357 insidiae,
2557 1297 2776 1353 Iudaeos
2830 1299 2981 1368 ipsos
3021 1298 3133 1352 vita
3183 1297 3502 1368 privarunt,

1924 1398 1979 1444 et
2032 1389 2146 1458 jam
2216 1389 2422 1458 absque
2491 1388 2725 1443 Domino
2792 1395 2941 1444 sunt.
2997 1386 3148 1443 Crux
3206 1385 3507 1442 Salvatoris

1925 1480 2231 1537 Ecclesiam
2275 1482 2552 1554 gentium,
2607 1480 2737 1536 dum
2785 1481 3002 1537 deserta
3043 1489 3208 1544 esset,
3244 1479 3510 1535 habitato-

1924 1575 2078 1629 ribus
2130 1571 2543 1644 l‘requentavit;
2605 1571 2777 1627 Judaei
2827 1587 2956 1628 vero
3006 1571 3355 1641 improbitate
3408 1584 3506 1625 sua

1929 1668 2062 1723 orbe
2114 1674 2391 1722 terrarum
2441 1681 2563 1723 sese
2607 1666 2981 1732 excluserunt,
3015 1679 3118 1719 nec
3156 1664 3267 1734 jam
3315 1662 3509 1717 civita-

222 1753 336 1807 τῶν
368 1756 468 1809 καὶ
502 1757 602 1827 τῆς
638 1756 965 1827 οἰκουμένης
990 1757 1221 1821 ἑαυτοὺς
1253 1758 1575 1829 ἐρήμωσαν,
1604 1757 1699 1810 καὶ
1728 1755 1824 1811 νῦν

1933 1767 2035 1816 lem
2081 1760 2247 1814 ullam
2293 1759 2515 1814 habent.
2564 1758 2645 1813 Ac
2693 1773 2940 1822 rursum,
2983 1771 3132 1812 mors
3182 1753 3507 1819 Salvatoris,

221 1848 369 1899 εἰσιν
398 1851 502 1901 οὐκ
522 1847 740 1920 εχοντες
765 1848 939 1903 πόλιν.
968 1850 1081 1903 Καὶ
1105 1849 1267 1903 πάλιν
1290 1852 1318 1903 6
1342 1849 1441 1920 μὲν
1470 1849 1698 1912 Θάνατος
1729 1848 1822 1902 τοῦ

212 1939 488 2010 Σωτῆρος
512 1940 611 2012 τὴν
645 1939 924 2011 βασιλείαν
952 1940 1062 1994 τῶν
1084 1940 1330 2012 οὐρανῶν
1355 1939 1620 2005 ἀνέδειξεν
1644 1956 1655 1969 ·
1698 1942 1826 1993 Ἰου-

223 2030 368 2083 δαῖοι
390 2031 449 2084 δέ
481 2031 560 2101 τῷ
582 2030 739 2102 θυμῷ
768 2033 864 2085 καὶ
890 2032 1017 2095 τοὺς
1046 2030 1285 2102 βασιλεῖς
1314 2032 1493 2085 αὐτῶν
1512 2030 1823 2098 ἀπώλεσαν,

226 2121 324 2173 καὶ
343 2123 475 2185 τοὺς
502 2124 833 2193 μεγιστᾶνας
862 2122 1178 2177 κατέϐαλον.
1206 2124 1351 2196 Πρὸς
1379 2123 1590 2187 τούτοις
1613 2125 1642 2177 6
1666 2140 1829 2176 σταυο

227 2214 322 2286 ρὺς
353 2215 450 2268 τοῦ
481 2216 690 2287 Κυρίου
716 2215 980 2285 ἀγγέλους
1006 2216 1211 2286 συνῆψε
1235 2217 1351 2280 τοῖς
1380 2215 1708 2286 ἀνθρώποις,
1733 2216 1828 2268 καὶ

230 2305 462 2375 μεσίτης
489 2307 590 2377 τῆς
620 2306 802 2376 φιλίας
834 2307 1012 2361 αὐτῶν
1039 2308 1262 2378 γέγονεν
1286 2326 1300 2339 ο
1341 2307 1583 2362 Ἰουδαῖοι
1617 2308 1673 2361 δὲ
1705 2309 1827 2362 ἐπι-

227 2396 581 2462 ϐουλεύοντες
610 2399 916 2470 ἐκέρδαναν
943 2400 1043 2472 τὴν
1090 2400 1229 2472 μετά
1268 2400 1541 2472 δαιμόνων
1569 2402 1830 2473 κατοίκη-

228 2507 337 2546 σιν.
379 2491 496 2545 Καὶ
524 2492 555 2544 6
602 2492 701 2563 μὲν
745 2493 977 2558 θάνατος
1016 2492 1109 2548 τοῦ
1161 2494 1400 2566 Χριστοῦ
1442 2493 1699 2564 ἐκούφισε
1731 2493 1830 2565 τὴν

228 2584 340 2637 τῶν
372 2583 684 2656 ἀνθρώπων
716 2584 807 2639 διὰ
831 2586 931 2657 τὴν
972 2586 1250 2657 ἁμαρτίαν
1282 2584 1539 2653 ἀλογίανο
1588 2584 1832 2639 Ἰουδαῖοι
1861 2640 1865 2644 _

227 2675 286 2729 δὲ
328 2676 704 2751 ἡλογίσθησαν
739 2678 819 2749 τῷ
856 2678 1032 2751 θυμῷ,
1076 2680 1170 2732 καὶ
1220 2678 1316 2733 νῦν
1360 2677 1502 2750 μετὰ
1544 2680 1830 2750 σειρήνων,

232 2769 327 2821 καὶ
367 2769 588 2839 ἐχίνων,
618 2771 715 2825 καὶ
748 2770 1021 2842 στρουθῶν
1048 2770 1160 2842 (76)
1205 2773 1320 2835 τοῖς
1352 2770 1577 2843 τρόποις
1609 2788 1835 2826 συνανα·

235 2862 587 2933 στρέφονται,
616 2862 901 2916 ἀλλόκοτον
928 2865 1144 2934 ἔχοντες
1176 2864 1269 2918 καὶ
1296 2862 1472 2927 οὕτως
1496 2863 1587 2917 τὸν
1611 2863 1830 2936 τρόπον,

232 2954 309 3017 ὡς
346 2954 752 3026 ὀνοκένταυροι.
794 2956 904 3009 Καὶ
951 2957 1059 3029 γὰρ
1098 2959 1221 3012 ἀντὶ
1257 2955 1352 3010 τοῦ
1400 2956 1589 3028 νόμου,
1632 2957 1834 3029 ἀνομία

236 3048 368 3118 παρ’
394 3049 584 3112 αὐτοῖς
613 3050 764 3103 ἐστιν
780 3065 791 3078 ’
811 3048 932 3103 ἀντὶ
956 3049 1014 3102 δὲ
1036 3048 1363 3119 πραότητος,
1400 3066 1420 3100 ι
1445 3047 1520 3101 Θυ
1530 3048 1629 3119 μὸς
1651 3049 1835 3113 αὐτοῖς

1927 1867 2156 1923 regnum
2221 1850 2491 1906 cmlorum
2542 1849 2791 1905 exhibuit
2827 1868 2840 1904 :
2877 1847 3048 1903 Judaei
3088 1853 3276 1902 contra
3322 1844 3511 1901 lurore

1928 1960 2052 2009 suo,
2086 1958 2245 2015 rcges
2294 1957 2426 1999 suos
2475 1939 2853 2012 perdiderunt,
2892 1947 2946 1995 et
2991 1945 3272 2009 magnates
3314 1936 3510 1991 amise-

1928 2045 2075 2091 runt.
2123 2035 2204 2090 Ad
2257 2035 2392 2099 haec,
2439 2049 2573 2088 crux
2623 2031 2838 2087 Domini
2892 2031 3113 2102 angelos
3154 2044 3277 2084 cum
3326 2026 3510 2091 homi-

1931 2131 2097 2185 nibus
2156 2128 2412 2193 sociavit,
2450 2134 2504 2182 et
2553 2123 2905 2180 conciliatrix
2966 2124 3086 2193 ipsa
3145 2120 3250 2177 fuit
3308 2127 3512 2179 mutuae

1930 2222 2150 2276 illorum
2196 2220 2453 2275 amicitia:
2499 2238 2512 2275 :
2552 2228 2607 2274 et
2644 2215 2825 2271 Judaei
2869 2214 3088 2270 insidiis
3131 2213 3271 2278 suis,
3308 2211 3513 2271 daemo-

1930 2330 2061 2370 num
2090 2312 2511 2366 contubernium
2544 2307 2742 2363 lucrati
2777 2314 2926 2363 sunt.
2966 2305 3113 2361 Mors
3137 2304 3343 2362 Christi
3374 2304 3511 2358 alle-

1933 2407 2080 2461 vavit
2112 2405 2393 2460 hominum
2421 2399 2685 2473 peccandi
2718 2397 3092 2471 insipientiam
3128 2413 3143 2452 :
3176 2394 3349 2451 Judaei
3383 2409 3514 2451 vero

1931 2514 2043 2571 prae
2073 2497 2259 2552 lurore
2302 2495 2623 2566 insipientes
2670 2491 2799 2547 facti
2841 2500 2991 2558 sunt,
3019 2489 3245 2560 jamque
3276 2502 3401 2543 cum
3437 2486 3517 2542 si-

1934 2590 2106 2653 renis,
2139 2587 2413 2644 erinaceis
2453 2593 2509 2642 et
2551 2583 2958 2641 struthionibus
3001 2581 3247 2643 moribus
3286 2592 3515 2635 conver—

1935 2690 2150 2747 santur,
2209 2681 2459 2735 moribus
2508 2677 2731 2735 absurdi
2782 2674 3011 2749 perinde
3062 2681 3227 2743 atque
3279 2687 3520 2728 onocen-

1936 2777 2101 2831 tauri.
2130 2773 2237 2829 Pro
2281 2774 2399 2845 lege
2436 2774 2583 2828 enim
2621 2770 2767 2844 apud
2796 2769 2920 2825 illos
2953 2765 3225 2838 iniustitia
3262 2763 3515 2821 obtinet:

1934 2881 2036 2937 pro
2083 2865 2525 2929 mansuetudine,
2586 2882 2605 2915 ι
2643 2861 2821 2918 Furor
2868 2861 2977 2918 illis
3023 2857 3324 2916 secundum
3364 2855 3519 2912 simi-

1936 2957 2224 3014 litudinem
2271 2957 2541 3028 serpentis
2588 2955 2655 3011 ”.
2711 2972 2730 3006 ι
2776 2953 2834 3008 In
2884 2965 3139 3017 summa,
3194 2947 3330 3003 nihil
3376 2946 3521 3017 apud

1938 3052 2064 3108 illos
2107 3052 2217 3124 83
2267 3049 2415 3123 quod
2458 3064 2567 3103 non
2601 3046 2738 3118 ipsis
2782 3055 3013 3101 mortem
3054 3042 3274 3098 inferat.
3322 3039 3521 3095 Annon

236 3140 382 3194 κατὰ
409 3140 515 3212 τὴν
531 3140 790 3211 ὁμοίωσιν
811 3139 905 3193 τοῦ
931 3140 1129 3210 ὖφεως.
1172 3158 1192 3191 ι
1230 3139 1340 3194 Καὶ
1363 3139 1501 3203 ὅλως
1535 3139 1688 3192 οὐδέν
1710 3140 1827 3194 ἐστι

1933 3143 2097 3199 morti
2162 3143 2381 3199 Domini
2444 3141 2723 3196 adhaerere
2776 3135 3078 3202 convenit,
3137 3148 3202 3188 ac
3245 3131 3523 3188 dimittere

237 3235 371 3305 παρ’
403 3233 614 3298 αὐτοῖς,
639 3230 669 3283 6
702 3232 777 3303 μὴ
797 3231 1024 3286 θάνατον
1047 3230 1231 3294 αὐτοῖς
1260 3228 1661 3299 κατεργάζεται
1694 3228 1830 3300 (77).

235 3319 365 3397 'Ap‘
390 3321 489 3379 οὗν
522 3325 626 3378 οὐκ
646 3322 797 3390 ἄξιον
828 3323 906 3395 τῷ
929 3322 1143 3394 θανάτῳ
1166 3321 1545 3395 προσκεῖσθαι,
1572 3323 1668 3376 καὶ
1688 3321 1836 3392 ἀφιέ-

242 3437 328 3472 ναι
358 3417 474 3471 τῶν
506 3416 820 3489 Φαρισαίων
855 3415 917 3469 τὸ
948 3415 1257 3487 συνέδριον;
1284 3409 1412 3486 Ἆρ’
1435 3411 1529 3469 οῦν
1560 3417 1660 3468 οὐκ
1686 3415 1834 3481 ἄξιον

240 3507 318 3577 τῷ
366 3505 595 3576 σταυρῷ
631 3504 833 3576 μᾶλλον
879 3507 1207 3575 προσκυνεῖν
1236 3504 1269 3575 ἢ
1300 3503 1398 3575 τὴν
1437 3504 1704 3558 Ἰουδαίων
1740 3504 1836 3558 καὶ

240 3595 335 3647 τοῦ
382 3595 596 3665 κόσμου
640 3592 902 3665 κερδᾶναι
944 3592 1159 3661 φιλίαν;
1204 3592 1303 3646 Διά
1338 3591 1497 3646 τοῦτο
1530 3592 1639 3665 γὰρ
1680 3593 1775 3646 καὶ
1806 3594 1836 3646 6

245 3686 521 3758 μακάριος
565 3685 784 3749 Παῦλος
854 3684 1136 3757 γέγραφεο
1190 3702 1209 3735 ι
1264 3683 1345 3737 Τὰ
1395 3684 1574 3738 πάντα
1617 3684 1835 3756 ἥγημαι

245 3780 474 3852 ζημίαν,
513 3780 601 3832 ἵνα
633 3778 878 3850 κερδάνω
920 3776 1158 3850 Χριστόν
1178 3794 1192 3808 ·
1222 3796 1241 3829 ι
1275 3778 1364 3831 διὰ
1392 3778 1549 3831 τοῦτο
1574 3778 1836 3851 καύχημα

242 3874 462 3943 ἡγεῖται
498 3871 593 3924 τὸν
625 3870 879 3942 σταυρὸν,
913 3869 1088 3938 λέγων
1107 3886 1123 3901 ·
1149 3889 1184 3920 ,ι
1228 3870 1382 3941 Ἐμοὶ
1416 3869 1473 3922 δὲ
1516 3869 1590 3942 μὴ
1624 3870 1836 3938 γένοιτο

243 3962 563 4035 καυχᾶσθαι
607 3965 655 4016 εἰ
696 3962 772 4035 μὴ
819 3964 877 4016 ἐν
917 3961 996 4033 τῷ
1036 3962 1255 4034 σταυρῷ
1294 3962 1389 4016 τοῦ
1431 3963 1641 4034 Κυρίου
1679 3962 1836 4034 ἡμῶν

255 4058 435 4131 Ἰησοῦ
460 4056 724 4129 Χριστοῦ,
751 4056 817 4110 δι’
842 4048 902 4109 οῦ
928 4057 1050 4128 ἐμοὶ
1068 4056 1272 4126 κόσμος
1298 4055 1657 4125 ἐσταύρωται,
1681 4054 1837 4124 κάγὼ

244 4151 456 4222 κόσμῳ.
508 4168 527 4201 ι
559 4149 660 4203 Διά
683 4148 842 4202 τοῦτο
864 4149 958 4201 καὶ
981 4148 1145 4211 αὐτὸς
1165 4150 1194 4200 6
1220 4146 1426 4219 Κύριος
1454 4147 1668 4216 ἔλεγεν*
1705 4166 1725 4199 ι
1741 4149 1838 4211 Ὃς

248 4240 311 4293 ἂν
341 4241 419 4311 μὴ
455 4239 575 4309 (78)
616 4238 724 4311 ἄρῃ
751 4238 845 4292 τὸν
880 4237 1113 4309 σταυρὸν
1155 4236 1342 4303 αὐτοῦ,
1370 4237 1465 4291 καὶ
1493 4236 1837 4312 ἀκολουθήσῃ

253 4349 362 4401 μοι,
398 4331 508 4386 οὐκ
530 4329 648 4383 ἔστι
678 4348 781 4402 μου
819 4327 988 4394 ἄξιος,
1030 4328 1151 4382 οὐδὲ
1186 4329 1410 4384 δύναταί
1441 4346 1543 4400 μου
1590 4328 1837 4401 μαθητὴς

249 4421 410 4477 εἶναι.
445 4440 467 4474 ι

1936 3247 2260 3289 consessum
2314 3228 2761 3286 Pharisaeorum?
2787 3226 2985 3282 Anno’n
3029 3228 3252 3297 praestat
3300 3235 3523 3277 crucem

1937 3325 2122 3396 potius
2159 3323 2411 3387 adorare,
2449 3337 2614 3393 quam
2654 3319 2971 3375 Judaeorum
3007 3323 3063 3372 et
3098 3313 3291 3371 mundi
3332 3310 3525 3366 amici-

1938 3418 2071 3471 tiam
2099 3416 2262 3473 nobis
2296 3412 2630 3470 conciliare?
2661 3410 2788 3467 Ideo
2817 3424 3055 3480 namque
3081 3405 3305 3477 scripsit
3329 3405 3526 3460 beatus

1935 3509 2143 3565 Paulus
2180 3529 2193 3564 :
2236 3527 2255 3560 ι
2294 3506 2488 3563 Omnia
2541 3505 2843 3560 arbitratus
2891 3517 3012 3558 sum
3055 3500 3419 3562 detrimenta,
3462 3504 3526 3551 ut

1936 3602 2219 3662 Christum
2275 3600 2616 3659 lucrifaciam
2668 3599 2715 3630 ¹⁹
2766 3615 2780 3651 :
2840 3615 2859 3649 ι
2914 3609 3087 3666 quare
3131 3591 3361 3664 gloriam
3419 3588 3525 3645 sibi

1937 3707 2157 3748 crucem
2219 3691 2541 3756 arbitratur,
2596 3689 2748 3744 aiens
2804 3706 2818 3741 :
2874 3703 2894 3738 ι
2951 3683 3085 3738 Mihi
3148 3691 3330 3737 autem
3381 3678 3528 3735 absit

1938 3784 2163 3856 gloriari
2208 3785 2315 3839 nisi
2365 3784 2422 3837 in
2467 3796 2633 3837 cruce
2673 3777 2889 3835 Domini
2929 3776 3108 3831 nostri
3131 3772 3262 3829 Jesu
3292 3770 3525 3834 Christi.

1938 3891 2038 3947 per
2092 3890 2257 3946 quem
2312 3874 2447 3929 mihi
2512 3869 2753 3926 mundus
2804 3865 3102 3924 cruciﬁxus
3157 3875 3279 3931 est,
3325 3872 3380 3917 et
3424 3875 3526 3931 ego

1937 3962 2144 4017 mundo
2199 3961 2267 4014 ³⁸.
2329 3981 2348 4014 ι
2427 3959 2795 4027 Quamobrem
2861 3957 2978 4027 ipse
3037 3953 3305 4008 Dominus
3368 3951 3443 4006 ait
3507 3968 3520 4005 :

1945 4074 1964 4107 ι
2009 4053 2334 4122 Quicunque
2376 4067 2486 4106 non
2526 4049 2713 4105 tulerit
2751 4061 2972 4103 crucem
3025 4059 3181 4099 suam
3211 4049 3265 4098 et
3301 4049 3524 4098 secutus

1937 4162 2028 4202 me
2070 4146 2257 4210 fuerit,
2306 4159 2415 4199 non
2458 4150 2543 4198 est
2590 4157 2679 4198 me
2730 4140 2953 4212 dignus,
2999 4153 3103 4195 nec
3141 4142 3322 4215 potest
3369 4149 3524 4199 meus

1938 4253 2061 4295 esse
2089 4237 2393 4307 discipulus
2421 4236 2485 4289 ³⁸.
2519 4253 2539 4287 ι

316 4515 410 4572 34.
464 4512 608 4567 Ἀλλ’
642 4511 875 4566 ἐνταῦθα
913 4512 1116 4583 πολλῆς
1152 4510 1457 4582 ἀσφαλείας
1501 4511 1617 4566 ἐστὶ
1660 4513 1831 4584 χρεία,

2020 4507 2110 4562 54.
2153 4504 2261 4560 Sed
2300 4504 2391 4560 hic
2438 4503 2608 4558 multa
2640 4500 2898 4556 cautione
2942 4505 3028 4554 est
3066 4511 3229 4567 opus,
3269 4509 3354 4584 ne_
3383 4493 3527 4549 sicut

255 4609 469 4680 μήποτε
496 4604 640 4659 κατά
673 4607 800 4668 τοὺς
836 4604 1127 4668 Ἰουδαίους
1163 4603 1409 4677 αἴρωμεν
1465 4603 1558 4657 τὸν
1585 4604 1841 4673 σταυρὸν,

250 4703 345 4756 καὶ
381 4700 459 4772 μὴ
495 4699 642 4754 κατά
661 4698 753 4751 τὸν
798 4698 1029 4752 Παῦλον.
1088 4698 1146 4751 '0
1201 4698 1299 4769 μὲν
1353 4697 1463 4769 γὰρ
1521 4695 1735 4760 Παῦλος
1769 4696 1843 4760 ὡς

251 4796 518 4866 τρόπαιον
571 4793 674 4863 τῆς
712 4791 984 4863 ἁμαρτίας
1026 4788 1213 4861 ἐφόρει
1257 4789 1350 4842 τὸν
1390 4788 1642 4860 σταυρόν·
1703 4789 1753 4839 οἱ
1786 4787 1841 4841 δὲ

265 4887 517 4942 Ἰουδαῖοι
545 4886 639 4939 ἐπὶ
668 4884 748 4955 τῷ
774 4884 864 4937 τὸν
886 4882 1093 4955 Κύριον
1118 4881 1350 4936 ἀνελεῖν.
1369 4879 1467 4932 Διὰ
1490 4878 1648 4933 τοῦτο
1668 4878 1844 4947 ἀσφα-

252 4978 500 5045 λίζεσθαι
529 4976 638 5049 χρὴ
694 4976 788 5030 καλ⁸
839 4976 1051 5047 νήφειν,
1112 4974 1344 5045 μήποτε,
1410 4968 1843 5042 κατηγοροῦντες

267 5072 564 5137 Ἰουδαίων,
607 5070 679 5123 τὰ
721 5070 860 5123 αὐτὰ
891 5071 1075 5133 αὐτοῖς
1105 5066 1249 5123 κατὰ
1293 5064 1386 5120 τοῦ
1438 5064 1645 5135 Κυρίου
1672 5063 1844 5133 πράτ-

256 5182 461 5237 τωμεν.
486 5162 683 5217 Πολλοὶ
714 5162 825 5235 γὰρ
875 5159 1304 5232 προσκυνοῦντες
1348 5157 1439 5211 τὸν
1493 5155 1719 5227 Κύριον,
1752 5154 1845 5208 καὶ

1948 4597 2122 4653 Judaei
2166 4596 2428 4651 tollamus
2465 4607 2709 4659 crucem,
2742 4606 2857 4645 non
2898 4588 3042 4644 sicut
3070 4586 3291 4641 Paulus.
3323 4581 3527 4638 Paulus

1945 4704 2183 4760 namque
2240 4693 2301 4742 ut
2357 4693 2621 4756 trapaeum
2677 4681 2887 4754 peccati
2949 4678 3201 4751 gestabat
3253 4688 3523 4740 crucem;

1944 4781 2116 4837 Judaei
2169 4794 2297 4835 vero
2343 4785 2405 4835 ut
2448 4775 2741 4831 Dominum
2793 4771 3125 4829 occiderent.
3187 4767 3529 4838 Quapropter

1945 4882 2106 4931 caute
2151 4889 2216 4929 ac
2260 4872 2445 4928 sobrie
2489 4868 2783 4941 agendum,
2812 4882 2904 4932 ne,
2924 4866 3053 4920 dum
3092 4864 3411 4919 incusamus
3431 4857 3529 4914 Ju-

1947 4966 2115 5029 daeos,
2139 4964 2292 5034 paria
2335 4977 2460 5017 cum
2504 4961 2614 5015 illis
2661 4967 2853 5014 contra
2895 4955 3186 5012 Dominum
3239 4952 3528 5007 faciamus.

1950 5056 2107 5111 Multi
2166 5051 2439 5123 siquidem
2501 5051 2796 5105 adorantes
2857 5046 3184 5111 Dominum,
3236 5057 3338 5098 nec
3383 5040 3531 5098 sicut

1951 5149 2178 5221 dignum
2209 5147 2318 5220 {illo
2365 5151 2450 5201 est
2487 5144 2657 5200 vitam
2704 5147 2950 5213 agentes,
2986 5154 3098 5194 non
3140 5136 3432 5193 advertunt
3467 5147 3532 5191 se

326 5321 377 5354 ³⁸
414 5317 564 5375 Psal.
604 5332 748 5380 Lvn,
782 5317 835 5371 5.
910 5315 954 5347 ²⁹
992 5312 1226 5384 Philipp.
1265 5326 1360 5380 ιιι,
1392 5310 1447 5367 8.
1526 5309 1571 5341 ³⁸
1611 5306 1790 5362 Galat.
1826 5323 1831 5332 ‘

1953 5305 2040 5359 M.
2118 5302 2160 5335 ³¹
2201 5301 2393 5357 Matth.
2431 5317 2505 5367 x,
2542 5299 2653 5367 58;
2691 5296 2829 5361 Luc.
2863 5310 2979 5360 xrv,
3010 5293 3102 5349 27.

329 5475 445 5618 aa

495 5474 588 5540 Ἐξ
620 5474 777 5529 deest
807 5472 862 5526 in
888 5470 1208 5540 Anglicano.

483 5534 776 5615 Anglican.
820 5534 1106 5615 Rasili'ens.
1157 5545 1214 5595 et
1258 5534 1611 5615 Reg.,prima
1652 5547 1837 5615 manu,

373 5604 439 5682 λς’
456 5617 552 5671 τοῦ
573 5604 797 5686 νεκροῦ.
824 5611 1061 5686 Regius,
1081 5609 1324 5686 secunda
1346 5604 1531 5686 manu,
1555 5604 1725 5679 χωρὶς
1748 5604 1840 5656 τοῦ

380 5634 428 5682 ις
456 5635 552 5671 του
579 5634 797 5686 νεκρου.
828 5634 1046 5684 [\t‘glus,
1081 5634 1324 5666 sccuuua
1347 5634 1470 5661 lll'dll

268 5634 466 5764 manu
497 5685 702 5759 νεκροί.
734 5683 903 5750 Editi,
940 5682 1105 5755 χωρὶς
1132 5680 1225 5735 τοῦ
1251 5677 1478 5750 Κυρίου.

2014 5458 2129 5527 (76)
2169 5456 2511 5519 Basiliensis,
2541 5451 2854 5527 στρουθίων.

2046 5517 2133 5599 77)
2173 5528 2398 5599 Regius,
2435 5517 2553 5599 κατ’
2581 5517 3102 5599 αύᾳτῶνεργάζεται.

2046 5530 2133 5599 77)
2173 5530 2398 5599 Regius,
2435 5530 2553 5579 κατ’
2581 5530 2758 5576 αὐτῶν
2792 5530 3102 5591 ἐργάζεται.

2021 5530 2134 5674 ίἻὸ)
2174 5599 2380 5672 Regius
2408 5604 2462 5653 et
2497 5590 2833 5656 Basiliensis,
2864 5592 2958 5653 Ὃς
2988 5587 3082 5643 ἐὰν
3117 5586 3217 5660 μή.
