3890 6200
333 171 442 234 247

1486 176 1546 233 S.
1590 173 2061 237 ATHANASIUS.
2100 210 2172 220 —
2217 180 2447 239 DUBlA.

3510 182 3622 240 238

333 306 463 350 reos
504 289 641 349 effici
688 291 884 348 mortis
933 290 1234 349 Salvatoris
1270 311 1283 348 :
1319 308 1469 360 nam,
1520 314 1539 346 ι
1590 294 1918 370 Quicunque

2040 298 2255 365 ίναξίως
2281 300 2449 356 αὑτοῦ
2511 299 2936 372 πολιτευόμενοι,
2991 295 3278 370 ἀγνοοῦσιν
3326 298 3624 353 ὑπεύθυνοι

334 381 751 438 manducaverit
796 398 1016 454 panem,
1070 390 1125 439 et
1172 383 1374 440 biberit
1423 385 1651 442 calicem
1709 387 1926 446 Domini

335 474 593 546 indigne,
668 490 799 531 reus
864 476 970 531 erit
1042 478 1294 547 corporis
1351 485 1407 533 et
1465 480 1753 551 sanguinis
1819 479 1928 537 Do-

336 564 474 619 mini
504 564 571 633 3',
610 583 630 617 ι
670 572 904 621 testatur
924 567 1242 637 Apostolus.
1269 552 1474 624 Eadem
1496 569 1735 637 ratione,
1770 590 1789 623 ι
1820 569 1927 638 Qui

334 656 454 712 odit
504 655 730 713 fratrem
785 673 946 713 suum
975 699 991 724 ,
1040 674 1150 714 non
1179 658 1356 732 diligit
1400 660 1734 732 Dominum;
1775 683 1795 718 ι
1831 665 1928 722 εεά

335 748 567 820 perinde
613 756 777 822 atque
807 748 979 806 Judaei
1014 752 1169 807 illum
1201 754 1328 810 odio
1370 754 1555 811 habet.
1599 757 1704 824 Qui
1742 766 1927 815 autem

335 854 634 912 pauperem
692 842 851 897 nihili
901 842 1071 910 facit,
1126 844 1175 901 is
1226 844 1557 913 Dominum,
1596 854 1673 903 ἰιι
1716 847 1927 918 Judaei,

336 933 671 988 contumelia
705 932 892 989 allicit.
927 932 1045 990 Hoc
1080 933 1341 992 Salomon
1375 938 1452 992 ait
1493 958 1505 994 :
1546 957 1565 990 ι
1603 939 1708 1006 Qui
1745 940 1930 1011 despi-

338 1022 415 1077 cit
455 1038 788 1094 pauperem,
830 1026 1128 1097 exprobrat
1186 1026 1383 1085 factori
1431 1029 1555 1101 ejus
1619 1032 1685 1085 ³³.
1747 1051 1768 1086 ι
1823 1030 1930 1099 Qui

338 1116 567 1187 negligit
624 1132 921 1188 pauperem
978 1120 1339 1186 esurientem.
1391 1124 1670 1179 sitientem
1726 1131 1783 1179 et
1825 1140 1931 1179 nu-

338 1209 494 1274 dum,
538 1211 739 1265 Similis
792 1219 879 1266 est
918 1209 1125 1267 Iudaeis
1164 1214 1257 1284 qui
1290 1213 1583 1270 Dominum
1624 1225 1927 1284 exuerunt,

337 1310 394 1357 et
435 1310 763 1373 putaverunt
792 1311 950 1359 aceto
988 1311 1043 1359 et
1087 1303 1232 1361 felle.
1268 1305 1336 1361 Et
1369 1307 1464 1378 qui
1496 1323 1727 1364 munera
1764 1324 1932 1380 super

338 1380 668 1451 innocentes
703 1395 1162 1466 acceperit,nihil
1206 1397 1389 1454 difl'ert
1418 1398 1488 1453 ab
1520 1414 1588 1455 eo
1620 1400 1715 1470 qui
1746 1398 1934 1457 Domi-

339 1502 473 1542 num
511 1488 776 1553 vendidit,
810 1488 990 1546 Juda:
1027 1492 1145 1562 ipse
1185 1493 1333 1549 enim
1381 1509 1603 1566 quoque
1629 1494 1926 1565 justitiam,

339 1594 462 1648 quae
499 1587 586 1634 est
632 1579 920 1648 Dominus,
945 1584 1152 1652 vendit,
1193 1594 1254 1641 ut
1290 1585 1382 1643 ille
1418 1586 1701 1644 Christum
1735 1588 1930 1644 vendi-

2033 391 2311 462 γινόμενοι
2341 390 2437 445 τοῦ
2472 389 2705 446 θανάτου
2731 388 2827 445 τοῦ
2862 391 3136 463 Σωτῆρος
3161 410 3181 444 ι
3210 391 3307 454 Ὃς
3332 411 3349 443 ι
3377 391 3484 463 γὰρ
3505 408 3525 442 ι
3551 391 3626 445 ἂν

2028 484 2190 557 ἐσθίῃ
2221 484 2312 539 τὸν
2340 484 2524 557 ἄρτον,
2557 484 2652 538 καὶ
2680 483 2811 556 πίνῃ
2863 484 2924 538 τὸ
2962 484 3220 556 ποτήριον
3267 480 3360 536 τοῦ
3412 480 3626 554 Κυρίου

2026 578 2284 646 ἀναξίως,
2320 577 2502 651 ἔνοχός
2542 581 2660 632 ἐστι
2709 577 2802 633 τοῦ
2844 577 3096 651 σώματος
3127 577 3224 632 καὶ
3255 577 3351 631 τοῦ
3391 578 3627 648 αἵματος

2027 672 2122 726 τοῦ
2175 672 2386 744 Κυρίου
2411 712 2427 737 ,
2471 690 2491 724 ι
2543 672 2573 725 6
2631 670 2953 735 Ἀπόστολος
3003 669 3359 742 μαρτύρεται.
3410 667 3622 733 Οῦτωςο

2034 780 2054 813 ι
2090 760 2204 815 Kal.
2225 763 2254 814 6
2289 760 2464 833 μισῶν
2496 762 2587 816 τὸν
2604 760 2829 831 ἀδελφὸν
2850 759 3015 815 αὑτοῦ
3044 761 3143 814 ούκ
3173 761 3363 832 ἀγαπᾷ
3384 759 3474 813 τὸν
3502 756 3627 813 Κύ-

2034 870 2200 926 ριον,ι
2231 852 2345 907 ἀλλ’
2372 853 2561 926 ὥσπερ
2585 855 2636 906 οἱ
2669 853 2935 916 Ἰουδαῖοι,
2993 853 3087 906 καὶ
3118 852 3282 917 αὐτὸς
3309 850 3481 915 οὕτως
3509 849 3627 922 (79)

2030 944 2209 1014 ἐμίσει
2232 942 2441 998 τοῦτον.
2486 944 2543 997 '0
2567 942 2624 996 δὲ
2645 942 2736 997 τὸν
2763 942 2973 1015 πένητα
3027 940 3321 1008 ἐξουθενῶν
3364 938 3627 1011 ἀτιμάζει

2030 1036 2127 1090 καὶ
2158 1035 2342 1102 αὐτὸς,
2370 1037 2447 1101 ὼς
2478 1038 2528 1090 οἱ
2571 1036 2835 1101 Ἰουδαῖοι,
2886 1036 2979 1091 τὸν
3034 1034 3259 1107 Κύριονο
3292 1033 3450 1087 τοῦτο
3472 1033 3628 1102 λέγει

2030 1127 2310 1200 Σαλομὼν·
2377 1148 2397 1181 ι
2442 1129 2500 1182 '0
2522 1126 2818 1194 ὲξουθενῶν
2852 1128 2944 1182 τὸν
2977 1127 3207 1200 πένητα,
3248 1125 3503 1198 ἀτιμάζει
3530 1125 3629 1179 τὸν

2031 1223 2337 1291 ποιήσαντα
2391 1222 2577 1278 αὐτόν.
2614 1240 2633 1274 ι
2675 1222 2734 1275 '0
2770 1220 3032 1293 παρορῶν
3102 1219 3312 1291 πένητα
3350 1216 3630 1271 πεινῶντα

2030 1315 2128 1369 καὶ
2147 1313 2386 1385 διψῶντα
2414 1313 2510 1367 καὶ
2536 1312 2763 1384 γυμνὸν,
2799 1312 2984 1384 ὅμοιός
3010 1314 3127 1366 ἐστι
3172 1314 3285 1376 τοῖς
3327 1309 3629 1375 Ἰουδαίοις,

2029 1409 2143 1471 τοῖς
2169 1408 2265 1461 καὶ
2299 1407 2391 1461 τὸν
2420 1405 2624 1479 Κύριον
2648 1404 2928 1471 ἐκδύσασι,
2990 1404 3085 1459 καὶ
3127 1403 3414 1458 ποτίσασιν
3460 1402 3631 1458 αὐτὸν

2032 1498 2153 1567 ὅξος
2189 1500 2286 1555 καὶ
2311 1499 2493 1572 χολήν.
2524 1497 2635 1552 Kal.
2691 1498 2721 1552 6
2761 1496 3055 1569 λαμϐάνων
3092 1496 3242 1568 δῶρα
3296 1496 3382 1549 ἐπ’
3427 1493 3631 1558 ἀθώοις

2031 1594 2134 1647 οὐκ
2158 1592 2304 1647 ἐστιν
2359 1590 2520 1654 ἄλλος
2565 1589 2660 1644 τοῦ
2717 1588 3071 1661 πωλήσαντος
3106 1586 3195 1640 τὸν
3245 1587 3469 1659 Κύριον,
3497 1586 3575 1652 ὡς
3598 1588 3632 1641 6

339 1671 440 1726 dit.
497 1670 566 1728 Et
615 1674 711 1745 qui
758 1690 870 1730 non
910 1674 1129 1746 judicat
1178 1679 1409 1750 pupillo,
1457 1696 1561 1736 nec
1612 1680 1792 1737 viduae
1839 1682 1933 1753 jus

2047 1684 2268 1750 Ἰούδας
2306 1684 2401 1739 καὶ
2432 1684 2592 1747 αὐτὸς
2617 1682 2727 1755 γὰρ
2756 1681 2853 1754 τὴν
2895 1679 3264 1751 δικαιοσύνην,
3313 1679 3435 1750 ἣτις
3476 1678 3633 1733 ἐστίν

340 1781 503 1821 suum
555 1766 758 1833 reddit,
808 1768 857 1823 is
908 1777 993 1825 est
1038 1770 1238 1827 similis
1278 1771 1702 1830 insidiatoribus
1737 1781 1792 1830 et
1840 1788 1935 1831 ca-

338 1857 769 1917 lumniatoribus
793 1859 1031 1916 Domini.
1057 1861 1308 1930 Demum,
1344 1881 1467 1936 qua:
1498 1867 1625 1937 quis
1658 1867 1714 1923 in
1745 1867 1935 1938 proxi-

340 1965 493 2004 mum
547 1958 830 2021 operatur,
868 1967 933 2006 ea
979 1961 1309 2024 reputantur
1341 1955 1487 2013 facta
1524 1959 1581 2014 in
1615 1958 1932 2028 Dominum,

341 2042 438 2113 qui
482 2050 709 2113 propter
746 2058 850 2100 nos
890 2044 1204 2112 descendit,
1246 2054 1302 2104 ct
1343 2064 1446 2121 pro
1489 2051 1651 2109 nobis
1682 2062 1935 2112 mortuus

340 2143 447 2191 εει.
491 2134 573 2190 Ita
608 2150 845 2208 namque
890 2137 968 2193 ait
1012 2139 1131 2211 ipse
1171 2139 1440 2201 Dominus
1481 2145 1538 2200 in
1574 2145 1930 2219 Evangeliis:

347 2247 367 2280 ι
400 2226 461 2282 In
484 2239 751 2300 quantum
784 2232 878 2286 uni
904 2235 1217 2304 ex‘pusillis
1248 2236 1372 2295 istis
1399 2237 1648 2307 fecistis,
1681 2242 1818 2297 mihi
1849 2241 1933 2298 fe-

341 2318 500 2375 cistis
528 2319 595 2373 “.
628 2339 646 2373 ι
681 2318 926 2378 Rursum
960 2323 1063 2379 hoc
1090 2329 1403 2384 necessarie
1430 2329 1711 2387 sciendum
1742 2332 1936 2389 obser-

340 2413 696 2486 vandumque
762 2423 868 2472 est.
914 2415 1018 2483 Qui
1080 2416 1410 2486 fornicatur.
1455 2437 1614 2478 suam
1654 2423 1773 2494 ipse
1808 2425 1933 2480 ani—

342 2522 493 2563 mam
558 2507 780 2578 perdit,
844 2511 1292 2583 contumeliaque
1364 2514 1550 2583 allicit,
1619 2522 1681 2570 ut
1758 2515 1933 2573 Judzei

346 2599 615 2671 templum
657 2607 713 2656 et
756 2615 959 2672 corpus
1000 2601 1238 2660 Domini.
1278 2605 1383 2673 Qui
1417 2623 1580 2670 vero,
1615 2626 1634 2660 ι
1667 2610 1932 2681 templum

350 2688 566 2744 Domini
614 2689 927 2758 violaverit,
982 2692 1261 2764 disperdet
1305 2696 1460 2751 illum
1498 2695 1644 2755 Deus
1681 2699 1751 2765 ³⁵,
1802 2718 1822 2752 ι
1874 2708 1936 2757 ιιι

344 2779 551 2838 Paulus
598 2783 813 2840 scribit.
863 2782 930 2840 Et
987 2785 1082 2856 qui
1139 2785 1246 2842 sub
1289 2802 1460 2859 regno
1509 2789 1721 2860 peccati
1766 2789 1931 2862 degit,

345 2873 486 2931 nihil
528 2874 712 2930 differt
740 2890 771 2929 a
812 2873 1020 2932 Iudaeis
1065 2877 1466 2949 abnegantibus
1511 2881 1934 2952 dicentibusque

2035 1779 2065 1832 6
2089 1777 2316 1849 Κύριος,
2340 1777 2531 1841 πωλεῖ,
2564 1776 2641 1839 ὡς
2668 1778 2877 1838 ἐκεῖνος
2918 1772 3010 1827 τὸν
3055 1771 3310 1844 Χριστόν.
3342 1770 3455 1822 Kal.
3486 1772 3515 1823 6
3550 1768 3632 1841 μὴ

2035 1867 2237 1941 κρίνων
2265 1865 2508 1939 ὀρφανῷ,
2546 1865 2641 1920 καὶ
2693 1864 2756 1917 τὸ
2787 1863 2993 1918 δίκαιον
3023 1861 3311 1925 ἀποδιδοὺς
3359 1863 3427 1932 τῇ
3457 1861 3630 1934 χήρᾳ,

2034 1960 2064 2014 6
2093 1957 2253 2022 αὐτός
2291 1957 2409 2010 ἐστι
2440 1958 2554 2019 τοῖς
2586 1950 3004 2007 ἐπιϐουλεύσασι
3048 1949 3128 2022 τῷ
3161 1950 3352 2021 Κυρίῳ
3402 1951 3499 2003 καὶ
3532 1966 3634 2002 συ-

2036 2051 2444 2122 κοφαντήσασιν
2475 2047 2660 2103 αύτὸν.
2687 2046 2799 2100 Kal.
2830 2047 3007 2112 τέλος,
3043 2047 3204 2099 ὁποῖα
3233 2044 3300 2099 ἀν
3323 2061 3407 2108 τις
3432 2044 3512 2108 είς
3536 2043 3637 2099 τὸν

2036 2141 2264 2217 πλησίον
2292 2141 2618 2214 ἐργάσηται,
2648 2138 2820 2193 ταῦτα
2846 2139 2926 2202 είς
2957 2137 3049 2192 τὸν
3075 2136 3281 2209 Κύριον
3330 2134 3635 2205 λογίζεται,

2034 2236 2128 2290 τὸν
2156 2235 2224 2289 δι’
2256 2236 2406 2305 ἡμᾶς
2427 2232 2758 2288 κατελθόντα
2782 2230 2878 2286 καὶ
2914 2230 3057 2303 ὑπὲρ
3081 2228 3239 2301 ἡμῶν
3267 2229 3634 2284 ἀποθανόντα.

2036 2326 2195 2386 Οὕτω
2223 2327 2332 2401 γὰρ
2358 2327 2455 2381 καὶ
2500 2326 2529 2380 6
2572 2325 2778 2398 Κύριος
2817 2326 2878 2380 ἐν
2898 2327 3011 2389 τοῖς
3055 2322 3411 2393 Εὐαγγελίοις
3460 2321 3636 2391 λέγει’

2042 2438 2062 2470 ι
2111 2419 2226 2490 Ἐφ’
2255 2420 2380 2473 ὅσον
2401 2418 2694 2491 ἐποιήσατε
2736 2417 2821 2471 ἑνὶ
2849 2415 2959 2470 τῶν
2997 2414 3210 2487 μικρῶν
3249 2414 3475 2480 τούτων,
3508 2413 3639 2486 ἐμοὶ

2035 2512 2382 2583 ἐποιήσατε.)
2418 2510 2530 2566 Καὶ
2561 2508 2744 2574 πάλιν,
2779 2508 2916 2580 ὅπερ
2938 2506 3087 2560 ἐστὶν
3104 2508 3402 2577 ἀναγκαῖον
3434 2505 3639 2560 εἰδέναι

2036 2604 2131 2657 καὶ
2184 2604 2393 2675 τηρεῖν·
2448 2620 2469 2654 ι
2521 2601 2579 2655 '0
2628 2599 2907 2673 πορνεύων
2951 2600 3051 2672 τὴν
3102 2598 3202 2670 μὲν
3260 2598 3397 2652 ἰδίαν
3454 2596 3640 2668 ψυχὴν

2036 2694 2315 2761 ἀπολλύει,
2350 2692 2562 2766 ὑϐρίζει
2584 2693 2642 2746 δὲ
2663 2693 2757 2747 καὶ
2781 2691 2964 2757 αὐτὸς,
2987 2692 3064 2755 ὡς
3106 2691 3371 2758 Ἰουδαῖοι,
3395 2689 3486 2743 τὸν
3504 2690 3639 2746 ναὸν

2037 2788 2220 2843 καὶτὸ
2269 2786 2428 2857 σῶμα
2480 2785 2575 2841 τοῦ
2631 2786 2840 2857 Κυρίου
2868 2784 3040 2857 (80).»
3097 2784 3155 2838 '0
3181 2783 3290 2855 γὰρ
3336 2802 3354 2834 ι
3388 2782 3480 2837 τὸν
3508 2782 3641 2835 ναὸν

2035 2880 2130 2935 τοῦ
2164 2880 2301 2934 Θεοῦ
2331 2878 2591 2950 φθείρων,
2615 2877 2897 2950 φθείρεται
2923 2876 3030 2930 ὑπὸ
3056 2875 3149 2930 τοῦ
3174 2874 3363 2940 Θεοῦ,›
3384 2874 3459 2939 ὡς
3488 2873 3642 2929 Παῦ-

348 2982 433 3033 εε,
458 2982 573 3024 non
608 2965 921 3034 Dominum,
948 2968 1044 3023 sed
1064 2966 1339 3024 Caesarem
1365 2984 1546 3041 regem
1574 2970 1796 3027 habere.
1821 2971 1935 3028 Nec

2041 2972 2132 3036 λος
2160 2971 2382 3043 γράφει.
2418 2969 2530 3024 Καὶ
2571 2969 2601 3020 ὁ
2640 2969 2740 3040 μὲν
2774 2968 2880 3022 ὑπὸ
2930 2968 3029 3039 τῆς
3062 2967 3336 3040 ἁμαρτίας
3386 2966 3643 3037 βασιλευ-

346 3059 724 3133 ignorantium
756 3068 878 3127 est,
919 3076 1045 3118 eum
1075 3061 1170 3132 qui
1198 3062 1575 3133 voluptatibus
1620 3064 1933 3135 subjicitur,

348 3154 530 3223 iisque
567 3153 797 3208 multum
840 3153 1167 3219 delectatur,
1200 3151 1404 3225 ipsum,
1453 3154 1700 3225 inquam,
1740 3164 1799 3211 ut
1845 3155 1943 3212 Ju-

348 3246 521 3312 daeos,
566 3243 876 3300 Barabbam
912 3245 1217 3316 postulare,
1248 3253 1303 3301 et
1340 3244 1632 3301 Dominum
1667 3248 1938 3305 occidere.

348 3337 429 3392 Ita
504 3351 746 3408 namque
805 3334 1013 3400 Judaei,
1086 3336 1369 3408 improbos
1435 3337 1700 3394 Barabbaa
1762 3354 1944 3396 mores

349 3427 663 3500 diligentes,
694 3427 914 3483 demum
943 3429 1202 3485 virtutem
1234 3432 1382 3501 fsunt
1412 3431 1712 3502 persecuti.
1747 3430 1944 3487 Scien-

353 3520 484 3575 dum
519 3522 676 3589 item,
707 3535 831 3576 eum
857 3520 951 3590 qui
988 3521 1045 3576 in
1074 3521 1181 3577 fide
1205 3520 1396 3578 firmus
1426 3538 1538 3578 non
1566 3531 1674 3590 est,
1710 3523 1945 3580 similem

352 3611 425 3667 iis
449 3626 576 3667 esse
622 3612 716 3682 qui
756 3610 1030 3667 increduli
1063 3612 1322 3669 aiebant:
1365 3632 1385 3666 ι
1427 3612 1485 3669 Si
1511 3613 1686 3672 Filius
1711 3614 1809 3672 Dei
1837 3625 1945 3683 est,

352 3700 655 3756 descendat
707 3716 856 3755 nunc
909 3700 977 3757 de
1033 3716 1220 3770 cruce,
1269 3710 1325 3758 et
1371 3704 1662 3760 credemus
1708 3706 1758 3760 ei
1800 3706 1868 3761 ³⁸.
1921 3726 1942 3759 ι

352 3792 494 3848 Nam
544 3791 662 3847 haec
700 3791 780 3847 illi
840 3807 938 3863 per
982 3793 1428 3850 incredulitatem
1476 3794 1752 3851 dicebant.
1804 3797 1948 3864 Quid

353 3885 526 3958 igitur
575 3885 633 3941 in
685 3884 842 3941 hisce
882 3884 1195 3957 agendum?
1225 3885 1376 3941 Nihil
1421 3887 1569 3943 aliud
1609 3903 1776 3959 quam
1827 3904 1950 3946 cre-

354 3980 490 4035 dere
516 3977 742 4033 Christo
767 4017 783 4044 ,
819 3984 874 4033 et
904 3978 1212 4034 secundum
1241 3980 1399 4034 illum
1425 3980 1599 4035 vitam
1631 3981 1947 4051 instituere,

354 4069 818 4143 quemadmodum
858 4077 915 4126 et
966 4069 1172 4128 Paulus
1212 4071 1289 4127 ait
1341 4091 1355 4128 :
1407 4091 1427 4126 ι
1482 4073 1794 4132 imitatores
1840 4080 1948 4132 mei

354 4170 556 4230 estote,
588 4163 736 4219 sicut
762 4171 817 4218 et
838 4178 940 4235 ego
962 4163 1169 4220 Christi
1196 4165 1265 4231 ³⁷,
1308 4183 1328 4216 ι
1367 4172 1423 4220 ει
1442 4163 1758 4223 Iudaeorum
1790 4184 1948 4226 aver-

358 4258 472 4313 sari
526 4260 867 4324 amicitiam,
916 4257 1396 4325 incredulitatem,
1456 4261 1945 4329 subsannationes,

2040 3066 2236 3136 όμενος
2269 3062 2421 3117 οὐδὲν
2445 3061 2663 3115 ἀποδὲει
2694 3060 2804 3114 τῶν
2833 3060 3186 3133 ἀρνουμένων
3232 3058 3522 3122 Ἰουδαίων,
3541 3059 3643 3113 καὶ

2041 3157 2311 3228 λεγόντων
2345 3154 2421 3227 μὴ
2444 3154 2588 3225 ἔχειν
2621 3152 2844 3224 βασιλέα
2889 3152 2981 3205 τὸν
3032 3151 3260 3223 Κύριον,
3315 3149 3453 3205 ἀλλά
3499 3149 3644 3203 Καί-

2045 3268 2207 3323 σαρα.
2240 3248 2333 3320 Μὴ
2364 3248 2625 3317 ἀγνοείτω
2656 3246 2712 3299 δὲ
2764 3246 2792 3298 6
2824 3244 3197 3318 κρατούμενος
3227 3243 3332 3297 ὑπὸ
3371 3242 3481 3297 τῶν
3516 3243 3646 3314 ἡδο-

2045 3341 2175 3407 νῶν,
2205 3341 2301 3394 καὶ
2328 3338 2530 3411 μᾶλλον
2563 3339 2758 3402 αὐταῖς
2795 3336 3152 3409 τερπόμενος,
3183 3336 3268 3388 ὅτι
3316 3334 3412 3388 καὶ
3452 3334 3640 3402 αὐτὸς,

2044 3436 2122 3500 ὡς
2145 3437 2194 3489 οἱ
2240 3433 2507 3496 Ἰουδαῖοι,
2540 3432 2633 3487 τὸν
2666 3430 2958 3503 Βαραϐϐᾶν
2987 3430 3243 3493 αἰτεῖται,
3273 3428 3370 3482 καὶ
3412 3425 3504 3480 τδν
3524 3425 3645 3479 Κύ-

2049 3547 2166 3603 ριον
2197 3526 2534 3582 ἀποκτείνει.
2568 3524 2727 3579 Οὕτω
2762 3523 2872 3595 γὰρ
2904 3523 2955 3576 οἱ
2990 3521 3255 3583 Ἰουδαῖοι,
3286 3519 3379 3573 τὸν
3434 3517 3643 3588 φαῦλον

2045 3621 2249 3693 τρόπον
2303 3619 2695 3688 ἀγαπήσαντες
2748 3615 2839 3670 τὸν
2866 3614 2962 3669 τοῦ
2990 3612 3273 3685 Βαραϐϐἆ,
3301 3611 3488 3665 λοιπὸν
3539 3610 3645 3682 τὴν

2047 3711 2250 3784 ἀρετὴν
2277 3709 2606 3774 ἀπεδίωξαν.
2635 3706 2956 3762 Γινωσκέτω
2981 3706 3040 3759 δὲ
3064 3705 3159 3760 καὶ⁹
3191 3705 3221 3757 6
3258 3703 3333 3776 μὴ
3360 3707 3427 3776 τῇ
3455 3702 3643 3757 πίστει

2053 3806 2293 3877 ἰσχυρὸς,
2336 3800 2691 3865 ὅτιτοιοῦτός
2738 3803 2908 3864 ἐστιν,
2939 3798 3013 3861 ὡς
3046 3799 3096 3851 οἱ
3145 3796 3503 3860 ἀπιστοῦντες
3545 3795 3645 3849 καὶ

2048 3897 2318 3966 λέγοντες·
2345 3914 2365 3948 ι
2395 3895 2459 3948 Et
2495 3893 2624 3955 Υἱός
2649 3895 2767 3946 ἐστι
2793 3890 2889 3945 τοῦ
2913 3888 3071 3954 Θεοῦ,
3100 3888 3395 3945 καταϐάτω
3418 3886 3513 3941 νῦν
3533 3886 3645 3940 ἀπὸ

2047 3989 2144 4045 τοῦ
2199 3986 2470 4058 σταυροῦ,
2521 3985 2617 4040 καὶ
2665 3983 3032 4055 πιστεύσομεν
3089 3980 3255 4052 αύτῷ.
3296 4000 3316 4033 ι
3368 3980 3479 4034 Καὶ
3535 3978 3644 4053 γὰρ

2048 4081 2300 4135 κάκεῖνοι
2324 4076 2691 4155 ¹ἀπιστοῦντες
2724 4075 3055 4145 ἐφθέγγοντο
3076 4073 3249 4128 ταῦτα
3280 4072 3413 4144 (8i).
3437 4071 3502 4155 τί
3548 4067 3646 4126 οὖν

2049 4172 2142 4226 ἐπὶ
2169 4152 2381 4234 τούτοις
2405 4168 2512 4242 χρὴ
2535 4170 2709 4222 ποιεῖν
2732 4184 2746 4233 ;
2781 4166 2952 4222 Οὐδὲν
2976 4167 3162 4239 ἕτερον
3195 4165 3227 4237 ἣ
3252 4152 3527 4219 πιστεύειν
3563 4162 3648 4235 τῷ

2049 4258 2293 4332 Χριστῷ,
2321 4259 2419 4313 καὶ⁹
2468 4259 2588 4312 κατ’
2617 4257 2781 4311 αὐτὸν
2825 4255 3222 4322 πολιτεύεσθαι,
3276 4252 3456 4317 καθὼς
3481 4254 3578 4307 καὶ
3614 4255 3649 4308 ὁ

356 4350 597 4418 fabulas,
625 4352 973 4424 genealogias
1006 4352 1411 4421 interminatas,
1441 4368 1562 4423 quae
1594 4355 1778 4425 potius
1803 4372 1938 4426 quae-

2056 4350 2268 4414 Παῦλος
2299 4350 2466 4419 λέγει’
2508 4367 2525 4400 ι
2562 4347 2815 4418 Μιμηταί
2839 4365 2941 4419 μου
2971 4345 3208 4416 γίνεσθε,
3250 4344 3434 4408 καθὼς
3486 4343 3648 4414 κάγὼ

359 4444 568 4503 stiones
611 4443 872 4511 afferunt,
911 4460 1077 4515 quam
1103 4444 1525 4501 aedificationem
1572 4446 1668 4504 Dei
1710 4449 1765 4503 in
1805 4448 1950 4518 fide;

360 4537 644 4593 adhaerere
683 4544 866 4597 autem
899 4539 1074 4603 cruci,
1097 4547 1154 4594 et
1181 4546 1243 4593 ut
1270 4539 1363 4594 illa
1402 4540 1630 4611 dignum
1667 4550 1753 4599 est
1783 4542 1954 4598 vitam

361 4631 654 4687 instituere
686 4650 704 4686 ι
735 4638 901 4702 atque
939 4630 1164 4686 easdem
1203 4647 1343 4702 quas
1373 4633 1583 4688 Paulus
1619 4647 1785 4690 voces
1821 4649 1955 4705 pro-

362 4720 510 4778 ferre
545 4741 561 4779 :
599 4740 618 4775 ‹
666 4721 799 4787 Mihi
839 4730 1023 4778 autem
1063 4724 1207 4781 absit
1246 4724 1495 4796 gloriari,
1534 4724 1644 4781 nisi
1686 4725 1745 4780 in
1789 4740 1955 4784 cruce

360 4813 583 4870 Domini
630 4816 810 4871 nostri
850 4815 981 4872 Jesu
1017 4815 1225 4874 Christi
1255 4818 1321 4871 ³⁸.
1363 4837 1380 4869 ι
1416 4816 1552 4875 Nam
1590 4818 1638 4875 si
1674 4818 1747 4875 ita
1782 4819 1950 4874 vitam

364 4921 614 4980 agamus,
658 4909 1059 4980 credamusque
1107 4910 1165 4965 in
1199 4909 1518 4975 Dominum,
1550 4924 1950 4982 cognoscemus

362 4997 489 5066 ejus
518 4998 575 5053 in
612 4999 784 5067 caelos
822 5000 1279 5071 assumptionem,
1315 5001 1545 5073 ejusque
1571 5001 1949 5075 adﬁexteram

365 5089 675 5161 majestatis
726 5090 1078 5160 sessionem;
1154 5091 1572 5163 videbimusque
1627 5093 1947 5163 angelorum

438 5314 486 5346 ³³
526 5313 548 5368 Ι
581 5314 703 5369 Cor.
749 5326 828 5377 ιι,
869 5309 960 5365 27.
1069 5310 1114 5345 ³³
1150 5310 1313 5366 Prov.
1348 5328 1460 5374 xw,
1497 5313 1591 5369 51.

367 5382 415 5419 ³⁷
454 5383 633 5441 lCor.
669 5398 745 5449 tv,
783 5386 870 5440 16.
948 5382 993 5413 ³⁸
1033 5380 1210 5447 Galat.
1251 5397 1340 5448 νι,
1379 5382 1465 5436 M.

441 5540 552 5612 (79)
590 5540 945 5612 Anglicanus.
971 5542 1074 5612 και
1098 5540 1261 5604 αὐτὸς
1282 5532 1462 5612 οὗτος.

442 5540 557 5684 (79;
590 5540 945 5612 Anglicanus.
971 5542 1083 5620 xal._
1098 5540 1261 5604 αὐτὸς
1286 5540 1462 5602 οὗτος.

442 5612 536 5685 (80
595 5610 953 5685 Anglicanus,
995 5628 1088 5665 του
1132 5610 1325 5682 Ἰησοῦ.
1360 5609 1508 5665 Infra
1538 5608 1593 5665 in
1628 5610 1817 5667 codice
1843 5607 1953 5666 Re-

1704 5313 1749 5345 “
1790 5312 1984 5370 Matth.
2020 5331 2149 5381 xxv,
2182 5316 2274 5372 40.

2051 4440 2345 4515 Χριστοῦοι
2364 4442 2460 4496 καὶ
2481 4441 2581 4513 τὴν
2614 4440 2713 4512 μὲν
2746 4439 3014 4494 Ἰουδαίων
3037 4437 3401 4510 ἐκτρέπεσθαι
3437 4436 3645 4506 φιλίαν,

2052 4537 2149 4591 καὶ
2173 4535 2453 4601 ἀπιστίαν,
2480 4534 2577 4590 καὶ
2608 4532 2828 4607 χλεύην,
2860 4535 2956 4588 καὶ
2987 4532 3210 4604 μύθους,
3245 4532 3342 4586 καὶ
3389 4528 3648 4599 γενεαλο-

2052 4629 2179 4698 γίας
2210 4607 2572 4702 ἀπεράντους,
2598 4627 2804 4690 αἵτινες
2828 4625 3085 4698 ζητήσεις
3119 4623 3416 4698 παρέχουσι
3440 4622 3650 4692 μᾶλλον

2052 4722 2422 4794 ἢοίκονομίαν
2470 4717 2608 4775 Θεοῦ
2665 4719 2765 4790 τὴν
2823 4719 2882 4772 ἐν
2939 4717 3139 4771 πίστειο
3182 4715 3403 4786 ἔχεσθαι
3454 4715 3513 4770 δὲ
3549 4713 3648 4769 τοῦ

2061 4813 2295 4884 σταυροῦ
2324 4813 2419 4868 καὶ
2447 4811 2614 4878 ἀξίως
2643 4807 2808 4864 αὑτοῦ
2868 4806 3272 4873 πολιτεύεσθαι,
3310 4806 3406 4861 καὶ⁵
3464 4804 3651 4872 λέγειν

2056 4904 2155 4968 τὰς
2180 4904 2350 4967 αὑτὰς
2379 4901 2459 4974 τῷ
2483 4901 2682 4973 Παύλῳ
2708 4900 2912 4971 φωνάς·
2978 4919 2997 4952 ι
3047 4899 3201 4970 Ἐμοὶ
3237 4898 3295 4951 δέ
3334 4897 3409 4970 μὴ
3438 4895 3653 4966 γένοιτο

2058 4995 2385 5067 καυχᾶσθαι,
2420 4997 2469 5048 εί
2518 4993 2594 5066 μὴ
2643 4994 2701 5046 ἐν
2738 4991 2817 5063 τῷ
2846 4990 3069 5063 σταυρῷ
3116 4989 3210 5044 τοῦ
3244 4989 3451 5062 Κυρίου
3491 4989 3653 5062 ήμῶν

2069 5087 2245 5161 Ἰησοῦ
2313 5084 2574 5158 Χριστοῦ.
2611 5105 2632 5138 ι
2690 5084 2848 5140 Οὕτω
2894 5083 3007 5156 γὰρ
3056 5084 3507 5154 πολιτευσάμενοι
3555 5081 3654 5136 καὶ

2386 5316 2434 5350 ³⁸
2468 5314 2491 5369 1
2523 5311 2649 5370 Cor.
2688 5329 2772 5378 ιιι,
2807 5312 2897 5368 Π.
3016 5311 3061 5343 ³⁸
3102 5309 3300 5369 Matth.
3331 5320 3519 5376 nm,
3553 5303 3650 5363 42.

2064 5539 2175 5609 gio,
2203 5535 2278 5609 ᾡς
2292 5538 2574 5609 _omissurn
2606 5543 2732 5609 ante
2768 5532 2980 5600 Παῦλος
3008 5532 3231 5605 γράφει.

2136 5608 2249 5681 ι81)
2290 5606 2516 5677 Regius,
2547 5605 2792 5661 τοιαῦτα.
