3890 6200
236 229 341 291 249

1304 241 1397 298 DE
1439 243 1782 302 PASSIONE
1811 246 1904 306 ET
1940 250 2176 312 CRUCE
2214 254 2479 316 DOMINI.

3394 273 3505 332 εει)

229 348 631 417 πιστεύσαντες
651 352 735 418 είς
759 352 854 409 τὸν
879 354 1105 427 Κύριον,
1127 361 1452 433 γνωσόμεθα
1480 361 1579 435 τὴν
1605 366 1686 430 είς
1729 366 1791 420 οὐ

1928 372 2346 443 subjectionem,
2404 377 2637 450 ejusque
2685 390 2987 439 secundum
3044 384 3335 443 adventum
3374 404 3504 447 cum

226 441 429 513 ρανοῦς
455 442 724 516 ἀνάληψιν
755 446 944 514 αὑτοῦ,
974 451 1070 504 καὶ
1120 451 1219 525 τὴν
1249 454 1308 507 ὲν
1349 452 1503 528 δεξιᾷ
1520 456 1620 528 τῆς
1651 474 1823 529 μεγα-

225 531 460 623 λοσύνης
520 536 760 605 κάθισιν,
797 541 894 596 καὶ
944 542 1043 614 τὴν
1090 545 1201 601 τῶν
1246 546 1495 617 ἀγγέλων
1541 549 1794 623 duumvir

1924 531 2103 611 sancti
2161 558 2454 615 decantant

219 622 493 697 ὀψόμεθα,
522 630 618 683 καὶ¹
636 630 737 701 τὴν
770 632 909 703 μετά
935 634 1094 707 δόξης
1121 637 1285 692 αὐτοῦ
1311 640 1474 695 πάλιν
1490 622 1816 714 παρουσίαν·

220 715 289 788 ἢν
325 718 553 789 ἄγγελοι
600 723 698 793 μὲν
731 727 1214 798 προσημαίνουσιν,
1272 730 1418 801 ἅγιοι
1464 731 1521 786 δὲ
1558 733 1812 805 ὑμνοῦσι·

1925 462 2099 533 gloria
2152 464 2398 522 futurum
2452 487 2469 524 :
2521 470 2635 544 84
2685 488 2846 542 quem
2898 475 3073 546 angeli
3111 480 3501 548 praenuntiant,

2504 580 2521 619 :
2573 579 2765 621 omnes
2808 573 2988 622 autem
3028 569 3122 639 qui
3163 572 3366 636 vident.
3401 588 3504 628 ex-

1919 650 2151 737 sultant,
2210 661 2265 708 ct
2312 655 2551 724 gaudent
2597 658 2654 712 in
2715 657 2938 717 Christo
2989 661 3143 730 Jesu,
3187 680 3285 736 per
3334 680 3500 737 quem

1915 736 2068 796 Patri
2112 743 2284 812 gloria
2338 753 2395 801 et
2457 746 2750 820 imperium
2797 750 2855 805 in
2901 754 3102 808 saecula
3148 736 3495 815 saeculorum.

220 806 428 875 πάντες
479 810 536 865 δὲ
585 813 820 885 ὁρῶντες
861 817 1245 887 ἀγαλλιῶνται,
1297 821 1394 876 καὶ
1445 824 1725 896 χαίρουσιν
1753 827 1813 881 ὲν
1910 828 2101 888 Amen.

215 903 446 976 Χριστῷ
474 905 670 976 Ἰησοῦ,
693 905 761 960 δι’
789 900 851 961 οὗ
880 909 958 980 τῷ
975 911 1148 984 Πατρὶ
1177 915 1211 985 ἡ
1244 912 1371 980 δόξα
1405 917 1500 971 καὶ
1525 917 1586 971 τὸ
1608 919 1808 990 κράτος
1837 922 1918 987 είς
1952 924 2082 990 τοὺς
2109 926 2313 994 αίῶνας
2338 928 2446 985 τῶν
2472 931 2701 991 αἰώνων.
2746 934 2937 1008 Ἀμήν.

441 1020 875 1078 ΑΘΔΝΑΣΙΟΥ
896 1027 1024 1080 ΕΙΣ
1054 1030 1142 1081 ΤΟ
1175 1031 1422 1085 ΠΑΘΟΣ
1442 1030 1598 1104 (81‘).

2061 1042 2482 1103 ATIIANASII
2509 1047 2611 1102 DE
2634 1048 3016 1107 PASSIONE
3044 1052 3354 1113 DOHINI.

1282 1143 1783 1217 (MathBt'bh'otheca
1803 1167 1936 1209 nova
1958 1152 2183 1213 Patrum
2208 1199 2223 1226 ,
2255 1158 2301 1215 ll
2318 1199 2332 1226 ,
2358 1160 2508 1233 578.)

286 1271 309 1307 ι
364 1253 748 1310 Ἐϐασίλευσεν
788 1255 818 1308 6
858 1254 1087 1322 θάνατος
1120 1258 1229 1312 ἀπὸ
1269 1259 1441 1332 Ἀδὰμ
1480 1261 1644 1334 μέχρι
1681 1266 1813 1319 Μω-

214 1345 379 1411 σέως.
402 1364 424 1399 ι
451 1347 612 1418 ’Δρτι
645 1346 703 1400 δὲ
719 1347 996 1421 τολμήσας
1033 1349 1176 1404 κατά
1215 1351 1309 1405 τοῦ
1347 1353 1580 1425 Κυρίου,
1613 1355 1814 1429 θεωρεῖ

210 1437 411 1491 ἑαυτὸν
440 1436 778 1510 ἐκϐληθέντα
810 1438 907 1492 τοῦ
937 1440 1158 1507 παντὸς,
1198 1443 1294 1496 καὶ
1326 1444 1430 1498 ὑπὸ
1463 1446 1682 1500 πάντων
1713 1465 1811 1502 κα-

1993 1289 2012 1324 ι
2049 1270 2319 1344 Regnavit
2347 1291 2497 1333 mors
2527 1278 2595 1332 ab
2622 1276 2834 1335 Adamo
2864 1297 3040 1353 usque
3069 1283 3137 1339 ad
3174 1284 3431 1358 Moysem.
3468 1306 3492 1343 ι

1913 1358 2073 1418 Nunc
2106 1380 2236 1421 vero
2259 1365 2473 1424 facinus
2503 1384 2638 1423 ausa
2676 1370 2939 1428 adversus
2980 1372 3268 1431 Dominum
3290 1418 3304 1443 ,
3349 1379 3499 1436 videt

1916 1468 1975 1509 se
1996 1456 2145 1510 omni
2189 1472 2291 1528 ope
2334 1459 2623 1529 dejectam,
2661 1464 3040 1519 conculcatam
3082 1467 3152 1522 ab
3190 1470 3446 1526 omnibus
3473 1511 3490 1537 ,

210 1530 629 1601 ταπατούμενον
659 1531 796 1603 (82),
827 1533 927 1586 καὶ
970 1533 1390 1606 συντριϐόμενω
1426 1536 1532 1591 ὑπὸ
1558 1540 1686 1602 τοὺς
1710 1541 1794 1594 πό-

1912 1543 2255 1615 pedibusque
2287 1550 2496 1604 nostris
2523 1552 2833 1620 protritam.
2893 1551 3000 1608 Sed
3056 1555 3200 1625 quod
3234 1530 3492 1628 magnum

209 1621 309 1686 διας
350 1623 514 1694 ἡμῶν
538 1640 552 1653 ·
596 1623 659 1677 τό
685 1641 750 1694 γε
795 1625 903 1696 μὴν
941 1624 1083 1696 μέγα
1108 1626 1201 1680 καὶ
1241 1628 1563 1700 παράδοξον,
1593 1631 1676 1685 ὅτι
1714 1632 1794 1686 καί

1912 1642 1997 1690 est
2024 1643 2079 1689 et
2109 1636 2561 1708 inexspectatum,
2594 1641 2714 1711 ipso
2762 1643 2818 1698 in
2867 1659 3031 1700 cruce
3064 1621 3351 1716 pendente.
3388 1648 3494 1705 Do-

209 1713 299 1767 ὲπ’
338 1715 510 1769 αὐτοῦ
567 1714 686 1785 τοῦ]
715 1715 953 1789 σταυροῦ
1016 1719 1372 1791 κρεμαμένου
1429 1721 1522 1775 τοῦ
1571 1723 1794 1795 Κυρίου,

1905 1729 2054 1784 mino
2083 1731 2269 1801 (hujus
2292 1734 2436 1789 enim
2467 1750 2668 1807 corpus
2722 1746 2876 1804 erat,
2928 1739 2986 1795 in
3034 1755 3207 1809 eoque
3251 1740 3489 1797 Verbum

209 1805 402 1878 (αὑτοῦ
429 1808 541 1880 γάρ
559 1803 628 1881 ἦν
661 1808 722 1861 τὸ
751 1808 933 1881 σῶμα,
976 1812 1073 1864 καὶ
1104 1812 1161 1866 ἐν
1191 1811 1343 1883 αὐτῷ
1379 1807 1448 1883 ἦν
1472 1813 1502 1867 6
1526 1814 1754 1887 Λόγος)
1774 1817 1803 1870 6

211 1898 311 1968 μὲν
349 1898 508 1969 ἥλιος
536 1900 856 1973 ἐσκοτίσθη,
898 1904 932 1973 ἡ
971 1901 1029 1954 δὲ
1064 1902 1138 1973 γῆ
1172 1903 1493 1974 ὲτρόμαξεν,
1514 1907 1569 1958 αἱ
1607 1907 1804 1978 πέτραι

206 1991 570 2063 ἐσχίσθησαν,
600 1994 695 2047 καὶ
730 1994 793 2047 τὸ
835 1996 1238 2067 καταπέτασμα
1266 1996 1360 2051 τοῦ
1394 1997 1524 2053 ναοῦ
1552 1999 1799 2072 ἐσχίσθη,

207 2084 302 2136 καὶ
346 2082 525 2137 πολλὰ
574 2084 802 2156 σώματα
850 2086 958 2142 τῶν
991 2091 1525 2161 προκεκοιμωμένων
1559 2091 1756 2163 ἀνέστη
1783 2109 1798 2126 ο

205 2173 302 2227 καὶ
348 2175 552 2240 οὐδεὶς,
594 2176 785 2250 ὥσπερ
827 2179 922 2232 νῦν
965 2180 1232 2250 ’Δρειανοὶ
1270 2182 1533 2254 τολμῶσι,
1570 2183 1801 2253 διελογί-

206 2284 340 2322 σατο
379 2271 431 2323 εί
483 2269 565 2325 δεῖ
622 2271 956 2345 σαρωθὲντι
999 2272 1078 2344 τῷ
1108 2274 1268 2346 Λόγῳ
1305 2274 1623 2330 πείθεσθαι·
1663 2276 1803 2331 ἀλλὰ

202 2362 301 2418 καὶ
356 2361 650 2434 ἄνθρωπον
711 2364 1020 2434 βλέποντες,
1069 2366 1438 2435 ἐπεγίνωσκον
1474 2367 1637 2421 αὐτὸν
1670 2367 1799 2422 ὄντα

203 2454 542 2529 δημιουργὸν
562 2454 743 2513 αὐτῶν
761 2473 776 2487 ·
806 2456 898 2511 καὶ
919 2456 1267 2530 ἀνθρωπίνης
1283 2459 1466 2531 φωνῆς
1485 2458 1796 2529 ἀκούοντες,

203 2550 265 2602 οὐ
311 2549 408 2603 διά
453 2550 518 2603 τὸ
569 2548 914 2621 ἀνθρώπινον
962 2551 1147 2620 ἔλεγον
1176 2553 1260 2606 ὅτι
1289 2554 1318 2606 6
1361 2553 1536 2622 Λόγος
1591 2554 1799 2626 κτίσμα

204 2642 356 2695 ἐστίν
377 2659 393 2673 ·
429 2641 574 2696 ἀλλά
627 2643 724 2697 καλ⁸
766 2643 968 2715 μᾶλλον
1014 2643 1268 2716 ἔτρεμον,
1309 2646 1406 2701 καὶ
1453 2645 1607 2701 οὐδὲν
1634 2640 1797 2719 ἦττον

202 2735 527 2804 ἐγίνωσκον,
583 2737 667 2791 ὅτι
714 2740 781 2791 ὲκ
826 2736 954 2792 ναοῦ
999 2738 1157 2806 ἁγίου
1201 2737 1531 2808 ἐφθέγγετο·
1579 2740 1640 2793 οὐ
1686 2739 1796 2812 γὰρ

202 2830 414 2902 κτίσμα
469 2832 504 2902 ἠ
570 2831 749 2896 κτίσις
795 2835 1131 2903 προσκυνεῖ·
1187 2833 1309 2887 οὐδὲ
1367 2834 1530 2888 πάλιν
1577 2834 1666 2888 διὰ
1693 2836 1796 2907 τὴν

202 2922 410 2993 σάρκα,
462 2924 764 2994 παρῃτεῖτο
812 2924 904 2977 τὸν
944 2923 1147 2996 Κύριον
1189 2926 1387 2997 ἑαυτῆς
1441 2930 1791 2998 προσκυνεῖν,

199 3015 334 3070 ἀλλά
356 3016 454 3069 τὸν
494 3018 696 3088 ἑαυτῆς
715 3018 1044 3090 δημιουργὸν
1074 3019 1303 3074 ἔϐλεπεν
1332 3022 1390 3075 ὲν
1426 3020 1505 3092 τῷ
1538 3025 1790 3094 σώματι·

1910 1821 2230 1893 exsistebat)
2260 1826 2375 1882 sole
2403 1828 2781 1896 obtenebrato,
2815 1839 2960 1886 terra
2983 1840 3271 1897 tremente,
3311 1835 3486 1905 petris

1909 1916 2122 1982 scissis,
2151 1918 2273 1972 velo
2307 1920 2493 1990 templi
2541 1921 2754 1987 diviso,
2802 1924 3098 1995 multisque
3131 1939 3491 1997 praemortua-

1877 2006 2031 2061 'rum
2060 2010 2383 2079 corporibus
2410 2012 2479 2066 ad
2529 2013 2693 2068 vitam
2740 2018 3048 2082 revocatis,
3094 2034 3255 2074 nemo
3305 2027 3490 2076 tamen

1907 2098 2232 2169 ambigebat,
2266 2110 2326 2155 ut
2354 2117 2500 2157 nunc
2529 2104 2791 2160 audacter
2823 2106 3032 2163 faciunt
3056 2108 3268 2175 Ariani,
3301 2126 3371 2166 an
3402 2112 3488 2168 in-

1906 2200 2133 2246 carnato
2184 2190 2365 2248 Verbo
2421 2203 2569 2252 esset
2614 2198 2947 2254 credendum
2990 2219 3005 2256 :
3060 2202 3155 2258 sed
3208 2202 3486 2259 hominem

1906 2289 2232 2352 cernentes,
2278 2294 2617 2356 agnoverunt
2663 2304 2789 2344 eum
2823 2290 3137 2347 Creatorem
3194 2308 3398 2349 suum:
3432 2299 3490 2349 et

1904 2370 2201 2429 humanam
2232 2392 2419 2431 vocem
2443 2378 2750 2446 audientes,
2773 2397 2882 2436 non
2911 2388 3092 2437 tamen
3126 2384 3199 2440 ob
3233 2384 3490 2439 humani-

1908 2469 2076 2519 tatem
2111 2467 2329 2522 aiebant
2361 2466 2596 2525 Verbum
2642 2487 2767 2528 esse
2803 2486 3110 2531 creaturam
3142 2495 3155 2530 :
3190 2477 3287 2531 sed
3317 2478 3487 2533 vehe-

1902 2558 2141 2614 mentius
2160 2560 2267 2615 imo
2292 2562 2603 2617 metuebant
2628 2582 2641 2619 :
2669 2580 2846 2636 neque
2871 2583 2995 2622 eum
3024 2569 3204 2623 secius
3228 2585 3488 2640 agnosce-

1901 2649 2054 2717 bant,
2085 2667 2246 2722 quam
2278 2652 2324 2708 si
2366 2654 2434 2710 de
2475 2658 2677 2728 templo
2712 2667 2904 2714 sancto
2936 2661 3159 2714 oracula
3188 2663 3481 2717 emitteret.

1899 2738 2018 2796 Non
2040 2743 2183 2798 enim
2214 2759 2327 2799 rem
2352 2753 2589 2801 creatam
2617 2758 2867 2804 creatura
2899 2750 3125 2819 adorat;
3154 2768 3329 2823 neque
3354 2754 3482 2809 item

1900 2833 2086 2889 carnis
2131 2848 2295 2889 causa
2345 2838 2608 2893 renuebat
2640 2837 2930 2895 Dominum
2987 2857 3145 2897 suum
3195 2845 3482 2911 venerari,

1909 2928 2007 2983 sed
2036 2927 2352 2985 Creatorem
2408 2947 2567 2986 suum
2599 2931 2655 2985 in
2703 2946 2932 3001 corpore
2965 2934 3246 3003 spectabat
3274 2954 3286 2989 :
3318 2943 3481 3005 atque

1899 3021 1954 3075 in
1983 3022 2202 3077 nomine
2227 3021 2355 3078 Jesu
2397 3023 2603 3080 Christi
2649 3039 2809 3080 omne
2863 3040 3005 3095 genu
3053 3035 3166 3080 tum
3218 3026 3480 3081 ﬂecteba-

201 3108 292 3161 καὶ
322 3107 388 3161 ὲν
420 3104 504 3178 τῷ
526 3107 748 3179 ὀνόματι
786 3108 963 3180 Ἰησοῦ
993 3108 1230 3181 Χριστοῦ
1260 3112 1368 3164 πᾶν
1390 3110 1520 3181 γόνυ
1544 3110 1792 3183 ἔκαμπτε

1901 3119 1988 3167 tur
2012 3128 2075 3167 ac
2108 3129 2272 3184 porro
2301 3114 2567 3177 ﬂectetur,
2597 3122 2651 3170 et
2684 3118 2864 3172 omnis
2891 3118 3074 3189 lingua
3101 3118 3476 3187 confitebitur,

199 3202 292 3254 καὶ
328 3200 571 3273 κάμψει,
613 3201 709 3255 καὶ
754 3202 903 3254 πᾶσα
926 3201 1150 3271 γλῶσσα
1213 3201 1667 3276 ἐξομολογήσεται
1712 3206 1794 3260 ὅτι

200 3294 407 3367 Κύριος
452 3292 668 3364 Ἰησοῦς
712 3294 979 3366 Χριστός·
1030 3296 1094 3348 οὐ
1121 3295 1231 3367 γὰρ
1260 3295 1476 3362 ἀδοξίαν
1498 3298 1730 3367 ἤνεγκεν
1759 3299 1795 3371 η

201 3389 336 3460 σάρξ
364 3386 448 3458 τῷ
475 3387 639 3457 Λόγῳ
663 3403 679 3418 ·
717 3386 793 3459 μὴ
820 3387 1047 3456 γένοιτο·
1075 3387 1211 3442 ἀλλά
1246 3389 1445 3460 μᾶλλον
1478 3390 1618 3462 αὓτη
1648 3391 1795 3445 δεδό-

202 3478 395 3543 ξαπαι
417 3479 553 3549 παρ’
587 3477 751 3531 αὑτοῦ
771 3495 784 3508 ·
814 3478 934 3532 οὐδὲ
964 3480 1151 3553 ἐπειδὴ
1186 3481 1373 3535 δούλου
1422 3484 1635 3555 μορφὴν
1669 3484 1795 3537 ἀνέ-

198 3572 359 3628 λαϐεν
410 3573 443 3625 6
474 3573 536 3625 ὲν
569 3574 754 3643 μορφῇ
808 3571 943 3625 θεοῦ
1004 3574 1263 3644 ὑπάρχων
1296 3574 1457 3638 Υἱὸς,
1504 3576 1791 3649 ἠλαττώθη

197 3666 293 3735 τῆς
312 3664 603 3735 θεότητος,
628 3662 764 3718 ἀλλὰ
786 3663 986 3735 μᾶλλον
1011 3665 1106 3719 καὶ
1133 3665 1295 3729 αὐτὸς
1316 3665 1674 3738 ὲλευθερωτὴς
1692 3667 1795 3721 πά-

200 3773 296 3827 σης
319 3755 533 3827 σαρκὸς
557 3754 651 3809 καὶ
675 3753 857 3825 πάσης
881 3754 1110 3818 κτίσεως
1129 3755 1353 3825 γέγονεν
1376 3774 1389 3787 ·
1417 3756 1476 3822 ὃς
1504 3758 1598 3812 καὶ
1632 3776 1796 3814 σταυ-

199 3849 488 3922 ρούμενος,
524 3848 886 3919 ἐμαρτυρεῖτο
932 3848 1208 3920 Δεσπότης
1255 3849 1356 3920 τῆς
1402 3850 1666 3915 κτίσεως·
1701 3870 1797 3907 συ-

200 3941 513 4004 στείλαντος
553 3940 651 4011 μὲν
686 3939 842 4011 ἡλίου
880 3938 978 4003 τὰς
1006 3940 1250 4005 ἀκτῖνας,
1283 3940 1504 4013 καὶτῆς
1533 3942 1640 4012 γῆς
1666 3960 1795 4016 τρε-

200 4031 428 4105 μούσης,
451 4031 565 4085 τῶν
590 4030 646 4085 δὲ
690 4029 906 4102 πετρῶν
941 4031 1296 4103 σχιζομένων,
1329 4033 1555 4088 καὶτῶν
1585 4034 1796 4106 δημίων

196 4123 553 4193 ἐπιγνόντων,
611 4123 694 4179 ὃτι
750 4123 963 4194 ἀληθῶς
989 4123 1123 4178 Θεοῦ
1150 4124 1281 4187 Υἱός
1305 4126 1453 4179 ἐστιν
1478 4127 1506 4179 6
1546 4143 1795 4199 σταυρωο

198 4215 301 4280 θείς
324 4233 341 4246 ·
394 4215 463 4269 οὐ
511 4214 625 4286 γὰρ
686 4214 976 4287 ἀνθρώπου
1030 4216 1174 4282 τινὸς
1227 4212 1296 4289 ἦν
1340 4218 1403 4272 τὸ
1466 4217 1795 4291 βλεπόμενον

203 4307 381 4379 σῶμα,
425 4305 572 4361 ἀλλά
618 4305 757 4361 Θεοῦ
785 4323 801 4338 ·
850 4309 908 4361 ὲν
953 4300 998 4377 ᾧ
1031 4308 1316 4380 τυγχάνων
1355 4310 1451 4363 καὶ
1483 4310 1572 4364 ὅτε
1597 4311 1797 4364 ἐσταυ-

198 4401 377 4473 ροῦτο,
425 4402 625 4473 ἧγειρε
666 4399 896 4472 νεκρούς
912 4401 1040 4475 ’,ὅτε
1068 4402 1164 4455 καὶ
1202 4403 1230 4455 ό
1255 4401 1406 4473 ἥλιος
1435 4403 1783 4473 ἀγανακτῶν,

1814 4450 1861 4506 D

1894 3203 2041 3272 quod
2072 3202 2335 3259 Dominus
2364 3215 2448 3261 est
2477 3202 2638 3261 Jesus
2668 3206 2942 3263 Christus.
2992 3208 3206 3263 Etenim
3233 3225 3363 3264 caro
3390 3210 3479 3264 in-

1893 3295 2126 3365 glorium
2159 3293 2396 3351 Verbum
2429 3312 2540 3351 non
2568 3296 2785 3366 effecit;
2821 3300 2999 3367 absit;
3039 3301 3133 3356 sed
3161 3301 3279 3372 ipsa
3307 3302 3479 3372 magis

1895 3402 1926 3443 a
1954 3384 2139 3443 Verbo
2181 3388 2483 3458 glorificata
2513 3388 2637 3445 fuit.
2663 3389 2775 3446 Nec
2797 3393 2923 3461 quia
2946 3394 3088 3448 servi
3121 3393 3349 3448 formam
3388 3410 3481 3449 ac-

1894 3479 2055 3550 cepit,
2089 3481 2183 3550 qui
2216 3480 2270 3535 in
2302 3479 2477 3535 forma
2522 3481 2617 3537 Dei
2666 3491 2783 3538 erat
2815 3482 3010 3548 Filius,
3040 3485 3163 3541 ideo
3190 3486 3478 3544 divinitate

1892 3572 2207 3629 deminutus
2243 3573 2377 3641 fuit;
2415 3574 2525 3628 imo
2579 3590 2710 3630 vero
2753 3576 2871 3646 ipse
2920 3577 3178 3633 liberator
3206 3580 3477 3635 universae

1892 3664 2076 3720 carnis
2106 3665 2393 3734 omnisque
2424 3671 2688 3720 creaturae
2714 3666 2888 3721 evasit
2916 3685 2930 3721 :
2964 3683 3126 3737 quem
3150 3669 3314 3723 etiam
3346 3684 3475 3723 cru-

1893 3752 2114 3807 ciﬁxum
2161 3754 2507 3807 testabantur
2555 3751 2846 3807 Dominum
2896 3768 3018 3808 esse
3049 3764 3354 3809 creatarum
3386 3769 3476 3810 re-

1892 3857 2046 3906 rum,
2088 3843 2170 3900 sol
2199 3842 2385 3898 radios
2446 3858 2575 3899 suos
2605 3844 2955 3909 contrahens,
2989 3853 3134 3899 terra
3180 3860 3471 3912 concussa,

1892 3940 2060 4003 petrae
2105 3933 2325 3996 scissae,
2383 3933 2668 3989 carniﬁces
2719 3945 3081 4005 agnoscentes
3108 3951 3235 3990 vere
3264 3935 3355 3990 Dei
3385 3931 3476 3991 Fi-

1894 4024 2027 4078 lium
2057 4039 2180 4079 esse
2213 4039 2374 4094 quem
2409 4025 2816 4081 cruciﬁxerant.
2861 4026 3072 4097 Quippe
3102 4026 3247 4081 haud
3301 4028 3475 4081 alicu-

1890 4114 1985 4186 jus
2010 4116 2249 4173 hominis
2268 4132 2469 4189 corpus
2496 4127 2615 4172 erat
2638 4118 2784 4188 quod
2811 4119 3182 4188 spectabatur,
3214 4118 3309 4174 sed
3339 4117 3470 4190 Dei;

1894 4207 1952 4262 in
1980 4224 2087 4279 quo
2107 4209 2283 4267 deitas
2304 4208 2730 4271 exsistensntum
2761 4212 2925 4264 etiam
2956 4226 3079 4265 cum
3112 4211 3473 4282 crucifigeba-

1894 4308 2006 4366 tur,
2040 4315 2288 4358 mortuos
2318 4302 2640 4358 suscitabat.
2672 4300 2793 4368 Quo
2823 4311 3067 4371 tempore
3102 4302 3187 4356 sol
3217 4302 3472 4372 indigna-

1894 4397 1986 4446 tus
2012 4390 2204 4447 faciem
2231 4394 2458 4457 avertit,
2493 4393 2720 4448 minime
2752 4393 2939 4448 videre
2978 4393 3261 4448 sustinens
3295 4393 3473 4449 illatas

198 4496 283 4549 καὶ
309 4496 390 4566 μὴ
417 4492 609 4564 φέρων
637 4492 738 4555 τὰς
758 4492 900 4545 κατά
928 4492 1022 4546 τοῦ
1052 4491 1233 4548 κοινοῦ
1263 4494 1482 4548 πάντων
1509 4495 1782 4549 Δεσπότου

1901 4484 2160 4538 :ommuni
2185 4484 2428 4538 omnium
2455 4484 2687 4539 Domino
2714 4485 3028 4555 corporales
3062 4485 3315 4555 injurias,
3333 4500 3477 4556 quas

199 4584 498 4655 γενομένας
542 4577 866 4654 σωματικὰς
923 4580 1129 4656 ὕϐρεις,
1153 4581 1220 4646 ἃς
1261 4581 1403 4637 ἑκὼν
1438 4584 1601 4649 αὐτὸς
1642 4585 1784 4657 ὑπὲρ

196 4675 350 4747 ἡμῶν
410 4675 734 4745 ὑπέμεινεν,
779 4675 1106 4747 ἀπεστράφη
1126 4692 1140 4704 ·
1169 4675 1387 4741 καὶτὰς
1432 4677 1659 4742 ἀκτῖνας
1692 4694 1789 4731 συ-

197 4769 431 4834 στείλας,
466 4766 569 4840 τὴν
597 4766 813 4840 ἡμέραν
838 4768 1051 4830 ἐκείνην
1078 4768 1294 4841 ἀνήλιον
1323 4768 1549 4837 ἔδειξεν.

262 4923 402 4993 (81⁸)
433 4922 518 4993 [ta
544 4919 752 4993 diserte
786 4920 1061 4993 cod._Vat.
1094 4921 1253 4993 16H:
1280 4952 1348 4962 --
1390 4922 1509 4979 Jam
1553 4939 1685 4979 vero
1715 4923 1773 4977 in

207 4988 403 5049 fcneta
445 4990 509 5046 S.
544 4991 833 5062 Athanasii
866 4991 1105 5048 editione
1139 5002 1179 5047 t.
1204 4990 1270 5057 ll,
1300 5008 1351 5062 p.
1384 4994 1446 5049 61
1484 5010 1625 5062 seq.,
1658 5009 1776 5049 ser-

198 5064 549 5118 mobabetur
582 5061 663 5133 De
715 5063 961 5133 passione
994 5062 1243 5125 Domini,
1290 5061 1452 5132 Quem
1499 5061 1625 5119 cum
1676 5078 1777 5133 ego

197 5149 318 5193 cum
353 5134 458 5202 hac
482 5142 540 5186 et
569 5132 693 5186 aliis
720 5132 787 5185 de
814 5133 1068 5202 passione
1109 5133 1355 5202 partibus
1386 5135 1439 5191 in
1466 5135 1654 5191 codice
1678 5132 1778 5188 no-

199 5213 311 5257 stno
345 5218 376 5257 α
412 5201 607 5257 Niceta
638 5201 914 5273 eclogario
946 5201 1141 5273 positis
1187 5202 1492 5260 conferrem
1518 5245 1533 5268 ,
1578 5204 1777 5273 depre-

200 5274 359 5345 bendi
415 5287 735 5345 sermonem
788 5272 955 5345 illum;
982 5273 1238 5345 mutilum
1279 5291 1441 5339 esse,
1486 5272 1780 5345 parteéque

201 5343 646 5416 aliquotgcodicis
693 5357 819 5395 cum
865 5343 1105 5398 editione
1130 5359 1450 5416 congruere,
1478 5343 1662 5416 partes
1689 5352 1775 5396 ta-

204 5412 319 5470 men
348 5413 490 5469 alias
519 5412 688 5469 modo
720 5427 891 5468 novas
938 5429 1090 5482 esse,
1132 5412 1296 5470 modo
1344 5412 1496 5472 satis'
1511 5416 1778 5471 diversas.

1882 4572 1973 4628 hic
2002 4581 2197 4643 sponte
2227 4589 2326 4644 pro
2355 4574 2518 4629 nobis
2559 4575 2834 4631 toleravit.
2892 4575 3084 4646 Itaque
3118 4576 3289 4632 radiis
3336 4590 3473 4632 con-

1883 4666 2102 4731 tractis,
2132 4665 2277 4721 diem
2313 4666 2467 4721 illum
2504 4668 2627 4723 sine
2650 4668 2765 4724 sole
2792 4668 3066 4739 praestitit.

1879 4919 2113 4994 Omissis
2155 4922 2340 4993 itaque
2389 4924 2635 4994 partibus
2669 4921 2894 4977 omnino
2920 4920 3105 4994 editis,
3138 4920 3252 4994 haec
3282 4927 3465 4975 tamen

1919 4992 2139 5046 raeclara
2170 4990 2539 5050 additamenta
2573 4995 2628 5047 in
2664 4994 2841 5046 lucem
2885 4990 3205 5060 proferenda
3257 4994 3465 5058 putavi.

1919 5007 2139 5046 metara
2170 5007 2539 5050 additamenta
2573 5010 2628 5047 In
2666 5007 2841 5046 lucem
2885 5007 3205 5060 pronerenua
3257 5007 3463 5058 putavi.

1880 5007 2026 5117 θεειιῆ
2058 5078 2243 5117 moror
2272 5065 2505 5119 alterum
2536 5064 2603 5118 de
2638 5063 2728 5117 die
2757 5062 3085 5116 Parascevcs
3118 5074 3424 5115 sermonem
3446 5101 3463 5124 ,

1882 5133 1975 5203 qui
2004 5132 2057 5185 in
2085 5134 2274 5189 eodem
2300 5134 2583 5188 Athanasii
2616 5143 2783 5194 tomo,
2825 5147 2878 5199 p.
2916 5131 3021 5185 585
3041 5172 3056 5195 ,
3111 5130 3337 5203 lcgitur_,
3369 5130 3463 5198 qui

1883 5199 2063 5271 neque
2090 5205 2375 5260 Athanasii
2404 5204 2625 5259 nomine
2656 5204 2859 5273 dignus
2881 5209 3000 5265 est,
3036 5215 3216 5269 neque
3259 5199 3326 5254 ad
3363 5214 3468 5255 ex-

1883 5280 2070 5352 cerpta
2096 5283 2291 5352 nostra
2321 5276 2572 5352 pertinet.
2746 5342 2814 5352 -Α
2870 5339 2905 5352 Α
2981 5340 3012 5352 ﬂ
3131 5339 3164 5352 ,Δ
3288 5338 3301 5352 .
3338 5338 3350 5352 ,

1954 5342 2075 5414 (82),
2096 5338 2371 5399 Hactenus
2397 5345 2485 5399 ed.
2518 5345 2610 5402 cit.
2657 5358 2712 5414 p.
2746 5342 2817 5398 78
2867 5339 2928 5397 C.
2980 5339 3243 5412 Sequitur
3268 5338 3475 5399 deinde

1887 5428 2031 5469 nova
2066 5413 2181 5469 haec
2212 5429 2358 5485 pars.
2401 5415 2477 5471 tn.
