3890 6200
399 274 511 337 ﬁlii
1416 326 1419 327 ν
1564 287 1624 343 S.
1669 288 2071 350 ATHANASIU

2114 322 2138 344 ..
2179 328 2250 339 _.
2285 287 2541 355 DUBIA.‘
3578 309 3688 368 252

431 417 3680 460 Μ

1366 566 1436 622 ΙΝ
1474 567 1739 626 LIBRUM
1781 570 1869 625 DE
1904 571 2358 631 VIRGINITATE
2398 578 2741 635 MONITUM.

416 712 420 717 ’
490 725 544 781 1.
588 724 751 780 Haud
786 725 881 780 abs
932 743 988 781 re
1032 725 1295 782 dubitavit
1346 726 1624 796 Erasmus,
1665 732 1800 787 sitne
1850 732 2139 793 Athanasii
2177 736 2261 790 hic
2299 736 2453 803 liber,
2498 739 2651 808 cujus
2691 756 2820 796 sane
2864 744 3035 814 stylus
3073 746 3298 816 simplex
3335 757 3385 803 et
3422 751 3684 815 incultus,

416 819 786 878 Athanasiano
828 823 979 893 longe
1011 824 1235 892 inferior
1262 823 1486 879 videtur.
1529 826 1663 882 Post
1696 828 1983 884 Erasmum
2021 849 2139 887 vero
2186 832 2454 890 Scultetus
2488 836 2797 906 hujusmodi
2823 856 2886 894 ea
2913 839 2977 893 de
3019 856 3077 894 re
3114 843 3232 895 tulit
3267 842 3535 910 judicium
3563 861 3582 899 :
3612 844 3690 901 De

415 912 756 985 virginitate,
794 915 987 986 inquit,
1016 916 1131 971 sive
1160 915 1227 970 de
1258 916 1613 973 meditatione
1637 919 1795 985 liber,
1829 922 1877 975 si
1909 922 2196 979 Athanasii
2232 931 2338 991 est,
2376 926 2515 981 mire
2545 927 2747 997 dejecit
2781 930 3008 1001 stylum,
3040 932 3219 1001 inquit
3250 932 3534 991 Erasmus.
3573 935 3690 1007 Ego

416 1023 549 1064 vero
575 1017 630 1066 et
654 1012 975 1081 gravitatem
1005 1011 1367 1081 theologicam
1410 1012 1681 1082 abjecisse
1702 1013 2065 1071 Athanasium
2104 1019 2357 1085 dixerim,
2386 1021 2434 1076 si
2470 1022 2620 1077 istas'
2645 1023 2883 1093 pueriles
2906 1027 3300 1096 pmceptiones
3324 1028 3520 1099 virgini
3545 1045 3690 1100 pra:-

418 1101 663 1172 scripsit.
703 1102 865 1158 Certe
900 1117 1190 1158 commune
1218 1104 1357 1159 nihil
1388 1105 1596 1161 habent
1635 1123 1759 1162 cum
1796 1112 2074 1179 germanis
2103 1110 2285 1168 Patris
2328 1115 2672 1169 celeberrimi
2719 1116 2968 1188 scriptis.
3012 1117 3115 1173 Sed
3163 1118 3498 1189 obstupescas
3532 1123 3691 1192 plane

416 1196 466 1250 si
495 1194 760 1261 advertas,
792 1197 1092 1266 cujusmodi
1121 1199 1232 1251 sint
1253 1199 1373 1252 ista,
1406 1199 1634 1268 pueriles
1676 1202 2071 1271 praeceptiones.
2099 1202 2365 1261 Hortatur
2390 1207 2651 1277 virgines,
2684 1208 2863 1263 subdit
2894 1210 3185 1279 Scultetus,
3218 1213 3285 1268 ad
3317 1222 3692 1286 contemptum

416 1286 683 1357 pecuniae,
722 1286 1015 1358 jejunium,
1052 1289 1295 1343 sobriam
1337 1290 1526 1355 vitam,
1574 1290 1907 1374 castitatem,
1951 1306 2168 1361 preces,
2205 1297 2681 1351 conversationem
2728 1305 2998 1367 sanctam,
3044 1301 3469 1373 eleemosynam,
3513 1303 3693 1359 medi-

417 1376 658 1435 tationes
694 1388 937 1448 sanctas,
982 1382 1365 1436 recitationem
1400 1379 1746 1436 Psalmorum
1783 1389 1837 1437 et
1866 1382 1973 1436 alia
2018 1382 2074 1437 id
2112 1400 2307 1455 genus.
2345 1385 2663 1442 Praescribit
2694 1396 2749 1443 et
2781 1398 2961 1445 certas
3001 1391 3167 1448 horas
3202 1393 3445 1458 lectioni,
3475 1397 3692 1466 synaxi,

418 1475 817 1545 deprecationi,
845 1476 1083 1548 hymnis.
1117 1476 1490 1542 Testiﬁcatur,
1525 1477 1677 1531 illum
1714 1477 1771 1531 in
1801 1479 1964 1534 tertio
1989 1480 2183 1535 ordine
2222 1482 2542 1552 angelorum
2568 1482 2852 1538 inventum
2885 1486 2973 1550 iri,
2999 1487 3095 1557 qui
3127 1499 3396 1559 praecepta
3422 1491 3538 1545 haec
3569 1506 3687 1546 ser-

417 1570 647 1623 vaverit.
688 1568 765 1624 De
799 1570 976 1626 salute
1005 1584 1105 1625 sua
1133 1569 1408 1625 neminem
1440 1579 1565 1626 ante
1594 1570 1805 1625 obitum
1847 1578 2060 1627 certum
2105 1589 2231 1629 esse
2264 1589 2429 1643 posse
2464 1575 2645 1630 docet.
2674 1575 2757 1630 En
2790 1576 2907 1641 tibi,
2943 1578 3165 1633 Sculteti
3186 1581 3414 1650 judicio,
3457 1583 3697 1653 puériles

418 1663 832 1733 praeceptiones,
869 1679 987 1734 qua:
1023 1671 1195 1717 tamen
1219 1662 1342 1717 alite
1371 1679 1476 1716 non
1506 1672 1628 1717 sunt
1657 1680 1816 1732 quam
1861 1680 1938 1719 ete
1974 1682 2108 1735 quas
2145 1665 2405 1721 Dominus
2438 1669 2494 1721 in
2527 1668 2841 1740 Evangelia,
2869 1669 2938 1724 D.
2967 1669 3174 1727 Paulus
3206 1674 3261 1727 in
3294 1672 3554 1744 Epistolis
3583 1678 3698 1732 suis

419 1754 662 1810 tradidit.
714 1753 864 1810 Unde
909 1757 1285 1826 prleceptiones
1326 1757 1464 1811 istas
1503 1757 1833 1811 arbitramur
1883 1773 1996 1812 esse
2042 1759 2118 1825 pii
2154 1758 2776 1832 cuiusdamgrerumque
2807 1763 3294 1818 ecclesiasticarum
3345 1768 3499 1835 periti
3536 1769 3640 1822 viri
3678 1782 3699 1821 :

417 1851 705 1906 Athanasii
736 1861 910 1906 tamen
942 1868 1054 1907 esse
1084 1853 1170 1906 vis:
1195 1851 1603 1918 crediderimus,
1633 1868 1752 1905 cum
1780 1851 1842 1906 ob
1864 1851 2128 1907 diversum
2155 1855 2415 1909 orationis
2440 1872 2623 1926 genus,
2652 1866 2763 1911 tum
2794 1857 2919 1928 quia
2947 1858 3001 1911 in
3036 1859 3267 1930 antiquis
3302 1860 3699 1916 collectionibus

419 1942 805 1999 Athanasianis
840 1961 945 1999 non
973 1946 1250 2012 reperitur.
1582 1934 1599 1943 “

491 2036 556 2091 ΙΙ.
601 2036 865 2092 Caeterum
896 2038 1079 2108 palam
1116 2047 1194 2093 est
1236 2038 1500 2093 diversum
1529 2056 1643 2094 esse
1679 2039 1816 2093 hunc
1858 2038 2074 2106 librum,
2117 2057 2149 2094 a
2185 2041 2516 2097 sermonibus
2552 2044 2929 2100 consolatoriis
2974 2045 3042 2099 ad
3090 2046 3346 2117 virginem
3385 2046 3622 2103 laudatis
3668 2063 3702 2100 a

423 2130 769 2198 Theodoreto,
799 2132 892 2186 lib.
922 2148 961 2186 ιι
988 2131 1130 2189 Hist.
1155 2133 1329 2197 Eccl.,
1355 2150 1402 2186 c.
1428 2133 1482 2198 4,
1506 2133 1570 2187 de
1602 2134 1794 2204 quibus
1827 2135 1988 2189 alias.
2023 2134 2195 2189 Nulla
2222 2137 2409 2206 quippe
2437 2134 2521 2189 hic
2551 2137 2747 2191 mentio
2778 2138 3352 2208 persecutionis,cujus
3382 2156 3549 2194 causa
3574 2140 3712 2195 illos

420 2226 587 2282 edidit
614 2228 969 2283 Athanasius;
996 2228 1169 2284 Porro
1194 2229 1291 2283 hoc
1322 2230 1377 2283 in
1407 2230 1656 2299 opusculo
1704 2239 2067 2285 memorantur
2092 2231 2320 2301 hymnus
2376 2231 2561 2288 Gloria
2605 2233 2661 2288 in
2701 2234 2957 2299 excelsis,
3021 2243 3206 2288 cantus
3236 2235 3489 2305 Alleluia,
3523 2236 3710 2290 versi-2

421 2319 573 2374 culus
612 2319 796 2375 Gloria
829 2319 998 2386 Patri,
1033 2328 1137 2375 etc.
1172 2320 1234 2375 Et
1262 2337 1413 2378 nunc
1443 2330 1498 2377 et
1536 2338 1774 2393 semper,
1807 2333 1933 2388 etc.,
1969 2332 2018 2377 et
2049 2323 2161 2377 alia
2181 2323 2237 2376 id
2264 2341 2445 2395 genus,
2474 2342 2591 2397 qua:
2613 2325 3140 2399 fortassis‘sequioris
3155 2343 3314 2399 quam
3345 2327 3714 2384 Athanasiuni’

424 2414 520 2468 mi
550 2412 883 2469 videbuntur.
909 2412 1013 2470 Sed
1041 2411 1107 2468 de
1135 2413 1217 2469 his
1243 2413 1361 2484 fuse
1387 2415 1440 2470 in
1468 2414 1799 2485 Prwfatione
1829 2415 2083 2487 generali.

2041 2560 2112 2572 ...-

1519 2636 1658 2691 ΤΟΥ
1694 2638 1788 2692 ΕΝ
1819 2638 2043 2692 ΑΓΙΟῙΣ
2079 2641 2354 2694 ΠΑΤΡυΣ
2386 2643 2590 2697 ΗΜΩΝ

1737 2797 2377 2894 ΑΘΑΝΑΣΙΟΥ

1277 2990 1454 3043 ΠΕΡΙ
1492 2988 1919 3042 ΠΑΡΘΕΝΙΑΣ
1938 3027 1955 3053 ,
1995 2991 2175 3043 HTOI
2186 2990 2386 3059 _11EPI
2425 2992 2842 3052 ΑΣΚΗΣΕΩΣ.

1461 3261 1556 3350 S.
1636 3263 1744 3351 P.
1824 3263 1945 3353 Ν.
2024 3259 2675 3351 ATHANASII

1382 3451 1487 3507 DE
1530 3452 2053 3522 VIRGINITATE,
2095 3452 2278 3510 SIVE
2306 3454 2410 3510 DE
2456 3452 2742 3511 ASCESI.

500 3717 555 3774 l.
593 3716 891 3773 Exordium
922 3718 1194 3775 sermonis
1225 3720 1422 3777 salutis
1453 3721 1522 3776 ad
1561 3721 1847 3793 virginem.
1892 3721 2007 3778 Pri-
2044 3731 2071 3786 Α

2190 3724 2243 3777 1.
2275 3723 2442 3796 Ἀρχὴ
2456 3723 2616 3793 λόγου
2638 3720 2910 3793 σωτηρίας
2941 3720 3082 3792 πρὸς
3099 3721 3198 3793 τὴν
3224 3720 3511 3793 παρθένον.
3545 3722 3708 3797 Πρῶ-

429 3824 580 3866 mum
612 3809 856 3871 omnium
890 3810 1053 3867 crede
1079 3811 1137 3866 in
1174 3828 1344 3867 unum
1378 3812 1551 3868 Deum
1580 3812 1801 3870 Patrem
1832 3815 2011 3870 omni-

2114 3829 2205 3866 τον
2227 3812 2448 3866 πάντων
2470 3814 2762 3866 πίστευσον
2822 3812 2902 3875 εἰς
2948 3811 3043 3865 ἓνα
3071 3812 3202 3866 Θεὸν
3231 3813 3450 3885 Πατέρα
3500 3832 3706 3869 παντο-

427 3909 725 3974 potentem,
782 3902 1083 3959 visibilium
1124 3910 1179 3961 et
1227 3904 1587 3960 invisibilium
1640 3906 2007 3962 conditorem.

2114 3907 2380 3978 κράτορα,
2409 3905 2622 3979 ὁρατῶν
2646 3904 2741 3957 καὶ
2802 3904 3049 3975 ἀοράτων
3077 3907 3326 3977 ποιητήν·
3358 3906 3453 3959 καὶ
3481 3908 3561 3970 εἰς
3610 3898 3714 3962 τὸν

428 3992 498 4048 Ει
554 3994 611 4049 in
668 3994 1014 4065 unigenitum
1056 3995 1179 4065 ejus
1228 3995 1431 4051 Filium
1471 3994 1660 4052 Jesum
1702 3996 2009 4063 Christum,

428 4087 523 4158 qui
581 4094 667 4143 est
723 4088 1031 4144 substantia
1082 4087 1288 4154 Patris,
1343 4087 1608 4160 Patrique
1667 4105 1769 4161 per
1826 4090 2013 4145 omnia

430 4182 676 4254 potentia
697 4181 945 4253 aequalis,
968 4182 1064 4252 qui
1094 4189 1220 4237 ante
1245 4182 1445 4237 saecula
1472 4181 1594 4237 fuit.
1632 4182 1702 4236 Et
1737 4182 1791 4237 in
1831 4181 2013 4252 Spiri-

429 4282 547 4329 tum
577 4281 848 4339 sanctum,
880 4276 975 4345 qui
1011 4274 1174 4346 estjin
1194 4274 1355 4329 Patre
1380 4282 1435 4331 et
1472 4273 1528 4328 in
1556 4273 1722 4340 Filio,
1750 4275 1955 4344 quique
1980 4288 2012 4327 a

437 4365 605 4422 Patre
665 4366 923 4434 mittitur,
975 4377 1030 4422 et
1090 4382 1188 4437 per
1243 4364 1445 4420 Filium
1506 4366 1689 4422 datur.
1747 4364 1910 4421 Pater
1958 4371 2014 4421 et

426 4454 603 4514 Filius
646 4466 700 4514 et
740 4458 977 4529 Spiritus
1019 4467 1267 4526 sanctus,
1299 4466 1412 4515 tres
1448 4459 1792 4530 hypostases,
1836 4459 2012 4516 deitas

430 4566 577 4616 una,
622 4566 731 4605 una
786 4559 1071 4622 potestas,
1115 4568 1285 4606 unum
1345 4552 1639 4623 baptisma.
1667 4552 1822 4622 :lpse'
1864 4552 2013 4607 enim

430 4643 577 4700 Dens
613 4652 830 4718 noster,
874 4642 1038 4700 Pater
1078 4646 1345 4713 omnium,
1399 4645 1546 4699 intra
1592 4661 1691 4701 sex
1731 4643 1851 4699 dies
1886 4643 2014 4699 fecit

427 4737 652 4802 caelum,
700 4745 755 4792 et
801 4744 1030 4802 terram,
1081 4743 1136 4793 et
1178 4752 1346 4804 mare,
1376 4744 1432 4792 et
1459 4737 1644 4792 omnia
1674 4751 1794 4808 quae
1827 4736 1886 4791 in
1926 4737 2011 4794 eis

428 4835 579 4885 sunt.
612 4828 736 4899 lpse
767 4842 1008 4897 namque
1038 4827 1238 4882 caelum
1273 4826 1409 4892 sole,
1448 4833 1503 4883 et
1539 4827 1702 4890 luna,
1730 4834 1784 4883 et
1816 4825 2013 4882 sideri-

428 4917 536 4975 bus
579 4917 971 4988 pulcherrimis
1029 4917 1343 4981 exornavit,
1392 4924 1447 4972 et
1492 4923 1698 4973 terram
1753 4916 2013 4971 decenter

427 5009 679 5066 fundavit
715 5025 882 5081 super
924 5024 1131 5080 aquas,
1158 5016 1212 5065 et
1242 5009 1463 5064 ornavit
1504 5024 1625 5065 eam
1662 5008 1866 5079 plantis
1892 5023 2012 5063 om-

2117 4001 2380 4070 μονογενῆ
2433 3997 2594 4051 αὐτοῦ
2627 3998 2755 4050 Υἱὸν
2795 3997 3002 4069 Ἰησοῦν
3045 3998 3303 4069 Χριστὸν,
3360 3998 3450 4053 τὸν
3484 3998 3611 4054 ὄντα
3640 4003 3707 4053 ὲκ

2112 4089 2213 4166 τῆς
2238 4090 2424 4153 οὐσίας
2454 4090 2548 4142 τοῦ
2596 4090 2830 4162 Πατρὸς,
2867 4090 3007 4145 κατὰ
3045 4090 3224 4144 πάντα
3257 4091 3572 4162 ῑσοδύναμον
3625 4092 3715 4163 τῷ

2113 4183 2309 4254 Πατρὶ,
2330 4183 2420 4236 τὸν
2458 4183 2564 4254 πρὸ
2594 4183 2807 4238 αἰώνων
2836 4183 2985 4255 ὅντχα·
3009 4184 3103 4237 καὶ
3124 4185 3203 4247 εἰς
3220 4183 3281 4236 τὸ
3309 4183 3535 4254 Πνεῦμα
3564 4183 3713 4256 (83')-

2113 4275 2174 4329 τὸ
2207 4276 2380 4345 ἅγιον,
2414 4275 2474 4329 τὸ
2506 4278 2563 4330 ὲν
2589 4277 2765 4347 Πατρὶ
2802 4276 2895 4329 κα)⁹
2926 4275 3041 4346 Υίῷ
3059 4275 3139 4340 ὂν,
3171 4275 3323 4346 παρὰ
3368 4275 3461 4329 τοῦ
3490 4266 3707 4350 Πατρὸς

2113 4367 2599 4439 ἀποστελλόμενον,
2631 4369 2725 4423 καὶ
2751 4366 2842 4422 διὰ
2878 4367 2973 4421 τοῦ
3018 4368 3149 4421 Υἱοῦ
3183 4367 3479 4438 διδόμενον.
3511 4363 3713 4439 Πατὴρ

2115 4460 2209 4513 καὶ
2235 4460 2365 4525 Υἱὸς
2393 4460 2488 4514 καὶ
2518 4461 2672 4530 ἆγιον
2715 4460 2963 4530 Πνεῦμα,
3006 4462 3153 4532 τρεῖς
3195 4459 3543 4526 ὑποστάσεις,
3602 4444 3706 4532 μία

2116 4550 2325 4622 θεότης,
2365 4551 2460 4623 μία
2479 4551 2728 4623 δύναμις,
2757 4551 2815 4605 ἓν
2848 4551 3152 4623 βάπτισμα.
3176 4552 3347 4616 Αὐτὸς
3378 4552 3488 4625 γὰρ
3515 4555 3544 4606 ὁ
3572 4552 3708 4617 Θεὸς

2113 4640 2271 4713 ήμῶν
2291 4644 2320 4696 ὁ
2346 4642 2537 4713 Πατὴρ
2580 4642 2688 4696 τῶν
2720 4642 2857 4696 ὅλων
2893 4643 2951 4698 ὲν
2980 4640 3039 4709 ἓξ
3081 4642 3320 4715 ἡμέραις
3350 4643 3574 4715 ἐποίησε
3610 4644 3705 4699 τὸν

2114 4732 2344 4805 οὐρανὸν
2374 4733 2469 4787 καὶ
2512 4734 2611 4806 τὴν
2633 4734 2738 4805 γῆν
2765 4734 2860 4787 καὶ
2905 4733 3005 4805 τὴν
3057 4733 3355 4801 θάλασσαν,
3400 4735 3497 4790 καὶ
3525 4718 3709 4791 πάνταῆ

2113 4824 2182 4878 τὰ
2210 4827 2268 4878 ὲν
2297 4825 2685 4889 αὐτοῖς.Αὐτὸς
2706 4824 2817 4898 γὰρ
2839 4824 3197 4897 διεκόσμησεν
3223 4826 3315 4880 τὸν
3340 4826 3570 4900 οὐρανὸν
3590 4827 3703 4898 (85)

2114 4917 2173 4970 ὲν
2199 4916 2334 4989 ἡλίῳ
2367 4919 2458 4971 καὶ
2490 4918 2690 4990 σελήνῃ
2718 4919 2816 4973 καὶ
2872 4917 3093 4989 ἄστροις
3118 4919 3445 4988 παγκάλοις,
3480 4921 3574 4974 καὶ
3602 4922 3705 4991 τὴν

2115 5009 2219 5079 γῆν
2258 5009 2550 5080 εὐπρεπῶς
2571 5009 2934 5081 ὲθεμελίωσεν
2963 5011 3149 5066 ἐπάνω
3181 5010 3289 5065 τῶν
3317 5011 3547 5075 ὑδάτων,
3585 5012 3698 5066 δια-

430 5103 601 5174 nique
633 5118 834 5175 genere
868 5102 1163 5173 lignorum.
1188 5100 1359 5158 Iussu
1389 5101 1509 5172 ejus
1536 5108 1831 5172 erumpunt
1859 5099 2012 5156 ﬂuvii
2043 5089 2071 5144 Ε

2115 5102 2399 5171 κοσμήσας
2453 5101 2623 5172 αὐτὴν
2653 5103 2712 5156 ὲν
2742 5103 2932 5171 φυτοῖς
2968 5102 3062 5157 καὶ
3087 5103 3268 5170 ξύλοις
3313 5103 3700 5169 παντοδαποῖς.

430 5193 698 5260 melliﬂni,
731 5202 788 5250 et
824 5192 1003 5250 fontes
1033 5209 1325 5264 perennes,
1363 5200 1419 5248 et
1461 5193 1698 5262 injunxit
1740 5202 1923 5259 terrae,
1954 5200 2009 5249 et

2115 5192 2227 5246 Kal.
2255 5197 2322 5265 τῇ
2350 5193 2596 5248 κελεύσει
2624 5197 2788 5249 αὑτοῦ
2826 5196 3213 5268 ἐκπορεύονται
3255 5197 3491 5268 ποταμοὶ
3515 5197 3705 5270 μελίῤ-

428 5287 687 5356 produxit
725 5302 970 5353 carnem,
1023 5294 1080 5342 et
1126 5286 1332 5341 creavit
1376 5299 1567 5340 omnes
1601 5285 1805 5342 bestias
1851 5293 2011 5341 terrae

2121 5290 2291 5358 ρυτοι,
2317 5286 2409 5340 καὶ
2435 5288 2610 5358 πηγαὶ
2640 5288 2878 5352 ἀένναοι,
2906 5289 3002 5341 καὶ
3051 5287 3349 5360 προσέταξε
3378 5289 3444 5359 τῇ
3479 5291 3575 5360 γῇ,
3607 5288 3705 5343 καὶ

428 5376 730 5433 secundum
766 5392 938 5448 genus
970 5391 1155 5441 suum,
1182 5383 1238 5431 et
1266 5374 1511 5430 volucria
1547 5374 1672 5431 coeli
1707 5374 2010 5432 secundum

2119 5379 2367 5449 ἐπήγαγε
2401 5380 2576 5452 σάρκα
2604 5379 2736 5452 (84),
2787 5381 2882 5435 καὶ
2928 5379 3154 5451 ἐποίησε
3198 5380 3374 5437 πάντα
3411 5379 3481 5433 τὰ
3534 5379 3703 5452 θηρία

499 5532 639 5603 (82·)
668 5533 780 5587 Καὶ
809 5534 888 5596 εἰς
914 5532 974 5608 τὸ
988 5530 1242 5608 Πνεῦμα.-
1300 5529 1436 5608 Haec
1463 5547 1533 5608 ex
1570 5530 2004 5608 _Ath_anasio_ci-

2185 5532 2304 5608 §84)_
2336 5532 2484 5589 Felc.
2514 5535 2569 5608 ἓ,
2594 5536 2937 5608 καὶῌὲποίησε
2955 5536 3157 5608 σάρκα.
3186 5534 3357 5608 Paulo
3383 5541 3529 5608 post,
3560 5534 3703 5608 haec,

430 5601 1323 5687 tantur’tonmzvnﬁoncil.Epist.
1358 5602 1589 5658 Adriani
1626 5603 1695 5658 ad
1747 5601 2004 5657 Carolnm

2115 5601 2319 5687 ﬁatﬁat
2357 5607 2578 5687 πετεινὰ
2611 5605 2709 5661 τοῦ
2748 5601 2978 5680 οὐρανοῦ
3019 5601 3163 5662 κατὰ
3198 5601 3611 5676 γένος,’ᾱρευηῑ
3646 5606 3708 5667 in

434 5671 1109 5819 M.(SD3ajgltgIthstiglicanus.
1144 5743 1289 5802 Editi
1326 5758 1475 5812 vero,
1509 5743 1601 5800 καὶ
1635 5743 1721 5798 τὸν
1759 5742 2005 5818 οὐρανόν.

2119 5674 2427 5732 Basiliensi.
