3890 6200
1583 289 1672 345 DE
1710 288 2181 348 VIRGINITATE.

3380 297 3489 355 254

207 412 305 482 τῆς
334 412 441 482 γῆς
478 412 623 466 κατὰ
655 411 836 481 γένος,
878 411 973 466 καὶ
1031 411 1102 465 τὰ
1159 409 1385 466 πετεινὰ
1425 410 1520 465 τοῦ
1572 412 1805 483 οὐρανοῦ

1921 428 2084 485 genus
2151 428 2334 470 suum.
2404 412 2672 486 Pracepit
2738 415 2935 487 aquis,
2998 423 3053 472 et
3114 416 3493 488 produxerunt

212 502 352 556 κατὰ
411 503 595 571 γένος.
656 503 946 558 Ἐκέλευσε
989 506 1103 568 τοῖς
1162 504 1340 569 ὕδασι,
1392 506 1485 559 καὶ
1532 505 1803 576 ἐξήγαγον

218 592 426 666 ἰχθύας,
455 596 552 649 καὶ¹
580 595 809 665 ἐποίησε
836 595 905 648 τὰ
926 596 1068 665 κήτη
1091 594 1161 648 τὰ
1191 595 1425 666 μεγάλα.
1451 596 1716 668 ’Ὕστερον
1746 596 1804 650 δὲ

213 688 432 741 πάντων
459 688 680 759 ἐποίησε
697 688 790 741 τὸν
811 686 1116 760 ἄνθρωπον,
1148 690 1245 742 καὶ
1278 689 1458 743 πάντα
1486 689 1805 761 παρέδωκεν

212 779 361 849 αὖτῷ
379 782 464 846 εἰς
483 780 808 852 ὑπηρεσίαν.
840 775 974 833 Eine
995 780 1104 852 γὰρ
1137 780 1340 852 Κύριος
1362 781 1393 832 6
1413 780 1547 845 Θεὸς
1572 780 1650 851 τῷ
1691 779 1807 851 Υἱῷ

212 873 402 926 αὐτοῦ·
445 895 463 923 ι
490 874 816 946 Ποιήσωμεν
852 873 1136 945 ἄνθρωπον
1166 875 1288 927 κατ’
1323 873 1505 926 εἰκόνα
1532 872 1807 944 ἡμετέραν

210 965 308 1019 καὶ
330 964 457 1017 καθ’
480 965 761 1036 ὁμοίωσιν·
793 964 887 1017 καὶ
912 964 1115 1017 ἔπλασε
1151 964 1355 1036 Κύριος
1382 966 1411 1017 6
1430 963 1561 1027 Θεὸς
1591 962 1682 1015 τὸν
1711 962 1806 1017 ἄν·

212 1056 455 1128 θρωπον,
480 1054 663 1107 λαϐὼν
686 1054 818 1126 χοῦν
850 1054 955 1107 ἀπὸ
1011 1055 1114 1125 τῆς
1167 1055 1290 1126 γῆς,
1337 1055 1433 1109 καὶ
1466 1054 1618 1107 ἔθετο
1645 1054 1807 1107 αὑτὸν

214 1152 268 1203 ἰν
298 1149 380 1219 τῷ
404 1149 724 1221 παραδείσῳ
772 1148 874 1218 τῆς
921 1148 1154 1220 τρυφῆς.
1196 1145 1395 1200 Ἐϐαλέ
1426 1146 1485 1200 δὲ
1534 1145 1741 1217 Κύριος
1781 1147 1810 1198 6

209 1239 339 1302 Θεὸς
374 1239 471 1291 ἐπὶ
493 1239 585 1291 τὸν
631 1238 807 1310 Ἀδὰμ
833 1236 1109 1301 ἔκστασιν,
1145 1236 1241 1291 καὶ
1263 1235 1503 1300 ὕπνωσε,
1528 1236 1623 1289 καὶ
1649 1234 1809 1289 ἔλαϐε

212 1333 342 1402 μίαν
374 1332 487 1384 τῶν
539 1330 789 1402 πλευρῶν
842 1328 1029 1395 αὐτοῦ,
1075 1329 1172 1382 καὶ
1215 1328 1572 1400 ἀνεπλήρωσε
1631 1328 1812 1400 σάρκα

206 1425 323 1477 ἀντ’
357 1423 556 1491 αὐτῆς,
593 1423 688 1476 καὶ
715 1422 1033 1494 ᾠκοδόμησε
1067 1421 1167 1492 τὴν
1220 1420 1483 1491 πλευρὰν,
1538 1420 1606 1491 ἢν
1629 1419 1808 1482 ἔλαϐε,

209 1517 290 1581 εἰς
320 1519 583 1586 γυναῖκα,
605 1517 701 1569 κα)⁵
724 1518 932 1588 ἢγαγεν
963 1515 1134 1585 αὐτὴν
1174 1515 1312 1587 πρὸς
1352 1514 1445 1568 τὸν
1489 1515 1680 1586 Ἀδὰμ,
1717 1519 1814 1571 καὶ

208 1606 367 1663 εἶπεν
435 1610 632 1681 ’Δδάμ·
664 1608 814 1680 Αὕτη
874 1608 970 1662 νῦν
1019 1607 1154 1681 σὰρξ
1192 1610 1258 1661 ὲκ
1303 1608 1402 1679 τῆς
1451 1608 1652 1681 σαρκός
1686 1625 1810 1677 μου,

210 1705 302 1758 καὶ
329 1701 527 1756 ὀστοῦν
581 1704 646 1755 ὲκ
702 1701 813 1755 τῶν
850 1700 1053 1753 ὀστέων
1104 1718 1228 1771 μου.
1282 1699 1430 1771 Αὕτη
1479 1699 1811 1771 κληθήσεται

1906 506 2108 575 pisces,
2153 513 2208 562 et
2264 506 2512 562 condidit
2561 507 2828 563 immanes
2891 507 3149 564 balaenas.
3206 507 3493 564 Postremo

1906 599 2152 655 omnium
2182 599 2309 654 fecit
2336 600 2632 667 hominem,
2653 608 2707 655 et
2734 601 2915 654 omnia
2947 600 2997 655 ei
3026 601 3094 654 ad
3124 601 3492 656 ministerium

1908 691 2153 747 donavit.
2221 691 2367 746 Dixit
2425 693 2570 748 enim
2636 691 2900 747 Dominus
2946 692 3090 748 Deus
3137 692 3275 747 Filio
3326 709 3427 749 suo
3473 708 3490 746 :

1914 802 1934 835 ι
1976 782 2266 840 Faciamus
2304 766 2579 839 hominem
2626 785 2694 838 ad
2742 785 3033 855 imaginem
3080 794 3135 839 et
3177 784 3495 841 similitudi-

1910 891 2035 930 nem
2067 884 2318 931 nostram
2353 894 2366 931 :
2399 883 2453 931 et
2481 875 2737 930 formavit
2771 874 2916 931 Deus
2944 877 3243 940 hominem,
3268 891 3495 933 sumens

1909 967 2101 1022 limum
2146 968 2215 1023 de
2259 977 2428 1031 terra,
2473 974 2527 1023 et
2570 968 2755 1037 posuit
2793 983 2917 1023 eum
2951 970 3006 1021 in
3049 968 3307 1038 paradiso
3338 971 3496 1023 volu-

1909 1061 2095 1132 ptatis.
2134 1059 2367 1116 Immisit
2406 1069 2587 1117 autem
2630 1061 2775 1116 Deus
2799 1062 2855 1115 in
2888 1061 3061 1115 Adam
3104 1070 3382 1131 stuporem
3439 1066 3496 1118 et

1911 1152 2219 1222 conSOpivit
2258 1168 2407 1217 eum,
2438 1160 2493 1208 et
2535 1153 2771 1222 sumpsit
2820 1168 2983 1207 unam
3026 1169 3092 1208 ex
3136 1154 3308 1208 costis
3350 1154 3493 1223 eius,

1911 1252 1966 1299 et
2009 1259 2228 1299 carnem
2268 1258 2368 1315 pro
2406 1259 2471 1299 ea
2508 1244 2814 1311 substituit,
2852 1252 2907 1299 et
2939 1244 3230 1299 aediﬁcavit
3258 1252 3492 1310 costam,

1912 1351 2077 1406 quam
2119 1344 2451 1406 sumpserat,
2495 1336 2551 1390 in
2597 1336 2904 1400 mulierem,
2945 1352 3175 1407 eamque
3213 1337 3280 1391 ad
3322 1337 3493 1392 Adam

1915 1428 2192 1500 perduxit,
2233 1439 2287 1483 et
2327 1429 2466 1483 dixit
2507 1428 2683 1483 Adam
2719 1448 2732 1483 :
2763 1429 2891 1484 Haec
2926 1445 3057 1484 caro
3090 1444 3235 1484 nunc
3279 1445 3345 1484 ex
3384 1428 3497 1500 85

1915 1536 2082 1575 carne
2130 1535 2272 1584 mea,
2324 1530 2378 1575 et
2421 1535 2484 1574 os
2524 1536 2592 1575 ex
2643 1519 2861 1579 ossibus
2911 1520 3066 1575 meis.
3138 1518 3261 1590 ipsa
3339 1533 3501 1573 voca-

1916 1608 2066 1663 bitur
2122 1609 2331 1679 virago,
2379 1608 2639 1679 quoniam
2684 1625 2750 1663 ex
2809 1609 2927 1663 viro
2988 1624 3089 1664 suo
3119 1616 3337 1679 sumpta
3390 1615 3494 1664 est.

1917 1698 2145 1769 Propter
2166 1700 2270 1755 hoc
2291 1701 2561 1771 relinquet
2588 1701 2749 1755 homo
2770 1709 2976 1771 patrem
3002 1717 3160 1758 suum
3185 1709 3240 1757 et
3268 1709 3499 1756 matrem

208 1796 369 1867 γυνὴ,
400 1797 487 1849 ὄτι
512 1796 579 1848 ὲκ
603 1794 699 1847 τοῦ
726 1793 918 1864 ἀνδρὸς
948 1793 1118 1863 αὐτῆς
1160 1792 1392 1864 ἐλήφθη.
1436 1792 1582 1846 Ἀντὶ
1617 1792 1807 1847 τούτου

1921 1805 2095 1855 suam,
2140 1798 2195 1846 et
2238 1792 2604 1862 conjungetur
2646 1793 2803 1847 uxori
2831 1808 2964 1858 suae,
3005 1799 3274 1864 eruntque
3301 1790 3411 1848 duo
3442 1792 3501 1847 in

208 1886 535 1956 καταλείψει
560 1885 847 1957 ἄνθρωπος
874 1883 965 1935 τὸν
983 1883 1201 1955 Πατέρα
1224 1882 1412 1946 αὑτοῦ,
1441 1883 1535 1936 καὶ
1563 1883 1664 1955 τὴν
1700 1901 1807 1954 μη-

1914 1898 2082 1938 carne
2109 1898 2217 1937 una
2249 1885 2313 1938 ³⁸.
2356 1903 2375 1936 ι

206 1977 343 2049 τέρα
381 1974 573 2040 αὐτοῦ,
605 1977 701 2029 καὶ
726 1973 1261 2046 προσκολληθήσεται
1285 1977 1354 2045 τῇ
1377 1976 1596 2044 γυναικὶ
1617 1974 1805 2040 αὐτοῦ,
1832 1975 1927 2030 καὶ
1959 1975 2171 2030 ἔσονται
2192 1976 2242 2028 οἱ
2270 1974 2362 2028 δύο
2394 1977 2473 2038 είς
2500 1976 2680 2041 σάρκα
2705 1975 2884 2046 μίαν.»

274 2086 335 2139 2.
381 2087 608 2150 Ἄκουε,
655 2084 817 2156 δούλη
852 2082 947 2137 τοῦ
985 2080 1248 2153 Χριστοῦ,
1288 2085 1384 2138 καὶ
1429 2086 1652 2149 πάντες,
1690 2085 1808 2137 ὅσοι

210 2180 428 2233 θέλουσι
455 2179 715 2250 σωθῆναι,
735 2178 832 2231 καὶ
860 2175 1206 2238 ὲνωτίζονται
1226 2177 1293 2230 τὰ
1328 2178 1549 2248 ῥήματα
1578 2176 1673 2229 τοῦ
1694 2175 1809 2246 (85)

211 2272 486 2343 στόματός
521 2290 624 2342 μου
644 2288 659 2301 ⁸
684 2272 781 2324 καί
811 2270 1300 2337 καταδεξάσθωσαν
1326 2268 1397 2322 τὰ
1429 2264 1545 2323 ὦτά
1573 2286 1667 2322 σου
1696 2267 1813 2320 θεο-

214 2365 521 2428 πνεύστους
542 2364 759 2432 λόγους.
788 2382 807 2414 ι
842 2364 916 2416 Τὸ
942 2363 1240 2434 μυστήριον
1264 2362 1373 2433 γὰρ
1432 2360 1610 2426 τοῦτο,
1654 2361 1808 2431 φησι,

217 2458 364 2528 μέγα
412 2456 565 2521 ἐστὶ,
619 2474 641 2506 ι
721 2452 906 2518 καθὼς
985 2450 1138 2507 εἶπεν
1183 2453 1213 2504 6
1267 2451 1536 2524 μακάριος
1578 2452 1815 2517 Παῦλος,

216 2548 297 2600 ὅτι
330 2548 443 2609 πᾶς
476 2545 587 2616 (86)
616 2546 647 2597 ὁ
668 2543 1006 2614 κολλώμενος
1030 2546 1097 2615 τῇ
1134 2543 1374 2613 γυναικὶ,
1407 2543 1465 2597 ἓν
1492 2542 1654 2613 σῶμά
1674 2545 1813 2597 εἰσιν

218 2640 545 2712 ἁμῴτεροι.
582 2637 740 2693 Οὕτω
802 2636 965 2690 πάλιν
994 2639 1102 2700 πᾶς
1135 2635 1274 2710 ἀνὴρ
1304 2635 1337 2708 ἢ
1366 2635 1504 2707 γυνὴ
1535 2635 1814 2707 κολλώμε-

216 2749 305 2796 νος
329 2731 410 2802 τῷ
441 2730 637 2803 Κυρίῳ
668 2730 728 2783 ἓν
763 2728 983 2800 πνεῦμά
1026 2731 1164 2784 ἐστι.
1204 2729 1269 2781 El
1299 2728 1409 2798 γὰρ
1436 2729 1486 2782 οἱ
1514 2727 1593 2799 τῷ
1626 2728 1816 2799 κόσμῳ

220 2824 627 2894 συναπτόμενοι
667 2822 1140 2890 καταλιμπάνουσι
1179 2820 1269 2875 τὸν
1318 2819 1529 2891 πατέρα
1577 2820 1672 2874 καὶ
1715 2820 1815 2890 τὴν

219 2918 461 2988 μητέρα,
495 2915 593 2970 καὶ
625 2916 987 2970 συνάπτονται
1022 2915 1284 2985 φθαρτοῖς
1318 2912 1626 2985 ἀνθρώποις
1680 2912 1812 2984 (87).

215 3010 372 3081 πόσῳ
410 3009 618 3081 μᾶλλον
648 3011 682 3079 ἡ
708 3007 979 3081 παρθένος
1010 3006 1453 3079 ὲγκρατευομένη
1481 3006 1685 3075 ὀφείλει
1718 3022 1820 3059 κα·-

216 3102 473 3155 ταλιτεῖν
494 3097 567 3152 τὰ
595 3101 759 3169 γήϊνα
789 3098 986 3161 πάντα,
1014 3097 1107 3151 καὶ
1124 3096 1201 3167 τῷ
1223 3098 1413 3168 Κυρίῳ
1440 3096 1586 3167 μόνῳ
1618 3095 1814 3166 κολλη-

219 3194 381 3263 θῆναι
400 3210 416 3259 ;
435 3191 793 3264 Μαρτυρείδέ
823 3207 913 3262 μοι
931 3190 1011 3261 τῷ
1033 3190 1178 3261 λόγῳ
1198 3190 1292 3242 καὶ
1314 3189 1475 3252 αὐτὸς
1502 3189 1531 3241 ὁ
1561 3189 1819 3242 Ἀπόστο-

215 3286 327 3352 λος,
349 3285 537 3354 λέγων
554 3301 567 3313 ·
606 3301 627 3335 ι
683 3283 749 3337 Ἠ
779 3284 967 3354 γυνὴὴ
991 3282 1207 3353 ἄγαμος
1236 3283 1478 3352 μεριμνᾷ
1495 3280 1565 3335 τὰ
1582 3280 1677 3334 τοῦ
1704 3282 1817 3334 Κυ-

220 3376 361 3449 ρίου,
387 3378 483 3432 ἴνα
580 3376 714 3446 ἁγία
740 3377 820 3447 τῷ
857 3373 1073 3446 σώματι
1100 3374 1194 3427 καὶ
1218 3372 1297 3445 τῷ
1324 3372 1618 3444 πνεύματι.
1667 3373 1731 3426 Ἦ
1755 3373 1815 3426 δὲ

217 3472 526 3541 γαμήσασα
569 3470 813 3541 μεριμνᾷ
839 3467 908 3522 τά
946 3466 1042 3520 τοῦ
1076 3466 1303 3536 κόσμου,
1352 3464 1472 3529 πῶς
1509 3464 1701 3544 άρέρει
1739 3463 1819 3534 τῷ

219 3563 376 3632 ἀνδρὶ
404 3562 546 3634 (88),
577 3563 672 3616 καὶ
707 3560 1057 3632 μεμέρισται.
1095 3578 1117 3611 ι
1148 3557 1320 3611 Τοῦτο
1370 3552 1464 3611 οὖν
1516 3556 1679 3626 λέγω,
1732 3557 1816 3610 ὅτι

218 3658 372 3709 πᾶσα
428 3653 740 3726 παρθένος,
790 3652 826 3724 ἢ
876 3652 1020 3724 χήρα
1066 3649 1531 3720 ὲγκρατευομένη,
1573 3647 1670 3701 ὲὰν
1716 3646 1816 3719 ἔχῃ

218 3745 485 3818 φροντίδα
528 3746 589 3798 ὲν
620 3742 699 3814 τῷ
729 3741 920 3812 κόσμῳ
948 3740 1144 3809 τούτῳ,
1180 3737 1319 3809 αὐτὴ
1346 3739 1379 3809 ἡ
1414 3736 1636 3809 φροντὶς
1674 3735 1816 3807 ἀνὴρ

218 3838 394 3908 αὐτῆς
436 3839 582 3890 ἐστι·
601 3835 705 3889 κᾶν
744 3834 1022 3904 κτήματα,
1047 3831 1151 3885 κᾶν
1180 3830 1497 3901 ὑπάρχοντα
1533 3828 1653 3901 ἔχῃ,
1680 3826 1819 3898 αὑτὴ

217 3934 252 4004 ἠ
283 3931 536 4003 μέριμνα
569 3916 787 4000 μολύνει
821 3927 992 3996 αὐτῆς
1037 3923 1134 3995 τὴν
1163 3924 1423 3979 διάνοιαν.
1469 3922 1682 3992 Ὥσπερ
1710 3919 1819 3991 γὰρ

216 4023 303 4077 διὰ
332 4021 433 4075 τοῦ
470 4020 665 4091 ἀνδρὸς
678 4019 741 4072 τὸ
767 4017 927 4088 σῶμα
959 4015 1263 4087 μολύνεται,
1290 4013 1464 4077 οὕτως
1494 4013 1666 4084 καὶζαί
1694 4013 1819 4083 σχέ-

221 4133 335 4179 σεις
361 4116 422 4170 αἱ
452 4111 722 4183 κοσμικαὶ
751 4108 848 4181 τὴν
879 4108 1057 4180 ψυχὴν
1090 4109 1185 4162 καὶ
1214 4106 1275 4159 τὸ
1307 4104 1467 4175 σῶμα
1490 4106 1588 4173 τῆς
1612 4105 1819 4175 ἐγκρα-

214 4208 528 4279 τευομένης
565 4203 863 4275 μιαίνουσι,
895 4202 989 4254 καὶ
1020 4201 1122 4255 οὐκ
1153 4199 1322 4268 ἐστινρ
1335 4197 1466 4266 ἁγία
1491 4195 1569 4267 τῷ
1609 4194 1820 4267 σώματι

1986 2090 2041 2141 2.
2057 2087 2219 2152 Audi,
2239 2088 2434 2141 ancilla
2458 2087 2685 2152 Christi,
2703 2095 2758 2141 et
2774 2088 3088 2158 quicunque
3104 2088 3335 2142 salutem
3352 2100 3504 2157 quce-

1917 2190 2067 2243 runt,
2098 2188 2151 2236 et
2181 2181 2494 2235 auscultant
2522 2181 2684 2235 verba
2712 2182 2823 2236 oris
2847 2181 2953 2235 mei
2979 2200 2991 2235 :
3014 2190 3070 2235 et
3101 2180 3374 2249 accipiant
3401 2194 3502 2231 au-

1918 2288 2009 2327 res
2039 2280 2146 2325 tuze
2169 2286 2199 2324 a
2224 2269 2333 2325 Deo
2365 2271 2663 2342 inspiratos
2688 2286 2994 2325 sermones.
3027 2288 3045 2320 ι
3070 2268 3186 2323 Hoc
3209 2268 3355 2323 enim
3383 2282 3503 2339 my-

1921 2363 2173 2426 sterium,
2211 2381 2229 2414 ι
2268 2362 2446 2431 inquit
2474 2363 2632 2416 divus
2664 2361 2889 2427 Paulus,
2930 2380 2948 2412 ι
2983 2375 3239 2430 magnum
3277 2359 3444 2426 est“,
3473 2375 3497 2412 ι

1921 2471 1988 2511 eo
2041 2454 2190 2525 quod
2246 2454 2459 2519 omnis,
2522 2454 2618 2524 qui
2667 2452 3040 2523 agglutinatur
3087 2451 3282 2514 uxori,
3335 2450 3500 2504 ambo

1924 2564 2095 2603 unum
2126 2562 2330 2617 corpus
2362 2547 2494 2601 sint.
2534 2547 2615 2601 Ita
2652 2560 2870 2615 quoque
2896 2543 3076 2599 omnis
3106 2545 3192 2597 vir
3223 2543 3337 2597 sive
3369 2557 3494 2595 mu-

1923 2640 2024 2694 lier
2072 2638 2440 2710 agglutinatus
2494 2637 2745 2702 Domino,
2801 2652 2945 2692 unus
3012 2635 3241 2706 spiritus
3288 2642 3391 2689 est.
3443 2632 3503 2688 Si

1922 2730 2071 2785 enim
2103 2729 2198 2799 qui
2227 2727 2433 2782 mundo
2462 2728 2816 2798 copulantur,
2856 2726 3178 2795 relinquunt
3211 2732 3421 2796 patrem
3447 2730 3505 2779 et

1923 2830 2191 2886 matrem,
2255 2829 2317 2875 ut
2369 2822 2697 2876 mortalibus
2756 2820 3073 2877 hominibus
3131 2819 3501 2888 COpulentur;

1923 2923 2132 2984 quanto
2163 2912 2339 2984 magis
2359 2913 2516 2983 virgo
2540 2913 2828 2967 continens
2858 2911 3169 2981 relinquere
3196 2909 3358 2963 debet
3394 2915 3506 2962 ter-

1927 3006 2125 3061 restria
2164 3006 2369 3072 omnia,
2413 3013 2467 3061 et
2516 3004 2748 3059 Domino
2780 3005 2883 3060 soli
2915 3002 3288 3075 agglutinari?
3324 3000 3504 3071 Hujus

1921 3096 2029 3150 mei
2081 3096 2213 3150 dicti
2259 3097 2419 3152 testis
2467 3103 2552 3151 est
2590 3096 2707 3166 ipse
2753 3095 3072 3165 Apostolus,
3110 3095 3186 3148 ita
3230 3094 3502 3164 loquens:

1927 3207 1946 3240 ι
1979 3187 2174 3243 Mulier
2215 3188 2443 3257 innupta
2476 3187 2712 3242 sollicita
2756 3196 2842 3243 est
2877 3203 3087 3253 eorum,
3131 3201 3254 3257 qua:
3286 3185 3504 3240 Domini

1922 3289 2072 3348 sunt,
2116 3288 2176 3335 ut
2206 3282 2278 3336 sit
2309 3287 2502 3335 sancta
2547 3293 2778 3349 corpore
2812 3289 2868 3334 et
2902 3279 3127 3349 spiritu.
3162 3278 3340 3348 Nupta
3368 3291 3503 3333 vero

1921 3372 2156 3429 sollicita
2204 3379 2289 3428 est
2333 3387 2546 3436 eorum,
2605 3386 2729 3442 quae
2776 3377 2906 3427 sunt
2957 3369 3174 3434 mundi,
3223 3369 3504 3441 quomodo

1921 3465 2137 3536 placeat
2183 3464 2325 3531 viro,
2377 3470 2433 3519 et
2481 3463 2659 3519 divisa
2707 3464 2883 3518 eSt“.
2916 3482 2935 3515 ›
2984 3462 3098 3517 Hoc
3142 3462 3312 3533 igitur
3352 3461 3502 3526 dico,

1922 3555 2069 3626 quod
2103 3555 2283 3610 omnis
2316 3556 2494 3625 virgo,
2536 3562 2632 3608 aut
2660 3554 2824 3608 vidua
2871 3555 3184 3619 continens,
3233 3554 3280 3610 si
3312 3568 3504 3608 curam

1922 3662 2080 3703 suam
2110 3648 2341 3703 collocet
2371 3647 2427 3701 in
2467 3647 2573 3701 hoc
2602 3646 2828 3713 mundo,
2857 3646 2977 3717 ejus
3004 3647 3085 3701 rei
3126 3661 3261 3701 cura
3291 3646 3372 3700 illi
3403 3660 3506 3715 pro

1922 3740 2125 3793 marito
2148 3749 2234 3794 cst
2263 3758 2276 3795 :
2314 3740 2430 3795 sive
2458 3740 2863 3809 possessiones,
2898 3739 3016 3794 sive
3061 3739 3202 3794 alias
3235 3740 3505 3795 substan-

1922 3832 2031 3887 tias
2081 3831 2384 3902 possideat,
2438 3831 2559 3901 ipsa
2618 3830 2933 3886 sollicitudo
2986 3833 3325 3886 contaminat
3381 3828 3505 3900 ejus

1924 3925 2188 3980 animam.
2215 3923 2285 3979 Ut
2309 3925 2456 3978 enim
2496 3938 2593 3994 per
2625 3924 2804 3977 virum
2839 3939 3044 3994 corpus
3069 3923 3503 3988 contaminatur,

1922 4016 1999 4071 ita
2028 4032 2249 4087 quoque
2277 4015 2498 4072 habitus
2530 4016 2815 4081 mundani,
2855 4023 2910 4070 et
2942 4016 3182 4073 animam
3219 4023 3273 4069 et
3301 4030 3505 4084 corpus

1923 4108 2264 4163 continentis
2295 4116 2686 4177 conspurcant,
2715 4122 2894 4177 neque
2915 4106 3029 4177 jam
3058 4115 3145 4162 est
3175 4115 3366 4162 sancta
3384 4124 3509 4161 cor-

1924 4215 2062 4270 pore
2100 4210 2155 4255 et
2207 4201 2427 4271 spiritu.
2461 4199 2595 4267 Quae
2649 4209 2834 4255 autem
2879 4207 3038 4254 curat
3081 4215 3220 4270 opus
3260 4199 3503 4266 Domini,

218 4303 315 4354 καὶ
352 4298 439 4371 τῷ
485 4296 779 4367 πνεύματι.
820 4295 885 4347 Ἦ
933 4294 992 4347 δὲ
1030 4290 1389 4365 φροντίζουσα
1428 4290 1487 4343 τὸ
1522 4288 1682 4359 ἔργον
1722 4284 1812 4340 τοῦ

1928 4290 2097 4360 hujus
2130 4306 2370 4361 sponsus
2399 4299 2484 4346 est
2512 4290 2788 4346 Christus.
2823 4288 2899 4344 Ea
2926 4290 3099 4357 enim,
3131 4306 3252 4361 quae
3282 4299 3509 4362 coapta-

216 4392 380 4457 Θεοῦ,
414 4389 657 4462 νυμφίος
704 4387 877 4456 αὐτῆς
922 4387 952 4439 6
991 4384 1226 4455 Χριστός
1267 4384 1436 4435 ἐστιν.
1483 4382 1549 4434 Ἢ
1576 4381 1684 4452 γὰρ
1716 4380 1812 4451 ἁρ-

1926 4389 2021 4436 tur
2042 4383 2161 4436 viro
2207 4382 2580 4453 corruptibili,
2615 4383 2952 4437 voluntatem
2992 4383 3095 4437 viri
3128 4384 3216 4440 sui
3250 4383 3397 4450 facit,
3431 4384 3507 4440 ita

222 4484 512 4558 μοσομένη
539 4481 694 4552 ἀνδρὶ
718 4478 942 4549 φθαρτῷ
961 4477 1023 4531 τὸ
1055 4475 1267 4547 θέλημα
1292 4474 1386 4531 τοῦ
1408 4472 1602 4544 ἀνδρὸς
1645 4471 1812 4542 αὐτῆς

1926 4472 2076 4526 enim
2114 4472 2387 4542 scriptum
2432 4482 2558 4527 est:
2596 4491 2613 4523 ι
2638 4472 2832 4528 Mulier
2859 4473 2946 4528 sui
2987 4473 3238 4543 corporis
3266 4481 3509 4544 potesta-

217 4576 404 4628 ποιεῖ’
448 4571 627 4633 οὕτως
655 4570 766 4641 γὰρ
798 4566 1047 4637 εἴρηται,
1079 4565 1161 4618 ὅτι
1197 4583 1216 4616 ι
1246 4563 1333 4616 ’Ἦ
1373 4563 1511 4633 γυνὴ
1551 4559 1647 4614 τοῦ
1686 4560 1812 4613 ἰδίου

1926 4571 2036 4618 tem
2063 4579 2173 4620 non
2202 4564 2387 4629 habet,
2435 4564 2532 4620 sed
2573 4564 2660 4619 vir
2682 4565 2727 4596 “
2758 4583 2771 4618 :
2801 4583 2821 4617 ›
2855 4579 2920 4619 ac
2963 4579 3186 4620 rursum
3211 4585 3224 4620 :
3257 4583 3275 4617 ι
3305 4564 3510 4632 Quem-

218 4664 481 4735 σώματος
506 4662 610 4715 οὐκ
638 4656 960 4723 ἐξουσιάζει,
991 4654 1105 4710 ἀλλ’
1134 4656 1163 4713 6
1194 4655 1355 4725 ἁνήρ.
1414 4673 1434 4705 ι
1471 4653 1583 4707 Καὶ
1623 4650 1812 4706 πάλιν·

1926 4655 2221 4711 admodum
2270 4656 2517 4713 Ecclesia
2551 4657 2843 4729 subjicitur
2872 4658 3126 4725 Domino,
3174 4660 3251 4713 ita
3288 4673 3509 4729 quoque

225 4754 483 4823 σ’ίισπερ
528 4750 567 4821 ἡ
600 4747 899 4818 Ἐκκλησία
930 4742 1400 4815 ὑποτάσσεταιτῷ
1429 4743 1639 4815 Κυρίῳ,
1674 4741 1812 4795 οὕτω

1929 4748 2193 4804 mulieres
2218 4748 2354 4805 viris
2384 4751 2500 4806 suis
2530 4749 2588 4805 in
2611 4751 2873 4808 omnibus
2895 4751 2965 4807 ".
2998 4770 3019 4804 ι
3055 4751 3319 4822 Exemplo
3350 4765 3508 4805 nam-

221 4845 319 4898 u‘t
350 4844 410 4897 αἱ
447 4842 713 4910 γυναῖκες
747 4839 859 4900 τοῖς
884 4836 1140 4908 ἀνδράσιν
1180 4838 1240 4889 ὲν
1280 4834 1465 4888 παντί.
1500 4853 1520 4886 ι
1569 4834 1689 4886 Ἀπ’
1723 4833 1812 4886 αὐ-

1924 4855 2035 4910 que
2066 4840 2472 4896 mundanarum
2503 4857 2711 4907 rerum,
2766 4843 2815 4899 si
2848 4844 2927 4898 ita
2955 4844 3211 4909 velimus,
3260 4844 3509 4903 cmlestia

217 4937 332 4991 τῶν
362 4935 481 5006 γὰρ
522 4932 635 4986 τῶν
675 4929 980 5001 κοσμικῶν,
1012 4930 1109 4989 ἐὰν
1155 4927 1397 4998 θέλωμεν
1418 4968 1433 4994 ,
1481 4926 1578 4981 καὶ
1608 4925 1678 4978 τὰ
1709 4925 1812 4980 ἄνα

1923 4931 2381 4989 intellexerimus.
2442 4932 2576 4999 Quae
2625 4941 2808 4988 autem
2877 4935 3232 5006 coniungitur
3290 4931 3507 4988 caelesti

220 5029 481 5100 νοοῦμεν.
527 5026 595 5079 Ἦ
626 5023 685 5077 δὲ
725 5022 1103 5093 συναπτομένη
1131 5021 1211 5093 τῷ
1243 5019 1550 5093 ἐπουρανίῳ
1584 5018 1812 5090 νυμφίῳ1

1928 5037 2155 5095 sponso,
2198 5025 2534 5080 voluntatem
2566 5029 2652 5081 sui
2681 5026 2872 5096 sponsi
2901 5024 3053 5081 facit.

221 5121 286 5176 τὸ
313 5120 535 5190 θέλημα
567 5114 664 5169 τοῦ
699 5113 930 5185 νυμφίου
959 5112 1132 5183 αὐτῆς
1161 5110 1579 5182 κατεργάζεται.

295 5214 352 5268 '5.
393 5209 571 5264 Τοῦτο
600 5209 658 5263 δέ
684 5210 802 5261 ἐστι
829 5206 892 5260 τὸ
923 5205 1134 5278 θέλημα
1158 5204 1253 5258 τοῦ
1285 5202 1545 5277 Χριστοῦ,
1590 5202 1681 5257 τὸν
1702 5203 1812 5257 κολ-

2000 5205 2054 5259 5.
2101 5202 2177 5259 Ea
2198 5212 2380 5259 autem
2409 5211 2496 5259 est
2532 5202 2791 5260 voluntas
2828 5202 3056 5270 Christi,
3099 5212 3158 5256 ut
3198 5201 3246 5257 is
3274 5201 3368 5274 qui
3404 5203 3509 5277 ipsi

301 5413 349 5445 ”
388 5411 593 5467 Cenes.
632 5425 690 5474 ι,
724 5407 835 5475 26;
876 5422 938 5473 ιι,
962 5407 1015 5474 7,
1048 5406 1111 5475 8,
1141 5405 1335 5462 21-24.
1409 5404 1455 5438 “
1496 5404 1695 5475 Ephes.
1728 5421 1783 5470 ν,

1990 5405 2034 5437 υ
2075 5404 2096 5458 ι
2127 5404 2258 5461 Cor.
2296 5420 2406 5470 vn,
2441 5404 2531 5460 54.
2610 5403 2655 5439 ’δ’
2689 5402 2826 5459 Ibid.
2862 5405 2916 5459 4.
2994 5401 3283 5474 ⁸³·Ευιιοε.
3325 5419 3376 5473 ν,
3412 5404 3505 5468 24.

303 5561 1226 5637 (85)Βξιεῑιίθηείε,Ἀῃεὶίοοηυεῌοι
1250 5558 1400 5637 Felc.
1429 5559 1485 5637 2,
1510 5558 1580 5612 τὰ
1602 5558 1824 5632 ῥήματά

241 5630 361 5709 μου.
380 5630 551 5709 ΔΕιψῖ
574 5648 725 5709 vero,
754 5633 826 5709 τᾶι
852 5630 1071 5709 ῥήματα
1092 5631 1186 5709 τοῦ
1221 5630 1488 5702 στόματός
1519 5646 1644 5702 μου.

310 5706 426 5777 (86)
468 5706 586 5770 Πᾶς
619 5705 777 5761 deest
815 5704 870 5758 in
902 5702 1208 5762 Basiliensi.

2001 5559 2114 5631 (87)
2153 5559 2510 5631 Anglicanus,
2544 5558 2754 5631 θνητοῖς
2779 5557 3106 5631 ἀνθρώποις.

1999 5628 2117 5702 (88)
2160 5628 2259 5685 Sic
2288 5628 2638 5686 Basiliensis.‘
2669 5629 2813 5685 Editi
2848 5628 3001 5697 vero,
3028 5628 3106 5704 τῷ
3130 5630 3285 5713 ἀνδρὶ
3313 5630 3509 5709 αὐτῆς,
