  <div class='ocr_page' id='page_1' title='image "/cluster/home/n/w/nwhite01/storage/ocr_20150623/28/nnc1.0046978690/167.png"; bbox 0 0 3890 6200; ppageno 0'>
   <div class='ocr_carea' id='block_1_1' title="bbox 364 233 468 291">
    <p class='ocr_par' dir='ltr' id='par_1_1' title="bbox 364 233 468 291">
     <span class='ocr_line' id='line_1_1' title="bbox 364 233 468 291; baseline 0.019 -2"><span class='ocrx_word' id='word_1_1' title='bbox 364 233 468 291; x_wconf 75' lang='grc'><strong>155</strong></span> 
     </span>
    </p>
   </div>
   <div class='ocr_carea' id='block_1_2' title="bbox 1537 232 2486 293">
    <p class='ocr_par' dir='ltr' id='par_1_2' title="bbox 1537 232 2486 293">
     <span class='ocr_line' id='line_1_2' title="bbox 1537 232 2486 293; baseline -0.001 -1"><span class='ocrx_word' id='word_1_2' title='bbox 1537 235 1598 292; x_wconf 85' lang='lat' dir='ltr'><strong>S.</strong></span> <span class='ocrx_word' id='word_1_3' title='bbox 1637 233 2105 293; x_wconf 79' lang='lat' dir='ltr'><strong>ATHANASIUS.</strong></span> <span class='ocrx_word' id='word_1_4' title='bbox 2145 263 2214 276; x_wconf 88' lang='lat'><strong>--</strong></span> <span class='ocrx_word' id='word_1_5' title='bbox 2255 232 2486 291; x_wconf 79' lang='lat' dir='ltr'><strong>DUBIA.</strong></span> 
     </span>
    </p>
   </div>
   <div class='ocr_carea' id='block_1_3' title="bbox 3529 227 3642 283">
    <p class='ocr_par' dir='ltr' id='par_1_3' title="bbox 3529 227 3642 283">
     <span class='ocr_line' id='line_1_3' title="bbox 3529 227 3642 283; baseline 0 0"><span class='ocrx_word' id='word_1_6' title='bbox 3529 227 3642 283; x_wconf 65' lang='lat'><strong>256</strong></span> 
     </span>
    </p>
   </div>
   <div class='ocr_carea' id='block_1_4' title="bbox 358 346 1965 425">
    <p class='ocr_par' dir='ltr' id='par_1_4' title="bbox 358 350 1950 424">
     <span class='ocr_line' id='line_1_4' title="bbox 358 350 1950 424; baseline 0.003 -17"><span class='ocrx_word' id='word_1_7' title='bbox 358 350 776 423; x_wconf 72' lang='lat' dir='ltr'><strong>conglutinatus</strong></span> <span class='ocrx_word' id='word_1_8' title='bbox 812 357 919 418; x_wconf 90' lang='lat' dir='ltr'><strong>est,</strong></span> <span class='ocrx_word' id='word_1_9' title='bbox 952 351 1092 407; x_wconf 83' lang='lat' dir='ltr'><strong>nihil</strong></span> <span class='ocrx_word' id='word_1_10' title='bbox 1134 366 1327 411; x_wconf 81' lang='lat' dir='ltr'><strong>secum</strong></span> <span class='ocrx_word' id='word_1_11' title='bbox 1375 354 1606 409; x_wconf 88' lang='lat' dir='ltr'><strong>omnino</strong></span> <span class='ocrx_word' id='word_1_12' title='bbox 1638 354 1804 424; x_wconf 89' lang='lat' dir='ltr'><strong>hujus</strong></span> <span class='ocrx_word' id='word_1_13' title='bbox 1846 369 1950 411; x_wconf 86' lang='lat' dir='ltr'><strong>sae-</strong></span> 
     </span>
    </p>
   </div>
   <div class='ocr_carea' id='block_1_5' title="bbox 2069 346 3647 425">
    <p class='ocr_par' dir='ltr' id='par_1_5' title="bbox 2069 346 3647 425">
     <span class='ocr_line' id='line_1_5' title="bbox 2069 346 3647 425; baseline -0.004 -18"><span class='ocrx_word' id='word_1_14' title='bbox 2069 353 2292 425; x_wconf 72' lang='grc' dir='ltr'>ιώμενον</span> <span class='ocrx_word' id='word_1_15' title='bbox 2324 351 2476 424; x_wconf 85' lang='grc' dir='ltr'>αὐτῷ</span> <span class='ocrx_word' id='word_1_16' title='bbox 2504 352 2672 424; x_wconf 87' lang='grc' dir='ltr'>μηδὲν</span> <span class='ocrx_word' id='word_1_17' title='bbox 2695 351 2832 417; x_wconf 83' lang='grc' dir='ltr'>ὅλως</span> <span class='ocrx_word' id='word_1_18' title='bbox 2858 349 3214 424; x_wconf 69' lang='grc' dir='ltr'><strong>ἐπιφέρεσθαι</strong></span> <span class='ocrx_word' id='word_1_19' title='bbox 3237 348 3350 419; x_wconf 83' lang='grc'><strong>(89)</strong></span> <span class='ocrx_word' id='word_1_20' title='bbox 3381 346 3477 402; x_wconf 87' lang='grc' dir='ltr'><strong>τοῦ</strong></span> <span class='ocrx_word' id='word_1_21' title='bbox 3507 348 3647 401; x_wconf 83' lang='grc' dir='ltr'><strong>αίῶ-</strong></span> 
     </span>
    </p>
   </div>
   <div class='ocr_carea' id='block_1_6' title="bbox 358 441 1954 511">
    <p class='ocr_par' dir='ltr' id='par_1_6' title="bbox 358 441 1954 511">
     <span class='ocr_line' id='line_1_6' title="bbox 358 441 1954 511; baseline 0.003 -14"><span class='ocrx_word' id='word_1_22' title='bbox 358 442 471 497; x_wconf 92' lang='lat' dir='ltr'><strong>euli</strong></span> <span class='ocrx_word' id='word_1_23' title='bbox 494 441 657 509; x_wconf 85' lang='lat' dir='ltr'><strong>ferat,</strong></span> <span class='ocrx_word' id='word_1_24' title='bbox 688 442 828 498; x_wconf 84' lang='lat' dir='ltr'><strong>nihil</strong></span> <span class='ocrx_word' id='word_1_25' title='bbox 853 442 1146 499; x_wconf 89' lang='lat' dir='ltr'><strong>terrestria</strong></span> <span class='ocrx_word' id='word_1_26' title='bbox 1175 451 1365 511; x_wconf 89' lang='lat' dir='ltr'><strong>curet;</strong></span> <span class='ocrx_word' id='word_1_27' title='bbox 1398 444 1498 500; x_wconf 87' lang='lat' dir='ltr'><strong>sed</strong></span> <span class='ocrx_word' id='word_1_28' title='bbox 1527 446 1705 500; x_wconf 90' lang='lat' dir='ltr'><strong>solum</strong></span> <span class='ocrx_word' id='word_1_29' title='bbox 1737 454 1797 501; x_wconf 92' lang='lat' dir='ltr'><strong>ut</strong></span> <span class='ocrx_word' id='word_1_30' title='bbox 1822 462 1954 502; x_wconf 85' lang='lat' dir='ltr'><strong>cru-</strong></span> 
     </span>
    </p>
   </div>
   <div class='ocr_carea' id='block_1_7' title="bbox 358 533 1947 606">
    <p class='ocr_par' dir='ltr' id='par_1_7' title="bbox 358 533 1947 606">
     <span class='ocr_line' id='line_1_7' title="bbox 358 533 1947 606; baseline 0.002 -16"><span class='ocrx_word' id='word_1_31' title='bbox 358 550 481 590; x_wconf 89' lang='lat' dir='ltr'><strong>cem</strong></span> <span class='ocrx_word' id='word_1_32' title='bbox 508 534 653 605; x_wconf 85' lang='lat' dir='ltr'><strong>ejus,</strong></span> <span class='ocrx_word' id='word_1_33' title='bbox 689 535 783 606; x_wconf 86' lang='lat' dir='ltr'><strong>qui</strong></span> <span class='ocrx_word' id='word_1_34' title='bbox 821 549 921 606; x_wconf 87' lang='lat' dir='ltr'><strong>pro</strong></span> <span class='ocrx_word' id='word_1_35' title='bbox 951 549 1012 591; x_wconf 84' lang='lat' dir='ltr'><strong>se</strong></span> <span class='ocrx_word' id='word_1_36' title='bbox 1039 533 1341 590; x_wconf 84' lang='lat' dir='ltr'><strong>cruciﬁxus</strong></span> <span class='ocrx_word' id='word_1_37' title='bbox 1376 544 1480 604; x_wconf 86' lang='lat' dir='ltr'><strong>est,</strong></span> <span class='ocrx_word' id='word_1_38' title='bbox 1513 536 1764 606; x_wconf 88' lang='lat' dir='ltr'><strong>bajulare</strong></span> <span class='ocrx_word' id='word_1_39' title='bbox 1783 538 1947 593; x_wconf 82' lang='lat' dir='ltr'><strong>velit:</strong></span> 
     </span>
    </p>
   </div>
   <div class='ocr_carea' id='block_1_8' title="bbox 359 612 1954 698">
    <p class='ocr_par' dir='ltr' id='par_1_8' title="bbox 359 612 1954 698">
     <span class='ocr_line' id='line_1_8' title="bbox 359 612 1954 698; baseline 0.002 -18"><span class='ocrx_word' id='word_1_40' title='bbox 359 640 666 698; x_wconf 86' lang='lat' dir='ltr'><strong>curamque</strong></span> <span class='ocrx_word' id='word_1_41' title='bbox 694 642 760 683; x_wconf 89' lang='lat' dir='ltr'><strong>ac</strong></span> <span class='ocrx_word' id='word_1_42' title='bbox 795 612 1226 683; x_wconf 61' lang='lat' dir='ltr'><strong>sollicitudinem</strong></span> <span class='ocrx_word' id='word_1_43' title='bbox 1260 634 1436 697; x_wconf 87' lang='lat' dir='ltr'><strong>gerat,</strong></span> <span class='ocrx_word' id='word_1_44' title='bbox 1467 628 1556 683; x_wconf 91' lang='lat' dir='ltr'><strong>die</strong></span> <span class='ocrx_word' id='word_1_45' title='bbox 1581 643 1647 684; x_wconf 92' lang='lat' dir='ltr'><strong>ac</strong></span> <span class='ocrx_word' id='word_1_46' title='bbox 1674 636 1857 692; x_wconf 88' lang='lat' dir='ltr'><strong>nocte,</strong></span> <span class='ocrx_word' id='word_1_47' title='bbox 1894 636 1954 683; x_wconf 93' lang='lat' dir='ltr'><strong>ut</strong></span> 
     </span>
    </p>
   </div>
   <div class='ocr_carea' id='block_1_9' title="bbox 360 717 1953 795">
    <p class='ocr_par' dir='ltr' id='par_1_9' title="bbox 360 717 1953 795">
     <span class='ocr_line' id='line_1_9' title="bbox 360 717 1953 795; baseline 0.003 -23"><span class='ocrx_word' id='word_1_48' title='bbox 360 719 648 795; x_wconf 73' lang='lat' dir='ltr'><strong>perpetuis</strong></span> <span class='ocrx_word' id='word_1_49' title='bbox 698 719 942 791; x_wconf 85' lang='lat' dir='ltr'><strong>hymnis,</strong></span> <span class='ocrx_word' id='word_1_50' title='bbox 987 726 1043 775; x_wconf 90' lang='lat' dir='ltr'><strong>et</strong></span> <span class='ocrx_word' id='word_1_51' title='bbox 1090 717 1591 790; x_wconf 86' lang='lat' dir='ltr'><strong>gloriﬁcationibus</strong></span> <span class='ocrx_word' id='word_1_52' title='bbox 1642 736 1766 776; x_wconf 91' lang='lat' dir='ltr'><strong>eum</strong></span> <span class='ocrx_word' id='word_1_53' title='bbox 1807 723 1953 777; x_wconf 90' lang='lat' dir='ltr'><strong>cele-</strong></span> 
     </span>
    </p>
   </div>
   <div class='ocr_carea' id='block_1_10' title="bbox 361 811 1956 881">
    <p class='ocr_par' dir='ltr' id='par_1_10' title="bbox 361 811 1956 881">
     <span class='ocr_line' id='line_1_10' title="bbox 361 811 1956 881; baseline 0.001 -15"><span class='ocrx_word' id='word_1_54' title='bbox 361 811 507 877; x_wconf 86' lang='lat' dir='ltr'><strong>bret,</strong></span> <span class='ocrx_word' id='word_1_55' title='bbox 551 812 927 869; x_wconf 89' lang='lat' dir='ltr'><strong>illuminatum</strong></span> <span class='ocrx_word' id='word_1_56' title='bbox 958 813 1159 868; x_wconf 85' lang='lat' dir='ltr'><strong>habeat</strong></span> <span class='ocrx_word' id='word_1_57' title='bbox 1192 816 1398 872; x_wconf 89' lang='lat' dir='ltr'><strong>mentis</strong></span> <span class='ocrx_word' id='word_1_58' title='bbox 1433 816 1675 881; x_wconf 90' lang='lat' dir='ltr'><strong>oculum,</strong></span> <span class='ocrx_word' id='word_1_59' title='bbox 1726 817 1864 872; x_wconf 84' lang='lat' dir='ltr'><strong>sciat</strong></span> <span class='ocrx_word' id='word_1_60' title='bbox 1888 814 1956 868; x_wconf 85' lang='lat' dir='ltr'><strong>il-</strong></span> 
     </span>
    </p>
   </div>
   <div class='ocr_carea' id='block_1_11' title="bbox 363 901 1953 978">
    <p class='ocr_par' dir='ltr' id='par_1_11' title="bbox 363 901 1953 978">
     <span class='ocr_line' id='line_1_11' title="bbox 363 901 1953 978; baseline 0.003 -22"><span class='ocrx_word' id='word_1_61' title='bbox 363 901 471 958; x_wconf 90' lang='lat' dir='ltr'><strong>lius</strong></span> <span class='ocrx_word' id='word_1_62' title='bbox 503 904 845 959; x_wconf 86' lang='lat' dir='ltr'><strong>voluntatem</strong></span> <span class='ocrx_word' id='word_1_63' title='bbox 875 914 928 960; x_wconf 92' lang='lat' dir='ltr'><strong>et</strong></span> <span class='ocrx_word' id='word_1_64' title='bbox 964 907 1014 960; x_wconf 91' lang='lat' dir='ltr'><strong>ei</strong></span> <span class='ocrx_word' id='word_1_65' title='bbox 1045 905 1404 978; x_wconf 86' lang='lat' dir='ltr'><strong>obsequatur,</strong></span> <span class='ocrx_word' id='word_1_66' title='bbox 1440 922 1539 962; x_wconf 91' lang='lat' dir='ltr'><strong>cor</strong></span> <span class='ocrx_word' id='word_1_67' title='bbox 1562 907 1796 978; x_wconf 80' lang='lat' dir='ltr'><strong>simplex</strong></span> <span class='ocrx_word' id='word_1_68' title='bbox 1824 920 1953 977; x_wconf 88' lang='lat' dir='ltr'><strong>pos-</strong></span> 
     </span>
    </p>
   </div>
   <div class='ocr_carea' id='block_1_12' title="bbox 365 995 1954 1070">
    <p class='ocr_par' dir='ltr' id='par_1_12' title="bbox 365 995 1954 1070">
     <span class='ocr_line' id='line_1_12' title="bbox 365 995 1954 1070; baseline 0.001 -19"><span class='ocrx_word' id='word_1_69' title='bbox 365 995 564 1059; x_wconf 88' lang='lat' dir='ltr'><strong>sideat,</strong></span> <span class='ocrx_word' id='word_1_70' title='bbox 588 1004 644 1051; x_wconf 93' lang='lat' dir='ltr'><strong>et</strong></span> <span class='ocrx_word' id='word_1_71' title='bbox 674 1005 914 1053; x_wconf 89' lang='lat' dir='ltr'><strong>mentem</strong></span> <span class='ocrx_word' id='word_1_72' title='bbox 954 1015 1173 1070; x_wconf 89' lang='lat' dir='ltr'><strong>puram.</strong></span> <span class='ocrx_word' id='word_1_73' title='bbox 1205 998 1522 1056; x_wconf 80' lang='lat' dir='ltr'><strong>Misericors</strong></span> <span class='ocrx_word' id='word_1_74' title='bbox 1549 1000 1642 1064; x_wconf 87' lang='lat' dir='ltr'><strong>sit,</strong></span> <span class='ocrx_word' id='word_1_75' title='bbox 1677 1006 1736 1053; x_wconf 89' lang='lat' dir='ltr'><strong>ut</strong></span> <span class='ocrx_word' id='word_1_76' title='bbox 1760 1013 1954 1069; x_wconf 89' lang='lat' dir='ltr'><strong>quem-</strong></span> 
     </span>
    </p>
   </div>
   <div class='ocr_carea' id='block_1_13' title="bbox 365 1086 1955 1159">
    <p class='ocr_par' dir='ltr' id='par_1_13' title="bbox 365 1086 1955 1159">
     <span class='ocr_line' id='line_1_13' title="bbox 365 1086 1955 1159; baseline 0.002 -18"><span class='ocrx_word' id='word_1_77' title='bbox 365 1086 662 1142; x_wconf 82' lang='lat' dir='ltr'><strong>admodum</strong></span> <span class='ocrx_word' id='word_1_78' title='bbox 697 1089 814 1159; x_wconf 90' lang='lat' dir='ltr'><strong>ipse</strong></span> <span class='ocrx_word' id='word_1_79' title='bbox 858 1091 1151 1147; x_wconf 90' lang='lat' dir='ltr'><strong>miserator</strong></span> <span class='ocrx_word' id='word_1_80' title='bbox 1191 1099 1246 1146; x_wconf 90' lang='lat' dir='ltr'><strong>et</strong></span> <span class='ocrx_word' id='word_1_81' title='bbox 1272 1091 1596 1147; x_wconf 88' lang='lat' dir='ltr'><strong>misericors</strong></span> <span class='ocrx_word' id='word_1_82' title='bbox 1625 1098 1743 1159; x_wconf 88' lang='lat' dir='ltr'><strong>est,</strong></span> <span class='ocrx_word' id='word_1_83' title='bbox 1778 1092 1854 1145; x_wconf 90' lang='lat' dir='ltr'><strong>ita</strong></span> <span class='ocrx_word' id='word_1_84' title='bbox 1899 1100 1955 1145; x_wconf 91' lang='lat' dir='ltr'><strong>et</strong></span> 
     </span>
    </p>
   </div>
   <div class='ocr_carea' id='block_1_14' title="bbox 364 1181 1954 1253">
    <p class='ocr_par' dir='ltr' id='par_1_14' title="bbox 364 1181 1954 1253">
     <span class='ocr_line' id='line_1_14' title="bbox 364 1181 1954 1253; baseline 0.002 -18"><span class='ocrx_word' id='word_1_85' title='bbox 364 1196 468 1235; x_wconf 85' lang='lat' dir='ltr'><strong>nos</strong></span> <span class='ocrx_word' id='word_1_86' title='bbox 495 1196 714 1252; x_wconf 84' lang='lat' dir='ltr'><strong>quoque</strong></span> <span class='ocrx_word' id='word_1_87' title='bbox 754 1197 880 1237; x_wconf 85' lang='lat' dir='ltr'><strong>eum</strong></span> <span class='ocrx_word' id='word_1_88' title='bbox 919 1198 1238 1253; x_wconf 83' lang='lat' dir='ltr'><strong>sequamur.</strong></span> <span class='ocrx_word' id='word_1_89' title='bbox 1268 1182 1586 1238; x_wconf 79' lang='lat' dir='ltr'><strong>Mansuetus</strong></span> <span class='ocrx_word' id='word_1_90' title='bbox 1627 1190 1682 1237; x_wconf 92' lang='lat' dir='ltr'><strong>et</strong></span> <span class='ocrx_word' id='word_1_91' title='bbox 1731 1181 1954 1253; x_wconf 88' lang='lat' dir='ltr'><strong>quietus</strong></span> 
     </span>
    </p>
   </div>
   <div class='ocr_carea' id='block_1_15' title="bbox 364 1273 1949 1345">
    <p class='ocr_par' dir='ltr' id='par_1_15' title="bbox 364 1273 1949 1345">
     <span class='ocr_line' id='line_1_15' title="bbox 364 1273 1949 1345; baseline 0.001 -17"><span class='ocrx_word' id='word_1_92' title='bbox 364 1280 531 1343; x_wconf 84' lang='lat' dir='ltr'><strong>atque</strong></span> <span class='ocrx_word' id='word_1_93' title='bbox 558 1273 774 1344; x_wconf 85' lang='lat' dir='ltr'><strong>patiens</strong></span> <span class='ocrx_word' id='word_1_94' title='bbox 803 1275 896 1337; x_wconf 89' lang='lat' dir='ltr'><strong>sit,</strong></span> <span class='ocrx_word' id='word_1_95' title='bbox 939 1275 1078 1328; x_wconf 91' lang='lat' dir='ltr'><strong>nulli</strong></span> <span class='ocrx_word' id='word_1_96' title='bbox 1126 1275 1329 1328; x_wconf 91' lang='lat' dir='ltr'><strong>malum</strong></span> <span class='ocrx_word' id='word_1_97' title='bbox 1366 1290 1467 1345; x_wconf 91' lang='lat' dir='ltr'><strong>pro</strong></span> <span class='ocrx_word' id='word_1_98' title='bbox 1509 1274 1655 1329; x_wconf 90' lang='lat' dir='ltr'><strong>malo</strong></span> <span class='ocrx_word' id='word_1_99' title='bbox 1691 1274 1949 1341; x_wconf 81' lang='lat' dir='ltr'><strong>reddens,</strong></span> 
     </span>
    </p>
   </div>
   <div class='ocr_carea' id='block_1_16' title="bbox 363 1364 1951 1437">
    <p class='ocr_par' dir='ltr' id='par_1_16' title="bbox 363 1364 1951 1437">
     <span class='ocr_line' id='line_1_16' title="bbox 363 1364 1951 1437; baseline 0.002 -18"><span class='ocrx_word' id='word_1_100' title='bbox 363 1365 567 1419; x_wconf 84' lang='lat' dir='ltr'><strong>multas</strong></span> <span class='ocrx_word' id='word_1_101' title='bbox 595 1366 962 1421; x_wconf 84' lang='lat' dir='ltr'><strong>contumelias</strong></span> <span class='ocrx_word' id='word_1_102' title='bbox 997 1367 1301 1428; x_wconf 83' lang='lat' dir='ltr'><strong>sustinens,</strong></span> <span class='ocrx_word' id='word_1_103' title='bbox 1335 1364 1801 1437; x_wconf 88' lang='lat' dir='ltr'><strong>quemadmodum</strong></span> <span class='ocrx_word' id='word_1_104' title='bbox 1832 1366 1951 1435; x_wconf 89' lang='lat' dir='ltr'><strong>ipse</strong></span> 
     </span>
    </p>
   </div>
   <div class='ocr_carea' id='block_1_17' title="bbox 364 1455 1953 1522">
    <p class='ocr_par' dir='ltr' id='par_1_17' title="bbox 364 1455 1953 1522">
     <span class='ocr_line' id='line_1_17' title="bbox 364 1455 1953 1522; baseline 0.001 -11"><span class='ocrx_word' id='word_1_105' title='bbox 364 1474 396 1511; x_wconf 85' lang='lat' dir='ltr'><strong>a</strong></span> <span class='ocrx_word' id='word_1_106' title='bbox 426 1456 632 1513; x_wconf 79' lang='lat' dir='ltr'><strong>Judzeis</strong></span> <span class='ocrx_word' id='word_1_107' title='bbox 669 1458 1023 1513; x_wconf 89' lang='lat' dir='ltr'><strong>contumeliis</strong></span> <span class='ocrx_word' id='word_1_108' title='bbox 1072 1458 1326 1522; x_wconf 84' lang='lat' dir='ltr'><strong>aﬁ&#39;ectus,</strong></span> <span class='ocrx_word' id='word_1_109' title='bbox 1370 1474 1467 1514; x_wconf 90' lang='lat' dir='ltr'><strong>eas</strong></span> <span class='ocrx_word' id='word_1_110' title='bbox 1496 1457 1783 1513; x_wconf 87' lang='lat' dir='ltr'><strong>sustinuit.</strong></span> <span class='ocrx_word' id='word_1_111' title='bbox 1814 1455 1953 1513; x_wconf 87' lang='lat' dir='ltr'><strong>Ver-</strong></span> 
     </span>
    </p>
   </div>
   <div class='ocr_carea' id='block_1_18' title="bbox 364 1550 1955 1621">
    <p class='ocr_par' dir='ltr' id='par_1_18' title="bbox 364 1550 1955 1621">
     <span class='ocr_line' id='line_1_18' title="bbox 364 1550 1955 1621; baseline -0.002 -14"><span class='ocrx_word' id='word_1_112' title='bbox 364 1551 499 1607; x_wconf 89' lang='lat' dir='ltr'><strong>bera</strong></span> <span class='ocrx_word' id='word_1_113' title='bbox 546 1557 600 1607; x_wconf 93' lang='lat' dir='ltr'><strong>et</strong></span> <span class='ocrx_word' id='word_1_114' title='bbox 635 1550 919 1606; x_wconf 85' lang='lat' dir='ltr'><strong>cruciatus</strong></span> <span class='ocrx_word' id='word_1_115' title='bbox 957 1550 1099 1606; x_wconf 83' lang='lat' dir='ltr'><strong>ferat</strong></span> <span class='ocrx_word' id='word_1_116' title='bbox 1126 1569 1139 1605; x_wconf 86' lang='lat'><strong>:</strong></span> <span class='ocrx_word' id='word_1_117' title='bbox 1171 1565 1298 1604; x_wconf 91' lang='lat' dir='ltr'><strong>nam</strong></span> <span class='ocrx_word' id='word_1_118' title='bbox 1333 1560 1389 1606; x_wconf 88' lang='lat' dir='ltr'><strong>et</strong></span> <span class='ocrx_word' id='word_1_119' title='bbox 1421 1550 1541 1621; x_wconf 87' lang='lat' dir='ltr'><strong>ipse</strong></span> <span class='ocrx_word' id='word_1_120' title='bbox 1586 1564 1808 1620; x_wconf 84' lang='lat' dir='ltr'><strong>quoque</strong></span> <span class='ocrx_word' id='word_1_121' title='bbox 1837 1550 1955 1604; x_wconf 81' lang='lat' dir='ltr'><strong>haec</strong></span> 
     </span>
    </p>
   </div>
   <div class='ocr_carea' id='block_1_19' title="bbox 363 1641 1952 1716">
    <p class='ocr_par' dir='ltr' id='par_1_19' title="bbox 363 1641 1952 1716">
     <span class='ocr_line' id='line_1_19' title="bbox 363 1641 1952 1716; baseline -0.001 -19"><span class='ocrx_word' id='word_1_122' title='bbox 363 1659 565 1716; x_wconf 89' lang='lat' dir='ltr'><strong>passus</strong></span> <span class='ocrx_word' id='word_1_123' title='bbox 594 1649 681 1699; x_wconf 87' lang='lat' dir='ltr'><strong>est</strong></span> <span class='ocrx_word' id='word_1_124' title='bbox 709 1662 722 1698; x_wconf 90' lang='lat'><strong>:</strong></span> <span class='ocrx_word' id='word_1_125' title='bbox 751 1644 908 1712; x_wconf 84' lang='lat' dir='ltr'><strong>alapa</strong></span> <span class='ocrx_word' id='word_1_126' title='bbox 927 1643 1076 1699; x_wconf 91' lang='lat' dir='ltr'><strong>enim</strong></span> <span class='ocrx_word' id='word_1_127' title='bbox 1103 1657 1134 1696; x_wconf 93' lang='lat' dir='ltr'><strong>a</strong></span> <span class='ocrx_word' id='word_1_128' title='bbox 1161 1642 1419 1698; x_wconf 88' lang='lat' dir='ltr'><strong>ministro</strong></span> <span class='ocrx_word' id='word_1_129' title='bbox 1444 1641 1724 1713; x_wconf 86' lang='lat' dir='ltr'><strong>pontiﬁcis</strong></span> <span class='ocrx_word' id='word_1_130' title='bbox 1748 1656 1952 1706; x_wconf 86' lang='lat' dir='ltr'><strong>caesus,</strong></span> 
     </span>
    </p>
   </div>
   <div class='ocr_carea' id='block_1_20' title="bbox 2052 439 3645 518">
    <p class='ocr_par' dir='ltr' id='par_1_20' title="bbox 2052 439 3645 518">
     <span class='ocr_line' id='line_1_20' title="bbox 2052 439 3645 518; baseline -0.003 -19"><span class='ocrx_word' id='word_1_131' title='bbox 2052 463 2141 510; x_wconf 92' lang='grc' dir='ltr'><strong>νος</strong></span> <span class='ocrx_word' id='word_1_132' title='bbox 2172 445 2387 509; x_wconf 83' lang='grc' dir='ltr'>τούτου,</span> <span class='ocrx_word' id='word_1_133' title='bbox 2415 444 2549 518; x_wconf 81' lang='grc' dir='ltr'>μηδὲ</span> <span class='ocrx_word' id='word_1_134' title='bbox 2571 442 2682 498; x_wconf 84' lang='grc' dir='ltr'>τῶν</span> <span class='ocrx_word' id='word_1_135' title='bbox 2712 445 2917 515; x_wconf 77' lang='grc' dir='ltr'>γηΐνων</span> <span class='ocrx_word' id='word_1_136' title='bbox 2945 440 3255 515; x_wconf 74' lang='grc' dir='ltr'><strong>φροντίζειν</strong></span> <span class='ocrx_word' id='word_1_137' title='bbox 3273 458 3289 474; x_wconf 79' lang='grc' dir='ltr'><strong><em>ο</em></strong></span> <span class='ocrx_word' id='word_1_138' title='bbox 3315 440 3453 494; x_wconf 84' lang='grc' dir='ltr'><strong>ἀλλά</strong></span> <span class='ocrx_word' id='word_1_139' title='bbox 3480 439 3645 511; x_wconf 83' lang='grc' dir='ltr'>μόνον</span> 
     </span>
    </p>
   </div>
   <div class='ocr_carea' id='block_1_21' title="bbox 2050 532 3647 610">
    <p class='ocr_par' dir='ltr' id='par_1_21' title="bbox 2050 532 3647 610">
     <span class='ocr_line' id='line_1_21' title="bbox 2050 532 3647 610; baseline -0.002 -18"><span class='ocrx_word' id='word_1_140' title='bbox 2050 539 2143 592; x_wconf 86' lang='grc' dir='ltr'><strong>τὸν</strong></span> <span class='ocrx_word' id='word_1_141' title='bbox 2167 537 2402 610; x_wconf 88' lang='grc' dir='ltr'>σταυρὸν</span> <span class='ocrx_word' id='word_1_142' title='bbox 2420 536 2515 591; x_wconf 85' lang='grc' dir='ltr'><strong>τοῦ</strong></span> <span class='ocrx_word' id='word_1_143' title='bbox 2541 535 2946 610; x_wconf 81' lang='grc' dir='ltr'>σταυρωθέντος</span> <span class='ocrx_word' id='word_1_144' title='bbox 2978 536 3121 608; x_wconf 82' lang='grc' dir='ltr'>ὑπὲρ</span> <span class='ocrx_word' id='word_1_145' title='bbox 3152 533 3318 589; x_wconf 87' lang='grc' dir='ltr'>αὑτοῦ</span> <span class='ocrx_word' id='word_1_146' title='bbox 3353 532 3647 605; x_wconf 79' lang='grc' dir='ltr'><strong>βαστάζειν</strong></span> 
     </span>
    </p>
   </div>
   <div class='ocr_carea' id='block_1_22' title="bbox 2053 624 3648 702">
    <p class='ocr_par' dir='ltr' id='par_1_22' title="bbox 2053 624 3648 702">
     <span class='ocr_line' id='line_1_22' title="bbox 2053 624 3648 702; baseline -0.004 -17"><span class='ocrx_word' id='word_1_147' title='bbox 2053 630 2238 696; x_wconf 88' lang='grc' dir='ltr'>αὑτὸν,</span> <span class='ocrx_word' id='word_1_148' title='bbox 2271 630 2368 684; x_wconf 73' lang='grc' dir='ltr'><strong>καὶ</strong></span> <span class='ocrx_word' id='word_1_149' title='bbox 2402 629 2546 701; x_wconf 75' lang='grc' dir='ltr'>ἔχειν</span> <span class='ocrx_word' id='word_1_150' title='bbox 2578 629 2834 702; x_wconf 84' lang='grc' dir='ltr'><strong>φροντίδα</strong></span> <span class='ocrx_word' id='word_1_151' title='bbox 2872 630 2970 683; x_wconf 79' lang='grc' dir='ltr'>καὶ</span> <span class='ocrx_word' id='word_1_152' title='bbox 3006 628 3277 701; x_wconf 87' lang='grc' dir='ltr'>μέριμναν</span> <span class='ocrx_word' id='word_1_153' title='bbox 3311 626 3506 689; x_wconf 88' lang='grc' dir='ltr'>νυκτὸς</span> <span class='ocrx_word' id='word_1_154' title='bbox 3545 624 3648 679; x_wconf 80' lang='grc' dir='ltr'><strong>καὶ</strong></span> 
     </span>
    </p>
   </div>
   <div class='ocr_carea' id='block_1_23' title="bbox 2053 719 3647 794">
    <p class='ocr_par' dir='ltr' id='par_1_23' title="bbox 2053 719 3647 794">
     <span class='ocr_line' id='line_1_23' title="bbox 2053 719 3647 794; baseline -0.004 -18"><span class='ocrx_word' id='word_1_155' title='bbox 2053 722 2289 794; x_wconf 83' lang='grc' dir='ltr'>ἡμέρας,</span> <span class='ocrx_word' id='word_1_156' title='bbox 2328 722 2773 787; x_wconf 88' lang='grc' dir='ltr'>ἀκαταπαύστοις</span> <span class='ocrx_word' id='word_1_157' title='bbox 2808 722 2917 794; x_wconf 86' lang='grc'><strong>(90)</strong></span> <span class='ocrx_word' id='word_1_158' title='bbox 2950 719 3141 793; x_wconf 84' lang='grc' dir='ltr'>ὑμνοις</span> <span class='ocrx_word' id='word_1_159' title='bbox 3175 720 3273 776; x_wconf 59' lang='grc' dir='ltr'><strong>καὶ⁴</strong></span> <span class='ocrx_word' id='word_1_160' title='bbox 3312 719 3647 788; x_wconf 75' lang='grc' dir='ltr'>δοξολογίαις</span> 
     </span>
    </p>
   </div>
   <div class='ocr_carea' id='block_1_24' title="bbox 2054 810 3653 885">
    <p class='ocr_par' dir='ltr' id='par_1_24' title="bbox 2054 810 3653 885">
     <span class='ocr_line' id='line_1_24' title="bbox 2054 810 3653 885; baseline -0.003 -17"><span class='ocrx_word' id='word_1_161' title='bbox 2054 815 2244 885; x_wconf 85' lang='grc' dir='ltr'>ὑμνεῖν</span> <span class='ocrx_word' id='word_1_162' title='bbox 2271 815 2454 879; x_wconf 87' lang='grc' dir='ltr'>αὑτὸν,</span> <span class='ocrx_word' id='word_1_163' title='bbox 2489 810 2904 885; x_wconf 80' lang='grc' dir='ltr'>πεφωτισμένον</span> <span class='ocrx_word' id='word_1_164' title='bbox 2944 813 3090 884; x_wconf 75' lang='grc' dir='ltr'>ἔχειν</span> <span class='ocrx_word' id='word_1_165' title='bbox 3122 813 3183 866; x_wconf 89' lang='grc' dir='ltr'><strong>τὸ</strong></span> <span class='ocrx_word' id='word_1_166' title='bbox 3223 812 3379 884; x_wconf 79' lang='grc' dir='ltr'>ὑμμα</span> <span class='ocrx_word' id='word_1_167' title='bbox 3402 811 3504 881; x_wconf 79' lang='grc' dir='ltr'><strong>τῆς</strong></span> <span class='ocrx_word' id='word_1_168' title='bbox 3529 810 3653 864; x_wconf 72' lang='grc' dir='ltr'>δικ-</span> 
     </span>
    </p>
   </div>
   <div class='ocr_carea' id='block_1_25' title="bbox 2054 901 3649 976">
    <p class='ocr_par' dir='ltr' id='par_1_25' title="bbox 2054 901 3649 976">
     <span class='ocr_line' id='line_1_25' title="bbox 2054 901 3649 976; baseline -0.004 -17"><span class='ocrx_word' id='word_1_169' title='bbox 2054 904 2226 969; x_wconf 92' lang='grc' dir='ltr'>νοίας,</span> <span class='ocrx_word' id='word_1_170' title='bbox 2273 905 2474 959; x_wconf 81' lang='grc' dir='ltr'>εἰδέναι</span> <span class='ocrx_word' id='word_1_171' title='bbox 2505 905 2567 958; x_wconf 88' lang='grc' dir='ltr'><strong>τὸ</strong></span> <span class='ocrx_word' id='word_1_172' title='bbox 2620 903 2833 976; x_wconf 84' lang='grc' dir='ltr'>θέλημα</span> <span class='ocrx_word' id='word_1_173' title='bbox 2878 903 3069 970; x_wconf 83' lang='grc' dir='ltr'>αὑτοῦ,</span> <span class='ocrx_word' id='word_1_174' title='bbox 3117 905 3213 957; x_wconf 72' lang='grc' dir='ltr'><strong>καὶ</strong></span> <span class='ocrx_word' id='word_1_175' title='bbox 3261 904 3437 956; x_wconf 84' lang='grc' dir='ltr'>ποιεῖν</span> <span class='ocrx_word' id='word_1_176' title='bbox 3485 901 3649 964; x_wconf 90' lang='grc' dir='ltr'>αὑτὸ,</span> 
     </span>
    </p>
   </div>
   <div class='ocr_carea' id='block_1_26' title="bbox 2053 993 3656 1069">
    <p class='ocr_par' dir='ltr' id='par_1_26' title="bbox 2053 993 3656 1069">
     <span class='ocr_line' id='line_1_26' title="bbox 2053 993 3656 1069; baseline -0.004 -18"><span class='ocrx_word' id='word_1_177' title='bbox 2053 996 2233 1069; x_wconf 78' lang='grc' dir='ltr'>ἀπλὴν</span> <span class='ocrx_word' id='word_1_178' title='bbox 2262 995 2406 1068; x_wconf 79' lang='grc' dir='ltr'>ἔχειν</span> <span class='ocrx_word' id='word_1_179' title='bbox 2438 996 2538 1069; x_wconf 78' lang='grc' dir='ltr'><strong>τὴν</strong></span> <span class='ocrx_word' id='word_1_180' title='bbox 2580 997 2828 1069; x_wconf 83' lang='grc' dir='ltr'>καρδίαν,</span> <span class='ocrx_word' id='word_1_181' title='bbox 2876 996 3115 1069; x_wconf 75' lang='grc' dir='ltr'>καθαρὸν</span> <span class='ocrx_word' id='word_1_182' title='bbox 3146 997 3237 1049; x_wconf 81' lang='grc' dir='ltr'><strong>τὸν</strong></span> <span class='ocrx_word' id='word_1_183' title='bbox 3268 995 3413 1049; x_wconf 91' lang='grc' dir='ltr'>νοῦν.</span> <span class='ocrx_word' id='word_1_184' title='bbox 3464 993 3656 1064; x_wconf 78' lang='grc' dir='ltr'>Ἐλεή-</span> 
     </span>
    </p>
   </div>
   <div class='ocr_carea' id='block_1_27' title="bbox 2059 1086 3654 1162">
    <p class='ocr_par' dir='ltr' id='par_1_27' title="bbox 2059 1086 3654 1162">
     <span class='ocr_line' id='line_1_27' title="bbox 2059 1086 3654 1162; baseline -0.002 -19"><span class='ocrx_word' id='word_1_185' title='bbox 2059 1107 2196 1162; x_wconf 89' lang='grc' dir='ltr'>μονα</span> <span class='ocrx_word' id='word_1_186' title='bbox 2227 1086 2388 1155; x_wconf 72' lang='grc' dir='ltr'>εἶναι,</span> <span class='ocrx_word' id='word_1_187' title='bbox 2419 1086 2527 1156; x_wconf 83' lang='grc' dir='ltr'>ἴνα,</span> <span class='ocrx_word' id='word_1_188' title='bbox 2553 1089 2736 1154; x_wconf 87' lang='grc' dir='ltr'>καθὼς</span> <span class='ocrx_word' id='word_1_189' title='bbox 2762 1090 2926 1154; x_wconf 87' lang='grc' dir='ltr'>αὑτὸς</span> <span class='ocrx_word' id='word_1_190' title='bbox 2954 1089 3254 1161; x_wconf 81' lang='grc' dir='ltr'>οἰκτίρμων</span> <span class='ocrx_word' id='word_1_191' title='bbox 3277 1090 3371 1142; x_wconf 74' lang='grc' dir='ltr'><strong>καὶ</strong></span> <span class='ocrx_word' id='word_1_192' title='bbox 3396 1087 3654 1158; x_wconf 77' lang='grc' dir='ltr'><strong>ἐλεήμων</strong></span> 
     </span>
    </p>
   </div>
   <div class='ocr_carea' id='block_1_28' title="bbox 2056 1180 3657 1255">
    <p class='ocr_par' dir='ltr' id='par_1_28' title="bbox 2056 1180 3657 1255">
     <span class='ocr_line' id='line_1_28' title="bbox 2056 1180 3657 1255; baseline -0.003 -17"><span class='ocrx_word' id='word_1_193' title='bbox 2056 1184 2194 1250; x_wconf 76' lang='grc' dir='ltr'>ἐστὶ,</span> <span class='ocrx_word' id='word_1_194' title='bbox 2223 1183 2403 1249; x_wconf 84' lang='grc' dir='ltr'>οὑτως</span> <span class='ocrx_word' id='word_1_195' title='bbox 2434 1183 2529 1238; x_wconf 83' lang='grc' dir='ltr'>καὶ</span> <span class='ocrx_word' id='word_1_196' title='bbox 2561 1186 2724 1255; x_wconf 80' lang='grc' dir='ltr'><strong>ἡμεῖς</strong></span> <span class='ocrx_word' id='word_1_197' title='bbox 2764 1182 3224 1254; x_wconf 79' lang='grc' dir='ltr'>ὲξακολουθῶμεν“</span> <span class='ocrx_word' id='word_1_198' title='bbox 3251 1181 3422 1251; x_wconf 81' lang='grc' dir='ltr'>αὑτῷ.</span> <span class='ocrx_word' id='word_1_199' title='bbox 3466 1180 3657 1252; x_wconf 80' lang='grc' dir='ltr'>Πρᾶον</span> 
     </span>
    </p>
   </div>
   <div class='ocr_carea' id='block_1_29' title="bbox 2055 1273 3660 1349">
    <p class='ocr_par' dir='ltr' id='par_1_29' title="bbox 2055 1273 3660 1349">
     <span class='ocr_line' id='line_1_29' title="bbox 2055 1273 3660 1349; baseline -0.002 -17"><span class='ocrx_word' id='word_1_200' title='bbox 2055 1279 2150 1332; x_wconf 72' lang='grc' dir='ltr'>καὶ</span> <span class='ocrx_word' id='word_1_201' title='bbox 2189 1279 2412 1349; x_wconf 86' lang='grc' dir='ltr'>ἡσύχιον</span> <span class='ocrx_word' id='word_1_202' title='bbox 2462 1274 2629 1343; x_wconf 79' lang='grc' dir='ltr'>εἶναι,</span> <span class='ocrx_word' id='word_1_203' title='bbox 2683 1277 3023 1344; x_wconf 78' lang='grc' dir='ltr'>ἀνεξίκακον,</span> <span class='ocrx_word' id='word_1_204' title='bbox 3067 1276 3255 1348; x_wconf 78' lang='grc' dir='ltr'>μηδενὶ</span> <span class='ocrx_word' id='word_1_205' title='bbox 3306 1274 3478 1329; x_wconf 87' lang='grc' dir='ltr'>κακὸν</span> <span class='ocrx_word' id='word_1_206' title='bbox 3527 1273 3660 1328; x_wconf 75' lang='grc' dir='ltr'>ἀντὶ</span> 
     </span>
    </p>
   </div>
   <div class='ocr_carea' id='block_1_30' title="bbox 2055 1362 3660 1442">
    <p class='ocr_par' dir='ltr' id='par_1_30' title="bbox 2055 1362 3660 1442">
     <span class='ocr_line' id='line_1_30' title="bbox 2055 1362 3660 1442; baseline -0.004 -18"><span class='ocrx_word' id='word_1_207' title='bbox 2055 1371 2230 1424; x_wconf 85' lang='grc' dir='ltr'>κακοῦ</span> <span class='ocrx_word' id='word_1_208' title='bbox 2275 1370 2614 1434; x_wconf 86' lang='grc' dir='ltr'>ἀποδιδόντα,</span> <span class='ocrx_word' id='word_1_209' title='bbox 2657 1367 2867 1442; x_wconf 75' lang='grc' dir='ltr'>ὕϐρεων</span> <span class='ocrx_word' id='word_1_210' title='bbox 2901 1367 3113 1422; x_wconf 83' lang='grc' dir='ltr'>πολλῶν</span> <span class='ocrx_word' id='word_1_211' title='bbox 3136 1366 3480 1438; x_wconf 85' lang='grc' dir='ltr'>ἀνεχόμενον,</span> <span class='ocrx_word' id='word_1_212' title='bbox 3512 1362 3660 1417; x_wconf 83' lang='grc' dir='ltr'>καθ-</span> 
     </span>
    </p>
   </div>
   <div class='ocr_carea' id='block_1_31' title="bbox 2055 1454 3660 1532">
    <p class='ocr_par' dir='ltr' id='par_1_31' title="bbox 2055 1454 3660 1532">
     <span class='ocr_line' id='line_1_31' title="bbox 2055 1454 3660 1532; baseline -0.003 -17"><span class='ocrx_word' id='word_1_213' title='bbox 2055 1462 2133 1527; x_wconf 79' lang='grc' dir='ltr'>ὼς</span> <span class='ocrx_word' id='word_1_214' title='bbox 2161 1463 2256 1517; x_wconf 75' lang='grc' dir='ltr'>καὶ</span> <span class='ocrx_word' id='word_1_215' title='bbox 2292 1462 2458 1527; x_wconf 87' lang='grc' dir='ltr'>αὑτὸς</span> <span class='ocrx_word' id='word_1_216' title='bbox 2482 1461 2588 1516; x_wconf 86' lang='grc' dir='ltr'><strong>ὑπὸ</strong></span> <span class='ocrx_word' id='word_1_217' title='bbox 2628 1461 2737 1515; x_wconf 83' lang='grc' dir='ltr'><strong>τῶν</strong></span> <span class='ocrx_word' id='word_1_218' title='bbox 2778 1461 3049 1515; x_wconf 79' lang='grc' dir='ltr'>Ἰουδαίων</span> <span class='ocrx_word' id='word_1_219' title='bbox 3089 1458 3342 1532; x_wconf 87' lang='grc' dir='ltr'>ὑϐρίσθη,</span> <span class='ocrx_word' id='word_1_220' title='bbox 3379 1458 3475 1511; x_wconf 78' lang='grc' dir='ltr'><strong>καὶ</strong></span> <span class='ocrx_word' id='word_1_221' title='bbox 3513 1454 3660 1511; x_wconf 82' lang='grc' dir='ltr'>ὑπέ-</span> 
     </span>
    </p>
   </div>
   <div class='ocr_carea' id='block_1_32' title="bbox 2061 1545 3662 1626">
    <p class='ocr_par' dir='ltr' id='par_1_32' title="bbox 2061 1545 3662 1626">
     <span class='ocr_line' id='line_1_32' title="bbox 2061 1545 3662 1626; baseline -0.005 -19"><span class='ocrx_word' id='word_1_222' title='bbox 2061 1571 2233 1626; x_wconf 89' lang='grc' dir='ltr'>μεινε.</span> <span class='ocrx_word' id='word_1_223' title='bbox 2270 1552 2494 1625; x_wconf 88' lang='grc' dir='ltr'>Πληγάς</span> <span class='ocrx_word' id='word_1_224' title='bbox 2525 1553 2621 1607; x_wconf 78' lang='grc' dir='ltr'>καὶ</span> <span class='ocrx_word' id='word_1_225' title='bbox 2653 1552 2915 1624; x_wconf 84' lang='grc' dir='ltr'>βασάνους</span> <span class='ocrx_word' id='word_1_226' title='bbox 2944 1550 3272 1621; x_wconf 71' lang='grc' dir='ltr'>ὑποφέρεινο</span> <span class='ocrx_word' id='word_1_227' title='bbox 3296 1546 3523 1619; x_wconf 72' lang='grc' dir='ltr'>καὶγὰρ</span> <span class='ocrx_word' id='word_1_228' title='bbox 3554 1545 3662 1600; x_wconf 86' lang='grc' dir='ltr'>αὑ-</span> 
     </span>
    </p>
   </div>
   <div class='ocr_carea' id='block_1_33' title="bbox 2056 1635 3659 1717">
    <p class='ocr_par' dir='ltr' id='par_1_33' title="bbox 2056 1635 3659 1717">
     <span class='ocr_line' id='line_1_33' title="bbox 2056 1635 3659 1717; baseline -0.006 -17"><span class='ocrx_word' id='word_1_229' title='bbox 2056 1647 2151 1710; x_wconf 90' lang='grc' dir='ltr'><strong>τὸς</strong></span> <span class='ocrx_word' id='word_1_230' title='bbox 2182 1645 2353 1699; x_wconf 88' lang='grc' dir='ltr'>ταῦτα</span> <span class='ocrx_word' id='word_1_231' title='bbox 2380 1645 2550 1700; x_wconf 73' lang='grc' dir='ltr'>ἔπαθε</span> <span class='ocrx_word' id='word_1_232' title='bbox 2570 1663 2584 1676; x_wconf 90' lang='grc'><strong>·</strong></span> <span class='ocrx_word' id='word_1_233' title='bbox 2617 1644 2905 1717; x_wconf 73' lang='grc' dir='ltr'>ῥαπισθεὶς</span> <span class='ocrx_word' id='word_1_234' title='bbox 2934 1642 3045 1714; x_wconf 88' lang='grc' dir='ltr'>γὰρ</span> <span class='ocrx_word' id='word_1_235' title='bbox 3080 1641 3185 1695; x_wconf 86' lang='grc' dir='ltr'><strong>ὑπὸ</strong></span> <span class='ocrx_word' id='word_1_236' title='bbox 3221 1638 3317 1694; x_wconf 83' lang='grc' dir='ltr'><strong>τοῦ</strong></span> <span class='ocrx_word' id='word_1_237' title='bbox 3346 1639 3532 1692; x_wconf 87' lang='grc' dir='ltr'>δούλου</span> <span class='ocrx_word' id='word_1_238' title='bbox 3555 1635 3659 1693; x_wconf 84' lang='grc' dir='ltr'><strong>τοῦ</strong></span> 
     </span>
    </p>
   </div>
   <div class='ocr_carea' id='block_1_34' title="bbox 362 1729 1965 1810">
    <p class='ocr_par' dir='ltr' id='par_1_34' title="bbox 362 1732 1958 1800">
     <span class='ocr_line' id='line_1_34' title="bbox 362 1732 1958 1800; baseline -0.003 -8"><span class='ocrx_word' id='word_1_239' title='bbox 362 1736 503 1792; x_wconf 86' lang='lat' dir='ltr'><strong>nihil</strong></span> <span class='ocrx_word' id='word_1_240' title='bbox 531 1743 728 1790; x_wconf 88' lang='lat' dir='ltr'><strong>contra</strong></span> <span class='ocrx_word' id='word_1_241' title='bbox 758 1733 912 1800; x_wconf 88' lang='lat' dir='ltr'><strong>fecit,</strong></span> <span class='ocrx_word' id='word_1_242' title='bbox 948 1736 1045 1791; x_wconf 91' lang='lat' dir='ltr'><strong>sed</strong></span> <span class='ocrx_word' id='word_1_243' title='bbox 1086 1741 1301 1789; x_wconf 87' lang='lat' dir='ltr'><strong>tantum</strong></span> <span class='ocrx_word' id='word_1_244' title='bbox 1334 1734 1516 1790; x_wconf 74' lang='lat' dir='ltr'><strong>dixit:</strong></span> <span class='ocrx_word' id='word_1_245' title='bbox 1556 1752 1575 1786; x_wconf 80' lang='grc' dir='ltr'><strong>ι</strong></span> <span class='ocrx_word' id='word_1_246' title='bbox 1619 1732 1678 1789; x_wconf 90' lang='lat' dir='ltr'><strong>Si</strong></span> <span class='ocrx_word' id='word_1_247' title='bbox 1711 1735 1854 1789; x_wconf 89' lang='lat' dir='ltr'><strong>male</strong></span> <span class='ocrx_word' id='word_1_248' title='bbox 1877 1734 1958 1788; x_wconf 83' lang='lat' dir='ltr'><strong>Io-</strong></span> 
     </span>
    </p>
   </div>
   <div class='ocr_carea' id='block_1_35' title="bbox 2069 1729 3661 1810">
    <p class='ocr_par' dir='ltr' id='par_1_35' title="bbox 2069 1729 3661 1810">
     <span class='ocr_line' id='line_1_35' title="bbox 2069 1729 3661 1810; baseline -0.004 -18"><span class='ocrx_word' id='word_1_249' title='bbox 2069 1738 2383 1810; x_wconf 72' lang='grc' dir='ltr'>ἀρχιερέως,</span> <span class='ocrx_word' id='word_1_250' title='bbox 2418 1738 2571 1792; x_wconf 82' lang='grc' dir='ltr'>οὐδὲν</span> <span class='ocrx_word' id='word_1_251' title='bbox 2613 1737 2888 1809; x_wconf 79' lang='grc' dir='ltr'>ἐποίησεν,</span> <span class='ocrx_word' id='word_1_252' title='bbox 2924 1735 3060 1790; x_wconf 79' lang='grc' dir='ltr'>ἀλλὰ</span> <span class='ocrx_word' id='word_1_253' title='bbox 3096 1735 3255 1806; x_wconf 86' lang='grc' dir='ltr'>μόνον</span> <span class='ocrx_word' id='word_1_254' title='bbox 3295 1729 3446 1787; x_wconf 80' lang='grc' dir='ltr'>εἶπεν</span> <span class='ocrx_word' id='word_1_255' title='bbox 3471 1750 3485 1763; x_wconf 80' lang='lat'>&#39;</span> <span class='ocrx_word' id='word_1_256' title='bbox 3529 1751 3547 1785; x_wconf 78' lang='grc' dir='ltr'><strong>ι</strong></span> <span class='ocrx_word' id='word_1_257' title='bbox 3588 1732 3661 1787; x_wconf 77' lang='lat' dir='ltr'><strong>El</strong></span> 
     </span>
    </p>
   </div>
   <div class='ocr_carea' id='block_1_36' title="bbox 363 1826 1952 1899">
    <p class='ocr_par' dir='ltr' id='par_1_36' title="bbox 363 1826 1952 1899">
     <span class='ocr_line' id='line_1_36' title="bbox 363 1826 1952 1899; baseline -0.002 -15"><span class='ocrx_word' id='word_1_258' title='bbox 363 1839 527 1884; x_wconf 91' lang='lat' dir='ltr'><strong>cutus</strong></span> <span class='ocrx_word' id='word_1_259' title='bbox 555 1843 701 1893; x_wconf 90' lang='lat' dir='ltr'><strong>sum,</strong></span> <span class='ocrx_word' id='word_1_260' title='bbox 729 1828 1109 1883; x_wconf 91' lang='lat' dir='ltr'><strong>testimonium</strong></span> <span class='ocrx_word' id='word_1_261' title='bbox 1138 1828 1366 1899; x_wconf 86' lang='lat' dir='ltr'><strong>perhibe</strong></span> <span class='ocrx_word' id='word_1_262' title='bbox 1394 1826 1462 1882; x_wconf 89' lang='lat' dir='ltr'><strong>de</strong></span> <span class='ocrx_word' id='word_1_263' title='bbox 1481 1828 1626 1882; x_wconf 90' lang='lat' dir='ltr'><strong>malo</strong></span> <span class='ocrx_word' id='word_1_264' title='bbox 1653 1847 1667 1883; x_wconf 89' lang='lat'><strong>:</strong></span> <span class='ocrx_word' id='word_1_265' title='bbox 1694 1827 1742 1884; x_wconf 87' lang='lat' dir='ltr'><strong>si</strong></span> <span class='ocrx_word' id='word_1_266' title='bbox 1772 1836 1952 1883; x_wconf 89' lang='lat' dir='ltr'><strong>autem</strong></span> 
     </span>
    </p>
   </div>
   <div class='ocr_carea' id='block_1_37' title="bbox 363 1917 1959 1990">
    <p class='ocr_par' dir='ltr' id='par_1_37' title="bbox 363 1917 1959 1990">
     <span class='ocr_line' id='line_1_37' title="bbox 363 1917 1959 1990; baseline 0 -16"><span class='ocrx_word' id='word_1_267' title='bbox 363 1917 527 1984; x_wconf 84' lang='lat' dir='ltr'><strong>bene,</strong></span> <span class='ocrx_word' id='word_1_268' title='bbox 570 1918 702 1990; x_wconf 90' lang='lat' dir='ltr'><strong>quid</strong></span> <span class='ocrx_word' id='word_1_269' title='bbox 740 1935 828 1974; x_wconf 91' lang='lat' dir='ltr'><strong>me</strong></span> <span class='ocrx_word' id='word_1_270' title='bbox 865 1918 1135 1975; x_wconf 66' lang='lat' dir='ltr'><strong>caedis?“</strong></span> <span class='ocrx_word' id='word_1_271' title='bbox 1164 1939 1182 1971; x_wconf 72' lang='grc' dir='ltr'><strong>ι</strong></span> <span class='ocrx_word' id='word_1_272' title='bbox 1215 1917 1409 1974; x_wconf 86' lang='lat' dir='ltr'><strong>Nonne</strong></span> <span class='ocrx_word' id='word_1_273' title='bbox 1439 1920 1636 1989; x_wconf 88' lang='lat' dir='ltr'><strong>potuit,</strong></span> <span class='ocrx_word' id='word_1_274' title='bbox 1670 1919 1764 1990; x_wconf 92' lang='lat' dir='ltr'><strong>qui</strong></span> <span class='ocrx_word' id='word_1_275' title='bbox 1796 1927 1959 1974; x_wconf 70' lang='lat' dir='ltr'><strong>terra:</strong></span> 
     </span>
    </p>
   </div>
   <div class='ocr_carea' id='block_1_38' title="bbox 364 2010 1950 2082">
    <p class='ocr_par' dir='ltr' id='par_1_38' title="bbox 364 2010 1950 2082">
     <span class='ocr_line' id='line_1_38' title="bbox 364 2010 1950 2082; baseline 0 -15"><span class='ocrx_word' id='word_1_276' title='bbox 364 2010 676 2082; x_wconf 86' lang='lat' dir='ltr'><strong>imperavit,</strong></span> <span class='ocrx_word' id='word_1_277' title='bbox 725 2019 785 2065; x_wconf 91' lang='lat' dir='ltr'><strong>ut</strong></span> <span class='ocrx_word' id='word_1_278' title='bbox 822 2010 1033 2066; x_wconf 89' lang='lat' dir='ltr'><strong>Dathan</strong></span> <span class='ocrx_word' id='word_1_279' title='bbox 1090 2017 1145 2066; x_wconf 90' lang='lat' dir='ltr'><strong>el.</strong></span> <span class='ocrx_word' id='word_1_280' title='bbox 1188 2011 1397 2065; x_wconf 88' lang='lat' dir='ltr'><strong>Ahiron</strong></span> <span class='ocrx_word' id='word_1_281' title='bbox 1436 2012 1590 2067; x_wconf 85' lang='lat' dir='ltr'><strong>vivos</strong></span> <span class='ocrx_word' id='word_1_282' title='bbox 1637 2011 1950 2082; x_wconf 84' lang='lat' dir='ltr'><strong>deglutiret,</strong></span> 
     </span>
    </p>
   </div>
   <div class='ocr_carea' id='block_1_39' title="bbox 364 2103 1960 2175">
    <p class='ocr_par' dir='ltr' id='par_1_39' title="bbox 364 2103 1960 2175">
     <span class='ocr_line' id='line_1_39' title="bbox 364 2103 1960 2175; baseline 0.001 -18"><span class='ocrx_word' id='word_1_283' title='bbox 364 2117 587 2158; x_wconf 84' lang='lat' dir='ltr'><strong>rursum</strong></span> <span class='ocrx_word' id='word_1_284' title='bbox 614 2103 909 2174; x_wconf 82' lang='lat' dir='ltr'><strong>imperare,</strong></span> <span class='ocrx_word' id='word_1_285' title='bbox 945 2111 1006 2157; x_wconf 89' lang='lat' dir='ltr'><strong>ut</strong></span> <span class='ocrx_word' id='word_1_286' title='bbox 1037 2118 1186 2168; x_wconf 90' lang='lat' dir='ltr'><strong>eum,</strong></span> <span class='ocrx_word' id='word_1_287' title='bbox 1221 2104 1314 2175; x_wconf 91' lang='lat' dir='ltr'><strong>qui</strong></span> <span class='ocrx_word' id='word_1_288' title='bbox 1349 2118 1571 2158; x_wconf 89' lang='lat' dir='ltr'><strong>manum</strong></span> <span class='ocrx_word' id='word_1_289' title='bbox 1605 2104 1872 2169; x_wconf 81' lang='lat' dir='ltr'><strong>extendit,</strong></span> <span class='ocrx_word' id='word_1_290' title='bbox 1897 2113 1960 2159; x_wconf 92' lang='lat' dir='ltr'><strong>ut</strong></span> 
     </span>
    </p>
   </div>
   <div class='ocr_carea' id='block_1_40' title="bbox 367 2192 1961 2265">
    <p class='ocr_par' dir='ltr' id='par_1_40' title="bbox 367 2192 1961 2265">
     <span class='ocr_line' id='line_1_40' title="bbox 367 2192 1961 2265; baseline -0.001 -15"><span class='ocrx_word' id='word_1_291' title='bbox 367 2195 604 2250; x_wconf 78' lang='lat' dir='ltr'><strong>caederet</strong></span> <span class='ocrx_word' id='word_1_292' title='bbox 649 2209 811 2249; x_wconf 90' lang='lat' dir='ltr'><strong>suum</strong></span> <span class='ocrx_word' id='word_1_293' title='bbox 843 2193 1210 2259; x_wconf 87' lang='lat' dir='ltr'><strong>conditorem,</strong></span> <span class='ocrx_word' id='word_1_294' title='bbox 1260 2195 1441 2248; x_wconf 88' lang='lat' dir='ltr'><strong>vivqu</strong></span> <span class='ocrx_word' id='word_1_295' title='bbox 1474 2193 1808 2265; x_wconf 83' lang='lat' dir='ltr'><strong>deglutiret?</strong></span> <span class='ocrx_word' id='word_1_296' title='bbox 1851 2192 1961 2248; x_wconf 89' lang='lat' dir='ltr'><strong>Sed</strong></span> 
     </span>
    </p>
   </div>
   <div class='ocr_carea' id='block_1_41' title="bbox 366 2285 1963 2357">
    <p class='ocr_par' dir='ltr' id='par_1_41' title="bbox 366 2285 1963 2357">
     <span class='ocr_line' id='line_1_41' title="bbox 366 2285 1963 2357; baseline -0.002 -13"><span class='ocrx_word' id='word_1_297' title='bbox 366 2285 660 2353; x_wconf 83' lang='lat' dir='ltr'><strong>sustinuit,</strong></span> <span class='ocrx_word' id='word_1_298' title='bbox 693 2286 856 2342; x_wconf 87' lang='lat' dir='ltr'><strong>nobis</strong></span> <span class='ocrx_word' id='word_1_299' title='bbox 897 2286 1220 2357; x_wconf 87' lang='lat' dir='ltr'><strong>relinquens</strong></span> <span class='ocrx_word' id='word_1_300' title='bbox 1251 2286 1586 2357; x_wconf 83' lang='lat' dir='ltr'><strong>exemplum,</strong></span> <span class='ocrx_word' id='word_1_301' title='bbox 1624 2294 1686 2341; x_wconf 91' lang='lat' dir='ltr'><strong>ut</strong></span> <span class='ocrx_word' id='word_1_302' title='bbox 1730 2301 1833 2343; x_wconf 89' lang='lat' dir='ltr'><strong>nos</strong></span> <span class='ocrx_word' id='word_1_303' title='bbox 1864 2302 1963 2357; x_wconf 87' lang='lat' dir='ltr'><strong>per</strong></span> 
     </span>
    </p>
   </div>
   <div class='ocr_carea' id='block_1_42' title="bbox 363 2379 1962 2452">
    <p class='ocr_par' dir='ltr' id='par_1_42' title="bbox 363 2379 1962 2452">
     <span class='ocr_line' id='line_1_42' title="bbox 363 2379 1962 2452; baseline -0.001 -16"><span class='ocrx_word' id='word_1_304' title='bbox 363 2380 490 2452; x_wconf 87' lang='lat' dir='ltr'><strong>ejus</strong></span> <span class='ocrx_word' id='word_1_305' title='bbox 535 2381 769 2452; x_wconf 88' lang='lat' dir='ltr'><strong>vestigia</strong></span> <span class='ocrx_word' id='word_1_306' title='bbox 822 2380 1143 2437; x_wconf 86' lang='lat' dir='ltr'><strong>incedamus</strong></span> <span class='ocrx_word' id='word_1_307' title='bbox 1161 2380 1231 2436; x_wconf 78' lang='lat'><strong>&quot;.</strong></span> <span class='ocrx_word' id='word_1_308' title='bbox 1273 2379 1356 2435; x_wconf 93' lang='lat' dir='ltr'><strong>Tu</strong></span> <span class='ocrx_word' id='word_1_309' title='bbox 1405 2388 1587 2435; x_wconf 89' lang='lat' dir='ltr'><strong>autem</strong></span> <span class='ocrx_word' id='word_1_310' title='bbox 1632 2380 1801 2436; x_wconf 89' lang='lat' dir='ltr'><strong>homo</strong></span> <span class='ocrx_word' id='word_1_311' title='bbox 1849 2397 1962 2437; x_wconf 88' lang='lat' dir='ltr'><strong>non</strong></span> 
     </span>
    </p>
   </div>
   <div class='ocr_carea' id='block_1_43' title="bbox 364 2473 1963 2544">
    <p class='ocr_par' dir='ltr' id='par_1_43' title="bbox 364 2473 1963 2544">
     <span class='ocr_line' id='line_1_43' title="bbox 364 2473 1963 2544; baseline 0 -13"><span class='ocrx_word' id='word_1_312' title='bbox 364 2473 612 2531; x_wconf 86' lang='lat' dir='ltr'><strong>sustines</strong></span> <span class='ocrx_word' id='word_1_313' title='bbox 662 2474 733 2528; x_wconf 88' lang='lat' dir='ltr'><strong>ab</strong></span> <span class='ocrx_word' id='word_1_314' title='bbox 774 2473 1025 2544; x_wconf 82' lang='lat' dir='ltr'><strong>ejusdem</strong></span> <span class='ocrx_word' id='word_1_315' title='bbox 1075 2481 1293 2529; x_wconf 69' lang='lat' dir='ltr'><strong>natura:</strong></span> <span class='ocrx_word' id='word_1_316' title='bbox 1336 2473 1560 2529; x_wconf 89' lang='lat' dir='ltr'><strong>homine</strong></span> <span class='ocrx_word' id='word_1_317' title='bbox 1609 2474 1963 2531; x_wconf 90' lang='lat' dir='ltr'><strong>contumeliis</strong></span> 
     </span>
    </p>
   </div>
   <div class='ocr_carea' id='block_1_44' title="bbox 365 2565 1962 2634">
    <p class='ocr_par' dir='ltr' id='par_1_44' title="bbox 365 2565 1962 2634">
     <span class='ocr_line' id='line_1_44' title="bbox 365 2565 1962 2634; baseline 0.001 -12"><span class='ocrx_word' id='word_1_318' title='bbox 365 2565 529 2623; x_wconf 82' lang='lat' dir='ltr'><strong>allici.</strong></span> <span class='ocrx_word' id='word_1_319' title='bbox 577 2566 798 2624; x_wconf 88' lang='lat' dir='ltr'><strong>Imitare</strong></span> <span class='ocrx_word' id='word_1_320' title='bbox 849 2567 1141 2624; x_wconf 90' lang='lat' dir='ltr'><strong>Dominum</strong></span> <span class='ocrx_word' id='word_1_321' title='bbox 1171 2577 1347 2623; x_wconf 89' lang='lat' dir='ltr'><strong>tuum.</strong></span> <span class='ocrx_word' id='word_1_322' title='bbox 1384 2569 1444 2624; x_wconf 89' lang='lat' dir='ltr'><strong>Si</strong></span> <span class='ocrx_word' id='word_1_323' title='bbox 1487 2568 1633 2623; x_wconf 91' lang='lat' dir='ltr'><strong>enim</strong></span> <span class='ocrx_word' id='word_1_324' title='bbox 1675 2568 1788 2634; x_wconf 86' lang='lat' dir='ltr'><strong>ille,</strong></span> <span class='ocrx_word' id='word_1_325' title='bbox 1834 2584 1962 2624; x_wconf 90' lang='lat' dir='ltr'><strong>cum</strong></span> 
     </span>
    </p>
   </div>
   <div class='ocr_carea' id='block_1_45' title="bbox 364 2656 1964 2731">
    <p class='ocr_par' dir='ltr' id='par_1_45' title="bbox 364 2656 1964 2731">
     <span class='ocr_line' id='line_1_45' title="bbox 364 2656 1964 2731; baseline -0.001 -17"><span class='ocrx_word' id='word_1_326' title='bbox 364 2656 513 2716; x_wconf 84' lang='lat' dir='ltr'><strong>Deus</strong></span> <span class='ocrx_word' id='word_1_327' title='bbox 543 2667 712 2725; x_wconf 87' lang='lat' dir='ltr'><strong>esset,</strong></span> <span class='ocrx_word' id='word_1_328' title='bbox 750 2660 1004 2716; x_wconf 83' lang='lat' dir='ltr'><strong>toleravit</strong></span> <span class='ocrx_word' id='word_1_329' title='bbox 1052 2669 1277 2731; x_wconf 90' lang='lat' dir='ltr'><strong>propter</strong></span> <span class='ocrx_word' id='word_1_330' title='bbox 1310 2670 1363 2716; x_wconf 91' lang='lat' dir='ltr'><strong>te</strong></span> <span class='ocrx_word' id='word_1_331' title='bbox 1407 2661 1477 2715; x_wconf 90' lang='lat' dir='ltr'><strong>ab</strong></span> <span class='ocrx_word' id='word_1_332' title='bbox 1505 2659 1730 2715; x_wconf 86' lang='lat' dir='ltr'><strong>homine</strong></span> <span class='ocrx_word' id='word_1_333' title='bbox 1764 2673 1964 2730; x_wconf 87' lang='lat' dir='ltr'><strong>pecca-</strong></span> 
     </span>
    </p>
   </div>
   <div class='ocr_carea' id='block_1_46' title="bbox 366 2750 1963 2824">
    <p class='ocr_par' dir='ltr' id='par_1_46' title="bbox 366 2750 1963 2824">
     <span class='ocr_line' id='line_1_46' title="bbox 366 2750 1963 2824; baseline -0.001 -18"><span class='ocrx_word' id='word_1_334' title='bbox 366 2759 491 2808; x_wconf 88' lang='lat' dir='ltr'><strong>tore</strong></span> <span class='ocrx_word' id='word_1_335' title='bbox 537 2754 788 2824; x_wconf 85' lang='lat' dir='ltr'><strong>colaphis</strong></span> <span class='ocrx_word' id='word_1_336' title='bbox 837 2752 1011 2819; x_wconf 65' lang='lat' dir='ltr'><strong>caedi;</strong></span> <span class='ocrx_word' id='word_1_337' title='bbox 1059 2761 1117 2807; x_wconf 90' lang='lat' dir='ltr'><strong>tu</strong></span> <span class='ocrx_word' id='word_1_338' title='bbox 1168 2753 1385 2809; x_wconf 88' lang='lat' dir='ltr'><strong>scilicet</strong></span> <span class='ocrx_word' id='word_1_339' title='bbox 1446 2752 1775 2823; x_wconf 83' lang='lat' dir='ltr'><strong>indignaris,</strong></span> <span class='ocrx_word' id='word_1_340' title='bbox 1815 2750 1963 2821; x_wconf 91' lang='lat' dir='ltr'><strong>quod</strong></span> 
     </span>
    </p>
   </div>
   <div class='ocr_carea' id='block_1_47' title="bbox 367 2845 1962 2917">
    <p class='ocr_par' dir='ltr' id='par_1_47' title="bbox 367 2845 1962 2917">
     <span class='ocr_line' id='line_1_47' title="bbox 367 2845 1962 2917; baseline -0.003 -15"><span class='ocrx_word' id='word_1_341' title='bbox 367 2847 536 2903; x_wconf 88' lang='lat' dir='ltr'><strong>homo</strong></span> <span class='ocrx_word' id='word_1_342' title='bbox 569 2847 767 2903; x_wconf 88' lang='lat' dir='ltr'><strong>similis</strong></span> <span class='ocrx_word' id='word_1_343' title='bbox 809 2847 908 2901; x_wconf 88' lang='lat' dir='ltr'><strong>tibi</strong></span> <span class='ocrx_word' id='word_1_344' title='bbox 948 2847 1258 2900; x_wconf 84' lang='lat' dir='ltr'><strong>convicium</strong></span> <span class='ocrx_word' id='word_1_345' title='bbox 1305 2845 1460 2914; x_wconf 88' lang='lat' dir='ltr'><strong>dicit,</strong></span> <span class='ocrx_word' id='word_1_346' title='bbox 1494 2856 1550 2901; x_wconf 88' lang='lat' dir='ltr'><strong>et</strong></span> <span class='ocrx_word' id='word_1_347' title='bbox 1596 2860 1757 2917; x_wconf 85' lang='lat' dir='ltr'><strong>paras</strong></span> <span class='ocrx_word' id='word_1_348' title='bbox 1796 2846 1962 2900; x_wconf 88' lang='lat' dir='ltr'><strong>ultio-</strong></span> 
     </span>
    </p>
   </div>
   <div class='ocr_carea' id='block_1_48' title="bbox 369 2937 1963 3003">
    <p class='ocr_par' dir='ltr' id='par_1_48' title="bbox 369 2937 1963 3003">
     <span class='ocr_line' id='line_1_48' title="bbox 369 2937 1963 3003; baseline -0.005 -5"><span class='ocrx_word' id='word_1_349' title='bbox 369 2941 533 2998; x_wconf 88' lang='lat' dir='ltr'><strong>nem?</strong></span> <span class='ocrx_word' id='word_1_350' title='bbox 563 2939 711 2996; x_wconf 86' lang='lat' dir='ltr'><strong>Proh</strong></span> <span class='ocrx_word' id='word_1_351' title='bbox 744 2941 1072 2995; x_wconf 88' lang='lat' dir='ltr'><strong>immensam</strong></span> <span class='ocrx_word' id='word_1_352' title='bbox 1096 2939 1265 2993; x_wconf 91' lang='lat' dir='ltr'><strong>animi</strong></span> <span class='ocrx_word' id='word_1_353' title='bbox 1289 2939 1673 3003; x_wconf 88' lang='lat' dir='ltr'><strong>stoliditatem,</strong></span> <span class='ocrx_word' id='word_1_354' title='bbox 1695 2945 1751 2994; x_wconf 91' lang='lat' dir='ltr'><strong>et</strong></span> <span class='ocrx_word' id='word_1_355' title='bbox 1780 2937 1963 2992; x_wconf 88' lang='lat' dir='ltr'><strong>stulti-</strong></span> 
     </span>
    </p>
   </div>
   <div class='ocr_carea' id='block_1_49' title="bbox 371 3028 2039 3130">
    <p class='ocr_par' dir='ltr' id='par_1_49' title="bbox 371 3028 2039 3130">
     <span class='ocr_line' id='line_1_49' title="bbox 371 3028 2039 3130; baseline -0.004 -43"><span class='ocrx_word' id='word_1_356' title='bbox 371 3032 508 3087; x_wconf 91' lang='lat' dir='ltr'><strong>tiam</strong></span> <span class='ocrx_word' id='word_1_357' title='bbox 550 3033 838 3102; x_wconf 83' lang='lat' dir='ltr'><strong>magnam!</strong></span> <span class='ocrx_word' id='word_1_358' title='bbox 873 3030 999 3086; x_wconf 88' lang='lat' dir='ltr'><strong>Ideo</strong></span> <span class='ocrx_word' id='word_1_359' title='bbox 1045 3030 1208 3086; x_wconf 86' lang='lat' dir='ltr'><strong>nobis</strong></span> <span class='ocrx_word' id='word_1_360' title='bbox 1249 3043 1414 3100; x_wconf 75' lang='lat' dir='ltr'><strong>pmua</strong></span> <span class='ocrx_word' id='word_1_361' title='bbox 1446 3028 1720 3085; x_wconf 89' lang='lat' dir='ltr'><strong>destinata</strong></span> <span class='ocrx_word' id='word_1_362' title='bbox 1751 3037 1861 3093; x_wconf 89' lang='lat' dir='ltr'><strong>est,</strong></span> <span class='ocrx_word' id='word_1_363' title='bbox 1896 3036 1953 3084; x_wconf 88' lang='lat' dir='ltr'><strong>et</strong></span> <span class='ocrx_word' id='word_1_364' title='bbox 1995 3070 2039 3130; x_wconf 79' lang='lat' dir='ltr'><strong>C</strong></span> 
     </span>
    </p>
   </div>
   <div class='ocr_carea' id='block_1_50' title="bbox 370 3119 1968 3194">
    <p class='ocr_par' dir='ltr' id='par_1_50' title="bbox 370 3119 1968 3194">
     <span class='ocr_line' id='line_1_50' title="bbox 370 3119 1968 3194; baseline -0.004 -14"><span class='ocrx_word' id='word_1_365' title='bbox 370 3124 554 3193; x_wconf 88' lang='lat' dir='ltr'><strong>ignem</strong></span> <span class='ocrx_word' id='word_1_366' title='bbox 594 3123 701 3194; x_wconf 90' lang='lat' dir='ltr'><strong>ipsi</strong></span> <span class='ocrx_word' id='word_1_367' title='bbox 732 3123 894 3179; x_wconf 80' lang='lat' dir='ltr'><strong>nobis</strong></span> <span class='ocrx_word' id='word_1_368' title='bbox 921 3121 1302 3190; x_wconf 90' lang='lat' dir='ltr'><strong>accendimus,</strong></span> <span class='ocrx_word' id='word_1_369' title='bbox 1337 3120 1485 3191; x_wconf 91' lang='lat' dir='ltr'><strong>quod</strong></span> <span class='ocrx_word' id='word_1_370' title='bbox 1518 3136 1643 3176; x_wconf 90' lang='lat' dir='ltr'><strong>cum</strong></span> <span class='ocrx_word' id='word_1_371' title='bbox 1669 3119 1968 3175; x_wconf 86' lang='lat' dir='ltr'><strong>rationales</strong></span> 
     </span>
    </p>
   </div>
   <div class='ocr_carea' id='block_1_51' title="bbox 373 3212 1969 3284">
    <p class='ocr_par' dir='ltr' id='par_1_51' title="bbox 373 3212 1969 3284">
     <span class='ocr_line' id='line_1_51' title="bbox 373 3212 1969 3284; baseline -0.002 -14"><span class='ocrx_word' id='word_1_372' title='bbox 373 3215 571 3282; x_wconf 90' lang='lat' dir='ltr'><strong>simus,</strong></span> <span class='ocrx_word' id='word_1_373' title='bbox 604 3214 1020 3269; x_wconf 87' lang='lat' dir='ltr'><strong>irrationalibus</strong></span> <span class='ocrx_word' id='word_1_374' title='bbox 1075 3213 1271 3268; x_wconf 89' lang='lat' dir='ltr'><strong>bestiis</strong></span> <span class='ocrx_word' id='word_1_375' title='bbox 1315 3228 1420 3268; x_wconf 90' lang='lat' dir='ltr'><strong>nos</strong></span> <span class='ocrx_word' id='word_1_376' title='bbox 1450 3213 1564 3284; x_wconf 79' lang='lat'><strong>86</strong></span> <span class='ocrx_word' id='word_1_377' title='bbox 1589 3212 1801 3267; x_wconf 88' lang='lat' dir='ltr'><strong>similes</strong></span> <span class='ocrx_word' id='word_1_378' title='bbox 1842 3212 1969 3267; x_wconf 89' lang='lat' dir='ltr'><strong>red-</strong></span> 
     </span>
    </p>
   </div>
   <div class='ocr_carea' id='block_1_52' title="bbox 374 3302 1969 3362">
    <p class='ocr_par' dir='ltr' id='par_1_52' title="bbox 374 3302 1969 3362">
     <span class='ocr_line' id='line_1_52' title="bbox 374 3302 1969 3362; baseline -0.001 -1"><span class='ocrx_word' id='word_1_379' title='bbox 374 3306 592 3362; x_wconf 89' lang='lat' dir='ltr'><strong>damus.</strong></span> <span class='ocrx_word' id='word_1_380' title='bbox 626 3305 688 3360; x_wconf 90' lang='lat' dir='ltr'><strong>In</strong></span> <span class='ocrx_word' id='word_1_381' title='bbox 728 3307 904 3360; x_wconf 90' lang='lat' dir='ltr'><strong>multa</strong></span> <span class='ocrx_word' id='word_1_382' title='bbox 948 3305 1259 3360; x_wconf 88' lang='lat' dir='ltr'><strong>humilitate</strong></span> <span class='ocrx_word' id='word_1_383' title='bbox 1289 3303 1346 3358; x_wconf 92' lang='lat' dir='ltr'><strong>in</strong></span> <span class='ocrx_word' id='word_1_384' title='bbox 1385 3304 1537 3359; x_wconf 89' lang='lat' dir='ltr'><strong>hunc</strong></span> <span class='ocrx_word' id='word_1_385' title='bbox 1572 3302 1839 3357; x_wconf 89' lang='lat' dir='ltr'><strong>mundum</strong></span> <span class='ocrx_word' id='word_1_386' title='bbox 1874 3318 1969 3359; x_wconf 79' lang='lat' dir='ltr'><strong>ve-</strong></span> 
     </span>
    </p>
   </div>
   <div class='ocr_carea' id='block_1_53' title="bbox 374 3396 1972 3470">
    <p class='ocr_par' dir='ltr' id='par_1_53' title="bbox 374 3396 1972 3470">
     <span class='ocr_line' id='line_1_53' title="bbox 374 3396 1972 3470; baseline -0.003 -17"><span class='ocrx_word' id='word_1_387' title='bbox 374 3398 501 3454; x_wconf 87' lang='lat' dir='ltr'><strong>nit:</strong></span> <span class='ocrx_word' id='word_1_388' title='bbox 531 3406 586 3453; x_wconf 92' lang='lat' dir='ltr'><strong>et</strong></span> <span class='ocrx_word' id='word_1_389' title='bbox 611 3399 911 3470; x_wconf 86' lang='lat' dir='ltr'><strong>epulentus</strong></span> <span class='ocrx_word' id='word_1_390' title='bbox 934 3413 1061 3451; x_wconf 90' lang='lat' dir='ltr'><strong>cum</strong></span> <span class='ocrx_word' id='word_1_391' title='bbox 1085 3404 1255 3461; x_wconf 85' lang='lat' dir='ltr'><strong>esset,</strong></span> <span class='ocrx_word' id='word_1_392' title='bbox 1284 3412 1491 3467; x_wconf 83' lang='lat' dir='ltr'><strong>egenus</strong></span> <span class='ocrx_word' id='word_1_393' title='bbox 1521 3396 1701 3451; x_wconf 79' lang='lat' dir='ltr'><strong>factus</strong></span> <span class='ocrx_word' id='word_1_394' title='bbox 1736 3402 1821 3450; x_wconf 91' lang='lat' dir='ltr'><strong>est</strong></span> <span class='ocrx_word' id='word_1_395' title='bbox 1842 3409 1972 3465; x_wconf 87' lang='lat' dir='ltr'><strong>pro-</strong></span> 
     </span>
    </p>
   </div>
   <div class='ocr_carea' id='block_1_54' title="bbox 378 3483 1973 3562">
    <p class='ocr_par' dir='ltr' id='par_1_54' title="bbox 378 3483 1973 3562">
     <span class='ocr_line' id='line_1_54' title="bbox 378 3483 1973 3562; baseline -0.003 -20"><span class='ocrx_word' id='word_1_396' title='bbox 378 3501 503 3562; x_wconf 87' lang='lat' dir='ltr'><strong>pter</strong></span> <span class='ocrx_word' id='word_1_397' title='bbox 531 3505 655 3553; x_wconf 86' lang='lat' dir='ltr'><strong>nos,</strong></span> <span class='ocrx_word' id='word_1_398' title='bbox 715 3497 778 3545; x_wconf 92' lang='lat' dir='ltr'><strong>ut</strong></span> <span class='ocrx_word' id='word_1_399' title='bbox 812 3505 916 3545; x_wconf 89' lang='lat' dir='ltr'><strong>nos</strong></span> <span class='ocrx_word' id='word_1_400' title='bbox 967 3489 1117 3544; x_wconf 89' lang='lat' dir='ltr'><strong>illius</strong></span> <span class='ocrx_word' id='word_1_401' title='bbox 1149 3495 1394 3559; x_wconf 81' lang='lat' dir='ltr'><strong>egestate</strong></span> <span class='ocrx_word' id='word_1_402' title='bbox 1437 3487 1860 3542; x_wconf 89' lang='lat' dir='ltr'><strong>ditesceremus.</strong></span> <span class='ocrx_word' id='word_1_403' title='bbox 1905 3483 1973 3539; x_wconf 87' lang='lat' dir='ltr'><strong>Et</strong></span> 
     </span>
    </p>
   </div>
   <div class='ocr_carea' id='block_1_55' title="bbox 380 3582 1974 3650">
    <p class='ocr_par' dir='ltr' id='par_1_55' title="bbox 380 3582 1974 3650">
     <span class='ocr_line' id='line_1_55' title="bbox 380 3582 1974 3650; baseline -0.004 -13"><span class='ocrx_word' id='word_1_404' title='bbox 380 3582 529 3639; x_wconf 91' lang='lat' dir='ltr'><strong>Deus</strong></span> <span class='ocrx_word' id='word_1_405' title='bbox 560 3598 687 3638; x_wconf 90' lang='lat' dir='ltr'><strong>cum</strong></span> <span class='ocrx_word' id='word_1_406' title='bbox 731 3591 901 3648; x_wconf 87' lang='lat' dir='ltr'><strong>esset,</strong></span> <span class='ocrx_word' id='word_1_407' title='bbox 940 3583 1109 3637; x_wconf 92' lang='lat' dir='ltr'><strong>homo</strong></span> <span class='ocrx_word' id='word_1_408' title='bbox 1144 3582 1322 3637; x_wconf 85' lang='lat' dir='ltr'><strong>factus</strong></span> <span class='ocrx_word' id='word_1_409' title='bbox 1369 3588 1454 3637; x_wconf 87' lang='lat' dir='ltr'><strong>est</strong></span> <span class='ocrx_word' id='word_1_410' title='bbox 1496 3588 1722 3650; x_wconf 79' lang='lat' dir='ltr'><strong>propter</strong></span> <span class='ocrx_word' id='word_1_411' title='bbox 1754 3594 1878 3644; x_wconf 89' lang='lat' dir='ltr'><strong>nos,</strong></span> <span class='ocrx_word' id='word_1_412' title='bbox 1917 3583 1974 3632; x_wconf 90' lang='lat' dir='ltr'><strong>et</strong></span> 
     </span>
    </p>
   </div>
   <div class='ocr_carea' id='block_1_56' title="bbox 379 3673 1974 3748">
    <p class='ocr_par' dir='ltr' id='par_1_56' title="bbox 379 3673 1974 3748">
     <span class='ocr_line' id='line_1_56' title="bbox 379 3673 1974 3748; baseline -0.004 -15"><span class='ocrx_word' id='word_1_413' title='bbox 379 3685 546 3733; x_wconf 91' lang='lat' dir='ltr'><strong>natus</strong></span> <span class='ocrx_word' id='word_1_414' title='bbox 582 3685 668 3734; x_wconf 87' lang='lat' dir='ltr'><strong>est</strong></span> <span class='ocrx_word' id='word_1_415' title='bbox 698 3692 763 3732; x_wconf 81' lang='lat' dir='ltr'><strong>ex</strong></span> <span class='ocrx_word' id='word_1_416' title='bbox 795 3676 1031 3748; x_wconf 89' lang='lat' dir='ltr'><strong>Deipara</strong></span> <span class='ocrx_word' id='word_1_417' title='bbox 1063 3674 1260 3743; x_wconf 86' lang='lat' dir='ltr'><strong>Maria,</strong></span> <span class='ocrx_word' id='word_1_418' title='bbox 1285 3683 1347 3731; x_wconf 93' lang='lat' dir='ltr'><strong>ut</strong></span> <span class='ocrx_word' id='word_1_419' title='bbox 1375 3684 1486 3730; x_wconf 85' lang='lat' dir='ltr'><strong>nos</strong></span> <span class='ocrx_word' id='word_1_420' title='bbox 1516 3673 1776 3728; x_wconf 88' lang='lat' dir='ltr'><strong>liberaret</strong></span> <span class='ocrx_word' id='word_1_421' title='bbox 1807 3686 1839 3725; x_wconf 88' lang='lat' dir='ltr'><strong>a</strong></span> <span class='ocrx_word' id='word_1_422' title='bbox 1873 3685 1974 3743; x_wconf 88' lang='lat' dir='ltr'><strong>po-</strong></span> 
     </span>
    </p>
   </div>
   <div class='ocr_carea' id='block_1_57' title="bbox 378 3769 813 3826">
    <p class='ocr_par' dir='ltr' id='par_1_57' title="bbox 378 3769 813 3826">
     <span class='ocr_line' id='line_1_57' title="bbox 378 3769 813 3826; baseline -0.005 0"><span class='ocrx_word' id='word_1_423' title='bbox 378 3772 553 3826; x_wconf 85' lang='lat' dir='ltr'><strong>tentia</strong></span> <span class='ocrx_word' id='word_1_424' title='bbox 586 3769 813 3824; x_wconf 88' lang='lat' dir='ltr'><strong>diaboli.</strong></span> 
     </span>
    </p>
   </div>
   <div class='ocr_carea' id='block_1_58' title="bbox 451 3857 1976 3931">
    <p class='ocr_par' dir='ltr' id='par_1_58' title="bbox 451 3857 1976 3931">
     <span class='ocr_line' id='line_1_58' title="bbox 451 3857 1976 3931; baseline -0.004 -14"><span class='ocrx_word' id='word_1_425' title='bbox 451 3861 506 3918; x_wconf 73' lang='grc'><strong>4.</strong></span> <span class='ocrx_word' id='word_1_426' title='bbox 550 3859 898 3931; x_wconf 88' lang='lat' dir='ltr'><strong>Quapropter</strong></span> <span class='ocrx_word' id='word_1_427' title='bbox 945 3860 1043 3931; x_wconf 92' lang='lat' dir='ltr'><strong>qui</strong></span> <span class='ocrx_word' id='word_1_428' title='bbox 1091 3858 1282 3916; x_wconf 88' lang='lat' dir='ltr'><strong>salvus</strong></span> <span class='ocrx_word' id='word_1_429' title='bbox 1317 3872 1444 3914; x_wconf 84' lang='lat' dir='ltr'><strong>esse</strong></span> <span class='ocrx_word' id='word_1_430' title='bbox 1486 3857 1663 3927; x_wconf 91' lang='lat' dir='ltr'><strong>cupit,</strong></span> <span class='ocrx_word' id='word_1_431' title='bbox 1701 3857 1871 3914; x_wconf 86' lang='lat' dir='ltr'><strong>faciat</strong></span> <span class='ocrx_word' id='word_1_432' title='bbox 1915 3871 1976 3913; x_wconf 91' lang='lat' dir='ltr'><strong>se</strong></span> 
     </span>
    </p>
   </div>
   <div class='ocr_carea' id='block_1_59' title="bbox 381 3948 1973 4021">
    <p class='ocr_par' dir='ltr' id='par_1_59' title="bbox 381 3948 1973 4021">
     <span class='ocr_line' id='line_1_59' title="bbox 381 3948 1973 4021; baseline -0.004 -13"><span class='ocrx_word' id='word_1_433' title='bbox 381 3954 613 4010; x_wconf 87' lang='lat' dir='ltr'><strong>stultum</strong></span> <span class='ocrx_word' id='word_1_434' title='bbox 642 3953 697 4006; x_wconf 92' lang='lat' dir='ltr'><strong>in</strong></span> <span class='ocrx_word' id='word_1_435' title='bbox 718 3952 824 4007; x_wconf 90' lang='lat' dir='ltr'><strong>hoc</strong></span> <span class='ocrx_word' id='word_1_436' title='bbox 856 3950 1087 4017; x_wconf 88' lang='lat' dir='ltr'><strong>mundo,</strong></span> <span class='ocrx_word' id='word_1_437' title='bbox 1121 3959 1182 4005; x_wconf 89' lang='lat' dir='ltr'><strong>ut</strong></span> <span class='ocrx_word' id='word_1_438' title='bbox 1204 3965 1235 4004; x_wconf 90' lang='lat' dir='ltr'><strong>a</strong></span> <span class='ocrx_word' id='word_1_439' title='bbox 1264 3948 1498 4003; x_wconf 87' lang='lat' dir='ltr'><strong>Domino</strong></span> <span class='ocrx_word' id='word_1_440' title='bbox 1519 3949 1706 4004; x_wconf 88' lang='lat' dir='ltr'><strong>audiat</strong></span> <span class='ocrx_word' id='word_1_441' title='bbox 1732 3949 1973 4021; x_wconf 89' lang='lat' dir='ltr'><strong>sapiens.</strong></span> 
     </span>
    </p>
   </div>
   <div class='ocr_carea' id='block_1_60' title="bbox 379 4039 1978 4115">
    <p class='ocr_par' dir='ltr' id='par_1_60' title="bbox 379 4039 1978 4115">
     <span class='ocr_line' id='line_1_60' title="bbox 379 4039 1978 4115; baseline -0.006 -10"><span class='ocrx_word' id='word_1_442' title='bbox 379 4048 465 4105; x_wconf 80' lang='lat' dir='ltr'><strong>Ah</strong></span> <span class='ocrx_word' id='word_1_443' title='bbox 492 4047 810 4102; x_wconf 87' lang='lat' dir='ltr'><strong>hominibus</strong></span> <span class='ocrx_word' id='word_1_444' title='bbox 837 4052 1053 4110; x_wconf 88' lang='lat' dir='ltr'><strong>contra,</strong></span> <span class='ocrx_word' id='word_1_445' title='bbox 1088 4046 1147 4109; x_wconf 93' lang='lat' dir='ltr'><strong>ii,</strong></span> <span class='ocrx_word' id='word_1_446' title='bbox 1179 4039 1273 4115; x_wconf 81' lang='lat' dir='ltr'><strong>qui</strong></span> <span class='ocrx_word' id='word_1_447' title='bbox 1299 4045 1352 4098; x_wconf 91' lang='lat' dir='ltr'><strong>iu</strong></span> <span class='ocrx_word' id='word_1_448' title='bbox 1384 4043 1566 4099; x_wconf 87' lang='lat' dir='ltr'><strong>dando</strong></span> <span class='ocrx_word' id='word_1_449' title='bbox 1608 4054 1663 4098; x_wconf 88' lang='lat' dir='ltr'><strong>ct</strong></span> <span class='ocrx_word' id='word_1_450' title='bbox 1701 4043 1978 4114; x_wconf 88' lang='lat' dir='ltr'><strong>accipien-</strong></span> 
     </span>
    </p>
   </div>
   <div class='ocr_carea' id='block_1_61' title="bbox 2060 1824 3661 1903">
    <p class='ocr_par' dir='ltr' id='par_1_61' title="bbox 2060 1824 3661 1903">
     <span class='ocr_line' id='line_1_61' title="bbox 2060 1824 3661 1903; baseline -0.004 -19"><span class='ocrx_word' id='word_1_451' title='bbox 2060 1830 2249 1895; x_wconf 85' lang='grc' dir='ltr'>κακῶς</span> <span class='ocrx_word' id='word_1_452' title='bbox 2283 1829 2544 1900; x_wconf 80' lang='grc' dir='ltr'>ἐλάλησα,</span> <span class='ocrx_word' id='word_1_453' title='bbox 2587 1830 2942 1903; x_wconf 81' lang='grc' dir='ltr'>μαρτύρησον</span> <span class='ocrx_word' id='word_1_454' title='bbox 2974 1829 3103 1901; x_wconf 82' lang='grc' dir='ltr'>περὶ</span> <span class='ocrx_word' id='word_1_455' title='bbox 3141 1826 3237 1881; x_wconf 89' lang='grc' dir='ltr'><strong>τοῦ</strong></span> <span class='ocrx_word' id='word_1_456' title='bbox 3270 1825 3444 1881; x_wconf 87' lang='grc' dir='ltr'>κακοῦ</span> <span class='ocrx_word' id='word_1_457' title='bbox 3465 1843 3479 1857; x_wconf 87' lang='grc'>·</span> <span class='ocrx_word' id='word_1_458' title='bbox 3512 1827 3560 1879; x_wconf 85' lang='grc' dir='ltr'><strong>εί</strong></span> <span class='ocrx_word' id='word_1_459' title='bbox 3599 1824 3661 1879; x_wconf 76' lang='grc' dir='ltr'>δὲ</span> 
     </span>
    </p>
   </div>
   <div class='ocr_carea' id='block_1_62' title="bbox 2061 1915 3661 1992">
    <p class='ocr_par' dir='ltr' id='par_1_62' title="bbox 2061 1915 3661 1992">
     <span class='ocr_line' id='line_1_62' title="bbox 2061 1915 3661 1992; baseline -0.003 -18"><span class='ocrx_word' id='word_1_460' title='bbox 2061 1921 2268 1988; x_wconf 78' lang='grc' dir='ltr'>καλῶς,</span> <span class='ocrx_word' id='word_1_461' title='bbox 2317 1920 2369 1974; x_wconf 83' lang='grc' dir='ltr'><strong>τί</strong></span> <span class='ocrx_word' id='word_1_462' title='bbox 2414 1938 2481 1992; x_wconf 91' lang='grc' dir='ltr'><strong>με</strong></span> <span class='ocrx_word' id='word_1_463' title='bbox 2526 1920 2738 1992; x_wconf 80' lang='grc' dir='ltr'>δέρεις;</span> <span class='ocrx_word' id='word_1_464' title='bbox 2783 1938 2801 1972; x_wconf 78' lang='lat' dir='ltr'><strong>t</strong></span> <span class='ocrx_word' id='word_1_465' title='bbox 2840 1920 2942 1974; x_wconf 88' lang='grc' dir='ltr'><strong>οὑκ</strong></span> <span class='ocrx_word' id='word_1_466' title='bbox 2978 1919 3211 1989; x_wconf 65' lang='grc' dir='ltr'>ἡδυνάτο</span> <span class='ocrx_word' id='word_1_467' title='bbox 3238 1919 3267 1970; x_wconf 93' lang='lat'><strong>6</strong></span> <span class='ocrx_word' id='word_1_468' title='bbox 3299 1915 3557 1980; x_wconf 83' lang='grc' dir='ltr'>κελεύσας</span> <span class='ocrx_word' id='word_1_469' title='bbox 3586 1918 3661 1988; x_wconf 75' lang='grc' dir='ltr'>τῇ</span> 
     </span>
    </p>
   </div>
   <div class='ocr_carea' id='block_1_63' title="bbox 2061 2008 3663 2086">
    <p class='ocr_par' dir='ltr' id='par_1_63' title="bbox 2061 2008 3663 2086">
     <span class='ocr_line' id='line_1_63' title="bbox 2061 2008 3663 2086; baseline -0.004 -17"><span class='ocrx_word' id='word_1_470' title='bbox 2061 2018 2157 2086; x_wconf 81' lang='grc' dir='ltr'>γῇ,</span> <span class='ocrx_word' id='word_1_471' title='bbox 2186 2016 2274 2069; x_wconf 81' lang='grc' dir='ltr'>ἵνα</span> <span class='ocrx_word' id='word_1_472' title='bbox 2307 2014 2436 2077; x_wconf 79' lang='grc' dir='ltr'>τοὺς</span> <span class='ocrx_word' id='word_1_473' title='bbox 2462 2013 2593 2083; x_wconf 71' lang='grc' dir='ltr'>περὶ</span> <span class='ocrx_word' id='word_1_474' title='bbox 2618 2013 2797 2067; x_wconf 84' lang='grc' dir='ltr'>Δαθάν</span> <span class='ocrx_word' id='word_1_475' title='bbox 2836 2013 2931 2067; x_wconf 65' lang='grc' dir='ltr'><strong>καλ⁴</strong></span> <span class='ocrx_word' id='word_1_476' title='bbox 2965 2010 3225 2083; x_wconf 85' lang='grc' dir='ltr'>Ἀϐειρὼν</span> <span class='ocrx_word' id='word_1_477' title='bbox 3257 2008 3465 2076; x_wconf 82' lang='grc' dir='ltr'>ζῶντας</span> <span class='ocrx_word' id='word_1_478' title='bbox 3487 2025 3663 2063; x_wconf 83' lang='grc' dir='ltr'>κατα-</span> 
     </span>
    </p>
   </div>
   <div class='ocr_carea' id='block_1_64' title="bbox 2064 2101 3665 2181">
    <p class='ocr_par' dir='ltr' id='par_1_64' title="bbox 2064 2101 3665 2181">
     <span class='ocr_line' id='line_1_64' title="bbox 2064 2101 3665 2181; baseline -0.006 -19"><span class='ocrx_word' id='word_1_479' title='bbox 2064 2109 2184 2181; x_wconf 81' lang='grc' dir='ltr'>πίῃ,</span> <span class='ocrx_word' id='word_1_480' title='bbox 2214 2107 2309 2161; x_wconf 75' lang='grc' dir='ltr'><strong>καὶ</strong></span> <span class='ocrx_word' id='word_1_481' title='bbox 2328 2104 2517 2160; x_wconf 90' lang='grc' dir='ltr'>τοῦτον</span> <span class='ocrx_word' id='word_1_482' title='bbox 2542 2104 2632 2159; x_wconf 84' lang='grc' dir='ltr'><strong>τὸν</strong></span> <span class='ocrx_word' id='word_1_483' title='bbox 2654 2105 2974 2159; x_wconf 79' lang='grc' dir='ltr'>ἐκτείναντα</span> <span class='ocrx_word' id='word_1_484' title='bbox 2994 2105 3093 2177; x_wconf 85' lang='grc' dir='ltr'>τὴν</span> <span class='ocrx_word' id='word_1_485' title='bbox 3119 2106 3277 2175; x_wconf 85' lang='grc' dir='ltr'>χεῖρα</span> <span class='ocrx_word' id='word_1_486' title='bbox 3298 2103 3393 2157; x_wconf 74' lang='grc' dir='ltr'><strong>καὶ</strong></span> <span class='ocrx_word' id='word_1_487' title='bbox 3410 2101 3665 2171; x_wconf 82' lang='grc' dir='ltr'>τύψαντα</span> 
     </span>
    </p>
   </div>
   <div class='ocr_carea' id='block_1_65' title="bbox 2062 2189 3667 2269">
    <p class='ocr_par' dir='ltr' id='par_1_65' title="bbox 2062 2189 3667 2269">
     <span class='ocr_line' id='line_1_65' title="bbox 2062 2189 3667 2269; baseline -0.006 -17"><span class='ocrx_word' id='word_1_488' title='bbox 2062 2198 2154 2252; x_wconf 91' lang='grc' dir='ltr'><strong>τὸν</strong></span> <span class='ocrx_word' id='word_1_489' title='bbox 2181 2197 2375 2252; x_wconf 80' lang='grc' dir='ltr'>ἑαυτοῦ</span> <span class='ocrx_word' id='word_1_490' title='bbox 2406 2196 2738 2269; x_wconf 91' lang='grc' dir='ltr'>δημιουργὸν</span> <span class='ocrx_word' id='word_1_491' title='bbox 2765 2196 2943 2262; x_wconf 84' lang='grc' dir='ltr'>ζῶντα</span> <span class='ocrx_word' id='word_1_492' title='bbox 2973 2197 3263 2250; x_wconf 86' lang='grc' dir='ltr'>καταπιεῖν</span> <span class='ocrx_word' id='word_1_493' title='bbox 3288 2210 3303 2260; x_wconf 90' lang='grc'><strong>;</strong></span> <span class='ocrx_word' id='word_1_494' title='bbox 3346 2192 3485 2246; x_wconf 80' lang='grc' dir='ltr'>Ἀλλ’</span> <span class='ocrx_word' id='word_1_495' title='bbox 3525 2189 3667 2245; x_wconf 83' lang='grc' dir='ltr'>ὑπέ-</span> 
     </span>
    </p>
   </div>
   <div class='ocr_carea' id='block_1_66' title="bbox 2068 2285 3665 2364">
    <p class='ocr_par' dir='ltr' id='par_1_66' title="bbox 2068 2285 3665 2364">
     <span class='ocr_line' id='line_1_66' title="bbox 2068 2285 3665 2364; baseline -0.005 -19"><span class='ocrx_word' id='word_1_496' title='bbox 2068 2309 2270 2364; x_wconf 88' lang='grc' dir='ltr'>μεινεν,</span> <span class='ocrx_word' id='word_1_497' title='bbox 2290 2292 2423 2363; x_wconf 85' lang='grc' dir='ltr'>ἡμῖν</span> <span class='ocrx_word' id='word_1_498' title='bbox 2445 2288 2836 2361; x_wconf 84' lang='grc' dir='ltr'>ὑπολιμπάνων</span> <span class='ocrx_word' id='word_1_499' title='bbox 2858 2287 3244 2360; x_wconf 82' lang='grc' dir='ltr'>ὑπογραμμὸν,</span> <span class='ocrx_word' id='word_1_500' title='bbox 3266 2286 3331 2339; x_wconf 81' lang='grc' dir='ltr'>ἶν’</span> <span class='ocrx_word' id='word_1_501' title='bbox 3367 2288 3528 2357; x_wconf 84' lang='grc' dir='ltr'>ἡμεῖς</span> <span class='ocrx_word' id='word_1_502' title='bbox 3548 2285 3665 2349; x_wconf 88' lang='grc' dir='ltr'>τοῖς</span> 
     </span>
    </p>
   </div>
   <div class='ocr_carea' id='block_1_67' title="bbox 2065 2379 3664 2456">
    <p class='ocr_par' dir='ltr' id='par_1_67' title="bbox 2065 2379 3664 2456">
     <span class='ocr_line' id='line_1_67' title="bbox 2065 2379 3664 2456; baseline -0.004 -18"><span class='ocrx_word' id='word_1_503' title='bbox 2065 2386 2274 2439; x_wconf 76' lang='grc' dir='ltr'>ἐκείνου</span> <span class='ocrx_word' id='word_1_504' title='bbox 2311 2387 2515 2455; x_wconf 74' lang='grc' dir='ltr'>ἴχνεσιν</span> <span class='ocrx_word' id='word_1_505' title='bbox 2559 2382 3109 2456; x_wconf 81' lang='grc' dir='ltr'>ὲπακολουθὴσωμεν.</span> <span class='ocrx_word' id='word_1_506' title='bbox 3135 2381 3333 2445; x_wconf 76' lang='grc' dir='ltr'>Σὺ,δὲ,</span> <span class='ocrx_word' id='word_1_507' title='bbox 3384 2379 3664 2451; x_wconf 82' lang='grc' dir='ltr'>ἄνθρωπε,</span> 
     </span>
    </p>
   </div>
   <div class='ocr_carea' id='block_1_68' title="bbox 2065 2471 3666 2550">
    <p class='ocr_par' dir='ltr' id='par_1_68' title="bbox 2065 2471 3666 2550">
     <span class='ocr_line' id='line_1_68' title="bbox 2065 2471 3666 2550; baseline -0.006 -17"><span class='ocrx_word' id='word_1_508' title='bbox 2065 2479 2127 2533; x_wconf 89' lang='grc' dir='ltr'><strong>οὑ</strong></span> <span class='ocrx_word' id='word_1_509' title='bbox 2184 2478 2476 2550; x_wconf 73' lang='grc' dir='ltr'>βαστάζεις</span> <span class='ocrx_word' id='word_1_510' title='bbox 2544 2478 2652 2532; x_wconf 89' lang='grc' dir='ltr'><strong>ὑπὸ</strong></span> <span class='ocrx_word' id='word_1_511' title='bbox 2707 2476 2803 2531; x_wconf 88' lang='grc' dir='ltr'><strong>τοῦ</strong></span> <span class='ocrx_word' id='word_1_512' title='bbox 2864 2472 3162 2547; x_wconf 74' lang='grc' dir='ltr'>ὁμογενοῦς</span> <span class='ocrx_word' id='word_1_513' title='bbox 3218 2490 3313 2526; x_wconf 86' lang='grc' dir='ltr'><strong>σου</strong></span> <span class='ocrx_word' id='word_1_514' title='bbox 3374 2471 3666 2544; x_wconf 82' lang='grc' dir='ltr'>ἀνθρώπου</span> 
     </span>
    </p>
   </div>
   <div class='ocr_carea' id='block_1_69' title="bbox 2066 2565 3667 2643">
    <p class='ocr_par' dir='ltr' id='par_1_69' title="bbox 2066 2565 3667 2643">
     <span class='ocr_line' id='line_1_69' title="bbox 2066 2565 3667 2643; baseline -0.004 -19"><span class='ocrx_word' id='word_1_515' title='bbox 2066 2570 2415 2643; x_wconf 79' lang='grc' dir='ltr'>ὑϐρισθῆναι.</span> <span class='ocrx_word' id='word_1_516' title='bbox 2445 2570 2700 2642; x_wconf 84' lang='grc' dir='ltr'>Μίμησαι</span> <span class='ocrx_word' id='word_1_517' title='bbox 2724 2570 2817 2623; x_wconf 88' lang='grc' dir='ltr'><strong>τὸν</strong></span> <span class='ocrx_word' id='word_1_518' title='bbox 2842 2568 3121 2638; x_wconf 87' lang='grc' dir='ltr'>Δεσπότην</span> <span class='ocrx_word' id='word_1_519' title='bbox 3151 2584 3264 2621; x_wconf 91' lang='grc' dir='ltr'>σου.</span> <span class='ocrx_word' id='word_1_520' title='bbox 3295 2567 3359 2619; x_wconf 74' lang='lat' dir='ltr'><strong>Et</strong></span> <span class='ocrx_word' id='word_1_521' title='bbox 3387 2565 3495 2638; x_wconf 82' lang='grc' dir='ltr'><strong>γὰρ</strong></span> <span class='ocrx_word' id='word_1_522' title='bbox 3515 2565 3667 2618; x_wconf 73' lang='grc' dir='ltr'>ἐκεῖ·</span> 
     </span>
    </p>
   </div>
   <div class='ocr_carea' id='block_1_70' title="bbox 2067 2660 3669 2732">
    <p class='ocr_par' dir='ltr' id='par_1_70' title="bbox 2067 2660 3669 2732">
     <span class='ocr_line' id='line_1_70' title="bbox 2067 2660 3669 2732; baseline -0.004 -14"><span class='ocrx_word' id='word_1_523' title='bbox 2067 2681 2157 2727; x_wconf 87' lang='grc' dir='ltr'><strong>νος</strong></span> <span class='ocrx_word' id='word_1_524' title='bbox 2184 2664 2318 2728; x_wconf 88' lang='grc' dir='ltr'>Θεὸς</span> <span class='ocrx_word' id='word_1_525' title='bbox 2341 2663 2418 2718; x_wconf 82' lang='grc' dir='ltr'>ὢν</span> <span class='ocrx_word' id='word_1_526' title='bbox 2450 2662 2719 2729; x_wconf 80' lang='grc' dir='ltr'>ὲϐάσταζε</span> <span class='ocrx_word' id='word_1_527' title='bbox 2744 2661 2833 2716; x_wconf 89' lang='grc' dir='ltr'><strong>διά</strong></span> <span class='ocrx_word' id='word_1_528' title='bbox 2864 2661 2925 2715; x_wconf 80' lang='grc' dir='ltr'>σὲ</span> <span class='ocrx_word' id='word_1_529' title='bbox 2956 2661 3063 2714; x_wconf 84' lang='grc' dir='ltr'><strong>ὑπὸ</strong></span> <span class='ocrx_word' id='word_1_530' title='bbox 3092 2660 3381 2732; x_wconf 84' lang='grc' dir='ltr'>ἀνθρώπου</span> <span class='ocrx_word' id='word_1_531' title='bbox 3405 2660 3669 2731; x_wconf 84' lang='grc' dir='ltr'>ἀμαρτω-</span> 
     </span>
    </p>
   </div>
   <div class='ocr_carea' id='block_1_71' title="bbox 2067 2748 3668 2829">
    <p class='ocr_par' dir='ltr' id='par_1_71' title="bbox 2067 2748 3668 2829">
     <span class='ocr_line' id='line_1_71' title="bbox 2067 2748 3668 2829; baseline -0.004 -19"><span class='ocrx_word' id='word_1_532' title='bbox 2067 2755 2161 2810; x_wconf 90' lang='grc' dir='ltr'><strong>λοῦ</strong></span> <span class='ocrx_word' id='word_1_533' title='bbox 2207 2755 2561 2829; x_wconf 83' lang='grc' dir='ltr'>ῥαπισθῆναι,</span> <span class='ocrx_word' id='word_1_534' title='bbox 2598 2757 2663 2809; x_wconf 83' lang='grc' dir='ltr'><strong>σὺ</strong></span> <span class='ocrx_word' id='word_1_535' title='bbox 2700 2757 3051 2826; x_wconf 85' lang='grc' dir='ltr'>ἀγανακτεῖς,</span> <span class='ocrx_word' id='word_1_536' title='bbox 3085 2755 3167 2808; x_wconf 87' lang='grc' dir='ltr'>ὃτι</span> <span class='ocrx_word' id='word_1_537' title='bbox 3205 2752 3391 2824; x_wconf 84' lang='grc' dir='ltr'>ὅμοιός</span> <span class='ocrx_word' id='word_1_538' title='bbox 3419 2768 3532 2804; x_wconf 63' lang='grc' dir='ltr'>κσου</span> <span class='ocrx_word' id='word_1_539' title='bbox 3567 2748 3668 2804; x_wconf 79' lang='grc' dir='ltr'>ἀν-</span> 
     </span>
    </p>
   </div>
   <div class='ocr_carea' id='block_1_72' title="bbox 2068 2844 3670 2922">
    <p class='ocr_par' dir='ltr' id='par_1_72' title="bbox 2068 2844 3670 2922">
     <span class='ocr_line' id='line_1_72' title="bbox 2068 2844 3670 2922; baseline -0.003 -19"><span class='ocrx_word' id='word_1_540' title='bbox 2068 2849 2287 2922; x_wconf 75' lang='grc' dir='ltr'>θρωπος</span> <span class='ocrx_word' id='word_1_541' title='bbox 2344 2848 2653 2920; x_wconf 75' lang='grc' dir='ltr'>ὲλοιδόρησέ</span> <span class='ocrx_word' id='word_1_542' title='bbox 2715 2866 2774 2902; x_wconf 92' lang='grc' dir='ltr'><strong>σε</strong></span> <span class='ocrx_word' id='word_1_543' title='bbox 2798 2887 2814 2913; x_wconf 93' lang='grc'><strong>,</strong></span> <span class='ocrx_word' id='word_1_544' title='bbox 2867 2848 2964 2901; x_wconf 70' lang='grc' dir='ltr'>καὶ</span> <span class='ocrx_word' id='word_1_545' title='bbox 3037 2847 3221 2918; x_wconf 82' lang='grc' dir='ltr'>ζητεῖς</span> <span class='ocrx_word' id='word_1_546' title='bbox 3274 2844 3670 2901; x_wconf 82' lang='grc' dir='ltr'>ἀνταποδοῦναι</span> 
     </span>
    </p>
   </div>
   <div class='ocr_carea' id='block_1_73' title="bbox 2069 2935 3671 3013">
    <p class='ocr_par' dir='ltr' id='par_1_73' title="bbox 2069 2935 3671 3013">
     <span class='ocr_line' id='line_1_73' title="bbox 2069 2935 3671 3013; baseline -0.002 -18"><span class='ocrx_word' id='word_1_547' title='bbox 2069 2940 2220 3013; x_wconf 83' lang='grc' dir='ltr'>αὑτῷ</span> <span class='ocrx_word' id='word_1_548' title='bbox 2241 2942 2332 3008; x_wconf 85' lang='grc' dir='ltr'><strong>;’¹Ω</strong></span> <span class='ocrx_word' id='word_1_549' title='bbox 2354 2940 2555 3012; x_wconf 80' lang='grc' dir='ltr'>πολλῆς</span> <span class='ocrx_word' id='word_1_550' title='bbox 2574 2938 2762 3003; x_wconf 83' lang='grc' dir='ltr'>ἀνοίας</span> <span class='ocrx_word' id='word_1_551' title='bbox 2794 2938 2891 2992; x_wconf 78' lang='grc' dir='ltr'><strong>καὶ</strong></span> <span class='ocrx_word' id='word_1_552' title='bbox 2923 2938 3237 3009; x_wconf 81' lang='grc' dir='ltr'>ἀφροσύνης</span> <span class='ocrx_word' id='word_1_553' title='bbox 3270 2936 3510 3008; x_wconf 87' lang='grc' dir='ltr'>μεγάλης</span> <span class='ocrx_word' id='word_1_554' title='bbox 3530 2937 3544 2990; x_wconf 82' lang='grc'><strong>1</strong></span> <span class='ocrx_word' id='word_1_555' title='bbox 3566 2935 3671 2991; x_wconf 82' lang='grc' dir='ltr'>Διά</span> 
     </span>
    </p>
   </div>
   <div class='ocr_carea' id='block_1_74' title="bbox 2069 3028 3672 3103">
    <p class='ocr_par' dir='ltr' id='par_1_74' title="bbox 2069 3028 3672 3103">
     <span class='ocr_line' id='line_1_74' title="bbox 2069 3028 3672 3103; baseline -0.004 -15"><span class='ocrx_word' id='word_1_556' title='bbox 2069 3035 2227 3088; x_wconf 84' lang='grc' dir='ltr'>τοῦτο</span> <span class='ocrx_word' id='word_1_557' title='bbox 2269 3034 2363 3088; x_wconf 64' lang='grc' dir='ltr'><strong>καὶ¹</strong></span> <span class='ocrx_word' id='word_1_558' title='bbox 2396 3033 2617 3095; x_wconf 85' lang='grc' dir='ltr'>κόλασις</span> <span class='ocrx_word' id='word_1_559' title='bbox 2650 3033 2783 3103; x_wconf 89' lang='grc' dir='ltr'>ἡμῖν</span> <span class='ocrx_word' id='word_1_560' title='bbox 2812 3031 3173 3103; x_wconf 81' lang='grc' dir='ltr'>ἡτοίμασται,</span> <span class='ocrx_word' id='word_1_561' title='bbox 3209 3031 3305 3084; x_wconf 75' lang='grc' dir='ltr'><strong>καὶ</strong></span> <span class='ocrx_word' id='word_1_562' title='bbox 3355 3031 3569 3091; x_wconf 80' lang='grc' dir='ltr'>ἑαυτοῖς</span> <span class='ocrx_word' id='word_1_563' title='bbox 3604 3028 3672 3082; x_wconf 83' lang='grc' dir='ltr'><strong>τὸ</strong></span> 
     </span>
    </p>
   </div>
   <div class='ocr_carea' id='block_1_75' title="bbox 2070 3120 3672 3198">
    <p class='ocr_par' dir='ltr' id='par_1_75' title="bbox 2070 3120 3672 3198">
     <span class='ocr_line' id='line_1_75' title="bbox 2070 3120 3672 3198; baseline -0.004 -18"><span class='ocrx_word' id='word_1_564' title='bbox 2070 3126 2182 3198; x_wconf 89' lang='grc' dir='ltr'><strong>πῦρ</strong></span> <span class='ocrx_word' id='word_1_565' title='bbox 2212 3124 2517 3198; x_wconf 81' lang='grc' dir='ltr'>ἐξάπτομεν</span> <span class='ocrx_word' id='word_1_566' title='bbox 2541 3142 2555 3157; x_wconf 90' lang='grc'><strong>·</strong></span> <span class='ocrx_word' id='word_1_567' title='bbox 2600 3127 2683 3179; x_wconf 84' lang='grc' dir='ltr'><strong>ὅτι</strong></span> <span class='ocrx_word' id='word_1_568' title='bbox 2718 3124 2813 3178; x_wconf 80' lang='grc' dir='ltr'><strong>καὶ</strong></span> <span class='ocrx_word' id='word_1_569' title='bbox 2854 3123 3065 3188; x_wconf 69' lang='grc' dir='ltr'>λογικοὶ</span> <span class='ocrx_word' id='word_1_570' title='bbox 3106 3123 3280 3187; x_wconf 77' lang='grc' dir='ltr'>ὄντες,</span> <span class='ocrx_word' id='word_1_571' title='bbox 3312 3124 3425 3185; x_wconf 84' lang='grc' dir='ltr'>τοῖς</span> <span class='ocrx_word' id='word_1_572' title='bbox 3454 3120 3672 3190; x_wconf 80' lang='grc' dir='ltr'>ἀλόγοις</span> 
     </span>
    </p>
   </div>
   <div class='ocr_carea' id='block_1_76' title="bbox 2070 3211 3672 3289">
    <p class='ocr_par' dir='ltr' id='par_1_76' title="bbox 2070 3211 3672 3289">
     <span class='ocr_line' id='line_1_76' title="bbox 2070 3211 3672 3289; baseline -0.006 -16"><span class='ocrx_word' id='word_1_573' title='bbox 2070 3219 2231 3285; x_wconf 80' lang='grc' dir='ltr'>ζώοις</span> <span class='ocrx_word' id='word_1_574' title='bbox 2260 3221 2488 3283; x_wconf 77' lang='grc' dir='ltr'>ἑαυτοὺς</span> <span class='ocrx_word' id='word_1_575' title='bbox 2519 3217 2835 3289; x_wconf 80' lang='grc' dir='ltr'>εἰκάζομεν.</span> <span class='ocrx_word' id='word_1_576' title='bbox 2871 3214 3352 3287; x_wconf 85' lang='grc' dir='ltr'>Ταπεινοφροσύνῃ</span> <span class='ocrx_word' id='word_1_577' title='bbox 3388 3211 3555 3284; x_wconf 85' lang='grc' dir='ltr'>πολλῇ</span> <span class='ocrx_word' id='word_1_578' title='bbox 3588 3212 3672 3274; x_wconf 82' lang='grc' dir='ltr'><strong>είς</strong></span> 
     </span>
    </p>
   </div>
   <div class='ocr_carea' id='block_1_77' title="bbox 2068 3303 3671 3383">
    <p class='ocr_par' dir='ltr' id='par_1_77' title="bbox 2068 3303 3671 3383">
     <span class='ocr_line' id='line_1_77' title="bbox 2068 3303 3671 3383; baseline -0.007 -17"><span class='ocrx_word' id='word_1_579' title='bbox 2068 3311 2160 3366; x_wconf 86' lang='grc' dir='ltr'><strong>τὸν</strong></span> <span class='ocrx_word' id='word_1_580' title='bbox 2195 3312 2398 3383; x_wconf 76' lang='grc' dir='ltr'>κόσμον</span> <span class='ocrx_word' id='word_1_581' title='bbox 2425 3311 2615 3364; x_wconf 87' lang='grc' dir='ltr'>τοῦτον</span> <span class='ocrx_word' id='word_1_582' title='bbox 2647 3309 2895 3381; x_wconf 80' lang='grc' dir='ltr'>ἐλήλυθε,</span> <span class='ocrx_word' id='word_1_583' title='bbox 2935 3308 3033 3362; x_wconf 76' lang='grc' dir='ltr'>καὶ</span> <span class='ocrx_word' id='word_1_584' title='bbox 3069 3307 3325 3372; x_wconf 84' lang='grc' dir='ltr'>πλούσιος</span> <span class='ocrx_word' id='word_1_585' title='bbox 3357 3305 3459 3371; x_wconf 86' lang='grc' dir='ltr'>ὣν,</span> <span class='ocrx_word' id='word_1_586' title='bbox 3487 3303 3671 3357; x_wconf 81' lang='grc' dir='ltr'>ἐπτώ-</span> 
     </span>
    </p>
   </div>
   <div class='ocr_carea' id='block_1_78' title="bbox 2069 3399 3671 3478">
    <p class='ocr_par' dir='ltr' id='par_1_78' title="bbox 2069 3399 3671 3478">
     <span class='ocr_line' id='line_1_78' title="bbox 2069 3399 3671 3478; baseline -0.004 -20"><span class='ocrx_word' id='word_1_587' title='bbox 2069 3422 2230 3478; x_wconf 89' lang='grc' dir='ltr'>χευσε</span> <span class='ocrx_word' id='word_1_588' title='bbox 2264 3405 2332 3458; x_wconf 85' lang='grc' dir='ltr'>δι’</span> <span class='ocrx_word' id='word_1_589' title='bbox 2365 3405 2532 3475; x_wconf 80' lang='grc' dir='ltr'>ἡμᾶς,</span> <span class='ocrx_word' id='word_1_590' title='bbox 2568 3403 2634 3455; x_wconf 82' lang='grc' dir='ltr'><strong>ἵν’</strong></span> <span class='ocrx_word' id='word_1_591' title='bbox 2679 3405 2844 3474; x_wconf 81' lang='grc' dir='ltr'>ἡμεῖς</span> <span class='ocrx_word' id='word_1_592' title='bbox 2881 3405 2948 3475; x_wconf 84' lang='grc' dir='ltr'>τῇ</span> <span class='ocrx_word' id='word_1_593' title='bbox 2991 3401 3204 3455; x_wconf 83' lang='grc' dir='ltr'>ἐκείνου</span> <span class='ocrx_word' id='word_1_594' title='bbox 3232 3399 3477 3470; x_wconf 71' lang='grc' dir='ltr'>πτωχείᾳ</span> <span class='ocrx_word' id='word_1_595' title='bbox 3502 3399 3671 3452; x_wconf 83' lang='grc' dir='ltr'>πλου-</span> 
     </span>
    </p>
   </div>
   <div class='ocr_carea' id='block_1_79' title="bbox 2069 3488 3674 3569">
    <p class='ocr_par' dir='ltr' id='par_1_79' title="bbox 2069 3488 3674 3569">
     <span class='ocr_line' id='line_1_79' title="bbox 2069 3488 3674 3569; baseline -0.005 -20"><span class='ocrx_word' id='word_1_596' title='bbox 2069 3497 2344 3569; x_wconf 84' lang='grc' dir='ltr'>τήσωμεν.</span> <span class='ocrx_word' id='word_1_597' title='bbox 2375 3496 2485 3548; x_wconf 71' lang='grc' dir='ltr'><strong>Καὶ</strong></span> <span class='ocrx_word' id='word_1_598' title='bbox 2506 3493 2637 3557; x_wconf 87' lang='grc' dir='ltr'>Θεὸς</span> <span class='ocrx_word' id='word_1_599' title='bbox 2664 3491 2742 3545; x_wconf 83' lang='grc' dir='ltr'>ὣν</span> <span class='ocrx_word' id='word_1_600' title='bbox 2765 3493 2956 3562; x_wconf 83' lang='grc' dir='ltr'>γέγονε</span> <span class='ocrx_word' id='word_1_601' title='bbox 2977 3491 3268 3563; x_wconf 83' lang='grc' dir='ltr'>ἄνθρωπος</span> <span class='ocrx_word' id='word_1_602' title='bbox 3287 3489 3353 3543; x_wconf 83' lang='grc' dir='ltr'>δι’</span> <span class='ocrx_word' id='word_1_603' title='bbox 3379 3489 3550 3560; x_wconf 81' lang='grc' dir='ltr'>ἡμᾶς,</span> <span class='ocrx_word' id='word_1_604' title='bbox 3576 3488 3674 3542; x_wconf 76' lang='grc' dir='ltr'><strong>καὶ</strong></span> 
     </span>
    </p>
   </div>
   <div class='ocr_carea' id='block_1_80' title="bbox 2071 3579 3673 3662">
    <p class='ocr_par' dir='ltr' id='par_1_80' title="bbox 2071 3579 3673 3662">
     <span class='ocr_line' id='line_1_80' title="bbox 2071 3579 3673 3662; baseline -0.006 -19"><span class='ocrx_word' id='word_1_605' title='bbox 2071 3588 2334 3662; x_wconf 85' lang='grc' dir='ltr'>ὲγεννὴθη</span> <span class='ocrx_word' id='word_1_606' title='bbox 2375 3591 2440 3642; x_wconf 84' lang='grc' dir='ltr'><strong>ὲκ</strong></span> <span class='ocrx_word' id='word_1_607' title='bbox 2474 3588 2573 3659; x_wconf 81' lang='grc' dir='ltr'>τῆς</span> <span class='ocrx_word' id='word_1_608' title='bbox 2617 3586 2881 3639; x_wconf 84' lang='grc' dir='ltr'>Θεοτόκου</span> <span class='ocrx_word' id='word_1_609' title='bbox 2917 3585 3158 3657; x_wconf 86' lang='grc' dir='ltr'>Μαρίας,</span> <span class='ocrx_word' id='word_1_610' title='bbox 3201 3584 3288 3637; x_wconf 76' lang='grc' dir='ltr'><strong>ἵνα</strong></span> <span class='ocrx_word' id='word_1_611' title='bbox 3321 3579 3673 3654; x_wconf 71' lang='grc' dir='ltr'>ἡλευθερὼσῃ</span> 
     </span>
    </p>
   </div>
   <div class='ocr_carea' id='block_1_81' title="bbox 2074 3677 3208 3754">
    <p class='ocr_par' dir='ltr' id='par_1_81' title="bbox 2074 3677 3208 3754">
     <span class='ocr_line' id='line_1_81' title="bbox 2074 3677 3208 3754; baseline -0.006 -17"><span class='ocrx_word' id='word_1_612' title='bbox 2074 3683 2223 3754; x_wconf 81' lang='grc' dir='ltr'>ἡμᾶς</span> <span class='ocrx_word' id='word_1_613' title='bbox 2247 3684 2312 3736; x_wconf 80' lang='grc' dir='ltr'>ὲκ</span> <span class='ocrx_word' id='word_1_614' title='bbox 2339 3681 2441 3753; x_wconf 78' lang='grc' dir='ltr'>τῆς</span> <span class='ocrx_word' id='word_1_615' title='bbox 2470 3680 2789 3744; x_wconf 83' lang='grc' dir='ltr'>δυναστείας</span> <span class='ocrx_word' id='word_1_616' title='bbox 2812 3678 2907 3732; x_wconf 89' lang='grc' dir='ltr'><strong>τοῦ</strong></span> <span class='ocrx_word' id='word_1_617' title='bbox 2937 3677 3208 3733; x_wconf 88' lang='grc' dir='ltr'>διαϐόλου.</span> 
     </span>
    </p>
   </div>
   <div class='ocr_carea' id='block_1_82' title="bbox 2146 3851 3668 3930">
    <p class='ocr_par' dir='ltr' id='par_1_82' title="bbox 2146 3851 3668 3930">
     <span class='ocr_line' id='line_1_82' title="bbox 2146 3851 3668 3930; baseline -0.007 -13"><span class='ocrx_word' id='word_1_618' title='bbox 2146 3864 2201 3918; x_wconf 74' lang='grc'><strong>4.</strong></span> <span class='ocrx_word' id='word_1_619' title='bbox 2245 3861 2407 3916; x_wconf 86' lang='grc' dir='ltr'>Ὅθεν</span> <span class='ocrx_word' id='word_1_620' title='bbox 2432 3863 2461 3915; x_wconf 97' lang='lat'><strong>6</strong></span> <span class='ocrx_word' id='word_1_621' title='bbox 2495 3858 2736 3930; x_wconf 81' lang='grc' dir='ltr'>σωθῆναι</span> <span class='ocrx_word' id='word_1_622' title='bbox 2774 3856 2943 3912; x_wconf 83' lang='grc' dir='ltr'>θέλων</span> <span class='ocrx_word' id='word_1_623' title='bbox 2975 3859 3120 3910; x_wconf 84' lang='grc' dir='ltr'>ποιεῖ</span> <span class='ocrx_word' id='word_1_624' title='bbox 3154 3853 3346 3908; x_wconf 78' lang='grc' dir='ltr'>ἑαυτὸν</span> <span class='ocrx_word' id='word_1_625' title='bbox 3378 3851 3560 3925; x_wconf 85' lang='grc' dir='ltr'>μωρὸν</span> <span class='ocrx_word' id='word_1_626' title='bbox 3602 3851 3668 3907; x_wconf 68' lang='grc' dir='ltr'>ιν</span> 
     </span>
    </p>
   </div>
   <div class='ocr_carea' id='block_1_83' title="bbox 2072 3943 3662 4027">
    <p class='ocr_par' dir='ltr' id='par_1_83' title="bbox 2072 3943 3662 4027">
     <span class='ocr_line' id='line_1_83' title="bbox 2072 3943 3662 4027; baseline -0.006 -18"><span class='ocrx_word' id='word_1_627' title='bbox 2072 3954 2154 4026; x_wconf 80' lang='grc' dir='ltr'><strong>τῷ</strong></span> <span class='ocrx_word' id='word_1_628' title='bbox 2178 3956 2369 4027; x_wconf 86' lang='grc' dir='ltr'>κόσμῳ</span> <span class='ocrx_word' id='word_1_629' title='bbox 2400 3953 2597 4026; x_wconf 81' lang='grc' dir='ltr'>τούτῳ,</span> <span class='ocrx_word' id='word_1_630' title='bbox 2629 3955 2717 4008; x_wconf 84' lang='grc' dir='ltr'><strong>ἵνα</strong></span> <span class='ocrx_word' id='word_1_631' title='bbox 2746 3950 2899 4023; x_wconf 76' lang='grc' dir='ltr'><strong>παρά</strong></span> <span class='ocrx_word' id='word_1_632' title='bbox 2936 3950 3016 4021; x_wconf 82' lang='grc' dir='ltr'><strong>τῷ</strong></span> <span class='ocrx_word' id='word_1_633' title='bbox 3057 3947 3177 4019; x_wconf 80' lang='grc' dir='ltr'><strong>Θεῷ</strong></span> <span class='ocrx_word' id='word_1_634' title='bbox 3204 3943 3414 4017; x_wconf 85' lang='grc' dir='ltr'>ἀκούσῃ</span> <span class='ocrx_word' id='word_1_635' title='bbox 3473 3944 3662 4015; x_wconf 83' lang='grc' dir='ltr'>σοφός.</span> 
     </span>
    </p>
   </div>
   <div class='ocr_carea' id='block_1_84' title="bbox 2077 4036 3675 4120">
    <p class='ocr_par' dir='ltr' id='par_1_84' title="bbox 2077 4036 3675 4120">
     <span class='ocr_line' id='line_1_84' title="bbox 2077 4036 3675 4120; baseline -0.008 -18"><span class='ocrx_word' id='word_1_636' title='bbox 2077 4050 2140 4102; x_wconf 89' lang='grc' dir='ltr'><strong>Οἱ</strong></span> <span class='ocrx_word' id='word_1_637' title='bbox 2170 4049 2279 4120; x_wconf 79' lang='grc' dir='ltr'>γὰρ</span> <span class='ocrx_word' id='word_1_638' title='bbox 2309 4046 2588 4120; x_wconf 82' lang='grc' dir='ltr'>ἄνθρωποι</span> <span class='ocrx_word' id='word_1_639' title='bbox 2619 4047 2748 4110; x_wconf 78' lang='grc' dir='ltr'>τοὺς</span> <span class='ocrx_word' id='word_1_640' title='bbox 2774 4045 2982 4107; x_wconf 85' lang='grc' dir='ltr'>εἰδότας</span> <span class='ocrx_word' id='word_1_641' title='bbox 3007 4041 3211 4104; x_wconf 87' lang='grc' dir='ltr'>δοῦναι,</span> <span class='ocrx_word' id='word_1_642' title='bbox 3238 4040 3334 4096; x_wconf 76' lang='grc' dir='ltr'>καὶ</span> <span class='ocrx_word' id='word_1_643' title='bbox 3358 4037 3543 4093; x_wconf 88' lang='grc' dir='ltr'>λαϐεῖν</span> <span class='ocrx_word' id='word_1_644' title='bbox 3577 4036 3675 4093; x_wconf 80' lang='grc' dir='ltr'>καὶ</span> 
     </span>
    </p>
   </div>
   <div class='ocr_carea' id='block_1_85' title="bbox 381 4132 1965 4213">
    <p class='ocr_par' dir='ltr' id='par_1_85' title="bbox 381 4137 1965 4210">
     <span class='ocr_line' id='line_1_85' title="bbox 381 4137 1965 4210; baseline -0.005 -12"><span class='ocrx_word' id='word_1_645' title='bbox 381 4143 477 4208; x_wconf 92' lang='lat' dir='ltr'><strong>do,</strong></span> <span class='ocrx_word' id='word_1_646' title='bbox 507 4142 565 4196; x_wconf 91' lang='lat' dir='ltr'><strong>in</strong></span> <span class='ocrx_word' id='word_1_647' title='bbox 595 4141 851 4207; x_wconf 87' lang='lat' dir='ltr'><strong>emendo,</strong></span> <span class='ocrx_word' id='word_1_648' title='bbox 895 4139 1207 4204; x_wconf 89' lang='lat' dir='ltr'><strong>vendendo,</strong></span> <span class='ocrx_word' id='word_1_649' title='bbox 1241 4138 1585 4209; x_wconf 86' lang='lat' dir='ltr'><strong>negotiisque</strong></span> <span class='ocrx_word' id='word_1_650' title='bbox 1610 4137 1885 4210; x_wconf 83' lang='lat' dir='ltr'><strong>gerendis,</strong></span> <span class='ocrx_word' id='word_1_651' title='bbox 1921 4137 1965 4192; x_wconf 83' lang='lat' dir='ltr'><strong>in</strong></span> 
     </span>
    </p>
   </div>
   <div class='ocr_carea' id='block_1_86' title="bbox 2069 4132 3674 4213">
    <p class='ocr_par' dir='ltr' id='par_1_86' title="bbox 2079 4132 3674 4213">
     <span class='ocr_line' id='line_1_86' title="bbox 2079 4132 3674 4213; baseline -0.008 -17"><span class='ocrx_word' id='word_1_652' title='bbox 2079 4140 2372 4213; x_wconf 78' lang='grc' dir='ltr'>ἀγοράζειν</span> <span class='ocrx_word' id='word_1_653' title='bbox 2397 4142 2492 4195; x_wconf 83' lang='grc' dir='ltr'><strong>καὶ</strong></span> <span class='ocrx_word' id='word_1_654' title='bbox 2520 4139 2744 4203; x_wconf 86' lang='grc' dir='ltr'>πωλεῖν,</span> <span class='ocrx_word' id='word_1_655' title='bbox 2773 4134 3283 4211; x_wconf 87' lang='grc' dir='ltr'>πραγματεύεσθαι,</span> <span class='ocrx_word' id='word_1_656' title='bbox 3317 4134 3413 4187; x_wconf 71' lang='grc' dir='ltr'><strong>καὶ</strong></span> <span class='ocrx_word' id='word_1_657' title='bbox 3435 4132 3674 4201; x_wconf 80' lang='grc' dir='ltr'>ἀφυστε-</span> 
     </span>
    </p>
   </div>
   <div class='ocr_carea' id='block_1_87' title="bbox 385 4224 1965 4306">
    <p class='ocr_par' dir='ltr' id='par_1_87' title="bbox 385 4229 1965 4301">
     <span class='ocr_line' id='line_1_87' title="bbox 385 4229 1965 4301; baseline -0.003 -10"><span class='ocrx_word' id='word_1_658' title='bbox 385 4235 698 4291; x_wconf 85' lang='lat' dir='ltr'><strong>fraudando</strong></span> <span class='ocrx_word' id='word_1_659' title='bbox 723 4275 739 4301; x_wconf 91' lang='lat'><strong>,</strong></span> <span class='ocrx_word' id='word_1_660' title='bbox 770 4233 1072 4291; x_wconf 81' lang='lat' dir='ltr'><strong>fenerando</strong></span> <span class='ocrx_word' id='word_1_661' title='bbox 1095 4232 1303 4286; x_wconf 89' lang='lat' dir='ltr'><strong>versuti</strong></span> <span class='ocrx_word' id='word_1_662' title='bbox 1329 4237 1478 4293; x_wconf 90' lang='lat' dir='ltr'><strong>sunt,</strong></span> <span class='ocrx_word' id='word_1_663' title='bbox 1515 4237 1571 4286; x_wconf 85' lang='lat' dir='ltr'><strong>et</strong></span> <span class='ocrx_word' id='word_1_664' title='bbox 1592 4246 1655 4286; x_wconf 82' lang='lat' dir='ltr'><strong>ex</strong></span> <span class='ocrx_word' id='word_1_665' title='bbox 1683 4245 1794 4285; x_wconf 92' lang='lat' dir='ltr'><strong>uno</strong></span> <span class='ocrx_word' id='word_1_666' title='bbox 1817 4229 1965 4286; x_wconf 81' lang='lat' dir='ltr'><strong>oholc</strong></span> 
     </span>
    </p>
   </div>
   <div class='ocr_carea' id='block_1_88' title="bbox 2069 4224 3673 4306">
    <p class='ocr_par' dir='ltr' id='par_1_88' title="bbox 2082 4224 3673 4306">
     <span class='ocr_line' id='line_1_88' title="bbox 2082 4224 3673 4306; baseline -0.006 -19"><span class='ocrx_word' id='word_1_667' title='bbox 2082 4237 2194 4306; x_wconf 83' lang='grc' dir='ltr'>ρεῖν</span> <span class='ocrx_word' id='word_1_668' title='bbox 2227 4233 2297 4288; x_wconf 89' lang='grc' dir='ltr'><strong>τά</strong></span> <span class='ocrx_word' id='word_1_669' title='bbox 2325 4233 2419 4288; x_wconf 90' lang='grc' dir='ltr'><strong>τοῦ</strong></span> <span class='ocrx_word' id='word_1_670' title='bbox 2458 4233 2708 4303; x_wconf 87' lang='grc' dir='ltr'>πλησίον,</span> <span class='ocrx_word' id='word_1_671' title='bbox 2745 4232 2841 4286; x_wconf 77' lang='grc' dir='ltr'>καὶ</span> <span class='ocrx_word' id='word_1_672' title='bbox 2869 4230 3234 4292; x_wconf 86' lang='grc' dir='ltr'>πλεονεκτεῖν,</span> <span class='ocrx_word' id='word_1_673' title='bbox 3261 4226 3358 4281; x_wconf 75' lang='grc' dir='ltr'><strong>καὶ</strong></span> <span class='ocrx_word' id='word_1_674' title='bbox 3388 4224 3673 4287; x_wconf 76' lang='grc' dir='ltr'>δανείζειν,</span> 
     </span>
    </p>
   </div>
   <div class='ocr_carea' id='block_1_89' title="bbox 382 4318 1965 4394">
    <p class='ocr_par' dir='ltr' id='par_1_89' title="bbox 382 4319 1965 4394">
     <span class='ocr_line' id='line_1_89' title="bbox 382 4319 1965 4394; baseline -0.006 -9"><span class='ocrx_word' id='word_1_675' title='bbox 382 4329 524 4385; x_wconf 91' lang='lat' dir='ltr'><strong>duos</strong></span> <span class='ocrx_word' id='word_1_676' title='bbox 551 4326 733 4382; x_wconf 86' lang='lat' dir='ltr'><strong>facere</strong></span> <span class='ocrx_word' id='word_1_677' title='bbox 755 4332 980 4386; x_wconf 89' lang='lat' dir='ltr'><strong>norunt,</strong></span> <span class='ocrx_word' id='word_1_678' title='bbox 1014 4322 1316 4394; x_wconf 86' lang='lat' dir='ltr'><strong>prudentes</strong></span> <span class='ocrx_word' id='word_1_679' title='bbox 1345 4322 1612 4392; x_wconf 88' lang='lat' dir='ltr'><strong>appellari</strong></span> <span class='ocrx_word' id='word_1_680' title='bbox 1640 4323 1841 4377; x_wconf 89' lang='lat' dir='ltr'><strong>solent.</strong></span> <span class='ocrx_word' id='word_1_681' title='bbox 1869 4319 1965 4376; x_wconf 87' lang='lat' dir='ltr'><strong>Sed</strong></span> 
     </span>
    </p>
   </div>
   <div class='ocr_carea' id='block_1_90' title="bbox 2069 4318 3680 4394">
    <p class='ocr_par' dir='ltr' id='par_1_90' title="bbox 2084 4318 3680 4391">
     <span class='ocr_line' id='line_1_90' title="bbox 2084 4318 3680 4391; baseline -0.006 -10"><span class='ocrx_word' id='word_1_682' title='bbox 2084 4327 2179 4382; x_wconf 76' lang='grc' dir='ltr'>καὶ</span> <span class='ocrx_word' id='word_1_683' title='bbox 2202 4327 2293 4381; x_wconf 89' lang='grc' dir='ltr'><strong>τὸν</strong></span> <span class='ocrx_word' id='word_1_684' title='bbox 2322 4327 2421 4382; x_wconf 76' lang='grc' dir='ltr'>ἕνα</span> <span class='ocrx_word' id='word_1_685' title='bbox 2447 4327 2633 4380; x_wconf 83' lang='grc' dir='ltr'>ὀϐολὸν</span> <span class='ocrx_word' id='word_1_686' title='bbox 2659 4328 2835 4379; x_wconf 86' lang='grc' dir='ltr'>ποιεῖν</span> <span class='ocrx_word' id='word_1_687' title='bbox 2856 4321 3205 4386; x_wconf 87' lang='grc' dir='ltr'>δύο,τούτους</span> <span class='ocrx_word' id='word_1_688' title='bbox 3221 4318 3518 4391; x_wconf 85' lang='grc' dir='ltr'>φρονίμους</span> <span class='ocrx_word' id='word_1_689' title='bbox 3545 4319 3680 4372; x_wconf 88' lang='grc' dir='ltr'>ἀπο-</span> 
     </span>
    </p>
   </div>
   <div class='ocr_carea' id='block_1_91' title="bbox 384 4407 1965 4488">
    <p class='ocr_par' dir='ltr' id='par_1_91' title="bbox 384 4413 1965 4488">
     <span class='ocr_line' id='line_1_91' title="bbox 384 4413 1965 4488; baseline -0.004 -12"><span class='ocrx_word' id='word_1_690' title='bbox 384 4420 534 4476; x_wconf 90' lang='lat' dir='ltr'><strong>Deus</strong></span> <span class='ocrx_word' id='word_1_691' title='bbox 556 4420 657 4474; x_wconf 89' lang='lat' dir='ltr'><strong>hos</strong></span> <span class='ocrx_word' id='word_1_692' title='bbox 687 4418 860 4488; x_wconf 88' lang='lat' dir='ltr'><strong>ipsos,</strong></span> <span class='ocrx_word' id='word_1_693' title='bbox 890 4417 1115 4480; x_wconf 86' lang='lat' dir='ltr'><strong>stultos,</strong></span> <span class='ocrx_word' id='word_1_694' title='bbox 1150 4413 1549 4486; x_wconf 88' lang='lat' dir='ltr'><strong>imprudentes,</strong></span> <span class='ocrx_word' id='word_1_695' title='bbox 1584 4420 1638 4469; x_wconf 87' lang='lat' dir='ltr'><strong>et</strong></span> <span class='ocrx_word' id='word_1_696' title='bbox 1659 4421 1965 4485; x_wconf 75' lang='lat' dir='ltr'><strong>peccatore:</strong></span> 
     </span>
    </p>
   </div>
   <div class='ocr_carea' id='block_1_92' title="bbox 2069 4407 3678 4488">
    <p class='ocr_par' dir='ltr' id='par_1_92' title="bbox 2082 4407 3678 4486">
     <span class='ocr_line' id='line_1_92' title="bbox 2082 4407 3678 4486; baseline -0.008 -14"><span class='ocrx_word' id='word_1_697' title='bbox 2082 4416 2374 4472; x_wconf 86' lang='grc' dir='ltr'>καλοῦσιν’</span> <span class='ocrx_word' id='word_1_698' title='bbox 2435 4419 2465 4471; x_wconf 91' lang='lat'><strong>6</strong></span> <span class='ocrx_word' id='word_1_699' title='bbox 2498 4417 2555 4470; x_wconf 85' lang='grc' dir='ltr'>δὲ</span> <span class='ocrx_word' id='word_1_700' title='bbox 2604 4415 2738 4479; x_wconf 85' lang='grc' dir='ltr'>Θεὸς</span> <span class='ocrx_word' id='word_1_701' title='bbox 2786 4413 3004 4486; x_wconf 80' lang='grc' dir='ltr'>μωροὺς</span> <span class='ocrx_word' id='word_1_702' title='bbox 3051 4410 3147 4464; x_wconf 78' lang='grc' dir='ltr'><strong>καὶ</strong></span> <span class='ocrx_word' id='word_1_703' title='bbox 3198 4409 3528 4472; x_wconf 81' lang='grc' dir='ltr'>ἀσυνέτους,</span> <span class='ocrx_word' id='word_1_704' title='bbox 3581 4407 3678 4461; x_wconf 72' lang='grc' dir='ltr'><strong>καὶ</strong></span> 
     </span>
    </p>
   </div>
   <div class='ocr_carea' id='block_1_93' title="bbox 385 4499 1965 4580">
    <p class='ocr_par' dir='ltr' id='par_1_93' title="bbox 385 4506 1965 4580">
     <span class='ocr_line' id='line_1_93' title="bbox 385 4506 1965 4580; baseline -0.006 -11"><span class='ocrx_word' id='word_1_705' title='bbox 385 4518 567 4568; x_wconf 91' lang='lat' dir='ltr'><strong>vocat.</strong></span> <span class='ocrx_word' id='word_1_706' title='bbox 600 4510 745 4565; x_wconf 86' lang='lat' dir='ltr'><strong>Audi</strong></span> <span class='ocrx_word' id='word_1_707' title='bbox 765 4510 937 4576; x_wconf 86' lang='lat' dir='ltr'><strong>enim,</strong></span> <span class='ocrx_word' id='word_1_708' title='bbox 965 4509 1166 4580; x_wconf 86' lang='lat' dir='ltr'><strong>inquit,</strong></span> <span class='ocrx_word' id='word_1_709' title='bbox 1196 4508 1327 4578; x_wconf 90' lang='lat' dir='ltr'><strong>quid</strong></span> <span class='ocrx_word' id='word_1_710' title='bbox 1356 4506 1504 4563; x_wconf 85' lang='lat' dir='ltr'><strong>Deus</strong></span> <span class='ocrx_word' id='word_1_711' title='bbox 1534 4522 1630 4577; x_wconf 89' lang='lat' dir='ltr'><strong>per</strong></span> <span class='ocrx_word' id='word_1_712' title='bbox 1654 4507 1965 4578; x_wconf 84' lang='lat' dir='ltr'><strong>prophetan</strong></span> 
     </span>
    </p>
   </div>
   <div class='ocr_carea' id='block_1_94' title="bbox 2069 4499 3675 4580">
    <p class='ocr_par' dir='ltr' id='par_1_94' title="bbox 2081 4499 3675 4579">
     <span class='ocr_line' id='line_1_94' title="bbox 2081 4499 3675 4579; baseline -0.008 -16"><span class='ocrx_word' id='word_1_713' title='bbox 2081 4508 2441 4579; x_wconf 77' lang='grc' dir='ltr'>ἁμαρτωλοὺς</span> <span class='ocrx_word' id='word_1_714' title='bbox 2468 4508 2596 4572; x_wconf 77' lang='grc' dir='ltr'>τοὺς</span> <span class='ocrx_word' id='word_1_715' title='bbox 2625 4504 2902 4567; x_wconf 89' lang='grc' dir='ltr'>τοιούτους</span> <span class='ocrx_word' id='word_1_716' title='bbox 2935 4501 3111 4557; x_wconf 88' lang='grc' dir='ltr'>καλεῖ.</span> <span class='ocrx_word' id='word_1_717' title='bbox 3141 4502 3339 4555; x_wconf 78' lang='grc' dir='ltr'>’Ἄκουε</span> <span class='ocrx_word' id='word_1_718' title='bbox 3361 4499 3494 4571; x_wconf 82' lang='grc' dir='ltr'>γὰρ,</span> <span class='ocrx_word' id='word_1_719' title='bbox 3519 4500 3675 4571; x_wconf 74' lang='grc' dir='ltr'>φησὶ,</span> 
     </span>
    </p>
   </div>
   <div class='ocr_carea' id='block_1_95' title="bbox 384 4583 1965 4672">
    <p class='ocr_par' dir='ltr' id='par_1_95' title="bbox 384 4600 1965 4672">
     <span class='ocr_line' id='line_1_95' title="bbox 384 4600 1965 4672; baseline -0.004 -10"><span class='ocrx_word' id='word_1_720' title='bbox 384 4604 682 4662; x_wconf 83' lang='lat' dir='ltr'><strong>Jeremiam</strong></span> <span class='ocrx_word' id='word_1_721' title='bbox 712 4603 861 4658; x_wconf 90' lang='lat' dir='ltr'><strong>dicat</strong></span> <span class='ocrx_word' id='word_1_722' title='bbox 893 4621 908 4659; x_wconf 90' lang='lat'><strong>:</strong></span> <span class='ocrx_word' id='word_1_723' title='bbox 938 4620 958 4653; x_wconf 83' lang='grc' dir='ltr'><strong>ι</strong></span> <span class='ocrx_word' id='word_1_724' title='bbox 987 4601 1234 4672; x_wconf 90' lang='lat' dir='ltr'><strong>Populus</strong></span> <span class='ocrx_word' id='word_1_725' title='bbox 1264 4602 1369 4657; x_wconf 89' lang='lat' dir='ltr'><strong>iste</strong></span> <span class='ocrx_word' id='word_1_726' title='bbox 1399 4600 1495 4655; x_wconf 83' lang='lat' dir='ltr'><strong>lilii</strong></span> <span class='ocrx_word' id='word_1_727' title='bbox 1531 4608 1662 4656; x_wconf 90' lang='lat' dir='ltr'><strong>sunt</strong></span> <span class='ocrx_word' id='word_1_728' title='bbox 1681 4600 1965 4670; x_wconf 73' lang='lat' dir='ltr'><strong>prudente:</strong></span> 
     </span>
    </p>
   </div>
   <div class='ocr_carea' id='block_1_96' title="bbox 2069 4583 3675 4672">
    <p class='ocr_par' dir='ltr' id='par_1_96' title="bbox 2080 4583 3675 4668">
     <span class='ocr_line' id='line_1_96' title="bbox 2080 4583 3675 4668; baseline -0.006 -16"><span class='ocrx_word' id='word_1_729' title='bbox 2080 4599 2135 4652; x_wconf 92' lang='grc' dir='ltr'><strong>τί</strong></span> <span class='ocrx_word' id='word_1_730' title='bbox 2155 4598 2321 4662; x_wconf 88' lang='grc' dir='ltr'>αὑτὸς</span> <span class='ocrx_word' id='word_1_731' title='bbox 2347 4600 2376 4652; x_wconf 92' lang='lat'><strong>6</strong></span> <span class='ocrx_word' id='word_1_732' title='bbox 2403 4598 2535 4663; x_wconf 90' lang='grc' dir='ltr'>Θεὸς</span> <span class='ocrx_word' id='word_1_733' title='bbox 2561 4598 2651 4652; x_wconf 87' lang='grc' dir='ltr'><strong>διά</strong></span> <span class='ocrx_word' id='word_1_734' title='bbox 2686 4597 2955 4668; x_wconf 86' lang='grc' dir='ltr'>Ἰερεμίου</span> <span class='ocrx_word' id='word_1_735' title='bbox 2978 4594 3075 4650; x_wconf 89' lang='grc' dir='ltr'><strong>τοῦ</strong></span> <span class='ocrx_word' id='word_1_736' title='bbox 3099 4595 3382 4666; x_wconf 77' lang='grc' dir='ltr'>προφήτου</span> <span class='ocrx_word' id='word_1_737' title='bbox 3404 4583 3638 4664; x_wconf 63' lang='grc' dir='ltr'>ἐἴρηκεν</span> <span class='ocrx_word' id='word_1_738' title='bbox 3660 4609 3675 4622; x_wconf 88' lang='grc'>·</span> 
     </span>
    </p>
   </div>
   <div class='ocr_carea' id='block_1_97' title="bbox 386 4693 1981 4762">
    <p class='ocr_par' dir='ltr' id='par_1_97' title="bbox 386 4693 1981 4762">
     <span class='ocr_line' id='line_1_97' title="bbox 386 4693 1981 4762; baseline -0.003 -8"><span class='ocrx_word' id='word_1_739' title='bbox 386 4699 458 4754; x_wconf 88' lang='lat' dir='ltr'><strong>ad</strong></span> <span class='ocrx_word' id='word_1_740' title='bbox 496 4696 975 4762; x_wconf 80' lang='lat' dir='ltr'><strong>malefaciendum,</strong></span> <span class='ocrx_word' id='word_1_741' title='bbox 1007 4703 1266 4751; x_wconf 84' lang='lat' dir='ltr'><strong>caeterum</strong></span> <span class='ocrx_word' id='word_1_742' title='bbox 1298 4693 1628 4751; x_wconf 81' lang='lat' dir='ltr'><strong>benefacere</strong></span> <span class='ocrx_word' id='word_1_743' title='bbox 1664 4708 1773 4749; x_wconf 93' lang='lat' dir='ltr'><strong>non</strong></span> <span class='ocrx_word' id='word_1_744' title='bbox 1811 4709 1981 4749; x_wconf 90' lang='lat' dir='ltr'><strong>nove-</strong></span> 
     </span>
    </p>
   </div>
   <div class='ocr_carea' id='block_1_98' title="bbox 388 4786 1980 4861">
    <p class='ocr_par' dir='ltr' id='par_1_98' title="bbox 388 4786 1980 4861">
     <span class='ocr_line' id='line_1_98' title="bbox 388 4786 1980 4861; baseline -0.002 -17"><span class='ocrx_word' id='word_1_745' title='bbox 388 4799 521 4845; x_wconf 89' lang='lat' dir='ltr'><strong>runt</strong></span> <span class='ocrx_word' id='word_1_746' title='bbox 542 4789 611 4844; x_wconf 81' lang='lat'><strong>“.</strong></span> <span class='ocrx_word' id='word_1_747' title='bbox 646 4810 666 4843; x_wconf 71' lang='grc' dir='ltr'><strong>ι</strong></span> <span class='ocrx_word' id='word_1_748' title='bbox 700 4789 1013 4861; x_wconf 85' lang='lat' dir='ltr'><strong>Beatusque</strong></span> <span class='ocrx_word' id='word_1_749' title='bbox 1045 4787 1252 4844; x_wconf 91' lang='lat' dir='ltr'><strong>Paulus</strong></span> <span class='ocrx_word' id='word_1_750' title='bbox 1272 4788 1351 4842; x_wconf 89' lang='lat' dir='ltr'><strong>ait</strong></span> <span class='ocrx_word' id='word_1_751' title='bbox 1380 4807 1394 4843; x_wconf 90' lang='lat'><strong>:</strong></span> <span class='ocrx_word' id='word_1_752' title='bbox 1430 4807 1449 4840; x_wconf 79' lang='grc' dir='ltr'><strong>ι</strong></span> <span class='ocrx_word' id='word_1_753' title='bbox 1482 4787 1763 4859; x_wconf 88' lang='lat' dir='ltr'><strong>Sapientia</strong></span> <span class='ocrx_word' id='word_1_754' title='bbox 1788 4786 1980 4841; x_wconf 90' lang='lat' dir='ltr'><strong>mundi</strong></span> 
     </span>
    </p>
   </div>
   <div class='ocr_carea' id='block_1_99' title="bbox 389 4879 1979 4953">
    <p class='ocr_par' dir='ltr' id='par_1_99' title="bbox 389 4879 1979 4953">
     <span class='ocr_line' id='line_1_99' title="bbox 389 4879 1979 4953; baseline -0.003 -15"><span class='ocrx_word' id='word_1_755' title='bbox 389 4882 849 4953; x_wconf 88' lang='lat' dir='ltr'><strong>hujus,.stultitia</strong></span> <span class='ocrx_word' id='word_1_756' title='bbox 878 4888 966 4937; x_wconf 89' lang='lat' dir='ltr'><strong>est</strong></span> <span class='ocrx_word' id='word_1_757' title='bbox 997 4880 1141 4951; x_wconf 90' lang='lat' dir='ltr'><strong>apud</strong></span> <span class='ocrx_word' id='word_1_758' title='bbox 1171 4879 1366 4945; x_wconf 89' lang='lat' dir='ltr'><strong>Deum,</strong></span> <span class='ocrx_word' id='word_1_759' title='bbox 1393 4887 1449 4935; x_wconf 91' lang='lat' dir='ltr'><strong>et</strong></span> <span class='ocrx_word' id='word_1_760' title='bbox 1483 4880 1579 4950; x_wconf 90' lang='lat' dir='ltr'><strong>qui</strong></span> <span class='ocrx_word' id='word_1_761' title='bbox 1609 4880 1726 4934; x_wconf 86' lang='lat' dir='ltr'><strong>vult</strong></span> <span class='ocrx_word' id='word_1_762' title='bbox 1755 4879 1979 4949; x_wconf 89' lang='lat' dir='ltr'><strong>sapiens</strong></span> 
     </span>
    </p>
   </div>
   <div class='ocr_carea' id='block_1_100' title="bbox 388 4969 1978 5044">
    <p class='ocr_par' dir='ltr' id='par_1_100' title="bbox 388 4969 1978 5044">
     <span class='ocr_line' id='line_1_100' title="bbox 388 4969 1978 5044; baseline -0.004 -12"><span class='ocrx_word' id='word_1_763' title='bbox 388 4991 534 5040; x_wconf 85' lang='lat' dir='ltr'><strong>esse,</strong></span> <span class='ocrx_word' id='word_1_764' title='bbox 589 4974 685 5030; x_wconf 88' lang='lat' dir='ltr'><strong>ﬁat</strong></span> <span class='ocrx_word' id='word_1_765' title='bbox 721 4974 948 5040; x_wconf 88' lang='lat' dir='ltr'><strong>stultus,</strong></span> <span class='ocrx_word' id='word_1_766' title='bbox 994 4981 1055 5028; x_wconf 87' lang='lat' dir='ltr'><strong>ut</strong></span> <span class='ocrx_word' id='word_1_767' title='bbox 1096 4973 1318 5044; x_wconf 89' lang='lat' dir='ltr'><strong>sapiens</strong></span> <span class='ocrx_word' id='word_1_768' title='bbox 1364 4971 1633 5028; x_wconf 74' lang='lat' dir='ltr'><strong>efﬁciatur</strong></span> <span class='ocrx_word' id='word_1_769' title='bbox 1650 4971 1721 5023; x_wconf 69' lang='grc'><strong>⁸⁷.</strong></span> <span class='ocrx_word' id='word_1_770' title='bbox 1759 4990 1780 5024; x_wconf 76' lang='grc' dir='ltr'><strong>ι</strong></span> <span class='ocrx_word' id='word_1_771' title='bbox 1830 4969 1978 5026; x_wconf 89' lang='lat' dir='ltr'><strong>Idem</strong></span> 
     </span>
    </p>
   </div>
   <div class='ocr_carea' id='block_1_101' title="bbox 386 5062 1977 5138">
    <p class='ocr_par' dir='ltr' id='par_1_101' title="bbox 386 5062 1977 5138">
     <span class='ocr_line' id='line_1_101' title="bbox 386 5062 1977 5138; baseline -0.006 -11"><span class='ocrx_word' id='word_1_772' title='bbox 386 5083 588 5127; x_wconf 88' lang='lat' dir='ltr'><strong>rursus</strong></span> <span class='ocrx_word' id='word_1_773' title='bbox 634 5068 748 5125; x_wconf 86' lang='lat' dir='ltr'><strong>ait:</strong></span> <span class='ocrx_word' id='word_1_774' title='bbox 781 5086 800 5120; x_wconf 80' lang='grc' dir='ltr'><strong>ι</strong></span> <span class='ocrx_word' id='word_1_775' title='bbox 833 5066 1080 5133; x_wconf 88' lang='lat' dir='ltr'><strong>Fratres,</strong></span> <span class='ocrx_word' id='word_1_776' title='bbox 1128 5081 1200 5122; x_wconf 91' lang='lat' dir='ltr'><strong>ne</strong></span> <span class='ocrx_word' id='word_1_777' title='bbox 1254 5065 1411 5138; x_wconf 92' lang='lat' dir='ltr'><strong>pueri</strong></span> <span class='ocrx_word' id='word_1_778' title='bbox 1465 5065 1588 5120; x_wconf 90' lang='lat' dir='ltr'><strong>sitis</strong></span> <span class='ocrx_word' id='word_1_779' title='bbox 1627 5064 1833 5131; x_wconf 91' lang='lat' dir='ltr'><strong>animo,</strong></span> <span class='ocrx_word' id='word_1_780' title='bbox 1878 5062 1977 5120; x_wconf 90' lang='lat' dir='ltr'><strong>sed</strong></span> 
     </span>
    </p>
   </div>
   <div class='ocr_carea' id='block_1_102' title="bbox 2087 4683 3678 4762">
    <p class='ocr_par' dir='ltr' id='par_1_102' title="bbox 2087 4683 3678 4762">
     <span class='ocr_line' id='line_1_102' title="bbox 2087 4683 3678 4762; baseline -0.006 -18"><span class='ocrx_word' id='word_1_781' title='bbox 2087 4710 2108 4744; x_wconf 69' lang='grc' dir='ltr'><strong>ε</strong></span> <span class='ocrx_word' id='word_1_782' title='bbox 2161 4692 2220 4745; x_wconf 83' lang='grc' dir='ltr'>Ὁ</span> <span class='ocrx_word' id='word_1_783' title='bbox 2246 4691 2374 4756; x_wconf 88' lang='grc' dir='ltr'>λαὸς</span> <span class='ocrx_word' id='word_1_784' title='bbox 2397 4685 2552 4756; x_wconf 78' lang='grc' dir='ltr'>οὗτος</span> <span class='ocrx_word' id='word_1_785' title='bbox 2580 4691 2687 4745; x_wconf 70' lang='grc' dir='ltr'>υἱοὶ</span> <span class='ocrx_word' id='word_1_786' title='bbox 2712 4689 2947 4762; x_wconf 84' lang='grc' dir='ltr'>ἄφρονές</span> <span class='ocrx_word' id='word_1_787' title='bbox 2976 4689 3083 4741; x_wconf 81' lang='grc' dir='ltr'>εἰσι</span> <span class='ocrx_word' id='word_1_788' title='bbox 3111 4686 3223 4756; x_wconf 74' lang='grc'><strong>(91)</strong></span> <span class='ocrx_word' id='word_1_789' title='bbox 3262 4684 3357 4739; x_wconf 85' lang='grc' dir='ltr'><strong>τοῦ</strong></span> <span class='ocrx_word' id='word_1_790' title='bbox 3382 4683 3678 4754; x_wconf 75' lang='grc' dir='ltr'>κακοποιῆ-</span> 
     </span>
    </p>
   </div>
   <div class='ocr_carea' id='block_1_103' title="bbox 2084 4777 3678 4853">
    <p class='ocr_par' dir='ltr' id='par_1_103' title="bbox 2084 4777 3678 4853">
     <span class='ocr_line' id='line_1_103' title="bbox 2084 4777 3678 4853; baseline -0.006 -14"><span class='ocrx_word' id='word_1_791' title='bbox 2084 4801 2174 4839; x_wconf 90' lang='grc' dir='ltr'><strong>σαι</strong></span> <span class='ocrx_word' id='word_1_792' title='bbox 2196 4801 2210 4817; x_wconf 76' lang='grc' dir='ltr'><strong>ο</strong></span> <span class='ocrx_word' id='word_1_793' title='bbox 2243 4784 2307 4838; x_wconf 89' lang='grc' dir='ltr'><strong>τὸ</strong></span> <span class='ocrx_word' id='word_1_794' title='bbox 2345 4785 2403 4839; x_wconf 84' lang='grc' dir='ltr'><strong>δὲ</strong></span> <span class='ocrx_word' id='word_1_795' title='bbox 2440 4784 2605 4839; x_wconf 80' lang='grc' dir='ltr'>καλὸν</span> <span class='ocrx_word' id='word_1_796' title='bbox 2636 4782 2864 4853; x_wconf 84' lang='grc' dir='ltr'>ποιῆσαι</span> <span class='ocrx_word' id='word_1_797' title='bbox 2903 4782 3005 4835; x_wconf 83' lang='grc' dir='ltr'><strong>οὐκ</strong></span> <span class='ocrx_word' id='word_1_798' title='bbox 3037 4779 3376 4849; x_wconf 74' lang='grc' dir='ltr'>ἐπέγνωσαν.</span> <span class='ocrx_word' id='word_1_799' title='bbox 3424 4796 3443 4829; x_wconf 71' lang='grc' dir='ltr'><strong>ι</strong></span> <span class='ocrx_word' id='word_1_800' title='bbox 3492 4777 3605 4830; x_wconf 76' lang='grc' dir='ltr'>Καὶ</span> <span class='ocrx_word' id='word_1_801' title='bbox 3649 4777 3678 4829; x_wconf 87' lang='grc' dir='ltr'><strong>ὁ</strong></span> 
     </span>
    </p>
   </div>
   <div class='ocr_carea' id='block_1_104' title="bbox 2088 4867 3676 4953">
    <p class='ocr_par' dir='ltr' id='par_1_104' title="bbox 2088 4867 3676 4953">
     <span class='ocr_line' id='line_1_104' title="bbox 2088 4867 3676 4953; baseline -0.009 -18"><span class='ocrx_word' id='word_1_802' title='bbox 2088 4879 2357 4953; x_wconf 80' lang='grc' dir='ltr'>μακάριος</span> <span class='ocrx_word' id='word_1_803' title='bbox 2399 4876 2615 4942; x_wconf 88' lang='grc' dir='ltr'>Παῦλος</span> <span class='ocrx_word' id='word_1_804' title='bbox 2637 4893 2652 4909; x_wconf 70' lang='grc'><strong>⁸</strong></span> <span class='ocrx_word' id='word_1_805' title='bbox 2706 4896 2727 4929; x_wconf 74' lang='grc' dir='ltr'><strong>ι</strong></span> <span class='ocrx_word' id='word_1_806' title='bbox 2783 4877 2848 4930; x_wconf 87' lang='grc' dir='ltr'>Ἡ</span> <span class='ocrx_word' id='word_1_807' title='bbox 2895 4874 3059 4945; x_wconf 86' lang='grc' dir='ltr'>σοφία</span> <span class='ocrx_word' id='word_1_808' title='bbox 3096 4871 3192 4926; x_wconf 88' lang='grc' dir='ltr'><strong>τοῦ</strong></span> <span class='ocrx_word' id='word_1_809' title='bbox 3239 4871 3446 4943; x_wconf 87' lang='grc' dir='ltr'>κόσμου</span> <span class='ocrx_word' id='word_1_810' title='bbox 3483 4867 3676 4923; x_wconf 82' lang='grc' dir='ltr'>τούτου</span> 
     </span>
    </p>
   </div>
   <div class='ocr_carea' id='block_1_105' title="bbox 2089 4960 3679 5043">
    <p class='ocr_par' dir='ltr' id='par_1_105' title="bbox 2089 4960 3679 5043">
     <span class='ocr_line' id='line_1_105' title="bbox 2089 4960 3679 5043; baseline -0.006 -20"><span class='ocrx_word' id='word_1_811' title='bbox 2089 4970 2273 5043; x_wconf 82' lang='grc' dir='ltr'>μωρία</span> <span class='ocrx_word' id='word_1_812' title='bbox 2310 4970 2463 5042; x_wconf 80' lang='grc' dir='ltr'>παρὰ</span> <span class='ocrx_word' id='word_1_813' title='bbox 2508 4969 2588 5041; x_wconf 82' lang='grc' dir='ltr'>τῷ</span> <span class='ocrx_word' id='word_1_814' title='bbox 2617 4967 2738 5040; x_wconf 88' lang='grc' dir='ltr'>Θεῷ</span> <span class='ocrx_word' id='word_1_815' title='bbox 2783 4969 2922 5032; x_wconf 83' lang='grc' dir='ltr'>ἐστι,</span> <span class='ocrx_word' id='word_1_816' title='bbox 2966 4965 3064 5020; x_wconf 77' lang='grc' dir='ltr'><strong>καὶ</strong></span> <span class='ocrx_word' id='word_1_817' title='bbox 3094 4967 3124 5019; x_wconf 93' lang='lat'><strong>6</strong></span> <span class='ocrx_word' id='word_1_818' title='bbox 3169 4962 3339 5018; x_wconf 83' lang='grc' dir='ltr'>θέλων</span> <span class='ocrx_word' id='word_1_819' title='bbox 3385 4960 3550 5031; x_wconf 84' lang='grc' dir='ltr'>σοφὸς</span> <span class='ocrx_word' id='word_1_820' title='bbox 3585 4975 3679 5029; x_wconf 88' lang='grc' dir='ltr'>γε·</span> 
     </span>
    </p>
   </div>
   <div class='ocr_carea' id='block_1_106' title="bbox 2096 5048 3681 5132">
    <p class='ocr_par' dir='ltr' id='par_1_106' title="bbox 2096 5048 3681 5132">
     <span class='ocr_line' id='line_1_106' title="bbox 2096 5048 3681 5132; baseline -0.004 -19"><span class='ocrx_word' id='word_1_821' title='bbox 2096 5061 2272 5116; x_wconf 83' lang='grc' dir='ltr'>,νέσθαι</span> <span class='ocrx_word' id='word_1_822' title='bbox 2300 5059 2483 5132; x_wconf 89' lang='grc' dir='ltr'>μωρὸς</span> <span class='ocrx_word' id='word_1_823' title='bbox 2508 5058 2775 5129; x_wconf 88' lang='grc' dir='ltr'>γενέσθω,</span> <span class='ocrx_word' id='word_1_824' title='bbox 2801 5057 2891 5113; x_wconf 79' lang='grc' dir='ltr'>ἵνα</span> <span class='ocrx_word' id='word_1_825' title='bbox 2917 5056 3144 5129; x_wconf 87' lang='grc' dir='ltr'>γένηται</span> <span class='ocrx_word' id='word_1_826' title='bbox 3170 5052 3354 5124; x_wconf 78' lang='grc' dir='ltr'>σοφός.</span> <span class='ocrx_word' id='word_1_827' title='bbox 3395 5072 3414 5108; x_wconf 75' lang='grc' dir='ltr'><strong>ι</strong></span> <span class='ocrx_word' id='word_1_828' title='bbox 3443 5050 3555 5106; x_wconf 74' lang='grc' dir='ltr'><strong>Καὶ</strong></span> <span class='ocrx_word' id='word_1_829' title='bbox 3576 5048 3681 5107; x_wconf 75' lang='grc' dir='ltr'><strong>πᾶ-</strong></span> 
     </span>
    </p>
   </div>
   <div class='ocr_carea' id='block_1_107' title="bbox 459 5217 1965 5294">
    <p class='ocr_par' dir='ltr' id='par_1_107' title="bbox 459 5220 1965 5294">
     <span class='ocr_line' id='line_1_107' title="bbox 459 5220 1965 5294; baseline -0.005 -9"><span class='ocrx_word' id='word_1_830' title='bbox 459 5229 509 5263; x_wconf 70' lang='lat'><strong>“</strong></span> <span class='ocrx_word' id='word_1_831' title='bbox 542 5226 706 5285; x_wconf 80' lang='lat' dir='ltr'><strong>Joan.</strong></span> <span class='ocrx_word' id='word_1_832' title='bbox 740 5242 908 5294; x_wconf 83' lang='lat' dir='ltr'><strong>xvnr,</strong></span> <span class='ocrx_word' id='word_1_833' title='bbox 937 5227 1029 5285; x_wconf 76' lang='lat'><strong>25.</strong></span> <span class='ocrx_word' id='word_1_834' title='bbox 1104 5227 1150 5259; x_wconf 77' lang='lat'><strong><em>“</em></strong></span> <span class='ocrx_word' id='word_1_835' title='bbox 1190 5226 1209 5281; x_wconf 94' lang='lat' dir='ltr'><strong>I</strong></span> <span class='ocrx_word' id='word_1_836' title='bbox 1245 5225 1394 5282; x_wconf 88' lang='lat' dir='ltr'><strong>Petr.</strong></span> <span class='ocrx_word' id='word_1_837' title='bbox 1426 5240 1464 5279; x_wconf 90' lang='grc' dir='ltr'><strong>ιι</strong></span> <span class='ocrx_word' id='word_1_838' title='bbox 1490 5263 1506 5291; x_wconf 91' lang='grc'><strong>,</strong></span> <span class='ocrx_word' id='word_1_839' title='bbox 1534 5223 1629 5280; x_wconf 73' lang='grc'><strong>21.</strong></span> <span class='ocrx_word' id='word_1_840' title='bbox 1702 5222 1749 5255; x_wconf 72' lang='grc'><strong>⁸⁸</strong></span> <span class='ocrx_word' id='word_1_841' title='bbox 1786 5220 1965 5279; x_wconf 78' lang='lat' dir='ltr'><strong>Jerem</strong></span> 
     </span>
    </p>
   </div>
   <div class='ocr_carea' id='block_1_108' title="bbox 2069 5217 2958 5294">
    <p class='ocr_par' dir='ltr' id='par_1_108' title="bbox 2069 5217 2958 5290">
     <span class='ocr_line' id='line_1_108' title="bbox 2069 5217 2958 5290; baseline -0.006 -13"><span class='ocrx_word' id='word_1_842' title='bbox 2069 5240 2099 5290; x_wconf 75' lang='grc' dir='ltr'>ν,</span> <span class='ocrx_word' id='word_1_843' title='bbox 2130 5222 2222 5279; x_wconf 67' lang='grc'><strong>22.</strong></span> <span class='ocrx_word' id='word_1_844' title='bbox 2301 5221 2346 5254; x_wconf 70' lang='grc'><strong>⁸⁷</strong></span> <span class='ocrx_word' id='word_1_845' title='bbox 2386 5221 2405 5276; x_wconf 88' lang='grc'><strong>1</strong></span> <span class='ocrx_word' id='word_1_846' title='bbox 2437 5219 2564 5278; x_wconf 88' lang='lat' dir='ltr'><strong>Cor.</strong></span> <span class='ocrx_word' id='word_1_847' title='bbox 2589 5235 2686 5287; x_wconf 86' lang='grc' dir='ltr'>ιιι,</span> <span class='ocrx_word' id='word_1_848' title='bbox 2725 5218 2829 5284; x_wconf 81' lang='lat' dir='ltr'><strong>IS,</strong></span> <span class='ocrx_word' id='word_1_849' title='bbox 2864 5217 2958 5273; x_wconf 74' lang='lat' dir='ltr'><strong>I9.</strong></span> 
     </span>
    </p>
   </div>
   <div class='ocr_carea' id='block_1_109' title="bbox 465 5344 1991 5440">
    <p class='ocr_par' dir='ltr' id='par_1_109' title="bbox 465 5344 1991 5440">
     <span class='ocr_line' id='line_1_109' title="bbox 465 5344 1991 5440; baseline -0.006 -16"><span class='ocrx_word' id='word_1_850' title='bbox 465 5365 579 5440; x_wconf 86' lang='grc'><strong>(89)</strong></span> <span class='ocrx_word' id='word_1_851' title='bbox 620 5365 774 5440; x_wconf 85' lang='lat' dir='ltr'><strong>Fele.</strong></span> <span class='ocrx_word' id='word_1_852' title='bbox 810 5366 1134 5440; x_wconf 42' lang='lat' dir='ltr'><strong>secundus,</strong></span> <span class='ocrx_word' id='word_1_853' title='bbox 1157 5362 1574 5440; x_wconf 56' lang='grc' dir='ltr'>περιφέρεσθαι.</span> <span class='ocrx_word' id='word_1_854' title='bbox 1615 5344 1768 5440; x_wconf 56' lang='lat' dir='ltr'><strong>Mox,</strong></span> <span class='ocrx_word' id='word_1_855' title='bbox 1798 5361 1991 5440; x_wconf 68' lang='lat' dir='ltr'><strong>Angli:</strong></span> 
     </span>
    </p>
   </div>
   <div class='ocr_carea' id='block_1_110' title="bbox 393 5431 1989 5510">
    <p class='ocr_par' dir='ltr' id='par_1_110' title="bbox 393 5431 1989 5510">
     <span class='ocr_line' id='line_1_110' title="bbox 393 5431 1989 5510; baseline -0.004 -18"><span class='ocrx_word' id='word_1_856' title='bbox 393 5431 590 5510; x_wconf 62' lang='lat' dir='ltr'><strong>canus,</strong></span> <span class='ocrx_word' id='word_1_857' title='bbox 620 5439 755 5510; x_wconf 83' lang='grc' dir='ltr'>μηδὲ</span> <span class='ocrx_word' id='word_1_858' title='bbox 777 5437 837 5492; x_wconf 86' lang='grc' dir='ltr'><strong>τὸ</strong></span> <span class='ocrx_word' id='word_1_859' title='bbox 860 5439 1066 5510; x_wconf 69' lang='grc' dir='ltr'>γήϊνον.</span> <span class='ocrx_word' id='word_1_860' title='bbox 1102 5431 1276 5510; x_wconf 74' lang='lat' dir='ltr'><strong>Paulo</strong></span> <span class='ocrx_word' id='word_1_861' title='bbox 1303 5431 1456 5510; x_wconf 79' lang='lat' dir='ltr'><strong>post,</strong></span> <span class='ocrx_word' id='word_1_862' title='bbox 1479 5433 1610 5510; x_wconf 79' lang='lat' dir='ltr'><strong>edit.</strong></span> <span class='ocrx_word' id='word_1_863' title='bbox 1617 5472 1636 5510; x_wconf 81' lang='lat'><strong>_,</strong></span> <span class='ocrx_word' id='word_1_864' title='bbox 1664 5433 1801 5510; x_wconf 61' lang='grc' dir='ltr'>ὑπερ</span> <span class='ocrx_word' id='word_1_865' title='bbox 1823 5431 1989 5487; x_wconf 84' lang='grc' dir='ltr'>αὑτοῦ</span> 
     </span>
    </p>
   </div>
   <div class='ocr_carea' id='block_1_111' title="bbox 399 5504 1991 5637">
    <p class='ocr_par' dir='ltr' id='par_1_111' title="bbox 399 5504 1991 5637">
     <span class='ocr_line' id='line_1_111' title="bbox 399 5504 1991 5637; baseline -0.004 -75"><span class='ocrx_word' id='word_1_866' title='bbox 681 5504 839 5581; x_wconf 87' lang='grc' dir='ltr'>βαστ.</span> <span class='ocrx_word' id='word_1_867' title='bbox 874 5504 983 5564; x_wconf 67' lang='lat' dir='ltr'><strong>sed</strong></span> <span class='ocrx_word' id='word_1_868' title='bbox 1017 5507 1272 5579; x_wconf 84' lang='grc' dir='ltr'>βουλήσει</span> <span class='ocrx_word' id='word_1_869' title='bbox 1304 5504 1462 5563; x_wconf 71' lang='lat' dir='ltr'><strong>abest</strong></span> <span class='ocrx_word' id='word_1_870' title='bbox 1511 5505 1581 5560; x_wconf 87' lang='lat' dir='ltr'><strong>ab</strong></span> <span class='ocrx_word' id='word_1_871' title='bbox 1602 5504 1905 5576; x_wconf 70' lang='lat' dir='ltr'><strong>AttgliCano</strong></span> <span class='ocrx_word' id='word_1_872' title='bbox 1935 5509 1991 5557; x_wconf 77' lang='lat' dir='ltr'><strong>et</strong></span> 
     </span>
    </p>
   </div>
   <div class='ocr_carea' id='block_1_112' title="bbox 470 5646 1742 5755">
    <p class='ocr_par' dir='ltr' id='par_1_112' title="bbox 470 5646 1742 5755">
     <span class='ocr_line' id='line_1_112' title="bbox 470 5646 1454 5755; baseline -0.006 -50"><span class='ocrx_word' id='word_1_873' title='bbox 470 5647 586 5755; x_wconf 53' lang='lat'><strong>$90)</strong></span> <span class='ocrx_word' id='word_1_874' title='bbox 626 5649 967 5712; x_wconf 81' lang='lat' dir='ltr'><strong>Basiliensis,</strong></span> <span class='ocrx_word' id='word_1_875' title='bbox 997 5646 1454 5709; x_wconf 85' lang='grc' dir='ltr'>ἀκαταπαύστως.</span> 
     </span>
     <span class='ocr_line' id='line_1_113' title="bbox 500 5714 1742 5755; baseline 0 0"><span class='ocrx_word' id='word_1_876' title='bbox 500 5720 591 5755; x_wconf 76' lang='grc' dir='ltr'><strong>αιι</strong></span> <span class='ocrx_word' id='word_1_877' title='bbox 629 5721 746 5755; x_wconf 68' lang='grc' dir='ltr'><strong>ῐὲιη.</strong></span> <span class='ocrx_word' id='word_1_878' title='bbox 782 5720 927 5755; x_wconf 65' lang='lat' dir='ltr'><strong>Annal</strong></span> <span class='ocrx_word' id='word_1_879' title='bbox 961 5719 1018 5755; x_wconf 72' lang='lat' dir='ltr'><strong>in</strong></span> <span class='ocrx_word' id='word_1_880' title='bbox 1054 5718 1257 5755; x_wconf 63' lang='lat' dir='ltr'><strong>Analin,</strong></span> <span class='ocrx_word' id='word_1_881' title='bbox 1294 5716 1427 5755; x_wconf 63' lang='lat' dir='ltr'><strong>Ibid,</strong></span> <span class='ocrx_word' id='word_1_882' title='bbox 1456 5730 1570 5755; x_wconf 70' lang='lat' dir='ltr'><strong>mel</strong></span> <span class='ocrx_word' id='word_1_883' title='bbox 1622 5723 1678 5755; x_wconf 79' lang='lat' dir='ltr'><strong>nl</strong></span> <span class='ocrx_word' id='word_1_884' title='bbox 1731 5714 1742 5755; x_wconf 78' lang='grc' dir='ltr'><strong>ἰ</strong></span> 
     </span>
    </p>
   </div>
   <div class='ocr_carea' id='block_1_113' title="bbox 479 5716 1988 5794">
    <p class='ocr_par' dir='ltr' id='par_1_113' title="bbox 479 5716 1988 5794">
     <span class='ocr_line' id='line_1_114' title="bbox 479 5716 1988 5794; baseline -0.004 -17"><span class='ocrx_word' id='word_1_885' title='bbox 479 5716 591 5794; x_wconf 76' lang='lat' dir='ltr'><strong>(9i)</strong></span> <span class='ocrx_word' id='word_1_886' title='bbox 629 5721 749 5775; x_wconf 84' lang='grc' dir='ltr'>Εισι</span> <span class='ocrx_word' id='word_1_887' title='bbox 782 5720 933 5779; x_wconf 84' lang='lat' dir='ltr'><strong>deest</strong></span> <span class='ocrx_word' id='word_1_888' title='bbox 961 5719 1022 5775; x_wconf 90' lang='lat' dir='ltr'><strong>in</strong></span> <span class='ocrx_word' id='word_1_889' title='bbox 1046 5718 1263 5792; x_wconf 84' lang='lat' dir='ltr'><strong>Anglic.</strong></span> <span class='ocrx_word' id='word_1_890' title='bbox 1294 5716 1431 5775; x_wconf 85' lang='lat' dir='ltr'><strong>Ibid.</strong></span> <span class='ocrx_word' id='word_1_891' title='bbox 1456 5730 1590 5773; x_wconf 83' lang='lat' dir='ltr'><strong>mss.</strong></span> <span class='ocrx_word' id='word_1_892' title='bbox 1622 5723 1681 5773; x_wconf 91' lang='lat' dir='ltr'><strong>ut</strong></span> <span class='ocrx_word' id='word_1_893' title='bbox 1730 5716 1788 5772; x_wconf 89' lang='lat' dir='ltr'><strong>in</strong></span> <span class='ocrx_word' id='word_1_894' title='bbox 1814 5719 1988 5772; x_wconf 81' lang='lat' dir='ltr'><strong>textu.</strong></span> 
     </span>
    </p>
   </div>
   <div class='ocr_carea' id='block_1_114' title="bbox 2094 5348 3685 5428">
    <p class='ocr_par' dir='ltr' id='par_1_114' title="bbox 2094 5348 3685 5428">
     <span class='ocr_line' id='line_1_115' title="bbox 2094 5348 3685 5428; baseline -0.009 -12"><span class='ocrx_word' id='word_1_895' title='bbox 2094 5361 2239 5417; x_wconf 89' lang='lat' dir='ltr'><strong>Editi</strong></span> <span class='ocrx_word' id='word_1_896' title='bbox 2273 5378 2424 5427; x_wconf 90' lang='lat' dir='ltr'><strong>vero,</strong></span> <span class='ocrx_word' id='word_1_897' title='bbox 2466 5361 2526 5415; x_wconf 84' lang='grc' dir='ltr'><strong>τὸ</strong></span> <span class='ocrx_word' id='word_1_898' title='bbox 2564 5360 2623 5414; x_wconf 80' lang='grc' dir='ltr'>δὲ</span> <span class='ocrx_word' id='word_1_899' title='bbox 2661 5358 2909 5428; x_wconf 79' lang='grc' dir='ltr'>ἔγνωσαν</span> <span class='ocrx_word' id='word_1_900' title='bbox 2948 5355 3114 5428; x_wconf 79' lang='grc' dir='ltr'>καλὸν</span> <span class='ocrx_word' id='word_1_901' title='bbox 3141 5352 3367 5423; x_wconf 83' lang='grc' dir='ltr'>ποιῆσαι</span> <span class='ocrx_word' id='word_1_902' title='bbox 3394 5350 3498 5428; x_wconf 77' lang='grc' dir='ltr'><strong>οὐκ</strong></span> <span class='ocrx_word' id='word_1_903' title='bbox 3520 5348 3685 5428; x_wconf 44' lang='lat' dir='ltr'><strong>easy.</strong></span> 
     </span>
    </p>
   </div>
   <div class='ocr_carea' id='block_1_115' title="bbox 2095 5423 3680 5501">
    <p class='ocr_par' dir='ltr' id='par_1_115' title="bbox 2095 5423 3680 5501">
     <span class='ocr_line' id='line_1_116' title="bbox 2095 5423 3680 5501; baseline -0.005 -14"><span class='ocrx_word' id='word_1_904' title='bbox 2095 5433 2325 5497; x_wconf 88' lang='lat' dir='ltr'><strong>Ibidem,</strong></span> <span class='ocrx_word' id='word_1_905' title='bbox 2356 5423 2551 5501; x_wconf 79' lang='lat' dir='ltr'><strong>Basil.,</strong></span> <span class='ocrx_word' id='word_1_906' title='bbox 2592 5423 2980 5501; x_wconf 72' lang='grc' dir='ltr'>οὐχ’έγνωσαν.</span> <span class='ocrx_word' id='word_1_907' title='bbox 3028 5427 3131 5501; x_wconf 63' lang='lat' dir='ltr'><strong>Hic</strong></span> <span class='ocrx_word' id='word_1_908' title='bbox 3168 5432 3352 5501; x_wconf 80' lang='lat' dir='ltr'><strong>autem</strong></span> <span class='ocrx_word' id='word_1_909' title='bbox 3394 5423 3551 5477; x_wconf 87' lang='lat' dir='ltr'><strong>locus</strong></span> <span class='ocrx_word' id='word_1_910' title='bbox 3582 5424 3680 5501; x_wconf 83' lang='lat' dir='ltr'><strong>hic</strong></span> 
     </span>
    </p>
   </div>
   <div class='ocr_carea' id='block_1_116' title="bbox 2097 5494 3678 5621">
    <p class='ocr_par' dir='ltr' id='par_1_116' title="bbox 2097 5494 3678 5621">
     <span class='ocr_line' id='line_1_117' title="bbox 2097 5494 3678 5621; baseline -0.009 -61"><span class='ocrx_word' id='word_1_911' title='bbox 2097 5494 2328 5561; x_wconf 84' lang='lat' dir='ltr'><strong>mutilus</strong></span> <span class='ocrx_word' id='word_1_912' title='bbox 2366 5494 2595 5559; x_wconf 78' lang='lat' dir='ltr'><strong>aﬂ‘ertur</strong></span> <span class='ocrx_word' id='word_1_913' title='bbox 2621 5494 2788 5557; x_wconf 84' lang='lat' dir='ltr'><strong>etiam</strong></span> <span class='ocrx_word' id='word_1_914' title='bbox 2818 5499 2964 5571; x_wconf 86' lang='lat' dir='ltr'><strong>quod</strong></span> <span class='ocrx_word' id='word_1_915' title='bbox 2989 5496 3056 5553; x_wconf 89' lang='lat' dir='ltr'><strong>ad</strong></span> <span class='ocrx_word' id='word_1_916' title='bbox 3080 5494 3410 5582; x_wconf 79' lang='lat' dir='ltr'><strong>sententiam</strong></span> <span class='ocrx_word' id='word_1_917' title='bbox 3430 5500 3678 5621; x_wconf 51' lang='lat' dir='ltr'><strong>spectat,</strong></span> 
     </span>
     <span class='ocr_line' id='line_1_118' title="bbox 2097 5563 3678 5621; baseline 0 0"><span class='ocrx_word' id='word_1_918' title='bbox 2097 5591 2223 5621; x_wconf 77' lang='lat' dir='ltr'><strong>nam</strong></span> <span class='ocrx_word' id='word_1_919' title='bbox 2258 5576 2341 5621; x_wconf 72' lang='lat' dir='ltr'><strong>sic</strong></span> <span class='ocrx_word' id='word_1_920' title='bbox 2367 5575 2659 5621; x_wconf 70' lang='lat' dir='ltr'><strong>habentur.</strong></span> <span class='ocrx_word' id='word_1_921' title='bbox 2687 5571 2890 5621; x_wconf 68' lang='lat' dir='ltr'><strong>larem.</strong></span> <span class='ocrx_word' id='word_1_922' title='bbox 2924 5585 3002 5621; x_wconf 82' lang='lat' dir='ltr'><strong>Iv.</strong></span> <span class='ocrx_word' id='word_1_923' title='bbox 3035 5567 3127 5621; x_wconf 74' lang='grc'><strong>21.</strong></span> <span class='ocrx_word' id='word_1_924' title='bbox 3155 5568 3265 5621; x_wconf 79' lang='grc' dir='ltr'><strong>υίοι</strong></span> <span class='ocrx_word' id='word_1_925' title='bbox 3287 5564 3429 5621; x_wconf 75' lang='grc' dir='ltr'>ᾶσρο</span> <span class='ocrx_word' id='word_1_926' title='bbox 3491 5580 3521 5621; x_wconf 82' lang='grc' dir='ltr'><strong>ς</strong></span> <span class='ocrx_word' id='word_1_927' title='bbox 3550 5563 3678 5621; x_wconf 79' lang='grc' dir='ltr'>εισι.</span> 
     </span>
    </p>
   </div>
   <div class='ocr_carea' id='block_1_117' title="bbox 2096 5563 3687 5638">
    <p class='ocr_par' dir='ltr' id='par_1_117' title="bbox 2096 5563 3687 5638">
     <span class='ocr_line' id='line_1_119' title="bbox 2096 5563 3687 5638; baseline -0.007 -9"><span class='ocrx_word' id='word_1_928' title='bbox 2096 5591 2225 5631; x_wconf 89' lang='lat' dir='ltr'><strong>nam</strong></span> <span class='ocrx_word' id='word_1_929' title='bbox 2258 5576 2341 5631; x_wconf 88' lang='lat' dir='ltr'><strong>sic</strong></span> <span class='ocrx_word' id='word_1_930' title='bbox 2367 5575 2659 5637; x_wconf 88' lang='lat' dir='ltr'><strong>habentur,</strong></span> <span class='ocrx_word' id='word_1_931' title='bbox 2687 5563 2890 5627; x_wconf 78' lang='lat' dir='ltr'><strong>Jerem.</strong></span> <span class='ocrx_word' id='word_1_932' title='bbox 2924 5585 3002 5634; x_wconf 80' lang='grc' dir='ltr'><strong>ιν,</strong></span> <span class='ocrx_word' id='word_1_933' title='bbox 3035 5567 3127 5633; x_wconf 74' lang='lat' dir='ltr'><strong>2i,</strong></span> <span class='ocrx_word' id='word_1_934' title='bbox 3155 5566 3265 5621; x_wconf 69' lang='grc' dir='ltr'>υἱοὶ</span> <span class='ocrx_word' id='word_1_935' title='bbox 3287 5563 3521 5638; x_wconf 75' lang='grc' dir='ltr'>ἄφρονές</span> <span class='ocrx_word' id='word_1_936' title='bbox 3550 5563 3687 5638; x_wconf 76' lang='grc' dir='ltr'>εισι,</span> 
     </span>
    </p>
   </div>
   <div class='ocr_carea' id='block_1_118' title="bbox 2097 5639 3436 5715">
    <p class='ocr_par' dir='ltr' id='par_1_118' title="bbox 2097 5639 3436 5715">
     <span class='ocr_line' id='line_1_120' title="bbox 2097 5639 3436 5715; baseline -0.009 -12"><span class='ocrx_word' id='word_1_937' title='bbox 2097 5647 2192 5704; x_wconf 72' lang='grc' dir='ltr'><strong>καὶ</strong></span> <span class='ocrx_word' id='word_1_938' title='bbox 2217 5648 2279 5702; x_wconf 91' lang='grc' dir='ltr'><strong>οὑ</strong></span> <span class='ocrx_word' id='word_1_939' title='bbox 2315 5646 2548 5715; x_wconf 73' lang='grc' dir='ltr'>συνετοὶ,</span> <span class='ocrx_word' id='word_1_940' title='bbox 2577 5644 2731 5714; x_wconf 79' lang='grc' dir='ltr'>σοφοί</span> <span class='ocrx_word' id='word_1_941' title='bbox 2761 5643 2864 5697; x_wconf 75' lang='grc' dir='ltr'>εισι</span> <span class='ocrx_word' id='word_1_942' title='bbox 2895 5639 3011 5707; x_wconf 81' lang='grc' dir='ltr'>τοῦ,</span> <span class='ocrx_word' id='word_1_943' title='bbox 3046 5646 3155 5696; x_wconf 82' lang='lat' dir='ltr'><strong>etc.</strong></span> <span class='ocrx_word' id='word_1_944' title='bbox 3424 5700 3436 5713; x_wconf 48' lang='lat'>.</span> 
     </span>
    </p>
   </div>
  </div>
