3890 6200
237 323 337 380 257

1559 325 1648 382 DE
1680 324 2156 385 VIRGINITATE.

3382 281 3518 385 ἐδδ

235 441 313 494 λιν
334 442 365 495 6
389 441 555 506 αὐτὸς
583 441 764 513 λέγει·
793 461 812 495 ι
855 441 1120 515 ’Δδελφοὶ,
1149 445 1224 516 μὴ
1250 445 1436 499 παιδία
1466 442 1682 515 γίνεσθε
1702 448 1822 510 ταῖς

1927 446 2136 502 malitia
2176 444 2393 518 parvuli
2438 445 2562 503 sitis
2584 444 2651 501 “.
2679 465 2698 499 ι
2733 445 2879 502 Deus
2928 447 3075 503 enim
3118 445 3189 502 ad
3229 447 3520 503 terrestria

235 533 447 606 φρεσὶν,
483 535 622 589 ἀλλὰ
649 538 717 609 τῇ
745 536 915 608 κακία
938 537 1256 609 νηπιάζετε.
1296 558 1314 591 ι
1364 540 1424 593 Ὀ
1458 541 1567 612 γὰρ
1595 540 1726 606 Θεὸς
1752 544 1832 606 είς

232 626 301 681 τὰ
326 629 491 699 γήῖνα
524 627 667 683 θέλει
701 631 919 701 μωροὺς
945 625 1105 694 εἶναι,
1136 634 1216 694 εἰς
1244 631 1317 685 τὰ
1358 633 1660 703 ἐπουράνια
1701 650 1833 704 φρο-

233 717 442 790 νίμους.
490 720 606 773 Καὶ
649 720 759 792 γὰρ
796 721 961 786 αὐτὸς
1001 723 1030 775 6
1071 722 1345 787 ἀντίδικος
1385 723 1545 795 ἡμῶν
1587 724 1833 789 διάϐολος

235 810 498 882 φρόνιμός
525 812 640 865 ἐστι
665 815 732 884 τῇ
758 812 946 884 κακία,
976 814 1070 867 καὶ
1092 816 1240 886 ἡμᾶς
1260 815 1342 870 δεῖ
1376 816 1527 888 αὐτῷ
1549 818 1832 890 φρονίμως

235 904 567 976 ἐπέρχεσθαι
606 905 743 976 (92),
775 907 913 979 πρὸς
955 907 1016 961 τὸ
1061 910 1282 980 νικῆσαι
1314 910 1482 965 αὐτοῦ
1524 910 1626 976 τὰς
1666 930 1833 966 κακο-

232 998 456 1067 τέχνους
487 997 795 1062 ἐπιϐουλάς.
843 999 1003 1069 Λέγει
1031 999 1142 1072 γὰρ
1164 1001 1192 1053 6
1216 1001 1407 1074 Σωτὴρ
1427 1002 1485 1055 ὲν
1507 1004 1621 1066 τοῖς
1654 1003 1833 1073 Εὐαγ-

232 1089 435 1157 γελίοις
453 1107 468 1120 ·
499 1107 519 1141 ι
549 1090 772 1145 Γίνεσθε
789 1092 1156 1164 φρόνιμοι,ῶς
1183 1094 1233 1146 οἱ
1260 1093 1434 1164 ὄφεις,
1459 1095 1554 1149 καὶ
1577 1096 1831 1167 ἀκέραιοι

234 1178 309 1242 ὡς
329 1182 386 1232 αί
400 1180 747 1252 περιστεραί.
779 1201 798 1233 ι
832 1182 890 1236 Ὀ
901 1182 955 1236 δὲ
975 1181 1314 1254 καλούμενος
1331 1186 1461 1255 παρ’
1484 1183 1631 1255 αὐτῷ
1648 1185 1834 1258 φρόνι-

234 1288 353 1341 μος,
383 1267 542 1336 οὗτός
569 1274 719 1327 ἐστιν
735 1276 764 1328 6
785 1272 1136 1346 σοφιζόμενος
1166 1276 1391 1347 ποιῆσαι
1418 1276 1479 1331 τὸ
1502 1276 1716 1350 θέλημα
1736 1275 1829 1333 τοῦ

231 1363 392 1429 Θεοῦ,
423 1367 521 1419 καὶ
551 1366 847 1437 φυλάσσειν
872 1367 974 1431 τὰς
1007 1367 1232 1433 ἐντολὰς
1266 1368 1453 1424 αὐτοῦ.

296 1457 353 1512 5.
397 1459 563 1528 Μέγα
603 1460 896 1531 φάρμακόν
937 1462 1053 1514 ἐστι
1094 1460 1369 1533 σωτηρίας
1398 1462 1432 1533 ἡ
1462 1477 1828 1533 ταπεινοφρο-

229 1550 367 1622 σύνη
391 1568 406 1582 '
455 1554 486 1605 6
529 1552 641 1623 γὰρ
682 1553 929 1617 Σατανᾶς
959 1554 1058 1624 οὐχ
1097 1553 1285 1607 ἕνεκεν
1317 1553 1596 1626 πορνείας,
1637 1554 1673 1626 ἢ
1714 1572 1832 1625 μοι·

226 1644 403 1713 χείας,
435 1644 471 1714 ἢ
505 1644 712 1716 κλοπῆς
738 1645 1048 1717 κατηνέχθη
1095 1647 1160 1700 ὲκ
1192 1646 1303 1700 τῶν
1342 1645 1611 1718 οὐρανῶν,
1643 1646 1759 1700 ἀλλ’
1792 1648 1827 1719 ἡ

225 1736 583 1808 ὑπερηφανία
619 1736 784 1790 αὐτὸν
820 1735 1117 1790 κατέϐαλεν
1145 1737 1226 1800 είς
1254 1735 1324 1790 τὰ
1357 1736 1645 1809 κατώτερα
1687 1737 1826 1810 μέρη

222 1828 322 1899 τῆς
360 1827 626 1881 ἀϐύσσου.
672 1826 832 1881 Οὖτω
876 1827 987 1899 γὰρ
1035 1828 1298 1900 εἴρηκεν·
1340 1846 1360 1880 ι
1423 1827 1821 1899 Ἀναϐήσομαι,

221 1922 317 1975 καὶ
346 1920 591 1993 θήσομαι
625 1921 718 1975 τὸν
757 1920 947 1992 θρύνον
983 1938 1085 1993 μου
1129 1920 1362 1975 ἐνώπιον
1412 1919 1508 1974 τοῦ
1537 1919 1697 1983 θεοῦ,
1733 1921 1829 1974 καὶ

220 2011 422 2084 ἔσομαι
454 2015 638 2083 ὅμοιος
666 2013 746 2085 τῷ
783 2014 1107 2084 Ὑψίστῳνο
1148 2014 1243 2068 καὶ¹
1263 2012 1353 2067 διὰ
1383 2013 1572 2067 τοῦτον
1608 2014 1701 2066 τὸν
1742 2013 1830 2067 λό-

218 2121 317 2174 γον
353 2106 689 2179 κατεϐλήθη,
731 2106 825 2160 καὶ
866 2106 1146 2178 ὲγένετοὴ
1185 2105 1521 2179 κληρονομία
1560 2104 1726 2159 αὐτοῦ
1770 2105 1829 2159 τὸ

219 2198 335 2270 πῦρ
380 2199 445 2252 τὸ
480 2199 735 2259 αἰώνιον.
766 2199 832 2253 Ἥ
869 2194 962 2253 οὖν
1001 2199 1351 2271 ὑπερηφανία
1384 2200 1442 2251 ἐν
1480 2197 1558 2269 τῷ
1596 2197 1827 2269 διαϐόλῳ

219 2291 409 2345 ἐστίν’
446 2292 481 2362 ή
531 2291 590 2345 δὲ
630 2291 1101 2362 ταπεινοφροσύνη
1150 2293 1206 2344 ὲν
1239 2290 1318 2363 τῷ
1360 2289 1616 2362 Χριστῷ⁹
1662 2289 1829 2354 αὐτὸς

218 2381 334 2455 γὰρ
363 2385 392 2436 6
425 2382 634 2455 Κύριος
659 2383 830 2452 λέγει,
858 2383 938 2436 ὅτι
968 2401 987 2434 ι
1038 2382 1099 2435 '0
1124 2380 1295 2435 θέλων
1320 2383 1378 2435 ἐν
1408 2382 1539 2453 ὑμῖν
1564 2377 1704 2434 εἴναι
1732 2380 1829 2451 μέ-

218 2491 347 2544 γας,
373 2475 519 2528 ἔστω
546 2475 764 2528 πάντων
790 2474 996 2538 δοῦλος.
1040 2492 1060 2527 ι
1107 2474 1165 2527 '0
1198 2474 1308 2545 γὰρ
1334 2472 1467 2538 Θεὸς
1495 2471 1603 2528 τῶν
1632 2489 1829 2526 ταπει-

219 2563 331 2619 νῶν
368 2567 522 2619 ἐστιν
557 2564 691 2637 (93).

292 2655 354 2711 6.
408 2656 814 2728 Ἀγαπήσωμεν
845 2654 1049 2727 σφόδρα
1076 2654 1177 2727 τὴν
1208 2653 1463 2726 νηστείαν
1483 2671 1498 2685 ο
1538 2653 1680 2726 μέγα
1715 2652 1826 2727 γὰρ

221 2748 601 2822 φυλακτήριόν
671 2753 824 2803 ἐστιν
891 2748 1215 2821 ὴνηστεία,
1288 2747 1386 2801 καὶ
1443 2748 1478 2819 ἡ
1518 2746 1821 2819 προσευχὴ,

219 2841 320 2895 καὶ
353 2842 387 2912 ἡ
429 2840 801 2912 ἐλεημοσύνηο
831 2840 896 2892 ὲκ
933 2839 1165 2893 θανάτου
1198 2838 1310 2910 γὰρ
1348 2837 1567 2910 ῥύονται
1597 2837 1689 2891 τὸν
1733 2839 1827 2893 ἄν·

219 2932 473 3006 θρωπον.
525 2933 738 3005 Ὠσπερ
774 2933 882 3005 γὰρ
927 2931 1018 2985 διὰ
1068 2930 1355 3005 βρώματος
1404 2930 1499 2985 καὶ
1542 2931 1826 3003 παρακοῆς

217 3026 501 3100 ἐξεϐλήθη
534 3028 562 3081 6
607 3026 781 3097 Ἀδὰμ
839 3029 905 3080 ὲκ
948 3025 1044 3079 τοῦ
1085 3023 1440 3097 παραδείσου,
1482 3021 1625 3077 οὕτω
1662 3023 1827 3077 πάλιν

1935 553 2038 593 nos
2083 538 2282 594 stultos
2338 552 2460 593 esse
2502 538 2640 602 vult,
2698 545 2753 593 et
2793 538 2862 593 ad
2896 538 3147 595 caelestia
3194 538 3517 609 prudentes.

1933 631 2072 687 Nam
2103 640 2157 688 et
2184 632 2536 688 adversarius
2566 638 2759 686 noster
2791 630 3045 687 diabolus
3073 633 3319 701 prudens
3351 640 3438 687 est
3461 631 3518 687 in

1934 725 2166 791 malitia,
2192 732 2246 780 et
2275 740 2378 779 nos
2415 729 2632 794 oportet
2661 721 2928 777 adversus
2956 737 3081 777 eum
3111 722 3410 791 prudenter
3432 722 3520 776 in-

1933 816 2153 882 cedere,
2187 825 2246 870 ut
2277 816 2570 870 vincamus
2603 812 2753 868 illius
2790 821 3045 868 versutas
3079 812 3335 869 insidias.
3374 812 3518 867 Dicit

1930 908 2079 964 enim
2128 906 2384 962 Salvator
2426 908 2484 961 in
2528 904 2884 975 Evangeliis:
2931 922 2951 956 ι
2981 904 3173 961 Estote
3216 904 3518 976 prudentes

1934 1001 2079 1057 sicut
2128 1006 2437 1070 serpentes,
2491 1005 2548 1053 et
2595 998 2876 1069 simplices
2916 997 3063 1052 sicut
3110 996 3461 1054 columbae".
3492 1016 3512 1048 ι

1932 1092 2038 1160 Qui
2079 1101 2259 1148 autem
2298 1093 2368 1148 ab
2400 1107 2467 1148 eo
2497 1094 2742 1164 prudens
2776 1098 3025 1154 vocatur,
3062 1090 3111 1147 is
3162 1096 3249 1146 est
3286 1089 3380 1160 qui
3425 1104 3517 1146 sa-

1931 1189 2145 1259 pienter
2166 1188 2279 1258 agit
2306 1187 2374 1242 ad
2402 1187 2707 1243 faciendam
2729 1186 3066 1241 voluntatem
3086 1182 3205 1251 Dei,
3228 1192 3284 1240 et
3306 1182 3378 1240 ad
3398 1197 3517 1239 ser-

1931 1278 2108 1333 vanda
2141 1284 2413 1350 praecepta
2440 1278 2583 1347 ejus.

2000 1455 2055 1511 5.
2097 1455 2294 1527 Ingens
2328 1454 2633 1511 remedium
2670 1462 2757 1511 est
2799 1455 2866 1510 ad
2906 1455 3143 1511 salutem
3204 1455 3375 1510 animi
3406 1455 3514 1510 hu-

1928 1548 2171 1605 militas:
2216 1549 2488 1620 siquidem
2540 1548 2776 1606 Satanas
2823 1565 2933 1604 non
2978 1550 3050 1605 ob
3098 1548 3512 1616 scortationem,

1929 1648 2025 1696 aut
2054 1642 2411 1709 adulterium,
2468 1648 2563 1696 aut
2595 1642 2802 1697 furtum
2844 1642 3089 1712 dejectus
3119 1649 3205 1697 est
3233 1658 3299 1697 ex
3332 1642 3510 1707 caelis,

1930 1734 2029 1789 sed
2062 1735 2319 1804 superbia
2352 1734 2661 1807 illumIinde
2712 1735 3079 1807 praecipitavit
3116 1736 3185 1791 ad
3219 1735 3512 1794 inferiores

1860 1812 1901 1867 Β
1930 1828 2116 1900 abyssi
2145 1836 2351 1899 partes,
2378 1828 2539 1898 cujus
2569 1828 2685 1882 haec
2714 1830 2879 1884 verba
2909 1828 3100 1885 fuere:
3131 1847 3150 1881 ι
3179 1828 3510 1895 Ascendam,

1929 1929 1983 1978 et
2015 1935 2213 1990 ponam
2247 1921 2506 1976 thronum
2540 1936 2722 1976 meum
2756 1936 2787 1975 e
2817 1922 3037 1992 regione
3065 1920 3183 1987 Dei,
3211 1929 3266 1978 et
3300 1937 3396 1979 ero
3435 1923 3513 1979 si-

1928 2014 2075 2069 milis
2122 2013 2412 2070 Altissimo
2455 2014 2523 2068 ⁵ο.
2561 2033 2579 2066 ι
2614 2012 2681 2067 Ει
2705 2014 2777 2069 οὶ)
2801 2014 2916 2068 haec
2937 2014 3104 2070 verba
3130 2015 3380 2084 dejectus
3402 2021 3508 2079 est,

1928 2106 2180 2177 ignisque
2203 2116 2442 2161 :eternus
2471 2106 2619 2161 illius
2650 2106 2944 2162 haareditas
2964 2114 3018 2161 et
3044 2107 3223 2176 portio
3245 2105 3369 2162 fuit.
3399 2105 3511 2162 Su-

1927 2196 2115 2267 perbia
2154 2197 2339 2267 itaque
2391 2197 2444 2250 in
2495 2195 2718 2251 diabolo
2752 2208 2857 2259 est,
2894 2197 3175 2253 humilitas
3223 2206 3416 2253 contra
3451 2198 3509 2253 iu

1928 2288 2150 2344 Christo
2179 2307 2193 2321 ·
2224 2290 2340 2358 ipse
2362 2303 2600 2357 namque
2632 2287 2899 2342 Dominus
2927 2290 3041 2343 ait:
3075 2306 3094 2340 ι
3128 2288 3187 2343 Si
3218 2290 3342 2360 quis
3366 2290 3511 2346 inter

1927 2395 2027 2437 vos
2066 2380 2251 2450 cupiat
2296 2379 2412 2434 ﬁeri
2450 2394 2705 2450 magnus,
2737 2380 2810 2436 sit
2842 2381 3088 2435 omnium
3118 2381 3459 2438 minister“.
3481 2401 3504 2436 ι

1928 2472 2074 2529 Deus
2104 2473 2251 2528 enim
2280 2472 2570 2528 humilium
2601 2481 2707 2528 est.

1998 2653 2051 2709 6.
2093 2654 2355 2709 Amemus
2384 2653 2545 2709 valde
2569 2652 2880 2723 jejunium;
2913 2667 3173 2724 magnum
3199 2653 3346 2708 enim
3385 2668 3510 2709 mu-

1926 2748 2231 2801 nimentum
2276 2752 2363 2802 est
2406 2745 2704 2816 jejunium,
2737 2744 2918 2800 oratio
2970 2746 3125 2812 item,
3166 2752 3222 2802 et
3271 2746 3511 2804 eleemo-

1927 2856 2097 2913 syna;
2130 2856 2197 2895 ex
2233 2847 2409 2895 morte
2442 2840 2644 2910 quippe
2665 2839 2941 2894 hominem
2971 2837 3227 2895 liberant.
3258 2840 3332 2897 Ut
3358 2842 3508 2897 enim

1926 2934 1997 2987 ob
2025 2947 2182 2988 esum
2215 2938 2272 2988 et
2306 2931 2735 2987 inobedientiam
2772 2932 3099 2988 exturbatus
3127 2938 3213 2989 est
3231 2932 3405 2988 Adam
3438 2948 3509 2989 ex

1926 3025 2207 3096 paradiso,
2240 3023 2316 3078 ita
2351 3038 2575 3079 rursum
2616 3039 2715 3095 per
2737 3024 3009 3095 jejunium
3042 3034 3097 3081 et
3136 3024 3508 3082 obedientiam

216 3119 312 3174 διὰ
339 3119 599 3189 νηστείας
627 3120 723 3171 καὶ
749 3118 998 3189 ὑπακοῆς
1026 3120 1055 3171 ὁ
1087 3117 1267 3171 θέλων·
1293 3117 1599 3189 εἰσέρχεται
1622 3118 1702 3181 είς
1728 3117 1822 3171 τὸν

1929 3117 1983 3170 ἰη
2013 3116 2354 3187 paradisum,
2383 3117 2479 3186 qui
2509 3117 2675 3183 volet,
2704 3117 3064 3189 ingredietur.
3097 3116 3153 3173 ln
3177 3118 3280 3173 hac
3302 3118 3511 3175 virtute

216 3212 582 3284 παράδεισον.
630 3211 718 3263 Ἑν
742 3209 917 3283 ταύτῃ
956 3212 1023 3282 τῇ
1054 3211 1223 3281 ἀρετῇ
1257 3208 1534 3280 κόσμησον
1558 3208 1621 3261 τὸ
1659 3207 1822 3280 σῶμά

1927 3213 2133 3267 cultum
2164 3210 2415 3281 corporis
2442 3211 2543 3277 tui,
2580 3218 2634 3266 et
2661 3221 2985 3266 ornamenta
3023 3226 3206 3282 quaere
3226 3250 3244 3277 ,
3270 3224 3305 3266 ο
3325 3210 3507 3283 virgo,

216 3320 320 3357 σου
350 3302 487 3375 (94),
520 3297 567 3357 ὧ
592 3301 847 3374 παρθένε,
876 3304 971 3357 καὶ
999 3303 1218 3375 ἀρέσεις
1240 3301 1320 3373 τῷ
1351 3302 1656 3374 ἐπουρανίῳ
1686 3320 1826 3373 νυμ-

214 3397 369 3466 φίῳο
410 3397 468 3449 αἱ
500 3394 613 3467 γὰρ
650 3394 729 3466 τῷ
768 3395 960 3466 κόσμῳ
996 3395 1421 3467 συναπτόμεναι,
1468 3396 1564 3449 καὶ
1606 3395 1820 3468 μύροις,

212 3489 318 3541 καὶ
351 3486 689 3558 θυμιάμασι,
723 3487 817 3541 καὶ
851 3486 1119 3551 εὐωδίαις,
1157 3487 1253 3542 καὶ
1289 3489 1348 3541 ὲν
1391 3488 1629 3558 ἱματίοις
1660 3488 1822 3541 πολυ-

211 3580 458 3644 τελέσιν,
491 3582 587 3634 καὶ
624 3580 813 3652 χρυσῷ
848 3580 1283 3645 καλλωπίζουσαι
1322 3580 1393 3634 τὰ
1437 3580 1666 3652 σώματα
1703 3583 1823 3635 ἐαυ-

213 3673 332 3727 τῶν
371 3673 511 3746 πρὸς
539 3674 602 3727 τὸ
638 3674 832 3745 ἀρέσαι
867 3677 981 3738 τοῖς
1020 3674 1349 3746 ἀνθρώποις,
1380 3674 1499 3746 Θεῷ
1532 3675 1730 3745 ἀρέσαι
1756 3675 1816 3728 οὐ

213 3766 500 3821 δύνανται.
546 3767 605 3820 '0
636 3766 694 3819 δὲ
726 3766 960 3840 Χριστὸς
998 3766 1148 3819 οὐδὲν
1186 3765 1392 3821 τούτων
1432 3765 1622 3840 χρῄζει
1667 3768 1819 3838 παρὰ

218 3857 343 3923 σοῦ,
375 3859 426 3911 εί
470 3857 545 3929 μὴ
591 3858 752 3928 μόνον
786 3858 1017 3929 καρδὶαν
1056 3857 1326 3930 καθαρὰν,
1362 3858 1457 3914 καὶ⁷
1496 3859 1655 3928 σῶμα
1690 3859 1819 3930 ἀμό-

214 3952 435 4014 λυντον,
483 3949 936 4021 ὐπωπιαζόμενον
979 3951 1084 4004 ὑπὸ
1130 3951 1406 4023 νηστείας.
1462 3951 1588 4005 Ἐὰν
1628 3950 1686 4004 δὲ
1733 3950 1818 4023 ἔρ-

216 4042 427 4113 χωνταί
451 4058 597 4106 τινες
625 4043 720 4095 καὶ
745 4042 943 4112 λέγωσί
981 4060 1083 4108 σοι,
1119 4043 1200 4098 ὅτι
1235 4043 1310 4116 μὴ
1341 4044 1568 4115 νήστευε
1598 4046 1811 4099 πυκνόν

216 4136 269 4188 εί
308 4134 367 4188 δὲ
399 4136 474 4206 μή
506 4150 595 4201 γε,
630 4134 991 4208 ἀσθενεστέρα
1024 4137 1261 4207 γενήσῃ·
1289 4137 1350 4189 οὐ
1385 4135 1682 4210 πιστεύσῃς
1716 4137 1817 4191 αὐ-

216 4229 355 4291 τοῖς,
383 4226 496 4279 οὐδ’
535 4226 599 4279 οὐ
652 4225 728 4299 μὴ
763 4227 1080 4299 ὐπακούσῃς
1124 4227 1305 4282 αὐτῶν
1336 4228 1480 4298 (95)'
1512 4230 1542 4282 6
1573 4228 1681 4304 γὰρ
1723 4230 1815 4301 ὲχ-

219 4317 349 4391 θρὸς
380 4319 582 4383 αὐτοὺς
620 4318 931 4375 ὑποϐάλλει.
970 4319 1256 4393 Μνήσθητι
1300 4320 1362 4373 τὺ
1404 4321 1809 4393 γεγραμμένον,

217 4410 385 4464 ὁπότε
418 4413 469 4465 οἱ
507 4414 659 4484 τρεῖς
706 4411 891 4475 παῖδες
938 4413 1034 4466 καὶ
1080 4412 1278 4485 Δανιὴλ
1308 4413 1811 4486 ῂχμαλωτεύθησαν

1925 3310 1981 3357 et
2024 3302 2271 3373 placebis
2312 3302 2525 3359 caelesti
2573 3316 2795 3372 sponso.
2841 3301 2977 3357 Nam
3015 3317 3136 3374 qua:
3174 3303 3382 3358 mundo
3414 3317 3509 3360 so-

1924 3394 2165 3459 ciantur,
2198 3401 2253 3449 et
2299 3396 2620 3465 unguentis,
2652 3397 2989 3452 aromatibus
3028 3404 3086 3452 et
3131 3396 3291 3453 bouis
3319 3397 3508 3452 odori-

1931 3486 2057 3551 bus,
2089 3494 2145 3542 et
2174 3488 2375 3541 amictu
2400 3487 2663 3556 pretioso,
2693 3496 2748 3544 et
2778 3503 2913 3544 auro
2939 3497 3232 3546 venustant
3253 3504 3352 3546 sua
3381 3504 3509 3546 cor-

1922 3593 2079 3649 pora,
2112 3586 2175 3634 ut
2199 3578 2448 3649 placeant
2476 3579 2826 3636 hominibus:
2859 3579 2972 3635 Deo
2992 3582 3210 3651 placere
3249 3597 3359 3638 non
3382 3597 3508 3654 pos-

1921 3678 2075 3726 sunt.
2125 3669 2384 3727 Christus
2429 3679 2611 3727 autem
2654 3671 2794 3726 nihil
2848 3671 3044 3727 horum
3083 3687 3115 3726 a
3158 3683 3212 3728 te
3248 3674 3503 3744 requirit,

1923 3763 2031 3818 nisi
2053 3763 2232 3818 solum
2257 3777 2355 3817 cor
2385 3763 2648 3820 mundum
2672 3771 2727 3818 et
2754 3777 2957 3833 corpus
2984 3762 3502 3829 incontaminatum,

1914 3854 2238 3925 jejunioque
2267 3863 2629 3911 maceratum.
2661 3853 2821 3923 Quod
2864 3856 2913 3912 si
2958 3855 3222 3911 accedant
3250 3857 3420 3927 aliqui
3448 3864 3505 3914 et

1918 3946 2108 4002 dicant
2150 3947 2270 4011 tibi,
2309 3945 2390 4003 Ne
2431 3948 2750 4019 frequenter
2790 3947 3029 4020 jejunes,
3059 3963 3129 4004 ne
3174 3948 3506 4006 imbecillior

1918 4039 2188 4104 ﬁas;nec
2230 4040 2341 4095 illis
2393 4041 2607 4107 credas,
2664 4056 2767 4097 nec
2820 4041 3305 4099 ausculteszistos
3352 4044 3502 4099 enim

1918 4131 2176 4188 inimicus
2223 4133 2517 4189 submittit.
2570 4131 2951 4190 Reminiscere
2994 4132 3138 4204 ejus,
3170 4134 3318 4206 quod
3362 4136 3505 4191 sori-

1917 4234 2069 4295 ptum
2113 4234 2219 4292 est,
2255 4241 2380 4282 cum
2420 4225 2613 4283 Daniel
2653 4234 2707 4283 et
2737 4236 2852 4283 tres
2881 4229 3037 4299 pueri
3074 4228 3223 4299 capti
3249 4237 3435 4284 essent
3464 4243 3498 4284 a

1917 4334 2046 4389 rege
2076 4318 2370 4391 Babylonis
2400 4317 2959 4384 Nabuchodonosore,
2990 4325 3045 4375 et
3075 4319 3167 4373 alii
3200 4318 3355 4390 pueri
3390 4332 3503 4375 una

1916 4426 2041 4468 cum
2076 4413 2186 4468 illis
2213 4432 2226 4468 :
2248 4412 2618 4483 jussissetque
2654 4427 2770 4478 rex,
2800 4419 2862 4466 ut
2892 4410 2960 4467 de
2987 4425 3088 4468 sua
3111 4425 3302 4467 mensa
3341 4424 3498 4466 com-

218 4503 328 4557 ὑπὸ
367 4501 856 4576 Ναϐουχοδονόσωρ
883 4504 1149 4575 βασιλέως
1180 4505 1519 4571 Βαϐυλῶνος.
1560 4507 1654 4562 καὶ
1682 4509 1818 4564 ἄλλα

1926 4505 2163 4570 ederent,
2194 4512 2250 4561 et
2299 4505 2368 4561 de
2394 4506 2515 4575 {suo
2542 4505 2672 4560 vino
2699 4504 2970 4569 biberent,
3001 4503 3278 4561 Danielem
3305 4513 3359 4561 et
3384 4510 3499 4561 tres

218 4592 489 4666 παιδάρια
527 4595 644 4664 μετ’
672 4594 870 4659 αὐτῶν,
911 4595 1003 4648 καὶ
1036 4594 1223 4661 ἔταξεν
1259 4597 1458 4661 αὐτοὺς
1494 4601 1520 4652 6
1560 4598 1811 4670 βασιλεὺς

219 4685 424 4739 ἐσθίειν
449 4686 560 4740 ἀπὸ
580 4685 682 4757 τῆς
713 4685 995 4758 τραπέζης
1027 4688 1214 4753 αὐτοῦ,
1246 4690 1340 4742 καὶ
1374 4690 1552 4746 πίνειν
1580 4692 1689 4746 ἀπὸ
1713 4693 1810 4747 τοῦ

220 4778 364 4833 οἴνου
397 4777 566 4833 αὐτοῦ
592 4797 607 4811 ·
651 4779 848 4852 Δανιὴλ
879 4780 936 4834 δὲ
976 4781 1070 4835 καὶ
1108 4783 1158 4835 οἱ
1201 4785 1352 4854 τρεῖς
1402 4784 1612 4848 παῖδες,
1657 4786 1811 4839 αὐτοὶ¹

218 4874 320 4927 οὐκ
349 4872 622 4944 ἠθέλησαν
648 4872 759 4944 (96)
800 4872 1083 4944 ἁλισθῆναι
1121 4874 1231 4928 ἀπὸ
1261 4874 1361 4947 τῆς
1391 4875 1672 4949 τραπέζης
1712 4877 1807 4932 τοῦ

221 4966 510 5037 βασιλέως,
535 4966 672 5021 ἀλλὰ
696 4965 915 5035 λέγουσι
941 4965 1020 5038 τῷ
1060 4966 1301 5040 εὐνούχῳ
1324 4968 1403 5039 τῷ
1441 4970 1810 5041 παραλαϐόντι

219 5058 420 5123 αὐτούς
441 5075 455 5088 ·
485 5077 504 5111 ι
540 5059 638 5123 Δὸς
662 5060 796 5130 ἡμῖν
818 5058 926 5113 ἀπὸ
952 5057 1063 5112 τῶν
1095 5061 1427 5132 σπερμάτων
1447 5062 1548 5132 τῆς
1566 5062 1691 5133 γῆς,
1715 5063 1811 5117 καὶ

219 5149 531 5222 ῳγὸμεθα.
575 5168 596 5203 ι
632 5151 743 5205 Καὶ
768 5149 918 5219 λέγει
949 5152 1133 5215 αὐτοῖς
1161 5151 1191 5204 6
1217 5151 1503 5223 εὐνοῦχοςο
1533 5152 1809 5225 Φοϐοῦμαι

217 5241 332 5311 ἐγὼ
354 5241 448 5295 τὸν
473 5241 696 5313 βασιλέα
720 5242 812 5296 τὸν
836 5242 1140 5309 ὲκτάξαντα
1163 5244 1262 5315 τὴν
1294 5243 1495 5315 βρῶσιν
1527 5244 1682 5317 ὑμῶν
1712 5248 1809 5301 καὶ

214 5334 317 5406 τὴν
358 5332 538 5401 πόσιν,
579 5334 790 5405 μήποτε
831 5332 1041 5404 ὀφθῶσι
1084 5332 1155 5388 τὰ
1191 5334 1459 5406 πρόσωπα
1494 5336 1646 5407 ὑμῶν
1681 5344 1810 5390 σκυέ-

1913 4614 2115 4669 pueros
2154 4597 2399 4654 noluisse
2426 4597 2791 4652 contaminari
2820 4613 2886 4652 ex
2927 4612 3119 4653 mensa
3146 4597 3319 4669 regia,
3348 4606 3404 4651 et
3432 4597 3499 4652 ad

1913 4692 2229 4749 eunuchum
2273 4690 2483 4746 dixisse
2510 4691 2605 4762 qui
2638 4705 2734 4746 eos
2763 4689 3031 4745 curabat:
3070 4707 3090 4741 ι
3119 4688 3198 4743 Da
3242 4688 3406 4743 nobis
3430 4687 3501 4744 de

1912 4785 2282 4858 leguminibus
2308 4793 2489 4848 terrae,
2514 4791 2569 4839 et
2598 4798 2886 4839 vescemur
2913 4783 2994 4839 eis
3020 4782 3089 4839 ".
3125 4800 3147 4835 ι
3180 4779 3393 4849 Quibus
3418 4796 3500 4836 re-

1912 4880 2136 4951 spondit
2156 4874 2449 4934 eunuchus
2473 4896 2486 4933 :
2513 4875 2704 4932 Timeo
2747 4890 2850 4947 ego
2879 4890 3085 4947 regem,
3116 4875 3210 4945 qui
3241 4872 3389 4929 hunc
3411 4874 3495 4928 ci-

1914 4973 2044 5028 bum
2073 4971 2183 5043 87
2217 4969 2374 5025 vobis
2406 4976 2461 5025 et
2494 4975 2685 5042 potum
2719 4967 3012 5038 imperavit
3046 4966 3189 5030 dari,
3222 4979 3293 5020 ne
3323 4963 3515 5020 facies‘

1913 5072 2113 5120 vestra:
2156 5062 2271 5135 regi
2316 5077 2430 5133 prae
2465 5061 2679 5116 caeteris
2711 5059 2920 5130 pueris,
2961 5056 3056 5128 qui
3104 5057 3257 5126 regia
3305 5069 3495 5111 mensa

1915 5156 2161 5220 aluntur,
2193 5159 2494 5224 appareant
2517 5151 2905 5222 squalidiores,
2950 5158 3005 5203 et
3035 5148 3227 5219 puniat
3257 5162 3362 5202 me.
3393 5146 3496 5201 Cui

1913 5245 2362 5317 responderunt:
2397 5242 2660 5315 Experire
2689 5240 2743 5296 id
2789 5240 2848 5295 in
2889 5240 3067 5295 servis
3102 5238 3213 5295 tuis
3247 5238 3372 5310 plus
3392 5236 3499 5292 mi.-

1914 5355 2021 5395 nus
2052 5338 2241 5394 decem
2270 5336 2486 5401 diebus,
2523 5344 2583 5392 et
2614 5335 2685 5390 da
2709 5334 2869 5389 nobis
2902 5332 3261 5403 postulatum.
3293 5328 3361 5384 Et
3395 5328 3497 5386 de-

283 5487 333 5526 “
372 5488 395 5543 Ι
428 5488 559 5544 Cor.
597 5504 712 5555 xrv,
746 5488 838 5544 20.
890 5488 937 5520 ι’
979 5486 1170 5545 Matth.
1211 5504 1284 5555 ι,
1319 5487 1410 5543 i6.
1485 5490 1532 5522 ”
1571 5491 1677 5547 lsa.
1717 5506 1830 5559 xlv,
1874 5492 1960 5547 M.
2037 5492 2081 5524 ⁸¹
2124 5488 2317 5547 Matth.
2351 5508 2424 5547 xx
2457 5532 2473 5557 ,
2507 5490 2597 5545 26.
2674 5491 2720 5522 "
2760 5491 2898 5543 nan.
2937 5504 2984 5556 ι,
3018 5486 3103 5541 l2.

287 5646 398 5717 (92)
438 5642 755 5700 Felckman.
792 5643 855 5717 2,
888 5642 1162 5717 ἔρχεσθαι.

287 5715 398 5785 (95)
437 5718 552 5788 Γάρ
582 5719 738 5789 abest
758 5730 791 5789 ιι
825 5715 1113 5789 Basniensi
1137 5723 1193 5771 et
1221 5715 1541 5789 Anglicano.

286 5789 399 5863 (94)
440 5785 543 5842 Σου
570 5787 723 5844 deest
756 5786 811 5842 in
847 5785 1174 5859 Anglicano.

1981 5645 2091 5717 (93)
2130 5644 2448 5701 Fclckman.
2484 5644 2539 5707 2,
2565 5646 2769 5717 αὐτοῖς.

1981 5645 2067 5717 (9Ῐί
2130 5645 2448 5701 Fclckman.
2484 5645 2539 5707 2,
2565 5646 2769 5709 αὐτοῖς.

1979 5645 2091 5790 (96;
2131 5718 2486 5790 Anglicanus.
2519 5715 2727 5772 ἤθελον.
2772 5714 2954 5784 Forte,
2981 5716 3361 5789 ἀλισγτιΘῆναι.
