3890 6200
372 298 481 354 259

1563 303 1622 359 S.
1662 301 2132 360 ATHANASIUS.
2174 336 2244 346 —
2276 304 2511 361 DUBIA.

3542 310 3652 367 260

368 417 452 473 dit
481 416 564 473 eis
592 415 870 488 legumina
906 414 973 470 ad
1006 416 1212 481 cibum,
1246 422 1303 471 et
1332 430 1531 486 aquam
1564 418 1632 472 ad
1661 427 1874 490 potum,
1904 434 1936 474 e

2062 419 2258 493 θρωπὰ
2287 420 2516 476 ἐνώπιον
2546 419 2639 476 τοῦ
2667 420 2933 491 βασιλέως
2959 419 3112 493 παρά
3143 419 3323 476 πάντα
3348 423 3419 479 τὰ
3456 426 3654 480 παιδά-

366 509 677 566 introduxit
703 524 799 565 eos
830 509 898 563 ad
934 523 1143 578 regem,
1176 517 1231 563 et
1272 508 1406 565 visae
1435 518 1563 565 sunt
1592 512 1805 580 species
1832 511 1956 565 illo-

368 616 493 662 rum
521 603 736 658 eximiae
769 617 934 673 super
968 617 1085 665 eos,
1120 602 1216 672 qui
1246 616 1311 656 ex
1344 602 1495 673 regia
1529 619 1723 661 mensa
1759 618 1953 660 vesce-

367 693 593 750 bantur.

2064 530 2157 584 ρια
2186 512 2255 566 τὰ
2281 512 2533 567 ἐσθίοντα
2558 515 2626 566 ἐκ
2656 513 2755 584 τῆς
2789 511 3073 585 τραπέζης
3099 512 3195 567 τοῦ
3238 513 3517 585 βασιλέως,
3555 518 3654 572 καὶ

2061 604 2402 676 καταδικάσῃ
2435 622 2524 675 με.
2552 602 2720 658 Εἶπον
2760 604 2818 658 δὲ
2840 603 3027 675 αὐτῷ·
3059 604 3493 696 Πείρασονοτοὺς
3529 607 3654 662 δού-

2060 696 2184 761 λους
2223 714 2317 750 σου
2344 697 2561 769 ἡμέρας
2583 696 2715 750 ὡσεὶ
2740 696 2891 763 δέκα,
2925 697 3021 751 καὶ
3057 696 3146 761 δός
3180 700 3332 769 ἡμῖν.
3368 699 3479 752 Καὶ
3519 699 3652 755 ἔδω-

365 804 464 844 κεν
488 790 671 854 αὐτοῖς
698 790 908 861 δσπρια
934 793 1148 859 φαγεῖν,
1175 791 1268 845 καὶ
1295 790 1440 862 ὕδωρ
1476 793 1618 845 πιεῖν
1640 809 1654 823 ·
1693 790 1789 845 καὶ
1841 793 2138 863 εἰσήγαγεν
2166 793 2363 855 αὐτοὺς
2392 791 2622 845 ἐνώπιον
2667 789 2764 844 τοῦ
2832 791 3118 863 βασιλέως,
3164 791 3258 846 καὶ
3298 789 3558 864 ὤφθησαν
3592 794 3652 848 αἱ

369 884 505 940 ἰδέαι
540 885 718 939 αὐτῶν
739 884 995 941 ἐκλεκταὶ
1025 886 1177 959 παρά
1212 886 1280 940 τὰ
1307 887 1571 960 παιδάρια
1604 887 1674 941 τά
1706 888 1955 942 ἐσθίοντα
1989 888 2088 962 τὴν
2117 889 2396 961 τράπεζαν
2425 888 2520 942 τοῦ
2556 888 2842 959 βασιλέως.

446 980 496 1034 7.
533 979 700 1036 Vides
751 982 884 1052 quid
934 981 1108 1036 faciat
1142 983 1439 1053 jejunium,
1493 986 1716 1039 morbos
1774 995 1953 1050 sanat,

2127 984 2181 1038 7.
2231 984 2394 1056 Ὁρᾷς
2438 986 2492 1039 τί
2547 988 2696 1039 ποιεῖ
2742 990 2775 1059 ή
2832 986 3078 1059 νηστεία,
3127 988 3224 1042 καὶ
3266 989 3453 1054 νόσους
3489 990 3653 1059 θερα-

366 1069 639 1128 ﬂuxiones
669 1073 918 1144 corporis
946 1075 1215 1143 exsiccat,
1239 1076 1511 1132 daemones
1565 1075 1735 1148 fugat,
1780 1079 1939 1134 malas

2055 1076 2247 1141 πεύει,
2291 1077 2386 1130 καὶ
2438 1074 2687 1149 ῥεύματα
2717 1078 3027 1148 [σωματικὰ
3067 1078 3345 1151 ξηραίνει,
3387 1075 3499 1135 καῖ
3532 1081 3650 1135 δαί-

370 1167 733 1236 cogitationes
766 1166 1010 1236 expellit,
1036 1176 1273 1222 mentem
1322 1168 1659 1234 nitidiorem,
1697 1185 1793 1224 cor
1822 1186 1956 1240 pur-

367 1264 580 1328 gatum,
613 1272 819 1328 corpus
844 1260 1246 1314 sanctificatum
1281 1259 1463 1324 efficit,
1502 1269 1556 1315 et
1590 1260 1657 1314 ad
1690 1262 1949 1316 thronum

365 1347 461 1403 Dei
489 1350 767 1405 hominem
803 1350 967 1405 sistit.
1001 1349 1107 1405 Sed
1132 1367 1199 1406 ne
1223 1362 1382 1422 putes
1412 1354 1519 1407 ista
1543 1361 1753 1408 temere
1781 1354 1891 1409 dici
1929 1369 1943 1405 :

365 1443 539 1498 habes
570 1443 690 1513 ejus
719 1444 799 1498 rei
831 1443 1208 1499 testimonium
1261 1445 1317 1498 in
1365 1444 1694 1515 Evangeliis,
1721 1447 1789 1500 ah
1822 1448 1945 1516 ipso

368 1534 654 1591 Salvatore
671 1537 943 1605 prolatum
990 1553 1002 1587 :
1043 1555 1062 1587 ι
1098 1536 1378 1591 Sciscitati
1411 1545 1541 1592 sunt
1566 1538 1635 1592 ab
1676 1554 1741 1592 eo
1773 1537 1946 1594 disci-

364 1629 504 1699 puli,
528 1629 796 1692 dicentes,
825 1628 1072 1693 Dominc,
1105 1629 1325 1683 declara
1372 1630 1535 1685 nobis
1583 1646 1821 1699 quonam
1848 1645 1945 1700 pa-

2056 1184 2226 1237 μονας
2253 1166 2527 1234 ἐκϐάλλει,
2554 1168 2651 1222 καὶ
2688 1167 2984 1239 λογισμοὺς
3029 1170 3302 1241 πονηροὺς
3333 1169 3651 1234 ἀποδιώκει,

2051 1260 2146 1312 καὶ
2172 1258 2264 1312 τὸν
2291 1259 2415 1313 νοῦν
2443 1259 2822 1331 λαμπρότερον
2854 1263 3017 1326 ποιεῖ,
3068 1262 3164 1315 καὶ
3202 1263 3428 1334 καρδίαν
3476 1263 3649 1317 καθα-

2054 1350 2174 1421 ρὰν,
2211 1353 2305 1405 καὶ
2339 1351 2497 1423 σῶμα
2530 1353 2884 1424 ἡγιασμένον,
2914 1353 3008 1407 καὶ
3047 1353 3127 1425 τῷ
3163 1354 3338 1426 θρόνῳ
3374 1354 3471 1409 τοῦ
3508 1348 3649 1409 Θεοῦ

2049 1442 2351 1514 παρίστησι
2398 1443 2490 1496 τὸν
2518 1442 2824 1513 ἄνθρωπον.
2872 1445 2982 1497 Καὶ
3030 1444 3120 1498 ἴνα
3171 1444 3247 1516 μὴ
3282 1446 3512 1518 νομίσῃς
3562 1447 3648 1500 ὅτι

2046 1533 2221 1586 ταῦτα
2252 1532 2439 1598 ἁπλῶς
2475 1533 2754 1604 λέγονται,
2787 1536 2930 1608 ἔχεις
2962 1536 3267 1608 μαρτυρίαν
3303 1537 3413 1609 (97)
3443 1540 3500 1592 ἐν
3531 1541 3646 1602 τοῖς

2048 1625 2406 1694 Εύαγγελίοις
2433 1626 2586 1699 παρά
2630 1628 2723 1681 τοῦ
2758 1629 3010 1701 Σωτῆρος
3048 1629 3376 1701 εἰρημένην·
3407 1649 3425 1682 ι
3471 1630 3646 1703 Ἠρώ-

366 1727 458 1773 cto
486 1717 755 1773 immundi
802 1719 1030 1789 spiritus
1086 1718 1367 1789 fugantur.
1400 1740 1419 1771 ι
1461 1720 1674 1787 Quibus
1723 1736 1939 1791 respon‘

2049 1732 2216 1785 τησαν
2265 1714 2425 1770 αὑτὸν
2466 1718 2516 1769 οἱ
2565 1718 2803 1790 μαθηταὶ
2847 1720 3049 1786 αὐτοῦ,
3103 1720 3383 1789 λέγοντες·
3443 1718 3647 1789 Κύριε,

364 1810 446 1865 dit
469 1809 732 1865 Dominus
771 1828 785 1862 :
825 1829 844 1860 ι
877 1809 989 1864 Hoc
1015 1825 1187 1880 genus
1242 1827 1353 1865 non
1407 1812 1650 1881 ejicitur,
1683 1813 1790 1868 nisi
1820 1828 1946 1867 ora-

362 1903 608 1958 tionibus
661 1911 716 1957 et
762 1903 1075 1973 jejuniisf”.
1119 1923 1137 1954 ›
1174 1903 1438 1974 Quisquis
1505 1906 1670 1976 igitur
1723 1908 1793 1962 ab
1842 1909 1945 1961 im-

361 1992 566 2047 mundo
599 1993 796 2063 spiritu
826 2001 1076 2060 vexatur,
1100 1993 1146 2048 si
1176 1995 1227 2048 ei
1259 1994 1315 2047 in
1340 2002 1578 2051 mentem
1602 1997 1834 2061 venerit,
1868 2006 1946 2050 at-

364 2100 473 2155 que
501 2099 639 2141 usus
670 2084 834 2140 fuerit
865 2086 969 2139 hoc
995 2085 1261 2149 remedio,
1284 2087 1338 2141 id
1373 2098 1457 2142 est
1474 2088 1711 2157 jejunio,
1755 2089 1942 2144 statim

362 2175 594 2244 spiritus
623 2176 803 2230 malus
854 2177 1204 2246 angustiatus
1253 2178 1481 2241 secedit,
1538 2179 1750 2235 veritus
1801 2180 1944 2249 jeju-

361 2268 538 2325 nium.
568 2268 795 2322 Multum
830 2271 975 2323 enim
1017 2268 1295 2326 daemones
1326 2272 1670 2328 delectantur
1690 2277 1938 2344 crapula,

360 2358 627 2413 ebrietate
655 2366 709 2413 et
731 2358 845 2412 otio
868 2361 1141 2429 corporis.
1205 2359 1400 2431 Magna
1443 2363 1620 2419 virtus
1643 2364 1939 2434 jejunium,

359 2459 415 2504 et
446 2450 710 2520 praeclara
763 2466 861 2521 per
909 2450 1044 2504 illud
1091 2450 1334 2506 eduntur
1370 2451 1639 2510 facinora.
1681 2456 1938 2527 Alioquin

360 2543 507 2596 unde
537 2543 786 2598 homines
830 2550 1013 2599 tantas
1060 2545 1296 2599 virtutes
1347 2555 1644 2615 Operantur
1686 2555 1740 2602 et
1782 2548 1941 2618 signa

358 2635 553 2698 edunt,
584 2650 887 2705 eorumque
918 2651 1086 2706 opera
1138 2636 1373 2693 infirmis
1407 2638 1700 2693 sanitatem
1747 2639 1937 2695 Domi-

356 2739 467 2782 nus
498 2725 711 2791 tribuit,
754 2727 859 2782 nisi
886 2728 1047 2797 plane
1077 2728 1149 2783 ob
1193 2730 1433 2796 ascesin,
1467 2731 1833 2787 humilitatem
1883 2741 1938 2789 et

356 2817 589 2888 probum
615 2818 742 2872 vita;
763 2819 1116 2874 institutum?
1152 2821 1420 2890 jejunium
1444 2823 1589 2876 enim
1621 2825 1935 2895 angelorum

360 2921 446 2967 est
474 2914 610 2977 vita,
641 2927 751 2981 quo
781 2913 875 2981 qui
921 2913 1096 2965 utitur
1122 2913 1352 2982 angelici
1383 2915 1597 2969 ordinis
1626 2917 1936 2971 censendus

357 3011 461 3056 est.
492 3000 678 3071 Neque
702 3002 995 3066 arbitrere,
1034 3002 1255 3067 dilecte,
1285 3020 1350 3059 ea
1392 3005 1720 3075 simpliciter
1764 3008 1821 3061 in
1876 3024 1936 3064 re

2050 1808 2222 1875 δεῖξον
2247 1811 2379 1879 ἡμῖν
2405 1809 2545 1880 ποίῳ
2586 1809 2772 1882 τρόπῳ
2793 1812 2903 1884 (98)
2936 1812 3006 1866 τὰ
3032 1813 3319 1884 ἀκάθαρτα
3354 1811 3646 1884 πνεύματα

2051 1899 2461 1969 φυγαδεύονται.
2501 1919 2521 1951 ι
2550 1895 2686 1981 Eine
2729 1902 2787 1955 δὲ
2817 1905 2845 1956 6
2884 1903 3087 1975 Κύριος
3105 1921 3120 1934 ·
3150 1922 3170 1955 ‹
3204 1903 3374 1958 Τοῦτο
3403 1904 3464 1957 τὺ
3486 1905 3642 1973 γένος

2049 1991 2152 2045 οὐκ
2178 1992 2498 2047 ἐκϐάλλεται
2525 1995 2573 2047 εί
2611 1994 2684 2065 μὴ
2711 1996 2769 2047 ἐν
2803 1999 3132 2067 προσευχαῖς
3161 1996 3257 2050 καὶ
3281 1996 3577 2068 νηστείαις.
3614 2015 3635 2047 ι

2048 2080 2167 2143 Πᾶς
2201 2076 2295 2134 οὖν
2324 2081 2429 2134 ὑπὸ
2462 2082 2773 2154 πνεύματος
2816 2084 3128 2155 ἀκαθάρτου
3167 2084 3512 2157 ὀχλούμενος,
3543 2085 3641 2139 ἐάν

2048 2174 2237 2244 νοήσῃ,
2280 2176 2374 2229 καὶ
2421 2176 2693 2248 χρήσηται
2730 2176 2810 2248 τῷ
2854 2178 3132 2248 φαρμάκῳ
3164 2178 3357 2247 τούτῳ,
3402 2177 3546 2246 λέγω
3574 2177 3647 2249 δὴ

2046 2266 2112 2335 τῇ
2146 2266 2390 2337 νηστείᾳ,
2421 2265 2583 2330 εὐθὺς
2607 2266 2669 2320 τὸ
2692 2266 2911 2339 πνεῦμα
2937 2268 2998 2321 τὸ
3023 2269 3258 2340 πονηρὸν
3284 2267 3643 2339 στενοχωρού-

2051 2374 2212 2428 μενον
2240 2358 2532 2431 ἀναχωρεῖ,
2559 2358 2891 2430 φοϐούμενον
2924 2361 3022 2432 τὴν
3047 2361 3319 2433 νηστείαν.
3348 2360 3498 2414 Πάνυ
3527 2359 3641 2431 γὰρ

2046 2448 2336 2520 τέρπονται
2361 2452 2409 2504 oi
2439 2452 2692 2523 δαίμονες
2720 2455 2786 2524 τῇ
2810 2453 3109 2526 κραιπάλῃ,
3131 2454 3226 2507 καὶ
3243 2455 3310 2524 τῇ
3337 2452 3474 2525 μέθῃ
3499 2452 3637 2523 (99),

2046 2539 2143 2593 καὶ
2189 2543 2254 2611 τῇ
2302 2541 2606 2596 ἀναπαύσει
2654 2543 2748 2596 τοῦ
2798 2542 3068 2614 σώματος.
3129 2543 3356 2613 Μεγάλη
3409 2542 3643 2612 δύναμις

2045 2632 2288 2704 νηστεία,
2320 2635 2413 2687 καὶ
2442 2635 2655 2705 μεγάλα
2686 2634 3090 2707 κατορθώματα
3113 2636 3322 2704 γίνεται
3348 2634 3415 2688 δι’
3442 2634 3636 2704 αὐτῆς.

2058 2725 2213 2778 Ἐπεὶ
2239 2726 2402 2780 πόθεν
2432 2727 2525 2781 καὶ
2553 2728 2603 2780 οἱ
2631 2727 2906 2800 ἄνθρωποι
2940 2727 3177 2797 μεγάλας
3215 2727 3470 2798 δυνάμεις
3512 2729 3637 2780 ἐπι-

2044 2815 2279 2886 τελοῦσι,
2323 2818 2416 2872 καὶ¹
2457 2821 2659 2889 σημεῖα
2702 2818 2768 2871 δι’
2798 2818 2977 2873 αὐτῶν
3022 2818 3254 2888 γίνεται,
3298 2818 3391 2870 καὶ
3433 2817 3641 2889 ἰάματα

2043 2912 2153 2973 τοῖς
2182 2910 2447 2980 κάμνουσι
2475 2910 2542 2964 δι’
2574 2909 2753 2964 αὐτῶν
2784 2911 3033 2982 δωρεῖται
3071 2913 3098 2964 6
3122 2910 3273 2974 Θεὸς,
3310 2911 3359 2963 εἰ
3393 2909 3466 2980 μὴ
3496 2910 3636 2963 πάν-

2042 3016 2149 3062 τως
2185 2999 2252 3051 δι⁹
2285 2999 2571 3071 ἀσκήσεως
2617 3000 2713 3052 καὶ
2766 2997 3282 3067 ταπεινοφροσύνης,
3335 2996 3429 3049 καὶ
3484 2994 3640 3049 πολι-

357 3093 664 3148 consistere
693 3093 986 3163 jejunium.
1022 3092 1141 3147 Non
1171 3094 1316 3148 enim
1351 3098 1442 3164 qui
1497 3112 1529 3151 a
1579 3098 1720 3153 cibis
1756 3100 1934 3153 solum

2049 3090 2188 3153 τείας
2216 3090 2468 3161 ἀγαθῆς;
2504 3091 2726 3160 νηστεία
2758 3089 2868 3161 γὰρ
2912 3090 3158 3159 ἀγγέλων
3212 3089 3324 3159 βίος
3365 3088 3501 3151 ἐστὶ,
3539 3090 3637 3142 καὶ

357 3185 640 3250 abstinet,
693 3185 744 3239 is
798 3195 943 3240 recte
1000 3187 1144 3257 agit,
1204 3186 1299 3241 sed
1349 3187 1468 3256 ejus
1541 3189 1634 3257 qui
1703 3190 1939 3245 abstinet

358 3273 429 3328 ab
456 3272 607 3327 omni
640 3287 805 3342 opere
860 3274 1037 3338 malo,
1067 3275 1337 3344 jejunium
1394 3258 1676 3349 acceptum
1722 3280 1942 3334 habebi-

356 3373 467 3420 tur.
513 3364 649 3418 Nam
683 3366 730 3420 si
757 3365 993 3435 jejunes,
1020 3382 1121 3421 nec
1154 3369 1411 3425 observes
1454 3386 1516 3425 os
1564 3378 1718 3424 tuum
1756 3387 1826 3426 ne
1860 3373 1940 3426 lo-

358 3463 562 3525 quatur
590 3456 818 3521 malum,
838 3471 939 3510 nec
968 3472 1166 3514 caveas
1193 3460 1294 3515 tibi
1345 3462 1415 3516 ab
1446 3462 1751 3529 iracundia,
1781 3454 1940 3518 men—

358 3546 537 3609 dacio,
577 3545 821 3616 perjurio
855 3565 868 3602 :
905 3548 948 3602 si
986 3549 1121 3618 quid
1191 3552 1320 3605 mali
1382 3562 1575 3607 contra
1626 3554 1938 3624 proximum

357 3647 514 3693 tuum
542 3639 805 3708 loquare;
838 3640 907 3707 si,
952 3640 1199 3711 inquam,
1231 3659 1298 3697 ex
1354 3644 1657 3714 jejunantis
1686 3662 1804 3710 ore,
1838 3646 1939 3701 ho-

355 3747 479 3786 rum
508 3732 789 3803 quidpiam
841 3733 1245 3804 proficiscatur,
1302 3737 1441 3792 nihil
1490 3739 1619 3793 hinc
1680 3740 1937 3797 utilitatis

356 3822 611 3895 percipit,
646 3823 740 3878 sed
773 3831 945 3878 totum
990 3824 1236 3880 laborem
1286 3842 1446 3882 suum
1487 3828 1686 3898 perdit.
1720 3828 1801 3884 Tu
1833 3831 1936 3885 ita-

354 3931 484 3986 que,
511 3915 714 3970 Christi
753 3917 980 3981 famula,
1009 3926 1062 3973 et
1094 3918 1624 3988 quotquotlsalutem
1673 3923 1937 3993 consequi

355 4007 607 4077 cupiunt,
660 4008 709 4063 si
762 4008 1125 4078 jejunaveris,
1173 4010 1402 4079 purifica
1462 4011 1807 4081 temetipsam
1867 4014 1937 4069 ab

356 4102 506 4155 omni
534 4102 780 4171 pecuniae
810 4117 998 4156 amore
1033 4141 1047 4165 ,
1083 4102 1213 4171 quia
1269 4101 1363 4171 qui
1422 4104 1710 4171 pecuniam
1765 4110 1931 4167 amat,

355 4206 467 4245 non
502 4198 683 4260 potest
728 4190 896 4246 Deum
950 4191 1195 4261 diligere.
1231 4211 1249 4244 ι
1284 4191 1457 4246 Radix
1501 4194 1647 4248 enim
1687 4195 1933 4250 omnium

356 4283 627 4338 malorum
662 4291 747 4338 est
775 4282 1090 4337 avaritia“.
1123 4302 1142 4334 ι

424 4548 483 4605 8.
524 4546 894 4601 Ambitionem
924 4553 980 4601 et
1039 4547 1407 4617 arrogantiam
1451 4562 1805 4618 summopere
1844 4547 1933 4602 fu-

362 4640 503 4708 gias.
532 4635 590 4690 Si
611 4636 712 4690 tibi
736 4636 997 4706 cogitatio
1024 4647 1300 4706 suggerat,
1343 4647 1395 4691 te
1426 4637 1498 4691 ob
1529 4638 1834 4707 profectum
1876 4639 1933 4693 in

354 4729 564 4782 virtute
593 4741 848 4796 magnam
877 4727 1313 4799 praeclaramque
1361 4743 1507 4791 esse,
1535 4744 1603 4783 ne
1638 4729 1832 4784 credas
1861 4730 1931 4784 ei.

2042 3182 2070 3233 6
2099 3180 2380 3252 χρώμενος
2410 3182 2545 3251 αὐτῇ
2575 3180 2869 3252 ἀγγελικὴν
2893 3180 3050 3246 τάξιν
3074 3179 3203 3250 ἔχει.
3232 3179 3343 3231 Καὶ
3376 3178 3448 3250 μὴ
3485 3178 3639 3247 νομί-

2043 3290 2164 3344 σῃς,
2206 3273 2479 3344 ἀγαπητὲ,
2527 3273 2610 3326 ὅτι
2660 3272 2834 3337 οὕτως
2886 3272 3074 3336 ἁπλῶς
3126 3274 3272 3326 ἐστιν
3311 3275 3344 3343 ὴ
3379 3270 3634 3342 νηστεία’

2041 3368 2100 3418 ού
2135 3365 2243 3437 γὰρ
2280 3368 2308 3419 ὀ
2337 3365 2613 3437 νηστεύων
2656 3366 2762 3419 ἀπὸ
2810 3365 3112 3439 βρωμάτων
3164 3367 3322 3437 μόνον
3352 3367 3449 3441 (ί),
3494 3368 3637 3421 ἐκεῖ-

2041 3476 2129 3523 νος
2191 3456 2584 3530 κατώρθωσεν·
2637 3458 2752 3512 ἀλλ’
2809 3458 2838 3510 6
2892 3459 3227 3530 ἀπεχόμενος
3278 3461 3386 3513 ἀπὸ
3430 3460 3636 3526 παντὸς

2041 3549 2277 3622 πονηροῦ
2329 3550 2688 3621 πράγματος,
2737 3549 2913 3621 τούτῳ
2962 3550 3233 3619 λογίζεται
3297 3554 3330 3622 ὴ
3387 3552 3632 3623 νηστεία.

2053 3643 2178 3697 Ἐὰν
2205 3642 2314 3714 γάρ
2339 3646 2660 3715 νηστεύσῃς,
2710 3643 2805 3695 καὶ
2850 3641 2925 3713 μὴ
2963 3643 3210 3714 τηρήσῃς
3238 3642 3299 3695 τὸ
3329 3643 3503 3713 στόμα
3532 3648 3633 3696 ’σου

2040 3732 2271 3803 λαλῆσαι
2318 3734 2474 3801 λόγον
2518 3733 2771 3804 πονηρὸν,
2818 3733 2851 3803 ἢ
2898 3731 3208 3802 ὀξυχολίαν,
3258 3732 3291 3802 ἢ
3329 3732 3562 3802 ψεῦδος,
3595 3734 3631 3804 ἢ

2040 3823 2345 3894 ἐπιορκίαν,
2395 3824 2427 3895 ἣ
2473 3822 2857 3894 καταλαλήσῃς
2908 3821 3050 3875 κατὰ
3096 3822 3190 3875 τοῦ
3234 3822 3460 3892 πλησίον
3512 3840 3631 3885 σου,

2040 3915 2135 3969 ἐὰν
2163 3915 2337 3969 ταῦτα
2375 3915 2569 3988 ἐξέλθῃ
2602 3918 2666 3968 ἐκ
2698 3915 2789 3968 τοῦ
2827 3916 3096 3986 στόματος
3131 3914 3226 3968 τοῦ
3256 3915 3630 3986 νηστεύοντος,

2037 4008 2190 4060 οὐδὲν
2242 4008 2523 4079 ὠφέλησεν
2545 4025 2559 4038 ο
2619 4008 2753 4062 ἀλλά
2802 4009 2899 4062 καὶ
2945 4009 3064 4061 ὅλον
3118 4009 3208 4061 τὸν
3251 4008 3418 4063 κόπον
3462 4006 3632 4063 αὑτοῦ

2037 4098 2307 4153 ἀπώλεσε.
2359 4102 2431 4155 Σὺ
2483 4095 2595 4161 οὖν,
2631 4100 2790 4170 δούλη
2823 4099 2917 4153 τοῦ
2951 4098 3211 4173 Χριστοῦ,
3265 4101 3358 4154 καὶ
3405 4101 3627 4164 πάντες,

2035 4190 2149 4243 ὅσοι
2197 4191 2408 4244 θέλουσι
2462 4192 2719 4264 σωθῆναι,
2766 4192 2862 4246 ἐὰν
2911 4193 3235 4266 νηστεύσῃς,
3283 4193 3501 4261 ἅγνισον
3536 4209 3629 4245 σε-

2035 4283 2205 4353 αυτὴν
2231 4282 2339 4335 ἀπὺ
2371 4284 2550 4354 πάσης
2597 4283 2961 4355 φιλαργυρίας
2982 4301 2994 4312 ·
3024 4285 3104 4337 ὅτι
3134 4286 3162 4337 6
3193 4283 3421 4352 ἀγαπῶν
3453 4283 3628 4355 ἀργύ-

2039 4390 2154 4445 ριον
2181 4373 2241 4425 οὐ
2271 4371 2494 4428 δύναται
2523 4375 2613 4428 τὸν
2645 4374 2776 4429 Θεὸν
2808 4376 3045 4445 ἀγαπᾷν.
3070 4392 3089 4425 ι
3113 4372 3265 4438 Ῥίζα
3286 4373 3631 4444 γάρπάντων

2036 4463 2142 4516 τῶν
2171 4464 2358 4517 κακῶν
2393 4466 2537 4517 ἐστιν
2562 4467 2594 4535 ἡ
2622 4464 2973 4536 φιλαργυρία.
3019 4483 3038 4515 ι

2101 4551 2151 4606 8.
2185 4552 2295 4621 Τὴν
2330 4553 2634 4618 κενοδοξίαν
2684 4555 2778 4606 καὶ
2811 4552 3128 4615 ἀλαζονείαν
3164 4550 3401 4622 ἰσχυρῶς
3428 4548 3622 4620 φεῦγε.

2041 4643 2168 4697 Ἐὰν
2204 4642 2481 4717 ὑποϐάλλῃ
2525 4661 2605 4696 σοι
2640 4645 2668 4696 ὁ
2699 4644 2978 4714 λογισμὸς,
3021 4644 3103 4696 ὅτι
3151 4642 3359 4713 μεγάλη
3392 4642 3625 4710 γέγονας

2031 4738 2123 4790 καὶ
2150 4736 2310 4807 καλὴ,
2346 4735 2721 4808 προϐεϐηκυῖα
2748 4737 2813 4806 τῇ
2846 4738 3039 4806 ἀρετῇ,
3081 4734 3153 4804 μὴ
3196 4734 3493 4803 πιστεύσῃς
3527 4733 3626 4786 αὐ-

355 4817 620 4874 lnimicus
652 4818 800 4873 enim
843 4826 954 4882 est,
988 4819 1082 4889 qui
1115 4829 1170 4873 te
1203 4820 1449 4888 impedit,
1482 4828 1537 4875 et
1584 4822 1933 4876 ambitionem

2049 4825 2126 4897 τῷ·
2164 4828 2190 4879 6
2263 4826 2454 4898 ἐχθρὸς
2483 4826 2592 4898 γάρ
2626 4829 2771 4879 ἐστιν
2801 4828 2828 4878 6
2860 4824 3163 4896 ἐμποδίζων
3194 4825 3285 4878 καὶ
3318 4822 3627 4887 κενοδοξίαν

357 4912 601 4981 subjicit.
636 4910 715 4965 Ne
741 4911 926 4982 itaque
946 4927 1066 4966 eam
1096 4910 1357 4966 admittas
1378 4913 1790 4982 cogitationem,
1815 4928 1937 4983 quae

353 5003 545 5060 laudes
584 5010 941 5073 repraesentet
998 5010 1144 5057 tuas.
1183 5001 1341 5067 Quod
1396 5003 1443 5058 si
1485 5003 1584 5057 tibi
1629 5019 1750 5059 sese
1804 5005 1930 5060 talis

352 5096 545 5150 otl‘erat
581 5096 841 5165 cogitatio
870 5111 884 5146 :
919 5093 1041 5148 Noli
1083 5101 1193 5147 tam
1227 5110 1421 5164 graves
1465 5094 1651 5150 subire
1687 5095 1928 5161 labores,

354 5203 479 5243 cum
508 5187 644 5242 alias
673 5187 854 5258 possis
888 5186 1120 5242 salutem
1163 5185 1467 5254 consequi;
1514 5200 1585 5239 ne
1639 5186 1720 5240 illi
1768 5186 1931 5242 obse-

353 5296 547 5352 quare.
582 5279 846 5334 lnimicus
869 5294 1107 5348 namque
1124 5287 1228 5341 est,
1249 5277 1342 5347 qui
1368 5277 1469 5332 tibi
1504 5277 1818 5345 mollitiem,
1839 5294 1929 5334 se—

425 5436 472 5468 ”
505 5434 697 5490 Matth.
731 5451 866 5504 xvu,
905 5433 1094 5489 18-20.
1170 5432 1217 5466 ⁵⁸
1254 5433 1277 5487 Ι
1318 5433 1460 5489 Tim.
1496 5443 1591 5502 v1“,
1632 5432 1718 5488 l0.

428 5610 533 5685 (9?)
560 5609 890 5685 Ἐβιοὲίπητβν
926 5612 1070 5685 ἔχεις
1102 5610 1212 5685 γὰρ
1239 5628 1400 5685 είακρῖ-

427 5677 536 5752 (98)
566 5680 660 5752 Sic
685 5682 849 5736 Basil.
892 5677 1203 5752 etnAnglie.
1239 5677 1415 5736 'Ed'iti.
1452 5682 1510 5733 ὲν
1543 5677 1925 5752 ποίῳ-τρόπῳ.

427 5748 538 5824 (99)
564 5751 675 5806 Καὶ
714 5755 780 5824 τῇ
813 5753 949 5824 μέθῃ
983 5748 1137 5810 abest
1166 5752 1233 5808 ab
1259 5752 1561 5823 Anglicano
1609 5748 1837 5806 itl'ele.
1868 5750 1923 5802 ‘2.

2033 4918 2370 4972 ὑποϐάλλων.
2424 4919 2538 4971 Ούκ
2572 4918 2735 4990 ἀνέξῃ
2767 4914 2859 4972 οὖν
2907 4918 3000 4971 τοῦ
3034 4917 3296 4988 λογισμοῦ
3333 4917 3623 4970 ἐπαινοῦν-

2035 5010 2126 5072 τός
2159 5027 2238 5065 σε.
2301 5009 2427 5062 Ἐὰν
2470 5010 2527 5062 δὲ
2578 5010 2855 5084 ὑποϐάλλῃ
2908 5024 2991 5062 σοι
3047 5012 3075 5062 6
3117 5009 3372 5078 λογισμὸς
3423 5009 3620 5077 λέγων,

2034 5100 2138 5163 ὅτι,
2170 5099 2263 5170 Μὴ
2299 5098 2419 5152 θέλε
2453 5102 2653 5171 κοπιᾷν
2692 5099 2834 5153 οὕτω
2875 5100 3165 5165 δυσκόλως,
3184 5099 3406 5152 δύνασαι
3443 5100 3623 5169 σωθῆ-

2037 5208 2153 5243 ναιο
2206 5193 2304 5245 οὐκ
2357 5192 2612 5255 ἀκούσεις
2664 5192 2861 5247 αὑτοῦ·
2923 5195 2952 5245 6
3010 5191 3201 5264 ἐχθρὸς
3248 5191 3357 5261 γάρ
3404 5193 3551 5243 ἐστιν
3592 5192 3621 5243 6

2035 5282 2352 5338 ὑποϐάλλων
2394 5284 2663 5355 χαύνωσιν
2709 5285 2804 5338 καὶ
2843 5284 3163 5357 ὀλιγωρίαν,
3212 5284 3300 5337 ἵνα
3345 5298 3407 5334 σε
3455 5298 3622 5334 κατα-

2111 5608 2184 5688 ii)
2220 5609 2477 5688 ln_Basil.
2523 5612 2676 5670 deest
2719 5586 2903 5684 μόνον.
2949 5613 3165 5687 Anglic.
3207 5615 3373 5672 habet
3432 5615 3619 5688 μόνον.

2036 5679 2201 5746 Editi,
2230 5681 2410 5749 μόνος.
