3890 6200
222 311 328 368 261

1597 291 1686 347 DE
1723 285 2197 348 VIRGINITATE.

3394 274 3504 335 262

226 425 368 497 ϐάλῃ
424 422 534 478 ἀπὸ
572 421 673 492 τῆς
726 416 982 491 ἐναρέτου
1027 431 1121 468 σου
1169 410 1461 474 πολιτείας.
1508 409 1687 464 Πολλά
1708 407 1846 497 γάρ

1952 400 2258 469 nitiemque
2283 392 2558 466 ejusmodi
2604 390 2850 462 subjicit,
2885 396 2947 444 ut
2994 396 3048 446 te
3097 403 3128 442 a
3178 388 3351 460 probo
3405 395 3503 443 tuo

225 496 751 585 éﬂtrpﬂXGVﬂjLaTa
791 509 857 560 ὲκ
901 506 996 559 τοῦ
1039 502 1236 575 ἐχθροῦ
1274 501 1535 572 γινόμενα
1565 501 1679 562 τοῖς
1701 496 1825 550 δοῦ-

228 607 345 669 λοις
368 604 465 658 τοῦ
499 601 655 657 Θεοῦ.
699 598 1023 653 ’Υποϐάλλει
1056 593 1165 665 γάρ
1205 594 1317 655 τοῖς
1360 588 1688 661 ἀνθρώποις,
1723 587 1824 658 ἄρ-

228 713 386 767 χεται
439 695 534 747 καὶ
579 693 822 747 ἐπαινεῖν
873 688 1073 756 λόγοις,
1115 684 1251 756 πρὸς
1290 682 1352 736 τὸ
1402 680 1682 751 ὑψωθῆναι
1725 678 1826 749 τὴν

228 787 460 860 καρδίαν
492 784 692 838 αὐτῶν.
738 783 813 836 Σὺ
856 781 914 834 δὲ
959 778 1032 850 μὴ
1057 775 1328 847 καταδέξῃ
1370 773 1589 827 ἔπαινον
1626 768 1829 841 ἀνθρώ-

230 897 371 932 mw.
421 878 548 932 Ἐἀν
595 876 654 930 δέ
696 875 782 939 τίς
835 891 916 926 σοι
965 870 1128 943 εἴπῃ,
1183 867 1447 939 Μακαρία
1480 861 1532 919 εἷ
1569 865 1669 934 (ἓν
1700 862 1828 933 λέγε

231 970 382 1040 αὐτῷ
403 985 421 1004 ·
460 969 588 1022 Ἐἀν
629 966 833 1034 ἐξέλθω
875 968 940 1019 ὲκ
986 963 1078 1018 τοῦ
1117 959 1368 1032 σώματος
1410 956 1602 1011 τούτου
1647 955 1828 1019 καλῶς

232 1060 607 1124 τελειώσασα,
654 1060 778 1112 τότε
832 1053 1333 1128 μακαρισθήσομαι.
1383 1052 1543 1122 Ἀρτι
1595 1047 1704 1120 γὰρ
1765 1048 1827 1101 οὑ

233 1153 481 1209 πιστεύω
508 1154 747 1224 ἐμαυτῇ,
779 1151 861 1203 ὅτι
898 1147 1143 1221 μακαρία
1160 1145 1274 1216 εἰμί
1294 1143 1395 1215 (5).
1417 1140 1829 1213 Οίγάρᾶνθρω-

234 1246 453 1311 ποι,ὡς
479 1245 710 1316 ἄνεμος,
756 1242 900 1296 οὕτω
944 1235 1412 1312 μεταϐαλλόμεθα.
1462 1235 1731 1297 Πολλάκις
1774 1233 1833 1286 δὲ

233 1337 533 1392 ὑποϐάλλει
567 1353 649 1389 σοι
683 1334 982 1399 έξουθενεῖν
1010 1331 1137 1395 τοὺς
1165 1330 1444 1393 ἐσθίοντας
1464 1344 1478 1357 '
1517 1328 1591 1399 μὴ
1618 1327 1834 1379 πιστεύ-

236 1446 338 1502 σῃς
377 1427 563 1498 αὐτῷ-
600 1426 880 1495 ἀλλότριος
913 1425 1023 1496 γάρ
1064 1425 1215 1476 ἐστι’
1257 1422 1476 1475 πάντων
1516 1419 1625 1491 γὰρ
1651 1419 1834 1489 ὲλαχι-

237 1520 502 1592 στοτέραν
546 1517 778 1590 σεαυτὴν
813 1516 888 1588 (4)
918 1512 1154 1585 λογίζου,
1203 1514 1292 1567 ἴνα
1324 1512 1552 1575 πολλοὺς
1589 1510 1834 1582 προάξῃς

235 1615 316 1677 είς
344 1612 446 1683 τὴν
481 1610 760 1682 βασιλείαν
784 1608 894 1662 τῶν
932 1606 1196 1679 οὐρανῶν,
1224 1605 1320 1659 καὶ
1366 1602 1519 1676 παρά
1545 1602 1665 1673 Θεῷ
1693 1602 1835 1673 ὑψω-

236 1705 404 1776 θήσῃ.
449 1701 773 1757 Ὑποϐάλλει
804 1701 859 1755 δὲ
894 1702 923 1754 6
946 1699 1140 1772 ἐχθρὸς
1171 1698 1265 1752 καὶ
1297 1696 1529 1770 ἄσκησιν
1562 1694 1824 1767 μεγάλην,

1924 493 2051 547 vitae
2078 489 2334 546 instituto
2361 486 2605 556 dejiciat.
2639 482 2810 538 Multa
2853 482 3058 553 quippe
3084 490 3212 538 sunt
3237 481 3358 550 ejus
3393 494 3506 534 ma-

1925 583 2278 639 chinamenta
2317 578 2582 634 adversus
2629 575 2728 631 Dei
2764 590 2977 630 servos.
3030 572 3314 643 Submittit
3356 572 3502 628 enim

1925 672 2247 728 hominibus
2292 668 2656 740 cogitationes
2690 685 2706 718 :
2735 664 2928 735 incipit
2979 664 3225 732 laudare,
3248 672 3310 718 ut
3336 663 3504 720 corda

1925 780 2117 821 eorum
2140 762 2386 818 extollat.
2424 759 2507 814 Tu
2523 774 2655 815 vero
2683 772 2752 812 ne
2776 756 3065 812 hominum
3096 756 3289 812 laudes
3308 757 3508 813 admit-

1927 863 2034 912 tas.
2057 852 2215 921 Quod
2250 852 2299 907 si
2339 852 2465 922 quis
2495 850 2594 906 tibi
2630 849 2831 904 dixerit
2867 867 2880 902 :
2918 847 3085 903 Beata
3112 864 3210 916 es;
3238 848 3510 919 responde

1928 947 2007 1002 illi
2043 963 2057 998 :
2092 945 2325 1013 Quando
2351 944 2466 998 vita
2509 943 2683 1014 probe
2735 948 2962 1013 peracta
3009 956 3074 996 ex
3126 940 3233 996 hoc
3278 955 3513 1011 corpore

1929 1053 2246 1105 excessero,
2273 1047 2404 1092 tunc
2452 1036 2614 1091 beata
2642 1036 3004 1107 praedicabor.
3039 1032 3161 1089 Jam
3208 1033 3357 1088 enim
3402 1048 3514 1088 non

1932 1131 2153 1187 credam
2210 1143 2298 1184 me
2346 1128 2564 1184 beatam
2618 1141 2762 1182 esse.
2794 1123 3062 1180 Homines
3104 1122 3305 1194 quippe
3355 1123 3516 1194 quasi

1930 1230 2160 1289 ventus;
2214 1221 2290 1275 ita
2332 1226 2635 1274 mutamur.
2690 1216 3020 1286 Plerumque
3069 1215 3266 1272 suadet
3297 1215 3419 1281 tibi,
3452 1222 3515 1270 ut

1932 1334 2028 1374 eos
2083 1317 2176 1388 qui
2225 1316 2524 1372 comedunt
2572 1314 2845 1384 despicias
2879 1313 3013 1369 :sed
3070 1327 3141 1368 ne
3202 1310 3399 1366 credas
3437 1308 3512 1372 ei,

1935 1410 2147 1465 alienus
2192 1410 2396 1479 quippe
2449 1417 2564 1472 est;
2589 1406 2723 1477 quin
2757 1405 2942 1475 potius
2991 1412 3046 1459 te
3072 1404 3319 1459 omnium
3348 1402 3517 1457 mini-

1937 1516 2082 1555 mam
2105 1508 2378 1571 reputato,
2404 1507 2463 1554 ut
2487 1500 2690 1553 multos
2725 1499 3028 1570 praemittas
3062 1498 3118 1552 in
3146 1511 3373 1568 regnum
3401 1510 3516 1551 ca:-

1937 1592 2142 1656 lorum,
2173 1604 2227 1647 et
2263 1589 2426 1645 abeo
2456 1589 2740 1645 exalteris.
2775 1588 2833 1643 Si
2878 1586 3073 1644 suadet
3119 1586 3215 1641 tibi
3260 1586 3516 1641 inimicus

1942 1685 2217 1757 ingentem
2273 1682 2487 1739 ascesin
2549 1697 2646 1736 seu
2705 1679 3180 1745 exercitationem,
3213 1685 3274 1732 ut
3317 1691 3517 1747 corpus

237 1764 327 1850 ἵνα
354 1764 418 1849 τὸ
446 1796 606 1861 σῶμα
634 1794 859 1857 ἀσθενὲς
888 1764 1321 1865 καὶ-’ἀγρήσιμον
1354 1764 1577 1861 ποιήσῃ.
1606 1764 1708 1840 Σοῦ
1740 1764 1834 1840 οῦν

1952 1793 2093 1833 ;uum
2148 1775 2427 1832 inﬁrmum
2460 1783 2516 1830 et
2545 1774 2659 1845 88
2686 1772 2877 1828 inutile
2910 1770 3109 1827 efﬁciat
3140 1785 3153 1821 :
3192 1776 3347 1825 tuum
3375 1769 3520 1841 jeju—

237 1890 273 1959 ἡ
297 1889 526 1961 νηστεία
560 1888 754 1959 μέτρον
785 1885 975 1957 ἐχέτω.
1019 1886 1333 1956 Νήστευσον
1372 1879 1465 1936 οὖν
1496 1881 1571 1953 (5)
1598 1879 1718 1934 ὅλον
1745 1879 1835 1933 τὸν

239 1982 491 2036 ἐνιαυτὸν
529 1980 697 2052 χωρὶς
726 1979 909 2050 πάσης
950 1977 1228 2049 ἀνάγκης·
1264 1976 1385 2048 ὥρᾳ
1426 1974 1483 2027 δὲ
1532 1972 1698 2044 ἐνάτῃ
1737 1972 1838 2043 τῆς

240 2074 483 2145 ἡμέρας,
513 2076 572 2126 ὲν
606 2072 794 2143 ὕμνοις
826 2071 921 2124 καὶ
961 2071 1291 2142 προσευχαῖς
1322 2065 1699 2129 διατελέσασα,
1739 2081 1838 2135 με·

236 2165 561 2237 ωάμὸανε
591 2164 700 2217 τῶν
726 2164 907 2236 ἄρτων
937 2178 1029 2215 σου
1058 2163 1115 2215 ὲν
1138 2161 1356 2232 λαχάνῳ
1381 2155 1841 2228 ἀναπεποιημένῳ

240 2258 434 2330 ὶλαίῳ.
464 2259 654 2313 Πάντα
674 2256 819 2327 ἀγνά
839 2256 941 2309 ὃσα
972 2254 1180 2325 ἀψυχα.

318 2353 375 2408 9.
404 2351 480 2403 Σὺ
515 2351 593 2416 δὲ,
618 2345 664 2405 ὧ
692 2347 953 2422 παρθένε,
999 2346 1191 2419 μηθεὶς
1241 2341 1705 2415 καταμανθανέτω
1743 2339 1842 2411 τὴν

244 2444 485 2515 άσκησίν
512 2460 629 2507 σου,
657 2442 793 2514 μηδὲ
840 2439 1019 2496 αὐτῶν
1067 2440 1214 2493 ἰδίων
1253 2455 1347 2491 σου
1388 2435 1666 2505 συγγενῶν
1686 2452 1699 2465 ο
1726 2433 1841 2488 ἀλλ’

247 2537 306 2590 ετ
331 2552 385 2591 τι
418 2537 615 2598 ποιεῖς,
660 2536 719 2588 ὲν
760 2532 988 2607 κρυπτῷ
1029 2532 1209 2585 ποίει·
1258 2531 1351 2584 καὶ
1395 2531 1423 2583 6
1470 2528 1660 2600 Πατήρ
1692 2543 1785 2579 σου
1816 2526 1845 2577 6

250 2608 526 2701 οὖεῖάνιος,
555 2631 583 2683 6
613 2628 826 2700 βλέπων
854 2627 924 2679 ’ὲν
965 2624 1043 2696 τῷ
1084 2623 1334 2695 κρυπτῷ,
1363 2619 1635 2675 ἀποδώσει
1672 2636 1752 2671 σοι
1788 2620 1845 2670 ἐν

250 2721 335 2792 τῷ
379 2719 600 2793 φανερῷ
630 2720 737 2790 (6).
781 2718 906 2774 Ἑάν
956 2717 1014 2771 δὲ
1061 2714 1383 2787 φανερώσῃς
1425 2729 1519 2767 σου
1566 2712 1658 2764 τὸν
1710 2710 1844 2780 βίον,

250 2814 536 2880 κενοδοξία
572 2831 654 2867 σοι
708 2811 975 2876 τίκτεται,
1029 2808 1123 2861 καὶ
1169 2806 1387 2877 ζημιοῖα
1435 2804 1531 2856 ἐὰν
1581 2803 1638 2855 δὲ
1680 2800 1847 2872 εὕρῃς

250 2907 438 2978 ψυχὴν
470 2904 866 2977 ὁμοσύμφωνον
909 2900 1179 2955 πονοῦσαν
1220 2897 1299 2969 τῷ
1336 2896 1477 2967 Θεῷ,
1517 2895 1592 2958 ὡς
1625 2894 1720 2947 καὶ
1759 2895 1846 2956 σὺ,

250 2998 435 3072 ταύτῃ
467 2997 602 3070 μόνῃ
632 2994 981 3065 ἀποκάλυψον
1010 2995 1067 3047 ὲν
1096 2990 1379 3063 μυστηρίῳ
1397 3006 1410 3019 ·
1448 2991 1565 3042 ἐκεῖ
1606 2987 1705 3040 οὐκ
1733 2985 1848 3038 ἐστι

254 3089 557 3154 κενοδοξία.
601 3087 902 3158 Ἐλάλησας
945 3085 1077 3156 γὰρ,
1128 3083 1218 3136 ἵνα
1263 3082 1409 3153 σωθῇ
1455 3080 1632 3151 ψυχή·
1681 3078 1850 3133 πολὺν

260 3137 1127 3256 μισθὸνῗληψῃ-,Ἶέάνιήσωθῇ,διὰ
1159 3173 1253 3228 σοῦ
1504 3137 1629 3235 Tnoz';
1667 3171 1850 3242 ἔχουσι
1877 3137 1919 3195 c

256 3277 427 3331 πόθον
457 3275 676 3329 ἀκούειν
706 3272 858 3326 λάλει
905 3270 973 3323 τά
1019 3268 1387 3340 συμφέροντα.
1440 3264 1562 3319 Ἐὰν
1593 3264 1648 3317 δὲ
1676 3265 1849 3337 ἀκούῃ

257 3370 357 3423 καὶ
404 3369 478 3440 μὴ
522 3368 671 3438 ποιῇ,
716 3365 880 3437 μηδὲν
923 3362 1093 3416 λάλει.
1148 3361 1311 3428 Λέγει
1369 3357 1478 3430 γάρ
1529 3359 1558 3410 6
1613 3355 1845 3427 Κύριος⁸

265 3479 290 3514 α
323 3459 417 3532 Μὴ
436 3459 573 3512 δῶτε
602 3458 673 3512 τὰ
697 3458 831 3525 ἆγια
857 3456 970 3518 τοῖς
996 3452 1122 3507 κυσί
1139 3469 1153 3483 ’
1191 3451 1325 3524 μηδὲ
1356 3450 1587 3522 βάλλητε
1618 3449 1696 3522 (7)
1723 3449 1851 3513 τοὺς

264 3552 613 3627 μαργαρίτας
649 3548 807 3622 ὑμῶν
851 3547 1161 3619 ἔμπροσθεν
1208 3545 1315 3599 τῶν
1359 3544 1576 3616 χοίρων.
1612 3562 1632 3595 )
1670 3541 1854 3605 Κύνας

260 3632 377 3718 γὰρ
420 3647 516 3700 καὶ
563 3644 780 3715 χοίρους
822 3639 1090 3695 ἀποκαλεῖ
1137 3639 1167 3692 ὁ
1212 3637 1448 3709 Χριστὸς
1500 3635 1576 3707 (8)
1626 3637 1753 3698 τοὺς
1795 3636 1854 3688 ὲν

263 3740 449 3809 ἀτίμῳ
486 3738 584 3810 βίῳ
619 3737 939 3803 διάγοντας’
992 3734 1330 3803 μαργαρῖται
1363 3728 1472 3800 γάρ
1518 3727 1690 3799 τίμιοί
1718 3729 1855 3781 είσιν

263 3833 318 3885 οἱ
347 3830 443 3884 τοῦ
471 3827 607 3882 Θεοῦ
639 3827 808 3897 λόγοι,
843 3829 955 3889 τοῖς
985 3824 1155 3889 ἀξίοις
1190 3822 1374 3893 μόνοις
1400 3820 1686 3891 διδόμενοι.

1937 1869 2089 1922 nium
2119 1865 2341 1921 modum
2375 1865 2595 1919 habeat.
2637 1861 2835 1931 Jejuna
2877 1863 3064 1933 itaque
3105 1870 3278 1917 totum
3314 1876 3521 1915 annum

1937 1958 2048 2014 nisi
2077 1958 2227 2012 aliud
2258 1956 2497 2028 postulet
2525 1954 2861 2020 necessitas;
2892 1952 3029 2007 hora
3064 1959 3248 2007 autem
3284 1967 3433 2007 nona
3461 1951 3522 2006 in

1938 2048 2158 2120 hymnis
2189 2055 2242 2103 et
2275 2045 2623 2102 orationibus
2659 2051 2957 2109 transacta,
2990 2059 3146 2100 sume
3188 2058 3359 2114 panes
3393 2051 3522 2100 tuos

1939 2154 2065 2194 cum
2098 2138 2344 2193 oleribus
2368 2137 2492 2192 oleo
2519 2135 2776 2191 conditis.
2814 2134 3010 2190 Omnia
3050 2151 3188 2207 pura
3215 2143 3345 2192 sunt
3374 2150 3525 2208 quae-

1940 2245 2161 2301 cunque
2187 2228 2517 2283 inanimata.

2016 2346 2071 2402 9.
2113 2343 2197 2399 Tu
2232 2351 2434 2408 autem,
2472 2357 2507 2397 o
2537 2341 2712 2412 virgo,
2738 2340 2794 2395 id
2819 2354 2939 2410 age,
2973 2347 3034 2394 ut
3059 2355 3221 2396 nemo
3246 2347 3394 2395 tuam
3419 2355 3526 2397 no-

1941 2440 2014 2494 rit
2074 2437 2311 2501 ascesin,
2344 2451 2413 2491 ne
2471 2451 2540 2491 ex
2595 2434 2846 2506 cognatis
2885 2434 3107 2504 quidem
3170 2435 3280 2491 tuis
3312 2452 3326 2488 :
3359 2436 3454 2492 sed
3476 2436 3530 2492 si

1945 2531 2078 2602 quid
2116 2530 2255 2600 agis,
2285 2529 2339 2583 in
2374 2528 2593 2585 occulto
2618 2542 2718 2597 age
2759 2544 2774 2583 :
2805 2535 2860 2582 et
2903 2525 3068 2581 Pater
3112 2533 3241 2582 tuus
3285 2527 3531 2584 caulestis

1945 2626 2041 2696 qui
2072 2624 2220 2679 videt
2252 2622 2308 2676 in
2340 2622 2584 2686 occulto,
2616 2620 2810 2675 reddet
2857 2619 2957 2674 tibi
3007 2620 3065 2674 in
3095 2619 3340 2690 publico.
3371 2620 3532 2687 Quod

1947 2717 1994 2772 si
2029 2716 2198 2769 vitam
2258 2721 2409 2768 tuam
2468 2712 2934 2776 manifestaveris,
2969 2712 3098 2766 hinc
3134 2711 3232 2766 tibi
3273 2720 3533 2767 nascetur

1946 2806 2127 2860 inanis
2150 2804 2337 2875 gloriae
2365 2802 2660 2873 cupiditas,
2689 2810 2856 2871 atque
2878 2800 3266 2855 detrimentum
3300 2799 3531 2855 senties.

1951 2896 2008 2952 Si
2040 2912 2170 2951 vero
2201 2897 2440 2950 animam
2496 2894 2770 2964 repereris
2803 2892 2904 2947 tibi
2960 2892 3420 2958 consentientem,
3450 2899 3536 2946 at-

1948 3006 2056 3061 que
2079 2988 2191 3044 Deo
2239 2987 2429 3043 eadem
2465 2986 2680 3040 ratione
2735 2983 3089 3047 servientem,
3151 2981 3281 3037 huic
3308 2982 3412 3038 soli
3441 2996 3533 3037 se-

1952 3088 2103 3135 creta
2125 3088 2218 3133 tua
2247 3077 2487 3133 revelato
2512 3078 2553 3148 1:
2622 3074 2728 3129 hac
2771 3073 2919 3128 enim
2951 3074 3007 3126 in
3049 3088 3109 3128 re
3142 3086 3254 3127 non
3284 3080 3369 3127 est
3407 3072 3531 3126 ina-

1956 3174 2043 3229 nis
2069 3173 2262 3244 gloria.
2294 3169 2503 3225 Locuta
2531 3183 2770 3238 namque
2788 3183 2848 3222 es
2877 3171 2937 3221 ut
2959 3165 3113 3221 salva
3136 3166 3289 3220 ﬁeret
3313 3165 3532 3220 anima:

1956 3281 2211 3337 magnam
2264 3256 2573 3319 mercedem
2604 3262 2860 3331 recipies,
2891 3260 2939 3315 si
2968 3274 3067 3330 per
3090 3266 3145 3313 te
3176 3259 3357 3312 anima
3388 3258 3539 3314 salu—

1957 3367 2067 3413 tem
2124 3366 2514 3426 consequatur.
2566 3354 2780 3420 Quibus
2830 3353 2975 3406 inest
3024 3350 3283 3406 audiendi
3320 3349 3538 3405 deside-

1954 3445 2101 3498 rium
2132 3444 2359 3515 loquere
2389 3459 2510 3514 quaa
2543 3443 2655 3498 sint
2701 3442 2877 3496 utilia.
2915 3439 3072 3508 Quod
3104 3440 3151 3496 si
3190 3440 3281 3495 ille
3305 3439 3543 3495 audierit

1955 3543 2011 3591 et
2035 3536 2223 3591 audita
2282 3552 2394 3592 non
2439 3545 2794 3606 exsequatur,
2847 3551 2916 3590 ne
2974 3535 3199 3605 loquere
3254 3535 3417 3589 ultra.
3450 3534 3545 3589 Ait

1958 3630 2105 3684 enim
2136 3628 2402 3684 Dominus
2438 3645 2452 3682 :
2491 3647 2510 3680 ι
2548 3627 2629 3684 Ne
2656 3628 2782 3682 date
2837 3636 3032 3683 sancta
3056 3626 3290 3682 canibus
3317 3666 3333 3690 ,
3362 3641 3545 3697 neque
3641 3656 3645 3659 λ

1957 3721 2212 3791 projicite
2235 3719 2572 3792 margaritas
2601 3727 2816 3775 vestras
2843 3725 2971 3774 ante
2994 3733 3193 3789 porcos
3210 3719 3279 3771 ⁸⁵.
3309 3738 3328 3770 ι
3363 3717 3550 3773 Canes

1960 3829 2199 3884 namque
2227 3821 2281 3868 et
2310 3828 2511 3885 porcos
2553 3819 2716 3868 vocat
2747 3811 3016 3866 Dominus
3039 3826 3157 3878 eos,
3182 3810 3279 3882 qui
3328 3818 3545 3881 turpem

270 3936 444 4000 agunt
473 3927 664 3983 vitam.
698 3924 1007 3995 Margaritae
1035 3921 1236 3993 quippe
1284 3919 1541 3990 pretiosae
1566 3922 1717 3984 sunt,
1754 3913 1847 3969 Dei
1884 3914 2075 3978 verba,
2107 3928 2231 3983 quae
2276 3911 2345 3968 iis
2378 3918 2590 3966 tantum
2645 3909 2742 3981 qui
2780 3909 2933 3981 digni
2966 3915 3098 3965 sunt
3122 3909 3463 3963 tribuuntur.

342 4092 431 4147 10.
457 4090 524 4142 ’Ὠ
552 4086 800 4160 μακαρία
820 4083 964 4154 ψυχὴ
997 4083 1031 4153 ἡ
1062 4079 1343 4135 ἀκούσασα
1369 4074 1591 4136 τούτους
1615 4070 1741 4135 τοὺς
1778 4069 1865 4124 λό-

269 4201 402 4255 γους
433 4183 561 4245 τοὺς
603 4176 1023 4250 γεγραμμένους
1066 4175 1124 4227 ὲν
1164 4171 1245 4243 τῷ
1295 4168 1483 4241 βιϐλίῳ
1520 4166 1724 4235 τούτῳ,
1769 4164 1865 4219 καὶ

271 4276 541 4332 ποιοῦσαι
571 4270 940 4343 Μαρτύρομαι
973 4268 1136 4321 παντὶ
1172 4262 1447 4336 ἀνθρώπῳ
1483 4260 1580 4335 (9),
1612 4260 1866 4316 ἀκούοντι

271 4371 341 4424 τά
372 4370 591 4441 ῥήματα
625 4364 801 4419 ταῦτα
827 4362 921 4416 καὶ
969 4359 1231 4422 ποιοῦντι,
1267 4358 1348 4411 ὅτι
1390 4356 1452 4409 τὸ
1483 4355 1656 4428 ὄνομα
1695 4352 1862 4410 αὐτοῦ

2032 4068 2120 4122 10.
2160 4066 2204 4121 Ο
2236 4067 2398 4122 beata
2446 4066 2628 4120 anima
2660 4080 2783 4135 quae
2836 4078 3120 4120 sermones
3156 4062 3392 4118 audierit
3443 4062 3547 4118 hoc

1961 4164 2019 4217 in
2048 4161 2190 4216 libro
2222 4160 2479 4230 scriptos,
2522 4165 2687 4228 atque
2729 4164 2989 4212 exsecuta
3017 4170 3111 4212 eos
3144 4154 3330 4210 fuerit.
3364 4153 3547 4210 Testi-

1963 4255 2099 4309 ﬁcor
2129 4252 2280 4308 omni
2317 4251 2547 4314 homini,
2583 4250 2679 4321 qui
2711 4249 2947 4304 audierit
2980 4247 3096 4301 haec
3141 4247 3309 4302 verba
3360 4254 3415 4300 et
3460 4245 3547 4302 fe-

1967 4347 2104 4403 cerit
2124 4361 2209 4409 ea,
2234 4346 2382 4416 quod
2434 4360 2638 4399 nomen
2680 4343 2802 4414 ejus
2839 4340 3190 4397 scribendum
3225 4339 3298 4395 sit
3321 4338 3378 4393 in
3406 4339 3549 4393 libro

273 4431 624 4534 γραφησεται
656 4456 714 4508 ὲν
738 4455 805 4524 τῇ
835 4451 1001 4523 βίϐλῳ
1030 4449 1133 4519 τῆς
1172 4446 1337 4519 ζωῆς,
1368 4447 1463 4500 καὶ
1488 4446 1546 4499 ὲν
1588 4445 1664 4517 τῷ
1694 4444 1846 4517 τρίτη

1968 4440 2113 4505 vitae,
2148 4438 2364 4509 etquod
2390 4438 2509 4508 ipse
2555 4436 2611 4490 in
2667 4435 2830 4491 tertio
2904 4433 3223 4505 angelorum
3255 4431 3449 4487 ordine
3479 4432 3553 4488 sit

273 4511 516 4623 ἑᾶξρσὶτι
549 4548 659 4602 τῶν
706 4511 1358 4615 ἀγγέλωνεὺρεθήσεται.
1396 4538 1522 4592 Ἐὰν
1570 4511 1661 4592 οὖν
1693 4511 1846 4610 προσἶ

1971 4532 2342 4589 collocandus.
2379 4528 2436 4584 Si
2484 4529 2652 4600 igitur
2698 4542 2825 4583 ores
2875 4532 2969 4581 aut
3026 4524 3255 4594 psallas,
3309 4523 3554 4592 legasve,

274 4644 430 4716 εὔχῃ,
460 4643 493 4713 ἢ
525 4640 755 4712 ψάλλῃς,
785 4637 818 4709 ἦ
852 4634 1230 4708 ἀναγινώσκῃς
1256 4631 1389 4703 (10),
1418 4632 1540 4685 κατ’
1577 4630 1710 4684 ἰδίαν
1734 4628 1869 4682 κάθ-

274 4754 339 4792 ου
361 4755 377 4769 ·
422 4734 610 4806 μηδεὶς
648 4732 914 4795 ἀκουέτω,
946 4732 995 4783 εί
1058 4727 1134 4800 μὴ
1178 4728 1242 4780 σὺ
1273 4725 1435 4798 μόνη.
1469 4724 1581 4777 Καὶ
1611 4722 1706 4776 ἐὰν
1738 4721 1868 4795 ἔχῃς

277 4829 584 4902 ὁμαᾲύχους
613 4826 739 4898 μίαν
768 4825 803 4895 ἢ
834 4824 926 4877 δύο
964 4821 1268 4893 παρθένους
1290 4836 1304 4850 ’
1337 4818 1486 4887 λέγει
1520 4815 1630 4888 γάρ
1665 4816 1694 4867 6
1734 4816 1870 4887 Χρι-

282 4922 439 4997 στός·
477 4939 495 4971 ‹
540 4921 710 4972 Ὅπου
757 4916 852 4971 δύο
891 4915 925 4985 ἢ
970 4917 1117 4984 τρεῖς
1155 4915 1258 4966 εἰσι
1309 4908 1638 4981 συνηγμένοι
1682 4908 1742 4959 ὲν
1788 4905 1866 4978 τῷ

282 5013 506 5085 ὀνόματί
538 5028 638 5082 μου
674 5010 808 5081 (Η),
845 5010 963 5062 ἐκεῖ
989 5009 1102 5078 εἰμι
1126 5007 1185 5059 ὲν
1216 5005 1366 5076 μέσῳ
1398 5000 1578 5056 αὐτῶν
1617 5017 1630 5030 ο
1672 5008 1692 5051 i
1732 4998 1867 5052 ἁπό-

355 5168 404 5201 ⁵⁸
442 5166 638 5223 Mattb.
670 5182 769 5232 vn,
802 5164 858 5219 6.
933 5164 979 5195 "
1018 5161 1215 5216 Matth.
1248 5174 1419 5219 xvm.
1456 5156 1548 5211 20.

360 5349 438 5419 (2)
464 5344 786 5419 Basiliensis
826 5349 886 5419 et_
902 5341 1254 5412 Anglicanus,
1290 5334 1576 5406 Μακάριος
1602 5329 1670 5386 εἴ.
1696 5329 1869 5385 Paulo

456 5418 691 5494 anglicq
708 5412 1021 5494 τελειώσας.

471 5472 636 5562 Βοξὶί.
672 5472 731 5562 et
748 5472 1010 5562 Anglic;
1025 5480 1335 5552 Μακάριος.
1366 5474 1541 5530 Paulo
1568 5482 1716 5545 post,
1753 5472 1869 5526 An-

293 5554 447 5634 glicg,
469 5562 540 5634 Εἰ
646 5554 1024 5634 πολλάκνιςιὺπ.

468 5612 787 5685 Dasiliensis
814 5633 869 5681 et
888 5612 1134 5695 'Anglic”
1159 5617 1567 5695 ἐλαχιστότερον
1623 5612 1869 5667 σεαυτόν.

386 5633 421 5685 4
468 5633 787 5685 Basiliensis
814 5633 869 5681 et
900 5633 1134 5695 Anglic.,
1160 5633 1567 5689 ελαχιστοτερον
1623 5633 1839 5667 σεαυτοι

364 5633 442 5772 (5)
468 5697 579 5772 οῦν
602 5699 758 5754 deest
788 5693 1358 5772 infasillet‘Anglic.
1390 5758 1406 5772 ‘
1460 5758 1473 5772 .
1574 5754 1601 5768 η
1685 5771 1688 5772 ν
1749 5723 1839 5772 d3

465 5754 762 5842 IniAnglic.
789 5754 1000 5825 ctF‘elc.
1019 5766 1076 5833 2,
1100 5754 1257 5821 deest
1274 5758 1431 5827 illud,
1457 5758 1514 5813 ἐν
1533 5754 1612 5827 τῷ
1632 5754 1871 5825 φανερῷ.

1975 4641 2223 4681 seorsum
2248 4622 2388 4679 'sede
2419 4639 2431 4674 :
2472 4636 2634 4676 nemo
2666 4619 2853 4674 audiat
2884 4617 2992 4674 nisi
3023 4626 3082 4672 tu
3110 4617 3246 4673 sola.
3284 4614 3349 4668 Et
3373 4615 3420 4671 si
3452 4614 3553 4668 ha-

1974 4720 2108 4773 beas
2163 4716 2496 4771 concordem
2540 4729 2707 4769 unam
2752 4719 2848 4766 aut
2897 4712 3129 4765 alteram
3156 4709 3445 4778 virginem,
3477 4706 3555 4760 ait

1973 4812 2120 4866 enim
2150 4807 2405 4864 Christus
2437 4827 2449 4862 :
2485 4826 2502 4859 ι
2542 4800 2644 4860 Ubi
2669 4805 2779 4859 duo
2810 4804 2896 4859 vel
2940 4810 3054 4857 tres
3082 4800 3403 4874 congregati
3435 4797 3556 4851 fue-

1973 4903 2083 4957 rint
2103 4902 2159 4956 in
2184 4905 2408 4955 nomine
2440 4914 2584 4964 meo,
2619 4898 2695 4952 ibi
2737 4913 2858 4953 sum
2900 4895 2958 4949 in
2989 4893 3170 4949 medio
3199 4906 3391 4947 eorum
3410 4889 3478 4955 ";
3530 4906 3549 4938 ι

1973 4996 2150 5067 abjice
2201 4994 2523 5049 muliebrem
2572 5005 2819 5053 sensum,
2863 5002 2927 5042 ac
2978 4986 3235 5041 ﬁduciam
3294 4981 3559 5051 virileque

2043 5325 2121 5396 (7)
2155 5323 2513 5396 Anglicanus,
2539 5319 2764 5396 βάλητε.

2046 5389 2113 5466 (8’
2139 5389 2496 5466 Anglicanus,
2591 5389 2742 5466 Θεός.

2066 5466 2120 5537 9)
2142 5452 2461 5537 eam
2487 5452 2643 5537 abest
2677 5455 2980 5537 tib-“1813?:
3007 5460 3062 5509 θι
3083 5452 3231 5537 F910.-
3262 5452 3389 5537 2ο...
3417 5477 3421 5481 ·

2066 5469 2120 5537 9)
2166 5469 2461 5535 Ἀνθρώπῳ
2489 5469 2643 5517 abest
2677 5469 2745 5513 ab
2768 5469 2980 5580 argilla
3007 5469 3062 5509 et
3085 5469 3231 5509 rete.
3262 5469 3318 5507 Ζ.
3417 5477 3421 5481 -

2044 5469 2160 5609 (10)
2189 5535 2287 5609 Sic
2314 5534 2481 5609 Basili
2507 5540 2561 5587 et
2584 5529 2798 5609 Anglic.
2870 5600 2885 5609 Δ,
2913 5525 2972 5609 ibi
3011 5540 3163 5609 vero,
3198 5527 3239 5609 η
3261 5520 3559 5609 ψάλλὲᾑῇ

1973 5592 2386 5676 ἀναγινώσκεις.
2430 5602 2575 5666 Mox,
2631 5592 2799 5654 Basil.
2834 5600 2889 5652 et
2931 5595 3168 5666 Anglic.,
3215 5592 3365 5667 ἔχῃς.
3392 5592 3564 5659 Editi,

1978 5680 2146 5741 ἔχεις.
2315 5727 2329 5739 ,

2008 5699 2164 5821 xiii.)
2195 5727 2387 5815 Basi.l.,
2417 5741 2722 5816 ὑπηγμένοι
2746 5739 2835 5796 διὰ
2871 5738 2932 5793 τὸ
2964 5736 3135 5810 ὄνομά
3157 5752 3279 5808 μου.
