3890 6200
313 325 426 386 263

1494 330 1554 388 S.
1593 330 2063 388 ATHANASIUS.
2103 363 2174 374 —
2204 330 2436 389 DUBIA.

3477 335 3594 393 264

316 448 491 504 robur
518 460 759 503 assume.
783 444 922 501 Nam
954 445 1011 502 in
1044 460 1214 518 regno
1237 446 1502 502 caelorum
1536 463 1647 502 non
1673 456 1758 503 est
1782 463 1900 502 ma-

2004 447 2098 503 θου
2128 449 2191 503 τὸ
2213 449 2517 518 γυναικεῖον
2544 445 2819 521 φρόνημα,
2848 448 2942 503 καὶ
2964 447 3095 503 λάϐε
3122 448 3322 522 θάρσος
3359 450 3454 505 καὶ
3487 452 3592 507 ἀν-

319 540 508 596 sculus
539 553 716 609 neque
751 537 951 594 femina
972 577 987 603 ,
1021 539 1119 594 sed
1145 553 1487 610 quaecunque
1514 541 1772 596 mulieres
1797 540 1903 595 Do-

317 632 472 687 mino
503 631 849 702 placuerunt,
878 632 1125 686 virorum
1172 631 1420 687 ordinem
1470 633 1769 704 accipiunt.
1805 632 1899 690 Ju-

318 723 519 778 venilia
548 731 871 777 ornamenta
903 724 1250 786 obliviscere,
1286 732 1346 778 ut
1395 725 1551 779 bonas
1574 725 1752 779 viduae
1778 742 1901 796 pre-
1933 753 1938 757 ~

320 813 457 868 tium
488 814 750 882 accipias.
775 813 863 865 Ait
882 812 1029 866 enim
1052 812 1245 867 beatus
1264 810 1501 867 Paulus:
1526 831 1545 863 ι
1571 811 1778 869 Viduas
1804 814 1902 868 ho-

320 918 476 968 nora,
508 918 629 972 quae
651 918 778 957 vere
809 903 989 957 vidum
1020 910 1167 957 sunt.
1199 903 1333 969 Quae
1364 919 1490 958 vere
1516 903 1682 958 vidua
1718 911 1804 958 est
1845 913 1900 959 et

321 990 588 1053 desolata,
624 990 679 1044 in
714 988 825 1044 Deo
878 999 1085 1060 sperat,
1127 1001 1180 1045 et
1228 1000 1509 1061 permanet
1556 992 1611 1045 in
1641 994 1902 1049 observa-

323 1082 564 1137 tionibus
585 1090 639 1137 et
671 1081 1016 1137 orationibus
1041 1091 1202 1136 nocte
1233 1091 1287 1138 et
1317 1082 1425 1138 die.
1469 1083 1602 1149 Qua:
1632 1093 1813 1139 autem
1844 1086 1899 1140 in

321 1172 533 1227 deliciis
564 1181 668 1238 est,
703 1186 916 1229 mortua
946 1183 1048 1230 est.
1089 1173 1264 1230 Vidua
1315 1176 1549 1247 eligatur
1575 1192 1686 1232 non
1716 1176 1900 1234 minus

322 1276 591 1317 annorum
627 1264 930 1333 sexaginta,
967 1280 1089 1334 quae
1122 1264 1286 1318 fuerit
1332 1266 1496 1320 unius
1548 1267 1652 1321 viri
1706 1282 1846 1322 uxor
1882 1286 1896 1322 :

322 1355 370 1409 si
422 1356 664 1425 hospites
696 1358 991 1426 exceperit,
1028 1357 1075 1410 si
1113 1357 1322 1413 liberos
1352 1357 1688 1424 educaverit,
1724 1359 1769 1415 si
1803 1374 1900 1430 pe-

322 1446 419 1500 des
465 1455 783 1501 sanctorum
836 1449 1053 1510 laverit,
1088 1450 1134 1503 si
1170 1449 1385 1504 alllictis
1422 1466 1580 1520 opem
1615 1451 1824 1512 tulerit.
1852 1451 1901 1506 si

319 1553 481 1593 omne
526 1539 729 1593 bonum
776 1555 914 1609 opus
959 1551 1246 1611 prosecuta
1296 1541 1479 1596 fuerit.
1512 1542 1770 1599 Juniores
1820 1544 1902 1598 vi-

321 1631 458 1685 duas
494 1646 687 1685 recusa
718 1651 730 1685 :
760 1647 883 1686 cum
907 1635 1051 1687 enim
1078 1634 1420 1689 lascivierint
1449 1635 1715 1690 adversus
1746 1635 1902 1689 Chri-

323 1733 489 1789 stum,
524 1736 653 1780 tunc
681 1727 888 1782 nubere
924 1729 1137 1791 volunt,
1165 1728 1430 1783 habentes
1464 1728 1897 1796 damnationem,

320 1818 447 1889 quia
483 1820 712 1889 primam
745 1821 902 1873 Iidem
939 1820 1148 1873 irritam
1181 1820 1429 1875 fecerunt
1458 1820 1529 1874 ⁸⁷.
1564 1838 1583 1871 ι

393 1910 478 1965 11.
515 1907 597 1965 Tu
628 1919 807 1965 autem
835 1912 881 1966 si
910 1927 1018 1966 non
1045 1911 1215 1966 facias
1241 1912 1624 1981 tibijuveniles
1657 1911 1899 1976 habitus,

319 2016 431 2055 non
462 2001 654 2055 audies
680 2001 890 2071 junior,
939 2003 1033 2057 sed
1080 2011 1240 2057 aetate
1287 2004 1569 2073 grandior,
1620 2004 1903 2073 honorque

320 2097 418 2150 tibi
449 2097 553 2152 erit
584 2097 740 2167 quasi
758 2104 915 2153 relate
941 2098 1156 2167 majori.
1189 2097 1414 2153 Materia
1442 2099 1901 2153 vestimentorum

320 2195 560 2249 tuorum,
585 2204 651 2243 ne
696 2189 767 2242 sit
801 2190 982 2259 magni
1010 2190 1188 2260 pretii.
1210 2189 1518 2262 Ependytes
1552 2198 1685 2248 tuus
1751 2192 1903 2261 niger

322 2294 498 2347 neque
548 2278 773 2343 tinctus,
822 2280 915 2333 sed
948 2278 1119 2332 nativi
1149 2280 1371 2344 coloris,
1421 2288 1515 2333 aut
1574 2280 1900 2352 onychinus.

322 2368 608 2423 Malorium
644 2371 763 2426 sine
822 2370 1051 2427 fimbriis
1092 2372 1340 2442 ejusdem
1387 2375 1589 2429 coloris
1627 2394 1639 2429 :
1675 2377 1905 2431 manica

320 2464 514 2527 laneaa,
548 2463 774 2518 brachia
825 2480 1002 2534 usque
1032 2465 1101 2519 ad
1156 2466 1358 2536 digitos
1397 2467 1716 2538 obtegentes
1753 2488 1766 2524 :
1805 2485 1902 2525 ca-

320 2562 437 2632 pilli
499 2562 698 2632 capitis
753 2563 1133 2630 circumtonsi,
1188 2571 1243 2619 et
1307 2565 1443 2620 vitta
1513 2567 1670 2621 lanea
1737 2572 1904 2634 caput

320 2653 659 2723 astringens,
696 2653 973 2707 cucullula
1020 2663 1075 2708 ct
1122 2655 1572 2725 superbumerale
1628 2657 1748 2712 sine
1783 2656 1904 2712 fim-

320 2745 478 2801 briis.
508 2744 566 2799 Si
623 2746 742 2800 viro
772 2760 1055 2811 occurras,
1102 2744 1270 2801 facies
1324 2746 1502 2802 velata
1556 2746 1905 2819 demissaque

319 2845 460 2900 esto,
495 2852 671 2907 neque
700 2837 907 2891 homini
931 2838 1143 2892 vultum
1188 2839 1430 2905 attollas,
1478 2837 1576 2895 sed
1637 2837 1903 2894 duntaxat

321 2929 433 2984 Deo
462 2937 578 2983 tuo.
602 2928 740 2983 Cum
773 2929 843 2983 ad
873 2929 1144 2984 orandum
1189 2931 1431 2993 steteris,
1453 2931 1567 2985 sint
1599 2930 1765 3000 pedes
1821 2930 1899 2985 tui

320 3019 523 3074 calceis
574 3019 773 3089 operti.
818 3017 1102 3088 Ejusmodi
1158 3021 1303 3076 enim
1350 3021 1661 3076 vestimenti
1705 3037 1899 3092 genus,

321 3114 671 3168 sanctitatem
702 3110 942 3182 prazfert.
982 3110 1062 3167 Ne
1106 3112 1329 3167 exuaris
1353 3111 1420 3167 ad
1448 3128 1623 3182 usque
1672 3112 1895 3168 nudita-

1999 541 2205 613 δρείαν.
2248 541 2336 594 Ἐν
2364 541 2471 611 γὰρ
2495 542 2560 611 τῇ
2596 540 2840 612 βασιλεία
2869 540 2977 595 τῶν
3019 542 3283 614 οὐρανῶν,
3314 544 3416 598 οὐκ
3438 544 3595 601 ἔστιν

1998 633 2166 705 ἄρρεν
2190 633 2285 686 καὶ
2315 631 2470 703 θῆλυ,
2507 630 2645 686 ἀλλά
2677 633 2852 687 πᾶσαι
2894 634 2950 686 αἱ
2984 634 3354 706 ἀρεστήσασαι
3393 639 3594 705 γυναῖ-

1999 743 2094 790 κες
2121 725 2329 797 ἀνδρῶν
2354 723 2506 791 τάξιν
2529 723 2917 795 λαμϐάνουσιν.
2960 725 3248 779 Ἐπιλάθου
3291 726 3361 780 τὰ
3389 745 3593 782 νεωτε-

2004 816 2131 888 ρικὰ
2161 817 2437 887 σχήματα,
2485 816 2571 868 ἵνα
2613 815 2784 886 λάϐῃς
2831 816 2996 887 τιμὴν
3035 817 3135 887 τῆς
3182 816 3354 888 καλῆς
3387 819 3593 891 χήρας.

1999 908 2161 977 Λέγει
2188 906 2295 979 γάρ
2326 908 2355 959 ὁ
2384 906 2538 975 ἆγιος
2580 906 2794 970 Παῦλος
2824 906 2935 978 (l2)
2957 924 2971 937 '
3005 925 3026 959 ‹
3061 908 3208 977 Τίμα
3250 910 3446 979 χήρας.
3486 910 3595 976 τὰς

1999 999 2169 1061 ὅντως
2216 1000 2412 1069 χήρας.
2460 998 2524 1051 Ἡ
2561 997 2618 1051 δὲ
2669 998 2836 1062 ὅντως
2892 999 3038 1069 χήρα
3084 998 3179 1051 καὶ
3225 999 3596 1071 μεμονωμένη

2000 1087 2228 1159 ἤλπικεν
2273 1088 2365 1141 ἐπὶ
2412 1087 2503 1141 τὸν
2545 1087 2697 1153 Θεὸν,
2748 1089 2842 1141 καὶ
2893 1088 3189 1159 προσμένει
3224 1092 3345 1152 ταῖς
3371 1089 3595 1160 δεήσεσι

2000 1180 2096 1233 καὶ
2125 1182 2243 1243 ταῖς
2278 1181 2608 1249 προσευχαῖς
2632 1179 2826 1242 νυκτὸς
2858 1179 2951 1232 κα)⁵
2973 1179 3207 1250 ἡμέρας.
3253 1179 3318 1232 Ἦ
3362 1180 3418 1233 δὲ
3451 1198 3599 1233 σπα-

1999 1270 2218 1323 ταλῶσα
2272 1269 2522 1342 τέθνηκε.
2590 1271 2750 1341 Χήρα
2818 1267 3201 1338 καταλεγέσθω
3249 1269 3322 1340 μὴ
3372 1270 3596 1324 ἔλαττον

2001 1364 2137 1417 ἐτῶν
2185 1363 2483 1434 ἑξήκοντα,
2520 1367 2775 1432 γεγονυῖα
2810 1362 2927 1425 ἑνὸς
2959 1362 3152 1433 ἀνδρὸς
3186 1364 3356 1433 γυνή’
3385 1364 3433 1416 εί
3475 1362 3600 1427 ἐξε-

2000 1455 2283 1526 νοδόχησεν
2302 1497 2317 1523 ,
2356 1456 2404 1508 εί
2433 1454 2970 1525 ὲτεκνοτρόφησεν,εί
2994 1454 3165 1522 ἁγίων
3195 1454 3360 1517 πόδας
3386 1454 3595 1524 ἔνιψεν,

2001 1550 2049 1601 εί
2081 1546 2419 1618 θλιϐομένοις
2452 1548 2777 1618 ἐπήρκεσεν,
2807 1548 2855 1599 εί
2881 1547 3045 1599 παντὶ
3072 1545 3219 1617 ἔργῳ
3265 1545 3454 1617 ἀγαθῷ
3491 1550 3599 1601 έπ-

2002 1637 2356 1710 ηκολούθησε.
2390 1638 2680 1709 Νεωτέρας
2713 1636 2769 1689 δὲ
2796 1637 2970 1708 χήρας
2996 1636 3264 1707 παραιτοῦ
3284 1653 3295 1665 ο
3329 1637 3455 1691 ὅταν
3478 1638 3596 1709 γὰρ

2002 1733 2511 1804 καταστρηνιάσωσι
2565 1731 2658 1785 τοῦ
2713 1728 2949 1803 Χριστοῦ
2976 1769 2993 1796 ,
3052 1732 3248 1801 γαμεῖν
3302 1730 3593 1795 θέλουσιν,

1928 1829 1972 1884 Β
2000 1824 2218 1895 ἔχουσαι
2246 1829 2438 1896 κρῖμα,
2470 1825 2551 1878 ὄτι
2576 1823 2673 1895 τὴν
2705 1822 2927 1895 πρώτην
2957 1821 3137 1875 πίστιν
3164 1821 3459 1892 ἠθέτησαν.
3493 1842 3513 1875 ι

2076 1914 2163 1968 11.
2192 1915 2264 1967 Σὺ
2294 1915 2370 1979 δὲ,
2395 1917 2442 1968 εἰ
2471 1916 2568 1984 μὲν
2595 1915 2656 1967 ού
2689 1916 2861 1977 ποιεῖς
2891 1913 2960 1966 τά
2982 1912 3281 1982 νεωτερικά
3311 1914 3589 1984 σχήματα,

2001 2005 2103 2059 οὐκ
2131 2005 2348 2070 ἀκούεις
2373 2006 2635 2079 νεωτέρα,
2667 2006 2801 2060 ἀλλά
2850 2008 2944 2060 καὶ
2972 2004 3270 2077 πρεσϐύτις
3315 2005 3591 2077 ἀποκαλῇ,

2004 2098 2100 2151 καὶ
2133 2098 2300 2171 τιμὴν
2333 2098 2495 2169 ἔχεις,
2532 2099 2606 2162 ὡς
2642 2098 3007 2171 πρεσϐυτέρα.
3045 2098 3107 2151 Ἡ
3144 2099 3447 2162 ὑπόστασις
3482 2099 3596 2153 τῶν

2007 2190 2237 2262 ἱματίων
2270 2207 2365 2244 σου
2418 2190 2492 2263 μὴ
2540 2191 2654 2262 ἧτω
2695 2190 3017 2260 πολύτιμοςο
3064 2190 3093 2241 ὁ
3145 2188 3440 2258 ὲπενδύτης
3495 2205 3595 2241 σου

2008 2282 2196 2354 μέλας,
2231 2281 2304 2353 μὴ
2347 2281 2688 2351 βεϐαμμένος
2727 2282 2785 2333 ἐν
2821 2280 2987 2351 βαφῇ,
3024 2278 3137 2332 ἀλλ’
3163 2278 3439 2349 αὐτοφυὴς
3470 2278 3599 2331 ἰδιό-

2004 2392 2163 2446 χροος
2206 2374 2338 2445 (15),
2369 2374 2402 2445 ἢ
2438 2372 2702 2444 όνυχίζων
2724 2390 2737 2405 ο
2769 2373 2865 2427 καὶ
2894 2372 2955 2425 τὸ
2987 2371 3253 2442 μαφόριον
3300 2372 3595 2440 ἄκροσσον,

2002 2468 2263 2531 ὡσαύτως
2291 2468 2387 2539 τῆς
2416 2468 2585 2537 αὐτῆς
2618 2467 2818 2537 χρόας⁶
2853 2465 2945 2519 καὶ
2993 2464 3226 2536 χειρίδια
3273 2465 3403 2534 ὲρεᾶ
3435 2480 3600 2535 περι-

2003 2559 2347 2613 καλύπτοντα
2373 2559 2500 2622 τοὺς
2544 2557 2836 2629 βραχίονας
2873 2556 2977 2617 ἕως
3023 2555 3132 2609 τῶν
3172 2555 3449 2609 δακτύλων
3481 2555 3598 2609 τῶν

2004 2653 2222 2724 χειρῶν,
2244 2651 2343 2715 τὰς
2364 2650 2556 2724 τρίχας
2580 2651 2679 2720 τῆς
2705 2650 2945 2721 κεφαλῆς
2968 2667 3034 2703 πε
3045 2648 3468 2720 ρικεκομμένας,
3496 2649 3597 2701 καὶ

2003 2744 2424 2815 κεφαλοδέσμιον
2458 2741 2647 2811 ὲρεοῦν
2678 2742 3038 2813 περισφίγγον
3069 2741 3167 2811 τὴν
3210 2739 3474 2810 κεφαλὴν,
3498 2740 3598 2793 καὶ

2004 2835 2346 2899 κουκούλιον,
2369 2836 2463 2889 καὶ
2479 2835 2719 2905 ὲπώμιον
2743 2835 3028 2906 ἀκροσσον.
3070 2833 3194 2886 Ἐἀν
3232 2832 3290 2885 δὲ
3329 2832 3601 2902 συναντᾷς

2003 2928 2100 2982 ἀνθ
2110 2926 2295 2999 ρώπῳ,
2313 2926 2375 2979 τὸ
2392 2927 2681 2998 πρόσωπον
2697 2922 3253 2994 κατακεκαλυμμένον
3271 2922 3431 2983 ἔστω,
3444 2923 3600 2976 κάτω

2002 3017 2177 3080 νεῦον,
2200 3017 2291 3069 καὶ
2315 3016 2414 3068 οὐκ
2447 3016 2658 3088 ὲπάρῃς
2687 3012 2957 3086 ἀνθρώπῳ
2981 3012 3042 3065 τὸ
3074 3012 3366 3084 πρόσωπόν
3399 3028 3516 3075 σου,
3544 3012 3598 3064 εἰ

2006 3107 2080 3178 μὴ
2112 3106 2270 3175 μόνον
2293 3104 2370 3175 τῷ
2386 3103 2503 3174 Θεῷ
2522 3120 2635 3158 σου.
2656 3103 2826 3156 Ὅταν
2857 3104 2988 3173 στῇς
3012 3103 3090 3162 εἰς
3128 3100 3599 3172 προσευχὴν,τοὺς

320 3212 430 3259 tem
472 3221 485 3256 :
520 3212 684 3260 nocte
753 3202 951 3275 dieque
1012 3205 1184 3260 vestis
1234 3212 1379 3275 tegat
1431 3219 1654 3259 carnem
1717 3213 1894 3261 tuam.

2004 3197 2167 3259 πόδας
2194 3212 2285 3248 σου
2313 3193 2892 3265 περικεκαλυμμένους
2915 3192 3003 3263 ἔχε
3029 3193 3087 3245 ὲν
3109 3191 3465 3262 ὑποδήμασιν.
3493 3190 3601 3243 Αὑ-

315 3295 610 3367 Νιιηιιυεηη
644 3305 695 3352 te
724 3297 831 3350 alia
874 3296 1077 3351 femina
1129 3296 1331 3351 nudam
1362 3295 1544 3349 videat
1568 3296 1682 3366 89
1709 3296 1815 3351 nisi
1844 3297 1900 3351 in

320 3403 536 3445 summa
592 3389 964 3455 necessitate;
1004 3403 1182 3458 neque
1233 3398 1289 3443 te
1358 3386 1476 3457 ipsa
1559 3388 1899 3455 consideres,

320 3480 471 3535 nudo
494 3494 745 3549 corpore.
799 3478 845 3532 Α
898 3494 1008 3550 quo
1056 3486 1306 3551 tempore
1334 3480 1480 3533 enim
1517 3480 1757 3535 statuisti
1789 3479 1900 3535 Deo

320 3582 473 3627 casta
504 3587 648 3635 esse,
674 3586 876 3641 corpus
933 3580 1086 3624 tuum
1123 3571 1527 3626 sanctificatum
1554 3579 1610 3626 et
1637 3572 1900 3642 templum

323 3664 416 3718 Dei
448 3671 551 3718 est.
592 3661 712 3717 Non
737 3663 898 3718 debet
929 3663 1094 3732 igitur
1137 3663 1398 3733 templum
1446 3661 1539 3717 Dei
1576 3662 1644 3716 ab
1667 3663 1779 3718 ullo
1813 3677 1904 3717 re-

320 3754 452 3826 tegi.
480 3752 599 3809 Non
636 3754 740 3809 ibis
768 3753 837 3807 ad
870 3754 1145 3817 balneum,
1172 3753 1219 3807 si
1256 3754 1477 3824 quidem
1505 3769 1638 3809 sana
1664 3753 1764 3817 sis,
1795 3753 1902 3808 nisi

320 3848 378 3902 in
436 3861 652 3902 summa
703 3845 1075 3912 necessitate;
1132 3860 1312 3915 neque
1367 3845 1662 3916 immergas
1722 3853 1899 3901 totum

320 3954 526 4009 corpus
573 3948 726 3993 tuum
768 3940 822 3991 in
872 3952 1093 4008 aquam,
1121 3938 1250 4008 quia
1300 3945 1492 3993 sancta
1548 3953 1610 3994 es
1667 3936 1899 3992 Domino

320 4030 456 4086 Deo.
492 4029 613 4085 Non
645 4028 989 4084 contamines
1019 4044 1243 4083 carnem
1288 4034 1440 4082 tuam
1492 4028 1604 4082 ulla
1648 4043 1709 4083 re
1738 4042 1901 4082 mun-

321 4123 488 4187 dana,
537 4121 632 4177 sed
660 4120 853 4175 faciem
883 4128 1093 4175 tantum
1126 4127 1273 4174 tuam
1319 4120 1459 4187 lava,
1492 4127 1546 4175 et
1580 4134 1777 4175 manus
1809 4136 1901 4190 pe-

322 4216 549 4286 desque.
580 4214 716 4268 Cum
743 4214 943 4268 laveris
968 4211 1161 4267 faciem
1192 4219 1368 4277 tuam,
1399 4227 1468 4266 ne
1498 4212 1678 4265 lavato
1712 4213 1901 4266 amba-

322 4306 428 4362 bus
455 4306 734 4371 manibus,
760 4320 940 4375 neque
987 4303 1318 4374 expoliveris
1369 4318 1539 4374 genas
1573 4303 1759 4358 vultus
1792 4302 1897 4367 tui,

324 4408 395 4449 ne
440 4392 690 4458 herbam,
726 4405 795 4445 ne
834 4392 1065 4453 nitrum,
1103 4397 1195 4444 aut
1238 4388 1370 4460 quid
1427 4387 1607 4444 simile
1637 4387 1901 4442 adhibue-

322 4483 448 4538 ris:
485 4498 614 4537 nam
652 4498 775 4552 quae
829 4481 1121 4536 mundana“:
1166 4488 1296 4536 sunt
1355 4479 1485 4533 talia
1534 4478 1776 4546 faciunt;
1804 4478 1897 4534 sed

324 4587 467 4644 aqua
500 4572 704 4627 munda
738 4574 957 4630 laveris.

2002 3287 2093 3350 τὸς
2134 3285 2244 3356 γὰρ
2282 3288 2310 3340 ὁ
2350 3285 2635 3357 στολισμὸς
2679 3285 3009 3357 ἱεροπρεπής
3037 3284 3205 3335 ἐστιν.
3242 3281 3355 3334 Οὐκ
3392 3281 3598 3352 ὲκδύσῃ

2003 3381 2218 3450 γυμνή·
2258 3378 2454 3441 νυκτὸς
2481 3377 2537 3430 δὲ
2564 3378 2657 3430 καὶ¹
2698 3376 2910 3448 ἡμέρας
2951 3375 3012 3427 τὸ
3055 3373 3270 3445 ἱμάτιόν
3310 3388 3403 3426 σου
3454 3371 3601 3425 ἔστω

2004 3471 2279 3525 καλύπτον
2314 3471 2413 3541 τὴν
2445 3470 2623 3539 σάρκα
2678 3486 2793 3522 σου.
2836 3468 2910 3521 ού
2959 3465 3034 3538 μὴ
3069 3466 3154 3538 ἴδῃ
3183 3464 3313 3536 άλλη
3360 3462 3498 3534 γυνὴ
3534 3463 3603 3516 τὸ

2006 3563 2165 3634 σῶμά
2206 3580 2300 3616 σου
2339 3563 2544 3633 γυμνὸν
2580 3563 2704 3617 ἄνευ
2754 3562 2935 3631 πάσης
2982 3559 3261 3629 ἀνάγκης·
3315 3556 3427 3611 ἀλλ’
3472 3555 3601 3610 οὐδὲ

2003 3654 2140 3726 αὐτὴ
2187 3656 2546 3725 κατανοήσεις
2594 3652 3097 3723 ἀποκεκαλυμμένη
3126 3650 3203 3722 τῷ
3232 3650 3463 3721 σώματι.
3505 3647 3602 3713 Ἐξ

2002 3749 2124 3802 ὅτου
2168 3749 2278 3821 γὰρ
2324 3748 2499 3813 ὲτάξω
2536 3745 2616 3817 τῷ
2668 3745 2787 3817 Θεῷ
2829 3742 3286 3817 ὲγκρατεύεσθαι,
3331 3741 3392 3793 τὸ
3433 3739 3603 3809 σῶμά

2005 3856 2098 3893 σου
2132 3839 2462 3910 ἡγιασμένον
2489 3838 2623 3900 ἐστὶ,
2650 3837 2744 3890 καὶ
2777 3835 2902 3899 ναός
2942 3837 3056 3887 ἐστι
3082 3832 3178 3885 τοῦ
3199 3830 3332 3884 Θεοῦ
3358 3829 3490 3900 (14).
3515 3828 3599 3882 Οὐ

2003 3933 2110 4003 χρὴ
2139 3926 2231 3984 οὖν
2259 3930 2350 3983 τὸν
2376 3930 2503 3984 ναὸν
2544 3928 2642 3982 τοῦ
2681 3925 2819 3981 Θεοῦ
2863 3922 3347 3980 ἀποκαλύπτεσθαι
3379 3920 3484 3974 ὑπό
3513 3937 3602 3973 τι-

2002 4039 2111 4086 νος.
2145 4023 2221 4076 Οὐ
2254 4021 2495 4094 πορεύσῃ
2536 4022 2617 4084 είς
2666 4020 2942 4091 βαλανεῖον
2984 4016 3299 4086 ὑγιαίνουσα
3330 4013 3455 4067 ἄνευ
3483 4010 3597 4063 πά-

2004 4132 2104 4186 σης
2142 4113 2407 4184 ἀνάγκης,
2444 4114 2504 4166 οὐ
2554 4112 2628 4184 μὴ
2675 4111 2851 4185 βάψῃς
2893 4109 3011 4164 ὅλον
3057 4108 3118 4162 τὸ
3153 4106 3314 4178 σῶμά
3358 4121 3451 4159 σου
3509 4105 3597 4168 είς

2004 4206 2169 4279 ὕδωρ,
2202 4208 2285 4261 ὅτι
2333 4207 2464 4275 ἁγία
2514 4201 2565 4259 εἴ
2614 4206 2804 4276 Κυρίῳ
2847 4203 2923 4275 τῷ
2954 4202 3111 4273 Θεῷ·
3145 4202 3239 4255 καὶ
3286 4200 3346 4253 ού
3386 4199 3600 4269 μιανεῖς

2002 4300 2100 4371 τὴν
2132 4299 2311 4371 σάρκα
2358 4315 2451 4352 σου
2498 4298 2557 4351 ὲν
2602 4298 2777 4352 οὐδενὶ
2822 4294 3092 4366 κοσμικῷ,
3143 4293 3280 4347 ἀλλά
3328 4291 3487 4363 μόνον
3530 4288 3599 4340 τὸ

2004 4391 2294 4463 πρόσωπόν
2324 4408 2417 4446 σου
2443 4391 2615 4461 νίψαι,
2645 4392 2741 4445 καὶ
2784 4389 2884 4454 τὰς
2910 4391 3099 4460 χεῖρας
3131 4388 3225 4440 καὶ
3251 4386 3377 4447 τοὺς
3402 4382 3594 4444 πόδας.

2005 4483 2175 4538 Ὅταν
2199 4484 2356 4555 νίψῃς
2395 4484 2455 4536 τὸ
2492 4483 2780 4554 πρόσωπόν
2810 4498 2923 4545 σου,
2952 4481 3013 4533 ού
3042 4479 3169 4549 νίψῃ
3208 4478 3327 4540 ταῖς
3357 4474 3449 4527 δύο
3474 4488 3601 4544 χερ-

1931 4567 1977 4622 D
2008 4574 2114 4639 σὶν,
2144 4573 2265 4627 οὐδὲ
2295 4572 2527 4646 ὲκτρίψῃ
2558 4572 2668 4645 (l5)
2714 4573 2783 4626 τά
2826 4572 2971 4643 μῆλα
2992 4572 3091 4642 τῆς
3123 4568 3294 4639 (id/ad);
3329 4584 3443 4631 σου,
3470 4563 3598 4617 οὐδὲ

326 4670 402 4744 μὴ
431 4668 600 4743 βάλῃς
630 4670 789 4735 πόαν,
820 4669 942 4723 οὐδὲ
980 4668 1182 4740 νίτρον,
1224 4666 1344 4721 οὐδὲ
1384 4665 1454 4721 τά
1487 4667 1647 4739 ὃμοια
1686 4664 1895 4731 τούτοις
1918 4684 1933 4699 ο
1985 4670 2042 4722 αἱ
2079 4671 2345 4741 >ιοσμικα¹ί⁵
2373 4669 2481 4742 γάρ
2515 4670 2685 4723 ταῦτα
2726 4669 2968 4722 ποιοῦσιν
2992 4685 3006 4699 ο
3036 4667 3150 4722 ἀλλ’
3189 4667 3248 4720 ὲν
3286 4664 3440 4717 ὕδατι
3491 4678 3601 4715 κα-

325 4762 477 4834 θαρῷ
499 4761 649 4835 νίψῃ.

396 4875 488 4931 12.
527 4873 606 4930 Ne
633 4874 874 4946 pretioso
905 4880 1185 4943 unguento
1222 4886 1424 4941 corpus
1455 4876 1610 4925 tuum
1641 4868 1867 4925 unxeris
1892 4908 1908 4934 ,

326 4985 464 5026 neve
499 4968 838 5023 aromatibus
872 4966 1053 5037 magni
1080 4964 1239 5036 pretii
1261 4972 1442 5019 vestes
1466 4978 1728 5033 aspergas
1761 4970 1907 5017 tuas.

326 5060 483 5129 Quod
512 5060 560 5115 si
584 5074 788 5128 corpus
820 5066 976 5113 tuum
1004 5055 1332 5111 imbecillius
1360 5054 1619 5118 evaserit,
1637 5053 1766 5108 vino
1788 5070 1911 5109 mo-

328 5154 451 5206 dico
483 5156 635 5205 utere
662 5148 738 5204 ob
767 5146 1112 5202 stomachum
1142 5144 1209 5199 ⁵⁸.
1241 5143 1330 5213 {Si
1373 5158 1526 5205 vero,
1563 5142 1708 5211 quod
1731 5141 1907 5196 absit!

327 5245 383 5299 in
412 5242 613 5298 malum
639 5240 892 5307 incidas;
919 5240 1150 5309 teipsam
1179 5251 1313 5291 cura
1345 5275 1360 5300 ,
1410 5249 1513 5290 nec
1543 5234 1640 5289 des
1673 5233 1912 5288 homini-

429 5397 477 5433 ⁸⁷
516 5398 538 5453 ι
571 5396 714 5453 Tim.
751 5412 807 5461 v,
839 5394 956 5452 5-8.
1034 5394 1080 5426 ⁵⁸
1118 5390 1317 5446 l'l‘im.
1351 5406 1406 5456 v,
1442 5390 1538 5448 25.

400 5552 511 5635 (12)
542 5550 689 5635 Hice,
736 5551 898 5635 ᾼέγει
926 5549 1037 5623 γάρ
1062 5551 1184 5604 6....
1232 5547 1332 5610 τὰς
1360 5545 1528 5610 ὅντως
1575 5544 1771 5616 χήρας,
1802 5540 1902 5598 ἀοι-

328 5622 456 5681 sunt
492 5622 547 5676 in
573 5622 716 5677 Felc.
749 5622 805 5676 2.

399 5693 508 5765 (15)
542 5694 706 5765 ῌαεὶι.
732 5702 793 5765 et
826 5692 1009 5765 Angl.,
1049 5690 1327 5765 ίδιόχροος.
1371 5684 1745 5765 _Editine_t_alii_,

327 5753 524 5840 χρωος.
562 5763 704 5830 Mox,
762 5753 941 5819 Basil."
958 5753 1013 5817 et
1068 5753 1250 5831 angi”
1287 5758 1473 5830 χρόας.
1515 5756 1658 5812 Editi
1692 5762 1747 5811 et
1784 5753 1904 5822 alii,

2077 4868 2167 4923 12.
2203 4866 2321 4923 Οὐκ
2353 4866 2611 4939 ὲπιχρίσῃ
2641 4867 2704 4921 τὸ
2747 4864 2909 4938 σῶμά
2944 4882 3038 4919 σου
3079 4863 3236 4936 μύρῳ
3280 4862 3589 4928 πολυτελεῖ,

2007 4960 2128 5015 οὐδὲ
2162 4960 2444 5025 ἐπιϐαλεῖς
2479 4960 2574 5013 ἐπὶ
2615 4959 2683 5014 τὰ
2732 4958 2928 5029 ἱμάτιά
2973 4974 3067 5010 σου
3098 4955 3367 5027 ἀρώματα
3418 4953 3588 5008 πολύ-

2006 5068 2160 5121 τιμα.
2208 5050 2334 5104 Ἐὰν
2359 5050 2416 5103 δὲ
2461 5049 2521 5102 τὸ
2555 5047 2715 5119 σῶμά
2769 5064 2862 5101 σου
2907 5046 3292 5118 ἀσθενέστερον
3337 5043 3585 5116 γένηται,

2007 5142 2210 5213 χρῆσαι
2242 5142 2371 5213 οίνῳ
2399 5140 2566 5212 ὀλίγῳ
2588 5140 2677 5194 διὰ
2710 5139 2803 5193 τὸν
2830 5138 3121 5210 στόμαχον.
3165 5136 3293 5191 Ἐὰν
3326 5136 3404 5201 δὲ,
3442 5135 3472 5188 ὃ
3509 5135 3589 5209 μὴ

2007 5233 2243 5301 γένοιτοί
2270 5235 2350 5297 είς
2377 5233 2620 5287 κάκωσιν
2644 5232 2922 5307 ὲμπέσῃς,
2942 5230 3173 5297 σεαυτῆς
3199 5228 3483 5301 ἐπιμέλουο
3509 5226 3589 5301 μὴ

2010 5555 2558 5680 χρῧίῨΒοεὶιίοηείε,
2580 5604 2687 5680 καὶ
2709 5607 2841 5680 ,ναὸς
2865 5605 2966 5680 τοῦ,
2988 5603 3147 5680 Θεοῦ.

2081 5675 2192 5760 (15)
2219 5681 2297 5737 Ita
2326 5675 2551 5752 Anglic.
2576 5678 2719 5734 Editi
2741 5693 2888 5744 vero,
2918 5678 3036 5734 οὐδὲ
3071 5675 3147 5751 μὴ
3170 5676 3325 5750 ὲκτρ.
