3890 6200
155 293 265 350 265

1521 293 1610 348 DE
1638 290 2111 351 VIRGINITATE.

3324 294 3433 357 2&9

151 408 261 479 δῷς
293 407 463 460 τόπον
496 409 613 471 τοῖς
648 407 956 479 ἀνθρώποις
988 407 1188 477 λέγειν,
1248 408 1329 461 ὅτι
1364 408 1428 460 ὲκ
1452 408 1551 479 τῆς
1577 409 1729 481 ἀσκή-

1850 408 1956 466 bus
1988 410 2169 465 locum
2206 407 2446 473 dicendi,
2483 409 2581 465 tibi
2606 425 2672 465 ex
2707 409 2881 466 ascesi
2911 424 3008 465 seu
3037 408 3432 466 exercitatione

151 517 295 563 σεως
321 499 495 569 αὐτῆς
539 498 741 570 συνέϐη
770 500 906 571 αὐτῇ
939 501 973 570 ἡ
1015 497 1280 563 κάκωσις.
1345 498 1507 553 Ἀλλὰ
1539 500 1669 571 πρὶν
1712 500 1746 571 ἧ

149 608 275 649 τινα
310 593 491 645 εἰπεῖν
525 607 630 655 σοι,
667 592 733 645 σὺ
764 593 999 663 σεαυτῆς
1037 590 1344 664 φρόντιζον,
1374 590 1479 656 ἓως
1508 590 1574 645 ἂν
1605 594 1744 663 ταχὺ

1851 514 1969 592 eam
1999 498 2377 570 aegritudinem
2408 500 2695 555 accidisse.
2745 497 2853 555 Sed
2883 499 3203 570 priusquam
3233 506 3288 554 te
3325 499 3431 553 ali-

1851 590 1975 662 quis
2002 590 2055 644 id
2078 596 2299 645 moneat
2325 596 2441 645 tute
2470 606 2658 645 curam
2702 592 2900 647 habeto
2927 593 3031 657 tui,
3064 592 3241 647 donec
3278 591 3431 648 brevi

150 684 418 754 ἀναστῇς,
452 685 547 738 καὶ
584 683 749 738 πάλιν
777 683 870 737 τὸν
915 684 1116 738 κανόνα
1165 701 1259 736 σου
1295 683 1550 758 ἑλκύσῃς.
1587 683 1729 737 Ὄλω

1850 694 2065 750 surgas,
2088 687 2141 735 et
2168 687 2442 735 assuetam
2476 681 2716 751 regulam
2748 681 2957 737 trahas.
2978 680 3083 736 Per
3110 696 3272 738 omne
3296 689 3431 737 tem-

148 775 245 830 τὸν
277 776 474 847 χρόνον
504 778 603 848 τῆς
630 773 777 846 ζωῆς
816 793 910 829 σου
941 778 999 829 ὲν
1030 777 1328 847 νηστείαις,
1380 775 1475 829 καὶ
1513 793 1746 848 προσευ-

148 870 299 938 χαῖς,
328 868 428 921 καὶ
454 866 849 939 ἐλεημοσύναις
875 867 1131 921 διατέλει.
1169 868 1459 939 Μακάριος
1481 870 1509 921 6
1531 867 1744 922 ἀκούων

150 960 331 1014 ταῦτα
379 962 479 1014 καὶ
530 959 704 1014 ποιῶν
750 960 911 1015 αὐτὰ.
968 960 1185 1024 Νυκτὸς
1247 960 1343 1015 καὶ
1394 960 1610 1032 ἡμέρας
1669 960 1743 1031 μὴ

151 1054 454 1122 ἁποστήτω
484 1054 513 1106 6
542 1052 700 1120 λόγος
752 1051 850 1105 τοῦ
884 1051 1020 1105 Θεοῦ
1071 1053 1136 1104 ὲκ
1180 1051 1273 1105 τοῦ
1314 1051 1580 1123 στόματός
1625 1069 1739 1105 σου.

153 1144 313 1195 Ἥτω
335 1143 395 1196 δὲ
420 1143 483 1195 τὸ
509 1142 672 1214 ἔργον
706 1159 802 1196 σου
843 1141 931 1196 διὰ
959 1142 1159 1207 παντὸς
1206 1142 1405 1213 μελέτη
1435 1142 1544 1197 τῶν
1583 1142 1742 1197 θείων

149 1233 407 1307 Γραφῶν.
438 1235 754 1305 Ψαλτήριον
774 1235 887 1304 ἔχε,
921 1235 1165 1298 καὶτοὺς
1196 1233 1446 1306 ψαλμοὺς
1481 1236 1739 1306 μάνθανε.

161 1327 497 1379 ’Δνατέλλων
520 1329 550 1379 6
575 1327 731 1397 ἦλιος
759 1326 1001 1396 βλεπέτω
1030 1326 1091 1380 τὸ
1118 1326 1322 1397 βιϐλίον
1353 1329 1411 1381 ὲν
1439 1331 1558 1392 ταῖς
1584 1329 1742 1400 χερσί

149 1434 265 1482 σου,
318 1419 418 1471 καὶ
471 1417 612 1487 μετὰ
664 1418 860 1489 τρίτην
891 1414 1039 1489 ὤραν
1071 1418 1318 1485 συνάξεις
1351 1419 1609 1484 ἐπιτέλει,
1659 1421 1742 1473 ὅτι

147 1509 321 1581 ταύτῃ
339 1513 408 1581 τῇ
426 1509 548 1580 ὥρᾳ
564 1509 745 1579 ἐπάγη
761 1510 824 1564 τὸ
854 1510 1008 1576 ξύλον
1030 1511 1124 1564 τοῦ
1158 1511 1411 1582 σταυροῦ.
1431 1511 1608 1585 Ἔκτῃ
1627 1510 1739 1583 (16)

148 1599 268 1672 ὥρα
290 1601 501 1671 ὁμοίως
529 1601 767 1654 ἐπιτέλει
802 1618 895 1654 σου
929 1602 1027 1664 τὰς
1055 1602 1362 1674 προσευχάς
1384 1619 1398 1631 ·
1441 1602 1580 1673 μετὰ
1606 1602 1743 1672 ψαλ-

151 1693 292 1762 μῶν,
326 1694 427 1745 καὶ
455 1692 763 1762 κλαυθμοῦ,
808 1693 903 1746 καὶ
930 1692 1167 1764 δεήσεως
1192 1710 1206 1723 ·
1250 1694 1332 1746 ὅτι
1367 1695 1503 1765 αὐτῇ
1528 1697 1594 1765 τῇ
1621 1693 1742 1767 ὥρᾳ

146 1782 472 1854 ἐκρεμάσθη
492 1786 521 1836 6
548 1784 674 1847 Υἱὸς
702 1782 798 1836 τοῦ
826 1783 959 1836 Θεοῦ
988 1785 1081 1837 ἐπὶ
1114 1782 1207 1837 τοῦ
1245 1784 1502 1856 σταυροῦ.
1544 1785 1740 1860 Ἐνάτῃ
1775 1782 1793 1842 l.

147 1870 269 1942 ὥρᾳ
316 1871 485 1925 πάλιν
524 1871 635 1942 (17)
688 1874 746 1925 ὲν
798 1871 989 1943 ὖμνοις
1038 1874 1133 1926 καὶ
1184 1872 1542 1944 δοξολογίαις,
1598 1876 1738 1948 μετὰ

144 1961 407 2032 δακρύων
437 1961 906 2033 ἐξομολογουμένη
939 1962 1009 2016 τὰ
1045 1963 1470 2035 παραπτώματά
1499 1983 1617 2030 σου,
1647 1968 1738 2020 τὸν

145 2051 282 2106 Θεὸν
333 2053 567 2120 ἱκέτευε,
622 2056 706 2108 ὅτι
746 2056 803 2106 ὲν
841 2056 976 2125 αὐτῇ
1011 2057 1077 2126 τῇ
1126 2055 1245 2126 ὥρᾳ.
1296 2058 1324 2108 6
1368 2056 1574 2128 Κύριος
1607 2075 1737 2129 κρε-

148 2146 402 2217 μάμενος
434 2147 531 2201 ἐπὶ
556 2146 794 2218 σταυροῦ
827 2147 1076 2200 ἀπέδωκε
1112 2148 1225 2219 (18)
1251 2149 1313 2202 τὸ
1341 2148 1580 2221 πνεῦμα.
1625 2151 1739 2204 Καὶ

149 2235 292 2305 μετὰ
319 2237 425 2308 τὴν
448 2235 670 2302 σύναξιν
703 2236 803 2306 τῆς
853 2235 1049 2305 ἐνάτης
1095 2234 1242 2288 ἔσθιε
1272 2235 1362 2289 τὸν
1400 2235 1568 2308 ,ἄρτον
1615 2253 1734 2301 σου,

145 2326 595 2397 εὐχαριστήσασα
618 2323 698 2395 τῷ
724 2324 842 2396 Θεῷ
869 2326 962 2379 ἐπὶ
982 2328 1081 2397 τῆς
1114 2325 1393 2398 τραπέζης
1424 2344 1518 2379 σου
1544 2326 1734 2391 οὕτως·

146 2417 467 2485 Εὐλογητὸς
496 2420 526 2471 6
545 2417 699 2483 Θεὸς,
725 2419 754 2471 6
784 2418 951 2472 ἐλεῶν
979 2419 1075 2472 καὶ
1103 2418 1318 2490 τρέφων
1348 2420 1495 2489 ἡμᾶς
1522 2421 1588 2472 ὲκ
1625 2420 1740 2473 νεό-

144 2526 311 2580 τητος
340 2508 504 2579 ἡμῶν
535 2509 670 2579 (19),
708 2528 728 2561 ι
751 2511 781 2563 6
832 2510 1009 2574 διδοὺς
1047 2510 1255 2582 τροφὴν
1283 2510 1433 2582 πάσῃ
1465 2511 1662 2583 σαρκί·
1713 2531 1731 2563 ι

145 2598 439 2670 πλήρωσον
458 2601 635 2671 χαρᾶς
660 2600 757 2652 καὶ
781 2599 1122 2671 εὐφροσύνης
1164 2600 1262 2664 τὰς
1302 2600 1530 2671 καρδίας
1550 2599 1731 2671 ἡμῶν,

147 2691 235 2743 ἵνα
274 2692 513 2744 πάντοτε
555 2693 738 2745 πᾶσαν
769 2691 1104 2763 αὐτάρκειαν
1140 2690 1357 2761 ἔχοντες
1398 2690 1736 2763 περισσεύω-

147 2800 248 2854 μεν
273 2786 358 2848 εἰς
385 2786 493 2837 πᾶν
528 2784 686 2857 ἔργον
714 2783 937 2853 ἀγαθὸν,
966 2786 1023 2838 ὲν
1044 2783 1265 2855 Χριστῷ
1307 2784 1481 2855 Ἰησοῦ
1515 2783 1594 2854 τῷ
1619 2786 1735 2838 Κυ-

1849 788 1952 843 pus
1980 775 2103 827 vitae
2135 779 2242 828 tuae
2270 774 2326 827 in
2351 772 2600 844 jejuniis,
2628 774 2973 830 orationibus
2993 785 3047 830 et
3068 775 3430 847 eleemosynis

1848 879 2157 934 persevera.
2214 863 2413 921 Beatus
2439 868 2534 936 qui
2567 864 2685 921 haec
2711 865 2865 921 audit
2891 875 2942 921 et
2974 865 3204 937 perﬁcit.
3258 864 3430 922 Nocte

1845 956 2041 1026 dieque
2071 972 2141 1012 ne
2162 957 2383 1012 recedat
2426 957 2651 1013 verbum
2683 955 2780 1013 Dei
2807 973 2872 1013 ex
2915 974 3012 1015 ore
3046 966 3163 1015 tuo.
3220 956 3304 1013 Sit
3331 974 3430 1013 au-

1846 1056 1952 1103 tem
1979 1054 2118 1119 Opus
2149 1058 2301 1104 tuum
2331 1049 2482 1104 omni
2521 1059 2768 1121 tempore
2809 1050 3093 1107 meditatio
3118 1050 3429 1112 divinarum

1847 1141 2279 1211 Scripturarum.
2342 1140 2669 1197 Psalterium
2702 1141 2901 1198 habeto
2938 1149 2992 1197 et
3036 1143 3277 1214 psalmos
3307 1142 3427 1199 edi-

1845 1248 1957 1289 sce.
1989 1231 2084 1287 Sol
2111 1233 2295 1289 oriens
2333 1234 2533 1288 librum
2564 1234 2747 1289 videat
2795 1234 2854 1289 in
2885 1235 3140 1291 manibus
3177 1236 3287 1292 tuis
3319 1254 3334 1292 :
3374 1242 3430 1292 et

1844 1333 1969 1394 post
1999 1325 2219 1379 tertiam
2254 1325 2445 1381 horam
2473 1341 2709 1398 synaxes
2738 1325 2945 1382 conﬁce
2965 1367 2980 1391 ,
3024 1327 3152 1397 quia
3189 1342 3253 1382 ea
3309 1327 3429 1399 ipsa

1844 1415 1978 1470 hora
2010 1429 2353 1487 compactum
2387 1425 2473 1474 est
2511 1417 2719 1489 lignum
2753 1419 2956 1474 crucis.
2986 1404 3157 1474 'Sexta
3189 1419 3324 1474 hora
3352 1420 3429 1476 si-

1842 1506 2047 1560 militer
2094 1515 2220 1563 tuas
2253 1508 2472 1565 absolve
2503 1511 2782 1566 orationes
2826 1525 2951 1565 cum
2991 1512 3252 1580 psalmis,
3297 1511 3427 1567 ﬂetu

1842 1605 1897 1652 et
1928 1598 2332 1665 obsecratione,
2396 1600 2524 1671 quia
2572 1616 2634 1656 ea
2681 1601 2798 1672 ipsa
2829 1602 2966 1657 hora
3017 1601 3191 1659 Filius
3240 1602 3337 1659 Dei
3368 1605 3427 1658 in

1842 1702 2008 1742 cruce
2029 1703 2337 1758 suspensus
2365 1700 2469 1745 est.
2505 1688 2661 1745 Nona
2700 1692 2898 1746 iterum
2929 1691 3063 1747 hora
3109 1693 3164 1747 in
3207 1693 3427 1765 hymnis

1841 1788 1895 1834 et
1924 1779 2177 1835 laudibus
2211 1796 2336 1834 cum
2388 1780 2648 1853 lacrymis
2696 1782 2963 1838 conﬁtens
3013 1794 3240 1853 peccata
3287 1792 3423 1851 tua,

1842 1868 2013 1925 Deum
2053 1870 2283 1926 obsecra
2314 1913 2329 1938 ,
2365 1873 2491 1943 quia
2526 1888 2590 1929 ea
2641 1874 2759 1944 ipsa
2808 1874 2940 1930 hora
2974 1873 3240 1931 Dominus
3287 1892 3425 1947 pen-

1840 1961 1978 2018 dens
2007 1961 2061 2016 in
2098 1978 2262 2018 cruce
2303 1963 2526 2019 tradidit
2573 1965 2847 2036 spiritum.
2902 1965 2969 2019 Et
3019 1975 3144 2039 post
3194 1970 3425 2040 synaxin

1842 2052 1991 2109 horae
2017 2069 2196 2119 nonae,
2230 2056 2458 2111 comede
2490 2072 2684 2127 panem
2716 2065 2871 2113 tuum
2895 2060 3103 2129 gratias
3118 2058 3229 2116 Deo
3258 2075 3425 2133 agens

1843 2134 1899 2197 in
1942 2160 2132 2201 mensa
2171 2155 2289 2211 tua,
2327 2147 2414 2203 his
2445 2149 2628 2205 verbis
2662 2164 2675 2200 ε
2734 2148 3065 2207 Benedictus
3118 2149 3294 2215 Deus,
3330 2153 3425 2222 qui

1840 2236 2140 2292 miseratur
2166 2254 2310 2306 nos,
2357 2250 2411 2293 et
2464 2240 2560 2293 alit
2614 2255 2716 2296 nos
2762 2255 2794 2294 a
2842 2240 3131 2311 juventute
3182 2252 3422 2298 nostra:

1845 2345 1864 2377 ε
1900 2329 1994 2398 qui
2025 2328 2119 2383 dat
2160 2346 2344 2386 escam
2372 2332 2521 2386 omni
2553 2332 2706 2386 carni
2744 2331 2812 2387 ⁸³.
2858 2352 2877 2385 ι
2921 2333 3091 2405 Imple
3119 2333 3322 2406 gaudio
3370 2344 3424 2390 et

1838 2417 2027 2472 laetitia
2055 2420 2222 2475 corda
2252 2431 2461 2487 nostra,
2496 2429 2556 2475 ut
2594 2422 2649 2476 in
2688 2421 2945 2480 omnibus
2993 2438 3212 2480 omnem
3269 2423 3422 2480 sufﬁ-

1839 2511 2098 2565 cientiam
2129 2511 2392 2569 habentes
2412 2553 2428 2578 ,
2480 2514 2823 2570 abundemus
2872 2516 2929 2570 in
2971 2531 3133 2571 omne
3161 2531 3300 2587 opus
3330 2517 3426 2572 bo-

1841 2617 1972 2656 num
1992 2642 2007 2667 ,
2054 2602 2109 2658 in
2137 2602 2361 2658 Christo
2392 2603 2522 2660 Jesu
2558 2604 2789 2660 Domino
2836 2614 3027 2662 nostro
3057 2606 3124 2671 °°,
3153 2621 3279 2661 cum
3311 2622 3422 2678 quo

1839 2701 1895 2750 te
1918 2694 2074 2750 decet
2104 2696 2300 2766 gloria,
2331 2696 2644 2768 imperium,
2676 2697 2854 2754 honor
2881 2705 2936 2754 et
2962 2698 3238 2764 adoratio,
3266 2696 3269 2697 ⁷
3294 2713 3418 2754 cum

1843 2794 2036 2842 sancto
2069 2787 2277 2868 Spiritu
2298 2829 2312 2854 ,
2353 2789 2408 2842 in
2444 2790 2642 2844 saecula
2664 2790 3013 2854 seculorum,
3038 2805 3219 2845 amen.

144 2876 245 2949 ρίῳ
270 2876 454 2948 ἡμῶν,
501 2878 616 2949 μεθ’
650 2873 710 2933 οῦ
751 2895 834 2931 σοι
864 2881 1061 2950 πρέπει
1099 2878 1246 2943 δόξα,
1296 2878 1516 2952 κράτος.
1567 2880 1701 2953 τιμὴ
1739 2881 1833 2935 καὶ
1888 2883 2256 2957 προσκύνησις
2309 2885 2406 2938 σὺν
2462 2885 2600 2957 ἁγίῳ
2632 2885 2909 2958 Πνεύματι
2958 2885 3092 2959 (20),
3154 2886 3235 2949 είς
3293 2884 3422 2950 τοὺς

144 2973 355 3036 αἰῶνας
381 2973 495 3029 τῶν
523 2973 757 3041 αἰώνων,
787 2975 953 3047 ἀμήν.

216 3093 305 3148 15.
347 3094 462 3147 Καὶ
508 3094 636 3147 ὅταν
687 3093 960 3166 καθεσθῇς
1006 3094 1099 3147 ἐπὶ
1140 3095 1240 3165 τῆς
1285 3093 1586 3166 τραπέζης,
1637 3095 1729 3148 καὶ

1905 3094 1993 3148 15.
2060 3091 2235 3148 Porro
2264 3108 2389 3149 cum
2431 3094 2489 3147 in
2521 3107 2711 3148 mensa
2765 3092 3018 3160 sederis,
3074 3093 3421 3166 cmperisque

142 3184 281 3256 ἔρχῃ
308 3185 513 3237 κλᾶσαι
546 3185 637 3239 τὸν
674 3186 862 3257 ἄρτον,
897 3185 1247 3257 σφραγίσασα
1275 3186 1436 3241 αὐτὸν
1468 3185 1649 3257 τρίτον
1676 3185 1737 3239 τὸ

143 3281 376 3348 σημεῖον
432 3277 525 3331 τοῦ
576 3276 811 3349 σταυροῦ
836 3321 851 3344 ,
899 3276 1074 3341 οὓτως
1122 3275 1522 3349 εὐχαριστοῦσα
1581 3275 1727 3344 λέγε·

140 3368 597 3441 Εὐχαριστοῦμέν
647 3386 749 3434 σοι,
800 3370 983 3442 Πάτερ
1038 3369 1210 3441 ἡμῶν,
1267 3369 1407 3440 ὑπὲρ
1451 3368 1563 3436 (21)
1629 3368 1728 3439 τῆς

136 3462 310 3531 ἁγίας
347 3460 697 3525 ἀναστάσεώς
734 3478 857 3514 σου·
900 3460 987 3514 διὰ
1034 3460 1142 3532 γὰρ
1185 3459 1359 3530 Ἰησοῦ
1395 3458 1488 3512 τοῦ
1533 3458 1732 3522 Παιδός

138 3571 238 3608 σου
274 3553 581 3625 ὲγνώρισας
634 3554 765 3623 ἡμῖν
790 3554 959 3623 αὑτήν
980 3569 993 3581 ·
1030 3553 1126 3606 καὶ
1163 3550 1346 3615 καθὼς
1388 3551 1416 3602 6
1444 3550 1609 3620 ἄρτος
1638 3544 1729 3605 ob.

135 3665 233 3711 τος
282 3648 769 3717 διεσκορπισμένος
799 3647 1042 3717 ὑπῆρχεν
1088 3645 1117 3697 6
1164 3645 1351 3697 ἐπάνω
1395 3642 1598 3713 ταύτης
1629 3644 1728 3715 τῆς

133 3739 429 3811 τραπέζης
482 3739 618 3809 (22),
660 3740 753 3792 καὶ
800 3737 1085 3808 συναχθεὶς
1136 3737 1352 3805 ἐγένετο
1399 3735 1458 3789 ἓν
1490 3752 1503 3765 ·
1558 3733 1731 3798 οὕτως

136 3829 561 3902 ὲπισυναχθήτω
614 3847 707 3884 σου
750 3832 784 3900 ἡ
840 3827 1134 3899 Ἐκκλησία
1167 3827 1276 3881 ἀπὸ
1322 3827 1430 3881 τῶν
1478 3826 1730 3897 περάτων

136 3924 245 3995 τῆς
282 3923 390 3992 γῆς
429 3924 509 3984 εἰς
539 3924 636 3993 τὴν
673 3920 950 3992 βασιλείαν
988 3936 1104 3985 σου,
1135 3920 1216 3972 ὃτι
1253 3904 1348 3971 σου
1381 3919 1530 3972 ἐστὶν
1560 3921 1593 3990 ἡ
1633 3916 1727 3971 δύ-

136 4033 311 4086 ναμις
362 4013 458 4068 καὶ
514 4017 548 4086 ὴ
603 4014 730 4079 δόξα
779 4014 862 4076 είς
917 4013 1043 4077 τοὺς
1095 4012 1299 4076 αἰῶνας
1346 4010 1454 4064 τῶν
1492 4011 1724 4075 αἰώνων,

137 4108 292 4178 ἀμήν
318 4107 453 4179 (25).
509 4109 620 4163 Καὶ
660 4108 863 4178 ταύτην
912 4108 1010 4179 μὲν
1055 4107 1156 4177 τὴν
1183 4106 1349 4176 εὐχὴν
1404 4104 1516 4176 (26)
1561 4106 1619 4158 ὲν
1648 4103 1728 4174 τῷ

138 4199 278 4256 ιὶᾶν
310 4202 403 4254 τὸν
434 4201 618 4271 ἄρτον,
648 4200 743 4254 καὶ
769 4199 944 4253 θέλειν
974 4198 1194 4264 ἐσθίειν,
1235 4196 1474 4267 ὀφείλεις
1500 4196 1681 4265 λέγειν
1708 4212 1722 4227 ·

207 4348 265 4388 ⁸³
300 4353 449 4410 Psal.
486 4370 686 4420 cxxxv,
721 4353 813 4410 25.
892 4353 938 4385 ⁶⁹
976 4351 1022 4407 ll
1053 4351 1183 4410 Cor.
1219 4367 1311 4417 Ix,
1348 4350 1401 4407 8.

1836 3183 2089 3254 frangere
2127 3198 2350 3254 panem,
2384 3182 2504 3252 ipso
2536 3191 2619 3237 ter
2641 3182 2970 3251 consignato
3008 3182 3166 3253 signo
3196 3186 3416 3250 crucis,

1833 3277 1911 3331 ita
1946 3274 2155 3347 gratias
2189 3290 2287 3347 age
2316 3295 2329 3330 :
2364 3272 2581 3331 Gratias
2614 3275 2711 3329 tibi
2736 3276 2968 3346 agimus,
3001 3272 3164 3330 Pater
3188 3285 3375 3332 noster
3399 3321 3415 3346 ,

1834 3367 1907 3425 de,
1934 3374 2122 3422 sancta
2151 3367 2556 3423 resurrectione
2605 3374 2719 3431 tua,
2765 3382 2928 3437 quam
2958 3382 3054 3437 per
3101 3365 3286 3424 Jesum
3327 3367 3420 3423 Fi—

1832 3459 1968 3514 lium
2006 3466 2163 3513 tuum
2192 3459 2351 3515 nobis
2377 3457 2740 3515 manifestasti
2769 3478 2785 3526 ;
2817 3467 2869 3514 et
2905 3460 3049 3515 sicut
3072 3460 3178 3524 hic,
3204 3461 3298 3533 qui
3324 3478 3419 3518 su-

1831 3567 1931 3625 pra
1962 3566 2206 3607 mensam
2237 3558 2341 3615 est,
2368 3552 2549 3623 panis,
2592 3551 2873 3622 dispersus
2906 3553 3057 3617 olim,
3093 3561 3146 3609 et
3167 3562 3414 3620 coactus,

1833 3644 2013 3700 factus
2041 3650 2126 3698 est
2156 3658 2356 3709 unum;
2401 3645 2480 3699 sic
2510 3653 2871 3715 congregetur
2896 3643 3142 3700 Ecclesia
3169 3652 3264 3699 tua
3291 3660 3323 3698 a
3354 3648 3418 3699 li-

1834 3736 1998 3790 nibns
2032 3742 2192 3790 terrae
2213 3734 2269 3787 in
2292 3749 2519 3805 regnum
2550 3744 2728 3800 tuum,
2761 3735 2890 3806 quia
2927 3744 3018 3790 tua
3047 3744 3132 3791 est
3162 3738 3336 3793 virtus
3360 3744 3416 3793 et

1835 3827 2008 3899 gloria
2040 3827 2095 3879 in
2130 3826 2328 3881 saecula
2369 3828 2720 3892 saeculorum,
2751 3844 2933 3883 amen.
2988 3828 3163 3895 Quam
3193 3829 3413 3899 quidem

1834 3919 2138 3975 orationem
2179 3919 2234 3973 in
2287 3918 2589 3989 frangendo
2638 3936 2833 3991 panem
2865 3931 3177 3977 comestura
3232 3922 3417 3977 dicere

1834 4011 2040 4068 debes:
2072 4027 2196 4067 cum
2251 4022 2432 4067 autem
2475 4027 2599 4066 eum
2636 4013 2689 4066 in
2721 4029 2910 4069 mensa
2965 4029 3233 4085 repones,
3287 4029 3416 4069 mox

1834 4120 2089 4169 sessura,
2121 4103 2450 4171 orationem,
2479 4122 2498 4154 ι
2534 4101 2696 4159 Pater
2727 4112 2938 4168 noster,
2968 4124 2988 4156 ι
3025 4107 3290 4174 integram
3324 4118 3413 4158 re-

1833 4197 1981 4251 cita:
2018 4197 2450 4268 suprascriptam
2479 4212 2612 4252 vero
2666 4197 2991 4264 orationem,
3018 4216 3038 4248 ι
3085 4196 3414 4252 Benedictus

185 4532 330 4618 “(16)
361 4530 453 4614 S_ic
509 4533 676 4614 Basil;
712 4540 767 4618 ει
803 4531 1013 4618 Anglic.
1059 4540 1229 4618 recte.
1261 4531 1606 4618 Editiuvero,
1646 4528 1727 4602 τῷ

1837 4547 1921 4618 τον
1967 4529 2552 4618 μεταϐάλλωνηαὺτηνκ
2576 4527 2669 4618 δια
2692 4529 2800 4618 ,τῂν
2832 4528 3122 4618 ’ἀσθένειειν
3159 4531 3320 4605 ἡμῶν
3346 4536 3411 4618 τῇ

132 4601 285 4674 ξύλῳ
311 4601 416 4675 ’τοῦ
446 4603 678 4675 σταυροῦ
718 4601 922 4673 Ἰησοῦς
945 4605 978 4675 ἡ
1017 4603 1234 4657 πάντων
1246 4602 1394 4675 ζωή..
1421 4601 1615 4675 Ἕκτῃ.

208 4671 339 4745 (1η
364 4672 458 4727 Sic
503 4671 667 4745 Basil.
722 4671 790 4728 et
818 4671 976 4745 Angl.
1026 4681 1195 4730 recte.
1243 4671 1388 4728 Editi
1436 4671 1594 4738 vero,
1638 4671 1726 4724 ’Ev

305 4744 427 4815 ὥρᾳ
452 4746 509 4798 δὲ
534 4743 717 4799 πάλιν.

209 4761 275 4815 τῃ
305 4764 352 4797 ω
391 4762 427 4797 α
452 4761 509 4798 οε
534 4761 717 4799 παλιν.

209 4816 328 4924 (ΙΒξ
356 4761 507 4871 ἕλξις.
539 4816 594 4877 2,
624 4813 929 4884 παρέδωκε.

209 4886 303 4924 ΙΙΩ
357 4885 541 4924 Δησιῖρ
589 4887 618 4924 ἧ
649 4884 781 4924 Ωτλρ·
813 4886 841 4924 ὁ
875 4883 970 4924 οτηὸ

218 4879 563 4965 '19).Anglic.
589 4887 618 4938 6
649 4879 791 4966 Θεὸς,
813 4886 841 4937 6
875 4902 906 4936 τ
947 4883 1092 4954 ἐφων
1164 4901 1187 4923 ε
1230 4885 1295 4936 ὲκ
1319 4879 1571 4951 νεότητός
1599 4896 1720 4945 μου.

126 4886 288 5010 Ῑηέη
322 4954 463 5032 idem
491 4970 623 5032 cum
669 4953 835 5032 Basll.
856 4902 965 5027 τὲν
988 4901 1235 5032 sagi.in
1272 4970 1394 5032 μου,
1425 4952 1558 5032 Vivat.
1598 4949 1725 5005 Haec

125 5040 309 5097 porro
334 5025 642 5080 benedictio
679 5022 1006 5081 habetur'ad
1035 5022 1241 5079 calcem
1274 5022 1723 5077 Canstitulionum

220 5104 334 5149 οὔτ.

125 5100 521 5237 ,Βεεῆ
548 5172 604 5237 et
635 5163 793 5235 Angl.
825 5163 943 5235 μεθ’
972 5157 1034 5217 οῦ
1058 5182 1140 5218 σοι
1162 5163 1311 5231 δόξα,
1338 5162 1557 5234 κράτος,
1587 5158 1726 5230 τιμὴ

130 5234 237 5289 σὺν
262 5234 723 5306 ἁγίῳῖΠνεὺματι.
891 5303 937 5306 Α
984 5304 996 5306 ᾼ
1114 5305 1120 5306 γ
1259 5303 1269 5306 Α
1528 5287 1532 5290 .
1668 5264 1671 5269 -

230 5306 327 5372 2|)
368 5305 469 5359 Hic
491 5303 710 5360 videtur
736 5303 941 5375 aliquid
968 5303 1296 5361 desiderari.

226 5377 325 5448 22)
353 5377 570 5448 1Anglic.
597 5372 844 5448 ὑπάρχεῐ
861 5376 1045 5429 ἐπάνω
1069 5377 1168 5448 τῆς
1203 5372 1501 5448 τραπέζης.

207 5444 412 5518 {715)‘ln
444 5444 591 5501 Felc.
618 5447 675 5509 2,
703 5444 838 5518 talis
857 5455 937 5501 est
959 5444 1259 5518 gratiarum
1286 5445 1722 5518 actio,_E6xapt-

130 5514 374 5587 στὸῦμέν
394 5518 706 5639 σοιφΠὰτιίρ
725 5516 901 5596 ἡμῶν,
923 5514 1061 5587 ὑπὲρ
1088 5516 1187 5586 τῆς
1214 5516 1374 5583 ἁγίας
1395 5514 1489 5567 καῖ⁸
1512 5514 1720 5579 ἐνδόξου

131 5586 473 5639 σαοκὼσεως
514 5588 611 5639 τοῦ
696 5588 777 5639 ίου
813 5603 906 5639 σου
948 5586 1186 5639 Χριστοῦ
1224 5585 1316 5639 τοῦ
1362 5584 1498 5639 Θεοῦ
1541 5586 1718 5639 ἡμῶν.

131 5584 473 5659 σαρκώσεως
514 5588 611 5659 τοῦ
643 5584 790 5659 Υίοῦ⁸
813 5603 906 5659 σου
948 5584 1186 5659 Χριστοῦ
1224 5585 1316 5639 τοῦ
1362 5584 1498 5659 Θεοῦ
1541 5586 1718 5659 ἡμῶν,

170 5654 401 5730 ν’ήμείς
442 5658 589 5730 κατὰ
632 5660 747 5730 ’τὴνΔ
770 5656 919 5709 θείαν
944 5654 1198 5730 -ὲκείνουί
1227 5654 1720 5730 ἐπαγγελίαν”καθ’

176 5724 351 5800 μέραν
381 5728 655 5791 ἐσθίοντες
690 5724 1120 5798 εὐφραινόμεθα,
1156 5729 1237 5792 είς
1266 5726 1478 5782 τουτονὶ
1509 5727 1601 5782 τὸν
1625 5724 1722 5799 ἄρ’

419 5822 701 5884 ΡΑτιιοι..
732 5820 853 5884 Gn.
878 5819 1151 5883 XXVIII

1833 4589 1997 4674 αὐτοῦ
2021 4603 2377 4674 χρηστότητιή
2413 4589 2504 4674 καὶ
2526 4602 2607 4674 ὅτι
2640 4589 2939 4674 δι’γὲὶιείνου
2967 4619 3026 4655 σε
3056 4589 3300 4674 ἔγνωμεν
3323 4589 3414 4656 τὺῧ

1831 4671 2084 4743 ἀληθινόν
2129 4672 2260 4725 θεὸν
2281 4671 2391 4743 καὶ
2437 4672 2656 4743 Πατέρα
2698 4671 2876 4743 ἡμῶν,
2926 4674 3021 4727 κοιλ⁸
3056 4671 3117 4728 τὸ
3150 4671 3414 4742 πανάγιον

1829 4741 2057 4824 Πνεῦμα
2090 4760 2207 4824 σου,
2244 4742 2305 4824 το
2355 4741 2598 4824 φωτίζρν
2623 4741 2784 4824 ῄμᾷς-
2814 4744 2905 4824 καὶ
2948 4746 3246 4824 παριγρρρν
3287 4744 3412 4815 (sic)

1831 4815 1924 4867 καὶ
1953 4811 2089 4885 πρὸς
2115 4813 2213 4884 τὴν
2250 4811 2347 4885 σὴν
2375 4812 2584 4885 ώᾷηγὸν
2616 4811 2737 4885 (sic)
2769 4811 3082 4885 ἐπίγνωσιν.
3100 4811 3413 4867 "'oesv‘m;

1832 4882 2182 4956 ρακαλοῦμέν
2199 4899 2278 4956 σε,
2304 4882 2558 4956 ἁρμόδιον
2577 4882 3040 4956 τοῦτον-γενέσθαι
3058 4885 3152 4937 καὶ
3176 4886 3411 4956 εὐφραν-

1827 4953 1980 5036 τεκον
2007 4953 2087 5036 τῇ
2105 4953 2354 5036 ἡμετέρᾳ
2382 4953 2540 5036 οὐσίᾳ.
2572 4953 2665 5036 τοῦ
2715 4953 3113 5036 σώματρςηκαὶ
3143 4953 3411 5036 μηδέποτε

1827 5026 1990 5121 αἰπὺν,
2019 5023 2413 5121 ὑστεὶζρούμεμνον
2439 5023 2528 5077 διὰ
2550 5024 2673 5121 λτὴν
2704 5023 2862 5121 ὴ
2892 5023 3247 5121 ἀνοιξιότηὲεα·
3277 5024 3413 5104 ἀλλᾲ

1828 5097 2080 5149 κάκεῖνον
2104 5094 2194 5148 τὸν
2214 5094 2499 5162 νοούμενον
2516 5095 2606 5148 τὸν
2627 5094 2885 5158 ζωοποιὸν
2910 5096 3003 5148 καὶ
3027 5094 3289 5163 πανάγιον
3317 5094 3410 5147 τοῦ

1873 5165 2152 5237 ονογενοῦς
2187 5181 2282 5219 σου
2325 5164 2463 5237 Υἰοῦ
2490 5166 2835 5237 σαρκοφόρονλ
2854 5165 3015 5237 ἄρτον
3045 5165 3210 5237 ἀξίως
3236 5180 3410 5237 μετα-

1828 5183 2152 5288 μονογενους
2187 5183 2282 5219 σου
2334 5183 2454 5216 ιιου
2490 5183 2826 5237 σαρκοφορον
2854 5183 3015 5237 αρτον
3045 5183 3210 5229 αςιως
3242 5183 3407 5235 μετα-

1863 5235 2128 5306 αμὸάνειν
2170 5236 2317 5306 ἡμᾶς
2377 5234 2608 5300 ἀξίωσον
2656 5235 2745 5288 διὰ
2789 5235 2885 5306 τὴν
2908 5235 3026 5306 σὴν
3075 5234 3407 5306 ἀγαθότητα,

1829 5305 2106 5375 οῑροειθιι
2148 5305 2264 5360 haec
2311 5314 2637 5374 sequuntur,
2684 5306 2775 5359 καὶ
2816 5305 3021 5378 ταύτην
3050 5306 3147 5377 μὲν
3174 5305 3274 5360 τὴν
3306 5305 3409 5357 εὑ-

1831 5385 1952 5440 χήν,
1981 5385 2086 5431 etc.
3008 5394 3012 5398 ‘

1832 5379 2188 5518 “(gl-$131.30,
2219 5446 2317 5518 teat
2355 5445 2559 5517 ταύτην
2589 5445 2687 5518 μὲν
2717 5447 2816 5516 τὴν
2844 5447 3028 5518 εὐχήν,
3072 5460 3195 5518 cum
3223 5444 3410 5518 multis

1828 5515 2374 5588 lineis’imermediis,
2404 5515 2697 5588 usquead.
2734 5518 2799 5588 ὲκ
2818 5515 3221 5588 τῆςίτραπέξης
3253 5515 3408 5585 λέγο-

1831 5604 1952 5659 μεν,
1988 5587 2275 5654 inclusive,
2315 5586 2526 5659 desunt
2564 5588 2622 5641 in
2653 5586 2944 5659 Basilicus}
2970 5586 3409 5659 et_Anglie._qui

1828 5655 2141 5730 postremus
2165 5673 2291 5714 mox
2314 5657 2500 5728 habet,
2530 5657 2881 5729 συμπαρῶσι.
2906 5656 3073 5725 Editi,
3095 5655 3407 5729 συμπλῶσι.

3102 5813 3142 5872 9
