3890 6200
509 310 613 369 267

1684 307 1739 362 S.
1783 306 2246 364 ATHANASIUS.
2288 341 2357 351 —
2394 308 2623 364 DUBIA.

3651 313 3769 367 9‘38

508 430 689 491 Deus,
756 446 773 478 ι
823 440 1007 496 pransn
1061 440 1124 477 ac
1187 431 1469 495 surgentes
1513 438 1542 477 a
1580 439 1768 480 mensa
1822 425 2073 482 dicimus.

2186 429 2242 479 ὲν
2269 427 2324 503 δὲ
2357 428 2437 498 τῷ
2474 428 2647 482 θεῖναι
2683 428 2867 483 τοῦτον
2906 432 2963 482 ὲν
2989 432 3054 500 τῇ
3077 428 3342 502 τραπέζῃ,
3378 431 3472 483 καὶ
3501 432 3770 503 καθεσθῆ-

504 522 659 585 Quod
704 521 750 575 si
791 520 970 575 adsint
1004 527 1182 574 tecum
1232 518 1353 573 dua:
1385 519 1468 573 vel
1496 517 1606 587 90
1644 524 1758 573 tres
1789 519 2031 590 virgines
2062 561 2076 585 ,

502 613 709 684 gratias
762 618 922 681 agant
964 626 1127 680 super
1160 625 1383 681 panem,
1423 619 1477 665 et
1507 626 1614 664 una
1669 620 1848 665 tecum
1898 622 2075 667 orent.

503 705 658 772 Quod
691 706 738 760 si
781 705 923 760 adsit
950 705 1340 759 catechumena
1370 704 1423 757 in
1462 718 1670 767 mensa,
1705 720 1774 758 ne
1805 711 1923 759 oret
1953 720 2077 758 cum

503 795 777 858 fidelibus,
814 809 990 863 neque
1021 808 1142 847 cum
1178 794 1269 847 illa
1317 794 1508 848 sedeas
1541 807 1600 847 ut
1646 808 1840 863 panem
1895 810 2079 849 come-

503 887 623 942 das.
654 885 840 955 Neqne
883 884 1096 941 sedebis
1129 885 1255 939 item
1288 892 1345 937 ut
1397 887 1651 940 comedas
1685 886 1867 940 cibum
1922 895 2076 939 tuum

503 995 626 1034 cum
656 977 977 1033 mulieribus
1007 977 1493 1047 negligentioribus
1520 986 1572 1031 et
1610 978 1800 1032 facetis
1821 1017 1834 1041 ,
1869 977 2077 1047 absque

501 1070 849 1127 necessitate.
881 1067 963 1123 Tu
993 1071 1136 1122 enim
1169 1076 1358 1122 sancta
1397 1084 1457 1123 es
1489 1068 1718 1123 Domino
1748 1069 1857 1124 Deo
1885 1081 1999 1133 tuo,
2025 1079 2078 1124 et

502 1165 657 1218 cibus
683 1170 811 1217 tuus
840 1168 1002 1231 atque
1031 1171 1192 1230 potus
1226 1160 1601 1215 sanctificatus
1643 1169 1764 1227 est;
1796 1176 1920 1214 nam
1948 1175 2075 1214 ora-

501 1253 745 1309 tionibus
788 1252 1099 1322 sanctisque
1146 1251 1326 1306 verbis
1377 1251 1770 1306 sanctificatur.
1826 1250 2077 1321 Virgines

501 1345 603 1414 piae
633 1350 687 1397 et
722 1342 991 1412 religiosae
1038 1350 1217 1395 tecum
1281 1341 1589 1396 comedant.
1650 1340 1767 1395 Non
1829 1343 2076 1398 cmnabis

500 1449 624 1487 cum
651 1431 865 1487 feminis
890 1431 1173 1500 superbis,
1219 1447 1395 1501 neque
1428 1432 1650 1488 habebis
1681 1433 1959 1487 mulierem
1988 1448 2077 1486 ar-

500 1529 783 1593 rogantem
837 1522 932 1575 tibi
990 1521 1334 1577 familiarem.
1391 1521 1481 1575 Ait
1512 1522 1657 1577 enim
1688 1522 1870 1576 divina
1927 1522 2079 1578 Scri-

502 1620 659 1683 ptura
686 1631 698 1667 :
737 1631 755 1664 ι
788 1612 891 1677 Qui
921 1613 1089 1682 tangit
1118 1613 1290 1682 picem
1318 1612 1713 1682 inquinabitur,
1729 1620 1783 1668 et
1807 1614 1900 1682 qui
1924 1628 2076 1668 com-

498 1705 743 1758 municat
773 1719 895 1759 cum
930 1704 1188 1774 superbo,
1236 1704 1434 1760 similis
1467 1704 1571 1759 erit
1602 1705 1653 1759 ei
1683 1705 1749 1759 “.
1782 1724 1801 1756 ι
1840 1702 2076 1760 Sedente

498 1803 680 1850 tecum
708 1795 765 1848 in
794 1810 985 1850 mensa
1019 1795 1220 1849 femina
1249 1794 1438 1861 divite,
1469 1793 1516 1850 si
1546 1795 1749 1850 videris
1776 1810 2071 1865 pauperem

2180 1798 2356 1860 σεϐεῖς
2396 1798 2789 1868 συμφάγωνταί
2844 1816 2925 1851 σοι
2961 1814 2976 1829 °

499 1886 815 1953 mulierem,
855 1901 989 1942 voca
1023 1902 1147 1961 eam.
1190 1886 1255 1940 ad
1282 1887 1465 1941 cibum
1486 1928 1501 1952 ,
1553 1902 1729 1957 neque
1766 1887 1974 1957 pudore
2003 1886 2074 1941 ob

500 1987 823 2049 praesentem
860 1979 1080 2032 divitem
1120 1979 1432 2034 retinearis.
1476 1978 1553 2035 Ne
1590 1995 1739 2035 ames
1788 1979 2072 2034 hominum

502 2070 750 2140 gloriam,
779 2070 901 2139 plus
932 2083 1094 2138 quam
1132 2067 1359 2138 gloriam
1387 2067 1502 2126 Dei.
1533 2068 1675 2125 Deus
1703 2068 1847 2124 enim
1871 2084 2072 2141 egeno—

501 2175 623 2216 rum
652 2166 705 2215 et
734 2158 1117 2230 despectorum
1150 2157 1291 2214 Dens
1311 2168 1414 2214 est.

2182 538 2268 573 ναι
2302 519 2501 589 βούλει.
2553 520 2635 582 τὸ,
2691 539 2708 571 ι
2743 521 2924 592 Πάτερ
2967 521 3144 591 ἡμῶν,
3176 541 3193 571 ι
3256 521 3381 589 λέγε
3429 521 3767 594 ὁλόκληρον·

2179 612 2278 681 τὴν
2325 610 2381 663 δὲ
2425 612 2922 682 προγεγραμμένην
2968 612 3154 683 εὐχὴν,
3199 613 3282 675 τὸ,
3342 632 3360 663 ι
3401 613 3705 685 Εὐλογητὸς
3736 624 3772 666 6

2180 701 2330 763 Θεὸς,
2382 721 2400 751 ι
2431 701 2825 772 ἀριστήσαντες
2860 702 2952 753 καὶ
2991 702 3331 773 ἐγειρόμενοι
3366 704 3430 757 ὲκ
3477 705 3576 774 τῆς
3624 722 3772 777 τρα-

2182 792 2351 862 πέζης
2395 791 2643 861 λέγομεν.
2707 792 2831 845 Ἐὰν
2866 792 2923 845 δὲ
2968 792 3301 863 συμπαρῶσι
3343 795 3483 864 μετὰ
3530 796 3621 848 σοῦ
3664 796 3773 849 δύο

2181 884 2438 954 παρθένοι
2483 884 2515 954 ἢ
2549 886 2718 954 τρεῖς,
2763 884 3256 955 εὐχαριστείτωσαν
3290 887 3383 938 ἐπὶ
3415 885 3505 939 τὸν
3537 888 3773 958 προκεί-

2183 991 2341 1044 μενον
2376 973 2558 1044 ἄρτον,
2608 974 2701 1026 καὶ
2748 973 3215 1044 συνευχέσθωσαν.
3285 973 3410 1026 Ἐὰν
3458 973 3515 1026 δὲ
3556 974 3767 1045 εὑρεθῇ

2180 1064 2560 1137 κατηχουμένη
2602 1065 2660 1118 ὲν
2701 1066 2767 1135 τῇ
2813 1063 3080 1137 τραπέζῃ,
3128 1065 3200 1134 μὴ
3235 1064 3572 1133 συνευχέσθω
3619 1064 3771 1135 μετὰ

2177 1158 2283 1212 τῶν
2318 1159 2544 1223 πιστῶν,
2572 1157 2690 1210 οὐδὲ
2721 1157 2795 1228 μὴ
2837 1156 3067 1227 καθίσῃς
3119 1156 3230 1225 (‘23)
3276 1158 3471 1225 φαγεῖν
3513 1155 3603 1208 τὸν
3643 1156 3775 1225 φω-

2182 1250 2281 1320 μόν
2317 1266 2409 1302 σου
2443 1248 2560 1319 μετ’
2594 1248 2782 1317 αὐτῆς,
2808 1247 2927 1300 οὐδὲ
2958 1247 3119 1300 πάλιν
3156 1245 3402 1308 καθίσεις
3436 1248 3625 1315 φαγεῖν
3664 1246 3767 1299 τὸν

2176 1341 2365 1412 ψωμόν
2416 1358 2509 1395 σου
2565 1341 2701 1413 μετὰ
2746 1341 3024 1410 γυναικῶν
3080 1340 3462 1411 ἀμελεστέρων
3516 1341 3610 1393 καὶ
3660 1357 3769 1408 γεο

2177 1431 2496 1503 λοιαστριῶν
2522 1431 2649 1485 ἄνευ
2681 1433 2925 1501 ἀνάγκης
2949 1448 2961 1461 ·
3003 1432 3067 1485 σὺ
3095 1431 3203 1501 γὰρ
3231 1430 3358 1498 ἁγία
3382 1426 3434 1483 εἴ
3458 1430 3647 1502 Κυρίῳ
3678 1430 3768 1500 τῷ

2178 1523 2295 1594 Θεῷ
2321 1541 2433 1588 σου,
2468 1526 2562 1578 καὶ
2592 1524 2654 1577 τὸ
2686 1523 2883 1595 βρῶμά
2909 1539 3005 1576 σου
3046 1524 3141 1576 καὶ
3170 1522 3229 1574 τὸ
3259 1523 3408 1593 πόμα
3458 1540 3549 1575 σου
3593 1525 3764 1591 ἡγια-

2179 1614 2373 1684 σμένον
2401 1616 2516 1667 ὲστί
2535 1632 2548 1645 ·
2600 1615 2690 1668 διὰ
2716 1615 2824 1686 γὰρ
2854 1631 2961 1667 των
2995 1613 3308 1685 προσευχῶν
3328 1615 3422 1666 καὶ
3451 1612 3559 1665 τῶν
3582 1613 3765 1682 ἁγίων

2179 1707 2439 1776 ῥημάτων
2473 1705 2757 1775 ἁγιάζεται
2791 1705 2922 1777 (26).
2954 1704 3222 1777 Παρθένοι
3242 1704 3487 1768 εὐλαϐεῖς
3515 1706 3608 1758 καὶ
3631 1704 3764 1758 θεο-

3050 1800 3111 1851 οὑ
3167 1798 3533 1868 συνδειπνήσει
3545 1815 3573 1861 ς
3612 1799 3765 1868 μετά

2177 1888 2454 1957 γυναικῶν
2496 1891 2885 1962 ὑπερηφάνων,
2922 1889 3030 1944 οὐδ’
3061 1890 3121 1942 οὐ
3157 1891 3231 1960 μὴ
3263 1891 3440 1961 κτήσῃ
3470 1889 3627 1959 φίλην
3656 1906 3767 1957 γυ-

2177 1983 2336 2033 ναῖκα
2366 1980 2619 2045 ἀλαζόνα.
2645 1981 2809 2050 Λέγει
2825 1981 2932 2053 γὰρ
2960 1984 2992 2053 ἡ
3023 1980 3142 2036 θεία
3170 1982 3360 2052 Γραφή
3391 2000 3403 2010 ·
3440 2001 3458 2031 ι
3500 1981 3557 2035 Ὀ
3585 1982 3766 2035 ἁπτό-

2179 2087 2337 2140 μενος
2385 2070 2589 2142 πίσσης
2633 2072 3045 2143 μολυνθήσεται,
3080 2071 3174 2125 καὶ
3217 2073 3246 2124 6
3292 2070 3564 2123 κοινωνῶν
3590 2071 3769 2141 ὑπερ-

2175 2162 2365 2234 ηφάνῳ
2397 2163 2792 2234 ὁμοιωθήσεται
2826 2161 2995 2233 αρτῷ.
3026 2181 3045 2214 ι
3074 2160 3461 2231 Καθεζομένης
3493 2158 3767 2221 πλουσίας

499 2252 645 2325 μετὰ
678 2251 771 2304 σοῦ
816 2251 909 2304 ἐπὶ
954 2252 1052 2321 τῆς
1083 2250 1381 2321 τραπέζης,
1432 2251 1524 2305 ἐὰν
1595 2252 1709 2325 ἴδῃς
1773 2255 2003 2320 γυναῖκα
2047 2254 2329 2326 πενιχρὰν,
2395 2256 2648 2319 καλέσεις
2695 2255 2863 2327 αὐτὴν
2896 2256 2975 2318 εἰς
3005 2254 3067 2307 τὸ
3110 2257 3325 2323 φαγεῖν,
3368 2254 3462 2307 καὶ
3498 2255 3597 2307 οὐκ
3669 2256 3766 2307 αε-

506 2348 780 2420 σχυνθήσῃ
809 2349 889 2412 εἰς
932 2347 1030 2419 τὴν
1084 2347 1363 2401 πλουσίαν.
1414 2347 1504 2419 Μὴ
1548 2348 1843 2424 ἀγαπήσῃς
1889 2350 1987 2420 τὴν
2023 2351 2180 2419 δόξαν
2228 2353 2336 2408 τῶν
2384 2353 2684 2425 ἀνθρώπων
2734 2353 2871 2425 ὑπὲρ
2919 2353 3018 2423 τὴν
3049 2351 3207 2419 δόξαν
3265 2351 3376 2423 (27)
3428 2350 3522 2404 τοῦ
3589 2350 3762 2405 Θεοῦο

500 2443 530 2493 6
579 2439 688 2512 γὰρ
707 2440 858 2512 ιΘεὸς
906 2440 1013 2494 τῶν
1072 2440 1303 2510 πτωχῶν
1350 2441 1444 2493 καὶ
1488 2441 1597 2494 τῶν
1643 2441 2081 2513 ὲξουδενωμένων
2120 2445 2254 2500 ἐστί.
2454 2452 2457 2455 ⁷

573 2558 663 2613 14.
697 2556 861 2612 Beata
896 2557 1079 2610 anima
1113 2572 1234 2626 quae
1286 2557 1390 2612 ista
1440 2560 1690 2613 servarit.
1723 2556 1842 2614 Non
1870 2570 1954 2615 est
1980 2560 2078 2615 bo-

501 2667 632 2707 num
660 2649 1007 2721 juvenculam
1059 2664 1183 2702 cum
1212 2649 1507 2718 juvencula
1543 2651 1751 2705 versari
1783 2670 1795 2704 :
1831 2652 2077 2722 alioquin

500 2743 635 2799 nihil
664 2741 789 2797 boni
818 2740 1047 2804 faciunt,
1080 2740 1248 2795 altera
1293 2740 1440 2794 enim
1487 2741 1643 2795 alteri
1672 2755 1782 2795 non
1820 2742 2102 2812 obsequi-'

499 2844 611 2901 tur,
633 2834 801 2889 altera
830 2832 1060 2886 alteram
1099 2831 1419 2885 contemnit.
1455 2830 1559 2886 Sed
1593 2831 1798 2886 bonum
1855 2841 1938 2888 est
1985 2834 2077 2902 ju-

501 2926 787 2981 venculam
811 2926 1038 2979 subesse
1069 2923 1218 2977 anui.
1279 2921 1560 2992 Siquidem
1595 2938 1733 2979 anus
1782 2940 1889 2978 non
1939 2940 2071 2980 con-

503 3018 668 3074 sentit
713 3016 978 3083 voluntati
1017 3014 1343 3084 juveneulae.
1382 3012 1472 3071 Vae
1518 3015 1744 3084 virgini,
1794 3030 1917 3085 quae
1962 3032 2073 3071 non

501 3111 689 3166 subest
713 3108 946 3178 regulae:
980 3082 1063 3162 est
1090 3107 1233 3162 enim
1259 3106 1417 3177 quasi
1449 3082 1699 3161 navicula
1738 3082 1855 3163 sine
1875 3108 2073 3178 guber-
2100 3082 2142 3141 α

500 3211 710 3256 natore.
740 3197 1048 3254 tionfract's
1081 3199 1281 3268 quippe
1305 3198 1713 3269 gubernaculis,
1745 3215 1847 3254 nec
1880 3199 2072 3255 ducem

502 3293 731 3354 habens,
766 3293 909 3345 ultro
943 3292 1189 3359 citroque
1212 3290 1451 3359 jactatur
1478 3306 1508 3344 a
1550 3290 1842 3355 fluctibus,
1900 3292 2075 3348 donec

502 3385 558 3437 in
610 3396 817 3453 petram
875 3380 1195 3445 offendensc
1246 3381 1540 3451 derepente
1595 3389 1801 3452 pereat.
1856 3382 1933 3436 lla
1993 3390 2076 3439 est

500 3475 682 3529 omnis
710 3475 861 3543 virgo
900 3487 1019 3543 qum
1049 3487 1157 3526 non
1207 3471 1368 3525 habet
1408 3488 1567 3541 quem
1613 3483 1881 3528 vereatur.
1911 3473 2074 3528 Beata

500 3566 655 3636 virgo
680 3579 799 3634 quae
831 3574 914 3619 est
946 3565 1047 3618 sub
1089 3564 1273 3632 regula
1305 3582 1317 3615 :
1352 3564 1454 3617 erit
1483 3566 1717 3635 namque
1747 3565 1903 3633 quasi
1948 3565 2074 3621 vitis

502 3660 558 3712 in
588 3657 844 3728 paradiso
884 3655 1198 3721 fructifera,
1253 3654 1321 3707 ad
1349 3669 1512 3724 quam
1565 3657 1787 3712 veniens
1835 3658 2074 3726 agricola

500 3758 656 3821 putat
706 3750 954 3819 palmites
988 3748 1126 3816 ejus,
1159 3762 1278 3800 eam
1315 3747 1522 3817 irrigat,
1559 3748 1837 3820 malasque
1865 3748 2074 3802 circum

501 3842 698 3897 herbas
726 3841 928 3895 evellit.
955 3840 1050 3893 llla
1074 3853 1202 3894 vero
1237 3838 1364 3892 dum
1404 3841 1566 3893 habet
1594 3840 1684 3909 qui
1714 3855 1772 3894 se
1817 3840 2071 3908 excolat,

501 3933 741 3987 fructum
760 3947 917 3986 suum
938 3931 1235 3999 pretiosum
1269 3930 1444 3984 reddit
1470 3932 1523 3983 in
1540 3938 1785 3999 tempore
1810 3937 2073 4000 opportu-

502 4040 593 4078 no.
613 4023 737 4077 Haec
753 4012 987 4086 custodi,
1006 4030 1059 4076 et
1077 4022 1494 4091 gloriﬁrationes
1513 4021 1631 4074 illas
1651 4023 1704 4074 in
1737 4036 1920 4075 mensa
1960 4036 2075 4076 ser-

500 4122 647 4179 vato,
665 4114 874 4183 eritque
892 4112 1046 4167 cibus
1062 4124 1331 4182 potusque
1359 4121 1484 4169 tuus
1512 4112 1901 4168 sanctificatus.
1934 4110 2072 4166 Cum

490 4206 684 4277 itaque
717 4221 749 4259 a
779 4220 963 4260 mensa
999 4206 1324 4270 surrexeris,
1359 4221 1574 4260 rursum
1605 4206 1809 4275 gratias
1838 4205 2069 4276 agendo,

498 4306 585 4353 ter
600 4298 796 4353 dicito:
826 4316 844 4348 ι
869 4297 1179 4353 Misericors
1202 4305 1256 4353 et
1276 4297 1564 4353 miserator
1584 4296 1863 4363 Dominus,
1889 4311 2070 4353 escam

499 4385 647 4440 dedit
677 4386 990 4440 timentibus
1017 4400 1076 4440 se
1108 4386 1173 4438 “.
1209 4384 1392 4439 Gloria
1422 4386 1569 4440 Patri
1610 4395 1662 4441 et
1702 4385 1838 4451 Filio
1867 4393 1920 4441 et
1943 4387 2068 4457 Spi-

489 4477 631 4531 rit‘ui
666 4485 880 4532 sancto.
920 4476 984 4529 Et
1016 4491 1164 4531 nunc
1196 4484 1251 4531 et
1281 4490 1497 4548 semper
1521 4485 1575 4531 et
1605 4477 1659 4531 in
1700 4478 1918 4532 saecula.
1951 4496 1969 4528 ι
2004 4476 2070 4531 Ει

499 4576 624 4639 post
655 4568 880 4638 gloriam
905 4567 1014 4623 Deo
1044 4568 1248 4635 datam,
1273 4569 1575 4624 orationem
1611 4568 1696 4623 his
1720 4570 1932 4639 comple
1953 4581 2074 4624 ver-

498 4662 622 4717 bis:
659 4661 799 4717 Deus
845 4662 1224 4731 omnipotens,
1266 4670 1318 4715 et
1362 4659 1626 4715 Dominus
1668 4669 1867 4717 noster
1912 4662 2071 4718 Iesus

492 4749 770 4813 Christus,
801 4750 945 4819 quod
975 4756 1057 4804 est
1086 4764 1286 4804 nomen
1317 4764 1666 4819 superomnc
1693 4765 1912 4815 nomen,
1946 4766 2074 4821 gra-

484 4843 600 4898 tias
631 4843 841 4913 agimus
871 4843 966 4896 tibi
989 4852 1043 4897 et
1084 4842 1369 4897 laudamus
1394 4852 1482 4905 te,
1530 4838 1959 4913 quia‘dignatus
2006 4859 2067 4899 es

494 4948 596 4988 nos
635 4935 903 4988 bonorum
945 4941 1161 4988 tuorum
1192 4933 1484 5005 participes
1513 4934 1663 4998 fieri,
1718 4942 1772 4989 et
1811 4950 2065 4991 escarum

480 5024 814 5079 carnalium.
846 5023 1120 5094 Rogamus
1144 5031 1199 5079 ct
1230 5025 1585 5081 obsecramus
1623 5036 1691 5089 te,
1726 5023 1969 5089 Domine,
2003 5035 2061 5080 ut

552 5205 606 5235 ·⁶¹
649 5206 818 5259 Eccli.
859 5220 956 5256 xm
983 5244 998 5267 ,
1035 5206 1086 5259 l.
1163 5206 1207 5235 δ’
1234 5204 1378 5259 Psal.
1410 5219 1510 5267 cx,
1548 5206 1604 5259 4.

555 5362 671 5433 .(25)
724 5361 1085 5433 Anglicanus,
1117 5357 1377 5433 καθίσῃς.⁵
1408 5357 1547 5433 Editi
1599 5375 1747 5421 vero,
1788 5356 2056 5433 καθίσεις.

485 5426 714 5488 ibidem.
741 5426 1089 5500 Anglicanus,
1114 5426 1314 5500 φαγεῖν
1332 5427 1423 5480 τὸν
1451 5429 1612 5500 ἄρτον
1638 5446 1750 5482 σου.
1788 5426 1921 5482 Ibid.
1944 5428 2058 5482 hinc

537 5504 612 5553 ετ’
634 5497 865 5571 αὐτῆςλ.
893 5499 1082 5571 ψωμόν
1104 5516 1231 5571 σουζ
1244 5499 1443 5571 desunt
1470 5497 1524 5571 in
1550 5497 1700 5571 Felc.
1720 5499 1775 5553 2.

562 5571 672 5641 (26)
695 5566 856 5631 Editi,
884 5566 1139 5641 ῥημάτων
1167 5567 1271 5620 τῶν
1295 5568 1396 5620 ὑπὸ
1415 5568 1507 5621 σοῦ
1538 5569 1810 5641 ᾀδομένων
1836 5585 1848 5633 ;
1875 5566 2058 5638 sequi-

487 5656 614 5697 mur
642 5640 804 5693 Basil.
841 5648 893 5693 et
929 5640 1138 5707 Anglic.

560 5709 671 5781 (27)
703 5708 843 5764 Felc.
873 5709 925 5773 2,
957 5706 1094 5778 ὑπὲρ
1125 5708 1220 5778 τῆς
1247 5706 1419 5779 δόξης.

2250 2563 2336 2617 14.
2378 2563 2641 2635 Μακαρία
2663 2562 2810 2633 ψυχὴ
2837 2564 2870 2633 ἡ
2896 2561 3241 2631 φυλάσσουσα
3260 2560 3453 2615 ταῦτα.
3481 2560 3593 2614 Οὐκ
3611 2561 3764 2629 ἀγα.-

2178 2654 2270 2708 θὸν
2313 2654 2587 2726 νεωτέραν
2641 2653 3177 2725 συναναστρέφεσθαι
3235 2653 3374 2725 μετὰ
3410 2653 3522 2723 (28)
3561 2654 3766 2707 νεωτέ-

2181 2756 2281 2811 ρας
2305 2757 2318 2770 ·
2357 2742 2406 2793 εί
2438 2741 2495 2794 δὲ
2528 2742 2601 2812 μή
2634 2758 2719 2810 γε,
2747 2742 2899 2795 οὐδὲν
2938 2742 3103 2796 καλὸν
3135 2741 3437 2814 πράττουσι
3460 2758 3474 2772 ’
3517 2741 3614 2813 μία
3638 2742 3763 2813 γὰρ

2176 2831 2276 2901 τῆς
2302 2832 2431 2901 μιᾶς
2463 2832 2800 2904 παρακούει,
2840 2834 2934 2886 καὶ
2974 2834 3073 2904 μία
3097 2834 3197 2904 τῆς
3232 2834 3363 2903 μιᾶς
3391 2836 3758 2906 καταφρονεῖ.

2190 2923 2351 2978 ’Δλλά
2387 2924 2657 2999 νεωτέραν
2692 2926 2797 2979 ὑπὸ
2827 2924 3161 2997 πρεσϐύτιδα
3208 2921 3350 2979 εἶναι
3405 2924 3627 2991 ἀγαθόν.
3684 2925 3763 2978 Ἡ

2178 3016 2286 3087 γὰρ
2314 3015 2611 3089 πρεσϐύτις
2636 3017 2697 3069 οὐ
2730 3015 3151 3085 συγκαταϐαίνει
3201 3018 3313 3079 τοῖς
3350 3015 3615 3087 θελήμασι
3650 3015 3763 3086 τῆς

2176 3107 2464 3180 νεωτέρας.
2516 3108 2652 3161 Οὐαὶ
2706 3108 2959 3181 παρθένῳ
2987 3111 3052 3179 τῇ
3085 3108 3159 3180 μὴ
3199 3106 3334 3180 οὔσῃ
3375 3107 3480 3160 ὑπὸ
3510 3108 3716 3161 κανόνα
3741 3124 3758 3137 ο

2176 3199 2291 3254 ἐστι
2339 3200 2452 3272 γὰρ
2483 3203 2558 3265 ὡς
2587 3202 2767 3255 πλοῖον
2798 3201 2888 3256 τὸν
2927 3200 3279 3272 κυϐερνῶντα
3337 3200 3412 3272 μὴ
3461 3199 3607 3271 ἔχον.
3640 3201 3761 3253 Κε--

2176 3292 2493 3363 κλασμένων
2540 3293 2648 3365 γὰρ
2692 3294 2799 3347 τῶν
2828 3294 3092 3364 αὐχένων,
3128 3292 3203 3365 μὴ
3242 3293 3365 3363 ἕχον
3403 3291 3494 3346 τὸν
3529 3291 3759 3363 ὁδηγὸν,

2180 3382 2427 3454 ρίπτεται
2458 3382 2562 3435 ὑπὸ
2593 3382 2702 3436 τῶν
2740 3384 3004 3454 κυμάτων
3054 3384 3179 3455 τῇδε
3213 3384 3434 3436 κάκεῖσε
3467 3380 3599 3453 (29),
3642 3381 3760 3446 ἓως

2176 3476 2538 3547 προσκρούσει
2573 3476 2709 3547 πρὸς
2734 3477 2961 3548 πέτραν,
2991 3477 3084 3529 καὶ
3114 3476 3273 3539 εὐθὺς
3308 3474 3622 3533 ἀπόλλυται.
3651 3474 3766 3528 Οὖ-

2176 3585 2284 3632 τως
2314 3569 2429 3621 ἐστὶ
2463 3571 2610 3620 πᾶσα
2634 3567 2899 3639 παρθένος
2935 3567 3008 3639 μὴ
3033 3566 3231 3637 ἔχουσα
3251 3567 3309 3620 ὃν
3340 3566 3603 3635 φοϐεῖται.
3629 3567 3763 3619 Μα-

2175 3657 2341 3731 καρία
2370 3659 2638 3729 παρθένος
2666 3661 2699 3728 ὴ
2731 3653 2867 3711 οὖσα
2908 3659 3013 3711 ὑπὸ
3053 3659 3284 3712 κανόνα·
3335 3658 3487 3711 ἔσται
3534 3656 3643 3728 γὰρ
3672 3657 3762 3722 ὡς

2178 3745 2422 3817 ἄμπελος
2473 3749 2528 3800 ὲν
2573 3746 2883 3817 παραδείσῳ
2934 3748 3280 3820 καρποφόρος
3308 3765 3321 3777 ·
3370 3748 3465 3801 καὶ
3510 3746 3684 3800 ἐλθὼν
3726 3750 3761 3801 6

2175 3838 2419 3909 γεωργὸς
2450 3839 2639 3909 αὐτῆς,
2676 3837 3018 3910 διακαθαίρει
3044 3834 3111 3894 τὰ
3137 3822 3392 3910 κλήματα
3438 3839 3608 3908 αὐτῆς
3652 3823 3761 3892 καὶ

2175 3928 2404 3996 ποτίζει,
2441 3933 2536 3985 καὶ
2566 3932 2739 3995 κνίζει
2777 3930 2874 3994 τὰς
2920 3933 3133 4003 σαπρὰς
3169 3931 3399 4002 βοτάνας
3427 3932 3525 3994 τὰς
3561 3930 3760 4001 κύκλῳ

2176 4022 2368 4092 αὐτῆς.
2425 4022 2635 4094 Ἐκείνη
2671 4023 2747 4089 δὲ,
2784 4022 2981 4094 ἔχουσα
3007 4024 3098 4076 τὸν
3138 4021 3423 4086 πονοῦντα,
3456 4021 3762 4076 ἀποδίδωσι

2173 4115 2352 4186 τίμιον
2384 4116 2475 4169 τὸν
2504 4117 2715 4187 καρπὸν
2748 4117 2918 4188 αὐτῆς
2949 4118 3007 4170 ὲν
3036 4114 3213 4187 καιρῷ
3246 4113 3471 4185 εὐθέτῳ,
3501 4112 3761 4166 Φύλασσε

2175 4205 2253 4270 δὲ,
2282 4208 2373 4259 καὶ
2395 4206 2538 4259 ποίει
2571 4208 2665 4261 καὶ
2694 4207 2793 4272 τὰς
2815 4207 3119 4276 δοξολογίας
3156 4206 3254 4270 τὰς
3285 4207 3378 4259 ἐπὶ
3411 4206 3509 4276 τῆς
3534 4203 3756 4276 τραπέ-

2176 4297 2296 4369 ζης,
2343 4299 2436 4351 καὶ
2485 4298 2637 4354 ἔσται
2701 4316 2783 4352 σοι
2811 4299 2871 4353 τὸ
2912 4298 3105 4370 βρῶμα
3154 4299 3249 4353 καὶ
3297 4299 3363 4352 τὸ
3396 4298 3547 4367 πόμα
3588 4297 3759 4367 ima.

2104 4423 2146 4477 Β
2178 4389 2392 4459 σμένον.
2427 4390 2594 4443 Ὅταν
2620 4385 2710 4443 οὖν
2751 4391 2988 4460 ἀναστῇς
3028 4390 3136 4442 ἀπὸ
3168 4389 3266 4459 τῆς
3290 4388 3570 4460 τραπέζης
3608 4386 3756 4459 (50),

2175 4480 2336 4533 πάλιν
2365 4481 2762 4552 εὐχαριστοῦσα
2794 4481 2917 4550 λέγε
2952 4481 3045 4534 ἐπὶ
3074 4480 3193 4551 τρίς
3213 4497 3225 4510 ·
3272 4498 3291 4549 ς
3343 4479 3621 4549 Ἐλεήμων
3652 4480 3760 4533 καὶ

2170 4571 2468 4642 οἰκτίρμων
2494 4576 2522 4626 6
2545 4572 2769 4644 Κύριος,
2802 4571 3007 4643 τροφὴν
3035 4572 3207 4625 ἔδωκε
3242 4572 3356 4634 τοῖς
3386 4569 3760 4640 φοϐουμένοις

2170 4661 2351 4715 αὐτόν.
2380 4661 2517 4726 Δόξα
2542 4663 2739 4733 Πατρὶ,
2763 4663 2856 4715 καὶ
2881 4662 3015 4732 Υἰῷ,
3036 4663 3131 4715 καὶ
3151 4660 3290 4731 ἁγίῳ
3306 4658 3586 4729 Πνεύματι
3605 4673 3619 4686 ·
3651 4660 3760 4713 καὶ

2168 4753 2262 4807 νῦν
2292 4753 2385 4807 καὶ¹
2412 4754 2498 4806 ἀεὶ
2524 4754 2615 4806 καὶ
2640 4755 2719 4816 εἰς
2746 4753 2871 4817 τοὺς
2902 4752 3101 4816 αἰῶνας
3130 4752 3265 4822 (5-1).
3295 4770 3313 4802 ι
3348 4750 3458 4802 Καὶ
3484 4747 3622 4820 μετὰ
3648 4749 3759 4820 τὴν

2169 4844 2474 4914 δοξολογίαν
2523 4846 2684 4900 πάλιν
2744 4847 2843 4917 τὴν
2904 4845 3068 4915 εὐχὴν
3119 4844 3405 4917 πλήρωσον
3429 4885 3443 4909 ,
3511 4844 3762 4913 λέγουσα.

2170 4936 2369 4999 οὕτως·
2418 4937 2477 4991 Ὀ
2513 4937 2645 5001 Θεὸς
2688 4939 2716 4990 6
2746 4939 3160 5011 παντοκράτωρ,
3206 4938 3299 4991 καὶ
3337 4935 3540 5007 Κύριος
3585 4934 3762 5006 ἡμῶν

2183 5028 2387 5097 Ἰησοῦς
2408 5030 2662 5099 Χριστὸς,
2687 5031 2745 5085 τὸ
2774 5030 2945 5101 ὄνομα
2968 5031 3027 5083 τὸ
3059 5029 3199 5102 ὑπὲρ
3226 5031 3334 5083 πᾶν
3369 5028 3558 5099 ὄνομα,
3583 5028 3764 5098 εὐχα-

2233 5355 2344 5425 (928)
2373 5356 2546 5425 Μετὰ,
2569 5354 2721 5425 deest
2749 5355 2803 5408 in
2841 5354 2985 5410 Felc.
3013 5355 3070 5408 2.

2382 5424 2527 5480 Felc.
2566 5425 2618 5489 ἓ,
2660 5419 2762 5478 ὦδε
2805 5428 3050 5480 κάκεῖσε.
3110 5425 3232 5480 Mox
3282 5425 3448 5491 idem,
3500 5427 3596 5501 καὶ
3636 5428 3766 5479 ἀπσ-

2157 5496 2372 5566 ολεσθῇ.

2229 5553 2349 5637 (5οῖ
2371 5566 2740 5637 Anglicanus,
2774 5567 2838 5618 ὲκ
2865 5564 2963 5634 τῆς
3002 5566 3305 5637 τραπέζης.

2228 5628 2339 5705 (5|)
2370 5628 2514 5698 Haec,
2557 5636 2653 5688 xui.
2677 5635 2771 5688 νῦν
2801 5638 2895 5689 καὶ
2920 5628 3004 5698 ἐἰς
3033 5628 3157 5700 τοὺς
3191 5628 3412 5701 αἰῶνας,
3451 5634 3657 5692 desunt
3690 5637 3762 5695 in

2156 5705 2444 5763 Basiliensi
2478 5714 2531 5761 et
2569 5706 2890 5777 Anglicano.
