3890 6200
85 375 184 431 269

1429 367 1517 421 DE
1553 364 2029 423 VlRGiNtTATE.

3245 368 3352 425 9.70

88 490 370 564 ριστοῦμεν
391 489 483 543 καὶ
503 488 763 559 αἰνοῦμὲν
794 504 852 540 σε
881 485 1014 558 (52),
1043 487 1124 539 ὅτι
1150 485 1495 557 κατηξίωσας
1526 489 1659 558 ἡμῖν

1779 487 2015 542 :oelestes
2036 485 2188 541 cibos
2212 483 2384 539 dones
2413 483 2593 538 nobis.
2631 482 2697 538 Et
2724 482 2794 537 da
2836 485 2998 540 nobis
3035 493 3271 543 tremere
3300 500 3354 545 et

85 583 404 654 μεταλαϐεῖν
426 581 534 634 τῶν
559 580 783 650 ἀγαθῶν
803 579 911 635 τῶν
932 580 1040 634 σῶν
1058 619 1074 643 ,
1104 579 1214 633 τῶν
1238 580 1518 651 σαρκικῶν
1543 598 1660 651 τρο-

83 674 216 744 φῶν.
244 672 490 743 Δεόμεθα
518 672 613 725 καὶ
639 670 1070 742 παρακαλοῦμεν
1100 688 1183 734 σε,
1221 671 1417 743 Κύριε,
1457 673 1542 727 ἵνα
1568 674 1660 726 καὶ

80 769 177 830 τὰς
203 764 560 836 ἑπουρανίους
587 764 797 835 τροφὰς
828 766 958 835 ήμῖν
989 765 1229 837 δωρήσῃ.
1262 767 1372 820 Καὶ
1404 765 1491 830 δὸς
1530 767 1660 837 ἡμῖν

79 860 303 928 τρέμειν
331 857 426 909 καὶ
461 854 744 926 φοϐεῖσθαι
775 855 834 908 τὸ
859 857 1082 926 φρικτὸν
1123 858 1216 910 καὶ
1237 855 1455 927 ἔντιμον
1488 856 1659 926 ὄνομά

84 966 196 1011 σου,
228 947 323 1001 καὶ
371 946 447 1017 μὴ
484 946 817 1018 παρακούειν
849 947 956 1001 τῶν
999 948 1226 1001 ἐντολῶν
1268 965 1359 1001 σου
1384 964 1398 978 ·
1443 948 1532 1000 τὸν
1576 947 1662 999 νό-

85 1057 183 1110 μον
214 1056 331 1105 σου,
363 1041 461 1092 καὶ
486 1038 557 1091 τὰ
597 1036 946 1109 δικαιώματὰ
992 1056 1086 1092 σου
1118 1038 1422 1109 ἐγκατὰθου
1455 1040 1512 1092 ὲν
1540 1041 1660 1102 ταῖς

81 1131 332 1203 καρδίαις
378 1130 563 1202 ἡμῶν·
601 1132 830 1200 ἁγίασον
871 1131 928 1185 δὲ
959 1133 1117 1202 ἡμῶν
1160 1131 1222 1184 τὸ
1277 1129 1516 1201 πνεῦμα,
1565 1129 1660 1183 καὶ

1768 577 1960 631 timere
2004 574 2247 630 terribile
2277 581 2333 628 et
2370 573 2690 627 lionorabile
2719 588 2918 630 nomen
2950 581 3129 644 tuum,
3162 584 3219 631 et
3244 592 3356 631 non

1766 666 2073 738 transgredi
2104 665 2359 720 mandata
2390 672 2480 719 tua
2518 683 2531 718 :
2563 662 2734 735 legem
2779 673 2930 720 tuam
2977 674 3034 721 et
3086 667 3357 737 justiﬁca-

1766 760 1948 814 tiones
1977 767 2097 813 tuas
2130 758 2311 813 insere
2356 756 2615 811 cordibus
2668 757 2896 813 nostris.
2937 757 3231 813 Sanctiﬁca
3259 773 3358 813 au-

1768 858 1875 906 tem
1901 850 2171 920 spiritum,
2200 849 2436 902 animam
2459 854 2513 901 et
2539 862 2739 916 corpus
2782 854 3055 912 nostrum,
3088 864 3183 919 per
3221 848 3358 903 dile-

1767 954 1915 996 Ctum
1948 939 2148 993 Filium
2194 946 2348 992 tuum
2374 936 2560 993 Jesum
2606 936 2889 993 Christum
2933 937 3225 994 Dominum
3258 955 3361 993 no--

1766 1042 1961 1099 strum,
1993 1048 2120 1088 cum
2149 1047 2259 1102 quo
2288 1039 2343 1086 te
2373 1029 2528 1086 decet
2557 1031 2731 1101 gloria
2750 1072 2765 1097 ,
2811 1032 3100 1102 imperium
3119 1072 3137 1099 ,
3184 1031 3362 1088 honor

1764 1136 1821 1182 et
1847 1125 2096 1181 adoratio
2121 1126 2177 1179 in
2209 1124 2407 1179 sarcula
2437 1125 2786 1191 saeculorum,
2819 1139 2999 1181 amen.

79 1224 173 1294 τὴν
204 1215 405 1293 ψυχὴν,
443 1224 539 1277 καὶ
567 1224 628 1276 τὸ
659 1223 840 1295 σῶμα,
872 1224 960 1277 διὰ
1013 1223 1108 1277 τοῦ
1154 1223 1517 1294 ήγαπημένου
1556 1221 1756 1284 Παιδός
1798 1237 1891 1273 σου
1930 1218 2107 1290 Ἰησοῦ
2147 1217 2386 1290 Χριστοῦ
2434 1217 2529 1271 τοῦ
2565 1217 2772 1290 Κυρίου
2815 1218 2992 1290 ἡμῶν,
3036 1220 3157 1292 μεθ’
3183 1213 3245 1275 οῦ
3275 1238 3360 1276 σοι

77 1319 279 1389 πρέπει
314 1319 428 1388 (55)
456 1318 604 1385 δόξα,
629 1321 849 1389 κράτος,
880 1318 1014 1391 τιμὴ
1042 1320 1137 1374 καὶ
1162 1318 1532 1390 προσκύνησις
1560 1321 1639 1383 εἰς
1664 1319 1791 1380 τοὺς
1815 1316 2019 1378 αἰῶνας
2048 1314 2158 1368 τῶν
2189 1314 2423 1379 αἰώνων,
2460 1314 2627 1386 ἀμήν.

146 1410 233 1464 15.
278 1410 406 1463 Εἰσὶ
434 1411 542 1481 γὰρ
570 1410 815 1475 πλείονες
855 1412 961 1464 τῶν
992 1411 1298 1482 κοσμικῶν,
1348 1413 1548 1475 οἵτινές
1591 1414 1666 1465 εἰ-

78 1520 160 1554 σιν
193 1503 437 1573 ἀνόητοι,
466 1502 561 1556 καὶ
592 1502 668 1566 ὡς
694 1502 762 1556 τά
800 1503 969 1572 ἄλογα
1000 1502 1117 1566 ζῶα
1158 1505 1502 1576 τρεφόμενοι.
1552 1505 1669 1557 Ἀν-

79 1592 361 1663 ιστάμενοι
396 1591 543 1663 πρωῒ
577 1594 672 1646 καὶ¹
712 1593 1002 1664 ζητοῦντες
1024 1592 1145 1646 τίνα
1190 1592 1665 1663 πλεονεκτήσουσι,

8 1704 11 1709 ·
74 1684 195 1738 τίνα
210 1684 832 1749 καταδυναστεύσουσιν,
852 1685 937 1739 ἵνα
959 1685 1313 1756 ἐμπλήσωσιν
1328 1685 1425 1757 τὴν
1439 1684 1668 1756 αἰσχρὰν

74 1776 256 1830 αὐτῶν
278 1776 544 1847 γαστέρα.
577 1772 738 1830 Οὗτοι
771 1777 871 1829 οὐκ
915 1777 1087 1829 οἴδασι
1131 1778 1223 1831 τὸν
1258 1777 1390 1831 Θεὸν
1423 1777 1667 1843 δοξάζειν

75 1867 169 1918 ἐπὶ
213 1868 318 1937 τῆς
352 1866 655 1939 τραπέζης.
710 1869 834 1921 Ἐπὶ
874 1869 1079 1924 τούτων
1113 1866 1266 1924 εἶπεν
1310 1871 1339 1922 6
1380 1868 1665 1934 θεσπέσιος

74 1956 325 2020 Παῦλος·
366 1977 386 2008 ι
430 1950 588 2011 Οὗτοί
628 1960 770 2012 είσιν
818 1962 869 2012 οἱ
913 1960 1100 2034 ἐχθροὶ
1148 1960 1244 2014 τοῦ
1300 1959 1536 2031 σταυροῦ
1569 1960 1665 2013 τοῦ

74 2048 321 2119 Χριστοῦ
340 2066 354 2077 ’
385 2042 460 2103 ὧν
500 2049 561 2102 τὸ
592 2049 748 2114 τέλος
778 2051 1046 2120 ἀπώλεια,
1075 2047 1150 2108 ὧν
1179 2055 1208 2107 ὁ
1234 2052 1367 2117 Θεὸς
1399 2056 1432 2125 ἡ
1466 2052 1665 2116 κοιλία,

71 2143 171 2196 καὶ
196 2144 235 2213 ἡ
267 2142 400 2208 δόξα
432 2144 491 2194 ἐν
520 2146 586 2215 τῇ
619 2145 853 2219 αἰσχύνῃ
882 2147 1085 2211 αὐτῶν,
1116 2149 1168 2200 οἱ
1191 2148 1259 2202 τά
1282 2146 1497 2213 ἐπίγεια
1537 2165 1668 2218 φρο-

70 2232 323 2296 νοῦντες.
374 2232 565 2303 Ἠμῶν
595 2233 652 2287 δὲ
681 2234 742 2287 τὸ
768 2236 1068 2307 πολίτευμα
1109 2239 1167 2291 ἐν
1201 2239 1451 2310 οὐρανοῖς
1492 2239 1669 2311 ὑπάρ-

69 2342 183 2395 χει.
224 2346 247 2377 ›
282 2319 450 2380 Οὗτοι
475 2327 720 2397 χείρονες
763 2330 860 2382 καὶ
902 2330 1010 2383 τῶν
1042 2330 1247 2403 θηρίων
1278 2332 1373 2387 καὶ¹
1399 2332 1508 2386 τῶν
1537 2350 1669 2405 κτη-

71 2420 183 2470 νῶν
228 2421 376 2471 εἰσι·
412 2419 483 2473 τὰ
523 2419 634 2491 γὰρ
679 2421 852 2491 κτήνη
902 2423 998 2475 καὶ
1045 2423 1115 2475 τά
1139 2423 1303 2495 θηρία
1357 2424 1532 2479 οἴδασι
1576 2427 1669 2480 τὸν

72 2513 391 2583 ποιήσαντα
418 2514 617 2576 αὐτοὺς
646 2513 803 2578 Θεὸν,
835 2515 928 2569 καὶ
957 2516 1271 2585 εὐλογοῦσιν
1303 2520 1467 2572 αὐτόν
1494 2537 1507 2548 ⁸
1535 2521 1582 2574 οἱ
1612 2521 1668 2574 δὲ

74 2603 387 2675 ἄνθρωποι,
424 2605 473 2657 οἱ
504 2605 613 2657 ἀπὸ
638 2605 748 2659 τῶν
769 2606 967 2677 χειρῶν
997 2608 1161 2662 αὐτοῦ
1196 2608 1549 2678 πλασθέντες,
1574 2614 1670 2667 καὶ

76 2696 265 2748 εἰκόνα
308 2695 476 2747 αὐτοῦ
518 2694 833 2767 φοροῦντες,
881 2697 981 2751 οὐκ
1024 2697 1198 2751 οἴδασι
1231 2699 1321 2755 τὸν
1367 2703 1671 2772 ποιήσαντα

73 2787 280 2850 αὐτούς
301 2803 319 2818 ο
356 2786 475 2840 ἀλλ’
525 2787 880 2857 ὁμολογοῦσιν
912 2789 1077 2843 αὐτὸν
1108 2791 1206 2861 μὲν
1234 2792 1292 2844 ἐν
1334 2791 1412 2862 τῷ
1442 2792 1669 2863 στόματι

7 2905 15 2917 ν
72 2878 281 2944 αὐτῶν,
305 2881 422 2940 τοῖς
438 2877 495 2929 δὲ
515 2877 697 2948 ἔργοις
713 2878 998 2949 ἀρνοῦνται
1016 2881 1195 2933 αὐτόν’
1222 2901 1241 2934 ι
1266 2883 1340 2935 Σὺ
1370 2882 1667 2949 πιστεύεις,

73 2971 157 3023 ὅτι
191 2971 313 3023 ἔστι
361 2970 517 3034 Θεὸς,
563 2971 743 3034 καλῶς
800 2975 991 3037 ποιεῖς,
1039 2973 1134 3026 καλ¹
1167 2973 1235 3027 τὰ
1273 2973 1525 3046 δαιμόνια
1580 2993 1672 3029 πι-

76 3063 365 3127 στεύουσι,
401 3064 494 3117 καὶ
525 3064 838 3134 φρίττουσιν
869 3081 884 3095 ’
915 3065 1028 3119 ἀλλ’
1057 3065 1171 3137 (54)
1201 3068 1236 3137 ἡ
1278 3066 1462 3131 πίστις
1501 3067 1672 3139 χωρὶς

1840 1409 1930 1463 15.
1956 1409 2096 1463 Sunt
2111 1410 2256 1463 enim
2282 1424 2348 1463 ex
2378 1407 2673 1465 mundanis
2698 1407 3032 1478 complures,
3058 1407 3151 1477 qui
3175 1421 3362 1461 amen-

1770 1510 1875 1569 tes,
1896 1502 2045 1556 veiut
2084 1502 2248 1556 bruta
2292 1501 2595 1555 animantia
2648 1501 2908 1571 pabulum
2963 1506 3208 1555 sumunt.
3257 1497 3362 1566 Qui

1769 1609 1931 1649 mane
1959 1602 2269 1665 surgentes,
2312 1600 2566 1665 quaerunt
2617 1609 2778 1664 quem
2825 1591 3168 1659 defraudent,
3199 1606 3362 1661 quem

1769 1687 2105 1756 opprimant,
2140 1694 2200 1740 ut
2236 1685 2443 1741 foedum
2472 1693 2721 1741 ventrem
2756 1701 2919 1741 suum
2956 1684 3240 1754 impleant.
3266 1683 3364 1738 isti

1773 1777 1944 1834 Deum
1994 1779 2050 1832 in
2099 1792 2289 1833 mensa
2327 1777 2634 1849 gloriﬁcare
2675 1793 2786 1833 non
2836 1785 3059 1831 norunt.
3117 1774 3193 1831 De
3239 1774 3364 1830 istis

1768 1871 1846 1924 ait
1866 1868 2087 1924 divinus
2116 1868 2321 1925 Paulus
2351 1889 2366 1924 :
2404 1889 2424 1922 ι
2462 1869 2529 1923 Hi
2572 1877 2702 1925 sunt
2734 1869 2947 1930 inimici
2988 1868 3171 1945 crucis
3198 1868 3363 1923 Chri-

1768 1961 1861 2027 sti,
1881 1976 2115 2032 quorum
2141 1962 2268 2018 linis
2303 1961 2579 2029 interitus,
2609 1977 2847 2032 quorum
2870 1960 3014 2017 Deus
3038 1969 3232 2016 venter
3256 1970 3359 2025 est,

1768 2064 1821 2110 et
1846 2055 2019 2126 gloria
2063 2054 2119 2108 in
2178 2052 2501 2109 confusione
2555 2053 2826 2123 ipsorum,
2858 2050 2954 2122 qui
3009 2059 3225 2107 terrena
3274 2065 3365 2105 sa-

1767 2150 1944 2217 piunt.
1980 2146 2179 2203 Nostra
2210 2154 2392 2202 autem
2422 2145 2771 2201 conversatio
2809 2146 2867 2200 in
2917 2143 3074 2200 cmlis
3107 2149 3193 2199 est
3234 2141 3301 2196 “.
3337 2161 3357 2193 ι

1769 2238 1839 2294 Hi
1873 2238 2006 2295 feris
2051 2246 2105 2295 et
2134 2239 2399 2309 jumentis
2444 2237 2746 2295 deteriores
2773 2244 2902 2295 sunt
2927 2256 2941 2293 :
2964 2252 3091 2292 nam
3114 2236 3363 2307 jumenta

1768 2342 1823 2389 et
1848 2332 1978 2388 ferae
2008 2340 2209 2388 norunt
2242 2331 2583 2387 conditorem
2614 2346 2776 2387 suum
2829 2330 3095 2395 Deum,et
3132 2327 3361 2383 benedi-

1769 2433 1902 2481 cunt
1929 2425 2034 2495 91
2061 2425 2171 2491 illi;
2197 2424 2448 2479 homines
2478 2431 2669 2480 contra
2695 2464 2710 2487 ,
2755 2424 2876 2493 ejus
2902 2438 3071 2477 manu
3099 2421 3360 2487 formati,

1769 2526 1824 2573 et
1855 2517 2148 2587 imaginem
2173 2517 2346 2587 ipsius
2368 2516 2625 2580 ferentes,
2657 2531 2768 2570 non
2798 2521 3070 2570 noverunt
3109 2513 3364 2568 condito-

1768 2624 1885 2664 rem
1913 2624 2073 2664 suum
2106 2628 2119 2664 :
2165 2607 2262 2665 sed
2288 2624 2382 2663 ore
2402 2608 2621 2679 quidem
2650 2608 2804 2663 illum
2848 2607 3202 2670 confitentur,
3229 2619 3365 2674 ope-

1769 2702 1927 2757 ribus
1947 2710 2129 2757 autem
2162 2708 2402 2771 negant:
2427 2721 2446 2753 ‹
2481 2700 2562 2755 Tu
2586 2699 2767 2755 credis
2799 2699 3059 2770 quoniam
3090 2697 3233 2753 Deus
3255 2704 3362 2761 est,

1770 2793 1910 2848 bene
1938 2792 2097 2857 facis,
2134 2800 2188 2847 et
2212 2793 2489 2848 daemones
2529 2792 2763 2847 credunt
2803 2798 2857 2846 et
2893 2790 3362 2845 contremiscunt:

1768 2866 1867 2945 sed
1893 2887 2027 2943 ﬁdes
2057 2888 2176 2942 sine
2201 2887 2460 2957 operibus
2507 2892 2723 2941 mortua
2761 2890 2844 2940 est
2873 2884 2944 2939 ³⁸.
2987 2901 3006 2934 ι
3044 2880 3188 2950 Quid
3217 2881 3369 2937 enim

1740 2979 1995 3050 prodest
2027 2979 2236 3033 homini
2264 2977 2510 3034 conﬁteri
2557 2976 2728 3031 Deum
2751 2990 2875 3031 esse
2896 3012 2912 3038 ,
2961 2973 3009 3028 si
3035 2972 3198 3027 malis
3240 2986 3369 3027 eum

1766 3073 2033 3143 operibus
2071 3070 2342 3141 abnegat?
2391 3068 2677 3155 Quomodo
2732 3082 2791 3122 se
2848 3064 3140 3121 conﬁtetur
3177 3062 3366 3118 Domi-

76 3153 187 3207 τῶν
216 3154 404 3224 ἔργων
447 3154 617 3225 νεκρά
654 3155 792 3209 ἐστι.
828 3175 847 3205 ι
895 3154 958 3208 Τί
996 3155 1105 3228 γὰρ
1139 3156 1430 3225 ὠφελεῖται
1460 3156 1670 3229 ἀνθρω-

1779 3180 1907 3219 num
1937 3163 2159 3227 habere,
2183 3162 2231 3217 si
2260 3162 2310 3216 ei
2338 3176 2447 3216 non
2472 3152 2719 3216 serviat?
2746 3157 2870 3214 ideo
2891 3157 3040 3213 enim
3074 3156 3231 3210 audit
3256 3152 3366 3208 Do-

77 3261 183 3309 πος
206 3244 520 3316 ὁμολογῶν,
576 3247 660 3299 ὅτι
713 3244 794 3298 ἔνι
845 3245 998 3311 Θεὸς,
1052 3249 1165 3311 τοῖς
1198 3247 1255 3301 δὲ
1286 3248 1471 3320 ἔργοις
1508 3248 1674 3303 αὐτοῦ

80 3340 195 3399 τοῖς
219 3340 486 3409 πονηροῖς
513 3339 760 3409 ἀρνεῖται
784 3340 983 3404 αὐτόνς
1035 3340 1161 3405 Πῶς
1192 3339 1447 3411 ὁμολογεῖ
1483 3341 1679 3395 δεσπό-

78 3444 180 3497 την
204 3427 378 3499 ἕχειν,
418 3428 493 3500 μὴ
516 3430 791 3484 δουλεύων
824 3428 1007 3502 αὐτῷ;
1034 3432 1124 3487 διὰ
1154 3433 1313 3486 τοῦτο
1344 3433 1454 3505 γὰρ
1489 3434 1677 3489 ἀκούει

72 3520 174 3572 τοῦ
218 3520 434 3591 Κυρίου
476 3522 666 3576 αὐτοῦ.
692 3523 804 3576 Καὶ
828 3526 878 3577 οἱ
904 3524 1080 3577 δοῦλοι
1110 3524 1285 3578 οἴδασι
1321 3527 1447 3590 τοὺς
1474 3527 1679 3598 ἀγορά-

7 3648 21 3665 ,
76 3629 290 3677 σαντας
315 3614 538 3680 αὐτοὺς,
568 3614 665 3668 καὶ
693 3614 927 3686 τιμῶσιν
951 3618 1169 3683 αὐτοὺς,
1204 3619 1299 3672 καὶ
1339 3620 1503 3690 ἡμεῖς
1532 3620 1680 3690 ὀφεί-

74 3706 261 3776 λομεν
311 3708 482 3777 τιμᾷν
524 3707 711 3771 αὐτὸν,
755 3708 818 3760 οὐ
859 3708 1003 3778 λόγῳ
1054 3711 1212 3780 μόνον
1241 3710 1379 3781 (55),
1419 3710 1555 3765 ἀλλὰ
1583 3713 1678 3765 καὶ

75 3800 259 3870 ἔργῳ.
290 3799 468 3863 Αὐτὸς
504 3801 615 3871 γὰρ
643 3805 671 3854 6
697 3802 904 3872 Κύριος
924 3802 1081 3873 ἡμῶν
1130 3802 1337 3875 Ἰησοῦς
1359 3803 1592 3876 Χριστὸς
1619 3805 1678 3859 ὲν

67 3888 169 3958 τῷ
212 3889 543 3960 Εὐαγγελίῳ
564 3889 915 3962 ἐμαρτύρησε
936 3890 1129 3961 λέγων’
1160 3909 1179 3943 ι
1219 3892 1293 3945 Οὐ
1317 3892 1424 3955 πᾶς
1453 3894 1482 3945 6
1505 3892 1679 3963 λέγων

74 3999 207 4050 μοι,
235 3980 437 4051 Κύριε,
464 3981 829 4036 εἰσελεύσεται
851 3985 930 4046 είς
956 3982 1055 4054 τὴν
1077 3981 1354 4053 βασιλείαν
1382 3983 1491 4038 τῶν
1523 3985 1681 4056 οὐρα-

72 4073 222 4133 νῶν,
239 4072 361 4125 ἀλλ’
379 4073 409 4125 6
425 4073 595 4126 ποιῶν
612 4074 674 4127 τὸ
696 4073 908 4146 θέλημα
922 4074 1014 4128 τοῦ
1030 4075 1244 4146 Πατρός
1269 4093 1392 4146 μου,
1406 4075 1500 4129 τοῦ
1518 4077 1575 4129 ὲν
1591 4078 1681 4130 οὐ-

72 4167 277 4235 ρανοῖς
300 4166 436 4233 (56)·
453 4185 471 4216 ι
498 4167 593 4219 καὶ
608 4167 794 4221 πάλιψ
809 4186 828 4218 ι
851 4168 926 4221 Οὐ
946 4167 1021 4239 μὴ
1038 4168 1186 4242 λήψῃ
1206 4168 1269 4222 τό
1282 4169 1451 4240 ὄνομα
1471 4171 1678 4241 Κυρίου

8 4238 38 4331 ξ
61 4255 232 4309 Θεοῦ
251 4274 349 4310 σου
368 4258 464 4310 ἐπὶ
498 4259 730 4330 ματαίῳ.
773 4280 792 4310 ›
823 4261 933 4313 Καὶ
965 4238 1129 4316 πᾶλιν
1157 4238 1506 4333 ’προσέταξεν
1546 4238 1679 4334 ήμίν

63 4346 290 4413 λέγων·
326 4365 347 4397 ι
387 4347 705 4419 Ἀποστήτω
725 4349 836 4403 ἀπὸ
865 4348 1075 4413 ἀδικίας
1097 4351 1205 4413 πᾶς
1234 4351 1262 4402 ὀ
1295 4349 1580 4422 ὀνομάζων
1616 4350 1679 4403 τὸ

61 4435 267 4505 ὄνομα
292 4435 526 4507 Κυρίου.
554 4456 573 4489 ι
604 4436 789 4512 Θέλεις
805 4437 862 4491 δὲ
884 4438 1107 4507 γνῶναι,
1127 4440 1207 4493 ὅτι
1222 4439 1291 4492 τὰ
1308 4439 1471 4511 θηρία
1493 4440 1588 4493 καὶ
1611 4438 1680 4493 τὰ

1777 3255 1989 3310 minum
2039 3268 2221 3309 suum.
2268 3252 2336 3306 Et
2389 3251 2533 3309 servi
2562 3250 2784 3322 quidem
2839 3257 3043 3303 norunt
3091 3255 3368 3318 emptores

1779 3362 1935 3415 suos,
1962 3355 2017 3401 et
2056 3345 2331 3400 honorant
2378 3344 2539 3399 illos:
2599 3358 2811 3412 nosque
2865 3341 3058 3396 itidem
3105 3339 3368 3395 debemus

1779 3439 1935 3492 illum
1965 3438 2257 3503 honorare,
2285 3453 2398 3493 non
2428 3444 2642 3491 tantum
2686 3436 2874 3501 verbo,
2908 3434 3003 3489 sed
3033 3434 3199 3490 etiam
3238 3448 3368 3503 ope-

1778 3544 1858 3584 re.
1886 3528 2009 3598 Ipse
2059 3545 2299 3599 namque
2350 3528 2616 3583 Dominus
2667 3534 2856 3583 noster
2902 3524 3064 3582 Jesus
3113 3524 3369 3580 Christus

1778 3619 2102 3674 testificatus
2124 3626 2212 3675 est
2244 3619 2302 3673 in
2332 3617 2626 3689 Evangelio
2655 3636 2668 3672 :
2709 3635 2728 3669 ι
2764 3615 2885 3670 Non
2914 3614 3095 3671 omnis
3114 3613 3208 3684 qui
3236 3611 3371 3668 dicit

1778 3712 1932 3776 mihi,
1971 3711 2235 3777 Domine,
2290 3711 2516 3765 intrabit
2556 3711 2612 3765 in
2661 3724 2885 3780 regnum
2918 3707 3216 3773 caelorum;
3270 3704 3368 3761 sed

1778 3804 1870 3873 qui
1903 3803 2031 3859 facit
2049 3804 2383 3861 voluntatem
2401 3803 2581 3858 Patris
2607 3803 2734 3869 mei,
2754 3802 2846 3873 qui
2863 3809 2950 3856 est
2971 3801 3028 3855 in
3054 3799 3211 3855 coriis
3231 3798 3312 3866 ⁶⁵;
3342 3817 3363 3849 ι

1777 3904 1832 3950 et
1859 3910 2120 3950 rursum:
2161 3912 2180 3946 ι
2218 3892 2337 3948 Non
2379 3908 2627 3949 assumes
2657 3906 2859 3947 nomen
2890 3888 3105 3945 Domini
3148 3888 3244 3943 Dei
3288 3885 3368 3941 tui

1779 3987 1837 4041 in
1867 4001 2067 4042 vanum
2116 3986 2180 4038 ".
2216 4004 2235 4036 ›
2273 3983 2586 4055 lterumque
2626 3983 2886 4055 praecepit
2933 3982 3092 4038 nobis
3138 3980 3366 4035 dicens:

1785 4098 1805 4131 ι
1845 4078 2100 4134 Discedat
2127 4078 2197 4133 ab
2224 4078 2511 4148 iniquitate
2537 4078 2717 4133 omnis
2746 4077 2843 4147 qui
2876 4076 3123 4131 nominat
3165 4088 3367 4129 nomen

1780 4171 2000 4227 Domini
2025 4172 2091 4227 ⁸⁷.
2132 4191 2151 4223 ι
2188 4171 2285 4228 Vis
2319 4168 2487 4228 nosse
2529 4173 2735 4227 bestias
2780 4180 2834 4226 et
2882 4170 3131 4241 iumenta
3172 4182 3371 4237 cogno-

1779 4279 1934 4319 scere
1960 4263 2152 4330 Deum,
2177 4264 2337 4335 eique
2380 4264 2744 4320 benedicere?
2788 4262 2917 4317 audi
2947 4261 3211 4333 Spiritum
3240 4275 3370 4316 san-

1780 4366 1927 4413 ctum
1962 4359 2363 4428 praecipientem
2410 4358 2520 4414 illis
2562 4359 2617 4412 in
2662 4357 2925 4429 hymnis:
2965 4375 2984 4408 ι
3025 4354 3365 4419 Benedicite,

1782 4450 1971 4506 bestiae
1995 4460 2051 4505 et
2075 4449 2255 4505 omnia
2290 4464 2508 4519 pecora,
2541 4448 2774 4503 Domino
2823 4448 2889 4503 ⁸⁸.
2927 4467 2946 4500 ι
3000 4446 3119 4503 Nisi
3145 4445 3372 4502 benedi-

60 4527 268 4597 κτήνη
290 4526 469 4580 οῶασι
506 4527 597 4582 τὸν
640 4528 794 4594 Θεὸν,
830 4530 923 4584 καὶ
944 4530 1258 4600 εὐλογοῦσιν
1284 4532 1477 4599 αὐτόν;
1508 4532 1670 4587 ἄκουε

1779 4549 1987 4607 cerent,
2039 4556 2386 4611 nequaquam
2435 4542 2488 4596 id
2541 4542 2894 4612 praecepisset
2935 4540 3038 4595 eis.
3090 4536 3204 4594 Nec
3250 4537 3375 4607 ipsa

52 4618 182 4671 τοῦ
200 4616 365 4686 ἁγίου
388 4618 529 4671 Πνεύ
536 4637 705 4690 ματος
726 4622 1155 4694 προστάττοντος
1177 4625 1360 4688 αὐτοῖς
1377 4626 1435 4677 ὲν
1458 4623 1671 4695 ὕμνοιςο

10 4778 11 4781 η
57 4731 88 4761 ‹
142 4710 469 4779 Εὐλογεῖτε,
498 4709 572 4763 τά
596 4710 764 4784 θηρία
801 4713 894 4766 καὶ
919 4715 1099 4768 πάντα
1122 4715 1192 4769 τὰ
1217 4717 1411 4787 κτήνη,
1445 4717 1536 4772 τὸν
1562 4717 1676 4771 Κύ-

8 4802 223 4878 ξρεον.
261 4822 282 4852 ι
308 4802 473 4872 Είμὴ
501 4802 788 4873 ηὐλόγουν,
829 4807 929 4859 οὐκ
952 4805 1019 4860 ἀν
1056 4807 1242 4871 αὐτοῖς
1279 4808 1670 4879 προσέταττεν.

1783 4639 1995 4687 tantum
2020 4632 2352 4688 benedicunt
2397 4634 2605 4700 Deum;
2654 4634 2751 4689 sed
2796 4643 2851 4688 et
2896 4631 3079 4688 omnis
3111 4636 3369 4686 creatura

1782 4739 1905 4795 quae
1942 4730 2167 4794 apparet
2194 4731 2249 4779 et
2279 4725 2456 4780 oculis
2484 4726 2787 4796 percipitur
2805 4766 2820 4793 ,
2856 4735 3087 4794 utraque
3108 4737 3220 4777 non
3247 4735 3369 4776 ces-

1783 4822 1909 4869 sant
1929 4815 2198 4871 conﬁteri.
3010 4823 3024 4836 '

8 4890 204 4973 ξούκ
243 4894 390 4949 αὐτά
428 4896 488 4950 δὲ
540 4898 701 4967 μόνον
745 4899 1027 4969 εὐλογοῦσι
1064 4902 1156 4957 τὸν
1202 4903 1358 4966 Θεὸν,
1400 4904 1537 4958 ἀλλά
1580 4906 1675 4959 καὶ
1714 4910 1864 4963 πᾶσα
1889 4913 1923 4982 ἡ
1956 4912 2136 4977 κτίσις
2170 4915 2204 4983 ἡ
2265 4912 2567 4983 φαινομένη
2632 4910 2727 4964 κάι
2767 4911 3020 4984 ὁρωμένη
3050 4910 3122 4963 τὰ
3187 4906 3370 4978 ἀμφό-

40 5005 227 5058 τερα
248 4986 435 5041 αὐτῶν
474 4989 912 5056 ἀκαταπαύστως
939 4993 1214 5064 ὁμολογεῖ.

162 5083 380 5139 16.Καὶ
401 5080 595 5151 σύρῦν,
612 5085 772 5158 δούλη
793 5087 887 5141 τοῦ
900 5088 1057 5155 Θεοῦ,
1075 5090 1185 5144 εἴτε
1198 5092 1408 5164 ἐγείρῃ,
1427 5093 1536 5147 εἴτε
1552 5093 1685 5147 καθ-

42 5181 214 5250 ἑζῃ,
253 5178 369 5232 εἴτε
401 5177 560 5249 ἔργον
581 5197 634 5233 τι
654 5183 834 5250 ποιῇς,
858 5181 968 5235 εἴτε
989 5182 1194 5255 ἐσθίῃς,
1212 5183 1322 5238 εἴτε
1338 5186 1433 5239 ἐπὶ
1450 5186 1548 5257 τῆς
1568 5186 1683 5240 κοί-

165 5336 215 5367 σι
251 5333 493 5404 Philipp.
527 5332 817 5400 nnis-20.

922 5338 967 5369 “
1005 5336 1123 5395 Jac.
1159 5355 1235 5406 ιι,
1271 5340 1359 5407 19,
1391 5340 1484 5396 20.

26 5410 121 5469 3”
178 5404 321 5461 Dan.
355 5421 454 5469 ιιι,
485 5406 576 5462 8|.

160 5560 282 5631 (32)
316 5560 464 5625 ﬂare,
505 5561 601 5615 καὶ
631 5560 908 5632 αἶνοῦμεν,
946 5561 1147 5616 desunt
1191 5560 1247 5632 in
1297 5558 1681 5632 Anglicanoet

43 5628 345 5693 Felc."2.
383 5632 505 5688 Mox
536 5634 593 5687 in
639 5628 941 5702 postremo,
996 5632 1133 5695 haec,
1167 5629 1276 5685 τῶν
1313 5628 1534 5699 ἀγαθῶν
1569 5628 1679 5684 τῶν

48 5702 231 5763 σῶν,
252 5703 474 5757 desunt.

176 5770 284 5841 (53)
308 5774 542 5845 Πρέπει,
573 5782 630 5832 et
648 5788 798 5842 mox,
829 5772 1217 5845 προσκύνησις,
1257 5773 1457 5831 desunt
1493 5771 1549 5827 in
1575 5770 1680 5827 Ba-

71 5841 203 5901 sil.
223 5849 274 5899 et
297 5841 511 5916 Anglic.
720 5850 721 5855 “

1593 5340 1639 5374 ⁸⁸
1678 5340 1866 5397 Matth.
1902 5358 2015 5409 vu,
2046 5342 2140 5397 21.

1862 5092 1950 5148 16.
1982 5091 2065 5148 Τιι
2130 5092 2316 5163 itaque
2342 5133 2357 5157 ,
2424 5091 2623 5145 ancilla
2656 5089 2789 5157 Dei,
2831 5091 2948 5147 sive
2987 5086 3170 5160 surgis
3193 5131 3209 5158 ,
3251 5091 3373 5148 sive

1790 5186 1970 5252 sedes,
1995 5186 2111 5241 sive
2140 5184 2272 5256 quid
2301 5185 2485 5256 operis
2517 5184 2675 5250 facis,
2704 5184 2820 5240 sive
2839 5182 3104 5248 comedis,
3142 5184 3259 5241 sive
3291 5185 3369 5240 le—

2241 5342 2287 5374 ⁶⁶
2327 5341 2501 5399 Exod.
2533 5356 2637 5407 xx,
2677 5339 2728 5394 7.
2825 5340 2869 5372 ⁸⁷
2908 5339 2952 5394 ΙΙ
2985 5328 3130 5395 Tim.
3166 5354 3238 5408 ιι,
3276 5340 3363 5395 19.

1878 5560 1969 5634 54)
2000 5562 2150 5634 Ἀλλ’
2182 5562 2338 5634 deest
2367 5564 2419 5617 in
2451 5562 2770 5634 Anglicano.

1877 5633 1969 5703 55)
1998 5631 2127 5704 Felc
2170 5633 2237 5704 2,
2263 5635 2427 5704 μόνῳ.

1879 5703 1968 5786 ῒιϐ)
2002 5703 2317 5786 Ηὲιο-...ὰλλξ
2341 5703 2669 5786 ὁζπριῶνε...
2700 5704 2793 5757 τοῦ
2842 5708 2898 5759 ὲν
2945 5706 3231 5779 οὐρανοῖς,
3265 5705 3363 5761 de-

1787 5781 1916 5831 sunt
1947 5774 2003 5831 in
2032 5774 2320 5834 Basiliensi
2349 5782 2402 5834 et
2435 5776 2759 5850 Anglicano.
