3890 6200
578 431 677 488 9.7!

1746 424 1803 479 s.
1846 422 2310 479 ATHANASIUS.
2350 454 2422 463 —
2456 404 2703 477 θύω(

3725 431 3863 485 272

579 561 727 603 ctum
770 549 909 620 petis
936 555 994 602 ut
1028 563 1279 604 sozunum
1312 548 1519 619 capias,
1562 545 1675 601 sive
1698 560 1728 599 e
1758 545 1903 599 lecto
1947 545 2149 615 surgis,

2258 561 2352 615 της
2371 560 2464 596 σου
2483 542 2617 615 ἔρχῃ
2640 543 2777 615 πρὸς
2796 542 2983 607 ὕπνον,
3002 545 3109 598 εἴτε
3134 545 3487 617 ἀνισταμένη,
3509 545 3581 618 μὴ
3598 547 3865 621 ἀποστή-

578 658 648 698 ne
677 642 905 697 absistat
934 642 1171 712 hymnus
1202 640 1295 695 Dei
1336 655 1366 694 a
1403 639 1566 694 labiis
1606 637 1737 692 tuis.
1763 636 1942 692 Beatae
1993 652 2155 691 aures

578 749 701 805 quae
728 733 1011 804 excipiunt
1055 734 1158 787 hos
1209 747 1516 788 sermones.
1560 730 1616 784 Si
1663 729 1987 801 ingrediaris
2023 730 2157 784 hora

578 826 923 888 duodecima,
961 826 1222 895 majorem
1269 825 1681 894 longioremque
1726 821 1892 877 facies
1926 822 2156 894 synaxin

578 930 705 969 cum
734 916 901 971 sociis
940 916 1052 972 tuis
1079 915 1405 987 virginibus.
1449 915 1545 969 Sin
1581 914 1728 969 nulla
1780 915 1935 969 adest
1982 914 2153 977 socia,

582 1005 698 1061 sola
728 1005 784 1061 id
813 1021 1133 1076 exsequere,
1180 1004 1291 1060 Deo
1326 1015 1593 1076 praesente
1641 1012 1697 1060 et
1737 1005 2011 1059 audiente.
2053 1003 2157 1057 Bo-

579 1112 712 1151 num
750 1104 837 1152 est
868 1098 1138 1169 lacrymas
1165 1095 1442 1153 eﬂ‘uudere
1474 1097 1527 1151 in
1568 1106 1866 1166 conspectu
1902 1094 2018 1150 Dei.
2051 1093 2157 1150 Re-

580 1191 809 1247 cordarc
840 1191 989 1245 horze
1017 1190 1374 1253 duodecimae,
1403 1206 1511 1258 qua
1562 1187 1829 1243 Dominus
1853 1195 2040 1243 noster
2070 1186 2157 1242 de-

579 1283 791 1339 scendit
824 1282 879 1337 in
911 1282 1206 1346 infernum,
1238 1297 1398 1352 quem
1436 1290 1494 1335 ut
1522 1281 1655 1335 vidit
1687 1280 1935 1335 infernus
1957 1281 2155 1335 exhor-

579 1374 713 1439 ruit,
736 1383 790 1429 et
812 1374 1099 1443 perculsus
1124 1373 1200 1426 ait
1237 1390 1250 1426 :
1278 1370 1414 1438 Quis
1445 1381 1528 1427 est
1548 1372 1657 1436 hic,
1687 1374 1778 1441 qui
1803 1374 1856 1427 iu
1884 1378 2156 1441 potestate

576 1471 633 1520 et
661 1478 858 1535 magna
888 1463 1087 1519 virtute
1112 1462 1441 1518 descendit?
1473 1462 1609 1529 Quis
1637 1471 1723 1517 est
1754 1464 1864 1525 hic,
1907 1462 1998 1532 qui
2037 1476 2157 1530 por-

578 1566 661 1613 tas
699 1556 896 1613 inferni
927 1571 1098 1612 tereas
1137 1556 1416 1619 contrivit,
1447 1563 1501 1608 et
1542 1563 1727 1611 vectes
1775 1555 2155 1609 adamantinos

576 1648 847 1719 confregit
872 1648 917 1680 ”
942 1648 967 1702 Ἰ
1008 1646 1145 1715 Quis
1165 1656 1252 1703 est
1286 1648 1397 1711 hic,
1427 1647 1520 1717 qui
1551 1647 1834 1702 descendit
1877 1646 1944 1701 de
1974 1646 2150 1710 cmlis,

575 1749 630 1797 et
659 1741 953 1796 cruciﬁxus
984 1747 1092 1806 est,
1120 1755 1221 1795 nec
1263 1754 1292 1793 a
1329 1754 1435 1802 me,
1472 1753 1593 1808 qua:
1624 1754 1771 1794 mors
1802 1754 1945 1801 sum,
1978 1738 2154 1791 domi-

579 1841 667 1891 tus
695 1834 822 1891 est?
852 1832 987 1899 Quis
1016 1841 1100 1890 est
1131 1834 1241 1899 hic,
1281 1832 1375 1903 qui
1402 1833 1616 1887 vincula
1647 1832 1810 1887 solvit
1839 1846 2026 1886 eorum
2058 1829 2151 1900 qui

2259 651 2337 688 τω
2357 638 2385 688 6
2409 634 2576 705 ὕμνος
2596 634 2691 688 τοῦ
2709 634 2844 689 Θεοῦ
2861 636 2968 690 ἀπὸ
2986 636 3093 691 τῶν
3110 637 3332 708 χειλέων
3356 654 3468 691 σου.
3492 640 3761 713 Μακάρια
3780 641 3869 695 τὰ

2258 719 2373 779 ὦτα
2398 725 2467 780 τά
2494 726 2759 797 δεχόμενα
2780 729 2907 792 τοὺς
2930 728 3121 797 λόγους
3142 728 3380 793 τούτους.
3422 730 3545 785 Ἐἀν
3575 732 3633 785 δέ
3664 734 3869 788 εἰσέλ-

2260 818 2358 891 θῃς
2374 822 2438 891 τῇ
2457 819 2733 892 δωδεκάτῃ
2750 819 2890 893 ὥρᾳ,
2914 821 3231 894 μειζοτέραν
3255 822 3347 876 καὶ
3371 820 3707 897 πυκνοτέραν
3728 827 3869 897 (37)

2258 910 2594 974 ἐπιτελέσεις
2615 913 2714 981 τὴν
2736 912 2957 977 σύναξιν
2983 912 3121 984 μετά
3142 914 3249 967 τῶν
3268 914 3557 985 ὁμοψύχων
3580 933 3675 970 σου
3700 935 3870 989 παρ-

2260 1002 2446 1057 θένων.
2491 1005 2615 1058 Ἐὰν
2645 1004 2701 1058 δὲ
2728 1005 2802 1077 μὴ
2823 1005 2953 1079 ἔχῃς
2979 1006 3272 1077 ὁμόψυχον,
3305 1007 3440 1079 μόνη
3465 1009 3724 1079 ἐπιτέλει,
3750 1008 3869 1063 τοῦ

2257 1094 2392 1147 Θεοῦ
2428 1095 2676 1159 συνόντος
2705 1097 2799 1150 καὶ
2833 1098 3141 1162 ἀκούοντος.
3203 1098 3384 1153 Καλὸν
3411 1100 3473 1153 τὸ
3502 1102 3715 1172 ἐκχέειν
3759 1100 3877 1155 δά·-

2259 1200 2425 1254 κρυον
2458 1183 2690 1238 ἐνώπιον
2716 1184 2807 1239 τοῦ
2838 1185 2996 1240 Θεοῦ.
3060 1187 3384 1258 Μνημὸνευε
3408 1189 3507 1260 τὴν
3531 1189 3870 1260 δωδεκάτην

2258 1274 2405 1346 ὥραν
2433 1316 2447 1339 ,
2486 1275 2566 1329 ὅτι
2600 1277 2657 1328 ἐν
2698 1276 2835 1347 αὐτῇ
2870 1276 3244 1348 καταϐέϐηκεν
3279 1278 3307 1329 6
3332 1276 3537 1349 Κύριος
3573 1279 3732 1351 ήμῶν
3773 1284 3870 1344 είς

2255 1366 2348 1421 τὸν
2376 1367 2512 1438 «ᾅδην
2533 1384 2545 1397 ·
2594 1367 2688 1419 καὶ
2732 1366 2853 1419 ἰδὼν
2886 1368 3048 1421 αὐτὸν
3088 1370 3117 1421 6
3150 1368 3283 1439 ᾅδης
3316 1368 3427 1439 ('58)
3472 1368 3660 1442 ἔφριξε
3681 1411 3696 1436 ,
3754 1373 3868 1425 καὶ

2256 1457 2448 1528 ἐξέστη
2476 1458 2678 1527 λέγων·
2707 1459 2803 1522 Τίς
2832 1460 2980 1512 ἐστιν
3010 1455 3194 1523 οὗτος,
3230 1462 3259 1513 ὁ
3285 1461 3343 1514 ὲν
3372 1461 3589 1533 ἐξουσίᾳ
3616 1463 3714 1516 καὶ
3753 1482 3869 1534 με-

2254 1551 2394 1623 γάλη
2420 1551 2645 1623 δυνάμει
2676 1551 2983 1615 κατελθών;
3018 1551 3114 1615 Τίς
3148 1548 3322 1617 οὗτος,
3354 1555 3384 1607 6
3412 1554 3511 1618 τὰς
3541 1555 3720 1620 πύλας
3754 1557 3867 1609 τοῦ

2256 1644 2381 1716 ᾆδον
2416 1644 2514 1707 τάς
2545 1643 2750 1714 χαλκᾶς
2781 1644 3077 1717 συντρίϐων
3104 1686 3118 1709 ,
3165 1646 3256 1699 καὶ
3293 1648 3420 1710 τοὺς
3454 1649 3687 1719 μοχλοὺς
3715 1651 3869 1713 τοὺς

2255 1736 2646 1807 ἀδαμαντίνους
2672 1734 3001 1801 συνθλάσας;
3024 1736 3119 1801 Τίς
3134 1731 3306 1802 οὗτος,
3324 1740 3353 1792 6
3375 1738 3434 1803 ἐξ
3447 1739 3693 1811 οὐρανῶν
3714 1758 3873 1794 κατ-

2256 1825 2426 1881 ελθὼν
2455 1828 2550 1880 καὶ
2575 1826 2929 1897 σταυρωθεὶς,
2958 1828 3053 1881 καὶ
3086 1828 3177 1881 ὑπ’
3197 1828 3335 1900 ἐμοῦ
3381 1830 3475 1883 τοῦ
3499 1831 3738 1885 θανάτου
3778 1833 3868 1904 μὴ

579 1942 610 1981 a
635 1941 722 1982 me
746 1926 949 1997 captivi
979 1925 1403 1981 detinebantur?
1444 1924 1580 1991 Quis
1628 1932 1714 1978 est
1758 1924 1869 1987 hic,
1912 1922 2007 1994 qui
2053 1938 2153 1979 sua

2258 1918 2663 1991 κρατούμενος;
2698 1919 2794 1983 Τίς
2818 1914 3005 1984 οὗτος,
3047 1921 3076 1974 ὁ
3106 1920 3248 1975 λύων
3277 1920 3347 1975 τά
3383 1922 3559 1993 δεσμὰ
3596 1924 3709 1979 τῶν
3757 1925 3867 1978 ὑπ’

577 2028 753 2074 morte
782 2033 870 2073 me
897 2026 1128 2073 mortem
1172 2018 1449 2075 destruit?

649 2200 737 2255 l7.
778 2200 907 2255 Ideo
936 2214 998 2255 ea
1026 2202 1141 2271 ipsa
1179 2200 1315 2255 hora
1360 2200 1680 2254 attentiores
1718 2214 1843 2255 esse
1871 2198 2154 2261 debemus,

577 2295 633 2344 et
669 2303 793 2343 cum
828 2289 1088 2360 lacrymis
1119 2297 1281 2344 nocte
1314 2288 1570 2344 invocare
1615 2287 1926 2344 Dominum.
1964 2288 2158 2361 Magna

576 2384 777 2454 quippe
801 2383 979 2439 virtus
1003 2395 1088 2439 est
1114 2383 1503 2455 lacrymarum,
1529 2390 1582 2438 et
1607 2384 1872 2453 praeclara
1913 2398 2002 2439 res
2029 2392 2114 2438 est
2140 2401 2153 2436 :

575 2488 771 2544 magna
810 2473 953 2528 enim
980 2481 1224 2542 peccata,
1262 2487 1474 2544 magnae
1530 2474 1850 2545 iniquitates
1896 2475 2156 2545 lacryuiis

575 2563 847 2620 delentur.
880 2563 986 2620 Pro
1016 2571 1158 2620 teste
1209 2565 1340 2619 mihi
1387 2573 1472 2621 est
1505 2574 1755 2620 sanctum
1778 2564 2153 2636 Evangelium.

574 2656 713 2711 Cum
741 2659 889 2712 enim
920 2655 1174 2712 Salvator
1211 2657 1448 2713 traditus
1503 2666 1650 2713 esset
1686 2656 1912 2722 Iudaeis,
1961 2657 2157 2713 Petrus

575 2755 662 2802 ter
686 2747 839 2801 illum
872 2760 998 2801 cum
1037 2748 1356 2817 juramento
1400 2749 1642 2819 negavit,
1671 2749 1995 2819 priusquam
2038 2751 2155 2821 gal-

577 2837 666 2893 lus
712 2844 995 2904 cantaret;
1060 2837 1326 2894 Dominus
1361 2847 1542 2894 autem
1574 2854 1879 2895 conversus
1915 2841 2158 2911 respexit

576 2928 822 2996 Petrum,
855 2938 910 2985 et
963 2931 1284 2987 recordatus
1339 2940 1422 2987 est
1460 2929 1657 2987 Petrus
1709 2931 1863 2986 verbi
1916 2929 2153 2995 Domini,

542 3040 547 3045 '
574 3022 724 3094 quod
746 3022 961 3078 dixerat
992 3022 1099 3077 sibi
1131 3041 1144 3077 :
1192 3041 1212 3073 ι
1248 3021 1575 3093 Priusquam
1608 3023 1786 3093 gallus
1816 3030 2023 3089 cantet,
2072 3030 2157 3077 ter

575 3131 663 3170 me
696 3113 943 3185 negabis,
976 3143 1047 3155 —
1077 3122 1133 3170 et
1156 3130 1414 3186 egressus
1445 3114 1613 3178 foras,
1641 3113 1790 3169 ﬂevit
1816 3128 2001 3169 amare
2031 3112 2098 3168 '°.
2130 3132 2149 3165 ι

575 3205 742 3263 Vides
770 3206 916 3278 quod
945 3208 1002 3261 in
1049 3207 1307 3278 lacrymis
1334 3205 1407 3261 sit
1432 3206 1733 3261 remedium
1762 3224 1776 3261 :
1807 3214 2155 3276 perspectum

2258 2009 2391 2079 ἐμοῦ
2425 2008 2836 2080 κρατουμένων;
2865 2010 2961 2074 Τίς
2983 2002 3167 2077 οὗτος,
3193 2013 3222 2065 6
3245 2010 3324 2081 τῷ
3355 2011 3470 2084 ἰδίῳ
3493 2013 3714 2086 θανάτῳ
3749 2016 3870 2087 ἐμὲ

2256 2101 2346 2154 τὸν
2376 2101 2601 2156 θάνατον
2627 2102 2908 2156 καταλύων
2930 2119 2944 2169 ;
3082 2110 3094 2121 “

2329 2194 2413 2248 17.
2444 2195 2541 2248 Διά
2576 2194 2737 2249 τοῦτο
2776 2195 3061 2267 ὀφείλομεν
3108 2199 3322 2263 ἑαυτοῖς
3367 2197 3656 2271 προσέχειν
3688 2200 3758 2251 ἐν
3787 2202 3868 2271 τῇ

2257 2284 2376 2358 ὥρᾳ
2399 2286 2582 2360 ἐκείνῃ
2598 2328 2611 2351 ,
2638 2288 2732 2341 καὶ
2752 2289 2809 2340 ἐν
2832 2287 3094 2361 δάκρυσιν
3123 2292 3181 2343 ἐν
3204 2290 3360 2344 νυκτὶ
3384 2290 3730 2362 παρακαλεῖν
3758 2290 3868 2346 τὸν

2256 2379 2478 2450 Κύριον.
2509 2379 2735 2452 Μεγάλη
2762 2380 2874 2445 (59)
2898 2380 3008 2452 γὰρ
3036 2382 3204 2454 ἀρετή
3237 2383 3354 2436 ἐστι
3374 2382 3433 2437 τὸ
3455 2382 3722 2455 δάκρυον,
3756 2386 3867 2438 καὶ

2260 2468 2403 2538 μέγα
2429 2470 2756 2541 κατόρθωμα
2786 2511 2800 2535 ,
2833 2471 2926 2524 καὶ
2956 2472 3187 2541 μεγάλαι
3207 2474 3474 2546 ἁμαρτίαι
3495 2475 3589 2527 καὶ
3616 2475 3866 2547 ἀνομίαι

2254 2561 2341 2614 διὰ
2369 2559 2617 2632 δακρύων
2643 2563 3051 2632 ἁπαλείφονται.
3078 2565 3364 2637 Μαρτυρεῖ
3387 2565 3446 2620 δέ
3476 2582 3567 2637 μοι
3598 2566 3664 2619 τὸ
3689 2567 3864 2637 ἅγιον

2255 2653 2607 2722 Εὐαγγέλιον.
2660 2655 2789 2708 ’Ὀτε
2818 2654 2925 2728 γάρ
2951 2659 2980 2710 ὁ
3007 2656 3196 2728 Σωτὴρ
3230 2657 3500 2729 παρεδόθη
3544 2659 3661 2721 τοῖς
3714 2660 3862 2714 Ἰου-

2253 2743 2442 2807 δαίοις,
2460 2743 2705 2815 ὁΠέτρος
2721 2745 2840 2816 μεθ’
2853 2747 3018 2817 ὅρκου
3036 2748 3217 2819 τρίτον
3233 2748 3392 2802 αὐτὸν
3411 2749 3690 2821 ἠρνήσατο
3708 2750 3861 2820 (ιον,

2256 2836 2385 2907 πρὶν
2420 2835 2687 2907 ἀλέκτορα
2717 2838 2983 2908 φωνῆσαι.
3029 2838 3088 2892 '0
3116 2838 3175 2892 δὲ
3209 2838 3411 2910 Κύριος
3460 2840 3735 2912 στραφεὶς
3768 2844 3862 2895 ἐν-

2254 2926 2447 2997 έϐλεψε
2475 2926 2554 2998 τῷ
2579 2928 2803 3000 Πέτρῳ,
2835 2930 2928 2983 καὶ
2959 2928 3282 3001 ὑπεμνήσθη
3313 2931 3342 2983 6
3369 2927 3573 3002 Πέτρος
3607 2929 3713 2983 τοῦ
3759 2934 3865 3003 ρήο

2257 3037 2426 3091 ματος
2456 3018 2553 3074 τοῦ
2583 3021 2813 3092 Κυρίου,
2842 3021 2919 3086 ὼς
2943 3016 3096 3075 εἶπεν
3124 3022 3271 3093 αὐτῷ
3294 3039 3308 3053 ο
3358 3042 3376 3075 ι
3403 3024 3539 3095 Πρὶν
3565 3022 3861 3098 ἀλέκτορα

2255 3115 2520 3187 φωνῆσαι,
2555 3115 2840 3188 ἀπαρνήσῃ
2868 3133 2935 3186 με
2962 3116 3103 3187 τρίς·
3131 3116 3225 3170 καί⁵
3253 3113 3482 3182 ἐξελθὼν
3501 3113 3626 3183 ἔξω,
3652 3115 3860 3172 ἔκλαυ-

2256 3225 2317 3262 σε
2344 3207 2576 3280 πικρῶς.
2599 3226 2618 3259 ι
2658 3208 2823 3279 Ὁρᾷς
2847 3208 2908 3261 τὸ
2938 3207 3227 3279 φάρμακον
3254 3205 3361 3263 τῶν
3375 3206 3627 3279 δακρύων
3645 3223 3664 3239 ⁶
3692 3209 3858 3265 ἐθεά-

576 3298 748 3355 habes
778 3269 993 3369 qualem
1022 3269 1281 3353 delev'erit
1310 3298 1675 3368 iniquitatem.
1706 3269 1846 3364 Quid
1869 3269 2015 3352 enim
2049 3297 2153 3354 hoc

2258 3317 2335 3353 σω
2360 3269 2478 3353 οἵαν
2509 3269 2739 3370 άνομίαν
2766 3269 3067 3371 tanta;
3097 3299 3162 3352 Τί
3185 3298 3292 3370 γὰρ
3323 3269 3505 3371 χεῖρον
3529 3298 3628 3352 τοῦ
3666 3302 3855 3355 κακοῦ

587 3393 734 3447 malo
765 3392 1030 3456 deterius,
1063 3406 1173 3461 quo
1197 3398 1283 3446 ter
1316 3390 1628 3460 iuramento
1667 3389 1936 3455 adhibito,
1975 3389 2155 3445 domi-

581 3499 713 3538 num
746 3500 907 3540 suum
938 3485 1199 3555 negavit?
1243 3489 1297 3538 et
1336 3488 1517 3538 tamen
1537 3489 1751 3536 tantum
1779 3480 2047 3553 ﬂagitium
2074 3482 2156 3536 la-

576 3575 781 3646 crymis
814 3575 1062 3630 extersit.
1095 3572 1260 3630 Vides
1293 3581 1499 3644 quanta
1532 3574 1604 3629 sit
1627 3575 1711 3629 vis
1745 3573 2152 3645 lacrymarum:

577 3667 692 3721 haec
713 3666 861 3721 enim
889 3665 959 3721 ad
988 3666 1472 3721 communitionem
1497 3671 1744 3720 nostram
1778 3665 1980 3735 scripta
2005 3673 2153 3730 sunt,

577 3768 637 3811 ut
676 3773 779 3812 nos
824 3756 940 3812 haec
976 3757 1194 3822 imitati,
1249 3757 1413 3811 vitam
1450 3756 1829 3825 possideamus
1872 3763 2151 3811 aeternam.

578 3848 695 3905 Non
730 3850 885 3905 multi
920 3858 1069 3914 sunt,
1095 3849 1187 3920 qui
1226 3849 1597 3920 lacrymarum
1626 3847 1857 3918 gratiam
1892 3848 2152 3915 habeant,

578 3945 676 4000 sed
728 3948 1002 4015 quotquot
1044 3951 1279 3996 mentem
1338 3956 1560 3996 sursum
1611 3949 1849 3995 erectam
1909 3940 2185 4005 habent,-

576 4044 844 4108 quotquut
875 4043 1091 4089 terrena
1113 4032 1539 4095 obliviscuntur,
1565 4038 1834 4101 quotquot
1855 4031 2040 4087 carnis
2061 4046 2157 4085 cu-

578 4136 694 4183 ram
732 4143 843 4182 non
882 4126 1106 4189 habent,
1130 4124 1225 4194 qui
1254 4124 1508 4195 ignorant
1532 4138 1762 4193 prorsus
1791 4138 1861 4178 an
1893 4126 1967 4180 sit
1995 4138 2156 4178 mun-

576 4218 701 4281 dus,
723 4218 818 4288 qui
844 4215 1088 4271 membra
1111 4228 1210 4269 sua
1239 4212 1725 4277 mortiﬁcaverunt,
1756 4229 1877 4284 quae
1897 4222 2027 4268 sunt
2057 4229 2153 4269 su-

576 4327 673 4383 per
698 4318 923 4372 terram,
946 4307 1034 4361 his
1063 4305 1196 4360 solis
1216 4304 1376 4359 datur
1402 4304 1583 4359 luctus
1604 4304 1991 4375 lacrymarum.
2016 4303 2153 4359 Nam

589 4417 715 4457 cum
745 4407 930 4455 mente
976 4398 1088 4453 sint
1122 4411 1257 4467 pura
1286 4404 1342 4451 et
1371 4396 1688 4466 perspicace
1739 4396 1938 4452 mentis
1968 4398 2150 4462 oculo,

577 4492 707 4546 dum
728 4491 946 4544 interra
965 4487 1189 4557 degunt,
1208 4485 1395 4539 vident
1411 4484 1608 4540 inferni
1624 4484 1915 4555 supplicia,
1935 4495 1988 4541 et
2004 4494 2156 4542 aeter-

2254 3390 2478 3454 τούτου,
2508 3392 2589 3445 ὅτι
2626 3391 2810 3464 τρίτον
2859 3390 2977 3461 μεθ’
3005 3391 3169 3463 ὅρκου
3208 3390 3300 3445 τδν
3343 3389 3536 3445 ἑαυτοῦ
3566 3389 3853 3463 δεσπότην

2257 3484 2564 3555 ὴρνήσατο;
2594 3483 2688 3536 καὶ
2712 3482 2811 3554 τὴν
2846 3481 3177 3554 τηλικαύτην
3205 3481 3435 3553 ἀνομίαν
3463 3480 3553 3537 διὰ
3581 3482 3855 3555 δακρύων

2256 3575 2556 3648 ἐξήλειψεν.
2601 3574 2763 3646 Ὁρᾷς
2795 3574 2988 3646 ἡλίκην
3021 3574 3249 3646 δύναμιν
3277 3574 3460 3645 έχουσι
3485 3574 3552 3628 τά
3580 3574 3816 3647 δάκρυα
3840 3596 3851 3607 ·

2256 3668 2438 3721 ἐκεῖνα
2462 3667 2571 3738 γὰρ
2609 3667 2823 3738 ἐγράφη
2868 3668 2948 3729 είς
2974 3665 3073 3735 τήν
3106 3666 3379 3737 ήμετέραν
3408 3664 3734 3733 νουθεσίαν,
3766 3669 3873 3723 ἵνα.

2255 3760 2419 3829 ἡμεῖς
2444 3757 2673 3820 ἐκείνοις
2698 3755 3228 3827 ἐπακολουθήσαντες
3250 3796 3266 3822 ,
3297 3755 3440 3828 ζωὴν
3465 3755 3691 3810 αἰώνιον
3716 3759 3858 3831 κλη-

2261 3849 2666 3920 ρονομήσωμεν.
2723 3848 2835 3917 Οὐχ
2866 3847 2914 3899 oi
2949 3846 3133 3900 πολλοὶ
3154 3845 3336 3918 έχουσι
3361 3847 3425 3900 τὸ
3453 3847 3709 3917 χάρισμα
3742 3852 3856 3905 τῶν

2255 3936 2505 4010 δακρύων
2528 3977 2543 4001 ,
2578 3938 2692 3992 ἀλλ’
2717 3939 2832 3992 ὅσοι
2867 3937 2959 3991 τὸν
3002 3936 3126 3991 νοῦν
3157 3937 3371 4007 ἔχουσιν
3403 3938 3548 4001 άνω,
3578 3939 3707 3993 ὅσοι
3740 3944 3857 3996 τῶν

2255 4034 2459 4104 γηΐνων
2486 4032 2966 4097 ἐπιλανθάνονται,
3002 4033 3114 4086 ὅσοι
3141 4033 3239 4104 τῆς
3266 4032 3464 4104 σαρκὸς
3488 4031 3769 4103 πρόνοιαν
3796 4037 3855 4090 οὐ

2256 4124 2520 4189 ποιοῦσιν,
2554 4126 2747 4188 οἵτινες
2773 4125 2873 4178 οὐκ
2897 4124 3213 4177 ἐπίστανται
3239 4124 3396 4186 ὅλως,
3422 4124 3471 4176 εί
3491 4123 3576 4193 εἴη
3600 4124 3852 4197 κόσμος,

2254 4217 2450 4279 οἵτινες
2478 4215 2790 4287 ἐνέκρωσαν
2817 4214 2887 4269 τά
2922 4214 3080 4286 μέλη,
3113 4214 3180 4269 τά
3207 4216 3299 4268 ἐπὶ
3322 4215 3422 4285 τῆς
3449 4214 3550 4283 γῆς
3573 4230 3588 4244 ο
3624 4217 3859 4284 τούτοις

2259 4307 2438 4379 μόνοις
2468 4306 2667 4361 δίδοται
2698 4306 2891 4370 πένθος
2916 4306 3187 4378 δακρύων.
3210 4304 3465 4378 Καθαρὸν
3486 4304 3598 4377 γὰρ
3618 4306 3859 4378 ἔχοντες

2255 4398 2345 4451 τον
2372 4397 2517 4464 νοῦν,
2548 4398 2643 4452 καὶ
2674 4398 2958 4471 ὀξύδορκον
2990 4399 3051 4451 τὸ
3078 4396 3296 4469 βλέμμα
3315 4398 3418 4469 τῆς
3444 4398 3694 4465 διανοίας
3721 4445 3739 4467 ,
3774 4405 3856 4460 ἔτι

2254 4489 2405 4554 ὅντες
2430 4491 2522 4544 ἐπὶ
2553 4492 2653 4561 τῆς
2685 4491 2806 4562 γῆς,
2844 4490 3100 4561 βλέπουσι
3144 4491 3244 4555 τὰς
3271 4491 3519 4555 κολάσεις
3545 4492 3655 4557 τὰς
3686 4496 3754 4549 ἐν
3777 4497 3855 4568 τῷ

577 4595 679 4635 nos
708 4579 1006 4642 cruciatus,
1037 4577 1239 4648 quibus
1274 4576 1384 4647 92
1419 4582 1745 4645 torquentur
1780 4584 2096 4647 peccatores
2133 4596 2146 4632 :

2258 4581 2377 4656 ᾅδῃ,
2397 4583 2491 4636 καὶ
2519 4583 2618 4647 τὰς
2643 4582 2911 4652 βασάνους
2940 4583 3040 4646 τὰς
3068 4583 3337 4647 αἰωνίους,
3367 4585 3423 4636 ἐν
3448 4577 3536 4647 αἶς
3562 4586 3616 4636 οί
3653 4586 3853 4659 ἁμαρἼ

577 4686 793 4726 necnon
811 4678 1076 4724 aeternum
1112 4668 1314 4737 ignem,
1339 4666 1593 4721 tenebras
1610 4666 1931 4729 exteriores,
1963 4664 2147 4721 ﬂetum

576 4768 630 4816 ct
670 4758 961 4816 stridorem
1006 4758 1276 4813 dentium.
1312 4754 1512 4812 Vident
1552 4771 1771 4825 quoque
1808 4756 1951 4811 dona
1984 4757 2151 4813 caele-

577 4852 703 4916 stia,
743 4865 865 4920 quae
915 4849 1142 4920 largitus
1171 4847 1315 4903 Deus
1346 4857 1430 4902 est
1475 4848 1682 4903 sanctis
1729 4846 1882 4914 viris,
1919 4849 2148 4920 glorias,

575 4955 828 5002 coronas,
860 4938 1030 4994 stolas
1072 4945 1313 5002 sanctas,
1364 4936 1514 5007 regia
1547 4936 1886 5004 indumenta,
1934 4938 2148 4995 lucidas

575 5033 764 5100 cellas,
795 5029 1193 5086 inenarrabiles
1230 5027 1480 5093 delicias,
1522 5029 1687 5083 vitam
1715 5038 1996 5086 aiternam.
2046 5029 2149 5084 Ec-

574 5125 705 5196 quid
744 5124 887 5178 ultra
915 5136 1026 5176 non
1052 5118 1324 5174 dixerim?
1348 5119 1505 5185 Quod
1535 5120 1777 5175 omnium
1802 5121 2148 5180 mirabilissi-

575 5233 724 5272 mum
752 5223 859 5279 est,
887 5214 982 5285 qui
1004 5228 1140 5284 pura
1169 5219 1254 5267 est
1277 5218 1478 5276 mente,
1515 5212 1695 5281 ipsum
1724 5211 1895 5268 Deum
1920 5215 2148 5269 interio-

574 5309 729 5363 ribus
758 5305 933 5362 oculis
965 5303 1245 5376 perspicit.
1272 5301 1556 5369 Quomodo
1582 5303 1749 5374 igitur
1776 5301 1927 5367 ﬂere,
1961 5304 2147 5374 lugere

642 5462 686 5496 ⁸³
722 5459 870 5517 Psal.
908 5458 1026 5524 cvi,
1065 5458 1153 5513 16.
1230 5458 1277 5489 ⁷ο
1319 5455 1508 5512 Matth.
1543 5472 1705 5523 xxvi,
1739 5456 1809 5512 54
1832 5497 1848 5523 ,
1882 5457 1968 5512 74.

643 5592 759 5734 (37;
786 5594 1140 5664 Anglicanus,
1173 5596 1266 5648 καὶ
1297 5596 1658 5667 μακροτέραν.

645 5666 735 5734 (58
791 5666 866 5734 λυ
898 5665 1031 5734 ᾅδης
1063 5666 1216 5720 deest
1245 5667 1298 5719 in
1326 5665 1613 5721 Basiliensi
1634 5682 1658 5721 e

600 5726 607 5733 _
645 5664 759 5736 (58)
790 5666 866 5736 _'U
898 5665 1031 5736 ᾅδης
1063 5666 1216 5720 deest
1245 5664 1613 5736 in'Basiliensi
1634 5674 1687 5721 et
1704 5664 2027 5736 Anglicano.

669 5670 759 5734 58)
808 5670 866 5717 ὐ
898 5670 963 5735 ᾷδ
1003 5682 1031 5727 ς
1063 5670 1216 5720 deest
1245 5670 1298 5719 in
1327 5670 1613 5721 Basiliensi
1634 5674 1687 5721 et
1704 5670 1883 5736 Anglit

608 5754 611 5755 ν
645 5670 755 5806 ίῧθ)
790 5732 935 5806 Felc,
965 5683 1021 5796 ἒ,
1057 5735 1390 5806 παρακαλεῖν
1415 5736 1505 5806 τὸν
1530 5737 1662 5790 Θεὸν
1691 5736 1883 5806 μεγάλ.

646 5803 757 5931 ἓίυξ
792 5803 961 5857 Αὐτόν
986 5803 1218 5859 ἀρθεῐὶιι
1252 5803 1396 5860 Felc.
1436 5805 1489 5860 2.
1629 5812 1638 5822 ’

667 5874 729 5929 41
814 5874 904 5929 Sic
936 5888 1126 5931 omnes
1174 5874 1285 5931 fere
1333 5876 1638 5931 mauuscriu

667 5874 757 5934 41)
814 5874 904 5929 Sic
936 5888 1126 5932 omnes
1174 5874 1285 5931 fere
1333 5876 1689 5948 mauuscripti
1730 5891 1854 5932 cum
1904 5877 2145 5935 editione

2253 4674 2412 4728 τωλοὶ
2443 4674 2792 4740 κολάζονται,
2827 4677 2920 4730 καὶ
2963 4676 3023 4730 τὸ
3074 4675 3187 4747 πῦρ
3212 4674 3273 4728 τὸ
3323 4674 3566 4747 αἰώνιον,
3628 4678 3738 4731 καὶ
3793 4680 3852 4735 τὸ

2256 4767 2445 4827 σκότος
2475 4766 2536 4819 τὸ
2560 4765 2843 4837 ἐξώτερον,
2879 4769 2973 4822 καὶ
3000 4768 3091 4820 τὸν
3114 4766 3388 4838 κλαυθμὸν
3410 4808 3424 4831 ,
3457 4768 3677 4823 καὶτὸν
3713 4770 3850 4843 βρυ-

2253 4857 2393 4928 γμδν
2418 4856 2529 4928 (41)
2554 4857 2661 4910 τῶν
2689 4858 2933 4913 ὀδόντων.
2989 4858 3254 4912 Βλέπουσι
3283 4858 3340 4912 δὲ
3366 4860 3459 4913 καὶ⁵
3488 4858 3558 4913 τά
3589 4861 3848 4936 ἐπουράλ

2253 4964 2342 5000 νια
2379 4947 2693 5018 χαρίσματα
2711 4986 2725 5012 ,
2759 4946 2796 5001 ἀ
2821 4948 3108 5021 ἐχαρίσατο
3129 4951 3159 5002 6
3182 4948 3317 5012 Θεὸς
3340 4951 3454 5013 τοῖς
3486 4950 3677 5018 ἁγίοις
3698 4994 3716 5019 ,
3756 4957 3845 5011 καί

2253 5035 2350 5100 τὰς
2382 5036 2538 5104 δόξας
2559 5077 2574 5102 ,
2604 5038 2848 5100 καὶτοὺς
2877 5038 3173 5107 στεφάνους
3193 5078 3207 5103 ,
3244 5040 3339 5093 καὶ
3373 5042 3471 5103 τάς
3502 5039 3712 5107 στολὰς
3747 5048 3844 5111 τὰς

2255 5125 2417 5193 ἁγίας
2439 5165 2453 5189 ,
2485 5127 2580 5179 καὶ
2612 5126 2679 5180 τά
2728 5125 2982 5196 βασιλικά
3011 5128 3318 5200 ἐνδύματα,
3349 5130 3443 5183 καὶ
3479 5128 3550 5182 τά
3595 5136 3842 5201 φωτεινὰ

2253 5219 2495 5287 ταμιεῖα,
2529 5218 2623 5272 καὶ
2654 5219 2754 5282 τὰς
2777 5219 2989 5291 τρυφὰς
3016 5220 3114 5285 τὰς
3140 5220 3581 5293 ἀνεκδιηγήτους,
3616 5227 3724 5280 καὶ
3752 5230 3818 5299 τὴ

2252 5304 2397 5377 ζωὴν
2423 5306 2519 5379 τὴν
2550 5306 2785 5363 αἰώνιον.
2848 5311 2958 5364 Kal.
2986 5311 3037 5363 τί
3066 5311 3146 5365 ἐτι
3178 5313 3239 5365 οὐ
3265 5313 3407 5382 λέγω
3436 5313 3546 5385 (42)
3573 5331 3590 5379 ;
3637 5318 3762 5373 Καὶ

2249 5598 2518 5672 commel.
2542 5600 2675 5672 edit.
2695 5598 2872 5672 Pa_ris.
2886 5598 3365 5672 _cunt_Anglicano,
3380 5602 3409 5653 6
3433 5597 3728 5672 κλαυθμὸς
3753 5594 3831 5661 καὶ

2249 5672 2278 5723 ὁ
2311 5669 2574 5743 $99755;-
2612 5668 3100 5743 Μοιβειείιὶθῐιείει
3133 5668 3377 5743 {mpm-

2311 5688 2574 5795 Ρῖυγὲος.
2612 5688 2731 5725 mox
2756 5688 3095 5733 msuwusrs,
3133 5688 3377 5756 ουρανξαῖ
3411 5742 3423 5754 ο

2306 5746 2335 5816 ί
2371 5741 2431 5816 2)
2466 5741 2688 5816 _elc._2,
2714 5740 2845 5816 _Ka.‘t
2869 5740 2922 5794 τί
2960 5739 3040 5793 ἔτι
3085 5738 3249 5811 λέγω.
3282 5741 3427 5798 hdllt
3469 5749 3683 5801 veroet
3724 5745 3826 5816 ιιιῆ

2250 5814 2343 5866 καὶ
2378 5812 2431 5865 τί
2462 5811 2541 5866 ἔτι
2574 5813 2635 5867 οὐ
2666 5811 2831 5881 λέγω.
