3890 6200
458 262 569 329 2Ἴὸ

1632 270 1686 325 S.
1732 270 2194 327 ATIIANASIUS.
2237 302 2307 314 -—
2346 271 2572 329 DUBIA.

3630 272 3743 327 276

459 388 555 452 do,
601 392 657 441 et
686 383 828 441 alius
863 383 1191 455 peccatoris.
1232 381 1370 439 Nam
1414 384 1599 455 justus
1641 386 1873 453 laborat,
1924 405 2032 442 non

2161 391 2331 461 ςούτῳ,
2356 392 2448 445 xui
2472 390 2627 453 ἄλλος
2651 391 2678 443 ὁ
2697 388 2789 443 τοῦ
2815 387 3161 461 ἁμαρτωλοῦ.
3197 388 3261 441 '0
3283 386 3380 459 μὲν
3401 386 3510 460 γὰρ
3531 387 3746 452 δίκαιος

458 495 570 551 quo
592 485 837 533 ventrem
870 478 1092 548 impleat
1119 496 1134 532 :
1163 477 1370 531 nullam
1400 479 1602 548 quippe
1620 481 1805 535 carnis
1837 482 2041 536 sollici-

459 571 707 626 tudinem
743 570 928 635 habet,
961 585 1141 640 neque
1173 570 1376 640 cogitat
1419 586 1478 626 se
1527 586 1747 626 carnem
1789 582 2041 644 gestare;

459 660 555 717 sed
591 669 750 716 nocte
775 661 973 730 dieque
1002 660 1218 715 laborat
1247 659 1414 715 Deum
1446 663 1764 731 quaerendo,
1791 679 2042 720 somnum

459 754 782 824 plerumque
811 751 1087 807 modicum
1121 752 1292 821 capit,
1321 766 1462 823 pane
1487 760 1541 808 et
1573 770 1714 825 aqua
1750 770 1857 810 non
1886 764 2043 811 satu-

458 856 613 900 ratur
647 865 660 900 :
693 846 748 899 in
776 845 1009 901 desertis
1032 854 1180 900 errat
1211 845 1369 909 locis,
1417 861 1619 918 corpus
1669 864 1830 904 suum
1858 850 2047 905 multis

460 938 624 993 allicit
678 937 961 1002 aerumnis,
995 937 1171 992 donec
1223 940 1736 995 inmarcescibilem
1786 956 2047 996 coronam

461 1029 715 1100 accipiat,
745 1044 866 1099 qua:
897 1029 1004 1099 ipsi
1033 1031 1273 1099 reposita
1305 1038 1409 1086 est.
1442 1030 1646 1086 Contra
1676 1040 1931 1101 peccator
1970 1035 2050 1087 la-

460 1119 686 1174 boribus
706 1126 760 1173 et
774 1119 1034 1173 aerumnis
1054 1120 1343 1188 premitur,
1376 1136 1482 1175 non
1507 1128 1728 1191 propter
1744 1122 2045 1192 justitiam,

461 1211 555 1265 sed
586 1217 807 1280 propter
840 1210 982 1264 hanc
1026 1212 1284 1265 miseram
1313 1227 1555 1276 carnem,
1586 1213 1659 1268 ob
1688 1223 1900 1283 turpem
1931 1230 2048 1268 mu-

462 1301 674 1365 lierem,
699 1301 823 1356 aliis
852 1308 1014 1371 atque
1041 1300 1163 1356 aliis
1201 1302 1601 1359 calamitatibus
1636 1304 1913 1374 aﬂligitur,
1939 1304 2049 1375 93

461 1406 565 1445 nec
601 1391 965 1462 praesentibus
994 1397 1306 1454 contentus,
1344 1391 1399 1446 in
1449 1393 1669 1447 miseria
1716 1401 1883 1462 atque
1911 1387 2051 1447 invi—

462 1481 553 1537 dia
604 1482 770 1553 degit.
839 1480 947 1536 Sed
1010 1480 1147 1535 nihil
1200 1496 1389 1537 eorum
1448 1491 1797 1554 perspectum
1850 1484 2054 1538 habent

464 1581 753 1630 amentes:
792 1574 1090 1628 excaecavit
1134 1574 1277 1628 enim
1311 1574 1435 1631 illos
1486 1576 1737 1641 materia,
1770 1584 1822 1630 et
1868 1577 2053 1630 multae

465 1667 655 1721 mundi
690 1667 856 1736 hujus
887 1682 1035 1721 cura;
1069 1686 1081 1719 :
1119 1675 1418 1736 errantque
1441 1666 1616 1721 donec
1649 1668 1703 1721 in
1732 1683 1827 1722 eos
1854 1667 2054 1720 immit-

2152 485 2351 554 κοπιᾷ,
2387 484 2486 553 οὑχ
2533 483 2620 535 ἵνα
2652 482 2829 554 πλήσῃ
2861 483 3139 553 γαστέρα·
3175 481 3295 534 οὐδὲ
3329 479 3437 551 γὰρ
3474 480 3611 543 ὅλως
3636 481 3743 550 τῆς

2153 576 2354 648 σαρκὸς
2387 576 2643 648 πρόνοιαν
2674 579 2936 640 ποιεῖται,
2960 574 3082 628 οὐδὲ
3112 573 3386 643 λογίζεται
3406 613 3421 636 ,
3455 572 3537 625 ὅτι
3564 572 3747 644 σάρκα

2152 673 2335 739 φορεῖ·
2354 668 2491 723 ἀλλὰ
2511 670 2675 740 κοπιᾷ
2702 669 2895 733 νυκτὸς
2918 670 3013 722 xui
3038 671 3070 739 ἡ
3082 668 3253 739 μέρας
3272 664 3451 737 ζητῶν
3472 665 3561 718 τὸν
3582 665 3741 728 Θεὸν,

2152 761 2323 814 πολλὰ
2356 761 2449 815 τοῦ
2485 761 2653 815 ὑπνου
2684 760 2758 833 μὴ
2788 760 3208 834 χορταζόμενδς,
3240 759 3403 829 ἄρτου
3430 756 3522 810 xui
3553 755 3748 817 ὓδατος

2155 855 2231 925 μὴ
2268 853 2557 924 ἐμπιπλῶν
2580 853 2681 924 τὴν
2726 853 2905 925 ψυχὴν
2930 892 2945 917 ,
2983 851 3073 904 ἐπὶ
3102 852 3333 922 ἐρήμοις
3361 846 3745 917 πλανώμενος,

2154 944 2471 1008 ὑποπιάζων
2488 944 2546 997 τὸ
2565 943 2722 1015 σῶμα
2746 945 2804 997 ὲν
2827 940 3169 1011 κακοπαθείᾳ
3184 938 3375 1010 πολλῇ,
3388 938 3494 1001 ἕως
3525 928 3586 989 οῦ
3606 937 3749 990 ἀπο-

2154 1037 2293 1109 λάϐῃ
2307 1037 2397 1090 τὸν
2412 1036 2782 1108 ἀμαράντινον
2800 1034 3062 1104 στέφανον
3076 1034 3166 1086 τὸν
3195 1030 3554 1102 ἀποκείμενον
3569 1028 3743 1098 αὑτῷ.

2168 1129 2225 1181 Ὀ
2244 1129 2300 1182 δὲ
2328 1128 2651 1200 ἁμαρτωλὸς
2681 1129 2848 1198 κοπιᾷ
2875 1126 2970 1181 καὶ
2999 1124 3186 1197 μοχθεί
3208 1125 3304 1194 οὑχ
3325 1124 3510 1177 ἕνεκεν
3536 1121 3748 1175 δικαιο-

2158 1220 2343 1292 σύνης,
2384 1220 2498 1275 ἀλλ’
2522 1221 2707 1273 ἕνεκεν
2753 1220 2855 1289 τῆς
2894 1216 3243 1289 ταλαιπώρου
3281 1215 3481 1286 σαρκὸς
3516 1214 3748 1285 ταύτης,

2155 1310 2340 1364 ἕνεκεν
2353 1312 2451 1381 τῆς
2466 1312 2697 1381 αἰσχρᾶς
2712 1308 2989 1378 γυναικὸς,
3009 1308 3183 1371 ἄλλως
3198 1308 3292 1361 xui
3307 1306 3483 1369 ἄλλως
3501 1304 3749 1375 μοχθῶν,

2158 1402 2234 1474 μὴ
2276 1402 2613 1475 ἀρκούμενος
2653 1405 2767 1465 τοῖς
2803 1400 3103 1472 παροῦσιν,
3156 1402 3213 1452 ἐν
3239 1398 3407 1470 κακίᾳ
3438 1398 3533 1451 καὶ⁵
3565 1396 3751 1467 φθόνῳ

2155 1496 2466 1566 διατρίϐων.
2504 1494 2661 1548 Ἀλλὰ
2682 1494 2886 1547 τούτων
2908 1493 3057 1546 οὐδὲν
3079 1491 3396 1545 ἐπίστανται
3418 1491 3469 1542 οἱ
3488 1488 3745 1560 ἄφρονες

2156 1586 2514 1657 ἀπετύφλωσε
2543 1586 2651 1657 γὰρ
2679 1586 2877 1648 αὐτοὺς
2910 1587 2943 1655 ἠ
2978 1585 3076 1656 ὑλη
3112 1584 3205 1638 xui
3233 1585 3289 1636 ui
3334 1580 3527 1634 πολλαὶ
3574 1597 3747 1651 φρονο-

2158 1678 2301 1740 τίδες
2329 1678 2421 1731 τοῦ
2453 1678 2656 1749 κόσμου
2674 1719 2690 1744 ,
2719 1677 2815 1730 xui
2843 1675 3183 1739 πλανῶνται,
3212 1675 3319 1738 ἕως
3346 1672 3625 1743 ἁποσταλῇ
3654 1670 3750 1723 ἐπ’

464 1766 613 1813 tatur
641 1760 797 1815 miles
836 1760 928 1814 ille
958 1758 1252 1822 violentus,
1281 1759 1375 1829 qui
1408 1772 1510 1813 nec
1556 1773 1846 1828 personam
1901 1773 2051 1813 vere-

2161 1770 2347 1832 ιὺτοὺς
2387 1770 2416 1820 ὁ
2458 1768 2731 1838 ἀπότομος
2769 1765 3109 1836 στρατιώτης
3133 1808 3146 1830 ,
3176 1766 3325 1828 ὅστις
3364 1765 3425 1818 οὑ
3466 1764 3748 1835 θαυμάζει

466 1848 636 1911 hitur,
663 1864 767 1903 nec
795 1863 1025 1903 munera
1060 1848 1308 1917 accipiet.
1341 1848 1553 1902 Animae.
1599 1848 1799 1918 quippe
1834 1847 2049 1902 illorum

464 1938 517 1993 vi
550 1940 892 1995 abducentur
921 1940 990 1994 ab
1044 1939 1252 2008 angelis
1310 1938 1636 2002 immitibus,
1700 1954 1966 2009 suamque
2019 1946 2049 1992 ιι

475 2029 586 2086 Deo
619 2031 949 2085 sententiam
983 2032 1275 2101 accipient.
1321 2028 1458 2084 Vani
1486 2031 1632 2085 enim
1664 2046 1787 2084 cum
1824 2032 1933 2085 sint
1954 2070 1967 2093 ,
1996 2030 2051 2082 in

468 2139 670 2178 vanum
704 2124 1091 2179 laboraverunt
1120 2124 1175 2178 in
1218 2124 1322 2178 hoc
1369 2122 1577 2177 mundo
1612 2142 1624 2177 :
1656 2130 1872 2177 terrena
1924 2130 2053 2178 sunt

480 2216 713 2287 operati,
742 2215 1001 2286 quocirca
1046 2223 1101 2271 et
1150 2216 1253 2286 ipsi
1286 2216 1342 2269 in
1375 2212 1739 2285 perditionem
1772 2215 2051 2269 abierunt.

466 2306 585 2363 Non
621 2308 769 2363 enim
797 2323 1070 2362 memores
1098 2304 1248 2362 fuere
1276 2306 1373 2362 Dei
1405 2307 1533 2362 dum
1559 2307 1613 2361 in
1641 2315 1788 2360 terra
1826 2312 2011 2361 essent
2038 2325 2050 2359 :

469 2414 649 2469 neque
706 2414 854 2454 cura:
884 2399 993 2453 illis
1044 2398 1147 2453 fuit
1179 2406 1240 2452 ut
1290 2398 1386 2454 Dei
1418 2399 1668 2454 timorem
1722 2413 1831 2468 pra:
1878 2397 2053 2451 oculis

470 2489 734 2545 haberent
761 2509 774 2543 :
808 2505 983 2560 quare
1006 2505 1107 2544 nec
1135 2491 1259 2546 illos
1287 2502 1444 2545 curat
1477 2490 1641 2544 Deus.
1676 2489 1867 2544 Justus
1907 2489 2052 2544 enim

467 2593 550 2639 est
600 2582 770 2647 Deus,
822 2591 877 2638 et
921 2583 1134 2652 justum
1170 2582 1440 2651 judicium
1486 2584 1606 2651 ejus
1649 2581 1715 2636 ⁷³.
1759 2580 1893 2635 Nam
1928 2597 2053 2635 cum

465 2677 678 2731 venerit
708 2676 1056 2745 iudicaturus
1098 2673 1384 2736 mundum,
1428 2680 1561 2727 tunc
1602 2672 1790 2729 reddet
1840 2674 2054 2727 unicui-

466 2783 575 2837 que
598 2767 758 2838 juxta
789 2782 955 2838 opera
991 2782 1110 2822 sua.
1145 2765 1370 2821 Beatum
1413 2780 1507 2820 eor
1536 2766 1682 2836 quod
1714 2765 1828 2820 haec
1875 2767 2056 2820 susci-

467 2859 572 2928 pit.
1078 2868 1084 2873 ·

538 2950 629 3006 20.
666 2949 839 3006 Media
892 2959 1052 3005 nocte
1083 2945 1433 3009 exeitaberis.
1465 2958 1519 3004 et
1550 2949 1767 3020 hymnis
1809 2948 2054 3005 celebra-

468 3043 557 3099 bis
598 3042 889 3098 Dominum
931 3041 1101 3098 Deum
1135 3050 1311 3098 tuum.
1349 3043 1423 3096 Ea
1457 3041 1602 3097 enim
1651 3043 1769 3113 ipsa
1802 3042 1935 3096 hora
1968 3058 2055 3097 re-

2155 1862 2445 1933 πρόσωπον
2470 1900 2483 1922 ,
2513 1859 2620 1912 οὐδ’
2653 1860 2714 1911 οὑ
2749 1858 2824 1929 μὴ
2850 1858 2991 1930 λάϐῃ
3025 1858 3193 1928 δῶρα.
3257 1855 3608 1928 Ἀχθήσονται
3633 1854 3751 1925 γὰρ

2155 1954 2209 2005 αἱ
2228 1950 2397 2021 ψυχαὶ
2419 1948 2598 2003 αὐτῶν
2621 1949 2758 2019 μετὰ
2783 1947 2904 2017 βίας
2954 1947 3057 2001 ὑπὸ
3081 1944 3328 2015 ἀγγέλων
3347 1945 3534 2015 ἀνελεη
3544 1945 3748 2015 μόνων,

2154 2044 2250 2096 xui
2293 2042 2551 2112 λήψονται
2601 2040 2700 2111 τὴν
2731 2040 3005 2107 ἀπόφασιν
3056 2037 3234 2090 αὐτῶν
3281 2036 3432 2108 παρὰ
3461 2036 3553 2089 τοῦ
3581 2036 3746 2090 Θεοῦ.

2155 2129 2318 2183 Κενοὶ
2338 2130 2446 2200 γὰρ
2465 2129 2637 2193 ὄντες,
2661 2130 2740 2192 εἰς
2768 2128 2899 2181 κενὰ
2920 2127 3015 2180 xui
3036 2127 3348 2198 ἐμόχθησαν
3371 2128 3429 2181 ὲν
3450 2126 3529 2197 τῷ
3554 2126 3749 2196 κόσμῳ

2152 2220 2347 2291 τούτῳ,
2377 2219 2446 2273 τὰ
2470 2220 2567 2291 τῆς
2598 2219 2702 2289 γῆς
2734 2219 3121 2291 εἰργάσαντες·
3167 2218 3253 2271 διὰ
3288 2217 3442 2271 τοῦτο
3467 2218 3560 2270 xui
3590 2217 3749 2270 αὑτοὶ

2154 2311 2242 2374 εἰς’
2261 2310 2535 2363 ἀπώλειαν
2554 2310 2859 2381 ἐχώρησαν.
2885 2310 2958 2362 Οὑ
2985 2309 3092 2381 γὰρ
3115 2309 3463 2380 ἐμνήσθησαν
3487 2307 3581 2361 τοῦ
3604 2306 3744 2359 θεοῦ

2155 2404 2248 2456 ἐπὶ
2289 2404 2387 2474 τῆς
2419 2403 2522 2474 γῆς
2569 2403 2721 2466 ὄντες
2742 2443 2755 2467 ,
2787 2403 2893 2455 οὐδ’
2925 2403 3188 2473 ἐμέλησεν
3221 2402 3405 2465 αὐτοῖς
3435 2400 3746 2472 μνησθῆναι

2153 2495 2247 2548 τοῦ
2278 2496 2443 2565 φόϐου
2474 2496 2567 2549 τοῦ
2602 2495 2737 2548 Θεοῦ
2758 2512 2769 2523 ·
2800 2494 2889 2547 διὰ
2915 2494 3073 2547 τοῦτο
3102 2494 3221 2547 οὐδὲ
3246 2493 3394 2563 αύτῷ
3429 2493 3579 2564 μέλει
3609 2492 3748 2561 περὶ

2154 2587 2354 2640 αὑτῶν.
2428 2587 2645 2651 Δίκαιος
2675 2586 2784 2658 γὰρ
2815 2588 2843 2639 ὁ
2872 2585 3024 2649 Θεὸς,
3054 2585 3359 2638 καὶδικαία
3389 2587 3421 2655 ἡ
3448 2585 3627 2655 κρίσις
3650 2584 3749 2636 αὑ-

2154 2678 2269 2732 τοῦ.
2303 2680 2469 2732 Ὅταν
2498 2679 2606 2749 γὰρ
2640 2678 2767 2749 ἔλθῃ
2802 2680 2983 2746 κρῖναι
3011 2678 3101 2731 τὸν
3127 2678 3352 2747 κόσμον,
3385 2676 3505 2730 τότε
3529 2673 3748 2729 ἀποδώ-

2158 2789 2239 2824 σει
2258 2772 2474 2843 ἑκάστῳ
2500 2771 2643 2825 κατὰ
2668 2771 2737 2825 τὰ
2766 2772 2900 2844 ἔργα
2935 2769 3121 2824 αὑτοῦ.
3181 2769 3445 2841 Μακαρία
3477 2770 3511 2840 ἡ
3542 2768 3748 2839 καρδία

2154 2866 2189 2935 ἡ
2218 2865 2482 2937 δεχομένη
2515 2864 2709 2918 ταῦτα.

2224 2959 2314 3014 20.
2343 2959 2707 3012 Μεσονύκτιον
2744 2955 3050 3028 ὲγερθήσῃ,
3100 2956 3193 3009 xui
3236 2954 3499 3025 ὑμνήσεις
3533 2951 3745 3023 Κύριον

2157 3049 2248 3105 τὸν
2274 3050 2407 3105 Θεόν
2439 3066 2554 3104 σου.
2600 3051 2689 3103 Ἐν
2736 3052 2874 3122 αὐτῇ
2922 3050 3031 3120 γὰρ
3061 3050 3126 3119 τῇ
3162 3046 3281 3119 ὥρᾳ
3311 3046 3509 3117 ἀνέστη
3549 3046 3577 3097 ὅ
3614 3041 3736 3096 Κύ-

469 3139 709 3196 surrexit
757 3138 1022 3193 Dominus
1077 3144 1266 3193 noster
1309 3153 1376 3193 ex
1420 3137 1693 3200 mortuis,
1744 3145 1798 3192 et
1838 3135 2053 3191 Patrem

2161 3161 2272 3216 ριος
2309 3143 2463 3215 ἡμῶν
2492 3144 2556 3197 ὲκ
2582 3141 2813 3214 νεκρῶν,
2851 3143 2945 3196 xui
2977 3140 3185 3211 ὑμνησε
3211 3139 3301 3192 τὸν
3338 3138 3559 3207 Πατέρα
3588 3153 3601 3165 ·
3633 3134 3728 3188 διὰ

468 3243 630 3282 suum
657 3226 875 3298 hymnis
902 3226 1197 3281 celebravit
1225 3245 1238 3281 ε
1263 3242 1433 3296 quare
1454 3225 1759 3295 iujunctum
1793 3227 1948 3281 nobis
1978 3234 2062 3281 est

470 3332 532 3376 ut
558 3337 620 3376 ea
651 3321 769 3391 ipsa
796 3320 932 3374 hora
966 3320 1196 3391 hymnos
1230 3318 1339 3374 Deo
1368 3319 1638 3373 dicamus.
1669 3318 1909 3389 Surgens
1933 3334 2061 3388 por-

471 3428 532 3467 ro
562 3412 650 3468 die
697 3413 877 3482 primo
908 3412 1054 3466 hunc
1084 3427 1303 3467 versum
1337 3426 1350 3461 :
1386 3430 1403 3461 ι
1455 3410 1627 3465 Media
1675 3418 1837 3465 nocte
1872 3426 2063 3480 surge-

470 3505 594 3557 ham
644 3502 711 3557 ad
772 3502 1142 3558 conliteudum
1206 3503 1304 3558 tibi
1363 3518 1526 3572 super
1572 3502 1779 3572 judicia
1837 3502 2064 3573 iustitiae

469 3603 578 3649 tua:
598 3595 681 3659 7";
708 3612 728 3646 ι
750 3602 805 3650 et
828 3609 1077 3665 precare,
1108 3595 1393 3665 incipeque
1418 3595 1646 3650 recitare
1672 3594 2063 3664 quinquagesi-

469 3702 622 3741 mum
654 3687 925 3757 psalmqu
957 3687 1133 3742 donec
1157 3688 1431 3741 absolvas.
1467 3686 1592 3741 llaec
1627 3688 1736 3742 sint
1762 3687 2062 3742 constituta

472 3780 571 3835 tibi
603 3795 700 3849 per
727 3780 975 3851 singulos
1000 3781 1138 3835 dies.
1176 3779 1279 3834 τοι
1308 3781 1550 3849 psalmos
1581 3784 1770 3841 recita,
1801 3788 1934 3849 quot
1958 3795 2061 3851 po-

472 3872 607 3927 teris
651 3871 847 3926 stando
877 3870 1152 3926 recitare:
1190 3878 1353 3939 atque
1390 3885 1488 3939 per
1522 3870 1765 3940 psalmos
1813 3870 2061 3941 singulos

472 3963 654 4019 oratio
706 3971 759 4019 et
802 3962 1107 4034 genuﬂexio
1160 3963 1523 4033 persolvatur,
1569 3961 1882 4017 conﬁtendo
1935 3977 2061 4016 cum

472 4056 734 4127 lacrymis
784 4054 1018 4110 Domino
1053 4062 1282 4125 peccata
1317 4061 1432 4118 tua,
1481 4063 1536 4110 et
1578 4055 1825 4125 rogando
1858 4061 1917 4108 ut
1960 4052 2060 4107 tibi

471 4147 824 4202 dimittantur
876 4164 890 4199 :
924 4155 1049 4217 post
1080 4154 1269 4201 ternos
1305 4148 1547 4216 psalmos
1597 4146 1767 4208 dices,
1805 4145 2056 4200 Alleluia.

470 4238 631 4305 Quod
669 4240 715 4295 si
756 4246 937 4294 tecum
973 4239 1176 4294 fuerint
1204 4239 1466 4308 virgines,
1500 4239 1631 4309 ipsa:
1664 4255 1883 4308 quoque
1914 4239 2059 4308 psal~

472 4331 610 4395 lant,
656 4338 711 4384 et
742 4330 845 4383 alia
879 4337 1003 4399 post
1026 4330 1187 4383 aliam
1218 4329 1522 4384 orationem
1562 4328 1847 4382 absolvite.
1880 4327 2056 4381 Matu-

471 4423 585 4476 tina
643 4422 799 4485 hora,
858 4422 1004 4475 hunc
1065 4421 1233 4475 dicite
1286 4420 1555 4489 psalmum
1603 4435 1615 4470 :
1656 4438 1674 4469 ι
1723 4418 1867 4474 Deus
1917 4417 2058 4473 Deus

471 4530 650 4578 meus,
668 4514 736 4568 ad
764 4524 815 4568 te
843 4513 963 4567 luce
992 4512 1175 4582 vigilo.
1199 4510 1381 4564 Sitivit
1418 4511 1470 4563 in
1507 4520 1558 4563 te
1589 4509 1767 4561 anima
1793 4522 1911 4563 mea
1934 4509 2001 4561 ⁷⁸.
2033 4528 2050 4559 ι

474 4605 591 4661 Sub
622 4606 927 4660 diluculum
988 4620 1158 4659 vero:
1211 4623 1227 4654 ι
1269 4603 1609 4664 Benedicite,
1655 4602 1836 4655 omnia
1890 4616 2057 4670 opera

473 4697 709 4760 Domini,
733 4696 963 4752 Domino
989 4696 1055 4751 ⁷⁸.
1071 4715 1088 4746 ι
1116 4726 1183 4735 -
1202 4714 1219 4745 ι
1242 4694 1426 4749 Gloria
1451 4696 1503 4748 in
1527 4695 1761 4749 excelsis
1785 4693 1910 4760 Deo,
1926 4702 1977 4748 et
2002 4695 2057 4748 in

473 4802 617 4846 terra
665 4806 803 4860 pax,
830 4791 887 4843 in
930 4787 1244 4843 hominibus
1275 4787 1695 4855 heneplacitum.
1740 4785 2057 4840 Laudamus

472 4891 546 4944 te,
568 4879 938 4935 benedicimus
975 4886 1046 4940 te,
1071 4877 1364 4931 adoramus
1394 4884 1446 4930 te
1468 4877 1536 4938 ⁷⁷,
1578 4895 1595 4926 ι
1637 4883 1743 4929 etc.

541 5061 630 5116 2|.
659 5060 996 5115 Charitatem
1024 5067 1226 5121 autem,
1260 5072 1379 5125 qua:
1405 5055 1647 5110 omnium
1685 5055 1915 5107 maxima
1951 5065 2054 5117 est,

471 5155 863 5209 custodiamus.
896 5151 1051 5215 Nam,
1076 5169 1093 5201 ι
1118 5148 1339 5220 Diliges,
1369 5169 1385 5200 ι
1415 5148 1510 5211 ait,
1536 5166 1552 5197 ι
1580 5146 1869 5201 Dominum
1891 5146 2056 5199 Deum

474 5255 626 5299 tuum
660 5262 725 5301 ex
758 5253 871 5300 toto
901 5243 1069 5299 corde
1117 5251 1232 5305 tuo,
1279 5248 1333 5295 ct
1375 5256 1439 5295 ex
1476 5248 1587 5293 tota
1629 5239 1835 5313 virtute
1862 5245 1973 5300 tua,
2005 5245 2058 5289 ct

472 5354 538 5391 ex
572 5345 683 5391 tota
715 5338 897 5391 anima
939 5344 1053 5399 tua,
1083 5344 1137 5389 et
1175 5333 1487 5404 proximum
1533 5340 1685 5384 tuum
1720 5331 1863 5385 sicut
1918 5329 2055 5397 teip-

2163 3236 2321 3289 τοῦτο
2365 3235 2500 3305 αὑτῇ
2554 3237 2618 3305 τῇ
2680 3234 2801 3305 ὥρᾳ
2859 3232 3172 3307 προσετάγη
3223 3233 3357 3302 ἡμῖν
3402 3230 3591 3299 ὑμνεῖν
3647 3226 3746 3279 τὸν

2162 3328 2313 3382 Θεόν.
2379 3326 2740 3398 Ἀνισταμένη
2793 3327 2849 3379 δὲ
2913 3323 3126 3396 πρῶτον
3173 3323 3361 3376 τοῦτον
3408 3321 3498 3373 τὸν
3556 3318 3744 3389 στίχον

2164 3420 2284 3474 εἰπέ
2305 3438 2318 3450 ·
2357 3438 2375 3469 ι
2407 3418 2770 3473 Μεσονύκτιον
2793 3417 3157 3490 ἐξηγειρόμην
3176 3414 3269 3467 τοῦ
3294 3410 3741 3493 ἐξομολογεῖσθαι

2165 3529 2247 3565 σοι
2286 3512 2377 3564 ἐπὶ
2402 3510 2469 3564 τὰ
2501 3511 2745 3582 κρίματα
2786 3508 2887 3579 τῆς
2916 3506 3260 3576 δικαιοσύνης
3291 3522 3383 3558 σου
3405 3521 3417 3533 ·
3451 3523 3470 3555 ι
3519 3502 3613 3555 xui
3647 3497 3744 3554 εῦ-

2163 3603 2272 3669 ξαι,
2303 3603 2398 3656 xui
2424 3602 2585 3674 ἄρξαι
2614 3603 2794 3670 λέγειν
2824 3602 2914 3654 τὸν
2960 3597 3323 3670 πεντηκοστὸν
3353 3595 3472 3650 ὅλον
3502 3594 3742 3664 ψαλμὸν,

2162 3696 2266 3758 ἕως
2292 3694 2356 3748 ἂν
2393 3694 2637 3767 τελέσῃς.
2680 3694 2790 3746 Καὶ
2822 3692 2994 3746 ταῦτα
3033 3691 3274 3744 ἕστωσάν
3325 3706 3407 3742 σοι
3447 3686 3567 3741 καθ’
3609 3685 3743 3738 ἐκά-

2165 3803 2297 3858 στην
2350 3785 2563 3857 ἡμέραν
2598 3784 2955 3855 τεταγμένα.
3028 3781 3326 3844 Τοσούτους
3382 3780 3438 3833 δὲ
3491 3778 3745 3849 ψαλμοὺς

2162 3876 2302 3939 εἰπὲ,
2336 3877 2493 3938 ὅσους
2522 3874 2650 3946 δύνῃ
2680 3876 2955 3944 στήκουσα
2988 3875 3161 3927 εἰπεῖν
3182 3889 3196 3901 ⁸
3222 3873 3316 3926 xui.
3353 3871 3495 3925 κατὰ
3524 3870 3743 3940 ψαλμὸν

2162 3961 2295 4032 εὐχὴ
2349 3962 2444 4014 καὶ
2491 3962 2806 4029 γονυκλισία
2854 3961 3205 4015 ὲπιτελείσθω
3234 4001 3249 4024 ,
3295 3960 3434 4032 μετὰ
3487 3958 3746 4030 δακρύων

2161 4053 2561 4125 ὲξαγορεύουσα
2586 4054 2666 4125 τῷ
2688 4055 2878 4127 Κυρίῳ
2906 4054 3005 4119 τὰς
3036 4054 3310 4125 ἁμαρτίας
3341 4069 3431 4105 σου
3454 4094 3468 4119 ,
3500 4052 3595 4105 xui
3618 4051 3742 4116 ἀξι-

2160 4141 2294 4195 οῦσα
2318 4142 2404 4196 ἵνα
2427 4142 2669 4212 ἀφεθῶσι
2698 4161 2799 4197 σοι.
2830 4144 2984 4196 Μετὰ
3006 4144 3061 4196 δὲ
3077 4145 3227 4214 τρεῖς
3245 4142 3492 4213 ψαλμοὺς
3507 4139 3631 4209 λέγε
3647 4141 3734 4205 τὸ,

2173 4233 2509 4305 Ἀλληλούῖα.
2528 4234 2652 4287 Ἐὰν
2685 4235 2741 4287 δὲ
2780 4235 2874 4287 xui
2904 4234 3162 4305 παρθένοι
3191 4233 3299 4286 εἰσὶ
3326 4233 3465 4304 μετὰ
3503 4232 3617 4295 σοῦ,
3642 4234 3741 4285 καὶ

2160 4317 2317 4379 αὗται
2360 4326 2746 4394 ψαλλέτωσαν,
2790 4328 2885 4380 xui
2924 4328 3023 4397 μία
3064 4326 3213 4397 παρὰ
3264 4326 3393 4396 μίαν
3440 4325 3539 4396 τὴν
3571 4326 3742 4395 εὑχὴν

2162 4418 2477 4470 ὲπιτελεῖτε.
2519 4418 2662 4489 Πρὸς
2698 4418 2891 4489 ὄρθρον
2934 4418 2988 4471 δὲ
3036 4418 3128 4470 τὸν
3173 4417 3383 4487 ψαλμὸν
3427 4416 3614 4470 τοῦτον
3646 4416 3743 4469 λέ-

2091 4476 2133 4531 D
2162 4526 2287 4576 γετε
2312 4526 2325 4539 ο
2361 4528 2379 4560 ι
2424 4510 2481 4561 '0
2515 4476 2656 4573 θὲδξ
2678 4512 2705 4561 ὁ
2730 4476 2864 4573 δεός
2897 4529 3019 4580 μου,
3049 4476 3199 4579 πρὸς.
3220 4476 3565 4579 σὲιόρθρίζω.
3603 4507 3747 4560 Ἐδί-

2161 4601 2304 4670 ψησέ
2340 4618 2399 4653 σε
2431 4603 2464 4671 ἡ
2496 4600 2641 4670 ψυχή
2687 4617 2820 4671 μου·
2857 4621 2874 4652 ι
2925 4601 3205 4671 διάφαυμα
3239 4600 3297 4651 δέ
3322 4615 3335 4627 ’
3365 4618 3383 4650 ι
3424 4600 3737 4667 Εὑλογεῖτε,

2163 4693 2341 4747 πάντα
2365 4693 2433 4747 τὰ
2462 4692 2598 4764 ἔργα
2623 4694 2849 4763 Κυρίου,
2868 4691 2957 4745 τὸν
2982 4692 3205 4763 Κύριον.
3232 4691 3370 4757 Δόξα
3400 4693 3459 4744 ὲν
3493 4691 3740 4759 ὑψίστοις

2163 4783 2301 4855 Θεῷ,
2327 4786 2420 4837 xui
2450 4785 2543 4838 ἐπὶ
2574 4785 2675 4855 γῆς
2705 4784 2815 4854 (50)
2841 4786 3052 4856 εἰρήνη,
3082 4785 3139 4835 ἐν
3162 4782 3470 4853 ἀνθρώποις
3495 4781 3735 4834 εὐδοκία.

2172 4874 2475 4947 ’Υμνοῦμέν
2512 4893 2591 4942 σε,
2628 4874 2957 4946 εὐλογοῦμεν
3009 4892 3068 4927 σε
3096 4914 3110 4938 ,
3147 4873 3561 4945 προσκυνοῦμεν
3597 4890 3680 4937 σε,
3715 4892 3734 4922 ι

2162 4968 2258 5021 xui
2294 4967 2362 5020 τὰ
2395 4968 2542 5038 ἑξῆς.

2235 5058 2324 5111 21.
2370 5058 2479 5129 Τὴν
2506 5058 2561 5110 δὲ
2593 5059 2813 5129 ἀγάπην
2850 5056 3193 5127 φυλάξωμεν,
3243 5056 3342 5127 τὴν
3374 5055 3590 5108 πάντων
3623 5056 3745 5124 μεί-

2165 5145 2310 5209 ζονα.
2348 5166 2367 5197 ‹
2411 5148 2737 5219 Ἀγαπήσεις
2768 5168 2785 5199 ι
2827 5147 2955 5218 γὰρ,
2998 5147 3151 5218 φησὶ,
3204 5166 3221 5195 ι
3249 5146 3450 5218 Κύριον
3483 5145 3572 5197 τὸν
3605 5144 3741 5197 Θεόν

2165 5256 2256 5290 σου
2284 5238 2394 5308 (δι)
2430 5239 2489 5302 ἐξ
2520 5240 2647 5309 ὅλης
2682 5240 2780 5309 τῆς
2819 5239 3048 5310 καρδίας
3097 5255 3191 5291 σου
3240 5238 3332 5290 xui
3378 5236 3437 5300 ἐξ
3482 5235 3609 5306 ὅλης
3636 5236 3739 5304 τῆς

2166 5329 2346 5399 ἰσχύος
2369 5346 2481 5394 σου,
2519 5330 2612 5383 xui
2648 5330 2706 5394 ἐξ
2731 5331 2857 5402 ὅλης
2888 5333 2984 5402 τῆς
3010 5330 3187 5401 ψυχῆς
3213 5346 3329 5395 σου,
3359 5329 3452 5382 xui
3474 5328 3564 5380 τὸν
3601 5328 3737 5397 πλη-

541 5491 589 5521 ⁷³
629 5491 976 5555 Psal.cxvm,
1014 5491 1136 5544 157.
1210 5488 1257 5520 ⁷⁸
1296 5488 1428 5543 ibid.
1462 5486 1550 5540 62.
1626 5485 1669 5517 ⁷⁸
1702 5483 1847 5539 Psal.
1886 5500 2032 5549 Lm,

2199 5487 2242 5515 ⁷⁵
2284 5485 2418 5540 Dan.
2461 5503 2558 5554 ιιι,
2596 5487 2684 5541 57.
2762 5487 2805 5517 ⁷⁷
2850 5485 2977 5541 Luc.
3023 5504 3096 5543 ιι.
3132 5486 3235 5551 H;
3273 5483 3436 5537 Cant.
3473 5483 3617 5536 Eccl.

474 5644 659 5768 yjb'Ol
692 5642 1004 5699 Basiliensis
1026 5649 1080 5698 et
1098 5640 1332 5713 Anglic.,
1351 5640 1405 5692 ὲν
1431 5637 1672 5709 ὑψίστοις
1698 5635 1835 5708 Θεῷ,
1863 5637 1953 5692 καὶ
1981 5639 2050 5694 τά

506 5731 622 5768 εης.

506 5731 622 5783 ςηςυ

2230 5640 2338 5711 (51)
2370 5639 2724 5710 Anglicanus,
2773 5638 3094 5707 Ἀγαπήσεις
3124 5636 3329 5707 Κύρων
3362 5634 3451 5690 τὸν
3480 5634 3635 5688 Θεόν.
