3890 6200
190 244 319 301 3'17

1569 245 1658 302 DE
1696 246 2163 305 VlRGlNlTATE.

3362 251 3474 307 978

195 358 328 412 σίον
364 373 480 421 σου,
520 356 597 421 ὡς
644 356 858 412 ἑαυτόν.
915 358 1002 411 Ἑν
1029 356 1410 422 ταύταις’ταῖς
1443 358 1595 413 δυσὶν
1643 362 1786 414 ὲντο-

1896 377 2039 418 sum.
2072 361 2132 417 ln
2177 362 2264 419 bis
2310 362 2526 419 duobus
2568 362 2839 421 mandatis
2889 372 3003 421 tota
3046 366 3131 421 lex
3171 365 3368 438 pendet
3416 376 3471 423 et

194 450 334 516 λαῖς
366 452 487 515 ὅλος
523 453 553 504 6
582 452 747 522 νόμος
776 452 872 505 καὶ
904 453 953 504 οἱ
1000 453 1274 524 προφῆται
1309 452 1633 524 κρέμανται.
1664 473 1682 504 ι
1734 454 1792 506 Ὁ

195 543 349 607 Θεὸς
380 544 569 616 ἀγάπη
614 545 761 607 ἐστὶ,
814 544 909 598 καὶ
964 545 1126 608 αὐτὸς
1158 545 1372 615 πρῶτος
1420 546 1672 617 ἠγάπησε
1705 545 1794 599 τὸν

195 636 539 708 ἄνθρωπον,
584 639 679 692 καὶ
725 639 918 692 ἑαυτὸν
963 639 1278 711 παρέδωκεν
1309 640 1449 711 ὑπὲρ
1484 639 1662 710 ἡμῶν,
1709 641 1795 693 ἴνα

198 730 366 799 ἡμᾶς
395 728 741 801 λυτρώσηται
774 731 884 783 ἀπὸ
909 732 1089 802 πάσης
1118 730 1363 802 ἀνομίας.
1403 732 1466 785 Et
1499 728 1591 785 οὖν
1634 732 1795 796 αὐτὸς

199 821 237 873 6
269 820 480 891 Κύριος
513 821 785 875 ἀπέθανεν
827 823 968 893 ὑπὲρ
1015 822 1193 893 ἡμῶν,
1248 823 1343 877 καὶ
1385 826 1543 894 ἡμεῖς
1588 823 1796 894 ὀφείλο-

205 930 318 982 μεν
357 914 500 984 ὐπὲρ
527 913 774 984 ἀλλήλων
818 914 916 976 τὰς
944 914 1121 984 ψυχάς
1150 915 1307 986 ἡμῶν
1341 915 1530 969 θεῖναι.
1573 917 1631 969 Ὁ
1663 915 1796 980 Θεὸς

203 1004 409 1075 ἀγάπη
444 1006 579 1070 ἐστὶ,
613 1006 709 1058 καὶ
738 1006 767 1058 6
802 1005 940 1075 έχων
973 1005 1072 1077 τὴν
1104 1007 1324 1077 ἀγάπην
1355 1007 1446 1060 τὸν
1480 1006 1611 1060 Θεὸν
1656 1007 1790 1077 ἔχει.

201 1096 387 1158 A616;
413 1095 523 1167 γάρ
552 1095 777 1167 εἴρηκεν
797 1114 810 1126 ο
851 1115 870 1147 ι
911 1097 997 1149 Ἐν
1023 1096 1196 1167 τούτῳ
1230 1097 1527 1166 γνώσονται
1571 1098 1790 1163 πάντες,

200 1189 292 1240 ὅτι
336 1189 462 1257 ἐμοὶ
497 1187 739 1258 μαθηταί
784 1190 905 1241 ἐστε
927 1228 941 1248 ,
977 1189 1072 1241 ἐὰν
1104 1190 1325 1261 ἀγάπην
1357 1190 1515 1261 ἔχητε
1545 1192 1602 1243 ὲν
1632 1189 1794 1261 ἀλλή-

200 1278 324 1342 λοις
358 1279 494 1349 (52).
520 1301 539 1331 ι
574 1281 739 1334 Ὅσον
769 1280 878 1352 γὰρ
921 1281 1015 1335 ἐὰν
1063 1283 1302 1355 κοπιάσῃ
1346 1282 1652 1354 ἄνθρωπος,
1700 1283 1793 1336 καὶ

203 1370 287 1441 μὴ
318 1371 421 1444 ἔχῃ
456 1372 556 1443 τὴν
589 1372 811 1443 ἀγάπην
840 1375 920 1436 εἰς
948 1373 1038 1426 τὸν
1078 1374 1325 1444 πλησίον,
1355 1376 1434 1439 είς
1472 1375 1649 1445 μάτην
1674 1376 1792 1426 ἐκο-

200 1463 428 1517 πίασεν.
473 1463 628 1516 Οὕτω
667 1465 725 1517 δὲ
765 1465 957 1528 δείξεις
1000 1466 1101 1537 τὴν
1148 1463 1368 1536 ἀγάπην
1414 1468 1494 1527 είς
1535 1466 1624 1518 τὸν
1658 1465 1765 1535 πλη

202 1550 347 1611 σίον,
381 1552 444 1602 οὐ
477 1550 622 1620 λόγῳ
658 1552 817 1622 μόνον
837 1593 851 1617 ,
892 1553 1029 1606 ἀλλὰ
1061 1554 1154 1606 καὶ
1187 1553 1352 1624 ἔργῳ.
1394 1555 1467 1607 Οὐ
1501 1555 1795 1624 κρατήσεις

200 1641 411 1694 κακίαν
437 1643 580 1706 τινὸς
616 1646 696 1707 είς
729 1646 828 1715 τὴν
864 1645 1087 1717 καρδίαν
1136 1663 1228 1699 σου
1255 1663 1268 1676 ’
1303 1647 1352 1698 εἰ
1382 1646 1436 1699 δὲ
1474 1648 1546 1717 μή
1579 1664 1665 1715 γε,
1692 1647 1816 1699 οὐκκ

1896 457 2170 528 propheta:
2200 457 2266 509 ⁷⁸.
2306 476 2327 509 ι
2382 456 2526 514 Deus
2577 459 2819 515 charitas
2865 466 2950 515 est
2981 498 2996 525 ,
3048 468 3101 515 et
3149 460 3266 530 ipse
3319 460 3471 529 prior

1895 546 2087 603 dilexit
2130 548 2426 614 hominem,
2472 564 2537 605 ac
2565 565 2623 605 se
2652 551 2769 621 ipse
2797 550 3018 606 tradidit
3065 565 3163 621 pro
3202 551 3384 616 nobis,
3413 560 3472 607 ut

1895 655 1998 697 nos
2032 640 2288 696 liberaret
2322 642 2390 696 ab
2418 645 2569 697 omni
2611 642 2918 713 iniquitate.
2948 639 3002 695 Si
3033 641 3196 713 igitur
3223 643 3338 713 ipse
3365 641 3470 699 Do-

1895 733 2079 787 minus
2112 748 2212 802 pro
2246 734 2404 789 nobis
2434 742 2685 790 mortuus
2714 745 2818 799 est,
2854 745 2907 790 et
2940 733 3043 803 ipsi
3085 749 3183 805 pro
3222 735 3342 791 aliis
3373 734 3471 790 de-

1894 824 2087 881 bemus
2131 826 2343 880 animas
2374 834 2610 882 nostras
2643 842 2867 897 ponere.
2907 825 3052 882 Deus
3090 826 3333 884 charitas
3365 837 3468 892 est,

1894 924 1948 970 et
1970 916 2064 986 qui
2104 915 2269 971 habet
2295 917 2638 984 charitatem,
2672 916 2842 972 Deum
2869 917 3052 973 habet.
3084 915 3204 988 lpse
3236 931 3473 988 namque

1893 1007 2076 1062 dixit:
2119 1025 2137 1059 ι
2186 1006 2246 1062 ln
2290 1008 2394 1063 hoc
2436 1015 2769 1080 cognoscent
2804 1024 2995 1064 omnes
3023 1007 3171 1079 quod
3214 1008 3469 1079 discipuli

1894 1101 2003 1155 mei
2034 1102 2188 1168 estis,
2218 1102 2264 1156 si
2292 1101 2640 1157 dilectionem
2662 1100 2963 1157 habueritis
2995 1100 3063 1154 ad
3098 1100 3330 1155 invicem
3363 1100 3464 1153 τ’.»

1894 1191 2390 1263 Quantumcunque
2419 1193 2562 1248 enim
2590 1193 2920 1247 laboraverit
2950 1193 3135 1257 homo,
3158 1192 3471 1248 sidilectio-

1895 1300 2017 1338 nem
2036 1299 2144 1338 non
2168 1284 2364 1338 habeat
2389 1299 2514 1355 erga
2537 1283 2868 1354 proximum,
2895 1266 3100 1338 frustra
3121 1282 3468 1337 laboraverit.

1894 1375 1970 1429 Ita
1993 1377 2250 1432 ostendas
2270 1376 2618 1432 dilectionem
2646 1390 2775 1445 erga
2806 1375 3136 1444 proximum,
3159 1389 3270 1428 non
3301 1373 3470 1429 verbo

1893 1473 2128 1532 tantum,
2181 1464 2275 1521 sed
2322 1465 2486 1520 etiam
2522 1478 2703 1534 opere.
2734 1458 2855 1516 Non
2899 1462 3161 1518 retinebis
3204 1460 3471 1517 oil'ensam

1895 1557 2125 1628 alicujus
2147 1556 2201 1611 in
2219 1556 2382 1611 corde
2404 1563 2520 1619 tuo,
2552 1554 2792 1625 alioquin
2816 1553 3058 1623 precatio
3083 1560 3178 1607 tua
3198 1551 3267 1606 ad
3298 1551 3470 1605 Deum

1895 1665 2031 1720 pura
2078 1664 2189 1704 non
2219 1648 2495 1704 ascendet.
2544 1666 2561 1698 ι
2600 1646 2718 1702 Νοη
2765 1645 2979 1701 occidet
3009 1645 3154 1699 enim
3186 1643 3268 1699 sol
3305 1657 3470 1711 super

199 1733 501 1805 ἀνέρχεται
539 1737 573 1806 ἡ
602 1737 734 1807 εὐχή
779 1752 872 1789 σου
908 1736 1123 1808 καθαρὰ
1171 1738 1305 1808 πρὸς
1352 1738 1443 1792 τὸν
1476 1738 1607 1791 Θεόν
1654 1737 1786 1807 (55).

1893 1739 2233 1795 iracundiam
2279 1746 2514 1794 vestram
2546 1737 2614 1791 ⁸ο.
2653 1757 2671 1788 ι
2716 1736 3219 1801 Mansuetudinem,
3261 1734 3469 1804 patien-

206 1828 367 1879 «Οὐκ
412 1827 726 1880 ὲπιδύσεται
762 1828 872 1899 γὰρ
910 1831 940 1881 6
980 1829 1131 1898 ἥλιος
1176 1830 1270 1882 ἐπὶ
1310 1828 1387 1900 τῷ
1428 1828 1791 1901 παροργισμῷ

201 1919 386 1990 ὑμῶν.
416 1939 435 1971 ι
476 1921 766 1991 Πραότητα
799 1920 910 1991 ἔχε,
942 1920 1221 1992 ὑπομονὴν
1251 1920 1362 1991 ἔχε,
1385 1921 1788 1993 μακροθυμίαν,

200 2012 533 2082 νηπιότητα.
563 2014 728 2081 Λέγει
762 2013 872 2085 γάρ
918 2016 947 2066 6
977 2013 1183 2085 Κύριος
1210 2031 1221 2042 ³
1279 2033 1297 2064 ι
1333 2014 1455 2067 Ἐὰν
1506 2014 1579 2085 μὴ
1630 2032 1793 2085 στρα-

202 2106 347 2177 φῆτε
377 2148 392 2170 ,
424 2108 521 2161 καὶ
561 2108 796 2179 γένησθε
823 2110 900 2172 ὡς
931 2110 1002 2163 τά
1030 2109 1239 2173 παιδία,
1295 2111 1355 2163 οὐ
1406 2109 1481 2181 μὴ
1513 2111 1789 2182 εἰσέλθητε

199 2199 289 2260 είς
313 2197 415 2266 τὴν
439 2197 716 2266 βασιλείαν
755 2200 863 2253 τῶν
894 2199 1157 2270 οὐρανῶν.
1200 2219 1221 2253 ι

277 2288 369 2342 22.
411 2291 487 2343 Οὐ
525 2290 600 2361 μὴ
625 2290 916 2363 λυπηθήσῃ
949 2292 1186 2362 χαλεποῦ
1216 2308 1361 2355 τινος
1406 2290 1793 2362 συμϐαίνοντός

203 2397 314 2443 σοι,
345 2380 470 2435 οὔτε
510 2383 603 2435 ἐπὶ
636 2382 813 2455 ζημίᾳ
839 2384 1130 2457 λυπηθήσῃ
1161 2385 1294 2455 (54),
1331 2384 1454 2438 οὔτε
1490 2387 1581 2439 ἐπὶ
1609 2384 1787 2458 ὕϐρει·

205 2488 230 2520 e
277 2471 343 2524 Ἦ
371 2471 516 2542 λύπη
545 2473 655 2545 γὰρ
682 2474 777 2527 τοῦ
806 2475 1010 2546 κόσμου
1041 2476 1233 2529 τούτου
1267 2476 1493 2530 θάνατον
1524 2476 1793 2548 κατεργά-

201 2562 382 2624 ζεται.
418 2581 436 2612 ι
483 2563 655 2633 ’Υπὲρ
691 2564 799 2616 τῶν
830 2564 1116 2635 ἁμαρτιῶν
1156 2581 1249 2618 σου
1284 2565 1442 2635 μόνον
1481 2566 1789 2638 λυπηθήσῃ,

201 2651 350 2723 ὑπὲρ
382 2652 544 2706 άλλου
567 2653 625 2706 δὲ
650 2656 975 2726 πράγματος
1004 2656 1203 2729 μικροῦ
1249 2658 1310 2709 οὐ
1344 2656 1657 2731 λυπηθήσῃ.
1699 2657 1791 2729 Μὴ

202 2743 433 2816 ὑψώσῃς
468 2744 567 2816 τὴν
601 2750 784 2814 φωνήν
810 2763 901 2799 σου
928 2746 1259 2818 ὀργιζομένη
1300 2748 1439 2819 πρός
1467 2764 1589 2800 τινα
1614 2766 1628 2778 ι
1671 2746 1793 2801 δού-

202 2833 306 2902 λην
338 2834 449 2904 γάρ
494 2834 702 2906 Κυρίου
749 2836 809 2888 οὐ
844 2835 924 2888 δεῖ
972 2835 1257 2906 μάχεσθαι.
1308 2836 1421 2890 Οὐκ
1453 2835 1791 2902 ἐξελεύσεται

203 2925 424 2996 κατάρα
459 2927 524 2979 ὲκ
553 2926 647 2979 τοῦ
684 2926 949 2998 στόματός
979 2944 1094 2990 σου,
1130 2928 1228 2997 οὐχ
1262 2925 1442 2998 ὕϐρις,
1471 2928 1532 2981 οὐ
1559 2928 1792 2981 ’κακολο-

1893 1833 2049 1898 tiam,
2088 1832 2433 1887 tolerantiam
2465 1837 2518 1885 et
2557 1828 2960 1899 simplicitatem
2996 1827 3237 1883 infantia:
3272 1827 3466 1881 retine.

1892 1925 1983 1980 Ait
2008 1927 2209 1995 quippe
2252 1924 2560 1979 Dominus:
2599 1940 2617 1972 ι
2654 1921 2770 1976 Nisi
2815 1920 3236 1988 convertamini,
3267 1926 3322 1975 et
3360 1917 3471 1973 eili—

1893 2017 2114 2072 ciamini
2144 2017 2286 2072 sicut
2318 2017 2550 2086 parvuli,
2582 2031 2692 2072 non
2723 2015 2998 2071 intrabitis
3029 2013 3087 2068 in
3111 2026 3336 2084 regnum
3362 2025 3474 2067 cm-

1894 2108 2070 2163 lorum
2099 2109 2165 2162 ⁸¹.
2199 2128 2216 2159 ι

1963 2283 2050 2337 22.
2074 2282 2152 2339 Ne
2181 2284 2509 2339 contristere
2542 2284 2589 2338 si
2617 2283 2748 2354 quid
2778 2284 3069 2339 adversum
3101 2281 3313 2337 accidat
3340 2280 3464 2343 tibi,

1893 2390 2070 2446 neque
2120 2375 2188 2431 de
2233 2382 2459 2446 accepto
2502 2376 2703 2433 damno
2734 2375 2821 2430 vel
2872 2373 3203 2429 contumelia
3236 2372 3467 2427 doleas:

1899 2485 1917 2517 ι
1947 2466 2196 2522 Tristitia
2218 2468 2364 2522 enim
2395 2467 2561 2537 hujus
2593 2467 2801 2531 mundi,
2826 2474 3058 2521 mortem
3086 2470 3345 2534 operatur
3361 2462 3464 2515 ⁸³.»

1893 2558 1971 2614 De
2027 2560 2134 2614 tuis
2182 2559 2357 2614 solum
2410 2560 2651 2629 peccatis
2698 2558 2925 2614 doleas:
2961 2558 3029 2612 de
3074 2556 3179 2610 alia
3209 2571 3271 2611 re
3314 2556 3468 2626 parvi

1893 2652 2152 2707 momenti
2193 2667 2263 2706 ne
2294 2651 2646 2706 contristere.
2693 2649 2772 2707 Ne
2811 2650 3031 2705 attollas
3063 2663 3248 2703 vocem
3283 2648 3340 2702 in
3370 2646 3471 2701 ali-

1894 2756 2052 2812 quem
2081 2756 2193 2810 pra:
2232 2742 2515 2796 iracundia
2543 2762 2554 2796 :
2588 2742 2843 2796 ancillam
2873 2741 3076 2810 quippe
3113 2738 3331 2793 Damini
3355 2753 3468 2794 non

1894 2830 2050 2886 decet
2070 2830 2397 2899 disceptare.
2427 2829 2547 2885 Non
2576 2830 2747 2886 exibit
2772 2830 2839 2884 de
2855 2844 2950 2884 ore
2974 2837 3068 2882 tuo
3090 2826 3466 2889 maledictum,

1892 2936 2002 2977 non
2035 2922 2390 2986 contumelia,
2444 2937 2553 2976 non
2603 2920 2952 2976 obtrectatio.
3001 2917 3078 2974 0s
3123 2918 3269 2974 enim
3311 2924 3468 2970 tuum

201 3017 318 3087 γία.
354 3018 430 3072 Τὸ
480 3019 652 3089 στόμα
705 3036 799 3072 σου
842 3020 950 3093 γὰρ
1002 3021 1333 3092 ἡγιασμένον
1383 3024 1535 3076 ἐστὶν
1574 3024 1633 3075 ὲν
1678 3026 1786 3087 τοῖς

1895 3013 2292 3070 sanctificatum
2320 3022 2405 3070 est
2432 3013 2652 3085 hymnis
2690 3020 2744 3068 et
2776 3012 3029 3066 laudibus
3059 3009 3172 3066 Dei.
3214 3008 3321 3063 Par
3355 3021 3468 3063 non

118 3123 131 3137 ’
203 3108 400 3178 ὕμνοις
427 3110 524 3163 καὶ
555 3110 888 3178 δοξολογίαις
912 3112 1005 3165 τοῦ
1039 3111 1197 3166 Θεοῦ.
1232 3114 1347 3166 Οὐκ
1380 3112 1495 3167 ἔστι
1527 3113 1689 3168 καλὸν
1727 3115 1786 3168 τὸ

1892 3114 1973 3162 est
1999 3106 2109 3178 94
2135 3106 2353 3175 prodire
2382 3116 2433 3162 te
2463 3106 2670 3176 absque
2700 3119 2897 3176 magna
2929 3102 3275 3159 necessitate.
3300 3098 3467 3168 Quie-

206 3201 573 3273 προέρχεσθαί
596 3220 656 3255 σε
676 3203 844 3274 χωρὶς
880 3204 1120 3274 μεγάλης
1142 3204 1406 3276 ἀνάγκης.
1433 3206 1544 3275 Τὴν
1562 3206 1786 3277 ἡσυχίαν

1892 3205 2000 3252 tem
2043 3212 2162 3252 ama
2216 3204 2481 3268 quantum
2527 3206 2699 3267 potes.
2753 3194 3046 3251 Servorum
3076 3192 3183 3248 ‘Dei
3217 3206 3287 3248 ne
3327 3190 3468 3246 obli-

205 3293 400 3360 ἀγάπα
436 3293 560 3345 ὅσον
592 3292 819 3346 δύνασαι
838 3311 853 3325 ο
890 3293 1010 3347 Τῶν
1043 3293 1245 3348 δούλων
1276 3295 1371 3348 τοῦ
1404 3295 1539 3348 Θεοῦ
1568 3297 1642 3367 μὴ
1671 3298 1790 3349 ἐπι-

204 3384 369 3456 λάθῃ,
405 3384 539 3453 μηδὲ
587 3384 1082 3456 ἀπαλειφθήτωσαν
1131 3388 1196 3439 ὲκ
1241 3386 1341 3457 τῆς
1395 3388 1622 3458 καρδίας
1671 3405 1785 3443 σου.

218 3475 346 3528 Ἐὰν
395 3474 549 3543 ἆγιος
580 3475 711 3547 ἔλθῃ
758 3478 837 3541 είς
869 3478 968 3548 τὴν
1013 3478 1192 3531 οἰκίαν
1239 3494 1359 3540 σου,
1407 3478 1578 3541 οὕτως
1626 3479 1787 3531 αὐτὸν

205 3565 521 3637 πρόσδεξαι,
555 3567 630 3630 ὡς
655 3568 747 3620 τὸν
782 3568 909 3621 Υίὸν
950 3568 1045 3621 τοῦ
1078 3568 1212 3622 Θεοῦ
1236 3587 1247 3600 ’
1296 3570 1442 3639 λέγει
1470 3571 1579 3650 γὰρ
1613 3572 1643 3623 ὁ.
1677 3570 1789 3623 Κύ-

208 3675 325 3729 ριος
358 3659 513 3728 ἡμῶν
558 3658 767 3729 Ἰησοῦς
815 3661 1049 3730 Χριστός
1075 3678 1087 3690 ·
1142 3681 1160 3710 ι
1198 3661 1256 3713 '0
1299 3661 1587 3732 δεχόμενος
1644 3663 1788 3732 ὑμᾶς

207 3751 310 3819 ἐμὲ
360 3750 592 3819 δέχεται.
623 3770 641 3801 ι
694 3749 820 3803 Ἐὰν
865 3751 1081 3823 εἰσέλθῃ
1130 3751 1269 3824 ἀνὴρ
1313 3752 1520 3816 δίκαιος
1570 3755 1650 3816 εἰς
1696 3753 1786 3805 τὸν

205 3835 356 3893 οἶκόν
390 3856 503 3904 σου,
537 3839 680 3911 μετά
708 3840 874 3909 φόϐου
908 3843 1003 3895 καὶ
1034 3842 1235 3914 τρόμου
1266 3842 1596 3913 ἀπαντήσεις
1616 3843 1783 3914 αὐτῷ,

208 3935 304 3985 καὶ
361 3934 760 4003 προσκυνήσεις
814 3933 1045 3987 ἐνώπιον
1089 3934 1197 3987 τῶν
1249 3934 1425 3988 ποδῶν
1472 3935 1635 3993 αὐτοῦ
1695 3937 1786 3989 ἐπὶ

206 4024 306 4093 τὴν
332 4022 456 4092 γῆν.
491 4024 565 4075 Οὐ
594 4022 704 4094 γὰρ
731 4024 893 4076 αὐτὸν
918 4025 1338 4096 προσκυνήσεις,
1365 4024 1502 4078 ἀλλά
1529 4026 1620 4079 τὸν
1653 4026 1784 4087 Θεὸν

204 4114 296 4166 τὸν
330 4114 728 4167 ἀποστείλαντα
766 4115 948 4169 αὐτόν.
981 4116 1139 4188 Λήψῃ
1174 4116 1232 4169 δὲ
1264 4115 1429 4187 ὕδωρ,
1476 4118 1569 4170 κα)¹
1611 4117 1785 4188 νίψεις

207 4204 333 4265 τοὺς
355 4203 524 4267 πόδας
556 4203 743 4266 αὐτοῦ,
774 4204 870 4256 καὶ
905 4205 1044 4275 μετά
1079 4207 1260 4278 πάσης
1305 4206 1590 4271 εὐλαϐείας
1621 4209 1786 4262 ἀκού-

210 4310 321 4355 σεις
352 4293 461 4345 τῶν
483 4294 658 4363 λόγων
683 4295 869 4349 αὐτοῦ.
912 4298 986 4350 Οὐ
1021 4296 1097 4369 μὴ
1140 4298 1420 4371 θαρρήσῃς
1454 4301 1546 4353 ἐπὶ
1573 4304 1637 4372 τῇ
1681 4319 1784 4355 σω-

1890 3291 2121 3354 viscere,
2167 3305 2343 3358 neque
2379 3290 2666 3344 deleantur
2711 3288 2790 3341 illi
2821 3303 2888 3342 ex
2925 3284 3093 3341 corde
3127 3293 3244 3340 tuo.
3281 3282 3339 3339 Si
3384 3283 3469 3339 vir

1891 3388 2113 3433 sanctus
2142 3378 2354 3433 venerit
2380 3378 2434 3431 in
2465 3377 2688 3433 domum
2722 3384 2891 3442 tuam,
2922 3376 2997 3430 ita
3025 3375 3262 3445 excipito
3290 3374 3466 3440 illum,

1889 3471 2045 3539 quasi
2076 3468 2271 3523 Filium
2306 3467 2439 3533 Dei;
2490 3469 2565 3523 ait
2606 3469 2752 3523 enim
2787 3466 3049 3522 Dominus
3088 3472 3279 3521 noster
3305 3463 3468 3520 Jcsus

1888 3561 2140 3617 Christus
2175 3581 2187 3615 :
2226 3580 2243 3612 ‹
2288 3560 2392 3627 Qui
2426 3575 2526 3616 vos
2569 3559 2826 3629 suscipit,
2857 3574 2945 3613 me
2989 3557 3222 3626 suscipit
3248 3556 3315 3610 ⁸³.
3349 3576 3367 3607 υ
3408 3554 3468 3610 Si

1889 3655 2169 3725 ingressus
2222 3654 2387 3709 fuerit
2438 3654 2521 3708 vir
2564 3654 2749 3722 justus
2782 3653 2836 3707 in
2867 3652 3089 3707 domum
3137 3658 3310 3714 tuam,
3340 3666 3467 3705 cum

1888 3750 2081 3802 timore
2112 3760 2164 3804 et
2195 3757 2438 3803 tremore
2475 3762 2737 3803 occurres
2785 3746 2913 3816 ipsi,
2948 3752 3003 3801 et
3031 3744 3285 3815 procides
3313 3744 3467 3798 humi

1888 3843 1953 3893 ad
1967 3838 2133 3909 pedes
2148 3839 2269 3908 ejus
2287 3839 2526 3894 adorans
2550 3840 2683 3909 (55).
2710 3836 2827 3893 Νοη
2846 3838 2991 3893 enim
3015 3837 3168 3890 illum
3186 3835 3465 3899 adorabis,

1887 3933 1983 3988 sed
2026 3932 2195 3987 Deum
2242 3932 2333 4003 qui
2376 3932 2527 3987 misit
2564 3931 2766 4001 ipsum.
2800 3932 2956 3999 Aqua
2985 3935 3231 3999 accepta,
3256 3927 3466 3982 lavabis

1886 4024 2052 4095 pedes
2072 4025 2214 4094 ejus,
2248 4033 2303 4079 et
2322 4038 2447 4078 cum
2480 4024 2627 4077 omni
2657 4021 2964 4078 reverentia
2991 4020 3158 4075 verba
3191 4019 3338 4073 illius
3366 4033 3467 4072 au-

1886 4115 2023 4170 dies.
2053 4114 2172 4169 Non
2219 4115 2464 4170 conﬁdas
2494 4114 2552 4169 in
2592 4123 2682 4169 tua
2717 4114 2991 4179 castitate,
3029 4126 3099 4167 ne
3139 4109 3337 4178 cadas;
3367 4109 3465 4166 sed

1888 4209 2018 4263 time
2050 4227 2062 4262 :
2090 4215 2296 4278 quanto
2345 4214 2589 4278 tempore
2629 4205 2848 4260 timebis
2878 4219 2986 4259 non
3035 4201 3313 4274 peccabis.
3358 4200 3467 4255 Ex~

1884 4299 2033 4367 pedit
2070 4300 2439 4354 continentem
2470 4313 2717 4354 seorsum
2741 4312 2936 4367 panem
2965 4310 3124 4351 suum
3154 4294 3460 4350 comedere.

211 4385 446 4459 φροσόνῃ
479 4404 598 4444 σου.
637 4388 723 4440 ἵνα
766 4389 840 4459 μὴ
870 4389 1075 4460 πέσῃς·
1130 4390 1265 4443 ἀλλά
1305 4391 1470 4460 φοϐοῦ
1494 4409 1506 4421 ⁸
1541 4393 1626 4461 ἐφ’
1661 4393 1783 4446 ὅσον

1892 4391 1944 4447 Si
1974 4392 2181 4449 sederis
2215 4391 2282 4444 ad
2309 4406 2551 4447 mensam
2588 4406 2711 4445 cum
2734 4390 3059 4461 virginibus,
3089 4389 3157 4444 de
3181 4387 3319 4444 cibis
3340 4402 3462 4442 om-

209 4476 315 4547 γὰρ
346 4476 484 4547 φοϐῇ
511 4518 525 4539 ,
570 4477 827 4532 οὐδέποτε
876 4481 1114 4544 πίπτεις.
1161 4482 1435 4553 Συμφέρει
1468 4486 1533 4555 τῇ
1578 4487 1780 4557 ἐγκρα-

208 4570 473 4641 τευομένῃ
503 4571 814 4640 καταμόνας
844 4573 934 4625 τὸν
966 4574 1166 4643 ἑαυτῆς
1218 4575 1380 4647 ἄρτον
1410 4576 1628 4629 ἐσθίειν.
1659 4578 1785 4631 Ἐάν

208 4661 432 4733 καθίσῃς
457 4663 595 4732 μετά
630 4664 912 4734 παρθένων
944 4668 1036 4720 ἐπὶ
1058 4668 1355 4739 τραπέζης,
1387 4671 1495 4722 πᾶν
1519 4669 1578 4723 τὸ
1610 4688 1786 4741 παρα-

207 4753 428 4807 θέμενον
458 4754 604 4808 ἔσθιε
634 4759 751 4826 μετ’
781 4759 977 4812 αὐτῶν.
1025 4759 1149 4812 Ἐὰν
1188 4760 1295 4831 γάρ
1326 4761 1400 4831 μὴ
1431 4762 1612 4832 φάγῃς
1639 4801 1653 4824 ,
1695 4763 1784 4815 εὑ-

212 4846 369 4919 ρίσκῃ
390 4847 467 4911 ὼς
500 4850 900 4920 κατακρίνουσα
938 4852 1127 4915 αὐτάς.
1178 4855 1293 4905 Οὐκ
1323 4854 1641 4922 ἀναγγελεῖς
1674 4855 1777 4924 τὴν

208 4936 434 5007 ἀσκησίν
468 4956 582 4993 σου.
627 4940 752 4994 Ἐάν
788 4941 845 4994 δὲ
889 4943 983 4995 καὶ
1012 4941 1156 4997 οἶνον
1193 4944 1427 5008 πίνουσι,
1464 4946 1559 4998 καὶ
1591 4945 1650 4997 οὺ
1688 4948 1776 4998 πί-

275 5097 321 5129 ⁴¹⁸
361 5096 550 5150 Matth.
588 5114 738 5163 xm,
773 5098 843 5152 57
867 5141 882 5161 ,
916 5100 1003 5154 40.

216 5166 293 5223 10.
398 5168 447 5199 ⁸³
486 5166 652 5223 Marc.
689 5185 781 5232 ιι,
818 5170 885 5223 36

275 5347 386 5422 (52)
415 5347 739 5422 Βοεξιὶρηᾷεἰε
762 5359 815 5403 et
841 5350 1077 5422 Anglic.,
1095 5352 1190 5405 ἐὰν
1217 5352 1467 5419 ἀγαπᾶτε
1484 5350 1763 5422 ἀλλήλους.

273 5419 382 5487 (55)
414 5420 472 5472 In
526 5419 695 5473 Basil.
731 5430 784 5473 et
829 5421 1042 5491 Anglic.
1095 5422 1209 5476 hmc
1277 5423 1414 5493 πρὸς
1481 5422 1572 5475 τὸν
1607 5419 1763 5480 Θεόν,

274 5496 418 5541 sunt.

208 5488 379 5632 (facii)
405 5558 496 5613 Sic
541 5573 735 5614 omnes
784 5575 916 5615 mss.
972 5577 1027 5614 ιιι
1072 5560 1234 5618 editis
1269 5576 1418 5626 vero,
1483 5560 1767 5632 λυπηθήσῃ

208 5630 369 5684 deest.
1618 5630 1622 5631 “
1687 5630 1693 5632 ⁷
1746 5630 1765 5631 ⁷“

274 5700 382 5770 (55)
414 5698 468 5751 lu
505 5699 617 5754 hms
661 5700 821 5756 verba
863 5708 1011 5755 notat
1070 5700 1211 5759 Felc.
1272 5702 1423 5770 Quod
1466 5701 1546 5755 hic
1577 5705 1767 5756 mentio

1082 5101 1125 5132 ⁷⁸
1164 5098 1321 5155 Joan.
1359 5116 1459 5154 xm
1484 5142 1499 5166 ,
1540 5101 1627 5154 55.
1679 5101 1753 5133 ’δθ

1893 5119 1993 5158 res.
2032 5120 2102 5167 Iv,
2134 5104 2223 5157 26.
2303 5105 2344 5136 ⁸⁸
2383 5103 2573 5157 Matth.
2620 5116 2791 5162 mn.
2830 5101 2883 5153 ὅ.

1890 4485 2051 4540 nibus
2082 4484 2377 4555 propositis
2410 4488 2665 4539 comedes
2711 4498 2835 4538 cum
2894 4482 3022 4537 illis.
3070 4479 3204 4535 Nam
3256 4481 3303 4535 si
3350 4494 3462 4533 non

1889 4574 2217 4639 comederis,
2249 4573 2506 4629 videbere
2539 4574 2660 4628 illas
2692 4572 3019 4643 improbare.
3057 4570 3176 4625 Non
3209 4569 3461 4625 declara-

1887 4668 1973 4723 bis
2005 4668 2218 4721 asccsin
2243 4684 2338 4722 seu
2365 4667 2811 4722 exercitationem
2847 4674 3016 4720 tuam.
3052 4663 3109 4720 Si
3141 4664 3328 4717 vinum
3351 4676 3458 4714 non

1886 4756 2042 4809 bibas
2084 4763 2137 4811 et
2171 4757 2360 4816 bibant
2402 4759 2552 4828 ipsm,
2598 4772 2789 4827 parum
2836 4756 3012 4810 bibito
3039 4768 3228 4809 earum
3260 4750 3456 4821 gratia.

1884 4853 2040 4920 Quod
2093 4857 2136 4909 si
2186 4856 2367 4909 adsint
2398 4871 2608 4926 magna:
2653 4870 2811 4917 anus,
2848 4860 2902 4907 et
2950 4851 3156 4921 largius
3187 4856 3241 4902 te
3273 4847 3461 4903 bibere

1884 4940 2103 5018 cogant,
2135 4964 2202 5001 ne
2236 4947 2429 5003 audias
2457 4949 2602 5009 illas,
2639 4946 2733 5000 scd
2763 4945 2851 5001 dic
2876 4944 2985 4998 illis
3012 4959 3023 4993 :
3056 4941 3164 4996 Vos
3198 4940 3253 4992 in
3282 4935 3457 4991 asccsi

3012 5097 3059 5129 ⁸³
3102 5094 3152 5150 ll
3181 5095 3303 5150 Cor.
3342 5106 3412 5143 vu
3437 5131 3453 5155 ,

1875 5348 2160 5402 estdomus
2205 5348 2424 5399 moniali
2465 5344 2714 5415 propria,
2746 5342 2953 5415 videtur
3002 5339 3057 5392 id
3098 5338 3315 5415 innuere
3349 5354 3453 5393 au-
3487 5318 3538 5411 \f-

1874 5430 2070 5471 ctorem
2110 5418 2251 5486 loqui
2280 5417 2343 5469 de
2388 5410 2570 5485 genere
2596 5413 2974 5486 monachorum
3002 5425 3120 5480 qua:
3148 5426 3249 5461 non
3274 5410 3327 5462 in
3352 5425 3455 5462 σαι·
3478 5425 3493 5486 ί.

1881 5490 2073 5546 uobiis.
2109 5472 2199 5541 sed
2236 5472 2529 5563 άυηιξυδιισι
2557 5486 2771 5563 uiuunt:
2803 5472 3335 5563 obserra'ntes‘tanlten
3368 5495 3453 5533 re-
3478 5472 3528 5563 ξς

1878 5559 2059 5627 gulam
2114 5557 2481 5611 claustruliuni
2512 5558 2563 5608 in
2594 5557 2725 5627 victu
2749 5562 2817 5627 “et
2845 5553 3058 5627 aurictu.
3108 5549 3261 5627 Quod
3278 5565 3448 5627 genus

1879 5621 2116 5699 frequens
2150 5628 2324 5680 videas
2344 5630 2393 5680 in
2420 5625 2719 5689 li'ulnrhiu,
2742 5623 2930 5677 (iussin
2959 5632 3005 5675 et
3039 5621 3243 5677 cwteris
3265 5621 3450 5673 Orien-

1880 5702 2070 5754 lalibus
2099 5701 2396 5769 pitot'incns.
