3890 6200
444 300 550 357 279

1618 296 1673 353 S.
1711 296 2177 359 ATHANASIUS.
2219 333 2287 343 —
2324 302 2552 360 DUBIA.

3576 308 3685 363 280

443 431 542 472 seu
573 402 964 471 exercitatione
1003 412 1170 468 multa
1197 410 1533 482 iuventutem
1560 423 1793 469 vestram
1835 422 2001 472 trans-

2125 435 2222 490 νῃς
2257 458 2271 483 ,
2311 418 2379 471 δι’
2432 418 2599 484 αὑτὰς
2638 419 2729 471 πίε
2782 418 2980 487 ὀλίγον.
3022 418 3147 473 Ἐάν
3199 419 3254 474 δέ
3306 421 3411 474 εἰσι
3457 423 3687 492 μεγάλαι

440 507 670 577 egistis:
694 514 752 561 at
779 514 881 579 ego
911 522 979 562 ne
1006 506 1073 561 ad
1112 506 1345 576 primum
1380 505 1596 575 quidem
1625 516 1866 564 vestrum
1887 524 2013 580 gra-

441 596 573 652 dum
601 598 843 668 perveni.
867 596 1040 653 Porro
1055 596 1123 653 de
1147 597 1517 667 hospitalitate
1546 603 1600 652 et
1624 598 2009 670 eleemosynis,

439 703 552 744 non
580 705 719 761 opus
747 698 831 748 est
862 698 922 746 ut
950 690 1314 746 admonearis.
1347 686 1407 744 ld
1435 689 1582 744 enim
1609 697 1667 744 tu
1695 701 1888 761 sponte
1918 700 2012 746 tua

440 781 632 839 facies.

2121 508 2498 579 πρεσϐύτιδες,
2530 511 2622 563 καὶ
2650 510 3000 577 ἀναγκάζωσι
3041 527 3098 564 σε
3135 514 3276 565 πιεῖν
3301 513 3577 584 περισσὸν,
3610 514 3685 584 μὴ

2122 600 2363 673 ἀκούσῃς
2387 602 2589 667 αὐτῶν,
2618 602 2751 656 ἀλλά
2779 602 2904 672 λέγε
2941 604 3131 668 αὐταῖς
3157 622 3170 635 ⁸
3218 605 3405 676 Ὑμεῖς
3442 606 3690 677 κατετρί-

2118 691 2260 762 ψατε
2283 693 2381 764 τὴν
2413 695 2639 765 νεότητα
2674 696 2827 766 ὑμῶν
2867 697 2927 748 ὲν
2955 696 3187 766 ἀσκήσει
3230 696 3395 768 πολλῇ
3422 714 3435 727 ·
3475 696 3584 766 ἐγὼ
3629 697 3689 750 δὲ

2122 784 2277 840 οὔπω
2309 786 2520 856 ἔφθασα
2568 788 2691 842 οὐδὲ
2727 786 2809 852 εἰς
2848 789 3061 872 πρῶτον
3111 790 3315 862 βαθμὸν
3353 790 3506 861 ὑμῶν
3549 789 3684 862 (56).

439 877 576 949 Περὶ
626 877 684 930 δὲ
733 878 834 949 τῆς
882 874 1185 946 φιλοξενίας
1218 875 1326 946 Luat
1373 877 1475 948 τῆς
1521 876 1893 947 ἐλεημοσύνης
1945 877 2006 929 οὑ
2045 880 2234 949 χρείαν
2272 880 2415 952 ἔχεις
2476 882 2862 940 νουθετεῖσθαι.
2927 883 3058 937 Ἀπὸ
3122 885 3349 957 σεαυτῆς
3390 883 3498 956 γὰρ
3535 886 3689 957 ποιή-

440 989 573 1036 σεις.

506 1090 596 1145 23.
632 1087 689 1142 In
719 1087 948 1144 ecclesia
978 1094 1119 1153 tace,
1153 1102 1254 1143 nec
1301 1080 1594 1158 quidquam
1626 1088 1883 1158 loquare;
1915 1085 2011 1142 sed

438 1181 658 1236 attende
695 1179 873 1236 solum
904 1179 1148 1234 lectioni.
1191 1178 1250 1233 Si
1294 1180 1389 1237 tibi
1415 1181 1468 1233 in
1517 1186 1753 1235 mentem
1802 1180 2011 1235 venerit

437 1272 659 1345 aliquod
692 1286 830 1343 opus
862 1285 1139 1341 peragere,
1173 1286 1244 1325 ne
1280 1278 1486 1328 temere
1514 1272 1567 1327 id
1600 1286 1750 1343 agas,
1783 1288 1854 1327 ne
1884 1272 2008 1326 illu-

436 1367 528 1422 dat
550 1365 648 1420 tibi
672 1365 962 1430 inimicus;
994 1362 1089 1417 sed
1119 1378 1244 1418 cum
1273 1365 1507 1421 consilio
1531 1366 1797 1435 majorum
1823 1365 2006 1421 omnia

436 1471 757 1527 exsequare.
799 1453 933 1510 Cum
966 1454 1167 1525 psalles
1200 1464 1294 1509 aut
1320 1456 1527 1521 orabis,
1559 1471 1625 1511 ne
1657 1455 1823 1510 sinito
1852 1470 2010 1525 pere-

435 1547 620 1619 grinas
650 1546 1013 1616 cogitationes
1047 1560 1144 1600 cor
1163 1545 1350 1602 subire
1380 1556 1554 1602 tuum.
1579 1545 1731 1617 Rogo
1761 1555 1833 1611 te,
1870 1546 2011 1600 dile-

2188 1081 2280 1137 25.
2336 1080 2425 1134 Ἐν
2456 1080 2722 1152 ἐκκλησίᾳ
2757 1081 2963 1146 σιώπα,
2996 1084 3090 1136 καὶ
3121 1083 3287 1154 μηδὲν
3330 1084 3478 1140 λάλει
3504 1128 3518 1153 ,
3550 1090 3689 1146 ἀλλά

2114 1179 2181 1246 τῃ
2217 1172 2520 1241 ἀναγνώσει
2554 1174 2711 1244 μόνον
2740 1173 2993 1245 πρόσεχε.
3040 1174 3166 1228 Ἐἀν
3192 1177 3437 1250 ἐπανασῇ
3480 1182 3559 1244 εἰς
3584 1183 3687 1253 τὴν

2116 1265 2343 1338 καρδίαν
2377 1283 2470 1319 σου
2503 1265 2781 1337 λογισμὸς,
2829 1266 2915 1321 ἵνα
2951 1268 3184 1339 ποιήσῃς
3213 1271 3447 1340 πρᾶγμά
3492 1289 3567 1336 τι,
3609 1273 3686 1346 μὴ

2113 1357 2400 1428 προπετῶς
2425 1356 2558 1410 αὐτὸ
2587 1358 2749 1423 ποίει,
2783 1358 2871 1413 ἵνα
2902 1357 2975 1429 μή
3017 1358 3261 1433 ὲμπαίξῃ
3292 1377 3351 1413 σε
3390 1363 3418 1414 6
3456 1363 3644 1436 ἐχθρός
3668 1383 3683 1394 ·

2109 1448 2244 1502 ἀλλά
2272 1448 2412 1520 μετὰ
2440 1448 2636 1520 βουλῆς
2665 1449 2774 1504 τῶν
2807 1450 3133 1522 μειζοτέρων
3164 1468 3257 1504 σου
3292 1453 3469 1506 πάντα
3518 1455 3684 1511 ποίει.

2111 1541 2281 1596 Ὅταν
2308 1540 2537 1613 ψάλλῃς,
2567 1541 2599 1613 ἢ
2625 1541 2736 1612 (57)
2763 1542 2891 1594 ὅταν
2920 1540 3221 1614 προσεύχῃ,
3255 1542 3328 1615 μή
3350 1543 3475 1612 ἄφιε
3500 1544 3688 1611 ξένους

434 1646 545 1701 cta,
591 1646 649 1693 ut
701 1637 952 1694 attendas
997 1636 1297 1708 audiasque
1338 1646 1608 1707 praecepta
1633 1637 1737 1692 hoc
1781 1641 1836 1691 in
1866 1637 2001 1692 libro

2109 1632 2402 1703 λογισμοὺς
2426 1632 2649 1686 εἰσιέναι
2685 1634 2764 1697 εἰς
2806 1634 2908 1703 τὴν
2951 1633 3178 1705 καρδίαν
3213 1650 3328 1691 σου.
3374 1636 3685 1708 Παρακαλῶ

434 1728 663 1797 scripta.
697 1725 806 1781 Nec
843 1727 1021 1781 solum
1053 1726 1229 1781 oculis
1264 1725 1626 1782 exterioribus
1658 1741 1777 1796 quae
1806 1727 2001 1796 scripta

2113 1741 2195 1789 σε,
2234 1724 2515 1795 ἀγαπητὴ,
2551 1724 2781 1795 πρόσεχε
2818 1725 2913 1778 καὶ
2949 1724 3113 1778 ἄκουε
3143 1725 3252 1778 τῶν
3289 1725 3516 1780 ἐντολῶν
3561 1727 3684 1782 τού-ι

434 1824 564 1872 sunt
592 1818 884 1889 percipias,
933 1817 1026 1873 sed
1059 1817 1219 1872 etiam
1250 1817 1620 1873 interioribus.
1658 1816 2008 1888 Singulisque

432 1908 715 1977 praeceptis
737 1908 977 1962 animum
1004 1907 1218 1971 adhibe,
1240 1917 1294 1960 et
1320 1906 1411 1960 illa
1435 1922 1751 1975 exsequere.
1780 1905 1836 1961 Si
1861 1909 2010 1961 enim

433 2001 537 2052 ista
568 1996 895 2060 servaveris,
925 1997 1072 2067 regio
1116 1996 1358 2049 thalamo
1392 1995 1554 2065 digna
1589 1995 1896 2052 habeberis.
1932 1997 2008 2051 Ne

432 2088 636 2144 dixeris
672 2089 726 2142 in
751 2087 914 2163 corde
944 2096 1038 2142 tuo
1074 2107 1087 2142 :
1118 2087 1364 2154 Quonam
1400 2087 1562 2143 modo
1596 2087 1709 2142 haec
1748 2095 2008 2158 praastare

433 2179 661 2249 potero?
693 2178 771 2235 Ne
812 2181 1009 2234 timore
1045 2179 1365 2248 corripiaris
1402 2179 1459 2233 in
1517 2180 1846 2249 cogitatione
1874 2189 2004 2247 tua;

432 2274 529 2328 sed
558 2273 605 2328 si
624 2289 747 2328 cum
771 2276 918 2327 omni
945 2273 1225 2328 alacritate
1244 2288 1307 2327 ea
1336 2272 1682 2337 custodieris,
1712 2272 1880 2328 Deum
1910 2273 2005 2326 ba-

431 2365 586 2420 bebis
629 2364 956 2436 adjutorem.
991 2364 1123 2418 Nam
1160 2365 1480 2421 timentibus
1531 2363 1698 2419 Deum
1749 2365 1840 2420 Dei
1870 2383 2004 2437 prae-

430 2467 585 2527 cepta
629 2473 739 2513 non
769 2463 897 2513 sunt
928 2455 1188 2512 difﬁcilia.
1224 2454 1383 2511 Nulla
1414 2456 1549 2511 hora
1582 2455 1797 2512 deﬁciat
1824 2459 2003 2512 oleum

430 2550 485 2602 in
512 2549 759 2620 lampade
777 2558 890 2611 tua.
910 2563 981 2604 ne
1002 2549 1224 2604 veniens
1253 2562 1509 2618 sponsus,
1532 2562 1651 2601 eam
1679 2547 2002 2602 exstinctam

432 2638 689 2695 inveniat.
720 2639 945 2710 Ignoras
975 2639 1121 2695 enim
1151 2654 1260 2710 qua
1301 2638 1437 2694 hora
1465 2648 1728 2695 venturus
1764 2642 1857 2699 sit.
1889 2643 2004 2709 pri-

429 2746 591 2787 mone
638 2746 832 2786 somno
864 2746 933 2786 an
966 2746 1147 2786 mane.
1175 2730 1371 2784 Parata
1406 2730 1573 2801 igitur
1594 2738 1746 2796 esto,
1782 2741 1837 2785 ut
1877 2746 2000 2785 cum

428 2821 657 2886 venerit,
698 2836 805 2876 una
845 2837 968 2876 cum
1013 2820 1372 2891 prudentibus
1408 2819 1624 2876 obviam
1658 2821 1762 2890 ipsi
1793 2820 2000 2885 venias,

432 2911 642 2967 habens
667 2912 843 2967 oleum
874 2912 929 2966 in
973 2911 1222 2983 lampade
1252 2921 1367 2976 tua,
1404 2911 1507 2967 hoc
1534 2920 1638 2980 est,
1666 2913 1807 2969 bona
1839 2929 2003 2984 opera

430 3012 545 3057 tua.
595 3001 835 3074 Singulis
872 3004 1026 3065 horis
1065 3013 1337 3059 memento
1378 3004 1556 3059 exitus
1595 3004 1672 3059 tui
1707 3021 1720 3057 :
1760 3004 2003 3075 quotidie

2109 1831 2216 1867 των
2251 1815 2358 1870 τῶν
2386 1815 2789 1885 γεγραμμένων
2818 1816 2876 1869 ὲν
2900 1814 2978 1886 τῷ
3003 1815 3192 1886 βιϐλίῳ
3221 1815 3418 1889 τούτῳ.
3464 1819 3575 1872 Καὶ
3604 1820 3683 1891 μὴ

2112 1906 2271 1976 μόνον
2301 1908 2415 1970 τοῖς
2458 1906 2755 1977 ὀφθαλμοῖς
2784 1909 2897 1970 τοῖς
2930 1908 3275 1978 φαινομένοις
3321 1910 3568 1963 κατανόει
3609 1910 3682 1964 τὰ

2107 1997 2469 2069 γεγραμμένα
2492 2039 2504 2059 ,
2549 1997 2685 2052 ἀλλά
2724 2001 2818 2052 καὶ
2863 2002 2976 2063 τοῖς
3016 1998 3250 2055 ἔνδοθεν.
3295 2001 3406 2054 Καὶ
3446 2001 3682 2074 πρόσεχε

2112 2091 2211 2161 μιᾷ
2236 2091 2440 2161 ἑκάστῃ
2481 2091 2690 2162 ἐντολῇ,
2731 2092 2824 2144 καὶ
2863 2092 3006 2143 ποίει
3044 2092 3234 2156 αὐτάς.
3273 2093 3398 2147 Ἐὰν
3436 2093 3545 2166 γὰρ
3573 2111 3680 2163 φυ-

2107 2181 2274 2255 λάξῃς
2309 2182 2480 2235 ταῦτα
2505 2224 2518 2248 ,
2557 2181 2941 2257 καταξιωθήσῃ
2971 2184 3064 2237 τοῦ
3093 2184 3376 2255 νυμφῶνος
3405 2186 3499 2238 τοῦ
3529 2185 3685 2256 βασι-

2107 2273 2280 2328 λικοῦ.
2311 2275 2401 2345 Μὴ
2428 2275 2586 2345 εἴπῃς
2615 2275 2672 2327 ἐν
2698 2277 2762 2345 τῇ
2798 2273 2994 2345 καρδίᾳ
3028 2290 3141 2339 σου,
3161 2275 3263 2337 ὅτι,
3286 2273 3410 2334 Πῶς
3445 2275 3681 2345 δύναμαι

2108 2367 2333 2438 ποιῆσαι
2362 2367 2567 2433 ταῦτα;
2601 2367 2692 2439 Μὴ
2741 2367 2942 2422 δειλίαν
2987 2367 3127 2440 λάϐῃ
3176 2371 3204 2422 6
3252 2369 3510 2440 λογισμός
3548 2383 3676 2421 σουο

2106 2461 2221 2514 ἀλλ’
2254 2460 2321 2514 ἂν
2354 2459 2466 2532 (58)
2505 2460 2642 2532 μετά
2692 2460 2873 2531 πάσης
2906 2461 3215 2533 προθυμίας
3243 2462 3484 2534 φυλάξῃς
3511 2462 3673 2523 αὐτὰ,

2106 2549 2361 2621 εὑρήσεις
2397 2548 2683 2619 σύμμαχον
2713 2549 2806 2603 τὸν
2840 2550 2994 2604 Θεόν.
3035 2550 3161 2614 Τοῖς
3188 2550 3540 2622 φοϐουμένοις
3568 2549 3680 2622 γὰρ

2105 2642 2197 2696 τὸν
2222 2641 2354 2695 Θεὸν
2385 2643 2441 2695 αἰ
2476 2641 2687 2695 ἐντολαὶ
2706 2640 2799 2695 τοῦ
2830 2642 2963 2695 Θεοῦ
2992 2641 3205 2715 βαρεῖαι
3234 2644 3334 2696 οὐκ
3359 2643 3486 2698 εἰσί.
3518 2643 3677 2714 Πάσῃ

2106 2731 2225 2804 ὥρᾳ
2265 2731 2339 2803 μὴ
2384 2730 2623 2801 λειψάτω
2671 2730 2845 2784 ἔλαιον
2884 2734 2953 2802 τῇ
2987 2732 3236 2803 λαμπάδι
3272 2749 3388 2798 σου,
3441 2732 3513 2802 μή
3546 2748 3678 2785 ποτε

2105 2824 2236 2899 ἔλθῃ
2261 2826 2290 2878 6
2312 2824 2561 2897 νυμφίος,
2595 2824 2688 2879 καὶ
2718 2822 2853 2895 εὕρῃ
2873 2824 3040 2895 αὐτὴν
3074 2824 3410 2879 σϐεσθεῖσαν.
3450 2825 3564 2876 Οὐκ
3595 2817 3678 2875 οἷ-

2104 2916 2200 2980 δας
2232 2915 2341 2989 γὰρ
2371 2916 2500 2969 πότε
2528 2916 2765 2986 ἔρχεται,
2798 2915 2830 2985 ἢ
2867 2916 3275 2986 πρωτοΰπνιον,
3307 2915 3339 2987 ἢ
3383 2914 3547 2986 πρωῒ.
3581 2913 3681 2965 Γε-

2107 3005 2197 3062 νοῦ
2228 3002 2320 3061 οὖν
2349 3006 2592 3077 ἕτοιμος·
2631 3006 2736 3071 ἵνα,
2764 3005 2892 3059 ὅταν
2916 3004 3066 3078 ἔλθῃ,
3103 3005 3240 3077 μετά
3267 3005 3374 3060 τῶν
3401 3004 3680 3076 φρονίμων

433 3102 663 3149 mortem
692 3101 818 3150 ante
850 3095 1042 3150 oculos
1074 3093 1271 3151 habeto
1297 3114 1308 3149 :
1341 3092 1633 3151 recordare
1675 3093 1817 3164 apud
1839 3109 1999 3164 quem

2109 3101 2423 3172 ἀπαντήσῃς
2452 3098 2622 3170 αὐτῷ,
2655 3097 2854 3168 ἔχουσα
2902 3099 2965 3151 τὸ
2999 3098 3176 3152 ἔλαιον
3219 3099 3276 3151 ὲν
3319 3101 3385 3169 τῇ
3432 3094 3680 3167 λαμπάδι

429 3194 482 3240 te
502 3186 628 3242 sisti
651 3192 881 3256 oportet.

431 3277 622 3347 μόνευε
686 3277 785 3349 τῆς
840 3275 1019 3341 ἐξόδου
1075 3294 1167 3331 σου
1222 3293 1234 3310 ·

431 3369 713 3440 ραστῆναι.

497 3484 588 3539 24.
620 3483 795 3539 Grave
819 3484 1077 3554 quiddam
1101 3491 1186 3539 est
1208 3484 1433 3548 ascesis,
1457 3484 1691 3541 diilicilis
1722 3488 2005 3541 continen-

427 3575 533 3641 tia;
580 3574 675 3630 sed
720 3575 856 3629 nihil
895 3575 1111 3630 dulcius
1157 3576 1370 3632 caelesti
1404 3592 1626 3647 sponso.
1663 3575 1762 3631 Hic
1807 3593 2000 3647 parum

429 3666 763 3731 laboramus,
811 3675 865 3721 et
898 3666 1010 3721 illic
1065 3666 1232 3720 vitam
1259 3674 1517 3721 :eternam
1563 3680 2001 3737 consequemur;

427 3758 504 3812 ait
531 3758 675 3813 enim
698 3757 891 3814 beatus
919 3757 1121 3813 Paulus
1156 3777 1169 3812 :
1211 3777 1230 3810 ι
1270 3757 1387 3813 Non
1423 3764 1551 3814 sunt
1567 3758 1852 3829 condignae
1878 3773 2002 3827 pas-

426 3851 613 3906 siones
644 3850 809 3920 hujus
838 3852 1102 3922 temporis
1132 3851 1200 3905 ad
1233 3850 1469 3906 futuram
1510 3852 1739 3922 gloriam
1774 3867 1895 3923 quae
1922 3868 2004 3907 re-

426 3942 695 3998 velabitur
748 3942 804 3996 in
831 3943 992 3998 nobis
1021 3942 1088 3997 ⁸⁸.
1128 3961 1148 3994 ›
1181 3941 1390 3997 Bonum
1435 3949 1519 3998 est
1549 3941 1734 4013 fugere
1762 3944 1999 4012 turbam,

425 4041 481 4088 et
533 4046 779 4088 seorsum
834 4034 1107 4089 secedere.
1163 4033 1355 4105 Magna
1410 4036 1586 4091 virtus
1640 4037 1999 4104 continentia,

426 4140 621 4195 magna
653 4125 824 4195 gloria
861 4126 1112 4187 castitas,
1145 4141 1337 4196 magna
1370 4128 1619 4183 encomia
1647 4130 1999 4200 virginitatis.

427 4217 473 4269 0
499 4217 808 4288 virginitas,
838 4218 1120 4273 immensae
1140 4219 1376 4275 divitiae!
1410 4234 1443 4274 0
1465 4221 1772 4292 virginitas,
1796 4238 1999 4279 corona

427 4309 926 4364 immarcescibilis!
965 4325 1000 4363 o
1042 4310 1355 4381 virginitas,
1386 4313 1645 4382 templum
1670 4312 1764 4369 Dei
1794 4323 1850 4369 et
1874 4314 1997 4385 Spi-

424 4400 565 4454 ritus
610 4401 787 4455 sancti
838 4402 1241 4457 habitaculum!
1271 4417 1304 4456 o
1360 4403 1666 4474 virginitas,
1701 4406 1998 4476 margarita

422 4490 685 4560 pretiosa,
715 4493 903 4548 multis
948 4493 1144 4557 latens,
1180 4510 1211 4549 a
1239 4497 1429 4565 paucis
1469 4497 1720 4551 inventa!
1758 4512 1792 4551 ο
1822 4498 1998 4552 conti-

424 4584 632 4645 nentia,
656 4582 751 4640 Dei
781 4586 977 4652 amica,
1007 4594 1060 4642 et
1093 4603 1125 4641 a
1160 4590 1367 4645 sanctis
1399 4590 1701 4646 celebrata!
1739 4606 1772 4645 o
1818 4592 1995 4645 conti-

422 4675 628 4730 nentia.
650 4675 838 4731 multis
881 4675 1093 4739 odiosa,
1127 4677 1196 4731 iis
1226 4679 1319 4748 qui
1352 4688 1404 4734 te
1442 4679 1751 4750 digni.sunt
1774 4680 1990 4750 agnita!

422 4781 456 4817 o
487 4764 848 4828 continentia,
876 4782 998 4836 qua:
1024 4766 1221 4835 eﬂ‘ugis
1261 4777 1490 4825 mortem
1517 4778 1571 4823 et
1620 4771 1913 4831 infernum.
1940 4779 1995 4827 et

423 4856 491 4910 ab
525 4856 935 4913 immortalitate
978 4858 1313 4927 possideris!
1374 4878 1407 4915 ο
1454 4862 1807 4925 continentia,
1855 4878 1986 4931 gau-

421 4940 571 5002 dium
603 4951 1014 5019 prophetarum,
1050 4958 1105 5006 et
1163 4953 1532 5021 apostolorum
1570 4953 1854 5024 gloriatio!
1885 4954 1992 5025 95

421 5057 455 5095 o
486 5043 845 5106 continentia,
881 5045 1193 5113 angelorum
1219 5046 1352 5111 vita,
1388 5054 1440 5099 et
1470 5054 1787 5102 sanctorum
1818 5046 1996 5100 homi-

420 5150 551 5187 num
596 5136 826 5189 corona!
880 5134 1080 5192 Beatus
1109 5145 1194 5192 est
1232 5138 1322 5206 qui
1370 5144 1421 5191 te
1447 5145 1616 5201 tenet,
1658 5139 1853 5194 beatus
1902 5138 1997 5208 qui

491 5289 537 5320 ⁸⁷⁸
553 5287 712 5344 Rom.
748 5304 845 5344 vm
865 5327 881 5355 ,
916 5289 1005 5345 18.

467 5443 693 5527 ,(Γίϐὶηῐη
734 5442 881 5527 ξθιεῖ
930 5444 966 5497 2
1011 5444 1164 5515 ὑμῶν
1203 5444 1374 5499 deest.
1435 5444 1568 5499 Ibid.
1617 5443 1808 5510 Basil.,
1855 5444 1992 5516 Περὶ

418 5513 527 5581 γὰρ
564 5514 660 5582 τῆς
684 5513 795 5580 φιλ·
1053 5513 1061 5515 “

490 5584 602 5649 (57)
636 5584 704 5636 Ἥ
736 5583 886 5638 deest
915 5584 970 5637 in
1004 5583 1147 5637 Felc.
1179 5585 1233 5640 2.

491 5652 601 5727 (38)
636 5654 733 5705 ’Λν
755 5654 908 5727 deest
928 5655 998 5727 in
1039 5655 1199 5707 Basil.
1230 5654 1534 5727 Moxridem,
1565 5654 1806 5727 φυλάξῃς
1831 5655 1987 5727 αὑτά.

418 5723 772 5795 Anglicanus,
806 5723 1058 5792 φυλάξεις
1102 5726 1287 5787 αὑτάς.
1344 5726 1506 5791 Editi,
1550 5723 1774 5796 φυλάξῃ
1802 5725 1995 5788 αὑτάς.

2109 3207 2224 3254 σου,
2255 3189 2497 3244 τουτέστι
2522 3188 2589 3241 τὰ
2619 3187 2756 3259 ἔργα
2778 3204 2870 3240 σου
2894 3187 2962 3241 τά
2986 3188 3146 3243 καλά.
3167 3189 3354 3243 Πᾶσαν
3374 3187 3521 3260 ὤραν
3539 3202 3679 3258 μνη-

1301 3278 1391 3348 ἐχε
1444 3276 1568 3332 καθ’
1624 3276 1840 3349 ἡμέραν
1886 3279 1992 3350 πρὸ
2028 3281 2321 3354 ὀφθαλμῶν
2385 3283 2477 3336 τὸν
2535 3282 2780 3336 θάνατον·
2828 3280 3130 3353 μνημόνευε
3195 3280 3301 3334 τὶνι
3350 3297 3411 3333 σε
3454 3279 3533 3332 δεῖ
3572 3293 3678 3330 πα-

2172 3481 2424 3555 24.Βαρύ
2452 3485 2599 3536 ἐστιν
2627 3482 2879 3551 ἄσκησις,
2921 3480 3012 3533 καὶ
3042 3479 3443 3534 δυσϐάστακτον
3471 3481 3679 3554 ἐγκρά.

2102 3596 2258 3633 τεια’
2308 3577 2422 3632 ἀλλ’
2468 3575 2619 3629 οὐδέν
2670 3576 2786 3627 ἐστι
2830 3573 3162 3645 γλυκύτερον
3210 3573 3302 3626 τοῦ
3349 3575 3675 3647 ἐπουρανίου

2103 3668 2359 3742 νυμφίου.
2395 3662 2521 3721 Ὧδε
2555 3668 2836 3739 κάμνομεν
2874 3665 3053 3735 ὀλίγον
3077 3706 3092 3730 ,
3143 3667 3259 3720 ἐκεῖ
3295 3666 3351 3721 δὲ
3400 3668 3500 3740 τὴν
3540 3669 3676 3723 αἰώ-

2104 3779 2215 3817 νιον
2256 3761 2367 3833 (59)
2419 3759 2563 3831 ζωὴν
2610 3758 3003 3831 ἀποληψόμεθα
3032 3774 3045 3789 '
3084 3758 3233 3828 λέγει
3279 3760 3386 3831 γὰρ
3439 3762 3467 3813 6
3522 3760 3678 3830 ἅγιος

2104 3851 2318 3916 Παῦλος
2343 3869 2356 3882 ο
2397 3871 2415 3903 ι
2439 3854 2553 3905 Οὐκ
2595 3848 2721 3915 ἀξια
2766 3850 2834 3903 τὰ
2880 3848 3178 3921 παθήματα
3216 3850 3308 3904 τοῦ
3347 3849 3441 3904 νῦν
3482 3853 3678 3924 καιροῦ

2103 3944 2238 4016 πρὸς
2263 3943 2361 4015 τήν
2388 3943 2683 4014 μέλλουσαν
2712 3939 2868 4006 δόξαν
2891 3941 3340 4012 ἀποκαλυφθῆναι
3369 3945 3448 4007 εἰς
3470 3946 3633 4015 ἡμᾶς.
3651 3964 3673 3996 ι

2101 4038 2279 4092 Καλὸν
2327 4036 2659 4106 ἀποφεύγειν
2706 4034 2818 4106 (60)
2874 4034 2965 4088 τὸν
3018 4034 3171 4105 ὄχλον
3225 4037 3320 4090 καὶ
3370 4037 3679 4108 ἀναχωρεῖν

2100 4122 2433 4201 καταμόνας.
2462 4126 2686 4198 Μεγάλη
2710 4126 2877 4198 ἀρετὴ
2900 4127 3216 4197 ἐγκράτεια,
3247 4128 3391 4199 μέγα
3413 4128 3680 4200 καύχημά

2101 4225 2248 4276 ἐστιν
2291 4220 2511 4291 ἁγνεία,
2561 4219 2771 4290 μεγάλα
2805 4216 3056 4289 ἐγκώμια
3090 4219 3190 4289 τῆς
3249 4220 3561 4293 παρθενίας.
3602 4219 3680 4275 το

2104 4312 2391 4384 παρθενία,
2422 4310 2649 4373 πλοῦτος
2679 4309 3060 4379 ἀκατάληπτος
3086 4310 3098 4363 ἰ
3142 4304 3186 4361 ὧ
3218 4309 3508 4381 παρθενία,
3549 4310 3679 4363 στέ-

2106 4420 2271 4474 φανος
2303 4400 2704 4473 ἀμαράντινοςί
2751 4394 2796 4454 ὦ
2839 4400 3133 4472 παρθενία,
3178 4400 3305 4464 ναὸς
3346 4400 3480 4453 Θεοῦ
3505 4442 3522 4465 ,
3576 4403 3678 4456 καὶ

2104 4497 2261 4565 ἀγίου
2307 4494 2620 4566 Πνεῦματος
2655 4494 3006 4566 οἰκητήριονί
3041 4487 3086 4547 ὦ
3130 4492 3415 4564 παρθενία,
3462 4512 3679 4565 μαργα-

2108 4589 2224 4658 ρῖτα
2256 4585 2404 4656 τίμιε
2433 4584 2583 4656 παρὰ
2612 4583 2824 4646 πολλοῖς
2866 4581 3078 4653 ἀφανὴς
3106 4625 3119 4645 ,
3153 4583 3353 4651 ὀλίγοις
3393 4583 3450 4636 δὲ
3493 4584 3678 4655 μόνοις

2102 4677 2524 4749 εὑρισκόμενοςί
2573 4671 2643 4728 ’Ὦ
2672 4675 2968 4747 ἐγκράτεια
3010 4675 3138 4744 φίλη
3180 4672 3337 4739 Θεοῦ,
3390 4676 3483 4728 καὶ
3526 4676 3682 4747 παρὰ

2104 4769 2279 4838 ἁγίοις
2327 4765 2819 4838 ἐγκωμιαζομένηί
2855 4760 2900 4819 ὧ
2936 4767 3226 4836 ἐγκράτεια
3278 4765 3429 4837 παρά
3459 4766 3677 4832 πολλοῖς

2102 4858 2418 4931 μισουμένη,
2437 4861 2545 4921 τοῖς
2567 4858 2623 4911 δὲ
2647 4856 2814 4921 ἀξίοις
2830 4874 2922 4909 σου
2954 4854 3328 4927 γνωριζομένη
3351 4858 3362 4909 l
3393 4851 3439 4910 ὦ
3468 4859 3674 4929 ἐγκρά-

2099 4969 2240 5019 τεια,
2279 4950 2507 5005 θάνατον
2544 4950 2637 5002 καὶ
2677 4949 2808 5021 ᾅδην
2842 4949 3245 5018 ἀποφεύγουσα,
3277 4950 3371 5003 καὶ
3403 4950 3508 5003 ὑπὸ
3539 4951 3677 5003 ἀθα-

2099 5046 2289 5109 νασίας
2319 5045 2654 5116 κατεχομένη
2680 5045 2693 5098 !
2725 5039 2770 5098 ὧ
2819 5037 3143 5114 ἐγκράτεια,
3170 5042 3316 5116 χαρὰ
3355 5044 3674 5116 προφητῶν,

2101 5138 2197 5191 καὶ
2211 5135 2523 5189 ἀποστόλων
2547 5134 2826 5205 καύχημαί
2857 5128 2902 5187 ὦ
2923 5134 3242 5205 ἐγκράτεια,
3261 5135 3507 5204 ἀγγέλων
3534 5134 3672 5204 βίος,

2097 5443 2297 5498 Ibidem
2320 5445 2456 5507 ha:c,
2490 5445 2740 5567 εὑρήσεις
2771 5445 3056 5517 σύμμαχον
3083 5446 3172 5500 τὸν
3201 5446 3353 5513 Θεόν,
3389 5446 3586 5502 desunt
3614 5447 3674 5501 in

2098 5514 2383 5567 Basiliensi
2443 5523 2498 5567 et
2596 5515 2757 5567 nalic.
2796 5516 2916 5567 Mox
2957 5516 3065 5567 γάρ
3108 5516 3261 5567 deest
3304 5519 3359 5567 in
3416 5519 3674 5567 omnihun

2098 5514 2383 5568 Basiliensi
2443 5523 2498 5569 et
2546 5514 2757 5584 Anglic.
2796 5514 2916 5569 mox
2957 5514 3065 5585 γάρ
3108 5516 3261 5574 deest
3304 5519 3361 5573 in
3416 5519 3677 5575 omnibus

2098 5584 2285 5646 editis,
2325 5585 2556 5639 habetur
2588 5586 2642 5638 in
2677 5586 2932 5640 omnibus
2960 5602 3096 5644 mss.

2172 5652 2281 5723 (59)
2315 5654 2650 5719 Basiliensis,
2686 5655 2930 5709 αἰωνίαν.

2172 5725 2283 5796 (60)
2319 5724 2653 5792 Basiliensis,
2679 5726 3005 5795 ἀποφυγεῖν.
