3890 6200
258 291 365 347 281

1336 288 1675 347 SYNOPSIS
1716 288 2133 348 SCRIPTURE
2175 290 2446 351 SACRE.

3438 297 3546 352 289.

261 407 364 459 καὶ
416 404 589 473 ἁγίων
627 401 930 475 ἀνθρώπων
970 402 1274 472 στέφανοςξ
1310 404 1596 476 Μακάριος
1639 406 1668 458 6
1708 421 1842 458 κατ-

1956 406 2208 477 perdurat
2229 407 2286 462 in
2314 408 2398 463 tui
2423 407 2733 472 tolerantia,
2765 408 2890 478 quia
2936 415 3059 479 post
3084 407 3360 463 modicum
3389 409 3544 464 labo»

260 496 410 566 έχων
448 512 529 558 σε,
555 493 870 566 μακάριοςό
900 491 1328 565 προσκαρτερῶν
1358 509 1452 546 σου
1480 496 1548 564 τῇ
1579 493 1847 566 ὑπομονῇ·

259 591 370 652 ᾶτι,
401 587 582 656 ὀλίγον
612 587 904 651 κοπιάσας,
933 585 1068 638 πολὺ
1099 586 1396 657 χαρήσεται
1426 587 1484 639 ὲν
1513 586 1616 640 σοί.
1656 586 1852 640 Mand-

260 698 384 752 ριος
429 682 459 734 6
507 678 810 749 νηστεύσας
854 679 976 732 ὅλον
1025 679 1117 732 τὸν
1166 677 1357 749 χρόνον
1388 677 1612 746 τοῦτον,
1662 679 1745 732 ὅτι
1793 681 1850 732 ὲν

256 775 329 842 τῇ
367 772 479 826 ἄνω
525 769 880 841 Ἰερουσαλὴμ
907 771 1252 840 κατοικήσει,
1285 771 1379 822 καὶ
1419 769 1556 840 μετὰ
1601 770 1850 838 ἀγγέλων

259 860 517 930 χορεύσει
549 860 683 930 (61),
719 859 812 912 καὶ
849 859 990 930 μετὰ
1028 860 1198 928 ἁγίων
1246 860 1544 931 προφητῶν
1591 863 1684 914 καὶ
1713 863 1849 915 ἀπο-

260 950 470 1002 στόλων
501 949 896 1004 ἀναπαύσεται.

331 1042 420 1096 25.
449 1041 631 1095 Ταῦτα
653 1041 868 1112 ἐγραψά
900 1057 1000 1105 σοι,
1019 1040 1279 1114 ἀγαπητὴ
1312 1040 1536 1111 ἀδελφὴ,
1558 1041 1848 1113 χορεύτρια

253 1136 520 1208 Χριστοῦ,
562 1135 701 1206 πρὸς
733 1133 1034 1206 στηριγμὸν
1081 1134 1174 1186 καὶ
1205 1133 1472 1203 ὠφέλειαν
1518 1133 1622 1204 τῆς
1668 1134 1847 1204 ψυχῆς

254 1244 376 1280 σου.
416 1227 506 1297 Μὴ
542 1225 798 1296 ἐκκλίνῃς
821 1221 914 1278 οὖν
937 1225 1047 1278 ἀπὸ
1070 1224 1178 1278 τῶν
1202 1223 1376 1293 λόγων
1397 1223 1602 1278 τούτων
1627 1222 1777 1289 δεξιὰ
1811 1223 1843 1294 ἢ

249 1315 538 1388 ἀριστερά.
578 1317 674 1378 Ὃς
707 1313 814 1385 γὰρ
845 1313 940 1366 ἐὰν
967 1314 1175 1385 ἀκούσῃ
1215 1315 1340 1378 τοὺς
1385 1313 1575 1382 λόγους
1598 1315 1842 1377 τούτους,

249 1408 349 1460 καὶ
400 1406 810 1478 καταφρονήσῃ,
861 1407 1034 1477 κρῖμα
1089 1405 1234 1477 μέγα
1292 1405 1440 1474 αύτῷ
1479 1406 1617 1460 ἐστι.
1651 1406 1722 1458 Σὺ
1760 1405 1842 1471 δὲ,

246 1499 559 1569 τιμιωτάτη
605 1497 808 1567 ἀδελφὴ
849 1499 883 1568 ἡ
928 1497 1183 1568 κτωμένη
1212 1496 1273 1550 τὸ
1300 1495 1500 1566 βιϐλίον
1519 1496 1676 1550 τοῦτο
1704 1496 1840 1568 (62),

245 1592 360 1663 δῴη
398 1607 480 1644 σοι
535 1593 565 1644 6
605 1591 740 1655 Θεὸς
776 1591 948 1645 ταῦτα
996 1591 1316 1659 φυλάττειν,
1351 1591 1410 1643 ὲν
1458 1590 1670 1653 τούτοις
1708 1592 1842 1644 ἀνα-

247 1683 596 1754 στρέφεσθαι,
628 1683 1045 1754 πεφωτισμὲνην
1069 1683 1169 1756 τὴν
1196 1681 1454 1747 διάνοιαν,
1486 1681 1727 1754 καθαρὸν
1749 1681 1841 1734 τὸν

243 1769 396 1835 νοῦν,
439 1772 886 1842 πεφωτισμένους
919 1773 1046 1835 τοὺς
1103 1770 1413 1842 ὀφθαλμοὺς
1445 1772 1543 1842 τῆς
1575 1771 1836 1836 διανοίας,

243 1859 336 1910 ἵνα
375 1860 546 1931 λάϐῃς
573 1859 666 1913 τὸν
688 1861 1052 1932 ἀμαράντινον
1083 1860 1368 1931 στέφανον,
1403 1860 1462 1916 ὃν
1489 1861 1784 1933 ἡτοίμασεν
1808 1863 1836 1915 6

241 1950 380 2015 Θεὸς
417 1956 528 2015 τοῖς
567 1953 855 2020 ἀγαπῶσιν
901 1951 1062 2006 αὐτὸν
1093 1951 1184 2006 διὰ
1219 1951 1314 2006 τοῦ
1349 1952 1556 2025 Κυρίου
1589 1953 1684 2006 καὶ
1716 1954 1832 2006 Σω-

240 2043 412 2115 τῆρος
435 2043 592 2114 ήμῶν
634 2045 810 2115 Ἰησοῦ
846 2043 1108 2117 Χριστοῦ,
1139 2037 1183 2114 ᾧ
1209 2045 1336 2113 δόξα
1363 2047 1444 2111 είς
1471 2047 1600 2109 τοὺς
1631 2043 1834 2108 αἰῶνας

238 2135 354 2189 τῶν
397 2136 632 2202 αἰώνων,
665 2137 835 2208 ἀμήν.

314 2293 430 2366 (61)
461 2294 818 2366 Anglicanus,
851 2293 1206 2365 κατοικήσας,
1250 2291 1388 2364 μετὰ
1429 2289 1678 2362 ἀγγέλων
1717 2307 1836 2363 χορ.

1955 515 2095 564 rem,
2126 501 2360 555 multum
2385 501 2441 554 in
2472 507 2526 554 te
2559 498 2835 570 gaudebit.
2866 498 3069 554 Beatus
3099 499 3194 570 qui
3215 500 3546 569 jejunaverit

1954 591 2215 647 universo
2259 591 2364 646 hoc
2413 598 2680 660 tempore,
2709 591 2838 661 quia
2880 591 2937 644 in
2978 591 3191 645 caelesti
3238 588 3543 645 Jerusalem

1953 682 2248 744 habitabit,
2285 697 2408 736 cum
2439 682 2649 752 angelis
2681 683 2914 738 choreas
2942 691 3085 751 aget,
3105 697 3229 736 cum
3260 682 3542 753 prophetis

1951 784 2007 830 et
2046 775 2312 846 apostolis
2346 776 2677 844 requiescet.

2019 1039 2110 1094 25.
2147 1037 2274 1094 Haec
2327 1039 2422 1093 tibi
2486 1038 2731 1108 scripsi,‘
2765 1052 2924 1093 soror
2989 1037 3210 1102 dilecta,
3253 1052 3374 1107 quae
3409 1052 3532 1091 cum

1947 1129 2170 1187 Christo
2204 1131 2431 1186 choreas
2460 1129 2598 1200 agis,
2641 1127 2709 1182 ad
2747 1126 3124 1182 fulcimentum
3155 1134 3209 1181 et
3240 1127 3531 1181 utilitatem

1947 1227 2140 1281 animae
2181 1234 2305 1280 tuas.
2337 1223 2414 1278 Ne
2451 1223 2691 1278 declines
2736 1223 2901 1292 igitur
2932 1235 2962 1274 a
2997 1221 3344 1276 sermonibus
3402 1222 3530 1275 istis

1947 1317 2015 1371 ad
2061 1317 2340 1371 dexteram
2370 1314 2456 1368 vel
2487 1313 2554 1366 ad
2591 1313 2897 1368 sinistram.
2945 1311 3206 1382 Quisquis
3249 1312 3394 1366 enim
3433 1327 3529 1365 au-

1950 1407 2113 1462 dierit
2171 1419 2454 1462 sermones
2497 1405 2665 1464 istos,
2706 1409 2761 1458 et
2806 1404 3138 1474 despexerit,
3199 1403 3392 1473 ingens
3452 1404 3529 1458 illi

1944 1499 2049 1555 erit
2113 1497 2414 1552 damnatio.
2473 1495 2555 1552 Tu
2614 1505 2817 1562 autem,
2859 1511 3018 1552 soror
3083 1496 3526 1564 honoratissima,

1951 1604 2072 1660 quae
2109 1589 2256 1644 hunc
2306 1588 2507 1643 librum
2547 1588 2820 1660 possides,
2846 1587 2980 1642 faxit
3012 1587 3158 1642 Deus
3194 1595 3253 1642 ut
3281 1587 3396 1642 haec
3430 1589 3529 1644 oh-

1950 1696 2158 1749 serves,
2203 1681 2258 1734 in
2298 1680 2496 1750 hisque
2533 1681 2792 1748 verscris,
2827 1681 3097 1735 illustrata
3145 1686 3344 1744 mente,
3390 1695 3528 1749 puro

1942 1770 2130 1834 corde,
2163 1772 2482 1827 illuminatis
2542 1772 2742 1826 mentis
2793 1771 3000 1838 oculis,
3033 1779 3095 1825 ut
3144 1771 3383 1841 accipias
3423 1770 3528 1823 im-

1939 1861 2372 1916 marcescihilem
2438 1876 2722 1926 coronam,
2781 1877 2945 1931 quam
3008 1863 3332 1931 praeparavit
3383 1860 3526 1916 Deus

1939 1949 2294 2020 diligentibus
2348 1966 2429 2016 se,
2477 1966 2575 2021 per
2628 1949 2918 2004 Dominum
2959 1958 3014 2005 et
3052 1950 3389 2004 Salvatorem
3422 1965 3525 2004 no-

1939 2039 2115 2098 strum
2166 2041 2352 2098 Jesum
2407 2042 2712 2108 Christum,
2745 2044 2834 2097 cui
2873 2042 3046 2114 gloria
3082 2043 3136 2096 in
3182 2045 3381 2098 saecula
3422 2058 3524 2097 sae-

1939 2135 2210 2191 culorum.
2245 2133 2440 2192 Amen.

2021 2287 2134 2361 (62)
2166 2287 2314 2355 Haec,
2343 2289 2406 2342 τὸ
2439 2288 2643 2360 βιϐλίον
2695 2288 2859 2356 τοῦτο,
2893 2289 3094 2345 desunt
3132 2291 3186 2344 in
3209 2288 3518 2345 Basiliensi.

1049 2556 1118 2612 IN
1162 2552 1498 2631 SYNOPSIN
1542 2553 1965 2612 SCRIPTURE
2003 2553 2252 2610 SACBAE
2286 2551 2690 2610 ADMONITIO.

306 2669 351 2726 Ι.
396 2671 474 2727 De
516 2673 613 2725 hoc
645 2669 783 2724 libro
817 2669 982 2724 varia:
1009 2677 1134 2722 sunt
1163 2670 1494 2723 eruditorum
1525 2668 1820 2723 sententiae.
1860 2666 1974 2721 Alii
2003 2683 2228 2738 namque
2261 2683 2439 2721 verum
2483 2683 2888 2739 germanamque
2911 2669 3195 2724 Athanasii
3220 2688 3331 2726 esse
3356 2672 3519 2742 fetum

235 2776 549 2830 autumant,
604 2767 723 2830 alii,
759 2782 850 2819 nec
886 2765 1109 2831 injuria,
1150 2763 1264 2833 ejus
1293 2764 1625 2835 γνησιότητα
1656 2763 1708 2816 in
1742 2763 2090 2831 suspicionem
2141 2770 2347 2816 vocant.
2377 2760 2462 2814 Ea:
2495 2762 2559 2815 iis
2589 2777 2705 2815 vero
2738 2760 2827 2832 qui
2865 2759 3157 2813 Athanasio
3205 2760 3300 2814 hoc
3350 2764 3517 2828 operis

232 2857 569 2928 adjudicant,
595 2867 718 2911 sunt
768 2859 857 2926 qui
911 2861 1239 2916 arbitrentur
1288 2859 1552 2933 Synopsin
1591 2861 1725 2914 hanc
1788 2860 1842 2916 St

1956 2870 2080 2914 tura:
2141 2877 2311 2915 sacrae
2359 2876 2469 2914 esse
2520 2859 2619 2913 illa
2687 2858 2891 2912 πυκτία
2918 2857 3026 2911 τῶν
3070 2857 3230 2912 Θείων
3258 2860 3514 2932 Γραφῶν,

229 2970 351 3023 quc
387 2952 700 3007 Constantis
731 2954 958 3024 Augusti
1006 2967 1197 3028 rogatu
1249 2974 1303 3012 se
1333 2957 1645 3023 adornasse,
1673 2966 1723 3011 et
1755 2956 1824 3010 ad
1857 2959 2030 3026 ipsum
2060 2957 2427 3026 imperatorem
2474 2957 2829 3011 transmisisse
2857 2939 3080 3006 testatur
3107 2950 3432 3006 Athanasius
3461 2953 3516 3006 in

227 3050 493 3122 Apologia
536 3051 604 3105 ad
651 3051 1059 3115 Constantium,
1096 3066 1243 3104 num.
1277 3049 1331 3104 4.
1375 3048 1489 3102 Nos
1525 3065 1672 3102 secus
1725 3051 1837 3104 exis

1956 3065 2097 3102 Imus
2129 3065 2146 3112 ;
2183 3048 2385 3101 πυκτία
2428 3049 2613 3118 quipre
2658 3046 2753 3100 illa
2787 3043 2893 3098 τῶν
2922 3043 3078 3097 Θείων
3101 3043 3354 3116 Γραφῶν,
3386 3042 3516 3096 nihil

229 3159 346 3197 esse
394 3143 546 3196 aliud
587 3143 940 3206 arbitramur,
974 3157 1132 3210 quam
1163 3140 1335 3209 ipsam
1372 3157 1584 3194 sacram
1633 3139 1990 3208 Scripturam,
2029 3156 2147 3210 qua:
2186 3138 2255 3193 ad
2285 3139 2578 3209 faciliorem
2625 3139 2838 3208 legentis
2871 3153 3049 3200 usum,
3079 3136 3134 3187 in
3167 3134 3325 3202 plura
3365 3134 3514 3187 volu-

227 3239 379 3291 mina
435 3240 884 3308 compingeretur;
936 3235 1140 3290 πυκτία
1188 3236 1376 3305 quippe
1431 3235 1736 3305 signiﬁcant
1763 3234 2065 3290 volumina.
2115 3233 2204 3289 Sic
2248 3235 2476 3306 Gregor;
2511 3233 2779 3288 Nazianz.
2829 3232 2992 3302 epist.
3051 3229 3120 3283 ad
3153 3227 3509 3297 Philagrium,

226 3346 350 3400 pag.
381 3329 506 3393 827,
536 3329 760 3383 πυκτίον
789 3327 1188 3400 Δημοσθενικόν
1215 3336 1402 3392 vocat,
1423 3328 1664 3382 volumen
1705 3343 1842 3397 apert

1959 3325 2350 3390 Demosthenis,
2371 3337 2431 3386 ,et
2461 3327 2623 3397 epist.
2651 3327 2718 3380 ad
2751 3323 3098 3388 Theodorum
3141 3320 3508 3392 Tyanensem,

225 3437 279 3490 ρ.
302 3421 430 3483 845,
470 3421 697 3474 πυκτίον
727 3420 825 3491 τῆς
869 3418 1176 3491 Ὡριγένους
1203 3417 1548 3483 Φιλοκαλίας,
1575 3427 1727 3473 vocat
1758 3417 1842 3470 libi

2003 3433 2095 3472 seu
2125 3417 2365 3472 volumen
2398 3418 2640 3488 Origenis
2673 3412 3008 3471 Philocaliaz.
3038 3410 3306 3481 Insignior
3335 3405 3511 3464 exsta‘

226 3511 376 3564 locus
410 3510 550 3578 apud
580 3510 842 3575 eumdem,
867 3513 1030 3581 epist.
1061 3511 1129 3565 ad
1158 3511 1568 3578 Adamantium,
1608 3525 1661 3579 p.
1695 3508 1820 3572 896,

1956 3507 1994 3560 ιύ
2031 3525 2111 3561 σοι
2138 3508 2206 3562 τὰ
2234 3511 2438 3564 πυκτία
2467 3512 2596 3582 παρ’
2628 3508 2806 3581 ἡμῶν,
2847 3505 2990 3576 ειπερ
3022 3501 3224 3573 ζητεῖς,
3255 3504 3354 3555 ὅσα
3384 3502 3510 3566 τοὺς

225 3602 399 3672 σῆτας
428 3601 671 3671 διέφυγε,
703 3603 909 3656 καὶτὸν
931 3603 1160 3669 καπνὸν,
1194 3605 1336 3676 ὑπὲρ
1368 3599 1428 3659 οὗ
1449 3604 1755 3660 κατέκειτο.
1789 3603 1842 3658 Ε]

1956 3620 2069 3658 )ros
2093 3619 2190 3658 eos
2215 3618 2245 3656 a
2272 3601 2434 3656 nobis
2462 3601 2653 3663 habes,
2684 3617 2824 3670 quos
2855 3601 3121 3670 postulas,
3154 3615 3250 3654 eos
3285 3598 3506 3666 inquam

228 3711 446 3757 omnes,
482 3697 574 3765 qui
624 3697 800 3751 tineas
856 3695 1185 3767 eil‘ugerunt,
1217 3699 1536 3770 fumumque
1591 3715 1754 3768 supra
1790 3715 1949 3770 quem
2002 3700 2089 3754 siti
2125 3707 2300 3753 erant.
2335 3697 2469 3750 llinc
2503 3697 2839 3764 manifestum
2871 3706 2947 3751 est
2980 3697 3185 3750 πυκτία
3211 3694 3318 3748 τῶν
3349 3694 3507 3746 Θείων

230 3788 490 3860 Γραφῶν,
518 3804 651 3851 esse,
687 3804 790 3841 non
840 3787 1056 3858 aliquod
1087 3791 1139 3842 in
1167 3789 1499 3854 Scripturam
1537 3791 1904 3860 compositum,
1936 3789 2026 3844 sed
2061 3789 2224 3843 libros
2258 3805 2347 3842 seu
2377 3787 2644 3842 volumina
2669 3786 3068 3857 Scripturarum
3103 3789 3361 3856 ipsarum,
3389 3803 3507 3857 qua:

221 3880 549 3933 Athanasius
590 3880 884 3934 transmisit
910 3881 978 3934 ad
1013 3881 1355 3939 Constantem
1388 3886 1777 3954 imperatorem.
1812 3884 1981 3938 Plura
2006 3900 2277 3954 possemus
2307 3883 2541 3953 proferre
2580 3882 2737 3952 hujus
2768 3886 2843 3938 rei
2878 3883 3174 3940 asserenda:
3202 3901 3387 3949 causa,
3414 3882 3504 3937 sed

221 3976 333 4028 ha’c
361 3984 536 4039 erunt,
571 3977 627 4028 ni
650 3975 836 4043 fallor,
871 3977 1022 4031 satis.

290 4064 357 4121 ll.
388 4066 534 4121 Licet
562 4084 721 4136 porro
752 4064 1019 4139 Synopsis
1052 4070 1234 4125 isthazc
1258 4072 1326 4124 sit
1349 4073 1587 4126 accurati
1617 4055 1918 4142 cujusdam,
1944 4080 1993 4124 et
2023 4070 2427 4138 Scripturarum
2460 4067 2770 4140 peritissimi
2791 4063 3086 4130 scriptoris,
3119 4062 3268 4116 nobis
3299 4062 3502 4116 videtur

218 4174 322 4211 non
357 4175 472 4212 esse
519 4159 822 4213 Athanasii.
865 4160 1046 4213 Primo
1077 4176 1302 4230 namque
1332 4179 1362 4215 a
1396 4163 1601 4215 nemine
1641 4163 1980 4232 antiquorum
2014 4172 2338 4214 memoratur
2369 4177 2496 4230 opus
2527 4159 2699 4213 simile
2741 4155 2803 4209 ab
2848 4155 3144 4207 Athanasio
3175 4153 3498 4207 adornatum

219 4246 404 4314 fuisse.
455 4247 521 4300 At
555 4257 691 4301 certe
735 4249 822 4302 via:
867 4248 1035 4317 potuit
1086 4247 1150 4301 ab
1206 4249 1531 4320 Hieronymo
1586 4253 1810 4321 aliisque
1837 4250 2113 4311 Patribus,
2144 4252 2208 4304 iis
2257 4252 2487 4304 maxime
2519 4251 2607 4320 qui
2636 4248 2938 4318 Scripturas
2983 4247 3355 4313 explanarunt,
3388 4256 3438 4300 et
3467 4265 3502 4301 a

219 4331 413 4386 Photio
445 4335 580 4402 ipso,
621 4345 728 4387 tam
753 4337 956 4406 insigne
989 4354 1118 4408 opus
1151 4339 1578 4394 Athanasianum
1606 4343 1960 4409 prcetermitti.
1991 4340 2049 4394 2ο
2085 4341 2148 4394 1η
2177 4341 2340 4395 nullis
2366 4342 2748 4395 Athanasianis
2782 4336 3182 4392 collectionibus
3205 4348 3498 4406 comparet,

215 4421 306 4474 sed
361 4438 427 4475 ea:
480 4440 583 4476 uno
617 4434 827 4477 tantum
873 4430 1236 4498 manuscripto
1271 4429 1450 4484 Crazce
1494 4431 1716 4499 prodiit.
1741 4433 1800 4486 5°
1832 4431 1898 4485 In
1928 4432 2299 4485 enumerandis
2329 4433 2480 4485 libris
2507 4432 2773 4503 quibusin
2806 4432 3045 4487 Ecclesia
3086 4433 3495 4496 contradicitur,

214 4515 442 4566 multum
471 4513 737 4584 discrepat
772 4517 995 4584 scriptor
1023 4518 1123 4570 iste
1157 4518 1220 4570 ab
1243 4519 1574 4585 Athanasio;
1609 4538 1734 4574 nam
1766 4521 1963 4575 librum
1988 4521 2234 4576 Pastoris
2263 4538 2523 4592 nusquam
2557 4535 2835 4584 memorat,
2861 4540 3013 4595 quem
3053 4532 3226 4576 tamen
3257 4511 3499 4577 Ait/tana-

217 4602 327 4654 δίας
361 4603 417 4654 in
446 4601 691 4672 Epistola
722 4605 897 4660 festali
925 4616 1168 4660 numerat
1200 4609 1340 4662 inter
1371 4610 1494 4663 illos
1527 4613 1618 4680 qui
1647 4613 1704 4665 in
1751 4610 1993 4666 Ecclesia
2024 4613 2290 4681 leguntur,
2320 4612 2552 4683 alibique
2586 4623 2734 4668 vocat
2773 4616 2970 4670 librum
3011 4615 3280 4684 Pastoris,
3316 4619 3497 4671 utilis-

213 4699 428 4751 simum.
473 4695 634 4750 Multi
683 4699 807 4752 item
857 4699 980 4754 libri
1005 4703 1141 4756 inter
1163 4721 1250 4758 eos
1283 4706 1472 4775 quibus
1501 4707 1888 4762 contradicitur
1920 4714 1974 4762 in
2003 4710 2161 4779 ﬁnem
2198 4709 2354 4776 huius
2394 4709 2710 4781 Synopseos
2768 4723 3122 4777 recensentur,
3153 4730 3375 4784 quorum
3433 4731 3499 4768 ne

211 4791 422 4844 verbum
461 4793 673 4861 quidem
709 4795 763 4847 in
801 4805 1092 4850 memorata
1117 4797 1323 4852 Festali
1359 4799 1623 4871 Epistola.
1650 4802 1734 4854 Ad
1764 4802 1874 4856 hwc
1920 4803 1977 4856 in
2008 4803 2341 4874 Apocryphis
2377 4802 2516 4857 Novi
2547 4803 2871 4858 Testamenti
2910 4814 3258 4858 numerantur
3293 4807 3346 4858 in
3391 4804 3492 4876 Sy-

211 4883 368 4960 ttOpsi
424 4884 768 4955 Κλημέντια,
803 4905 895 4942 seu
928 4887 1183 4942 Homilia:
1222 4888 1587 4956 Clementinaz,
1625 4909 1850 4962 quarum
1878 4895 2195 4947 mentionem
2233 4895 2402 4962 primo
2425 4896 2711 4965 reperimus
2741 4896 2832 4948 diu
2859 4906 2976 4965 post
3008 4896 3291 4949 Athanasii
3328 4913 3494 4950 rerum

211 4975 348 5041 apud
374 4975 731 5047 Nicephorum
755 4984 1136 5050 putriarcham.
1155 4983 1290 5038 Sunt
1313 4987 1447 5038 enim
1470 4988 1582 5041 illa:
1612 5003 1740 5057 opus
1763 4987 2024 5042 diversum
2054 5007 2084 5042 a
2112 4988 2622 5062 Recognitionihus,
2641 5007 2866 5061 quarum
2899 4990 3169 5060 Origenes,
3195 4990 3416 5060 Ruﬁnus
3443 5003 3494 5046 et

211 5068 303 5119 alii
337 5073 634 5136 meminere,
664 5074 780 5129 licet
819 5077 1054 5146 ejusdem
1083 5080 1190 5132 sint
1221 5083 1542 5150 argumenti,
1576 5092 1646 5146 et,
1690 5092 1748 5136 ut
1792 5083 2018 5148 videtur,
2069 5095 2253 5152 postea
2301 5087 2561 5155 conﬁctae.
2603 5087 2660 5139 4°
2713 5085 2845 5151 Qua:
2891 5085 2954 5138 de
2983 5087 3144 5138 variis
3197 5085 3490 5149 Scriptura:

209 5179 375 5218 sacra:
397 5169 722 5224 versionibus
753 5184 1017 5240 postremo
1051 5175 1166 5230 loco
1195 5175 1467 5244 dicuntur,
1501 5193 1567 5232 ea:
1602 5177 1907 5248 Epiphanio
1942 5177 2017 5233 De
2057 5180 2333 5234 mensuris
2376 5195 2626 5248 expressa
2659 5193 2803 5245 sunt,
2838 5190 2896 5232 ut
2926 5197 3076 5233 nemo
3118 5197 3222 5233 non
3251 5181 3408 5243 videt,
3441 5191 3492 5233 et

209 5251 396 5307 ibidem
432 5274 526 5310 nos
562 5262 905 5314 advertimus.
948 5261 1271 5333 Responderi
1301 5265 1486 5333 forsan
1515 5273 1711 5335 posset,
1744 5267 1855 5320 ha'c
1886 5278 2152 5336 postrema
2189 5267 2460 5337 adjectitia
2488 5285 2617 5323 esse.
2643 5269 2746 5324 Sed
2777 5272 2832 5323 id
2861 5271 3027 5339 gratis
3078 5271 3292 5324 omnino
3348 5271 3486 5324 dici-

208 5359 308 5409 tur,
339 5365 457 5400 cum
487 5363 858 5421 consequenter
877 5367 1144 5423 ponantur
1165 5359 1220 5411 in
1250 5360 1426 5414 codice
1455 5359 1591 5414 unde
1620 5359 1887 5432 Synopsis
1913 5361 2096 5416 istha'c
2131 5363 2334 5431 prodiit
2379 5377 2398 5416 :
2426 5372 2475 5416 et
2524 5364 2758 5433 alioquin
2801 5374 2951 5416 tanta
3000 5363 3187 5434 ubique
3235 5354 3490 5433 apparea‘

205 5438 355 5506 hujus
413 5443 692 5507 scriptoris
739 5443 1035 5514 diligentia,
1085 5458 1142 5500 ut
1166 5447 1298 5502 nihil
1328 5450 1541 5502 omnino
1564 5450 1918 5510 omittendum
1950 5453 2247 5515 censuerit;
2277 5469 2441 5522 quare
2469 5464 2517 5506 et
2546 5470 2662 5523 qum
2695 5455 2759 5507 de
2786 5453 3107 5508 rersionibus
3149 5455 3411 5526 leguntur,
3440 5472 3489 5514 et

204 5544 312 5591 quce
358 5540 542 5598 postea
579 5531 644 5585 de
672 5537 883 5589 amissis
913 5539 1061 5596 libris
1097 5545 1150 5596 in
1180 5542 1459 5611 Scriptura
1495 5547 1653 5598 veteri
1676 5548 1984 5601 memoratis
2021 5557 2359 5612 tractantur,
2399 5550 2554 5603 unius
2590 5549 2826 5618 ejusdem
2870 5549 3184 5621 Synopseos
3207 5555 3482 5622 scriptoris

204 5635 308 5672 esse
357 5622 710 5677 arbitramur.
743 5628 800 5680 5°
831 5628 976 5686 Licet
1028 5634 1083 5689 in
1113 5636 1342 5704 simplici
1388 5638 1688 5692 recensione
1713 5655 1895 5693 eorum
1919 5656 2036 5709 qua:
2070 5640 2124 5692 in
2155 5639 2449 5709 Scripturis
2479 5641 2649 5695 sacris
2680 5642 3034 5707 continentur,
3067 5641 3242 5711 qualis
3269 5653 3345 5696 est
3375 5644 3479 5697 ista

210 5711 478 5787 Synopsis,
520 5722 607 5772 vix
652 5721 775 5790 styli
798 5738 957 5795 genus
984 5735 1032 5780 et
1060 5728 1196 5780 ratio
1230 5726 1543 5798 deprehendi
1591 5739 1767 5800 queat,
1800 5730 2036 5802 quisquis
2072 5740 2242 5785 tamen
2275 5731 2657 5787 Athanasium:
2688 5732 2920 5787 orationi
2953 5741 3193 5787 assuetus
3222 5735 3342 5800 erit,
3373 5749 3480 5788 non
