3890 6200
384 309 491 364 233
1542 310 1614 365 ‘S.
1657 308 2123 368 ATHANASIUS.
2143 339 2215 354 -
2248 311 2481 369 DUBlA.
3540 311 3649 364 9.34

388 438 495 476 uno
545 422 658 475 loco
692 420 902 477 diversa
948 421 1191 492 loquendi
1218 438 1408 492 genera
1432 424 1833 479 animadvertet.
1866 426 1933 480 In
1971 427 2266 481 Athanasio
2291 429 2429 480 enim
2459 428 2519 479 τὸ
2560 424 2726 496 δριμύ
2767 425 2955 496 ubique
2983 433 3270 495 comparet,
3304 434 3365 479 ut
3392 426 3468 479 ait
3506 426 3651 481 Pho-

391 515 520 576 tius,
557 513 640 566 hic
670 529 789 567 vero
828 514 1056 581 scriptor
1082 513 1425 568 multitudine
1474 514 1747 569 verborum
1798 517 2238 586 epithetorumque
2274 517 2607 585 supereﬂluit.
2644 514 2887 584 Exempli
2919 531 3102 579 causa,
3134 524 3251 585 post
3283 514 3481 584 factam
3507 516 3652 583 prio-

389 617 499 655 rem
539 604 793 657 librorum
837 602 1128 671 Scriptum
1164 604 1634 668 enumerationem,
1669 604 1925 675 quibusda

2113 606 2320 658 emissis
2364 604 2443 656 ita
2475 603 2631 656 habet
2685 618 2704 656 :
2747 603 2898 655 Ἐπεί
2920 607 3002 659 τοί
3033 624 3096 675 γε
3128 606 3356 679 ὕστερον
3384 606 3524 660 κατὰ
3550 607 3649 675 τὴν

391 697 613 750 ἐκείνων
648 698 965 751 ἀκολουθίαν
998 699 1092 751 καὶ
1115 699 1437 769 συμφωνίαν
1473 699 1608 752 ἄλλα
1636 699 1804 770 μυρία
1830 699 1926 752 καὶ
1959 699 2310 770 ἀναρίθμητα
2346 698 2528 768 βιϐλία
2556 696 2956 768 ὲξεπονήθησαν
2987 698 3092 751 ὑπὸ
3121 697 3230 752 τῶν
3256 696 3407 751 κατὰ.
3424 696 3650 767 καιροὺς

395 790 646 860 μεγάλων
671 793 763 844 καὶ
793 791 1118 861 σοφωτάτων
1142 789 1416 860 θεοφόρων
1448 788 1730 859 Πατέρων,
1764 790 1844 851 είς
1885 790 2188 860 μαρτυρίαν
2223 788 2333 842 τῶν
2368 788 2749 858 προλαϐόντων
2774 789 2869 842 καὶ
2902 788 3241 858 διαφώτισιν.
3271 788 3402 855 Quae
3435 806 3561 842 sane
3598 796 3650 841 et

395 879 563 931 multa
593 879 672 933 Itis
697 880 895 933 similia
919 880 1085 950 quivis
1111 886 1363 933 emuncta:
1393 878 1538 931 naris
1558 877 1711 932 homo
1734 895 1836 931 non
1856 877 2168 941 Athanasii,
2201 880 2292 933 sed
2323 878 2544 932 alterius
2574 878 2854 947 cujusdam
2882 879 3156 947 scriptoris
3183 878 3478 932 Athanasio
3496 887 3652 932 actate

393 973 661 1043 inferioris
697 992 808 1029 esse
852 977 1133 1030 censuerit.
1172 971 1315 1025 Nam
1350 968 1521 1023 Grasci
1561 970 1817 1039 sequioris
1859 971 1954 1023 arvi
2003 970 2245 1039 epithetis
2299 978 2349 1023 et
2387 971 2662 1023 verborum
2696 968 3034 1023 multitudine
3062 969 3382 1040 gaudebant.
3426 968 3651 1037 Insuper

394 1071 666 1125 nonnullae
702 1088 847 1126 voces
879 1072 962 1126 hic
989 1078 1200 1126 exstant
1240 1083 1373 1137 quas
1417 1067 1635 1120 nonnisi
1668 1075 1787 1135 post
1835 1066 2120 1120 Athanasii
2150 1075 2357 1119 aetatem
2390 1067 2617 1119 usitatas
2645 1066 2954 1134 reperimus,
2984 1065 3137 1135 quale
3163 1074 3260 1129 est,
3285 1065 3419 1119 illud
3444 1067 3501 1118 in
3529 1080 3644 1132 cap.

395 1161 461 1216 de
489 1162 625 1218 libro
646 1161 924 1228 Judicum,
953 1163 1249 1217 ποσοῦνται
1277 1173 1373 1228 pro
1398 1168 1777 1219 numerantur,
1802 1166 1851 1210 et
1890 1174 1931 1209 at

2116 1156 2627 1227 opnoooooupévwv.
2669 1155 2861 1226 Cyrill.
2889 1157 3046 1214 Alex.
3078 1155 3375 1211 ποσΟὖσθαι
3404 1164 3652 1225 usurpat,

395 1268 488 1306 nec
522 1264 677 1307 antea
705 1270 874 1308 vocent
904 1254 1058 1307 illam
1088 1267 1168 1304 nte
1191 1250 1444 1318 reperisse
1472 1247 1686 1301 memini
1710 1263 1728 1299 :
1757 1248 1811 1299 in
1837 1246 2103 1317 Logarica
2133 1249 2256 1301 item
2289 1248 2465 1300 Alexii
2490 1245 2741 1301 Comneni
2772 1264 2804 1300 a
2834 1247 2982 1303 nobis
3016 1248 3156 1302 edita
3190 1248 3407 1319 legimus
3439 1265 3652 1319 συμπο-

398 1341 653 1406 σούντων,
681 1344 859 1397 ead‘em
891 1345 1147 1398 sententia
1185 1361 1203 1398 :
1234 1343 1372 1415 quod
1411 1342 1724 1410 conjectura:
1765 1350 1969 1394 tantum
2012 1341 2125 1395 loco
2169 1343 2430 1409 ponimus.
2476 1340 2605 1394 Hcce
2630 1342 2683 1393 in
2714 1358 2876 1395 causa
2915 1340 3063 1396 nobis
3092 1344 3256 1411 fuere,
3290 1354 3344 1396 ut
3375 1342 3649 1413 Sytmpsiu

394 1430 507 1502 96
544 1431 840 1503 Scripturm
870 1450 1041 1489 sacra:
1067 1433 1403 1488 inter‘dubia
1420 1443 1468 1485 et
1498 1441 1741 1500 suspecta
1765 1446 1923 1499 opera
1948 1446 2351 1485 recenseremus.
2378 1430 2643 1485 Mittimus
2688 1432 2799 1486 alia
2827 1433 3069 1501 quwdant
3100 1445 3427 1504 argumenta,
3451 1452 3483 1487 a
3519 1452 3653 1488 non—

393 1527 557 1581 nullis
589 1529 777 1590 allata,
804 1538 860 1581 ut
893 1526 1165 1598 Synopsin
1207 1522 1501 1576 Athanasio
1531 1520 1921 1588 abjudicarent,
1957 1536 2076 1590 qua:
2116 1522 2333 1574 minoris
2365 1523 2611 1575 momenti
2644 1538 2755 1576 esse
2782 1521 3128 1583 arbitramur,

466 1621 555 1676 III.
585 1622 886 1677 Theodorus
916 1640 1073 1692 porro
1103 1619 1396 1674 Balsamon
1428 1615 1496 1669 ad
1530 1631 1782 1669 canonem
1818 1614 1889 1668 27
1930 1615 2118 1686 synod.
2151 1616 2431 1687 Carthag.,
2464 1632 2517 1685 p.
2550 1616 2677 1683 636,
2720 1626 2976 1670 memorat
3005 1617 3259 1670 canonica
3288 1616 3570 1669 Athanasii
3600 1624 3653 1669 et

394 1718 767 1787 Amphilocltii,
798 1718 1099 1788 indicatque
1133 1715 1208 1768 ibi
1232 1730 1376 1767 veros
1402 1723 1448 1765 et
1481 1711 1761 1765 canonicos
1794 1711 2049 1763 contineri
2079 1709 2370 1779 Scriptum
2395 1709 2582 1764 libros.
2633 1709 2913 1763 Κανονικά
2941 1723 3059 1762 vero
3082 1709 3185 1761 ista
3216 1715 3495 1760 autumant
3521 1722 3653 1759 non-

392 1811 531 1865 nulli
551 1829 663 1866 esse
691 1812 826 1866 hanc
855 1812 1153 1882 Scriptura;
1204 1809 1466 1880 synopsin
1496 1824 1511 1860 :
1544 1805 1632 1859 sed
1662 1820 1922 1871 nusquam
1951 1807 2239 1874 reperimus
2274 1804 2411 1858 hunc
2452 1805 2667 1869 librum,
2694 1805 3008 1857 canonicum
3049 1818 3140 1856 seu
3165 1800 3444 1863 κανονικὰ,
3474 1800 3654 1869 appel-

392 1909 536 1971 lari;
566 1909 829 1963 κανονικά
866 1910 1027 1979 igitur
1052 1906 1340 1959 Athanasii
1364 1913 1414 1957 et
1440 1902 1810 1973 Amphilochii,
1832 1911 1953 1955 sunt
2007 1903 2243 1971 epistola:
2271 1918 2361 1956 seu
2389 1904 2501 1956 alia
2539 1901 2790 1971 opuscula
2821 1898 3121 1954 earumdem
3153 1895 3398 1959 Patrum,
3434 1911 3550 1964 qua:
3595 1895 3653 1947 in

391 1997 787 2052 collectionibus
821 2013 1083 2051 canonum
1119 1996 1318 2050 ercis
1351 1997 1522 2049 locum
1561 1993 1785 2057 habent,
1814 2002 1864 2047 et
1896 2002 2151 2047 vocantur
2179 1993 2293 2046 illic
2333 2002 2392 2046 ut
2443 1993 2730 2061 plurimum
2762 1989 3000 2061 epistola:
3052 1988 3324 2040 canonica:
3348 2002 3365 2038 :
3391 1983 3654 2054 ejusmodi

394 2101 518 2145 sunt
549 2101 653 2148 tres
684 2094 918 2160 epistola'
963 2092 1245 2146 Athanasii
1287 2107 1404 2161 qua:
1440 2104 1505 2144 ea:
1539 2104 1800 2142 canonum
1839 2087 2142 2142 collectione
2178 2087 2464 2156 desumpta:
2501 2097 2624 2141 sunt
2652 2095 2701 2141 et
2745 2086 2814 2140 ad
2855 2087 3053 2140 calcem
3083 2086 3239 2153 primi
3274 2084 3400 2138 tomi
3439 2101 3471 2136 a
3503 2083 3652 2136 nobis

393 2186 654 2253 repositas,
695 2187 749 2239 in
780 2202 1003 2255 quarum
1035 2186 1282 2249 secunda,
1314 2188 1397 2239 cui
1431 2185 1638 2250 titulus,
1669 2183 1909 2253 Epistola
1950 2183 2180 2249 festalis,
2229 2183 2447 2237 habetur
2492 2183 2765 2255 catalogus
2790 2183 3044 2236 librorum
3074 2181 3384 2247 Scriptura,
3410 2180 3477 2232 ad
3501 2194 3655 2249 quem

395 2276 482 2330 hic
516 2277 658 2330 haud
681 2276 839 2331 dubie
870 2280 1081 2348 respicit
1114 2279 1414 2334 Theodorus
1442 2279 1754 2341 Balsamon,
1784 2279 1838 2331 in
1865 2277 2149 2347 iisdemque
2184 2278 2577 2332 collectionibus
2606 2277 2883 2333 Canonum
2914 2293 3045 2330 mss.
3072 2284 3248 2329 exstat
3290 2289 3501 2326 carmen
3526 2277 3653 2325 Am-

393 2365 665 2434 ;‘t'tilocltii,
698 2370 753 2423 in
781 2387 881 2439 quo
912 2381 1244 2425 recensentur
1265 2371 1506 2425 canonici
1536 2368 1827 2438 Scriptura:
1849 2370 1990 2435 libri,
2031 2387 2132 2441 quo
2159 2380 2355 2440 spectat
2385 2371 2522 2426 idem
2546 2370 2740 2425 Theod.
2773 2369 3082 2424 Balsamon.
3114 2367 3374 2423 Cancrum
3410 2377 3510 2419 tres
3543 2366 3654 2434 epi-

393 2458 546 2514 stola:
580 2461 692 2515 illa:
720 2463 1027 2526 Athanasii,
1060 2464 1362 2531 pariterque
1404 2476 1617 2515 carmen
1664 2459 2043 2530 Amphilochii,
2076 2478 2205 2516 cusa
2233 2472 2356 2518 sunt
2396 2465 2451 2518 in
2496 2472 2762 2533 postrema
2793 2461 3125 2518 Collectione
3162 2474 3434 2515 canonum
3468 2459 3654 2528 Angli-

398 2567 552 2617 :ana,
578 2556 804 2609 secundo
834 2566 975 2612 tomo
1003 2559 1142 2611 inter
1175 2555 1448 2625 Epistoms
1483 2556 1791 2611 canonicas.

463 2642 553 2699 IV.
586 2646 800 2703 Eximia
816 2668 942 2705 sane
957 2659 1034 2704 est
1051 2652 1161 2703 hate
1187 2646 1471 2719 Synopsis,
1489 2646 1845 2716 cujuscunque
1863 2648 2074 2700 tandem
2105 2648 2175 2700 sit
2206 2650 2465 2717 auctoris,
2482 2658 2531 2704 et
2554 2658 2706 2704 tanta
2733 2666 2884 2713 cura,
2908 2648 3219 2720 sagacitate,
3238 2646 3532 2701 eruditione
3546 2646 3653 2699 ela-

395 2747 604 2803 Jorata,
637 2749 694 2793 ut
723 2740 855 2795 nihil
883 2759 1064 2812 supra.
1091 2743 1216 2797 Non
1259 2745 1413 2798 modo
1438 2745 1623 2813 quippe
1670 2743 1865 2813 singuli
1894 2741 2181 2813 Scriptum
2215 2745 2338 2799 libri
2371 2748 2764 2802 accuratissime
2808 2748 2863 2801 in
2884 2763 2947 2802 ea
2974 2739 3304 2800 recensentur
3328 2754 3378 2798 et
3409 2746 3462 2797 in
3483 2745 3652 2813 epito-

393 2841 512 2879 men
542 2829 813 2896 aptissime
844 2833 1192 2902 rediguntur;
1223 2834 1312 2886 sed
1337 2833 1506 2886 multa
1536 2833 1911 2903 disquiruntur
1934 2849 2051 2904 qua:
2072 2844 2306 2903 spectant
2328 2837 2744 2907 chronologiam,
2777 2839 3032 2896 librorum
3060 2840 3352 2911 Scripturte
3384 2856 3647 2910 auctores,

393 2918 624 2973 nominis
681 2922 1010 2991 singulorum
1058 2926 1315 2982 librorum
1365 2928 1626 2981 rationem
1659 2937 1709 2982 et
1745 2944 1983 2993 causam,
2025 2930 2295 2983 variarum
2343 2931 2639 2985 versionum
2677 2932 2959 2988 historiam
2984 2938 3168 3005 paucis
3201 2936 3646 3006 comprehensam.

390 3010 616 3064 Demum
647 3014 779 3067 nihil
809 3031 936 3084 pene
965 3026 1105 3073 retru
1136 3022 1413 3090 reliquisse
1443 3019 1648 3074 videtur
1673 3020 1900 3088 scriptor
1930 3021 2048 3084 iste,
2073 3020 2212 3091 quod
2237 3022 2315 3075 vir
2337 3020 2518 3077 Gra’ce
2551 3023 2722 3078 solum
2742 3027 2982 3085 eruditus
3002 3041 3257 3101 prwstare
3279 3034 3465 3101 possit.
3500 3030 3650 3084 Mul-

393 3110 461 3155 tae
487 3118 648 3170 porro
678 3105 875 3160 menda:
902 3110 956 3163 in
988 3115 1283 3169 nominibus
1310 3115 1539 3169 maxime
1557 3115 1810 3185 propriis,
1842 3115 1921 3167 uti
1949 3114 2163 3169 solitum
2188 3125 2287 3181 est,
2320 3118 2661 3187 irrepserunt,
2698 3137 2830 3190 quas
2853 3126 3029 3193 quoad
3057 3127 3201 3181 licuit
3225 3127 3647 3184 emendavimus:

390 3207 441 3254 et
472 3197 540 3253 ad
567 3200 726 3270 ﬁnem
748 3219 851 3259 non
876 3221 1048 3276 pauca
1074 3226 1190 3281 qua:
1209 3210 1402 3266 Latine
1429 3220 1636 3265 tantum
1667 3227 1795 3266 cusa
1828 3219 1979 3264 erant
2016 3211 2071 3263 in
2114 3212 2264 3280 prius
2296 3210 2477 3281 editis,
2500 3229 2565 3268 ex
2604 3218 2977 3289 ntanuscriptis
3016 3218 3289 3289 desumpta
3320 3216 3498 3275 Graece
3534 3218 3650 3273 edi-

393 3294 591 3352 dimus.

1479 3471 1617 3534 ΤΟΫ
1653 3482 1745 3537 ΕΝ
1775 3474 1997 3536 ΑΓῙΟΙΣ
2035 3483 2305 3537 ΠΑΤΡΟΣ
2343 3484 2543 3538 ΗΜΩΝ

1688 3636 2327 3736 ΑΘΑΝΑΣΙΟΥ

671 3824 718 3875 Σ
730 3822 1008 3877 ΥΝΟΨῙΣ
1044 3825 1422 3880 ΕΠΙΤΟΜΟΣ
1463 3829 1601 3882 ΤΗΣ
1639 3830 1854 3883 ΘΕῙΑΣ
1885 3831 2199 3896 ΓΡΑΦΗΣ,
2241 3833 2555 3887 ΠΑΛΑῙΑΣ
2589 3835 2715 3889 ΚΑΙ
2747 3835 2941 3889 ΝΕΑΣ
2971 3837 3362 3892 ΔΙΑΘΗΚΗΣ.

1412 4062 1508 4149 S.
1586 4066 1693 4150 P.
1772 4068 1888 4153 N.
1967 4069 2615 4159 ATHANASII

393 4223 666 4281 BREVIS
724 4224 1031 4283 DIVIN.E
1090 4228 1532 4286 SCRIPTURAZ'
1591 4233 1907 4294 VETERIS
1965 4240 2058 4296 AC
2118 4238 2311 4296 Νογι
2375 4239 2857 4296 TESTAMENTI
2911 4239 3309 4307 SYNOPSIS,
3345 4239 3454 4302 .ID
3509 4239 3643 4295 EST

1745 4329 2283 4389 GOMPENDIUM.

458 4526 509 4578 Ι.
533 4525 726 4582 Omnis
752 4534 1002 4584 nostrum
1018 4530 1455 4587 Christianorum
1491 4533 1796 4605 Scriptura,
1815 4538 1957 4594 divi-
1988 4609 1994 4618 ε

2146 4542 2196 4595 1.
2250 4540 2407 4593 Πᾶσα
2460 4536 2649 4608 Γραφὴ
2678 4536 2834 4607 ἡμῶν
2878 4535 3237 4607 Χριστιανῶν,
3292 4534 3642 4598 θεόπνευστος

387 4616 536 4671 nitus
571 4617 835 4687 inspirata
868 4629 971 4685 est,
1015 4621 1294 4691 librosque
1341 4623 1501 4677 habet
1556 4640 1662 4678 non
1708 4625 1923 4684 indelini

2104 4650 2230 4686 sm.
2266 4632 2379 4686 Οὐκ
2428 4630 2656 4702 ἀόριστα
2688 4629 2767 4691 δὲ,
2799 4628 2934 4682 ἀλλὰ
2982 4627 3179 4698 μᾶλλον
3227 4627 3505 4699 ὡρισμένα
3546 4630 3640 4682 καὶ

384 4718 494 4775 tos,
535 4711 629 4765 sed
661 4711 937 4776 tlellnitos,
980 4730 1045 4768 ac
1084 4725 1236 4772 certo
1265 4733 1473 4772 canone
1505 4721 1920 4790 comprehensos

2104 4723 2493 4793 εκανονισμὲνα
2526 4721 2638 4792 ἔχει
2664 4721 2731 4774 τὰ
2756 4719 2953 4790 βιϐλία.
2989 4720 3097 4774 Καὶ
3121 4719 3235 4772 ἔστι
3264 4720 3364 4788 τῆς
3403 4719 3500 4790 μὲν
3529 4722 3640 4774 Πα-

382 4803 449 4858 Et
479 4803 688 4860 Veteris
712 4805 929 4875 quidem
962 4806 1293 4863 Testamenti
1324 4810 1375 4863 hi
1417 4821 1545 4865 sunt
1583 4831 1596 4865 :

1218 4810 1293 4863 nti
1324 4810 1375 4863 hi
1417 4821 1545 4865 sunt
1583 4831 1596 4865 :
2062 4816 2217 4879 λαιᾶς
2244 4815 2516 4885 Διαθήκης
2549 4813 2720 4865 ταῦτα
2742 4830 2753 4843 ·

453 4893 700 4960 Genesis,
731 4896 890 4964 cujus
937 4896 1149 4950 initium
1189 4907 1273 4953 est
1307 4917 1320 4954 :
1361 4918 1379 4949 t
1419 4900 1475 4952 ln
1507 4901 1777 4971 principio
1827 4902 1957 4958 fecit.

2132 4908 2383 4969 Ι’ἐνεσις,’
2408 4901 2467 4961 οὗ
2515 4908 2548 4976 ἠ
2594 4906 2763 4975 ἀρχή·
2798 4924 2816 4955 ι
2868 4907 2955 4959 Ἐν
2988 4907 3127 4976 ἀρχῇ
3166 4906 3417 4977 ἐποίησεν
3447 4908 3475 4959 ὁ
3504 4905 3636 4969 Θεὸς

382 4983 525 5039 Deus
551 4986 749 5039 caelum
782 4993 836 5040 et
865 4994 1088 5041 terram.
1118 5008 1137 5040 ι

2059 5000 2151 5053 τὸν
2183 4998 2408 5069 οὐρανὸν
2438 4999 2530 5050 καὶ¹
2557 4999 2654 5069 τὴν
2686 5000 2808 5070 γῆν.
2850 5017 2867 5048 ι

452 5076 691 5140 Exodus,
726 5079 886 5147 cujus
937 5079 1150 5133 initium
1182 5088 1305 5136 est:
1346 5100 1366 5133 t
1403 5080 1530 5137 Haec
1575 5091 1705 5138 sunt
1738 5087 1958 5140 nomina

2134 5090 2373 5156 ’Έξοδος,
2424 5083 2484 5143 οὗ
2539 5092 2571 5161 ἡ
2615 5092 2788 5162 ἀρχή·
2847 5109 2864 5141 ι
2908 5088 3094 5142 Ταῦτα
3140 5088 3207 5142 τὰ
3247 5089 3484 5157 ὀνόματα
3524 5089 3633 5141 τῶν

381 5171 612 5225 ﬁliorum
643 5171 831 5236 Israel,
860 5171 955 5241 qui
993 5171 1047 5225 in
1078 5170 1371 5243 IEgyptum
1405 5174 1638 5244 ingressi
1673 5185 1825 5230 sunt.
1861 5198 1880 5229 ι

2057 5183 2186 5236 υἱῶν
2226 5183 2440 5255 Ἰσραὴλ
2471 5182 2578 5235 τῶν
2605 5183 3070 5253 εἰσπορευομένων
3097 5183 3175 5245 είς
3204 5182 3498 5248 Αἴγυπτον.
3538 5200 3554 5231 ι

448 5259 744 5324 Leviticus,
796 5262 956 5331 cujus
1012 5262 1342 5332 principium
1383 5272 1515 5319 est:
1566 5285 1584 5316 t
1637 5266 1702 5319 Et
1742 5269 1956 5323 vocavit

2124 5274 2426 5338 Λευῖτικὸν,
2452 5268 2513 5326 οὗ
2534 5276 2564 5344 ὴ
2588 5275 2728 5346 ἀρχή
2748 5293 2761 5304 ο
2803 5294 2822 5321 ι
2859 5274 2968 5327 Καὶ
3002 5272 3223 5326 ἐκάλεσε
3256 5272 3517 5340 Μωῦσῆν,
3543 5273 3636 5324 καὶ

383 5349 644 5408 Dominus
678 5352 921 5426 Moysen,
955 5365 1010 5409 et
1049 5356 1265 5411 locutus
1293 5363 1378 5411 est
1410 5358 1487 5411 illi
1529 5358 1583 5412 in
1609 5360 1919 5415 tabernacul

2090 5366 2285 5435 λάλησε
2318 5363 2523 5435 Κύριος
2557 5363 2705 5434 αὐτῴ
2738 5366 2793 5416 ἐν
2824 5366 2885 5433 τῇ
2917 5366 3087 5433 σκηνῇ
3116 5350 3208 5414 τοῦ
3249 5361 3573 5431 μαρτυρίου.
3609 5381 3626 5411 ι

381 5443 702 5497 testimonii.
733 5464 752 5496 ι

457 5531 697 5599 Numeri,
729 5535 887 5603 cujus
930 5537 1143 5593 initium
1177 5546 1259 5593 est
1288 5557 1299 5591 :
1336 5557 1353 5589 t
1387 5538 1451 5591 Et
1498 5539 1709 5595 locutus
1734 5551 1818 5594 est
1856 5513 1957 5593 Do-

2139 5537 2402 5606 Ἀριθμοὶ,
2439 5532 2497 5590 οὗ
2527 5539 2558 5607 ἡ
2593 5539 2732 5606 ἀρχή
2812 5563 2832 5591 ι
2864 5538 2972 5589 Καὶ
3012 5537 3234 5606 ἐλάλησε
3263 5538 3465 5608 Κύριος
3497 5538 3628 5609 πρὸς

382 5625 564 5677 minus
609 5625 674 5679 ad
709 5625 951 5697 Moysen,
991 5629 1042 5684 in
1086 5630 1378 5687 solitmline
1421 5628 1570 5697 Sina,
1616 5632 1670 5686 in
1701 5631 1918 5687 taberna

2092 5629 2292 5697 ιωϋσῆν
2326 5630 2381 5680 ἐν
2417 5632 2479 5698 τῇ
2517 5631 2705 5698 ἐρήμῳ
2737 5632 2799 5699 τῇ
2833 5629 2961 5681 Σινᾶ
2986 5631 3039 5681 ἐν
3072 5631 3135 5698 τῇ
3165 5632 3334 5699 σκηνῇ
3369 5628 3460 5682 τοῦ
3491 5647 3628 5701 μαρ-

383 5714 510 5770 culo
542 5716 860 5775 testimonii.
910 5739 928 5771 ι

778 5718 860 5775 tii.
910 5739 928 5771 ι
2052 5720 2256 5794 τυρίου.
2297 5740 2314 5772 ι
