3890 6200
235 312 351 373 285

1317 316 1661 376 SYNOPSIS
1703 314 2126 376 SCRIPTURE
2168 317 2438 377 SACRE.

3414 312 3523 378 286

304 423 748 515 Δευτέρονόμιον,
779 436 841 497 οὗ
883 443 918 514 ἡ
967 441 1142 516 ἀρχή·
1182 463 1202 494 ι
1243 440 1405 498 Οὗτοι
1436 445 1484 498 o‘l
1538 440 1830 515 Mycael);

2012 440 2519 507 Deuteronomium,
2568 439 2729 512 cujus
2777 440 2993 497 initium
3025 448 3154 498 est:
3192 460 3212 494 ι
3256 440 3353 498 lsti
3397 451 3528 498 sunt

235 535 467 604 ἐλάλησε
487 535 732 607 Μωῡσῆς
766 536 929 589 παντὶ
967 536 1184 609 Ἰσραὴλ
1213 537 1388 609 πέραν
1412 536 1506 590 τοῦ
1548 535 1833 608 Ἰορδάνου,

1943 551 2248 602 sermones,
2267 552 2408 607 quos
2429 537 2647 591 locutus
2665 534 2974 607 estMoyses
3002 537 3069 591 ad
3101 552 3319 590 omnem
3353 534 3529 591 Israe-

237 626 299 677 ὲν
340 628 406 697 τῇ
451 628 664 698 ἐρήμῳ,
701 626 838 699 πρὸς
871 627 1123 698 δυσμαῖς,
1158 628 1388 699 πλησίον
1429 630 1529 699 τῆς
1570 627 1830 699 Ἐρυθρᾶς

1962 642 2049 683 em
2101 634 2258 683 trans
2329 626 2646 691 Iordanem,
2686 625 2742 680 in
2784 626 3078 681 solitudine
3123 625 3191 680 ad
3241 640 3524 690 occasum,

237 717 538 790 Θαλάσσης.
584 739 603 771 ι

320 810 530 880 Ἰησοῦς
562 812 591 863 ὁ
618 809 714 864 τοῦ
746 812 925 883 Ναυῆ,
959 805 1070 884 οὗή
1104 812 1267 885 ἀρχήο
1300 831 1320 863 ε
1354 810 1468 883 (65)
1491 811 1603 865 Καὶ
1619 810 1837 881 ἐγένετο

241 904 381 961 μετά
430 903 532 971 τὴν
580 902 839 975 τελευτὴν
862 903 1050 956 δούλου
1104 903 1335 975 Κυρίου,
1362 899 1484 956 εἶπε
1519 903 1725 975 Κύριος
1757 901 1836 973 τῷ

251 990 454 1060 Ἰησοῦ,
492 991 594 1062 υίῷ
621 993 803 1063 Ναυῆ,
833 991 1132 1065 λειτουργῷ
1160 993 1390 1062 Μωῦσῆ,
1424 991 1614 1061 Αέγων.
1668 1011 1687 1043 ι

308 1084 535 1154 Κριταὶ,
560 1080 621 1138 οὗ
650 1086 684 1155 ἡ
709 1085 852 1157 ἀρχή
873 1099 891 1115 ⁶
916 1104 936 1136 ί
976 1086 1086 1139 Kal
1106 1084 1325 1153 ἐγένετο
1349 1083 1490 1153 μετά
1521 1083 1621 1155 τὴν
1650 1085 1833 1137 τελευ-

235 1175 338 1245 τὴν
378 1175 582 1246 Ἰησοῦ,
614 1177 711 1228 καὶ
742 1174 1103 1247 ἐπηρώτησαν
1142 1178 1192 1228 οί
1233 1176 1340 1229 υἱοὶ
1389 1175 1603 1246 Ἰσραὴλ
1622 1175 1734 1247 (64)
1774 1177 1833 1228 ὲν

235 1267 431 1338 Κυρίῳ
471 1258 752 1335 λέέίοντεςο
798 1268 894 1332 Τίς
941 1267 1271 1339 ἀναϐήσεται
1317 1268 1457 1340 πρὸς
1493 1270 1619 1332 τοὺς
1649 1269 1831 1321 Χανα-

234 1360 423 1423 ναίους
464 1360 848 1431 ἀφηγούμενος
864 1377 879 1426 ;
923 1379 942 1411 ι

317 1451 504 1515 Ῥοὺθ,
533 1446 595 1504 οὗ
636 1453 670 1521 ή
702 1453 849 1524 ἀρχή
872 1469 886 1482 ·
925 1471 944 1502 ι
982 1452 1093 1505 Kal
1128 1452 1346 1519 ἐγένετο
1399 1453 1461 1505 ἐν
1506 1450 1584 1521 τῷ
1627 1451 1831 1522 κρίνειν

233 1543 364 1605 τοὺς
392 1542 608 1614 κριτάς,
636 1544 854 1612 ἐγένετο
882 1543 1040 1614 λιμὸς
1061 1545 1120 1596 ὲν
1143 1546 1209 1615 τῇ
1241 1546 1336 1615 γῇ.
1376 1562 1395 1595 ι

306 1633 607 1687 Βασιλειῶν
625 1633 818 1705 πρώτη
845 1635 937 1687 καὶ
958 1634 1208 1705 δευτέρα,
1254 1637 1332 1697 είς
1357 1632 1413 1686 ἓν
1433 1630 1830 1706 ἀριθμούμεναι

236 1723 464 1794 βιϐλίον.
498 1726 611 1778 Kal
639 1728 739 1796 τῆς
773 1727 871 1796 μὲν
897 1725 1178 1798 πρώτηςὴ
1214 1726 1386 1797 ἀρχή’
1425 1744 1442 1775 ι
1484 1726 1593 1778 Kal
1623 1724 1829 1794 ἄνθρω-

1938 735 2110 791 prope
2139 734 2289 774 mare
2314 717 2585 774 Rubrum.
2624 735 2644 769 ι

1996 811 2159 868 Jesus
2194 810 2357 867 ﬁlius
2416 809 2584 875 Nave,
2625 808 2787 878 cujus
2846 808 3065 862 initium
3120 816 3251 863 est:
3292 827 3312 860 ‹
3351 807 3417 861 Ει
3445 807 3525 862 fa-

1937 912 2086 959 ctum
2113 912 2199 959 est
2224 911 2349 973 post
2387 910 2619 956 mortem
2651 900 2796 956 servi
2829 898 3063 963 Domini,
3093 900 3233 953 dixit
3258 898 3525 955 Dominus

1935 997 2004 1052 ad
2034 994 2186 1061 Jesu,
2220 994 2390 1050 ﬁlium
2417 993 2584 1057 Nave,
2616 992 2880 1048 famulum
2911 990 3136 1062 Moysis.
3163 1010 3182 1043 ι

2004 1087 2247 1150 Judices,
2288 1087 2449 1156 cujus
2482 1084 2698 1140 initium
2728 1093 2814 1139 est
2843 1102 2857 1138 :
2905 1101 2923 1133 ι
2963 1082 3028 1135 Ει
3056 1083 3256 1136 factum
3285 1088 3370 1137 est
3402 1091 3525 1151 post

1936 1183 2168 1231 mortem
2193 1174 2346 1239 Iesu,
2370 1182 2425 1229 et
2451 1175 2860 1245 interrogat-unt
2883 1172 2977 1226 ﬁlii
3014 1171 3184 1226 Israel
3209 1170 3519 1237 Dominum,

1934 1267 2181 1323 dicentes
2230 1286 2244 1322 :
2296 1265 2432 1333 Quis
2488 1266 2745 1322 ascendet
2803 1264 2916 1320 dux
2979 1264 3245 1321 adversus
3305 1263 3524 1319 Chana-

1933 1374 2083 1414 naaos
2106 1360 2130 1414 Ἰ
2157 1378 2176 1411 ι

2006 1449 2179 1515 Ruth,
2228 1451 2387 1520 cujus
2435 1450 2653 1506 initium
2700 1459 2823 1507 est:
2854 1468 2873 1500 ε
2914 1447 2983 1503 Ει
3028 1447 3233 1505 factum
3260 1457 3365 1513 est,
3393 1464 3521 1504 cum

1926 1541 2243 1609 judicarent
2266 1542 2502 1613 judices,
2536 1542 2679 1597 facta
2709 1550 2795 1598 est
2826 1541 2999 1596 fames
3030 1542 3085 1596 iu
3117 1550 3283 1599 terra.
3320 1560 3339 1593 ι

2002 1632 2234 1705 Regum,
2284 1634 2494 1705 primus
2538 1642 2593 1688 et
2645 1633 2937 1696 secundus,
2971 1632 3026 1687 in
3070 1648 3239 1686 unum
3297 1646 3523 1702 compu-

1934 1734 2126 1781 tantur
2182 1725 2405 1790 librum,
2445 1732 2499 1780 et
2526 1725 2689 1796 primi
2724 1725 2942 1795 quidem
2967 1723 3182 1778 initium
3224 1731 3308 1777 est
3340 1741 3353 1754 ·
3402 1742 3420 1773 ι
3457 1722 3523 1776 Et

235 1793 339 1879 πος
364 1814 425 1883 ἐξ
469 1793 787 1888 Ἀρμαθαῒμ
814 1793 973 1885 Σιφέ,
1004 1793 1268 1888 ιέξνδρους⁷
1290 1793 1565 1887 Ἰέφραῖμ,
1591 1816 1685 1869 καὶ

1958 1833 2096 1874 ιοῐηο
2118 1827 2237 1873 erat
2261 1834 2328 1872 ex
2354 1793 2694 1872 Armathaim
2718 1793 2915 1887 S—iphtl,
2939 1819 3007 1873 de
3031 1826 3216 1872 monte
3237 1817 3519 1886 Ephraim,

238 1923 315 1980 μα
359 1909 512 1981 αὐτῷ
554 1910 807 1974 Ἐλκανᾶ,
830 1911 942 1975 υἱὸς
974 1910 1269 1981 Ἱερεμεὴλ,
1298 1910 1412 1977 (65)
1436 1908 1551 1962 υἱοῦ
1593 1908 1765 1962 Ἡλεί.
1804 1928 1823 1960 ι

306 2004 422 2069 Τῆς
456 2004 512 2056 δὲ
542 2003 799 2073 δευτέρας
827 2005 861 2074 ή
896 2005 1069 2074 ἀρχήο
1109 2022 1126 2054 ι
1165 2002 1413 2071 Ἐγένετο
1443 1999 1580 2071 μετὰ
1602 2000 1664 2053 τὸ
1687 2002 1828 2054 ἀπο-

236 2091 422 2151 θανεῖν
444 2094 636 2160 Σαοὺλ,
658 2095 755 2149 καὶ
780 2094 944 2149 Δαϐὶδ
972 2094 1273 2165 ἀνέστρεψε
1290 2093 1509 2147 τύπτων
1531 2091 1619 2145 τὸν
1659 2093 1829 2162 Ἀμοι-

237 2190 370 2261 λήκ.
409 2207 429 2240 ι

329 2282 633 2338 Βασιλειῶν
665 2283 824 2355 τρίτη
854 2284 948 2337 καὶ
998 2282 1254 2355 τετάρτη,
1288 2283 1367 2345 είς
1422 2278 1480 2332 ἒν
1528 2278 1688 2333 πάλιν
1712 2278 1832 2349 ἀρι-

255 2374 560 2445 θμούμεναι
585 2374 931 2446 βιϐλίον.Καὶ
947 2373 1048 2443 τῆς
1075 2373 1172 2444 μὲν
1199 2371 1389 2444 τρίτης
1416 2372 1448 2442 ὴ
1475 2371 1640 2442 ἀρχή⁸
1669 2386 1688 2420 ι
1722 2371 1831 2425 Kal

242 2467 272 2517 ὁ
326 2464 580 2535 βασιλεὺς
628 2463 793 2517 Δαϐὶδ
871 2462 1256 2534 πρεσϐύτερος,
1287 2458 1644 2531 προϐεϐηκὼς
1695 2459 1833 2529 ἡμέ-

245 2574 396 2627 ραις·
425 2556 520 2608 καὶ
556 2554 904 2627 περιέϐαλλον
947 2554 1107 2607 αὑτὸν
1141 2553 1395 2623 ἱματίοις,
1422 2551 1517 2605 xal
1548 2551 1646 2604 οὐκ
1678 2550 1833 2615 ἐθερ-

245 2646 493 2717 μαίνετο.
534 2666 554 2699 ι

313 2738 427 2809 Τῆς
471 2738 525 2791 δὲ
568 2738 835 2809 τετάρτης
881 2739 915 2808 ή
948 2738 1089 2809 ἀρχή
1113 2753 1127 2766 ·
1164 2755 1182 2787 ι
1218 2736 1328 2789 Kal
1362 2733 1595 2806 ήθέτησε
1648 2731 1828 2788 Μωάϐ

239 2834 299 2884 ὲν
348 2830 583 2902 Ἰσραὴλ,
615 2828 754 2901 μετά
778 2829 840 2883 τὸ
868 2829 1160 2883 ἀποθανεῖν
1198 2826 1422 2897 Ἀχαάϐ.
1459 2846 1478 2878 ι

307 2919 805 2994 Παραλειπομένων
842 2921 1058 2990 πρῶτον
1104 2921 1196 2975 καὶ
1222 2919 1492 2991 δεύτερον,
1515 2920 1595 2982 εἰς
1629 2918 1686 2971 ἓν
1707 2919 1830 2989 ἀρι-

238 3016 524 3088 θμούμενα
548 3014 769 3085 βιϐλίον.
795 3014 906 3067 Kal
932 3013 1044 3068 ἐστι
1074 3012 1166 3066 τοῦ
1196 3013 1293 3084 μὲν
1324 3010 1543 3083 πρώτου
1574 3011 1609 3082 ἡ
1642 3011 1785 3083 ἀρχή
1812 3025 1828 3044 .

1930 1921 1985 1966 et
2009 1928 2207 1966 nomen
2245 1912 2323 1965 illi
2356 1911 2577 1977 Eleana,
2614 1912 2760 1968 ﬁlius
2798 1912 3083 1975 Jeremeel,
3118 1911 3210 1965 ﬁlii
3239 1909 3378 1965 Heli.
3424 1928 3443 1961 ι

2006 2003 2246 2059 Secundi
2285 2020 2416 2058 vero
2460 2005 2678 2060 initium
2712 2013 2796 2060 est
2836 2024 2847 2058 :
2889 2024 2908 2056 ‹
2952 2003 3020 2057 Et
3051 2002 3254 2057 factum
3290 2010 3374 2058 est
3395 2009 3521 2073 post

1931 2108 2164 2153 mortem
2218 2095 2423 2161 Saulis,
2466 2097 2637 2153 David
2682 2112 2948 2167 percusso
2991 2096 3214 2152 Amalec
3264 2112 3519 2153 reversus

1932 2196 2038 2244 est.
2077 2208 2097 2240 ι

2004 2278 2213 2359 Regum
2268 2282 2463 2338 tertius
2501 2289 2556 2336 et
2600 2288 2854 2350 quartus,
2886 2292 2934 2337 et
2968 2281 3072 2352 ipsi
3103 2298 3203 2353 pro
3232 2298 3341 2337 uno
3379 2297 3517 2337 con-

1932 2379 2293 2427 numerantur
2352 2373 2514 2427 libro.
2548 2371 2615 2426 Et
2660 2373 2809 2427 tertii
2854 2373 3077 2443 quidem
3125 2373 3344 2427 initium
3375 2385 3459 2429 est
3499 2392 3514 2429 :

1939 2479 1960 2514 ι
1998 2461 2065 2517 Ει
2098 2479 2195 2519 rex
2233 2462 2403 2519 David
2448 2465 2653 2528 senior,
2687 2472 2847 2519 aetate
2874 2464 2987 2534 jam
3021 2465 3244 2534 grandis
3282 2474 3417 2519 erat.
3452 2464 3519 2518 Et

1932 2555 2255 2625 operiebant
2292 2572 2417 2613 eum
2448 2555 2714 2623 vestibus,
2747 2572 2849 2613 nec
2883 2565 3063 2611 tamen
3094 2554 3395 2610 caleﬁebat.
3423 2575 3442 2607 ι

2006 2732 2205 2806 Quarti
2255 2753 2387 2795 vero
2430 2737 2763 2809 principium
2795 2744 2879 2793 est
2909 2752 2923 2789 :
2960 2755 2979 2789 ι
3015 2735 3082 2789 Ει
3126 2735 3517 2806 praevaricatus

1931 2837 2016 2886 est
2059 2828 2217 2885 Moab
2246 2828 2510 2885 adversus
2531 2824 2806 2894 lsraelem,
2830 2835 2951 2897 post
2986 2834 3217 2881 mortem
3247 2826 3457 2880 Achab.
3491 2846 3511 2878 ι

2004 2918 2459 2990 Paralipomenon
2489 2919 2699 2989 primus
2726 2928 2779 2974 et
2807 2918 3099 2982 secundus,
3131 2930 3230 2987 pro
3271 2932 3382 2970 uno
3405 2915 3517 2986 97

1931 3011 2074 3067 libro
2109 3017 2517 3081 computantur:
2571 3010 2637 3064 Et
2690 3010 2851 3080 primi
2898 3009 3116 3080 quidem
3148 3008 3359 3062 initium
3388 3014 3512 3063 est:

244 3126 263 3155 ι
311 3105 505 3175 Ἀδὰμ,
536 3103 667 3175 Σὴθ,
741 3101 927 3166 Ἐνὼς,
995 3102 1224 3165 Καῖνᾶν,
1279 3100 1584 3172 Μαλελεήλ,
1635 3100 1829 3173 ’Ῑαρὲδ,

1992 3104 2187 3169 Adam,
2245 3105 2398 3170 Seth,
2460 3103 2627 3168 Enos,
2696 3104 2928 3168 Cainau,
3005 3101 3270 3185 Malaleel,
3326 3098 3514 3163 Jarcd,

253 3198 447 3269 Ἑνὼχ,
483 3197 835 3261 Μαθουσαλά,
869 3197 1077 3265 Λάμεχ,
1099 3195 1244 3249 Νῶε.
1279 3214 1296 3246 ι

311 3288 421 3340 Τοῦ
453 3288 510 3340 δὲ
552 3287 803 3361 δευτέρου
851 3289 885 3357 ή
928 3287 1102 3357 ἀρχή·
1147 3303 1165 3335 ι
1213 3286 1323 3339 Kal
1367 3285 1616 3355 ὲνίσχυσε
1660 3284 1828 3339 Σαλο-

244 3377 365 3448 96w
390 3378 505 3441 υίὸς
530 3377 696 3431 Δαϐὶδ
726 3377 819 3431 ἐπὶ
848 3376 946 3447 τὴν
979 3375 1253 3446 βασιλείαν
1282 3374 1468 3441 αὐτοῦ,
1502 3375 1596 3429 καὶ
1624 3374 1831 3447 Κύριος

242 3470 272 3522 ὁ
308 3468 443 3532 Θεὸς
469 3468 634 3522 αὐτοῦ
671 3469 788 3540 μετ’
823 3468 988 3522 αὐτοῦ
1009 3509 1024 3532 ,
1061 3468 1154 3521 καὶ
1196 3466 1529 3539 ἐμεγάλυνεν
1554 3467 1715 3521 αὐτὸν
1749 3470 1831 3533 εἰς

253 3558 411 3629 ὕψος.
453 3580 473 3611 ι

316 3651 557 3723 Ἔσδρας
587 3650 804 3723 πρῶτος
831 3651 924 3704 καὶ
951 3650 1220 3721 δεύτερος,
1249 3653 1329 3715 είς
1353 3650 1413 3705 ἓν
1440 3650 1830 3723 ἀριθμούμενοι

245 3738 473 3810 βιϐλίον.
510 3741 619 3795 Καὶ
648 3740 742 3794 τοῦ
776 3741 873 3812 μὲν
896 3739 1112 3812 πρώτου
1139 3741 1282 3813 ἀρχή
1303 3758 1318 3772 ο
1354 3760 1373 3792 ι
1414 3740 1526 3812 (66)
1564 3742 1675 3795 Kal
1696 3742 1833 3814 ἤγα-

242 3848 342 3903 γεν
382 3833 591 3896 Ἰωσίας
646 3832 708 3886 τὺ
763 3833 956 3903 Πάσχα
1001 3834 1061 3885 ἐν
1111 3831 1464 3905 Ἰερουσαλὴμ
1512 3832 1591 3904 τῷ
1641 3832 1833 3905 Κυρίῳ

245 3924 444 3979 ἑαυτοῦ
472 3927 538 3996 τῇ
575 3924 1140 3997 τεσσαρεσκαιδεκάτῃ
1179 3924 1366 3996 ἡμέρα
1394 3924 1489 3983 τοῦ
1524 3925 1693 3999 μηνὸς
1731 3926 1829 3980 τοῦ

248 4016 467 4089 πρώτου
480 4059 493 4071 .
540 4037 559 4068 ι

316 4110 427 4164 Τοῦ
456 4110 512 4163 δὲ
533 4110 788 4181 δευτέρου
822 4109 857 4180 ἡ
885 4110 1060 4182 ἀρχή·
1097 4128 1116 4160 ι
1157 4110 1269 4163 Kal
1299 4111 1356 4162 ὲν
1388 4108 1467 4180 τῷ
1500 4107 1701 4180 πρώτῳ
1722 4108 1831 4163 ἔτει

245 4201 433 4273 Κύρου
463 4201 557 4253 τοῦ
611 4200 871 4271 βασιλέως
908 4199 1156 4271 Περσῶν,
1194 4199 1287 4252 τοῦ
1321 4198 1635 4271 τελεσθῆναι
1676 4198 1831 4268 λόγον

246 4292 357 4344 ἀπὸ
391 4291 662 4360 στόματος
696 4290 987 4361 Ἱερεμίου,
1020 4290 1267 4361 ἐξήγειρε
1291 4289 1497 4362 Κύριος
1528 4289 1589 4343 τὸ
1617 4289 1832 4362 πνεῦμα

248 4381 435 4453 Κύρου
464 4380 561 4434 τοῦ
590 4381 855 4451 βασιλέως
887 4380 1135 4453 Περσῶν.
1181 4401 1199 4432 ι

1929 3197 2140 3263 Enoch,
2170 3197 2496 3262 Mathusala,
2536 3196 2791 3260 Lamech,
2824 3195 2957 3249 Noe.
3001 3214 3019 3246 ι

2001 3290 2239 3347 Secundi
2273 3305 2403 3346 vero
2431 3291 2643 3345 initium
2670 3309 2683 3344 :
2714 3309 2731 3341 ι
2760 3288 2825 3343 Ει
2849 3286 3205 3343 conﬁrmatus
3234 3292 3320 3341 est
3353 3283 3514 3337 Salo-

1928 3398 2059 3438 mon
2086 3381 2231 3439 ﬁlius
2259 3381 2481 3438 Davidis
2517 3381 2571 3436 in
2619 3396 2789 3451 regno
2834 3396 2956 3435 suo.
2984 3378 3050 3432 Et
3077 3377 3341 3433 Dominus
3372 3375 3516 3432 Deus

1930 3474 2106 3547 ipsius
2143 3490 2269 3530 cum
2310 3477 2431 3546 ipso
2458 3514 2472 3539 ,
2507 3484 2562 3531 et
2599 3473 2975 3544 magniﬁcavit
3010 3486 3135 3527 cum
3176 3469 3246 3524 ad
3280 3468 3518 3524 sublime

1930 3583 2126 3639 usque.
2153 3587 2173 3621 ι

2002 3657 2208 3714 Esdras
2238 3658 2451 3728 primus
2477 3663 2531 3712 et
2561 3653 2834 3711 secundus
2875 3668 2984 3707 uno
3042 3648 3517 3721 comprehendun-

1933 3760 2026 3807 tur
2052 3750 2353 3808 volumine.
2403 3748 2469 3803 Et
2511 3748 2670 3819 primi
2717 3747 2937 3817 quidem
2981 3745 3198 3800 initium
3222 3750 3307 3799 est
3339 3762 3352 3798 :
3382 3762 3402 3794 ι
3440 3741 3509 3795 Et

1938 3845 2139 3901 obtulit
2171 3843 2354 3900 Josias
2388 3841 2601 3899 Pascha
2643 3842 2697 3895 in
2751 3838 3057 3895 Jerusalem
3104 3835 3335 3892 Domino
3376 3848 3513 3901 suo,

1931 3942 2128 3993 quarta
2156 3935 2368 3993 decima
2401 3934 2490 3990 die
2518 3934 2723 3989 mensis
2752 3932 2934 4003 primi.
2969 3950 2989 3984 ι

2008 4114 2246 4171 Secundi
2271 4128 2402 4169 vero
2423 4131 2435 4168 :
2467 4131 2485 4165 ι
2509 4114 2577 4166 Ει
2599 4112 2653 4166 in
2679 4110 2857 4181 primo
2881 4122 3026 4163 anno
3050 4107 3175 4179 Cyri
3209 4105 3354 4178 regis
3378 4103 3515 4160 Per-

1934 4224 2153 4276 sarum,
2183 4216 2245 4263 ut
2269 4207 2660 4277 adimpleretur
2683 4220 2864 4260 sermo
2883 4245 2898 4271 ,
2926 4203 3019 4273 qui
3046 4203 3116 4257 ab
3140 4218 3236 4258 ore
3265 4201 3516 4259 Jeremiae

1934 4310 2320 4374 processerat,
2347 4297 2610 4353 excitavit
2636 4294 2899 4350 Dominus
2930 4292 3184 4363 spiritum
3209 4292 3339 4364 Cyri
3369 4293 3515 4364 regis

1932 4390 2246 4447 Persarum.
2284 4408 2303 4441 ι

314 4474 629 4546 Ψαλτήριον
675 4473 998 4538 Δαϐιτικδν,
1047 4473 1169 4545 ἔχον
1218 4473 1466 4545 ψαλμοὺς
1516 4481 1655 4545 ρνα’·
1703 4465 1764 4527 οὗ
1792 4476 1826 4546 ή

2003 4479 2330 4536 Psalterium
2361 4475 2683 4530 Davidicum
2711 4512 2725 4537 ,
2760 4471 2969 4526 habens
2997 4470 3241 4541 psalmos
3267 4487 3375 4526 cu.
3406 4471 3518 4527 Cu-

245 4565 415 4637 ἀρχὴ,
446 4566 614 4634 ἤγουν
656 4565 685 4616 ὁ
729 4563 943 4636 πρῶτος
968 4564 1181 4635 ψαλμός
1202 4583 1214 4595 ·
1252 4584 1269 4616 ι
1301 4566 1587 4637 Μακάριος
1610 4565 1750 4638 ἀνὴρ
1773 4565 1831 4629 ὃς

242 4659 346 4710 οὐκ
384 4656 656 4729 ἐπορεύθη
685 4658 743 4711 ἐν
774 4657 934 4728 βουλῇ
960 4656 1193 4711 ἀσεϐῶν.
1229 4676 1247 4708 ι

315 4748 615 4820 Παροιμίαι
640 4748 988 4820 Σολομῶντος
1012 4748 1148 4820 (67),
1177 4743 1283 4819 οὗὴ
1302 4748 1504 4819 ἀρχήοι
1535 4747 1830 4819 Παροιμίαι

241 4840 590 4911 Σολομῶντος
630 4840 749 4894 υἱοῦ
791 4840 971 4907 Δαϐὶδ,
1015 4840 1073 4905 ὃς
1116 4839 1459 4895 ἐϐασίλευσεν
1489 4842 1545 4894 ὲν
1593 4840 1829 4912 Ἰσραὴλ,

242 4930 450 4999 γνῶναι
487 4932 681 5002 σοφίαν
701 4933 795 4986 καὶ
829 4932 1096 4986 παιδείαν.
1132 4953 1150 4984 ι
1510 4914 1513 4917 ’

330 5112 761 5187 Ἐκκλησιαστὴς
795 5114 889 5169 τοῦ
916 5113 1102 5178 αὐτοῦ,
1134 5106 1193 5168 οὗ
1222 5116 1255 5185 ή
1300 5115 1475 5187 ἀρχή·
1512 5134 1531 5168 ι
1585 5116 1830 5188 Ῥήματα

314 5264 885 5344 (63)_lniti_um_J_osue
914 5270 1232 5344 sic_habet_:
1275 5272 1386 5326 Kal
1425 5273 1660 5344 Δἐγένετο
1691 5274 1830 5344 μετὰ

240 5334 342 5417 τῂν
364 5334 643 5417 ’τελευτὴν
682 5341 915 5417 Μωρσῇρ,
958 5336 1085 5417 εἷπε
1106 5411 1120 5417 _
1138 5342 1341 5417 Κύριος
1377 5342 1455 5413 τῷ
1472 5334 1483 5341 ⁷
1501 5334 1704 5414 Ἰησοῦ,
1730 5345 1829 5417 υἱῷ

241 5406 422 5483 NW],
451 5407 530 5483 ’ξῷ
559 5406 831 5483 ἕπουργιῖξ
850 5406 1079 5483 Μωὼῆ,
1106 5406 1296 5481 λέγών·
1348 5440 1351 5441 ν

243 5425 422 5532 nam,
451 5426 530 5479 τῳ
559 5425 818 5480 υπουργῳ
850 5425 1079 5483 Μωυση,
1107 5425 1296 5481 Αεγων.
1348 5440 1351 5441 ν

243 5478 515 5601 Κέοίέυίιι
560 5477 753 5535 Graeco
799 5480 1100 5553 Scriptura:
1140 5491 1289 5538 textu
1338 5484 1555 5555 legitur,
1602 5484 1689 5538 διὰ
1734 5485 1825 5539 τοῦ

296 5566 472 5619 υριου.

315 5618 428 5688 (65)
461 5619 686 5693 graecus
740 5619 1039 5693 Scriptura:
1086 5631 1289 5686 textus,
1320 5624 1455 5677 ·υίοῦ
1519 5626 1721 5679 Ἠλιοῦ.
1767 5627 1827 5681 In

245 5686 437 5764 Graeco
461 5689 759 5764 Scriptura:
782 5686 930 5764 tex'tu
964 5693 1161 5763 legitur
1185 5710 1420 5764 semper,
1446 5697 1608 5749 Δαυῖδ
1627 5713 1751 5750 cum
1772 5716 1822 5752 υ.

316 5759 429 5831 (66)
457 5759 563 5827 Qui
585 5759 807 5819 'dicitur
830 5759 1257 5834 Esdrae'primus
1294 5759 1347 5820 in
1391 5759 1598 5823 Graecis
1643 5783 1825 5824 excin-

1932 4576 2025 4646 jus
2057 4574 2272 4628 initium
2302 4580 2386 4627 est
2412 4590 2424 4625 :
2464 4594 2482 4621 ι
2514 4569 2714 4624 Beatus
2743 4566 2828 4621 vir
2856 4565 2953 4637 qui
2984 4579 3097 4620 non
3127 4566 3428 4621 ambulavit
3458 4566 3516 4621 in

1935 4667 2172 4724 consilio
2205 4665 2520 4735 impiorum.
2556 4683 2575 4715 ι

2007 4759 2290 4813 Parabolas
2315 4755 2646 4819 Salomonis,
2676 4755 2837 4825 Cujus
2861 4753 3189 4825 principium
3218 4758 3339 4807 est:
3364 4769 3383 4802 ι
3406 4748 3514 4805 Pa-

1935 4852 2137 4908 rabolze
2182 4849 2528 4914 Salomonis,
2578 4848 2674 4903 ﬁlii
2721 4847 2981 4902 Davidis:
3035 4848 3129 4917 qui
3170 4844 3516 4916 regnavit.in

1935 4943 2150 5007 Israel,
2214 4944 2279 4997 ad
2342 4940 2784 5012 cognoscendam
2846 4939 3171 5011 sapientiam
3228 4943 3284 4992 et
3339 4935 3514 4991 disci-

1931 5034 2155 5105 plinam.
2188 5053 2206 5083 ι
3476 5028 3477 5033 “

2006 5124 2368 5181 Ecclesiastes
2390 5123 2633 5194 ejusdem
2654 5162 2669 5188 ,
2697 5121 2858 5192 cujus
2881 5120 3098 5176 initium
3123 5126 3207 5175 est
3232 5139 3244 5174 :
3287 5137 3306 5170 ι
3335 5117 3516 5175 Verba

1931 5284 2180 5365 plaribus
2228 5284 2317 5338 hic
2354 5284 2550 5365 tertius
2592 5288 2684 5365 est
2724 5282 2780 5365 in
2824 5280 3012 5365 Bibliis
3040 5279 3269 5365 nostris,
3307 5287 3362 5334 et
3398 5278 3512 5346 jam

1932 5352 2076 5408 inter
2123 5357 2433 5424 apocrypha
2469 5360 2835 5422 computatur.
2870 5352 3285 5424 rlnchoaturque
3312 5365 3341 5403 a
3369 5365 3513 5424 xxxv

1930 5426 2109 5494 capite
2141 5419 2618 5493 Paralipomenon,
2647 5438 2748 5477 nec
2778 5423 2976 5494 legitur
3007 5423 3059 5475 in
3088 5419 3380 5494 Hebraico.
3410 5419 3512 5494 Qui

1932 5489 2112 5549 autem
2144 5489 2419 5551 secundus
2443 5495 2533 5548 hic
2562 5494 2783 5557 dicitur,
2809 5489 3020 5564 p'rimus
3042 5502 3126 5546 cst
3154 5492 3208 5545 in
3240 5489 3513 5545 Hebraieo

1932 5573 2105 5620 textu.

2004 5636 2117 5705 (67)
2150 5635 2207 5689 In
2248 5635 2454 5690 Grmcis
2497 5636 2797 5703 Scriptura:
2832 5633 3239 5703 exemplaribus
3289 5630 3506 5703 legitur,

1933 5706 2207 5777 Σαλομών,
2238 5707 2324 5762 hic
2356 5718 2407 5763 ct
2442 5706 2688 5762 inferius.
