3890 6200
369 307 478 362 287

1503 297 1560 352 S.
1605 293 2070 352 ATHANASlUS.
2109 325 2179 336 —
2215 292 2446 348 DUBIA.

3511 287 3616 342 288

364 419 741 483 Ecclesiaste,
776 417 870 474 ﬁlii
899 417 1123 474 Davidis
1153 417 1298 488 regis
1331 416 1498 471 Israel
1526 416 1580 470 in
1611 413 1935 471 Jerusalem.

2080 405 2502 479 Εκκλησιαστοῦ,
2563 405 2678 459 υἱοῦ
2743 403 2926 468 Δαϐὶδ,
2981 402 3244 473 βασιλέως
3296 402 3508 472 Ἰσραὴλ
3559 404 3616 454 ἐν

364 512 593 569 Vanitas
623 511 926 566 vanitatum
955 519 1011 566 et
1040 509 1225 564 omnia
1254 508 1495 563 vanitas.
1533 527 1552 560 ι

435 689 725 745 Canticum
780 691 1163 752 canticorum,
1212 687 1495 758 ejusdem,
1548 685 1708 754 cujus
1739 683 1943 754 princi-

367 781 516 850 pium
547 789 632 836 est
659 798 673 836 :
702 799 722 833 ι
751 781 1038 836 Canticum
1073 780 1415 835 canticorum
1443 819 1457 844 ,
1490 778 1634 848 quod
1668 785 1751 832 est
1787 777 1943 830 Salo-

370 872 538 927 moni.
575 871 866 928 Oseuletur
895 889 982 928 me
1015 872 1221 928 osculis
1253 872 1368 953 oris
1402 871 1519 934 sui,
1554 869 1684 940 quia
1715 867 1942 924 meliora

370 971 500 1018 sunt
531 963 701 1017 ubera
731 971 824 1017 tua
854 964 1000 1018 vino.
1041 983 1059 1015 ι

437 1052 574 1117 Job,
609 1054 768 1125 cujus
799 1054 1126 1125 principium
1159 1062 1245 1109 est
1273 1073 1284 1108 :
1318 1072 1336 1104 ι
1367 1052 1539 1108 Homo
1569 1052 1794 1124 quidam
1825 1058 1944 1108 erat

368 1144 424 1197 in
455 1143 677 1213 regione
700 1145 979 1207 Ausitide,
1013 1144 1236 1200 nomine
1261 1141 1385 1199 Job.
1420 1143 1488 1198 Et
1514 1151 1632 1198 erat
1661 1143 1826 1198 homo
1853 1142 1945 1198 ille

365 1232 682 1302 inculpatus
713 1241 767 1287 et
799 1233 1107 1302 religiosus.
1144 1252 1163 1284 ι

442 1320 737 1375 Duodecim
766 1320 1081 1391 Pmphetae,
1108 1337 1218 1376 uno
1238 1320 1515 1376 volumine
1537 1319 1942 1390 comprehensi.

374 1412 516 1466 Sunt
547 1419 728 1466 autem
763 1412 890 1477 isti,
925 1410 1061 1466 Osee
1095 1413 1304 1480 primus
1325 1449 1342 1476 ,
1374 1410 1536 1480 cujus
1565 1411 1779 1464 initium
1814 1417 1898 1466 est
1928 1428 1940 1464 :

376 1523 395 1555 ι
427 1502 620 1558 Sermo
650 1502 864 1556 Domini
887 1542 903 1565 .
937 1503 1029 1573 qui
1061 1502 1238 1556 factus
1267 1510 1352 1558 est
1379 1501 1446 1556 ad
1476 1500 1616 1558 Osee
1645 1503 1814 1557 ﬁlium
1844 1501 1947 1557 Be-

369 1594 450 1648 eri
477 1633 492 1658 ,
528 1593 583 1647 in
624 1591 818 1648 diebus
845 1591 992 1648 Oziae
1025 1601 1081 1648 et
1107 1592 1357 1647 Joatham
1392 1601 1447 1648 et
1474 1594 1657 1648 Achaz
1679 1633 1694 1658 ,
1727 1603 1781 1649 et
1810 1593 1947 1648 Eze-

370 1681 504 1735 chiae
521 1722 536 1747 ,
568 1696 754 1752 regum
776 1679 938 1746 Juda.
964 1690 1019 1736 et
1041 1682 1094 1736 in
1118 1681 1309 1738 diebus
1332 1682 1618 1738 Jeroboam
1637 1722 1652 1745 ,
1681 1682 1773 1736 ﬁlii
1792 1681 1942 1747 Joas,

2053 499 2419 570 Ἰερουσαλήμ.
2482 495 2793 567 Ματαιότης
2861 495 3260 564 ματαιοτήτων,
3311 492 3379 546 τὰ
3441 492 3616 545 πάντα

2045 591 2356 661 ματαιότης.
2389 609 2408 641 ι
2981 659 2985 662 γ

2117 677 2305 750 τᾼιτμα
2337 678 2596 749 ᾀσμάτων
2636 675 2732 729 τοῦ
2767 673 2954 740 αὐτοῦ,
2994 669 3054 728 οὗ
3085 677 3112 745 ἡ
3153 675 3326 745 ἀρχή-ο
3364 691 3382 724 σ
3427 668 3616 744 τᾼιςμα

2043 771 2322 841 ᾀσμάτων,
2362 771 2390 822 ὅ
2432 773 2547 822 ἐστι
2583 767 2659 839 τῷ
2690 765 2958 838 Σολομὼν.
2991 766 3274 838 Φιλησάτω
3301 784 3367 837 με
3390 766 3499 818 ἀπὸ
3531 784 3617 834 φι-

2045 863 2303 933 λημάτων
2361 862 2622 934 στόματος
2664 860 2853 927 αὐτοῦ,
2910 859 2992 913 ὅτι
3039 858 3234 927 ἀγαθοὶ
3289 859 3481 930 μαστοί
3523 876 3614 911 σου

2047 955 2188 1024 ὑπὲρ
2219 950 2384 1007 οἶνον.
2428 973 2446 1005 ›

2124 1043 2266 1106 Ἰὼϐ,
2298 1039 2358 1098 οὗ
2388 1046 2422 1114 ἡ
2463 1043 2643 1114 ἀρχή·
2697 1061 2714 1093 ι
2763 1040 3080 1113 ’Ἄνθρωπός
3120 1058 3204 1104 τις
3254 1035 3322 1110 ἦν
3374 1042 3431 1093 ἐν
3469 1038 3618 1111 χώρᾳ

2043 1135 2290 1189 Αύσέτιδι
2345 1135 2476 1206 (68),
2528 1129 2572 1202 ᾧ
2632 1134 2800 1204 ὄνομα
2865 1131 3003 1195 Ἰὼϐ,
3047 1132 3140 1184 καὶ
3169 1128 3236 1203 ἦν
3265 1133 3293 1185 ὀ
3337 1131 3616 1204 ἄνθρωπος

2047 1229 2254 1291 ἐκεῖνος
2286 1227 2573 1298 ἄμεμπτος
2605 1226 2698 1279 καὶ
2723 1224 2998 1294 θεοσεὸής.
3037 1243 3054 1275 ι

2115 1319 2400 1389 Προφῆται
2447 1317 2687 1383 δώδεκα,
2734 1319 2813 1380 είς
2867 1315 2923 1369 ἓν
2967 1315 3355 1387 ἀριθμούμενοι
3396 1314 3613 1385 βιϐλίον.

2044 1411 2165 1464 Είσὶ
2184 1410 2240 1463 δὲ
2264 1403 2430 1472 οὗτοι,
2463 1409 2618 1478 Ὠσηὲ
2647 1408 2879 1480 πρῶτος,
2901 1398 2961 1460 οὗ
2984 1409 3017 1478 ἡ
3047 1407 3217 1476 ἀρχή·
3255 1425 3273 1457 ι
3311 1407 3481 1474 Λόγος
3506 1408 3617 1458 Κυ-

2048 1501 2187 1573 ρίου,
2315 1499 2545 1570 ἐγενήθη
2577 1498 2712 1570 πρὸς
2751 1498 2929 1568 Ὠσηὲ,
2960 1498 3048 1552 τὸν
3064 1497 3155 1550 τοῦ
3189 1499 3374 1569 Βεηρὶ,
3404 1501 3459 1549 ὲν
3488 1498 3620 1567 ἡμέ-

2051 1609 2170 1662 ραις
2217 1591 2411 1656 Ὀζίου,
2436 1591 2530 1644 καὶ
2583 1589 2838 1660 Ἰωαθὰμ,
2875 1590 2968 1642 καὶ
3017 1587 3205 1658 Ἀχὰζ,
3243 1590 3338 1640 καὶ
3380 1589 3619 1651 Ἐζεκίου

2049 1682 2308 1753 βασιλέων
2341 1681 2531 1743 Ἰούδα,
2556 1682 2647 1734 καὶ
2666 1683 2723 1733 ὲν
2747 1680 2980 1750 ἡμέραις
3016 1679 3298 1750 Ἰεροδοὰμ
3316 1679 3408 1732 τοῦ
3447 1681 3618 1741 Ἰωᾶς,

369 1775 514 1844 regis
540 1770 728 1828 Israel.
772 1773 1105 1844 Principium
1132 1775 1406 1831 sermonis
1431 1774 1641 1830 Domini
1667 1777 1720 1829 in
1748 1773 1941 1831 Osee.»

2084 1772 2312 1836 ασιλέως
2363 1772 2593 1842 Ἰσραήλ.
2639 1771 2805 1842 Ἀρχὴ
2851 1771 3011 1839 λόγου
3056 1770 3262 1840 Κυρίου
3289 1773 3344 1824 ὲν
3381 1771 3556 1841 Ὠσηὲ.
3598 1790 3617 1821 ι

439 1865 644 1920 Deinde
671 1864 838 1921 Amos
857 1905 873 1931 ,
907 1867 1066 1936 cujus
1094 1867 1427 1936 principium
1455 1875 1539 1922 est
1565 1885 1578 1921 :
1605 1885 1624 1918 ‹
1650 1865 1946 1923 Sermones

369 1957 570 2025 Amos,
594 1959 687 2027 qui
721 1956 851 2012 facti
881 1965 1011 2012 sunt
1035 1958 1091 2012 in
1114 1958 1363 2012 Accarim
1383 2000 1397 2025 ,
1426 1973 1490 2013 ex
1521 1956 1738 2012 Thecua
1759 1999 1775 2024 ,
1807 1973 1945 2028 quos

370 2049 506 2103 vidit
534 2064 700 2119 super
726 2046 1029 2104 Jerusalem
1051 2089 1066 2113 ,
1100 2051 1156 2103 in
1185 2049 1382 2105 diebus
1413 2048 1558 2104 Ozize
1585 2051 1732 2120 regis
1762 2049 1903 2104 Juda
1925 2089 1942 2114 ,

367 2149 424 2194 et
455 2139 509 2192 in
531 2139 727 2195 diebus
747 2137 1037 2194 Jeroboam
1070 2139 1165 2193 ﬁlii
1195 2137 1326 2195 Joas
1347 2181 1362 2205 ,
1389 2141 1533 2213 regis
1556 2139 1721 2196 Israel
1741 2181 1756 2206 ,
1790 2141 1946 2197 bien-

371 2232 463 2286 nio
489 2239 613 2287 ante
641 2241 801 2287 terrae
829 2239 1058 2286 motum.
1091 2252 1110 2285 ι

443 2320 696 2376 Michaeas
719 2363 734 2387 ,
777 2321 938 2391 cujus
981 2322 1310 2393 principium
1352 2329 1436 2377 est
1463 2342 1475 2376 :
1508 2341 1527 2374 ι
1560 2321 1627 2377 Ει
1654 2322 1833 2379 factus
1861 2333 1946 2381 est

373 2427 556 2468 sermo
585 2411 804 2467 Domini
845 2413 912 2467 ad
938 2412 1219 2468 Michmam
1251 2412 1592 2470 Morathitem
1613 2455 1625 2476 ,
1662 2416 1718 2470 in
1748 2416 1945 2473 diebus

369 2503 619 2559 Joatham
649 2512 702 2560 et
747 2505 928 2560 Achaz
972 2515 1028 2562 et
1071 2505 1317 2561 Ezechiae
1361 2522 1547 2578 regum
1577 2505 1746 2574 Juda,
1783 2524 1944 2579 quem

371 2595 509 2651 vidit
538 2611 701 2666 super
728 2596 1032 2651 Samariam
1059 2604 1112 2652 et
1139 2595 1462 2653 Jerusalem.
1498 2617 1516 2650 ι

439 2686 594 2752 Joel,
648 2688 809 2756 cujus
849 2688 1067 2742 initium
1113 2696 1236 2744 est:
1267 2709 1284 2740 ι
1322 2687 1515 2744 Sermo
1563 2689 1808 2756 Domini,
1849 2687 1948 2761 qui

374 2780 551 2836 factus
581 2788 664 2835 est
695 2781 761 2835 ad
792 2778 997 2836 Joelem
1023 2822 1037 2843 ,
1087 2781 1259 2836 ﬁlium
1302 2780 1552 2836 Bathuel.
1602 2781 1798 2838 Audite
1828 2783 1946 2838 haec

370 2873 588 2937 omnia,
622 2889 815 2938 senes,
847 2883 901 2929 et
928 2874 1154 2929 auribus
1183 2873 1447 2945 percipite
1469 2914 1484 2938 ,
1515 2889 1705 2929 omnes
1733 2875 1946 2930 habita-

372 2975 520 3019 tores
548 2973 728 3020 ιθιτεε.
762 2983 781 3016 ι

444 3054 684 3117 Abdias,
737 3055 896 3125 cujus
948 3056 1278 3127 principium
1311 3067 1429 3112 est:
1465 3076 1481 3110 ι
1516 3056 1668 3114 Visio
1717 3058 1940 3116 Abdiaaz

373 3145 501 3197 Haec
531 3144 665 3198 dicit
696 3143 963 3198 Dominus
991 3144 1133 3198 Deus
1163 3144 1228 3197 ad
1261 3145 1571 3199 ldummam.
1602 3164 1620 3196 ι

442 3231 613 3290 Jonas
635 3275 650 3299 ,
685 3235 846 3305 cujus
901 3235 1115 3289 initium
1148 3242 1231 3289 est
1260 3256 1270 3288 :
1305 3253 1322 3285 ‹
1355 3235 1420 3288 Ει
1451 3235 1628 3290 factus
1659 3244 1742 3290 est
1767 3252 1946 3292 sermo

373 3326 589 3381 Domini
621 3327 687 3382 ad
719 3325 913 3382 Jonam
975 3327 1143 3381 ﬁlium
1185 3328 1438 3394 Amathi,
1479 3329 1666 3383 dicens
1704 3345 1717 3378 :
1774 3328 1948 3400 Surge

371 3427 428 3475 et
457 3419 593 3475 vade
620 3421 675 3474 in
703 3418 936 3474 Niniveu
964 3419 1240 3474 civitatem
1275 3435 1547 3490 magnam.
1583 3440 1601 3472 ›
1781 3488 1786 3494 ν

443 3508 655 3563 Nahum
680 3550 694 3572 ,
725 3510 886 3579 cujus
917 3509 1133 3563 initium
1162 3519 1283 3564 est:
1318 3530 1334 3561 ι
1366 3511 1686 3581 Assumptio
1712 3510 1905 3566 Ninive
1929 3551 1944 3575 ,

371 3600 514 3659 liber
547 3599 773 3656 visionis
795 3599 1005 3654 Nahum
1039 3599 1287 3654 Elceszci.
1325 3619 1345 3652 ι

444 3689 748 3745 Ambacum
769 3730 784 3754 ,
814 3691 971 3760 cujus
997 3691 1207 3743 initium
1236 3698 1318 3746 est
1344 3709 1357 3744 :
1381 3709 1400 3742 ι
1421 3689 1757 3761 Assumptio,
1785 3706 1946 3761 quam

373 3782 510 3837 vidit
537 3781 835 3837 Ambacum
869 3783 1150 3853 propheta.
1183 3803 1201 3835 ι

451 3871 756 3942 Sophonias
779 3912 794 3935 ,
827 3873 987 3942 cujus
1019 3874 1234 3928 initium
1265 3881 1349 3929 est
1377 3893 1389 3928 :
1423 3893 1442 3925 ‹
1475 3873 1667 3929 Sermo
1693 3873 1944 3938 Domini,

374 3962 468 4034 qui
504 3962 682 4017 factus
712 3971 795 4018 est
828 3963 896 4017 ad
931 3962 1264 4034 SOphoniam
1297 3965 1466 4018 ﬁlium
1497 3965 1648 4021 Chus
1669 4005 1682 4030 ,
1719 3966 1812 4020 ﬁlii
1841 3967 1950 4021 Go-

375 4054 531 4109 dolire
551 4093 567 4119 ,
603 4053 699 4108 ﬁlii
727 4053 963 4108 Amoriaa
987 4095 1002 4119 ,
1036 4055 1129 4109 lilii
1164 4055 1409 4122 Ezekiae,
1439 4057 1495 4111 in
1526 4057 1717 4113 diebus
1748 4055 1944 4126 Josiae,

377 4144 472 4199 ﬁlii
499 4144 687 4211 Amos,
715 4145 859 4215 regis
887 4144 1049 4201 Juda.
1073 4165 1090 4197 ι

444 4233 674 4305 Aggazus
696 4279 711 4301 ,
759 4221 918 4302 cujus
965 4236 1179 4289 initium
1224 4246 1307 4292 est
1335 4255 1347 4290 :
1381 4256 1398 4287 ι
1430 4236 1487 4290 1η
1520 4252 1664 4291 anno
1699 4237 1946 4292 secundo

377 4322 522 4378 Darii
553 4326 696 4397 regis
719 4364 732 4391 ,
765 4342 954 4381 mense
984 4335 1160 4392 sexto,
1186 4329 1273 4383 die
1304 4330 1478 4398 prima
1512 4330 1741 4390 mensis,
1771 4327 1946 4384 factus

2114 1859 2246 1919 Εἶτα
2307 1861 2507 1934 Ἀμὼς,
2556 1855 2615 1916 οὗ
2654 1863 2686 1932 ἡ
2720 1863 2889 1934 ἀρχὴο
2928 1882 2946 1912 ‹
2980 1862 3141 1930 Λόγοι
3179 1860 3379 1933 Ἀμὼς,
3409 1863 3464 1932 μοῖ
3504 1863 3624 1932 ἐγέ-

2045 1973 2197 2010 νοντο
2223 1955 2279 2007 ὲν
2308 1954 2630 2024 Ἀκκαρεὶμ,
2657 1955 2720 2006 ὲκ
2749 1953 2968 2014 Θεκουὲ,
2995 1951 3088 2015 οὓς
3105 1948 3241 2005 εἶδεν
3272 1953 3409 2024 ὑπὲρ
3439 1955 3624 2024 Ἰερου-

2050 2047 2231 2118 σαλὴμ
2269 2045 2328 2101 έν
2380 2045 2620 2118 ἡμέραις
2668 2045 2841 2109 Ὀζίου
2897 2044 3158 2114 βασιλέως
3204 2043 3376 2098 Ἰούδα
3422 2045 3516 2096 καὶ
3566 2047 3624 2099 ὲν

2046 2139 2282 2208 ἡμέραις
2339 2137 2620 2207 Ἱεροὸοὰμ
2680 2135 2775 2189 τοῦ
2833 2137 3019 2200 Ἰωᾶς,
3069 2135 3327 2205 βασιλέως
3371 2135 3622 2207 Ἰσραὴλ,

2046 2229 2153 2301 πρὸ
2193 2227 2286 2282 δύο
2314 2227 2451 2281 ἐτῶν
2480 2228 2574 2282 τοῦ
2611 2227 2856 2297 σεισμοῦ,
2896 2247 2913 2279 ι

2115 2323 2375 2392 Μιχαίας,
2433 2314 2550 2391 οὗὴ
2591 2321 2730 2392 ἀρχή
2753 2339 2765 2350 ·
2805 2339 2822 2370 ι
2862 2319 2972 2372 Καὶ
2997 2317 3211 2387 ἐγένετο
3240 2319 3394 2388 λόγος
3418 2319 3623 2391 Κυρίου

2046 2412 2182 2484 πρὸς
2229 2409 2464 2480 Μιχαίαν
2489 2408 2578 2462 τὸν
2625 2407 2719 2461 τοῦ
2760 2407 2991 2476 Μωραθὶ
3017 2409 3072 2459 ὲν
3101 2406 3332 2477 ἡμέραις
3367 2407 3621 2477 Ἰωάθαμ,

2045 2503 2141 2556 καὶ
2195 2501 2383 2572 Ἀχὰζ,
2429 2502 2522 2554 καὶ
2578 2498 2818 2564 Ἐζεκίου
2845 2497 3105 2568 βασιλέων
3146 2497 3335 2561 Ἰούδα,
3372 2498 3513 2569 ὑπὲρ
3548 2491 3624 2553 ὧν

2043 2590 2148 2646 εἶδε
2176 2594 2303 2664 περὶ
2333 2592 2644 2663 Σαμαρείας
2678 2590 2772 2644 καὶ
2805 2589 3178 2661 Ἰερουσαλήμ.
3225 2609 3242 2640 ι

2127 2683 2301 2754 Ἰωὴλ,
2340 2677 2400 2737 οὗ
2444 2685 2476 2753 ή
2523 2683 2664 2754 ἀρχή
2689 2699 2701 2712 '
2740 2701 2758 2733 ι
2799 2681 2970 2749 Λόγος
3017 2680 3244 2750 Κυρίου,
3284 2679 3344 2744 ὃς
3390 2680 3624 2751 ἐγενήθη

2047 2775 2182 2847 πρὸς
2244 2773 2397 2846 Ἰωὴλ
2458 2775 2548 2827 τὸν
2569 2773 2661 2827 τοῦ
2695 2772 2958 2844 Βαθουὴλ.
3025 2772 3316 2825 Ἀκούσατε
3349 2772 3412 2844 δὴ
3455 2772 3627 2826 «ταῦτα

2049 2865 2226 2917 πάντα
2257 2865 2305 2916 οί
2355 2861 2736 2935 πρεσϐύτεροι,
2775 2861 2868 2916 καὶ
2921 2860 3279 2924 ἐνωτίσασθε,
3329 2861 3528 2925 πάνιες
3574 2863 3624 2916 οἱ

2047 2955 2424 3018 κατοικοῦντες
2449 2955 2551 3025 τὴν
2582 2953 2708 3024 γῆν.
2755 2972 2772 3004 ι

2131 3047 2338 3101 Ἀϐδιοῦ
2359 3047 2492 3120 (69),
2522 3042 2581 3100 οὗ
2613 3049 2645 3117 ἡ
2684 3048 2823 3118 ἀρχή
2845 3063 2858 3076 ’
2901 3065 2918 3097 ‹
2950 3047 3180 3114 Ὅρασις
3222 3043 3454 3098 Ἀὸδιοῢ·
3485 3044 3624 3098 Τάδε

2046 3141 2192 3211 λέγει
2225 3141 2426 3212 Κύριος
2454 3142 2482 3193 ὁ
2503 3139 2634 3202 Θεὸς
2654 3142 2720 3210 τῇ
2754 3139 3042 3209 Ἰδουμαίᾳ.
3077 3157 3095 3188 ι

2131 3235 2332 3296 Ἰωνᾶς,
2388 3226 2447 3286 οὗ
2499 3233 2532 3302 ἡ
2574 3232 2744 3301 ἀρχή·
2779 3248 2798 3282 ε
2838 3230 2949 3282 Καὶ
2981 3229 3198 3298 ἐγένετο
3230 3228 3386 3297 λόγος
3419 3229 3622 3300 Κυρίου

2053 3325 2189 3396 πρὸς
2224 3325 2404 3377 Ἰωνᾶν
2435 3322 2524 3375 τὸν
2577 3321 2669 3374 τοῦ
2717 3319 2931 3391 Ἀμαθὶ,
2959 3320 3134 3388 λέγων
3158 3338 3171 3350 ·
3211 3319 3500 3390 Ἀνάστηθι
3531 3336 3624 3372 και

2048 3416 2342 3487 πορεύθητι
2373 3417 2452 3478 είς
2480 3414 2666 3469 Νινευὶ
2703 3412 2816 3484 ('70)
2845 3412 2944 3482 τὴν
2974 3412 3126 3464 πόλιν
3173 3412 3272 3481 τὴν
3301 3410 3560 3482 μεγάλην.
3602 3429 3620 3462 ι

2119 3507 2334 3576 Ναοὺμ,
2363 3498 2424 3558 οὗ
2459 3507 2492 3574 ἡ
2523 3505 2663 3576 ἀρχή
2684 3523 2697 3535 ·
2731 3523 2749 3554 ‹
2787 3503 2996 3574 Λῆμμα
3026 3502 3236 3556 Νινευί.
3277 3501 3465 3565 Βίϐλος
3490 3501 3621 3573 6(a-

2048 3615 2185 3660 σεως
2211 3597 2404 3667 Ναοὺμ
2429 3595 2522 3648 τοῦ
2545 3598 2601 3648 ὲν
2635 3593 2902 3647 Ἐλκεσαί.
2928 3612 2945 3643 )

2131 3689 2473 3758 Ἀμϐακοὺμ,
2509 3680 2567 3739 οὗ
2603 3688 2634 3755 ἡ
2665 3685 2806 3755 ἀρχή
2829 3701 2842 3714 ·
2879 3704 2896 3734 ε
2939 3683 3010 3736 Τὸ
3045 3683 3239 3753 λῆμμα
3275 3681 3303 3734 ὃ
3325 3677 3463 3734 εἶδεν
3499 3683 3626 3753 Ἀιδ-

2049 3781 2263 3850 6ακοὺμ
2291 3780 2318 3831 ὁ
2342 3779 2645 3848 προφήτης.
2680 3795 2698 3827 ι

2118 3871 2412 3941 Σοφωνίας,
2443 3861 2503 3922 οὗ
2532 3873 2564 3942 ἡ
2593 3870 2732 3940 ἀρχή
2755 3885 2767 3897 ·
2803 3887 2820 3918 ι
2863 3867 3032 3935 Λόγος
3061 3865 3364 3936 Κυρίου,δς
3394 3863 3624 3934 ἐγενήθη

2050 3963 2184 4033 πρὸς
2235 3961 2512 4029 Σοφωνίαν
2565 3959 2657 4011 τὸν
2694 3957 2788 4010 τοῦ
2838 3957 2980 4020 Χοὺς
3032 3956 3166 4026 (71),
3218 3955 3334 4008 υἱὸν
3379 3952 3624 4006 Γοδολίου

2050 4052 2144 4106 τοῦ
2193 4053 2446 4124 Ἀμορίου
2475 4050 2568 4104 τοῦ
2608 4049 2874 4114 Ἐζεκίου,
2906 4050 2962 4100 ὲν
2993 4047 3229 4119 ἡμέραις
3279 4045 3483 4099 Ἰωσίου
3507 4044 3623 4098 υίοῦ

2064 4142 2246 4214 Ἀμὼς
2277 4143 2540 4210 βασιλέως
2590 4141 2775 4195 Ἰούδα.
2808 4160 2827 4193 ι

2129 4237 2398 4304 Ἀγγαῖος,
2423 4229 2483 4289 οὗ
2522 4237 2555 4304 ἡ
2586 4235 2759 4305 ὰρχὴ’
2797 4251 2817 4283 ι
2867 4230 2953 4285 Ἐν
2987 4230 3064 4300 τῷ
3095 4230 3330 4301 δευτέρῳ
3373 4229 3483 4282 ἔτει
3534 4230 3628 4282 ἐπὶ

2049 4327 2270 4399 Δαρείου
2298 4325 2391 4378 τοῦ
2423 4323 2682 4396 βασιλέως
2713 4325 2768 4376 ἐν
2790 4323 2867 4394 τῷ
2901 4323 3028 4394 μηνὶ
3060 4321 3137 4391 τῷ
3165 4321 3330 4391 ἕκτῳ,
3385 4323 3482 4391 μιᾷ
3530 4319 3626 4373 τοῦ

375 4424 460 4473 est
481 4432 662 4472 sermo
683 4416 898 4472 Domini
923 4418 978 4472 in
1003 4434 1166 4473 manu
1195 4420 1376 4490 Aggaei
1400 4421 1678 4490 prophetae
1699 4420 1908 4475 dicens.
1923 4439 1940 4472 ι

2080 4418 2241 4488 ιηνὸς,
2272 4418 2486 4485 ἐγένετο
2508 4417 2662 4486 λόγος
2689 4416 2891 4488 Κυρίου
2925 4417 2982 4466 ἐν
3015 4414 3157 4495 χειρὶ
3202 4413 3454 4482 Ἀγγαίου
3490 4429 3627 4483 προ-

447 4595 743 4651 Zacharias
763 4636 777 4660 ,
809 4595 966 4665 cujus
992 4595 1206 4649 initium
1233 4604 1317 4651 est
1345 4616 1358 4651 :
1386 4616 1405 4648 ‹
1433 4597 1489 4651 in
1521 4607 1711 4652 octavo
1739 4613 1948 4660 mense,

378 4702 521 4740 anno
561 4686 804 4741 secundo
850 4684 1034 4747 Darii,
1088 4684 1265 4741 factus
1303 4694 1388 4741 est
1418 4702 1601 4741 sermo
1634 4686 1850 4740 Domini
1882 4689 1947 4739 ad

377 4777 735 4840 Zachariam,
779 4777 951 4832 ﬁlium
993 4776 1308 4843 Barachim,
1353 4778 1446 4833 ﬁlii
1489 4779 1674 4846 Addo,
1710 4779 1950 4850 prophe-

380 4878 522 4932 tam,
556 4868 769 4924 dicens.
803 4887 821 4920 ι

449 4959 562 5030 98
587 4958 918 5026 Malachias,
961 4960 1122 5029 cujus
1165 4959 1380 5013 initium
1430 4967 1552 5014 est:
1585 4979 1603 5010 ι
1635 4958 1952 5030 Assumptio

381 5049 650 5104 sermonis
683 5048 898 5104 Domini
931 5050 996 5104 ad
1028 5048 1193 5104 Israel
1223 5050 1276 5102 in
1312 5063 1475 5103 manu
1510 5050 1687 5120 angeli
1715 5050 1857 5120 ejus.
1893 5070 1913 5102 ι

450 5138 514 5192 lli
545 5149 673 5194 sunt
705 5139 996 5196 duodecim
1025 5140 1305 5210 prophetae
1334 5156 1443 5195 uno
1489 5141 1764 5196 volumine
1804 5157 1954 5196 com-

380 5232 657 5302 prehensi.
693 5231 1011 5303 Sequuntur
1034 5233 1230 5302 reliqui
1260 5241 1516 5302 quatuor,
1558 5247 1792 5302 quorum
1836 5233 1955 5286 cui-

379 5339 485 5392 que
514 5325 796 5395 proprium
825 5324 1220 5380 annumeratur
1262 5326 1536 5379 volumen.
1574 5323 1640 5377 Et
1670 5324 1726 5378 hi
1763 5330 1892 5379 sunt
1936 5341 1950 5378 :

451 5414 657 5483 lsaias,
709 5417 868 5486 cujus
915 5417 1128 5472 initium
1178 5425 1344 5472 cstu
1375 5415 1563 5478 Visio,
1611 5431 1776 5486 quam
1819 5415 1956 5468 vidit

601 5590 821 5665 Qragcus
852 5594 1148 5665 Scriptura.
1178 5604 1382 5658 textus,
1410 5594 1669 5648 Αὐσίτιδι.

607 5659 663 5733 |_n
695 5661 883 5716 Grzeco
935 5659 1233 5730 scriptura)
1268 5675 1412 5720 textu
1465 5666 1678 5733 legitur,
1725 5663 1950 5716 Ὀὅδιού.

455 5729 568 5801 (70)
603 5729 775 5786 Graec.
805 5734 1006 5803 Script.
1053 5736 1271 5805 Νινεύή,
1307 5745 1359 5792 et
1406 5739 1483 5791 sic
1511 5729 1769 5805 |inferius.
1809 5734 1952 5802 Mox,

2054 4510 2226 4578 φὴτου
2249 4508 2442 4577 λέγων.
2479 4527 2496 4558 ι

2123 4601 2414 4671 Ζαχαρίας,
2448 4593 2507 4653 οὗ
2537 4599 2760 4670 ἡάρχή·
2799 4616 2816 4648 ι
2865 4598 2952 4650 Ἐν
2987 4597 3065 4668 τῷ
3108 4597 3277 4666 ὀγδόῳ
3309 4596 3438 4666 μηνὶ
3477 4595 3630 4660 ἔτους

2052 4693 2302 4765 δευτέρου
2333 4693 2425 4746 ἐπὶ
2445 4691 2671 4763 Δαρείου
2694 4691 2908 4760 ἐγένετο
2933 4690 3089 4758 λόγος
3103 4689 3308 4760 Κυρίου
3344 4689 3432 4741 ἐπὶ
3454 4692 3630 4758 Ζαχα-

2055 4782 2193 4852 ρίαν,
2247 4779 2336 4832 τδν
2367 4779 2458 4832 τοῦ
2494 4781 2786 4850 Βαραχίου,
2837 4779 2947 4831 υίὸν
2996 4777 3160 4832 Ἀδδὼ
3193 4777 3285 4831 τὸν
3317 4780 3626 4849 προφήτην,

2052 4873 2247 4942 λέγων.
2289 4892 2306 4924 ι

2123 4962 2429 5033 Μαλαχίας,
2462 4954 2522 5014 οὗ
2545 4963 2576 5030 ἡ
2604 4961 2744 5031 ἀρχή
2771 4976 2785 4990 ·
2827 4979 2844 5011 ι
2884 4961 3088 5031 Λῆμμα
3116 4960 3274 5029 λόγου
3299 4959 3502 5031 Κυρίου
3535 4961 3630 5014 ἐπὶ

2051 5065 2141 5109 τον
2181 5055 2399 5127 Ἰσραὴλ
2423 5056 2479 5107 ἐν
2512 5053 2653 5124 χειρὶ
2692 5053 2923 5121 ἀγγέλου
2959 5053 3145 5106 αὐτοῦ.
3179 5073 3196 5104 ι

2125 5139 2285 5200 Οὗτοι
2317 5147 2416 5216 μὲν
2441 5142 2531 5200 οὖν
2561 5147 2610 5200 οἱ
2661 5143 2868 5197 δώδεκα
2899 5147 2978 5207 είς
3005 5143 3063 5197 ἓν
3103 5143 3324 5214 βιϐλίον.
3369 5144 3525 5212 Ἑξῆς
3573 5143 3630 5196 δὲ

2052 5240 2229 5310 ἕτεροι
2255 5238 2537 5310 τέσσαρες,
2565 5237 2702 5308 πρὸς
2729 5236 2787 5288 ἓν
2818 5237 3048 5299 ἕκαστος
3086 5236 3309 5306 βιϐλίον,
3342 5231 3487 5290 οὗτοι
3507 5253 3519 5264 ·

2137 5413 2385 5476 Ἡσαΐας,
2417 5406 2532 5482 οὗὴ
2565 5413 2741 5482 ἀρχή·
2783 5429 2801 5462 ι
2833 5411 3081 5481 Ὅρασις,
3121 5409 3187 5481 ἥν
3216 5407 3354 5463 εἶδεν
3405 5409 3630 5470 Ἡσαΐας

2053 5597 2082 5648 ὁ
2110 5593 2201 5647 τοῦ
2245 5594 2574 5647 Ἐλκεσαίου.

2127 5665 2237 5733 (7i)
2260 5663 2481 5718 Graecus
2507 5662 2804 5732 Scriptura:
2829 5670 2962 5716 text.
2988 5658 3176 5733 Χουσί.
3197 5655 3342 5715 Infra
3365 5658 3418 5712 in
3439 5655 3632 5711 Graeco

2059 5728 2354 5804 Scriptura:
2388 5742 2538 5790 textu
2569 5728 2784 5806 legitur,
2815 5733 2932 5786 υἱοῦ
2964 5728 3166 5803 Ἀμώς.
