3890 6200
344 295 457 353 289

1407 286 1740 343 SYNOPSIS
1782 285 2200 344 SCRIPTURE
2241 282 2515 340 SACIUE.

3510 276 3617 336 290

343 413 464 476 υίὸς
506 410 709 482 Ἀμὼς,
745 410 813 481 ἦν
832 404 944 464 εἶδε
974 408 1116 464 κατὰ
1140 409 1240 480 τῆς
1270 409 1530 474 Ἰουδαίας
1547 412 1644 464 καὶ
1667 410 1809 466 κατὰ
1829 411 1930 482 τῆς

2061 409 2203 466 saias
2249 407 2395 463 ﬁlius
2437 406 2640 471 Amos,
2672 420 2836 477 quam
2869 403 3006 459 vidit
3032 404 3298 461 adversus
3326 402 3471 458 Juda
3486 418 3572 457 am
3600 447 3615 470 ,

356 503 715 577 Ἰερουσαλὴμ
764 504 823 556 ὲν
871 502 1118 573 βασιλείᾳ
1160 500 1359 567 Ὀζίου,
1403 503 1496 555 xal.
1552 501 1813 573 Ἰωάθαμ,
1841 504 1933 556 καὶ

312 592 323 603 ’
358 592 549 665 Ἄχαζ,
582 596 675 648 καὶ
717 593 979 658 Ἐζεκίου,
1027 595 1076 648 οἶ
1110 592 1462 648 ἐϐασίλευσαν
1503 595 1603 665 τῆς
1652 593 1928 658 Ἰουδαίας.

354 685 580 747 Ἄκουε,
612 683 831 756 οὺρανὲ,
860 683 954 738 καὶ
974 683 1251 750 ἐνωτίζου,
1276 685 1310 755 ἡ
1332 685 1424 756 γῆ,
1463 684 1546 737 ὅτι
1578 682 1783 757 Κύριος
1810 684 1933 739 ὲλά-

344 774 534 845 λησεν.
578 792 599 825 ι

432 865 723 937 Ἱερεμίας,
747 856 808 917 οῦ
845 865 879 935 ή
912 864 1088 936 ἀρχή·
1122 881 1142 916 ι
1182 861 1256 916 Τὸ
1286 862 1436 934 ῥῆμα
1459 860 1551 915 τοῦ
1572 861 1730 928 Θεοῦ,
1759 861 1788 916 ὃ
1808 863 1931 932 ἐγέ-

345 974 473 1011 νετο
532 958 625 1010 ἐπὶ
660 956 931 1028 Ἰερεμίαν
970 956 1064 1010 τὸν
1092 954 1187 1009 τοῦ
1219 955 1474 1021 Χελκίου,
1519 954 1579 1019 ὃς
1615 950 1683 1027 ἦν
1723 956 1790 1010 ἐκ
1823 954 1933 1010 τῶν

350 1052 567 1122 ἱερέων.
605 1071 626 1104 ι

434 1142 682 1215 Ἐζεκιὴλ
712 1140 847 1214 (72),
876 1134 937 1194 οὗ
968 1143 1004 1213 ἡ
1048 1141 1192 1212 ἀρχή
1220 1156 1233 1169 ’
1277 1159 1296 1192 ι
1331 1142 1441 1194 Καὶ
1485 1142 1700 1209 ἐγένετο
1745 1141 1802 1194 ὲν
1855 1139 1933 1211 τῷ

345 1234 656 1310 τριακοστῷ
700 1234 809 1288 ἔτει
852 1236 910 1287 ὲν
949 1233 1029 1305 τῷ
1052 1235 1299 1305 τετάρτῳ
1331 1234 1482 1305 μηνὶ,
1520 1235 1614 1286 καὶ
1640 1231 1750 1302 ἐγὼ
1785 1233 1932 1304 ήμην

342 1331 406 1381 ὲν
441 1328 591 1399 μέσῳ
629 1327 728 1398 τῆς
755 1325 1131 1397 αἰχμαλωσίας
1168 1325 1265 1377 ἐπὶ
1297 1325 1390 1379 τοῦ
1433 1324 1677 1397 ποταμοῦ
1722 1325 1930 1396 Χοϐὰρ,

342 1420 440 1473 καὶ
470 1417 797 1489 ἠνοίχθησαν
822 1418 871 1470 οἱ
903 1416 1143 1489 οὐρανοὶ,
1172 1416 1268 1469 καὶ
1300 1411 1438 1468 εἶδον
1471 1416 1689 1489 ὁράσεις
1716 1415 1874 1470 Θεοῦ.
1909 1437 1927 1469 ι

413 1511 634 1583 Δανιὴλ,
672 1504 733 1565 οὗ
762 1511 796 1581 ἡ
840 1511 1016 1583 ἀρχήο
1047 1528 1066 1560 ι
1106 1509 1216 1580 (75)
1249 1509 1359 1562 Καὶ
1396 1504 1464 1580 ἦν
1514 1509 1653 1582 ἀνὴρ
1683 1510 1847 1564 οἰκῶν
1874 1512 1932 1564 ὲν

340 1601 647 1667 Βαϐυλῶνι,
715 1604 809 1657 καὶ
852 1603 1019 1673 ὄνομα
1079 1601 1229 1674 αὐτῷ
1295 1603 1570 1674 Ἰωακεὶμ,
1626 1603 1720 1656 καὶ
1773 1602 1932 1656 ἔλαϐε

340 1695 580 1759 γυναῖκα
612 1686 843 1765 ᾖδνομα
886 1691 1181 1756 Σουσάννα,
1230 1691 1476 1764 θυγάτηρ
1509 1691 1763 1757 Χελκίου,
1789 1692 1930 1763 καλὴ

343 1781 554 1859 σφόδρα
578 1783 672 1836 καὶ
704 1782 1017 1853 φοϐουμένη
1051 1781 1141 1835 τὸν
1171 1782 1395 1854 Κύριον.
1446 1800 1465 1833 ι
1608 1854 1613 1861 ἡ

411 1876 469 1930 2.
514 1875 679 1946 Ὁμοῦ
711 1875 784 1929 τὰ
810 1874 1204 1946 κανονιζόμενα
1240 1875 1339 1945 τῆς
1373 1874 1619 1937 Παλαιᾶς
1656 1871 1931 1945 Διαθήκης

342 1967 530 2038 βιϐλία
571 1968 746 2023 εἴκοσι
795 1968 920 2035 δύο,
986 1968 1251 2041 ἰσάριθμα
1299 1969 1411 2031 τοῖς
1471 1966 1770 2039 γράμμασι
1822 1966 1931 2019 τῶν

353 2061 643 2132 Ἐϐραίων.
665 2061 919 2115 Τοσαῦτα
947 2061 1056 2132 γάρ
1089 2063 1195 2113 είσι
1224 2059 1351 2130 παρ’
1369 2060 1553 2122 αὐτοῖς
1577 2058 1645 2112 τὰ
1669 2061 1934 2129 στοιχεῖα.

426 2156 615 2220 Ἐκτὸς
644 2155 702 2208 δὲ
726 2154 931 2209 τούτων
968 2155 1075 2209 εἰσ)¹
1112 2154 1275 2209 πάλιν
1300 2155 1463 2227 ἕτερα
1496 2154 1674 2225 βιϐλία
1719 2154 1817 2225 τῆς
1839 2154 1937 2208 αὐ-

337 2245 444 2316 τῆς
469 2247 715 2310 Παλαιᾶς
760 2245 1059 2318 Διαθήκης,
1105 2246 1168 2298 οὐ
1212 2244 1604 2316 κανονιζόμενα
1647 2245 1766 2316 μὲν,
1805 2246 1936 2300 ἀνα-

338 2337 721 2408 γινωσκόμενα
750 2336 807 2390 δὲ
832 2337 990 2407 μόνον
1020 2338 1132 2398 τοῖς
1155 2351 1395 2405 κατηχου
1404 2335 1588 2405 μένοις
1606 2333 1783 2388 ταῦτα
1811 2350 1827 2364 ·

414 2429 586 2499 Σοφία
630 2428 965 2500 Σολομῶνος,
1013 2422 1074 2482 οῦ
1115 2429 1148 2499 ἡ
1190 2428 1334 2500 ἀρχή
1357 2445 1370 2456 ·
1401 2446 1418 2478 ι
1469 2426 1816 2498 Ἀγαπήσατε
1857 2425 1937 2479 δι-

339 2522 663 2595 καιοσύνην,
692 2524 741 2575 oi
771 2521 1046 2592 κρίνοντες
1068 2520 1168 2590 τὴν
1195 2520 1319 2591 γῆν.
1349 2538 1366 2570 ι

416 2614 587 2684 Σοφία
616 2613 789 2686 Ἰησοῦ
834 2612 951 2666 υἱοῦ
992 2611 1182 2683 Σιρὰχ,
1214 2605 1274 2664 οὗ
1319 2611 1352 2680 ἡ
1379 2609 1521 2682 ἀρχή
1545 2621 1560 2637 ⁸
1602 2627 1620 2660 ι
1653 2610 1812 2663 Πᾶσα
1844 2625 1935 2662 σο-

338 2708 444 2777 φία
484 2707 638 2778 παρὰ
684 2706 914 2778 Κυρίου,
961 2705 1058 2759 καὶ
1116 2704 1232 2775 μετ’
1296 2701 1464 2757 αὐτοῦ
1529 2703 1677 2756 ἐστιν
1723 2703 1803 2766 είς
1842 2701 1934 2756 τὸν

338 2799 541 2853 αἰῶνα.
572 2817 592 2850 ι

428 2890 653 2964 Ἐσθὴρ,
685 2880 747 2943 οὗ
794 2890 828 2961 ἡ
876 2888 1063 2960 ἀρχή·
1101 2904 1120 2938 ι
1164 2888 1358 2950 Ἔτους
1386 2885 1643 2958 δευτέρου
1666 2884 1799 2954 (74),
1836 2881 1939 2953 βα-

341 2981 653 3044 σιλεύοντος
684 2978 1043 3052 Ἀρταξέρξου
1074 2976 1169 3031 τοῦ
1198 2976 1543 3048 μεγάλου,τῇ
1571 2977 1669 3047 μιᾷ
1686 2975 1779 3028 τοῦ
1809 2975 1938 3028 Νει-

2032 508 2088 555 et
2135 498 2400 555 adversus
2442 497 2784 563 Jerusalem,
2835 498 2889 552 in
2937 512 3108 567 regno
3154 496 3330 563 Oziae,
3391 507 3446 552 et
3490 496 3608 551 Joa-

2033 593 2182 648 tham
2205 632 2220 657 ,
2251 601 2305 647 et
2327 591 2510 646 Achaz
2531 630 2546 656 ,
2582 599 2637 645 et
2658 589 2940 653 Ezechiae,
2974 588 3068 659 qui
3093 597 3394 659 regnarunt
3427 588 3482 643 in
3522 587 3621 642 Ju-

2034 687 2170 743 daaa.
2200 685 2363 751 Audi,
2398 684 2597 739 coelum
2621 722 2636 739 .
2667 690 2721 737 et
2752 681 2979 737 auribus
3009 683 3250 752 percipe,
3279 689 3448 747 terra,
3480 695 3609 752 quo-

2032 779 2182 833 niam
2219 777 2479 831 Dominus
2507 776 2725 831 locutus
2755 782 2859 831 est.
2894 791 2913 825 ι

2103 869 2410 933 Jeremias,
2480 869 2641 939 cujus
2704 867 2924 922 initium
2985 876 3110 924 est:
3149 865 3435 923 «Verbum
3484 865 3613 931 Dei,

2033 962 2181 1034 quod
2215 961 2418 1016 factum
2445 970 2529 1017 est
2574 960 2642 1015 ad
2688 960 2985 1016 Jeremiam
3016 961 3191 1016 ﬁlium
3214 958 3484 1024 Chelkiaa,
3520 960 3614 1029 qui

2032 1059 2151 1107 erat
2179 1067 2246 1106 ex
2277 1050 2677 1107 sacerdotibus.
2714 1068 2733 1101 ι

2108 1143 2391 1207 Ezechiel,
2424 1143 2586 1213 cujus
2618 1142 2953 1213 principium
2992 1151 3113 1198 est:
3145 1160 3164 1193 ι
3195 1140 3261 1195 Ει
3296 1140 3501 1196 factum
3534 1148 3621 1195 est

2032 1237 2086 1290 in
2123 1251 2267 1290 anno
2297 1235 2579 1289 tricesimo
2600 1274 2614 1298 ,
2653 1249 2841 1290 mense
2873 1245 3104 1304 quarto,
3136 1241 3190 1289 et
3219 1249 3319 1304 ego
3366 1248 3517 1287 eram
3562 1233 3619 1286 in

2033 1327 2213 1383 medio
2243 1327 2579 1397 captivitatis
2606 1326 2673 1380 ad
2703 1327 2904 1382 ﬂumen
2934 1327 3173 1392 Chobar,
3206 1335 3260 1381 et
3290 1327 3461 1397 aperti
3491 1333 3621 1381 sunt

2033 1420 2159 1474 cmli
2188 1437 2202 1474 :
2235 1426 2288 1474 et
2315 1419 2429 1473 vidi
2459 1420 2701 1474 visiones
2733 1417 2851 1473 Dei.
2886 1437 2905 1469 ι

2111 1510 2299 1566 Daniel
2327 1551 2342 1576 ,
2372 1511 2536 1581 cujus
2570 1510 2855 1565 exordium
2886 1519 2968 1565 est
3000 1528 3012 1564 :
3048 1528 3066 1561 ι
3095 1508 3161 1562 Ει
3194 1516 3311 1564 erat
3342 1507 3428 1561 vir
3461 1506 3619 1561 habi-

2032 1609 2155 1656 tans
2188 1602 2242 1657 in
2273 1602 2574 1674 Babylone,
2606 1611 2660 1658 et
2690 1618 2891 1658 nomen
2925 1603 3004 1658 illi
3038 1600 3285 1665 Joakim,
3317 1608 3372 1655 et
3406 1599 3619 1669 accepit

2034 1711 2294 1765 uxorem,
2330 1697 2554 1752 nomine
2591 1696 2902 1752 Susannam
2975 1696 3144 1751 ﬁliam
3176 1693 3414 1750 Chclkiae
3446 1732 3460 1756 ,
3496 1691 3619 1762 pul-

2034 1791 2224 1845 chram
2258 1789 2414 1845 valde
2434 1833 2448 1855 ,
2482 1804 2547 1843 ac
2576 1789 2855 1845 timentem
2880 1787 3193 1843 Dominum.
3228 1807 3248 1841 ι
3520 1852 3531 1863 ε

2103 1882 2158 1938 2.
2199 1881 2338 1937 Sunt
2372 1883 2555 1953 itaque
2583 1882 2831 1937 canonici
2867 1879 3083 1937 Veteris
3117 1879 3458 1937 Testamenti
3482 1881 3618 1939 libri

2032 1990 2262 2030 numero
2307 1975 2500 2046 viginti
2524 1975 2635 2030 duo
2657 2014 2672 2039 ,
2716 1975 2913 2030 litteris
2946 1972 3232 2030 Hebraicis
3267 1990 3499 2031 numero
3523 1992 3618 2047 pa-

2032 2080 2145 2120 res.
2175 2062 2425 2119 Totidem
2460 2063 2606 2118 enim
2640 2063 2786 2133 apud
2819 2064 2941 2119 illos
2971 2072 3099 2119 sunt
3128 2064 3419 2119 elementa.

2102 2155 2309 2212 Praster
2343 2156 2480 2212 istos
2511 2164 2693 2210 autem
2728 2163 2857 2210 sunt
2889 2154 3069 2211 adhuc
3102 2155 3195 2209 alii
3229 2155 3474 2224 ejusdem
3509 2154 3618 2213 Ve-

2033 2249 2168 2305 teris
2213 2247 2552 2304 Testamenti
2588 2246 2713 2302 libri
2746 2263 2854 2302 non
2886 2246 3167 2313 canonici,
3217 2247 3310 2319 qui
3358 2247 3616 2304 catechu-

2034 2340 2210 2396 menis
2241 2347 2454 2394 tantum
2484 2341 2762 2410 leguntur.
2795 2337 3037 2394 Scilicet.

2106 2429 2387 2502 Sapientia
2423 2430 2737 2485 Salomonis
2758 2469 2773 2493 ,
2805 2429 2964 2500 cujus
2996 2428 3283 2484 exordium
3318 2436 3404 2485 est
3432 2448 3445 2482 :
3477 2447 3497 2482 ι
3524 2428 3619 2483 Dio

2033 2520 2185 2592 ligite
2214 2520 2486 2591 justitiam
2510 2562 2525 2587 ,
2560 2521 2654 2591 qui
2686 2519 2954 2588 judicatis
2989 2526 3213 2574 terram.
3245 2537 3265 2570 ι

2108 2610 2386 2683 Sapientia
2414 2610 2545 2667 Jesu
2591 2612 2684 2666 lilii
2722 2608 2954 2676 Siracb,
3010 2610 3172 2681 cujus
3216 2609 3436 2664 initium
3484 2615 3612 2664 est:

2040 2722 2060 2756 ι
2089 2703 2280 2760 Omnis
2310 2705 2578 2776 sapientia
2612 2721 2642 2758 a
2676 2703 2907 2759 Domino
2956 2711 3072 2769 est,
3116 2711 3172 2759 et
3202 2717 3330 2758 cum
3366 2701 3489 2774 ipso
3529 2709 3617 2758 est

2035 2796 2093 2851 in
2119 2799 2402 2853 sarculum.
2440 2816 2459 2849 ι

2106 2887 2326 2954 Esther,
2359 2888 2520 2959 cujus
2569 2888 2786 2944 initium
2838 2897 2923 2945 est
2953 2906 2967 2943 :
2997 2905 3016 2940 ς
3043 2887 3202 2943 Anno
3225 2889 3503 2955 secundo,
3527 2906 3616 2946 re-

2037 2989 2241 3053 gnante
2273 2981 2573 3036 Artaxerxe
2603 2980 2799 3052 Magno
2822 3021 2838 3047 ,
2871 2995 2981 3035 una
3017 2979 3107 3034 die
3149 2979 3359 3036 mensis
3400 2978 3569 3036 Nisan
3595 3020 3613 3046 ,

342 3073 450 3130 σᾶν
497 3072 747 3127 ἐνύπνιον
805 3067 913 3124 εἶδε
964 3070 1305 3142 Μαρδοχαῖος
1352 3071 1382 3122 ὁ
1429 3067 1527 3121 τοῦ
1580 3066 1806 3138 Ἰαείρου
1836 3064 1931 3120 τοῦ

2061 3072 2314 3126 ;omnium
2363 3070 2499 3126 vidit
2544 3070 2951 3136 Mardochaeus,
2986 3070 3131 3126 ﬁlius
3181 3069 3316 3125 Jairi
3340 3110 3357 3138 ,
3390 3071 3487 3128 ﬂlii
3519 3070 3617 3129 Se-

341 3166 545 3237 Σεμεεὶ
575 3163 671 3218 τοῦ
702 3162 956 3226 Κισαίου,
991 3162 1058 3216 ὲκ
1084 3162 1257 3233 φυλῆς
1284 3159 1562 3230 Βενιαμίν.
1605 3176 1626 3210 ι

430 3255 637 3327 Ἰουδὴθ
657 3296 672 3321 ,
721 3249 782 3310 οὗ
813 3255 955 3327 ἀρχή
982 3271 997 3285 ι
1035 3273 1054 3305 ι
1098 3255 1293 3317 ’Έτους
1330 3252 1630 3306 δωδεκάτου
1659 3248 1758 3321 τῆς
1784 3248 1936 3321 βασι-

344 3347 499 3413 λείας
558 3346 1069 3418 Ναϐουχοδονόσωρ,
1114 3344 1173 3409 ὃς
1228 3344 1577 3399 ἐϐασίλευσεν
1634 3341 1934 3414 Ἀσσυρίων

344 3443 408 3495 ὲν
456 3439 666 3504 Νινευὶ,
705 3441 773 3511 τῇ
826 3437 980 3492 πόλει
1026 3440 1093 3510 τῇ
1152 3437 1384 3509 μεγάλῃ,
1438 3438 1498 3490 ὲν
1539 3437 1660 3499 ταῖς
1698 3434 1935 3507 ἡμέραις

360 3532 655 3604 ’Δρφαξὰδ,
695 3531 755 3595 ὃς
798 3529 1115 3584 ἐϐασίλευσε
1160 3528 1361 3600 Μήδων
1399 3528 1458 3581 ὲν
1508 3526 1876 3588 Ἐκϐατάνοις.
1908 3542 1929 3576 ι

421 3622 626 3685 Τωϐὶτ,
664 3612 728 3675 οὗ
770 3621 805 3691 ἡ
845 3620 989 3691 ἀρχή
1012 3635 1025 3649 ο
1086 3636 1106 3669 ι
1150 3617 1340 3682 Βίϐλος
1393 3615 1567 3685 λόγων
1594 3614 1797 3681 Τωϐὶτ,
1837 3612 1932 3667 τοῦ

345 3713 589 3786 Τωϐιὴλ,
613 3712 710 3766 τοῦ
749 3710 1023 3781 Ἀνανιὴλ,
1051 3708 1147 3763 τοῦ
1188 3707 1430 3779 Ἀδουὴλ,
1451 3706 1548 3761 τοῦ
1598 3705 1837 3778 Γαϐαὴλ,
1868 3706 1934 3758 ὲκ

345 3805 446 3860 τοῦ
468 3805 779 3877 σπέρματος
806 3801 1001 3874 Ἀσεὴλ
1024 3801 1158 3873 (75),
1183 3802 1248 3855 ὲκ
1270 3802 1370 3871 τῆς
1398 3799 1569 3870 φυλῆς
1591 3795 1930 3869 Νεφθαλείμ,

347 3897 409 3961 δς
437 3894 834 3968 ᾐχμαλωτεύθη
860 3895 919 3947 ὲν
953 3893 1194 3965 ἡμέραις
1237 3891 1632 3963 Ἐννεμεσάρου
1657 3889 1752 3944 τοῦ
1783 3889 1935 3961 βασι-

345 3990 489 4052 λέως
529 3987 847 4059 Ἀσσυρίων.
880 4005 899 4038 ι

417 4079 671 4133 Τοσαῦτα
690 4080 787 4133 καὶ
807 4077 876 4132 τὰ
904 4077 977 4148 μὴ
1003 4073 1583 4146 κανονιζόμενα.Τινὲς
1613 4071 1796 4144 μέντοι
1824 4069 1934 4124 τῶν

347 4170 601 4226 παλαιῶν
650 4170 904 4242 εἰρήκασι
938 4166 1317 4232 κανονίζεσθαι
1347 4166 1477 4237 παρ’
1520 4162 1791 4237 Ἑϐραίοις
1841 4163 1935 4216 καὶ

345 4265 450 4335 τὴν
505 4262 744 4335 Ἔσθήρυ
766 4262 864 4315 καὶ
897 4260 997 4331 τὴν
1043 4259 1142 4331 μὲν
1175 4257 1331 4311 Ῥοὺθ
1352 4298 1368 4322 ,
1406 4256 1544 4328 μετὰ
1581 4255 1690 4308 τῶν
1717 4253 1934 4325 Κριτῶν

349 4352 650 4424 ἑνουμένην
676 4392 692 4417 ,
751 4352 833 4415 είς
905 4349 965 4403 ἓν
1031 4347 1236 4419 βιϐλίον
1288 4340 1676 4417 ἀριθμεῖσθαιο
1729 4341 1827 4411 τὴν
1878 4339 1936 4394 δὲ

2037 3165 2172 3226 mei,
2208 3162 2305 3219 ﬁlii
2336 3162 2536 3230 Kisaai,
2568 3180 2634 3218 ex
2668 3164 2820 3220 tribu
2850 3163 3160 3236 Benjamin.
3192 3182 3212 3215 ι

2103 3255 2293 3312 Judith
2315 3296 2329 3322 ,
2361 3256 2522 3325 cujus
2551 3257 2880 3329 principium
2904 3266 2992 3314 est
3019 3275 3034 3313 :
3061 3275 3079 3309 ι
3106 3255 3266 3312 Anno
3291 3254 3618 3312 duodecimo

2034 3346 2187 3418 regni
2217 3345 2748 3412 Nabuchodonosor,
2776 3347 2870 3417 qui
2902 3347 2957 3402 in
2988 3346 3215 3418 Assyria
3248 3345 3528 3418 regnavit,
3558 3347 3617 3403 in

2034 3438 2231 3494 Ninive
2277 3438 2503 3494 civitate
2551 3454 2788 3511 magna,
2817 3440 2875 3494 in
2915 3438 3112 3494 diebus
3156 3437 3485 3509 Arphaxad,
3520 3440 3620 3509 qui-

2034 3528 2315 3584 Medorum
2350 3544 2447 3583 rex
2479 3528 2583 3582 fuit
2619 3529 2675 3582 in
2709 3526 3026 3584 Ecbatanis.
3059 3547 3079 3580 ι

2105 3620 2301 3676 Tobit.
2335 3619 2496 3689 cujus
2537 3618 2827 3674 exordium
2868 3627 2953 3675 est
2980 3636 2996 3674 :
3027 3637 3046 3670 ι
3082 3618 3247 3676 Liber
3297 3634 3614 3677 sermonum

2035 3707 2230 3774 Tobit,
2280 3709 2379 3765 ﬁlii
2425 3707 2651 3778 Tobiel,
2700 3707 2798 3763 ﬂlii
2826 3709 3093 3776 Ananiel,
3127 3709 3226 3765 lilii
3271 3709 3479 3780 Aduel,
3516 3710 3614 3766 (illi

2035 3802 2236 3859 Gabael
2262 3843 2279 3867 ,
2324 3819 2393 3859 ex
2441 3804 2650 3860 semine
2708 3802 2858 3858 Asiel
2920 3802 2989 3859 de
3032 3804 3178 3859 tribu
3224 3804 3613 3876 Nephthalim:

2034 3894 2129 3964 qui
2161 3893 2216 3947 in
2249 3893 2623 3963 captivitatem
2657 3892 2931 3950 adductus
2964 3892 3069 3949 fuit
3109 3894 3166 3949 in
3198 3894 3395 3951 diebus
3431 3894 3615 3951 Enne-

2033 3987 2235 4043 mesari
2267 3986 2411 4057 regis
2437 3985 2816 4056 Assyriorum.
2847 4003 2867 4037 ι

2104 4077 2209 4133 Tot
2237 4089 2365 4134 sunt
2398 4078 2522 4133 libri
2557 4074 2771 4133 Veteris
2794 4075 3129 4132 Testamenti
3147 4117 3163 4144 ,
3184 4092 3295 4133 non
3337 4078 3613 4134 canonici.

2034 4170 2268 4239 Quidam
2290 4185 2421 4226 vero
2440 4186 2507 4225 ex
2531 4169 2805 4224 veteribus
2829 4208 2844 4232 ,
2869 4168 3011 4240 apud
3033 4167 3291 4225 Hebraeos
3319 4185 3419 4241 pro
3447 4186 3615 4227 cano-

2033 4262 2176 4321 nicis
2214 4260 2453 4330 reputari
2500 4259 2792 4327 dixerunt,
2830 4258 3035 4313 librum
3080 4258 3320 4325 Esther;
3354 4266 3409 4315 et
3442 4260 3617 4316 histo-

2035 4355 2174 4410 riam
2202 4353 2350 4409 Ruth
2390 4369 2515 4408 cum
2556 4352 2806 4407 historiis
2857 4348 3113 4405 Iudicum
3144 4366 3254 4406 uno
3282 4350 3425 4407 libro
3456 4367 3615 4407 com-

363 4445 567 4516 Ἐσθὴρ
591 4446 672 4508 είς
696 4443 881 4515 ἕτερον
909 4442 969 4495 ἓν
989 4458 1004 4472 ·
1035 4443 1129 4495 καὶ
1168 4438 1314 4493 οὕτω
1342 4436 1504 4492 πάλιν
1538 4436 1619 4499 είς
1647 4432 1817 4486 εἴκοσι
1840 4429 1931 4485 δύο

2061 4445 2301 4503 prehendi
2329 4452 2384 4501 et
2410 4444 2762 4500 annumerari
2789 4462 2802 4497 :
2833 4441 3029 4498 Esther
3047 4458 3181 4499 vero
3203 4458 3304 4514 pro
3331 4443 3441 4499 alio
3471 4444 3615 4499 libro

351 4535 807 4610 συμπληροῦσθαι
832 4535 924 4588 τὸν
947 4531 1181 4606 ἀριθμὸν
1209 4530 1319 4584 τῶν
1350 4526 1778 4598 κανονιζομένων
1800 4524 1932 4596 παρ’

350 4632 540 4694 αὐτοῖς
566 4629 806 4699 βιϐλίων.

426 4723 485 4777 5.
529 4721 641 4773 Καὶ
689 4719 758 4773 τὰ
787 4718 883 4790 μὲν
904 4718 1002 4789 τῆς
1042 4715 1286 4778 Παλαιᾶς
1327 4711 1604 4785 Διαθήκης
1634 4708 1833 4781 βιϐλία,
1864 4708 1936 4763 τά

349 4830 415 4866 τε
466 4809 860 4881 κανονιζόμενα
897 4806 1086 4862 καὶτὰ
1135 4806 1210 4878 μὴ
1240 4801 1655 4874 κανονιζόμενα,
1705 4798 1935 4855 τοιαῦτα

351 4905 451 4960 καὶ
485 4898 742 4957 τοσαῦτα.

427 4996 512 5049 Τὰ
553 4994 612 5049 δὲ
661 4993 762 5064 τῆς
803 4992 1010 5063 Καινῆς
1039 4990 1332 5062 Διαθήκης,
1369 4988 1529 5043 πάλιν
1565 4985 1846 5059 ὡρισμένα
1876 5001 1936 5039 τε

353 5091 452 5143 καὶ
487 5085 911 5156 κεκανονισμένα
932 5083 1132 5155 βιϐλία,
1160 5080 1366 5137 ταῦτα·

428 5179 587 5234 Κατὰ
607 5178 904 5241 Ματθαῖον,
922 5171 981 5231 οὗ
1004 5180 1038 5247 ἡ
1055 5176 1197 5247 ἀρχή
1220 5193 1235 5207 ·
1271 5192 1289 5225 ι
1315 5173 1507 5236 Βίϐλος
1526 5170 1794 5242 γενέσεως
1833 5170 1939 5239 Ἰη-

357 5271 454 5325 σοῦ
497 5269 753 5342 Χριστοῦ,
790 5268 909 5321 υἱοῦ
959 5266 1229 5338 Ἀϐραάμ.
1274 5284 1292 5317 ι

430 5466 547 5538 (72)
580 5464 641 5520 In
685 5463 873 5538 Greco
924 5462 1240 5538 Scriptura:_
1267 5464 1444 5538 textu,
1488 5453 1769 5538 Ἰεξεκιήλ.
1813 5450 1938 5538 Mox

357 5522 635 5615 inA‘Grzleco
680 5537 981 5615 Scriptura:
1022 5522 1174 5589 téxtu
1226 5530 1445 5602 legitur,
1498 5522 1744 5597 τετάρτῳ
1784 5522 1934 5593 μηνὶ,

358 5609 589 5676 πέμπτῃ
613 5605 708 5658 τοῦ
746 5604 932 5676 μηνός.

430 5652 431 5659 ~
482 5623 967 5731 πττίητουμτὲνοςο.
1202 5672 1214 5684 .
1391 5669 1402 5681 .
1455 5666 1467 5680 .
1813 5662 1826 5675 .

430 5628 544 5751 δῦ)
596 5692 768 5756 ⁵ιειιμι
802 5746 814 5756 _
845 5689 1023 5756 recens,
1055 5687 1159 5755 nec
1191 5661 1938 5756 immunisexemplaribus

358 5735 648 5830 prophetia
681 5745 922 5803 Danielis
957 5735 1069 5815 jam
1097 5742 1289 5814 incipit
1321 5755 1352 5796 a
1383 5736 1652 5795 Susanna:
1681 5735 1935 5800 historia,

2037 4537 2345 4609 computari
2378 4553 2391 4591 :
2431 4543 2594 4606 atque
2628 4534 2702 4591 ita
2731 4549 2927 4589 rursus
2963 4549 3252 4589 numerum
3276 4534 3470 4605 viginti
3505 4532 3615 4591 duo

2034 4629 2427 4685 canonicorum
2448 4627 2713 4681 librorum
2734 4665 2750 4692 ,
2784 4625 2929 4696 apud
2958 4625 3080 4680 illos
3108 4625 3370 4695 compleri
3399 4625 3610 4680 volunt.

2107 4721 2160 4776 5.
2197 4718 2262 4773 Et
2288 4727 2366 4775 tot
2393 4716 2613 4790 quidem
2647 4725 2775 4774 sunt
2807 4724 2861 4773 et
2888 4713 3161 4786 ejusmodi
3202 4729 3325 4769 cum
3360 4713 3416 4768 in
3446 4728 3616 4769 cano-

2036 4825 2105 4865 ne
2123 4849 2141 4876 ,
2167 4817 2281 4864 tum
2311 4816 2464 4866 extra
2490 4822 2757 4864 canonem
2775 4845 2791 4872 ,
2816 4804 3033 4861 Veteris
3060 4804 3395 4861 Testamenti
3427 4805 3573 4860 libri.

2107 4988 2243 5045 Novi
2271 5004 2398 5045 vero
2417 5028 2433 5056 ,
2461 4986 2807 5044 determinati
2833 4992 2887 5042 et
2905 4984 3155 5041 canonici
3187 4988 3316 5039 sunt
3344 4970 3470 5038 istié
3550 5057 3565 5066 ‘

2110 5148 2423 5207 Secundum
2454 5145 2763 5202 Matthazum
2780 5186 2796 5211 ,
2826 5143 2988 5214 cujus
3015 5141 3233 5197 initium
3259 5147 3383 5197 est:
3408 5160 3427 5194 ι
3448 5139 3616 5196 Liber

2040 5243 2411 5314 generationis
2441 5239 2573 5297 Iesu
2598 5238 2838 5303 Christi,
2871 5237 2968 5293 ﬁlii
2997 5234 3297 5291 Abraham.
3330 5252 3351 5287 ι

2039 5444 2095 5482 in
2119 5425 2307 5480 Graeco
2343 5421 2544 5493 Script.
2570 5420 2683 5489 jam
2707 5418 2947 5493 legitur_,_
2964 5417 3242 5493 ξωσᾴννα.

2109 5497 2220 5570 (74)
2244 5495 2370 5551 Haec
2397 5482 2505 5570 non
2530 5482 2800 5548 habentur
2826 5492 2881 5570 in
2900 5482 3172 5570 llebraico
3199 5492 3371 5543 textu.
3400 5482 3460 5541 ln
3486 5482 3616 5537 Vul-

2040 5560 2678 5641 gatanautem‘leguntur,
2708 5575 2831 5641 cap.
2857 5560 2946 5641 il.

2111 5620 2324 5711 (75)]ιί
2365 5620 2556 5691 Graeco
2603 5620 2900 5703 Scriptura:
2935 5635 3089 5686 textu
3139 5626 3355 5700 legitur,
3404 5620 3613 5695 ’Δσιήλ.
