3886 6182
296 308 392 364 291

1526 306 1583 361 S.
1623 307 2087 364 ATIIANASIUS.
2129 340 2199 351 —
2237 309 2468 365 DUBIA.

3449 308 3557 364 292

372 422 683 478 Secundum
713 422 955 476 Marcum
976 464 992 487 ,
1028 422 1187 491 cujus
1218 421 1430 476 initium
1458 439 1541 477 ρει
1567 443 1578 476 :
1616 443 1633 474 ι
1663 422 1875 477 Princi-

2050 425 2205 479 Κατά
2228 418 2555 496 Μάρκον,οῦ
2573 426 2605 496 ἡ
2624 426 2765 497 ἀρχή
2791 442 2802 455 ·
2845 443 2862 477 ι
2913 426 3078 498 Ἀρχὴ
3104 423 3197 478 τοῦ
3222 425 3555 494 Εὑαγγελίου

297 517 446 586 pium
482 516 752 587 Evangelii
779 514 907 570 Jesu
937 516 1170 578 Christi,
1208 514 1328 569 Filii
1370 515 1464 569 Dei
1512 518 1694 571 :sicut
1735 518 1873 570 scri-

298 618 452 680 ptum
489 617 573 665 est
618 610 673 664 in
707 608 844 664 Isaia
891 608 1151 680 pr0phcta
1192 627 1205 662 :
1241 607 1380 662 Ecce
1415 624 1515 677 ego
1562 610 1720 661 mitto
1771 624 1872 661 an-

1973 517 2148 585 Ίησοῦ
2209 518 2483 590 Χριστοῦ,
2526 518 2655 571 Υἱοῦ
2692 517 2785 571 τοῦ
2834 518 3002 571 Θεοῦ’
3040 516 3221 580 καθὼς
3249 517 3557 588 γέγραπται

1974 616 2031 665 ἐν
2051 613 2127 683 τῷ
2154 614 2349 683 Ἡσαΐᾳ
2390 615 2467 683 τῷ
2507 614 2785 685 προφήτῃο
2821 612 2951 664 Ἰδοὺ
2991 609 3101 678 ἐγὼ
3129 609 3439 663 ἀποστέλλω
3467 609 3558 664 τὸν

299 701 481 770 gelum
525 714 707 754 meum
753 705 881 754 ante
932 698 1126 752 faciem
1171 705 1364 763 tuam,
1412 697 1505 768 qui
1548 698 1874 767 praeparabit

2017 704 2199 772 γγελόν
2226 721 2325 774 μου
2357 704 2462 775 πρὸ
2489 701 2777 776 προσώπου
2811 718 2926 767 σου,
2951 700 3007 764 ὃς
3034 699 3430 754 κατασκευάσει
3459 698 3558 769 τὴν

299 793 442 847 viam
472 800 642 847 tuam.
678 811 698 844 ι

373 884 684 940 Secundum
708 883 933 948 Lucam,
971 883 1130 954 cujus
1164 884 1377 939 initium
1412 891 1531 940 est:
1563 902 1581 935 ι
1604 883 1875 950 Quoniam

300 975 458 1028 multi
491 976 675 1030 conati
706 981 835 1029 sunt
863 983 1157 1029 contexere
1187 974 1557 1028 narrationem
1590 974 1657 1029 de
1687 975 1754 1029 iis
1788 990 1881 1030 re-

300 1069 442 1133 bus,
475 1083 597 1138 qua:
625 1068 947 1123 certissimre
980 1075 1111 1122 sunt
1142 1067 1289 1138 inter,
1315 1083 1417 1123 nos
1448 1067 1592 1122 ﬁdei.
1626 1086 1644 1118 ι

373 1160 686 1216 Secundum
716 1158 982 1214 Joannem
1004 1201 1019 1225 ,
1048 1160 1209 1229 cujus
1242 1162 1571 1231 principium
1604 1170 1687 1217 est
1716 1181 1729 1217 :
1764 1180 1783 1214 ι
1819 1162 1876 1216 1η

299 1253 572 1322 principio
600 1261 716 1306 erat
740 1250 1003 1315 Verbum,
1033 1262 1086 1305 et
1107 1252 1342 1306 Verbum
1366 1260 1484 1307 erat
1512 1253 1654 1323 apud
1685 1252 1875 1319 Deum,

301 1352 354 1398 et
386 1342 529 1399 Deus
555 1352 672 1397 erat
705 1342 966 1397 Verbum.
999 1341 1114 1396 Hoc
1148 1350 1267 1396 erat
1316 1343 1371 1396 in
1417 1343 1687 1414 principio
1734 1344 1877 1413 apud

300 1434 495 1513 Deum.
559 1433 753 1489 Omnia
784 1450 881 1504 per
913 1436 1094 1503 ipsum
1127 1434 1270 1489 facta
1304 1442 1463 1500 sunt,
1498 1444 1551 1490 et
1593 1437 1713 1491 sine
1756 1437 1878 1507 ipso

302 1526 505 1581 factum
540 1538 622 1582 est
654 1527 788 1581 nihil
819 1526 964 1596 quod
998 1526 1203 1579 factum
1233 1534 1337 1581 est.
1379 1544 1399 1579 ι
1649 1513 1663 1523 ’

368 1618 480 1688 99
511 1618 644 1673 Acta
678 1620 1047 1688 apostolorum
1069 1657 1084 1682 ,
1114 1633 1349 1688 quorum
1394 1616 1719 1688 principium
1756 1627 1874 1675 est:

1974 796 2090 848 ὀδόν
2125 812 2237 848 σου.
2289 814 2307 846 ι

2047 887 2205 941 Κατά
2253 888 2486 950 Λουκᾶν,
2543 877 2603 938 οὗ
2658 888 2690 957 ὴ
2745 886 2922 957 ἀρχήο
2961 904 2979 935 ι
3011 882 3341 954 Ἐπειδήπερ
3373 880 3559 933 πολλοὶ

1977 979 2340 1049 ἐπεχείρησαν
2368 976 2733 1044 ἀνατάξασθαι
2768 976 3020 1047 διήγησιν
3048 973 3311 1045 περὶτῶν
3349 971 3560 1039 πεπλη-

1982 1089 2182 1143 ροφορη
2194 1072 2368 1142 μένων
2393 1072 2451 1125 ὲν
2476 1073 2612 1141 ἡμῖν
2646 1069 3006 1141 πραγμάτων.
3041 1087 3060 1120 ι

2047 1164 2203 1218 Κατά
2236 1164 2509 1234 Ἰωάννην,
2559 1158 2619 1217 οὗ
2671 1166 2705 1234 ἡ
2738 1163 2919 1234 ἀρχή·
2961 1181 2981 1215 ‹
3018 1162 3106 1215 Ἐν
3153 1160 3293 1230 ἀρχῇ
3314 1153 3381 1229 ἦν
3413 1159 3441 1211 6
3465 1157 3564 1211 A6-

1978 1272 2092 1324 γος,
2122 1246 2215 1309 καὶ
2237 1256 2265 1306 6
2291 1256 2460 1323 Λόγος
2483 1251 2551 1327 ἦν
2578 1255 2714 1324 πρὸς
2738 1254 2827 1307 τὸν
2855 1253 3008 1317 Θεὸν,
3031 1253 3126 1307 καὶ
3159 1253 3291 1315 Θεὸς
3322 1249 3389 1323 ἦν
3413 1253 3441 1303 6
3467 1251 3559 1303 Λό-

1979 1363 2093 1415 γος.
2116 1340 2283 1411 Οὗτος
2298 1342 2366 1417 ἦν
2386 1349 2442 1400 ἐν
2462 1347 2604 1417 ἀρχῇ
2634 1345 2768 1415 πρὸς
2794 1345 2883 1396 τὸν
2909 1344 3060 1397 Θεόν.
3100 1344 3286 1398 Πάντα
3310 1342 3371 1396 δι’
3394 1340 3558 1395 αὑτοῦ

1979 1436 2223 1504 ὲγὲνετο,
2246 1436 2341 1489 καὶ⁸
2364 1436 2535 1508 χωρὶς
2558 1434 2721 1489 αὑτοῦ
2746 1436 2959 1505 ἐγένετο
2999 1434 3169 1499 οὐδὲν,
3200 1434 3228 1488 ὃ
3256 1435 3497 1503 γέγονεν.
3535 1453 3556 1484 ι

2051 1623 2284 1696 Πράξεις
2348 1622 2457 1675 τῶν
2504 1622 2842 1687 ἀποστόλων,
2873 1614 2934 1674 οὗ
2974 1620 3008 1691 ἡ
3057 1620 3217 1691 ἀρχή·
3263 1637 3280 1670 ι
3316 1618 3419 1671 Τὸν
3461 1617 3559 1688 μὲν

305 1726 324 1759 ι
357 1707 599 1763 Primum
626 1707 846 1778 quidem
891 1721 1198 1761 sermonem
1256 1706 1355 1760 feci
1389 1707 1457 1761 de
1487 1708 1744 1763 omnibus
1771 1747 1786 1772 ,
1844 1720 1879 1760 ο

2017 1716 2198 1788 πρῶτον
2228 1716 2387 1783 λόγον
2412 1715 2755 1785 ἐποιησάμην
2790 1713 2917 1784 περὶ
2951 1711 3187 1773 πάντων,
3222 1704 3267 1763 ὦ
3312 1709 3557 1778 Θεόφιλε,

300 1797 621 1870 Theophile,
657 1814 779 1867 quae
802 1800 968 1869 erepit
996 1797 1158 1853 Jesus
1190 1797 1371 1853 facere
1400 1807 1453 1853 et
1485 1798 1705 1854 docere.
1745 1817 1764 1850 ι

358 1891 663 1946 Catholicae
688 1890 946 1961 Epistula:
970 1890 1313 1945 diversoran
1341 1892 1735 1961 apostolorum,
1760 1905 1877 1946 om-

299 2000 398 2039 nes
428 1998 657 2039 numero
704 1991 910 2053 septem
930 2024 945 2049 ,
999 2000 1110 2038 uno
1138 1985 1549 2053 comprehensae
1582 1984 1877 2039 volumine.

368 2074 680 2130 Jacobiuna
699 2075 857 2145 cujus
876 2076 1203 2146 principium
1234 2084 1318 2130 est
1342 2094 1354 2130 :
1381 2093 1399 2126 ι
1424 2073 1661 2131 Jacobus
1694 2074 1785 2130 Dei
1816 2090 1882 2131 ac

302 2164 519 2219 Domini
550 2166 725 2220 nostri
752 2164 882 2221 Jesu
913 2164 1118 2220 Christi
1151 2180 1364 2230 servus,
1389 2165 1675 2221 duodecim
1703 2166 1880 2220 tribu-

301 2251 406 2306 bus
435 2267 556 2321 quae
591 2258 719 2307 sunt
740 2252 795 2305 in
829 2252 1194 2322 dispersione,
1222 2253 1476 2313 salutem.
1508 2273 1527 2306 ι

376 2341 522 2397 Petri
550 2342 690 2405 duae,
712 2351 765 2397 et
782 2344 983 2413 prioris
998 2345 1217 2415 quidem
1246 2345 1461 2400 initium
1479 2353 1563 2401 est
1587 2364 1600 2399 :
1630 2363 1650 2397 ι
1686 2343 1883 2401 Petrus

303 2437 585 2505 apostolus
609 2434 740 2491 Jesu
771 2436 999 2501 Christi,
1029 2437 1219 2493 electis
1261 2439 1487 2495 advenis
1522 2438 1884 2509 dispersionis

301 2523 485 2589 Ponti,
516 2524 758 2588 Galatiae,
790 2523 1167 2596 Cappadociae,
1202 2525 1347 2581 Asiae
1378 2534 1433 2581 et
1470 2525 1756 2597 Bithyniae,
1797 2539 1885 2581 se-

305 2618 546 2671 cundum
574 2617 973 2687 praescientiam
994 2615 1298 2682 DeiPatris,
1318 2618 1373 2671 in
1398 2616 1885 2671 sanctiﬁcationem

307 2706 569 2776 Spiritus,
612 2707 667 2760 in
707 2706 1071 2761 obedientiam
1103 2714 1158 2762 et
1196 2707 1567 2777 aspersionem
1602 2707 1884 2778 sanguinis

302 2797 431 2853 Jesu
464 2797 700 2865 Christi,
743 2796 916 2867 gratia
950 2796 1105 2851 vobis
1133 2803 1188 2850 et
1223 2811 1326 2866 pax
1356 2797 1771 2866 multiplicetur.
1811 2815 1831 2848 ι

373 2889 700 2945 Posterioris
751 2904 883 2943 vero
934 2887 1152 2941 initium
1185 2904 1204 2945 ;
1243 2905 1262 2938 ι
1320 2884 1542 2943 Simeon
1587 2887 1783 2944 Petrus
1830 2896 1887 2943 et

304 2982 583 3051 apostolus
612 2979 742 3036 Jesu
791 2978 1030 3046 Christi,
1079 2979 1166 3034 his
1213 2980 1304 3049 qui
1337 2980 1671 3051 coaequalem
1725 2980 1882 3035 ﬁdem

305 3071 595 3125 nobiscum
616 3069 977 3137 sortitisuut,
1004 3068 1060 3122 in
1086 3068 1300 3138 justitia
1322 3068 1537 3125 Domini
1563 3069 1738 3127 nostri
1753 3067 1883 3126 Jesu

302 3160 527 3216 Christi.
566 3179 587 3213 ι

373 3272 600 3329 Joannis
654 3280 766 3328 tres
797 3312 812 3339 ,
865 3279 919 3327 et
968 3271 1155 3342 primae
1209 3270 1431 3342 quidem
1488 3271 1705 3325 initium
1743 3281 1877 3345 est:

312 3384 330 3417 ι
366 3363 523 3430 Quod
552 3373 670 3419 erat
701 3364 770 3418 ab
800 3364 977 3425 initio,
1010 3363 1156 3433 quod
1189 3363 1517 3428 audivimus,
1552 3362 1700 3433 quod
1742 3361 1883 3417 vidi-

305 3473 430 3512 mus
460 3458 633 3512 oculis
682 3456 910 3521 nostris,
942 3463 997 3512 et
1028 3470 1225 3510 manus
1252 3463 1453 3511 nostra;
1504 3463 1882 3511 contrectave-

308 3558 471 3613 runt,
497 3548 565 3603 de
592 3549 759 3604 verbo
780 3549 921 3604 vitm.
969 3567 988 3600 ι

382 3641 647 3697 Secunda:
672 3657 801 3697 vero
825 3641 1041 3695 initium
1073 3660 1086 3696 :
1124 3658 1142 3691 ι
1182 3636 1378 3695 Senior
1399 3638 1596 3694 Electae
1626 3639 1882 3709 dominae,

307 3744 363 3792 et
394 3736 519 3791 ﬁliis
550 3736 742 3807 ipsius,
770 3750 909 3805 quos
932 3749 1034 3806 ego
1062 3733 1229 3805 diligo
1256 3733 1313 3787 in
1347 3733 1594 3789 veritate.
1627 3753 1646 3785 ι

382 3911 580 3967 Tertiae
622 3911 906 3967 exordium
938 3928 952 3965 :
987 3929 1006 3963 ι
1043 3908 1238 3965 Senior
1271 3907 1405 3965 Gaio
1433 3909 1632 3965 dilecto
1657 3950 1671 3974 ,
1724 3926 1884 3981 quem

310 4020 411 4076 ego
441 4003 608 4075 diligo
637 4004 691 4057 in
719 4004 966 4058 veritate.
1006 4021 1025 4054 ι

381 4096 534 4152 Juda:
558 4111 684 4159 una,
715 4095 873 4164 cujus
906 4094 1117 4149 initium
1148 4101 1271 4149 est:
1316 4111 1334 4145 ι
1373 4090 1544 4149 Judas
1571 4092 1700 4149 Jesu
1724 4092 1887 4149 Chri-

314 4191 384 4247 sti
414 4206 636 4255 servus,
689 4188 856 4243 frater
895 4204 1025 4243 vero
1054 4186 1272 4256 Jacobi,
1308 4188 1522 4244 dilectis
1552 4188 1605 4243 in
1635 4187 1746 4244 Deo
1782 4187 1889 4242 Pa-

313 4289 418 4343 tre.
456 4288 510 4336 et
545 4278 676 4335 Jesu
705 4279 925 4336 Christo
958 4280 1211 4345 servatis,
1237 4280 1461 4334 vocatis.
1504 4299 1523 4331 ι

384 4373 539 4428 Pauli
574 4373 808 4444 apostoli
865 4373 1107 4442 epistola:
1140 4371 1552 4442 quatuordecim
1575 4413 1591 4439 ,
1625 4371 1682 4427 in
1716 4388 1886 4428 unum

315 4468 571 4523 volumen
601 4472 950 4521 enumerata}.

384 4559 587 4624 Prima,
617 4559 684 4612 ad
706 4556 1004 4623 Romanos,
1028 4558 1187 4627 cujus
1210 4556 1538 4627 principium
1559 4567 1643 4614 est
1667 4577 1680 4613 :
1716 4559 1891 4614 «Pau-

316 4651 404 4705 lus
435 4665 627 4706 servus
657 4648 786 4706 Jesu
816 4649 1043 4714 Christi,
1076 4658 1302 4705 vocatus
1338 4650 1653 4720 Apostolus,
1704 4664 1892 4726 segre-

317 4751 475 4816 gatus
504 4743 559 4797 in
595 4741 946 4811 Evangelium
980 4742 1097 4797 Dei.
1135 4762 1154 4795 ι

386 4836 470 4892 Ad
499 4836 813 4892 Corinthios
841 4837 981 4901 duae,
1020 4837 1210 4907 prima:
1252 4837 1467 4893 initium
1512 4844 1597 4894 est
1630 4857 1642 4892 :
1686 4856 1704 4889 ι
1749 4835 1892 4892 Pau-

318 4927 405 4981 lus
433 4934 661 4982 vocatns
688 4925 983 4996 Apostolus
1013 4926 1142 4982 Jesu
1175 4926 1403 4994 Christi,
1435 4943 1532 4999 per
1558 4929 1892 4984 voluntatem

317 5019 455 5086 Dei,
497 5028 554 5076 et
604 5018 901 5075 Sosthenes
953 5017 1141 5086 frater,
1173 5018 1432 5076 Ecclesiae
1462 5020 1587 5087 Dei,
1644 5036 1765 5091 qua:
1808 5028 1894 5077 est

316 5113 587 5170 Corinthi.
621 5132 640 5165 ι
1308 5126 1315 5135 ·

390 5204 656 5259 Secunda:
702 5203 1031 5274 principium
1079 5211 1166 5260 est
1209 5221 1224 5259 :
1290 5223 1310 5256 ι
1357 5202 1559 5258 Paulus
1611 5204 1892 5273 apostolus

316 5294 444 5349 Jesu
474 5293 700 5359 Christi,
731 5310 826 5364 per
851 5296 1183 5350 voluntatem
1214 5293 1329 5359 Dei,
1349 5303 1403 5350 et
1425 5294 1747 5354 Timotheus
1778 5297 1895 5351 fra-

320 5393 423 5446 ter,
454 5384 711 5440 Ecclesia:
730 5384 855 5450 Dei,
888 5400 1009 5456 quae
1037 5400 1120 5442 ρει
1143 5385 1412 5441 Corinthi.
1458 5407 1477 5439 ι

392 5476 596 5541 Quarta
630 5515 645 5540 ,
718 5477 784 5532 ad
849 5475 1111 5541 Galatas,
1176 5478 1334 5548 cujus
1395 5478 1724 5550 principium
1769 5489 1891 5536 est:

327 5587 345 5619 ι
377 5566 579 5622 Paulus
607 5568 887 5638 apostolus
918 5583 1028 5624 non
1066 5567 1134 5624 ab
1185 5568 1497 5627 hominibus
1524 5610 1539 5639 ,
1572 5586 1749 5643 neque
1799 5587 1896 5643 per

393 5764 503 5837 (76)
531 5763 714 5830 Forte,
747 5757 822 5821 ὧν
852 5763 1066 5837 πρώτη.

1908 1783 1951 1839 Β
1980 1802 2056 1863 ὧν
2086 1807 2333 1879 ἦρξατοό
2369 1806 2573 1878 Ἰησοῦς
2605 1808 2778 1858 ποιεῖν
2802 1823 2861 1857 τε
2892 1805 2985 1858 καὶ
3006 1803 3297 1857 διδάσκειν.
3325 1821 3343 1853 ι

2051 1892 2354 1954 Καθολικά).
2370 1898 2681 1952 Ἐπιστολαὶ
2713 1897 2983 1969 διαφόρων
3012 1896 3346 1960 ἀποστόλων,
3375 1895 3431 1948 αἱ
3455 1896 3558 1948 πᾶ-

1983 2008 2073 2047 σαι
2106 1992 2266 2055 έπτά,
2301 1993 2380 2055 εἰς
2414 1990 2470 2042 ἓν
2497 1990 2895 2062 ἀριθμούμεναι
2921 1988 3144 2059 βιϐλίον.

2065 2084 2321 2140 Ἰακώϐου
2385 2084 2503 2155 μία,
2557 2078 2624 2155 ἧς
2669 2085 2703 2153 ὴ
2735 2083 2909 2153 ἀρχή·
2948 2080 3245 2144 (Ἰάκωϐος
3283 2079 3416 2132 Θεοῦ
3468 2077 3562 2133 καὶ

1980 2175 2187 2246 Κυρίου
2221 2173 2394 2247 Ἰησοῦ
2440 2174 2676 2246 Χριστοῦ
2722 2173 2925 2238 δοῦλος,
2958 2176 3075 2247 ταῖς
3129 2172 3335 2226 δώδεκα
3369 2171 3563 2241 φυλαῖς

1980 2268 2101 2329 ταῖς
2124 2267 2181 2319 ὲν
2205 2267 2271 2336 τῇ
2299 2266 2587 2336 διασπορᾷ,
2620 2264 2882 2335 χαίρειν.»
3056 2246 3065 2253 ’

2054 2361 2263 2432 Πέτρου
2286 2360 2399 2413 δύο·
2428 2361 2521 2413 καὶ
2549 2360 2647 2428 τῆς
2683 2359 2781 2429 μὲν
2810 2357 3080 2429 πρώτηςή
3111 2358 3273 2429 ἀρχή’
3302 2373 3322 2407 σ
3358 2355 3563 2427 Πέτρος

1982 2453 2275 2516 ἀπόστολος
2312 2450 2488 2522 Ἰησοῦ
2538 2451 2794 2523 Χριστοῦ,
2845 2449 3119 2511 ἐκλεκτοῖς
3168 2448 3563 2519 παρεπιδήμοις

1982 2543 2282 2615 διασπορᾶς
2312 2543 2539 2606 Πόντου,
2572 2542 2859 2605 Γαλατίας,
2899 2540 3314 2604 Καππαδοκίας,
3360 2540 3564 2602 Ἄσίας,

1984 2635 2079 2688 καὶ
2095 2634 2365 2698 Βιθυνίας,
2393 2634 2533 2687 κατὰ
2564 2635 2871 2707 πρόγνωσιν
2898 2633 3030 2686 Θεοῦ
3069 2633 3299 2705 Πατρδς,
3324 2634 3382 2685 ἐν
3406 2633 3565 2701 ἁγια-

1986 2729 2109 2802 σμῷ
2137 2728 2470 2801 Πνεῦματος,
2500 2732 2579 2795 είς
2607 2729 2848 2799 ὑπακοὴν
2879 2728 2970 2781 καὶ
3025 2727 3313 2799 ῥαντισμὸν
3340 2726 3568 2795 αἵματος

1998 2822 2170 2894 Ἰησοῦ
2188 2821 2445 2893 Χριστοῦ,
2475 2821 2633 2893 χάρις
2654 2822 2785 2891 ὑμῖν
2815 2822 2906 2874 καὶ
2938 2821 3126 2891 εἰρήνη
3158 2816 3509 2889 πληθυνθείη.
3543 2836 3563 2867 ι

2057 2912 2171 2984 Τῆς
2198 2911 2257 2965 δὲ
2282 2913 2539 2985 δευτέρας
2561 2915 2593 2982 ἡ
2617 2914 2758 2983 ἀρχή
2781 2930 2793 2942 ·
2810 2932 2827 2963 ι
2852 2914 2928 2965 Συ
2938 2913 3081 2982 μεὼν
3101 2911 3305 2983 Πέτρος
3322 2911 3414 2964 καί
3432 2909 3565 2963 ἀπό-

1989 3006 2174 3069 στολος
2199 3005 2373 3077 Ἰησοῦ
2401 3004 2637 3075 Χριστοῦ
2657 3007 2767 3068 τοῖς
2799 3005 3040 3074 ἰσότιμον
3068 3006 3200 3074 ἡμῖν
3227 3003 3449 3074 λαχοῦσι
3481 3001 3569 3054 πί-

1909 3130 1958 3194 c
1994 3115 2109 3151 στιν
2171 3100 2229 3150 ὲν
2286 3097 2599 3168 δικαιοσύνῃ
2655 3096 2749 3150 τοῦ
2775 3096 2980 3168 Κυρίου
3001 3095 3158 3167 ἡμῶν
3221 3094 3393 3166 Ἰησοῦ
3433 3095 3569 3165 Χρι-

1990 3204 2136 3242 στου.
2186 3206 2204 3238 ι

2073 3280 2317 3334 Ἰωάννου
2346 3282 2494 3352 τρεῖς
2518 3296 2530 3309 °
2551 3281 2646 3335 καὶ
2669 3280 2770 3351 τῆς
2801 3281 2899 3351 μὲν
2930 3280 3155 3352 πρώτης
3186 3282 3219 3351 ἡ
3254 3280 3395 3352 ἀρχή
3423 3298 3436 3311 ·
3460 3297 3478 3329 ι
3505 3280 3570 3333 "0

1988 3369 2058 3445 ἦν
2088 3374 2180 3429 ἀπ’
2202 3375 2397 3447 ἀρχῆς,
2424 3375 2452 3428 ὃ
2469 3374 2806 3444 ἀκηκόαμεν,
2825 3374 2852 3426 ὃ
2880 3374 3204 3444 ἑωράκαμεν
3232 3376 3344 3435 τοῖς
3371 3371 3570 3440 ὀφθαλ-

1993 3469 2118 3539 μοῖς
2147 3467 2325 3537 ἡμῶν,
2357 3468 2451 3520 καί⁵
2497 3468 2553 3518 αί
2601 3469 2783 3537 χεῖρες
2819 3465 2975 3537 ἡμῶν
3024 3465 3406 3535 ἐψηλάφησαν,
3439 3466 3569 3535 περὶ

1991 3558 2085 3610 τοῦ
2118 3558 2276 3625 λόγου
2306 3559 2403 3629 τῆς
2437 3557 2601 3629 ζωῆς.
2650 3579 2668 3610 ι

2062 3651 2173 3720 Τῆς
2205 3650 2260 3702 δὲ
2287 3649 2543 3721 δευτέρας
2571 3650 2604 3703 ἡ
2648 3649 2787 3720 ἀρχή
2811 3666 2824 3679 σ
2857 3668 2875 3700 ι
2918 3648 2974 3701 '0
3008 3648 3375 3720 πρεσϐύτερος
3422 3648 3573 3701 ἐκλε-

1992 3744 2094 3813 κτῇ
2136 3740 2300 3812 κυρίᾳ
2326 3741 2421 3794 καὶ
2453 3743 2563 3803 τοῖς
2592 3740 2804 3803 τέκνοις
2845 3740 3037 3810 αὐτῆς,
3088 3741 3182 3804 οὒς
3216 3739 3327 3808 ἐγὼ
3369 3739 3570 3809 ἀγαπῶ

1993 3836 2052 3888 ὲν
2086 3833 2332 3905 ἀληθείᾳ.
2365 3851 2383 3883 ι

2066 3927 2177 3996 Τῆς
2203 3925 2261 3979 δὲ
2288 3924 2493 3997 -τρίτης
2524 3926 2557 3995 ἡ
2586 3925 2727 3995 ἀρχή
2742 3942 2760 3963 η’
2797 3944 2815 3976 ι
2839 3926 2896 3979 Ὀ
2929 3924 3297 3996 πρεσϐύτερος
3324 3926 3469 3997 Γαΐῳ
3494 3925 3572 3996 τῷ

1995 4009 2282 4081 ἀγαπητῷ,
2314 4011 2372 4063 ὃν
2403 4010 2513 4079 ἐγὼ
2539 4011 2738 4079 ἀγαπῶ
2767 4014 2824 4065 ὲν
2848 4012 3094 4083 ἀληθείᾳ.
3125 4032 3143 4064 ι

2076 4102 2246 4156 Ἰούδα
2275 4102 2393 4172 μία,
2428 4097 2495 4174 ἦς
2532 4105 2566 4173 ἡ
2616 4104 2788 4175 ἀρχή·
2828 4123 2845 4154 ι
2871 4103 3069 4166 Ἰούδας
3118 4102 3291 4175 Ἰησοῦ
3333 4104 3570 4174 Χριστοῦ

1993 4195 2197 4259 δοῦλος,
2224 4195 2451 4264 ἀδελφὸς
2473 4195 2531 4248 δὲ
2568 4196 2821 4248 Ἰακώϐου
2842 4236 2856 4259 ,
2888 4199 2999 4259 τοῖς
3021 4199 3078 4249 ἐν
3100 4195 3218 4267 Θεῷ
3242 4197 3417 4268 Πατρὶ
3437 4199 3572 4267 ὴγα-

1995 4285 2278 4355 πημένοις,
2301 4284 2396 4337 καὶ
2429 4282 2602 4352 Ἰησοῦ
2629 4283 2849 4355 Χριστῷ
2879 4285 3267 4355 τετηρημένοις
3295 4285 3565 4357 κλητοῖς.»

2067 4375 2277 4429 Παύλου
2310 4375 2606 4429 ἀποστόλου
2647 4376 2927 4429 επιστολαῖ¹
2973 4376 3053 4441 ιδ’,
3102 4379 3181 4440 εἰς
3212 4377 3270 4431 ἓν
3306 4377 3570 4449 ἀριθμού-

1918 4489 1967 4548 D
1998 4484 2157 4538 μεναι
2188 4467 2411 4538 βιϐλίον.

2067 4558 2177 4631 (76)
2221 4560 2308 4613 Ἐν
2355 4559 2566 4633 πρώτῃ,
2612 4562 2645 4631 ὴ
2686 4560 2822 4631 πρὸς
2850 4560 3171 4630 Ῥωμαίους,
3222 4557 3290 4633 ἦς
3327 4563 3360 4633 ή
3395 4563 3568 4633 ἀρχή·

2000 4668 2019 4701 ι
2046 4650 2257 4715 Παῦλος
2288 4650 2471 4715 δοῦλος
2513 4650 2687 4721 Ἰησοῦ
2719 4650 2979 4723 Χριστοῦ,
3019 4652 3215 4722 κλητὸς
3232 4652 3570 4718 Ἀπόστολος,

1993 4741 2374 4814 ἀφωρισμένος
2399 4746 2477 4806 εἰς
2494 4743 2823 4812 Εὐαγγέλιον
2849 4743 3003 4797 Θεοῦ.

2063 4838 2209 4910 Πρὸς
2241 4838 2561 4908 Κορινθίους
2583 4837 2675 4890 δύο
2695 4855 2709 4867 ’
2744 4838 2838 4891 καὶ
2881 4839 2980 4909 τῆς
3021 4839 3120 4909 μὲν
3152 4837 3375 4908 πρώτης
3415 4838 3447 4907 ή
3475 4837 3574 4908 ἀρ-

1995 4929 2063 4998 χή
2084 4944 2097 4957 ο
2131 4947 2149 4979 ι
2180 4928 2390 4993 Παῦλος
2412 4927 2607 5000 κλητὸς
2639 4928 2957 4993 Ἀπόστολος
3002 4929 3171 4999 Ἰησοῦ
3208 4928 3444 5002 Χριστοῦ
3485 4929 3575 4982 διά

1995 5019 2300 5090 θελήματος
2345 5020 2500 5086 Θεοῦ,
2529 5021 2623 5073 καὶ
2668 5020 2950 5091 Σωσθένης
2995 5022 3023 5072 6
3053 5020 3300 5089 ἀδελφὸς,
3339 5023 3406 5091 τῇ
3450 5021 3574 5073 Ἐκ-

1996 5113 2195 5185 κλησίᾳ
2225 5112 2320 5165 τοῦ
2350 5112 2486 5165 Θεοῦ
2522 5115 2588 5183 τῇ
2620 5110 2756 5185 οὔσῃ
2779 5115 2835 5166 ὲν
2864 5111 3130 5184 Κορίνθῳ.
3160 5132 3177 5163 ι

2066 5204 2179 5276 Τῆς
2204 5205 2261 5258 δὲ
2283 5204 2539 5276 δευτέρας
2571 5206 2604 5274 ή
2641 5204 2784 5274 ἀρχή
2808 5220 2820 5233 ο
2857 5221 2877 5254 ι
2904 5202 3116 5266 Παῦλος
3148 5202 3443 5265 ἀπόστολος
3470 5202 3575 5271 Ἰη-

1998 5296 2092 5350 σοῦ
2147 5296 2384 5369 Χριστοῦ
2414 5297 2503 5350 διά
2556 5296 2860 5367 θελήματος
2903 5294 3062 5361 Θεοῦ,
3111 5295 3205 5348 καὶ
3252 5293 3513 5364 Τιμόθεος
3544 5295 3575 5346 6

1996 5388 2242 5459 ἀδελφὸς,
2265 5391 2331 5460 τῇ
2357 5388 2652 5459 Ἐκκλησία
2670 5387 2764 5440 τοῦ
2789 5386 2922 5440 Θεοῦ
2938 5390 3004 5458 τῇ
3021 5386 3156 5457 οὔσῃ
3179 5388 3236 5439 ἐν
3254 5384 3520 5456 Κορίνθῳ.
3550 5404 3567 5435 ι

2089 5479 2336 5550 Τετάρτη
2398 5479 2535 5550 πρὸς
2564 5479 2843 5542 Γαλάτας,
2893 5473 2961 5551 ἦς
2989 5481 3021 5549 ἠ
3054 5480 3196 5550 ἀρχή
3218 5494 3231 5507 ·
3276 5496 3294 5527 ι
3360 5475 3575 5539 Παῦλος

1997 5569 2291 5635 ἀπόστολος
2325 5572 2425 5626 οὐκ
2456 5572 2550 5627 ἀπ’
2608 5569 2931 5643 ἀνθρώπων,
2963 5569 3082 5624 οὐδὲ
3132 5569 3198 5621 δι’
3250 5566 3575 5637 ἀνθρώπων,
