3890 6200
224 331 338 387 293

229 420 492 501 anno
520 442 693 515 Ἰησοῦ
715 432 961 513 Χριστοῦ
972 439 1065 492 καὶ
1101 436 1234 491 Θεοῦ
1268 437 1361 490 καὶ
1390 436 1624 507 Πατρός.
1679 453 1697 485 ι

302 631 535 701 Πέμπτη
565 626 702 698 πρὸς
725 618 1100 694 Ἐφεσίους,ἦς
1131 618 1327 692 ἡάρχὴ
1346 635 1359 646 ·
1392 636 1411 667 ι
1442 614 1652 677 Παῦλος
1675 613 1808 666 ἀπό-

234 725 421 786 στολος
443 719 619 791 Ἰησοῦ
633 715 871 789 Χριστοῦ
891 714 978 767 διὰ
994 712 1297 783 θελήματος
1319 707 1476 772 Θεοῦ,
1502 709 1614 769 τοῖς
1631 704 1806 773 ἁγίοις

229 819 344 877 τοῖς
371 809 520 866 οὖσιν
542 812 599 862 ἐν
631 808 863 877 Ἐφέσῳ,
880 804 972 858 καὶ
999 804 1209 864 πιστοῖς
1227 801 1284 853 ἐν
1314 794 1534 866 Χριστῷ
1561 793 1754 866 Ἰησοῦ.
1782 813 1800 845 ι

304 906 479 975 Ἐκτη
510 901 650 974 πρὸς
681 894 1093 965 Φιλιππησίους,
1137 887 1204 963 ἦς
1237 891 1272 961 ἡ
1315 888 1490 960 ἀρχή·
1543 906 1561 938 ι
1597 885 1808 947 Παῦλος

227 1006 328 1054 καὶ
349 994 631 1068 Τιμόθεος,
648 989 822 1045 δοῦλοι
848 986 1022 1059 Ἰησοῦ
1056 982 1313 1057 Χριστοῦ,
1347 983 1480 1035 πᾶσι
1503 981 1616 1044 τοῖς
1639 980 1811 1047 ἁγίοις

227 1096 342 1154 τοῖς
362 1085 513 1142 οῦσιν
557 1089 613 1139 ἐν
654 1083 961 1144 Φιλίπποις,
999 1078 1096 1131 σὺν
1129 1073 1449 1136 ἐπισκόποις
1481 1072 1574 1125 καὶ
1624 1070 1809 1125 διακό-

227 1365 526 1426 ἀπόστολος
567 1359 805 1431 Χριστοῦ
852 1355 1023 1430 Ἰησοῦ
1068 1356 1155 1409 διὰ
1188 1354 1489 1424 θελήματος
1517 1349 1674 1414 Θεοῦ,
1715 1350 1807 1402 καὶ

226 1456 494 1528 Τιμόθεος
523 1456 552 1507 6
572 1453 819 1521 ἀδελφὸς,
852 1452 963 1512 τοῖς
993 1449 1050 1502 ἐν
1070 1447 1378 1509 Κολασσαίς
1399 1445 1573 1513 ἁγίοις
1597 1443 1693 1497 καὶ
1721 1459 1810 1495 πι-

228 1553 377 1613 στοῖς
409 1547 656 1616 ἀδελφοῖς
683 1546 741 1597 ἐν
776 1541 1016 1614 Χριστῷ.
1055 1559 1075 1592 ι

297 1641 447 1713 Πρὸς
477 1637 891 1698 Θεσσαλονικείς
928 1632 1056 1687 δύο·
1097 1630 1191 1684 καὶ
1238 1630 1337 1701 τῆς
1387 1628 1486 1698 μὲν
1519 1624 1744 1699 πρώτης
1774 1627 1807 1697 ἡ

227 1735 373 1807 ἀρχή
401 1749 417 1765 ο
454 1751 473 1784 ι
500 1730 715 1793 Παῦλος
742 1730 836 1782 καὶ
862 1725 1145 1789 Σιλουανὸς
1170 1723 1262 1776 καὶ
1279 1720 1559 1792 Τιμόθεος,
1592 1722 1659 1791 τῇ
1688 1718 1810 1770 Ἐκ-

228 1825 431 1897 κλησίᾳ
461 1819 916 1887 Θεσσαλονικέων,
941 1819 1000 1871 ἐν
1022 1816 1141 1887 Θεῷ
1162 1815 1337 1886 Πατρὶ
1358 1813 1452 1866 καὶ
1476 1811 1666 1883 Κυρίῳ
1700 1811 1806 1881 Ἰη-

231 1916 330 1970 σοῦ
354 1913 596 1986 Χριστῷ.
629 1932 648 1964 ι

300 2010 417 2079 Τῆς
444 2008 500 2060 δὲ
526 2005 783 2076 δευτέρας
810 2005 844 2073 ἡ
878 2002 1058 2073 ἀρχή·
1102 2019 1120 2051 ι
1155 1998 1365 2062 Παῦλος
1404 1996 1496 2050 καὶ
1525 1992 1810 2055 Σιλουανὸς

229 2102 331 2158 καὶ
368 2098 654 2169 Τιμόθεος,
683 2098 750 2166 τῇ
784 2092 1078 2163 Ἐκκλησία
1109 2087 1566 2143 Θεσσαλονικέων.
1600 2087 1656 2138 ἐν
1692 2081 1811 2154 Θεῷ

226 2194 411 2265 Πατρὶ
444 2189 599 2262 ἡμῶν
628 2189 721 2242 καὶ
763 2187 954 2259 Κυρίῳ
997 2183 1171 2256 Ἰησοῦ
1203 2179 1444 2252 Χριστῷ.
1470 2198 1490 2231 ι

302 2284 517 2354 Δεκάτη
549 2284 582 2353 ἡ
614 2280 752 2352 πρὸς
775 2278 1080 2351 Ἐϐραίους,
1115 2270 1184 2346 ἧς
1220 2275 1253 2344 ἡ
1294 2272 1436 2343 ἀρχή
1458 2287 1471 2301 ·
1513 2290 1531 2322 ι
1568 2268 1811 2339 Πολυμε-

118 2400 137 2415 -
237 2379 348 2451 ρῶς
370 2379 466 2430 καὶ
496 2373 845 2443 πολυτρόπως
871 2370 1037 2424 πάλαι
1065 2370 1093 2421 ὁ
1136 2366 1266 2429 Θεὸς
1300 2363 1536 2435 λαλήσας
1562 2363 1675 2424 τοῖς
1703 2377 1810 2451 πα-

230 2450 430 2538 τράσιν
464 2467 523 2517 ἐν
550 2466 662 2526 τοῖς
690 2461 1017 2533 προφήταις,
1065 2458 1151 2510 ἐπ’
1184 2454 1412 2525 ἐσχάτου
1448 2451 1556 2506 τῶν
1590 2450 1811 2522 ἡμερῶν

232 2558 497 2627 ἐλάλησεν
530 2555 662 2625 ἡμῖν
696 2554 754 2605 ἐν
777 2550 913 2621 Υἱῷ.
934 2570 953 2602 ι

306 2648 454 2720 Πρὸς
485 2644 747 2717 Τιμόθεον
776 2642 901 2696 δύο·
939 2640 1032 2694 καὶ
1061 2640 1156 2710 τῆς
1186 2638 1283 2709 μὲν
1319 2635 1538 2708 πρώτης
1574 2635 1607 2706 ἡ
1637 2648 1806 2705 αρχη·

235 2737 483 2799 «Παῦλος
498 2734 791 2797 ἀπόστολος
807 2730 979 2802 Ἰησοῦ
993 2729 1251 2803 Χριστοῦ,
1263 2728 1382 2781 κατ’
1399 2725 1662 2796 ἐπιταγὴν
1677 2723 1810 2777 Θεοῦ

232 2831 488 2901 Σωτῆρος
517 2828 673 2900 ἡμῶν
694 2829 789 2881 καὶ
808 2825 1043 2900 Χριστοῦ
1076 2823 1250 2895 Ἰησοῦ
1279 2822 1377 2893 τῆς
1400 2819 1612 2883 ἐλπίδος
1634 2815 1808 2889 ἡμῶν,

166 2904 175 2917 ’
230 2923 486 2994 Τιμοθέῳ
513 2921 715 2991 γνησίῳ
740 2920 913 2989 τέκνῳ
941 2920 1000 2971 ὲν
1035 2918 1233 2971 πίστει.
1262 2935 1280 2966 ι

307 3015 422 3086 Τῆς
451 3016 509 3068 δὲ
531 3014 787 3085 δευτέρας
820 3014 854 3083 ἡ
886 3012 1062 3083 ἀρχή·
1100 3029 1119 3061 ι
1148 3008 1358 3072 Παῦλος
1391 3003 1687 3067 ἀπόστολος
1718 3002 1815 3072 Ἰη-

229 3108 331 3162 σοῦ
377 3105 619 3178 Χριστοῦ
668 3104 757 3158 διὰ
805 3103 1106 3173 θελήματος
1131 3099 1290 3166 Θεοῦ,
1335 3099 1452 3151 κατ’
1480 3093 1812 3198 ἐπαγγελίαν
1838 3141 1881 3198 C

230 3199 385 3267 ζωῆς
418 3197 519 3267 τῆς
560 3199 617 3249 ἐν
658 3196 879 3266 Χριστῷ
916 3192 1113 3264 Ἰησοῦ,
1143 3190 1389 3262 Τιμοθέῳ
1426 3185 1694 3259 ἀγαπητῷ
1726 3184 1813 3239 τέ-

236 3309 371 3345 κνω.
410 3309 429 3341 ι

358 3332 371 3342 .
410 3310 429 3341 Ι

272 3310 767 3452 νιἸῗρισκαιδεκάτη,
798 3379 832 3447 ή
860 3375 996 3449 πρὸς
1023 3375 1203 3442 Τίτον,
1231 3374 1299 3445 ἧς
1329 3374 1500 3445 ἀρχή·
1550 3392 1567 3424 ι
1604 3369 1814 3434 Παῦλος

230 3474 422 3536 δοῦλος
454 3472 616 3535 Θεοῦ,
644 3469 938 3533 ἀπόστολος
971 3468 1029 3522 δὲ
1071 3468 1244 3539 Ἰησοῦ
1269 3466 1524 3539 Χριστοῦ,
1556 3464 1696 3518 κατά
1721 3464 1814 3517 πί-

236 3584 355 3621 στιν
402 3564 676 3619 ἐκλεκτῶν
707 3562 863 3628 Θεοῦ,
922 3563 1017 3615 καὶ
1062 3561 1354 3630 ἐπίγνωσιν
1386 3558 1661 3622 ἀληθείας,
1717 3557 1815 3628 τῆς

230 3657 357 3711 κατ’
387 3655 671 3710 εὐσέϐειαν
709 3657 767 3709 ἐν
800 3652 971 3707 ἐλπίδι
1009 3651 1157 3723 ζωῆς
1186 3650 1425 3705 αἰωνίου.
1451 3669 1471 3702 ι

302 3882 907 3956 Τεσσαρεσκαιδεκάτη,
933 3885 967 3954 ἠ
1002 3881 1138 3953 πρὸς
1164 3880 1460 3951 Φιλήμονα,
1488 3873 1556 3950 ἧς
1574 3880 1607 3947 ἡ
1634 3878 1775 3948 ἀρχή
1797 3894 1810 3907 °

236 3998 260 4029 ‹
283 3977 500 4041 Παῦλος
523 3977 743 4048 δέσμιος
772 3976 945 4048 Ἰησοῦ
966 3973 1202 4046 Χριστοῦ
1222 3972 1315 4025 καὶ
1330 3970 1589 4043 Τιμόθεος
1612 3971 1640 4022 6
1659 3968 1812 4023 ἀδελ-

234 4071 358 4140 φὸς,
387 4070 648 4141 Φιλήμονι
681 4069 761 4140 τῷ
786 4066 1056 4139 ἀγαπητῷ
1090 4067 1185 4120 καί
1206 4063 1450 4137 συνεργῷ
1483 4062 1658 4134 ἡμῶν.

320 4184 450 4236 Ἐπὶ
486 4183 693 4245 τούτοις
718 4182 836 4235 ἐστὶ
863 4183 953 4235 καὶ
984 4183 1016 4252 ἡ
1062 4176 1423 4246 Ἀποκάλυψις
1461 4175 1701 4229 Ἰωάννου
1720 4171 1814 4225 τοῦ

234 4274 513 4342 θεολόγον,
563 4273 813 4344 δεχθεῖσα
869 4274 945 4335 ὡς
975 4272 1182 4326 ἐκείνου
1214 4272 1307 4324 καὶ⁵
1350 4267 1666 4339 ὲγκριθείσα
1710 4265 1816 4320 ὑπὸ

235 4367 406 4419 πάλαι
440 4366 611 4434 ἁγίων
639 4367 733 4419 καὶ⁸
769 4364 1228 4435 πνευματοφόρων
1262 4362 1541 4433 Πατέρων,
1563 4354 1624 4413 οῦ
1654 4360 1687 4430 ὴ
1717 4360 1815 4431 ἀρ-

1336 315 1666 372 SYNOPSIS
1708 310 2129 371 SCRIPTURIE
2172 310 2445 366 SAChIE.

1837 437 1883 493 Α
1912 431 2192 499 homines;
2239 432 2335 487 sed
2384 445 2478 501 per
2525 428 2709 486 Jesum
2744 429 3023 485 Christum
3074 437 3129 485 et
3182 429 3350 486 Deum
3392 431 3495 485 Pa-

3388 307 3497 362 2M-

1920 531 2078 579 trem.
2117 544 2136 576 ι

1988 615 2208 683 Quinta,
2242 616 2309 670 ad
2335 615 2600 686 Ephesios
2621 655 2635 679 ,
2672 614 3078 684 cujus-initium
3107 624 3190 670 est
3223 636 3234 670 :
3275 634 3294 667 ι
3350 614 3495 670 Pau-

1919 704 2006 760 lus
2027 705 2308 775 apostolus
2336 704 2463 760 Jesu
2485 703 2688 758 Christi
2724 720 2820 774 per
2848 705 3182 760 voluntatem
3219 705 3333 768 Dei,
3361 721 3492 761 san-

1920 795 2023 849 ctis
2065 795 2156 864 qui
2181 803 2309 850 sunt
2330 782 2550 863 Ephesi,
2577 801 2630 847 et
2651 792 2909 847 ﬁdelibus
2939 793 2993 846 in
3022 791 3241 847 Christo
3285 792 3436 847 Jesu.
3468 810 3487 843 ι

1984 884 2183 947 Sexta,
2243 884 2310 937 ad
2358 883 2769 953 Philippenses,
2819 883 2979 953 cujus
3028 882 3311 937 exordium
3363 890 3490 938 est:

1919 995 1937 1027 ι
1966 975 2166 1031 Paulus
2192 982 2245 1031 et
2271 975 2614 1039 Timotheus,
2656 976 2798 1031 servi
2822 974 2950 1031 Jesu
2979 974 3210 1039 Christi,
3236 976 3494 1030 omnibus

1914 1069 2141 1134 sanctis,
2170 1068 2263 1139 qui
2310 1076 2439 1123 sunt
2471 1067 2760 1138 Philippis,
2790 1084 2913 1123 cum
2944 1068 3216 1139 episcopis
3260 1074 3316 1123 et
3366 1067 3490 1123 dia-

1915 1160 2093 1215 conis.
2138 1178 2157 1211 ι

1987 1249 2249 1319 Septima,
2286 1248 2352 1303 ad
2384 1249 2779 1313 Colosscnses,
2825 1249 2986 1318 cujus
3036 1247 3321 1305 exordium
3365 1257 3488 1304 est:

1920 1360 1939 1391 ι
1976 1340 2181 1395 Paulus
2233 1343 2515 1412 apostolus
2568 1340 2698 1396 Jesu
2731 1340 2977 1408 Christi,
3032 1357 3130 1412 per
3157 1341 3494 1396 voluntatem

1912 1429 2031 1495 Dei,
2059 1440 2113 1485 et
2140 1430 2459 1487 Timotheus
2489 1431 2678 1495 frater,
2701 1432 2788 1487 his
2812 1432 2902 1501 qui
2927 1442 3056 1487 sunt
3082 1430 3348 1497 Colossis,
3367 1446 3494 1487 san-

1912 1525 2017 1579 ctis
2047 1523 2386 1579 ac-ﬁdelibus
2416 1523 2682 1580 fratribus
2714 1523 2769 1577 in
2793 1523 3034 1578 Christo.
3079 1542 3098 1575 ι

1985 1614 2069 1668 Ad
2115 1613 2638 1669 Thessalonicenses
2687 1614 2837 1677 duae;
2857 1614 3044 1684 primm
3105 1614 3320 1668 initium
3352 1622 3436 1669 est
3476 1634 3490 1669 :

1919 1725 1938 1757 ι
1976 1705 2179 1761 Paulus
2211 1712 2265 1761 et
2295 1704 2552 1760 Silvanus
2585 1712 2639 1759 et
2661 1702 3000 1769 Timotheus,
3032 1704 3290 1761 Ecclesiae
3322 1704 3494 1760 Thes-

1912 1795 2376 1861 salonicensium,
2424 1795 2480 1850 in
2535 1793 2647 1851 Deo
2705 1793 2864 1850 Patre
2893 1835 2908 1862 ,
2967 1802 3025 1851 et
3074 1795 3307 1851 Domino
3360 1795 3492 1853 ἔθευ

1910 1888 2150 1944 Christo.
2190 1908 2210 1941 ι

1983 1978 2248 2036 Secundae
2278 1979 2527 2033 initium:
2564 1998 2583 2031 ι
2621 1977 2824 2034 Paulus
2849 1987 2902 2034 et
2936 1978 3187 2035 Silvanus
3211 1988 3266 2035 et
3294 1980 3491 2039 Timo-

1910 2073 2089 2138 theus,
2111 2072 2365 2127 Ecclesiae
2395 2068 2963 2127 Thessalonicensium
2991 2111 3007 2138 ,
3066 2073 3122 2127 in
3171 2071 3280 2127 Deo
3324 2071 3489 2129 Patre

1911 2172 2123 2229 nostro,
2145 2171 2201 2219 et
2228 2163 2461 2219 Domino
2490 2162 2620 2221 ἔθευ
2645 2161 2886 2219 Christo.
2930 2181 2949 2215 ι

1982 2256 2224 2321 Decima,
2251 2255 2320 2310 ad
2343 2254 2622 2320 Hebraeos,
2645 2254 2805 2325 cujus
2834 2253 3118 2309 exordium
3145 2260 3229 2310 est
3254 2273 3268 2310 :
3300 2273 3319 2306 ι
3354 2254 3493 2311 Mul-

1911 2350 2150 2406 tifariam
2179 2356 2234 2405 et
2259 2349 2446 2404 multis
2468 2348 2646 2404 modis
2678 2349 2807 2403 olim
2833 2347 2978 2403 Deus
2998 2347 3216 2401 locutus
3244 2349 3491 2418 patribus

1910 2458 2007 2514 per
2057 2442 2351 2514 prophetas
2373 2481 2390 2506 ,
2424 2442 2729 2499 novissime
2760 2441 3019 2497 extremis
3049 2439 3242 2497 diebus
3276 2442 3491 2501 locutus

1912 2543 1998 2591 est
2026 2536 2187 2591 nobis
2218 2535 2277 2589 in
2312 2534 2471 2589 Filio.
2508 2554 2528 2586 ›

1982 2627 2065 2682 Ad
2088 2627 2434 2683 Timotheum
2463 2627 2603 2693 dum,
2629 2628 2820 2698 primae
2844 2629 3058 2684 initium
3083 2639 3165 2686 est
3193 2649 3204 2685 :
3234 2650 3252 2683 ι
3287 2629 3492 2686 Paulus

1914 2719 2193 2789 apostolus
2219 2717 2352 2774 ἔθευ
2375 2717 2618 2783 Christi,
2676 2721 2979 2774 secundum
3033 2727 3365 2791 praeceptum
3395 2719 3492 2775 Dei

1916 2812 2215 2868 Salvatoris
2244 2811 2420 2867 nostri
2451 2819 2505 2866 et
2554 2811 2758 2866 Christi
2798 2809 2954 2878 ἔθευ,
2984 2813 3077 2883 qui
3103 2822 3188 2869 est
3228 2820 3355 2884 Spes
3386 2828 3486 2867 no-

1915 2911 2051 2969 stra,
2082 2902 2370 2959 Timotheo
2392 2916 2654 2974 germano
2688 2902 2799 2957 ﬁlio
2825 2903 2880 2957 in
2907 2903 3032 2958 ﬁde.
3079 2924 3100 2958 ι

1988 2995 2261 3052 Secundae
2298 3011 2429 3051 vero
2474 2995 2688 3050 initium
2721 3003 2847 3050 est:
2887 3015 2906 3048 ι
2949 2995 3153 3052 Paulus
3212 2997 3494 3067 apostolus

1914 3088 2044 3145 ἔθευ
2074 3088 2281 3144 Christi
2308 3102 2406 3159 per
2440 3088 2774 3142 voluntatem
2805 3085 2897 3142 Dei
2926 3127 2940 3151 ,
2987 3088 3144 3157 juxta
3173 3090 3496 3158 promissio-

1915 3196 2040 3237 nom
2075 3180 2218 3245 vitae,
2250 3195 2373 3250 quae
2400 3187 2485 3235 est
2512 3180 2566 3234 in
2598 3180 2817 3235 Christo
2848 3178 3000 3245 Jesu,
3030 3179 3318 3235 Timotheo
3346 3181 3488 3236 dile-

1913 3283 2004 3329 cto
2032 3273 2163 3327 ﬁlio.
2201 3292 2221 3325 ›

1985 3365 2170 3420 Tertia
2196 3363 2516 3428 decima,ad
2534 3363 2740 3425 Titum,
2758 3362 3149 3432 cujusinitium
3178 3372 3293 3419 est:
3325 3364 3494 3420 «Pau-

1913 3456 1999 3511 lus
2031 3470 2221 3511 servus
2252 3452 2367 3514 Dei,
2403 3453 2684 3520 apostolus
2715 3468 2844 3506 vero
2874 3451 3003 3507 Jesu
3029 3452 3256 3517 Christi,
3292 3469 3491 3510 secun-

1912 3548 2040 3601 dum
2074 3545 2229 3599 ﬁdem
2259 3544 2416 3614 100
2434 3545 2729 3599 electorum
2759 3543 2873 3610 Dei,
2900 3553 2955 3600 et
2985 3546 3314 3616 agnitionem
3347 3548 3490 3603 veri-

1911 3638 2040 3693 tatis
2069 3638 2210 3706 ejus,
2240 3652 2360 3707 quae
2387 3645 2471 3690 est
2503 3635 2807 3691 secundum
2860 3637 3117 3706 pietatem
3148 3637 3204 3692 in
3235 3653 3332 3709 spe
3366 3642 3490 3695 vitae

1913 3740 2151 3787 εθιθτυεθ.
2192 3749 2211 3782 ι

1984 3866 2186 3934 Quarta
2208 3866 2439 3932 decima,
2477 3864 2546 3920 ad
2593 3862 3004 3929 Philemonem,
3053 3864 3212 3935 cujus
3269 3866 3489 3923 initium

1913 3970 1998 4017 est
2031 3981 2045 4014 :
2085 3978 2103 4010 ι
2140 3957 2343 4014 Paulus
2374 3959 2593 4013 vinctus
2653 3956 2782 4012 ἔθευ
2828 3956 3032 4011 Christi
3077 3966 3131 4011 et
3171 3957 3489 4016 Timotheus

1915 4053 2080 4106 frater
2108 4048 2410 4104 Philemoni
2436 4049 2634 4104 dilecto
2663 4059 2716 4102 et
2747 4048 2983 4118 adjutori
3013 4055 3223 4103 nostro.
3267 4069 3286 4102 ι

1985 4166 2081 4223 Est
2112 4173 2371 4237 praeterea
2407 4173 2461 4221 et
2497 4163 2851 4235 Apocalypsis
2887 4162 3114 4218 Joannis
3147 4163 3417 4235 theologi,
3455 4179 3488 4219 a

1913 4257 2111 4328 priscis
2132 4256 2361 4321 sanctis,
2393 4264 2446 4310 et
2478 4254 2740 4325 Spiritum
2788 4254 2881 4309 Dei
2934 4254 3277 4326 gestantibus
3306 4254 3486 4309 Patri-

1914 4350 2036 4416 bus,
2054 4349 2202 4405 velut
2225 4363 2348 4420 qua:
2364 4348 2510 4403 illius
2539 4348 2635 4410 sit,
2662 4353 2887 4416 accepta
2912 4356 2963 4401 et
2985 4347 3301 4417 approbata,
3326 4348 3486 4418 cujus

228 4461 307 4530 χή
334 4476 349 4489 ο
391 4478 411 4510 ι
448 4457 813 4527 Ἀποκάλυψις
853 4455 1026 4524 Ἰησοῦ
1070 4452 1331 4525 Χριστοῦ.
1360 4453 1426 4523 ἥν
1453 4451 1662 4521 ζὲδωκεν
1717 4451 1809 4503 αὐ-

1933 4442 2243 4510 )rincipium
2274 4448 2395 4497 est:
2431 4459 2451 4492 ί
2487 4440 2841 4510 Apocalypsis
2887 4437 3017 4495 ἔθευ
3060 4438 3290 4504 Christi,
3321 4457 3485 4511 quam

232 4549 317 4619 τῷ
354 4552 384 4603 6
407 4549 539 4611 Θεὸς
569 4548 736 4612 δεῖξαι
766 4549 878 4611 τοῖς
910 4546 1116 4609 δούλοις
1147 4543 1310 4598 αὐτοῦ
1351 4543 1387 4598 ἀ
1430 4544 1512 4596 δεῖ
1560 4542 1812 4611 γενέσθαι

234 4644 296 4695 ἐν
328 4642 506 4711 τάχει,
538 4641 629 4693 καὶ
658 4642 951 4712 ἐσήμανεν,
985 4637 1308 4700 ἀποστείλας
1335 4635 1424 4690 διὰ
1447 4635 1540 4688 τοῦ
1582 4635 1812 4704 ἀγγέλου

230 4735 406 4788 αὑτοῦ
443 4733 522 4803 τῷ
547 4731 719 4803 δούλῳ
754 4730 919 4785 αὐτοῦ
959 4730 1199 4800 Ἰωάννῃ.
1227 4748 1245 4780 ι
1392 4730 1399 4735 “

306 4845 362 4899 4.
385 4844 638 4898 Τοσαῦτα
669 4844 763 4897 καὶ
788 4843 855 4896 τὰ
874 4842 976 4912 τῆς
1006 4842 1214 4913 Καινῆς
1242 4840 1515 4912 Διαθήκης
1548 4839 1730 4911 βιϐλία
1747 4839 1814 4894 τά

230 4954 302 5006 γε
325 4936 740 5006 κανονιζόμενα,
767 4936 861 4987 καὶ
890 4933 988 5003 τῆς
1018 4933 1252 4997 πίστεως
1275 4933 1433 5003 ήμῶν
1455 4932 1616 4986 οίονεὶ
1650 4934 1818 5004 ἀκρο-

236 5030 385 5083 θίνια
418 5027 714 5098 ἧάγκυραι
745 5027 840 5079 καὶ
878 5026 1179 5096 ἐρείσματα
1200 5043 1212 5055 ο
1238 5024 1313 5088 ὡς
1347 5027 1474 5095 παρ’
1503 5024 1678 5078 αὐτῶν
1707 5024 1815 5077 τῶν

236 5118 557 5176 ἀποστόλων
591 5118 687 5171 τοῦ
748 5116 985 5186 Χριστοῦ
1011 5156 1026 5179 ,
1082 5114 1192 5171 τῶν
1248 5118 1343 5170 καὶ
1406 5117 1815 5187 συγγενομένων

232 5213 434 5281 ἐκείνῳ
457 5211 553 5264 καὶ
581 5211 673 5263 ὑπ’
696 5209 860 5263 αὑτοῦ
900 5208 1369 5279 μαθητευθέντων,
1408 5209 1688 5279 γραφέντα
1719 5208 1814 5262 καὶ

234 5302 554 5356 ἐκτεθέντα.
617 5300 771 5353 Ἐπεί
802 5300 883 5352 τοί
932 5316 994 5367 γε
1023 5298 1248 5370 ὕστερον
1289 5296 1430 5351 κατὰ
1466 5298 1564 5369 τὴν
1593 5298 1815 5352 ἐκείνων

235 5394 568 5449 ἀκολουθίαν
620 5393 715 5445 καὶ
749 5391 1067 5462 συμφωνίαν
1099 5390 1234 5444 ἄλλα
1269 5390 1438 5461 μυρία
1488 5392 1582 5444 καλ⁹
1631 5391 1817 5460 ἀναρί-

238 5485 423 5556 θμητα
459 5482 643 5553 βιϐλία
690 5480 1095 5551 ἐξεπονήθησαν
1130 5478 1233 5531 ὑπὸ
1261 5477 1371 5530 τῶν
1400 5477 1543 5530 κατὰ
1591 5478 1816 5547 καιροὺς

240 5577 494 5645 μεγάλων
518 5575 615 5627 καὶ
637 5572 960 5641 σοφωτάτων
989 5570 1260 5641 θεοφόρων
1289 5567 1547 5640 ΙΙατέρων
1571 5571 1650 5631 είς
1679 5584 1818 5638 μαρ-

234 5668 427 5739 τυρίαν
463 5666 575 5719 τῶν
607 5664 983 5736 προλαϐόντων
1023 5664 1117 5717 καί
1163 5659 1513 5730 διαφώτισιν·
1572 5660 1698 5729 περὶ
1742 5653 1817 5715 ὧν

234 5758 295 5811 οὐ
323 5758 421 5813 νῦν
449 5757 631 5825 λόγος,
662 5755 739 5819 ὡς
768 5753 1099 5825 παμπόλλων
1137 5753 1230 5807 καί
1259 5748 1544 5823 ἀορίστων,
1581 5749 1675 5804 καὶ
1702 5749 1816 5821 ἃμα

1915 4534 2063 4589 dedit
2091 4533 2167 4587 illi
2198 4532 2363 4594 Deus,
2388 4540 2447 4587 ut
2476 4532 2729 4587 ostendat
2757 4534 2929 4587 servis
2986 4533 3101 4589 suis
3161 4548 3281 4603 quae
3324 4549 3489 4605 opor-

1914 4633 2025 4680 teat
2054 4624 2170 4680 ﬁeri
2196 4624 2337 4690 cito,
2386 4634 2440 4678 et
2468 4623 2793 4693 signiﬁcavit
2830 4624 3055 4680 mittens
3085 4640 3180 4695 per
3233 4627 3486 4697 angelum

1916 4731 2074 4772 suum
2103 4731 2260 4772 servo
2294 4730 2395 4771 suo
2416 4714 2631 4770 Joanni.
2667 4734 2686 4766 ι

1985 4832 2039 4886 4.
2072 4830 2136 4885 Hi
2173 4838 2302 4885 sunt
2330 4839 2384 4887 et
2418 4838 2500 4886 tot
2527 4829 2665 4885 Novi
2695 4829 3034 4886 Testamenti
3066 4830 3192 4886 libri
3211 4831 3485 4897 canonici,

1914 4928 1969 4978 et
1995 4922 2119 4976 iidei
2140 4929 2341 4978 nostrae
2367 4921 2530 4976 veluti
2557 4921 2814 4991 primitiae
2833 4921 3101 4991 quaedam,
3123 4920 3208 4976 vel
3236 4922 3489 4976 anchora;

1915 5013 2383 5085 elisustentacula,
2403 5020 2594 5082 utpote
2606 5012 2677 5066 ab
2698 5010 2834 5082 ipsis
2857 5011 3122 5082 apostolis
3147 5010 3373 5080 Christi,
3393 5011 3484 5082 qui

1914 5115 1969 5163 et
2000 5121 2125 5162 cum
2163 5106 2256 5160 illo
2282 5104 2615 5165 conversati,
2648 5110 2702 5159 et
2731 5103 2800 5157 ab
2829 5118 2895 5157 eo
2928 5102 3109 5158 edocti
3141 5108 3306 5167 sunt,
3350 5116 3487 5157 con-

1916 5199 2107 5270 scripti
2131 5207 2184 5253 et
2214 5198 2367 5252 editi.
2401 5197 2724 5267 Quanquam
2767 5203 2956 5264 postea
2989 5192 3057 5247 ad
3087 5194 3319 5250 istorum
3355 5208 3488 5248 nor-

1915 5308 2058 5347 mam
2092 5290 2603 5354 etconsonantiam,
2626 5299 2680 5344 et
2702 5289 2796 5343 alii
2839 5287 3109 5342 innumeri
3143 5297 3270 5343 sunt
3298 5301 3330 5341 a
3367 5302 3488 5342 ma-

1916 5384 2058 5455 gnis,
2088 5381 2532 5454 sapientissimis,
2580 5379 2806 5435 deiferis
2860 5378 3140 5443 Patribus,
3176 5386 3486 5449 temporum

1917 5491 2198 5540 successu,
2231 5475 2299 5529 ad
2326 5473 2731 5544 prazmissorum
2761 5470 3132 5526 testimonium
3160 5477 3214 5525 et
3244 5470 3491 5527 illustra-

1916 5569 2117 5624 tionem
2150 5567 2451 5622 elaborati:
2497 5564 2566 5619 de
2599 5563 2800 5634 quibus
2842 5576 2990 5617 nunc
3040 5562 3199 5617 nobis
3246 5577 3358 5617 non
3404 5570 3493 5617 est

1916 5674 2117 5725 sermo,
2147 5674 2270 5713 cum
2298 5658 2409 5713 sint
2442 5656 2733 5712 admodum
2764 5654 2920 5711 multi
2943 5661 2991 5708 et
3041 5653 3262 5722 inﬁniti,
3296 5653 3490 5709 simul-

1917 5766 2024 5824 que
2051 5765 2242 5809 omnes
2267 5748 2515 5823 ejusdem
2539 5763 2792 5818 normae,
2845 5756 3055 5809 veteres
3114 5748 3239 5806 illos
3294 5747 3487 5806 subse-
