3890 6200
386 271 494 327 εθδ
1533 262 1593 317 s.
1633 259 2108 317 ATHANASIUS.
2150 293 2221 303 —
2260 261 2493 318 ouem.
3545 266 3653 323 296

390 396 651 459 quantur,
705 385 1007 457 eademque
1064 391 1379 454 exponant,
1424 390 1590 453 atque
1655 381 1959 438 declarent.

2077 383 2285 437 πάντων
2313 383 2415 454 τῆς
2444 382 2615 453 αὐτῆς
2657 381 2980 447 ἀκολουθίας
3020 385 3133 448 τοῖς
3172 384 3418 449 παλαιοῖς
3444 387 3656 452 τούτοις

459 648 522 703 ln
558 647 677 705 istis
717 647 937 717 itaque,
981 647 1125 701 sicut
1165 646 1371 701 dictum
1415 652 1540 712 est,
1591 646 1979 716 comprehensi

393 748 524 796 sunt
554 755 745 795 omnes
770 754 894 793 cum
924 737 1158 803 Veteris,
1188 747 1303 793 tum
1356 736 1494 792 Novi
1542 736 1877 794 Testamenti
1913 741 1980 794 li-

391 831 499 896 bri,
531 847 670 903 quos
718 830 909 902 paucis
935 870 950 894 ,
984 829 1131 899 quod
1171 829 1239 883 ad
1283 844 1574 884 numerum
1605 837 1816 884 tantum
1850 831 1980 884 atti-

394 932 509 990 net,
547 924 657 993 jam
686 922 1151 994 perstrinximus:
1188 920 1447 990 deinceps
1505 935 1633 975 vero
1664 919 1732 975 de
1782 919 1976 975 iisdem

395 1014 552 1069 libris
592 1014 764 1069 fusius
795 1014 955 1067 nobis
982 1011 1249 1083 agendum
1274 1020 1392 1079 est;
1422 1026 1452 1064 a
1482 1026 1592 1081 quo
1622 1011 1834 1066 scilicet
1856 1011 1944 1066 sin
1964 1039 1977 1052 ι

291 1092 301 1103 ’
394 1106 509 1175 guli
556 1105 852 1173 conscripti
903 1106 1032 1170 sint,
1068 1113 1124 1159 et
1157 1104 1302 1158 unde
1334 1103 1569 1174 quisque
1600 1101 1800 1157 habeat
1830 1101 1978 1173 quod

395 1197 623 1253 sortitus
655 1203 738 1250 est
769 1210 967 1250 nomen
997 1213 1010 1249 :
1048 1195 1289 1265 quidque
1320 1194 1377 1248 in
1405 1209 1464 1249 se
1485 1194 1787 1258 contincat,
1822 1210 1977 1251 sum-

394 1290 582 1343 matim
617 1296 672 1343 et
694 1289 1100 1358 compendiose,
1122 1289 1281 1357 juxta
1319 1287 1660 1351 praamissum
1700 1286 1973 1356 ordinem,

394 1384 626 1455 singulis
651 1399 718 1439 ex
761 1383 983 1438 nomine
1009 1380 1321 1450 descriptis,
1354 1378 1735 1449 exponendum
1762 1388 1867 1435 est.

933 1492 1089 1547 Liber
1116 1491 1165 1547 1.
1192 1491 1425 1546 Genesis.

461 1585 517 1642 5.
546 1584 708 1640 Liber
735 1583 825 1637 hic
854 1582 1132 1638 Geneseos
1155 1621 1170 1644 ,
1223 1580 1429 1652 Moysis
1458 1589 1562 1648 est,
1599 1581 1695 1652 qui
1722 1596 1784 1637 ea
1810 1620 1824 1646 ,
1855 1596 1976 1652 quae

2085 475 2379 545 ἐχομένων,
2413 476 2508 530 καὶ
2535 475 2603 529 τά
2630 476 2770 531 αὐτὰ
2817 476 3195 549 ἐξηγουμένων
3223 479 3315 531 καὶ
3352 479 3530 534 αὐτῶν
3562 482 3658 556 καὶ

2083 567 2510 637 διασαφούντων.
2534 612 2545 625 ,

2166 659 2254 722 Ὧς
2282 656 2374 714 οὖν
2425 659 2637 732 εἴρηται
2667 662 2726 714 ἐν
2749 661 2959 724 τούτοις
2985 660 3183 726 πάντα,
3213 663 3284 719 τά
3324 681 3382 718 τε
3414 665 3514 735 τῆς
3542 666 3657 719 Πα-

2084 749 2242 815 λαιᾶς
2275 752 2369 806 καὶ
2396 752 2467 806 τά
2489 753 2587 823 τῆς
2616 753 2761 816 Νέας
2794 753 3072 825 Διαθήκης
3110 754 3305 826 βιϐλία.
3358 757 3503 829 Πλὴν
3534 757 3661 810 ὅσον

2085 844 2223 915 πρὸς
2252 843 2486 916 ἀριθμὸν
2535 845 2693 915 μόνον
2732 845 2931 899 οὑτωσὶ
2978 846 3117 911 τέως
3147 847 3346 914 στενῶς
3371 850 3660 921 προαπήγ-

2083 935 2291 1005 γελται.
2334 937 2407 989 Τὸ
2440 937 2499 990 δέ
2543 936 2796 991 ἐντεῦθεν
2835 938 3158 1010 διαληπτέον
3188 940 3348 995 πάλιν
3385 943 3509 1013 περὶ
3548 943 3658 996 τῶν

2083 1028 2262 1081 αὐτῶν
2314 1028 2531 1099 βιϐλίων
2586 1028 2947 1102 πλατύτερον,
3005 1031 3157 1100 παρὰ
3210 1031 3354 1095 τίνος
3410 1049 3471 1086 τε
3536 1051 3660 1086 συν-

2083 1117 2297 1186 εγράφη
2330 1117 2558 1170 ἕκαστον
2592 1116 2815 1182 τούτων,
2852 1119 2947 1171 καὶ
2976 1119 3156 1185 πόθεν,
3196 1121 3260 1192 ἢν
3294 1121 3502 1193 ἔλαχεν,
3542 1126 3660 1177 ὀνο-

2085 1208 2286 1278 μασίαν
2319 1207 2452 1278 ἔχει,
2486 1209 2581 1262 καὶ
2615 1208 2667 1261 τί
2701 1210 2965 1280 περιέχει,
2997 1211 3378 1280 κεφαλαιωδῶς
3406 1215 3500 1268 καὶ
3536 1233 3658 1268 συν-

2081 1298 2338 1363 οπτικῶς,
2369 1299 2510 1353 κατὰ
2545 1300 2642 1373 τὴν
2688 1303 3102 1373 προεκτεθεῖσαν
3129 1304 3282 1370 τάξιν
3317 1305 3412 1359 τοῦ
3445 1306 3566 1360 καθ’
3598 1307 3658 1361 ἒν

2084 1386 2288 1457 βιϐλίου
2321 1389 2755 1461 διαγραφομένου
2800 1392 2937 1462 μετὰ
2982 1393 3081 1463 τῆς
3110 1392 3315 1457 οἰκείας
3342 1395 3654 1467 ὀνομασίας.

2538 1504 2780 1556 Βιϐλίον
2805 1510 2879 1560 α’.
2926 1504 3197 1571 Γένεσις.

2153 1592 2206 1648 5.
2249 1591 2323 1645 Τὸ
2369 1592 2465 1663 μὲν
2502 1592 2704 1663 βιϐλίον
2754 1595 2911 1649 τοῦτο
2964 1598 3063 1668 τῆς
3110 1598 3378 1664 Γενέσεως
3415 1602 3654 1673 Μωῦσῆς

393 1678 449 1733 ἰη
481 1678 573 1731 illo
600 1678 975 1739 continentur,
1007 1691 1075 1728 ex
1106 1674 1267 1744 jussu
1304 1674 1516 1728 Domini
1550 1675 1767 1729 locutus
1799 1684 1883 1730 est
1920 1682 1970 1730 et

2081 1682 2229 1737 ἐστιν
2269 1686 2298 1738 6
2324 1684 2563 1755 λαλήσας
2598 1687 2691 1739 καὶ
2719 1687 2937 1760 γράψας
2982 1690 3048 1743 ἐκ
3094 1691 3513 1762 προστάγματος
3547 1694 3657 1747 Κυ-

392 1770 632 1840 scripsit.
676 1766 913 1823 Vocatur
941 1774 1122 1821 autem
1170 1768 1275 1821 hoc
1320 1767 1560 1831 nomine,
1588 1767 1733 1837 quod
1766 1775 1820 1821 et
1853 1767 1970 1821 uni-

2084 1775 2219 1847 ρίου.
2247 1752 2507 1832 Καλεῖται
2533 1777 2591 1831 δὲ
2617 1752 2810 1843 οὕτως,
2838 1752 3025 1853 ἐπειδὴ
3045 1752 3260 1856 καὶΙτὴν
3282 1752 3658 1854 γένεσιννπάν-

391 1875 672 1916 versorum
693 1898 708 1923 ,
746 1859 871 1913 cmli
903 1859 1109 1928 pariter
1152 1871 1216 1909 ac
1259 1865 1416 1911 terrae
1439 1895 1455 1922 ,
1489 1856 1886 1926 hominumque
1917 1865 1974 1913 et

393 1953 636 2009 omnium
690 1967 880 2007 eorum
927 1966 1049 2021 quae
1102 1949 1357 2005 videntur
1413 1953 1855 2022 generationem,
1922 1960 1975 2009 et

393 2046 566 2116 ipsam
594 2044 833 2115 paradisi
865 2042 1254 2113 plantationem
1284 2043 1700 2113 complectatur.
1735 2043 1977 2101 Enarrat

394 2149 596 2205 autem,
622 2137 767 2207 quod
811 2136 989 2206 primo
1019 2134 1107 2191 die
1136 2136 1276 2191 facta
1310 2136 1382 2192 sit
1414 2136 1508 2190 lux
1538 2155 1551 2192 :
1588 2137 1762 2193 altero
1790 2137 1975 2192 ﬁrma-

394 2238 657 2293 mentum,
682 2228 825 2298 quod
856 2226 1000 2283 Deus
1053 2229 1254 2283 coelum
1288 2228 1547 2283 vocavit:
1581 2229 1742 2284 tertio
1764 2268 1780 2294 ,
1829 2228 1976 2300 quod

392 2327 734 2392 congregata:
757 2320 865 2375 sint
889 2334 1065 2389 aquae,
1091 2320 1318 2390 visaque
1350 2320 1503 2374 arida
1529 2359 1544 2384 ,
1596 2330 1654 2375 et
1694 2321 1977 2377 collectio-

393 2428 494 2469 nes
515 2427 776 2483 aquarum
800 2412 1080 2466 vocaverit
1109 2413 1303 2477 maria,
1328 2412 1537 2467 aridam
1560 2428 1709 2478 vero,
1731 2420 1973 2469 terram:

395 2514 649 2574 terraque
696 2501 1083 2572 germinaverit
1126 2502 1351 2558 herbam
1404 2502 1549 2568 feni,
1598 2511 1653 2559 et
1685 2519 1847 2560 omne
1904 2504 1975 2557 li-

394 2609 562 2666 gnum
589 2613 604 2649 :
633 2600 864 2665 quarto,
927 2593 1076 2663 quod
1129 2594 1457 2664 processerit
1488 2594 1571 2650 sol
1604 2605 1659 2650 et
1701 2595 1829 2649 luna
1854 2634 1874 2662 ,
1921 2602 1976 2649 et

395 2688 684 2743 universus
718 2696 994 2741 astrorum
1043 2687 1277 2740 chorus:
1311 2685 1524 2756 quinto,
1549 2686 1697 2756 quod
1731 2685 1872 2741 facta
1902 2685 1976 2742 sit

383 2776 734 2844 ‘volucrium,
787 2778 1054 2848 piscium,
1119 2785 1176 2832 et
1238 2786 1484 2833 cetorum
1528 2793 1649 2849 quae
1699 2778 1756 2833 in
1818 2778 1975 2848 aquis

395 2881 544 2933 sunt,
575 2870 856 2940 generatio
889 2886 903 2923 :
941 2880 1093 2925 sexto
1120 2907 1136 2932 ,
1194 2868 1342 2939 quod
1395 2867 1542 2923 facta
1592 2870 1705 2925 sint
1734 2872 1976 2940 quadru-

394 2960 575 3031 pedia,
602 2968 657 3015 et
684 2960 889 3024 bestias,
914 2967 968 3014 et
989 2966 1292 3030 serpentes,
1320 2967 1375 3015 et
1399 2959 1675 3030 iumenta,
1706 2961 1977 3031 homoque

395 3052 465 3105 ad
500 3051 791 3121 imaginem
847 3059 903 3105 et
956 3049 1368 3106 similitudinem
1394 3048 1492 3106 Dei
1547 3049 1852 3105 formatus:
1887 3066 1973 3106 se-

396 3142 568 3212 ptimo
616 3156 767 3207 vero,
797 3142 944 3211 quod
976 3139 1122 3196 Deus
1151 3142 1219 3195 ab
1248 3141 1510 3211 operibus
1537 3143 1655 3198 suis
1682 3141 1971 3212 requieve-

395 3235 491 3297 rit,
516 3233 736 3302 dieique
763 3234 997 3304 septimo
1025 3232 1387 3288 benedixerit.
1435 3231 1641 3288 Deinde
1675 3242 1730 3312 et
1772 3234 1877 3288 hoc
1908 3233 1972 3287 li-

396 3325 497 3381 bro
527 3334 988 3381 commemoratur
1020 3324 1388 3395 transgressio
1437 3323 1601 3389 Adae,
1657 3325 1914 3396 illiusque
1941 3339 1975 3380 e

397 3417 654 3487 paradiso
681 3416 898 3486 ejectio,
926 3415 1110 3470 Abelis
1142 3432 1239 3487 per
1276 3414 1501 3471 fratrem
1531 3414 1669 3471 Cain
1699 3415 1843 3471 facta
1870 3431 1976 3472 caa-

396 3509 494 3564 des
516 3545 533 3574 ,
566 3507 852 3563 translatio
884 3505 1122 3574 Enochi,
1173 3507 1461 3563 fabricatio
1494 3522 1655 3572 arcae,
1684 3509 1970 3573 diluvium,

397 3598 732 3669 temporibus
763 3598 877 3655 Noe
913 3600 1116 3656 factum
1142 3641 1157 3663 ,
1216 3606 1495 3656 structura
1543 3598 1742 3664 turris,
1776 3600 1973 3655 divisio

398 3690 727 3760 linguarum.
754 3691 1028 3760 dispersio
1054 3691 1360 3754 nationum,
1382 3702 1437 3746 et
1465 3705 1720 3763 egressus
1743 3690 1974 3745 Abrahae

397 3798 466 3839 ex
496 3783 771 3839 Chaldasa.
805 3783 1063 3838 Continet
1093 3791 1276 3838 autem
1321 3782 1412 3837 hic
1455 3782 1593 3837 liber
1620 3792 1675 3839 et
1715 3780 1976 3838 Sodomo-

397 3890 521 3930 rum
562 3875 995 3938 subversionem,
1018 3882 1073 3929 et
1100 3874 1274 3945 legem
1317 3873 1384 3929 de
1434 3872 1859 3929 circumcisione
1894 3874 1975 3928 la-

399 3971 532 4028 tam,
558 3963 943 4034 jusjurandum
972 3963 1357 4035 promissionis
1391 3962 1486 4019 Dei
1534 3964 1766 4019 Abrahae
1793 3962 1968 4029 factae,

398 4053 801 4122 generationem
831 4052 982 4109 Isaac
1010 4061 1065 4111 et
1089 4052 1261 4109 Iacob
1287 4093 1303 4119 ,
1351 4063 1407 4109 et
1434 4068 1626 4110 eorum
1650 4056 1745 4124 qui
1772 4070 1841 4110 ex
1879 4056 1973 4110 illo

398 4151 529 4199 sunt
554 4145 1010 4214 patriarcharum,
1045 4154 1103 4201 et
1154 4145 1300 4216 quod
1335 4146 1612 4201 Abraham
1651 4148 1974 4204 vixerit‘an-

397 4249 499 4290 nos
524 4243 743 4291 centum
786 4237 1060 4307 octoginta
1090 4236 1202 4308 (77)
1231 4255 1244 4292 :
1278 4235 1470 4293 lsmael
1517 4252 1646 4292 vero
1689 4253 1757 4293 ex
1796 4241 1969 4310 Agar,

397 4340 573 4382 annos
610 4337 773 4383 natus
821 4329 922 4383 1⁸57
963 4336 1212 4385 mortuus
1271 4330 1361 4384 sit.
1398 4328 1668 4386 Praeterea
1698 4332 1971 4401 quomodo

2084 1884 2192 1921 των
2242 1868 2508 1939 περιέχει,
2538 1868 2769 1939 ούρανοῦ
2804 1887 2861 1923 τε
2897 1872 2989 1925 καὶ
3017 1876 3141 1944 γῆς,
3193 1876 3288 1928 καὶ
3314 1875 3423 1929 τῶν
3452 1876 3658 1948 ἀνθρὼ-

2076 1976 2192 2012 πων
2223 1959 2315 2012 καὶ
2346 1960 2452 2014 τῶν
2481 1959 2820 2030 φαινομένων
2852 1962 3058 2017 τούτων
3085 1964 3350 2031 ὄλων,κα“ι
3378 1969 3543 2040 αὐτὴν
3556 1971 3656 2043 τήν

2074 2048 2167 2103 τοῦ
2207 2051 2537 2122 παραδείσου
2570 2053 2816 2121 φυτείαν.
2881 2053 3186 2125 Ἐξηγεῖται
3223 2058 3302 2124 δὲ,
3352 2061 3525 2133 ὅτιτῇ
3557 2062 3657 2134 μὲν

2076 2141 2266 2214 πρώτῃ
2301 2142 2487 2214 ἡμέρᾳ
2513 2143 2705 2213 γέγονε
2737 2144 2797 2198 τὸ
2826 2145 2940 2214 φῶς
2958 2169 2971 2179 ·
3002 2151 3067 2219 τῇ
3102 2149 3159 2202 δὲ
3193 2150 3420 2226 δευτέρᾳ
3448 2153 3508 2207 τὸ
3536 2171 3660 2207 στε-

2076 2234 2286 2306 ρέωμα,
2309 2235 2444 2307 ὅπερ
2463 2235 2723 2289 ἐκάλεσεν
2752 2237 2979 2309 οὐρανὸν
3000 2241 3029 2293 6
3058 2241 3189 2305 Θεός
3208 2259 3222 2273 ο
3253 2246 3319 2315 τῇ
3345 2244 3501 2317 τρίτῃ
3533 2262 3658 2299 συν-

2075 2323 2212 2396 ήχθη
2242 2325 2311 2379 τὰ
2350 2325 2540 2390 ὕδατα,
2568 2326 2675 2391 ἷκαὶ
2716 2328 2870 2401 ὤφθη
2915 2331 2948 2401 ή
2985 2330 3155 2403 ξηρά·
3205 2334 3299 2387 καὶ
3334 2335 3402 2388 τὰ
3433 2337 3530 2407 μὲν
3559 2354 3656 2390 συ-

2075 2417 2175 2486 στή
2185 2433 2329 2487 ματα
2359 2417 2466 2472 τῶν
2497 2418 2701 2476 ὑδάτων
2734 2420 2962 2475 ἐκάλεσε
2996 2422 3291 2489 θαλάσσας,
3346 2427 3446 2499 τὴν
3476 2427 3533 2480 δὲ
3563 2428 3658 2500 ξηο

2075 2510 2175 2581 ρὰν
2230 2511 2455 2564 ἐκάλεσε
2492 2511 2629 2582 γῆνο
2680 2514 2776 2566 καὶ
2837 2514 3169 2585 ἐϐλάστησεν
3224 2517 3257 2587 ἡ
3311 2521 3382 2587 γῆ
3427 2518 3656 2592 βοτάνην

2074 2602 2289 2673 χόρτου,
2325 2604 2420 2657 καὶ
2448 2605 2556 2657 πᾶν
2586 2603 2768 2669 ξύλον·
2804 2609 2871 2678 τῇ
2912 2607 3151 2681 τετάρτῃ
3202 2609 3470 2682 προῆλθεν
3504 2612 3655 2682 ἥλιος

2072 2695 2168 2747 καὶ
2224 2694 2442 2766 σελήνη,
2503 2696 2597 2749 καὶ
2655 2699 2762 2760 πᾶς
2816 2699 2845 2751 ὁ
2899 2697 3007 2752 τῶν
3072 2700 3319 2773 ἀστέρων
3355 2704 3554 2775 χορός’
3584 2707 3651 2776 τῇ

2074 2786 2297 2860 πέμπτῃ
2326 2788 2586 2843 πετεινῶν
2620 2790 2715 2842 καὶ
2750 2789 2946 2860 ἰχθύων
2977 2792 3070 2845 καὶ
3098 2793 3279 2864 κητῶν
3309 2794 3421 2848 τῶν
3452 2796 3510 2849 ἐν
3540 2796 3657 2860 τοῖς

2076 2879 2229 2932 ὕδασι
2266 2880 2510 2948 γένεσις·
2548 2884 2613 2951 τῇ
2649 2881 2782 2953 ἐκτῃ
2815 2884 3160 2954 τετραπόδων
3207 2886 3301 2939 καὶ
3330 2885 3533 2959 θηρίων
3560 2889 3655 2943 καὶ

2074 2972 2318 3043 ἑρπετῶν
2346 2973 2439 3026 καὶ
2472 2973 2704 3043 κτηνῶν,
2740 2975 2834 3027 καί
2874 2975 3071 3040 πλάσις
3105 2976 3391 3048 ἀνθρώπου
3428 2981 3547 3035 κατ’
3577 2983 3657 3034 εί-

2075 3064 2206 3116 κόνα
2229 3063 2363 3117 Θεοῦ
2399 3066 2493 3119 καὶ
2530 3066 2788 3136 ὁμοίωσιν
2808 3083 2823 3099 ο
2865 3070 2931 3138 τῇ
2965 3069 3022 3121 δὲ
3056 3070 3262 3143 ἐϐδόμῃ
3307 3072 3651 3126 κατέπαυσεν

2071 3155 2100 3207 6
2126 3153 2259 3218 Θεὸς
2286 3155 2394 3209 ἀπὸ
2417 3155 2526 3211 τῶν
2560 3156 2756 3227 ἔργων,
2784 3159 2880 3212 καὶ
2912 3155 3215 3232 ηύλόγησεν
3243 3163 3435 3235 αὐτήν.
3494 3166 3652 3218 Ἔστι

2069 3244 2126 3298 δὲ
2151 3247 2208 3299 ἐν
2239 3246 2414 3318 τούτῳ
2434 3248 2512 3318 τῷ
2543 3248 2731 3318 βιϐλίῳ
2754 3249 2846 3303 τοῦ
2883 3251 3054 3323 Ἀδάμ
3077 3254 3408 3325 παράϐασις,
3432 3256 3524 3309 καὶ
3542 3256 3653 3309 ἀπὸ

2068 3336 2162 3390 τοῦ
2202 3339 2523 3411 παραδείσου
2563 3339 2846 3412 ἐξὼθησις,
2874 3344 2908 3413 ἦ
2940 3361 3002 3397 τε
3034 3344 3130 3398 τοῦ
3166 3346 3331 3399 Ἀϐελ
3369 3347 3519 3419 παρὰ
3552 3348 3648 3402 τοῦ

2070 3428 2299 3499 ἀδελφοῦ
2317 3430 2454 3485 Κάῖν
2466 3432 2763 3503 ἀναίρεσις,
2781 3435 2875 3513 καὶ
2892 3436 3034 3507 ήτοῦ
3051 3435 3218 3509 Ἑνὼχ
3238 3438 3542 3509 μετάθεσις,
3557 3442 3652 3494 καὶ

2069 3521 2103 3591 ή
2142 3521 2453 3594 κατασκευή
2488 3524 2587 3594 τῆς
2625 3524 2881 3592 κιϐωτοῦ,
2912 3528 3007 3581 καὶ
3032 3530 3061 3581 6
3088 3528 3183 3582 ἐπὶ
3211 3529 3335 3582 Νῶε
3362 3530 3650 3603 γενόμενος

2072 3612 2478 3685 κατακλυσμὸς,
2525 3615 2560 3686 ἦ
2590 3632 2651 3669 τε
2685 3619 3039 3690 πυργοποιία,
3072 3620 3166 3673 καὶ
3196 3621 3228 3691 ἡ
3254 3619 3518 3694 διαίρεσις
3540 3624 3649 3678 τῶν

2072 3704 2353 3773 γλωσσῶν,
2374 3705 2523 3778 καὶὴ
2550 3707 2819 3780 διασπορὰ
2845 3709 2953 3763 τῶν
2981 3711 3171 3776 ἐθνῶν,
3189 3715 3283 3766 καί⁵
3317 3716 3350 3786 ἡ
3383 3716 3490 3768 άπὸ
3513 3717 3650 3769 Χαλ-

2071 3798 2236 3853 δαίων
2264 3797 2440 3863 ἔξοδος
2464 3798 2558 3853 τοῦ
2585 3800 2853 3873 Ἀϐραάμ.
2880 3804 3133 3875 Περιέχει
3160 3805 3216 3859 δὲ
3245 3807 3339 3861 καὶ
3365 3808 3462 3881 τὴν
3482 3827 3650 3864 κατα.

2075 3891 2312 3963 στροφὴν
2342 3890 2449 3944 τῶν
2485 3892 2755 3964 Σοδόμων,
2799 3895 2893 3948 καὶ
2918 3895 3018 3966 τὴν
3057 3898 3308 3970 περὶτῆς
3342 3902 3647 3973 περιτομῆς

2072 3981 2412 4053 νομοθεσίαν,
2436 3984 2530 4036 καὶ
2568 3984 2660 4038 τὸν
2688 3986 2849 4057 ὅρκον
2895 3987 2992 4058 τῆς
3023 3989 3357 4059 ἐπαγγελίας
3386 3991 3480 4045 τοῦ
3508 3992 3645 4047 Θεοῦ

2073 4075 2207 4146 πρὸς
2237 4075 2327 4129 τὸν
2359 4075 2628 4148 Ἀϐραὰμ,
2654 4079 2754 4149 τήν
2786 4096 2845 4132 τε
2878 4079 3131 4153 γέννησιν
3173 4079 3268 4137 τοῦ
3320 4084 3524 4153 Ἰσαὰκ,
3553 4087 3648 4140 καὶ

2072 4165 2165 4218 τοῦ
2206 4165 2420 4232 Ἰακὼϐ,
2449 4169 2543 4221 καὶ
2575 4168 2683 4222 τῶν
2717 4168 2776 4234 ἐξ
2804 4169 2993 4225 αὐτοῦ.
3019 4174 3372 4247 πατριαρχῶν
3392 4193 3406 4206 °
3445 4178 3538 4231 καὶ
3564 4178 3649 4231 ὅτι

2072 4256 2100 4308 ό
2130 4255 2227 4326 μὲν
2255 4255 2504 4328 Ἀϐραάμ
2523 4257 2715 4328 ἔζησεν
2741 4257 2834 4331 ἐτη
2865 4267 2973 4332 ρπ’,
2991 4261 3088 4315 ὁδὲ
3116 4263 3360 4336 Ἰσμαὴλ,
3399 4268 3428 4319 6
3453 4267 3518 4321 ἐκ
3548 4268 3648 4338 τῆς

2077 4345 2255 4417 ’Ἅγαρ
2285 4348 2582 4419 γεννηθεὶς,
2618 4350 2886 4404 ἀπέθανεν
2922 4353 3031 4424 ρλζ¹
3055 4354 3193 4408 ἐτῶν
3214 4372 3228 4385 ⁸
3271 4356 3388 4421 πῶς
3437 4376 3495 4412 τε
3536 4361 3647 4413 Ἰω-

356 4459 365 4467 .
395 4413 597 4484 Joseph
627 4430 657 4469 a
686 4415 946 4472 fratribus
977 4418 1048 4472 sit
1080 4418 1333 4475 venditus
1353 4426 1408 4474 et
1432 4420 1703 4476 adductus
1729 4421 1782 4475 in
1802 4420 1970 4493 Egy-

2213 4413 2445 4510 ἐπράθη
2474 4439 2625 4512 παρὰ
2672 4440 2781 4494 τῶν
2812 4413 3055 4513 ἀδελφῶν
3107 4447 3187 4510 είς
3215 4413 3508 4516 Αἴγυπτον,
3554 4452 3647 4505 καὶ

396 4513 549 4576 ptum
571 4548 586 4572 ,
621 4507 1062 4579 caiumniamque
1095 4524 1126 4563 a
1174 4508 1395 4564 domina
1434 4525 1534 4566 sua
1568 4527 1796 4582 passus,
1827 4521 1882 4569 et
1913 4514 1970 4569 in

395 4611 671 4652 carcerem
698 4599 1001 4669 conjectus,
1033 4608 1088 4655 et
1119 4601 1339 4656 tandem
1377 4604 1545 4660 totius
1578 4603 1794 4676 IEgypti
1820 4607 1971 4677 prin-

395 4703 525 4760 ceps
573 4689 926 4746 constitutus.
985 4690 1112 4747 lstis
1169 4694 1521 4764 subiungitur
1555 4695 1852 4754 descensus
1877 4696 1971 4753 Ja-

395 4781 498 4835 cob
530 4781 682 4852 101
711 4781 767 4836 in
788 4781 1081 4855 Egyptum
1107 4799 1233 4840 cum
1264 4785 1391 4842 filiis
1419 4786 1536 4843 suis
1560 4828 1574 4851 ,
1606 4805 1836 4845 numero
1877 4790 1965 4857 75,

394 4883 449 4928 et
466 4874 741 4945 quomodo
770 4875 881 4931 illic
911 4877 1247 4933 constitutus
1277 4877 1470 4944 Iacob,
1502 4880 1967 4943 benedictionem-

393 4979 500 5029 que
521 4964 855 5023 Patriarchis
884 4967 1009 5024 ﬁliis
1035 4969 1152 5025 suis
1196 4969 1507 5041 impartitus
1533 5014 1547 5034 .
1599 4981 1847 5031 mortuus
1897 4978 1968 5032 sit

394 5064 569 5111 annos
617 5064 781 5113 natus
835 5059 959 5125 147,
987 5074 1299 5133 corpusque
1335 5064 1484 5120 illius
1530 5067 1859 5121 translatum
1901 5083 1967 5123 ac

394 5147 664 5216 sepultum
703 5147 761 5202 in
793 5157 940 5204 terra
975 5148 1257 5205 Chanaan.
1301 5151 1369 5206 Et
1397 5153 1544 5223 quod
1588 5151 1790 5226 Joseph
1841 5165 1966 5226 post

396 5235 590 5292 famem
634 5237 855 5311 Αὲεγριί
877 5280 894 5306 ,
949 5256 1124 5299 annos
1152 5244 1348 5299 vixerit
1380 5244 1469 5308 66.
1501 5255 1860 5319 mortuusque
1893 5250 1966 5306 sit

392 5341 537 5382 anno
572 5335 748 5386 aetatis
779 5348 892 5387 sua:
920 5332 1054 5397 110,
1106 5344 1459 5410 posteaquam
1494 5338 1563 5395 de
1598 5341 1818 5397 ossibus
1847 5342 1963 5399 suis

390 5422 786 5489 mandaverat,
829 5435 888 5481 ut
924 5432 979 5482 et
1032 5427 1151 5497 ipsa
1195 5428 1251 5483 in
1280 5439 1691 5489 monumentum
1747 5445 1962 5505 patrum

393 5512 836 5573 transferrentur.

460 5689 573 5763 (77)
604 5689 750 5748 Vixit
772 5699 984 5749 tantum
1008 5695 1113 5752 175
1147 5711 1340 5755 annos.

2073 4529 2498 4600 συκοφαντηθεὶς
2527 4532 2679 4604 παρὰ
2707 4534 2805 4603 τῆς
2829 4536 3026 4608 κυρίας
3054 4538 3239 4604 αὐτοῦ,
3260 4540 3461 4614 ἐϐλήθη
3485 4546 3566 4607 είς
3585 4544 3647 4597 τὸ

2068 4619 2436 4693 δεσμωτήριον
2450 4663 2465 4687 ,
2484 4626 2579 4676 καὶ
2594 4622 2818 4697 ὕστερον
2833 4625 3015 4698 ἄρχων
3036 4630 3498 4702 πάσηςΑίγύπτου
3516 4653 3643 4690 κατ-

2068 4711 2293 4784 εστάθη·
2311 4714 2403 4767 καὶ
2426 4713 2553 4784 ἑξῆς
2582 4715 2681 4786 τὴν
2708 4718 2788 4780 είς
2802 4717 3074 4787 Αἴγυπτον
3105 4722 3328 4778 κάθοδον
3340 4725 3435 4779 τοῦ
3451 4727 3645 4781 Ἰακὼϐ

2068 4799 2164 4853 καὶ
2201 4800 2310 4854 τῶν
2362 4801 2494 4855 υἱῶν
2554 4802 2719 4856 αὐτοῦ
2770 4806 2827 4857 ἐν
2870 4806 3089 4878 ἀριθμῷ
3129 4807 3231 4862 οε’·
3289 4811 3383 4864 καὶ
3423 4812 3504 4866 ὅτι
3532 4814 3644 4867 ἐκεῖ

2066 4893 2355 4965 γενόμενος
2383 4897 2412 4948 6
2449 4894 2667 4958 Ἰακὼϐ,
2691 4897 2784 4949 καὶ
2815 4899 3118 4972 εὐλογήσας
3145 4902 3271 4967 τοὺς
3297 4905 3644 4978 πατριάρχας

2065 4986 2190 5050 τοὺς
2214 4987 2363 5050 υἱοὺς
2384 4987 2597 5051 ἐαυτοῦ,
2633 4990 2981 5062 ἐτελεύτησεν
3017 4992 3155 5046 ἐτῶν
3204 4995 3348 5067 ρμζν,
3378 4998 3472 5050 καὶ
3506 5015 3639 5069 μετ-

2066 5076 2269 5148 ηνέχθη
2302 5077 2362 5130 τὸ
2402 5077 2560 5149 σῶμα
2584 5080 2772 5146 αὑτοῦ,
2805 5084 2900 5137 καὶ
2930 5085 3104 5158 ἐτάφη
3137 5090 3218 5152 είς
3258 5089 3356 5162 τήν
3396 5092 3638 5149 Χαναάν.

2066 5168 2177 5221 Καὶ
2211 5169 2405 5240 Ἰωσήφ
2437 5169 2493 5222 δὲ
2529 5171 2667 5241 μετὰ
2713 5174 2804 5228 τὸν
2852 5177 3145 5247 γενόμενον
3191 5181 3349 5252 λιμὸν
3382 5184 3439 5238 ἐν
3472 5185 3641 5255 Αἰγύ-

2065 5277 2203 5332 πτῳ,
2229 5259 2493 5335 ἐπιζήσας
2519 5263 2611 5336 ἔτη
2641 5264 2746 5333 ξς,
2781 5269 3131 5343 ἐτελεύτησεν
3160 5274 3295 5329 ἐτῶν
3345 5283 3433 5349 ρι’,
3464 5279 3639 5333 ἐντει-

2063 5353 2295 5425 λάμενος
2324 5357 2588 5430 πρότερον
2613 5362 2740 5433 περὶ
2773 5362 2881 5416 τῶν
2908 5364 3110 5419 ὀστέων
3139 5367 3359 5435 ἐαυτοῦ,
3415 5370 3501 5426 ῐνα
3544 5373 3638 5426 καὶ

2062 5445 2200 5501 αὐτὰ
2231 5449 2522 5523 μετενεχθῇ
2550 5453 2630 5516 είς
2657 5451 2717 5506 τὸ
2749 5455 2937 5527 μνῆμα
2965 5456 3073 5512 τῶν
3102 5459 3375 5532 πατέρων.
