3890 6200
173 311 287 369 297

667 431 912 486 Βιϐλίον
928 433 1013 500 β’,
1052 431 1320 500 Ἔξοδος.

253 543 309 599 6.
330 546 441 599 Καὶ
471 544 633 599 τοῦτο
657 545 718 599 τὺ
760 546 961 617 βιϐλίον
985 548 1089 618 τῆς
1139 548 1352 615 Ἐξόδου
1382 552 1411 603 ὁ
1440 549 1776 623 προρῤηθεὶς

178 637 426 706 Μωῦσῆς
462 637 867 709 συνεγράψατο.
920 640 1182 695 Καλεῖται
1238 640 1298 694 δὲ
1338 639 1535 705 οὕτως,
1589 642 1776 714 ἐπειδὴ

181 730 280 781 καὶ
312 730 412 800 τὴν
444 728 622 793 ἔξοδον
674 728 785 782 τῶν
818 729 949 784 υἱῶν
1009 730 1227 803 Ἰσραὴλ
1256 732 1499 803 περιέχει
1547 731 1644 803 τὴν
1680 733 1775 785 ἀπ’

179 817 484 885 Αἰγύπτου,
512 818 612 889 τὴν
633 821 933 891 γενομένην
960 820 1097 891 μετὰ
1132 821 1231 892 μὲν
1252 821 1344 894 έτη
1380 822 1455 875 υλ¹
1481 823 1580 894 τῆς
1604 825 1777 892 ἐπαγ-

180 911 370 979 γελίας
402 911 502 981 τῆς
523 910 819 983 εἰρημένης
856 911 935 982 τῷ
970 911 1242 984 Ἀϐραὰμ,
1274 913 1412 984 μετὰ
1430 913 1487 966 δὲ
1530 914 1625 985 ἐτη
1677 917 1774 968 σιε¹

177 1004 280 1072 τῆς
310 1004 369 1055 ὲν
389 1001 653 1073 Αἰγύπτῳ
683 1003 975 1075 παροικίας
1007 1003 1263 1073 (τοσαῦτα
1284 1004 1393 1076 γάρ
1435 1005 1773 1078 παρῴκησαν

177 1096 342 1165 ἐκεῖ),
376 1096 474 1148 καὶ
507 1096 646 1166 μετὰ
681 1095 781 1166 τὴν
806 1095 1142 1167 δεκάπληγον
1162 1096 1261 1165 τὴν
1290 1096 1433 1150 κατά
1460 1096 1554 1150 τοῦ
1576 1097 1774 1169 Φαραὼ

177 1182 276 1237 τοῦ
304 1184 569 1255 τυράννου
595 1184 698 1254 τῆς
722 1184 1020 1253 Αἰγύπτου.
1052 1186 1197 1239 Δέκα
1249 1186 1359 1258 γὰρ
1393 1186 1606 1257 πληγὰς
1670 1191 1771 1269 ἐπ-

180 1276 387 1345 ήγαγεν
413 1276 440 1329 5
470 1273 604 1338 Θεὸς
632 1277 753 1328 κατ’
785 1275 948 1328 αὐτοῦ
975 1276 1196 1340 ταύτας·
1234 1276 1478 1350 πρώτην,
1532 1281 1770 1350 ποταμὸν

180 1370 261 1430 εἰς
290 1362 434 1437 αἷμα
476 1366 762 1437 μετέϐαλε·
828 1367 1107 1440 δευτέραν,
1167 1369 1470 1443 βατράχους
1517 1372 1576 1425 ὲν
1620 1373 1768 1444 πάσῃ

176 1458 444 1529 Αἰγύπτῳ
477 1458 749 1529 ἐπήγαγε·
803 1459 1014 1531 τρίτην,
1045 1464 1292 1531 σκνῖφας·
1354 1463 1642 1535 τετάρτην,
1673 1482 1771 1518 κυ-

175 1549 430 1620 νόμυιαν·
462 1550 739 1621 πέμπτην,
799 1550 1028 1605 θάνατον
1080 1552 1314 1624 κτηνῶν·
1374 1554 1559 1626 ἕκτην,
1611 1556 1764 1627 ἕλκη,

175 1641 477 1709 φλυκτίδας
499 1640 839 1707 ἀναζεούσας
892 1644 984 1697 ἐπὶ
1018 1647 1145 1709 τοὺς
1198 1645 1519 1718 ἀνθρώπους
1572 1648 1667 1700 καὶ
1699 1650 1767 1703 τὰ

171 1733 373 1802 κτήνη·
396 1732 653 1805 ἑϐδόμην,
685 1734 925 1804 χάλαζαν
960 1735 1054 1788 καὶ
1105 1735 1216 1809 πῦρ
1247 1737 1516 1807 φλογίζον·
1550 1739 1762 1810 ὀγδόην,

169 1826 394 1897 ἀκρίδα·
426 1827 644 1896 ἐνάτην,
711 1828 903 1891 σκότος
948 1830 1007 1882 ὲν
1045 1831 1193 1902 πάσῃ
1245 1833 1313 1902 τῇ
1357 1832 1619 1904 Αἰγύπτῳ
1670 1834 1763 1888 ἐπὶ

167 1918 448 1989 διάστημα
471 1919 639 1990 τριῶν
666 1920 888 1991 ἡμερῶν
910 1922 1080 1992 χωρὶς
1110 1922 1209 1993 τῆς
1228 1923 1334 1993 γῆς
1359 1924 1489 1977 υἱῶν
1523 1925 1756 1998 Ἰσραήλ·

166 2008 423 2081 δεκάτην,
466 2010 695 2065 θάνατον
720 2012 934 2066 πάντων
955 2014 1063 2067 τῶν
1090 2016 1451 2084 πρωτοτόκων
1482 2018 1757 2086 Αἰγύπτου

166 2100 278 2153 ἀπὸ
310 2101 603 2172 ἀνθρώπου
637 2102 744 2165 ἕως
775 2105 1023 2175 κτήνους.
1047 2106 1158 2158 Καὶ
1188 2107 1311 2158 ἐπεὶ
1357 2104 1640 2172 ἐξελθόντα
1667 2108 1757 2161 τὸν

163 2189 296 2245 λαὸν
322 2193 651 2259 κατεδίωξεν
686 2197 716 2248 ὁ
747 2195 966 2266 Φαραὼ,
996 2195 1139 2250 οὕτω
1157 2196 1341 2251 λοιπὸν
1366 2200 1395 2252 ό
1418 2199 1515 2270 μὲν
1542 2199 1757 2272 Ἰσραὴλ

165 2282 319 2356 ξηρῷ
346 2284 427 2356 τῷ
449 2287 571 2339 ποδὶ
589 2286 743 2359 διέϐη
763 2288 867 2358 τὴν
896 2286 1135 2359 ἐρυθρὰν
1162 2288 1438 2343 Θάλασσαν
1468 2290 1757 2363 διαιρεθεῖ-

166 2392 268 2429 σαν
303 2376 459 2429 ἐνθεν
510 2378 605 2432 καὶ
636 2377 809 2434 ἔνθεν·
856 2382 905 2433 οί
968 2379 1027 2432 δὲ
1056 2380 1343 2450 Αἰγύπτιοι
1389 2384 1438 2435 οἰ
1468 2382 1755 2448 διώκοντες

162 2468 255 2521 τὸν
275 2468 405 2522 λαδν
441 2470 539 2524 σὺν
573 2469 725 2543 αὐτῷ
776 2470 855 2542 τῷ
883 2470 1083 2544 Φαραὼ
1141 2473 1640 2544 κατεποντίσθησαν
1696 2478 1753 2528 ἐν

163 2560 303 2633 αὐτῇ
338 2564 406 2632 τῇ
429 2560 698 2635 θαλάσσῃ.
751 2563 839 2615 Ἐν
865 2564 1040 2634 τούτῳ
1092 2563 1170 2635 τῷ
1221 2562 1411 2636 βιϐλίῳ
1441 2565 1754 2637 περιέχεται

160 2651 260 2706 καὶ
289 2652 411 2717 πῶς
437 2655 487 2706 οἱ
507 2653 675 2724 μάγοι
712 2653 819 2707 τῶν
848 2654 1185 2723 Αἰγυπτίων,
1241 2657 1448 2728 Ἰαννῆς
1472 2660 1567 2712 καὶ
1588 2660 1753 2731 Μαμ-

162 2743 321 2816 ϐρῆς,
361 2745 505 2799 κατὰ
536 2746 637 2817 μὲν
666 2746 766 2818 τὴν
792 2747 967 2819 ἀρχὴν
1019 2748 1355 2820 ἀντέστησαν
1381 2749 1461 2823 τῷ
1517 2752 1749 2824 Μωῦσῇ,

164 2833 395 2907 ὕστερον
422 2836 503 2903 δὲ,
536 2838 939 2909 αἰσχυνθέντες,
992 2840 1369 2914 ἀνεχώρησαν·
1405 2845 1501 2898 καὶ
1539 2846 1573 2918 ἠ
1621 2842 1752 2918 περὶ

161 2925 255 2978 τοῦ
280 2926 480 2997 Πάσχα
507 2928 818 2998 νομοθεσία,
873 2931 908 3001 ἥ
954 2948 1013 2985 τε
1043 2932 1139 2986 τοῦ
1186 2933 1385 3006 πικροῦ
1439 2935 1631 3001 ὕδατος
1670 2939 1750 3003 εἰς

161 3012 335 3080 γλυκῦ
375 3014 672 3088 μεταϐολὴ,
694 3019 789 3071 καὶ
839 3018 941 3090 τῆς
978 3021 1398 3094 ὀρτυγομήτρας
1454 3025 1620 3092 δόσις,
1657 3028 1749 3081 καὶ

1281 317 1615 375 smorsrs
1655 317 2074 377 scalprum:
2116 302 2392 378 suam.

1809 444 1857 496 Α

3352 327 3461 386 298

2369 438 2524 495 Liber
2560 438 2648 504 II.
2680 439 2920 497 Exodus.

1937 549 1991 604 6.
2025 549 2092 607 Et
2121 552 2267 609 hunc
2282 551 2454 608 Exodi
2486 554 2686 610 librum
2707 554 2941 628 Moyses,
2972 556 3040 613 de
3068 572 3178 629 quo
3200 558 3315 628 jam
3342 574 3458 616 me-

1879 642 2161 708 minimus,
2193 646 2548 716 conscripsit.
2583 644 2827 702 Vocatur
2869 657 3053 704 autem
3078 651 3182 705 hoc
3208 652 3452 719 nomine,

1877 733 2003 803 quia
2059 734 2302 791 Exodum
2354 753 2451 793 seu
2486 738 2858 809 egressionem
2901 741 3136 795 ﬁliorum
3181 741 3348 798 Israel
3387 760 3457 801 ex

1875 826 2113 898 ngypto
2161 829 2431 895 continet,
2464 845 2585 901 qua!
2626 833 3003 904 contigitpost
3031 837 3454 905 promissionem

1874 917 2110 974 Abrahae
2144 920 2344 976 factam
2396 937 2542 977 anno
2578 925 3122 995 quadringentesimo
3149 929 3450 996 tricesimo,

1875 1016 2000 1079 post
2023 1011 2322 1066 incolatum
2359 1030 2489 1070 vero
2519 1017 2576 1069 in
2620 1014 2859 1088 Egypto
2880 1018 3264 1075 ducentesimo
3291 1023 3454 1092 quin-

1876 1104 2149 1159 todecimo
2179 1106 2280 1175 (tot
2303 1106 2448 1160 enim
2469 1122 2646 1162 annos
2674 1108 2728 1161 in
2748 1109 2839 1162 illa
2864 1110 3229 1183 exsularunt),
3253 1122 3307 1167 et
3330 1120 3454 1183 post

1873 1194 2064 1251 decem
2117 1198 2306 1269 plagas
2353 1198 2628 1254 Pharaoni
2677 1198 2898 1272 [Egypti
2956 1212 3190 1273 tyranno
3246 1204 3449 1261 illatas.

1872 1286 2005 1343 Nam
2037 1289 2224 1345 decem
2257 1291 2420 1347 hasce
2449 1293 2638 1363 plagas
2661 1304 2855 1348 contra
2890 1295 3044 1349 illum
3078 1295 3345 1352 Dominus
3366 1297 3453 1351 in-

1871 1380 2350 1452 duxit:primam,
2389 1401 2497 1454 qua
2545 1385 2787 1444 ﬂuminis
2841 1388 3043 1443 undam
3105 1391 3339 1443 mutavit
3391 1390 3450 1446 in

1870 1472 2233 1543 sanguinem;
2291 1474 2542 1540 alteram,
2580 1491 2689 1546 qua
2733 1492 2900 1534 ranas
2948 1478 3007 1531 in
3058 1485 3169 1532 tota
3209 1476 3447 1549 Egypto

1869 1564 2162 1632 produxit;
2212 1566 2454 1633 tertiam,
2513 1583 2622 1637 qua
2668 1569 2978 1640 sciniphes;
3030 1580 3302 1641 quartam,
3338 1589 3449 1644 qua

1868 1670 2116 1711 muscam
2149 1659 2440 1726 caninam;
2490 1662 2759 1731 quintam,
2808 1678 2916 1733 qua
2967 1672 3200 1720 mortem
3229 1665 3448 1733 jumen-

1867 1752 2084 1814 torum;
2137 1758 2371 1815 sextam,
2414 1767 2523 1821 qua
2565 1755 2750 1808 ulcera
2808 1757 3085 1826 turgentia
3124 1763 3180 1811 et
3229 1759 3447 1814 urentia

1869 1837 2186 1896 hominibus
2240 1849 2295 1896 et
2339 1842 2606 1911 jumentis
2651 1845 2915 1915 immisit;
2970 1847 3280 1917 septimam,
3336 1863 3447 1920 qua

1865 1933 2186 2003 grandinem
2214 1943 2269 1990 et
2291 1936 2469 2007 ignem
2502 1938 2874 1996 ﬂammantem
2905 1942 3134 2012 dejecit;
3169 1951 3442 2012 octavam,

1864 2040 1974 2095 qua
2027 2026 2336 2095 locustam;
2386 2043 2611 2094 nonam,
2657 2045 2767 2099 qua
2824 2033 3111 2089 triduanas
3172 2036 3446 2091 universae

1864 2118 2103 2191 JEgypto
2127 2121 2401 2186 tenebras,
2429 2121 2650 2193 dempta
2689 2132 2836 2179 terra
2870 2124 3108 2181 ﬁliorum
3136 2127 3328 2194 Israel,
3358 2131 3444 2184 in-

1861 2211 2027 2277 tulit;
2080 2210 2372 2276 decimam,
2407 2228 2517 2282 qua
2553 2229 2745 2269 omnes
2783 2214 3004 2288 JEgypti
3048 2220 3442 2290 primogenitos

1860 2303 1930 2359 ab
1955 2302 2178 2357 homine
2212 2318 2390 2373 usque
2419 2304 2485 2359 ad
2506 2303 2757 2374 jumenta
2791 2309 3018 2364 occidit.
3054 2309 3260 2367 Deinde
3286 2328 3441 2368 com-

1861 2406 2216 2463 memoratur,
2247 2397 2522 2466 quomodo
2571 2413 2852 2469 egressum
2887 2403 3148 2472 populum
3180 2419 3442 2474 persecu-

1860 2496 1949 2546 tus
1979 2491 2051 2545 sit
2095 2489 2328 2555 Pharao,
2368 2500 2422 2545 et
2450 2488 2619 2546 Israel
2666 2492 2885 2562 quidem
2917 2496 3066 2550 sicco
3110 2496 3246 2566 pede
3287 2513 3440 2553 mare

1860 2581 2106 2637 Rubrum
2142 2582 2245 2636 hac
2278 2589 2442 2651 atque
2484 2583 2609 2637 illac
2640 2583 2875 2640 divisum
2912 2587 3229 2641 transierit:
3260 2587 3437 2662 Egy-

1858 2672 1957 2742 ptii
1985 2687 2138 2737 vero,
2173 2673 2433 2743 populum
2463 2672 2738 2738 insectati,
2764 2690 2888 2729 cum
2916 2675 3202 2734 Pharaone
3230 2679 3284 2734 in
3315 2682 3437 2750 ipso

1858 2761 1998 2816 mari
2028 2762 2299 2817 submersi
2331 2764 2462 2818 sint.
2505 2761 2998 2831 Comprehenditur
3040 2773 3094 2822 et
3125 2766 3230 2823 hoc
3271 2768 3436 2835 libro,

1856 2853 2135 2923 quomodo
2171 2852 2375 2910 Jannes
2426 2868 2491 2908 ac
2540 2853 2812 2910 Mambres
2850 2854 3235 2928 JEgyptiorum
3286 2861 3435 2933 magi

1857 2945 2130 3015 principio
2157 2945 2376 3016 quidem
2405 2943 2577 3015 Moysi
2607 2945 2927 3013 restiterim,
2952 2948 3171 3003 tandem
3185 2964 3315 3005 vero
3332 2967 3435 3021 pu-

1857 3036 2058 3093 defacti
2079 3037 2456 3094 discesserint.
2500 3036 2771 3092 Praeterea
2812 3047 3102 3094 enarratur
3143 3040 3432 3100 Paschatis

159 3105 195 3176 η
220 3105 281 3171 ἐξ
301 3106 538 3178 ούρανοῦ
571 3111 806 3181 χορηγία
835 3111 931 3167 τοῦ
980 3113 1178 3185 μάννα,
1219 3116 1315 3171 καὶ
1350 3117 1411 3171 τὸ
1442 3118 1507 3171 ἐκ
1541 3118 1748 3192 πέτρας

1857 3129 1964 3193 lex,
1989 3143 2144 3198 aquae
2166 3127 2442 3183 acerbitas
2462 3129 2519 3183 in
2554 3128 2897 3185 dulcedinem
2929 3137 3162 3197 mutata,
3184 3134 3404 3188 coturni

157 3196 418 3251 ἀναδοθὲν
467 3201 653 3264 αὐτοῖς
698 3199 861 3273 ὕδωρ,
906 3205 973 3276 ἢν
1014 3203 1109 3258 καὶ
1157 3206 1481 3278 ἐπωνόμασε
1508 3210 1749 3282 Μωΰσῆς

158 3290 469 3360 πειρασμὸν
503 3292 600 3344 καὶ
630 3290 953 3366 λοιδόρησιν·
992 3296 1082 3350 ὅτε
1132 3299 1228 3352 καὶ
1296 3300 1471 3371 ἀρχὴν
1515 3299 1671 3373 ἔσχεν
1714 3305 1747 3376 ἡ

156 3378 252 3434 τοῦ
303 3381 579 3436 σαϐϐάτου
624 3387 1040 3459 παρατήρησις,
1089 3389 1124 3460 ἦ
1179 3407 1240 3443 τε
1269 3390 1328 3445 ἐν
1385 3392 1465 3464 τῷ
1511 3392 1627 3466 ὄρει
1670 3393 1751 3466 τῷ

157 3472 289 3526 Σινᾶ
313 3472 502 3528 θεόθεν
536 3477 826 3548 νομοθεσία
848 3481 1115 3553 γενομένη
1145 3483 1232 3537 διὰ
1266 3485 1544 3547 Μωῦσέως
1568 3487 1627 3540 ὲν
1655 3485 1748 3540 δύο

156 3564 323 3631 πλαξὶ
349 3566 606 3633 λιθίναις,
630 3571 728 3624 καί¹
758 3571 791 3641 ἡ
820 3572 919 3642 τῆς
953 3574 1160 3646 σκηνῆς
1179 3576 1273 3629 καὶ
1300 3576 1395 3631 τοῦ
1422 3577 1741 3649 ἐνδύματος,

155 3657 250 3712 τοῦ
281 3676 345 3713 τε
366 3661 670 3733 ἀρχιερέως
689 3663 908 3719 καὶτῶν
941 3666 1131 3739 ἰερέων
1163 3669 1498 3742 κατασκευὴ,
1515 3673 1747 3727 ἐνταῦθα

157 3747 510 3818 σημαίνεται.
576 3753 639 3805 υἱ
689 3753 787 3822 μὲν
843 3750 937 3808 οὗν
995 3757 1361 3828 ἐργασάμενοι
1408 3760 1587 3816 πάντα
1637 3765 1745 3817 εἰσί

156 3836 427 3910 Βεσελεὴλ
452 3841 516 3895 ὲκ
541 3841 715 3913 φυλῆς
751 3844 944 3911 Ἰούδα,
999 3848 1096 3902 καὶ
1152 3850 1292 3904 Λιὰϐ
1333 3852 1445 3924 (78)
1470 3855 1537 3906 ὲκ
1574 3855 1745 3927 φυλῆς

158 3927 285 4019 Δάν.
330 3929 408 3983 Τὸ
433 3930 492 3983 δὲ
535 3932 810 3990 ἀναλωθὲν
841 3937 922 4002 είς
947 3938 1019 3992 τὰ
1062 3938 1203 4012 ἔργα
1237 3943 1356 3996 ἐστὶ
1390 3945 1613 4016 χρυσίου
1644 3949 1743 4019 μὲν

158 4018 396 4075 τάλαντα
433 4022 539 4091 κθθ,
560 4025 654 4078 καὶ
685 4026 859 4082 σίκλοι
916 4027 990 4100 ψ’·
1034 4032 1277 4107 ἀργύρου
1316 4035 1373 4089 δὲ
1425 4038 1663 4093 τάλαντα
1699 4038 1744 4111 ρ’

158 4111 276 4179 (καὶ
300 4113 480 4168 σίκλοι
514 4116 664 4187 ᾳψοέ
717 4118 851 4192 (79)·
888 4123 1091 4193 χαλκοῦ
1129 4125 1370 4181 τάλαντα
1432 4136 1495 4194 o',
1529 4131 1625 4184 καί
1663 4131 1743 4185 σί-

159 4201 273 4294 κλοι
307 4204 421 4275 βφ”.
456 4208 712 4281 Περιέχει
747 4210 805 4265 δὲ
841 4212 998 4267 τοῦτο
1023 4215 1084 4269 τὸ
1112 4215 1316 4286 βιϐλίον
1336 4220 1438 4292 τήν
1474 4238 1533 4274 τε
1567 4223 1745 4294 παρά-

157 4291 316 4348 ϐασιν
348 4296 447 4350 τοῦ
478 4299 635 4364 λαοῦ,
667 4303 757 4356 ὅτε
806 4305 1203 4378 ἐμοσχοποίησε
1253 4310 1404 4363 κάτω
1427 4311 1521 4365 τοῦ
1560 4291 1739 4385 ὅρους,

158 4386 399 4452 καὶπῶς
431 4389 696 4462 ὲτρώθηό
732 4393 977 4467 Ἀμαλὴκ
1016 4399 1083 4467 τῇ
1120 4399 1337 4453 ἐκτάσει
1386 4400 1496 4454 τῶν
1542 4404 1742 4475 χειρῶν

1852 3235 1979 3275 cum
2011 3220 2137 3275 data
2166 3221 2323 3290 copia
2349 3235 2380 3275 e
2413 3220 2574 3285 coelo,
2616 3222 3018 3291 suppeditatum
3051 3237 3272 3291 manna,
3304 3223 3434 3279 data

1850 3310 1988 3382 ipsis
2025 3325 2167 3381 aqua
2196 3325 2227 3366 e
2255 3318 2429 3380 petra,
2463 3324 2628 3381 quam
2655 3320 2711 3365 et
2740 3314 3095 3368 tentationem
3117 3314 3435 3385 etjurgium

1852 3398 2068 3472 Moyses
2116 3400 2430 3470 appellavit.
2482 3401 2640 3455 Tunc
2690 3408 2745 3456 et
2799 3398 3028 3456 Sabbati
3077 3403 3432 3459 observantia

1850 3489 2066 3545 initium
2116 3489 2368 3558 sumpsit,
2410 3496 2467 3544 et
2504 3489 2778 3558 legislatio
2819 3490 3086 3548 divinitus
3145 3493 3202 3547 in
3247 3502 3432 3551 monte

1853 3578 1984 3634 Sina
2016 3597 2114 3651 per
2155 3579 2361 3636 Mosem
2405 3579 2462 3634 in
2504 3580 2720 3637 duabus
2764 3583 2969 3640 tabulis
3014 3584 3246 3656 lapideis
3284 3584 3432 3641 facta

1848 3679 1952 3727 est.
1970 3670 2039 3725 Et
2064 3671 2131 3726 de
2148 3671 2502 3728 tabernaculo
2519 3674 2696 3744 deque
2719 3674 3061 3741 indumento,
3077 3694 3203 3733 cum
3227 3681 3431 3736 summi

1847 3761 2149 3833 pontiﬁcis,
2202 3770 2320 3816 tum
2358 3752 2699 3835 reliquorum
2751 3766 3101 3823 sacerdotum
3138 3772 3424 3840 parandis,

1846 3855 1904 3908 in
1948 3854 2055 3908 hoc
2108 3854 2253 3910 libro
2292 3854 2655 3925 signiﬁcatur.
2697 3853 2904 3912 Rerum
2950 3868 3131 3915 autem
3180 3863 3428 3918 omnium

1848 3945 2086 4002 artiﬁces
2128 3946 2303 4011 fuere,
2343 3946 2586 4004 Beseleel
2632 3964 2702 4004 ex
2743 3949 2894 4005 tribu
2925 3950 3088 4021 Juda,
3117 3962 3172 4009 et
3199 3954 3334 4012 Liab
3358 3973 3428 4013 ex

1844 4038 1990 4094 tribu
2017 4037 2152 4093 Dan.
2193 4037 2434 4109 Operum
2473 4055 2604 4096 vero
2643 4049 2918 4112 sumptus,
2949 4044 3069 4099 auri
3113 4046 3318 4103 talenta
3339 4051 3427 4103 vi-

1847 4128 1983 4199 ginti
2024 4143 2244 4193 novem,
2279 4137 2333 4184 et
2361 4129 2483 4184 sicli
2520 4130 2851 4201 septingenti
2880 4148 2894 4184 :
2930 4135 3141 4204 argenti
3184 4151 3313 4192 vero
3343 4145 3428 4192 ta-

1843 4215 1991 4270 lenta
2015 4216 2331 4287 centum(et
2364 4217 2488 4273 sicli
2520 4217 2844 4290 1775),a2ris
2873 4226 3054 4277 autem
3081 4228 3426 4297 septuaginta

1844 4307 2272 4372 talenta,etsicli
2294 4308 2381 4364 bis
2404 4310 2554 4365 mille
2579 4311 2882 4383 quingenti.
2905 4313 3164 4372 Continet
3185 4317 3427 4375 hicliber

1842 4403 1898 4452 et
1926 4399 2417 4468 transgressionem
2452 4402 2663 4470 populi,
2685 4417 2795 4472 qua
2819 4404 3053 4460 vitulum
3095 4407 3199 4463 sub
3235 4418 3425 4467 monte

156 4477 462 4544 Μωῦσέως,
513 4482 610 4535 καίΙ
664 4482 849 4539 λοιπὸν
875 4486 1081 4558 νόμιμα
1130 4490 1227 4543 καί
1255 4469 1741 4563 δικαιώματα,-κα“ι

1857 4489 2124 4543 conﬂavit.
2177 4488 2246 4543 Ει
2288 4469 2567 4559 quomodo
2615 4469 2840 4550 Anialec
2899 4513 2998 4567 per
3038 4488 3420 4558 'extensionem

164 4571 263 4643 ..ρο
293 4572 477 4625 αὐτῶν
510 4573 611 4638 τὰς
640 4576 697 4628 ὲν
720 4575 883 4642 πλαξὶ
915 4579 1045 4632 δέκα
1075 4580 1295 4646 ἐντολὰς
1340 4585 1562 4650 ταύτας·
1592 4587 1747 4658 πρώ-

154 4678 274 4733 την,
339 4662 485 4733 Ἑγὼ
512 4668 628 4737 εἰμι
684 4668 887 4740 Κύριος
935 4673 963 4724 ὁ
1000 4672 1134 4737 Θεός
1193 4692 1307 4728 σου·
1344 4676 1621 4749 δευτέραν,
1671 4682 1746 4735 Οὐ

155 4755 406 4827 ποιήσεις
447 4757 659 4830 σεαυτῷ
686 4760 921 4828 εἴδωλον,
945 4764 1065 4818 οὐδὲ
1086 4767 1287 4832 παντὸς
1312 4770 1583 4842 ὁμοίωμα·
1627 4773 1747 4845 τρί-

153 4861 273 4917 την,
319 4846 397 4901 Οὑ
426 4846 574 4921 λήψῃ
619 4851 682 4904 τὸ
735 4851 905 4925 ὄνομα
950 4856 1157 4929 Κυρίου
1210 4858 1303 4913 τοῦ
1334 4860 1469 4916 Θεοῦ
1498 4879 1591 4917 σου
1654 4866 1748 4920 ἐπὶ

156 4936 397 5010 ματαίῳ·
442 4943 731 5014 τετάρτην,
774 4947 1059 5020 Μνήσθητι
1096 4950 1196 5023 τὴν
1225 4953 1438 5025 ἡμέραν
1474 4954 1583 5009 τῶν
1612 4956 1743 5009 σαϐ-

153 5028 354 5084 ϐάτων·
394 5032 675 5109 πέμπτην,
712 5037 858 5110 Τίμα
888 5040 980 5094 τὸν
1005 5042 1225 5116 Πατέρα
1252 5063 1345 5100 σου
1387 5047 1482 5101 καὶ
1509 5048 1609 5120 τὴν
1640 5066 1745 5121 μηέ

150 5122 284 5193 τέρα
467 5125 658 5198 ἕκτην,
680 5130 756 5183 Οὐ
786 5133 1088 5200 φονεύσεις·
1144 5135 1400 5210 ἑϐδόμην,
1424 5140 1501 5194 UO
1524 5141 1744 5213 μοιχεύ-

154 5225 284 5274 σεις·
312 5211 531 5305 ὀγδόην,
563 5217 640 5271 Οὐ
663 5217 902 5291 κλέψεις·
929 5223 1147 5296 ἐνάτην,
1190 5223 1265 5280 Οὒ
1289 5211 1741 5305 ψευδομαρτύρή-

152 5319 267 5369 σεις
298 5302 446 5362 κατὰ
486 5308 584 5364 τοῦ
630 5312 859 5384 πλησίον
890 5332 984 5370 σου
1012 5321 1322 5393 μαρτυρίαν
1352 5302 1550 5395 ψευδῆ·
1574 5302 1741 5381 δεκά-

149 5411 270 5487 την,
313 5398 432 5451 Οὐκ
461 5401 824 5475 ἐπιθυμήσεις
850 5406 947 5479 τὴν
968 5414 1203 5478 γυναῖκα
1230 5412 1325 5467 τοῦ
1358 5414 1585 5487 πλησίον
1618 5435 1736 5482 σου,

149 5484 259 5539 οὔθ’
288 5488 391 5542 ὅσα
439 5489 520 5562 τῷ
553 5491 782 5564 πλησίον
847 5512 942 5550 σου
982 5500 1151 5556 ἐστίν.
1193 5501 1257 5556 Ἦ
1307 5504 1366 5559 δὲ
1408 5484 1599 5579 σκηνὴ,
1645 5525 1737 5562 τε-

361 5669 614 5749 Iﬂfgitur,
659 5675 864 5742 Ἐλιάϐ,
900 5677 1073 5739 Exod.
1104 5699 1258 5749 xm,
1287 5683 1341 5739 6.

1843 4595 2106 4634 manuum
2143 4579 2312 4636 Mosis
2336 4597 2634 4652 percussus
2664 4585 2770 4648 sit,
2800 4604 3020 4645 necnon
3046 4590 3305 4662 deinceps
3346 4595 3427 4650 le-

1842 4690 1937 4742 ges
1964 4681 2018 4729 et
2043 4674 2491 4745 justiﬁcationes,
2524 4686 2579 4732 et
2601 4688 2731 4735 ante
2758 4681 2895 4737 istas
2929 4681 3118 4738 decem
3150 4695 3424 4757 praecepta

1842 4764 2045 4819 tabulis
2095 4765 2383 4835 inscripta,
2436 4783 2670 4838 quorum
2725 4771 2963 4842 primum
2992 4782 3116 4829 est:
3154 4774 3269 4846 Ego
3299 4792 3423 4832 sum

1844 4854 2110 4912 Dominus
2153 4856 2300 4916 Deus
2325 4870 2496 4928 tuus;
2527 4860 2786 4929 alterum,
2820 4863 2941 4919 Non
2971 4865 3141 4921 facies
3172 4867 3272 4922 tibi
3315 4867 3422 4938 ipsi

1841 4948 2224 5016 simulacrum,
2262 4967 2441 5022 neque
2486 4953 2654 5009 ullius
2699 4954 2780 5009 rei
2829 4955 3275 5025 similitudinem;
3307 4967 3424 5014 ter-

1839 5037 1998 5105 tium,
2024 5038 2141 5094 Non
2175 5055 2427 5097 assumes
2471 5059 2669 5098 nomen
2719 5043 2935 5099 Domini
2968 5045 3065 5102 Dei
3107 5049 3186 5102 tui
3236 5048 3291 5102 in
3319 5063 3418 5104 va-

1839 5145 1970 5185 num
1995 5147 2011 5198 ;
2044 5140 2323 5201 quartum,
2348 5134 2658 5191 Recordare
2686 5136 2793 5193 diei
2826 5135 3190 5194 Sabbatorum
3214 5181 3230 5208 ,
3251 5140 3417 5210 quin-

1845 5229 1983 5287 tum,
2020 5220 2238 5278 Honora
2274 5232 2484 5295 patrem
2508 5232 2689 5292 tuum,
2717 5237 2773 5282 et
2807 5236 3037 5285 matrem
3072 5240 3256 5298 tuam;
3289 5246 3419 5287 sex-

1843 5321 1978 5378 tum,
2022 5312 2143 5370 Non
2194 5315 2449 5385 occides;
2494 5319 2811 5388 septimum,
2841 5318 2962 5374 Non
3006 5321 3412 5391 maechaberis;

1839 5412 2115 5474 octavum,
2147 5405 2268 5463 Non
2293 5406 2599 5477 furaberis;
2628 5425 2858 5478 nonum,
2886 5409 3006 5468 Non
3032 5412 3185 5469 dices
3217 5423 3414 5471 contra

1836 5497 2147 5565 proximum
2202 5506 2357 5553 tuum
2408 5497 2610 5559 falsum
2655 5502 3059 5571 testimonium;
3115 5504 3412 5572 decimum,

216 5739 331 5811 (79)
363 5739 641 5800 Siclorum
676 5739 889 5820 argenti
929 5766 1201 5808 summam
1231 5739 1300 5811 ex
1324 5753 1482 5824 LXX,
1513 5756 1888 5828 supplevimus
1918 5757 2091 5818 Exod.
2126 5777 2314 5819 xxxix.

473 5841 672 5902 Pu'n.
705 5843 824 5907 Gn.
864 5844 1159 5910 XXVIII.

3086 5857 3166 5920 10
