3890 6200
469 296 574 352 299
1677 299 1740 358 S.
1781 301 2243 360 ATIIANASIUS.
2277 334 2348 349 -ι
2378 303 2609 361 D‘UBIA.
3622 313 3736 369 300

467 414 585 469 Non
623 413 980 485 concupisces
1015 428 1241 470 uxorem
1271 415 1507 485 proximi
1537 417 1643 480 tui,
1676 433 1855 487 neque
1884 418 2004 487 quid

2107 418 2442 487 ,λειωθεϊσα,
2478 420 2681 493 ἐστάθη
2733 420 2812 494 τῷ
2844 422 3080 496 δευτέρῳ
3130 425 3242 479 ἔτει
3291 429 3391 500 τῆς
3420 430 3599 495 ὲξόδου
3631 434 3737 486 αὐ-

466 520 631 575 quam
655 520 865 566 eorum,
893 521 1016 575 qua:
1039 514 1168 560 sunt
1198 506 1435 575 proximi
1465 507 1564 562 tui.
1598 505 2004 563 Tabernaculur

2142 509 2250 563 τῶν
2285 512 2548 584 νεομηνία
2597 512 2694 567 τοῦ
2753 513 2971 586 πρώτου
3030 517 3217 586 μηνός.
3273 521 3384 574 Καὶ
3426 522 3485 576 ὲν
3516 523 3734 591 τούτοις

466 604 647 651 autem
686 611 831 652 anno
864 595 1108 652 secundo
1139 605 1265 667 post
1291 612 1578 665 egressum
1620 597 1869 669 Egypti,
1909 613 2004 653 nec

2144 602 2573 674 συμπεραίνεται
2607 605 2668 659 τὸ
2694 606 2796 678 τῆς
2841 606 3051 672 Ἐξόδου
3071 608 3294 679 βιϐλίον.

465 686 644 740 menia
678 686 837 756 primi
867 688 1069 743 mensis
1098 686 1402 758 perfectum
1453 694 1560 743 est.
1587 686 1654 741 Et
1686 688 1742 743 in
1775 688 1899 745 istis
1921 694 2042 744 ter-

464 776 705 833 minatur
732 775 905 832 Exodi
937 777 1096 832 liber.

842 887 997 957 102
1027 877 1185 941 Liber
1216 884 1334 952 ΙΙΙ,
1364 886 1651 943 ιευὶῑὶειιε.

532 977 580 1031 7.
607 977 777 1033 Ethic
806 977 947 1034 liber
974 978 1251 1035 Leviticus
1274 993 1305 1032 a
1334 978 1518 1049 Moyse
1553 979 1905 1050 conscriptus
1928 987 2034 1037 est.

458 1065 521 1122 Id
570 1075 751 1123 autem
786 1068 1027 1124 nominis
1074 1069 1146 1125 ob
1189 1084 1310 1125 eam
1352 1083 1578 1125 causam
1612 1071 1845 1141 accepit,
1887 1073 2035 1142 quod

458 1160 809 1230 peculiariter
857 1162 1168 1217 universam
1220 1161 1449 1218 Levitici
1497 1164 1747 1219 muneris
1800 1164 2034 1220 formam

457 1254 755 1319 contineat,
787 1262 840 1308 et
864 1269 974 1324 quo
1001 1261 1163 1324 pacto
1194 1270 1262 1310 ex
1291 1255 1436 1309 tribu
1466 1253 1599 1309 Levi
1630 1256 1687 1309 in
1718 1257 2032 1314 sacerdotes

454 1346 615 1400 electi
643 1346 755 1402 sint
775 1354 829 1401 et
857 1348 1005 1402 uncti
1029 1347 1212 1404 Aaron
1246 1355 1300 1403 et
1325 1347 1420 1402 ﬁlii
1452 1347 1600 1403 illius
1633 1366 1646 1403 :
1677 1355 1731 1404 et
1763 1351 2030 1422 quidquid

453 1438 790 1494 discriminis
835 1446 920 1511 est
958 1439 1104 1494 inter
1154 1439 1430 1495 sacrilicia
1475 1447 1530 1495 et
1583 1440 1938 1497 oblationes:
1975 1448 2029 1497 et

2564 889 2810 944 Βιϐλίων
2846 897 2917 960 γ’,
2964 895 3296 951 Λευῖτικόν.

2208 975 2260 1029 7.
2293 976 2404 1031 Kal
2434 977 2592 1032 τοῦτο
2629 981 2690 1032 τὸ
2710 982 2992 1038 Λευῖτικὺν
3021 985 3224 1055 βιϐλίον
3264 988 3413 1060 παρά
3450 989 3545 1044 τοῦ
3578 1009 3719 1064 προ-

2135 1066 2463 1139 δηλωθέντος
2522 1071 2802 1137 Μωῦσέως
2849 1077 3184 1148 συνεγράφη.
3253 1078 3606 1151 Ὀνομάζεται
3657 1084 3718 1137 δὲ

2132 1159 2325 1226 οὕτως,
2359 1161 2543 1233 ἐπειδὴ
2595 1165 2689 1217 καὶ
2738 1165 2921 1230 ἱδικῶς
2951 1169 3130 1222 πᾶσαν
3156 1169 3259 1239 τῆς
3290 1172 3577 1245 Λευῖτικῆς
3605 1173 3720 1229 λει-

2130 1253 2387 1326 τουργίας
2418 1254 2517 1326 τὴν
2550 1255 2883 1311 διατύπωσιν
2944 1261 3208 1332 περιέχει,
3242 1263 3334 1316 καὶ
3376 1266 3494 1330 πῶς
3522 1270 3551 1321 6
3590 1268 3719 1323 Ἀα-

2132 1345 2241 1417 ρὼν
2271 1348 2366 1400 καὶ
2391 1349 2438 1400 οἱ
2474 1349 2581 1400 υἱοὶ
2596 1348 2759 1402 αὑτοῦ
2786 1350 3100 1420 ἐκλέγονται
3136 1355 3200 1406 ἐκ
3230 1354 3331 1424 τῆς
3362 1356 3533 1427 φυλῆς
3554 1359 3710 1427 Λευῒ,

2131 1434 2223 1488 ml.
2261 1436 2505 1507 χρίονται
2536 1438 2617 1501 εἱς
2652 1438 2850 1509 ἱερέας·
2886 1440 3067 1494 πᾶσάν
3089 1459 3148 1494 τε
3168 1443 3267 1513 τὴν
3303 1443 3561 1518 διαφοράν
3602 1450 3715 1505 τῶν

450 1533 631 1604 qualis
654 1534 1030 1590 situniversus
1059 1534 1401 1590 tabernaculi
1433 1535 1615 1590 cultus
1648 1535 1864 1605 :qualis
1898 1536 2004 1589 iten

2127 1526 2327 1580 θυσιῶν
2362 1528 2456 1581 καὶ
2486 1528 2595 1580 τῶν
2627 1530 2970 1602 προσφορῶν,
3001 1535 3094 1585 καὶ
3125 1534 3224 1604 τὴν
3248 1536 3505 1608 ποιότητα
3530 1541 3714 1613 πάσης

449 1626 521 1679 sit
552 1623 780 1680 Levitici
804 1640 871 1680 ac
899 1625 1257 1682 sacerdotalis
1282 1627 1532 1681 muneris
1564 1626 1792 1681 functio.
1823 1624 2004 1680 Βείιιὼ

2124 1618 2224 1686 τῆς
2252 1619 2310 1673 ἐν
2344 1620 2422 1691 τῷ
2477 1621 2608 1692 ἱερῷ
2669 1620 2945 1694 λατρείας,
2991 1625 3087 1678 καὶ⁸
3141 1625 3243 1696 τῆς
3273 1627 3563 1701 Λευῖτικῆς
3612 1634 3712 1687 καὶ

448 1724 504 1771 et
523 1716 789 1788 cujusque
814 1716 1073 1772 sacriﬁcii
1096 1718 1267 1788 legem
1286 1717 1531 1787 exponit,
1559 1733 1684 1773 cum
1708 1719 1850 1787 ejus,
1875 1733 2004 1788 quot

2127 1706 2405 1777 ἱερατικῆς
2463 1708 2825 1781 λειτουργίας·
2876 1712 2971 1765 καὶ
3013 1712 3105 1765 τὸν
3164 1714 3328 1786 νόμον
3367 1717 3423 1770 δὲ
3470 1719 3710 1794 ἑκάστης

450 1779 645 1864 salutis
686 1779 888 1879 éralia,
943 1815 1060 1862 tum
1116 1779 1238 1877 ejus
1284 1779 1430 1878 quod
1485 1824 1584 1879 pro
1629 1779 1851 1873 delicto,
1891 1779 2004 1863 -siv¢

2125 1797 2333 1863 θυσίας·
2366 1802 2494 1872 περί
2523 1818 2582 1854 τε
2644 1779 2739 1856 τοῦ
2776 1804 3043 1877 σωτηρίου
3078 1807 3173 1860 καὶ
3205 1779 3300 1862 τόὖ
3331 1811 3580 1866 ἑκουσίου

447 1908 773 1970 spontaneo,
826 1900 943 1955 sive
993 1898 1368 1954 involuntario
1419 1899 1491 1955 sit
1538 1897 1919 1965 offerendum;
1968 1913 2004 1953 ei

2123 1888 2378 1944 ἀκουσίου
2433 1892 2921 1964 πλημμελήματος,
2972 1896 3068 1949 καὶ
3128 1897 3249 1962 πῶς
3310 1899 3539 1957 ἕκαστον
3595 1906 3707 1961 τῶν

447 1991 720 2061 quomodo
776 1990 960 2045 oblata
1019 1990 1234 2061 singula
1286 1990 1578 2046 dividenda
1630 1990 1740 2046 sint
1786 1997 1840 2044 et
1877 1988 2004 2044 refe-

2122 1982 2578 2053 προσφερομένων
2606 1984 2929 2056 διαιρεῖσθαι
2952 1988 3047 2040 καὶ
3075 1988 3444 2061 ἀναφέρεσθαι
3474 1995 3703 2065 ὀφείλει,

446 2080 638 2137 renda.
669 2082 974 2135 Enarratur
1008 2079 1136 2135 item
1172 2081 1226 2134 in
1269 2080 1374 2136 hoc
1408 2081 1571 2146 libro,
1604 2095 1725 2151 quae
1772 2081 1844 2135 sit
1872 2096 2004 2136 sum-

2120 2073 2418 2143 ἐξηγεῖται.
2451 2074 2765 2146 Διείληπται
2790 2077 2846 2130 δὲ
2878 2080 2934 2131 ὲν
2966 2079 3140 2153 τούτῳ
3172 2083 3250 2154 τῷ
3286 2084 3476 2159 βιϐλίῳ
3524 2091 3619 2145 καὶ
3667 2095 3704 2166 ἡ

446 2173 521 2227 mi
561 2173 865 2229 sacerdotis
909 2179 964 2229 et
1007 2173 1244 2227 aliorum
1298 2172 1646 2229 sacerdotum
1680 2175 1905 2229 unetio:
1949 2174 2004 2229 ad

2119 2166 2299 2237 χρίσις
2324 2168 2624 2240 ἀρχιερέως
2678 2169 2770 2222 καὶ
2807 2169 2915 2223 τῶν
2947 2172 3160 2242 ἱερέων,
3212 2177 3307 2230 καὶ
3346 2180 3377 2249 ἡ
3428 2181 3704 2256 διάκρισις

443 2264 583 2332 lucc,
628 2264 898 2335 judicium
938 2272 992 2320 et
1026 2264 1267 2334 cognitio
1298 2264 1625 2319 indiciorum
1661 2266 1862 2336 quibus
1905 2273 2004 2320 tam

2117 2261 2212 2313 καὶ
2252 2259 2454 2328 γνῶσις
2517 2261 2758 2331 σημείων
2806 2263 2933 2334 περὶ
2983 2263 3189 2338 λέπρας
3252 2270 3554 2343 ἀνθρώπων
3603 2278 3704 2332 καὶ

442 2356 746 2420 hominum,
778 2370 945 2426 quam
992 2356 1463 2421 indumentorum,
1506 2357 1885 2428 parietumque
1917 2358 2016 2413 do-

440 2463 655 2503 morum
699 2448 851 2518 lepra
878 2447 1210 2518 deprehendi
1246 2449 1425 2518 possit
1453 2466 1467 2502 :
1497 2459 1551 2503 et
1583 2449 1678 2518 qui
1723 2451 1795 2504 sit
1823 2465 2013 2504 eorum

437 2538 834 2611 expiandorum
865 2540 1027 2595 ritus.
1052 2538 1326 2594 Praeterea
1354 2554 1476 2610 quae
1508 2540 1581 2595 sit
1606 2540 1694 2595 lex
1729 2555 1792 2595 ac
1818 2541 2015 2597 distin-

439 2631 550 2685 ctio
577 2631 984 2686 connubiorum
1025 2631 1419 2702 legitimorum,
1453 2639 1508 2685 et
1541 2647 1663 2702 qua:
1701 2648 1803 2702 pro
1838 2632 2016 2704 illegi-

437 2722 589 2778 timis
634 2723 744 2779 sint
768 2722 1041 2778 habenda.
1074 2723 1205 2779 ltem
1238 2723 1368 2793 quid
1397 2724 1736 2779 discriminis
1776 2726 1848 2780 sit
1871 2726 2014 2781 inter

435 2815 641 2871 munda
673 2823 728 2872 et
758 2814 1037 2869 immunda
1071 2816 1394 2882 animantia,
1428 2818 1682 2872 volucres
1737 2831 1802 2872 ac
1837 2816 2013 2887 pisces

436 2922 686 2977 quoque;
734 2907 1014 2971 videlicet,
1059 2908 1387 2978 quibusnam
1417 2924 1486 2963 ex
1531 2908 1655 2964 istis
1686 2908 1833 2963 vesci
1878 2924 2008 2978 pos-

398 2998 549 3054 .sint
595 2996 830 3063 chrwi,
880 2997 1208 3068 quibusnam
1259 3013 1388 3053 vero
1436 2998 1710 3054 abstinere
1751 2998 2005 3053 debeant.

2120 2351 2370 2422 ἱματίων,
2398 2351 2491 2405 καὶ
2521 2351 2713 2423 τοίχων
2768 2354 2966 2420 οἰκίας,
2999 2357 3093 2410 καὶ
3125 2360 3153 2411 ὁ
3186 2360 3348 2432 νόμος
3376 2365 3405 2416 ὀ
3436 2367 3566 2437 περὶ
3600 2368 3701 2423 τοῦ

2116 2442 2456 2516 καθαρισμοῦ
2484 2444 2684 2497 αὐτῶν·
2711 2445 2874 2516 νόμος
2901 2464 2960 2500 τε
2983 2448 3076 2501 καὶ
3113 2449 3362 2526 διαστολὴ
3391 2460 3519 2529 περὶ
3540 2460 3701 2531 νομί-

2117 2554 2234 2608 μων
2284 2538 2497 2607 γάμων,
2532 2537 2622 2590 καὶ
2669 2537 2813 2601 τίνες
2859 2538 2967 2591 εἱσὶ
3014 2542 3339 2615 παράνομοι·
3399 2550 3493 2603 καὶ
3533 2551 3701 2606 πάλιν

2111 2626 2364 2698 διαστολὴ
2408 2626 2663 2699 καθαρῶν
2715 2630 2811 2683 καὶ
2854 2626 3176 2700 ἀκαθάρτων
3228 2636 3440 2706 κτηνῶν
3491 2655 3551 2692 τε
3598 2641 3703 2696 καὶ

2112 2718 2375 2772 πετεινῶν
2408 2719 2503 2772 καὶ
2538 2719 2755 2790 ἰχθύων·
2789 2721 3030 2792 δηλονότι
3064 2726 3225 2779 τίνων
3266 2728 3364 2798 μὲν
3396 2730 3462 2783 ὲκ
3488 2731 3700 2787 τούτων

2110 2809 2477 2879 ἀπογεύεσθαι
2516 2808 2744 2881 ὤφειλον
2799 2815 2847 2866 οἱ
2889 2814 3147 2887 Ἑϐραῖοι,
3202 2818 3366 2872 τίνων
3407 2820 3465 2873 δὲ
3494 2821 3702 2894 ἀπέχε-

2112 2898 2255 2953 σθαι.
2291 2900 2401 2953 Καὶ
2424 2900 2521 2973 τὴν
2548 2901 2647 2972 μὲν
2668 2901 2880 2973 ἡμέραν
2917 2905 3025 2959 τῶν
3045 2905 3361 2977 σαλπίγγων
3389 2913 3454 2981 τῇ
3490 2929 3700 2984 νεομη-

2108 2992 2199 3063 νίᾳ
2224 2990 2318 3045 τοῦ
2347 2992 2574 3062 ἑϐδόμου
2612 2994 2781 3066 μηνὸς
2805 2996 2972 3066 δηλοῖ,
2998 2997 3059 3051 τὸ
3098 2998 3156 3052 δὲ
3183 3001 3552 3073 παράγγελμα
3585 3004 3697 3074 τῆς

433 3087 687 3143 Declarat
725 3090 890 3144 etiam
921 3091 1015 3160 qui
1050 3092 1122 3146 sit
1168 3090 1429 3144 tubarum
1470 3091 1587 3145 dies
1619 3090 1674 3144 in
1717 3091 2004 3146 neomenia

2112 3083 2355 3155 μεγάλης
2385 3084 2640 3154 νηστείας
2696 3086 2845 3157 αὐτῷ
2887 3087 3099 3160 ἑϐδόμῳ
3156 3091 3307 3161 μηνὶ,
3363 3091 3562 3164 δεκάτῃ
3589 3093 3694 3147 τοῦ

418 3176 641 3237 ἠιρηείε
670 3182 910 3252 septimi,
936 3193 990 3239 et
1012 3183 1196 3254 magni
1220 3183 1417 3252 jejunii
1464 3190 1818 3253 praeceptum,
1860 3183 2007 3254 quod

433 3272 624 3328 eodem
654 3273 891 3343 septimo
936 3290 1145 3338 mense,
1189 3275 1404 3329 decima
1452 3275 1658 3330 mensis
1690 3275 2008 3330 custodien-

430 3364 560 3420 dum
595 3364 689 3430 sit,
731 3381 896 3436 quam
936 3366 1237 3422 Sabbatum
1282 3366 1658 3433 sabbatorum,
1699 3373 1753 3422 et
1799 3367 2005 3437 peccati

429 3458 812 3513 remissionem
861 3469 1041 3516 vocat.
1088 3459 1308 3516 Festum
1367 3470 1548 3514 autem
1599 3458 2005 3516 Tabernaculo-

429 3562 553 3601 rum
606 3547 820 3603 decima
861 3549 1054 3619 quinta
1092 3549 1297 3604 mensis
1332 3549 1578 3619 ejusdem
1617 3550 2003 3606 celebrandum

428 3638 605 3709 ponit.
638 3638 764 3710 Agit
794 3655 1011 3712 quoque
1049 3640 1117 3697 de
1159 3641 1341 3706 festis,
1377 3650 1432 3696 et
1464 3656 1588 3712 quae
1624 3642 1680 3696 in
1730 3641 1839 3697 illis
1871 3642 2005 3699 oﬂ‘e-

429 3730 600 3786 renda
640 3731 751 3787 sint
792 3732 1038 3803 praecipit
1069 3748 1083 3784 :
1119 3731 1248 3788 item
1297 3733 1365 3789 de
1415 3732 1866 3790 manumittendis
1896 3734 2003 3790 He-

427 3822 612 3886 braeis,
644 3823 736 3892 qui
768 3823 827 3877 in
874 3826 1193 3879 servitutem
1222 3823 1519 3879 venundati
1565 3823 1697 3888 sint,
1728 3823 1797 3879 de
1846 3823 2002 3879 debi-

428 3921 608 3969 torum
642 3915 987 3979 remissione,
1014 3915 1081 3971 de
1110 3916 1293 3986 quiete
1342 3916 1575 3987 septimo
1609 3930 1830 3986 quoque
1855 3931 2001 3972 anno

428 4014 588 4060 terrae
620 4005 989 4061 concedenda.
1030 4005 1114 4059 Ad
1146 4006 1265 4062 hac
1288 4005 1355 4062 de
1389 4006 1677 4077 legalibus,
1709 4006 1999 4077 praeceptis

427 4110 494 4150 ac
537 4097 864 4152 testimoniis
891 4095 1169 4161 admonet,
1205 4098 1477 4169 simulque
1504 4098 1852 4154 servantibus
1906 4098 1998 4152 illa

308 4258 311 4259 ν
424 4187 569 4243 bona
597 4189 905 4259 pollicetur,
936 4189 1468 4259 transgredientibus
1495 4205 1625 4246 vero
1673 4189 1997 4261 gravissima

424 4279 569 4332 mala
604 4280 865 4334 minatur.
901 4279 1046 4333 Inter
1072 4280 1226 4335 cibos
1252 4296 1381 4336 vero
1412 4281 1650 4338 mundos
1683 4290 1736 4336 et
1761 4282 1997 4335 immun-

424 4370 527 4424 dos
558 4370 625 4423 ad
651 4371 798 4424 hunc
834 4370 1057 4425 modum
1089 4369 1351 4426 discernit
1379 4387 1394 4424 :
1420 4371 1480 4427 In
1515 4372 1782 4442 iumentis
1807 4372 1995 4427 istius-

2115 3173 2285 3244 μηνὸς
2312 3176 2506 3230 ποιῶσι
2567 3176 2791 3249 ταύτην,
2855 3179 3047 3250 ἥντινα
3091 3180 3338 3236 σάϐϐατα
3380 3184 3695 3253 σαϐϐάτων,

2112 3265 2207 3317 καὶ
2229 3264 2424 3336 ἄφεσιν
2466 3268 2736 3339 ἁμαρτίας
2787 3269 2959 3323 καλεῖ.
3001 3271 3249 3343 Περιέχει
3289 3273 3386 3344 τὴν
3412 3274 3467 3328 δὲ
3491 3277 3699 3348 Σκηνο-

2111 3359 2318 3431 πηγίαν
2348 3362 2413 3432 τῇ
2449 3367 2509 3414 ιε’
2532 3360 2626 3415 τοῦ
2659 3362 2822 3416 αὐτοῦ
2859 3364 3046 3435 μηνός.
3090 3366 3203 3419 Καὶ
3229 3368 3357 3440 περὶ
3375 3369 3577 3441 ἑορτῶν
3603 3369 3694 3439 δὲ,

2110 3448 2207 3502 καὶ
2235 3449 2345 3505 τῶν
2385 3453 2444 3504 ὲν
2501 3452 2691 3517 αὐταῖς
2746 3454 3064 3524 ὀφειλόντων
3116 3459 3541 3530 προσφέρεσθαι·
3589 3464 3697 3517 καὶ

2109 3542 2237 3614 περὶ
2260 3541 2509 3611 ἀφέσεως
2565 3544 2675 3598 τῶν
2722 3548 3186 3620 πιπρασκομένων
3248 3549 3543 3621 Ἐϐραίων,
3591 3554 3698 3608 καὶ

2108 3631 2287 3704 χρεῶν
2320 3633 2625 3706 ἀποκοπῆς,
2681 3637 2777 3690 καὶ
2836 3638 3196 3704 ἀναπαύσεως
3229 3640 3328 3711 τῆς
3364 3642 3488 3712 γῆς,
3544 3645 3694 3699 κατὰ

2108 3725 2247 3779 ἑπτὰ
2276 3725 2371 3799 ἔτη
2393 3727 2712 3800 ὀφειλούσης
2736 3730 3012 3798 γενέσθαι,
3069 3732 3367 3803 ἐξηγεῖται.
3419 3733 3589 3788 Πάλιν
3624 3753 3693 3790 τε

2107 3817 2413 3890 ὑπόμνησιν
2438 3819 2682 3892 νομίμων
2742 3823 2834 3875 καὶ
2867 3824 3322 3896 προσταγμάτων,
3350 3825 3446 3879 καὶ
3472 3842 3695 3898 μαρτυ-

2109 3909 2260 3980 ρίων·
2297 3911 2541 3982 περιέχει
2568 3913 2664 3967 καὶ
2694 3914 3025 3983 ἐπαγγελίας
3057 3917 3155 3986 μὲν
3176 3920 3289 3981 τοῖς
3318 3918 3696 3986 φυλάσσουσιν

2104 4004 2267 4071 αὐτὰ,
2298 4005 2525 4070 ἀπειλὰς
2550 4006 2608 4060 δὲ
2633 4010 2746 4072 τοῖς
2778 4008 3172 4080 παραϐαίνουσι
3206 4010 3533 4078 δεινοτάτας.
3569 4012 3696 4086 Τὴν

2102 4096 2161 4148 δὲ
2179 4095 2463 4168 διαστολὴν
2493 4098 2586 4151 καὶ
2629 4098 2727 4170 τὴν
2754 4100 2932 4156 αἰτίαν
2969 4100 3078 4156 τῶν
3125 4101 3380 4173 καθαρῶν
3408 4104 3502 4156 καὶ
3538 4104 3695 4160 ἀκα-

2105 4186 2317 4258 θάρτων
2341 4188 2645 4260 βρωμάτων
2672 4189 2815 4244 οὓτω
2873 4195 3125 4247 ποιεῖται.
3159 4193 3239 4246 Τά
3300 4194 3398 4264 μὲν
3429 4195 3536 4248 ἀπὸ
3569 4198 3696 4253 τῶν

2101 4277 2316 4347 κτηνῶν
2341 4278 2557 4350 καθαρά
2584 4281 2807 4334 τοιαῦτα
2834 4281 3003 4350 λέγει·
3038 4281 3105 4335 τά
3137 4282 3455 4355 διχηλοῦντα
3485 4285 3691 4359 ὁπλὴν,

2102 4370 2197 4422 καὶ
2229 4372 2585 4443 ὀνυχιστῆρας
2609 4373 2922 4444 ὀνυχίζοντα
2943 4373 3035 4427 δύο
3066 4374 3267 4445 χηλῶν,
3287 4378 3380 4429 καὶ
3407 4377 3692 4446 ἀνάγοντα

423 4462 571 4516 modi
597 4462 799 4516 munda
823 4477 947 4517 esse
974 4462 1107 4518 dicit
1134 4481 1148 4518 :
1177 4463 1451 4528 videlicet,
1483 4478 1603 4534 quae
1624 4464 1883 4533 ungulam
1912 4464 1997 4519 di-

2107 4465 2468 4535 μηρυκισμόν·
2517 4460 2606 4518 οἷά
2646 4467 2782 4528 ἐστι,
2831 4467 3049 4536 μόσχος,
3096 4467 3388 4538 πρόϐατον,
3412 4469 3520 4535 αἲξ,
3554 4468 3692 4524 ἕλα-

427 4550 703 4615 vidunt,et
724 4552 968 4623 geminas
990 4553 1222 4623 ungulas
1246 4552 1542 4617 habent,ac
1565 4554 1993 4609 ruminationem

420 4653 699 4714 regerunt.
730 4644 920 4710 Qualia
952 4652 1103 4711 sunt,
1140 4646 1366 4710 vitulus,
1388 4646 1531 4714 ovis,
1559 4661 1745 4716 capra,
1770 4662 1990 4712 cervus,

419 4750 639 4805 caprea,
679 4750 834 4807 oryx,
870 4735 1128 4799 bubalus,
1162 4750 1459 4807 pygargus,
1486 4736 1859 4807 tragelaphus,
1892 4751 1989 4791 ca-

418 4826 824 4897 meIOpardalis,
868 4834 923 4882 et
945 4842 1066 4896 quae
1098 4836 1227 4882 sunt
1250 4827 1587 4896 bujusmodi.
1621 4825 1677 4880 Si
1704 4843 1834 4883 vero
1863 4828 1991 4882 cui-

396 4919 561 4991 ,piam
586 4919 780 4974 horum
804 4918 1014 4990 aliquid
1047 4917 1304 4982 defuerit,
1332 4933 1431 4988 pro
1467 4916 1750 4973 immundo
1780 4918 1990 4973 haben-

406 5012 546 5066 dum
590 5011 863 5078 decernit;
894 5018 952 5064 ut
1000 5016 1130 5067 sunt
1169 5010 1435 5074 camelus,
1486 5010 1641 5078 lepus
1682 5016 1737 5062 et
1769 5008 1991 5063 cbaaro-

404 5103 663 5174 gryllius.
701 5101 839 5157 Nam
879 5103 981 5159 ista
1041 5101 1343 5156 animantia
1393 5100 1679 5154 ruminant
1734 5099 1983 5170 quidem,

412 5195 675 5265 ungulam
699 5209 830 5250 vero
861 5210 971 5250 non
1002 5193 1218 5247 ﬁndunt
1250 5211 1263 5247 :
1292 5199 1346 5248 et
1366 5208 1461 5248 sus
1493 5207 1714 5262 quoque
1741 5212 1754 5247 :
1781 5193 1984 5247 etenim

411 5293 467 5339 et
500 5287 615 5357 ipse
646 5286 868 5356 quidem
898 5287 1132 5357 ungulas
1172 5285 1337 5341 habet
1384 5299 1450 5340 ac
1479 5284 1698 5350 dividit,
1748 5285 1845 5340 sed
1875 5299 1985 5338 non

402 5379 673 5432 ruminat.
721 5377 797 5433 De
844 5378 1162 5433 volatilibus
1197 5392 1346 5441 vero,
1379 5392 1500 5447 qua:
1527 5377 1613 5431 edi
1658 5384 1823 5440 vetat,
1868 5375 1987 5430 haec

410 5468 835 5539 sunt:Aquila,
870 5470 1129 5542 gryphes,
1174 5470 1459 5545 baliaetus,
1488 5469 1696 5532 vultur,
1742 5468 1984 5536 milvius,

410 5567 463 5613 et
490 5559 576 5613 his
608 5560 806 5613 similia
838 5582 853 5615 :
885 5576 1083 5618 corvus
1113 5561 1241 5615 item
1272 5572 1326 5617 et
1350 5576 1472 5631 qua:
1500 5561 1577 5614 illi
1606 5559 1826 5623 similia,
1858 5574 1986 5630 pas-

409 5667 519 5713 ser,
544 5660 597 5706 ct
629 5662 847 5715 noctua,
891 5663 945 5708 et
968 5655 1139 5717 larus,
1168 5663 1221 5708 et
1247 5654 1468 5716 similia,
1496 5652 1755 5722 accipiter
1780 5659 1833 5707 et
1862 5668 1982 5721 quae

400 5741 488 5797 illi
522 5742 827 5797 consimilia
861 5754 1010 5811 sunt,
1043 5745 1385 5815 nycticorax,
1440 5750 1749 5798 calaractes
1778 5780 1794 5809 ,
1847 5741 1974 5807 ibis,

2097 4569 2215 4621 φος,
2240 4553 2458 4624 δορκάς,
2487 4555 2636 4627 ὅρυξ,
2672 4555 2950 4626 βούϐαλος,
2979 4555 3282 4628 πύγαργος,
3308 4560 3685 4629 τραγέλαφος,

2094 4643 2595 4715 καμηλοπάρδαλις,
2655 4647 2747 4699 καὶ
2799 4646 2868 4700 τά
2919 4647 3163 4702 τοιαῦτα.
3208 4649 3272 4701 El
3314 4649 3372 4702 δέ
3413 4668 3516 4704 τινι
3566 4652 3689 4707 ἀπὸ

2091 4734 2294 4787 τούτων
2318 4752 2372 4787 τι
2401 4735 2663 4801 ἐνέλειπε,
2720 4736 2877 4790 τοῦτο
2926 4737 3235 4809 ἀκάθαρτον
3277 4735 3367 4812 ἦν·
3406 4738 3496 4795 οἷά
3542 4744 3682 4809 εἱσι,

2091 4822 2356 4893 κάμηλος,
2403 4825 2498 4877 καὶ
2553 4824 2847 4892 δασύπους,
2896 4826 2992 4879 καὶ
3054 4828 3472 4899 χοιρογρύλλιος·
3499 4830 3685 4886 ταῦτα

2089 4914 2200 4985 γὰρ
2231 4916 2540 4985 μηρυκᾶται
2598 4915 2717 4985 μὲν,
2752 4917 2812 4969 ού
2851 4916 3057 4988 διχηλεῖ
3081 4917 3139 4970 δὲ
3178 4918 3369 4991 ὁπλήν·
3404 4921 3497 4973 καὶ
3526 4922 3554 4973 ὁ
3582 4916 3680 4985 ὗς.

2089 5006 2183 5058 καὶ
2220 5000 2372 5070 οὗτος
2400 5004 2510 5077 γὰρ
2534 5005 2742 5076 διχηλεῖ
2767 5006 2866 5076 μὲν
2914 5008 3008 5060 καὶ
3032 5007 3289 5077 ὀνυχίζει,
3324 5009 3385 5061 ού
3420 5011 3684 5080 μηρυκᾶ-

2085 5114 2177 5150 ται
2201 5097 2276 5149 δέ.
2317 5096 2448 5149 Ἀπὸ
2473 5097 2530 5150 δὲ
2554 5097 2663 5151 τῶν
2708 5098 2969 5152 πετεινῶν
3018 5099 3202 5165 πάλιν,
3249 5099 3285 5153 ἃ
3334 5099 3543 5153 κελεύει
3593 5102 3680 5174 μὴ

2087 5189 2310 5252 ἐσθίειν,
2342 5187 2516 5243 ταῦτά
2547 5190 2713 5243 ἐστιν·
2745 5190 2970 5257 ὀάετὺς,
3004 5193 3032 5244 ὁ
3057 5191 3223 5261 γρὺψ,
3250 5191 3279 5243 ό
3325 5190 3592 5254 ἀλιάετος,
3645 5195 3680 5245 ὀ

2086 5282 2218 5352 γὺψ,
2249 5284 2278 5335 ὁ
2309 5283 2527 5346 ἰκτῖνος,
2564 5283 2661 5336 καὶ
2685 5282 2754 5336 τὰ
2777 5282 2990 5348 τούτοις
3022 5285 3204 5354 ὅμοια·
3231 5286 3326 5338 καὶ
3350 5283 3539 5356 κόραξ,
3570 5287 3677 5339 καὶ

2084 5374 2153 5427 τὰ
2173 5376 2332 5445 ὃμοια
2361 5373 2554 5445 τούτῳ,
2586 5375 2682 5427 καὶ
2710 5376 2987 5446 στρουθὸς,
3023 5377 3117 5430 καὶ
3147 5375 3335 5445 γλαὺξ,
3361 5376 3456 5429 καὶ
3481 5376 3687 5446 λάρος,-

2084 5465 2266 5519 καὶτὰ
2285 5466 2446 5536 ὅμοια
2476 5466 2677 5530 αὐτοῖς,
2729 5468 2825 5520 καὶ
2861 5446 3030 5539 ἱέραξ,
3062 5467 3155 5521 καὶ
3192 5467 3260 5520 τά
3287 5466 3463 5538 τούτῳ
3485 5467 3674 5537 ὃμοια,

2084 5554 2179 5607 καὶ
2209 5554 2554 5626 νυκτικόραξ,
2585 5557 2680 5610 καὶ
2708 5559 3077 5630 καταράκτης,
3114 5559 3208 5612 καὶ
3248 5557 3373 5623 ίϐις,
3408 5560 3501 5612 καὶ
3535 5576 3681 5631 πορ-

2085 5648 2311 5719 φυρίων,
2338 5648 2433 5702 καὶ
2472 5648 2728 5714 πελεκάν,
2784 5652 2877 5704 καὶ
2908 5650 3123 5714 κύκνος,
3153 5652 3247 5705 καὶ
3275 5652 3515 5724 ἐρωδιὸς,
3569 5654 3675 5706 καὶ

2082 5737 2393 5811 χαραδριδς,
2451 5739 2546 5792 ml.
2607 5740 2676 5794 τά
2727 5743 2888 5813 ὅμοια
2937 5742 3157 5807 αὐτοῖς,
3218 5743 3310 5796 καὶ
3360 5742 3520 5814 ἔποψ,
3569 5759 3683 5825 καὶ
