3886 6182
140 307 245 363 301

1221 311 1563 368 SYNOPSIS
1601 309 2017 367 SCRIPTURAS
2061 307 2333 364 SACRJE.

3301 300 3407 355 502

139 425 418 497 νυκτερίς.
444 427 569 482 Τῶν
594 426 651 481 δὲ
679 428 927 500 ἑρπετῶν
961 431 1221 487 πτεινῶν
1245 433 1532 505 ἀκάθαρτα
1552 433 1724 486 πάντα

1841 431 2150 502 porphyrio,
2196 430 2504 500 pelieanus,
2549 442 2798 499 cygnus,
2844 426 3065 482 erodins
3109 430 3166 480 et
3208 421 3408 478 chara-

138 517 290 585 λέγει
316 512 555 572 εἶναιτὰ
613 522 952 591 πορευόμενα
1017 523 1109 576 ἐπὶ
1145 525 1445 596 τεσσάρων,
1500 525 1730 595 ἐχόντων

137 608 193 660 δὲ
223 607 500 681 ἀνώτερον
531 610 640 664 τῶν
703 613 879 665 ποδῶν
923 613 1110 685 σκέλη,
1157 614 1299 668 ὥστε
1329 617 1386 669 ὲν
1415 617 1594 679 αὐτοῖς
1625 633 1731 686 πη-

136 699 235 768 δᾷν
264 700 372 752 ἀπὸ
395 702 498 770 τῆς
523 702 650 771 γῆς·
678 697 768 756 οἷά
793 705 958 770 ἐστιν,
997 706 1026 757 6
1050 704 1300 777 βροῦχος,
1330 709 1359 760 6
1388 708 1650 775 ἀτταγᾶς,
1693 709 1726 778 ἡ

135 789 322 859 ἀκρὶς,
351 791 446 842 καὶ
472 790 540 843 τά
564 792 728 860 ὃμοια
748 794 951 857 αὐτοῖς,
996 795 1092 846 καὶ
1122 797 1150 848 6
1172 794 1486 865 όφιομάχος.
1549 794 1628 848 Τὰ
1673 793 1731 846 δὲ

135 880 194 932 ἐν
214 884 329 943 τοῖς
354 881 569 947 ὕδασιν,
599 883 657 936 ἔν
686 901 747 937 τε
776 889 843 956 τῇ
879 885 1144 960 θαλάσσῃ,
1172 888 1267 940 καὶ⁹
1298 891 1412 952 τοῖς
1442 890 1726 957 ποταμοῖς,

133 976 231 1028 καὶ
274 978 607 1048 χειμάρροις
658 978 994 1050 γεννώμενα,
1027 980 1202 1033 ταῦτα
1261 980 1411 1050 λέγει
1451 976 1591 1036 εἶναι
1629 999 1731 1035 κα-

133 1065 297 1136 Θαρὰ,
327 1067 430 1118 ὅσα
461 1067 572 1136 ἔχει
605 1068 875 1139 πτερύγια
919 1069 1016 1123 καὶ
1068 1069 1312 1134 λεπίδαςο
1339 1066 1430 1124 οἷά
1471 1073 1587 1124 ἐστι
1615 1071 1730 1143 τρί-

131 1157 260 1223 γλα,
289 1157 518 1226 σκάρος,
567 1158 826 1225 γλαῦκος,
884 1163 1168 1230 κεστρεὺς,
1205 1161 1300 1215 καὶ
1349 1161 1416 1215 τὰ
1439 1163 1602 1234 ὃμοια
1635 1163 1730 1216 αὐ-

131 1250 264 1309 τοῖς.
292 1248 375 1299 Τά
405 1247 466 1300 δὲ
497 1247 795 1319 λειπόμενα
825 1249 884 1304 ἓν
906 1267 958 1302 τι
999 1251 1203 1305 τούτων
1235 1252 1541 1326 ἀκάθαρτα,
1575 1253 1609 1325 ἢ
1636 1254 1730 1308 καλ⁸

133 1337 194 1389 οὐ
235 1337 477 1407 βρωτέα·
535 1332 626 1390 οἷά
685 1341 802 1392 ἐστι
850 1341 1081 1412 σηπίαι·
1142 1343 1414 1413 πτερύγια
1474 1344 1572 1414 μὲν
1621 1343 1730 1414 γὰρ

133 1429 267 1498 ἔχει,
302 1430 404 1481 οὐκ
438 1429 552 1500 ἔχει
575 1431 633 1483 δὲ
657 1431 902 1495 λεπίδας.
939 1433 1059 1486 Τῶν
1090 1434 1149 1487 δὲ
1181 1434 1446 1506 ἑρπετῶν,
1479 1435 1588 1488 τῶν
1636 1435 1730 1487 ἐπὶ

130 1519 229 1586 τῆς
251 1519 380 1588 γῆς,
432 1520 724 1591 ἀκάθαρτα
789 1522 964 1575 ταῦτα
1017 1523 1188 1592 λέγει⁶
1229 1525 1328 1596 τὴν
1383 1525 1574 1596 γαλῆν,
1636 1525 1730 1580 τὸν

131 1612 389 1678 χερσαῖον
414 1611 776 1680 κροκόδειλον,
803 1613 899 1684 τὴν
929 1615 1196 1685 μυγαλῆν,
1221 1615 1313 1668 τὸν
1339 1615 1725 1686 χαμαιλέοντα,

131 1701 220 1752 τὸν
248 1701 674 1773 ἁσκαλαὸὡτην,
704 1703 803 1775 τὴν
837 1705 1065 1776 σαῦραν,
1122 1707 1217 1760 καὶ
1261 1707 1354 1759 τὸν
1410 1707 1724 1761 ἁσπάλακα.

1834 523 2012 585 drius,
2043 537 2167 576 cum
2199 521 2472 576 similibus
2504 521 2647 583 aliis,
2674 525 2728 574 et
2757 533 2958 588 upupa,
2991 525 3045 572 et
3076 515 3402 584 vespertilio.

1833 611 1911 666 De
1965 611 2280 666 volatilibus
2337 609 2674 678 repentibus,
2717 624 2839 678 quae
2891 615 3127 676 quatuor
3175 605 3408 674 pedibus

1833 703 2177 770 gradiuntur,
2207 704 2391 756 omnia
2407 703 2539 756 dicit
2562 717 2684 757 esse
2714 700 3015 754 immunda.
3045 698 3250 752 Contra
3275 709 3405 750 vero

1833 809 1953 863 quae
1980 809 2143 849 crura
2187 794 2419 864 pedibus
2466 793 2790 847 sublimiora
2839 792 3065 854 habent,
3097 789 3174 842 ita
3209 795 3270 842 ut
3296 786 3406 842 illis

1832 885 1890 939 in
1923 896 2066 940 terra
2115 885 2333 951 saliant,
2375 885 2557 954 qualia
2596 890 2724 939 sunt
2764 882 3032 945 bruchus,
3089 887 3292 948 attago,
3319 879 3406 932 lo-

1832 988 2010 1042 custa,
2047 985 2101 1032 et
2128 992 2249 1046 quae
2279 977 2366 1032 his
2401 975 2786 1052 sunt_similia,
2813 985 2867 1030 et
2896 975 3122 1028 lacerta.
3161 971 3220 1025 ln
3248 971 3406 1040 aquis

1829 1085 1962 1124 vero
2008 1069 2125 1124 sive
2164 1069 2220 1122 in
2254 1068 2416 1133 mari,
2455 1070 2570 1124 sive
2607 1068 2926 1122 ﬂuminibus
2961 1081 3025 1120 ac
3068 1064 3407 1119 torrentibus

1829 1170 1982 1226 nata,
2029 1163 2236 1218 munda
2292 1162 2576 1228 habenda,
2627 1174 2970 1230 quaecunque
3032 1157 3297 1229 pennulas
3353 1163 3409 1210 et

1831 1267 2090 1322 squamas
2123 1252 2368 1318 habent;
2415 1261 2472 1306 ut
2505 1251 2686 1322 trigla,
2725 1265 2952 1316 scarus,
3005 1249 3268 1318 glaucus,
3315 1261 3408 1300 ce-

1831 1353 2014 1400 streus
2056 1351 2111 1398 et
2145 1360 2266 1414 quae
2317 1344 2403 1398 his
2455 1350 2584 1397 sunt
2632 1342 2851 1396 similia.
2879 1341 3010 1407 Quae
3050 1355 3181 1396 vero
3223 1340 3407 1409 aliquo

1830 1436 2025 1490 horum
2059 1443 2271 1500 carent,
2302 1435 2585 1489 immunda
2621 1449 2719 1488 nec
2746 1433 2956 1488 edenda
2986 1447 3108 1488 esse
3133 1431 3289 1496 dicit,
3319 1429 3409 1482 vi-

1829 1526 2030 1581 delicet
2075 1527 2278 1596 sepias,
2311 1540 2432 1595 qua)
2462 1524 2730 1594 pennulas
2745 1523 2964 1593 quidem
2990 1522 3214 1585 habent,
3236 1536 3405 1590 squa-
3504 1541 3512 1550 -

1828 1630 1948 1671 mas
1980 1631 2109 1670 vero
2143 1630 2254 1669 non
2301 1615 2523 1669 habent.
2574 1614 2652 1668 Ex
2686 1615 2794 1669 illis
2838 1621 3042 1676 autem,
3081 1627 3204 1682 qua:
3238 1625 3408 1681 supra

1829 1711 2030 1760 terram
2063 1712 2284 1775 repunt,
2319 1705 2601 1759 immunda
2635 1721 2758 1760 esse
2786 1703 2974 1758 deﬁnit
3020 1703 3147 1766 ista,
3198 1709 3409 1756 muste-

131 1790 270 1860 Περὶ
295 1791 408 1861 γὰρ
435 1790 531 1843 τοῦ
560 1792 738 1860 ὄφεως
787 1794 878 1846 καὶ
905 1795 1013 1848 τῶν
1053 1797 1253 1866 ὁμοίων
1275 1795 1443 1867 αὐτῷ,
1475 1798 1724 1869 περιττὸν

1841 1798 1958 1861 lam,
1978 1798 2312 1852 crocodilum
2330 1805 2666 1859 terrestrem,
2699 1797 2967 1867 mygalen,
2993 1795 3404 1856 chamaeleonta,

129 1878 196 1952 ἦν
226 1883 628 1952 μνημονεῦσαν
665 1885 913 1960 φανερῶς
945 1887 1043 1956 μὲν
1091 1887 1198 1960 γάρ
1229 1905 1363 1960 φησι
1395 1889 1570 1942 ταῦτα
1596 1892 1731 1942 πᾶσι

133 1972 400 2041 βδελυκτὰ
428 1970 571 2028 εἶναι
591 1976 685 2029 καὶ
720 1977 941 2048 μισητά·
963 1979 1113 2049 ὅμως
1127 1979 1185 2033 δὲ
1206 1981 1299 2034 καὶ
1324 1981 1730 2052 ἐμνημόνευσεν

129 2066 188 2115 ἐν
212 2064 292 2136 τῷ
322 2067 739 2139 Δευτερονομίῳ
764 2069 893 2140 περὶ
922 2070 1121 2125 αὐτῶν.

569 2364 834 2434 ,Βιϐλίων
879 2362 950 2433 δ’,
1013 2365 1284 2436 Ἀριθμοί.

197 2477 251 2532 8.
289 2477 400 2531 Τοῦ
434 2478 610 2532 αὐτοῦ
638 2479 918 2544 Μωῢσέως
943 2481 1038 2534 καὶ
1062 2480 1221 2533 τοῦτο
1251 2478 1313 2532 τὸ
1360 2478 1581 2550 βιϐλίον,
1616 2478 1727 2534 τῶν

137 2565 418 2638 Ἀριθμῶν
459 2569 779 2638 συγγραφή.
815 2569 1044 2637 Λέγεται
1103 2570 1161 2623 δὲ
1194 2569 1336 2622 οὕτω
1368 2569 1430 2622 τὸ
1481 2569 1684 2640 βιϐλίον
1706 2610 1723 2637 ,

127 2659 317 2728 ἐπειδὴ
348 2660 449 2712 καὶ
483 2658 581 2711 τοῦ
612 2658 742 2712 λαοῦ
777 2661 979 2724 παντὸς
1008 2661 1036 2713 6
1064 2661 1296 2732 ἀριθμὸς
1317 2661 1375 2714 ὲν
1405 2660 1583 2732 τούτῳ
1628 2677 1726 2714 πε-
1760 2691 1767 2699 -

129 2753 396 2824 ριέχεται,
436 2752 681 2824 ἑκάστης
711 2753 881 2823 φυλῆς
910 2752 1018 2807 τῶν
1062 2753 1334 2806 Ἰουδαίων
1371 2755 1436 2807 ὲκ
1479 2754 1722 2826 προστά-

126 2861 336 2913 γματος
369 2844 590 2915 Κυρίου
627 2844 1007 2917 μετρηθεὼης.
1065 2845 1376 2918 Ἦριθμήθη
1419 2846 1476 2899 δὲ
1516 2849 1544 2900 6
1595 2846 1723 2912 λαὸς

127 2937 235 2989 ἀπὸ
263 2935 627 3000 εἰκοσαετοῢς
659 2937 752 2988 καὶ
790 2936 999 3000 ἐπάνω,
1030 2938 1138 2999 πᾶς
1169 2937 1309 3009 ἀνὴρ
1353 2937 1726 3009 ἐκπορευόμε-

127 3047 214 3092 νος
242 3029 325 3091 εἰς
360 3028 641 3098 πόλεμον,
673 3028 842 3099 χωρὶς
888 3027 988 3098 τῆς
1029 3027 1200 3098 φυλῆς
1231 3027 1326 3081 τοῦ
1359 3027 1492 3082 Λευτ
1515 3045 1530 3060 ο
1577 3027 1718 3100 αὕτη

128 3120 236 3191 γὰρ
285 3120 412 3173 καθ’
450 3119 653 3190 ἑαυτὴν
685 3120 958 3191 ἐμετρήθη
983 3136 996 3148 ·
1025 3119 1143 3217 ’καὶ
1186 3118 1384 3191 εὑρέθη
1429 3120 1458 3173 6
1489 3119 1722 3192 ἀριθμὸς
1751 3156 1796 3217 c

127 3210 235 3261 τῶν
273 3208 670 3280 μετρηθέντων
703 3209 937 3280 χιλιάδες
988 3206 1268 3273 ἑξακόσιαι
1302 3209 1397 3262 καὶ
1435 3211 1726 3282 τρισχίλιοι

128 3301 488 3352 ⁸τεειιντεικόιεςιοι
529 3300 889 3370 πεντήκοντα.
938 3300 1000 3353 Οἱ
1053 3299 1110 3352 δὲ
1174 3299 1536 3372 ἀριθμοῦντες
1582 3299 1724 3374 ἦσαν

125 3391 218 3444 τὸν
255 3394 356 3462 μὲν
385 3392 522 3444 λαὸν
556 3391 802 3462 Μωῡσῆς
845 3391 941 3445 καὶ
986 3391 1230 3463 Ἀαρὼν,
1272 3393 1368 3446 καὶ
1403 3392 1501 3448 σὺν
1541 3394 1726 3459 αὐτοῖς

126 3483 375 3555 ἑκάστης
410 3483 592 3553 φυλῆς
633 3483 837 3555 ἄρχων.
892 3484 1002 3537 Καὶ
1042 3484 1158 3537 ἐστι
1207 3483 1319 3538 τῶν
1351 3501 1412 3538 τε
1446 3485 1724 3557 ἀρχόντων

122 3575 193 3628 τά
225 3576 482 3648 ὀνόματα.
504 3575 701 3641 ταῦτα,
734 3576 826 3629 καὶ
864 3577 895 3629 6
925 3575 1156 3648 ἀριθμὸς
1184 3571 1368 3642 οὗτοςο

199 3752 314 3823 (80)
354 3752 483 3806 Τῶν
522 3749 752 3821 Ῥουϐὶμ
786 3749 1053 3822 Ἕλισοὺρ,
1088 3750 1202 3813 υἱὸς
1232 3750 1487 3821 Σεδιούρο
1517 3752 1611 3806 καὶ
1656 3747 1724 3825 ἦν
1765 3816 1771 3824 ι

124 3845 154 3896 6
185 3843 430 3914 ἀριθμὸς
468 3840 648 3894 αὐτῶν
674 3841 908 3911 χιλιάδες
937 3847 1030 3912 μς’
1057 3842 1152 3894 καὶ
1181 3843 1546 3897 πεντακόσιοι.

196 3933 324 3986 Τῶν
360 3931 596 4003 Συμεὼν
626 3931 932 4002 Σαλαμιὴλ,
978 3931 1091 3996 υἱὸς
1130 3931 1454 4003 Σουρισαδαί
1476 3948 1492 3964 ⁸
1521 3933 1615 3987 καὶ
1655 3928 1724 4005 ἦν

127 4027 158 4077 ὁ
188 4023 427 4096 ἀριθμὸς
463 4022 644 4076 αὐτῶν
675 4021 918 4092 χιλιάδες
954 4021 1024 4074 οδ⁷
1060 4021 1156 4075 καὶ
1185 4022 1456 4087 ἑξακόσιοι
1484 4023 1615 4096 (81).

197 4226 322 4279 Τῶν
367 4224 603 4294 Ἶσάχαρ
647 4222 982 4294 Ναθαναὴλ,
1029 4225 1143 4290 υἱὸς
1185 4225 1412 4298 Σωγάρ’
1459 4229 1554 4282 καὶ
1595 4223 1663 4298 ῆν
1693 4230 1724 4283 6

132 4319 365 4391 ἀριθμδς
404 4317 595 4370 αὐτῶν
625 4314 858 4386 χιλιάδες
887 4316 957 4369 νδ⁷
992 4318 1086 4370 καὶ
1116 4319 1480 4390 τετρακόσιοι.

1832 1889 2156 1953 stellionem,
2186 1903 2406 1945 sauram
2426 1895 2481 1943 et
2510 1888 2734 1958 talpam.
2755 1887 2826 1940 De
2844 1885 3216 1956 serpentibus,
3248 1882 3404 1953 103

1829 1990 1884 2038 et
1912 1998 2033 2053 quae
2083 1983 2192 2039 illis
2229 1983 2428 2039 similia
2466 1989 2618 2042 sunt.
2652 1981 2987 2050 superﬂuum
3031 1985 3178 2034 esset
3211 1977 3405 2030 admo-

1827 2086 2001 2125 nere:
2046 2071 2149 2126 hoc
2196 2087 2437 2142 namque
2491 2071 2849 2125 animantium
2892 2083 3062 2140 genus
3112 2065 3406 2121 manifesto

1827 2163 1962 2217 dicit
1987 2164 2241 2218 omnibus
2270 2162 2697 2218 abominandum
2719 2176 2782 2215 ac
2811 2159 3220 2216 detestandum.
3251 2157 3408 2211 Atta-

1827 2267 1952 2307 men
1973 2252 2030 2307 in
2054 2252 2476 2309 Deuteronomio
2509 2255 2729 2322 illorum
2761 2253 3028 2308 meminit.

2323 2363 2482 2420 Liber
2515 2363 2622 2430 IV,
2659 2365 2901 2427 Numeri.

1895 2477 1951 2534 8.
2000 2476 2259 2548 Ejusdem
2293 2477 2496 2552 Moysis
2542 2489 2699 2537 estet
2729 2482 2820 2537 hic
2846 2481 3211 2538 Numerorum
3239 2483 3400 2540 liber.

1826 2564 2070 2622 Vocatur
2093 2577 2272 2624 autem
2306 2571 2408 2624 hoc
2433 2571 2674 2637 nomine,
2699 2572 2826 2642 quia
2847 2574 2901 2626 in
2929 2587 2994 2628 eo
3018 2573 3184 2628 totius
3217 2575 3404 2644 papuli

1826 2673 2092 2714 numerus
2123 2662 2466 2726 continetur,
2499 2663 2772 2718 recensita
2800 2663 2961 2732 jussu
3001 2663 3219 2718 Domini
3265 2680 3406 2719 una-

1826 2767 2043 2821 quaque
2078 2749 2391 2808 Judazorum
2412 2755 2580 2809 tribu.
2608 2755 2939 2812 Numeratus
2960 2764 3044 2812 est
3069 2772 3199 2811 vero
3231 2773 3406 2828 popu-

1826 2842 1915 2896 lus
1953 2858 1985 2896 a
2022 2843 2289 2899 vicesimo
2341 2860 2486 2900 anno
2518 2853 2572 2900 et
2611 2861 2800 2916 supra,
2837 2849 3070 2918 quisque
3119 2850 3205 2902 vir
3259 2849 3404 2903 bello

1825 2942 2009 3004 aptus,
2042 2935 2251 3005 absque
2295 2937 2445 2990 tribu
2491 2935 2620 2990 Levi
2657 2952 2672 2992 :
2719 2937 2810 2990 illa
2841 2952 3078 3007 namque
3109 2938 3403 3007 separatim

1823 3034 2113 3080 numerata
2143 3033 2247 3081 est.
2275 3024 2342 3078 Et
2378 3027 2633 3083 inventus
2659 3035 2745 3083 est
2787 3043 3051 3084 numerus
3069 3042 3282 3090 eorum,
3307 3028 3404 3097 qui

1825 3117 2084 3170 recensiti
2134 3123 2282 3182 sunt,
2324 3124 2584 3171 sexcenta
2643 3118 2749 3171 tria
2805 3119 2976 3172 millia
3009 3119 3317 3188 quingenti,
3350 3125 3406 3173 et

1829 3205 2245 3275 quinquaginta.
2302 3202 2405 3272 Qui
2444 3222 2574 3262 vero
2622 3208 2885 3278 populum
2950 3216 3400 3274 numeraverunt,

1827 3305 1985 3352 erant
2014 3297 2228 3369 Moyses
2255 3306 2311 3353 et
2340 3299 2546 3363 Aaron,
2570 3308 2625 3355 et
2647 3301 2909 3355 cum.illis
2928 3300 3195 3370 cujusque
3226 3301 3402 3357 tribus

1827 3388 2103 3457 princeps.
2156 3388 2224 3442 Et
2269 3389 2493 3442 nomina
2523 3390 2833 3460 principum
2871 3401 3031 3446 erant
3062 3392 3193 3458 ista,
3230 3401 3283 3448 et
3312 3391 3404 3448 hic

1827 3478 2044 3532 illorum
2075 3495 2361 3536 numerus.

1898 3567 1975 3624 De
2005 3569 2132 3624 ﬁliis
2151 3568 2314 3634 Juda,
2351 3567 2603 3626 Naasson
2628 3570 2772 3626 ﬁlius
2795 3570 3103 3628 Aminadab
3129 3591 3143 3641 ;
3167 3588 3402 3644 quorum

1827 3677 2090 3717 numerus
2119 3670 2234 3716 erat
2259 3665 2608 3735 septuaginta
2639 3673 2880 3734 quatuor
2916 3666 3090 3720 millia
3127 3669 3396 3724 sexcenti.

1897 3752 1974 3808 De
1996 3753 2121 3809 ﬁliis
2153 3753 2366 3820 Buhen,
2397 3755 2580 3811 Elisur
2599 3757 2745 3811 ﬁlius
2774 3756 3002 3824 Sediur;
3035 3774 3268 3828 quorum
3298 3776 3401 3815 nu-

1826 3859 2012 3898 merus
2044 3851 2160 3897 erat
2191 3844 2555 3915 quadraginta
2591 3860 2687 3900 sex
2716 3846 2884 3898 millia
2917 3846 3220 3917 quingenti.

1895 3935 1971 3990 De
1995 3935 2122 3990 ﬁliis
2147 3935 2370 3990 Simeon
2395 3972 2412 4004 ,
2448 3934 2706 3992 Salamiel
2734 3937 2881 3992 ﬁlius
2909 3937 3227 4008 Surisadai;
3257 3957 3399 4011 quo-

1824 4043 1946 4081 rum
1985 4043 2250 4082 numerus
2279 4035 2397 4083 erat
2429 4031 2776 4100 septuaginta
2815 4039 3053 4101 quatuor
3077 4034 3248 4089 millia
3274 4050 3401 4092 sex-

1825 4119 1991 4172 cenli.

1896 4208 1971 4264 De
2002 4208 2127 4264 ﬁliis
2156 4208 2724 4276 lsachar,Nathanael
2752 4212 2896 4270 ﬁlius
2928 4213 3134 4285 Sogar;
3163 4229 3398 4285 quorum

1823 4318 2086 4358 numerus
2107 4313 2225 4358 erat
2258 4305 2659 4377 quinquaginta
2677 4314 2914 4376 quatuor
2941 4308 3114 4363 millia
3133 4307 3399 4364 auadrin-

1821 4396 1990 4464 genti.

200 4494 324 4547 Τῶν
381 4491 679 4548 Ζαϐουλῶν
737 4489 919 4546 Ἐλιὰϐ
947 4533 962 4555 ,
1009 4492 1123 4556 υἱὸς
1165 4491 1352 4548 Χελών
1377 4511 1391 4524 ·
1437 4483 1532 4548 καὶ
1572 4489 1642 4566 ἦν
1693 4496 1722 4550 6

1899 4487 1975 4543 De
2015 4488 2141 4544 ﬁliis
2195 4487 2462 4553 Zabulon,
2495 4487 2653 4543 Eliab
2697 4489 2845 4544 ﬁlius
2896 4488 3134 4559 Chelon;
3166 4506 3402 4561 quorum

129 4586 366 4657 ἀριθμὸς
401 4582 593 4639 αὐτῶν
620 4582 856 4653 χιλιάδες
887 4583 962 4647 νζ⁷
987 4585 1354 4656 τετρακόσιοι.

195 4763 323 4817 Τῶν
351 4760 498 4814 υἱῶν
551 4759 772 4832 Ἰωσὴφ,
820 4759 930 4814 τῶν
980 4762 1240 4834 Ἐφραὶμ,
1295 4763 1565 4837 Ἐλισαμά
1608 4767 1726 4830 υίὸς

139 4856 364 4926 Ἐμωὺδ
388 4874 402 4885 ·
444 4855 540 4906 καὶ
571 4848 640 4923 ἦν
678 4855 707 4906 6
744 4853 974 4925 ἀριθμὸς
1004 4854 1183 4909 αὐτῶν
1225 4855 1461 4925 χιλιάδες
1504 4857 1593 4928 μ6’
1633 4861 1728 4911 καὶ

127 4948 493 5001 πεντακόσιοι
522 4944 658 5014 (82).

197 5039 325 5093 Τῶν
348 5035 635 5106 Μανασσῆ
661 5035 964 5107 Γαμαλιὴλ,
994 5036 1110 5103 υἱὸς
1137 5037 1454 5111 Φαδασσούρ
1477 5055 1492 5070 ο
1527 5040 1622 5094 καὶ
1655 5035 1723 5112 ἦν

129 5133 160 5184 6
203 5130 451 5203 ἀριθμὸς
477 5125 663 5181 αὐτῶν
705 5127 941 5199 χιλιάδες
985 5128 1065 5182 λϐν
1111 5130 1206 5185 καὶ
1253 5133 1556 5203 τριακόσιοι
1590 5131 1720 5203 (85).

199 5306 326 5360 Τῶν
358 5302 634 5375 Βενιαμὶν
677 5302 882 5368 metu,
913 5303 1030 5369 υίὸς
1065 5303 1272 5358 Γεδεών
1317 5303 1463 5376 (84)·
1513 5306 1609 5362 καὶ
1656 5301 1724 5379 ἦν

137 5403 162 5454 6
186 5399 428 5472 ἀριθμὸς
458 5395 643 5450 αὐτῶν
672 5395 907 5466 χιλιάδες
940 5392 1014 5449 λε’
1042 5397 1138 5449 καὶ
1161 5396 1525 5468 τετρακόσιοι.

209 5646 319 5715 (80)
354 5644 462 5700 Hic
500 5642 683 5715 tribus
713 5641 851 5698 Juda
877 5640 1169 5715 omittitur,
1202 5646 1520 5712 ceteraeque
1541 5640 1720 5698 tribus

149 5710 246 5772 alio
273 5710 549 5771 habentur
581 5713 774 5768 ordine
803 5712 1084 5784 quamlib.
1125 5710 1287 5765 Num.
1317 5710 1445 5784 cap.
1469 5725 1530 5770 ιι.

209 5786 317 5858 (81)
349 5785 518 5840 Num.
557 5799 596 5841 ιι
655 5785 743 5851 13,
770 5781 945 5840 59500
973 5781 1264 5838 habentur.

1830 4596 2090 4636 numerus
2119 4587 2238 4636 erat
2266 4581 2661 4652 quinquaginta
2691 4588 2900 4651 septem
2933 4581 3105 4636 millia
3133 4584 3400 4654 quadrin-

1861 4674 1992 4728 enti.

1825 4688 2130 4819 εθὲῒιὶῖἱῑε
2161 4761 2388 4834 Ioseph,
2412 4762 2480 4818 de
2513 4763 2659 4818 tribu
2689 4763 2974 4836 Ephraim,
2993 4763 3232 4820 Elisama
3253 4765 3399 4822 ﬁlius

1826 4853 2059 4921 Emiud;
2109 4869 2344 4924 quorum
2398 4867 2664 4908 numerus
2709 4862 2830 4909 erat
2875 4855 3238 4926 quadraginta
3286 4856 3398 4911 duo

1825 4943 1995 4997 millia
2019 4943 2322 5014 quingenti.

1895 5035 1974 5090 De
2023 5035 2151 5092 ﬁliis
2202 5034 2474 5099 Manasse,
2516 5032 2778 5089 Gamaliel
2835 5034 2983 5090 ﬁlius
3039 5033 3395 5103 Phadassur;

1826 5143 2060 5198 quorum
2115 5141 2381 5183 numerus
2434 5132 2554 5181 erat
2604 5125 2832 5198 triginta
2887 5125 2998 5180 duo
3057 5126 3228 5180 millia
3281 5134 3398 5183 tre-

1827 5221 1992 5274 centi.

1896 5311 1974 5366 De
2005 5310 2133 5368 ﬁliis
2163 5310 2472 5381 Benjamin,
2503 5309 2678 5365 Abida
2703 5308 2851 5364 ﬁlius
2874 5308 3127 5376 Gedeon;
3165 5323 3398 5378 quorum

1825 5418 2093 5461 numerus
2119 5411 2238 5458 erat
2265 5402 2492 5474 triginta
2523 5401 2769 5472 quinque
2791 5401 2964 5456 millia
2986 5399 3393 5471 quadringenti.

1921 5634 2005 5705 82)
2037 5632 2201 5705 Num.
2235 5648 2294 5697 ιι,
2331 5631 2423 5705 jﬁ,
2453 5630 2683 5705 Alegitur,
2725 5628 3150 5701 τεσσαράκοντα,
3196 5626 3395 5686 solum.

1921 5701 2008 5765 83)
2039 5704 2198 5759 Num.
2232 5718 2293 5765 ll,
2325 5701 2417 5765 2|,
2447 5701 2728 5754 διακόσιοι.
3349 5706 3359 5712 ’

1902 5711 1989 5776 (83
2039 5711 2198 5759 Num.
2232 5718 2293 5765 ll,
2325 5711 2417 5765 2|,
2447 5711 2728 5754 διακόσιοι.

1902 5711 2008 5849 (Si;
2038 5773 2199 5830 Num.
2231 5789 2292 5843 ιι,
2322 5771 2413 5842 22,
2462 5771 2674 5827 ’Δὸιδὰν
2700 5770 2812 5836 υἱὸς
2841 5767 3092 5827 Γαδεωνι.
