3890 6200
469 282 574 340 503

1664 282 1722 338 S.
1755 281 2219 338 ATHANASIUS.
2255 311 2325 322 —
2358 279 2585 338 DUBIA.

3620 268 3732 322 504

541 399 618 457 De
663 400 791 456 ﬁliis
847 400 984 468 Dan,
1027 402 1291 458 Achiezer
1338 403 1483 458 ﬁlius
1533 402 1845 470 Amisadai;
1904 418 2041 473 quo-

2215 400 2335 454 Τῶν
2383 398 2490 454 Δάν
2551 395 2839 468 Ἀχιέζερ,
2890 395 3003 459 υίὸς
3066 393 3388 464 Ἀμισαδαῖ⁶
3442 391 3538 445 xui
3584 384 3653 458 ἦν
3699 389 3734 439 6

470 509 592 549 rum
622 509 885 550 numerus
936 500 1054 549 erat
1108 495 1392 564 sexaginta
1442 494 1550 548 duo
1611 494 1785 548 millia
1837 495 2047 566 septin—

471 587 641 658 genti.

543 678 620 733 De
663 676 790 733 ﬁliis
828 675 997 740 Aser,
1046 675 1281 747 Phageel
1338 674 1484 732 ﬁlius
1536 674 1777 738 Echran,
1809 689 2044 744 quorum

472 784 736 824 numerus
778 775 897 823 erat
947 767 1314 839 quadraginta
1354 776 1409 823 et
1443 782 1614 822 unum
1666 767 1838 820 millia
1886 765 2048 836 quin-

471 861 640 933 genti.

550 949 625 1006 De
653 951 779 1006 ﬁliis
810 949 948 1012 Gad,
977 949 1198 1020 Elisaph
1234 949 1378 1005 ﬁlius
1399 948 1611 1019 Raguel
1637 967 1651 1014 ;
1684 963 1919 1018 quorum
1944 963 2049 1001 nu-

470 1059 657 1099 merus
713 1050 834 1098 erat
866 1043 1232 1115 quadraginta
1283 1044 1530 1114 quinque
1583 1041 1758 1096 millia
1805 1039 2050 1096 sexcenti

471 1135 890 1208 quinquaginta.

540 1226 618 1283 De.
655 1227 782 1282 ﬁliis
811 1225 1158 1296 Neplithalim
1182 1265 1198 1289 ,
1236 1223 1438 1279 Achire
1471 1223 1618 1279 ﬁlius
1664 1222 1871 1288 IEnan,
1905 1237 2047 1293 quo-

470 1334 594 1374 rum
645 1333 908 1374 numerus
951 1327 1070 1374 erat
1113 1317 1512 1390 quinquaginta
1551 1317 1656 1372 tria
1704 1317 1876 1372 millia
1907 1332 2047 1388 qua-

471 1410 769 1482 dringenti.

538 1501 648 1558 lste
693 1509 776 1557 est
808 1500 997 1571 populi
1039 1499 1223 1555 bellici
1283 1515 1572 1567 numerus,
1625 1507 1888 1556 sexcenta
1941 1498 2050 1554 tria

468 1594 641 1649 millia
664 1592 946 1665 quingenti
978 1591 1398 1662 quinquaginta.

539 1684 770 1741 Tribum
823 1700 952 1740 vero
979 1683 1129 1746 Levi,
1165 1682 1380 1754 Moyses
1408 1690 1462 1739 et
1495 1684 1679 1738 Aaron
1701 1725 1716 1749 ,
1745 1682 2048 1738 secundum

468 1793 661 1834 vocem
703 1777 958 1844 Domini,
1017 1775 1318 1855 separatim
1374 1775 1478 1830 soli
1538 1784 1976 1838 recensueruut,
2018 1789 2046 1827 a

467 1888 655 1928 mense
683 1887 794 1926 uno
823 1880 876 1926 et
906 1886 1071 1942 supra
1091 1910 1108 1937 ,
1145 1878 1377 1942 eratque
1409 1884 1675 1924 numerus
1710 1868 1934 1922 illorum
1968 1868 2052 1921 vi-

469 1965 606 2035 ginti
635 1963 746 2018 duo
768 1963 964 2017 millia.

542 2055 816 2112 Masculus
855 2062 1037 2110 autem
1081 2053 1476 2126 primogenitos
1529 2051 1774 2107 omnium
1819 2051 2051 2106 aliarum

469 2147 711 2202 tribuum
737 2146 887 2202 solus
930 2144 1145 2218 Moyses
1185 2145 1520 2210 numeravit,
1552 2151 1606 2198 et
1645 2143 1902 2198 inventus
1931 2143 2053 2195 illo-

468 2253 594 2293 rum
625 2251 886 2294 numerus
914 2245 998 2293 est
1025 2238 1214 2307 viginti
1241 2237 1350 2292 duo
1381 2236 1549 2289 millia
1580 2234 1802 2289 ducenti
1833 2242 2054 2303 septua-

471 2334 621 2405 ginta
648 2340 782 2388 tres.
831 2331 1146 2401 llorumque
1199 2330 1691 2401 primogenitorum
1747 2328 1872 2382 loco
1913 2326 2054 2382 assi-

471 2425 618 2496 gnati
649 2431 778 2479 sunt
808 2423 918 2478 Deo
941 2422 1164 2478 Levitze.
1192 2421 1442 2477 Totidem
1472 2423 1619 2477 enim
1669 2427 1724 2476 et
1755 2420 1830 2474 illi
1869 2426 2050 2474 erant.

470 2515 541 2571 Et
582 2516 848 2587 jubentur
885 2521 940 2570 et
984 2514 1076 2569 isti
1104 2512 1438 2567 sanctiﬁcari
1463 2527 1562 2582 per
1587 2511 1828 2583 Moysem
1861 2517 1914 2564 et
1959 2509 2053 2564 de‘

472 2616 740 2682 putantur
767 2624 865 2679 per
894 2609 1189 2672 Aaronem,
1221 2610 1279 2661 ut
1306 2607 1428 2659 loco
1449 2605 1658 2674 populi,
1692 2607 2056 2672 operarentur

470 2715 641 2770 Opera
665 2698 904 2762 Domini,
938 2706 991 2753 et
1022 2705 1304 2768 portarent
1330 2711 1462 2749 vasa
1491 2695 1853 2758 tabernaculi,
1891 2694 2059 2748 servi-

471 2800 707 2859 rentque
754 2789 858 2858 ipsi
891 2787 1094 2841 Aaroni
1143 2795 1198 2841 et
1231 2786 1358 2841 ﬁliis
1389 2786 1533 2855 ejus.
1558 2784 2055 2855 Comprehenditur

473 2882 605 2938 item
635 2882 740 2936 hoc
788 2881 930 2936 libro
974 2888 1029 2935 et
1069 2878 1379 2948 dispositio,
1411 2878 1570 2948 juxta
1611 2893 1776 2948 quam
1821 2878 2056 2948 p0pulus

473 2972 750 3046 proﬁcisci
799 2969 1118 3042 jubebatur,
1151 2978 1204 3024 et
1248 2969 1589 3023 tabernaculi
1639 2969 1865 3031 erectio,
1912 2982 2056 3037 prae-

475 3073 694 3133 ceptum
719 3063 786 3118 de
825 3063 995 3126 tubis,
1032 3070 1093 3116 ut
1125 3062 1194 3116 iis
1223 3070 1622 3116 convocaretur
1648 3063 1904 3131 populus.
1938 3059 2053 3116 Hoc

473 3156 608 3212 item
656 3153 796 3208 libro
828 3159 1082 3205 narratur
1125 3150 1396 3204 dedicatio
1429 3149 1640 3213 altaris,
1679 3157 1732 3204 et
1779 3151 2053 3218 quomodo

474 3244 891 3302 tabernaculum
930 3242 1173 3304 unxerit,
1210 3240 1501 3310 ipsumque
1541 3250 1595 3296 et
1627 3257 1968 3313 quaecunque
1999 3245 2056 3298 in

476 3340 571 3394 illo
591 3345 768 3403 erant,
802 3335 1228 3390 sanctiﬁcaverit
1265 3354 1279 3401 ;
1310 3349 1419 3404 quo
1468 3335 1664 3391 ordine
1715 3336 2055 3392 oﬁ‘erendum

478 3430 644 3485 fuerit
677 3430 734 3482 in
782 3427 1126 3482 dedicatione
1171 3427 1400 3492 altaris;
1433 3443 1543 3498 quo
1601 3435 1848 3498 tempore
1892 3431 2057 3483 mini-

478 3528 721 3577 strarent
768 3518 1009 3585 Levitae;
1060 3517 1207 3588 quod
1263 3519 1332 3574 ab
1380 3520 1557 3575 aetatis
1607 3536 1753 3574 anno
1790 3521 2056 3578 vicesimo

478 3613 673 3683 quinto
714 3609 1044 3681 principium
1094 3609 1203 3663 illis
1243 3615 1390 3664 esset
1434 3609 1827 3678 ministrandi;
1896 3614 2058 3683 quin-

478 3704 797 3774 quagesimo
835 3715 966 3757 vero
1010 3701 1171 3756 ﬁnem
1228 3701 1584 3756 ministrandi
1640 3701 1918 3766 facerent,
1961 3706 2056 3759 sed

479 3795 556 3849 ita
586 3801 648 3849 ut
680 3800 869 3866 postea
900 3793 1241 3849 tabernaculi
1285 3799 1498 3848 tantum
1541 3796 1849 3851 custodiam
1888 3797 2057 3854 habe-

479 3890 624 3938 rent.

555 4061 715 4134 104
740 4061 1017 4132 Scriptum
1051 4075 1270 4132 quoque
1295 4069 1380 4118 est
1415 4061 1484 4118 de
1515 4077 1655 4133 aqua
1686 4064 2057 4122 convictionis

482 4171 604 4225 qua:
634 4153 920 4209 maledicta
941 4163 1060 4208 erat
1093 4173 1106 4206 :
1137 4153 1204 4207 de
1251 4154 1368 4224 lege
1389 4156 1754 4221 votariorum,
1779 4158 2058 4228 quomodo

480 4245 613 4300 vino
665 4244 961 4308 abstinere,
990 4258 1093 4298 nec
1125 4251 1294 4313 caput
1354 4245 1583 4300 tondere
1635 4245 1890 4304 debeant.
1923 4249 2054 4304 ltem

483 4335 760 4406 quomodo
779 4335 1148 4390 murmuranti
1198 4343 1424 4406 prapter
1483 4339 1669 4393 carnis
1700 4339 2057 4409 cupiditatem

2148 490 2380 562 ἀριθμὸς
2415 489 2593 544 αὐτῶν
2619 488 2852 560 χιλιάδες
2884 487 2960 554 ξδ’
2993 487 3088 541 xui
3119 487 3457 540 ἑπτακόσιοι.

2220 669 2342 724 Τῶν
2389 667 2557 740 Ἀσὴρ
2585 666 2821 736 Φαγεὴλ,
2863 664 2977 728 υίὸς
3037 664 3263 735 Ἐχρόιν·
3301 663 3396 716 xui
3427 657 3494 733 ἦν
3536 661 3564 712 6
3607 659 3734 730 ἀρι-

2150 763 2284 834 θμὸς
2323 760 2503 814 αὐτῶν
2544 758 2778 830 χιλιάδες
2802 764 2890 828 μα’
2932 757 3027 810 xui
3059 756 3426 809 πεντακόσιοι.

2224 961 2346 1016 Τῶν
2375 961 2482 1014 Γὰδ
2527 959 2776 1030 Ἐλισὰφ,
2810 958 2926 1021 υίὸς
2971 955 3240 1026 Ῥαγουήλ
3266 972 3278 985 ·
3313 954 3407 1009 xui
3436 949 3502 1025 ἦν
3541 955 3569 1006 6
3612 953 3738 1023 ἀρι-

2151 1054 2285 1126 θμὸς
2315 1053 2494 1106 αὐτῶν
2519 1053 2752 1123 χιλιάδες
2787 1050 2867 1122 με’
2895 1051 2991 1104 xui
3026 1051 3300 1117 ἑξακόσιοι
3334 1049 3693 1119 πεντήκοντα.

2217 1236 2338 1288 Τῶν
2392 1233 2712 1303 Νεφθαλεὶμ
2780 1233 3015 1304 ’Λχειρὲ,
3050 1233 3165 1294 υίὸς
3212 1231 3409 1284 Αἰνάνσ
3463 1229 3556 1282 xui
3587 1223 3655 1300 ἦν
3701 1226 3739 1280 ὁ

2151 1327 2381 1400 ἀριθμὸς
2413 1327 2593 1381 αὐτῶν
2622 1326 2859 1397 χιλιάδες
2893 1333 2971 1394 νγ¹
3001 1327 3094 1378 xui
3127 1325 3488 1395 τετρακόσιοι.

2224 1494 2393 1566 Οὗτος
2435 1503 2464 1555 6
2503 1501 2734 1574 ἀριθμὸς
2775 1501 2869 1554 τοῦ
2918 1501 3245 1572 πολεμιστοῢ
3285 1501 3446 1568 λαοῦ,
3497 1501 3738 1572 χιλιάδες

2153 1595 2431 1660 ἑξακόσιαι
2467 1595 2562 1648 xui
2585 1594 2873 1665 τρισχίλιοι
2906 1594 3249 1646 πεντακόσιοι
3280 1595 3636 1664 πεντήκοντα.

2223 1689 2334 1758 Τὴν
2362 1687 2420 1740 δὲ
2453 1687 2626 1758 φυλὴν
2676 1685 2807 1740 Λευῒ
2852 1686 2972 1738 καθ’
3021 1687 3245 1748 ἑαυτοὺς
3283 1685 3595 1756 ἠρίθμησαν
3643 1684 3741 1738 διὰ

2154 1783 2338 1854 φωνῆς
2371 1781 2578 1852 Κυρίου
2629 1781 2779 1852 μόνοι
2824 1782 3064 1850 Μωῡσῆς
3093 1780 3187 1833 xui
3228 1778 3437 1850 Ἀαρὼν
3483 1779 3589 1833 ἀπὸ
3627 1798 3741 1851 μη-

2153 1874 2326 1928 νιαίου
2354 1873 2449 1926 xui
2483 1872 2670 1925 ἐπάνω
2689 1889 2702 1902 ο
2741 1872 2836 1924 xui
2857 1867 2922 1942 ἦν
2953 1873 2980 1924 6
3009 1871 3240 1942 ἀριθμὸς
3287 1871 3466 1925 αὐτῶν
3496 1872 3742 1942 χιλιάδες

2153 1965 2324 2019 εἴκοσι
2358 1965 2454 2018 xui
2477 1964 2590 2017 δύο.

2238 2056 2540 2128 Ἠρίθμησε
2580 2055 2634 2108 δὲ
2668 2056 2763 2110 xui
2801 2055 2870 2110 τὰ
2902 2054 3166 2128 ἀρσενικὰ
3193 2056 3512 2129 πρωτότοκα
3542 2057 3742 2112 πασῶν

2152 2150 2261 2203 τῶν
2290 2149 2465 2203 ἄλλων
2497 2147 2677 2218 φυλῶν
2704 2149 2949 2218 Μωῦσῆς
2983 2149 3160 2218 μόνος,
3197 2150 3293 2202 xui
3333 2149 3531 2221 εὑρέθη
3558 2153 3587 2203 6
3617 2151 3746 2222 ἀρι-

2155 2240 2292 2312 θμὸς
2329 2239 2511 2292 αὐτῶν
2545 2239 2781 2309 χιλιάδες
2819 2237 2900 2308 κβ¹
2932 2241 3026 2292 καὶ
3059 2239 3318 2292 διακόσιοι
3364 2240 3745 2311 ἑϐδομήκοντα

2152 2336 2323 2404 τρεῖς.
2377 2333 2488 2386 Καὶ
2533 2333 2652 2385 ἀντὶ
2709 2330 2820 2384 τῶν
2876 2331 3234 2401 πρωτοτόκων
3301 2331 3504 2384 τούτων
3562 2332 3747 2400 ἐλογί-

2156 2425 2360 2496 σθησαν
2393 2425 2442 2476 οἱ
2465 2422 2687 2477 Λευῖται
2715 2423 2791 2494 τῷ
2817 2421 2936 2493 Θεῴ
2959 2438 2972 2451 ·
3004 2423 3246 2476 τοσοῦτοι
3274 2424 3382 2492 γὰρ
3409 2419 3548 2494 ἦσαν
3569 2424 3664 2476 xui
3687 2427 3744 2477 οξ

2155 2513 2400 2566 Λευῖται.
2445 2514 2555 2566 Καὶ
2604 2512 2913 2566 κελεύονται
2975 2512 3066 2563 καὶ
3127 2512 3281 2564 αὐτοὶ
3335 2511 3747 2582 ἀφαγνισθῆναι

2155 2606 2243 2659 διὰ
2278 2606 2578 2669 Μωῦσέως,
2633 2603 2727 2658 xui
2782 2601 3129 2674 ἀφορίζονται
3181 2601 3365 2656 λοιπὸν
3397 2603 3484 2658 διὰ
3527 2602 3748 2674 Ἀαρὼν

2158 2696 2484 2768 ἐργάζεσθαι
2518 2696 2585 2750 τὰ
2623 2696 2756 2768 ἔργα
2789 2697 2992 2766 Κυρίου
3033 2697 3151 2750 ἀντὶ
3185 2697 3277 2750 τοῦ
3316 2696 3468 2762 λαοῦ,
3509 2697 3602 2749 xui
3649 2694 3745 2748 αι’⁴

2162 2803 2274 2858 ρειν
2297 2786 2364 2839 τὰ
2391 2785 2560 2856 σκεύη
2593 2787 2690 2855 τῆς
2720 2787 2943 2858 σκηνῆς,
2987 2787 3080 2840 xui
3121 2786 3453 2858 λειτουργεῖν
3504 2787 3747 2859 Ἀαρὼν,

2159 2880 2253 2932 xui
2285 2882 2396 2942 τοῖς
2429 2879 2561 2944 υἱοῖς
2605 2879 2790 2932 αὑτοῦ.
2841 2880 2996 2932 Ἔστι
3038 2879 3093 2932 δὲ
3143 2882 3200 2932 ὲν
3239 2879 3386 2949 αὐτῷ
3428 2878 3504 2950 τῷ
3548 2879 3749 2952 βιϐλίῳ

2160 2970 2256 3023 xui
2285 2969 2317 3038 ἡ
2347 2968 2679 3032 διατύπωσις
2722 2967 2823 3038 τῆς
2859 2969 3168 3039 ὁδοιπορίας
3207 2968 3300 3020 τοῦ
3351 2969 3482 3022 λαοῦ
3513 3009 3526 3033 ,
3559 2971 3654 3023 xui
3702 2974 3744 3043 ἡ

2161 3061 2456 3121 ἀνάστασις
2479 3059 2578 3128 τῆς
2613 3059 2839 3130 σκηνῆς,
2875 3059 2968 3111 xui
2994 3061 3026 3130 ἡ
3077 3059 3370 3129 πρόσταξις
3402 3061 3587 3130 ηπερὶ
3621 3063 3750 3115 σαλ-

2159 3152 2390 3220 πίγγων,
2444 3152 2523 3214 εἰς
2569 3149 2630 3202 τὸ
2693 3152 2750 3202 ὲν
2796 3150 2987 3212 αὐταῖς
3037 3150 3426 3204 ἀνακαλεῖσθαι
3465 3151 3556 3203 τὸν
3590 3151 3747 3206 λαόν.

2157 3237 2286 3296 ’Ὧδε
2327 3243 2650 3314 σημαίνεται
2706 3242 2801 3295 xui
2851 3244 2878 3295 6
2913 3243 3264 3312 ἐγκαινισμὸς
3307 3241 3400 3294 τοῦ
3452 3242 3753 3314 θυσιαστη-

2160 3337 2300 3410 ρίου,
2327 3338 2421 3388 xui
2450 3335 2565 3398 πῶς
2593 3335 2776 3409 ἔχρισε
2803 3335 2902 3407 τὴν
2938 3335 3164 3408 σκηνὴν,
3183 3338 3275 3389 xui
3313 3338 3539 3408 ἡγίασεν
3568 3338 3750 3410 αὐτὴν

2156 3446 2217 3481 τε
2270 3427 2365 3481 xui
2420 3427 2597 3481 πάντα
2646 3427 2712 3480 τὰ
2769 3429 2826 3480 ἐν
2884 3429 3020 3498 αὐτῇ
3053 3445 3065 3456 ·
3119 3429 3153 3498 ἦ
3219 3447 3279 3482 τε
3331 3429 3572 3492 διάταξις
3630 3430 3752 3485 τῶν

2158 3520 2482 3592 προσφορῶν
2533 3520 2641 3573 τῶν
2703 3523 2780 3584 εἰς
2821 3521 2912 3574 τὸν
2949 3523 3300 3592 ἐγκαινισμὸν
3334 3523 3426 3576 τοῦ
3459 3523 3752 3594 θυσιαστη-

2161 3613 2276 3683 ρίου
2304 3652 2318 3677 ,
2368 3613 2462 3666 xui
2500 3613 2624 3683 ὅρος
2673 3611 2781 3666 τῶν
2825 3613 3034 3684 χρόνων
3081 3615 3179 3684 τῆς
3225 3615 3570 3686 λειτουργίας
3626 3615 3751 3669 τῶν

2159 3701 2400 3755 Λευιτῶν
2424 3719 2438 3731 °
2471 3701 2610 3755 ὥστε
2640 3702 2747 3755 ἀπὸ
2779 3704 2875 3772 μὲν
2896 3704 3068 3756 εἴκοσι
3116 3703 3211 3756 xui
3253 3704 3412 3757 πέντε
3459 3704 3598 3757 ἐτῶν
3646 3704 3750 3776 ἄρ-

2159 3794 2348 3864 χεσθαι
2409 3794 2605 3857 αὐτοὺς
2653 3794 2986 3866 λειτουργεῖν
3024 3812 3038 3826 °
3099 3798 3435 3868 πεντήκοντα
3489 3797 3545 3850 δὲ
3601 3797 3752 3850 ἐτῶν

2160 3888 2504 3958 γενομένους,
2537 3887 2868 3954 ἀφίστασθαι
2905 3889 3002 3958 μὲν
3029 3889 3127 3960 τῆς
3158 3888 3515 3961 λειτουργίας,
3540 3887 3750 3958 φυλάτ-

2159 3997 2272 4031 τειν
2302 3979 2359 4032 δὲ
2388 3980 2547 4050 μόνον
2573 3981 2671 4050 τὴν
2702 3981 2928 4052 σκηνήν.

2230 4071 2545 4142 Γέγραπται
2585 4071 2640 4123 δὲ
2680 4072 2774 4124 xui
2813 4072 3058 4144 περὶτοῦ
3095 4072 3290 4136 ὕδατος
3327 4073 3421 4127 τοῦ
3466 4072 3701 4144 ὲλεγμοῦ
3727 4115 3751 4140 ,

2159 4163 2252 4216 τοῦ
2278 4163 2768 4235 ὲπικαταρωμένου
2797 4180 2810 4194 ⁸
2857 4166 2952 4218 xui
2980 4167 3008 4217 6
3033 4167 3198 4237 νόμος
3229 4167 3258 4218 6
3285 4167 3415 4238 περὶ
3449 4167 3555 4220 τῶν
3586 4169 3756 4238 εὐχο-

2164 4255 2340 4325 μένων
2366 4255 2665 4324 ἀπέχεσθαι
2693 4255 2859 4320 οἴνου,
2893 4257 2987 4310 xui
3011 4256 3086 4330 μὴ
3115 4257 3396 4328 κείρεσθαι
3426 4257 3525 4329 τὴν
3565 4276 3750 4328 κεφα-

2159 4347 2290 4418 λήν·
2328 4348 2422 4400 xui
2449 4348 2531 4399 ὃτι
2571 4347 2903 4416 γογγύσαντι
2940 4348 3112 4402 πάλαι
3159 4349 3248 4401 διὰ
3300 4351 3468 4420 κρέας
3512 4350 3589 4420 τῷ
3627 4350 3758 4423 λαῷ

485 4428 708 4500 populo,
729 4426 1042 4482 coturnices
1075 4425 1242 4492 Deus,
1265 4426 1462 4482 deinde
1486 4436 1540 4483 et
1571 4429 1798 4496 sitienti,
1832 4431 2055 4486 iterum-

2170 4431 2394 4488 δέδωκεν
2437 4437 2853 4508 ὀρτυγομήτραν
2895 4441 2923 4491 ὁ
2959 4437 3120 4502 Θεὸς,
3162 4440 3255 4492 xui
3293 4439 3515 4509 διψῶντι
3547 4441 3604 4494 δὲ
3649 4444 3756 4496 xui.

485 4535 594 4588 que
627 4518 1010 4582 murmuranti,
1046 4532 1241 4587 aquam
1290 4533 1355 4573 ex
1411 4528 1562 4589 petra
1612 4521 1847 4587 dederit,
1893 4539 2058 4594 quam

486 4610 668 4666 Moses
703 4625 900 4680 aquam
936 4609 1391 4668 contradictionis
1432 4613 1667 4669 vocavit.
1695 4613 1844 4669 Misit
1867 4625 1922 4670 et
1955 4633 2057 4671 ex-

487 4705 791 4774 ploratores
833 4717 901 4757 ex
939 4718 1270 4774 unaquaque
1319 4704 1468 4759 tribu
1518 4721 1712 4770 unum,
1746 4707 1887 4762 inter
1921 4724 2060 4778 quos

489 4803 645 4850 erant
669 4793 830 4851 Jesus
855 4793 1002 4850 Nave
1031 4804 1085 4850 et
1123 4794 1330 4851 Chaleb
1356 4795 1620 4866 Jephone.
1656 4797 1756 4852 Hic
1794 4807 1850 4854 et
1898 4816 2062 4871 syna-

487 4901 626 4958 goga
655 4887 796 4942 Core
822 4893 1014 4941 contra
1056 4884 1262 4942 Mosem
1309 4889 1631 4954 insurrexit,
1668 4890 1891 4962 vivique
1916 4893 2060 4946 intra

487 4985 693 5032 terram
729 4993 852 5033 cum
883 4979 1092 5033 Dathan
1133 4987 1188 5033 et
1228 4979 1436 5035 Abiron
1469 4982 1713 5052 absorpti
1741 4991 1869 5038 sunt
1902 5002 1916 5039 ι
1945 4991 2062 5037 tum

489 5069 663 5125 Maria
694 5087 850 5127 soror
871 5071 1105 5126 Aaronis
1131 5071 1280 5140 lepra
1323 5087 1585 5142 percussa
1635 5081 1742 5140 est,
1800 5075 2064 5147 virgaque

490 5163 726 5218 Aaronis
756 5163 1078 5234 germinavit
1139 5179 1358 5220 nucem.
1415 5164 1609 5220 Postea
1677 5175 1926 5222 mortuus
1983 5179 2064 5224 est

490 5255 677 5308 Aaron
709 5253 763 5306 in
793 5261 978 5307 monte
1017 5252 1148 5321 ﬂor,
1183 5253 1275 5308 cui
1319 5255 1588 5310 successit
1642 5254 1868 5311 Eleazar
1920 5257 2066 5315 ﬁlius

492 5347 635 5413 ejus.
667 5345 780 5399 Hoc
808 5345 948 5401 libro
969 5355 1020 5400 et
1049 5344 1279 5400 historia
1324 5346 1544 5401 Balaam
1588 5356 1643 5403 et
1689 5352 1857 5404 asinae
1888 5352 2064 5421 ipsius

494 5437 734 5490 humana
787 5453 918 5491 voce
968 5437 1164 5492 locutu:
1215 5440 1475 5493 scribitur
1508 5448 1602 5494 :ct
1637 5442 1913 5508 quomodo
1973 5460 2067 5496 rex

495 5527 712 5594 quidem
752 5526 1112 5584 Moabitarum
1148 5530 1332 5595 Balac,
1377 5531 1643 5588 confusus
1691 5536 1762 5587 sit
1799 5553 1810 5586 :
1867 5535 2067 5604 populo

497 5624 677 5668 autem
712 5633 808 5686 per
837 5619 1128 5675 consilium
1164 5621 1380 5674 Balaam
1413 5624 1642 5691 polluto,
1685 5623 1917 5678 Pliinees
1951 5643 2069 5678 mu-

497 5705 682 5761 liercm
714 5707 1118 5766 Madianitidem
1145 5727 1268 5767 cum
1301 5712 1531 5769 Zaiubre
1549 5713 1814 5782 Israelita,
1839 5733 1905 5773 ex
1927 5719 2070 5774 tribu

2165 4529 2328 4585 πάλιν
2362 4533 2692 4602 γογγύσαντι
2730 4533 2808 4603 τῷ
2835 4534 2950 4605 λαῷ
2978 4535 3303 4598 δέδωκεν,ὲκ
3337 4537 3542 4610 πέτρας
3574 4538 3752 4610 ὕδωρ,

2163 4625 2230 4697 ἢν
2255 4625 2479 4679 ἐκάλεσε
2509 4627 2747 4698 Μωῦσῆς
2787 4628 2932 4700 ὓδωρ
2968 4629 3296 4697 ἀντιλογίας.
3345 4631 3655 4683 Ἀπέστειλέ
3685 4649 3756 4685 τε

2165 4721 2547 4784 κατασκόπους
2585 4719 2681 4774 ἕνα
2724 4721 2868 4774 κατὰ
2918 4720 3123 4792 φυλὴν,
3161 4723 3216 4774 ὲν
3250 4716 3330 4786 οἷς
3378 4724 3474 4776 xui
3537 4723 3757 4794 Ἰησοῦν

2165 4811 2256 4864 τὸν
2288 4811 2382 4864 τοῦ
2413 4813 2593 4883 Ναυῆ,
2624 4815 2719 4866 xui
2750 4812 2931 4866 Χάλεϐ
2959 4813 3048 4866 τὸν
3081 4813 3175 4867 τοῦ
3222 4815 3448 4885 Ἰεφονῆ.
3493 4811 3616 4869 Ὧδε
3653 4821 3758 4874 xui

2167 4903 2200 4970 ἠ
2254 4901 2542 4972 συναγωγὴ
2598 4903 2744 4974 Κορὲ
2793 4904 3064 4974 ἐπανέστη
3127 4904 3270 4958 κατά
3326 4907 3604 4971 Μωῦσέως
3648 4911 3757 4963 xui.

2169 4989 2370 5054 ζῶντες
2417 4993 2796 5063 κατεπόθησαν
2838 4995 2918 5057 είς
2955 4995 3055 5065 τὴν
3089 4994 3193 5063 γῆν
3239 4995 3375 5065 μετά
3416 4996 3594 5049 Δαθάν
3650 5000 3757 5052 xui.

2181 5082 2460 5153 ’Λόειρῶψ
2482 5083 2569 5135 ὅτε
2593 5084 2686 5136 xui
2707 5083 2896 5156 Μαρία
2926 5087 2958 5155 ἡ
2981 5085 3182 5157 ἀδελφὴ
3209 5084 3420 5158 Ἀαρὼν
3437 5087 3753 5158 ὲλεπρώθη·

2169 5175 2264 5228 xui
2289 5176 2322 5244 ἡ
2367 5175 2561 5247 ῥάϐδος
2604 5175 2812 5247 ’Λαρὼν
2861 5177 3155 5247 ἐϐλάστησε
3206 5179 3426 5249 κάρυον.
3461 5180 3568 5232 Καὶ
3609 5182 3759 5250 μετὰ

2168 5266 2341 5320 ταῦτα
2377 5266 2711 5337 ἀποθνήσκει
2759 5266 2965 5338 Ἀαρὼν
2991 5268 3048 5319 ὲν
3076 5267 3153 5337 τῷ
3181 5268 3296 5338 δρει
3345 5271 3463 5340 Ὥρ,
3507 5273 3598 5324 xui
3634 5273 3761 5326 δια-

2169 5357 2380 5427 δέχεται
2410 5357 2571 5410 αὑτὸν
2610 5358 2869 5430 Ἐλεάζαρ
2895 5360 2922 5410 6
2949 5360 3059 5422 υἱὸς
3086 5360 3269 5412 αὐτοῦ.
3300 5355 3427 5414 ’Ὧδε
3466 5364 3558 5414 xui
3587 5365 3614 5419 ὁ
3643 5365 3761 5417 Bu-

2171 5449 2320 5520 λαὰμ
2357 5451 2448 5502 xui
2485 5453 2516 5521 ὴ
2552 5451 2830 5521 λαλήσασα
2866 5453 3028 5505 αὐτοῦ
3067 5453 3186 5516 τινος
3232 5455 3545 5526 ἀνθρωπίνῃ
3596 5461 3755 5530 φωνῇ

2175 5542 2500 5611 ἱστορεῖται·
2532 5543 2623 5595 xui
2649 5544 2728 5596 ὅτι
2751 5547 2777 5596 6
2806 5545 2903 5614 μὲν
2931 5545 3112 5597 Βαλὰκ
3142 5546 3393 5614 βασιλεὺς
3427 5547 3598 5599 Μωὰϐ
3627 5565 3735 5599 κατ

2173 5633 2413 5704 ῃσχύνθη
2463 5652 2475 5664 ·
2518 5634 2612 5687 τοῦ
2656 5636 2712 5688 δὲ
2755 5637 2884 5689 λαοῦ
2923 5637 3320 5707 βεϐηλωθέντος
3373 5637 3433 5702 ἐξ
3480 5636 3760 5705 ὑποϐολῆς

2174 5723 2267 5776 τοῦ
2300 5724 2550 5797 Βαλαὰμ,
2589 5727 2618 5778 6
2654 5727 2846 5797 Φινεῆς
2872 5727 3143 5798 ἁνέτρωσε
3177 5729 3274 5799 τὴν
3303 5729 3617 5782 Μαδιανῖτιν
3657 5725 3764 5779 xui.
