3890 6200
110 366 218 423 503

1184 371 1523 429 SYNOPSIS
1562 370 1981 430 SCRIPTURE
2019 372 2291 431 SACRIE.

3274 363 3379 421 306

111 485 203 537 τὸν
235 484 584 557 Ἰσραηλιτην
623 487 853 560 Ζαμὸρῆ
888 488 953 542 ἐκ
996 489 1167 562 φυλῆς
1207 491 1431 564 Συμεὼν
1469 490 1559 546 διὰ
1600 492 1701 555 :6;

1814 491 2029 548 Simeon
2085 497 2310 563 propter
2366 471 2758 545 scortati'onem
2822 486 3164 551 confoderit,
3215 493 3380 556 atque

113 577 391 647 πορνείας,
422 576 517 630 καὶ
540 576 685 630 οὕτω
739 579 1014 633 πέπαυται
1053 582 1085 651 ή
1118 581 1275 653 ὀργή.
1303 581 1702 653 Καταλαλήσας

113 667 173 722 δὲ
196 668 228 720 6
258 668 390 733 λαὸς
421 670 560 743 πρὸς
591 671 685 724 τὸν
728 670 859 724 Θεὸν
901 672 1044 726 κατὰ
1081 675 1388 739 Μωῡσέως,
1420 675 1704 730 ὲδάκνοντο

115 761 221 813 61:6
250 760 452 828 ὄφεων,
504 764 598 816 καὶ
642 762 869 834 ὕστερον
893 765 1245 830 ἀξιωσάντων
1292 767 1495 831 αὐτῶν,
1531 784 1703 838 προσ-

116 852 301 917 έταξεν
324 856 355 907 6
382 854 519 917 Θεὸς
547 855 800 923 γενέσθαι
824 857 946 927 ὅφιν
978 856 1237 929 χαλκοῦν,
1268 859 1365 913 καὶ
1389 859 1705 931 κρεμασθῆ-

114 962 203 998 ναι
234 945 404 998 αὐτόν
429 962 444 976 θ
496 947 583 999 ἵνα
625 947 655 999 6
688 948 904 1019 δηχθεὶς
944 949 1158 1020 βλέπων
1198 949 1361 1003 αὐτὸν
1386 950 1548 1022 ζήσῃ.
1575 944 1704 1004 Ὧδε

116 1038 330 1093 κελεύει
353 1040 383 1091 6
410 1038 544 1100 Θεὸς
569 1039 648 1111 τῷ
675 1042 882 1113 Μωῦσῇ
912 1044 1008 1095 καὶ
1050 1042 1314 1114 Ἐλεάζαρ
1334 1041 1412 1113 τῷ
1442 1045 1576 1114 ἱερεῖ
1606 1060 1703 1114 με·

116 1128 318 1200 τρῆσαι
353 1129 520 1183 πάλιν
563 1131 657 1183 τὸν
693 1131 821 1184 λαὸν
852 1132 960 1186 61:6
1005 1133 1349 1196 εἰκοσαετοῦς
1378 1132 1473 1187 καὶ
1500 1134 1703 1199 ἐπάνω,

119 1221 214 1277 καὶ
261 1221 467 1292 εὑρέθη
512 1222 541 1274 6
587 1222 821 1294 ἀριθμὸς
886 1223 1069 1279 αὐτῶν
1138 1224 1376 1294 χιλιάδες
1424 1225 1706 1291 ἑξακόσιαι

120 1310 212 1364 καὶ
290 1311 458 1380 χίλιοι
526 1311 837 1366 ἑπτακόσιοι
900 1313 1217 1384 τριάκοντα.
1281 1314 1393 1367 Καὶ
1452 1315 1501 1366 οἱ
1554 1312 1709 1367 Λευῖ-

117 1419 206 1455 ται
238 1402 299 1455 δὲ
348 1402 513 1455 πάλιν
568 1403 691 1457 καθ’
737 1405 963 1469 ἑαυτοὺς
1007 1404 1428 1477 ἠριθμήθησαν,
1478 1404 1573 1459 καὶ
1618 1406 1708 1458 εύ-

119 1490 360 1563 ρέθησαν
392 1492 632 1562 χιλιάδες
663 1500 770 1562 κγ’.
815 1493 880 1546 Ἡ
938 1493 1039 1564 μὲν
1095 1489 1189 1547 οὖν
1242 1493 1532 1564 ἐπίσκεψις
1565 1492 1705 1565 αὕτη

114 1582 312 1650 γέγονε
351 1585 414 1636 ὲν
451 1581 698 1654 ’Δραϐὼθ
740 1582 936 1649 Μωὰϐ,
980 1581 1075 1637 ἐπὶ
1101 1581 1195 1636 τοῦ
1254 1583 1521 1654 Ἰορδάνου
1565 1583 1708 1638 κατὰ

128 1672 365 1744 Ἱεριχῶ.
432 1674 523 1727 Ἐν
575 1674 787 1738 τούτοις
835 1675 893 1728 δὲ
956 1674 1134 1738 οὐδεὶς
1178 1668 1246 1746 ἦν
1290 1673 1399 1727 τῶν
1442 1674 1707 1748 πρότερον

115 1763 553 1834 ὲπεσκεμμένων
573 1781 591 1796 ο
634 1765 716 1818 ὅτι
746 1763 1037 1831 ἀπέθανον,
1071 1763 1212 1836 πλὴν
1244 1761 1426 1816 Χαλὲό
1464 1762 1559 1816 καὶ
1599 1763 1707 1833 Ἰη-

118 1853 245 1917 σοῦς
275 1856 307 1907 6
329 1853 431 1907 τοῦ
461 1855 642 1927 Ναυῆ.

191 1948 285 2001 Ἐν
317 1948 499 2018 τούτῳ
529 1948 607 2019 τῷ
642 1945 833 2018 βιϐλίῳ
874 1945 1082 2018 ἔγραψε
1120 1944 1363 2016 Μωῦσῆς
1397 1944 1485 2000 διὰ
1537 1944 1709 2017 ῥημά-

113 2057 225 2094 των
246 2040 462 2113 Κυρίου
501 2040 771 2110 ἀπάρσεις
800 2037 978 2092 αὐτῶν
1009 2038 1106 2091 καὶ
1131 2038 1258 2101 τοὺς
1290 2034 1563 2108 σταθμοὺς
1611 2036 1709 2090 αύ-

114 2131 247 2196 τῶν,
296 2132 358 2184 ὲν
392 2125 475 2195 οἷς
522 2129 798 2194 ὁδεύοντες
841 2129 949 2183 61:6
981 2132 1080 2201 τῆς
1129 2127 1407 2197 Αἰγύπτου
1449 2126 1709 2181 κατέλυον

116 2222 555 2294 ἀναπαυόμενοι.
590 2221 704 2276 Καὶ
737 2220 874 2274 εἰσὶν
896 2212 1042 2274 οὗτοι
1069 2236 1085 2251 ⁸
1133 2220 1266 2274 Ἀπὸ
1307 2218 1583 2290 Ῥαμεσσῆ
1611 2218 1710 2289 τῆς

116 2313 404 2382 Αἰγύπτου
455 2312 680 2384 ἐξῆλθον
726 2310 807 2384 τῷ
863 2311 1068 2384 πρώτῳ
1119 2313 1251 2383 μηνὶ
1302 2310 1563 2382 ἐπαύριον
1613 2309 1707 2363 τοῦ

118 2405 341 2476 Πάσχα,
364 2405 458 2459 καὶ
488 2400 653 2476 ἦλθον
682 2405 765 2469 εἰς
797 2404 1003 2475 Σοχὼθ,
1030 2404 1140 2459 61:6
1160 2402 1345 2475 Σοχὼθ
1374 2405 1453 2466 εἰς
1479 2401 1707 2466 Βουθὰν,

122 2496 231 2549 61:6
267 2495 480 2549 Βουθ-ὰν
525 2498 605 2560 εἰς
651 2495 1028 2566 Βεελσεπφὼν,
1071 2495 1329 2550 ἀπέναντι
1371 2494 1669 2562 Μαγδὼλου
1692 2508 1708 2525 ο

125 2586 236 2639 61:6
298 2583 665 2654 Βεελσεπφὼν
722 2584 980 2655 διέϐησαν
1033 2582 1196 2655 μέσον
1246 2582 1343 2653 τῆς
1390 2580 1662 2645 θαλάσσης
1692 2595 1707 2608 ο

122 2678 235 2732 6:6
281 2678 564 2748 θαλάσσης
610 2678 689 2742 εἰς
732 2676 1000 2748 Πικρίας,
1050 2674 1145 2729 καὶ
1194 2673 1303 2727 61:6
1349 2671 1594 2741 Πικριῶν
1632 2672 1712 2735 εἰς

137 2770 329 2841 Ἐλεὶμ
354 2769 494 2837 (85),
534 2770 669 2822 ὅπου
712 2770 762 2822 οἱ
802 2767 1071 2831 Φοίνικες⁹
1105 2766 1201 2820 καὶ
1243 2765 1353 2820 61:6
1406 2764 1593 2835 Ἐλεὶμ
1632 2763 1716 2826 εἰς

124 2863 254 2934 Σεὶρ
309 2861 425 2931 (86)
475 2861 572 2931 τὴν
624 2859 867 2931 ἔρημονο
915 2859 1022 2912 61:6
1062 2859 1163 2928 τῆς
1205 2859 1413 2929 ὲρήμου
1465 2857 1592 2927 Σεὶρ
1630 2856 1712 2920 εἰς

136 2947 431 3015 Ῥἁεξακαο
463 2945 570 2998 61:6
622 2944 871 3013 Ῥὰιρακα
916 2945 997 3008 εἰς
1048 2942 1235 3013 Ἐλεὶμ
1281 2940 1416 3013 (87),
1467 2942 1562 2995 καὶ
1608 2939 1715 2994 61:6

137 3038 335 3107 Ἐλεὶμ
374 3038 457 3101 εἰς
494 3034 813 3106 Ῥαφιδείμ’
854 3035 963 3089 61:6
1008 3033 1293 3102 Ῥαφιδεὶμ
1331 3033 1411 3096 εἰς
1448 3032 1579 3085 Σινᾶ
1616 3032 1721 3102 τὴν

125 3129 370 3201 ἔρημον·
400 3128 510 3181 61:6
550 3128 760 3199 ἐρήμου
802 3127 933 3180 Σινᾶ
956 3126 1036 3190 εἰς
1072 3127 1349 3197 Μνήματα
1386 3127 1486 3196 τῆς
1522 3126 1713 3180 ὲπιθυ-
1739 3168 1780 3226 C

131 3220 283 3291 μίας·
311 3220 423 3273 61:6
444 3220 566 3290 Μνη
575 3219 760 3288 μάτων
781 3217 878 3288 τῆς
896 3216 1193 3285 ἐπιθυμίας
1218 3217 1299 3279 εἰς
1326 3216 1555 3289 Ἀσιρώο
1575 3216 1706 3290 (88)·

127 3312 242 3366 61:6
278 3309 515 3381 Ἀσιρὼθ
549 3313 629 3373 εἰς
685 3309 966 3380 Ῥαθαμά⁶
1001 3307 1108 3360 61:6
1161 3305 1413 3378 Ῥαθαμὰ
1446 3309 1526 3371 εἰς
1560 3308 1716 3379 Ῥεμ-

128 3402 253 3476 μὼν
270 3402 450 3474 Φαρές
471 3420 488 3435 ο
514 3404 609 3455 1:6‘:
623 3402 730 3455 61:6
766 3398 1018 3471 Ῥεμμὼν
1032 3398 1204 3470 Φαρὲς
1223 3400 1304 3462 εἰς
1321 3399 1556 3469 Λεμῶνα
1579 3399 1711 3470 (89)’

126 3494 241 3547 ἀπὸ
265 3492 503 3564 Λεμῶνα
528 3495 607 3556 εἰς
629 3491 834 3544 Δεσσάν
853 3508 869 3522 ⁸
904 3490 1011 3543 61:6
1035 3489 1241 3543 Δεσσὰν
1281 3491 1362 3554 εἰς
1400 3490 1711 3544 Μακελλάθ³

126 3586 243 3641 61:6
264 3584 562 3640 Μακελλὰθ
588 3587 667 3647 εἰς
697 3584 889 3653 Σαφᾰῳ
917 3600 930 3612 ·
967 3582 1075 3635 61:6
1100 3581 1291 3652 Σαφὰρ
1318 3583 1399 3644 εἰς
1429 3581 1711 3652 Χαραδάθ·

126 3677 243 3731 61:6
267 3675 528 3747 X696660
552 3677 632 3739 εἰς
674 3673 982 3745 Μακηλώθσ
1023 3674 1132 3727 61:6
1166 3673 1444 3743 Μακηλὼθ
1484 3676 1565 3738 εἰς
1598 3675 1717 3727 Κα-

125 3770 271 3823 ταάθ
292 3787 306 3799 ·
335 3769 444 3822 61:6
467 3765 694 3821 K6:660
732 3768 812 3829 εἰς
836 3765 1022 3837 T6960
1045 3784 1057 3795 ·
1087 3763 1194 3819 61:6
1232 3764 1417 3834 T6960
1456 3767 1536 3828 εἰς
1564 3766 1717 3818 Ματ-

126 3862 269 3914 τεκᾶ
292 3878 308 3890 ·
337 3860 445 3915 ἀπὸ
474 3860 738 3914 Ματτεκᾶ
762 3860 841 3922 εἰς
865 3858 1125 3929 Σελμῶνα
1143 3873 1156 3887 ·
1187 3857 1295 3911 61:6
1318 3856 1599 3927 Σελμῶνος
1632 3859 1714 3922 εἰς

127 3951 449 4025 Μασουρώθ
473 3969 486 3981 ⁸
515 3952 623 4005 61:6
648 3949 956 4021 Μασουρὼθ
986 3952 1065 4014 εἰς
1089 3949 1296 4005 Βάναια
1317 3966 1330 3980 ·
1358 3949 1452 4003 καὶ
1475 3950 1582 4004 61:6
1608 3950 1716 4003 B6-

128 4061 262 4100 ναια
322 4045 403 4107 εἰς
442 4043 503 4095 :6
557 4042 683 4114 ὅρος
727 4041 940 4110 Γαδγάδ
976 4058 992 4074 θ
1036 4039 1277 4094 καὶ·ἁπὸ
1311 4040 1469 4112 ὅρους
1508 4041 1718 4109 Γαδγὰδ

131 4138 216 4201 εἰς
264 4135 541 4190 Ἐταϐαθᾶ
563 4153 576 4165 ο
625 4135 723 4187 καὶ
763 4134 871 4188 61:6
909 4131 1179 4186 Ἑταϐαθᾶ
1204 4133 1284 4196 εἰς
1306 4133 1562 4203 Σεϐρῶνοι
1582 4132 1713 4205 (90)·

132 4232 231 4285 καὶ
286 4229 398 4284 61:6
441 4228 700 4300 Σεὸρῶνα
749 4229 829 4291 εἰς
865 4226 1246 4298 Γεσιωνγαϐέρ
1274 4242 1288 4258 ’
1339 4226 1433 4279 καὶ
1476 4226 1582 4280 ἀπὸ
1620 4226 1719 4278 Γε-

136 4322 446 4394 σιωνγαϐὲρ
478 4323 559 4385 εἰς
597 4321 696 4392 τὴν
736 4319 939 4392 ἔρημον
980 4320 1102 4372 Σεῖν
1131 4335 1145 4349 ·
1194 4319 1290 4371 καὶ
1327 4319 1438 4372 61:6
1507 4320 1716 4390 ἐρήμου

134 4417 258 4469 Σεῖν
287 4416 369 4478 εἰς
391 4414 489 4485 τὴν
515 4413 720 4484 ἔρημον
761 4411 942 4484 Φαράν
966 4428 980 4442 ’
1018 4409 1156 4482 αὕτη
1199 4410 1316 4463 ἐστὶ
1345 4410 1521 4473 Κὰδες
1547 4427 1560 4440 ο
1602 4412 1720 4464 ἐκεῖ

1803 600 1867 640 ea
1894 584 2113 639 ratione
2142 583 2281 639 iram
2313 581 2410 638 Dei
2443 582 2737 638 sedaverit.
2767 579 2849 635 Ad
2880 581 2995 635 haec
3020 586 3378 650 posteaquam

1804 683 1997 731 contra
2022 675 2191 731 Deum
2220 683 2275 730 et
2304 673 2546 745 Moysem
2570 674 2786 728 locutus
2811 680 2958 728 esset
2984 670 3241 741 populus,
3261 683 3380 723 ser-

1804 775 2029 836 pentum
2061 765 2338 821 morsibus
2370 764 2758 819 cruciabatur:
2797 770 2854 818 at
2886 763 3101 818 demum
3135 759 3380 831 roganti-

1804 859 1910 913 bus
1965 857 2098 923 illis,
2140 867 2450 928 serpentem
2486 872 2697 913 aeneum
2753 854 2870 910 ﬁeri
2917 853 3087 924 jussit
3124 851 3268 907 Deus
3312 865 3379 906 ac

1807 947 2095 1018 suSpendi,
2127 962 2238 1016 quo
2270 947 2391 1001 viso
2426 948 2654 1013 viveret,
2684 945 2780 1015 qui
2811 959 2840 998 a
2867 942 3213 1014 serpentibus
3234 948 3380 997 esset

1805 1039 2149 1096 vulneratus.
2179 1036 2450 1108 Praecepit
2477 1040 2641 1092 etiam
2694 1037 2800 1091 hoc
2843 1036 2988 1091 libro
3018 1033 3163 1090 Deus
3208 1032 3381 1105 Moysi

1806 1138 1860 1186 et
1885 1129 2146 1184 Eleazaro
2175 1127 2473 1193 sacerdoti,
2506 1128 2686 1183 denuo
2709 1141 2997 1182 recensere
3032 1125 3314 1196 populum,
3347 1138 3381 1178 a

1806 1222 2069 1278 vicesimo
2091 1235 2237 1276 anno
2266 1228 2320 1277 et
2347 1234 2534 1290 supra,
2568 1219 2728 1288 cujus
2756 1226 2873 1273 tum
2901 1218 3156 1274 inventus
3183 1223 3268 1272 est
3286 1231 3383 1270 nu-

1806 1329 2015 1378 merus,
2043 1320 2302 1369 sexcenta
2352 1312 2525 1367 millia
2568 1312 2719 1367 mille
2772 1309 3100 1381 septingenti
3133 1309 3378 1379 triginta.

1808 1402 1876 1457 Et
1898 1402 2102 1458 Levita:
2127 1417 2348 1473 quoque
2378 1401 2579 1456 iterum
2614 1398 2909 1468 separatim
2932 1395 3207 1451 numerati
3228 1402 3380 1459 sunt,

1806 1504 1862 1553 et
1894 1497 2150 1552 inventus
2186 1504 2273 1551 est
2301 1495 2519 1551 illorum
2549 1507 2813 1548 numerus
2839 1489 3032 1562 viginti
3054 1488 3159 1544 tria
3189 1489 3379 1543 millia.

1807 1586 2088 1643 Recensiti
2111 1596 2240 1644 sunt
2283 1593 2467 1641 autem
2498 1585 2553 1640 in
2578 1583 2823 1638 Araboth
2870 1581 3047 1645 Moab,
3087 1582 3156 1636 ad
3187 1580 3387 1636 Jorda-

1807 1694 1934 1734 nem
1989 1686 2183 1733 contra
2227 1677 2469 1733 Jericho.
2507 1675 2570 1731 In
2613 1675 2735 1731 istis
2766 1682 2948 1730 autem
2997 1688 3160 1730 nemo
3192 1686 3385 1741 eorum

1808 1779 1948 1837 erat,
1978 1770 2074 1842 qui
2132 1777 2293 1825 antea
2349 1768 2624 1825 numerati
2678 1767 2915 1823 fuerant.
2961 1765 3160 1823 Mortui
3183 1767 3386 1839 quippe
3482 1762 3487 1765 ’

1808 1871 1990 1928 erant,
2023 1870 2221 1933 praeter
2247 1861 2453 1917 Chaleb
2482 1868 2538 1917 et
2577 1859 2738 1916 Iesus
2770 1858 2938 1916 Nave.

1880 1954 2215 2024 Complexus
2267 1958 2354 2008 est
2417 1951 2526 2007 hoc
2575 1966 2795 2022 quoque
2845 1950 3124 2006 volumine
3167 1948 3385 2022 Moyses
3494 1969 3499 1974 ’

1803 2045 1961 2117 juxta
2011 2044 2230 2101 Domini
2278 2044 2483 2108 verba,
2534 2043 2903 2113 profectiones
2956 2054 3011 2099 et
3068 2045 3385 2100 mansiones

1807 2136 2048 2201 lsraelis,
2066 2137 2267 2207 quibus
2295 2151 2363 2192 ex
2398 2134 2636 2207 Egypto
2654 2135 2881 2204 profecti
2902 2135 3133 2191 subinde
3164 2137 3386 2206 quieve-

1808 2236 1954 2285 rant.
1986 2228 2054 2283 Et
2083 2238 2212 2284 sunt
2240 2228 2359 2284 ista:
2392 2246 2406 2282 :
2437 2225 2722 2293 Ramesse,
2745 2226 2967 2299 Egypti
2989 2228 3167 2298 primo
3197 2244 3387 2286 mense

1810 2319 2081 2391 postridie
2109 2318 2398 2375 Paschatis
2444 2317 2696 2389 profecti,
2727 2325 2995 2373 venerunt
3022 2318 3077 2372 in
3109 2316 3382 2388 Sochotb;

1809 2412 1879 2468 de
1905 2411 2146 2467 Socboth
2197 2411 2254 2466 in
2297 2410 2553 2476 Buthan;
2585 2408 2654 2464 de
2686 2409 2900 2464 Buthan
2943 2410 3001 2465 in
3026 2409 3382 2481 Beelsepbon,

1810 2510 2006 2559 contra
2035 2500 2358 2573 Magdolon;
2390 2502 2459 2559 de
2521 2500 2855 2571 Beelsephon
2890 2516 2989 2572 per
3017 2517 3168 2558 mare
3210 2510 3389 2561 trans-

1812 2596 2033 2663 ierunt;
2074 2594 2143 2651 de
2171 2595 2309 2649 mari
2340 2594 2395 2648 in
2413 2592 2856 2659 Amaritudines;
2895 2594 2963 2650 de
2990 2593 3385 2651 Amaritudini-

1811 2680 1916 2736 bus
1944 2680 2012 2734 ad
2048 2678 2209 2743 Elim,
2246 2678 2340 2732 ubi
2373 2684 2532 2733 erant
2560 2678 2785 2748 palmae;
2817 2677 2885 2733 de
2933 2676 3074 2733 Elim
3114 2680 3171 2734 in
3198 2680 3389 2736 deser-

1814 2777 1926 2824 tum
1961 2768 2117 2834 Seir;
2141 2784 2172 2824 e
2200 2769 2419 2824 deserto
2455 2765 2576 2822 Seir
2619 2768 2675 2821 in
2710 2766 3003 2838 Rapbaca;
3026 2769 3095 2825 de
3129 2769 3401 2841 Baphacal

1814 2859 1871 2913 in
1897 2857 2068 2924 Elim;
2099 2858 2169 2913 de
2201 2856 2341 2911 Elim
2387 2856 2445 2911 in
2497 2854 2825 2925 Baphidim;
2860 2856 2929 2912 de
2978 2855 3270 2928 Rapbidim
3324 2860 3383 2916 in

1815 2949 2166 3006 solitudinem
2201 2947 2367 3014 Sina;
2395 2946 2463 3002 de
2495 2946 2792 3003 solitudine
2822 2947 2956 3003 Sina
3007 2949 3076 3004 ad
3125 2950 3397 3020 Sepulcra.

1816 3039 2309 3108 concupiscentiae;
2334 3038 2400 3093 de
2424 3036 2703 3108 Sepulcris
2723 3039 3178 3109 concupiscentia
3200 3042 3254 3096 in
3271 3042 3401 3098 Λεία

1815 3129 1973 3196 rotb;
2007 3127 2302 3183 deAsiroth
2325 3129 2380 3182 in
2409 3127 2710 3183 Rathama:
2739 3129 2807 3185 de
2839 3127 3107 3186 Rathama
3136 3133 3188 3186 in
3219 3132 3388 3189 Rem-

1816 3236 1945 3275 mon
1996 3219 2242 3286 Phares;
2272 3218 2339 3274 de
2377 3219 2646 3275 Remmon
2695 3218 2904 3277 Phares
2932 3223 2989 3276 in
3020 3221 3292 3292 Lemona;
3319 3224 3395 3282 de

1815 3310 2052 3366 Lemona
2102 3310 2159 3364 in
2201 3309 2443 3378 Dessau;
2489 3310 2557 3365 de
2614 3310 2823 3368 Dessan
2860 3312 2917 3367 in
2974 3311 3290 3382 Macellatb;
3320 3317 3405 3373 de-

1814 3401 2099 3456 Macellath
2153 3402 2208 3456 in
2267 3400 2509 3472 Saphar;
2551 3401 2620 3456 de
2677 3400 2889 3474 Saphar
2943 3402 3000 3459 in
3039 3405 3386 3474 Charadath;

1815 3493 1885 3549 de
1926 3493 2237 3548 Cbaradath
2286 3493 2343 3546 in
2402 3491 2703 3561 Maceloth;
2734 3493 2803 3550 de
2852 3494 3120 3551 Maceloth
3175 3497 3230 3552 in
3285 3497 3391 3554 Ca-

1814 3587 2004 3653 taath;
2067 3585 2135 3642 de
2190 3585 2421 3641 Cataath
2500 3585 2556 3639 in
2611 3585 2854 3653 Tarath;
2916 3589 2987 3644 de
3067 3588 3271 3645 Tarath
3333 3592 3401 3645 in

1816 3673 2089 3742 Matteca;
2127 3674 2194 3730 de
2229 3673 2457 3730 Matteca
2500 3675 2556 3729 in
2596 3673 2880 3742 Selmona;
2913 3677 2983 3733 de
3029 3676 3284 3735 Selmona
3333 3681 3391 3735 in

1817 3763 2142 3829 Masuroth;
2178 3764 2246 3819 de
2278 3763 2560 3819 Masuroth
2608 3764 2666 3819 in
2698 3763 2931 3821 Banaaa:
2970 3766 3038 3822 de
3077 3766 3271 3823 Banaea
3321 3771 3405 3826 ad-

1816 3865 2058 3911 montem
2091 3854 2344 3926 Gadgad;
2374 3853 2442 3909 de
2485 3862 2673 3910 monte
2702 3854 2926 3927 Gadgad
2974 3857 3032 3913 in
3082 3859 3347 3916 Etabatha
3372 3880 3405 3931 ;

1815 3946 1884 4001 de
1916 3946 2186 4002 Etabatha
2224 3946 2279 4001 in
2325 3945 2609 4014 Sebrona;
2633 3946 2701 4002 de
2734 3945 2979 4004 Sebrona
3009 3949 3068 4005 in
3093 3949 3394 4024 Gesionga-

1814 4040 1945 4107 her;
1981 4041 2049 4095 de
2069 4039 2442 4111 Gesiongaber
2467 4041 2525 4095 in
2565 4041 2919 4097 solitudinem
2952 4041 3083 4111 Sin;
3129 4060 3160 4100 e
3198 4047 3401 4102 solitu-

1817 4133 1945 4188 dine
1981 4131 2079 4187 Sin
2132 4132 2191 4187 in
2246 4132 2598 4188 solitudinem
2629 4132 2870 4200 Pharan,
2898 4150 3021 4206 qua:
3049 4143 3135 4192 est
3165 4136 3339 4194 Cades
3374 4157 3388 4193 :

1816 4225 1891 4280 ibi
1924 4232 2142 4279 mortua
2203 4232 2289 4280 est
2351 4224 2538 4282 Maria.
2567 4224 2611 4281 E
2650 4225 2827 4281 Cades
2871 4227 2938 4281 ad
2987 4235 3224 4283 montem
3257 4228 3397 4297 Hor,

1817 4331 1989 4386 prope
2016 4323 2218 4371 terram
2243 4315 2438 4382 Edom,
2464 4332 2574 4387 quo
2597 4332 2904 4373 conscenso
2926 4317 3113 4374 Aaron
3143 4336 3407 4380 summus.

1819 4407 2075 4463 sacerdos
2101 4409 2258 4479 jussu
2288 4407 2504 4464 Domini
2538 4418 2790 4466 mortuus
2817 4418 2923 4476 est,
2943 4426 3087 4467 anno
3115 4415 3393 4485 egressio-

132 4507 408 4562 ἀπέθανεν
439 4505 677 4576 Μαριὰμ
701 4505 759 4556 ὲν
796 4504 950 4576 Κάδῃ
971 4520 985 4533 ο
1027 4503 1137 4557 61:6
1167 4501 1355 4572 Κάδης
1387 4504 1468 4566 εἰς
1517 4503 1616 4574 Ὢρ
1656 4502 1712 4556 :6

1820 4498 1907 4551 nis
1964 4498 2198 4552 ﬁliorum
2254 4497 2420 4554 Israel
2456 4499 2899 4569 quadragesimo,
2944 4514 3137 4557 mense
3171 4503 3392 4575 quinto,

132 4600 260 4670 ὅρος
294 4598 523 4669 πλησίον
545 4596 650 4667 γῆς
676 4592 886 4666 Ἕδὼμ,
914 4593 1038 4658 εἰςό
1059 4593 1265 4657 ἀναϐὰς
1307 4592 1515 4664 Ἀαρὼν
1542 4594 1569 4646 6
1592 4593 1719 4664 ἀρχ-

135 4692 320 4761 ιερεὺς
363 4689 602 4743 ἀπέθανε
649 4687 740 4741 διὰ
784 4686 1218 4758 προσταγμάτων
1259 4686 1464 4755 Κυρίου
1521 4688 1578 4739 ὲν
1638 4685 1718 4757 τῷ

132 4781 562 4853 τεσσαρακοστῷ
588 4780 698 4834 ἔτει
722 4781 822 4851 τῆς
864 4778 1044 4844 ἐξόδου
1068 4780 1176 4833 τῶν
1204 4778 1335 4833 υἱῶν
1382 4778 1617 4851 Ἰσραὴλ,
1659 4780 1717 4832 ὲν

132 4874 216 4947 τῷ
244 4876 378 4946 μηνὶ
400 4873 479 4944 τῷ
507 4874 763 4944 πέμπτῳ,
795 4874 892 4943 μιᾷ
921 4871 1015 4925 τοῦ
1046 4872 1234 4943 μηνὸς,
1262 4871 1400 4926 ἐτῶν
1441 4878 1579 4944 ρκγ”
1610 4871 1719 4924 61:6

140 4967 246 5037 Ὠρ
268 4963 368 5017 τοῦ
406 4963 566 5035 6900;
606 4964 687 5025 εἰς
718 4961 1009 5032 Σελμῶνα’
1049 4961 1145 5015 καὶ
1181 4960 1289 5014 61:6
1318 4960 1600 5032 Σελμῶνος
1639 4961 1720 5025 εἰς

134 5053 313 5112 Φεινὼ
335 5073 352 5087 ⁸
377 5057 475 5109 καὶ
494 5054 603 5109 61:6
621 5052 793 5107 Φεινὼ
817 5055 897 5117 εἰς
924 5051 1124 5106 Σωὸώθ
1157 5052 1290 5125 (9l)°
1322 5053 1417 5107 καὶ
1460 5052 1567 5107 61:6
1605 5054 1720 5109 Σω-

137 5150 254 5204 ἅῦθ
271 5152 332 5203 ἐν
350 5148 472 5213 Γαὶ,
499 5149 557 5201 ὲν
575 5146 655 5217 τῷ
674 5146 847 5218 πέραν
869 5146 964 5198 ἐπὶ
976 5146 1086 5200 τῶν
1108 5145 1273 5218 ὁρίων
1291 5146 1470 5201 Μοά6’
1495 5144 1603 5199 61:6
1621 5144 1721 5199 I‘6‘t

136 5245 223 5307 εἰς
259 5240 581 5310 Δαιόωνγάδ
602 5256 615 5270 ³
662 5238 771 5294 61:6
811 5237 1129 5308 Δαιϐωνγὰδ
1164 5240 1244 5302 εἰς
1275 5237 1721 5310 Γελμωνδαιὸλα-

139 5333 251 5406 θέμ
273 5334 387 5406 (92)
409 5352 424 5366 ’
467 5337 563 5390 καὶ
597 5335 706 5389 ἀπὸ
733 5335 1260 5409 Γελμωνδαιϐλαθὲμ
1296 5337 1390 5392 ἐπὶ
1418 5335 1489 5391 :6
1517 5334 1617 5409 ὅρη
1652 5334 1728 5391 τὰ

235 5513 328 5654 8.2;
362 5514 440 5578 0',
466 5514 655 5587 Λὶλίμ.

236 5586 270 5640 8
356 5586 433 5651 0',
459 5586 575 5639 Σίν.
626 5653 629 5654 ν

236 5586 328 5651 86)
356 5586 433 5651 0',
459 5586 575 5639 Σίν.

234 5655 326 5725 87)
358 5655 437 5719 0',
466 5653 685 5719 Αῑλοῦς.

213 5724 330 5798 (88)
362 5727 440 5798 οἷς
487 5724 760 5798 Ἀςηρώθ-

215 5793 331 5869 (89)
363 5796 441 5865 0',
475 5793 724 5853 Λεὸὦνά.
755 5796 981 5864 Ibidem,
1009 5803 1051 5852 0'
1088 5794 1340 5865 Ῥεσσών,
1368 5810 1469 5870 pro
1489 5793 1717 5861 Δεσσάν,

1822 4588 1998 4658 prima
2027 4589 2234 4644 mensis
2260 4607 2273 4643 :
2301 4603 2427 4644 cum
2474 4589 2701 4644 vixisset
2732 4604 2910 4644 annos
2948 4599 3170 4646 centum
3199 4591 3394 4664 viginti

1818 4687 1953 4735 tres.
1993 4677 2069 4734 De
2106 4687 2291 4735 monte
2339 4679 2450 4735 Hor
2481 4681 2547 4736 ad
2586 4679 2878 4748 Selmona;
2909 4682 2978 4738 de
3031 4681 3284 4740 Selmone
3336 4685 3397 4742 in

1819 4768 2034 4838 Phino;
2067 4771 2134 4826 de
2183 4770 2360 4826 Phino
2390 4773 2446 4827 in
2483 4769 2722 4841 Sol1otb;
2757 4773 2828 4829 de
2857 4773 3064 4830 Soboth
3099 4777 3156 4831 in
3194 4775 3308 4841 Gaz,
3337 4777 3393 4832 in

1820 4862 2076 4917 ulteriori
2105 4861 2260 4937 105
2286 4870 2442 4932 parte
2475 4862 2543 4917 ad
2571 4863 2841 4920 terminos
2879 4861 3075 4933 Moab;
3104 4866 3173 4923 de
3204 4865 3297 4923 ϐω
3336 4867 3393 4922 in

1820 4952 2162 5023 Daebongad;
2207 4969 2238 5008 a
2268 4953 2575 5025 Daebongad
2603 4953 2673 5008 ad
2695 4953 3267 5026 Gelmondeblatbem;
3326 4957 3397 5014 de

1821 5045 2366 5102 Gelmondeblathem
2418 5045 2487 5101 ad
2551 5054 2767 5103 montes
2808 5047 3031 5102 Abarim
3080 5063 3113 5103 e
3171 5049 3403 5119 regione

1819 5138 2009 5207 Abau;
2035 5138 2100 5193 de
2133 5137 2414 5195 montibus
2450 5138 2675 5194 Abarim
2713 5139 2782 5195 ad
2813 5140 3153 5197 occidentem
3208 5139 3391 5207 Moab.

1823 5246 1995 5304 prope
2043 5229 2339 5286 Iordanem
2384 5229 2542 5302 juxta
2589 5229 2831 5298 Jericho,
2879 5233 2974 5289 ubi
3021 5236 3404 5290 castrametati.

1823 5333 1974 5380 sunt.
2006 5323 2319 5379 Mansiones
2341 5330 2472 5380 sunt
2500 5323 2866 5396 quadraginta
2893 5331 3028 5382 tres.

1822 5503 2141 5588 “proclivi
2167 5503 2511 5588 mutatione;
2527 5503 2622 5558 τοῦ
2653 5516 2698 5565 ’π
2730 5507 2783 5560 in
2810 5516 2865 5588 τ’.

1914 5573 1983 5633 90
2037 5574 2115 5639 0’,
2146 5576 2226 5637 εἰς
2273 5573 2541 5647 Ἐὁρωνά,
2581 5591 2648 5629 ex
2680 5581 2933 5646 repetito,
2967 5594 3020 5641 6,
3052 5577 3324 5648 Σεὸρωνά.

1891 5577 2008 5720 ξω)
2044 5646 2122 5708 0',
2161 5641 2377 5720 ἐὶ-ϐαρύ,Δ
2401 5658 2469 5699 ex
2510 5646 2739 5716 repetito
2770 5662 2802 5699 6
2844 5649 3265 5718 praepositionis,
3294 5664 3319 5701 ε

1918 5642 2008 5719 91)
2044 5646 2122 5708 0',
2161 5642 2469 5713 Ὠὄώμ,ὀι
2510 5642 2802 5716 repetito—6
2844 5642 3265 5718 praepositionis,
3294 5649 3403 5713 εἰς,

1918 5726 2025 5766 tum
2051 5720 2154 5766 est.
2182 5708 2403 5766 Σωόὠθ.

1820 5720 2025 5775 factum
2051 5720 2154 5778 est,
2183 5720 2403 5767 Σωδώθ.

1892 5786 2005 5857 (92)
2041 5784 2118 5852 0',
2149 5782 2477 5855 Δεϐλαθαῒμ.
