3886 6182
473 334 578 387 307

1593 334 1650 391 S.
1693 335 2156 393 ATHANASIUS.
2194 367 2266 379 —
2303 334 2529 393 DUBiA.

3631 332 3748 388 508

487 451 752 522 Ἀϐαρεὶμ
815 449 1076 504 ἀπέναντι
1127 449 1292 504 Ἀϐαὖ
1337 448 1481 523 (95)⁸
1521 453 1628 506 ἀπὸ
1702 454 1875 526 ὀρέων
1927 456 2194 528 Ἀϐαρεὶμ
2243 460 2323 520 είς
2390 455 2600 528 δυσμὰς
2640 453 2853 521 Μωάϐ,
2905 453 3058 526 παρά
3108 452 3203 507 τοῦ
3274 452 3539 528 Ἰορδάνου
3593 452 3750 508 κατά

487 546 718 617 Ἰεριχὼ,
758 546 854 600 καὶ
891 545 1258 619 παρενέϐαλον
1298 546 1450 620 παρὰ
1499 548 1789 620 Ἰορδάνην.
1838 552 1900 604 Ol
1945 551 2044 622 μὲν
2081 551 2312 623 σταθμοὶ
2334 558 2444 623 μγθ.

549 642 650 696 Hic
678 657 808 698 vero
839 643 1060 697 tandem
1099 651 1254 698 trans
1279 641 1574 698 Jordanem
1618 644 1756 700 fusis
1801 661 1864 700 ac
1893 647 2048 702 devi-
2077 653 2124 709 Α

480 737 584 788 ctis
620 733 876 803 gentibus
902 733 1136 805 Moyses,
1173 748 1238 788 ac
1267 735 1467 789 occisis
1500 734 1681 789 Sebon
1711 752 1838 806 rege
1863 737 2059 791 Amor-

482 829 778 893 rhzcorum,
827 835 880 883 et
924 826 1004 898 0g
1055 843 1182 898 rege
1237 827 1436 894 Basan,
1483 829 1578 898 qui
1629 845 1696 884 ex
1747 830 2059 900 gigantibus

484 928 625 981 erat,
670 932 766 972 eas
811 918 1066 987 regiones
1119 916 1433 983 Rubenitis,
1469 916 1680 973 Gaditis
1725 927 1780 973 et
1821 920 2060 974 dimidiae

483 1009 650 1064 tribui
686 1007 936 1064 Manasse
965 1007 1084 1062 dari
1113 1008 1362 1078 jubetur,
1398 1009 1726 1080 disponique
1756 1017 1816 1063 ut
1855 1010 2060 1065 Levitis

487 1101 584 1155 ﬁlii
619 1100 782 1156 Israel
815 1101 883 1155 de
911 1101 1279 1170 possessionis
1321 1117 1433 1158 suae
1462 1104 1705 1158 sortibus
1749 1103 1946 1158 darent
1980 1105 2061 1158 ci-

483 1193 683 1248 vitates
741 1191 807 1246 ad
861 1189 1252 1257 habitandum,
1306 1199 1359 1246 et
1405 1191 1694 1246 civitatum
1752 1193 2058 1249 suburbia:

486 1283 684 1338 deinde
726 1291 780 1338 et
828 1283 1080 1338 civitates
1125 1282 1344 1352 refugii,
1381 1292 1492 1338 tres
1544 1292 1699 1338 trans
1743 1283 2059 1347 Iordanem,

485 1380 541 1427 ct
571 1380 679 1426 tres
718 1373 774 1426 in
825 1381 969 1427 terra
1015 1371 1300 1435 Chanaan,
1332 1387 1454 1442 quae
1495 1373 1562 1426 ad
1609 1373 1714 1426 hoc
1744 1375 1932 1443 posita:
1975 1388 2064 1428 es-

489 1471 632 1528 sent,
673 1472 733 1518 ut
769 1463 835 1517 ad
863 1479 957 1520 eas
991 1466 1220 1535 fugeret,
1254 1465 1299 1520 si
1326 1465 1601 1534 quispiam
1631 1465 1908 1520 hominem
1932 1479 2066 1519 con-

489 1566 573 1612 tra
604 1559 770 1612 animi
803 1560 887 1615 sui
921 1561 1249 1614 sententiam
1278 1559 1596 1623 occidisset,
1626 1575 1694 1612 ne
1718 1558 2066 1628 prazcipitan-

487 1659 570 1703 ter
609 1651 680 1704 ab
723 1651 896 1706 occisi
941 1659 1173 1721 cognato
1214 1651 1588 1721 deprehensus
1636 1651 2065 1716 interimeretur,

487 1740 663 1795 donec
688 1741 900 1812 judicio
931 1758 1119 1797 coram
1174 1741 1464 1813 Synagoga
1510 1741 1628 1797 sisti
1660 1749 1867 1811 posset.
1898 1740 2067 1796 Jube-

486 1841 580 1887 tur
613 1834 718 1888 hoc
749 1835 888 1890 libro
919 1836 1154 1906 populus
1181 1835 1426 1890 ﬁmbrias
1465 1835 1520 1888 in
1551 1835 1736 1904 palliis
1766 1836 1969 1901 facere,
2013 1841 2068 1890 et

488 1925 722 1981 ﬁmbriis
749 1927 1042 1982 adnectere
1066 1928 1232 1982 vittas
1262 1927 1668 1998 byacinthinas,
1703 1934 1763 1980 ut
1797 1928 1906 1981 illis
1935 1941 2068 1981 con-

2222 643 2347 701 Ὧδε
2379 649 2438 702 δὲ
2473 646 2762 720 τροπώσας
2793 646 2888 700 καὶ
2925 646 3206 718 κρατήσας
3229 643 3420 707 ἐθνῶν,
3447 644 3506 697 ἐν
3537 641 3618 713 τῷ
3639 641 3749 695 πέ-

2162 758 2265 811 ραν
2305 740 2401 793 τοῦ
2455 740 2716 811 Ἰορδάνου
2758 739 3027 808 Μωῡσῆς,
3075 737 3168 790 καὶ
3220 735 3598 808 ἀναιρεθέντος
3645 735 3748 788 τοῦ

2159 829 2314 902 Σηὼν
2350 830 2615 900 βασιλέως
2645 830 2752 883 τῶν
2795 829 3160 900 ’Δμορραίων,
3199 829 3293 882 καὶ
3331 827 3423 880 τοῦ
3452 830 3550 896 ’Ὡγ
3583 828 3751 898 βασι-

2159 918 2296 981 λέως
2322 919 2420 988 τῆς
2450 919 2650 982 Βασὰν,
2681 918 2740 981 ὃς
2777 913 2846 988 ἦν
2875 920 2940 971 ἐκ
2981 917 3089 970 τῶν
3134 917 3426 986 γιγάντων,
3460 918 3750 972 κελεύεται

2160 1007 2430 1062 διαδοῦναι
2464 1009 2562 1070 τάς
2608 1006 2790 1078 χώρας
2822 1006 2900 1078 τῷ
2944 1006 3189 1076 Ῥουϐὶμ,
3231 1005 3432 1077 καὶτῷ
3478 1007 3605 1072 Γὰδ,
3654 1009 3755 1060 καὶ

2161 1099 2237 1170 τῷ
2269 1100 2456 1170 ἡμίσει
2492 1099 2665 1170 φυλῆς
2704 1099 2991 1169 Μανασσῆ,
3038 1099 3130 1151 καὶ
3166 1098 3418 1163 συντάξαι
3452 1103 3565 1162 τοῖς
3612 1101 3754 1162 υἱοῖς

2174 1188 2390 1259 Ἰσραὴλ
2427 1188 2610 1241 δοῦναι
2649 1191 2760 1252 τοῖς
2792 1189 3047 1251 Λευῖταις
3099 1188 3203 1242 ἀπὸ
3240 1188 3350 1240 τῶν
3376 1187 3595 1259 κλήρων
3646 1189 3755 1257 τῆς

2163 1279 2545 1349 κατασχέσεως
2579 1279 2756 1332 αὐτῶν
2804 1280 2986 1343 πόλεις
3030 1282 3304 1332 κατοικεῖν
3359 1279 3455 1332 καὶ
3501 1279 3568 1332 τά
3608 1297 3754 1350 προ-

2163 1372 2357 1427 άστεια
2376 1372 2484 1425 τῶν
2508 1371 2716 1427 πόλεων
2735 1389 2750 1402 ·
2771 1373 2863 1425 καὶ
2891 1373 3054 1425 πάλιν
3071 1371 3253 1424 δοῦναι
3270 1371 3454 1434 πόλεις
3479 1371 3757 1439 φυγαδευ-

2163 1466 2388 1536 τηρίων,
2421 1468 2570 1536 τρεῖς
2613 1466 2710 1536 μὲν
2752 1465 2925 1537 πέραν
2963 1465 3055 1518 τοῦ
3104 1464 3391 1536 Ἰορδάνου,
3415 1467 3562 1534 τρεῖς
3596 1463 3654 1516 δέ
3696 1465 3756 1516 ἐν

2164 1560 2234 1627 γῇ
2266 1557 2508 1621 Χαναὰν,
2530 1558 2623 1610 καὶ
2653 1553 2791 1610 εἶναι
2813 1558 3016 1620 ταύτας
3039 1557 3132 1610 ἐπὶ
3160 1556 3236 1627 τῷ
3271 1558 3608 1625 καταφυγεῖν
3634 1556 3758 1608 ἐκεῖ

2162 1648 2255 1701 τὸν
2298 1648 2568 1711 ἀκουσίως
2617 1649 2974 1718 φονεύσαντα,
3023 1649 3118 1702 καὶ
3165 1648 3240 1720 μὴ
3271 1647 3558 1720 προπετῶς
3593 1648 3756 1700 ἀναι-

2170 1741 2378 1812 ρεῖσθαι
2407 1743 2512 1795 ὑπὸ
2533 1740 2629 1795 τοῦ
2662 1742 2957 1812 συγγενοῦς
2988 1742 3084 1794 τοῦ
3114 1741 3482 1810 φονευθέντος,
3511 1741 3618 1802 ἕως
3650 1741 3754 1810 στῇ

2165 1828 2349 1882 ἔναντι
2378 1830 2478 1900 τῆς
2513 1831 2835 1901 συναγωγῆς
2871 1833 2951 1894 είς
2979 1832 3178 1902 κρίσιν.
3225 1832 3314 1884 Ἐν
3345 1831 3520 1902 τούτῳ
3553 1829 3635 1900 τῷ
3667 1829 3756 1901 βι-

2169 1920 2302 1991 ϐλίῳ
2329 1921 2607 1974 κελεύεται
2641 1924 2668 1974 ὁ
2690 1922 2817 1984 λαὸς
2847 1923 3069 1992 ποιῆσαι
3092 1921 3374 1993 κράσπεδα
3403 1923 3460 1974 ἐν
3493 1925 3604 1985 τοῖς
3628 1923 3758 1992 ίμα-

489 2019 696 2087 spectis
717 2020 1099 2074 mandatorum
1128 2019 1223 2073 Dei
1255 2035 1324 2074 ne
1349 2019 1828 2074 obliviscerentur.
1854 2018 1952 2073 Hic
1983 2033 2070 2072 ac-

2176 2011 2304 2074 τίοις
2337 2011 2565 2076 ἑαυτῶν,
2603 2012 2698 2065 καὶ
2735 2012 2828 2064 ἐπὶ
2873 2011 2982 2065 τῶν
3023 2013 3345 2084 κρασπέδων
3388 2013 3619 2082 κλῶσμα
3653 2014 3756 2064 ὑαα

487 2110 702 2180 cipiunt
741 2119 795 2167 et
826 2111 949 2166 ﬁliae
979 2110 1218 2182 Salpaad
1259 2118 1464 2166 sortem
1495 2111 1670 2181 patris
1717 2111 1824 2175 sui,
1863 2117 1916 2165 et
1947 2111 2070 2164 illa-

488 2217 614 2256 rum
644 2205 934 2259 occasione
957 2205 1277 2258 mandatum
1314 2202 1528 2256 Domini
1561 2203 1744 2268 datur,
1779 2210 1833 2257 et
1862 2203 1949 2256 lex
1971 2216 2071 2272 po-

488 2297 663 2360 nitur,
698 2311 806 2364 qua
830 2311 928 2365 pro
957 2296 1216 2366 legitimis
1241 2297 1615 2351 decernuntur
1635 2309 1759 2348 cum
1785 2294 2072 2348 consobri-

488 2389 577 2442 nis
606 2389 739 2442 inita
764 2389 886 2458 conj
897 2389 1040 2459 ugia.
1071 2387 1286 2460 Moyses
1306 2403 1436 2443 vero
1459 2399 1661 2443 terram
1686 2386 2070 2457 promissionis

489 2477 628 2533 vidit
667 2479 732 2534 de
774 2486 960 2533 monte
987 2477 1233 2542 Abarim,
1270 2477 1375 2531 hoc
1419 2486 1506 2532 est
1535 2477 1688 2531 Abau
1716 2495 1730 2530 :
1756 2477 2071 2545 audivitque

491 2586 524 2625 a
558 2570 690 2633 Deo,
723 2571 870 2641 quod
904 2571 1053 2624 illam
1092 2570 1445 2639 ingressurus
1481 2583 1590 2622 non
1631 2575 1800 2632 esset,
1848 2575 2072 2638 propter

491 2663 969 2717 exacerbationem
1007 2659 1074 2714 ad
1109 2675 1308 2730 aquam
1356 2659 1810 2714 eontradictionis
1845 2659 2068 2714 factam.

491 2757 742 2812 Mortuus
776 2764 862 2810 est
899 2763 1082 2807 autem
1113 2752 1295 2806 Aaron
1321 2767 1592 2806 annorum
1627 2760 1844 2806 centum
1875 2751 2071 2821 viginti

491 2849 682 2909 trium,
729 2860 876 2899 anno
934 2852 1057 2915 post
1100 2845 1302 2898 exitum
1348 2842 1570 2914 Egypti
1625 2842 2070 2913 quadragesimo,

491 2945 682 2986 mense
711 2930 922 2999 quinto.
958 2929 1062 2994 Qui
1103 2939 1282 2982 autem
1315 2928 1383 2981 ad
1417 2928 1813 2997 explorandam
1867 2937 2068 2982 terram

493 3021 650 3076 missi
685 3028 834 3086 sunt,
866 3020 1100 3090 quisque
1138 3019 1206 3073 de
1235 3033 1334 3073 sua
1365 3019 1534 3084 tribu,
1565 3020 1722 3088 juxta
1755 3020 2072 3073 mandatum

493 3111 710 3165 Domini
755 3111 1029 3180 desumpti
1075 3116 1241 3164 sunt:
1267 3109 1464 3164 horum
1496 3111 1720 3164 nomina
1762 3119 1891 3165 sunt
1919 3113 2070 3166 ista:

494 3202 573 3258 De
603 3203 745 3257 tribu
777 3201 992 3265 Ruben,
1028 3200 1283 3255 Salamiel
1319 3201 1462 3255 ﬁlius
1504 3201 1786 3267 Zaccliur;
1824 3202 1891 3257 de
1923 3203 2072 3257 tribu

499 3296 745 3359 Simeon,
781 3294 986 3366 Saphat
1032 3294 1176 3348 ﬁlius
1211 3293 1367 3360 Suri;
1398 3293 1466 3348 de
1504 3295 1652 3348 tribu
1675 3295 1835 3361 Juda,
1867 3295 2071 3350 Chaleb

496 3389 642 3442 ﬁlius
669 3386 949 3456 Jepbone;
974 3385 1041 3440 de
1069 3385 1216 3438 tribu
1241 3385 1485 3449 lsacbar,
1515 3387 1646 3439 Ilaal
1672 3387 1816 3441 lilius
1836 3386 2070 3456 Joseph;

495 3479 565 3534 de
617 3477 766 3532 tribu
815 3476 1098 3545 Ephraim,
1142 3475 1353 3531 Nauses
1400 3476 1542 3532 ﬁlius
1589 3477 1768 3545 Nave;
1819 3479 1886 3533 de
1926 3480 2073 3533 tribu

497 3571 811 3639 Benjamin,
846 3567 1067 3622 Pbaltin
1102 3567 1248 3622 ﬁlius
1275 3567 1503 3638 Raphu;
1538 3570 1605 3624 de
1635 3571 1779 3624 tribu
1807 3570 2074 3635 Zabulon,

497 3664 692 3719 Gudiel
735 3662 880 3717 ﬁlius
927 3659 1100 3726 Sudi;
1137 3661 1204 3715 de
1249 3660 1396 3714 tribu
1428 3659 1655 3732 Joseph,
1692 3663 1928 3716 ﬁliorum
1963 3663 2077 3716 Ma-

497 3771 714 3816 nasses,
755 3753 929 3808 Gaddi
978 3753 1122 3806 ﬁlius
1165 3751 1358 3819 Sussi;
1397 3751 1464 3807 de
1508 3755 1660 3807 tribu
1702 3753 1837 3816 Dan,
1889 3755 2074 3808 Amies

498 3847 644 3900 ﬁlius
671 3843 888 3909 Gaium;
921 3844 989 3898 de
1018 3843 1165 3898 tribu
1201 3844 1362 3907 Aser,
1397 3841 1599 3897 Satliur
1633 3845 1778 3899 ﬁlius
1809 3843 2074 3912 Michael;

497 3938 566 3990 de
614 3935 760 3989 tribu
806 3932 1177 4003 Nephthalim,
1210 3931 1352 3986 Nabi
1413 3931 1558 3986 ﬁlius
1611 3931 1783 3999 Nabi;
1825 3932 1890 3986 de
1926 3932 2074 3986 tribu

496 4029 632 4094 Gad,
665 4025 1029 4082 Gaddidudiel
1077 4025 1222 4080 ﬁlius
1275 4023 1472 4080 Maelii.
1508 4023 1688 4079 Locus
1737 4041 1888 4088 vero,
1933 4023 2078 4079 unde

498 4121 652 4175 missi
683 4127 831 4182 sunt,
856 4128 938 4173 est
959 4117 1178 4172 Pharan
1212 4125 1266 4172 et
1288 4116 1464 4173 Cades
1492 4118 1687 4173 Barne.
1717 4115 1872 4171 Tunc
1896 4114 2080 4170 Nause

497 4215 670 4268 ﬁlium
702 4210 850 4265 Nave
878 4209 1092 4281 Moyses
1123 4208 1313 4264 Jesum
1351 4209 1678 4264 nominavit.
1719 4207 1957 4279 Tempus
1979 4225 2079 4262 au-

497 4313 630 4365 tem,
667 4318 776 4372 quo
819 4303 975 4357 missi
1023 4307 1173 4365 sunt,
1227 4309 1346 4356 erat
1375 4301 1521 4356 veris
1571 4300 1836 4364 medium,
1873 4300 1929 4354 in
1969 4316 2080 4370 quo

495 4395 608 4464 jam
637 4394 950 4464 praematuri
983 4393 1126 4448 botri
1159 4400 1348 4460 erant;
1385 4402 1442 4448 et
1471 4394 1610 4460 dies,
1639 4394 1844 4464 quibus
1877 4401 2078 4449 terram

499 4486 876 4554 explorarunt,
911 4484 1134 4539 fuerunt
1163 4483 1544 4554 quadraginta.

2169 2103 2427 2167 κίνθινον,
2452 2103 2538 2155 ἵνα
2574 2102 2862 2173 βλέποντες
2890 2102 3029 2156 αὐτὰ
3061 2105 3135 2174 μὴ
3160 2103 3623 2158 ἐπιλανθάνωνται
3643 2102 3756 2156 τῶν

2168 2195 2397 2249 ἐντολῶν
2420 2194 2511 2247 τοῦ
2542 2194 2698 2248 Θεοῦ.
2731 2189 2858 2246 Ὧδε
2897 2194 3364 2265 λαμϐάνουσι.κλῆ
3376 2212 3463 2265 ρον
3491 2196 3547 2249 at
3583 2194 3759 2263 θυγα-

2167 2287 2326 2356 τέρες
2355 2285 2630 2346 Σαλπαάδ,
2671 2285 2766 2338 τὸν
2793 2284 2889 2337 τοῦ
2918 2282 3123 2355 πατρὸς
3160 2286 3365 2339 ἐαυτῶν
3389 2305 3400 2317 ·
3432 2287 3525 2352 καὶ
3557 2287 3624 2339 ἐκ
3657 2289 3760 2357 τῆς

2169 2377 2497 2447 προφάσεως
2527 2377 2704 2430 αὐτῶν
2733 2378 2938 2446 γίνεται
2968 2377 3295 2449 πρόσταγμα
3321 2379 3526 2450 Κυρίου
3552 2379 3647 2431 καὶ
3679 2379 3763 2430 νό-

2173 2488 2292 2542 μος,
2328 2471 2558 2540 νόμιμον
2599 2467 2736 2522 εἶναι
2780 2471 2958 2540 γάμον
2997 2472 3096 2541 τὴν
3135 2471 3271 2542 πρὸς
3303 2471 3555 2539 ἀνεψιοὺς
3590 2467 3761 2533 συζυ-

2169 2564 2314 2633 γίαν.
2345 2564 2454 2617 Καὶ
2478 2563 2716 2633 Μωῦσῆς
2737 2556 2839 2616 ὧδε
2863 2559 2998 2617 εἶδεν
3031 2564 3140 2617 ἀπὸ
3162 2562 3254 2616 τοῦ
3284 2562 3440 2634 ὅρους
3467 2561 3559 2614 τοῦ
3598 2563 3764 2614 Ἀϐα-

2171 2657 2320 2728 ρεὶμ,
2341 2655 2616 2708 τουτέστιν
2661 2655 2849 2719 Ἀϐαῦ,
2881 2656 2979 2728 τὴν
3003 2657 3108 2726 γῆν
3132 2657 3231 2726 τῆς
3261 2656 3590 2723 ἐπαγγελίας
3610 2673 3624 2684 ·
3663 2658 3764 2709 καὶ

2169 2749 2437 2819 ῆκουσενο
2473 2749 2549 2802 Οὐ
2597 2748 2670 2819 μὴ
2718 2747 2966 2819 εἰσέλθῃς
2999 2749 3116 2801 ἐκεῖ
3159 2748 3246 2802 διὰ
3276 2747 3366 2800 τὸν
3408 2748 3764 2818 παροξυσμὸν

2168 2839 2260 2892 τὸν
2290 2840 2348 2891 ἐν
2371 2837 2449 2909 τῷ
2482 2838 2634 2892 ὓδατι
2661 2839 2760 2909 τῆς
2802 2839 3127 2907 ἀντιλογίας.
3159 2839 3419 2892 Ἀπέθανε
3453 2839 3506 2891 δὲ
3544 2837 3765 2909 Ἀαρὼν

2169 2930 2308 2984 ἐτῶν
2338 2937 2457 3001 ρκγ⁹
2489 2930 2566 3002 τῷ
2590 2931 3011 3003 τεσσαρακοστῷ
3029 2930 3137 2983 έτει
3161 2931 3262 3000 τῆς
3283 2931 3459 2997 ἐξόδου
3479 2971 3494 2996 ,
3524 2930 3604 3000 τῷ
3630 2931 3764 3001 μηνὶ

2169 3021 2248 3092 τῷ
2276 3023 2532 3094 πέμπτῳ.
2573 3025 2636 3077 Ol
2661 3023 2716 3077 δὲ
2743 3022 3140 3086 ἀποσταλέντες
3166 3023 3610 3093 κατασκέψασθαι
3660 3023 3764 3092 τὴν

2169 3113 2309 3182 γῆν,
2345 3114 2408 3165 ἐκ
2459 3113 2560 3183 μὲν
2606 3113 3026 3184 προστάγματος
3056 3113 3261 3183 Κυρίου
3301 3112 3576 3183 ἀπεστάλη
3619 3113 3763 3184 ἀνὴρ

2171 3203 2401 3266 ἕκαστος
2451 3203 2593 3258 κατὰ
2650 3205 2858 3274 φυλήν’
2911 3202 2981 3256 τά
3025 3203 3083 3256 δέ
3125 3205 3365 3275 ὀνόματα
3412 3203 3591 3257 αὐτῶν
3644 3206 3764 3256 ἐστι

2172 3293 2378 3347 ταῦτα’
2414 3294 2515 3364 τῆς
2557 3296 2733 3365 φυλῆς
2775 3298 2868 3350 τοῦ
2911 3296 3138 3366 Ῥουϐὶμ
3184 3295 3464 3367 Σαλαμιὴλ
3498 3296 3609 3365 (94)
3645 3296 3765 3358 ulta;

2175 3385 2458 3457 Ζακχούρ·
2496 3388 2595 3458 τῆς
2641 3388 2815 3458 φυλῆς
2860 3389 3087 3461 Συμεὼν
3136 3387 3323 3458 Σαφὰτ
3371 3389 3483 3450 υἱὸς
3532 3387 3762 3458 Σουρείο

2173 3478 2273 3547 τῆς
2312 3477 2483 3547 φυλῆς
2532 3478 2702 3532 Ἰούδα
2749 3481 2928 3534 Χαλέϐ
2986 3483 3100 3544 υἱὸς
3158 3479 3396 3549 Ἰεφονῆ·
3451 3479 3550 3548 τῆς
3589 3478 3766 3546 φυλῆς

2187 3567 2407 3638 Ἰσαχὰρ
2474 3569 2648 3623 Ἰλαὰλ
2680 3571 2792 3635 υίὸς
2847 3573 3084 3644 Ἰωσήφο
3136 3573 3237 3642 τῆς
3291 3569 3462 3640 φυλῆς
3522 3567 3767 3640 Ἐφραῗμ

2176 3658 2400 3726 Ναυσῆς
2437 3660 2546 3730 (95)
2583 3662 2698 3724 υίὸς
2736 3663 2894 3734 Ναυῆ
2920 3681 2933 3694 ·
2980 3666 3078 3734 τῆς
3123 3663 3294 3732 φυλῆς
3323 3660 3579 3729 Βενιαμὶν
3619 3659 3767 3711 Φαλ-

2175 3751 2289 3804 τεὶν
2323 3752 2436 3815 υίὸς
2479 3753 2678 3823 Ῥαφοῦ
2698 3771 2712 3784 θ
2735 3755 2834 3825 τῆς
2869 3755 3039 3826 φυλῆς
3065 3753 3350 3808 Ζαϐουλὼν
3382 3751 3607 3822 Γουδιὴλ
3639 3751 3762 3814 υἱὸς

2177 3842 2332 3894 Σουδί
2359 3859 2372 3873 ο
2407 3844 2504 3913 τῆς
2534 3846 2704 3917 φυλῆς
2748 3846 2966 3918 Ἰωσὴφ,
2991 3847 3098 3899 τῶν
3134 3847 3263 3900 υἱῶν
3299 3845 3585 3914 Μανασσῆ,
3606 3844 3766 3897 Γαδόὶ

2185 3935 2297 3998 υἱὸς
2329 3936 2524 3988 Σουσσί
2544 3954 2555 3966 ·
2587 3941 2687 4008 τῆς
2718 3938 2888 4009 φυλῆς
2912 3939 3024 3992 -Δάν
3054 3939 3248 4010 Ἀμίης
3274 3938 3512 4008 (96)υἱὸς
3542 3938 3724 4007 Γαμαί
3745 3954 3761 3966 ·

2181 4025 2282 4094 τῆς
2316 4025 2488 4096 φυλῆς
2534 4027 2697 4100 Ἀσὴρ
2750 4029 2960 4100 Σαθοὺρ
3013 4029 3125 4092 υίὸς
3170 4028 3410 4100 Μιχαήλ·
3457 4029 3555 4097 τῆς
3590 4028 3768 4098 φυλῆς

2183 4117 2500 4188 Νεφθαλεὶμ
2553 4119 2696 4172 Nam
2751 4121 2862 4184 υἱὸς
2906 4122 3048 4173 Ναϐί
3103 4122 3244 4191 (37)·
3281 4122 3378 4191 τῆς
3432 4120 3603 4188 φυλῆς
3657 4120 3770 4171 Γὰδ

2186 4208 2559 4282 Γαδδιδουδιὴλ
2591 4212 2706 4275 υἱὸς
2740 4213 2906 4283 Μαχί.
2950 4214 3006 4266 '0
3030 4213 3085 4265 δὲ
3105 4213 3286 4275 τόπος,
3312 4213 3402 4281 ἀφ’
3437 4207 3496 4265 οὗ
3525 4213 3772 4264 ἀπεστά-

2187 4302 2362 4374 λησάν
2406 4305 2522 4356 ἐστι
2562 4304 2745 4376 Φαρὰν
2788 4306 2882 4359 καὶ
2930 4305 3117 4376 Κάδης
3159 4305 3362 4377 Βάρνη.
3403 4305 3534 4356 Τότε
3558 4305 3769 4356 ἐπωνό-

2191 4412 2328 4465 μασε
2359 4397 2601 4468 Μωῦσῆς
2637 4398 2728 4451 τὸν
2759 4398 2950 4468 Ναυσῆ
2981 4397 3072 4450 τὸν
3101 4398 3213 4452 υἱὸν
3241 4396 3400 4466 Ναυῆ
3441 4395 3668 4466 Ἰησοῦν.
3709 4397 3769 4449 Ὀ

2185 4487 2242 4540 δέ
2269 4487 2479 4560 καιρὸς,
2506 4489 2563 4541 ἐν
2607 4482 2652 4556 ᾧ
2677 4489 3054 4559 ἐπέμφθησαν,
3085 4489 3146 4541 τὸ
3173 4489 3335 4559 μέσον
3371 4487 3463 4541 τοῦ
3490 4487 3649 4557 ἔαρος
3678 4483 3769 4556 ἦν,

499 4581 560 4634 ἐν
597 4575 641 4648 ᾧ
688 4565 982 4652 πρόδρομοι
1031 4579 1308 4652 σταφυλῆς
1355 4583 1524 4634 εἰσιν*
1577 4583 1607 4635 ὁ
1649 4581 1706 4636 δὲ
1763 4581 1972 4654 χρόνος,
2025 4582 2084 4637 ὃν
2110 4583 2374 4657 ἐποίησαν
2439 4583 2934 4648 κατασκοπῶντες,
2971 4585 3029 4637 ἐν
3090 4583 3496 4654 τεσσαράκοντα
3534 4581 3774 4652 ἡμέραις

501 4675 743 4747 γέγονεν.

901 4764 1056 4819 Liber
1096 4765 1160 4831 V,
1196 4768 1684 4821 ueuteronomium.

575 4858 631 4914 9.
672 4857 740 4912 Et
782 4873 930 4912 nunc
963 4858 1166 4912 librum
1202 4858 1417 4929 Moyses
1465 4859 1828 4929 conscripsit,
1881 4866 1936 4915 et
1961 4876 2084 4931 qua:

504 4952 564 5009 in
604 4951 698 5006 illo
735 4957 863 5006 sunt
893 4950 1111 5006 locutus
1151 4957 1254 5006 est.
1307 4949 1549 5004 Vocatur
1597 4959 1780 5006 autem
1823 4951 1930 5005 hoc
1982 4967 2084 5006 no-

505 5044 676 5106 mine,
724 5041 872 5111 quod
904 5049 1028 5110 post
1055 5048 1336 5110 acceptam
1381 5041 1438 5095 in
1480 5040 1682 5096 tabulis
1718 5041 1981 5112 scriptam
2005 5043 2084 5098 le--

505 5152 651 5207 gem,
692 5134 862 5189 veluti
905 5133 1204 5188 secundam
1243 5133 1438 5203 legem,
1484 5133 1650 5189 hosce
1688 5134 1812 5188 libri
1850 5150 2088 5204 praesen-

506 5229 580 5283 tis
631 5243 936 5291 sermones,
979 5241 1048 5281 ex
1100 5235 1374 5296 praecepto
1405 5225 1620 5280 Domini
1661 5225 1871 5298 Moyses
1897 5226 2086 5283 lsraeli

509 5319 726 5373 locutus
751 5320 840 5373 sit.
873 5317 1008 5371 Nam
1039 5325 1398 5387 posteaquam
1428 5318 1644 5388 Moyses
1669 5335 1790 5388 quae
1820 5320 1924 5373 hoc
1948 5321 2087 5375 libro

510 5411 864 5465 continentur
894 5410 1112 5464 locutus
1145 5417 1313 5472 esset,
1356 5407 1424 5462 ad
1459 5409 1604 5464 hunc
1639 5410 1858 5464 modum
1891 5412 1945 5465 in
1981 5413 2087 5466 isto

511 5497 938 5555 Deuteronomio
955 5515 1019 5555 ea
1043 5500 1357 5572 conscripta
1386 5509 1548 5558 sunt:
1572 5519 1591 5554 ι
1621 5500 1746 5558 llaec
1771 5513 1900 5559 sunt
1922 5503 2084 5560 verba

585 5633 692 5704 (93)
729 5633 804 5696 0',
836 5635 1044 5689 Ναϐαύ.

582 5705 694 5760 (ὓς-ἱ)
735 5709 809 5765 0',
843 5706 1112 5772 Σαμουὴλ.

587 5777 697 5846 (υῦ)
732 5774 807 5841 (P',
844 5775 1013 5847 Αὺσή.
1058 5776 1180 5833 Mox
1207 5779 1280 5849 θ’,
1312 5778 1493 5834 Φαλιί.

2110 4817 2166 4877 1)

2541 4763 2784 4818 Βιϐλίον
2822 4769 2888 4828 ε’,
2930 4763 3409 4832 Δευτερονόμιον.

2258 4858 2312 4914 9.
2353 4857 2464 4912 Καὶ
2484 4855 2643 4910 τοῦτο
2673 4855 2874 4926 βιϐλίον
2898 4856 3136 4926 Μωῦσῆς
3157 4855 3385 4927 ἐλάλησε
3415 4857 3509 4910 καὶ
3541 4856 3768 4928 ἔγραψε.

2188 4951 2454 5005 Καλεῖται
2483 4949 2538 5002 δέ
2576 4947 2768 5014 οὕτως,
2804 4949 2988 5019 ἐπειδὴ
3040 4947 3178 5019 μετὰ
3209 4948 3278 5000 τὰ
3319 4953 3682 5020 γεγραμμένα
3713 4955 3772 5004 ἐν

2187 5045 2311 5106 ταῖς
2355 5040 2538 5107 πλαξὶ,
2570 5040 2819 5111 δεύτερον
2851 5041 3040 5110 ὥσπερ
3084 5041 3244 5110 νόμον
3275 5043 3402 5104 τοὺς
3435 5041 3625 5108 λόγους
3673 5044 3768 5095 τοῦ

2192 5135 2398 5207 βιϐλίου
2454 5134 2646 5188 τούτου
2703 5133 2929 5204 ἐλάλησε
2995 5133 3234 5204 Μωῦσῆς
3291 5134 3368 5204 τῷ
3438 5133 3648 5204 Ἰσραὴλ
3705 5137 3770 5188 ἐκ

2193 5227 2615 5300 προστάγματος
2645 5225 2870 5297 Κυρίου.
2888 5226 3044 5280 Μετὰ
3071 5225 3178 5295 γὰρ
3197 5225 3256 5278 τὸ
3280 5225 3507 5296 λαλῆσαι
3533 5227 3771 5296 Μωῦσῆν

2190 5321 2262 5374 τὰ
2298 5323 2357 5374 ἐν
2390 5319 2468 5386 τῷ
2499 5318 2686 5388 βιϐλίῳ
2731 5317 2928 5386 τούτῳ,
2958 5317 3266 5388 γέγραπται
3311 5317 3484 5381 οὕτως
3522 5319 3580 5370 ἐν
3622 5319 3772 5388 αὐτῷ

2191 5411 2366 5482 τούτῳ
2392 5409 2470 5480 τῷ
2505 5409 2939 5479 Δευτερονομίῳ·
2985 5427 3004 5458 ι
3043 5404 3200 5462 Οὗτοι
3242 5409 3292 5461 οἱ
3348 5409 3495 5477 λόγοι
3528 5412 3624 5479 τῆς
3655 5409 3770 5463 δια-

2193 5502 2388 5575 θήκης,
2427 5501 2526 5554 ὅσα
2576 5499 2879 5553 ἐνετείλατο
2919 5499 3121 5570 Κύριος
3167 5502 3375 5571 Μωῦσῇ
3423 5501 3616 5571 στῆσαι
3656 5504 3771 5567 τοῖς

2267 5635 2378 5708 (96)
2409 5637 2483 5698 (γ,
2531 5637 2746 5708 manu.

2266 5705 2376 5780 (97)
2407 5709 2481 5776 οι,
2514 5705 2690 5764 masc"
2713 5707 2813 5780 τῆς
2839 5705 3010 5778 φυλῆς
3037 5707 3144 5763 Γὰδ
3169 5707 3410 5780 revelat.
