3890 6200
217 255 340 312 509

1303 252 1645 310 SYNOPSIS
1679 253 2090 309 διξῐιιρτῐῑιιιε
2133 250 2405 308 SACILE.

3394 243 3499 297 510

219 372 369 433 υἱοῖς
409 367 626 441 Ἰσραὴλ
647 369 707 421 ἐν
746 368 823 439 γῇ
856 364 1056 430 Μωὰϐ,
1104 363 1244 436 πλὴν
1286 365 1389 435 τῆς
1434 364 1718 436 διαθήκης,
1748 358 1799 435 ἧς

1922 360 2166 426 foederis,
2221 376 2342 430 quae
2376 357 2642 413 Dominus
2694 354 2866 427 Moysi
2900 352 3157 425 praecepit
3194 365 3501 424 proponere

218 462 439 516 διέθετο
479 462 663 524 αὐτοῖς
707 462 768 513 ἐν
815 458 1040 531 Χωρήϐ.
1083 477 1102 509 ι
1141 456 1240 511 Διὰ
1285 457 1442 511 τοῦτο
1479 457 1588 528 γάρ
1626 458 1681 510 αί
1716 456 1814 527 μὲν

219 556 439 618 πλάκες
463 555 522 606 ἐν
552 550 755 623 Χωρὴϐ
790 552 1053 622 εἴρηνται,
1088 550 1184 603 καὶ
1228 550 1286 602 ἐν
1320 548 1469 620 μέσῳ
1501 548 1604 617 τῆς
1643 547 1815 601 κιϐω-

217 646 325 700 τοῦ
364 646 627 716 ἐτέθησαν
648 661 663 676 ο
710 643 773 697 τὸ
808 643 866 696 δὲ
894 642 1098 713 βιϐλίον
1128 639 1287 695 τοῦτο
1318 640 1619 694 ἐνετείλατο
1650 641 1816 693 Μωῦ-

222 738 332 810 σῆς
367 742 483 802 τοῖς
515 735 721 810 ἱερεῦσι
755 738 869 799 τοῖς
903 736 1116 807 αἴρουσι
1147 735 1248 805 τὴν
1277 733 1509 787 κιϐωτὸν
1548 732 1716 785 θεῖναι
1749 734 1815 785 ἐκ

218 828 475 896 πλαγίων
505 827 604 896 τῆς
630 823 868 879 κιϐωτοῦ
903 827 982 888 είς
1013 822 1311 898 μαρτύριον
1332 839 1347 854 ·
1382 823 1520 895 ὅπερ
1548 823 1641 876 καὶ
1671 820 1813 875 κατὰ

218 916 371 971 ἑπτὰ
402 917 502 987 ἐτη
532 914 835 969 ἐνετείλατο
865 913 1330 984 ἀναγινώσκεσθαι
1346 915 1405 968 ἐν
1430 916 1497 985 τῇ
1518 912 1812 984 ἡμέρᾳτῖκ

215 1008 496 1077 ἀφέσεως,
546 1008 636 1060 ὅτε
672 1008 768 1060 καὶ
810 1008 845 1078 ἡ
889 1005 1217 1077 Σκηνοποιία
1245 1005 1479 1073 ἐγένετο.
1512 1004 1660 1075 Αὕτη
1712 1004 1812 1076 μὲν

217 1099 423 1170 πρώτη
447 1099 597 1152 αίτία
629 1099 730 1169 τῆς
760 1097 1055 1170 ὀνομασίας
1085 1096 1180 1151 τοῦ
1229 1095 1430 1167 βιϐλίου
1448 1113 1462 1128 ’
1489 1095 1718 1167 δευτέρα
1753 1096 1811 1149 δέ

216 1190 391 1243 πάλιν
433 1190 617 1261 ἑτέρα,
649 1188 839 1261 ἐπειδὴ
894 1191 952 1243 ἐν
986 1186 1137 1259 αὐτῷ
1181 1187 1441 1260 δευτεροϊ,
1493 1187 1588 1241 καὶ
1627 1187 1811 1240 διεσά-

218 1297 369 1351 φησε
403 1280 579 1333 πάντα
605 1278 677 1334 τὰ
706 1279 1082 1350 προειρημένα
1112 1278 1170 1333 ἐν
1195 1295 1255 1331 τε
1283 1282 1352 1349 τῇ
1393 1277 1588 1350 Ἐξόδῳ
1614 1277 1708 1331 κα)⁵
1733 1275 1809 1348 τῷ

212 1371 517 1443 Δευῖτικῷ,
551 1371 647 1425 καὶ
674 1375 787 1435 τοῖς
824 1369 1124 1442 ’Δριθμοῖς,
1157 1370 1364 1440 νόμιμά
1388 1387 1447 1423 τε
1471 1370 1565 1423 καὶ
1587 1369 1810 1423 δικαιώ-

217 1481 375 1534 ματα
432 1464 529 1517 καὶ
571 1462 1003 1534 προστάγματασ
1053 1462 1149 1516 καὶ
1199 1462 1604 1533 ὑπομιμνήσκει
1646 1462 1810 1516 πάλιν

212 1555 311 1606 τὸν
337 1553 490 1618 λαὸν,
518 1553 607 1607 ῐνα
628 1551 839 1624 φυλάξῃ
869 1552 1026 1608 αὐτά.
1061 1553 1173 1607 Καὶ
1195 1553 1635 1624 ἐπαναλαμϐάνει
1665 1552 1719 1606 δὲ
1749 1554 1808 1607 ἐν

210 1645 367 1717 αὐτῷ
400 1646 501 1717 τήν
520 1661 582 1698 τε
614 1646 709 1697 ἀπ’
730 1644 1006 1714 Αἰγύπτου
1034 1642 1230 1711 ἔξοδον,
1259 1645 1354 1699 καὶ
1384 1645 1565 1708 πάσας
1588 1644 1688 1710 τὰς
1720 1662 1809 1715 γε-

208 1741 525 1811 γενημένας
550 1738 733 1803 αὐτοῖς
778 1738 1118 1810 εὐεργεσίας,
1148 1738 1244 1792 καὶ
1278 1738 1346 1791 τὰ
1371 1741 1590 1810 σημεῖα,
1622 1737 1802 1793 καὶτὰ

208 1830 455 1902 τέρατα⁶
495 1829 582 1883 ἵνα
628 1828 703 1901 μὴ
751 1829 1115 1907 ἐπιλάθωνται
1155 1828 1250 1882 τοῦ
1292 1830 1617 1901 ποιήσαντος
1662 1826 1803 1882 αὐτὰ

210 1920 375 1975 Θεοῦ.
425 1919 626 1993 Ὀρίζει
653 1921 711 1975 δὲ
740 1922 800 1974 ἐν
827 1919 977 1991 αὐτῷ
1009 1920 1139 1993 περί
1165 1937 1226 1973 τε
1264 1920 1365 1990 τῆς
1410 1920 1660 1989 εὐλογίας
1690 1923 1804 1985 τοῖς

210 2012 554 2081 φυλάσσουσι
593 2012 687 2065 τὸν
733 2012 917 2082 νόμον,
950 2011 1046 2065 καὶ
1072 2011 1171 2082 τῆς
1203 2010 1448 2082 κατάρας
1481 2012 1595 2073 τοῖς
1624 2027 1804 2081 παρα-

210 2104 492 2161 ϐαίνουσιν
513 2121 528 2135 ·
562 2105 652 2159 ἵνα
676 2105 712 2175 ἡ
758 2104 856 2175 μὲν
882 2103 1101 2173 εὐλογία
1132 2102 1359 2174 λέγηται
1388 2104 1446 2157 ἐν
1471 2102 1550 2174 τῷ
1583 2102 1697 2175 ὄρει
1721 2102 1802 2174 τῷ

205 2187 468 2268 Γαριζεὶν
485 2195 572 2251 διὰ
596 2196 802 2249 τούτων
818 2211 832 2226 ο
852 2195 942 2249 διὰ
970 2193 1216 2265 Συμεὼν,
1239 2194 1391 2258 Λευῒ,
1427 2195 1625 2261 Ἰούδα,
1666 2196 1703 2248 ’l
1709 2212 1803 2248 σα-

207 2288 345 2359 χὰρ,
400 2287 616 2360 Ἰωσὴφ,
654 2286 749 2341 καὶ
773 2286 1031 2358 Βενιαμίν
1050 2302 1063 2315 °
1096 2289 1131 2358 ἠ
1161 2287 1217 2340 δὲ
1245 2287 1458 2359 κατάρα
1495 2289 1554 2341 ἐν
1577 2286 1656 2359 τῷ
1682 2287 1800 2359 ὄρει

208 2379 421 2433 Γαιϐάλ
465 2380 575 2434 άπὸ
618 2377 867 2450 Ῥουϐὶμ,
912 2378 1040 2444 Γὰδ,
1088 2379 1277 2450 Ἀσὴρ,
1321 2375 1628 2443 Ζαϐουλὼν,
1669 2377 1797 2443 Δὰν,

206 2471 307 2524 καὶ
324 2470 668 2541 Νεφθαλείμ.
702 2469 851 2542 Πρός
884 2470 1190 2542 ὑπόμνησιν
1219 2468 1277 2523 δέ
1307 2470 1403 2522 καὶ
1428 2469 1526 2540 τὴν
1559 2468 1649 2522 διὰ
1674 2485 1802 2523 παν-

205 2563 304 2626 τὸς
344 2562 599 2634 μελέτην,
634 2560 872 2633 ἔγραψεν
905 2563 973 2616 ἐκ
1002 2562 1424 2635 προστάγματος
1459 2560 1664 2631 Κυρίου
1701 2559 1801 2632 τὴν

211 2653 462 2726 μεγάλην
501 2654 691 2726 ᾨδήν·
728 2655 840 2719 ἵνα,
879 2652 1084 2725 ταύτην
1124 2652 1459 2724 ἐκμαθόντες
1496 2652 1583 2705 ἀεί
1611 2669 1671 2705 τε
1706 2669 1802 2722 με.

205 2745 475 2809 λετῶντες
508 2745 698 2818 αὐτὴν,
736 2746 811 2817 μὴ
844 2744 1206 2799 ἐπιλάθωνται
1235 2742 1331 2798 τοῦ
1366 2740 1521 2798 Θεοῦ.
1561 2742 1801 2815 Εὐλογη-

206 2855 310 2901 σας
359 2855 422 2892 τε
472 2839 708 2909 ἑκάστην
757 2836 930 2909 φυλὴν
977 2838 1072 2891 καὶ
1102 2835 1320 2908 γράψας
1365 2835 1462 2906 τὴν
1529 2834 1796 2904 εὐλογίαν,

204 2930 303 2982 καὶ
348 2929 559 2994 ἐπιθεὶς
597 2928 925 3002 τάςχεῖρας
953 2928 1119 2983 αὐτοῦ
1168 2928 1262 2981 ἐπὶ
1300 2926 1393 2981 τὸν
1447 2924 1652 2997 Ἰησοῦν
1701 2925 1796 2980 τοῦ

203 3022 390 3094 Ναυῆ,
424 3024 507 3087 είς
534 3022 597 3076 τὸ
623 3021 878 3087 δέξασθαι
916 3021 1078 3076 αὐτὸν
1106 3019 1247 3075 κατὰ
1282 3020 1610 3091 πρόσταγμα
1636 3016 1793 3082 Θεοῦ,

205 3075 389 3187 ἀνέϐη,
430 3075 641 3168 λοιπον
893 3113 1019 3186 ὅρος
1065 3113 1127 3168 τὸ
1187 3075 1473 3185 Ἀϐαρεὶμ,
1505 3075 1795 3165 ’τουτέστιν
1822 3075 1868 3137 c

217 3206 415 3272 ’Δϐαῦ,
463 3206 559 3261 καὶ
603 3205 953 3277 ἐτελεύτησεν
1001 3206 1117 3258 ἐκεῖ
1162 3203 1252 3257 διὰ
1300 3205 1544 3273 ῥήματος
1590 3200 1797 3272 Κυρίου

206 3298 347 3353 ἐτῶν
405 3297 507 3371 ρκ’,
546 3299 621 3371 μὴ
668 3298 1109 3370 άμαυρωθέντων
1150 3295 1313 3350 αὐτοῦ
1345 3294 1454 3348 τῶν
1482 3293 1794 3364 ὀφθαλμῶν,

202 3388 241 3459 ἢ
266 3387 366 3442 τοῦ
402 3387 696 3460 προσώπου
722 3387 888 3443 αὐτοῦ
918 3387 1216 3459 φθαρέντος
1234 3401 1251 3417 ο
1284 3385 1378 3439 καὶ
1403 3385 1504 3437 οὐκ
1534 3380 1674 3438 οἶδεν
1707 3384 1799 3437 οὐ·

206 3477 321 3543 δεὶς
342 3478 443 3551 τὴν
473 3479 648 3552 ταφὴν
674 3478 843 3534 αὐτοῦ
877 3478 983 3544 ἕως
1007 3479 1105 3549 τῆς
1137 3476 1351 3550 ⁴ἡμέρας
1378 3474 1603 3546 ταύτης.

453 3675 702 3731 Βιϐλίον
739 3673 815 3743 ς’,
867 3674 1109 3745 Ἰησοῦς
1145 3678 1180 3731 ό
1214 3674 1323 3731 τοῦ
1361 3673 1556 3745 Ναυῆ.

276 3765 369 3821 10.
409 3767 493 3821 Τά
529 3768 588 3821 δὲ
642 3767 890 3822 ἐντεῦθεν
933 3767 1112 3839 βιϐλία
1151 3767 1312 3841 μέχρι
1344 3767 1437 3821 τοῦ
1473 3766 1700 3838 Ἔσδρα,
1732 3767 1800 3820 οὐ

204 3862 393 3916 πάντα
418 3862 644 3918 ἐκείνων
683 3861 791 3915 είσὶ
822 3860 1156 3932 συγγραφαὶ,
1187 3853 1265 3913 ὧν
1298 3859 1393 3913 καὶ
1425 3857 1523 3923 τὰς
1567 3860 1799 3930 ἐπιγρα-

206 3952 317 4021 φάς
346 3950 595 4021 φέρουσι,
624 3950 724 4004 καὶ
761 3949 891 4022 περὶ
933 3943 1009 4004 ὧν
1044 3947 1492 4020 διαλαμϐάνουσι.
1533 3948 1707 4017 Λόγος
1738 3947 1796 4001 δὲ

206 4044 454 4115 φέρεται,
483 4041 635 4112 παρὰ
654 4040 766 4095 τῶν
786 4040 928 4095 κατὰ
955 4041 1081 4105 τοὺς
1120 4041 1383 4105 ἐκάστους
1411 4039 1637 4111 καιροὺς
1663 4056 1798 4111 προ-

205 4135 393 4208 φητῶν
425 4133 838 4206 συγγεγράφθαι
884 4134 1044 4189 αὐτά.
1080 4134 1217 4204 Περὶ
1259 4133 1389 4202 γοῦν
1428 4132 1535 4187 τῶν
1569 4134 1797 4205 ἐπιγρα-

205 4222 322 4293 φῶν
341 4221 524 4277 αὐτῶν
553 4223 694 4285 τέως
721 4221 1062 4293 διαληπτέον.
1089 4221 1162 4275 Τὸ
1186 4222 1360 4294 παρὸν
1387 4223 1565 4277 τοίνυν
1592 4222 1796 4292 βιϐλίον

205 4315 609 4386 ἐπιγέγραπται
666 4313 873 4384 Ἰησοῦς
926 4315 956 4367 ό
993 4311 1090 4366 τοῦ
1147 4314 1339 4385 Ναυῆο
1394 4314 1579 4384 ἐπειδὴ
1633 4314 1794 4379 αὐτὸς

1917 452 2046 507 ﬁliis
2077 451 2245 508 lsrael
2281 452 2338 505 in
2376 458 2525 505 terra
2554 447 2736 509 Moab,
2777 444 2974 516 praeter
3016 445 3196 500 foedus
3226 443 3369 514 quod
3400 459 3498 512 pe-

1915 544 2051 615 pigit
2086 558 2211 597 cum
2240 542 2321 597 eis
2347 542 2403 594 in
2431 538 2635 595 Horeb.
2668 557 2688 590 ›
2711 537 3057 607 Quapropter
3075 544 3128 590 et
3156 535 3355 590 tabulae
3375 534 3499 605 qui-—

1914 633 2040 688 dem
2063 633 2120 686 in
2151 630 2331 686 Horeb
2355 630 2619 694 recitatae,
2655 634 2711 682 et
2743 627 2799 681 in
2833 625 3017 680 medio
3043 639 3184 679 arcae
3217 625 3500 678 collocatae

1912 731 2087 778 sunt:
2128 723 2277 778 hunc
2317 736 2446 777 vero
2497 721 2699 775 librum
2730 716 3108 774 sacerdotibus
3129 716 3364 787 Moyses,
3411 730 3496 769 ar-

1912 829 2033 870 cam
2079 813 2454 886 portantibus,
2500 812 2567 864 ad
2599 810 2775 864 latera
2834 822 2978 863 arcae
3010 807 3067 863 in
3116 805 3492 862 testimonium

1911 922 2117 978 ponere
2133 905 2321 977 jussit,
2344 911 2400 961 et
2430 904 2665 973 septimo
2686 917 2905 973 quoque
2931 915 3077 955 anno
3096 900 3153 954 in
3179 900 3267 955 die
3289 898 3489 954 remis-

1910 998 2106 1062 sionis,
2132 996 2356 1068 quando
2388 1002 2443 1051 et
2465 995 2668 1051 festum
2700 991 3209 1047 Tabernaculorum
3233 989 3483 1045 celebra-

1907 1089 2090 1153 batur,
2124 1088 2231 1159 legi
2274 1086 2554 1159 praecepit.
2586 1084 2713 1139 Haec
2746 1084 2923 1154 prima
2955 1080 3173 1152 quidem
3212 1088 3296 1136 est
3324 1080 3485 1144 ratio,

1909 1185 1981 1240 ob
2029 1199 2198 1255 quam
2244 1183 2336 1238 hic
2384 1183 2520 1237 liber
2573 1177 3059 1236 Deuteronomium
3109 1182 3337 1231 vocatus
3379 1181 3484 1229 est.

1906 1275 2091 1331 Altera
2108 1291 2238 1332 vero
2256 1285 2362 1340 est,
2386 1274 2532 1344 quod
2548 1274 2600 1327 in
2624 1274 2765 1342 ipso,
2787 1267 3056 1342 quidquid
3080 1274 3206 1323 ante
3228 1267 3387 1338 106
3402 1265 3490 1321 die

1907 1372 2055 1421 ctum
2086 1364 2283 1431 fuerat,
2315 1365 2430 1420 sive
2467 1365 2525 1418 in
2572 1362 2782 1427 Exodo,
2820 1361 2936 1416 sive
2970 1360 3027 1414 in
3058 1358 3325 1421 Levitico,
3369 1357 3486 1413 sive

1906 1454 1965 1510 in
1990 1454 2274 1523 Numeris;
2300 1455 2484 1511 omnia
2518 1454 2783 1525 legitima,
2815 1452 3239 1523 justiﬁcationes
3268 1458 3321 1507 et
3348 1467 3487 1523 prauo

1907 1557 2084 1618 cepta,
2130 1548 2330 1618 repetit
2351 1555 2407 1604 et
2454 1547 2719 1610 declarat,
2751 1553 2805 1601 et
2847 1545 3110 1615 populum
3154 1544 3352 1598 iterum
3389 1544 3488 1597 ad-

1906 1645 2115 1701 monet,
2148 1647 2208 1692 ut
2245 1653 2310 1693 ea
2348 1637 2644 1693 custodiat.
2684 1634 2939 1691 Besumit
2971 1636 3135 1689 etiam
3164 1633 3332 1689 isthic
3368 1633 3487 1688 exi-

1838 1711 1878 1766 B
1905 1738 2018 1785 tum
2053 1730 2240 1800 populi
2271 1746 2339 1785 ex
2361 1729 2620 1801 Egypto,
2653 1737 2707 1784 et
2732 1734 2933 1782 cuncta
2966 1727 3081 1782 illis
3119 1725 3361 1797 prestita
3389 1725 3486 1780 be-

1904 1819 2122 1885 neﬁcia,
2167 1820 2324 1891 signa
2363 1833 2582 1889 quoque
2608 1824 2664 1872 et
2696 1823 2970 1887 portenta,
3001 1830 3072 1871 ne
3102 1813 3219 1882 Dei,
3262 1813 3356 1885 qui
3389 1813 3482 1866 illa

1902 1916 2236 1981 patraverat,
2263 1908 2742 1964 obliviscerentur.
2771 1903 3029 1959 Decernit
3056 1903 3223 1958 etiam
3257 1900 3484 1957 benedi-

1902 2001 2138 2057 ctionem
2191 2001 2281 2066 iis,
2315 2001 2409 2070 qui
2445 2000 2619 2069 legem
2660 1997 3004 2062 custodiunt,
3040 1995 3481 2054 maledictionem

1901 2108 2033 2148 vero
2064 2091 2282 2162 iis,'qui
2315 2092 2464 2146 illam
2500 2088 3009 2159 transgrediuntur,
3055 2094 3111 2142 et
3145 2088 3482 2145 benedictio-

1901 2195 2028 2235 nem
2062 2179 2118 2234 in
2146 2186 2333 2234 monte
2385 2177 2608 2233 Garizin
2637 2165 2970 2248 promulgari
3010 2177 3235 2233 mandat
3267 2193 3363 2248 per
3392 2178 3477 2235 Si-

1901 2282 2086 2333 meon,
2133 2265 2284 2333 Levi,
2317 2265 2480 2334 Juda,
2520 2267 2769 2332 lsacbar,
2807 2265 3010 2338 Joseph
3061 2273 3116 2322 et
3149 2266 3475 2338 Benjamin:

1901 2359 2341 2415 maledictionem
2376 2373 2508 2414 vero
2551 2359 2610 2413 in
2655 2366 2841 2413 monte
2869 2356 3072 2422 Gaebal,
3117 2373 3218 2428 per
3250 2358 3467 2428 Ruben,

1901 2449 2037 2516 Gad,
2072 2449 2230 2516 Aser,
2283 2449 2550 2515 Zabulon,
2581 2449 2701 2505 Dan
2757 2458 2812 2505 et
2854 2448 3223 2521 Nephtbalim.
3257 2451 3341 2505 Ad
3390 2467 3478 2507 re-

1900 2543 2274 2599 cordationem
2295 2558 2424 2598 vero
2449 2550 2503 2599 et
2531 2544 2716 2613 jugem
2747 2542 3176 2608 meditationem,
3205 2545 3475 2617 prolixam

1900 2636 2074 2692 Odam
2110 2651 2177 2691 ex
2203 2635 2368 2706 jussu
2408 2633 2626 2690 Domini
2657 2634 3012 2705 conscripsit,
3056 2643 3116 2690 ut
3163 2635 3309 2691 illam
3346 2652 3475 2707 per-

1900 2726 2179 2782 disccntcs
2209 2741 2274 2781 ac
2313 2742 2530 2797 semper
2562 2725 2914 2793 meditantes,
2946 2743 3017 2783 ne
3060 2726 3155 2782 Dei
3184 2728 3475 2785 oblivisce-

1900 2826 2112 2875 rentur.
2150 2818 2452 2890 Postquam
2480 2835 2609 2875 vero
2638 2819 2872 2890 singulis
2898 2819 3151 2876 tribubus
3171 2820 3472 2890 benedixit,

1900 2911 2451 2982 benedictionemque
2479 2913 2697 2968 illarum
2726 2914 2925 2969 litteris
2951 2915 3250 2982 mandavit,
3273 2931 3338 2970 ac
3356 2931 3474 2971 ma-

1898 3019 2005 3060 nus
2054 3018 2184 3060 suas
2239 3020 2406 3075 super
2441 3002 2628 3060 Iesum
2674 3005 2846 3070 Nave,
2905 3012 2966 3061 ut
3016 3006 3121 3062 sibi
3171 3006 3474 3063 secundum

1898 3096 2219 3151 mandatum
2279 3096 2374 3152 Dei
2438 3095 2787 3165 succederet,
2843 3098 3061 3166 posuit;
3112 3098 3170 3152 in
3231 3105 3474 3153 montem

1896 3186 2147 3251 Abarim,
2199 3187 2297 3257 qui
2327 3193 2414 3243 est
2462 3187 2641 3252 Abau,
2697 3188 3061 3243 conscendit:
3090 3187 3276 3259 ibique
3318 3189 3474 3257 juxta

1897 3280 2125 3335 verbum
2160 3278 2377 3334 Domini
2417 3288 2666 3335 mortuus
2700 3288 2805 3346 est,
2833 3295 3102 3336 annorum
3131 3290 3352 3337 centum
3387 3282 3476 3335 vi-

1898 3369 2056 3440 ginti,
2091 3385 2217 3424 cum
2270 3370 2509 3425 necdum
2550 3371 2698 3426 oculi
2753 3371 2932 3442 ipsius
2964 3373 3319 3443 caligassent,
3372 3387 3476 3428 nec

1898 3461 2072 3519 facies
2098 3462 2220 3533 ejus
2257 3463 2553 3535 quidquam
2586 3465 2729 3522 tabis
2773 3466 3061 3524 sensisset.
3093 3465 3265 3522 Nemo
3292 3475 3475 3524 autem

1897 3553 2209 3623 sepulcrum
2236 3554 2385 3611 illius
2416 3557 2567 3612 novit
2594 3557 2649 3611 in
2677 3555 3005 3614 hodiernum
3033 3575 3209 3630 usque
3232 3559 3397 3616 diem.

2238 3667 2397 3723 Liber
2434 3668 2532 3736 VI,
2559 3669 2721 3727 Iesus
2752 3672 2902 3742 ﬁlius
2929 3671 3100 3730 Nave.

1967 3759 2056 3817 l0.
2096 3760 2201 3828 Qui
2227 3763 2486 3833 deinceps
2511 3763 2579 3819 ad
2603 3763 2836 3820 Esdram
2868 3781 3045 3837 usque
3068 3775 3379 3840 sequuntur
3409 3770 3477 3825 li-

1895 3850 2003 3917 bri,
2036 3868 2150 3908 non
2193 3868 2424 3925 prorsus
2463 3856 2532 3911 ab
2576 3855 2688 3912 illis
2716 3864 2847 3912 sunt
2873 3860 3195 3932 conscripti,
3238 3877 3477 3932 quorum

1897 3944 2285 4016 inscriptiones
2317 3946 2638 4018 praeferunt,
2672 3957 2727 4005 et
2755 3948 2824 4005 de
2852 3951 3056 4022 quibus
3087 3959 3344 4008 tractant.
3372 3952 3477 4009 Fe-

1896 4044 2099 4091 runtur
2131 4047 2311 4094 autem
2345 4054 2377 4093 a
2411 4041 2716 4111 prophetis,
2752 4043 2846 4113 qui
2875 4044 3109 4114 singulis
3135 4046 3475 4116 temporibus

1895 4128 2173 4196 vixerunt,
2204 4146 2326 4187 esse
2371 4132 2584 4204 scripti.
2631 4124 3024 4191 Disserendum
3062 4136 3249 4207 itaque
3280 4144 3366 4192 est
3406 4138 3476 4194 de

1896 4220 2115 4276 illorum
2160 4221 2638 4294 inscriptionibus.
2686 4224 2942 4281 Praesens
2979 4226 3120 4282 liber
3153 4226 3479 4297 inscriptio-.

1897 4328 2021 4367 nem
2046 4312 2208 4368 habet
2235 4312 2395 4371 Jesus
2432 4313 2620 4372 Nave:
2654 4323 2944 4387 propterea
2973 4316 3121 4389 quod
3161 4318 3279 4388 ipse
3310 4316 3473 4376 Jesus

216 4404 424 4476 Ἰησοῦς
469 4407 499 4460 ὁ
539 4404 634 4459 τοῦ
667 4404 851 4475 Ναυῆ,
897 4404 1277 4476 διαδεξάμενος
1306 4407 1567 4477 Μωῦσῆν,
1598 4408 1794 4479 ἐστρα-

1900 4403 2042 4460 Nave
2072 4404 2274 4476 Moysis
2305 4422 2616 4473 successor,
2666 4410 2965 4480 populique
3011 4410 3122 4464 dux
3156 4409 3280 4474 fuit,
3311 4412 3473 4483 cujus

200 4499 413 4569 τήγησε
425 4497 521 4551 τοῦ
553 4497 707 4562 λαοῦ,
733 4498 828 4550 καὶ
842 4497 943 4569 τὴν
963 4499 1080 4551 κατ’
1109 4498 1270 4551 αὐτὸν
1305 4499 1547 4570 ἱστορίαν
1573 4500 1668 4553 καὶ
1690 4500 1790 4565 τὰς

203 4589 434 4660 πράξεις
460 4589 623 4642 αὐτοῦ
657 4588 919 4661 περιέχει.
949 4589 1106 4643 Ἔστι
1133 4588 1190 4643 δὲ
1207 4591 1265 4643 ἐν
1282 4588 1456 4661 τούτῳ
1472 4589 1551 4661 τῷ
1580 4589 1788 4662 βιϐλίῳ,

200 4679 321 4744 πῶς
354 4677 450 4734 τοῦ
490 4680 755 4752 Ἰορδάνου
816 4678 1060 4750 ποταμοῦ
1112 4680 1174 4733 τὸ
1215 4681 1312 4751 μὲν
1340 4680 1545 4735 ἄνωθεν
1585 4682 1650 4735 ἐκ
1690 4683 1791 4753 τῆς

201 4771 387 4842 πηγῆς
419 4770 549 4839 ἔστη
570 4770 766 4842 ῥεῦμα,
780 4771 842 4825 τὸ
867 4771 922 4824 δὲ
940 4770 1153 4841 φθάσαν
1187 4771 1509 4844 ἐξεκενώθη,
1532 4774 1623 4827 καὶ
1640 4773 1791 4846 ξηρῷ

199 4862 281 4934 τῷ
304 4862 429 4915 ποδὶ
454 4861 710 4933 διέϐησαν
737 4862 899 4916 αὐτόν
920 4879 935 4892 ο
957 4863 1052 4916 καὶ
1079 4862 1161 4916 ὃτι
1191 4864 1249 4917 ἐν
1275 4862 1573 4933 Γαλγάλοις
1632 4883 1790 4937 περι-

203 4954 369 5024 έτεμε
394 4954 523 5017 τοὺς
551 4954 610 5007 ἐν
652 4956 722 5025 τῇ
740 4954 932 5026 ἐρήμῳ
968 4953 1324 5026 γεννηθέντας
1352 4957 1559 5020 πάντας
1592 4957 1650 5010 ἐν
1693 4975 1794 5011 πε-

200 5046 411 5117 τρίναις
440 5044 759 5116 μαχαίραις,
791 5046 883 5099 καὶ
928 5045 1157 5101 ἐκάλεσε
1197 5043 1289 5099 τὸν
1333 5045 1498 5100 τόπον
1540 5047 1756 5117 Γαλγάλ
1772 5066 1788 5080 ο

203 5141 298 5193 καὶ
324 5139 429 5203 ὅτι,
457 5137 797 5210 περάσαντος
820 5137 915 5191 τοῦ
945 5137 1101 5203 λαοῦ,
1131 5138 1225 5192 καὶ
1250 5140 1518 5208 φαγόντος
1551 5141 1660 5195 ἀπὸ
1680 5142 1791 5197 τῶν

203 5227 437 5299 καρπῶν
460 5227 565 5298 τῆς
595 5228 723 5299 γῆς,
757 5227 974 5294 ἐξέλιπε
1003 5227 1188 5282 λοιπὸν
1217 5228 1280 5281 τὸ
1317 5230 1523 5300 μάνναο
1560 5232 1656 5286 καὶ
1690 5232 1791 5304 τῆς

208 5320 305 5390 μὲν
361 5319 625 5392 Ἱεριχοῦς
676 5318 958 5389 αὐτόματα
1003 5319 1074 5374 τὰ
1114 5320 1268 5392 τείχη
1303 5322 1686 5397 πέπτωκενυί)
1732 5324 1791 5379 δὲ

212 5407 382 5462 Ῥαὰϐ
403 5410 438 5480 ὴ
470 5409 648 5479 πόρνη
674 5407 874 5480 ἐσώθη,
904 5408 1187 5479 φυλάξασα
1215 5410 1343 5474 τοὺς
1374 5414 1754 5480 κατασκόπους
1771 5431 1786 5447 ·

203 5500 295 5554 καὶ
326 5502 410 5554 ὅτι
442 5502 473 5554 ὁ
504 5501 656 5571 ἥλιος
683 5501 742 5553 ἐν
765 5499 845 5571 τῷ
877 5503 1321 5572 μεσουρανήματι
1364 5501 1460 5566 ὢν,
1488 5503 1789 5575 εὐξαμένου

217 5590 386 5663 Ἰησοῦ
418 5589 515 5645 τοῦ
555 5589 675 5643 υἱοῦ
716 5588 809 5644 τοῦ
842 5590 1020 5661 Ναυῆ,
1056 5590 1184 5663 ἔστη
1218 5591 1363 5646 κατὰ
1392 5593 1619 5649 Γαϐαὼν
1647 5596 1782 5668 ἠμέν

207 5698 299 5755 ρας
329 5681 631 5753 ὁλοκλήρου
676 5680 971 5754 διάστημα,
1010 5683 1115 5748 ἕως
1151 5682 1499 5758 τροπώσηται
1530 5688 1655 5752 τοὺς
1693 5690 1786 5761 ἐχ-

1893 4494 1999 4551 boc
2024 4495 2167 4550 libro
2188 4497 2419 4552 historia
2452 4506 2507 4554 et
2527 4515 2616 4555 res
2645 4508 2810 4571 gestae
2831 4500 3206 4555 continentur.
3235 4501 3472 4558 Enarra-

1892 4595 1984 4642 tur
2026 4586 2117 4643 hic
2154 4591 2431 4659 quomodo
2485 4590 2709 4647 Jordani
2762 4592 2916 4648 ﬂuvii
2961 4609 3088 4665 pars
3127 4596 3374 4666 superior
3403 4612 3470 4653 ex

1891 4686 2048 4748 parte
2065 4678 2240 4744 fontis
2269 4680 2517 4738 deﬂuens
2546 4683 2773 4739 immota
2802 4687 3040 4753 steterit,
3081 4687 3310 4742 inferior
3341 4703 3472 4743 vero

1891 4770 2191 4831 decurrens
2247 4782 2512 4830 evacuata
2571 4777 2683 4843 sit,
2735 4786 2790 4833 et
2840 4779 3077 4849 populus
3132 4781 3281 4835 sicco
3334 4778 3473 4849 pede

1887 4866 2205 4934 transierit;
2229 4867 2578 4937 etquomodo
2607 4867 2663 4921 in
2695 4865 2942 4939 Galgalis
2966 4883 3157 4924 omnes
3184 4869 3239 4923 in
3278 4869 3472 4924 solitu-

1889 4957 2019 5013 dine
2056 4963 2216 5013 natos
2257 4959 2452 5013 cultris
2489 4959 2672 5014 saxeis
2697 4959 3134 5024 circumciderit,
3181 4960 3471 5030 locumque

1890 5048 2047 5105 illum
2067 5047 2257 5120 Galgal
2284 5054 2596 5121 vocaverit;
2625 5052 2773 5124 quod
2815 5068 2940 5107 cum
2970 5052 3208 5123 primum
3237 5054 3470 5123 populus

1888 5139 2127 5197 Iordane
2157 5144 2486 5200 transmisso
2510 5144 2578 5200 de
2608 5153 2771 5200 terrae
2799 5145 2947 5200 illius
2970 5143 3219 5214 frugibus
3241 5145 3467 5210 edisset,

1888 5246 2093 5286 manna
2126 5231 2388 5305 deinceps
2417 5236 2681 5301 desierit;
2712 5235 2858 5306 quod
2886 5235 3040 5291 urbis
3073 5233 3293 5290 Iericho
3329 5251 3470 5292 mce-

1887 5326 1981 5381 nia
2009 5326 2155 5381 ultro
2179 5327 2522 5393 corruerint;
2554 5326 2711 5381 Raab
2741 5326 3004 5381 meretrix
3036 5333 3261 5395 propter
3281 5325 3469 5396 hospi-

1887 5418 1969 5473 tio
2015 5426 2305 5489 susceptos
2354 5426 2410 5474 et
2457 5419 2764 5475 occultatos
2812 5418 3196 5488 exploratores
3246 5426 3469 5474 servata

1889 5511 1998 5574 sit;
2039 5511 2121 5566 sol
2157 5511 2214 5564 in
2261 5508 2441 5564 medio
2490 5511 2616 5565 caeli
2666 5510 2904 5565 decursu
2930 5509 3087 5579 juxta
3127 5506 3465 5574 Gabaonem,

1888 5609 2082 5657 orante
2106 5599 2240 5657 Jesu
2292 5600 2462 5667 Nave,
2497 5602 2698 5672 integri
2744 5601 2853 5656 diei
2917 5602 3117 5672 spatio,
3151 5601 3325 5658 donec
3377 5604 3468 5658 ille

1890 5692 2077 5751 hostes
2109 5690 2422 5765 devicisset,
2476 5696 2708 5752 steterit.
2749 5693 3044 5766 Postquam
3092 5709 3222 5750 vero
3264 5695 3468 5749 Amor-
