3886 6182
442 316 545 373 3M

1620 316 1677 372 S.
1714 314 2180 372 ATHANASIUS.
2217 342 2292 357 —
2330 311 2551 370 DUBlA.

3582 305 3698 361 319

434 443 617 497 rbaeos
641 445 696 495 et
724 452 915 494 omnes
942 437 1162 493 illorum
1188 452 1348 509 reges
1376 446 1767 509 expugnasset,
1791 453 1984 492 omnen

2110 435 2295 509 θρούς.
2349 432 2825 504 Καταπολεμήσας
2883 432 2939 486 δὲ
2989 434 3116 497 τοὺς
3180 432 3538 507 Ἀμορραίους
3597 433 3699 486 καὶ

437 548 558 589 eam
588 538 793 587 terram
819 545 1014 587 novem
1053 530 1309 587 tribubus
1338 544 1463 585 cum
1494 529 1720 584 dimidia
1754 527 2007 584 Manasse

433 623 830 689 distribuisset,
860 631 913 678 et
947 622 1208 693 populum
1257 637 1432 678 annos
1463 637 1589 675 xxvi
1619 622 2003 692 gubernasset,

431 723 684 770 mortuus
707 722 792 769 est
835 729 1107 768 annorum
1137 727 1226 769 cx.
1263 711 1369 778 Qui
1408 726 1541 765 vero
1569 718 1771 766 terram
1803 711 2005 782 populo

431 805 759 869 diviserunt,
792 815 948 859 erant
972 802 1267 858 Eleazarus
1298 801 1580 866 sacerdos,
1618 811 1672 857 et
1705 802 1823 871 ipse
1842 798 2003 856 Jesus

427 895 598 962 Nave,
640 911 706 951 ac
746 898 814 950 de
864 911 1190 967 unaquaque
1224 894 1370 949 tribu
1405 894 1489 948 vir
1536 909 1702 949 unus.
1745 893 1822 949 De
1851 893 2002 948 tribu

427 986 591 1051 Juda,
625 986 865 1053 Chaleb;
894 987 963 1042 de
986 988 1133 1041 tribu
1167 984 1412 1050 Simeon,
1445 985 1732 1052 Salamiel;
1767 985 1835 1040 de
1854 984 2002 1040 tribu

427 1075 733 1144 Benjarnin,
764 1075 968 1143 Eldad;
1000 1076 1068 1129 de
1090 1074 1237 1129 tribu
1263 1073 1400 1137 Dan,
1436 1072 1737 1140 Baccheir;
1763 1072 1830 1128 de
1850 1072 2001 1128 tribu

426 1164 697 1230 Manasse,
747 1165 935 1233 Aniel;
986 1165 1054 1222 de
1107 1167 1253 1220 tribu
1299 1164 1579 1236 Ephraim,
1634 1164 1888 1232 Camuel;
1934 1165 2001 1220 de

423 1258 570 1313 tribu
606 1257 872 1325 Zabulon,
923 1257 1251 1328 Elisaphan;
1295 1258 1364 1313 de
1404 1258 1552 1312 tribu
1592 1256 1834 1324 Isachar,
1874 1257 2003 1313 Phi-

423 1350 553 1417 tiel;
584 1349 653 1406 de
682 1351 827 1405 tribu
875 1352 1032 1415 Aser,
1073 1350 1309 1416 Achior;
1336 1350 1404 1405 de
1435 1349 1583 1404 tribu
1626 1348 1996 1420 Nephtbaiim,

424 1439 712 1497 Phathael.
740 1440 914 1513 Reges
942 1449 1125 1499 autem
1154 1443 1301 1499 illius
1333 1450 1513 1505 terrae,
1541 1457 1681 1513 quos
1710 1441 1926 1512 Moyses
1944 1448 2001 1496 et

421 1531 520 1585 ﬁlii
566 1531 732 1587 Israel
766 1542 919 1589 trans
957 1533 1250 1590 Jordanem
1291 1534 1360 1588 ab
1406 1542 1533 1589 ortu
1582 1533 1735 1597 solis,
1771 1540 1826 1588 et
1859 1533 1999 1586 valle

417 1624 608 1679 Arnon
636 1641 811 1696 usque
858 1626 927 1681 ad
960 1635 1201 1682 montem
1246 1625 1503 1691 Hermon,
1537 1627 1687 1681 omni
1728 1632 1873 1680 terra
1900 1624 1999 1678 Ar-

417 1714 591 1768 rhaba
613 1713 683 1768 ab
700 1713 922 1770 Oriente
943 1715 1236 1786 subjugata
1258 1721 1671 1787 percusserunt,
1697 1713 1799 1768 hos
1822 1713 1995 1769 fuisse

416 1803 551 1859 dicit
580 1823 596 1861 :
623 1803 806 1862 Sehon
843 1821 1028 1876 regem
1059 1806 1527 1873 Amorrbaeorum,
1562 1804 1657 1875 qui
1692 1805 1749 1859 in
1780 1803 1994 1859 Esebon

416 1892 684 1950 habitavit
717 1910 783 1952 ac
809 1896 1093 1967 regnavit;
1122 1903 1178 1951 et
1206 1894 1287 1967 Og
1321 1912 1504 1967 regem
1554 1896 1754 1963 Basan,
1802 1897 1896 1966 qui
1927 1912 1992 1951 ex

415 1982 731 2054 gigantibus
768 1985 949 2040 adhuc
992 1993 1298 2056 supererat,
1339 1993 1394 2041 et
1438 1985 1706 2041 habitavit
1745 1986 1804 2041 in
1832 1985 1993 2041 Asta-

414 2074 565 2138 roth,
592 2081 647 2130 et
679 2075 735 2130 in
765 2074 1006 2141 Edraim,
1041 2076 1397 2148 regnavitque
1443 2092 1475 2131 a
1509 2085 1695 2132 monte
1724 2076 1989 2143 Hermon,

417 2179 593 2235 usque
626 2164 696 2219 ad
737 2166 1003 2222 terminos
1049 2164 1294 2238 Gergesi,
1328 2175 1384 2223 et
1423 2166 1712 2223 dimidium
1762 2167 1989 2224 Galaad.

412 2250 514 2309 His
536 2253 756 2321 occisis,
792 2254 942 2310 dedit
977 2254 1192 2326 Moyses
1242 2256 1487 2326 ipsorum
1522 2263 1727 2312 terram
1758 2255 1994 2313 Rubeni-

411 2344 509 2413 tis,
539 2343 774 2411 Gaditis,
806 2361 872 2402 ac
901 2346 1142 2402 dimidia:
1182 2348 1352 2403 tribui
1398 2348 1673 2405 Manasse.
1704 2348 1861 2419 107
1884 2347 1993 2404 Re-

409 2450 506 2507 ges
535 2451 666 2491 vero
688 2435 1153 2504 Amorrhaeorum,
1183 2455 1325 2510 quos
1353 2443 1629 2495 sustulere
1661 2437 1822 2495 Jesus
1845 2438 1993 2495 Nave

407 2540 534 2580 cum
582 2525 710 2582 ﬁliis
756 2526 947 2596 Israel,
989 2538 1281 2601 postquam
1319 2529 1615 2586 Jordanem
1640 2531 1992 2587 transiissent

405 2616 565 2687 juxta
608 2633 764 2675 mare
806 2619 865 2674 in
895 2621 1123 2691 planitie
1161 2620 1380 2687 Libani,
1417 2637 1594 2693 usque
1634 2621 1702 2677 ad
1748 2631 1990 2678 montem

408 2708 633 2774 Cbelca,
674 2711 1095 2768 ascendentibus
1125 2712 1181 2767 in
1211 2710 1331 2768 Seir
1357 2733 1371 2768 :
1396 2729 1630 2784 quorum
1664 2721 1864 2769 terram
1895 2713 1989 2770 Je~

409 2814 507 2856 sus
535 2801 764 2871 reliquis
793 2803 1068 2870 tribubus,
1095 2803 1253 2874 juxta
1276 2805 1547 2877 cujusque
1574 2813 1778 2861 sortem
1809 2810 1989 2877 possi-

409 2890 644 2946 dendam
703 2892 876 2961 dedit,
923 2893 1027 2951 hos
1077 2910 1201 2950 esse
1245 2896 1379 2950 dicit
1411 2915 1424 2950 :
1451 2896 1752 2959 Chetamm,
1793 2894 1988 2951 Amor-

404 2983 635 3050 rhazum,
665 2983 1059 3051 Chananazum,
1111 2984 1483 3054 Pherezazum,
1534 2986 1775 3053 Evmum,
1816 2987 1987 3042 Jebu-

406 3091 599 3144 Isaeum,
634 3093 819 3149 regem
848 3071 1090 3144 Iericho,
1114 3095 1298 3150 regem
1332 3079 1456 3143 llai,
1494 3096 1615 3150 qua:
1644 3082 1984 3135 contermina

402 3175 488 3223 est
519 3166 728 3237 Bethel,
777 3185 961 3241 regem
992 3168 1319 3237 Jerusalem,
1364 3187 1546 3242 regem
1578 3171 1855 3235 Chebron,
1895 3187 1984 3225 re—

401 3275 523 3330 gem
553 3259 848 3327 Jerimuth,
880 3279 1062 3334 regem
1105 3263 1327 3322 Lachis.
1364 3280 1548 3333 regem
1589 3264 1763 3330 Elam,
1799 3281 1981 3337 regem

401 3347 595 3417 Gazer,
626 3366 811 3421 regem
845 3351 1032 3418 Dabir,
1081 3369 1265 3424 regem
1299 3353 1448 3417 Gise.
1482 3371 1664 3424 regem
1693 3355 1976 3421 Aermath,

399 3454 583 3509 regem
613 3438 830 3506 IErath,
873 3457 1056 3512 regem
1083 3443 1277 3508 Arath,
1324 3459 1507 3514 regem
1542 3443 1754 3507 Lobna,
1792 3461 1975 3515 regem

400 3529 651 3597 Odolam,
705 3547 886 3603 regem
938 3532 1081 3598 Elat,
1136 3550 1321 3604 regem
1384 3536 1727 3606 Athaphuth,
1786 3553 1969 3607 regem

396 3617 604 3689 Opher,
636 3635 820 3692 regem
848 3621 1033 3693 Ophec
1060 3623 1302 3689 Arothae,
1344 3640 1526 3695 regem
1557 3626 1743 3691 Asom,
1793 3642 1973 3696 regem

399 3711 663 3778 Somoon,
717 3729 902 3785 regem
946 3715 1277 3777 Mambroth,
1342 3733 1525 3788 regem
1575 3718 1734 3788 Ziph,
1791 3734 1973 3788 regem

395 3799 594 3862 Cades.
618 3818 803 3873 regem
831 3803 994 3871 Zaac,
1022 3822 1203 3877 regem
1232 3806 1545 3870 Manedoth,
1577 3824 1759 3877 regem
1783 3806 1972 3861 Jocom

397 3889 647 3962 (montis)
677 3891 936 3959 Carmeli,
969 3896 1378 3965 regem‘Eddor
1410 3898 1467 3952 in
1512 3896 1855 3962 Phenedaor,
1886 3912 1976 3952 rc-

393 3996 515 4051 gem
546 3982 648 4038 Gid
679 3982 933 4052 Galilaeae,
971 4003 1152 4060 regem
1185 3989 1416 4046 Thersa.

391 4074 675 4140 Μανεδὼθ,
722 4076 946 4147 βασιλέα
986 4079 1199 4153 Ἰωκὼμ
1236 4082 1329 4136 τοῦ
1355 4082 1584 4155 Χαρμὲλ
1607 4081 1706 4155 (2),
1744 4081 1969 4153 βασιλέα

392 4168 615 4238 βασιλέα
647 4170 846 4241 Θερσᾶ.

876 4282 1032 4339 Liber
1072 4283 1207 4351 VII,
1236 4284 1472 4342 Iudices.

462 4372 549 4430 ll.
590 4372 833 4431 Vocatur
852 4378 942 4433 hic
968 4380 1104 4435 liber
1133 4378 1410 4446 Judicum,
1433 4383 1561 4454 quia
1590 4389 1714 4454 post
1740 4390 1968 4438 mortem

2111 528 2322 592 πάντας
2354 528 2479 589 τοὺς
2503 525 2739 595 βασιλεῖς
2762 524 2962 587 αὐτῶν,
2988 525 3081 579 καὶ
3109 511 3341 597 μερίσας
3372 528 3490 588 ταῖς
3533 525 3696 578 ἐννέα

2108 620 2324 691 φυλαῖς,
2356 620 2452 672 καὶ
2488 618 2567 688 τῷ
2606 617 2792 688 ἡμίσει
2816 617 2990 687 φυλῆς
3021 618 3289 688 Μανασσῆ
3321 618 3420 689 τὴν
3447 617 3549 687 γῆν
3586 618 3698 669 πᾶ.-

2108 730 2227 774 σαν,
2281 706 2417 782 ἦρξε
2476 711 2572 781 μὲν
2619 710 2712 762 τοῦ
2766 707 2932 773 λαοῦ,
2980 707 3074 779 ἔτη
3112 716 3227 774 κςν,
3281 709 3599 778 ἐτελεύτησε
3633 708 3695 761 δὲ

2104 802 2242 856 ὲτῶν
2290 808 2376 874 ρι’.
2427 802 2490 855 Οἱ
2543 800 2601 853 δὲ
2644 799 2910 863 διελόντες
2961 798 3059 870 τὴν
3117 799 3221 871 γῆν
3264 799 3342 870 τῷ
3393 799 3505 870 λαῷ
3551 795 3696 870 ἦσαν

2116 892 2381 962 Ἐλεαζὰρ
2426 893 2454 945 ό
2505 890 2703 962 ἱερεὺς,
2745 889 2836 943 καὶ
2873 889 3033 953 αὐτὸς
3085 889 3289 959 Ἰησοῦς
3327 892 3355 943 ὁ
3381 890 3474 942 τοῦ
3508 889 3692 959 Ναυῆ,

2102 983 2198 1037 καὶ
2243 983 2386 1037 κατὰ
2423 980 2597 1052 φυλὴν
2631 975 2712 1044 εἷς
2734 997 2747 1011 ·
2786 979 2957 1050 φυλῆς
2984 978 3155 1033 Ἰούδα
3196 979 3407 1033 Χαλέϐ·
3444 980 3545 1048 τῆς
3594 980 3694 1031 Συο

2106 1071 2251 1145 μεὼν
2285 1071 2563 1142 Σαλαμιήλ
2582 1088 2595 1102 υ
2624 1070 2726 1141 τῆς
2744 1070 3000 1140 Βενιαμὶν
3037 1069 3256 1123 Ἐλδάδο
3280 1069 3380 1138 τῆς
3412 1069 3517 1123 Δὰν
3546 1069 3697 1122 Βακ-

2101 1165 2256 1236 χείρο
2295 1166 2393 1235 τῆς
2431 1163 2694 1232 Μανασσῆ
2732 1161 2946 1233 Ἀνιήλο
2975 1161 3074 1232 τῆς
3113 1160 3351 1234 Ἐφραῖμ
3384 1159 3686 1231 Καμουήλ·

2100 1257 2198 1327 τῆς
2221 1253 2507 1310 Ζαϐουλὼν
2543 1253 2836 1322 Ἐλισάφαν
2860 1270 2874 1285 ·
2904 1254 3004 1325 τῆς
3047 1254 3269 1324 Ἰσάχαρ
3296 1251 3515 1322 Φειτιήλ
3534 1268 3549 1282 ·
3587 1252 3692 1322 τῆς

2114 1348 2282 1420 Ἀσὴρ
2337 1344 2572 1417 Ἀχιώρ·
2604 1344 2703 1414 τῆς
2754 1343 3069 1415 Νεφθαλεὶμ
3109 1345 3349 1416 Φαθαήλ.
3394 1346 3506 1398 Καὶ
3550 1344 3683 1405 τοὺς

2106 1442 2205 1512 μὲν
2239 1441 2477 1511 βασιλεῖς
2500 1438 2600 1508 τῆς
2626 1440 2749 1508 γῆς,
2782 1436 2876 1501 οὒς
2896 1437 3175 1504 ἐπάταξαν
3198 1438 3439 1507 Μωῦσῆς
3464 1436 3555 1490 καὶ
3574 1436 3688 1491 υίοὶ

2113 1533 2330 1604 Ἰσραὴλ
2361 1532 2534 1603 πέραν
2558 1528 2649 1583 τοῦ
2685 1527 2949 1601 Ἰορδάνου
2972 1529 3065 1598 ἀφ’
3087 1528 3236 1600 ἡλίου
3262 1528 3557 1592 ἀνατολῶν,
3573 1526 3690 1581 ἀπὸ

2100 1625 2386 1696 φάραγγος
2432 1623 2636 1695 Ἀρνῶν
2662 1622 2767 1686 ἕως
2803 1620 2898 1675 τοῦ
2938 1620 3101 1693 ὅρους
3149 1618 3416 1692 Ἀερμὼν,
3446 1621 3541 1673 καὶ
3583 1621 3693 1672 πᾶ·-

2102 1733 2201 1769 σαν
2231 1717 2331 1787 τὴν
2370 1714 2474 1785 γῆν
2507 1713 2758 1787 Ἀῤῥαϐα
2802 1712 2910 1767 ἀπὸ
2953 1711 3249 1775 ἀνατολῶν,
3290 1710 3510 1773 τούτους
3541 1707 3688 1764 εἶναι

2024 1786 2068 1842 Β
2095 1786 2295 1875 λέγει(
2332 1806 2486 1877 Σηὼν
2532 1786 2755 1876 βασιλέα
2801 1805 2911 1858 τῶν
2947 1803 3312 1877 Ἀμορραίων,
3347 1802 3408 1866 ὃς
3444 1801 3689 1872 κατῴκει

2093 1899 2152 1952 ὲν
2189 1897 2421 1951 Ἐσεϐὼν
2447 1897 2749 1969 κυριεύων·
2800 1897 2896 1950 καὶ
2927 1896 3028 1964 Ὣγ
3068 1894 3292 1966 βασιλέα
3329 1894 3431 1964 τῆς
3474 1894 3683 1960 Βάσαν,

2091 1987 2150 2051 ὃς
2182 1987 2481 2059 ὑπελείφθη
2502 1990 2566 2041 ὲκ
2590 1987 2697 2041 τῶν
2717 1987 3012 2056 γιγάντων,
3034 1985 3092 2050 ὃς
3126 1986 3363 2055 κατῴκει
3392 1987 3451 2039 ἐν
3488 1986 3687 2039 Ἀστα-

2096 2076 2231 2149 ρὼθ,
2262 2077 2355 2131 καὶ
2396 2080 2454 2131 ὲν
2492 2077 2748 2149 Ἐδραεὶμ
2788 2076 2920 2148 (99),
2954 2077 3137 2147 ἄρχων
3180 2076 3289 2129 ἀπὸ
3331 2076 3492 2146 ὅρους
3527 2076 3686 2147 Ἀερ-

2095 2167 2209 2239 μὼν
2225 2168 2330 2234 ἕως
2357 2169 2520 2242 ὁρίων
2538 2170 2766 2241 Γέργεσι
2793 2168 2888 2221 καὶ
2913 2167 2973 2220 τὸ
2999 2168 3173 2239 ἥμισυ
3203 2167 3437 2221 Γαλαάδ.
3458 2167 3683 2220 Τούτων

2089 2260 2503 2332 ἀναιρεθέντων,
2553 2261 2749 2315 δέδωκε
2796 2262 3039 2332 Μωῦσῆς
3085 2261 3183 2332 τὴν
3222 2261 3325 2331 γῆν
3370 2259 3549 2313 αὐτῶν
3602 2258 3683 2329 τῷ

2102 2351 2348 2422 Ῥουϐὶμ,
2411 2353 2508 2406 καὶ
2548 2352 2626 2424 τῷ
2667 2353 2793 2418 Γὰδ,
2837 2354 2932 2407 καὶ
2974 2350 3050 2424 τῷ
3093 2353 3283 2423 ἡμίσει
3338 2350 3512 2421 φυλῆς
3556 2351 3686 2403 Μα-

2088 2445 2279 2515 νασσῆ.
2316 2445 2452 2509 Τοὺς
2484 2445 2541 2498 δὲ
2575 2444 2811 2515 βασιλεῖς
2855 2445 3015 2499 πάλιν
3050 2445 3160 2498 τῶν
3194 2441 3677 2514 Ἀμορῤαίων,οὒς

2087 2537 2295 2591 ἀνεῖλεν
2333 2538 2540 2609 Ἰησοῦς
2567 2540 2596 2590 ὁ
2616 2538 2710 2591 τοῦ
2742 2539 2898 2610 Ναυῆ
2926 2539 3020 2593 καὶ
3053 2536 3160 2591 υἱοὶ
3195 2536 3411 2607 Ἰσραὴλ
3440 2536 3579 2605 μετὰ
3615 2533 3681 2586 τὸ

2089 2630 2325 2700 περάσαι
2353 2630 2444 2684 τὸν
2484 2629 2754 2702 Ἰορδάνην
2799 2630 2949 2702 παρὰ
2990 2628 3266 2683 θάλασσαν
3300 2630 3357 2681 ὲν
3392 2624 3471 2696 τῷ
3506 2625 3681 2696 πεδίῳ

2086 2722 2179 2775 τοῦ
2216 2721 2448 2776 Λιϐάνου
2480 2722 2585 2788 ἕως
2612 2723 2710 2777 τοῦ
2743 2725 2903 2796 ὅρους
2928 2723 3133 2788 Χελκᾶ,
3168 2721 3567 2778 ἀναϐαινόντων
3596 2720 3680 2782 εἰς

2087 2815 2270 2884 Σκεὶρ,
2308 2815 2528 2880 τούτους
2570 2812 2708 2870 εἶναι
2745 2815 2912 2886 λέγει,
2946 2810 3022 2870 ὧν
3050 2816 3144 2869 καὶ
3170 2815 3267 2886 τὴν
3301 2813 3405 2884 γῆν
3442 2812 3679 2866 δέδωκεν

2101 2902 2306 2974 Ἰησοῦς
2330 2906 2449 2968 ταῖς
2472 2904 2785 2969 ὑπολοίποις
2808 2906 3004 2976 φυλαῖς
3034 2909 3115 2970 είς
3144 2904 3509 2975 κληρονομίαν
3530 2902 3678 2957 κατὰ

2089 2994 2289 3066 κλῆρον
2321 2996 2499 3050 αὐτῶν
2522 3015 2534 3029 ·
2561 2997 2651 3050 τὸν
2680 2999 2928 3063 Χεταῖον,
2955 2999 3050 3051 καὶ
3081 2999 3173 3051 τὸν
3207 2998 3551 3068 Ἀμορῤαῖον,
3578 2995 3677 3049 καὶ

2086 3081 2179 3137 τὸν
2224 3086 2546 3150 Χαναναῖον,
2579 3087 2672 3140 καί
2712 3086 2803 3140 τὸν
2844 3088 3154 3159 Φερεζαῖον,
3187 3089 3279 3141 καὶ
3322 3087 3414 3140 τὸν
3454 3087 3674 3148 Εὺαῖον,

2087 3176 2182 3229 καὶ
2223 3176 2315 3230 τὸν
2364 3177 2703 3245 Ἱεϐουσαῖον,
2750 3180 2844 3233 καὶ
2894 3179 2984 3235 τὸν
3030 3179 3254 3251 βασιλέα
3290 3176 3523 3249 Ἱεριχὼ,
3574 3177 3676 3231 καὶ

2081 3268 2173 3321 τὸν
2199 3268 2420 3339 βασιλέα
2450 3272 2549 3342 τῆς
2570 3272 2746 3343 PaL-71
2778 3276 2893 3326 ἐστι
2929 3273 3154 3344 πλησίον
3186 3272 3408 3344 Βαιθὴλ,
3442 3271 3674 3341 βασιλέα

2094 3358 2463 3431 Ἰερουσαλὴμ,
2515 3363 2740 3432 βασιλέα
2794 3363 3041 3436 Χεϐρὼν,
3096 3364 3321 3434 βασιλέα
3375 3363 3668 3434 Ἰεριμοὺθ,

2077 3448 2298 3518 βασιλέα
2329 3453 2546 3521 Ααχεὶς,
2578 3453 2802 3523 βασιλέα
2848 3455 3041 3524 Ἐλὰμ,
3071 3454 3296 3525 βασιλέα
3334 3453 3535 3524 Γαζὲρ,
3574 3453 3671 3522 βα·-

2077 3541 2228 3595 σιλέα
2266 3543 2483 3616 Δαϐεὶρ,
2513 3545 2734 3615 βασιλέα
2766 3548 2912 3611 Γισὲ,
2955 3548 3178 3617 βασιλέα
3222 3547 3483 3619 Hiems-19,
3514 3547 3670 3617 βασι-

2078 3631 2173 3685 λέα
2210 3635 2405 3705 Αἰρὰθ,
2440 3636 2660 3706 βασιλέα
2698 3639 2862 3712 Ἀρὰθ
2914 3640 3013 3711 (Ι),
3064 3638 3287 3711 βασιλέα
3337 3640 3537 3703 Λοϐνᾶ,
3579 3639 3667 3710 βα·

2079 3724 2229 3781 σιλέα
2266 3727 2547 3800 Ὀδολλὰμ,
2595 3730 2820 3800 βασιλέα
2865 3732 3051 3797 Ἠλὰτ,
3089 3731 3315 3802 βασιλέα
3362 3730 3661 3800 Ἀθαφοὺθ,

2081 3816 2302 3886 βασιλέα
2349 3821 2531 3892 Ὀφὲρ,
2563 3821 2785 3892 βασιλέα
2830 3823 2994 3891 Ὀιρὲκ
3024 3825 3122 3892 τῆς
3155 3822 3468 3894 Ἀρὼο(ι⁹),
3509 3822 3665 3892 βασι-

2079 3905 2173 3959 λέα
2216 3907 2420 3978 Ἀσὼμ,
2458 3910 2680 3979 βασιλέα
2714 3913 2953 3983 Σομοὼν,
2984 3912 3207 3983 βασιλέα
3238 3912 3530 3984 Μαμϐρὺο,
3571 3911 3663 3981 βα-

2081 3997 2232 4050 σιλέα
2266 4000 2421 4068 Ζεὶιρ,
2460 4000 2688 4071 βασιλέα
2716 4005 2922 4075 Κάδης,
2972 4004 3197 4075 βασιλέα
3234 4005 3400 4067 Ζαὰκ,
3435 4002 3661 4073 βασιλέα

2019 4084 2217 4162 Ἐδδὼρ
2254 4092 2350 4144 τοῦ
2413 4093 2711 4167 Φενεδαὼρ,
2760 4095 2981 4167 βασιλέα
3046 4097 3163 4149 Γε¹ιδ
3210 4098 3308 4166 τῆς
3346 4096 3658 4181 Γαλιλαίας,

2580 4294 2822 4348 Beat-'01P
2851 4291 2910 4354 ζ’.
2933 4294 3157 4362 Ιιξριταί.

2150 4383 2235 4437 Η.
2277 4383 2534 4438 Καλεῖται
2566 4385 2627 4437 τὸ
2657 4385 2857 4455 βιϐλίον
2888 4386 3116 4456 Κριταὶ,
3159 4385 3347 4458 ἐπειδὴ
3393 4388 3531 4459 μετὰ
3562 4389 3659 4446 τὸν

387 4464 516 4522 Jesu
537 4465 685 4523 Nave
713 4471 974 4541 populum
1008 4488 1165 4528 suum
1190 4473 1336 4531 Deus
1352 4490 1384 4529 a
1406 4476 1615 4531 relictis
1633 4476 1966 4530 Chanaan-

2091 4473 2304 4528 ὶάνατον
2350 4476 2522 4546 Ἰησοῦ
2550 4476 2665 4529 υἱοῦ
2702 4476 2794 4528 τοῦ
2829 4476 3005 4545 Ναυῆ,
3039 4476 3128 4528 διὰ
3151 4476 3260 4529 τῶν
3292 4479 3497 4550 κριτῶν
3522 4480 3633 4534 ἔσω

385 4574 509 4613 rum
539 4561 792 4631 gentibus
816 4577 1069 4631 pressum
1092 4604 1107 4630 ,
1138 4581 1236 4635 per
1260 4568 1475 4636 judices
1502 4568 1753 4626 liberavit
1780 4587 1793 4623 :
1833 4584 1971 4640 quo-

383 4665 507 4704 rum
539 4650 644 4704 hoc
665 4652 941 4709 volumine
963 4654 1301 4725 singulorum
1334 4657 1493 4713 facta;
1520 4666 1574 4714 et
1603 4660 1725 4713 vita:
1754 4666 1968 4728 tempus

385 4743 758 4799 continentur.
821 4743 961 4799 Sunt
996 4755 1176 4802 autem
1214 4749 1328 4805 isti.
1383 4748 1602 4808 Primus
1631 4751 1918 4806 Gothoniel
1948 4770 1962 4807 :

383 4835 473 4889 hic
500 4836 702 4890 occidit
733 4836 1180 4894 Cbusarsathaim
1211 4856 1396 4912 regem
1431 4843 1542 4914 (98)
1578 4842 1749 4915 Syria:
1771 4843 1963 4898 ﬂuvio-

380 4941 526 4990 rum,
563 4928 655 4997 qui
687 4930 945 4998 populum
994 4931 1161 4986 lsrael
1191 4932 1452 4989 aﬂlixerat
1503 4950 1678 4989 annos
1727 4935 1964 5005 quadra-

382 5018 552 5086 ginta.
583 5018 715 5075 Post
738 5020 885 5075 bunc
916 5021 1071 5076 Avod
1112 5024 1471 5082 ambidexter.
1504 5025 1605 5081 Hic
1635 5025 1852 5098 Eglom
1877 5043 1964 5081 re-

382 5124 503 5178 gem
532 5108 889 5166 Moabilarum
921 5113 1103 5183 gladio
1155 5116 1380 5187 ancipiti
1432 5119 1624 5188 palma:
1667 5117 1961 5188 longitudi-

2071 4562 2162 4628 ξεν
2187 4567 2214 4617 ὁ
2253 4566 2384 4630 Θεὸς
2415 4568 2508 4620 τὸν
2541 4568 2667 4621 λαὸν
2686 4567 2999 4637 θλιϐόμενον
3036 4567 3141 4620 ὑπὸ
3170 4568 3278 4622 τῶν
3313 4570 3650 4640 ἀλλοφύλων,

2069 4657 2178 4710 τῶν
2230 4658 2684 4730 περιλειφθέντων
2732 4660 3051 4713 Χαναναίων
3090 4676 3104 4689 ·
3157 4661 3249 4713 καὶ
3294 4662 3499 4717 τούτων
3541 4664 3654 4717 τῶν

2068 4751 2270 4822 κριτῶν
2312 4750 2541 4804 ἑκάστου
2573 4752 2666 4804 καὶ
2698 4752 2795 4814 τὰς
2835 4751 3061 4823 πράξεις
3094 4754 3186 4805 καὶ
3218 4753 3306 4805 τὸν
3333 4755 3526 4825 χρόνον
3550 4758 3652 4828 τῆς

2066 4840 2212 4914 ζωῆς
2243 4845 2275 4915 ἠ
2313 4844 2490 4914 βίϐλος
2523 4843 2660 4914 αὕτη
2688 4844 2950 4917 περιέχει.
2979 4845 3236 4913 Γεγόνασι
3263 4846 3321 4899 δὲ
3346 4850 3530 4919 κριταὶ
3558 4845 3650 4905 οὗ-

2063 4951 2178 4987 τοι·
2228 4937 2444 5008 πρῶτος
2481 4937 2759 5008 Γοθονιήλ·
2807 4930 2961 4999 οὗτος
2998 4936 3174 4990 ἀνεῖλε
3202 4938 3293 4991 τὸν
3322 4939 3646 5012 Χουσαρσα-

2064 5024 2228 5097 θαῒμ,
2273 5028 2494 5098 βασιλέα
2528 5030 2728 5101 Συρίας
2756 5029 3045 5100 ποταμῶν,
3097 5029 3357 5100 θλίψαντα
3394 5034 3485 5086 τὸν
3519 5034 3646 5089 λαὸν

2063 5117 2156 5191 ἐτη
2195 5126 2247 5190 μ’
2278 5121 2351 5192 (5)
2373 5137 2386 5151 °
2421 5121 2559 5192 μετὰ
2605 5123 2791 5176 τοῦτον
2820 5123 2977 5176 Αὑὼδ
2996 5163 3010 5188 ,
3042 5125 3518 5198 ἀμφοτεροδέξιος·
3553 5123 3646 5182 οὖ·-

379 5215 505 5255 nem
537 5202 770 5259 habente
792 5205 1089 5270 interemit,
1123 5222 1154 5261 a
1185 5224 1294 5278 quo
1325 5208 1503 5266 fuerat
1535 5209 1766 5266 aﬂlictus
1791 5208 1958 5266 Israel

2092 5229 2150 5276 ος
2181 5213 2354 5266 ἀνεῖλε
2397 5214 2488 5268 τὸν
2528 5215 2753 5287 Δίγλὼμ
2794 5215 3018 5286 βασιλέα
3053 5216 3260 5282 Μωάϐ,
3291 5219 3350 5271 ἐν
3387 5218 3638 5290 μαχαίρᾳ

381 5305 556 5349 annos
594 5296 783 5352 decem
813 5306 868 5352 et
897 5306 1023 5352 octo
1052 5316 1066 5353 :
1115 5307 1169 5354 et
1200 5300 1317 5371 ipse
1345 5303 1667 5374 gubernavit
1700 5303 1955 5361 lsraelem

2093 5308 2316 5380 ιστόμῳ,
2346 5307 2544 5380 δρακὸς
2566 5308 2764 5382 ἐχούσῃ
2788 5308 2848 5361 τὸ
2878 5308 3070 5379 μῆκος,
3103 5307 3364 5378 oneum
3394 5309 3484 5363 τὸν
3508 5308 3636 5361 λἀὸν

452 5440 563 5519 (.93)
590 5441 645 5519 l_d
668 5454 754 5519 est
783 5447 1211 5519 Mesopotamiae.

453 5512 677 5603 99W.”
703 5515 778 5603 9-
811 5512 955 5603 νὲίὲίιί
975 5537 1135 5603 ΧΡΓοι
1158 5527 1500 5603 animi)?“
1523 5529 1758 5603 Αρᾳείμρ
1783 5531 1948 5603 τηειρ·

379 5580 648 5700 mag-0',
704 5585 925 5654 βασιλέα
975 5580 1205 5662 Ἐρμᾶθ,
1254 5580 1491 5668 eam
1521 5580 1951 5674 magnas;

451 5718 547 5787 (Γ)
577 5720 654 5785 θ’,
703 5722 864 5792 Ὀφὲκ
897 5735 993 5803 τῆς
1040 5736 1219 5807 Ἀρώκ

2130 5465 2319 5587 (αξιοι.
2364 5466 2610 5536 Συμοῶν,
2661 5465 2883 5537 βασιλέα
2912 5466 3221 5539 Μαμϐρὼθ,
3277 5467 3408 5538 βασ-
3452 5465 3635 5535 Ἀζὶφ,

2135 5553 2185 5587 σι
2223 5554 2285 5587 ια
2316 5536 2521 5587 Κάδπς.
2577 5536 2695 5587 Βασ-
2734 5536 2952 5587 Ζανάκ.
2999 5540 3129 5587 Βασ-
3176 5535 3463 5587 Μαοεδὼθ.
3503 5537 3635 5587 Βασ-

2059 5535 2285 5606 βασιλέα
2316 5535 2521 5617 nam,
2569 5535 2695 5621 βασ-
2734 5536 2952 5606 Ζαχάκ,
2998 5535 3129 5660 Eam;-
3176 5535 3637 5624 ἣξαρεδὼθκβασ-

2071 5607 2250 5660 Ἰεκὸυ.
2275 5623 2368 5659 του
2404 5609 2645 5660 Χεοαελ.
2679 5606 2810 5660 βασ-
2848 5607 2996 5660 ὐδολ
3032 5610 3111 5660 dm.
3141 5626 3235 5660 του
3266 5611 3634 5660 Φεννεαλοωο.

2085 5607 2257 5692 laxet:
2275 5606 2645 5692 EOS-Xeppﬂ,
2677 5606 2810 5678 βασ-
2848 5606 3111 5681 Ὀδολλὰμ
3141 5608 3235 5663 τοῦ
3266 5606 3634 5682 Φεννεαλδὼρ,

2059 5677 2189 5748 βασ-
2218 5677 2310 5728 Γεῖ
2332 5681 2450 5750 τῆς,
2485 5677 2590 5731 etc.
2681 5677 2686 5678 ⁷
3073 5677 3084 5681 ⁷

2129 5746 2201 5818 ('5)
2239 5747 2316 5813 θ’,
2346 5749 2441 5819 ἔτη
2472 5746 2634 5803 ὀκτώ.
2654 5745 2796 5814 Mox,
2827 5749 2901 5817 0',
2942 5747 3095 5805 Ἀὼᾶ
