3880 6186
198 292 310 348 SH

1317 302 1647 362 SYNOPSIS
1683 305 2099 365 SCRIPTUIUE
2141 306 2418 365 SACRE.

3365 305 3476 364 3M

197 410 297 481 ἔτη
334 416 433 481 ιη’·
475 412 570 465 καὶ
605 413 769 479 αὐτὸς
815 415 997 489 ἔκρινε
1035 418 1128 472 τὸν
1172 421 1387 494 Ἰσραὴλ
1417 423 1514 495 ἐτη
1539 431 1620 478 π’·
1651 425 1789 497 μετὰ

1894 442 2066 484 annos
2121 426 2419 496 octoginta.
2473 424 2668 480 Postea
2722 421 2992 495 Tamegar
3044 422 3191 481 filius
3222 421 3469 490 Dinaeh,

196 503 396 557 τοῦτον
439 505 706 579 Ταμεγάρ
757 509 871 578 (5),
914 512 1032 575 υίὸς
1075 513 1273 584 Δινάχ·
1308 507 1465 580 οὗτος
1524 516 1791 581 ἐπάταξεν

198 595 517 662 ἑξακοσίους
558 599 669 653 τῶν
725 602 1038 674 ἀλλοφύλων
1084 606 1142 659 ὲν
1184 605 1263 677 τῷ
1306 608 1631 681 ἀροτρόποδι
1680 608 1792 664 τῶν

200 687 342 758 βοῶν
360 707 376 721 ·
412 691 508 744 καὶ
536 692 698 758 αὐτὸς
730 694 912 767 ἔκρινε
936 696 1028 752 τὸν
1059 696 1186 752 λαὸν
1220 698 1340 764 ἔτος
1368 697 1437 753 α’.
1466 702 1599 755 Μετ’
1628 701 1791 754 αὐτὸν

197 782 391 855 Βαράκ
414 824 432 848 ν
477 786 594 850 υἱὸς
643 787 855 860 Ἀϐινέχ
883 788 984 862 (6).
1029 785 1197 855 Οὗτος
1240 791 1578 864 ἐπολέμησεν
1625 792 1790 846 ’Ῑαϐὶν

194 874 294 929 καὶ
336 875 436 928 τὸν
473 877 711 949 Σισάρα,
750 880 1044 951 θλίψαντας
1072 882 1163 936 τὸν
1207 884 1424 957 Ἰσραὴλ
1462 884 1555 956 ἔτη
1585 891 1654 938 κ’.
1686 884 1789 938 Τὸν

199 968 301 1038 μὲν
335 964 430 1020 οὖν
469 968 679 1042 Σισάρα
717 972 1035 1027 ἀπέκτεινεν
1071 973 1249 1045 Ἰαὴλ,
1290 975 1428 1047 γυνὴ
1468 975 1653 1048 Χαθὲρ
1694 974 1788 1028 τοῦ

194 1058 427 1113 Κιναίου
470 1061 530 1112 ὲν
572 1062 869 1133 πασσάλῳ·
905 1063 1067 1128 αὐτὸς
1104 1064 1160 1117 δὲ
1188 1064 1403 1136 ἔκρινεν
1440 1065 1533 1119 τὸν
1572 1065 1790 1137 Ἰσραὴλ

193 1150 293 1222 ἐτη
331 1151 406 1223 μ’.
447 1154 585 1207 Μετ’
624 1155 788 1212 αὐτὸν
827 1156 1063 1211 Γεδεών·
1102 1158 1265 1222 αὑτός
1298 1161 1446 1213 ἐστιν
1491 1159 1785 1230 ’Ῑεροϐαάλ.

193 1245 372 1309 Αὐτὸς
412 1246 649 1315 ἐπάταξε
689 1247 939 1314 Μαδιάν,
972 1250 1068 1304 καὶ
1105 1251 1196 1305 τὸν
1236 1252 1432 1325 Ὠρὴϐ,
1475 1254 1569 1307 καὶ
1605 1252 1787 1319 Ζεϐεὲ,

193 1340 292 1391 καὶ
321 1339 585 1411 Σαλμανὰ
608 1342 738 1406 τοὺς
788 1341 1057 1415 ἄρχοντας
1097 1344 1279 1398 αὐτῶν
1298 1385 1313 1410 ,
1346 1345 1440 1398 τόν
1472 1363 1532 1399 τε
1582 1344 1791 1417 πύργον

193 1429 441 1502 Φανουὴλ
474 1432 831 1506 κατέστρεψε,
873 1436 969 1489 καὶ
995 1436 1122 1499 τοὺς
1166 1436 1431 1508 ἄρχοντας
1462 1436 1641 1492 αὐτῶν
1667 1437 1792 1508 ἠλό-

190 1537 329 1591 ησεν
360 1523 421 1577 έν
448 1526 570 1587 ταῖς
593 1524 880 1591 ἀκάνθαις,
904 1524 1196 1596 θλίψαντας
1222 1526 1313 1581 τὸν
1357 1527 1575 1600 Ἰσραὴλ
1602 1527 1696 1600 ἐτη
1721 1527 1787 1593 ζ’.

192 1611 372 1676 Αὐτὸς
415 1613 475 1667 δὲ
520 1614 703 1684 ἔκρινε
745 1616 840 1670 τὸν
884 1616 1099 1689 Ἰσραὴλ
1136 1616 1231 1690 ἐτη
1285 1625 1358 1690 μ’.
1396 1620 1552 1674 Μετὰ
1596 1620 1792 1675 τοῦτον

208 1699 522 1774 ’Δϐιμελὲχ,
551 1705 667 1769 υἱὺς
692 1706 896 1760 Γεδεὼν
916 1709 980 1761 ὲκ
1003 1707 1312 1780 παλλακῆς·
1331 1703 1485 1774 οὗτος
1501 1709 1789 1771 ἀπέκτεινε

1893 518 1986 587 qui
2012 526 2299 573 sexcentos
2327 517 2394 572 de
2420 515 2750 571 Pbilistbiim
2783 528 3002 570 vomere
3033 515 3338 585 percussit,
3371 533 3474 573 an-

1892 626 2132 679 numque
2166 625 2367 673 unum,
2411 608 2673 679 populum
2728 606 3020 678 judicavit.
3074 605 3232 663 Hunc
3258 610 3474 679 excepit

1891 701 2102 756 Baracb
2133 700 2278 755 Illius
2298 698 2560 754 Abineem
2589 717 2604 753 :
2631 698 2724 752 hic
2755 699 3087 768 expugnavit
3112 696 3273 754 Jabin
3298 708 3353 756 et
3383 699 3474 756 Si-

1891 808 2096 857 saram,
2128 792 2224 863 qui
2259 791 2515 847 Israelem
2543 805 2720 845 annos
2749 790 2941 860 viginti
2967 790 3297 847 afﬂixerunt.
3332 791 3474 846 Sisa-

1890 900 2006 939 ram
2055 891 2236 940 autem
2283 884 2422 950 Jael,
2454 899 2596 938 uxor
2624 882 2826 939 Cather
2859 881 3028 938 Cinaei
3060 883 3216 937 clavo
3243 882 3471 938 occidit.

1888 974 2164 1031 Judicavit
2193 977 2296 1032 iste
2312 975 2566 1032 Israelem
2586 990 2759 1031 annos
2779 974 3160 1046 quadraginta.
3179 972 3310 1029 Post
3327 974 3474 1029 hunc

1893 1065 2134 1131 Gedeon,
2158 1067 2251 1137 qui
2275 1075 2330 1123 et
2348 1065 2601 1122 Jerobaal
2625 1066 2807 1121 dictus
2822 1074 2927 1121 est.
2946 1065 3225 1121 Percussit
3241 1066 3345 1122 iste
3362 1064 3474 1120 Ma-

1891 1160 2042 1223 dian,
2077 1166 2132 1214 et
2150 1157 2313 1224 Oreb,
2335 1169 2388 1214 et
2412 1157 2522 1213 Zeb
2549 1172 2604 1213 et
2630 1157 2824 1223 Zebee,
2854 1165 2908 1213 et
2940 1156 3195 1213 Salmana
3225 1160 3469 1229 ipsorum

1891 1249 2167 1320 principes
2187 1264 2251 1304 ac
2282 1250 2476 1304 turrim
2506 1247 2748 1303 Phanuel
2776 1249 3069 1315 subvertit,
3089 1251 3473 1320 principesque

1893 1340 2109 1395 illorum
2142 1355 2267 1395 cum
2301 1341 2478 1411 spinis
2504 1340 2782 1395 trituravit
2820 1355 2885 1395 ac
2913 1340 3166 1399 contrivit
3206 1356 3236 1393 a
3267 1340 3470 1411 quibus

1893 1432 2122 1488 aﬂlictus
2151 1432 2327 1487 fuerat
2348 1431 2515 1487 Israel
2544 1446 2718 1487 annos
2747 1440 2975 1501 septem.
2996 1430 3270 1487 Judicavit
3290 1440 3471 1487 autem

1892 1524 2010 1594 ipse
2041 1523 2295 1579 Israelem
2325 1539 2502 1579 annos
2528 1522 2911 1593 quadraginta.
2966 1522 3100 1580 Post
3152 1524 3306 1579 illum
3345 1524 3474 1577 Abi-

1891 1616 2123 1681 melech,
2152 1615 2297 1672 filius
2323 1614 2592 1671 Gedeonis
2637 1630 2707 1670 ex
2745 1615 3083 1679 concubina,
3133 1616 3226 1686 qui
3272 1615 3471 1671 fratres

1891 1723 2023 1764 suos
2054 1723 2123 1764 ex
2150 1707 2339 1764 liberis
2366 1714 2526 1764 natos
2543 1748 2559 1773 ,
2579 1711 2923 1780 septuaginta
2950 1708 3117 1770 viros,
3145 1723 3311 1777 super
3338 1707 3472 1777 lapi-

194 1795 327 1858 τοὺς
357 1796 624 1868 ἀδελφοὺς
665 1798 859 1854 ἑαυτοῦ
887 1841 902 1864 ,
925 1802 1054 1865 τοὺς
1095 1802 1161 1854 ἐκ
1216 1801 1326 1856 τῶν
1367 1801 1701 1875 ἐλευθέρων,
1746 1810 1789 1857 o'

1894 1793 2015 1849 dem
2032 1807 2202 1847 unum
2219 1792 2441 1848 occidit.
2461 1791 2610 1863 Fuga
2629 1801 2810 1848 autem
2829 1809 2972 1849 unus
2988 1809 3053 1848 ex
3071 1793 3202 1857 illis,
3218 1791 3471 1847 Joatham

190 1887 397 1959 ἄνδρας
429 1889 523 1942 ἐπὶ
555 1889 703 1945 λίθον
740 1890 857 1946 ἕνα.
891 1892 1102 1962 Ἔφυγε
1132 1893 1192 1946 δὲ
1225 1887 1305 1957 εἷς
1357 1892 1416 1961 ἐξ
1459 1893 1639 1948 αὐτῶν
1676 1896 1790 1949 ’ἰω-

192 1979 368 2051 άθαμ.
409 1981 572 2036 Ἀλλὰ
612 1983 709 2038 καὶ
749 1983 1036 2056 ’Δϐιμελὲχ
1084 1985 1274 2055 γέγονε
1325 1985 1463 2057 μετά
1498 1987 1606 2043 τῶν
1639 1986 1789 2059 αὐτῷ

193 2072 561 2127 συνελθόντων
590 2075 669 2139 ὡς
715 2075 827 2148 πῦρ
872 2077 982 2131 άπὸ
1019 2077 1258 2149 ῥάμνον·
1298 2078 1525 2143 πολλούς
1558 2097 1617 2133 τε
1652 2082 1790 2134 ἀπο-

189 2165 434 2229 κτείνας,
471 2166 711 2221 ἁπέθανε
760 2169 855 2222 καὶ
895 2170 1058 2234 αὐτὸς
1102 2170 1341 2243 ριψάσης
1386 2173 1645 2240 γυναικὸς
1680 2173 1789 2227 ἀπὸ

188 2254 287 2307 τοῦ
328 2256 544 2326 τείχους
592 2259 681 2310 ἐπ’
714 2258 878 2312 αὑτὸν
910 2258 1130 2330 κλάσμα
1164 2259 1356 2330 μύλου.
1390 2261 1502 2313 Καὶ
1539 2260 1699 2325 αὐτὸς
1729 2261 1788 2314 δὲ

188 2335 358 2411 ἦρξεν
389 2342 485 2413 ἔτη
531 2344 679 2415 τρία.
715 2346 853 2399 Μετ’
890 2346 1052 2401 αὐτὸν
1095 2347 1255 2402 Θωλὰ
1292 2347 1408 2413 υἱὸς
1456 2348 1635 2415 Φούα,
1674 2349 1789 2414 υίὸς

191 2432 575 2502 πατραδέλφου
633 2433 942 2507 ’Δϐιμελέχ.
970 2437 1081 2490 Καὶ
1134 2437 1298 2502 αὐτὸς
1345 2433 1512 2510 ἦρξεν
1554 2438 1649 2509 ἐτη
1679 2446 1783 2507 κγ’.

191 2521 327 2576 Μετ’
360 2525 527 2577 αὑτὸν
572 2526 736 2597 Ἰαεὶρ
762 2528 791 2579 6
824 2527 1160 2601 Γαλααδίτης
1186 2529 1280 2601 ἐτη
1327 2532 1431 2585 κϐ¹.
1459 2532 1593 2586 Μετ’
1625 2533 1787 2587 αὐτὸν

202 2617 421 2686 Ἰεφθάε
453 2621 484 2673 6
516 2619 856 2691 Γαλααδίτης
878 2638 894 2652 ·
928 2617 1084 2686 οὗτος
1122 2624 1411 2679 ἀπέκτεινε
1450 2626 1577 2690 τοὺς
1617 2627 1787 2697 Ἀμα-

189 2711 348 2774 νίτας
391 2716 489 2764 καὶ
531 2713 660 2776 τοὺς
692 2712 1011 2785 Φυλιστιεὶμ
1033 2753 1049 2777 ,
1092 2714 1388 2786 θλίψαντας
1419 2718 1510 2771 τὸν
1571 2720 1789 2791 Ἰσραὴλ

189 2802 287 2872 ἔτη
324 2802 419 2874 ιη’.
454 2803 766 2877 Εὑξάμενος
789 2806 848 2859 δὲ
883 2809 941 2860 ἐν
970 2808 1049 2879 τῷ
1079 2808 1304 2881 πολέμῳ
1328 2810 1422 2864 τὸν
1466 2812 1789 2866 ἀπαντῶντα

191 2895 415 2967 πρῶτον
448 2897 591 2968 μετὰ
619 2897 720 2969 τὴν
742 2897 899 2969 νίκην
928 2899 1223 2972 ἀναφέρειν
1256 2903 1337 2965 είς
1373 2902 1582 2968 θυσίαν,
1617 2904 1791 2958 ἀπαν-

190 2989 261 3059 τή
273 3006 450 3042 σασαν
485 2990 584 3063 τὴν
617 2991 917 3064 θυγατέρα,
947 2993 1180 3064 ἠξίωσεν
1208 2997 1470 3068 πρότερον
1499 3013 1787 3069 συγχωρη-

191 3079 355 3151 θῆναι
381 3082 519 3183 icti-rh
553 3082 1038 3183 δίμηνονκλαῢσαι
1065 3086 1132 3141 τὰ
1167 3088 1434 3161 παρθένια
1465 3090 1632 3162 αὐτῆς
1654 3108 1668 3121 ·
1693 3089 1787 3143 οὔ·
1814 3126 1857 3183 C

188 3188 299 3235 τως
336 3172 510 3244 αὐτὴν
541 3173 847 3242 ἀνενεγκὼν
873 3178 902 3230 6
927 3178 1113 3251 πατὴρ
1146 3181 1227 3244 είς
1250 3179 1460 3243 θυσίαν,
1494 3181 1675 3254 ἔκρινε
1696 3184 1789 3238 τὸν

190 3263 321 3316 λαὸν
348 3264 444 3336 ἐτη
475 3265 553 3330 ἐξ.
581 3267 716 3319 Μετ’
754 3267 914 3321 αὐτὸν
952 3270 1210 3325 ’Δϐαισὰν
1252 3273 1362 3325 ἀπὸ
1400 3273 1651 3347 Βηθλεὲμ
1692 3275 1787 3347 ἐτη

194 3358 357 3410 ἑπτά.
396 3359 532 3411 Μετ’
558 3358 721 3411 αὐτὸν
751 3358 985 3414 ’Δῖλὼνὸ
1009 3361 1419 3435 Ζαϐουλωνίτης
1443 3364 1537 3436 ἔτη
1571 3371 1623 3419 ι’.
1655 3366 1788 3419 Μετ’

192 3447 361 3502 αὐτὸν
384 3449 610 3505 Λαϐδὼν
633 3452 733 3523 (7),
765 3456 793 3507 6
821 3452 1211 3526 Φαραθωνίτης
1237 3454 1331 3527 ἔτη
1365 3462 1436 3527 η’.
1465 3459 1599 3511 Μετ’
1627 3458 1789 3512 αὐτὸν

195 3541 439 3613 Σαμψὼν
488 3544 595 3597 ἀπὸ
648 3545 755 3598 Δάν
781 3561 794 3576 ·
843 3540 998 3609 οὗτος
1036 3545 1272 3611 ἐπάταξε
1318 3548 1444 3610 τοὺς
1471 3549 1791 3620 Φυλιστιεὶμ

194 3638 255 3689 ὲν
284 3635 496 3703 σιαγόνι
522 3635 666 3701 ὄνου,
702 3638 798 3689 καὶ
850 3636 1039 3691 ἄλλοτε
1096 3638 1298 3710 ῥάϐδῳ,
1341 3638 1436 3692 καὶ
1464 3635 1620 3701 αὖθις
1644 3637 1789 3693 ἀλώ-

194 3725 340 3793 πεξι,
369 3728 464 3782 καὶ
495 3727 721 3800 ὕστερον
756 3729 1118 3801 συμπτώματι
1148 3729 1243 3784 τοῦ
1284 3731 1457 3798 οἴκου,
1496 3730 1792 3801 θλίψαντας

195 3819 287 3871 τον
328 3819 552 3891 Ἰσραὴλ
599 3819 695 3892 ἔτη
735 3826 805 3891 μ’.
847 3822 958 3875 Καὶ.
1004 3821 1166 3885 αὐτὸς
1208 3822 1389 3893 ἔκρινε
1429 3819 1522 3876 τὸν
1575 3821 1790 3895 Ἰσραὴλ

195 3910 295 3980 ἐτη
324 3917 396 3964 κ’.
443 3910 743 3965 Ποσοῦνται
784 3907 875 3966 οὖν
907 3913 958 3967 οἱ
1000 3914 1201 3978 πάντες
1234 3913 1420 3985 κριταὶ
1460 3915 1540 3978 είς
1584 3919 1684 3983 ιγ’·
1720 3912 1789 3967 τά

196 4001 255 4055 δὲ
286 4002 384 4073 ἔτη
418 4001 599 4056 αὐτῶν
625 4009 753 4058 υια¹.

709 4202 956 4257 Βιϐλίον
990 4209 1066 4271 η’,
1112 4204 1297 4259 Ῥούθ.

272 4294 361 4349 12.
398 4292 556 4348 Οὕτω
592 4293 815 4362 λέγεται
851 4295 911 4347 τὸ
938 4293 1368 4366 βιϐλίον,ὲπειδὴ
1402 4295 1496 4349 καὶ
1527 4294 1627 4367 τὴν
1659 4297 1788 4369 περὶ

195 4384 298 4457 τῆς
326 4384 486 4439 Ῥοὺθ
524 4385 767 4457 ἱστορίαν
800 4386 968 4456 μόνην
1014 4385 1275 4457 περιέχει.
1314 4388 1469 4439 Ἐστι
1498 4387 1554 4441 δὲ
1587 4386 1786 4459 αὕτηή

1886 1889 2108 1960 elapsus
2139 1898 2242 1944 est.
2268 1887 2390 1958 Ipse
2420 1903 2550 1943 veru
2602 1886 2952 1952 Abimelech,
2992 1888 3157 1943 etiam
3198 1888 3342 1953 illis,
3375 1888 3471 1959 qui

1889 1996 2014 2036 cum
2048 1980 2167 2051 ipso
2197 1980 2647 2050 conspiraverant
2673 2018 2690 2045 ,
2727 1978 2907 2035 factus
2932 1988 3015 2035 est
3043 1979 3217 2036 instar
3251 1980 3393 2051 ignis
3438 1994 3472 2035 ο

1888 2072 2138 2125 rhamno.
2200 2068 2499 2140 Postquam
2556 2076 2739 2124 autem
2792 2069 2996 2125 multos
3051 2069 3287 2129 occidit.
3322 2084 3474 2124 mor-

1888 2170 2018 2218 tuus
2044 2168 2130 2218 est
2162 2167 2217 2217 et
2246 2161 2382 2231 ipse,
2416 2159 2575 2216 mola:
2608 2159 2877 2232 fragmine
2918 2163 2987 2217 de
3034 2177 3191 2216 muro
3221 2176 3319 2231 per
3351 2177 3475 2215 mu-

1887 2255 2075 2310 lierem
2130 2255 2373 2310 demisso
2420 2260 2766 2322 prostratus,
2835 2253 3238 2324 imperiumque
3295 2255 3473 2310 tenuit

1888 2360 2063 2400 annos
2108 2351 2243 2399 tres.
2278 2342 2481 2397 Deinde
2521 2342 2693 2397 Thola
2729 2343 2874 2398 ﬁlius
2905 2343 3079 2408 Phua,
3111 2344 3291 2414 patrui
3340 2343 3474 2398 Abi-

1888 2436 2121 2499 melech,
2152 2435 2245 2506 qui
2277 2434 2563 2506 imperavit
2592 2449 2769 2490 annos
2802 2434 2892 2490 25.
2923 2433 3080 2490 Hunc
3111 2435 3325 2505 excepti
3355 2432 3475 2490 Jair

1888 2528 2216 2595 Galaadites,
2243 2528 2336 2598 qui
2363 2527 2628 2598 judicavit
2675 2542 2850 2581 annos
2894 2526 2984 2582 22.
3033 2525 3230 2582 Postea
3279 2524 3474 2596 Iephte

1888 2620 2219 2677 Galaadites.
2246 2621 2353 2677 Iste
2369 2621 2995 2691 percussitAmmonitas
3035 2628 3089 2676 et
3135 2619 3467 2686 Philistaeos,

1888 2714 1982 2784 qui
2007 2712 2263 2771 Israelem
2293 2714 2598 2769 amixerant
2629 2728 2804 2768 annos
2831 2712 3018 2768 decem
3059 2719 3112 2767 et
3149 2720 3295 2768 octo.
3332 2712 3470 2767 Cum

1889 2812 2068 2858 autem
2109 2804 2165 2858 in
2195 2803 2338 2859 bello
2366 2814 2551 2857 votum
2584 2802 2824 2869 fecisset,
2860 2803 3171 2857 oblaturum
3204 2816 3264 2857 se
3300 2800 3354 2855 in
3381 2815 3474 2856 sa-

1888 2896 2177 2961 crificium,
2209 2895 2475 2967 quidquid
2524 2902 2649 2967 post
2686 2896 2972 2950 victoriam
3003 2895 3223 2950 domum
3283 2908 3469 2948 rever-

1891 2988 2022 3044 tenti
2055 2988 2289 3058 primum
2319 2994 2669 3051 occurreret,
2723 2986 2888 3041 filiam
2932 2986 2989 3041 in
3020 3001 3309 3042 occursum
3343 3000 3471 3055 pro-
3562 2982 3563 2985 “

1889 3094 2155 3151 gressam,
2189 3079 2480 3149 impetrato
2512 3079 2747 3149 primum
2772 3078 2841 3133 ad
2872 3078 3160 3150 lugendam
3183 3077 3470 3149 virginita-

1889 3180 2000 3228 tem
2024 3171 2273 3227 bimestri
2298 3171 2495 3240 spatio,
2522 3170 2910 3226 immolandam
2938 3170 3154 3225 obtulit.
3194 3167 3471 3224 Judicavit

1891 3271 2072 3319 autem
2132 3264 2393 3333 populum
2438 3278 2612 3319 annos
2655 3278 2770 3320 sex.
2832 3261 3031 3318 Postea
3082 3262 3312 3318 Abaesan
3365 3261 3470 3317 Be~

1890 3356 2204 3421 thleemita,
2246 3355 2513 3426 judicavit
2552 3370 2728 3411 annos
2782 3362 3012 3425 septem.
3071 3352 3273 3409 Deinde
3305 3353 3469 3409 Ailon

1891 3447 2241 3502 Zabulonites
2268 3460 2442 3501 annos
2469 3444 2675 3501 decem.
2703 3444 2835 3499 Post
2877 3445 3030 3498 illum
3062 3443 3283 3498 Labdon
3327 3441 3470 3497 Pha-

1891 3538 2195 3594 rathonites
2229 3537 2391 3607 108
2437 3551 2611 3591 annos
2657 3543 2803 3591 octo.
2854 3534 3051 3592 Postea
3106 3533 3361 3601 Samson,
3400 3534 3469 3590 de

1891 3632 2060 3701 stirpe
2112 3629 2246 3683 Dan.
2306 3629 2406 3683 I-lic
2456 3629 2511 3682 in
2547 3628 2859 3683 mandibula
2893 3629 3054 3691 asini,
3085 3627 3357 3683 interdum
3415 3637 3471 3683 et

1889 3721 2066 3791 virga,
2086 3719 2380 3791 aliquando
2408 3720 2572 3774 etiam
2600 3719 2866 3774 immissis
2886 3720 3164 3789 vulpibus,
3189 3728 3243 3774 et
3281 3719 3470 3774 novis-

1891 3813 2030 3868 sime
2082 3828 2180 3883 per
2221 3813 2436 3866 ruinam
2467 3811 2682 3873 domus,
2717 3810 3021 3867 Philistteos
3067 3812 3374 3883 percussit,
3436 3826 3469 3864 a

1889 3906 2089 3974 quibus
2115 3904 2281 3960 Israel
2324 3905 2553 3960 amictus
2607 3902 2786 3958 fuerat
2842 3919 3016 3959 annos
3047 3905 3137 3957 40.
3192 3902 3469 3957 Judicavit

1892 4007 2071 4052 autem
2123 3994 2376 4053 Israelem
2426 4012 2600 4052 annos
2625 3996 2714 4051 ΞΟ.
2750 3994 2992 4051 Fuerunt
3020 4002 3204 4066 itaque
3253 3995 3468 4065 judiccs

1892 4086 2108 4144 Israelis
2134 4103 2362 4144 numero
2394 4089 2489 4153 15,
2524 4089 2652 4141 anni
2686 4103 2816 4142 vero
2843 4089 3060 4142 illorum
3091 4088 3313 4142 fuerunt
3339 4088 3464 4145 411.

2383 4203 2540 4258 Liber
2590 4203 2733 4258 VIII
2758 4246 2772 4270 ,
2811 4203 2973 4259 Ruth.

1962 4293 2052 4350 12.
2087 4295 2166 4350 Ita
2188 4300 2416 4350 vocatur
2468 4295 2557 4348 hic
2606 4295 2780 4361 liber,
2827 4294 2970 4364 quod
3004 4293 3286 4348 historiam
3320 4292 3468 4350 Ruth

1889 4376 2101 4441 ta'ntum
2136 4386 2548 4456 complectatur.
2583 4385 2679 4441 Est
2715 4393 2895 4440 autem
2926 4385 3068 4439 Ruth
3099 4402 3296 4453 genere
3321 4384 3470 4440 Moa-

209 4478 372 4532 Ῥοὒθ
422 4476 486 4530 τὸ
535 4478 633 4549 μὲν
683 4477 841 4546 γένος
886 4478 1167 4541 Μωαϐῖτις
1192 4518 1207 4542 ,
1243 4477 1339 4532 καὶ
1373 4481 1431 4533 ὲν
1470 4478 1789 4551 σωφροσύνῃ

1897 4477 2047 4544 bitis,
2082 4478 2335 4534 castitate
2366 4493 2494 4532 vero
2539 4477 2708 4531 clara.
2745 4475 2951 4531 Relicta
2996 4477 3322 4547 cognatione
3373 4492 3472 4547 pa-

198 4565 571 4639 διαπρέψασα.
614 4566 1024 4638 Ἀπαταξαμένη
1057 4566 1114 4620 δὲ
1155 4569 1220 4638 τῇ
1272 4567 1558 4636 συγγενείᾳ
1594 4566 1688 4620 καὶ¹
1719 4569 1786 4638 τῇ

198 4662 443 4730 πατρικῇ
471 4658 877 4730 δεισιδαιμονίᾳ,
911 4657 1204 4729 μετέϐαλεν
1234 4658 1313 4720 εἰς
1342 4656 1675 4718 θεοσέϐειαν,
1693 4657 1790 4710 καὶ

200 4749 471 4822 μετῆλθεν
503 4749 663 4813 εὐθὺς
700 4752 781 4813 είς
826 4749 1076 4821 Βηθλεὲμ
1124 4749 1225 4821 τῆς
1268 4748 1557 4814 Ἰουδαίας,
1589 4750 1706 4801 ὲκεί
1729 4765 1790 4801 τε

199 4842 436 4913 ἐζεύχθη
474 4841 553 4913 τῷ
595 4842 733 4907 Βοὸξ
781 4844 846 4895 ὲκ
886 4841 1064 4911 φυλῆς
1123 4841 1295 4895 Ἰούδα
1320 4842 1661 4913 τυγχάνοντι,
1695 4843 1790 4895 καὶ

197 4932 391 4987 λοιπὸν
432 4931 493 4997 ἐξ
522 4931 694 5003 αὐτῆς
740 4930 1141 5001 γενεαλογεῖται
1167 4931 1196 4983 6
1224 4930 1388 4984 Δαϐὶδ
1446 4930 1618 4984 οὕτω·
1656 4927 1791 4994 Βοὸξ

198 5026 266 5077 ex
289 5025 392 5096 τῆς
431 5022 588 5077 Ῥοὺθ
612 5024 776 5093 γεννᾷ
803 5022 893 5075 τὸν
934 5022 1096 5096 Ὠϐήδ
1120 5040 1136 5055 υ
1177 5023 1337 5094 Ὠϐὴδ
1364 5023 1421 5076 δὲ
1447 5024 1540 5077 τὸν
1572 5022 1787 5088 Ἰεσσαί,

214 5119 415 5172 Ἰεσσαὶ
442 5117 500 5171 δὲ
528 5116 622 5169 τὸν
654 5113 837 5167 Δαϐίδ.

322 5209 570 5263 Bianor
595 5210 664 5273 θ’,
703 5203 1014 5261 Βασιλεῖαι
1046 5204 1245 5275 πρώτη
1272 5204 1372 5259 καὶ
1403 5203 1669 5273 δευτέρα.

274 5303 361 5359 I3.
412 5301 695 5356 Βασιλεῖαι
742 5301 1068 5373 ὀνομάζεται
1109 5299 1179 5354 τά
1224 5298 1435 5372 βιϐλία,
1462 5299 1647 5370 ἐπειδὴ
1694 5297 1789 5352 καὶ

202 5395 302 5460 τάς
317 5395 548 5468 πράξεις
568 5393 678 5449 τῶν
700 5393 1010 5465 γενομένων
1039 5391 1305 5464 βασιλέων
1333 5392 1391 5447 ἓν
1420 5408 1481 5445 τε
1510 5391 1589 5463 τῷ
1620 5390 1790 5444 Ἰούδα

204 5489 297 5542 καὶ
326 5486 407 5558 τῷ
457 5485 706 5558 Ἰσραὴλ,
737 5485 923 5540 καὶτὰ
949 5484 1044 5557 ἔτη
1075 5484 1255 5539 αὐτῶν
1285 5483 1550 5556 περιέχει.
1584 5481 1792 5554 Διείλη-

275 5626 352 5695 (5)
386 5624 465 5690 0',
516 5623 798 5697 Σαμεγάρ.
848 5621 968 5678 Non
998 5622 1201 5694 legitur
1227 5622 1294 5697 in_
1322 5622 1609 5697 Scriptura
1642 5622 1788 5695 quod

202 5693 547 5770 iudicaverit
569 5693 827 5770 Isr'aelem
861 5709 1006 5751 anno
1036 5693 1171 5760 uno,
1203 5703 1260 5749 ut
1283 5693 1371 5748 hic
1405 5694 1598 5750 fertur.

278 5771 353 5839 (6)
380 5767 459 5833 θ’,
507 5764 782 5836 ’Δϐινεέμη

1894 4577 2159 4640 ternaque
2194 4570 2606 4639 superstitione,
2635 4568 2701 4622 ad
2744 4583 2932 4623 verum
2966 4567 3061 4623 Dei
3095 4569 3301 4622 cultum
3331 4583 3468 4623 con-

1889 4672 2082 4721 versa,
2134 4658 2443 4713 Bethlehem
2488 4657 2689 4714 Judaem
2739 4673 2863 4712 cum
2914 4675 3078 4714 socru
3139 4675 3237 4713 sua
3288 4660 3470 4713 subito

1889 4749 2185 4814 concessit,
2220 4750 2312 4804 ubi
2344 4758 2398 4804 et
2431 4749 2576 4804 Booz
2609 4767 2674 4804 ex
2703 4752 2848 4806 tribu
2881 4750 3021 4805 Juda
3045 4790 3061 4815 ,
3120 4752 3470 4805 matrimonio

1891 4839 2185 4909 conjuncta
2212 4850 2312 4905 est,
2337 4856 2404 4894 ex
2441 4857 2549 4911 qua
2602 4848 2791 4912 postea
2825 4840 2993 4896 David
3038 4841 3191 4911 origo
3221 4842 3301 4896 sic
3331 4855 3466 4895 cou-

1891 4929 2135 4986 texitur:
2173 4930 2316 4985 Booz
2360 4947 2427 4986 ex
2460 4930 2607 4985 Ruth
2654 4934 2844 5003 genuit
2891 4933 3059 4986 [illum
3092 4932 3284 4988 Obed:
3319 4930 3470 4988 Obed

1888 5036 2020 5077 vero
2049 5023 2237 5093 genuit
2267 5022 2421 5079 Iesse
2451 5041 2465 5078 :
2508 5022 2661 5080 Iesse
2688 5024 2968 5081 Davidem.

2029 5225 2191 5282 Liber
2226 5227 2314 5282 ΙΧ
2331 5269 2346 5291 ,
2382 5227 2677 5299 Regnorum
2719 5228 2921 5296 primus
2956 5234 3006 5280 et
3045 5226 3318 5282 secundus.

1973 5320 2061 5376 I3.
2101 5317 2411 5391 Regnorum
2441 5320 2795 5374 nominantur
2821 5318 2875 5371 hi
2914 5317 3060 5379 libri,
3085 5315 3211 5385 quia
3257 5317 3465 5386 Regum

1888 5435 2012 5475 cum
2031 5416 2167 5472 Juda
2199 5423 2313 5469 tum
2338 5416 2503 5470 Israel
2528 5414 2670 5467 facta
2691 5420 2746 5468 et
2765 5425 2938 5465 annos
2956 5408 3257 5463 continent.
3291 5407 3464 5462 Euar-

1888 5517 2082 5566 rantur
2110 5514 2290 5561 autem
2319 5507 2498 5577 primo
2526 5505 2668 5558 libro
2706 5502 2810 5557 ista
2839 5499 3018 5555 :Mors
3050 5498 3127 5551 Eli
3159 5498 3462 5556 sacerdotis

1962 5620 2037 5689 (7)
2067 5620 2144 5684 0',
2186 5615 2410 5679 Ἀϐδὼν,
2445 5616 2539 5689 sed
2584 5631 2707 5670 cum
2749 5614 3113 5689 hanc_vncem
3139 5611 3458 5689 praecedat,

1892 5684 2140 5816 ἒὲἕὲἓὲ,
2182 5705 2248 5745 ex
2302 5688 2531 5757 repetita
2576 5694 2850 5757 postrema
2901 5684 3079 5741 littera
3131 5685 3333 5740 factum
3375 5692 3464 5739 est

1938 5777 2128 5815 αοοων.
