3880 6186
420 324 532 386 3&5

1560 324 1625 386 ε.
1666 323 2134 382 ATHANASIUS.
2169 354 2238 366 --
2275 325 2505 383 DUBIA.

3581 330 3686 386 316

419 461 487 504 ac
514 444 751 501 ﬁliorum
785 443 980 515 ipsius.
1010 441 1180 501 Ortus
1209 443 1502 513 Samuelis,
1530 454 1587 502 et
1618 447 1891 516 quomodo
1916 462 1999 515 po-

2110 464 2239 501 πται
2256 449 2312 501 δὲ
2338 450 2395 502 ἐν
2424 449 2521 521 μὲν
2549 452 2614 521 τῇ
2641 448 2833 523 πρώτῃ
2866 451 3032 524 βίϐλῳ
3048 452 3156 506 τῶν
3174 451 3466 507 Βασιλειῶν
3479 453 3687 509 ταῦτα’

419 538 604 608 pulus,
634 536 901 593 hactenus
952 550 983 591 a
1032 535 1145 592 Deo
1197 538 1575 609 gubernatus,
1623 538 1716 607 qui
1772 538 2003 608 singulis

419 629 760 699 temporibus
824 629 1173 684 liberatorem
1225 629 1361 698 ipsis
1408 629 1770 691 excitaverat,
1820 644 2002 699 regem

421 718 528 773 sibi
557 718 859 775 secundum
884 733 1096 773 morem
1131 718 1374 788 gentium
1407 718 1629 789 petierit
1660 734 1690 772 a
1726 717 1998 782 Samuele,

419 814 512 885 qui
545 813 761 868 Saulem
805 813 914 868 illis
943 812 1010 866 de
1053 812 1198 867 tribu
1240 811 1529 884 Benjamin
1559 811 1792 877 dederit,
1827 820 1880 867 et
1933 829 2002 867 ex

419 905 514 961 illo
538 904 797 975 deinceps
829 914 883 960 et
913 906 968 959 in
991 904 1159 959 Israel
1190 919 1345 975 reges
1383 920 1511 960 esse
1540 905 1826 975 coeperint.
1855 904 2003 959 Con-

420 998 626 1054 tinetur
656 1000 819 1053 etiam
867 998 972 1052 hoc
1003 996 1299 1063 volumine,
1330 996 1625 1067 quomodo,
1652 998 1741 1051 ubi
1775 998 2003 1051 manda-

417 1087 668 1144 tumDei
703 1099 1085 1159 transgressus
1142 1097 1291 1145 esset
1348 1088 1518 1157 Saul,
1573 1090 1813 1144 ablatum
1864 1089 2001 1146 sita

417 1180 591 1250 stirpe
621 1182 795 1252 ipsius
824 1196 1076 1252 regnum,
1102 1190 1157 1236 et
1187 1180 1355 1236 David
1399 1181 1453 1235 in
1483 1183 1657 1252 ipsius
1682 1182 1861 1237 locum
1892 1199 1994 1238 un-

416 1277 539 1327 ctus
566 1271 660 1336 sit,
677 1279 839 1342 atque
870 1273 923 1326 in
956 1272 1119 1342 hujus
1137 1272 1365 1343 stirpem
1397 1275 1723 1329 translatum
1747 1290 1996 1345 regnum,

415 1361 682 1419 Praeterea
727 1373 1225 1420 commemoratur:
1260 1367 1407 1435 quod
1446 1380 1542 1436 per
1580 1365 1840 1421 Davidem
1898 1365 2000 1421 Go-

418 1454 552 1511 liath
587 1456 957 1512 minutissimo
988 1457 1206 1512 occisus
1256 1457 1331 1512 sit
1382 1458 1569 1529 lapillo
1605 1476 1619 1513 :
1668 1458 1798 1513 Saul
1832 1474 1993 1524 vero,

416 1556 705 1617 postquam
738 1548 1102 1618 tripudiantes
1144 1549 1401 1605 mulieres
1438 1548 1609 1605 David
1635 1549 1825 1605 decem
1871 1551 1998 1605 mila

417 1639 510 1703 lia,
528 1646 583 1692 et
602 1638 708 1693 sibi
739 1638 887 1694 mille
913 1639 1197 1706 dederant,
1228 1639 1431 1697 invidia
1459 1640 1702 1711 percitus
1732 1640 1995 1699 Davidem

416 1737 737 1799 persecutus
767 1738 871 1795 est,
901 1728 1073 1785 David
1101 1740 1279 1786 tamen
1319 1738 1594 1798 servatus,
1626 1738 1683 1786 et
1706 1729 1838 1785 Saul
1875 1738 1998 1785 tan-

2110 538 2337 604 θάνατος
2368 542 2464 610 μὲν
2507 543 2654 596 Ἠλεὶ
2698 544 2790 597 τοῦ
2829 546 3020 617 ίερέως
3053 546 3147 598 καὶ
3189 544 3299 599 τῶν
3325 547 3455 600 υίῶν
3482 548 3645 601 αὑτοῦ
3667 564 3686 580 ο

2108 630 2323 700 γένεσις
2340 631 2397 684 δὲ
2420 633 2512 686 τοῦ
2545 635 2798 706 Σαμουήλ
2817 654 2830 666 ·
2861 636 2979 700 πῶς
3004 655 3064 690 τε
3096 639 3125 690 6
3155 637 3303 703 λαὸς,
3333 638 3394 689 τὸ
3425 639 3689 710 πρότερον

2108 722 2407 793 ἀρχόμενος
2437 725 2542 777 ὑπὸ
2562 725 2654 778 τοῦ
2677 726 2834 790 Θεοῦ,
2852 728 3159 801 ἐγείροντος
3188 729 3370 792 αὐτοῖς
3401 728 3540 782 κατά
3566 746 3689 783 και-

2109 814 2202 886 ρὸν
2231 814 2323 867 τὸν
2351 814 2565 887 βοηθὸν,
2595 818 2744 889 ὅμως
2772 819 2942 891 ᾔτησε
2973 821 3124 891 παρὰ
3157 821 3251 874 τοῦ
3284 822 3555 892 Σαμουὴλ,
3590 839 3691 877 κα-

2105 905 2176 959 τὰ
2209 906 2271 959 τὸ
2317 906 2436 971 ἔθος
2465 907 2572 962 τῶν
2616 909 2784 963 ἐθνῶν
2803 950 2817 974 ,
2862 910 3084 981 βασιλέα
3107 951 3120 975 ,
3149 913 3243 966 καὶ
3276 912 3473 966 ἔδωκεν
3505 913 3690 976 αὐτοῖς

2104 997 2196 1051 τὸν
2223 998 2414 1063 Σαοὺλ,
2443 1000 2507 1053 ἐκ
2535 1001 2708 1072 φυλῆς
2743 1003 3002 1074 Βενιαμίν
3021 1021 3035 1035 ·
3074 1005 3170 1058 καὶ
3197 1004 3389 1073 γέγονε
3412 1005 3596 1058 λοιπὸν
3629 1006 3689 1071 ἐξ

2106 1089 2313 1142 ἐκείνου
2348 1091 2439 1145 καὶ
2469 1094 2526 1145 ἐν
2557 1092 2635 1163 τῷ
2672 1094 2886 1166 Ἰσραὴλ
2917 1096 3058 1168 ἀρχὴ
3104 1096 3399 1167 βασιλείας.
3430 1099 3689 1170 Περιέχε-

2102 1197 2193 1234 ται
2222 1180 2277 1233 δὲ
2313 1182 2573 1248 ἐνταῦθα,
2607 1185 2725 1250 πῶς
2750 1189 2779 1240 6
2813 1188 2912 1259 μὲν
2940 1188 3111 1242 Σαοὺλ
3146 1189 3361 1261 παρέϐη
3394 1189 3494 1261 τὴν
3542 1193 3689 1244 ἐντο-

2102 1269 2201 1342 λὴν
2228 1271 2322 1324 τοῦ
2362 1272 2519 1340 Θεοῦ,
2547 1276 2639 1329 καὶ
2662 1277 2912 1350 ἀφῃρέθη
2957 1278 3066 1331 ἀπὸ
3107 1278 3199 1332 τοῦ
3234 1279 3424 1347 γένους
3454 1280 3617 1334 αὑτοῦ
3649 1284 3684 1351 ἡ

2106 1362 2381 1434 βασιλεία·
2408 1367 2437 1419 6
2471 1366 2529 1418 δὲ
2558 1367 2722 1421 Δαὸὶδ
2775 1370 2890 1423 ἀντ’
2923 1369 3088 1423 αὐτοῦ
3124 1371 3378 1441 ἐχρίσθη,
3425 1373 3520 1426 καὶ
3557 1389 3686 1442 μετ-

2100 1455 2305 1527 ηνέχθη
2333 1458 2412 1521 είς
2455 1457 2517 1511 τὸ
2547 1458 2703 1527 γένος
2745 1460 2967 1532 αὑτοῦὴ
3005 1461 3263 1532 βασιλεία.
3310 1464 3419 1516 Καὶ
3460 1465 3553 1516 τὸν
3587 1465 3688 1534 μὲν

2102 1545 2294 1600 Γολιάθ
2327 1547 2533 1601 ἀνεῖλεν
2573 1551 2602 1603 6
2634 1550 2797 1604 Δαϐὶδ
2842 1551 3068 1623 λιθαρίῳ
3121 1555 3431 1625 μικροτάτῳ
3454 1572 3468 1586 ·
3498 1555 3686 1629 ἐπειδὴ

2100 1635 2158 1689 δὲ
2188 1638 2246 1690 αἱ
2273 1640 2595 1710 χορεύουσαι
2617 1679 2631 1704 ,
2674 1641 2772 1705 τὰς
2818 1642 3082 1714 μυριάδας
3120 1643 3356 1699 δέδωκαν
3393 1645 3470 1716 τῷ
3501 1645 3685 1709 Δαὸὶδ,

2100 1729 2199 1794 τάς
2225 1730 2282 1783 δὲ
2313 1730 2556 1801 χιλιάδας
2583 1731 2662 1804 τῷ
2700 1732 2893 1798 Σαοὺλ,
2920 1733 3188 1805 φθονήσας
3217 1737 3245 1787 6
3281 1736 3472 1798 Σαοὺλ,
3497 1736 3690 1790 ἐδίωκε

415 1824 539 1879 dem
565 1823 708 1878 bello
735 1831 1004 1886 arctatus.
1031 1824 1300 1879 consultis
1347 1824 1710 1895 pythonissis,
1737 1824 1999 1880 interem-

2102 1822 2189 1877 τὸν
2218 1823 2383 1877 Δαόίδ
2402 1841 2418 1855 ·
2454 1826 2549 1879 καὶ
2574 1825 2603 1877 6
2634 1826 2731 1896 μὲν
2762 1825 2927 1879 Δαϐὶδ
2965 1825 3218 1897 διεσώθη,
3251 1829 3280 1880 6
3308 1828 3365 1881 δέ
3396 1829 3569 1882 Σαοὺλ
3591 1846 3692 1882 πο-

415 1922 545 1987 ptus
576 1915 917 1971 occubuerit.
952 1913 1020 1969 Et
1047 1915 1151 1971 hac
1172 1931 1232 1972 re
1258 1916 1584 1972 terminatur
1629 1916 1843 1987 primus
1888 1914 1999 1973 Re-

417 2023 647 2079 gnorum
674 2008 833 2067 liber.

487 2187 576 2243 ﬂ.
617 2187 676 2244 in
706 2186 948 2244 secundo
977 2196 1159 2246 autem
1205 2189 1384 2255 libro,
1440 2187 1593 2245 Sauli
1624 2189 1795 2246 David
1826 2191 1882 2246 in
1910 2206 1999 2247 re-

415 2294 584 2350 gnum
636 2280 901 2336 succedit.
956 2280 1388 2352 Memphiboseth
1426 2288 1607 2337 autem
1636 2282 1783 2338 ﬁlius
1816 2280 1999 2339 Saulis

417 2371 574 2426 initio
594 2387 825 2443 regnare
847 2386 973 2428 cum
997 2374 1176 2440 vellet,
1195 2376 1593 2432 contendebat:
1622 2374 1841 2431 tandem
1868 2391 1999 2431 vero

415 2464 687 2520 universae
716 2465 895 2522 tribus
938 2464 1130 2521 Davidi
1156 2466 1483 2538 junguntur.
1544 2469 1786 2525 Cunctos
1812 2469 2000 2528 hostes

415 2555 560 2611 bello
587 2563 809 2626 superat
850 2555 1058 2625 David,
1112 2557 1381 2617 Bersabee
1424 2576 1652 2616 uxorem
1700 2560 1847 2616 Uriaz
1896 2562 2000 2617 sibi

417 2646 606 2703 sumit.
636 2648 927 2704 Abesalom
952 2660 1160 2720 patrem
1192 2667 1354 2706 suum
1383 2650 1646 2707 Davidem
1675 2665 2002 2724 persecutus

415 2747 501 2797 est
526 2760 539 2797 :
574 2741 738 2813 paulo
771 2750 898 2812 post
919 2742 975 2796 in
1002 2742 1148 2798 bello
1179 2743 1455 2800 occiditur
1483 2744 1796 2802 Abesalom.
1832 2746 2001 2801 David

415 2840 705 2887 numerato
738 2834 942 2904 pupulo
970 2834 1110 2889 iram
1144 2836 1199 2889 in
1223 2851 1281 2892 se
1307 2835 1549 2890 divinam
1574 2845 1859 2907 provocat,
1879 2854 2002 2909 quae

414 2933 605 2995 postea
631 2925 847 2995 placato
878 2924 987 2980 Deo
1015 2932 1217 2981 cessat.
1253 2925 1318 2980 Et
1354 2927 1444 2980 hic
1477 2928 1757 2985 secundus
1789 2927 2002 3000 Reguow

414 3028 537 3068 rum
565 3013 722 3080 liber,
755 3014 910 3070 senio
951 3013 1201 3070 confecto
1230 3013 1435 3070 Davide
1458 3053 1474 3079 ,
1529 3014 1737 3072 ﬁnitur.
1800 3016 2001 3072 Habuit

414 3112 597 3160 autem
627 3106 730 3161 sub
756 3121 815 3161 se
859 3103 1030 3160 David
1072 3107 1340 3176 quosdam
1367 3107 1512 3163 viros
1550 3107 1743 3177 fortes,
1769 3124 1998 3181 magnos

416 3213 482 3253 ac
513 3199 735 3260 multos,
763 3213 1000 3268 quorum
1028 3199 1270 3254 minores
1320 3201 1668 3257 centuriones
1691 3241 1707 3266 ,
1759 3204 1997 3273 majores

412 3302 545 3343 vero
597 3287 928 3343 chiliarchas
964 3289 1272 3343 constituit.
1322 3288 1605 3345 Habentur
1632 3293 2000 3364 quorumdam

414 3379 658 3449 ipsorum
687 3380 909 3435 nomina
943 3388 996 3436 et
1023 3396 1113 3437 res
1136 3391 1321 3453 gestae.
1371 3382 1633 3440 Sehocha:
1663 3386 1960 3442 Astotheus
1978 3427 1995 3453 ,

415 3471 509 3539 qui
538 3469 681 3541 Seph
710 3470 879 3525 ﬁlium
907 3469 1094 3540 Rapha
1117 3486 1185 3526 ex
1208 3472 1525 3542 gigantibus
1549 3475 1664 3529 nati
1690 3478 1992 3546 percussit.

415 3562 672 3617 Eleanam
719 3562 865 3618 ﬁlius
896 3562 1111 3634 Ariorgi
1146 3563 1562 3634 Bethleemites;
1611 3566 1702 3621 hic
1727 3570 1999 3637 percussit

413 3652 633 3709 Goliath
665 3652 968 3719 Chetaaum,
998 3655 1159 3725 cujus
1188 3655 1361 3711 hastae
1386 3658 1597 3728 lignum
1637 3657 1813 3714 instar
1841 3661 1998 3716 licia-

414 3748 542 3802 torii
568 3749 866 3803 terentium
882 3759 999 3804 erat
1024 3769 1038 3805 :
1068 3750 1171 3806 fuit
1187 3761 1369 3807 autem
1388 3760 1443 3807 et
1473 3752 1591 3822 ipse
1614 3753 1759 3809 ﬁlius
1783 3752 1995 3825 Rapha.

412 3836 687 3894 Jonathan
717 3840 863 3897 ﬁlius
897 3840 1107 3898 Semesi
1138 3842 1326 3900 fratris
1360 3842 1564 3913 David;
1592 3845 1696 3900 iste
1726 3847 2000 3917 percussit

413 3932 592 3987 virum
621 3932 912 4002 quemdam
944 3933 1012 3987 de
1043 3932 1348 4002 Ramedon,
1379 3935 1476 4006 qui
1501 3934 1691 3993 lsraeli
1721 3938 2001 3993 convicia-

415 4031 506 4079 tus
538 4022 737 4090 fuerat,
767 4031 822 4078 et
855 4039 1020 4080 senos
1050 4024 1251 4096 digitos
1286 4026 1342 4080 in
1392 4026 1650 4083 manibus
1680 4042 1744 4081 ac
1775 4029 2000 4083 totidem

415 4111 651 4167 habebat
678 4113 732 4166 in
768 4113 1017 4182 pedibus,
1050 4121 1104 4170 et
1143 4115 1261 4185 ipse
1294 4115 1436 4172 ﬁlius
1471 4116 1682 4188 Rapha,
1715 4133 1782 4173 ex
1812 4118 2001 4189 gigan-

413 4205 563 4260 tibus
590 4205 723 4260 nati.
747 4205 963 4261 Adinon
988 4205 1293 4274 Asonaeus;
1327 4207 1414 4263 hic
1441 4206 1701 4263 frameam
1729 4224 1884 4264 suam
1910 4209 2002 4269 ad-

415 4311 608 4352 versus
635 4296 982 4367 octingentos
1024 4297 1226 4354 milites
1274 4299 1439 4354 simul
1471 4309 1834 4371 congregatos
1866 4300 2001 4357 edu-

414 4387 532 4454 xit;
571 4386 923 4452 Jesswhada,
977 4388 1123 4444 ﬁlius
1168 4390 1516 4458 Achamaue;
1572 4399 1628 4446 et
1678 4394 1783 4447 iste
1810 4408 1998 4447 ensem

2096 1911 2431 1985 λεμούμενος
2462 1914 2723 1986 ἐζήτησεν
2764 1916 3251 1988 ἐγγαστριμύθους,
3290 1919 3384 1971 καὶ¹
3407 1921 3474 1990 τῇ
3520 1918 3693 1975 ἐπαύ-

2100 2022 2215 2080 ριον
2245 2005 2549 2076 ἀναιρεθεὶς
2580 2007 2836 2061 ἀπέθανε.
2864 2009 2976 2062 Καὶ
2990 2010 3047 2062 ἐν
3067 2007 3240 2079 τούτῳ
3272 2010 3690 2082 συμπληροῦται

2096 2097 2131 2167 ἡ
2166 2094 2355 2167 πρώτη
2391 2094 2572 2166 βίϐλος
2596 2096 2704 2150 τῶν
2738 2096 3055 2155 Βασιλειῶν.

2170 2187 2262 2241 14.
2306 2187 2395 2241 Ἐν
2437 2188 2494 2242 δὲ
2530 2190 2595 2260 τῇ
2629 2188 2859 2262 δευτέρᾳ
2888 2189 3052 2245 πάλιν
3081 2190 3246 2245 Δαϐιδ
3290 2192 3561 2259 διεδέξατο
3590 2192 3692 2265 τὴν

2102 2278 2399 2351 βασιλείαν·
2430 2281 2540 2334 Καὶ
2571 2281 2692 2334 κατ’
2722 2281 2900 2353 ἀρχὰς
2929 2283 3028 2354 μὲν
3067 2285 3095 2338 6
3127 2284 3241 2348 υίὸς
3268 2285 3441 2339 Σαοὺλ
3468 2287 3695 2356 Μεμφιο

2100 2368 2261 2424 ϐοσέθ
2299 2368 2376 2441 (8)
2409 2369 2768 2439 ἐφιλονείκει,
2804 2370 2973 2427 θέλων
3010 2373 3345 2443 βασιλεύειν·
3380 2374 3606 2446 ὕστερον
3633 2375 3693 2429 δὲ

2100 2458 2305 2522 πάντες
2336 2460 2744 2534 προσετέθησαν
2772 2461 2851 2532 τῷ
2891 2464 3073 2517 Δαϐίδ.
3106 2465 3323 2529 Πάντας
3347 2464 3404 2518 δέ
3435 2467 3561 2528 τοὺς
3593 2481 3694 2518 πο-

2100 2548 2299 2621 λέμους
2332 2553 2680 2623 περιεγένετο
2709 2555 2894 2610 Δαϐίδ.
2931 2556 3040 2628 Τὴν
3075 2556 3172 2627 μὲν
3216 2556 3313 2610 τοῦ
3354 2557 3550 2630 Οὐρίου
3592 2574 3697 2626 γυμ-

2100 2645 2263 2697 ναῖκα
2294 2643 2394 2715 τὴν
2423 2644 2705 2717 Βηρσασεὲ
2739 2647 2930 2701 ἐλαϐεν
2956 2665 2971 2679 ο
2998 2651 3026 2702 6
3057 2649 3114 2702 δέ
3162 2649 3279 2714 υἱὸς
3325 2650 3491 2704 αὑτοῦ
3534 2650 3692 2703 Ἀσε-

2101 2735 2296 2806 σαλὼμ
2337 2735 2552 2803 ἐδίωξεν
2598 2738 2779 2804 αὐτὸν,
2815 2740 2909 2792 καὶ
2945 2740 3063 2811 μετ’
3114 2741 3176 2794 ού
3216 2741 3350 2794 πολὺ
3396 2742 3694 2806 συστάντος

2103 2824 2364 2896 πολέμου,
2393 2825 2631 2899 ἀνῃρέθη
2664 2828 2693 2881 6
2740 2827 3081 2901 Ἀϐεσαλὼμ.
3113 2827 3248 2885 Εἶτα
3287 2831 3378 2885 τὸν
3412 2831 3541 2886 λαὸν
3569 2833 3695 2903 ἀρι-

2102 2913 2354 2986 θμήσας,
2386 2917 2678 2989 κεκίνηκεν
2720 2919 2890 2991 ὀργὴν
2939 2919 3090 2973 θείαν
3118 2920 3239 2974 καθ’
3265 2922 3482 2976 ἐαυτοῦ.
3528 2921 3695 2976 Ἀλλά

2106 3008 2244 3080 μετά
2278 3008 2474 3078 ταῦτα,
2512 3011 2954 3083 παρακληθέντος
2982 3012 3073 3066 τοῦ
3108 3013 3267 3077 Θεοῦ,
3294 3017 3328 3085 ἡ
3357 3016 3494 3087 ὀργὴ
3516 3015 3694 3070 ἐπαύ-

2105 3100 2194 3173 θη.
2218 3102 2329 3154 Καὶ
2357 3104 2437 3166 εἰς
2465 3100 2625 3156 τοῦτο
2649 3103 2803 3174 λήγει
2833 3105 2927 3157 καὶ
2954 3105 3016 3159 τὸ
3057 3106 3309 3179 δεύτερον
3346 3107 3549 3179 βιϐλίον
3581 3108 3696 3164 τῶν

2100 3191 2414 3259 Βασιλειῶν,
2459 3194 2805 3267 γηράσαντος
2830 3195 2926 3249 τοῦ
2956 3195 3141 3250 Δαϐίδ.
3178 3199 3449 3262 Δυνατοὺς
3492 3199 3549 3253 δὲ
3595 3200 3694 3269 ὑφ’

2097 3284 2290 3340 ἑαυτὸν
2347 3285 2505 3358 ἔσχεν
2552 3289 2581 3342 6
2624 3289 2789 3344 Δαὸὶδ
2811 3329 2827 3354 ,
2865 3289 3134 3360 μεγάλους
3171 3291 3268 3360 μὲν
3312 3291 3408 3344 καὶ
3438 3292 3690 3357 πολλοὺς,

2098 3372 2238 3428 ὥστε
2265 3374 2356 3431 τὸν
2391 3378 2490 3448 μὲν
2525 3378 2845 3450 μικρότερον
2885 3378 3063 3433 αὐτῶν
3097 3380 3235 3451 πρὸς
3262 3380 3455 3435 ἑκατὸν
3485 3384 3686 3449 ποιεῖν,

2097 3468 2190 3522 τὸν
2226 3468 2284 3522 δὲ
2330 3469 2502 3539 μέγαν
2536 3469 2717 3524 αὐτῶν
2762 3470 2901 3542 πρὸς
2941 3470 3169 3540 χιλίους.
3220 3473 3376 3526 Ἐστι
3424 3472 3481 3526 δέ
3524 3491 3692 3530 τινων

2099 3558 2279 3613 αὐτῶν
2309 3559 2378 3613 τά
2408 3560 2647 3631 ὀνόματα
2680 3561 2774 3615 καὶ
2818 3563 2851 3632 ὴ
2902 3561 3122 3633 πρᾶξις
3149 3561 3375 3633 Σεϐοχαὶ
3414 3564 3443 3616 ό
3483 3564 3690 3618 Ἄστω-

2100 3650 2154 3706 θί
2184 3651 2259 3722 (9)
2283 3668 2300 3685 ·
2330 3643 2485 3715 οὗτος
2509 3651 2779 3717 ἐπάταξεν
2808 3652 2900 3707 τὸν
2932 3654 3055 3724 Σὲρ,
3084 3654 3173 3707 τὸν
3201 3654 3296 3708 τοῦ
3340 3656 3544 3726 Ῥαφᾶ,
3590 3654 3690 3709 τοῦ

2100 3743 2367 3812 ἀπογόνου
2407 3742 2515 3798 τῶν
2549 3744 2841 3813 γιγάντων.
2888 3745 3175 3810 Ἐλεανᾶν,
3206 3747 3324 3810 υίὸς
3368 3748 3630 3819 Ἀριωργὶ
3658 3749 3691 3800 6

2098 3833 2470 3909 Βηθλεεμίτης
2494 3854 2506 3867 ·
2538 3829 2692 3901 οὗτος
2721 3835 2957 3901 ἐπάταξε
2989 3837 3183 3891 ιὀλιάθ
3211 3839 3302 3891 τὸν
3335 3840 3592 3904 Χεταῖον,
3627 3832 3691 3894 οὗ

2099 3923 2167 3998 ἦν
2191 3926 2252 3979 τὸ
2278 3925 2430 3991 ξύλον
2458 3925 2552 3980 τοῦ
2580 3927 2825 3999 δόρατος,
2867 3928 2943 3991 ὡς
2973 3927 3153 3980 ἀντίον
3189 3928 3543 3997 ὑφαινόντων.
3576 3926 3690 3985 Ἦν

2097 4021 2155 4076 δὲ
2184 4022 2279 4076 καὶ
2310 4015 2463 4085 οὗτος
2497 4022 2610 4084 υἱὸς
2641 4021 2733 4075 τοῦ
2771 4023 2966 4091 Ῥαφᾶ.
3009 4021 3265 4075 Ἰωνάθαν
3288 4021 3402 4085 υίὸς
3432 4023 3687 4092 Σεμεσεὶ,

2098 4114 2329 4183 ἀδελφοῦ
2364 4113 2527 4167 Δαϐίδ
2551 4132 2565 4145 ·
2595 4107 2751 4178 οὗτος
2779 4114 3049 4178 ἐπάταξεν
3080 4115 3417 4168 ὀνειδίσαντα
3458 4114 3538 4185 τῷ
3581 4117 3690 4170 Ἰσ-

2101 4205 2241 4278 ραὴλ
2290 4206 2461 4276 ἄνδρα
2490 4208 2555 4259 ἐκ
2595 4205 2891 4277 Ῥαμεδῶν,
2937 4206 3129 4276 ἔχοντα
3160 4208 3217 4261 ἐν
3247 4209 3368 4269 ταῖς
3400 4207 3556 4277 χερσὶ
3588 4209 3690 4261 καὶ

2097 4301 2212 4361 τοῖς
2238 4299 2395 4353 ποσὶν
2420 4299 2524 4352 ἀνά
2553 4297 2850 4363 δακτύλους
2878 4299 2957 4365 ἒξ,
2982 4300 3097 4352 υἱὸν
3120 4299 3250 4353 ὄντα
3276 4301 3371 4353 καὶ
3399 4300 3561 4353 αὑτὸν
3589 4299 3690 4353 τοῦ

2111 4387 2308 4458 Ῥαφᾶ,
2331 4386 2424 4441 τοῦ
2459 4389 2728 4457 ἀπογόνου
2751 4389 2860 4443 τῶν
2882 4390 3176 4459 γιγάντων.
3212 4390 3431 4445 Ἀδίνων
3454 4392 3483 4443 6
3518 4391 3693 4444 Ἀσω-

417 4495 577 4535 suum
623 4488 815 4534 contra
878 4488 1153 4537 trecentos
1192 4483 1511 4538 vulneratos
1575 4500 1686 4539 uno
1752 4494 1999 4558 tempore

2102 4480 2248 4542 ναῖος
2272 4497 2285 4511 ·
2321 4471 2476 4543 οὗτος
2504 4481 2710 4533 ἐσπᾶτο
2740 4481 2839 4551 τὴν
2872 4481 3148 4552 ῥομφαίαν
3181 4480 3346 4535 αὐτοῦ
3387 4483 3481 4534 ἐπὶ
3526 4483 3694 4536 ὀκτα-

416 4572 633 4638 eduxit;
667 4571 923 4627 Eleanam
959 4573 1103 4630 ﬁlius
1132 4573 1302 4642 Sose;
1340 4575 1431 4631 hic
1481 4591 1607 4631 cum
1646 4585 1832 4634 essent
1860 4594 1996 4634 con-

417 4664 621 4734 gregati
656 4661 1008 4730 Philisthiim,
1042 4665 1193 4720 solus
1236 4665 1294 4721 in
1335 4682 1431 4722 eos
1474 4668 1657 4731 irruit,
1685 4677 1849 4740 atque
1877 4680 1996 4726 tan-

417 4762 531 4809 tam
565 4754 787 4809 illorum
810 4763 1049 4826 stragem
1079 4757 1270 4821 edidit,
1302 4768 1361 4813 ut
1390 4762 1577 4815 manui
1623 4763 1794 4832 ipsius
1838 4764 1996 4818 hasta

419 4848 869 4919 agglutinaretur,
887 4857 941 4905 et
971 4851 1206 4920 populus
1228 4860 1352 4921 post
1380 4852 1555 4922 ipsius
1586 4862 1797 4925 tergum
1825 4871 1997 4911 caesos

425 4939 585 5010 109
612 4940 900 5010 spoliabat.
948 4940 1096 4995 Mara
1138 4942 1282 4998 ﬁlius
1325 4943 1437 4999 Asa
1488 4942 1851 5011 Saruchzeus;
1897 4948 1998 5003 iste

420 5031 757 5088 irruentibus
799 5030 1091 5089 Philistaeis
1142 5049 1208 5089 ac
1245 5044 1455 5104 partem
1484 5036 1601 5106 agri
1639 5038 1785 5093 lente
1832 5039 1999 5095 refer-

419 5130 531 5177 tam
566 5124 883 5194 depopulari
917 5125 1246 5190 volentibus,
1278 5125 1519 5197 fugiente
1553 5130 1785 5198 populo,
1849 5131 2000 5187 solus

422 5215 721 5283 obstitit,et
742 5214 1048 5274 Philistaeos
1073 5227 1420 5289 persecutus,
1464 5222 1577 5291 agri
1596 5231 1801 5291 partem
1817 5239 2002 5279 serva-

420 5306 522 5363 vit.
556 5306 781 5363 Eleazar
826 5309 969 5366 ﬁlius
1010 5308 1490 5378 Dodetharchoni;
1541 5312 1644 5368 iste
1678 5353 1693 5377 ,
1752 5322 2002 5385 tempore

421 5397 620 5452 messis
653 5398 987 5463 hordeaceae,
1030 5415 1155 5473 cum
1185 5401 1552 5472 irrumperent
1578 5402 1908 5471 Philisthaai,
1947 5414 2002 5461 et

423 5490 660 5559 populus
690 5490 920 5562 fugeret,
955 5493 1106 5550 solus
1142 5494 1379 5562 restitit,
1415 5502 1470 5551 et
1511 5494 1860 5554 Philisthaeos
1889 5515 2004 5569 per-

500 5687 573 5761 (8)
606 5687 660 5761 in
689 5688 768 5754 0’,
799 5690 1022 5761 legitur,
1064 5692 1313 5750 Ἰεεοσθέ.

498 5758 575 5832 (9')
604 5757 730 5817 Haac
755 5757 976 5819 nomina
998 5757 1230 5821 multum
1258 5765 1474 5824 variant
1504 5766 1559 5825 in
1592 5764 1635 5823 Il
1665 5765 1799 5842 Reg.
1845 5785 2000 5841 uin,

2100 4570 2315 4635 κοσίους
2343 4569 2683 4642 στρατιώτας
2710 4572 2962 4639 εἰσάπαξ.
3002 4573 3339 4627 Ἰεσσαιϐαδά
3366 4574 3483 4637 υίὸς
3526 4574 3694 4645 Ἀχα-

2099 4664 2271 4733 μανῆ’
2312 4662 2407 4714 καὶ
2457 4655 2612 4726 οὗτος
2661 4663 2865 4716 ἐσπᾶτο
2912 4662 3008 4735 τὴν
3063 4664 3334 4736 ῥομφαίαν
3376 4665 3539 4719 αὐτοῦ
3590 4667 3690 4720 ἐπὶ

2095 4753 2441 4825 τριακοσίους
2462 4754 2806 4827 τραυματίας
2840 4757 2898 4809 ἐν
2927 4756 3106 4828 καιρῷ
3141 4756 3242 4810 ἐνί.
3285 4757 3537 4811 Ἐλεανᾶν
3568 4760 3690 4823 υἱὸς

2097 4842 2288 4913 Σωσῆ·
2327 4837 2502 4908 οὗτος,
2551 4845 2924 4916 συναχθέντων
2969 4845 3079 4899 τῶν
3123 4846 3472 4914 ἀλλοφύλων,
3522 4848 3690 4918 μόνος

2096 4935 2264 5005 ἥλατο
2289 4935 2375 4988 ἐπ’
2408 4936 2607 5000 αὐτοὺς
2627 4976 2641 5001 ,
2678 4937 2775 4989 καὶ
2802 4937 3001 5000 αὐτοὺς
3032 4937 3130 5008 μὲν
3182 4936 3402 5008 ἀνῄρει,
3450 4936 3592 4990 ὥστε
3625 4938 3693 4990 τὸ

2098 5025 2227 5097 δόρυ
2271 5026 2590 5096 ἐμπαγῆναι
2637 5029 2703 5098 τῇ
2737 5027 2882 5099 χειρὶ
2929 5025 3094 5079 αὐτοῦ
3121 5043 3135 5057 ο
3165 5027 3194 5081 6
3232 5026 3289 5080 δὲ
3336 5026 3462 5089 λαὸς
3510 5026 3693 5080 ὀπίσω

2099 5116 2265 5171 αὑτοῦ
2296 5118 2578 5172 ἐσκύλευε.
2611 5121 2780 5190 Μαρᾶ
2811 5118 2927 5183 υἱὸς
2966 5119 3120 5183 Ἀσᾶ,
3151 5120 3179 5171 6
3202 5119 3564 5190 Σαρουχαῖος·
3598 5113 3695 5169 οἷ»-

2098 5228 2192 5273 τος
2228 5210 2563 5264 ἐπελθόντων
2603 5210 2709 5263 τῶν
2734 5210 3068 5281 ἀλλοφύλων,
3106 5211 3202 5264 καὶ
3230 5209 3563 5282 βουλομένων
3587 5210 3696 5280 ἁρ-

2101 5303 2295 5378 πέισαι⁵
2316 5302 2415 5374 τὴν
2467 5303 2661 5375 μερίδα
2687 5302 2781 5356 τοῦ
2825 5303 2995 5375 ἀγροῦ
3020 5343 3037 5368 ,
3064 5303 3246 5375 πλήρη
3280 5298 3442 5356 οὖσαν
3484 5302 3694 5372 φακῆς,

2101 5395 2194 5449 τού
2227 5408 2286 5449 τε
2312 5395 2441 5449 λαοῦ
2474 5397 2755 5465 φυγόντος,
2791 5397 2951 5468 μόνος
2984 5378 3152 5468 ἐστη”
3186 5396 3280 5450 καὶ
3306 5397 3431 5458 τοὺς
3466 5394 3563 5465 μὲν
3597 5394 3700 5448 ἀλ-

2100 5488 2365 5558 λοφύλους
2391 5487 2600 5554 ἐδίωξε,
2634 5487 2725 5543 τὸν
2756 5487 2813 5542 δὲ
2847 5488 3042 5561 μερίδα
3075 5486 3170 5542 τοῦ
3204 5486 3374 5558 ἀγροῦ
3399 5484 3693 5556 ἐφύλαξεν.

2108 5706 2163 5756 et
2194 5696 2251 5755 in
2278 5695 2301 5752 Ι
2342 5693 2578 5767 Paralip.
2609 5709 2781 5751 xxvu.
