  <div class='ocr_page' id='page_1' title='image "/cluster/home/n/w/nwhite01/storage/ocr_20150623/28/nnc1.0046978690/198.png"; bbox 0 0 3886 6182; ppageno 0'>
   <div class='ocr_carea' id='block_1_1' title="bbox 269 356 380 414">
    <p class='ocr_par' dir='ltr' id='par_1_1' title="bbox 269 356 380 414">
     <span class='ocr_line' id='line_1_1' title="bbox 269 356 380 414; baseline -0.054 1"><span class='ocrx_word' id='word_1_1' title='bbox 269 356 380 414; x_wconf 70' lang='grc' dir='ltr'><strong>ΞΠ</strong></span> 
     </span>
    </p>
   </div>
   <div class='ocr_carea' id='block_1_2' title="bbox 1395 363 2508 430">
    <p class='ocr_par' dir='ltr' id='par_1_2' title="bbox 1395 363 2508 430">
     <span class='ocr_line' id='line_1_2' title="bbox 1395 363 2508 430; baseline 0.009 -10"><span class='ocrx_word' id='word_1_2' title='bbox 1395 363 1740 424; x_wconf 76' lang='lat' dir='ltr'><strong>SYNOPSIS</strong></span> <span class='ocrx_word' id='word_1_3' title='bbox 1779 369 2196 427; x_wconf 62' lang='lat' dir='ltr'><strong>SCRIPTURIE</strong></span> <span class='ocrx_word' id='word_1_4' title='bbox 2237 371 2508 430; x_wconf 67' lang='lat' dir='ltr'><strong>SACRE.</strong></span> 
     </span>
    </p>
   </div>
   <div class='ocr_carea' id='block_1_3' title="bbox 3445 372 3552 428">
    <p class='ocr_par' dir='ltr' id='par_1_3' title="bbox 3445 372 3552 428">
     <span class='ocr_line' id='line_1_3' title="bbox 3445 372 3552 428; baseline 0 -1"><span class='ocrx_word' id='word_1_5' title='bbox 3445 372 3552 428; x_wconf 78' lang='grc'><strong>318</strong></span> 
     </span>
    </p>
   </div>
   <div class='ocr_carea' id='block_1_4' title="bbox 283 478 1854 562">
    <p class='ocr_par' dir='ltr' id='par_1_4' title="bbox 283 478 1854 562">
     <span class='ocr_line' id='line_1_4' title="bbox 283 478 1854 562; baseline 0.008 -30"><span class='ocrx_word' id='word_1_6' title='bbox 283 478 577 553; x_wconf 79' lang='grc' dir='ltr'>Ἐλεάζαρ,</span> <span class='ocrx_word' id='word_1_7' title='bbox 613 481 730 546; x_wconf 83' lang='grc' dir='ltr'>υἱὸς</span> <span class='ocrx_word' id='word_1_8' title='bbox 755 483 1143 556; x_wconf 88' lang='grc' dir='ltr'>Δωδεθαρχωνί</span> <span class='ocrx_word' id='word_1_9' title='bbox 1162 504 1174 518; x_wconf 92' lang='grc'><strong>·</strong></span> <span class='ocrx_word' id='word_1_10' title='bbox 1205 489 1301 540; x_wconf 61' lang='grc' dir='ltr'><strong>καὶ⁵</strong></span> <span class='ocrx_word' id='word_1_11' title='bbox 1321 480 1497 554; x_wconf 73' lang='grc' dir='ltr'>οὗτος,</span> <span class='ocrx_word' id='word_1_12' title='bbox 1531 492 1748 562; x_wconf 79' lang='grc' dir='ltr'>μερίδος</span> <span class='ocrx_word' id='word_1_13' title='bbox 1782 491 1854 545; x_wconf 65' lang='grc' dir='ltr'><strong>ού</strong></span> 
     </span>
    </p>
   </div>
   <div class='ocr_carea' id='block_1_5' title="bbox 1960 478 3552 562">
    <p class='ocr_par' dir='ltr' id='par_1_5' title="bbox 1984 490 3552 560">
     <span class='ocr_line' id='line_1_5' title="bbox 1984 490 3552 560; baseline -0.001 -12"><span class='ocrx_word' id='word_1_14' title='bbox 1984 503 2232 560; x_wconf 90' lang='lat' dir='ltr'><strong>secutus,</strong></span> <span class='ocrx_word' id='word_1_15' title='bbox 2257 495 2523 551; x_wconf 85' lang='lat' dir='ltr'><strong>hordeum</strong></span> <span class='ocrx_word' id='word_1_16' title='bbox 2567 495 2808 552; x_wconf 87' lang='lat' dir='ltr'><strong>detendit</strong></span> <span class='ocrx_word' id='word_1_17' title='bbox 2840 509 2904 550; x_wconf 86' lang='lat' dir='ltr'><strong>ac</strong></span> <span class='ocrx_word' id='word_1_18' title='bbox 2955 493 3210 552; x_wconf 77' lang='lat' dir='ltr'><strong>servavit.</strong></span> <span class='ocrx_word' id='word_1_19' title='bbox 3241 490 3378 548; x_wconf 86' lang='lat' dir='ltr'><strong>Tres</strong></span> <span class='ocrx_word' id='word_1_20' title='bbox 3419 507 3552 546; x_wconf 88' lang='lat' dir='ltr'><strong>vero</strong></span> 
     </span>
    </p>
   </div>
   <div class='ocr_carea' id='block_1_6' title="bbox 272 571 1874 648">
    <p class='ocr_par' dir='ltr' id='par_1_6' title="bbox 272 571 1874 648">
     <span class='ocr_line' id='line_1_6' title="bbox 272 571 1874 648; baseline 0.006 -22"><span class='ocrx_word' id='word_1_21' title='bbox 272 589 377 642; x_wconf 84' lang='grc' dir='ltr'><strong>σης</strong></span> <span class='ocrx_word' id='word_1_22' title='bbox 413 571 645 639; x_wconf 78' lang='grc' dir='ltr'><strong>κριθῶν,</strong></span> <span class='ocrx_word' id='word_1_23' title='bbox 679 575 775 628; x_wconf 80' lang='grc' dir='ltr'>καὶ</span> <span class='ocrx_word' id='word_1_24' title='bbox 803 574 1142 630; x_wconf 75' lang='grc' dir='ltr'><strong>ἐπελθόντων</strong></span> <span class='ocrx_word' id='word_1_25' title='bbox 1168 578 1279 632; x_wconf 90' lang='grc' dir='ltr'><strong>τῶν</strong></span> <span class='ocrx_word' id='word_1_26' title='bbox 1313 578 1632 648; x_wconf 82' lang='grc' dir='ltr'>ἀλλοφύλων</span> <span class='ocrx_word' id='word_1_27' title='bbox 1651 620 1665 644; x_wconf 91' lang='grc'><strong>,</strong></span> <span class='ocrx_word' id='word_1_28' title='bbox 1694 581 1789 634; x_wconf 82' lang='grc' dir='ltr'>τοῦ</span> <span class='ocrx_word' id='word_1_29' title='bbox 1813 599 1874 635; x_wconf 91' lang='grc' dir='ltr'><strong>τε</strong></span> 
     </span>
    </p>
   </div>
   <div class='ocr_carea' id='block_1_7' title="bbox 270 660 1874 740">
    <p class='ocr_par' dir='ltr' id='par_1_7' title="bbox 270 660 1874 740">
     <span class='ocr_line' id='line_1_7' title="bbox 270 660 1874 740; baseline 0.006 -28"><span class='ocrx_word' id='word_1_30' title='bbox 270 660 405 714; x_wconf 78' lang='grc' dir='ltr'>λαοῦ</span> <span class='ocrx_word' id='word_1_31' title='bbox 439 661 727 730; x_wconf 72' lang='grc' dir='ltr'><strong>φυγόντος,</strong></span> <span class='ocrx_word' id='word_1_32' title='bbox 761 663 920 733; x_wconf 89' lang='grc' dir='ltr'>μόνος</span> <span class='ocrx_word' id='word_1_33' title='bbox 947 665 1229 739; x_wconf 85' lang='grc' dir='ltr'>ἐστηλώθη</span> <span class='ocrx_word' id='word_1_34' title='bbox 1252 685 1266 698; x_wconf 89' lang='grc'>·</span> <span class='ocrx_word' id='word_1_35' title='bbox 1300 670 1396 722; x_wconf 72' lang='grc' dir='ltr'>καὶ</span> <span class='ocrx_word' id='word_1_36' title='bbox 1427 671 1549 732; x_wconf 82' lang='grc' dir='ltr'>τοὺς</span> <span class='ocrx_word' id='word_1_37' title='bbox 1583 671 1681 740; x_wconf 81' lang='grc' dir='ltr'>μὲν</span> <span class='ocrx_word' id='word_1_38' title='bbox 1716 669 1874 722; x_wconf 84' lang='grc' dir='ltr'>ἀλλο-</span> 
     </span>
    </p>
   </div>
   <div class='ocr_carea' id='block_1_8' title="bbox 269 752 1874 830">
    <p class='ocr_par' dir='ltr' id='par_1_8' title="bbox 269 752 1874 830">
     <span class='ocr_line' id='line_1_8' title="bbox 269 752 1874 830; baseline 0.007 -27"><span class='ocrx_word' id='word_1_39' title='bbox 269 752 476 822; x_wconf 79' lang='grc' dir='ltr'>φύλους</span> <span class='ocrx_word' id='word_1_40' title='bbox 525 752 711 819; x_wconf 78' lang='grc' dir='ltr'><strong>ἐδίωξε</strong></span> <span class='ocrx_word' id='word_1_41' title='bbox 729 794 744 818; x_wconf 93' lang='grc'><strong>,</strong></span> <span class='ocrx_word' id='word_1_42' title='bbox 773 755 873 824; x_wconf 84' lang='grc' dir='ltr'>τὴν</span> <span class='ocrx_word' id='word_1_43' title='bbox 905 755 963 808; x_wconf 84' lang='grc' dir='ltr'><strong>δέ</strong></span> <span class='ocrx_word' id='word_1_44' title='bbox 989 755 1184 829; x_wconf 83' lang='grc' dir='ltr'>κριθὴν</span> <span class='ocrx_word' id='word_1_45' title='bbox 1213 757 1404 813; x_wconf 76' lang='grc' dir='ltr'>ἔσωσε.</span> <span class='ocrx_word' id='word_1_46' title='bbox 1441 761 1602 830; x_wconf 85' lang='grc' dir='ltr'>Τρεῖς</span> <span class='ocrx_word' id='word_1_47' title='bbox 1632 761 1688 814; x_wconf 88' lang='grc' dir='ltr'><strong>δέ</strong></span> <span class='ocrx_word' id='word_1_48' title='bbox 1711 761 1874 816; x_wconf 88' lang='grc' dir='ltr'>δυνα-</span> 
     </span>
    </p>
   </div>
   <div class='ocr_carea' id='block_1_9' title="bbox 266 843 1875 918">
    <p class='ocr_par' dir='ltr' id='par_1_9' title="bbox 266 843 1875 918">
     <span class='ocr_line' id='line_1_9' title="bbox 266 843 1875 918; baseline 0.007 -23"><span class='ocrx_word' id='word_1_49' title='bbox 266 844 356 896; x_wconf 80' lang='grc' dir='ltr'>τοὶ</span> <span class='ocrx_word' id='word_1_50' title='bbox 383 844 500 897; x_wconf 82' lang='grc' dir='ltr'><strong>ἀπὸ</strong></span> <span class='ocrx_word' id='word_1_51' title='bbox 522 844 633 897; x_wconf 88' lang='grc' dir='ltr'><strong>τῶν</strong></span> <span class='ocrx_word' id='word_1_52' title='bbox 654 845 952 916; x_wconf 88' lang='grc' dir='ltr'>τριάκοντα</span> <span class='ocrx_word' id='word_1_53' title='bbox 973 843 1114 918; x_wconf 79' lang='grc' dir='ltr'>ἦσαν</span> <span class='ocrx_word' id='word_1_54' title='bbox 1147 849 1287 918; x_wconf 83' lang='grc' dir='ltr'>μετὰ</span> <span class='ocrx_word' id='word_1_55' title='bbox 1305 849 1404 903; x_wconf 81' lang='grc' dir='ltr'><strong>τοῦ</strong></span> <span class='ocrx_word' id='word_1_56' title='bbox 1431 852 1614 917; x_wconf 78' lang='grc' dir='ltr'>Δαῦὶδ,</span> <span class='ocrx_word' id='word_1_57' title='bbox 1649 853 1875 908; x_wconf 74' lang='grc' dir='ltr'>καὶτῶν</span> 
     </span>
    </p>
   </div>
   <div class='ocr_carea' id='block_1_10' title="bbox 266 935 1874 1013">
    <p class='ocr_par' dir='ltr' id='par_1_10' title="bbox 266 935 1874 1013">
     <span class='ocr_line' id='line_1_10' title="bbox 266 935 1874 1013; baseline 0.007 -26"><span class='ocrx_word' id='word_1_58' title='bbox 266 935 591 1005; x_wconf 75' lang='grc' dir='ltr'>ἀλλοφύλων</span> <span class='ocrx_word' id='word_1_59' title='bbox 620 936 1020 994; x_wconf 81' lang='grc' dir='ltr'>κυκλωσάντων</span> <span class='ocrx_word' id='word_1_60' title='bbox 1057 940 1157 1012; x_wconf 81' lang='grc' dir='ltr'>τὴν</span> <span class='ocrx_word' id='word_1_61' title='bbox 1197 941 1468 1013; x_wconf 86' lang='grc' dir='ltr'>Βηθλεέμ,</span> <span class='ocrx_word' id='word_1_62' title='bbox 1498 944 1593 996; x_wconf 81' lang='grc' dir='ltr'><strong>τοῦ</strong></span> <span class='ocrx_word' id='word_1_63' title='bbox 1619 945 1675 998; x_wconf 86' lang='grc' dir='ltr'><strong>δέ</strong></span> <span class='ocrx_word' id='word_1_64' title='bbox 1709 946 1874 999; x_wconf 78' lang='grc' dir='ltr'>Δαϐὶδ</span> 
     </span>
    </p>
   </div>
   <div class='ocr_carea' id='block_1_11' title="bbox 265 1025 1871 1108">
    <p class='ocr_par' dir='ltr' id='par_1_11' title="bbox 265 1025 1871 1108">
     <span class='ocr_line' id='line_1_11' title="bbox 265 1025 1871 1108; baseline 0.007 -30"><span class='ocrx_word' id='word_1_65' title='bbox 265 1025 719 1098; x_wconf 63' lang='grc' dir='ltr'><strong>ἐπιθυμήσαντος</strong></span> <span class='ocrx_word' id='word_1_66' title='bbox 764 1033 908 1083; x_wconf 82' lang='grc' dir='ltr'>πιεῖν</span> <span class='ocrx_word' id='word_1_67' title='bbox 935 1032 1000 1084; x_wconf 90' lang='grc' dir='ltr'><strong>ἐκ</strong></span> <span class='ocrx_word' id='word_1_68' title='bbox 1027 1033 1120 1086; x_wconf 79' lang='grc' dir='ltr'>τοῦ</span> <span class='ocrx_word' id='word_1_69' title='bbox 1153 1033 1356 1088; x_wconf 85' lang='grc' dir='ltr'>λάκκου</span> <span class='ocrx_word' id='word_1_70' title='bbox 1387 1035 1480 1088; x_wconf 79' lang='grc' dir='ltr'><strong>τοῦ</strong></span> <span class='ocrx_word' id='word_1_71' title='bbox 1508 1036 1568 1089; x_wconf 88' lang='grc' dir='ltr'><strong>ἐν</strong></span> <span class='ocrx_word' id='word_1_72' title='bbox 1603 1036 1871 1108; x_wconf 87' lang='grc' dir='ltr'>Βηθλεέμ,</span> 
     </span>
    </p>
   </div>
   <div class='ocr_carea' id='block_1_12' title="bbox 261 1118 1872 1199">
    <p class='ocr_par' dir='ltr' id='par_1_12' title="bbox 261 1118 1872 1199">
     <span class='ocr_line' id='line_1_12' title="bbox 261 1118 1872 1199; baseline 0.007 -30"><span class='ocrx_word' id='word_1_73' title='bbox 261 1118 529 1190; x_wconf 74' lang='grc' dir='ltr'>διέϐησαν</span> <span class='ocrx_word' id='word_1_74' title='bbox 561 1121 614 1172; x_wconf 80' lang='lat' dir='ltr'><strong>oi</strong></span> <span class='ocrx_word' id='word_1_75' title='bbox 647 1124 818 1191; x_wconf 84' lang='grc' dir='ltr'>τρεῖς,</span> <span class='ocrx_word' id='word_1_76' title='bbox 848 1123 947 1176; x_wconf 74' lang='grc' dir='ltr'>καὶ</span> <span class='ocrx_word' id='word_1_77' title='bbox 971 1123 1366 1195; x_wconf 70' lang='grc' dir='ltr'>διαρρήξαντες</span> <span class='ocrx_word' id='word_1_78' title='bbox 1393 1126 1493 1198; x_wconf 81' lang='grc' dir='ltr'><strong>τὴν</strong></span> <span class='ocrx_word' id='word_1_79' title='bbox 1522 1127 1872 1199; x_wconf 74' lang='grc' dir='ltr'>παρεμϐολὴν</span> 
     </span>
    </p>
   </div>
   <div class='ocr_carea' id='block_1_13' title="bbox 260 1207 1871 1285">
    <p class='ocr_par' dir='ltr' id='par_1_13' title="bbox 260 1207 1871 1285">
     <span class='ocr_line' id='line_1_13' title="bbox 260 1207 1871 1285; baseline 0.005 -26"><span class='ocrx_word' id='word_1_80' title='bbox 260 1207 372 1260; x_wconf 81' lang='grc' dir='ltr'><strong>τῶν</strong></span> <span class='ocrx_word' id='word_1_81' title='bbox 403 1208 746 1277; x_wconf 76' lang='grc' dir='ltr'>ἀλλοφύλων,</span> <span class='ocrx_word' id='word_1_82' title='bbox 782 1211 1113 1282; x_wconf 85' lang='grc' dir='ltr'>ύδρεύσαντο</span> <span class='ocrx_word' id='word_1_83' title='bbox 1141 1216 1206 1266; x_wconf 88' lang='grc' dir='ltr'><strong>ἐκ</strong></span> <span class='ocrx_word' id='word_1_84' title='bbox 1232 1213 1328 1266; x_wconf 79' lang='grc' dir='ltr'><strong>τοῦ</strong></span> <span class='ocrx_word' id='word_1_85' title='bbox 1357 1214 1583 1280; x_wconf 83' lang='grc' dir='ltr'>λάκκου,</span> <span class='ocrx_word' id='word_1_86' title='bbox 1611 1215 1706 1267; x_wconf 77' lang='grc' dir='ltr'>καὶ</span> <span class='ocrx_word' id='word_1_87' title='bbox 1745 1215 1871 1285; x_wconf 71' lang='grc' dir='ltr'>ἠνε-</span> 
     </span>
    </p>
   </div>
   <div class='ocr_carea' id='block_1_14' title="bbox 260 1301 1872 1378">
    <p class='ocr_par' dir='ltr' id='par_1_14' title="bbox 260 1301 1872 1378">
     <span class='ocr_line' id='line_1_14' title="bbox 260 1301 1872 1378; baseline 0.005 -27"><span class='ocrx_word' id='word_1_88' title='bbox 260 1317 406 1369; x_wconf 86' lang='grc' dir='ltr'>γκαν</span> <span class='ocrx_word' id='word_1_89' title='bbox 437 1301 586 1374; x_wconf 79' lang='grc' dir='ltr'>ὕδωρ</span> <span class='ocrx_word' id='word_1_90' title='bbox 615 1302 694 1374; x_wconf 82' lang='grc' dir='ltr'>τῷ</span> <span class='ocrx_word' id='word_1_91' title='bbox 724 1303 906 1356; x_wconf 80' lang='grc' dir='ltr'>Δαϐίδ.</span> <span class='ocrx_word' id='word_1_92' title='bbox 947 1304 1247 1375; x_wconf 81' lang='grc' dir='ltr'>Θαυμάσας</span> <span class='ocrx_word' id='word_1_93' title='bbox 1277 1307 1334 1359; x_wconf 90' lang='grc' dir='ltr'><strong>δέ</strong></span> <span class='ocrx_word' id='word_1_94' title='bbox 1363 1309 1391 1360; x_wconf 99' lang='lat'><strong>6</strong></span> <span class='ocrx_word' id='word_1_95' title='bbox 1428 1307 1596 1359; x_wconf 74' lang='grc' dir='ltr'>Δαϐὶδ</span> <span class='ocrx_word' id='word_1_96' title='bbox 1637 1306 1736 1378; x_wconf 83' lang='grc' dir='ltr'>τὴν</span> <span class='ocrx_word' id='word_1_97' title='bbox 1781 1306 1872 1359; x_wconf 86' lang='grc' dir='ltr'>δύ-</span> 
     </span>
    </p>
   </div>
   <div class='ocr_carea' id='block_1_15' title="bbox 260 1392 1873 1464">
    <p class='ocr_par' dir='ltr' id='par_1_15' title="bbox 260 1392 1873 1464">
     <span class='ocr_line' id='line_1_15' title="bbox 260 1392 1873 1464; baseline 0.004 -21"><span class='ocrx_word' id='word_1_98' title='bbox 260 1408 431 1460; x_wconf 84' lang='grc' dir='ltr'>ναμιν</span> <span class='ocrx_word' id='word_1_99' title='bbox 465 1392 670 1456; x_wconf 79' lang='grc' dir='ltr'>αὐτῶν,</span> <span class='ocrx_word' id='word_1_100' title='bbox 707 1392 770 1444; x_wconf 86' lang='grc' dir='ltr'>τὸ</span> <span class='ocrx_word' id='word_1_101' title='bbox 797 1394 894 1463; x_wconf 83' lang='grc' dir='ltr'>μὲν</span> <span class='ocrx_word' id='word_1_102' title='bbox 923 1393 1068 1464; x_wconf 74' lang='grc' dir='ltr'>ὕδωρ</span> <span class='ocrx_word' id='word_1_103' title='bbox 1092 1395 1331 1460; x_wconf 79' lang='grc' dir='ltr'><strong>ἐδέξατο,</strong></span> <span class='ocrx_word' id='word_1_104' title='bbox 1361 1397 1505 1449; x_wconf 82' lang='grc' dir='ltr'>πιεῖν</span> <span class='ocrx_word' id='word_1_105' title='bbox 1537 1396 1596 1449; x_wconf 85' lang='grc' dir='ltr'>δὲ</span> <span class='ocrx_word' id='word_1_106' title='bbox 1627 1397 1726 1450; x_wconf 78' lang='grc' dir='ltr'>οὐκ</span> <span class='ocrx_word' id='word_1_107' title='bbox 1754 1396 1873 1450; x_wconf 86' lang='grc' dir='ltr'>ἐθέ-</span> 
     </span>
    </p>
   </div>
   <div class='ocr_carea' id='block_1_16' title="bbox 259 1479 1871 1558">
    <p class='ocr_par' dir='ltr' id='par_1_16' title="bbox 259 1479 1871 1558">
     <span class='ocr_line' id='line_1_16' title="bbox 259 1479 1871 1558; baseline 0.004 -26"><span class='ocrx_word' id='word_1_108' title='bbox 259 1479 451 1550; x_wconf 80' lang='grc' dir='ltr'>λησεν·</span> <span class='ocrx_word' id='word_1_109' title='bbox 487 1483 606 1535; x_wconf 79' lang='grc' dir='ltr'>ἀλλ’</span> <span class='ocrx_word' id='word_1_110' title='bbox 636 1483 884 1536; x_wconf 79' lang='grc' dir='ltr'>ἔσπεισεν</span> <span class='ocrx_word' id='word_1_111' title='bbox 910 1485 1043 1537; x_wconf 75' lang='grc' dir='ltr'>αὐτὸ</span> <span class='ocrx_word' id='word_1_112' title='bbox 1066 1485 1146 1556; x_wconf 85' lang='grc' dir='ltr'>τῷ</span> <span class='ocrx_word' id='word_1_113' title='bbox 1171 1487 1360 1558; x_wconf 83' lang='grc' dir='ltr'>Κυρίῳ</span> <span class='ocrx_word' id='word_1_114' title='bbox 1390 1485 1586 1555; x_wconf 79' lang='grc' dir='ltr'>λέγων·</span> <span class='ocrx_word' id='word_1_115' title='bbox 1625 1505 1646 1539; x_wconf 84' lang='grc'><em>‹</em></span> <span class='ocrx_word' id='word_1_116' title='bbox 1681 1485 1871 1551; x_wconf 82' lang='grc' dir='ltr'>Ἵλεώς</span> 
     </span>
    </p>
   </div>
   <div class='ocr_carea' id='block_1_17' title="bbox 262 1572 1874 1650">
    <p class='ocr_par' dir='ltr' id='par_1_17' title="bbox 262 1572 1874 1650">
     <span class='ocr_line' id='line_1_17' title="bbox 262 1572 1874 1650; baseline 0.005 -25"><span class='ocrx_word' id='word_1_117' title='bbox 262 1589 356 1642; x_wconf 88' lang='grc' dir='ltr'><strong>μοι</strong></span> <span class='ocrx_word' id='word_1_118' title='bbox 379 1614 396 1639; x_wconf 88' lang='grc'><strong>,</strong></span> <span class='ocrx_word' id='word_1_119' title='bbox 429 1574 609 1645; x_wconf 81' lang='grc' dir='ltr'>Κύριε</span> <span class='ocrx_word' id='word_1_120' title='bbox 633 1613 652 1639; x_wconf 87' lang='grc'><strong>,</strong></span> <span class='ocrx_word' id='word_1_121' title='bbox 687 1575 846 1628; x_wconf 83' lang='grc' dir='ltr'>τοῦτο</span> <span class='ocrx_word' id='word_1_122' title='bbox 879 1576 1136 1648; x_wconf 79' lang='grc' dir='ltr'>ποιῆσαιο</span> <span class='ocrx_word' id='word_1_123' title='bbox 1172 1579 1221 1630; x_wconf 82' lang='grc' dir='ltr'><strong>εί</strong></span> <span class='ocrx_word' id='word_1_124' title='bbox 1254 1572 1394 1648; x_wconf 78' lang='grc' dir='ltr'>αἷμα</span> <span class='ocrx_word' id='word_1_125' title='bbox 1427 1577 1536 1632; x_wconf 87' lang='grc' dir='ltr'><strong>τῶν</strong></span> <span class='ocrx_word' id='word_1_126' title='bbox 1568 1577 1874 1650; x_wconf 84' lang='grc' dir='ltr'>ἀνθρώπων</span> 
     </span>
    </p>
   </div>
   <div class='ocr_carea' id='block_1_18' title="bbox 255 1665 1874 1740">
    <p class='ocr_par' dir='ltr' id='par_1_18' title="bbox 255 1665 1874 1740">
     <span class='ocr_line' id='line_1_18' title="bbox 255 1665 1874 1740; baseline 0.005 -24"><span class='ocrx_word' id='word_1_127' title='bbox 255 1665 370 1718; x_wconf 89' lang='grc' dir='ltr'><strong>τῶν</strong></span> <span class='ocrx_word' id='word_1_128' title='bbox 405 1667 790 1737; x_wconf 84' lang='grc' dir='ltr'>πορευθέντων</span> <span class='ocrx_word' id='word_1_129' title='bbox 823 1670 942 1732; x_wconf 88' lang='grc' dir='ltr'>ταῖς</span> <span class='ocrx_word' id='word_1_130' title='bbox 982 1668 1184 1739; x_wconf 78' lang='grc' dir='ltr'>ψυχαῖς</span> <span class='ocrx_word' id='word_1_131' title='bbox 1225 1670 1406 1722; x_wconf 79' lang='grc' dir='ltr'>αὐτῶν</span> <span class='ocrx_word' id='word_1_132' title='bbox 1440 1670 1672 1740; x_wconf 87' lang='grc' dir='ltr'>πίομαι;</span> <span class='ocrx_word' id='word_1_133' title='bbox 1709 1690 1729 1721; x_wconf 71' lang='grc' dir='ltr'><strong>ι</strong></span> <span class='ocrx_word' id='word_1_134' title='bbox 1764 1671 1874 1724; x_wconf 82' lang='grc' dir='ltr'><strong>Βα-</strong></span> 
     </span>
    </p>
   </div>
   <div class='ocr_carea' id='block_1_19' title="bbox 257 1756 1864 1834">
    <p class='ocr_par' dir='ltr' id='par_1_19' title="bbox 257 1756 1864 1834">
     <span class='ocr_line' id='line_1_19' title="bbox 257 1756 1864 1834; baseline 0.006 -26"><span class='ocrx_word' id='word_1_135' title='bbox 257 1756 412 1821; x_wconf 80' lang='grc' dir='ltr'>νέας,</span> <span class='ocrx_word' id='word_1_136' title='bbox 453 1759 574 1821; x_wconf 80' lang='grc' dir='ltr'>υίὸς</span> <span class='ocrx_word' id='word_1_137' title='bbox 613 1760 816 1825; x_wconf 87' lang='grc' dir='ltr'>Ἰωδαέ,</span> <span class='ocrx_word' id='word_1_138' title='bbox 852 1761 1025 1814; x_wconf 82' lang='grc' dir='ltr'>πολλὰ</span> <span class='ocrx_word' id='word_1_139' title='bbox 1059 1761 1158 1831; x_wconf 85' lang='grc' dir='ltr'>μὲν</span> <span class='ocrx_word' id='word_1_140' title='bbox 1195 1761 1449 1832; x_wconf 84' lang='grc' dir='ltr'>ἐποίησεν</span> <span class='ocrx_word' id='word_1_141' title='bbox 1476 1762 1611 1834; x_wconf 76' lang='grc' dir='ltr'>ἔργα</span> <span class='ocrx_word' id='word_1_142' title='bbox 1643 1763 1864 1817; x_wconf 86' lang='grc' dir='ltr'>δυνατά·</span> 
     </span>
    </p>
   </div>
   <div class='ocr_carea' id='block_1_20' title="bbox 1977 583 3553 657">
    <p class='ocr_par' dir='ltr' id='par_1_20' title="bbox 1977 583 3553 657">
     <span class='ocr_line' id='line_1_20' title="bbox 1977 583 3553 657; baseline -0.001 -19"><span class='ocrx_word' id='word_1_143' title='bbox 1977 585 2146 641; x_wconf 78' lang='lat' dir='ltr'><strong>fortes</strong></span> <span class='ocrx_word' id='word_1_144' title='bbox 2173 603 2238 641; x_wconf 83' lang='lat' dir='ltr'><strong>ex</strong></span> <span class='ocrx_word' id='word_1_145' title='bbox 2273 587 2498 657; x_wconf 73' lang='lat' dir='ltr'><strong>triginta</strong></span> <span class='ocrx_word' id='word_1_146' title='bbox 2541 597 2697 642; x_wconf 87' lang='lat' dir='ltr'><strong>erant</strong></span> <span class='ocrx_word' id='word_1_147' title='bbox 2739 602 2866 642; x_wconf 91' lang='lat' dir='ltr'><strong>cum</strong></span> <span class='ocrx_word' id='word_1_148' title='bbox 2894 585 3116 642; x_wconf 85' lang='lat' dir='ltr'><strong>Davide.</strong></span> <span class='ocrx_word' id='word_1_149' title='bbox 3161 585 3379 639; x_wconf 88' lang='lat' dir='ltr'><strong>Etcum</strong></span> <span class='ocrx_word' id='word_1_150' title='bbox 3423 583 3553 638; x_wconf 88' lang='lat' dir='ltr'><strong>Phi-</strong></span> 
     </span>
    </p>
   </div>
   <div class='ocr_carea' id='block_1_21' title="bbox 1975 677 3552 746">
    <p class='ocr_par' dir='ltr' id='par_1_21' title="bbox 1975 677 3552 746">
     <span class='ocr_line' id='line_1_21' title="bbox 1975 677 3552 746; baseline 0 -15"><span class='ocrx_word' id='word_1_151' title='bbox 1975 677 2171 732; x_wconf 69' lang='lat' dir='ltr'><strong>listhaai</strong></span> <span class='ocrx_word' id='word_1_152' title='bbox 2200 677 2514 732; x_wconf 89' lang='lat' dir='ltr'><strong>Bethlehem</strong></span> <span class='ocrx_word' id='word_1_153' title='bbox 2555 679 2844 734; x_wconf 81' lang='lat' dir='ltr'><strong>obsidione</strong></span> <span class='ocrx_word' id='word_1_154' title='bbox 2891 679 3228 739; x_wconf 76' lang='lat' dir='ltr'><strong>cinxissent,</strong></span> <span class='ocrx_word' id='word_1_155' title='bbox 3273 686 3436 746; x_wconf 87' lang='lat' dir='ltr'><strong>atque</strong></span> <span class='ocrx_word' id='word_1_156' title='bbox 3483 691 3552 731; x_wconf 71' lang='lat' dir='ltr'><strong>ex</strong></span> 
     </span>
    </p>
   </div>
   <div class='ocr_carea' id='block_1_22' title="bbox 1975 765 3588 839">
    <p class='ocr_par' dir='ltr' id='par_1_22' title="bbox 1975 765 3588 839">
     <span class='ocr_line' id='line_1_22' title="bbox 1975 765 3588 839; baseline -0.001 -17"><span class='ocrx_word' id='word_1_157' title='bbox 1975 767 2212 822; x_wconf 77' lang='lat' dir='ltr'><strong>cisterna</strong></span> <span class='ocrx_word' id='word_1_158' title='bbox 2241 767 2554 824; x_wconf 86' lang='lat' dir='ltr'><strong>Bethlehem</strong></span> <span class='ocrx_word' id='word_1_159' title='bbox 2610 769 2795 823; x_wconf 87' lang='lat' dir='ltr'><strong>bibere</strong></span> <span class='ocrx_word' id='word_1_160' title='bbox 2839 776 3060 839; x_wconf 83' lang='lat' dir='ltr'><strong>cuperet</strong></span> <span class='ocrx_word' id='word_1_161' title='bbox 3099 767 3299 830; x_wconf 80' lang='lat' dir='ltr'><strong>David,</strong></span> <span class='ocrx_word' id='word_1_162' title='bbox 3350 768 3403 820; x_wconf 90' lang='lat' dir='ltr'><strong>hi</strong></span> <span class='ocrx_word' id='word_1_163' title='bbox 3436 765 3588 820; x_wconf 83' lang='lat' dir='ltr'><strong>tres&#39;</strong></span> 
     </span>
    </p>
   </div>
   <div class='ocr_carea' id='block_1_23' title="bbox 1974 858 3550 929">
    <p class='ocr_par' dir='ltr' id='par_1_23' title="bbox 1974 858 3550 929">
     <span class='ocr_line' id='line_1_23' title="bbox 1974 858 3550 929; baseline -0.001 -17"><span class='ocrx_word' id='word_1_164' title='bbox 1974 869 2154 914; x_wconf 90' lang='lat' dir='ltr'><strong>castra</strong></span> <span class='ocrx_word' id='word_1_165' title='bbox 2186 859 2640 916; x_wconf 87' lang='lat' dir='ltr'><strong>Philisthinorum</strong></span> <span class='ocrx_word' id='word_1_166' title='bbox 2670 869 3052 929; x_wconf 86' lang='lat' dir='ltr'><strong>perruperunt,</strong></span> <span class='ocrx_word' id='word_1_167' title='bbox 3091 858 3454 926; x_wconf 88' lang='lat' dir='ltr'><strong>haustamque</strong></span> <span class='ocrx_word' id='word_1_168' title='bbox 3481 871 3550 910; x_wconf 75' lang='lat' dir='ltr'><strong>ex</strong></span> 
     </span>
    </p>
   </div>
   <div class='ocr_carea' id='block_1_24' title="bbox 1972 945 3548 1021">
    <p class='ocr_par' dir='ltr' id='par_1_24' title="bbox 1972 945 3548 1021">
     <span class='ocr_line' id='line_1_24' title="bbox 1972 945 3548 1021; baseline -0.005 -16"><span class='ocrx_word' id='word_1_169' title='bbox 1972 950 2212 1006; x_wconf 77' lang='lat' dir='ltr'><strong>cisterna</strong></span> <span class='ocrx_word' id='word_1_170' title='bbox 2240 967 2438 1021; x_wconf 89' lang='lat' dir='ltr'><strong>aquam</strong></span> <span class='ocrx_word' id='word_1_171' title='bbox 2473 951 2661 1006; x_wconf 91' lang='lat' dir='ltr'><strong>Davidi</strong></span> <span class='ocrx_word' id='word_1_172' title='bbox 2684 951 3003 1004; x_wconf 87' lang='lat' dir='ltr'><strong>attulerunt.</strong></span> <span class='ocrx_word' id='word_1_173' title='bbox 3027 949 3342 1002; x_wconf 84' lang='lat' dir='ltr'><strong>Admiratus</strong></span> <span class='ocrx_word' id='word_1_174' title='bbox 3377 945 3548 998; x_wconf 87' lang='lat' dir='ltr'><strong>David</strong></span> 
     </span>
    </p>
   </div>
   <div class='ocr_carea' id='block_1_25' title="bbox 1971 1038 3549 1114">
    <p class='ocr_par' dir='ltr' id='par_1_25' title="bbox 1971 1038 3549 1114">
     <span class='ocr_line' id='line_1_25' title="bbox 1971 1038 3549 1114; baseline -0.004 -18"><span class='ocrx_word' id='word_1_175' title='bbox 1971 1043 2216 1112; x_wconf 91' lang='lat' dir='ltr'><strong>ipsorum</strong></span> <span class='ocrx_word' id='word_1_176' title='bbox 2242 1045 2500 1098; x_wconf 86' lang='lat' dir='ltr'><strong>virtutem</strong></span> <span class='ocrx_word' id='word_1_177' title='bbox 2545 1060 2739 1114; x_wconf 90' lang='lat' dir='ltr'><strong>aquam</strong></span> <span class='ocrx_word' id='word_1_178' title='bbox 2776 1045 2995 1114; x_wconf 87' lang='lat' dir='ltr'><strong>quidem</strong></span> <span class='ocrx_word' id='word_1_179' title='bbox 3049 1041 3300 1110; x_wconf 86' lang='lat' dir='ltr'><strong>accepit,</strong></span> <span class='ocrx_word' id='word_1_180' title='bbox 3361 1038 3549 1092; x_wconf 87' lang='lat' dir='ltr'><strong>bibere</strong></span> 
     </span>
    </p>
   </div>
   <div class='ocr_carea' id='block_1_26' title="bbox 1970 1128 3544 1197">
    <p class='ocr_par' dir='ltr' id='par_1_26' title="bbox 1970 1128 3544 1197">
     <span class='ocr_line' id='line_1_26' title="bbox 1970 1128 3544 1197; baseline -0.002 -13"><span class='ocrx_word' id='word_1_181' title='bbox 1970 1146 2100 1186; x_wconf 90' lang='lat' dir='ltr'><strong>vero</strong></span> <span class='ocrx_word' id='word_1_182' title='bbox 2152 1132 2374 1197; x_wconf 89' lang='lat' dir='ltr'><strong>noluit,</strong></span> <span class='ocrx_word' id='word_1_183' title='bbox 2431 1132 2528 1188; x_wconf 91' lang='lat' dir='ltr'><strong>sed</strong></span> <span class='ocrx_word' id='word_1_184' title='bbox 2589 1133 2776 1187; x_wconf 88' lang='lat' dir='ltr'><strong>libavit</strong></span> <span class='ocrx_word' id='word_1_185' title='bbox 2827 1148 2947 1188; x_wconf 90' lang='lat' dir='ltr'><strong>eam</strong></span> <span class='ocrx_word' id='word_1_186' title='bbox 2984 1130 3254 1195; x_wconf 88' lang='lat' dir='ltr'><strong>Domino,</strong></span> <span class='ocrx_word' id='word_1_187' title='bbox 3320 1128 3544 1182; x_wconf 85' lang='lat' dir='ltr'><strong>dicens:</strong></span> 
     </span>
    </p>
   </div>
   <div class='ocr_carea' id='block_1_27' title="bbox 1975 1205 3544 1292">
    <p class='ocr_par' dir='ltr' id='par_1_27' title="bbox 1975 1205 3544 1292">
     <span class='ocr_line' id='line_1_27' title="bbox 1975 1205 3544 1292; baseline -0.003 -18"><span class='ocrx_word' id='word_1_188' title='bbox 1975 1239 1997 1274; x_wconf 79' lang='grc' dir='ltr'><strong>ι</strong></span> <span class='ocrx_word' id='word_1_189' title='bbox 2033 1205 2311 1292; x_wconf 84' lang='lat' dir='ltr'><strong>Propitius</strong></span> <span class='ocrx_word' id='word_1_190' title='bbox 2342 1225 2413 1279; x_wconf 89' lang='lat' dir='ltr'><strong>sit</strong></span> <span class='ocrx_word' id='word_1_191' title='bbox 2453 1225 2587 1278; x_wconf 92' lang='lat' dir='ltr'><strong>mihi</strong></span> <span class='ocrx_word' id='word_1_192' title='bbox 2636 1223 2922 1288; x_wconf 84' lang='lat' dir='ltr'><strong>Dominus,</strong></span> <span class='ocrx_word' id='word_1_193' title='bbox 2955 1239 3025 1277; x_wconf 90' lang='lat' dir='ltr'><strong>ne</strong></span> <span class='ocrx_word' id='word_1_194' title='bbox 3068 1223 3172 1276; x_wconf 88' lang='lat' dir='ltr'><strong>hoc</strong></span> <span class='ocrx_word' id='word_1_195' title='bbox 3203 1219 3422 1274; x_wconf 89' lang='lat' dir='ltr'><strong>faciam.</strong></span> <span class='ocrx_word' id='word_1_196' title='bbox 3461 1217 3544 1270; x_wconf 83' lang='lat' dir='ltr'><strong>An</strong></span> 
     </span>
    </p>
   </div>
   <div class='ocr_carea' id='block_1_28' title="bbox 1969 1313 3545 1384">
    <p class='ocr_par' dir='ltr' id='par_1_28' title="bbox 1969 1313 3545 1384">
     <span class='ocr_line' id='line_1_28' title="bbox 1969 1313 3545 1384; baseline -0.004 -16"><span class='ocrx_word' id='word_1_197' title='bbox 1969 1315 2290 1384; x_wconf 85' lang='lat' dir='ltr'><strong>sanguinem</strong></span> <span class='ocrx_word' id='word_1_198' title='bbox 2323 1316 2550 1369; x_wconf 87' lang='lat' dir='ltr'><strong>istorum</strong></span> <span class='ocrx_word' id='word_1_199' title='bbox 2581 1315 2892 1378; x_wconf 91' lang='lat' dir='ltr'><strong>hominum,</strong></span> <span class='ocrx_word' id='word_1_200' title='bbox 2937 1315 3029 1384; x_wconf 89' lang='lat' dir='ltr'><strong>qui</strong></span> <span class='ocrx_word' id='word_1_201' title='bbox 3075 1328 3198 1367; x_wconf 92' lang='lat' dir='ltr'><strong>cum</strong></span> <span class='ocrx_word' id='word_1_202' title='bbox 3241 1313 3545 1364; x_wconf 87' lang='lat' dir='ltr'><strong>animarum</strong></span> 
     </span>
    </p>
   </div>
   <div class='ocr_carea' id='block_1_29' title="bbox 1971 1399 3545 1476">
    <p class='ocr_par' dir='ltr' id='par_1_29' title="bbox 1971 1399 3545 1476">
     <span class='ocr_line' id='line_1_29' title="bbox 1971 1399 3545 1476; baseline -0.004 -16"><span class='ocrx_word' id='word_1_203' title='bbox 1971 1420 2193 1460; x_wconf 86' lang='lat' dir='ltr'><strong>suarum</strong></span> <span class='ocrx_word' id='word_1_204' title='bbox 2241 1408 2484 1476; x_wconf 89' lang='lat' dir='ltr'><strong>periculo</strong></span> <span class='ocrx_word' id='word_1_205' title='bbox 2523 1406 2751 1476; x_wconf 83' lang='lat' dir='ltr'><strong>profecti</strong></span> <span class='ocrx_word' id='word_1_206' title='bbox 2785 1414 2911 1459; x_wconf 91' lang='lat' dir='ltr'><strong>sunt</strong></span> <span class='ocrx_word' id='word_1_207' title='bbox 2943 1405 3121 1459; x_wconf 89' lang='lat' dir='ltr'><strong>bibam</strong></span> <span class='ocrx_word' id='word_1_208' title='bbox 3163 1403 3247 1455; x_wconf 73' lang='grc' dir='ltr'><strong>⁸δῖ</strong></span> <span class='ocrx_word' id='word_1_209' title='bbox 3281 1420 3299 1452; x_wconf 73' lang='grc' dir='ltr'><strong>ι</strong></span> <span class='ocrx_word' id='word_1_210' title='bbox 3335 1399 3545 1453; x_wconf 86' lang='lat' dir='ltr'><strong>Baneas</strong></span> 
     </span>
    </p>
   </div>
   <div class='ocr_carea' id='block_1_30' title="bbox 1971 1486 3546 1564">
    <p class='ocr_par' dir='ltr' id='par_1_30' title="bbox 1971 1486 3546 1564">
     <span class='ocr_line' id='line_1_30' title="bbox 1971 1486 3546 1564; baseline -0.003 -19"><span class='ocrx_word' id='word_1_211' title='bbox 1971 1493 2116 1549; x_wconf 81' lang='lat' dir='ltr'><strong>filius</strong></span> <span class='ocrx_word' id='word_1_212' title='bbox 2142 1493 2312 1561; x_wconf 63' lang='lat' dir='ltr'><strong>Jodaa,</strong></span> <span class='ocrx_word' id='word_1_213' title='bbox 2359 1497 2450 1564; x_wconf 92' lang='lat' dir='ltr'><strong>qui</strong></span> <span class='ocrx_word' id='word_1_214' title='bbox 2482 1497 2651 1550; x_wconf 90' lang='lat' dir='ltr'><strong>multa</strong></span> <span class='ocrx_word' id='word_1_215' title='bbox 2679 1495 2836 1550; x_wconf 79' lang='lat' dir='ltr'><strong>fortia</strong></span> <span class='ocrx_word' id='word_1_216' title='bbox 2871 1495 3012 1547; x_wconf 87' lang='lat' dir='ltr'><strong>facta</strong></span> <span class='ocrx_word' id='word_1_217' title='bbox 3046 1490 3373 1562; x_wconf 87' lang='lat' dir='ltr'><strong>designavit,</strong></span> <span class='ocrx_word' id='word_1_218' title='bbox 3404 1496 3458 1542; x_wconf 90' lang='lat' dir='ltr'><strong>et</strong></span> <span class='ocrx_word' id='word_1_219' title='bbox 3481 1486 3546 1540; x_wconf 82' lang='lat' dir='ltr'><strong>ﬁ-</strong></span> 
     </span>
    </p>
   </div>
   <div class='ocr_carea' id='block_1_31' title="bbox 1968 1576 3544 1656">
    <p class='ocr_par' dir='ltr' id='par_1_31' title="bbox 1968 1576 3544 1656">
     <span class='ocr_line' id='line_1_31' title="bbox 1968 1576 3544 1656; baseline -0.006 -17"><span class='ocrx_word' id='word_1_220' title='bbox 1968 1585 2072 1640; x_wconf 91' lang='lat' dir='ltr'><strong>lios</strong></span> <span class='ocrx_word' id='word_1_221' title='bbox 2111 1586 2256 1640; x_wconf 82' lang='lat' dir='ltr'><strong>Ariel</strong></span> <span class='ocrx_word' id='word_1_222' title='bbox 2283 1586 2440 1640; x_wconf 87' lang='lat' dir='ltr'><strong>Moab</strong></span> <span class='ocrx_word' id='word_1_223' title='bbox 2470 1587 2765 1656; x_wconf 87' lang='lat' dir='ltr'><strong>percussit,</strong></span> <span class='ocrx_word' id='word_1_224' title='bbox 2799 1592 2853 1640; x_wconf 92' lang='lat' dir='ltr'><strong>et</strong></span> <span class='ocrx_word' id='word_1_225' title='bbox 2883 1600 3006 1638; x_wconf 88' lang='lat' dir='ltr'><strong>cum</strong></span> <span class='ocrx_word' id='word_1_226' title='bbox 3054 1583 3108 1636; x_wconf 90' lang='lat' dir='ltr'><strong>in</strong></span> <span class='ocrx_word' id='word_1_227' title='bbox 3150 1583 3238 1634; x_wconf 89' lang='lat' dir='ltr'><strong>die</strong></span> <span class='ocrx_word' id='word_1_228' title='bbox 3291 1579 3432 1633; x_wconf 85' lang='lat' dir='ltr'><strong>nivis</strong></span> <span class='ocrx_word' id='word_1_229' title='bbox 3474 1576 3544 1630; x_wconf 90' lang='lat' dir='ltr'><strong>ad</strong></span> 
     </span>
    </p>
   </div>
   <div class='ocr_carea' id='block_1_32' title="bbox 1969 1667 3544 1743">
    <p class='ocr_par' dir='ltr' id='par_1_32' title="bbox 1969 1667 3544 1743">
     <span class='ocr_line' id='line_1_32' title="bbox 1969 1667 3544 1743; baseline -0.007 -12"><span class='ocrx_word' id='word_1_230' title='bbox 1969 1679 2264 1731; x_wconf 87' lang='lat' dir='ltr'><strong>cisternam</strong></span> <span class='ocrx_word' id='word_1_231' title='bbox 2313 1678 2726 1741; x_wconf 86' lang='lat' dir='ltr'><strong>descendisset,</strong></span> <span class='ocrx_word' id='word_1_232' title='bbox 2777 1677 2986 1731; x_wconf 87' lang='lat' dir='ltr'><strong>leonem</strong></span> <span class='ocrx_word' id='word_1_233' title='bbox 3032 1671 3323 1743; x_wconf 86' lang='lat' dir='ltr'><strong>percussit.</strong></span> <span class='ocrx_word' id='word_1_234' title='bbox 3365 1667 3463 1721; x_wconf 85' lang='lat' dir='ltr'><strong>llic</strong></span> <span class='ocrx_word' id='word_1_235' title='bbox 3490 1675 3544 1721; x_wconf 89' lang='lat' dir='ltr'><strong>et</strong></span> 
     </span>
    </p>
   </div>
   <div class='ocr_carea' id='block_1_33' title="bbox 1971 1758 3541 1838">
    <p class='ocr_par' dir='ltr' id='par_1_33' title="bbox 1971 1758 3541 1838">
     <span class='ocr_line' id='line_1_33' title="bbox 1971 1758 3541 1838; baseline -0.006 -18"><span class='ocrx_word' id='word_1_236' title='bbox 1971 1767 2164 1822; x_wconf 81' lang='lat' dir='ltr'><strong>fortem</strong></span> <span class='ocrx_word' id='word_1_237' title='bbox 2198 1769 2488 1836; x_wconf 85' lang='lat' dir='ltr'><strong>quemdam</strong></span> <span class='ocrx_word' id='word_1_238' title='bbox 2511 1770 2686 1823; x_wconf 87' lang='lat' dir='ltr'><strong>virum</strong></span> <span class='ocrx_word' id='word_1_239' title='bbox 2715 1767 3031 1838; x_wconf 63' lang='lat' dir='ltr'><strong>Egyptium</strong></span> <span class='ocrx_word' id='word_1_240' title='bbox 3065 1764 3305 1833; x_wconf 90' lang='lat' dir='ltr'><strong>quinque</strong></span> <span class='ocrx_word' id='word_1_241' title='bbox 3325 1758 3541 1813; x_wconf 90' lang='lat' dir='ltr'><strong>cubito-</strong></span> 
     </span>
    </p>
   </div>
   <div class='ocr_carea' id='block_1_34' title="bbox 257 1848 1854 1931">
    <p class='ocr_par' dir='ltr' id='par_1_34' title="bbox 257 1848 1854 1925">
     <span class='ocr_line' id='line_1_34' title="bbox 257 1848 1854 1925; baseline 0.006 -25"><span class='ocrx_word' id='word_1_242' title='bbox 257 1848 508 1913; x_wconf 79' lang='grc' dir='ltr'>ἐπάταξε</span> <span class='ocrx_word' id='word_1_243' title='bbox 561 1849 620 1903; x_wconf 87' lang='grc' dir='ltr'><strong>δέ</strong></span> <span class='ocrx_word' id='word_1_244' title='bbox 659 1852 755 1905; x_wconf 72' lang='grc' dir='ltr'>καὶ</span> <span class='ocrx_word' id='word_1_245' title='bbox 797 1853 925 1916; x_wconf 79' lang='grc' dir='ltr'>τοὺς</span> <span class='ocrx_word' id='word_1_246' title='bbox 957 1853 1110 1915; x_wconf 84' lang='grc' dir='ltr'>υίοὺς</span> <span class='ocrx_word' id='word_1_247' title='bbox 1149 1852 1339 1925; x_wconf 82' lang='grc' dir='ltr'>Ἀριὴλ</span> <span class='ocrx_word' id='word_1_248' title='bbox 1384 1852 1480 1906; x_wconf 79' lang='grc' dir='ltr'><strong>τοῦ</strong></span> <span class='ocrx_word' id='word_1_249' title='bbox 1525 1854 1723 1920; x_wconf 70' lang='lat' dir='ltr'><strong>Meo-6:6,</strong></span> <span class='ocrx_word' id='word_1_250' title='bbox 1769 1855 1854 1909; x_wconf 68' lang='grc' dir='ltr'>καὶ</span> 
     </span>
    </p>
   </div>
   <div class='ocr_carea' id='block_1_35' title="bbox 1960 1848 3542 1931">
    <p class='ocr_par' dir='ltr' id='par_1_35' title="bbox 1965 1850 3542 1925">
     <span class='ocr_line' id='line_1_35' title="bbox 1965 1850 3542 1925; baseline -0.006 -12"><span class='ocrx_word' id='word_1_251' title='bbox 1965 1875 2084 1914; x_wconf 89' lang='lat' dir='ltr'><strong>rum</strong></span> <span class='ocrx_word' id='word_1_252' title='bbox 2116 1869 2380 1915; x_wconf 88' lang='lat' dir='ltr'><strong>staturam</strong></span> <span class='ocrx_word' id='word_1_253' title='bbox 2414 1862 2746 1925; x_wconf 82' lang='lat' dir='ltr'><strong>habentem,</strong></span> <span class='ocrx_word' id='word_1_254' title='bbox 2793 1868 2846 1914; x_wconf 92' lang='lat' dir='ltr'><strong>et</strong></span> <span class='ocrx_word' id='word_1_255' title='bbox 2898 1859 3110 1912; x_wconf 86' lang='lat' dir='ltr'><strong>hastam</strong></span> <span class='ocrx_word' id='word_1_256' title='bbox 3155 1855 3330 1908; x_wconf 89' lang='lat' dir='ltr'><strong>instar</strong></span> <span class='ocrx_word' id='word_1_257' title='bbox 3378 1850 3542 1906; x_wconf 68' lang='lat' dir='ltr'><strong>scala:</strong></span> 
     </span>
    </p>
   </div>
   <div class='ocr_carea' id='block_1_36' title="bbox 257 1941 1860 2017">
    <p class='ocr_par' dir='ltr' id='par_1_36' title="bbox 257 1941 1860 2017">
     <span class='ocr_line' id='line_1_36' title="bbox 257 1941 1860 2017; baseline 0.005 -24"><span class='ocrx_word' id='word_1_258' title='bbox 257 1941 514 2006; x_wconf 74' lang='grc' dir='ltr'>καταεὰς</span> <span class='ocrx_word' id='word_1_259' title='bbox 544 1943 605 1996; x_wconf 89' lang='grc' dir='ltr'><strong>ἐν</strong></span> <span class='ocrx_word' id='word_1_260' title='bbox 651 1945 832 2017; x_wconf 80' lang='grc' dir='ltr'>ἡμέρᾳ</span> <span class='ocrx_word' id='word_1_261' title='bbox 873 1945 1049 2016; x_wconf 89' lang='grc' dir='ltr'>χιόνος</span> <span class='ocrx_word' id='word_1_262' title='bbox 1089 1947 1172 2010; x_wconf 88' lang='grc' dir='ltr'><strong>είς</strong></span> <span class='ocrx_word' id='word_1_263' title='bbox 1215 1946 1450 2013; x_wconf 88' lang='grc' dir='ltr'>λάκκον,</span> <span class='ocrx_word' id='word_1_264' title='bbox 1482 1947 1718 2012; x_wconf 80' lang='grc' dir='ltr'>ἐπάταξε</span> <span class='ocrx_word' id='word_1_265' title='bbox 1769 1949 1860 2002; x_wconf 80' lang='grc' dir='ltr'>τὸν</span> 
     </span>
    </p>
   </div>
   <div class='ocr_carea' id='block_1_37' title="bbox 255 2029 1861 2111">
    <p class='ocr_par' dir='ltr' id='par_1_37' title="bbox 255 2029 1861 2111">
     <span class='ocr_line' id='line_1_37' title="bbox 255 2029 1861 2111; baseline 0.006 -27"><span class='ocrx_word' id='word_1_266' title='bbox 255 2032 478 2087; x_wconf 72' lang='grc' dir='ltr'>λέοντα.</span> <span class='ocrx_word' id='word_1_267' title='bbox 512 2029 682 2099; x_wconf 71' lang='grc' dir='ltr'>Οὗτος</span> <span class='ocrx_word' id='word_1_268' title='bbox 714 2037 952 2104; x_wconf 79' lang='grc' dir='ltr'>ἐπάταξε</span> <span class='ocrx_word' id='word_1_269' title='bbox 979 2039 1073 2091; x_wconf 72' lang='grc' dir='ltr'>καὶ</span> <span class='ocrx_word' id='word_1_270' title='bbox 1106 2037 1274 2111; x_wconf 82' lang='grc' dir='ltr'>ἄνδρα</span> <span class='ocrx_word' id='word_1_271' title='bbox 1307 2038 1528 2092; x_wconf 83' lang='grc' dir='ltr'>δυνατὸν</span> <span class='ocrx_word' id='word_1_272' title='bbox 1567 2039 1861 2108; x_wconf 81' lang='grc' dir='ltr'>Αἰγύπτιον</span> 
     </span>
    </p>
   </div>
   <div class='ocr_carea' id='block_1_38' title="bbox 255 2124 1863 2200">
    <p class='ocr_par' dir='ltr' id='par_1_38' title="bbox 255 2124 1863 2200">
     <span class='ocr_line' id='line_1_38' title="bbox 255 2124 1863 2200; baseline 0.006 -26"><span class='ocrx_word' id='word_1_273' title='bbox 255 2124 626 2195; x_wconf 78' lang='grc' dir='ltr'>πεντάπηχυν</span> <span class='ocrx_word' id='word_1_274' title='bbox 654 2125 803 2190; x_wconf 75' lang='grc' dir='ltr'>ὄντα,</span> <span class='ocrx_word' id='word_1_275' title='bbox 835 2128 930 2181; x_wconf 73' lang='grc' dir='ltr'>καὶ</span> <span class='ocrx_word' id='word_1_276' title='bbox 977 2127 1170 2198; x_wconf 82' lang='grc' dir='ltr'>ἔχοντα</span> <span class='ocrx_word' id='word_1_277' title='bbox 1219 2128 1345 2200; x_wconf 84' lang='grc' dir='ltr'>δόρυ</span> <span class='ocrx_word' id='word_1_278' title='bbox 1371 2130 1446 2192; x_wconf 86' lang='grc' dir='ltr'>ὠς</span> <span class='ocrx_word' id='word_1_279' title='bbox 1486 2129 1640 2194; x_wconf 81' lang='grc' dir='ltr'>ξύλον</span> <span class='ocrx_word' id='word_1_280' title='bbox 1671 2130 1863 2184; x_wconf 81' lang='grc' dir='ltr'>διαδά-</span> 
     </span>
    </p>
   </div>
   <div class='ocr_carea' id='block_1_39' title="bbox 256 2213 1862 2293">
    <p class='ocr_par' dir='ltr' id='par_1_39' title="bbox 256 2213 1862 2293">
     <span class='ocr_line' id='line_1_39' title="bbox 256 2213 1862 2293; baseline 0.006 -28"><span class='ocrx_word' id='word_1_281' title='bbox 256 2213 435 2284; x_wconf 87' lang='grc' dir='ltr'>θρας·</span> <span class='ocrx_word' id='word_1_282' title='bbox 478 2216 740 2286; x_wconf 82' lang='grc' dir='ltr'>ἁρπάσας</span> <span class='ocrx_word' id='word_1_283' title='bbox 773 2217 882 2289; x_wconf 87' lang='grc' dir='ltr'>γὰρ</span> <span class='ocrx_word' id='word_1_284' title='bbox 925 2219 1022 2272; x_wconf 85' lang='grc' dir='ltr'><strong>ἀπ’</strong></span> <span class='ocrx_word' id='word_1_285' title='bbox 1071 2220 1234 2274; x_wconf 79' lang='grc' dir='ltr'>αὐτοῦ</span> <span class='ocrx_word' id='word_1_286' title='bbox 1278 2220 1338 2273; x_wconf 86' lang='grc' dir='ltr'>τὸ</span> <span class='ocrx_word' id='word_1_287' title='bbox 1369 2221 1496 2293; x_wconf 84' lang='grc' dir='ltr'>δόρυ</span> <span class='ocrx_word' id='word_1_288' title='bbox 1548 2225 1664 2293; x_wconf 88' lang='grc' dir='ltr'>μετ’</span> <span class='ocrx_word' id='word_1_289' title='bbox 1697 2221 1862 2275; x_wconf 80' lang='grc' dir='ltr'>αὐτοῦ</span> 
     </span>
    </p>
   </div>
   <div class='ocr_carea' id='block_1_40' title="bbox 254 2306 1862 2381">
    <p class='ocr_par' dir='ltr' id='par_1_40' title="bbox 254 2306 1862 2381">
     <span class='ocr_line' id='line_1_40' title="bbox 254 2306 1862 2381; baseline 0.004 -23"><span class='ocrx_word' id='word_1_290' title='bbox 254 2306 450 2359; x_wconf 75' lang='grc' dir='ltr'>τοῦτον</span> <span class='ocrx_word' id='word_1_291' title='bbox 477 2307 822 2364; x_wconf 83' lang='grc' dir='ltr'>ἀπέκτεινεν.</span> <span class='ocrx_word' id='word_1_292' title='bbox 861 2309 1053 2364; x_wconf 76' lang='grc' dir='ltr'>Ἀὁισᾶ</span> <span class='ocrx_word' id='word_1_293' title='bbox 1095 2311 1324 2381; x_wconf 80' lang='grc' dir='ltr'>ἀδελφὸς</span> <span class='ocrx_word' id='word_1_294' title='bbox 1367 2311 1553 2378; x_wconf 74' lang='grc' dir='ltr'>Ἰωάϐ,</span> <span class='ocrx_word' id='word_1_295' title='bbox 1597 2313 1714 2376; x_wconf 83' lang='grc' dir='ltr'>υίὸς</span> <span class='ocrx_word' id='word_1_296' title='bbox 1753 2314 1862 2365; x_wconf 88' lang='grc' dir='ltr'><strong>Σα-</strong></span> 
     </span>
    </p>
   </div>
   <div class='ocr_carea' id='block_1_41' title="bbox 258 2398 1858 2473">
    <p class='ocr_par' dir='ltr' id='par_1_41' title="bbox 258 2398 1858 2473">
     <span class='ocr_line' id='line_1_41' title="bbox 258 2398 1858 2473; baseline 0.003 -23"><span class='ocrx_word' id='word_1_297' title='bbox 258 2398 456 2470; x_wconf 72' lang='grc' dir='ltr'>ρουίας</span> <span class='ocrx_word' id='word_1_298' title='bbox 478 2399 585 2469; x_wconf 84' lang='grc' dir='ltr'>τῆς</span> <span class='ocrx_word' id='word_1_299' title='bbox 611 2400 844 2472; x_wconf 83' lang='grc' dir='ltr'>ἀδελφῆς</span> <span class='ocrx_word' id='word_1_300' title='bbox 871 2403 1056 2456; x_wconf 78' lang='grc' dir='ltr'>Δαδίδ.</span> <span class='ocrx_word' id='word_1_301' title='bbox 1112 2402 1329 2473; x_wconf 85' lang='grc' dir='ltr'>Ἀρχων</span> <span class='ocrx_word' id='word_1_302' title='bbox 1360 2403 1456 2472; x_wconf 86' lang='grc' dir='ltr'>μὲν</span> <span class='ocrx_word' id='word_1_303' title='bbox 1485 2398 1552 2473; x_wconf 81' lang='grc' dir='ltr'>ἦν</span> <span class='ocrx_word' id='word_1_304' title='bbox 1585 2403 1679 2456; x_wconf 74' lang='grc' dir='ltr'>καὶ</span> <span class='ocrx_word' id='word_1_305' title='bbox 1705 2398 1858 2466; x_wconf 71' lang='grc' dir='ltr'>οὗτος</span> 
     </span>
    </p>
   </div>
   <div class='ocr_carea' id='block_1_42' title="bbox 255 2491 1857 2566">
    <p class='ocr_par' dir='ltr' id='par_1_42' title="bbox 255 2491 1857 2566">
     <span class='ocr_line' id='line_1_42' title="bbox 255 2491 1857 2566; baseline 0.003 -24"><span class='ocrx_word' id='word_1_306' title='bbox 255 2491 315 2542; x_wconf 84' lang='grc' dir='ltr'><strong>ἐν</strong></span> <span class='ocrx_word' id='word_1_307' title='bbox 345 2493 462 2554; x_wconf 81' lang='grc' dir='ltr'>τοῖς</span> <span class='ocrx_word' id='word_1_308' title='bbox 491 2494 915 2564; x_wconf 71' lang='grc' dir='ltr'>προειρημένοις</span> <span class='ocrx_word' id='word_1_309' title='bbox 943 2493 1144 2564; x_wconf 70' lang='grc' dir='ltr'>τρισίνο</span> <span class='ocrx_word' id='word_1_310' title='bbox 1173 2494 1335 2557; x_wconf 75' lang='grc' dir='ltr'>αὐτὸς</span> <span class='ocrx_word' id='word_1_311' title='bbox 1354 2494 1411 2546; x_wconf 87' lang='grc' dir='ltr'><strong>δέ</strong></span> <span class='ocrx_word' id='word_1_312' title='bbox 1436 2493 1672 2559; x_wconf 80' lang='grc' dir='ltr'>ἐπάταξε</span> <span class='ocrx_word' id='word_1_313' title='bbox 1693 2511 1857 2566; x_wconf 85' lang='grc' dir='ltr'>τραυ-</span> 
     </span>
    </p>
   </div>
   <div class='ocr_carea' id='block_1_43' title="bbox 258 2580 1858 2656">
    <p class='ocr_par' dir='ltr' id='par_1_43' title="bbox 258 2580 1858 2656">
     <span class='ocr_line' id='line_1_43' title="bbox 258 2580 1858 2656; baseline 0.006 -25"><span class='ocrx_word' id='word_1_314' title='bbox 258 2580 468 2650; x_wconf 82' lang='grc' dir='ltr'>ματίας</span> <span class='ocrx_word' id='word_1_315' title='bbox 502 2584 798 2653; x_wconf 82' lang='grc' dir='ltr'>τριάκοντα</span> <span class='ocrx_word' id='word_1_316' title='bbox 841 2584 1029 2652; x_wconf 80' lang='grc' dir='ltr'>δόρατι</span> <span class='ocrx_word' id='word_1_317' title='bbox 1061 2587 1117 2636; x_wconf 90' lang='grc' dir='ltr'><strong>ἐν</strong></span> <span class='ocrx_word' id='word_1_318' title='bbox 1147 2583 1323 2654; x_wconf 81' lang='grc' dir='ltr'>καιρῷ</span> <span class='ocrx_word' id='word_1_319' title='bbox 1356 2601 1484 2647; x_wconf 91' lang='grc' dir='ltr'>τινι,</span> <span class='ocrx_word' id='word_1_320' title='bbox 1513 2585 1607 2637; x_wconf 72' lang='grc' dir='ltr'>καὶ</span> <span class='ocrx_word' id='word_1_321' title='bbox 1636 2585 1858 2656; x_wconf 74' lang='grc' dir='ltr'>ἔτρεχεν</span> 
     </span>
    </p>
   </div>
   <div class='ocr_carea' id='block_1_44' title="bbox 253 2671 1856 2748">
    <p class='ocr_par' dir='ltr' id='par_1_44' title="bbox 253 2671 1856 2748">
     <span class='ocr_line' id='line_1_44' title="bbox 253 2671 1856 2748; baseline 0.004 -24"><span class='ocrx_word' id='word_1_322' title='bbox 253 2671 333 2734; x_wconf 83' lang='grc' dir='ltr'>ὡς</span> <span class='ocrx_word' id='word_1_323' title='bbox 363 2672 574 2745; x_wconf 74' lang='grc' dir='ltr'>δορκὰς</span> <span class='ocrx_word' id='word_1_324' title='bbox 608 2676 666 2727; x_wconf 88' lang='grc' dir='ltr'><strong>ἐν</strong></span> <span class='ocrx_word' id='word_1_325' title='bbox 708 2679 822 2738; x_wconf 88' lang='grc' dir='ltr'>τοῖς</span> <span class='ocrx_word' id='word_1_326' title='bbox 865 2676 1036 2748; x_wconf 76' lang='grc' dir='ltr'>ὄρεσι.</span> <span class='ocrx_word' id='word_1_327' title='bbox 1063 2675 1176 2729; x_wconf 74' lang='grc' dir='ltr'><strong>Καὶ</strong></span> <span class='ocrx_word' id='word_1_328' title='bbox 1218 2675 1380 2729; x_wconf 86' lang='grc' dir='ltr'>πάλιν</span> <span class='ocrx_word' id='word_1_329' title='bbox 1427 2676 1585 2740; x_wconf 75' lang='grc' dir='ltr'>αὐτὸς</span> <span class='ocrx_word' id='word_1_330' title='bbox 1619 2677 1856 2742; x_wconf 80' lang='grc' dir='ltr'>ἐπάταξε</span> 
     </span>
    </p>
   </div>
   <div class='ocr_carea' id='block_1_45' title="bbox 253 2753 1856 2838">
    <p class='ocr_par' dir='ltr' id='par_1_45' title="bbox 253 2753 1856 2838">
     <span class='ocr_line' id='line_1_45' title="bbox 253 2753 1856 2838; baseline 0.006 -24"><span class='ocrx_word' id='word_1_331' title='bbox 253 2763 352 2815; x_wconf 76' lang='grc' dir='ltr'>καὶ</span> <span class='ocrx_word' id='word_1_332' title='bbox 404 2763 720 2817; x_wconf 82' lang='grc' dir='ltr'>ἐθανάτωσε</span> <span class='ocrx_word' id='word_1_333' title='bbox 755 2753 847 2818; x_wconf 74' lang='grc' dir='ltr'>τὸν</span> <span class='ocrx_word' id='word_1_334' title='bbox 888 2766 1128 2831; x_wconf 78' lang='grc' dir='ltr'>Ἐσϐιὲν,</span> <span class='ocrx_word' id='word_1_335' title='bbox 1173 2765 1397 2820; x_wconf 84' lang='grc' dir='ltr'>θέλοντα</span> <span class='ocrx_word' id='word_1_336' title='bbox 1426 2767 1716 2838; x_wconf 83' lang='grc' dir='ltr'>άναιρῆσαι</span> <span class='ocrx_word' id='word_1_337' title='bbox 1764 2769 1856 2825; x_wconf 80' lang='grc' dir='ltr'>τὸν</span> 
     </span>
    </p>
   </div>
   <div class='ocr_carea' id='block_1_46' title="bbox 252 2852 1855 2933">
    <p class='ocr_par' dir='ltr' id='par_1_46' title="bbox 252 2852 1855 2933">
     <span class='ocr_line' id='line_1_46' title="bbox 252 2852 1855 2933; baseline 0.005 -27"><span class='ocrx_word' id='word_1_338' title='bbox 252 2854 448 2908; x_wconf 78' lang='grc' dir='ltr'>Δαὸῐδ.</span> <span class='ocrx_word' id='word_1_339' title='bbox 481 2852 593 2908; x_wconf 85' lang='grc' dir='ltr'>Ἦν</span> <span class='ocrx_word' id='word_1_340' title='bbox 616 2857 674 2909; x_wconf 83' lang='grc' dir='ltr'>δὲ</span> <span class='ocrx_word' id='word_1_341' title='bbox 702 2859 731 2910; x_wconf 89' lang='lat'><strong>6</strong></span> <span class='ocrx_word' id='word_1_342' title='bbox 771 2858 981 2912; x_wconf 79' lang='grc' dir='ltr'>Ἐσϐιὲν</span> <span class='ocrx_word' id='word_1_343' title='bbox 1009 2859 1232 2926; x_wconf 79' lang='grc' dir='ltr'>ἔκγονος</span> <span class='ocrx_word' id='word_1_344' title='bbox 1262 2858 1358 2911; x_wconf 81' lang='grc' dir='ltr'>τοῦ</span> <span class='ocrx_word' id='word_1_345' title='bbox 1401 2860 1576 2928; x_wconf 84' lang='grc' dir='ltr'><strong>Ῥαφᾶ</strong></span> <span class='ocrx_word' id='word_1_346' title='bbox 1597 2877 1611 2891; x_wconf 92' lang='grc'><strong>·</strong></span> <span class='ocrx_word' id='word_1_347' title='bbox 1638 2860 1765 2933; x_wconf 85' lang='grc' dir='ltr'>δόρυ</span> <span class='ocrx_word' id='word_1_348' title='bbox 1799 2861 1855 2915; x_wconf 82' lang='grc' dir='ltr'><strong>δέ</strong></span> 
     </span>
    </p>
   </div>
   <div class='ocr_carea' id='block_1_47' title="bbox 253 2942 1857 3022">
    <p class='ocr_par' dir='ltr' id='par_1_47' title="bbox 253 2942 1857 3022">
     <span class='ocr_line' id='line_1_47' title="bbox 253 2942 1857 3022; baseline 0.004 -22"><span class='ocrx_word' id='word_1_349' title='bbox 253 2942 372 3017; x_wconf 76' lang='grc' dir='ltr'>εἶχε</span> <span class='ocrx_word' id='word_1_350' title='bbox 417 2949 665 3018; x_wconf 73' lang='grc' dir='ltr'>σταθμοῦ</span> <span class='ocrx_word' id='word_1_351' title='bbox 707 2950 869 3020; x_wconf 82' lang='grc' dir='ltr'>ὁλκῆς</span> <span class='ocrx_word' id='word_1_352' title='bbox 907 2951 1109 3022; x_wconf 80' lang='grc' dir='ltr'>χαλκοῦ</span> <span class='ocrx_word' id='word_1_353' title='bbox 1153 2951 1445 3021; x_wconf 85' lang='grc' dir='ltr'>τριάκοντα</span> <span class='ocrx_word' id='word_1_354' title='bbox 1492 2951 1720 3017; x_wconf 82' lang='grc' dir='ltr'>σίκλων,</span> <span class='ocrx_word' id='word_1_355' title='bbox 1763 2954 1857 3006; x_wconf 74' lang='grc' dir='ltr'>καὶ</span> 
     </span>
    </p>
   </div>
   <div class='ocr_carea' id='block_1_48' title="bbox 1965 1941 3541 2024">
    <p class='ocr_par' dir='ltr' id='par_1_48' title="bbox 1965 1941 3541 2024">
     <span class='ocr_line' id='line_1_48' title="bbox 1965 1941 3541 2024; baseline -0.009 -17"><span class='ocrx_word' id='word_1_356' title='bbox 1965 1953 2198 2008; x_wconf 73' lang='lat' dir='ltr'><strong>nautica:</strong></span> <span class='ocrx_word' id='word_1_357' title='bbox 2216 1962 2542 2024; x_wconf 79' lang='lat' dir='ltr'><strong>gestantem,</strong></span> <span class='ocrx_word' id='word_1_358' title='bbox 2567 1951 2874 2023; x_wconf 87' lang='lat' dir='ltr'><strong>percussit:</strong></span> <span class='ocrx_word' id='word_1_359' title='bbox 2902 1951 3111 2005; x_wconf 89' lang='lat' dir='ltr'><strong>hastam</strong></span> <span class='ocrx_word' id='word_1_360' title='bbox 3166 1946 3311 2001; x_wconf 90' lang='lat' dir='ltr'><strong>enim</strong></span> <span class='ocrx_word' id='word_1_361' title='bbox 3340 1943 3415 1996; x_wconf 84' lang='lat' dir='ltr'><strong>illi</strong></span> <span class='ocrx_word' id='word_1_362' title='bbox 3443 1941 3541 1996; x_wconf 87' lang='lat' dir='ltr'><strong>ad-</strong></span> 
     </span>
    </p>
   </div>
   <div class='ocr_carea' id='block_1_49' title="bbox 1962 2033 3540 2107">
    <p class='ocr_par' dir='ltr' id='par_1_49' title="bbox 1962 2033 3540 2107">
     <span class='ocr_line' id='line_1_49' title="bbox 1962 2033 3540 2107; baseline -0.01 -7"><span class='ocrx_word' id='word_1_363' title='bbox 1962 2044 2115 2107; x_wconf 84' lang='lat' dir='ltr'><strong>emit,</strong></span> <span class='ocrx_word' id='word_1_364' title='bbox 2149 2059 2213 2098; x_wconf 90' lang='lat' dir='ltr'><strong>ac</strong></span> <span class='ocrx_word' id='word_1_365' title='bbox 2260 2045 2350 2097; x_wconf 85' lang='lat' dir='ltr'><strong>illa</strong></span> <span class='ocrx_word' id='word_1_366' title='bbox 2397 2060 2522 2099; x_wconf 91' lang='lat' dir='ltr'><strong>eum</strong></span> <span class='ocrx_word' id='word_1_367' title='bbox 2551 2043 2770 2098; x_wconf 88' lang='lat' dir='ltr'><strong>occidit.</strong></span> <span class='ocrx_word' id='word_1_368' title='bbox 2797 2041 2964 2096; x_wconf 78' lang='lat' dir='ltr'><strong>Abisa</strong></span> <span class='ocrx_word' id='word_1_369' title='bbox 3013 2039 3181 2092; x_wconf 91' lang='lat' dir='ltr'><strong>frater</strong></span> <span class='ocrx_word' id='word_1_370' title='bbox 3207 2035 3344 2090; x_wconf 87' lang='lat' dir='ltr'><strong>Joab</strong></span> <span class='ocrx_word' id='word_1_371' title='bbox 3395 2033 3540 2086; x_wconf 80' lang='lat' dir='ltr'><strong>filius</strong></span> 
     </span>
    </p>
   </div>
   <div class='ocr_carea' id='block_1_50' title="bbox 1965 2114 3540 2204">
    <p class='ocr_par' dir='ltr' id='par_1_50' title="bbox 1965 2114 3540 2204">
     <span class='ocr_line' id='line_1_50' title="bbox 1965 2114 3540 2204; baseline -0.008 -16"><span class='ocrx_word' id='word_1_372' title='bbox 1965 2132 2172 2189; x_wconf 67' lang='lat' dir='ltr'><strong>Sarviaa</strong></span> <span class='ocrx_word' id='word_1_373' title='bbox 2213 2114 2421 2191; x_wconf 81' lang='lat' dir='ltr'><strong>sororis</strong></span> <span class='ocrx_word' id='word_1_374' title='bbox 2458 2135 2698 2200; x_wconf 89' lang='lat' dir='ltr'><strong>Davidis,</strong></span> <span class='ocrx_word' id='word_1_375' title='bbox 2726 2135 2982 2204; x_wconf 83' lang='lat' dir='ltr'><strong>princeps</strong></span> <span class='ocrx_word' id='word_1_376' title='bbox 3011 2138 3128 2186; x_wconf 88' lang='lat' dir='ltr'><strong>erat</strong></span> <span class='ocrx_word' id='word_1_377' title='bbox 3156 2137 3210 2183; x_wconf 91' lang='lat' dir='ltr'><strong>et</strong></span> <span class='ocrx_word' id='word_1_378' title='bbox 3251 2127 3353 2182; x_wconf 87' lang='lat' dir='ltr'><strong>iste</strong></span> <span class='ocrx_word' id='word_1_379' title='bbox 3396 2125 3540 2177; x_wconf 89' lang='lat' dir='ltr'><strong>inter</strong></span> 
     </span>
    </p>
   </div>
   <div class='ocr_carea' id='block_1_51' title="bbox 1963 2222 3540 2296">
    <p class='ocr_par' dir='ltr' id='par_1_51' title="bbox 1963 2222 3540 2296">
     <span class='ocr_line' id='line_1_51' title="bbox 1963 2222 3540 2296; baseline -0.01 -16"><span class='ocrx_word' id='word_1_380' title='bbox 1963 2230 2098 2290; x_wconf 82' lang='lat' dir='ltr'><strong>tres,</strong></span> <span class='ocrx_word' id='word_1_381' title='bbox 2133 2226 2200 2280; x_wconf 91' lang='lat' dir='ltr'><strong>de</strong></span> <span class='ocrx_word' id='word_1_382' title='bbox 2225 2226 2426 2296; x_wconf 91' lang='lat' dir='ltr'><strong>quibus</strong></span> <span class='ocrx_word' id='word_1_383' title='bbox 2458 2226 2664 2280; x_wconf 92' lang='lat' dir='ltr'><strong>dictum</strong></span> <span class='ocrx_word' id='word_1_384' title='bbox 2694 2231 2797 2280; x_wconf 87' lang='lat' dir='ltr'><strong>est.</strong></span> <span class='ocrx_word' id='word_1_385' title='bbox 2843 2223 3126 2277; x_wconf 86' lang='lat' dir='ltr'><strong>Percussit</strong></span> <span class='ocrx_word' id='word_1_386' title='bbox 3173 2227 3354 2272; x_wconf 89' lang='lat' dir='ltr'><strong>autem</strong></span> <span class='ocrx_word' id='word_1_387' title='bbox 3399 2222 3540 2268; x_wconf 87' lang='lat' dir='ltr'><strong>tem-</strong></span> 
     </span>
    </p>
   </div>
   <div class='ocr_carea' id='block_1_52' title="bbox 1962 2309 3539 2385">
    <p class='ocr_par' dir='ltr' id='par_1_52' title="bbox 1962 2309 3539 2385">
     <span class='ocr_line' id='line_1_52' title="bbox 1962 2309 3539 2385; baseline -0.011 -16"><span class='ocrx_word' id='word_1_388' title='bbox 1962 2329 2094 2384; x_wconf 89' lang='lat' dir='ltr'><strong>pore</strong></span> <span class='ocrx_word' id='word_1_389' title='bbox 2120 2315 2356 2385; x_wconf 88' lang='lat' dir='ltr'><strong>quodam</strong></span> <span class='ocrx_word' id='word_1_390' title='bbox 2393 2316 2615 2385; x_wconf 75' lang='lat' dir='ltr'><strong>triginta</strong></span> <span class='ocrx_word' id='word_1_391' title='bbox 2645 2315 2960 2369; x_wconf 87' lang='lat' dir='ltr'><strong>vulneratos</strong></span> <span class='ocrx_word' id='word_1_392' title='bbox 2992 2311 3178 2363; x_wconf 86' lang='lat' dir='ltr'><strong>lancea</strong></span> <span class='ocrx_word' id='word_1_393' title='bbox 3213 2321 3336 2370; x_wconf 87' lang='lat' dir='ltr'><strong>sua,</strong></span> <span class='ocrx_word' id='word_1_394' title='bbox 3359 2309 3412 2357; x_wconf 92' lang='lat' dir='ltr'><strong>et</strong></span> <span class='ocrx_word' id='word_1_395' title='bbox 3445 2314 3539 2354; x_wconf 88' lang='lat' dir='ltr'><strong>ca-</strong></span> 
     </span>
    </p>
   </div>
   <div class='ocr_carea' id='block_1_53' title="bbox 1961 2401 3538 2474">
    <p class='ocr_par' dir='ltr' id='par_1_53' title="bbox 1961 2401 3538 2474">
     <span class='ocr_line' id='line_1_53' title="bbox 1961 2401 3538 2474; baseline -0.006 -15"><span class='ocrx_word' id='word_1_396' title='bbox 1961 2420 2104 2474; x_wconf 66' lang='lat' dir='ltr'><strong>prea:</strong></span> <span class='ocrx_word' id='word_1_397' title='bbox 2167 2407 2343 2461; x_wconf 90' lang='lat' dir='ltr'><strong>instar</strong></span> <span class='ocrx_word' id='word_1_398' title='bbox 2391 2407 2648 2461; x_wconf 86' lang='lat' dir='ltr'><strong>currebat</strong></span> <span class='ocrx_word' id='word_1_399' title='bbox 2705 2406 2759 2459; x_wconf 94' lang='lat' dir='ltr'><strong>in</strong></span> <span class='ocrx_word' id='word_1_400' title='bbox 2811 2401 3124 2458; x_wconf 88' lang='lat' dir='ltr'><strong>montibus:</strong></span> <span class='ocrx_word' id='word_1_401' title='bbox 3175 2405 3230 2451; x_wconf 88' lang='lat' dir='ltr'><strong>et</strong></span> <span class='ocrx_word' id='word_1_402' title='bbox 3275 2401 3538 2465; x_wconf 66' lang='lat' dir='ltr'><strong>pra&#39;terea</strong></span> 
     </span>
    </p>
   </div>
   <div class='ocr_carea' id='block_1_54' title="bbox 1961 2482 3537 2564">
    <p class='ocr_par' dir='ltr' id='par_1_54' title="bbox 1961 2482 3537 2564">
     <span class='ocr_line' id='line_1_54' title="bbox 1961 2482 3537 2564; baseline -0.01 -15"><span class='ocrx_word' id='word_1_403' title='bbox 1961 2497 2231 2564; x_wconf 87' lang='lat' dir='ltr'><strong>percussit</strong></span> <span class='ocrx_word' id='word_1_404' title='bbox 2269 2504 2323 2550; x_wconf 90' lang='lat' dir='ltr'><strong>et</strong></span> <span class='ocrx_word' id='word_1_405' title='bbox 2357 2497 2558 2551; x_wconf 88' lang='lat' dir='ltr'><strong>occidit</strong></span> <span class='ocrx_word' id='word_1_406' title='bbox 2608 2495 2828 2557; x_wconf 87' lang='lat' dir='ltr'><strong>Esbien,</strong></span> <span class='ocrx_word' id='word_1_407' title='bbox 2853 2493 2945 2562; x_wconf 89' lang='lat' dir='ltr'><strong>qui</strong></span> <span class='ocrx_word' id='word_1_408' title='bbox 2976 2488 3235 2543; x_wconf 87' lang='lat' dir='ltr'><strong>Davidem</strong></span> <span class='ocrx_word' id='word_1_409' title='bbox 3284 2482 3537 2538; x_wconf 85' lang='lat' dir='ltr'><strong>occidere</strong></span> 
     </span>
    </p>
   </div>
   <div class='ocr_carea' id='block_1_55' title="bbox 1961 2577 3646 2654">
    <p class='ocr_par' dir='ltr' id='par_1_55' title="bbox 1961 2577 3646 2654">
     <span class='ocr_line' id='line_1_55' title="bbox 1961 2577 3646 2654; baseline -0.01 -13"><span class='ocrx_word' id='word_1_410' title='bbox 1961 2587 2198 2642; x_wconf 87' lang='lat' dir='ltr'><strong>volebat.</strong></span> <span class='ocrx_word' id='word_1_411' title='bbox 2227 2587 2356 2642; x_wconf 89' lang='lat' dir='ltr'><strong>Erat</strong></span> <span class='ocrx_word' id='word_1_412' title='bbox 2407 2596 2587 2642; x_wconf 92' lang='lat' dir='ltr'><strong>autem</strong></span> <span class='ocrx_word' id='word_1_413' title='bbox 2637 2586 2838 2642; x_wconf 79' lang='lat' dir='ltr'><strong>Esbien</strong></span> <span class='ocrx_word' id='word_1_414' title='bbox 2867 2584 2934 2639; x_wconf 89' lang='lat' dir='ltr'><strong>de</strong></span> <span class='ocrx_word' id='word_1_415' title='bbox 2967 2596 3165 2654; x_wconf 80' lang='lat' dir='ltr'><strong>genere</strong></span> <span class='ocrx_word' id='word_1_416' title='bbox 3225 2577 3442 2645; x_wconf 79' lang='lat' dir='ltr'><strong>Rapha,</strong></span> <span class='ocrx_word' id='word_1_417' title='bbox 3481 2579 3537 2627; x_wconf 89' lang='lat' dir='ltr'><strong>et</strong></span> <span class='ocrx_word' id='word_1_418' title='bbox 3641 2581 3646 2589; x_wconf 90' lang='lat'>&#39;</span> 
     </span>
    </p>
   </div>
   <div class='ocr_carea' id='block_1_56' title="bbox 1960 2669 3534 2749">
    <p class='ocr_par' dir='ltr' id='par_1_56' title="bbox 1960 2669 3534 2749">
     <span class='ocr_line' id='line_1_56' title="bbox 1960 2669 3534 2749; baseline -0.01 -18"><span class='ocrx_word' id='word_1_419' title='bbox 1960 2677 2117 2732; x_wconf 85' lang='lat' dir='ltr'><strong>hasta</strong></span> <span class='ocrx_word' id='word_1_420' title='bbox 2167 2678 2341 2749; x_wconf 90' lang='lat' dir='ltr'><strong>ipsius</strong></span> <span class='ocrx_word' id='word_1_421' title='bbox 2385 2686 2659 2733; x_wconf 90' lang='lat' dir='ltr'><strong>trecentos</strong></span> <span class='ocrx_word' id='word_1_422' title='bbox 2693 2678 2818 2731; x_wconf 66' lang='lat' dir='ltr'><strong>teris</strong></span> <span class='ocrx_word' id='word_1_423' title='bbox 2869 2675 3033 2730; x_wconf 92' lang='lat' dir='ltr'><strong>siclos</strong></span> <span class='ocrx_word' id='word_1_424' title='bbox 3065 2669 3426 2742; x_wconf 88' lang='lat' dir='ltr'><strong>ponderabat,</strong></span> <span class='ocrx_word' id='word_1_425' title='bbox 3480 2669 3534 2717; x_wconf 88' lang='lat' dir='ltr'><strong>et</strong></span> 
     </span>
    </p>
   </div>
   <div class='ocr_carea' id='block_1_57' title="bbox 1957 2763 3536 2842">
    <p class='ocr_par' dir='ltr' id='par_1_57' title="bbox 1957 2763 3536 2842">
     <span class='ocr_line' id='line_1_57' title="bbox 1957 2763 3536 2842; baseline -0.008 -18"><span class='ocrx_word' id='word_1_426' title='bbox 1957 2770 2168 2825; x_wconf 88' lang='lat' dir='ltr'><strong>clavam</strong></span> <span class='ocrx_word' id='word_1_427' title='bbox 2200 2773 2466 2842; x_wconf 82' lang='lat' dir='ltr'><strong>gestabat.</strong></span> <span class='ocrx_word' id='word_1_428' title='bbox 2496 2771 2682 2841; x_wconf 87' lang='lat' dir='ltr'><strong>Itaque</strong></span> <span class='ocrx_word' id='word_1_429' title='bbox 2729 2770 2820 2825; x_wconf 89' lang='lat' dir='ltr'><strong>isti</strong></span> <span class='ocrx_word' id='word_1_430' title='bbox 2853 2776 3010 2823; x_wconf 89' lang='lat' dir='ltr'><strong>erant</strong></span> <span class='ocrx_word' id='word_1_431' title='bbox 3041 2763 3224 2834; x_wconf 84' lang='lat' dir='ltr'><strong>magni</strong></span> <span class='ocrx_word' id='word_1_432' title='bbox 3255 2768 3308 2817; x_wconf 89' lang='lat' dir='ltr'><strong>et</strong></span> <span class='ocrx_word' id='word_1_433' title='bbox 3352 2769 3536 2829; x_wconf 86' lang='lat' dir='ltr'><strong>poten-</strong></span> 
     </span>
    </p>
   </div>
   <div class='ocr_carea' id='block_1_58' title="bbox 1958 2849 3534 2920">
    <p class='ocr_par' dir='ltr' id='par_1_58' title="bbox 1958 2849 3534 2920">
     <span class='ocr_line' id='line_1_58' title="bbox 1958 2849 3534 2920; baseline -0.009 -2"><span class='ocrx_word' id='word_1_434' title='bbox 1958 2873 2066 2920; x_wconf 87' lang='lat' dir='ltr'><strong>tes.</strong></span> <span class='ocrx_word' id='word_1_435' title='bbox 2115 2865 2441 2920; x_wconf 83' lang='lat' dir='ltr'><strong>Bellatorum</strong></span> <span class='ocrx_word' id='word_1_436' title='bbox 2470 2874 2650 2920; x_wconf 88' lang='lat' dir='ltr'><strong>autem</strong></span> <span class='ocrx_word' id='word_1_437' title='bbox 2698 2865 2755 2918; x_wconf 94' lang='lat' dir='ltr'><strong>in</strong></span> <span class='ocrx_word' id='word_1_438' title='bbox 2785 2862 3101 2916; x_wconf 91' lang='lat' dir='ltr'><strong>universum</strong></span> <span class='ocrx_word' id='word_1_439' title='bbox 3140 2855 3329 2911; x_wconf 89' lang='lat' dir='ltr'><strong>habuit</strong></span> <span class='ocrx_word' id='word_1_440' title='bbox 3362 2849 3534 2906; x_wconf 87' lang='lat' dir='ltr'><strong>David</strong></span> 
     </span>
    </p>
   </div>
   <div class='ocr_carea' id='block_1_59' title="bbox 1961 2954 3126 3027">
    <p class='ocr_par' dir='ltr' id='par_1_59' title="bbox 1961 2954 3126 3027">
     <span class='ocr_line' id='line_1_59' title="bbox 1961 2954 3126 3027; baseline -0.005 -17"><span class='ocrx_word' id='word_1_441' title='bbox 1961 2956 2238 3027; x_wconf 83' lang='lat' dir='ltr'><strong>myriades</strong></span> <span class='ocrx_word' id='word_1_442' title='bbox 2265 2958 2487 3026; x_wconf 85' lang='lat' dir='ltr'><strong>triginta</strong></span> <span class='ocrx_word' id='word_1_443' title='bbox 2509 2967 2742 3026; x_wconf 90' lang='lat' dir='ltr'><strong>quatuor</strong></span> <span class='ocrx_word' id='word_1_444' title='bbox 2763 2962 2819 3010; x_wconf 91' lang='lat' dir='ltr'><strong>et</strong></span> <span class='ocrx_word' id='word_1_445' title='bbox 2839 2954 3126 3008; x_wconf 89' lang='lat' dir='ltr'><strong>ducentos.</strong></span> 
     </span>
    </p>
   </div>
   <div class='ocr_carea' id='block_1_60' title="bbox 253 3031 3532 3125">
    <p class='ocr_par' dir='ltr' id='par_1_60' title="bbox 253 3031 3532 3125">
     <span class='ocr_line' id='line_1_60' title="bbox 253 3031 3532 3125; baseline -0 -29"><span class='ocrx_word' id='word_1_446' title='bbox 253 3047 705 3116; x_wconf 58' lang='grc' dir='ltr'>πριεζωσμόνος</span> <span class='ocrx_word' id='word_1_447' title='bbox 755 3042 821 3117; x_wconf 83' lang='grc' dir='ltr'>ἦν</span> <span class='ocrx_word' id='word_1_448' title='bbox 860 3047 1115 3119; x_wconf 87' lang='grc' dir='ltr'>κορύνην.</span> <span class='ocrx_word' id='word_1_449' title='bbox 1158 3040 1318 3101; x_wconf 74' lang='grc' dir='ltr'>Οὗτοι</span> <span class='ocrx_word' id='word_1_450' title='bbox 1353 3049 1450 3119; x_wconf 85' lang='grc' dir='ltr'>μὲν</span> <span class='ocrx_word' id='word_1_451' title='bbox 1487 3043 1582 3101; x_wconf 77' lang='grc' dir='ltr'>οὖν</span> <span class='ocrx_word' id='word_1_452' title='bbox 1633 3048 1858 3119; x_wconf 84' lang='grc' dir='ltr'>μεγάλοι</span> <span class='ocrx_word' id='word_1_453' title='bbox 1895 3051 1990 3105; x_wconf 73' lang='grc' dir='ltr'>καὶ</span> <span class='ocrx_word' id='word_1_454' title='bbox 2025 3053 2244 3107; x_wconf 52' lang='grc' dir='ltr'><strong>δυνατοὶ⁸</strong></span> <span class='ocrx_word' id='word_1_455' title='bbox 2275 3048 2415 3125; x_wconf 81' lang='grc' dir='ltr'>ἦσαν</span> <span class='ocrx_word' id='word_1_456' title='bbox 2450 3069 2464 3082; x_wconf 80' lang='grc'><em>’</em></span> <span class='ocrx_word' id='word_1_457' title='bbox 2509 3051 2635 3115; x_wconf 79' lang='grc' dir='ltr'>τοὺς</span> <span class='ocrx_word' id='word_1_458' title='bbox 2674 3050 2730 3104; x_wconf 85' lang='grc' dir='ltr'><strong>δέ</strong></span> <span class='ocrx_word' id='word_1_459' title='bbox 2774 3044 3103 3118; x_wconf 83' lang='grc' dir='ltr'>πολεμιστάς</span> <span class='ocrx_word' id='word_1_460' title='bbox 3166 3039 3372 3102; x_wconf 84' lang='grc' dir='ltr'>πάντας</span> <span class='ocrx_word' id='word_1_461' title='bbox 3422 3031 3532 3106; x_wconf 79' lang='grc' dir='ltr'>εἶχε</span> 
     </span>
    </p>
   </div>
   <div class='ocr_carea' id='block_1_61' title="bbox 249 3141 1852 3216">
    <p class='ocr_par' dir='ltr' id='par_1_61' title="bbox 249 3141 1852 3216">
     <span class='ocr_line' id='line_1_61' title="bbox 249 3141 1852 3216; baseline 0.004 -23"><span class='ocrx_word' id='word_1_462' title='bbox 249 3141 426 3194; x_wconf 69' lang='grc' dir='ltr'>Δασὶδ</span> <span class='ocrx_word' id='word_1_463' title='bbox 471 3143 743 3212; x_wconf 81' lang='grc' dir='ltr'>μυριάδας</span> <span class='ocrx_word' id='word_1_464' title='bbox 774 3143 1064 3212; x_wconf 87' lang='grc' dir='ltr'>τριάκοντα</span> <span class='ocrx_word' id='word_1_465' title='bbox 1098 3143 1369 3216; x_wconf 87' lang='grc' dir='ltr'>τέσσαρας</span> <span class='ocrx_word' id='word_1_466' title='bbox 1395 3145 1489 3197; x_wconf 76' lang='grc' dir='ltr'>καὶ</span> <span class='ocrx_word' id='word_1_467' title='bbox 1528 3143 1852 3210; x_wconf 90' lang='grc' dir='ltr'>διακοσίους.</span> 
     </span>
    </p>
   </div>
   <div class='ocr_carea' id='block_1_62' title="bbox 407 3238 1699 3310">
    <p class='ocr_par' dir='ltr' id='par_1_62' title="bbox 407 3238 1699 3310">
     <span class='ocr_line' id='line_1_62' title="bbox 407 3238 1699 3310; baseline 0.002 -19"><span class='ocrx_word' id='word_1_468' title='bbox 407 3239 662 3293; x_wconf 68' lang='grc' dir='ltr'>Βιϐλίων·</span> <span class='ocrx_word' id='word_1_469' title='bbox 695 3245 751 3302; x_wconf 83' lang='grc' dir='ltr'>ι’,</span> <span class='ocrx_word' id='word_1_470' title='bbox 784 3238 1094 3292; x_wconf 69' lang='grc' dir='ltr'>Βασιλεῖιιι</span> <span class='ocrx_word' id='word_1_471' title='bbox 1110 3241 1275 3308; x_wconf 81' lang='grc' dir='ltr'>τρίτη</span> <span class='ocrx_word' id='word_1_472' title='bbox 1299 3239 1397 3292; x_wconf 79' lang='grc' dir='ltr'><strong>καί</strong></span> <span class='ocrx_word' id='word_1_473' title='bbox 1427 3239 1699 3310; x_wconf 81' lang='grc' dir='ltr'>τετάρτη.</span> 
     </span>
    </p>
   </div>
   <div class='ocr_carea' id='block_1_63' title="bbox 324 3329 1848 3403">
    <p class='ocr_par' dir='ltr' id='par_1_63' title="bbox 324 3329 1848 3403">
     <span class='ocr_line' id='line_1_63' title="bbox 324 3329 1848 3403; baseline 0 -19"><span class='ocrx_word' id='word_1_474' title='bbox 324 3331 421 3384; x_wconf 77' lang='grc'><strong>15.</strong></span> <span class='ocrx_word' id='word_1_475' title='bbox 477 3332 579 3383; x_wconf 89' lang='grc' dir='ltr'><strong>Ἐν</strong></span> <span class='ocrx_word' id='word_1_476' title='bbox 627 3331 725 3401; x_wconf 82' lang='grc' dir='ltr'>μὲν</span> <span class='ocrx_word' id='word_1_477' title='bbox 755 3329 847 3386; x_wconf 75' lang='grc' dir='ltr'><strong>οὖν</strong></span> <span class='ocrx_word' id='word_1_478' title='bbox 886 3335 952 3403; x_wconf 84' lang='grc' dir='ltr'>τῇ</span> <span class='ocrx_word' id='word_1_479' title='bbox 988 3331 1148 3402; x_wconf 82' lang='grc' dir='ltr'>τρίτῃ</span> <span class='ocrx_word' id='word_1_480' title='bbox 1180 3331 1340 3386; x_wconf 84' lang='grc' dir='ltr'>πάλιν</span> <span class='ocrx_word' id='word_1_481' title='bbox 1365 3331 1706 3403; x_wconf 78' lang='grc' dir='ltr'>περιέχεται,</span> <span class='ocrx_word' id='word_1_482' title='bbox 1741 3333 1848 3396; x_wconf 83' lang='grc' dir='ltr'>ὅτι,</span> 
     </span>
    </p>
   </div>
   <div class='ocr_carea' id='block_1_64' title="bbox 249 3422 1855 3494">
    <p class='ocr_par' dir='ltr' id='par_1_64' title="bbox 249 3422 1855 3494">
     <span class='ocr_line' id='line_1_64' title="bbox 249 3422 1855 3494; baseline 0.004 -21"><span class='ocrx_word' id='word_1_483' title='bbox 249 3423 609 3492; x_wconf 77' lang='grc' dir='ltr'>γηράσαντος</span> <span class='ocrx_word' id='word_1_484' title='bbox 651 3422 746 3475; x_wconf 78' lang='grc' dir='ltr'>τοῦ</span> <span class='ocrx_word' id='word_1_485' title='bbox 797 3424 982 3486; x_wconf 73' lang='grc' dir='ltr'>Δαϐὶδ,</span> <span class='ocrx_word' id='word_1_486' title='bbox 1031 3423 1248 3494; x_wconf 76' lang='grc' dir='ltr'>ἐπαίρει</span> <span class='ocrx_word' id='word_1_487' title='bbox 1290 3423 1481 3476; x_wconf 80' lang='grc' dir='ltr'>ἑαυτὸν</span> <span class='ocrx_word' id='word_1_488' title='bbox 1535 3424 1792 3488; x_wconf 87' lang='grc' dir='ltr'>Ἀδωνίας</span> <span class='ocrx_word' id='word_1_489' title='bbox 1825 3427 1855 3479; x_wconf 88' lang='lat'><strong>6</strong></span> 
     </span>
    </p>
   </div>
   <div class='ocr_carea' id='block_1_65' title="bbox 251 3514 1853 3588">
    <p class='ocr_par' dir='ltr' id='par_1_65' title="bbox 251 3514 1853 3588">
     <span class='ocr_line' id='line_1_65' title="bbox 251 3514 1853 3588; baseline 0.001 -20"><span class='ocrx_word' id='word_1_490' title='bbox 251 3515 370 3578; x_wconf 67' lang='grc' dir='ltr'>υἱὸς</span> <span class='ocrx_word' id='word_1_491' title='bbox 404 3514 596 3578; x_wconf 79' lang='grc' dir='ltr'>αὑτοῦ,</span> <span class='ocrx_word' id='word_1_492' title='bbox 649 3517 745 3570; x_wconf 74' lang='grc' dir='ltr'>καὶ</span> <span class='ocrx_word' id='word_1_493' title='bbox 797 3518 967 3588; x_wconf 78' lang='grc' dir='ltr'>χωρὶς</span> <span class='ocrx_word' id='word_1_494' title='bbox 997 3516 1091 3569; x_wconf 77' lang='grc' dir='ltr'>τοῦ</span> <span class='ocrx_word' id='word_1_495' title='bbox 1114 3516 1322 3587; x_wconf 82' lang='grc' dir='ltr'>πατρὸς</span> <span class='ocrx_word' id='word_1_496' title='bbox 1366 3517 1688 3587; x_wconf 83' lang='grc' dir='ltr'>ἀναγορεύει</span> <span class='ocrx_word' id='word_1_497' title='bbox 1726 3518 1853 3570; x_wconf 82' lang='grc' dir='ltr'>ἐαυ-</span> 
     </span>
    </p>
   </div>
   <div class='ocr_carea' id='block_1_66' title="bbox 248 3605 1850 3677">
    <p class='ocr_par' dir='ltr' id='par_1_66' title="bbox 248 3605 1850 3677">
     <span class='ocr_line' id='line_1_66' title="bbox 248 3605 1850 3677; baseline 0.002 -21"><span class='ocrx_word' id='word_1_498' title='bbox 248 3606 345 3657; x_wconf 74' lang='grc' dir='ltr'><strong>τὸν</strong></span> <span class='ocrx_word' id='word_1_499' title='bbox 379 3605 632 3675; x_wconf 85' lang='grc' dir='ltr'>βασιλέα,</span> <span class='ocrx_word' id='word_1_500' title='bbox 673 3607 782 3659; x_wconf 73' lang='grc' dir='ltr'><strong>Καὶ</strong></span> <span class='ocrx_word' id='word_1_501' title='bbox 812 3606 968 3660; x_wconf 75' lang='grc' dir='ltr'>τοῦτο</span> <span class='ocrx_word' id='word_1_502' title='bbox 1020 3607 1206 3677; x_wconf 80' lang='grc' dir='ltr'>μαθὼν</span> <span class='ocrx_word' id='word_1_503' title='bbox 1232 3608 1260 3658; x_wconf 91' lang='lat'><strong>6</strong></span> <span class='ocrx_word' id='word_1_504' title='bbox 1288 3606 1473 3670; x_wconf 74' lang='grc' dir='ltr'>Δαϐὶδ,</span> <span class='ocrx_word' id='word_1_505' title='bbox 1526 3606 1850 3660; x_wconf 78' lang='grc' dir='ltr'>ἀποστέλλει</span> 
     </span>
    </p>
   </div>
   <div class='ocr_carea' id='block_1_67' title="bbox 250 3695 1850 3768">
    <p class='ocr_par' dir='ltr' id='par_1_67' title="bbox 250 3695 1850 3768">
     <span class='ocr_line' id='line_1_67' title="bbox 250 3695 1850 3768; baseline 0 -20"><span class='ocrx_word' id='word_1_506' title='bbox 250 3696 449 3749; x_wconf 73' lang='grc' dir='ltr'>Νάθαν</span> <span class='ocrx_word' id='word_1_507' title='bbox 477 3695 573 3748; x_wconf 86' lang='grc' dir='ltr'>τὸν</span> <span class='ocrx_word' id='word_1_508' title='bbox 603 3697 912 3768; x_wconf 78' lang='grc' dir='ltr'>προφήτην,</span> <span class='ocrx_word' id='word_1_509' title='bbox 944 3697 1038 3749; x_wconf 72' lang='grc' dir='ltr'><strong>καὶ</strong></span> <span class='ocrx_word' id='word_1_510' title='bbox 1075 3696 1264 3749; x_wconf 84' lang='grc' dir='ltr'>Σαδὼκ</span> <span class='ocrx_word' id='word_1_511' title='bbox 1291 3696 1382 3748; x_wconf 84' lang='grc' dir='ltr'>τὸν</span> <span class='ocrx_word' id='word_1_512' title='bbox 1410 3695 1580 3766; x_wconf 82' lang='grc' dir='ltr'>ἱερέα,</span> <span class='ocrx_word' id='word_1_513' title='bbox 1617 3697 1710 3748; x_wconf 74' lang='grc' dir='ltr'>καὶ</span> <span class='ocrx_word' id='word_1_514' title='bbox 1742 3697 1850 3749; x_wconf 85' lang='grc' dir='ltr'>Βα-</span> 
     </span>
    </p>
   </div>
   <div class='ocr_carea' id='block_1_68' title="bbox 251 3783 1848 3855">
    <p class='ocr_par' dir='ltr' id='par_1_68' title="bbox 251 3783 1848 3855">
     <span class='ocr_line' id='line_1_68' title="bbox 251 3783 1848 3855; baseline 0 -17"><span class='ocrx_word' id='word_1_515' title='bbox 251 3785 385 3840; x_wconf 74' lang='grc' dir='ltr'><strong>νέαν</strong></span> <span class='ocrx_word' id='word_1_516' title='bbox 416 3787 534 3838; x_wconf 74' lang='grc' dir='ltr'>υἱὸν</span> <span class='ocrx_word' id='word_1_517' title='bbox 563 3786 766 3848; x_wconf 86' lang='grc' dir='ltr'>Ἰωδαέ,</span> <span class='ocrx_word' id='word_1_518' title='bbox 796 3786 891 3838; x_wconf 75' lang='grc' dir='ltr'>καὶ</span> <span class='ocrx_word' id='word_1_519' title='bbox 923 3784 1227 3839; x_wconf 76' lang='grc' dir='ltr'>ἐντέλλεται</span> <span class='ocrx_word' id='word_1_520' title='bbox 1260 3787 1467 3850; x_wconf 81' lang='grc' dir='ltr'>αὐτοῖς,</span> <span class='ocrx_word' id='word_1_521' title='bbox 1503 3786 1600 3838; x_wconf 77' lang='grc' dir='ltr'>καὶ</span> <span class='ocrx_word' id='word_1_522' title='bbox 1633 3783 1848 3855; x_wconf 88' lang='grc' dir='ltr'>χρίουσι</span> 
     </span>
    </p>
   </div>
   <div class='ocr_carea' id='block_1_69' title="bbox 251 3873 1845 3945">
    <p class='ocr_par' dir='ltr' id='par_1_69' title="bbox 251 3873 1845 3945">
     <span class='ocr_line' id='line_1_69' title="bbox 251 3873 1845 3945; baseline -0.001 -18"><span class='ocrx_word' id='word_1_523' title='bbox 251 3875 347 3927; x_wconf 71' lang='grc' dir='ltr'>τὸν</span> <span class='ocrx_word' id='word_1_524' title='bbox 381 3875 686 3944; x_wconf 82' lang='grc' dir='ltr'>Σαλομῶνα</span> <span class='ocrx_word' id='word_1_525' title='bbox 717 3876 797 3939; x_wconf 87' lang='grc' dir='ltr'><strong>είς</strong></span> <span class='ocrx_word' id='word_1_526' title='bbox 835 3873 1057 3945; x_wconf 82' lang='grc' dir='ltr'>βασιλέα</span> <span class='ocrx_word' id='word_1_527' title='bbox 1110 3875 1191 3928; x_wconf 79' lang='grc' dir='ltr'>ἔτι</span> <span class='ocrx_word' id='word_1_528' title='bbox 1245 3873 1448 3939; x_wconf 80' lang='grc' dir='ltr'>ζῶντος</span> <span class='ocrx_word' id='word_1_529' title='bbox 1494 3873 1592 3927; x_wconf 80' lang='grc' dir='ltr'><strong>τοῦ</strong></span> <span class='ocrx_word' id='word_1_530' title='bbox 1661 3874 1845 3927; x_wconf 77' lang='grc' dir='ltr'>Δαϐὶδ.</span> 
     </span>
    </p>
   </div>
   <div class='ocr_carea' id='block_1_70' title="bbox 264 3963 1851 4037">
    <p class='ocr_par' dir='ltr' id='par_1_70' title="bbox 264 3963 1851 4037">
     <span class='ocr_line' id='line_1_70' title="bbox 264 3963 1851 4037; baseline -0.002 -17"><span class='ocrx_word' id='word_1_531' title='bbox 264 3968 327 4020; x_wconf 85' lang='grc' dir='ltr'>Ὀ</span> <span class='ocrx_word' id='word_1_532' title='bbox 364 3967 468 4037; x_wconf 77' lang='grc' dir='ltr'>μὲν</span> <span class='ocrx_word' id='word_1_533' title='bbox 501 3963 595 4020; x_wconf 78' lang='grc' dir='ltr'>οὖν</span> <span class='ocrx_word' id='word_1_534' title='bbox 637 3966 892 4029; x_wconf 75' lang='grc' dir='ltr'>Ἃδωνίας</span> <span class='ocrx_word' id='word_1_535' title='bbox 944 3965 1107 4029; x_wconf 73' lang='grc' dir='ltr'>εὐθὺς</span> <span class='ocrx_word' id='word_1_536' title='bbox 1139 3965 1469 4019; x_wconf 84' lang='grc' dir='ltr'>καταλύεται</span> <span class='ocrx_word' id='word_1_537' title='bbox 1504 3982 1518 3997; x_wconf 89' lang='grc'><strong>·</strong></span> <span class='ocrx_word' id='word_1_538' title='bbox 1549 3967 1578 4018; x_wconf 95' lang='lat'><strong>6</strong></span> <span class='ocrx_word' id='word_1_539' title='bbox 1607 3965 1664 4018; x_wconf 84' lang='grc' dir='ltr'>δὲ</span> <span class='ocrx_word' id='word_1_540' title='bbox 1694 3964 1851 4017; x_wconf 85' lang='grc' dir='ltr'>Σαλο-</span> 
     </span>
    </p>
   </div>
   <div class='ocr_carea' id='block_1_71' title="bbox 256 4050 1847 4125">
    <p class='ocr_par' dir='ltr' id='par_1_71' title="bbox 256 4050 1847 4125">
     <span class='ocr_line' id='line_1_71' title="bbox 256 4050 1847 4125; baseline 0.001 -20"><span class='ocrx_word' id='word_1_541' title='bbox 256 4052 405 4123; x_wconf 85' lang='grc' dir='ltr'>μὼν,</span> <span class='ocrx_word' id='word_1_542' title='bbox 459 4052 861 4123; x_wconf 82' lang='grc' dir='ltr'>διαδεξάμενος,</span> <span class='ocrx_word' id='word_1_543' title='bbox 897 4053 1170 4125; x_wconf 75' lang='grc' dir='ltr'>οἰκοδομεῖ</span> <span class='ocrx_word' id='word_1_544' title='bbox 1192 4055 1282 4108; x_wconf 83' lang='grc' dir='ltr'>τὸν</span> <span class='ocrx_word' id='word_1_545' title='bbox 1313 4050 1460 4108; x_wconf 83' lang='grc' dir='ltr'>οἷκον</span> <span class='ocrx_word' id='word_1_546' title='bbox 1497 4054 1592 4108; x_wconf 82' lang='grc' dir='ltr'><strong>τοῦ</strong></span> <span class='ocrx_word' id='word_1_547' title='bbox 1637 4055 1847 4124; x_wconf 85' lang='grc' dir='ltr'>Κυρίου</span> 
     </span>
    </p>
   </div>
   <div class='ocr_carea' id='block_1_72' title="bbox 254 4139 1846 4216">
    <p class='ocr_par' dir='ltr' id='par_1_72' title="bbox 254 4139 1846 4216">
     <span class='ocr_line' id='line_1_72' title="bbox 254 4139 1846 4216; baseline -0.001 -18"><span class='ocrx_word' id='word_1_548' title='bbox 254 4147 353 4198; x_wconf 73' lang='grc' dir='ltr'>καὶ</span> <span class='ocrx_word' id='word_1_549' title='bbox 380 4145 444 4196; x_wconf 79' lang='grc' dir='ltr'>τὸ</span> <span class='ocrx_word' id='word_1_550' title='bbox 469 4147 654 4214; x_wconf 82' lang='grc' dir='ltr'>τεῖχος</span> <span class='ocrx_word' id='word_1_551' title='bbox 696 4144 1052 4216; x_wconf 82' lang='grc' dir='ltr'>Ἰερουσαλὴμ</span> <span class='ocrx_word' id='word_1_552' title='bbox 1078 4147 1136 4198; x_wconf 89' lang='grc' dir='ltr'><strong>ἐν</strong></span> <span class='ocrx_word' id='word_1_553' title='bbox 1175 4145 1316 4199; x_wconf 75' lang='grc' dir='ltr'>ἑπτὰ</span> <span class='ocrx_word' id='word_1_554' title='bbox 1348 4147 1544 4198; x_wconf 83' lang='grc' dir='ltr'>ἐτεσιν.</span> <span class='ocrx_word' id='word_1_555' title='bbox 1576 4139 1760 4198; x_wconf 86' lang='grc' dir='ltr'>Ἦσαν</span> <span class='ocrx_word' id='word_1_556' title='bbox 1787 4143 1846 4196; x_wconf 87' lang='grc' dir='ltr'><strong>δέ</strong></span> 
     </span>
    </p>
   </div>
   <div class='ocr_carea' id='block_1_73' title="bbox 253 4233 1843 4306">
    <p class='ocr_par' dir='ltr' id='par_1_73' title="bbox 253 4233 1843 4306">
     <span class='ocr_line' id='line_1_73' title="bbox 253 4233 1843 4306; baseline -0.002 -17"><span class='ocrx_word' id='word_1_557' title='bbox 253 4234 414 4304; x_wconf 79' lang='grc' dir='ltr'>αὐτῷ</span> <span class='ocrx_word' id='word_1_558' title='bbox 446 4235 556 4287; x_wconf 82' lang='grc' dir='ltr'><strong>ἀπὸ</strong></span> <span class='ocrx_word' id='word_1_559' title='bbox 580 4235 688 4287; x_wconf 87' lang='grc' dir='ltr'><strong>τῶν</strong></span> <span class='ocrx_word' id='word_1_560' title='bbox 720 4235 1073 4306; x_wconf 86' lang='grc' dir='ltr'>προσηλύτων</span> <span class='ocrx_word' id='word_1_561' title='bbox 1095 4234 1342 4306; x_wconf 72' lang='grc' dir='ltr'>αἴροντες</span> <span class='ocrx_word' id='word_1_562' title='bbox 1375 4235 1474 4306; x_wconf 82' lang='grc' dir='ltr'>μὲν</span> <span class='ocrx_word' id='word_1_563' title='bbox 1494 4234 1653 4305; x_wconf 78' lang='grc' dir='ltr'>ἄρσιν</span> <span class='ocrx_word' id='word_1_564' title='bbox 1693 4233 1843 4286; x_wconf 77' lang='grc' dir='ltr'>ἐϐδο-</span> 
     </span>
    </p>
   </div>
   <div class='ocr_carea' id='block_1_74' title="bbox 256 4325 1846 4398">
    <p class='ocr_par' dir='ltr' id='par_1_74' title="bbox 256 4325 1846 4398">
     <span class='ocr_line' id='line_1_74' title="bbox 256 4325 1846 4398; baseline 0 -19"><span class='ocrx_word' id='word_1_565' title='bbox 256 4330 511 4397; x_wconf 72' lang='grc' dir='ltr'>μήκοντα</span> <span class='ocrx_word' id='word_1_566' title='bbox 541 4325 777 4396; x_wconf 87' lang='grc' dir='ltr'>χιλιάδες</span> <span class='ocrx_word' id='word_1_567' title='bbox 805 4343 819 4358; x_wconf 76' lang='grc' dir='ltr'><strong><em>ο</em></strong></span> <span class='ocrx_word' id='word_1_568' title='bbox 852 4327 1078 4396; x_wconf 90' lang='grc' dir='ltr'>λατόμοι</span> <span class='ocrx_word' id='word_1_569' title='bbox 1101 4326 1158 4378; x_wconf 88' lang='grc' dir='ltr'><strong>δέ</strong></span> <span class='ocrx_word' id='word_1_570' title='bbox 1179 4326 1342 4380; x_wconf 89' lang='grc' dir='ltr'>πάλιν</span> <span class='ocrx_word' id='word_1_571' title='bbox 1371 4325 1479 4379; x_wconf 80' lang='grc' dir='ltr'><strong>ἀπὸ</strong></span> <span class='ocrx_word' id='word_1_572' title='bbox 1510 4325 1618 4378; x_wconf 89' lang='grc' dir='ltr'><strong>τῶν</strong></span> <span class='ocrx_word' id='word_1_573' title='bbox 1641 4343 1846 4398; x_wconf 86' lang='grc' dir='ltr'>προση-</span> 
     </span>
    </p>
   </div>
   <div class='ocr_carea' id='block_1_75' title="bbox 254 4417 1845 4490">
    <p class='ocr_par' dir='ltr' id='par_1_75' title="bbox 254 4417 1845 4490">
     <span class='ocr_line' id='line_1_75' title="bbox 254 4417 1845 4490; baseline -0.003 -16"><span class='ocrx_word' id='word_1_574' title='bbox 254 4421 437 4474; x_wconf 89' lang='grc' dir='ltr'>λύτων</span> <span class='ocrx_word' id='word_1_575' title='bbox 475 4420 731 4490; x_wconf 83' lang='grc' dir='ltr'>μυριάδες</span> <span class='ocrx_word' id='word_1_576' title='bbox 759 4418 924 4472; x_wconf 79' lang='grc' dir='ltr'>ὀκτώ.</span> <span class='ocrx_word' id='word_1_577' title='bbox 958 4417 1416 4482; x_wconf 81' lang='grc' dir='ltr'>Ἐπιστατοῢντας</span> <span class='ocrx_word' id='word_1_578' title='bbox 1448 4419 1505 4471; x_wconf 84' lang='grc' dir='ltr'><strong>δέ</strong></span> <span class='ocrx_word' id='word_1_579' title='bbox 1528 4421 1641 4482; x_wconf 87' lang='grc' dir='ltr'>τοῖς</span> <span class='ocrx_word' id='word_1_580' title='bbox 1663 4419 1845 4490; x_wconf 75' lang='grc' dir='ltr'>ἔργοις</span> 
     </span>
    </p>
   </div>
   <div class='ocr_carea' id='block_1_76' title="bbox 253 4509 1843 4583">
    <p class='ocr_par' dir='ltr' id='par_1_76' title="bbox 253 4509 1843 4583">
     <span class='ocr_line' id='line_1_76' title="bbox 253 4509 1843 4583; baseline -0.001 -18"><span class='ocrx_word' id='word_1_581' title='bbox 253 4509 375 4583; x_wconf 73' lang='grc' dir='ltr'>εἶχε</span> <span class='ocrx_word' id='word_1_582' title='bbox 397 4511 729 4583; x_wconf 86' lang='grc' dir='ltr'>τρισχιλίους</span> <span class='ocrx_word' id='word_1_583' title='bbox 761 4511 872 4581; x_wconf 87' lang='grc'><strong>(10)</strong></span> <span class='ocrx_word' id='word_1_584' title='bbox 917 4512 1110 4564; x_wconf 84' lang='grc' dir='ltr'>εῐκοσι.</span> <span class='ocrx_word' id='word_1_585' title='bbox 1147 4511 1259 4563; x_wconf 77' lang='grc' dir='ltr'><strong>Καὶ</strong></span> <span class='ocrx_word' id='word_1_586' title='bbox 1286 4513 1367 4573; x_wconf 86' lang='grc' dir='ltr'><strong>είς</strong></span> <span class='ocrx_word' id='word_1_587' title='bbox 1393 4511 1491 4581; x_wconf 87' lang='grc' dir='ltr'>μὲν</span> <span class='ocrx_word' id='word_1_588' title='bbox 1508 4511 1607 4580; x_wconf 85' lang='grc' dir='ltr'>τὴν</span> <span class='ocrx_word' id='word_1_589' title='bbox 1639 4509 1843 4582; x_wconf 82' lang='grc' dir='ltr'>τροφὴν</span> 
     </span>
    </p>
   </div>
   <div class='ocr_carea' id='block_1_77' title="bbox 251 4597 1844 4674">
    <p class='ocr_par' dir='ltr' id='par_1_77' title="bbox 251 4597 1844 4674">
     <span class='ocr_line' id='line_1_77' title="bbox 251 4597 1844 4674; baseline -0.003 -16"><span class='ocrx_word' id='word_1_590' title='bbox 251 4603 443 4658; x_wconf 76' lang='grc' dir='ltr'>αὐτῶν</span> <span class='ocrx_word' id='word_1_591' title='bbox 483 4603 582 4656; x_wconf 73' lang='grc' dir='ltr'>καὶ</span> <span class='ocrx_word' id='word_1_592' title='bbox 631 4602 699 4655; x_wconf 79' lang='grc' dir='ltr'><strong>τὰ</strong></span> <span class='ocrx_word' id='word_1_593' title='bbox 741 4602 930 4656; x_wconf 84' lang='grc' dir='ltr'>δέοντα</span> <span class='ocrx_word' id='word_1_594' title='bbox 966 4600 1177 4654; x_wconf 85' lang='grc' dir='ltr'>δώδεκα</span> <span class='ocrx_word' id='word_1_595' title='bbox 1208 4597 1351 4673; x_wconf 85' lang='grc' dir='ltr'>ἦσαν</span> <span class='ocrx_word' id='word_1_596' title='bbox 1399 4602 1447 4654; x_wconf 81' lang='grc' dir='ltr'>οἱ</span> <span class='ocrx_word' id='word_1_597' title='bbox 1479 4601 1844 4674; x_wconf 82' lang='grc' dir='ltr'>χορηγοῦντες</span> 
     </span>
    </p>
   </div>
   <div class='ocr_carea' id='block_1_78' title="bbox 247 4691 1847 4766">
    <p class='ocr_par' dir='ltr' id='par_1_78' title="bbox 247 4691 1847 4766">
     <span class='ocr_line' id='line_1_78' title="bbox 247 4691 1847 4766; baseline -0.001 -16"><span class='ocrx_word' id='word_1_598' title='bbox 247 4700 492 4751; x_wconf 78' lang='grc' dir='ltr'>ἕκαστον</span> <span class='ocrx_word' id='word_1_599' title='bbox 530 4696 696 4766; x_wconf 81' lang='grc' dir='ltr'>μῆνα.</span> <span class='ocrx_word' id='word_1_600' title='bbox 728 4696 840 4748; x_wconf 80' lang='lat' dir='ltr'><strong>Kal.</strong></span> <span class='ocrx_word' id='word_1_601' title='bbox 883 4691 954 4766; x_wconf 79' lang='grc' dir='ltr'>ἧν</span> <span class='ocrx_word' id='word_1_602' title='bbox 997 4695 1058 4747; x_wconf 83' lang='grc' dir='ltr'>τὸ</span> <span class='ocrx_word' id='word_1_603' title='bbox 1087 4694 1208 4748; x_wconf 81' lang='grc' dir='ltr'>καθ’</span> <span class='ocrx_word' id='word_1_604' title='bbox 1227 4693 1440 4765; x_wconf 84' lang='grc' dir='ltr'>ἡμέραν</span> <span class='ocrx_word' id='word_1_605' title='bbox 1479 4694 1659 4747; x_wconf 85' lang='grc' dir='ltr'>αὐτῶν</span> <span class='ocrx_word' id='word_1_606' title='bbox 1687 4695 1847 4748; x_wconf 83' lang='grc' dir='ltr'>τοῦτο</span> 
     </span>
    </p>
   </div>
   <div class='ocr_carea' id='block_1_79' title="bbox 247 4784 1848 4858">
    <p class='ocr_par' dir='ltr' id='par_1_79' title="bbox 247 4784 1848 4858">
     <span class='ocr_line' id='line_1_79' title="bbox 247 4784 1848 4858; baseline -0.002 -16"><span class='ocrx_word' id='word_1_607' title='bbox 247 4788 295 4842; x_wconf 83' lang='grc' dir='ltr'>λ’</span> <span class='ocrx_word' id='word_1_608' title='bbox 335 4788 495 4858; x_wconf 85' lang='grc' dir='ltr'>κόροι</span> <span class='ocrx_word' id='word_1_609' title='bbox 533 4786 890 4858; x_wconf 77' lang='grc' dir='ltr'>σεμιδάλεως,</span> <span class='ocrx_word' id='word_1_610' title='bbox 956 4784 1003 4853; x_wconf 78' lang='grc' dir='ltr'><strong>ξ’</strong></span> <span class='ocrx_word' id='word_1_611' title='bbox 1037 4785 1188 4856; x_wconf 86' lang='grc' dir='ltr'>κόροι</span> <span class='ocrx_word' id='word_1_612' title='bbox 1235 4784 1466 4856; x_wconf 82' lang='grc' dir='ltr'>ἀλεύρου</span> <span class='ocrx_word' id='word_1_613' title='bbox 1519 4803 1848 4839; x_wconf 76' lang='grc' dir='ltr'>κεκουπανιι·</span> 
     </span>
    </p>
   </div>
   <div class='ocr_carea' id='block_1_80' title="bbox 250 4876 1844 4951">
    <p class='ocr_par' dir='ltr' id='par_1_80' title="bbox 250 4876 1844 4951">
     <span class='ocr_line' id='line_1_80' title="bbox 250 4876 1844 4951; baseline -0.002 -17"><span class='ocrx_word' id='word_1_614' title='bbox 250 4882 485 4951; x_wconf 82' lang='grc' dir='ltr'>σμένου,</span> <span class='ocrx_word' id='word_1_615' title='bbox 526 4879 713 4948; x_wconf 77' lang='grc' dir='ltr'>μόσχοι</span> <span class='ocrx_word' id='word_1_616' title='bbox 760 4877 1007 4931; x_wconf 81' lang='grc' dir='ltr'>ἐκλεκτοὶ</span> <span class='ocrx_word' id='word_1_617' title='bbox 1054 4877 1221 4941; x_wconf 86' lang='grc' dir='ltr'>δέκα,</span> <span class='ocrx_word' id='word_1_618' title='bbox 1257 4876 1378 4946; x_wconf 87' lang='grc' dir='ltr'>βόες</span> <span class='ocrx_word' id='word_1_619' title='bbox 1407 4877 1464 4930; x_wconf 81' lang='grc' dir='ltr'>δὲ</span> <span class='ocrx_word' id='word_1_620' title='bbox 1497 4877 1727 4948; x_wconf 85' lang='grc' dir='ltr'>νομάδες</span> <span class='ocrx_word' id='word_1_621' title='bbox 1765 4880 1844 4931; x_wconf 80' lang='grc' dir='ltr'>εί-</span> 
     </span>
    </p>
   </div>
   <div class='ocr_carea' id='block_1_81' title="bbox 247 4968 1845 5040">
    <p class='ocr_par' dir='ltr' id='par_1_81' title="bbox 247 4968 1845 5040">
     <span class='ocr_line' id='line_1_81' title="bbox 247 4968 1845 5040; baseline -0.002 -15"><span class='ocrx_word' id='word_1_622' title='bbox 247 4990 401 5033; x_wconf 85' lang='grc' dir='ltr'>κοσι,</span> <span class='ocrx_word' id='word_1_623' title='bbox 445 4969 694 5040; x_wconf 79' lang='grc' dir='ltr'>πρόϐατα</span> <span class='ocrx_word' id='word_1_624' title='bbox 729 4976 794 5040; x_wconf 82' lang='grc' dir='ltr'>ρ’,</span> <span class='ocrx_word' id='word_1_625' title='bbox 824 4969 980 5032; x_wconf 82' lang='grc' dir='ltr'>ἐκτὸς</span> <span class='ocrx_word' id='word_1_626' title='bbox 1029 4968 1245 5036; x_wconf 77' lang='grc' dir='ltr'>ἐλάφων</span> <span class='ocrx_word' id='word_1_627' title='bbox 1289 4969 1383 5021; x_wconf 71' lang='grc' dir='ltr'>καὶ</span> <span class='ocrx_word' id='word_1_628' title='bbox 1418 4969 1714 5040; x_wconf 88' lang='grc' dir='ltr'>δορκάδων,</span> <span class='ocrx_word' id='word_1_629' title='bbox 1749 4970 1845 5024; x_wconf 75' lang='grc' dir='ltr'>καὶ</span> 
     </span>
    </p>
   </div>
   <div class='ocr_carea' id='block_1_82' title="bbox 247 5058 1844 5137">
    <p class='ocr_par' dir='ltr' id='par_1_82' title="bbox 247 5058 1844 5137">
     <span class='ocr_line' id='line_1_82' title="bbox 247 5058 1844 5137; baseline -0.003 -19"><span class='ocrx_word' id='word_1_630' title='bbox 247 5063 491 5137; x_wconf 83' lang='grc' dir='ltr'>ὀρνίθων</span> <span class='ocrx_word' id='word_1_631' title='bbox 517 5062 789 5115; x_wconf 84' lang='grc' dir='ltr'>ἐκλεκτῶν</span> <span class='ocrx_word' id='word_1_632' title='bbox 820 5060 1098 5114; x_wconf 81' lang='grc' dir='ltr'>σιτευτῶν.</span> <span class='ocrx_word' id='word_1_633' title='bbox 1135 5059 1364 5130; x_wconf 84' lang='grc' dir='ltr'>Ἀγέλην</span> <span class='ocrx_word' id='word_1_634' title='bbox 1388 5060 1443 5112; x_wconf 90' lang='grc' dir='ltr'><strong>δέ</strong></span> <span class='ocrx_word' id='word_1_635' title='bbox 1474 5058 1585 5130; x_wconf 83' lang='grc' dir='ltr'>εἶχε</span> <span class='ocrx_word' id='word_1_636' title='bbox 1616 5060 1844 5132; x_wconf 88' lang='grc' dir='ltr'>θηλειῶν</span> 
     </span>
    </p>
   </div>
   <div class='ocr_carea' id='block_1_83' title="bbox 251 5149 1843 5227">
    <p class='ocr_par' dir='ltr' id='par_1_83' title="bbox 251 5149 1843 5227">
     <span class='ocr_line' id='line_1_83' title="bbox 251 5149 1843 5227; baseline -0.002 -20"><span class='ocrx_word' id='word_1_637' title='bbox 251 5157 362 5227; x_wconf 76' lang='grc' dir='ltr'>μὲν</span> <span class='ocrx_word' id='word_1_638' title='bbox 402 5154 590 5207; x_wconf 83' lang='grc' dir='ltr'>ἵππων</span> <span class='ocrx_word' id='word_1_639' title='bbox 642 5152 885 5205; x_wconf 88' lang='grc' dir='ltr'>τοκάδων</span> <span class='ocrx_word' id='word_1_640' title='bbox 922 5149 1188 5221; x_wconf 83' lang='grc' dir='ltr'>μυριάδας</span> <span class='ocrx_word' id='word_1_641' title='bbox 1242 5149 1534 5220; x_wconf 87' lang='grc' dir='ltr'>τέσσαρας,</span> <span class='ocrx_word' id='word_1_642' title='bbox 1567 5149 1748 5204; x_wconf 84' lang='grc' dir='ltr'>ἵππων</span> <span class='ocrx_word' id='word_1_643' title='bbox 1786 5151 1843 5204; x_wconf 84' lang='grc' dir='ltr'>δὲ</span> 
     </span>
    </p>
   </div>
   <div class='ocr_carea' id='block_1_84' title="bbox 249 5237 1844 5316">
    <p class='ocr_par' dir='ltr' id='par_1_84' title="bbox 249 5237 1844 5316">
     <span class='ocr_line' id='line_1_84' title="bbox 249 5237 1844 5316; baseline -0.002 -17"><span class='ocrx_word' id='word_1_644' title='bbox 249 5249 336 5310; x_wconf 83' lang='grc' dir='ltr'><strong>είς</strong></span> <span class='ocrx_word' id='word_1_645' title='bbox 374 5247 599 5316; x_wconf 78' lang='grc' dir='ltr'>ἅρματα</span> <span class='ocrx_word' id='word_1_646' title='bbox 631 5243 870 5313; x_wconf 84' lang='grc' dir='ltr'>χιλιάδας</span> <span class='ocrx_word' id='word_1_647' title='bbox 907 5241 994 5312; x_wconf 85' lang='grc' dir='ltr'>ιβ’.</span> <span class='ocrx_word' id='word_1_648' title='bbox 1031 5240 1268 5294; x_wconf 78' lang='grc' dir='ltr'>Πλοῦτον</span> <span class='ocrx_word' id='word_1_649' title='bbox 1311 5241 1368 5293; x_wconf 85' lang='grc' dir='ltr'>δὲ</span> <span class='ocrx_word' id='word_1_650' title='bbox 1407 5237 1518 5312; x_wconf 81' lang='grc' dir='ltr'>εἶχε</span> <span class='ocrx_word' id='word_1_651' title='bbox 1557 5241 1754 5294; x_wconf 73' lang='grc' dir='ltr'>πολύν*</span> <span class='ocrx_word' id='word_1_652' title='bbox 1784 5245 1844 5296; x_wconf 85' lang='grc' dir='ltr'><strong>ἐν</strong></span> 
     </span>
    </p>
   </div>
   <div class='ocr_carea' id='block_1_85' title="bbox 248 5333 1842 5408">
    <p class='ocr_par' dir='ltr' id='par_1_85' title="bbox 248 5333 1842 5408">
     <span class='ocr_line' id='line_1_85' title="bbox 248 5333 1842 5408; baseline -0.001 -18"><span class='ocrx_word' id='word_1_653' title='bbox 248 5339 365 5408; x_wconf 73' lang='grc' dir='ltr'><strong>γὰρ</strong></span> <span class='ocrx_word' id='word_1_654' title='bbox 396 5338 479 5406; x_wconf 85' lang='grc' dir='ltr'>τῷ</span> <span class='ocrx_word' id='word_1_655' title='bbox 511 5337 593 5388; x_wconf 73' lang='grc' dir='ltr'>ἐνὶ</span> <span class='ocrx_word' id='word_1_656' title='bbox 644 5335 873 5407; x_wconf 80' lang='grc' dir='ltr'>ἐνιαυτῷ</span> <span class='ocrx_word' id='word_1_657' title='bbox 901 5335 996 5388; x_wconf 78' lang='grc' dir='ltr'>τοῦ</span> <span class='ocrx_word' id='word_1_658' title='bbox 1041 5333 1397 5405; x_wconf 84' lang='grc' dir='ltr'>κομισθέντος</span> <span class='ocrx_word' id='word_1_659' title='bbox 1430 5334 1578 5405; x_wconf 83' lang='grc' dir='ltr'>αὐτῴ</span> <span class='ocrx_word' id='word_1_660' title='bbox 1617 5335 1842 5406; x_wconf 87' lang='grc' dir='ltr'>χρυσίου</span> 
     </span>
    </p>
   </div>
   <div class='ocr_carea' id='block_1_86' title="bbox 247 5423 1842 5498">
    <p class='ocr_par' dir='ltr' id='par_1_86' title="bbox 247 5423 1842 5498">
     <span class='ocr_line' id='line_1_86' title="bbox 247 5423 1842 5498; baseline 0 -19"><span class='ocrx_word' id='word_1_661' title='bbox 247 5424 321 5498; x_wconf 72' lang='grc' dir='ltr'>ἦν</span> <span class='ocrx_word' id='word_1_662' title='bbox 353 5429 381 5480; x_wconf 85' lang='lat'><strong>6</strong></span> <span class='ocrx_word' id='word_1_663' title='bbox 414 5426 674 5496; x_wconf 79' lang='grc' dir='ltr'>σταθμὸς,</span> <span class='ocrx_word' id='word_1_664' title='bbox 719 5426 957 5479; x_wconf 87' lang='grc' dir='ltr'>τάλαντα</span> <span class='ocrx_word' id='word_1_665' title='bbox 985 5426 1130 5496; x_wconf 59' lang='grc' dir='ltr'>χξςθ,</span> <span class='ocrx_word' id='word_1_666' title='bbox 1170 5425 1342 5496; x_wconf 75' lang='grc' dir='ltr'>χωρὶς</span> <span class='ocrx_word' id='word_1_667' title='bbox 1388 5423 1496 5476; x_wconf 89' lang='grc' dir='ltr'><strong>τῶν</strong></span> <span class='ocrx_word' id='word_1_668' title='bbox 1524 5426 1704 5496; x_wconf 90' lang='grc' dir='ltr'>φόρων</span> <span class='ocrx_word' id='word_1_669' title='bbox 1733 5425 1842 5479; x_wconf 88' lang='grc' dir='ltr'><strong>τῶν</strong></span> 
     </span>
    </p>
   </div>
   <div class='ocr_carea' id='block_1_87' title="bbox 253 5516 1842 5589">
    <p class='ocr_par' dir='ltr' id='par_1_87' title="bbox 253 5516 1842 5589">
     <span class='ocr_line' id='line_1_87' title="bbox 253 5516 1842 5589; baseline -0.002 -16"><span class='ocrx_word' id='word_1_670' title='bbox 253 5518 736 5588; x_wconf 70' lang='grc' dir='ltr'>ὑποτεταγμένων.</span> <span class='ocrx_word' id='word_1_671' title='bbox 793 5518 904 5572; x_wconf 78' lang='grc' dir='ltr'><strong>Καὶ</strong></span> <span class='ocrx_word' id='word_1_672' title='bbox 936 5520 969 5589; x_wconf 83' lang='grc' dir='ltr'>ἡ</span> <span class='ocrx_word' id='word_1_673' title='bbox 1011 5517 1294 5589; x_wconf 84' lang='grc' dir='ltr'>βασίλισσα</span> <span class='ocrx_word' id='word_1_674' title='bbox 1319 5516 1376 5569; x_wconf 88' lang='grc' dir='ltr'><strong>δέ</strong></span> <span class='ocrx_word' id='word_1_675' title='bbox 1411 5516 1556 5569; x_wconf 76' lang='grc' dir='ltr'>Σαϐὰ</span> <span class='ocrx_word' id='word_1_676' title='bbox 1612 5516 1842 5570; x_wconf 75' lang='grc' dir='ltr'>ἐλθοῦσα</span> 
     </span>
    </p>
   </div>
   <div class='ocr_carea' id='block_1_88' title="bbox 252 5607 1842 5681">
    <p class='ocr_par' dir='ltr' id='par_1_88' title="bbox 252 5607 1842 5681">
     <span class='ocr_line' id='line_1_88' title="bbox 252 5607 1842 5681; baseline 0.001 -20"><span class='ocrx_word' id='word_1_677' title='bbox 252 5611 393 5681; x_wconf 77' lang='grc' dir='ltr'>πρὸς</span> <span class='ocrx_word' id='word_1_678' title='bbox 427 5609 613 5675; x_wconf 77' lang='grc' dir='ltr'>αὐτόν,</span> <span class='ocrx_word' id='word_1_679' title='bbox 641 5609 872 5662; x_wconf 85' lang='grc' dir='ltr'>δέδωκεν</span> <span class='ocrx_word' id='word_1_680' title='bbox 910 5609 1058 5680; x_wconf 78' lang='grc' dir='ltr'>αὐτῷ</span> <span class='ocrx_word' id='word_1_681' title='bbox 1086 5608 1313 5680; x_wconf 84' lang='grc' dir='ltr'>χρυσίου</span> <span class='ocrx_word' id='word_1_682' title='bbox 1350 5607 1586 5679; x_wconf 78' lang='grc' dir='ltr'>τάλαντα</span> <span class='ocrx_word' id='word_1_683' title='bbox 1613 5615 1717 5680; x_wconf 87' lang='grc' dir='ltr'>ρκ’,</span> <span class='ocrx_word' id='word_1_684' title='bbox 1749 5609 1842 5662; x_wconf 75' lang='grc' dir='ltr'>καὶ</span> 
     </span>
    </p>
   </div>
   <div class='ocr_carea' id='block_1_89' title="bbox 330 5721 922 5792">
    <p class='ocr_par' dir='ltr' id='par_1_89' title="bbox 330 5721 922 5792">
     <span class='ocr_line' id='line_1_89' title="bbox 330 5721 922 5792; baseline 0 -16"><span class='ocrx_word' id='word_1_685' title='bbox 330 5723 375 5757; x_wconf 82' lang='grc'><strong><em>⁸³</em></strong></span> <span class='ocrx_word' id='word_1_686' title='bbox 400 5723 445 5776; x_wconf 91' lang='lat' dir='ltr'><strong>ll</strong></span> <span class='ocrx_word' id='word_1_687' title='bbox 477 5721 614 5792; x_wconf 78' lang='lat' dir='ltr'><strong>Reg.</strong></span> <span class='ocrx_word' id='word_1_688' title='bbox 646 5738 806 5785; x_wconf 77' lang='lat' dir='ltr'><strong>nm,</strong></span> <span class='ocrx_word' id='word_1_689' title='bbox 837 5722 922 5776; x_wconf 83' lang='lat' dir='ltr'><strong>l7.</strong></span> 
     </span>
    </p>
   </div>
   <div class='ocr_carea' id='block_1_90' title="bbox 330 5813 925 5887">
    <p class='ocr_par' dir='ltr' id='par_1_90' title="bbox 330 5813 925 5887">
     <span class='ocr_line' id='line_1_90' title="bbox 330 5813 925 5887; baseline 0.007 -20"><span class='ocrx_word' id='word_1_690' title='bbox 330 5814 447 5887; x_wconf 82' lang='grc'><strong>(10)</strong></span> <span class='ocrx_word' id='word_1_691' title='bbox 479 5813 555 5882; x_wconf 85' lang='grc' dir='ltr'>θ’,</span> <span class='ocrx_word' id='word_1_692' title='bbox 594 5815 925 5882; x_wconf 65' lang='grc' dir='ltr'>ἑξακοσίους.</span> 
     </span>
    </p>
   </div>
   <div class='ocr_carea' id='block_1_91' title="bbox 2142 3233 3334 3307">
    <p class='ocr_par' dir='ltr' id='par_1_91' title="bbox 2142 3233 3334 3307">
     <span class='ocr_line' id='line_1_91' title="bbox 2142 3233 3334 3307; baseline -0.007 -16"><span class='ocrx_word' id='word_1_693' title='bbox 2142 3234 2300 3292; x_wconf 76' lang='lat' dir='ltr'><strong>Liber</strong></span> <span class='ocrx_word' id='word_1_694' title='bbox 2331 3235 2402 3302; x_wconf 83' lang='grc' dir='ltr'>Χ,</span> <span class='ocrx_word' id='word_1_695' title='bbox 2442 3233 2736 3307; x_wconf 84' lang='lat' dir='ltr'><strong>Regnorum</strong></span> <span class='ocrx_word' id='word_1_696' title='bbox 2776 3234 2961 3288; x_wconf 80' lang='lat' dir='ltr'><strong>tertius</strong></span> <span class='ocrx_word' id='word_1_697' title='bbox 2998 3247 3060 3284; x_wconf 85' lang='lat' dir='ltr'><strong>ac</strong></span> <span class='ocrx_word' id='word_1_698' title='bbox 3088 3238 3334 3300; x_wconf 81' lang='lat' dir='ltr'><strong>quartus.</strong></span> 
     </span>
    </p>
   </div>
   <div class='ocr_carea' id='block_1_92' title="bbox 2026 3314 3533 3394">
    <p class='ocr_par' dir='ltr' id='par_1_92' title="bbox 2026 3314 3533 3394">
     <span class='ocr_line' id='line_1_92' title="bbox 2026 3314 3533 3394; baseline -0.007 -15"><span class='ocrx_word' id='word_1_699' title='bbox 2026 3324 2118 3380; x_wconf 76' lang='lat'><strong>15.</strong></span> <span class='ocrx_word' id='word_1_700' title='bbox 2159 3325 2218 3379; x_wconf 86' lang='lat' dir='ltr'><strong>In</strong></span> <span class='ocrx_word' id='word_1_701' title='bbox 2253 3326 2418 3380; x_wconf 88' lang='lat' dir='ltr'><strong>tertio</strong></span> <span class='ocrx_word' id='word_1_702' title='bbox 2466 3325 2780 3394; x_wconf 81' lang='lat' dir='ltr'><strong>Regnorum</strong></span> <span class='ocrx_word' id='word_1_703' title='bbox 2824 3322 3172 3377; x_wconf 90' lang='lat' dir='ltr'><strong>continentur</strong></span> <span class='ocrx_word' id='word_1_704' title='bbox 3209 3320 3314 3373; x_wconf 86' lang='lat' dir='ltr'><strong>ista</strong></span> <span class='ocrx_word' id='word_1_705' title='bbox 3347 3336 3358 3371; x_wconf 95' lang='lat'>:</span> <span class='ocrx_word' id='word_1_706' title='bbox 3386 3314 3533 3370; x_wconf 82' lang='lat' dir='ltr'><strong>Ado-</strong></span> 
     </span>
    </p>
   </div>
   <div class='ocr_carea' id='block_1_93' title="bbox 1951 3411 3532 3486">
    <p class='ocr_par' dir='ltr' id='par_1_93' title="bbox 1951 3411 3532 3486">
     <span class='ocr_line' id='line_1_93' title="bbox 1951 3411 3532 3486; baseline -0.007 -15"><span class='ocrx_word' id='word_1_707' title='bbox 1951 3417 2098 3480; x_wconf 88' lang='lat' dir='ltr'><strong>nias,</strong></span> <span class='ocrx_word' id='word_1_708' title='bbox 2125 3417 2281 3472; x_wconf 90' lang='lat' dir='ltr'><strong>senio</strong></span> <span class='ocrx_word' id='word_1_709' title='bbox 2308 3417 2422 3485; x_wconf 89' lang='lat' dir='ltr'><strong>jam</strong></span> <span class='ocrx_word' id='word_1_710' title='bbox 2459 3424 2682 3486; x_wconf 87' lang='lat' dir='ltr'><strong>gravato</strong></span> <span class='ocrx_word' id='word_1_711' title='bbox 2729 3413 2932 3468; x_wconf 90' lang='lat' dir='ltr'><strong>Davide</strong></span> <span class='ocrx_word' id='word_1_712' title='bbox 2957 3420 3136 3484; x_wconf 86' lang='lat' dir='ltr'><strong>patre,</strong></span> <span class='ocrx_word' id='word_1_713' title='bbox 3170 3411 3413 3479; x_wconf 88' lang='lat' dir='ltr'><strong>seipsum</strong></span> <span class='ocrx_word' id='word_1_714' title='bbox 3433 3423 3532 3462; x_wconf 75' lang='lat' dir='ltr'><strong>ex-</strong></span> 
     </span>
    </p>
   </div>
   <div class='ocr_carea' id='block_1_94' title="bbox 1952 3504 3528 3576">
    <p class='ocr_par' dir='ltr' id='par_1_94' title="bbox 1952 3504 3528 3576">
     <span class='ocr_line' id='line_1_94' title="bbox 1952 3504 3528 3576; baseline -0.003 -14"><span class='ocrx_word' id='word_1_715' title='bbox 1952 3509 2117 3574; x_wconf 88' lang='lat' dir='ltr'><strong>tollit,</strong></span> <span class='ocrx_word' id='word_1_716' title='bbox 2150 3515 2204 3562; x_wconf 92' lang='lat' dir='ltr'><strong>et</strong></span> <span class='ocrx_word' id='word_1_717' title='bbox 2227 3507 2346 3562; x_wconf 90' lang='lat' dir='ltr'><strong>sine</strong></span> <span class='ocrx_word' id='word_1_718' title='bbox 2377 3508 2550 3576; x_wconf 88' lang='lat' dir='ltr'><strong>patris</strong></span> <span class='ocrx_word' id='word_1_719' title='bbox 2582 3507 2923 3561; x_wconf 87' lang='lat' dir='ltr'><strong>conscientia</strong></span> <span class='ocrx_word' id='word_1_720' title='bbox 2962 3521 3143 3575; x_wconf 86' lang='lat' dir='ltr'><strong>regem</strong></span> <span class='ocrx_word' id='word_1_721' title='bbox 3172 3521 3232 3559; x_wconf 91' lang='lat' dir='ltr'><strong>se</strong></span> <span class='ocrx_word' id='word_1_722' title='bbox 3263 3504 3528 3558; x_wconf 87' lang='lat' dir='ltr'><strong>declarat.</strong></span> 
     </span>
    </p>
   </div>
   <div class='ocr_carea' id='block_1_95' title="bbox 1950 3596 3532 3669">
    <p class='ocr_par' dir='ltr' id='par_1_95' title="bbox 1950 3596 3532 3669">
     <span class='ocr_line' id='line_1_95' title="bbox 1950 3596 3532 3669; baseline -0.003 -17"><span class='ocrx_word' id='word_1_723' title='bbox 1950 3598 2074 3665; x_wconf 75' lang='lat' dir='ltr'><strong>Quo</strong></span> <span class='ocrx_word' id='word_1_724' title='bbox 2104 3599 2325 3669; x_wconf 89' lang='lat' dir='ltr'><strong>cognito</strong></span> <span class='ocrx_word' id='word_1_725' title='bbox 2365 3597 2558 3663; x_wconf 87' lang='lat' dir='ltr'><strong>David,</strong></span> <span class='ocrx_word' id='word_1_726' title='bbox 2624 3599 2794 3651; x_wconf 90' lang='lat' dir='ltr'><strong>mittit</strong></span> <span class='ocrx_word' id='word_1_727' title='bbox 2859 3596 3072 3651; x_wconf 84' lang='lat' dir='ltr'><strong>Nathan</strong></span> <span class='ocrx_word' id='word_1_728' title='bbox 3113 3596 3431 3666; x_wconf 87' lang='lat' dir='ltr'><strong>prophetam</strong></span> <span class='ocrx_word' id='word_1_729' title='bbox 3477 3603 3532 3648; x_wconf 92' lang='lat' dir='ltr'><strong>et</strong></span> 
     </span>
    </p>
   </div>
   <div class='ocr_carea' id='block_1_96' title="bbox 1955 3687 3530 3756">
    <p class='ocr_par' dir='ltr' id='par_1_96' title="bbox 1955 3687 3530 3756">
     <span class='ocr_line' id='line_1_96' title="bbox 1955 3687 3530 3756; baseline -0.004 -10"><span class='ocrx_word' id='word_1_730' title='bbox 1955 3691 2169 3746; x_wconf 89' lang='lat' dir='ltr'><strong>Sadoch</strong></span> <span class='ocrx_word' id='word_1_731' title='bbox 2197 3690 2561 3755; x_wconf 89' lang='lat' dir='ltr'><strong>sacerdotem,</strong></span> <span class='ocrx_word' id='word_1_732' title='bbox 2595 3704 2659 3743; x_wconf 92' lang='lat' dir='ltr'><strong>ac</strong></span> <span class='ocrx_word' id='word_1_733' title='bbox 2707 3689 2943 3744; x_wconf 91' lang='lat' dir='ltr'><strong>Baneam</strong></span> <span class='ocrx_word' id='word_1_734' title='bbox 2971 3688 3140 3742; x_wconf 81' lang='lat' dir='ltr'><strong>filium</strong></span> <span class='ocrx_word' id='word_1_735' title='bbox 3162 3687 3312 3742; x_wconf 71' lang='lat' dir='ltr'><strong>Joda:</strong></span> <span class='ocrx_word' id='word_1_736' title='bbox 3347 3705 3362 3740; x_wconf 75' lang='grc' dir='ltr'><strong><em>τ</em></strong></span> <span class='ocrx_word' id='word_1_737' title='bbox 3399 3701 3530 3756; x_wconf 67' lang='lat' dir='ltr'><strong>prae-</strong></span> 
     </span>
    </p>
   </div>
   <div class='ocr_carea' id='block_1_97' title="bbox 1951 3779 3561 3854">
    <p class='ocr_par' dir='ltr' id='par_1_97' title="bbox 1951 3779 3561 3854">
     <span class='ocr_line' id='line_1_97' title="bbox 1951 3779 3561 3854; baseline -0.004 -16"><span class='ocrx_word' id='word_1_738' title='bbox 1951 3784 2192 3854; x_wconf 89' lang='lat' dir='ltr'><strong>cipitque</strong></span> <span class='ocrx_word' id='word_1_739' title='bbox 2214 3785 2318 3851; x_wconf 87' lang='lat' dir='ltr'><strong>eis,</strong></span> <span class='ocrx_word' id='word_1_740' title='bbox 2354 3791 2412 3837; x_wconf 94' lang='lat' dir='ltr'><strong>ut</strong></span> <span class='ocrx_word' id='word_1_741' title='bbox 2437 3782 2788 3838; x_wconf 90' lang='lat' dir='ltr'><strong>Salomonem</strong></span> <span class='ocrx_word' id='word_1_742' title='bbox 2821 3789 3031 3852; x_wconf 90' lang='lat' dir='ltr'><strong>ungant</strong></span> <span class='ocrx_word' id='word_1_743' title='bbox 3064 3782 3120 3835; x_wconf 93' lang='lat' dir='ltr'><strong>in</strong></span> <span class='ocrx_word' id='word_1_744' title='bbox 3149 3797 3352 3850; x_wconf 88' lang='lat' dir='ltr'><strong>regem,</strong></span> <span class='ocrx_word' id='word_1_745' title='bbox 3380 3779 3529 3849; x_wconf 87' lang='lat' dir='ltr'><strong>quod</strong></span> <span class='ocrx_word' id='word_1_746' title='bbox 3558 3803 3561 3806; x_wconf 85' lang='lat'><strong><em>-</em></strong></span> 
     </span>
    </p>
   </div>
   <div class='ocr_carea' id='block_1_98' title="bbox 1948 3871 3530 3940">
    <p class='ocr_par' dir='ltr' id='par_1_98' title="bbox 1948 3871 3530 3940">
     <span class='ocr_line' id='line_1_98' title="bbox 1948 3871 3530 3940; baseline -0.004 -9"><span class='ocrx_word' id='word_1_747' title='bbox 1948 3885 2002 3931; x_wconf 85' lang='lat' dir='ltr'><strong>et</strong></span> <span class='ocrx_word' id='word_1_748' title='bbox 2030 3874 2264 3939; x_wconf 84' lang='lat' dir='ltr'><strong>faciunt,</strong></span> <span class='ocrx_word' id='word_1_749' title='bbox 2293 3874 2473 3929; x_wconf 90' lang='lat' dir='ltr'><strong>adhuc</strong></span> <span class='ocrx_word' id='word_1_750' title='bbox 2518 3873 2736 3927; x_wconf 89' lang='lat' dir='ltr'><strong>vivente</strong></span> <span class='ocrx_word' id='word_1_751' title='bbox 2784 3871 3007 3928; x_wconf 89' lang='lat' dir='ltr'><strong>Davide.</strong></span> <span class='ocrx_word' id='word_1_752' title='bbox 3069 3872 3294 3926; x_wconf 63' lang='lat' dir='ltr'><strong>Adonim</strong></span> <span class='ocrx_word' id='word_1_753' title='bbox 3346 3871 3530 3940; x_wconf 88' lang='lat' dir='ltr'><strong>itaque</strong></span> 
     </span>
    </p>
   </div>
   <div class='ocr_carea' id='block_1_99' title="bbox 1949 3961 3527 4035">
    <p class='ocr_par' dir='ltr' id='par_1_99' title="bbox 1949 3961 3527 4035">
     <span class='ocr_line' id='line_1_99' title="bbox 1949 3961 3527 4035; baseline -0.004 -15"><span class='ocrx_word' id='word_1_754' title='bbox 1949 3981 2040 4022; x_wconf 90' lang='lat' dir='ltr'><strong>res</strong></span> <span class='ocrx_word' id='word_1_755' title='bbox 2072 3965 2362 4021; x_wconf 83' lang='lat' dir='ltr'><strong>confestim</strong></span> <span class='ocrx_word' id='word_1_756' title='bbox 2397 3965 2846 4035; x_wconf 87' lang='lat' dir='ltr'><strong>pessumdantur.</strong></span> <span class='ocrx_word' id='word_1_757' title='bbox 2898 3961 3159 4018; x_wconf 88' lang='lat' dir='ltr'><strong>Salomon</strong></span> <span class='ocrx_word' id='word_1_758' title='bbox 3209 3979 3361 4027; x_wconf 86' lang='lat' dir='ltr'><strong>vero,</strong></span> <span class='ocrx_word' id='word_1_759' title='bbox 3402 3977 3527 4016; x_wconf 88' lang='lat' dir='ltr'><strong>cum</strong></span> 
     </span>
    </p>
   </div>
   <div class='ocr_carea' id='block_1_100' title="bbox 1947 4053 3530 4125">
    <p class='ocr_par' dir='ltr' id='par_1_100' title="bbox 1947 4053 3530 4125">
     <span class='ocr_line' id='line_1_100' title="bbox 1947 4053 3530 4125; baseline -0.004 -12"><span class='ocrx_word' id='word_1_760' title='bbox 1947 4057 2312 4113; x_wconf 85' lang='lat' dir='ltr'><strong>successisset</strong></span> <span class='ocrx_word' id='word_1_761' title='bbox 2333 4057 2497 4125; x_wconf 87' lang='lat' dir='ltr'><strong>patri,</strong></span> <span class='ocrx_word' id='word_1_762' title='bbox 2524 4055 2811 4124; x_wconf 88' lang='lat' dir='ltr'><strong>septennio</strong></span> <span class='ocrx_word' id='word_1_763' title='bbox 2833 4053 3052 4108; x_wconf 92' lang='lat' dir='ltr'><strong>domum</strong></span> <span class='ocrx_word' id='word_1_764' title='bbox 3079 4055 3313 4118; x_wconf 92' lang='lat' dir='ltr'><strong>Domini,</strong></span> <span class='ocrx_word' id='word_1_765' title='bbox 3332 4061 3387 4109; x_wconf 90' lang='lat' dir='ltr'><strong>et</strong></span> <span class='ocrx_word' id='word_1_766' title='bbox 3415 4070 3530 4107; x_wconf 83' lang='lat' dir='ltr'><strong>mu-</strong></span> 
     </span>
    </p>
   </div>
   <div class='ocr_carea' id='block_1_101' title="bbox 1946 4146 3527 4217">
    <p class='ocr_par' dir='ltr' id='par_1_101' title="bbox 1946 4146 3527 4217">
     <span class='ocr_line' id='line_1_101' title="bbox 1946 4146 3527 4217; baseline -0.003 -12"><span class='ocrx_word' id='word_1_767' title='bbox 1946 4166 2040 4205; x_wconf 88' lang='lat' dir='ltr'><strong>ros</strong></span> <span class='ocrx_word' id='word_1_768' title='bbox 2072 4147 2377 4204; x_wconf 82' lang='lat' dir='ltr'><strong>Jerusalem</strong></span> <span class='ocrx_word' id='word_1_769' title='bbox 2409 4146 2721 4204; x_wconf 60' lang='lat' dir='ltr'><strong>aedificavit.</strong></span> <span class='ocrx_word' id='word_1_770' title='bbox 2757 4148 2927 4202; x_wconf 88' lang='lat' dir='ltr'><strong>Erant</strong></span> <span class='ocrx_word' id='word_1_771' title='bbox 2959 4155 3142 4202; x_wconf 90' lang='lat' dir='ltr'><strong>autem</strong></span> <span class='ocrx_word' id='word_1_772' title='bbox 3189 4148 3266 4201; x_wconf 91' lang='lat' dir='ltr'><strong>illi</strong></span> <span class='ocrx_word' id='word_1_773' title='bbox 3302 4155 3527 4217; x_wconf 84' lang='lat' dir='ltr'><strong>septua-</strong></span> 
     </span>
    </p>
   </div>
   <div class='ocr_carea' id='block_1_102' title="bbox 1946 4237 3526 4308">
    <p class='ocr_par' dir='ltr' id='par_1_102' title="bbox 1946 4237 3526 4308">
     <span class='ocr_line' id='line_1_102' title="bbox 1946 4237 3526 4308; baseline -0.001 -17"><span class='ocrx_word' id='word_1_774' title='bbox 1946 4239 2098 4308; x_wconf 85' lang='lat' dir='ltr'><strong>ginta</strong></span> <span class='ocrx_word' id='word_1_775' title='bbox 2127 4238 2300 4292; x_wconf 90' lang='lat' dir='ltr'><strong>millia</strong></span> <span class='ocrx_word' id='word_1_776' title='bbox 2323 4237 2747 4307; x_wconf 80' lang='lat' dir='ltr'><strong>proselytorum,</strong></span> <span class='ocrx_word' id='word_1_777' title='bbox 2777 4238 2870 4307; x_wconf 92' lang='lat' dir='ltr'><strong>qui</strong></span> <span class='ocrx_word' id='word_1_778' title='bbox 2918 4253 3084 4292; x_wconf 89' lang='lat' dir='ltr'><strong>onera</strong></span> <span class='ocrx_word' id='word_1_779' title='bbox 3123 4238 3436 4306; x_wconf 85' lang='lat' dir='ltr'><strong>portabant,</strong></span> <span class='ocrx_word' id='word_1_780' title='bbox 3471 4246 3526 4292; x_wconf 91' lang='lat' dir='ltr'><strong>et</strong></span> 
     </span>
    </p>
   </div>
   <div class='ocr_carea' id='block_1_103' title="bbox 1947 4329 3522 4402">
    <p class='ocr_par' dir='ltr' id='par_1_103' title="bbox 1947 4329 3522 4402">
     <span class='ocr_line' id='line_1_103' title="bbox 1947 4329 3522 4402; baseline -0.003 -16"><span class='ocrx_word' id='word_1_781' title='bbox 1947 4331 2228 4402; x_wconf 88' lang='lat' dir='ltr'><strong>octoginta</strong></span> <span class='ocrx_word' id='word_1_782' title='bbox 2274 4331 2444 4384; x_wconf 90' lang='lat' dir='ltr'><strong>millia</strong></span> <span class='ocrx_word' id='word_1_783' title='bbox 2499 4329 2847 4393; x_wconf 86' lang='lat' dir='ltr'><strong>latomoruni,</strong></span> <span class='ocrx_word' id='word_1_784' title='bbox 2912 4329 3041 4384; x_wconf 87' lang='lat' dir='ltr'><strong>item</strong></span> <span class='ocrx_word' id='word_1_785' title='bbox 3100 4330 3522 4399; x_wconf 84' lang='lat' dir='ltr'><strong>proselytorum.</strong></span> 
     </span>
    </p>
   </div>
   <div class='ocr_carea' id='block_1_104' title="bbox 1949 4420 3523 4488">
    <p class='ocr_par' dir='ltr' id='par_1_104' title="bbox 1949 4420 3523 4488">
     <span class='ocr_line' id='line_1_104' title="bbox 1949 4420 3523 4488; baseline -0.002 -13"><span class='ocrx_word' id='word_1_786' title='bbox 1949 4420 2053 4487; x_wconf 87' lang='lat' dir='ltr'><strong>Qui</strong></span> <span class='ocrx_word' id='word_1_787' title='bbox 2116 4428 2300 4475; x_wconf 89' lang='lat' dir='ltr'><strong>autem</strong></span> <span class='ocrx_word' id='word_1_788' title='bbox 2355 4421 2616 4488; x_wconf 86' lang='lat' dir='ltr'><strong>operibus</strong></span> <span class='ocrx_word' id='word_1_789' title='bbox 2653 4425 2943 4488; x_wconf 64' lang='lat' dir='ltr'><strong>prmerant,</strong></span> <span class='ocrx_word' id='word_1_790' title='bbox 2994 4434 3224 4473; x_wconf 87' lang='lat' dir='ltr'><strong>numero</strong></span> <span class='ocrx_word' id='word_1_791' title='bbox 3255 4427 3408 4473; x_wconf 92' lang='lat' dir='ltr'><strong>erant</strong></span> <span class='ocrx_word' id='word_1_792' title='bbox 3439 4425 3523 4472; x_wconf 90' lang='lat' dir='ltr'><strong>ter</strong></span> 
     </span>
    </p>
   </div>
   <div class='ocr_carea' id='block_1_105' title="bbox 1953 4511 3522 4581">
    <p class='ocr_par' dir='ltr' id='par_1_105' title="bbox 1953 4511 3522 4581">
     <span class='ocr_line' id='line_1_105' title="bbox 1953 4511 3522 4581; baseline -0.001 -15"><span class='ocrx_word' id='word_1_793' title='bbox 1953 4512 2103 4566; x_wconf 89' lang='lat' dir='ltr'><strong>mille</strong></span> <span class='ocrx_word' id='word_1_794' title='bbox 2129 4512 2343 4581; x_wconf 76' lang='lat' dir='ltr'><strong>viginti.</strong></span> <span class='ocrx_word' id='word_1_795' title='bbox 2370 4511 2695 4568; x_wconf 85' lang='lat' dir='ltr'><strong>Alimoniam</strong></span> <span class='ocrx_word' id='word_1_796' title='bbox 2729 4527 2859 4566; x_wconf 89' lang='lat' dir='ltr'><strong>vero</strong></span> <span class='ocrx_word' id='word_1_797' title='bbox 2883 4512 3100 4566; x_wconf 92' lang='lat' dir='ltr'><strong>illorum</strong></span> <span class='ocrx_word' id='word_1_798' title='bbox 3124 4511 3353 4581; x_wconf 86' lang='lat' dir='ltr'><strong>singulis</strong></span> <span class='ocrx_word' id='word_1_799' title='bbox 3371 4525 3522 4565; x_wconf 84' lang='lat' dir='ltr'><strong>men-</strong></span> 
     </span>
    </p>
   </div>
   <div class='ocr_carea' id='block_1_106' title="bbox 1875 4581 3522 4670">
    <p class='ocr_par' dir='ltr' id='par_1_106' title="bbox 1875 4581 3522 4670">
     <span class='ocr_line' id='line_1_106' title="bbox 1875 4581 3522 4670; baseline -0.002 -12"><span class='ocrx_word' id='word_1_800' title='bbox 1875 4581 1920 4635; x_wconf 69' lang='grc' dir='ltr'><strong>Β</strong></span> <span class='ocrx_word' id='word_1_801' title='bbox 1950 4604 2109 4659; x_wconf 86' lang='lat' dir='ltr'><strong>sibus</strong></span> <span class='ocrx_word' id='word_1_802' title='bbox 2139 4603 2432 4658; x_wconf 93' lang='lat' dir='ltr'><strong>duodecim</strong></span> <span class='ocrx_word' id='word_1_803' title='bbox 2465 4603 2567 4657; x_wconf 85' lang='lat' dir='ltr'><strong>viri</strong></span> <span class='ocrx_word' id='word_1_804' title='bbox 2612 4603 3088 4657; x_wconf 82' lang='lat' dir='ltr'><strong>administrabant.</strong></span> <span class='ocrx_word' id='word_1_805' title='bbox 3127 4601 3522 4670; x_wconf 90' lang='lat' dir='ltr'><strong>lmpendeban-</strong></span> 
     </span>
    </p>
   </div>
   <div class='ocr_carea' id='block_1_107' title="bbox 1953 4692 3519 4763">
    <p class='ocr_par' dir='ltr' id='par_1_107' title="bbox 1953 4692 3519 4763">
     <span class='ocr_line' id='line_1_107' title="bbox 1953 4692 3519 4763; baseline -0.001 -17"><span class='ocrx_word' id='word_1_806' title='bbox 1953 4702 2043 4747; x_wconf 90' lang='lat' dir='ltr'><strong>tur</strong></span> <span class='ocrx_word' id='word_1_807' title='bbox 2069 4703 2248 4748; x_wconf 88' lang='lat' dir='ltr'><strong>autem</strong></span> <span class='ocrx_word' id='word_1_808' title='bbox 2271 4693 2500 4763; x_wconf 89' lang='lat' dir='ltr'><strong>singulis</strong></span> <span class='ocrx_word' id='word_1_809' title='bbox 2536 4693 2730 4748; x_wconf 89' lang='lat' dir='ltr'><strong>diebus</strong></span> <span class='ocrx_word' id='word_1_810' title='bbox 2773 4692 2889 4746; x_wconf 85' lang='lat' dir='ltr'><strong>cori</strong></span> <span class='ocrx_word' id='word_1_811' title='bbox 2925 4694 3247 4763; x_wconf 89' lang='lat' dir='ltr'><strong>similaginis</strong></span> <span class='ocrx_word' id='word_1_812' title='bbox 3275 4693 3519 4762; x_wconf 88' lang='lat' dir='ltr'><strong>triginta,</strong></span> 
     </span>
    </p>
   </div>
   <div class='ocr_carea' id='block_1_108' title="bbox 1952 4783 3520 4855">
    <p class='ocr_par' dir='ltr' id='par_1_108' title="bbox 1952 4783 3520 4855">
     <span class='ocr_line' id='line_1_108' title="bbox 1952 4783 3520 4855; baseline -0.003 -17"><span class='ocrx_word' id='word_1_813' title='bbox 1952 4784 2146 4840; x_wconf 70' lang='lat' dir='ltr'><strong>farinae</strong></span> <span class='ocrx_word' id='word_1_814' title='bbox 2179 4795 2425 4839; x_wconf 78' lang='lat' dir='ltr'><strong>contusae</strong></span> <span class='ocrx_word' id='word_1_815' title='bbox 2449 4784 2565 4838; x_wconf 91' lang='lat' dir='ltr'><strong>cori</strong></span> <span class='ocrx_word' id='word_1_816' title='bbox 2593 4785 2896 4855; x_wconf 80' lang='lat' dir='ltr'><strong>sexaginta,</strong></span> <span class='ocrx_word' id='word_1_817' title='bbox 2925 4785 3080 4838; x_wconf 84' lang='lat' dir='ltr'><strong>vituli</strong></span> <span class='ocrx_word' id='word_1_818' title='bbox 3103 4784 3287 4838; x_wconf 88' lang='lat' dir='ltr'><strong>selecti</strong></span> <span class='ocrx_word' id='word_1_819' title='bbox 3309 4783 3520 4847; x_wconf 88' lang='lat' dir='ltr'><strong>decem,</strong></span> 
     </span>
    </p>
   </div>
   <div class='ocr_carea' id='block_1_109' title="bbox 1949 4874 3522 4946">
    <p class='ocr_par' dir='ltr' id='par_1_109' title="bbox 1949 4874 3522 4946">
     <span class='ocr_line' id='line_1_109' title="bbox 1949 4874 3522 4946; baseline -0.002 -15"><span class='ocrx_word' id='word_1_820' title='bbox 1949 4875 2122 4932; x_wconf 90' lang='lat' dir='ltr'><strong>boves</strong></span> <span class='ocrx_word' id='word_1_821' title='bbox 2151 4878 2341 4946; x_wconf 88' lang='lat' dir='ltr'><strong>pascui</strong></span> <span class='ocrx_word' id='word_1_822' title='bbox 2371 4877 2584 4946; x_wconf 87' lang='lat' dir='ltr'><strong>viginti,</strong></span> <span class='ocrx_word' id='word_1_823' title='bbox 2618 4891 2748 4931; x_wconf 92' lang='lat' dir='ltr'><strong>oves</strong></span> <span class='ocrx_word' id='word_1_824' title='bbox 2788 4885 3030 4941; x_wconf 91' lang='lat' dir='ltr'><strong>centum,</strong></span> <span class='ocrx_word' id='word_1_825' title='bbox 3069 4875 3312 4945; x_wconf 78' lang='lat' dir='ltr'><strong>exceptis</strong></span> <span class='ocrx_word' id='word_1_826' title='bbox 3345 4874 3522 4928; x_wconf 90' lang='lat' dir='ltr'><strong>cervis</strong></span> 
     </span>
    </p>
   </div>
   <div class='ocr_carea' id='block_1_110' title="bbox 1952 4965 3522 5038">
    <p class='ocr_par' dir='ltr' id='par_1_110' title="bbox 1952 4965 3522 5038">
     <span class='ocr_line' id='line_1_110' title="bbox 1952 4965 3522 5038; baseline -0.002 -16"><span class='ocrx_word' id='word_1_827' title='bbox 1952 4978 2008 5022; x_wconf 92' lang='lat' dir='ltr'><strong>et</strong></span> <span class='ocrx_word' id='word_1_828' title='bbox 2037 4969 2276 5038; x_wconf 88' lang='lat' dir='ltr'><strong>capreis,</strong></span> <span class='ocrx_word' id='word_1_829' title='bbox 2311 4977 2474 5037; x_wconf 88' lang='lat' dir='ltr'><strong>atque</strong></span> <span class='ocrx_word' id='word_1_830' title='bbox 2520 4969 2762 5024; x_wconf 89' lang='lat' dir='ltr'><strong>altilibus</strong></span> <span class='ocrx_word' id='word_1_831' title='bbox 2811 4968 3100 5036; x_wconf 83' lang='lat' dir='ltr'><strong>saginatis.</strong></span> <span class='ocrx_word' id='word_1_832' title='bbox 3131 4965 3361 5036; x_wconf 88' lang='lat' dir='ltr'><strong>Gregem</strong></span> <span class='ocrx_word' id='word_1_833' title='bbox 3390 4979 3522 5020; x_wconf 89' lang='lat' dir='ltr'><strong>vero</strong></span> 
     </span>
    </p>
   </div>
   <div class='ocr_carea' id='block_1_111' title="bbox 1959 5059 3520 5131">
    <p class='ocr_par' dir='ltr' id='par_1_111' title="bbox 1959 5059 3520 5131">
     <span class='ocr_line' id='line_1_111' title="bbox 1959 5059 3520 5131; baseline -0.003 -17"><span class='ocrx_word' id='word_1_834' title='bbox 1959 5061 2154 5114; x_wconf 87' lang='lat' dir='ltr'><strong>habuit</strong></span> <span class='ocrx_word' id='word_1_835' title='bbox 2187 5076 2478 5131; x_wconf 86' lang='lat' dir='ltr'><strong>equarum,</strong></span> <span class='ocrx_word' id='word_1_836' title='bbox 2525 5076 2664 5130; x_wconf 89' lang='lat' dir='ltr'><strong>quas</strong></span> <span class='ocrx_word' id='word_1_837' title='bbox 2723 5060 2915 5114; x_wconf 70' lang='lat' dir='ltr'><strong>fetura:</strong></span> <span class='ocrx_word' id='word_1_838' title='bbox 2949 5060 3121 5130; x_wconf 87' lang='lat' dir='ltr'><strong>gratia</strong></span> <span class='ocrx_word' id='word_1_839' title='bbox 3153 5059 3351 5122; x_wconf 86' lang='lat' dir='ltr'><strong>alebat,</strong></span> <span class='ocrx_word' id='word_1_840' title='bbox 3381 5072 3520 5127; x_wconf 84' lang='lat' dir='ltr'><strong>qua-</strong></span> 
     </span>
    </p>
   </div>
   <div class='ocr_carea' id='block_1_112' title="bbox 1953 5151 3520 5224">
    <p class='ocr_par' dir='ltr' id='par_1_112' title="bbox 1953 5151 3520 5224">
     <span class='ocr_line' id='line_1_112' title="bbox 1953 5151 3520 5224; baseline -0.002 -17"><span class='ocrx_word' id='word_1_841' title='bbox 1953 5153 2212 5224; x_wconf 87' lang='lat' dir='ltr'><strong>draginta</strong></span> <span class='ocrx_word' id='word_1_842' title='bbox 2243 5155 2433 5220; x_wconf 90' lang='lat' dir='ltr'><strong>millia,</strong></span> <span class='ocrx_word' id='word_1_843' title='bbox 2453 5169 2717 5222; x_wconf 89' lang='lat' dir='ltr'><strong>equorum</strong></span> <span class='ocrx_word' id='word_1_844' title='bbox 2743 5167 2873 5206; x_wconf 86' lang='lat' dir='ltr'><strong>vero</strong></span> <span class='ocrx_word' id='word_1_845' title='bbox 2904 5153 3204 5206; x_wconf 87' lang='lat' dir='ltr'><strong>currulium</strong></span> <span class='ocrx_word' id='word_1_846' title='bbox 3235 5151 3520 5214; x_wconf 84' lang='lat' dir='ltr'><strong>duodecim</strong></span> 
     </span>
    </p>
   </div>
   <div class='ocr_carea' id='block_1_113' title="bbox 1953 5241 3520 5310">
    <p class='ocr_par' dir='ltr' id='par_1_113' title="bbox 1953 5241 3520 5310">
     <span class='ocr_line' id='line_1_113' title="bbox 1953 5241 3520 5310; baseline -0.003 -13"><span class='ocrx_word' id='word_1_847' title='bbox 1953 5245 2143 5298; x_wconf 87' lang='lat' dir='ltr'><strong>millia.</strong></span> <span class='ocrx_word' id='word_1_848' title='bbox 2196 5243 2406 5298; x_wconf 64' lang='lat' dir='ltr'><strong>Divitiae</strong></span> <span class='ocrx_word' id='word_1_849' title='bbox 2436 5245 2584 5298; x_wconf 87' lang='lat' dir='ltr'><strong>illius</strong></span> <span class='ocrx_word' id='word_1_850' title='bbox 2627 5251 2785 5296; x_wconf 90' lang='lat' dir='ltr'><strong>erant</strong></span> <span class='ocrx_word' id='word_1_851' title='bbox 2829 5243 3033 5295; x_wconf 67' lang='lat' dir='ltr'><strong>multm.</strong></span> <span class='ocrx_word' id='word_1_852' title='bbox 3086 5241 3326 5310; x_wconf 83' lang='lat' dir='ltr'><strong>Singulis</strong></span> <span class='ocrx_word' id='word_1_853' title='bbox 3376 5241 3520 5294; x_wconf 90' lang='lat' dir='ltr'><strong>enim</strong></span> 
     </span>
    </p>
   </div>
   <div class='ocr_carea' id='block_1_114' title="bbox 1953 5336 3520 5392">
    <p class='ocr_par' dir='ltr' id='par_1_114' title="bbox 1953 5336 3520 5392">
     <span class='ocr_line' id='line_1_114' title="bbox 1953 5336 3520 5392; baseline -0.004 -2"><span class='ocrx_word' id='word_1_854' title='bbox 1953 5337 2116 5392; x_wconf 83' lang='lat' dir='ltr'><strong>annis</strong></span> <span class='ocrx_word' id='word_1_855' title='bbox 2145 5337 2508 5391; x_wconf 84' lang='lat' dir='ltr'><strong>aﬂ&#39;erebantur</strong></span> <span class='ocrx_word' id='word_1_856' title='bbox 2543 5336 2622 5390; x_wconf 92' lang='lat' dir='ltr'><strong>illi</strong></span> <span class='ocrx_word' id='word_1_857' title='bbox 2666 5337 2783 5390; x_wconf 91' lang='lat' dir='ltr'><strong>auri</strong></span> <span class='ocrx_word' id='word_1_858' title='bbox 2831 5337 3034 5388; x_wconf 87' lang='lat' dir='ltr'><strong>talenta</strong></span> <span class='ocrx_word' id='word_1_859' title='bbox 3079 5341 3335 5388; x_wconf 81' lang='lat' dir='ltr'><strong>sexcenta</strong></span> <span class='ocrx_word' id='word_1_860' title='bbox 3361 5347 3520 5387; x_wconf 83' lang='lat' dir='ltr'><strong>sexa-</strong></span> 
     </span>
    </p>
   </div>
   <div class='ocr_carea' id='block_1_115' title="bbox 1950 5420 3522 5497">
    <p class='ocr_par' dir='ltr' id='par_1_115' title="bbox 1950 5420 3522 5497">
     <span class='ocr_line' id='line_1_115' title="bbox 1950 5420 3522 5497; baseline -0.003 -18"><span class='ocrx_word' id='word_1_861' title='bbox 1950 5427 2101 5497; x_wconf 89' lang='lat' dir='ltr'><strong>ginta</strong></span> <span class='ocrx_word' id='word_1_862' title='bbox 2131 5443 2246 5491; x_wconf 81' lang='lat' dir='ltr'><strong>sex,</strong></span> <span class='ocrx_word' id='word_1_863' title='bbox 2273 5427 2479 5496; x_wconf 89' lang='lat' dir='ltr'><strong>absque</strong></span> <span class='ocrx_word' id='word_1_864' title='bbox 2506 5427 2748 5490; x_wconf 86' lang='lat' dir='ltr'><strong>tributis,</strong></span> <span class='ocrx_word' id='word_1_865' title='bbox 2778 5440 2898 5494; x_wconf 69' lang='lat' dir='ltr'><strong>qua:</strong></span> <span class='ocrx_word' id='word_1_866' title='bbox 2924 5423 3300 5493; x_wconf 87' lang='lat' dir='ltr'><strong>pendebantur</strong></span> <span class='ocrx_word' id='word_1_867' title='bbox 3329 5437 3360 5475; x_wconf 91' lang='lat' dir='ltr'><strong>a</strong></span> <span class='ocrx_word' id='word_1_868' title='bbox 3391 5420 3522 5476; x_wconf 85' lang='lat' dir='ltr'><strong>sul)-</strong></span> 
     </span>
    </p>
   </div>
   <div class='ocr_carea' id='block_1_116' title="bbox 1949 5513 3518 5587">
    <p class='ocr_par' dir='ltr' id='par_1_116' title="bbox 1949 5513 3518 5587">
     <span class='ocr_line' id='line_1_116' title="bbox 1949 5513 3518 5587; baseline -0.006 -14"><span class='ocrx_word' id='word_1_869' title='bbox 1949 5519 2100 5575; x_wconf 87' lang='lat' dir='ltr'><strong>ditis.</strong></span> <span class='ocrx_word' id='word_1_870' title='bbox 2144 5518 2250 5573; x_wconf 89' lang='lat' dir='ltr'><strong>Sed</strong></span> <span class='ocrx_word' id='word_1_871' title='bbox 2280 5527 2336 5572; x_wconf 88' lang='lat' dir='ltr'><strong>et</strong></span> <span class='ocrx_word' id='word_1_872' title='bbox 2361 5519 2546 5587; x_wconf 88' lang='lat' dir='ltr'><strong>regina</strong></span> <span class='ocrx_word' id='word_1_873' title='bbox 2589 5517 2753 5582; x_wconf 90' lang='lat' dir='ltr'><strong>Saba,</strong></span> <span class='ocrx_word' id='word_1_874' title='bbox 2789 5532 2912 5570; x_wconf 88' lang='lat' dir='ltr'><strong>cum</strong></span> <span class='ocrx_word' id='word_1_875' title='bbox 2945 5516 3011 5569; x_wconf 89' lang='lat' dir='ltr'><strong>ad</strong></span> <span class='ocrx_word' id='word_1_876' title='bbox 3054 5517 3233 5584; x_wconf 89' lang='lat' dir='ltr'><strong>ipsum</strong></span> <span class='ocrx_word' id='word_1_877' title='bbox 3259 5513 3518 5576; x_wconf 85' lang='lat' dir='ltr'><strong>venisset,</strong></span> 
     </span>
    </p>
   </div>
   <div class='ocr_carea' id='block_1_117' title="bbox 1953 5605 3521 5678">
    <p class='ocr_par' dir='ltr' id='par_1_117' title="bbox 1953 5605 3521 5678">
     <span class='ocr_line' id='line_1_117' title="bbox 1953 5605 3521 5678; baseline -0.006 -12"><span class='ocrx_word' id='word_1_878' title='bbox 1953 5610 2101 5666; x_wconf 88' lang='lat' dir='ltr'><strong>dedit</strong></span> <span class='ocrx_word' id='word_1_879' title='bbox 2139 5610 2189 5665; x_wconf 90' lang='lat' dir='ltr'><strong>ei</strong></span> <span class='ocrx_word' id='word_1_880' title='bbox 2233 5612 2355 5664; x_wconf 88' lang='lat' dir='ltr'><strong>auri</strong></span> <span class='ocrx_word' id='word_1_881' title='bbox 2405 5609 2604 5664; x_wconf 84' lang='lat' dir='ltr'><strong>talenta</strong></span> <span class='ocrx_word' id='word_1_882' title='bbox 2653 5615 2871 5664; x_wconf 84' lang='lat' dir='ltr'><strong>centum</strong></span> <span class='ocrx_word' id='word_1_883' title='bbox 2917 5607 3132 5678; x_wconf 87' lang='lat' dir='ltr'><strong>viginti,</strong></span> <span class='ocrx_word' id='word_1_884' title='bbox 3162 5605 3368 5676; x_wconf 87' lang='lat' dir='ltr'><strong>lapides</strong></span> <span class='ocrx_word' id='word_1_885' title='bbox 3398 5617 3521 5675; x_wconf 81' lang='lat' dir='ltr'><strong>pre-</strong></span> 
     </span>
    </p>
   </div>
  </div>
