3880 6186
364 345 473 405 319

1501 347 1561 405 S.
1606 348 2074 408 ATllANASlUS.
2118 382 2190 393 —-
2221 351 2452 408 DUBIA.

3516 349 3623 404 320

363 470 557 530 tiosos,
586 473 640 522 et
662 472 909 521 aromata
935 464 1167 521 inlinita.
1199 463 1334 521 Post
1358 473 1591 522 mortem
1627 466 1938 525 Salomonis

2041 470 2185 525 λίθον
2212 471 2415 542 τίμιον.
2441 471 2537 525 καὶ
2570 471 2854 543 ἡδύσματα
2887 470 3160 545 ἀμύθητα.
3193 467 3348 523 Μετὰ
3373 466 3429 522 δὲ
3460 467 3627 525 θάνα-

363 562 423 617 in
457 574 684 631 regnum
738 558 986 613 succedit
1027 555 1271 612 Roboam
1313 555 1457 612 lilius
1500 556 1620 626 ejus
1654 576 1667 612 :
1702 558 1806 613 sub
1833 574 1941 629 quo

361 652 597 707 scissum
622 658 706 705 est
731 665 981 721 regnum,
1019 650 1094 704 ita
1118 658 1177 704 ut
1205 649 1397 705 decem
1428 650 1603 705 tribus
1636 648 1942 704 Samariam

364 742 755 806 abscesserint,
796 742 919 796 duae
947 757 1078 797 vero
1105 742 1329 812 reliqum
1366 742 1421 797 in
1451 738 1755 798 Jerusalem
1788 757 1944 796 man-

366 835 574 902 serint;
604 833 746 889 Juda
794 835 1051 889 videlicet
1099 844 1154 890 et
1200 834 1505 904 Beniamin.
1548 835 1944 905 Complectitur

316 962 332 983 ρ
364 926 551 996 itaque
582 926 779 980 tertius
823 924 913 979 hic
941 924 1081 979 liber
1132 939 1222 980 res
1254 931 1437 996 gestas
1460 931 1516 980 et
1546 940 1721 980 annos
1752 940 1942 994 regum

366 1020 638 1075 istorum:
679 1016 1017 1082 Salomonis,
1062 1017 1158 1086 qui
1204 1016 1368 1071 simul
1408 1016 1654 1071 omnium
1699 1017 1941 1072 tribuum

364 1123 462 1163 rex
494 1117 629 1163 erat.
661 1105 965 1175 Postquam
992 1113 1175 1160 autem
1206 1104 1443 1160 divisum
1474 1114 1559 1160 est
1593 1120 1845 1175 regnum,
1882 1114 1944 1159 ut

365 1198 628 1266 diximus,
662 1200 715 1253 in
758 1198 947 1253 Judaea
993 1198 1227 1252 duarum
1276 1198 1520 1252 tribuum
1576 1198 1941 1268 principatum

365 1301 656 1362 gesserunt
690 1289 961 1353 Roboam,
994 1289 1153 1353 Abia;
1189 1289 1301 1344 Asa
1334 1296 1389 1343 et
1408 1287 1677 1359 Josaphat
1707 1308 1720 1344 :
1752 1290 1941 1345 decem

366 1398 497 1438 vero
528 1384 862 1454 reliquarum
900 1384 954 1436 in
986 1380 1257 1446 Samaria,
1288 1379 1605 1447 Jeroboam,
1641 1383 1802 1453 110
1829 1382 1942 1436 Na-

365 1473 519 1537 hath,
550 1473 748 1537 Baasa,
779 1472 937 1536 Elan,
985 1471 1215 1528 Zambre
1243 1481 1298 1528 et
1346 1473 1589 1528 Achaab.
1640 1473 1864 1530 Tractat
1889 1481 1945 1530 et

365 1566 434 1622 de
465 1566 765 1636 prophetis,
823 1565 1080 1621 videlicet
1133 1564 1257 1620 istis
1291 1582 1304 1619 :
1339 1565 1407 1620 de
1450 1564 1687 1631 Nathan,
1725 1563 1841 1621 Gad
1890 1572 1946 1621 et

366 1658 540 1713 Achia
568 1657 835 1720 Selonita,
876 1671 1093 1711 necnon
1116 1656 1185 1712 de
1221 1672 1287 1711 eo
1309 1656 1404 1727 qui
1432 1664 1622 1712 contra
1652 1658 1823 1713 altare
1846 1655 1946 1712 Sa-

365 1753 555 1808 maria:
579 1752 872 1818 clamavit;
898 1751 967 1807 de
990 1751 1107 1806 Elia
1129 1759 1183 1806 et
1214 1751 1400 1806 Eliseo
1419 1790 1435 1816 ,
1471 1758 1632 1815 eteo,
1661 1751 1754 1821 qui
1782 1749 1943 1821 (regi)

2040 581 2132 617 τον
2148 562 2486 634 Σαλομῶνος,
2502 563 2771 629 διεδέξατο
2787 566 2815 618 ὁ
2832 564 2947 628 υἱὸς
2969 562 3132 617 αὐτοῦ
3161 561 3350 615 Ῥοϐοά
3357 579 3395 632 μ
3408 561 3505 634 τὴν
3523 562 3621 633 βα-

2043 654 2277 709 σιλείανο
2300 654 2394 707 καὶ
2421 654 2506 709 ἐπ’
2528 653 2693 708 αὑτοῦ
2715 653 2938 726 ἐσχίσθη
2961 656 2994 726 ή
3021 653 3196 725 ἀρχή·
3229 651 3324 705 καὶ
3361 652 3492 706 δέκα
3522 654 3621 723 μὲν

2043 744 2207 816 φυλαὶ⁵
2239 745 2481 817 ἀπῆλθον
2501 746 2581 808 είς
2608 744 2917 815 Σαμάρειαν
2943 759 2957 773 ’
2985 741 3078 796 δύο
3104 741 3161 794 δὲ
3185 739 3404 812 ἔμειναν
3433 742 3494 795 έν
3522 743 3623 795 Ἰε-

2045 836 2347 908 ρουσαλὴμ,
2394 839 2428 909 ή
2462 836 2635 890 Ἰούδα
2689 836 2845 907 καὶὴ
2905 834 3182 904 Βενιαμίν.
3229 832 3380 886 Εἰσὶν
3421 827 3512 886 οὖν
3552 832 3623 885 τὰ

2042 929 2477 1001 ἐμπεριεχόμενα
2508 927 2683 999 τούτῳ
2730 927 2809 998 τῷ
2839 927 3007 999 τρίτῳ
3042 925 3229 997 βιϐλίῳ
3260 924 3484 997 πράξεις
3528 926 3623 979 κα.)⁸

2043 1019 2136 1092 ἐτη
2201 1020 2461 1091 βασιλέων
2512 1019 2718 1074 τούτων
2741 1034 2756 1052 ·
2812 1017 3129 1091 Σαλομῶνος
3176 1017 3437 1087 βασιλέως
3486 1017 3623 1070 πάν-

2041 1129 2151 1167 των
2177 1113 2331 1186 ὁμοῦ.
2369 1115 2524 1168 Μετά
2560 1113 2616 1167 δὲ
2643 1112 2740 1185 τὴν
2781 1111 3042 1182 διαίρεσιν
3072 1110 3174 1180 τῆς
3225 1108 3515 1180 βασιλείας,
3545 1109 3622 1173 ὡς

2043 1205 2279 1277 είρηται,
2331 1204 2439 1258 τῶν
2477 1205 2577 1276 μὲν
2601 1206 2661 1259 ὲν
2712 1204 2941 1275 Ἰουδαίᾳ¹
2970 1201 3235 1273 βασιλέων
3258 1200 3366 1254 τῶν
3397 1199 3488 1253 δύο
3518 1218 3621 1271 φυ-

2043 1295 2173 1359 λῶν,
2225 1294 2480 1367 Ῥοϐοάμ,
2535 1295 2736 1361 Ἀϐιοῧ,
2778 1295 2929 1358 Ἀσᾶ,
2968 1293 3065 1348 καὶ
3102 1291 3402 1363 Ἰωσαφάθο
3430 1291 3536 1347 τῶν
3566 1292 3622 1345 δὲ

2046 1387 2103 1440 ὲν
2134 1387 2418 1459 Σαμαρείᾳ
2457 1386 2719 1457 βασιλέων
2746 1386 2854 1441 τῶν
2887 1386 3018 1441 δέκα
3050 1384 3253 1455 φυλῶν.
3319 1384 3621 1455 Ἰεροϐοάμ,

2044 1478 2255 1543 Ναϐἀθ,
2311 1480 2521 1542 Βαασᾶ,
2564 1479 2748 1541 Ἠλάν,
2806 1478 3055 1551 Ζαμϐρῆ,
3087 1478 3181 1532 καὶ
3224 1476 3448 1547 Ἀχαάϐ.
3510 1477 3624 1531 Καὶ

2045 1571 2176 1643 περὶ
2199 1571 2492 1643 προφητῶν
2519 1571 2576 1625 δὲ
2620 1570 2975 1640 διαλαμϐάνει
3022 1569 3258 1624 τούτων’
3292 1567 3497 1633 Ναθάν,
3529 1568 3624 1621 xa‘t

2045 1660 2173 1726 Γὰδ,
2204 1662 2299 1714 καὶ
2330 1661 2483 1732 Ἀχιᾶ
2521 1659 2613 1714 τοῦ
2643 1660 2964 1732 Σηλωνίτου,
3020 1660 3115 1715 καὶ
3152 1659 3245 1716 τοῦ
3299 1659 3625 1714 ἐπικαλεσα-

2051 1751 2211 1823 μένου
2229 1753 2322 1806 ὲπὶ
2349 1752 2409 1805 τὸ
2438 1752 2823 1824 θυσιαστήριον
2854 1751 2957 1823 τῆς
2989 1752 3305 1825 Σαμαρείας
3327 1767 3342 1782 ⁸
3377 1750 3469 1806 καὶ
3496 1751 3622 1821 περὶ

364 1846 588 1899 Achaab
621 1844 968 1915 prOphetavit
1008 1842 1074 1898 de
1125 1842 1238 1898 lilio
1267 1841 1433 1907 Ader,
1464 1850 1519 1898 et
1546 1842 1697 1898 illius
1719 1856 1938 1912 ρει-(ξηε-

2062 1842 2238 1897 Ἡλίου
2273 1844 2367 1897 καὶ
2410 1844 2731 1908 Ἐλισσαίου,
2771 1843 2867 1899 καὶ
2910 1842 3004 1898 τοῦ
3038 1843 3508 1916 προφητεύσαντος
3544 1842 3624 1914 τῷ

364 1950 511 1999 sore,
538 1936 631 2005 qui
658 1944 712 1990 et
744 1935 966 1989 Aeliaab
994 1933 1381 2004 reprehendit;
1418 1931 1565 2003 quod
1588 1932 1684 1987 lilii
1717 1932 1948 2003 prophe-

362 2034 544 2082 tarum
574 2043 821 2084 seorsum
847 2027 1013 2081 vitam
1044 2027 1328 2081 ducerent.
1361 2024 1605 2081 Habetur
1625 2026 1790 2081 etiam
1838 2024 1945 2079 hoc

364 2120 529 2186 libro,
562 2121 839 2192 quomodo
876 2120 1285 2192 prophetaverit
1310 2118 1481 2186 Elias,
1507 2127 1562 2175 et
1597 2133 1707 2173 non
1743 2117 1945 2188 pluerit

362 2228 462 2285 per
489 2223 602 2268 tres
649 2227 847 2277 annos,
896 2220 951 2267 et
991 2215 1143 2267 corvi
1214 2219 1440 2282 propter
1471 2210 1698 2266 verbum
1724 2209 1943 2264 Domini

362 2321 524 2361 mane
547 2321 738 2376 panes,
777 2304 992 2375 vesperi
1033 2320 1229 2360 carnes
1282 2304 1389 2374 ipsi
1436 2302 1754 2358 detulerint.
1794 2300 1943 2357 Elle-

361 2398 436 2453 cit
464 2399 628 2453 etia'n
657 2399 712 2452 in
745 2396 1014 2469 Sarephta
1047 2396 1286 2451 Sidonia:
1319 2411 1417 2466 per
1444 2396 1673 2450 verbum
1703 2393 1938 2456 Domini,

365 2488 639 2561 utbydria
684 2490 876 2544 farinae
927 2489 1106 2544 vidua:
1163 2504 1275 2544 non
1320 2487 1600 2552 defecerit,
1634 2495 1689 2542 et
1734 2487 1942 2542 oleario

360 2582 588 2636 vasculo
622 2581 759 2635 nihil
805 2581 1123 2637 decesserit.
1160 2578 1435 2635 Praeterea
1490 2588 1545 2635 et
1598 2578 1769 2632 lilium
1820 2577 1942 2647 ejus

361 2683 643 2729 mortuum
676 2673 888 2729 orando
919 2674 1047 2728 vita
1077 2673 1342 2734 restituit,
1373 2678 1427 2727 et
1471 2669 1768 2740 prophetas
1812 2666 1940 2722 Baal

359 2766 538 2822 occidi
566 2767 800 2833 curavit,
825 2781 1060 2836 quorum
1097 2778 1365 2819 numerus
1403 2769 1521 2817 erat
1552 2758 1941 2831 quadringenti

359 2858 779 2930 quinquaginta.
826 2855 1117 2912 Iordanem
1190 2870 1409 2926 quoque
1468 2853 1667 2909 melole
1714 2865 1942 2921 percus-

360 2939 454 3016 sit,
505 2951 759 3020 undaque
791 2950 939 3004 illius
977 2949 1235 3018 utrinque
1266 2947 1464 3009 divisa,
1502 2944 1669 3015 pedes
1714 2943 1941 2999 ﬂuvium

359 3043 632 3098 transivit.
657 3040 1007 3097 Terminatur
1034 3049 1214 3094 autem
1244 3039 1444 3094 tertius
1466 3038 1557 3093 hic
1596 3038 1735 3093 liber
1759 3044 1941 3092 morte

360 3133 584 3188 Achaab
618 3134 762 3204 regis
787 3131 978 3196 Israel,
1010 3141 1064 3187 et
1091 3141 1266 3185 morte
1300 3129 1564 3199 Josaphat
1601 3128 1749 3199 regis
1776 3126 1936 3229 Iuda,
1965 3171 2008 3229 ο

360 3225 622 3280 desinens
651 3226 705 3278 in
740 3224 1072 3294 principium
1102 3221 1255 3292 regni
1289 3220 1543 3275 Ochozia:
1576 3219 1669 3274 lilii
1692 3217 1937 3284 Achaab,

359 3325 416 3373 et
447 3318 504 3372 in
541 3317 874 3389 principium
928 3315 1082 3387 regni
1123 3313 1309 3369 Joram
1350 3313 1448 3368 lilii
1487 3312 1753 3383 Josaphat
1792 3311 1941 3384 regis

360 3406 520 3465 Juda.

842 3693 992 3750 Liber
1020 3693 1127 3760 IV,
1157 3694 1474 3766 Regnorum.

438 3785 525 3842 i6.
566 3785 626 3840 In
656 3792 853 3856 quarto
874 3785 1014 3840 libro
1034 3794 1347 3848 enarratur,
1379 3783 1655 3855 quomodo
1703 3784 1815 3840 duo
1836 3784 1939 3840 du-

361 3894 454 3934 ces
488 3876 947 3948 quinquagenarii
976 3874 1123 3946 regis
1152 3873 1406 3930 Ochozize
1441 3876 1568 3945 igne
1598 3876 1818 3931 coalitus
1840 3892 1939 3946 per

360 3969 585 4024 verbum
617 3967 747 4022 Elia:
776 3967 1056 4037 propheta:
1077 3967 1413 4036 consumpti,
1441 3975 1497 4022 et
1528 3967 1679 4023 Elias
1715 3967 1936 4022 tandem

361 4061 610 4117 sublatus
643 4059 736 4122 sit,
790 4058 1129 4128 spiritusque
1171 4056 1303 4113 Elia:
1355 4057 1538 4113 Eliseo
1582 4060 1933 4129 requieverit,

362 4149 433 4203 ita
453 4157 511 4203 ut
532 4156 718 4204 essent
737 4148 786 4201 ei
810 4147 1049 4216 duplicia
1074 4148 1130 4201 in
1153 4146 1368 4216 spiritu.
1397 4146 1686 4214 Quomodo
1724 4149 1937 4206 Eliseus

362 4240 719 4297 Sunamitidis
735 4242 902 4296 lilium
925 4251 1197 4297 mortuum
1222 4242 1497 4310 precando
1517 4242 1857 4307 excitaverit,
1881 4248 1938 4310 et

359 4330 613 4386 Neaeman
654 4331 849 4404 Syrum
889 4348 919 4386 a
949 4333 1101 4403 lepra
1142 4332 1511 4398 mundaverit,
1542 4333 1763 4388 vascula
1797 4309 1936 4388 uxo—

360 4423 438 4477 ris
468 4424 746 4493 prophetae
788 4423 994 4478 mortui
1043 4424 1100 4478 in
1142 4423 1312 4480 verbo
1365 4423 1578 4479 Domini
1609 4425 1734 4480 oleo
1760 4425 1935 4494 reple-

2058 1932 2261 2004 ’Δχαάϐ
2288 1934 2416 2006 περὶ
2445 1933 2541 1987 τοῦ
2565 1933 2682 1987 υἱοῦ
2714 1933 2890 2006 Ἀδὲρ,
2922 1934 3017 1988 κα)⁴
3045 1933 3140 1987 τοῦ
3166 1932 3501 1997 πατάξαντος
3531 1932 3625 1986 αὐ-

2041 2023 2153 2090 τὸν,
2192 2025 2287 2078 καὶ
2318 2023 2636 2093 ἐλέγξαντος
2693 2025 2785 2079 τὸν
2818 2025 3024 2097 ’Δχαάϐ
3043 2042 3057 2057 ο
3113 2024 3209 2078 καὶ
3234 2026 3315 2079 ὅτι
3348 2021 3484 2095 ἦσαν
3515 2026 3623 2078 υίοῖ⁵

2040 2113 2150 2168 τῶν
2185 2113 2479 2185 προφητῶν
2513 2114 2632 2168 καθ’
2655 2114 2883 2178 ἑαυτοὺς
2922 2113 3351 2186 ἀναχωροῦντες.
3378 2115 3531 2167 Ἐστι
3562 2113 3622 2165 δὲ

2041 2206 2100 2258 ὲν
2125 2202 2301 2277 τούτῳ
2327 2204 2404 2277 τῷ
2452 2205 2663 2277 βιϐλίῳ,
2717 2205 2834 2269 πῶς
2858 2206 3047 2269 Ἠλίας
3092 2206 3484 2277 προεφήτευσε,
3527 2204 3622 2257 καὶ

2040 2295 2142 2349 οὐκ
2167 2294 2383 2367 ἔϐρεξεν
2417 2295 2510 2348 ἐπὶ
2539 2294 2634 2364 ἐτη
2664 2294 2811 2366 τρία,
2844 2294 2939 2347 καὶ
2970 2295 3051 2347 ὅτι
3085 2295 3133 2346 οί
3166 2294 3398 2365 κόρακες
3428 2291 3628 2364 ἔφερον

2042 2386 2192 2455 αύτῷ
2217 2386 2303 2439 διὰ
2342 2387 2564 2458 ῥήματα
2597 2386 2806 2456 Κυρίου
2835 2385 3047 2457 πρωίας
3080 2385 3176 2456 μὲν
3199 2386 3414 2456 ἄρτους,
3441 2384 3625 2454 δείλης

2040 2477 2097 2531 δὲ
2127 2477 2280 2549 κρέα.
2320 2479 2418 2531 Ἔν
2450 2495 2510 2530 τε
2542 2479 2608 2548 τῇ
2647 2475 2899 2548 Σαρεφθὲι
2932 2477 3030 2548 τῆς
3058 2475 3315 2538 Σιδωνίας
3355 2473 3622 2542 πεποίηκε

2040 2565 2130 2621 διά
2148 2569 2367 2639 ῥήματα
2398 2566 2602 2638 Κυρίου
2629 2568 2702 2639 μή
2733 2566 2978 2637 ὲκλεῐψαι
2995 2566 3097 2635 τῆς
3116 2568 3288 2637 χήρας
3315 2564 3414 2635 τήν
3435 2563 3623 2635 ὑδρίαν

2040 2660 2136 2714 τοῦ
2169 2660 2422 2734 ἀλεύρου,
2452 2660 2545 2715 καὶ
2575 2660 2666 2714 τὸν
2694 2659 2992 2731 καμψάκην
3024 2658 3118 2712 τοῦ
3152 2656 3331 2711 ἐλαίου
3363 2656 3435 2728 μή
3464 2655 3621 2709 ἐλατ-

2039 2751 2351 2823 τονηθῆναι.
2382 2752 2493 2807 Καὶ⁸
2517 2751 2608 2805 τὸν
2640 2752 2737 2821 μὲν
2768 2753 2882 2804 υἱόν
2912 2752 3082 2822 αὐτῆς
3109 2749 3443 2804 ἀποθανόντα
3467 2750 3621 2821 ήγει-

2042 2859 2136 2916 ρεν
2171 2842 2497 2915 εὐξάμενοςο
2528 2842 2653 2905 τοὺς
2678 2842 2735 2895 δὲ
2775 2842 3059 2914 προφήτας
3085 2841 3178 2895 τοῦ
3195 2840 3340 2895 Βάαλ
3368 2841 3622 2911 ἐποίησεν

2039 2935 2412 3007 ἀναιρεθῆναι,
2438 2935 2596 2997 ὄντας
2634 2933 2723 2987 τὸν
2743 2932 2975 3006 ἀριθμὸν
3007 2940 3123 3007 υνθ..
3148 2933 3258 2988 Καὶ
3289 2935 3355 3005 τῇ
3398 2933 3619 3005 μηλωτῇ

2039 3029 2098 3083 δὲ
2129 3028 2368 3094 ἐπάταξε
2399 3029 2488 3083 τὸν
2524 3031 2817 3103 Ἰορδάνην,
2840 3032 2934 3085 καὶ
2964 3029 3185 3101 διῃρέθη
3221 3027 3347 3082 ἔνθα
3375 3028 3470 3081 καὶ
3495 3028 3622 3081 ἔνθα

2039 3120 2101 3173 τὸ
2125 3120 2287 3193 ὕδωρ,
2316 3121 2410 3174 καὶ
2437 3121 2588 3192 διέϐη
2613 3121 2689 3193 τῷ
2720 3122 2844 3175 ποδὶ
2881 3121 2971 3176 τὸν
3002 3120 3267 3191 ποταμόν.
3291 3120 3462 3191 Λήγει
3493 3119 3548 3172 δὲ
3582 3122 3616 3190 ή

2045 3211 2224 3283 βίϐλος
2250 3212 2387 3284 αὑτὴ
2427 3214 2506 3277 εἰς
2562 3213 2653 3267 τὸν
2704 3214 2934 3269 θάνατον
2975 3215 3070 3268 τοῦ
3105 3211 3308 3284 Ἀχαὰϐ
3357 3211 3622 3283 βασιλέως

2054 3304 2290 3377 Ἰσραὴλ,
2344 3305 2439 3358 καὶ
2496 3308 2575 3369 είς
2608 3306 2700 3360 τὸν
2753 3306 2980 3361 θάνατον
3021 3304 3289 3375 Ἰωσαφὰτ
3356 3304 3620 3374 βασιλέως

2052 3395 2243 3459 Ἰούδα.
2294 3396 2388 3450 καὶ
2416 3398 2497 3460 είς
2542 3396 2642 3469 τήν
2690 3396 2865 3469 ἀρχὴν
2907 3396 3180 3469 βασιλείας
3215 3394 3454 3465 Ὀχοζίου
3501 3392 3617 3447 υἱοῦ

2052 3488 2277 3559 ’Δχαὰϐ,
2312 3490 2407 3544 καὶ
2455 3491 2537 3555 είς
2585 3491 2685 3563 τήν
2718 3489 2893 3564 ἀρχὴν
2937 3488 3143 3562 Ἰωρὰμ
3183 3486 3302 3543 υἱοῦ
3352 3486 3621 3557 Ἰωσαφὰτ

2042 3577 2305 3649 βασιλέως
2344 3578 2533 3633 Ἰούδα.

2461 3693 2679 3759 Βίϐλος
2712 3691 2784 3757 δ’,
2831 3690 3184 3746 Βασιλειῶν.

2110 3783 2199 3839 18.
2238 3785 2327 3838 Ἑν
2358 3784 2416 3838 δὲ
2444 3787 2510 3856 τῇ
2538 3785 2772 3857 τετάρτῃ
2803 3783 2969 3854 βίϐλῳ
3000 3784 3137 3846 ἐστὶ,
3165 3781 3281 3845 πῶς
3302 3782 3352 3834 οί
3376 3780 3469 3834 δύο
3492 3797 3629 3835 πεν-

2035 3876 2395 3948 τηκόνταρχοι
2425 3875 2520 3930 τοῦ
2563 3875 2801 3947 Ὀχοζίου
2840 3875 2976 3947 πυρὶ
3012 3873 3365 3943 ἀνηλώθησαν
3395 3873 3481 3927 διά
3522 3873 3621 3944 ῥή-

2040 3985 2185 4039 ματα
2218 3968 2400 4021 Ἠλίου
2427 3967 2522 4021 τοῦ
2552 3968 2855 4040 προφήτου,
2875 3966 2968 4019 καὶ⁵
2993 3967 3074 4019 ὅτι
3100 3963 3375 4035 ἀνελήφθη
3411 3961 3617 4027 Ἠλίας,

2037 4060 2132 4114 καὶ
2165 4059 2576 4114 ἐπανεπαύσατο
2605 4058 2700 4112 ἐπὶ
2756 4058 3023 4111 Ἐλισσαιὲ
3057 4055 3118 4109 τὸ
3155 4054 3372 4126 πνεῦμα
3410 4054 3615 4118 Ἠλίου,

2037 4152 2132 4206 καὶ
2182 4152 2402 4220 γέγονεν
2442 4150 2593 4221 αὐτῷ
2639 4150 2803 4203 διπλᾶ
2842 4152 2900 4202 ὲν
2943 4148 3245 4220 πνεύματι·
3299 4147 3392 4201 καὶ
3431 4146 3548 4209 πῶς
3586 4147 3617 4199 ὁ

2048 4240 2351 4303 Ἦλισσαῖος
2391 4239 2483 4293 τὸν
2524 4239 2621 4309 μὲν
2666 4238 2779 4292 υἱὸν
2821 4238 2921 4307 τῆς
2975 4236 3358 4307 Σουναμίτιδος
3404 4235 3615 4289 ἀποθα-

2034 4332 2193 4385 νόντα
2222 4332 2440 4402 ἤγειρεν
2471 4330 2785 4401 εὐξάμενος,
2817 4329 2908 4382 τὸν
2934 4329 2991 4381 δὲ
3038 4327 3284 4398 Νεαιμάν
3327 4326 3417 4380 τὸν
3445 4326 3617 4398 Σύρον

2036 4421 2360 4494 ἐκαθάρισεν
2396 4421 2505 4475 ἀπὸ
2548 4422 2648 4491 τῆς
2687 4421 2915 4494 λέπρας,
2958 4421 3057 4491 τῆς
3098 4437 3160 4472 τε
3209 4418 3465 4487 γυναικὸς
3518 4418 3615 4472 τοῦ

358 4517 498 4572 verit
528 4536 540 4571 :
570 4518 697 4571 item
720 4517 869 4587 quod
905 4532 1072 4588 super
1102 4532 1231 4573 ossa
1281 4518 1458 4588 ipsius
1500 4518 1703 4572 mortui
1743 4519 1933 4587 cujus-

2041 4516 2317 4585 προφήτου
2350 4515 2679 4585 πεπλήρωκε
2709 4514 2778 4567 τὰ
2807 4514 3003 4582 ἀγγεῖα
3030 4510 3209 4565 ἐλαίου
3239 4512 3298 4563 ὲν
3335 4510 3477 4581 λόγῳ
3499 4512 3619 4564 Κυ-

358 4607 485 4664 dam
518 4609 753 4664 accincti
786 4609 1028 4663 hominis
1061 4608 1294 4664 cadaver
1324 4609 1660 4678 conjectum,
1688 4623 1814 4662 mox
1850 4617 1931 4663 at-

358 4716 466 4771 que
498 4700 775 4770 propheta:
804 4714 931 4755 ossa
956 4701 1236 4772 tetigerat,
1273 4701 1578 4756 revixerit:
1611 4701 1755 4770 quod
1804 4715 1930 4753 cum

359 4790 558 4845 melole
615 4788 746 4845 Elite
802 4788 1094 4845 Jordanem
1138 4791 1495 4860 percusserit,
1552 4790 1932 4861 diremptaque

353 4883 459 4937 hac
480 4890 643 4952 atque
674 4883 799 4937 illac
823 4882 991 4946 unda,
1011 4883 1243 4953 pedibus
1271 4890 1324 4938 et
1362 4883 1480 4953 ipse
1503 4882 1725 4939 ﬂuvium
1746 4891 1930 4937 trans—

355 4974 539 5029 iverit.
587 4974 917 5029 Continetur
942 4974 1110 5029 etiam
1164 4976 1275 5031 isto
1324 4976 1624 5040 volumine,
1654 4975 1932 5045 quomodo

358 5064 710 5121 Senacherim
750 5074 804 5120 et
836 5064 1122 5137 Rapsakes
1155 5075 1279 5137 post
1311 5069 1516 5122 multas
1560 5067 1931 5138 blasphemias

355 5157 625 5229 proﬂigati
661 5166 810 5223 sunt,
846 5158 1023 5230 deque
1056 5159 1302 5216 exercitu
1352 5160 1597 5231 ipsorum
1633 5174 1737 5213 una
1769 5166 1932 5215 nocte

352 5251 538 5306 occisa
589 5260 718 5306 sunt
773 5262 994 5307 centum
1048 5253 1329 5323 octoginta
1378 5254 1623 5324 quinque
1680 5254 1929 5308 virorum

353 5342 524 5397 millia
561 5361 575 5399 :
606 5351 661 5398 et
693 5344 968 5412 quomodo
992 5343 1175 5402 Josias
1208 5361 1304 5402 rex
1340 5346 1596 5402 universa
1629 5346 1930 5402 simulacra

355 5432 663 5495 sustulerit,
697 5432 853 5488 lucos
894 5434 1214 5497 succiderit,
1242 5445 1295 5490 et
1338 5433 1571 5502 Pascha,
1601 5436 1747 5491 sicut
1791 5436 1932 5490 scri-

353 5525 504 5586 ptum
527 5531 630 5590 est,
664 5523 769 5579 rite
797 5528 1118 5581 servaverit.
1168 5524 1346 5582 Habet
1388 5526 1480 5581 hic
1530 5527 1668 5582 liber
1712 5525 1927 5598 Regum

349 5626 569 5681 ouoque
603 5623 758 5685 gesta
786 5624 843 5673 et
893 5632 1068 5674 annos
1111 5634 1325 5681 eorum,
1379 5619 1474 5689 qui
1519 5620 1576 5674 in
1627 5618 1815 5675 Judaea
1843 5635 1930 5674 re-

351 5711 611 5771 gnarunt,
632 5704 819 5760 Joram
868 5705 1141 5770 Ochoziae,
1164 5706 1315 5773 Juas,
1339 5709 1593 5773 Amasiae,
1630 5707 1791 5772 Osize,
1811 5708 1932 5763 Joa-

349 5793 522 5862 tham,
555 5792 756 5864 Achaz,
781 5794 1046 5864 Ezechim,
1080 5796 1350 5867 Manasse,
1376 5800 1563 5867 Amos,
1588 5795 1770 5865 Josiaa,
1803 5795 1929 5853 Joa-

2035 4603 2174 4676 ρίου,
2215 4604 2309 4656 καὶ
2356 4604 2449 4656 ἐπὶ
2499 4602 2567 4657 τά
2597 4604 2731 4656 ὀστᾶ
2762 4602 2819 4655 δὲ
2854 4600 3020 4656 αὐτοῦ
3068 4599 3207 4671 μετά
3258 4599 3485 4653 θάνατον
3517 4600 3612 4671 ὲῤ-

2034 4697 2163 4769 ρίφη
2196 4696 2387 4769 νεκρὸς
2440 4695 2761 4767 μονόζωνος,
2813 4693 2909 4747 καὶ
2937 4692 3013 4756 ὼς
3047 4692 3225 4762 ἥψατο
3266 4690 3374 4744 τῶν
3408 4690 3619 4748 ὀστέων

2032 4789 2126 4842 τοῦ
2161 4790 2465 4859 προφήτου,
2493 4786 2756 4856 ἀνέζησεο
2785 4785 2878 4838 καὶ
2906 4787 2971 4856 τῇ
3012 4783 3232 4856 μηλωτῇ
3274 4783 3453 4837 Ἠλίου
3475 4782 3615 4837 ἐπά-

2031 4879 2159 4944 ταξε
2189 4880 2277 4933 τὸν
2317 4879 2608 4950 Ἰορδάνην,
2654 4876 2749 4931 καὶ
2798 4874 3017 4949 διῃρέθη
3054 4874 3204 4928 ἐνθεν
3247 4874 3339 4927 καὶ
3371 4872 3521 4927 ἔνθεν
3551 4874 3617 4927 τὸ

2033 4972 2199 5045 ὕδωρ,
2221 4972 2316 5026 καλ⁵
2342 4970 2492 5043 διέϐη
2518 4970 2656 5043 πεζῇ
2686 4968 2779 5024 καὶ
2800 4968 3146 5031 αὐτός.⁹Εστι
3168 4966 3225 5019 δὲ
3257 4969 3316 5020 ὲν
3338 4964 3515 5036 τούτῳ
3534 4964 3616 5036 τῷ

2035 5060 2224 5133 βιϐλίῳ
2245 5061 2337 5115 καὶ
2364 5060 2482 5124 πῶς
2508 5060 2538 5112 ὁ
2557 5059 2655 5130 μὲν
2678 5058 3020 5131 Σεναχηρεὶμ
3042 5057 3137 5111 καὶ
3157 5056 3456 5127 Ῥαψάκης,
3483 5055 3616 5109 πολ-

2031 5150 2099 5205 λὰ
2134 5152 2644 5223 βλασφημήσαντες,
2671 5150 3005 5221 ἐδιώχθησαν
3032 5148 3125 5201 καὶ
3141 5147 3373 5219 χιλιάδες
3404 5146 3616 5219 ἀνδρῶν

2032 5243 2210 5296 αὐτῶν
2236 5250 2351 5313 ρπε¹
2382 5244 2440 5295 ὲν
2467 5244 2564 5314 μιᾷ
2593 5243 2768 5297 νυκτί.
2796 5243 2854 5295 ’0
2877 5242 2933 5295 δὲ
2962 5240 3216 5312 βασιλεὺς
3248 5240 3459 5303 Ἰωσίας
3478 5239 3615 5293 καθ-

2032 5335 2140 5389 εῖλε
2169 5335 2345 5390 πάντα
2384 5334 2455 5389 τὰ
2491 5334 2707 5398 εἴδωλα,
2737 5336 2831 5388 καὶ
2852 5335 2921 5389 τὰ
2946 5334 3083 5406 ἄλση
3117 5334 3362 5404 ἐξέκοψε,
3389 5332 3481 5386 καὶ
3514 5348 3616 5384 πε-

2032 5425 2228 5495 ποίηκε
2267 5425 2327 5479 τὸ
2363 5426 2575 5497 Πάσχα,
2599 5424 2675 5489 ὼς
2710 5425 3019 5496 γέγραπται
3044 5425 3310 5495 νομίμως.
3362 5418 3614 5495 Περιέχει

2030 5520 2087 5575 δὲ
2121 5523 2154 5592 ή
2191 5520 2370 5591 βίϐλος
2400 5520 2493 5574 καὶ
2525 5518 2751 5592 πράξεις
2784 5517 3047 5588 βασιλέων
3081 5518 3176 5571 καὶ
3208 5516 3303 5587 ἔτη
3324 5532 3336 5546 υ
3368 5514 3477 5569 τῶν
3511 5511 3613 5585 μὲν

2030 5615 2090 5666 ὲν
2153 5612 2381 5683 Ἰουδαία
2434 5611 2655 5682 Ἰωρὰμ,
2723 5611 2820 5664 καὶ
2866 5609 3104 5680 Ὀχοσίου
3176 5610 3271 5662 καὶ
3316 5606 3467 5670 Ἰωᾶς
3517 5603 3614 5659 καὶ

2045 5701 2331 5773 Ἀμεσσία,
2367 5701 2463 5754 καὶ
2502 5699 2698 5765 Ὀζίου,
2743 5699 2839 5752 καὶ
2881 5697 3127 5764 Ἰωάθαν,
3156 5697 3253 5750 καὶ
3283 5693 3469 5769 Ἀχάζ,
3514 5692 3612 5746 καὶ

2045 5793 2309 5860 Ἐζεκίου,
2338 5793 2432 5848 καὶ
2467 5791 2758 5862 Μανασσῆ,
2787 5789 2883 5845 καὶ
2915 5787 3119 5861 Ἀμὼς,
3150 5787 3245 5842 καὶ
3293 5785 3494 5849 Ἰωσία,
3515 5783 3615 5838 καὶ
