3880 6186
229 282 335 343 3‘31

1302 297 1642 356 SYNOPSIS
1677 301 2095 361 SCRIPTURA'I
2131 306 2414 367 SACRE.

3405 327 3514 384 522

242 404 497 475 Ὶωάχαζ,
514 407 610 461 καὶ
632 408 938 483 Ἐλιακείμ,
957 413 1056 466 καὶ
1082 412 1362 487 Ἶωακεὶμ,
1393 419 1489 471 καὶ
1511 418 1801 474 Ματθανὰν

1929 422 2088 487 chaz,
2120 422 2375 493 Eliakim,
2405 426 2620 483 Joakim
2671 438 2727 486 et
2758 430 3102 502 Matthanan,
3129 436 3220 507 qui
3252 445 3306 493 et
3343 437 3513 497 Sede-

227 493 326 545 τοῦ
358 497 455 548 καὶ
487 496 711 552 Σεδεκία
730 516 745 529 ·
777 499 887 554 τῶν
913 501 971 554 δὲ
1004 505 1063 556 ἐν
1090 503 1375 577 Σαμαρείᾳ
1403 505 1669 577 Ὀχοζίου,
1733 510 1829 563 καὶ
1866 492 1867 497 η

241 584 470 657 Ἰωρὰμ,
509 590 604 642 καὶ
645 591 769 657 Ἰοῦ,
812 595 905 646 καὶ
948 595 1201 665 Ἰωάχαζ,
1239 597 1336 651 καὶ
1379 599 1556 663 Ἰωᾶς,
1602 601 1700 654 καὶ
1733 602 1830 655 Ἱε-

228 677 464 748 ροϐοάμ,
500 681 595 733 καὶ
626 683 923 754 Ζαχαρίου,
957 687 1051 738 καὶ
1102 688 1366 760 Σελλοὺμ,
1415 691 1511 743 καὶ
1559 692 1825 764 Μαναὴμ,

232 770 326 822 ul
357 771 801 838 Φακεσσίου,καὶ
833 777 1030 841 Φακὲς,
1060 781 1154 832 καὶ
1188 780 1348 852 Ὠσηέ
1367 799 1380 811 ο
1411 784 1656 856 καὶπερὶ
1690 803 1827 857 προ-

227 862 437 933 φητῶν,
465 865 641 929 Ἠλία,
683 867 1073 923 καὶἝλισσαιὲ
1094 911 1109 936 ,
1140 873 1236 926 καὶ
1273 874 1518 937 Ἡσαΐου,
1541 877 1637 930 καὶ
1659 878 1824 950 Ἱερε-

228 957 379 1019 μίου,
411 953 506 1005 καὶ
550 954 632 1007 ὅτι
665 958 698 1026 ή
740 957 839 1026 μὲν
875 957 1124 1027 βασιλεία
1170 962 1488 1036 Σαμαρείας
1545 966 1825 1023 πέπαυται

221 1042 319 1095 ἐπὶ
351 1044 537 1114 Ὀσηὲ,
573 1046 677 1117 υἱῷ
702 1048 838 1100 Ἦλᾱ
860 1049 937 1119 τῷ
970 1050 1065 1104 καὶ
1088 1053 1354 1120 σφάξαντι
1381 1056 1474 1109 τὸν
1512 1058 1687 1112 Φακεὲ
1709 1062 1826 1116 υίὸν

234 1135 520 1206 Ῥομελίου
541 1156 556 1169 ·
589 1141 624 1210 ὴ
658 1140 717 1194 δὲ
748 1141 849 1211 τῆς
876 1143 1234 1218 Ἰερουσαλὴμ
1268 1147 1512 1218 βασιλεία
1547 1153 1824 1209 πέπαυται

218 1228 316 1281 ἐπὶ
354 1228 603 1303 Σεδεκίᾳ.
639 1233 752 1286 Καὶ
794 1234 956 1298 αὐτὸς
997 1236 1109 1307 γὰρ
1138 1239 1360 1313 ἀπήχθη
1392 1245 1472 1307 είς
1502 1245 1821 1311 Βαϐυλῶνα,

216 1316 315 1369 καὶ
343 1318 759 1390 ἀφαιρεθέντων
787 1323 954 1377 αὐτοῦ
987 1326 1097 1380 τῶν
1127 1328 1444 1401 ὀφθαλμῶν,
1478 1335 1559 1397 είς
1598 1336 1823 1405 μύλωνα

216 1409 423 1481 ἐϐλήθη
445 1410 542 1482 ἐτη
569 1420 680 1478 κςα
705 1415 863 1469 Μετὰ
893 1418 1089 1486 ταῦτα,
1108 1421 1324 1490 ὕψωσεν
1346 1425 1509 1479 αὐτὸν
1539 1428 1630 1481 τὸν
1668 1430 1823 1483 Ἰωα-

216 1499 356 1569 κεὶμ
389 1499 646 1569 βασιλεὺς
668 1503 1005 1574 Βαϐυλῶνος,
1038 1510 1133 1563 καὶ
1156 1511 1323 1569 ἔδωκε
1356 1514 1503 1586 αύτῷ
1517 1516 1608 1569 τὸν
1634 1517 1823 1589 θρόνον

216 1591 406 1645 ἐπάνω
427 1593 539 1647 τῶν
570 1597 689 1648 ἐκεῖ
719 1595 1008 1665 βασιλέων,
1034 1603 1128 1655 καὶ
1157 1605 1416 1675 συνήσθιε
1446 1609 1541 1661 καὶ
1567 1610 1820 1665 συνέπινε

219 1685 346 1753 μετ’
396 1685 565 1739 αὐτοῦ
617 1688 724 1752 ἕως
756 1690 970 1764 ἡμέρας
1026 1694 1172 1766 ζωῆς
1201 1696 1388 1751 αὐτοῦ.
1424 1700 1536 1753 Καὶ
1576 1702 1669 1755 ἐπὶ
1696 1703 1820 1756 τού-

210 1790 327 1836 τοις
352 1774 512 1846 λήγει
550 1778 613 1831 τὸ
653 1779 880 1850 βιϐλίον,
934 1786 1470 1856 αἰχμαλωτισθέντπ
1519 1792 1616 1846 τοῦ
1658 1793 1810 1862 λαοῦ,
1846 1771 1890 1826 Β

215 1868 315 1920 καὶ
350 1868 453 1940 τῆς
485 1870 696 1936 πόλεως
725 1874 907 1945 πάσης
950 1877 1205 1951 ἀλούσης.

283 1981 401 2054 (Η)
462 1984 751 2069 Ἐπιτρμὴ
768 1988 1066 2069 ἐτράξεων.
1100 1990 1221 2069 τῷν
1264 1995 1582 2069 ,βασιλέων
1629 1998 1743 2069 τῆς

634 2057 936 2126 Ἰουδαίας
972 2063 1073 2115 καὶ
1107 2057 1382 2132 Ἰσραήλ.

281 2141 372 2196 17.
401 2143 669 2215 ’Δρχῆθεν
693 2142 985 2205 οὖν”πάλιν
1015 2153 1358 2225 ἀναληπτέον
1376 2156 1467 2211 τὸν
1499 2157 1677 2228 λόγον,
1714 2161 1812 2216 καὶ

205 2234 333 2287 κατ’
357 2235 626 2308 ἐπιτομὴν
640 2238 890 2294 ἐκθετέον
910 2242 1018 2296 τῶν
1036 2245 1256 2300 πάντων
1289 2248 1572 2318 βασιλέων,
1588 2252 1810 2307 καὶτῶν

219 2325 517 2391 Ἰουδαίων,
566 2329 798 2386 καὶτῶν
830 2333 933 2405 τῆς
965 2336 1304 2409 Σαμαρείας,
1351 2341 1421 2395 τὰ
1447 2343 1686 2414 ὀνόματα
1713 2347 1808 2401 καὶ

203 2417 307 2482 τὰς
334 2419 587 2489 πράξεις,
611 2424 707 2475 καὶ
731 2422 799 2487 τὰ
819 2426 917 2497 τῆς
966 2429 1202 2482 ἑκάστου
1233 2429 1514 2501 βασιλείας
1546 2435 1662 2508 ἐτη·
1712 2439 1807 2492 καὶ

203 2508 426 2581 πρῶτον
456 2512 586 2584 περὶ
607 2513 719 2568 τῶν
755 2514 1020 2586 βασιλέων
1064 2521 1441 2596 Ἰερουσαλήμ.
1480 2526 1637 2581 Μετά
1666 2528 1723 2581 δὲ
1745 2530 1806 2585 τὸ

201 2602 509 2657 ἀπολέσθαι
542 2605 636 2659 τὸν
670 2607 864 2674 Σαοὺλ,
897 2610 1318 2681 βασιλεύσαντος
1367 2615 1462 2689 ἐτη
1528 2626 1603 2690 μ’,
1639 2621 1807 2676 Δαϐὶδ

203 2694 487 2765 βασιλεύει
517 2699 612 2752 ἐπὶ
640 2699 820 2755 πάντα
846 2702 938 2756 τὸν
996 2705 1233 2777 Ἰσραὴλ,
1279 2709 1375 2763 καὶ
1404 2709 1567 2775 αὐτὸς
1598 2711 1691 2785 ἔτη
1729 2721 1802 2784 μ’·

1928 515 2049 572 hias
2079 515 2381 572 dicebatur.
2416 519 2618 575 Eorum
2650 538 2802 588 vero,
2830 526 2925 595 qui
2950 526 3005 580 in
3038 526 3318 586 Samaria:
3342 531 3515 590 Ocho-

1928 609 2048 673 zias,
2081 606 2290 673 Joram,
2331 609 2494 675 Jehu,
2527 612 2790 681 Joachaz,
2834 614 2988 682 Joas,
3038 618 3358 687 Jcroboam,
3408 624 3515 680 Za-

1927 701 2151 767 chariae,
2174 702 2404 768 Selium,
2429 705 2701 771 Manaem,
2720 706 3054 767 Phakessiaa.
3078 711 3314 780 Phakes,
3336 716 3509 776 Osce:

1926 801 1985 847 et
2028 793 2096 849 de
2142 797 2450 865 prophetis,
2484 797 2626 867 Elia,
2693 799 2904 867 Eliseo,
2954 804 3093 859 lsaia
3151 816 3206 862 et
3250 808 3508 867 Jeremia.

1926 880 2199 939 Pralerea
2223 887 2501 955 quomodo
2548 906 2779 960 regnum
2835 891 3101 952 Samaria:
3129 898 3374 965 desierit,
3408 904 3512 959 sub

1925 972 2066 1030 Osee
2090 975 2201 1030 ﬁlio
2227 975 2383 1042 Heia,
2415 981 2512 1050 qui
2536 979 2752 1036 Phakee
2788 982 2958 1051 ﬁlium
2994 985 3256 1044 Romelia:
3283 993 3508 1059 occidit,

1926 1081 2156 1137 regnum
2188 1084 2320 1124 vero
2344 1068 2869 1137 Jerosolymitanum
2900 1077 3002 1133 sub
3051 1078 3282 1137 Sedekia
3325 1099 3512 1141 cessa-

1924 1157 2024 1212 vit.
2051 1157 2186 1212 Nam
2221 1165 2276 1215 et
2304 1161 2423 1230 ipse
2451 1163 2507 1217 in
2537 1162 2870 1236 Babylonem
2898 1167 3193 1235 abductus,
3218 1179 3273 1226 et
3292 1172 3511 1232 eﬁ‘ossis

1924 1251 2102 1307 oculis
2133 1252 2190 1306 in
2227 1254 2528 1323 pistrinum
2555 1272 2734 1335 annos
2760 1259 2952 1331 viginti
2999 1277 3092 1316 sex
3124 1262 3373 1333 abjectus
3402 1276 3507 1322 est.

1924 1341 2122 1398 Postea
2151 1360 2284 1400 vero
2316 1362 2411 1403 rex
2451 1348 2751 1420 Babylonis
2778 1367 2960 1423 regem
2982 1352 3197 1409 Joakim
3222 1359 3506 1424 cxaltavit,

1926 1435 2296 1507 thronumque
2341 1439 2493 1495 illius
2553 1457 2720 1512 supra
2775 1452 3009 1501 cunctos
3042 1446 3138 1517 qui
3200 1449 3314 1503 illic
3346 1459 3507 1505 erant

1922 1542 2082 1596 reges
2105 1529 2302 1583 extulit
2326 1538 2381 1584 et
2408 1546 2534 1586 cum
2566 1548 2633 1588 eo
2667 1534 2781 1589 edit
2811 1543 2866 1589 et
2911 1537 3051 1592 bibit
3091 1541 3349 1598 omnibus
3384 1544 3504 1598 die-

1922 1618 2027 1675 bus
2059 1620 2183 1675 vitae
2206 1621 2404 1691 ipsius.
2430 1622 2490 1678 ln
2513 1623 2710 1695 bisque
2737 1626 2938 1683 desinit
2969 1629 3111 1686 liber
3141 1632 3262 1696 iste,
3297 1634 3353 1688 in
3387 1650 3505 1690 ser-

1922 1708 2155 1766 vitutem
2187 1711 2429 1768 abducto
2458 1713 2572 1785 jam
2595 1715 2821 1786 pOpulo,
2844 1723 2898 1772 et
2921 1724 3035 1773 tota
3068 1720 3203 1775 urbe
3233 1729 3410 1789 capta.

2095 1990 2337 2061 Epitome
2366 2002 2634 2064 gestorum
2661 2010 2843 2066 regum
2864 1993 3024 2052 ludar
3049 2008 3098 2052 et
3131 1996 3327 2054 Israel.

1984 2147 2074 2203 17.
2094 2146 2178 2202 Ab
2196 2147 2358 2203 initio
2373 2149 2668 2220 repetenda
2685 2152 2846 2209 nobis
2863 2153 2978 2211 haec
2992 2163 3141 2221 sunt,
3157 2164 3210 2212 et
3224 2173 3318 2228 per
3334 2161 3506 2231 epito-

1909 2254 2036 2295 men
2054 2242 2382 2310 exponenda
2404 2244 2650 2299 omnium
2677 2260 2866 2316 regum
2887 2262 3011 2302 cum
3027 2248 3246 2317 Judaeae,
3264 2267 3387 2307 cum
3409 2254 3505 2309 Sa-

1909 2335 2098 2387 maria:
2114 2334 2356 2400 nomina,
2376 2350 2464 2391 res
2480 2344 2647 2407 gesta:
2660 2345 2715 2391 et
2731 2339 2772 2406 ι
2786 2339 2829 2407 ι
2842 2339 3045 2410 lregui
3064 2343 3332 2413 cujusque
3349 2348 3501 2404 anni.

1909 2423 1975 2478 Et
1994 2426 2229 2496 primum
2247 2427 2314 2483 de
2335 2429 2552 2499 regibus
2566 2427 2893 2486 Jerusalem.
2912 2430 3046 2488 Post
3063 2434 3345 2491 interitum
3368 2437 3503 2493 Sau-

1907 2515 1975 2571 lis
1999 2517 2092 2587 qui
2112 2532 2286 2574 annos
2306 2521 3033 2593 regnaveratquadraginla,
3066 2528 3312 2597 regnavit
3328 2529 3500 2586 David

1907 2625 2074 2679 super
2091 2611 2403 2669 universum
2421 2612 2699 2678 lsraelem,
2715 2622 2770 2670 et
2785 2615 2901 2685 ipse
2923 2631 3096 2674 annos
3112 2621 3498 2692 quadraginta;

1906 2701 1961 2755 in
1983 2701 2256 2769 Chebron,
2281 2711 2487 2775 septem
2517 2705 2715 2761 deinde
2736 2722 2902 2777 super
2918 2723 3133 2764 omnem
3164 2709 3420 2767 lsraelem
3442 2722 3498 2769 et

198 2783 381 2849 οὕτως
402 2787 464 2839 ἐν
496 2787 595 2857 μὲν
641 2789 872 2862 Χεϐρῶν
912 2792 1007 2864 ἔτη
1062 2794 1128 2860 ζ’,
1172 2798 1230 2851 ἐν
1266 2798 1324 2851 δὲ
1381 2802 1545 2855 παντὶ
1586 2783 1801 2875 Ἰσραὴλ

1907 2791 2100 2848 Judam
2124 2796 2345 2867 triginta
2373 2803 2504 2861 tres,
2537 2805 2592 2852 et
2619 2797 2747 2853 fecit
2776 2800 2923 2870 quod
2945 2808 3154 2856 rectum
3172 2812 3310 2868 erat,
3330 2806 3500 2863 corde

198 2877 296 2929 καὶ
346 2876 520 2931 Ἰούδα
545 2878 640 2952 ἐτη
672 2880 774 2951 λγ’·
821 2885 915 2970 καὶ
967 2886 1194 2957 ἐποίησε
1232 2888 1294 2942 τὸ
1335 2889 1490 2955 εύθὲς
1531 2893 1590 2946 ἐν
1621 2894 1801 2968 τελείᾳ

1908 2885 2187 2956 perfecto;
2214 2885 2318 2941 sub
2339 2885 2444 2941 hoc
2468 2894 2627 2941 erant
2648 2889 2927 2960 propheta:
2954 2910 2966 2945 :
2994 2890 3236 2957 Samuel,
3258 2894 3494 2970 Nathap,

197 2966 423 3039 καρδίᾳ.
441 2968 567 3022 Ἐπί
585 2970 778 3026 τούτου
805 2968 946 3045 ἦσαν
979 2978 1255 3049 προφῆται
1283 2980 1563 3053 Σαμουὴλ,
1590 2966 1800 3051 Ναϐὰν,

1914 2975 2053 3032 Gud.
2086 2977 2347 3032 Salomon
2392 2978 2539 3034 ﬁlius
2574 2978 2768 3046 David,
2812 2989 2867 3037 et
2904 2982 3024 3053 ipse
3061 3000 3228 3056 super
3273 2966 3496 3045 omnem

196 3058 328 3112 Γὰδ.
361 3060 627 3132 Σαλομῶν
681 3066 711 3117 6
766 3065 886 3131 υίὸς
911 3068 1079 3122 Δαϐὶδ
1109 3070 1461 3126 ἐϐασίλευσεν
1490 3075 1584 3128 ἐπὶ
1623 3078 1801 3132 πάντα

1908 3070 2174 3140 populum
2204 3070 2455 3141 regnavit
2486 3085 2664 3128 annos
2684 3073 3070 3144 quadraginta,
3101 3087 3153 3132 et
3188 3077 3319 3133 fecit
3346 3082 3496 3150 quod

195 3150 291 3202 τὸν
322 3149 458 3205 λαὸν
492 3152 589 3225 ἐτη
626 3153 678 3225 μ’
704 3156 801 3209 καὶ
826 3157 1010 3222 αὑτός·
1043 3161 1137 3214 καὶ
1169 3163 1395 3234 ἐποίησε
1427 3164 1490 3219 τὸ
1542 3171 1798 3242 πονηρόν.

196 3240 311 3295 Καὶ
337 3244 433 3296 ἐπὶ
457 3244 623 3299 αὑτοῦ
655 3242 799 3318 ἦσαν
855 3250 1131 3321 προφῆται
1177 3253 1366 3308 Ναθὰν
1406 3256 1500 3309 καὶ
1526 3258 1652 3313 Γάδ.
1687 3240 1805 3314 Ῥο-

194 3330 349 3403 ϐοὰμ
369 3335 400 3386 6
445 3335 564 3398 υίὸς
614 3336 782 3390 αὐτοῦ
816 3338 1169 3394 ἐϐασίλευσεν
1202 3342 1297 3415 ἐτη
1336 3343 1420 3408 ιζ’·
1453 3348 1549 3400 καὶ
1579 3348 1803 3421 ἐποίησε

195 3423 548 3497 τὸπονηρόν.
597 3427 723 3482 Ἐπὶ
767 3429 958 3485 τούτου
1020 3433 1246 3506 ἐσχίσθη
1304 3438 1337 3506 ὴ
1393 3436 1659 3508 βασιλεία,
1708 3443 1804 3496 καὶ

194 3515 423 3582 ἔμειναν
457 3520 576 3588 μετ’
609 3519 776 3574 αὐτοῦ
815 3524 915 3593 μὲν
967 3524 1026 3577 ἐν
1064 3526 1419 3599 Ἰερουσαλὴμ
1468 3530 1635 3600 φυλαὶ
1685 3532 1799 3598 δύο,

193 3608 232 3676 ἠ
270 3606 444 3661 Ἰούδα
472 3610 628 3681 καὶὴ
679 3611 961 3684 Βενιαμίν
1012 3617 1071 3668 ἐν
1104 3616 1161 3668 δὲ
1189 3619 1256 3688 τῇ
1295 3619 1584 3692 Σαμαρείᾳ
1639 3623 1802 3692 φυλαὶ

193 3696 353 3751 δέκα.
402 3699 527 3752 Ἐπὶ
549 3700 743 3754 τούτου
790 3698 932 3774 ἦσαν
953 3705 1235 3777 προφῆται
1287 3708 1471 3779 Ἀχιάς
1516 3712 1545 3764 6
1567 3711 1803 3782 Σηλωνί-

192 3805 319 3860 της,
347 3791 444 3853 καὶ
462 3791 731 3861 Σαμαίας,
764 3794 859 3847 καὶ
905 3794 1088 3850 Ἀδδώ.
1138 3797 1319 3851 Ἀϐιοῦ
1353 3799 1470 3863 υίὸς
1511 3801 1679 3855 αὐτοῦ
1705 3801 1800 3874 ἔτη

191 3881 346 3953 τρία.
381 3882 496 3935 Καὶ
516 3884 619 3937 οὐκ
656 3880 726 3956 ἦν
759 3887 793 3956 ή
826 3887 1027 3959 καρδία
1073 3888 1238 3943 αὐτοῦ
1283 3890 1484 3958 τελεία,
1515 3893 1592 3959 ὡς
1613 3896 1798 3961 Δαϐὶδ,

192 3972 337 4026 ἀλλὰ
358 3973 629 4045 ἐπορεύθη
660 3977 720 4028 ἐν
741 3979 862 4040 ταῖς
897 3978 1198 4051 ἁμαρτίαις
1239 3981 1335 4035 τοῦ
1375 3984 1583 4056 πατρὸς
1611 3986 1799 4040 αὑτοῢο

192 4064 309 4117 Καὶ
326 4065 425 4118 ἐπὶ
465 4064 657 4120 τούτου
692 4062 764 4139 ἣν
802 4068 966 4123 Ἀδδὼ
995 4072 1024 4124 6
1088 4073 1397 4146 προφήτης.
1463 4075 1634 4130 Ἀσσᾶ
1680 4076 1800 4141 υίὸς

190 4157 360 4211 αὐτοῦ
409 4156 507 4230 ἐτη
546 4166 654 4230 μα’·
685 4159 784 4214 καὶ
815 4160 1041 4233 ἐποίησε
1062 4162 1126 4216 τὸ
1153 4163 1331 4228 εὐθές·
1368 4164 1486 4219 ἀλλ’
1520 4166 1603 4220 ἔτι
1631 4162 1699 4239 ἦν
1728 4169 1800 4223 τὰ

190 4250 396 4321 ὑψηλά.
432 4251 557 4305 Ἐπὶ
582 4253 776 4308 τούτου
824 4249 967 4327 ἦσαν
1019 4255 1300 4327 προφῆται
1372 4255 1631 4329 Ἀζαρίας
1685 4259 1800 4324 υίὸς

202 4343 383 4413 Ὧδὴδ,
439 4344 537 4397 καὶ
596 4345 832 4415 ’Δναμῆ.
873 4347 1142 4417 Ἰωσαφὰτ
1178 4348 1293 4413 υίὸς
1333 4348 1499 4402 αὐτοῦ
1543 4349 1647 4421 ἔτη
1694 4356 1793 4404 κέν’

1906 3163 2112 3216 malum
2144 3168 2284 3217 erat.
2332 3160 2448 3218 Sub
2494 3164 2603 3219 isto
2633 3172 2793 3219 erant
2833 3168 3134 3240 prOpheLm,
3174 3168 3391 3226 Nathan
3440 3180 3496 3230 et

1906 3249 2043 3306 Gad.
2077 3251 2321 3307 Rohoam
2361 3252 2506 3310 ﬁlius
2539 3252 2849 3313 Salomonis
2895 3262 3144 3331 regnavit
3194 3278 3369 3321 annos
3404 3281 3496 3322 se-

1904 3343 2256 3413 ptemdecim,
2287 3352 2343 3400 et
2369 3344 2499 3400 fecit
2527 3348 2676 3418 quod
2702 3349 2907 3405 malum
2931 3359 3082 3420 erat;
3103 3355 3206 3409 sub
3224 3355 3327 3410 hoc
3354 3357 3494 3413 scis-

1906 3449 2026 3489 sum
2056 3441 2142 3488 est
2175 3450 2427 3507 regnum,
2454 3447 2509 3492 et
2542 3450 2865 3496 manserunt
2886 3456 3010 3498 cum
3040 3445 3161 3516 ipso
3191 3447 3248 3501 in
3274 3446 3496 3506 Jerusa-

1904 3524 2009 3579 lem
2033 3525 2212 3582 tribus
2237 3528 2379 3594 duae,
2407 3527 2548 3583 Juda
2569 3538 2623 3586 et
2646 3530 2967 3602 Benjamin;
2996 3536 3053 3590 in
3081 3536 3329 3594 Samaria
3358 3558 3491 3599 vero

1904 3616 2131 3686 reliqua:
2178 3618 2388 3675 decem.
2442 3618 2619 3691 Hujus
2678 3631 2924 3695 tempore
2987 3636 3147 3683 erant
3209 3633 3491 3703 prophetae

1903 3705 2107 3761 Achias
2140 3703 2433 3774 Selonites,
2469 3717 2525 3765 et
2560 3709 2822 3781 Samaeas,
2850 3723 2904 3771 et
2931 3716 3109 3774 Addo.
3136 3717 3307 3776 Abias
3341 3722 3488 3779 ﬁlius

1903 3797 2025 3867 ejus
2058 3799 2309 3869 regnavit
2338 3816 2514 3858 annos
2541 3811 2676 3861 tres.
2717 3805 2829 3861 Cor
2855 3807 3020 3878 hujus
3052 3825 3164 3865 non
3210 3823 3329 3868 erat
3361 3831 3489 3886 per-

1903 3888 2127 3955 fectum,
2161 3891 2304 3947 sicut
2348 3892 2595 3960 Davidis,
2633 3897 2731 3952 sed
2786 3899 3089 3956 ambulavit
3136 3903 3193 3958 in
3241 3908 3486 3977 peccatis

1901 3982 2076 4052 patris
2102 3983 2220 4050 sui;
2243 3984 2347 4039 sub
2374 3984 2481 4041 hoc
2503 3988 2644 4042 vixit
2667 3989 2823 4045 Addo
2861 3992 3146 4063 propheta.
3172 3995 3311 4052 Assa
3338 3999 3484 4058 ﬁlius

1900 4070 2023 4141 ejus
2049 4074 2323 4142 regnavit~
2341 4088 2517 4131 annos
2546 4078 2909 4150 quadraginta
2950 4089 3006 4136 et
3035 4099 3227 4149 unum,
3257 4094 3313 4142 et
3357 4088 3485 4146 fecit

1900 4165 2047 4234 quod
2072 4174 2283 4220 rectum
2302 4173 2440 4234 erat,
2456 4177 2833 4226 verumtamen
2860 4172 3039 4228 adhuc
3059 4185 3214 4230 erant
3232 4180 3481 4252 excelsa;

1902 4254 2010 4334 sub
2058 4256 2165 4312 isto
2215 4258 2495 4328 prophetae
2522 4267 2682 4314 erant
2736 4263 2967 4319 Azarias
3011 4265 3158 4321 ﬁlius
3208 4266 3381 4334 Oded,
3427 4281 3484 4326 et

1899 4325 2119 4401 Ariami.
2149 4325 2416 4419 Josaphat
2451 4348 2596 4406 ﬁlius
2628 4352 2750 4422 ejus
2799 4357 3048 4425 regnavit
3081 4373 3256 4415 annos
3285 4360 3482 4431 viginti

187 4434 290 4487 καὶ
322 4435 552 4506 ἐποίησε
583 4435 646 4489 τὸ
675 4436 852 4500 εὑθέςο
908 4437 1046 4491 ἀλλά
1086 4438 1155 4493 τὰ
1212 4437 1391 4509 ὑψηλά
1417 4438 1499 4493 ἔτι
1556 4440 1790 4513 ὑπῆρχε.

1907 4441 2163 4511 quinque,
2196 4450 2251 4496 et
2278 4441 2408 4498 fecit
2438 4443 2586 4513 quod
2614 4452 2826 4502 rectum
2866 4455 3007 4515 erat,
3034 4457 3274 4506 attamen
3298 4453 3480 4510 adhuc

187 4526 304 4581 Καὶ
338 4527 481 4597 μετὰ
502 4527 678 4582 ταῦτα
712 4529 918 4600 μέμψιν
948 4530 1106 4602 ἔσχεν
1138 4532 1390 4603 ἀνομίας,
1421 4533 1504 4587 ὅτι
1544 4533 1788 4603 ἐφιλίασε

182 4614 269 4687 τῷ
315 4616 537 4690 Ὀχοζίᾳ
578 4618 794 4689 βασιλεί
833 4621 1072 4693 Ἰσραὴλ,
1099 4623 1194 4676 καὶ
1247 4623 1607 4697 ἐκοινώνησεν
1639 4626 1789 4698 αὐτῷ

184 4710 270 4774 εἰς
294 4710 503 4764 πλοίων
532 4713 942 4784 πραγματείαν.
990 4716 1115 4770 Ἐπὶ
1140 4717 1332 4771 τούτου
1381 4714 1525 4791 ἦσαν
1572 4720 1789 4791 προφῆ-

181 4815 278 4853 ται
342 4799 550 4864 Ἠλίας,
612 4801 880 4857 Ἐλισσαιὲ
905 4843 920 4869 ,
960 4805 1243 4875 Μιχαίας,
1310 4807 1406 4861 καί
1468 4807 1569 4862 Ἰοῦ
1614 4812 1643 4862 6
1690 4810 1785 4864 τοῦ

196 4890 435 4960 ’Δναμῆ,
464 4891 559 4944 καὶ
600 4890 789 4965 Ὀζιὴλ
814 4895 843 4946 ὁ
886 4893 982 4948 τοῦ
1018 4896 1312 4968 Ζαχαρίου,
1367 4897 1462 4952 καὶ
1496 4898 1713 4954 Ἐλιαδᾶ
1758 4902 1788 4955 ὁ

179 4980 280 5034 τοῦ
312 4981 465 5044 Ὧδιᾶ
484 4983 597 5036 ἀπὸ
616 4985 892 5057 Μαρισης.
961 4987 1166 5059 Ἰωρὰμ
1223 4990 1338 5053 υίὸς
1382 4990 1550 5044 αὑτοῦ
1585 4990 1681 5062 ἐτη
1709 4999 1780 5062 ηὐ

181 5076 280 5128 καὶ
305 5075 539 5146 ἐποίησε
568 5077 633 5129 τὸ
660 5080 917 5149 πονηρόν.
946 5076 1076 5152 Εἶχε
1103 5081 1213 5153 γὰρ
1238 5084 1474 5150 γυναῖκα
1509 5081 1784 5156 θυγατέρα

196 5166 426 5237 Ἀχαάϐ.
462 5169 575 5221 Καὶ
600 5170 695 5222 ἐπὶ
710 5170 901 5224 τούτου
933 5167 1074 5244 ἦσαν
1120 5173 1304 5238 Ἠλίας
1324 5173 1420 5228 καὶ
1457 5175 1780 5240 Ἐλισσαῖος.

194 5256 446 5327 Ὀχοζίας
468 5259 584 5323 υίὸς
606 5259 773 5312 αὐτοῦ
793 5260 912 5326 ἔτος
944 5270 1014 5317 α’·
1064 5266 1158 5318 καὶ
1190 5265 1415 5338 ἐποίησε
1439 5266 1500 5319 τὸ
1520 5283 1655 5339 πονη
1666 5268 1778 5338 ρόν.

178 5348 314 5401 Μετ’
348 5350 516 5404 αὑτὸν
556 5352 780 5407 Γοθολία
808 5357 841 5426 ή
869 5357 1050 5428 μήτηρ
1080 5358 1246 5411 αὑτοῦ
1289 5358 1385 5429 ἐτη
1426 5359 1588 5413 ἑπτά.
1626 5361 1776 5425 Ἰωᾶς

182 5441 296 5505 υἱὸς
341 5444 587 5514 Ὀχοζίου
618 5444 713 5516 ἔτη
764 5454 835 5517 μ’.
890 5443 1055 5513 Οὗτος
1076 5450 1331 5519 ἐφόνευσε
1360 5452 1659 5525 Ζαχαρίαν,
1682 5454 1777 5506 καὶ

178 5530 403 5603 ἐποίησε
427 5534 491 5586 τὸ
527 5534 686 5598 εύθὲς
706 5535 809 5599 ἕως
844 5537 1023 5590 Ἰωδαὲ
1051 5541 1080 5592 ὁ
1106 5541 1324 5605 συνετὸς
1371 5541 1488 5612 ἔζη,
1527 5543 1620 5595 καὶ
1642 5543 1779 5612 ἐφώ-

173 5638 322 5677 τισεν
351 5625 544 5678 αὐτόν.
572 5626 776 5682 Τοῦτον
835 5628 1162 5684 ἀπέκτειναν
1189 5634 1238 5683 oi
1278 5631 1454 5685 δοῦλοι
1505 5633 1670 5686 αὐτοῦ
1718 5636 1775 5688 ἐν

1896 4540 2056 4587 erant
2085 4532 2323 4588 excelsa.
2354 4531 2553 4589 Postea
2582 4534 2902 4608 obiurgatus
2947 4554 3013 4596 eo
3067 4544 3292 4600 nomine
3350 4544 3476 4615 fuit,

1895 4623 2043 4694 quod
2089 4624 2386 4679 amicitiam
2413 4625 2676 4695 junxerat
2699 4644 2825 4684 cum
2854 4628 3093 4689 Ochozia
3118 4650 3245 4707 rege
3285 4635 3474 4707 Israel,

1893 4722 1949 4770 et
1973 4714 2032 4770 in
2058 4718 2280 4770 nautica
2312 4716 2683 4788 negotiatione
2713 4722 2899 4779 socius
2930 4724 3011 4779 illi
3050 4726 3250 4783 fuerat.
3298 4727 3477 4800 Hujus

1894 4814 2141 4877 tempore
2178 4814 2339 4863 erant
2380 4809 2665 4879 prophetae
2707 4811 2878 4879 Elias,
2932 4814 3145 4884 Elisaee,
3193 4818 3473 4890 Michaas,

1892 4893 2002 4952 Hiu
2054 4896 2198 4953 ﬁlius
2229 4898 2445 4963 Anami,
2475 4900 2624 4956 Oziel
2659 4901 2805 4959 ﬁlius
2840 4903 3144 4975 Zachariae,
3181 4916 3236 4964 et
3281 4908 3473 4967 Eliada

1888 4985 2039 5044 Odia:
2059 4989 2127 5044 de
2154 4988 2372 5047 Marisa.
2400 4990 2587 5047 Joram
2618 4993 2766 5050 ﬁlius
2796 4994 3059 5067 Josaphat
3084 5001 3332 5069 regnavit
3368 5017 3472 5056 an-

1885 5097 1989 5138 nos
2026 5091 2174 5149 octo,
2209 5093 2265 5140 et
2308 5086 2439 5141 fecit
2476 5088 2624 5158 quod
2651 5091 2855 5145 malum
2895 5099 3033 5148 erat.
3071 5091 3276 5149 Hubuit
3320 5098 3472 5152 enim

1885 5190 2114 5232 uxorem
2159 5176 2327 5232 ﬁliam
2368 5179 2597 5236 Achaab
2623 5200 2638 5237 :
2666 5181 2833 5252 hujus
2874 5199 2991 5241 aevo
3034 5196 3150 5241 erat
3190 5188 3470 5257 propheta

1884 5266 2035 5324 Elias
2066 5276 2120 5324 ct
2164 5268 2400 5328 Eliseus.
2438 5271 2707 5330 Ochozias
2740 5275 2888 5331 ﬁlius
2923 5277 3044 5346 ejus
3075 5279 3322 5347 regnavit
3368 5295 3469 5335 an-

1884 5376 2018 5415 num
2050 5377 2241 5428 unum,
2276 5371 2331 5419 et
2381 5365 2510 5422 fecit
2542 5368 2688 5436 quod
2730 5368 2931 5422 malum
2965 5379 3102 5423 erat.
3145 5369 3275 5426 Post
3317 5373 3466 5430 hunc

1884 5456 2135 5523 regnavit
2171 5465 2348 5513 mater
2377 5459 2551 5529 ipsius
2581 5459 2834 5516 Gotholia
2869 5477 3044 5517 annos
3077 5475 3305 5534 septem.
3333 5466 3467 5523 Joas

1885 5544 2032 5601 ﬁlius
2060 5544 2313 5603 Ochoziaa
2347 5552 2595 5621 regnavit
2621 5567 2796 5607 annos
2832 5553 3214 5624 quadraginta.
3240 5554 3349 5612 Iste
3377 5572 3469 5613 0οτ

1882 5636 2016 5692 cidit
2039 5636 2385 5709 Zachariam,
2409 5648 2462 5697 et
2483 5641 2656 5698 donec
2678 5640 2829 5698 Joda:
2855 5644 2938 5698 vir
2968 5646 3209 5717 prudens
3233 5648 3464 5716 viveret,

240 5779 356 5852 (tl)
391 5779 624 5837 Titulus
653 5781 897 5853 adjectus
927 5784 1029 5842 fuit
1057 5786 1126 5844 ab
1138 5782 1462 5847 editoribus
1487 5787 1916 5847 Parisiensibus.
