3886 6182
405 302 516 360 325

1576 307 1635 364 S.
1676 304 2148 362 ATIIANASIUS.
2183 335 2254 346 —
2281 303 2492 360 DUBIA

3575 301 3677 356 εει

409 435 441 474 a
483 435 594 491 quo
621 419 1035 487 instituebatur,
1069 419 1201 476 fecit
1229 421 1376 492 quod
1403 428 1614 476 rectum
1654 429 1796 476 erat.
1833 420 1982 474 Ilunc

2092 419 2226 488 οἴκῳ
2265 414 2520 471 Μαελώθ.
2587 414 2709 468 Ἐπὶ
2751 413 2942 468 τούτου
2997 412 3368 485 ἐπροφήτευεν
3426 410 3679 484 ’Δζαρίας

407 512 806 567 interfecerunt
854 513 1028 583 ipsius
1059 515 1210 569 servi
1241 515 1296 569 in
1330 514 1492 568 domo
1522 513 1790 580 Maeloth;
1821 513 1988 581 hujus

409 615 653 675 tempore
698 607 1044 676 prophetavit
1074 608 1300 663 Azarias
1337 609 1480 663 ﬁlius
1526 607 1698 662 ludat.
1740 607 1988 662 Amesias

409 699 556 753 ﬁlius
594 699 714 768 ejus
763 699 1012 769 regnavit
1041 715 1216 755 annos
1247 701 1439 770 viginti
1486 715 1703 762 novem,
1756 709 1811 752 et
1861 698 1990 753 fecit

408 789 564 844 initio
621 791 771 860 regni
818 791 962 859 quod
1010 800 1220 845 rectum
1254 801 1392 855 erat,
1443 793 1535 847 sed
1575 808 1682 846 non
1713 795 1856 846 sicut
1885 791 1988 845 Da-

407 879 497 934 vid
528 898 540 933 :
573 895 698 933 nam
738 881 917 934 adhuc
947 883 1181 950 populus
1216 882 1535 937 immolabat
1567 883 1621 936 in
1655 883 1910 947 excelsis,
1935 893 1989 938 et

409 972 566 1028 lucos
595 988 703 1026 non
742 975 944 1027 excidit
971 993 982 1027 :
1009 975 1112 1028 sub
1144 975 1246 1028 hoc
1278 975 1674 1044 prophetarum
1705 975 1988 1045 prophetae

409 1065 657 1134 quidam,
687 1080 919 1134 quorum
953 1074 1136 1120 tamen
1191 1068 1412 1120 nomina
1457 1069 1661 1138 scripta
1691 1085 1800 1122 non
1832 1076 1982 1125 sunt.

406 1153 702 1224 Postquam
722 1171 851 1210 vero
873 1171 968 1209 eos
991 1157 1080 1225 qui
1107 1157 1160 1210 in
1193 1155 1315 1212 Seir
1347 1159 1665 1212 habitabant
1684 1160 1976 1228 percussit,

407 1247 462 1302 in
485 1248 793 1316 superbiam
812 1249 988 1302 elatus
1009 1255 1111 1312 est,
1134 1249 1276 1302 idola
1297 1250 1658 1304 habitantium
1675 1252 1729 1304 in
1755 1250 1875 1306 Seir
1893 1267 1988 1306 co-

409 1339 529 1404 luit,
549 1347 602 1395 et
619 1340 671 1392 in
689 1355 883 1395 manus
896 1341 1131 1394 hostium
1151 1340 1403 1403 traditus,
1423 1358 1717 1411 percussus
1733 1350 1837 1400 est.
1855 1347 1989 1398 Aza-

407 1429 540 1492 rias,
558 1431 648 1499 qui
665 1429 907 1493 etOzias,
928 1445 1101 1486 annos
1115 1432 1513 1501 quinquaginta
1531 1432 1638 1487 duo
1654 1453 1666 1499 ;
1683 1441 1735 1489 et
1750 1434 1984 1504 primum

413 1519 557 1589 quod
579 1528 787 1574 rectum
805 1527 923 1572 erat
948 1519 1100 1583 fecit,
1127 1519 1272 1574 sicut
1293 1529 1346 1575 et
1369 1529 1520 1588 pater
1550 1521 1744 1590 ipsius,
1767 1522 1986 1576 excelsa

408 1615 589 1664 tamen
609 1626 715 1664 non
734 1611 978 1667 abstulit.
997 1610 1134 1664 Cum
1159 1621 1337 1666 autem
1363 1627 1622 1681 prospere
1643 1627 1755 1665 rem
1777 1620 1982 1681 ageret,

408 1705 587 1757 elatus
612 1711 696 1758 est
727 1704 933 1766 animo,
965 1705 1248 1772 voluitque
1273 1719 1368 1772 per
1398 1703 1640 1772 seipsum
1674 1703 1891 1759 adolere
1925 1705 1979 1758 in

2096 506 2416 581 [Ζαχαρίας]
2467 506 2584 569 υἱὸς
2627 504 2830 560 Ἰωδαέ.
2900 505 3159 575 Ἀμεσίας
3208 504 3325 568 υἱὸς
3381 503 3548 556 αὐτοῦ
3583 504 3676 576 ἐτη

2091 597 2194 649 7.0“
2229 597 2323 649 καὶ
2355 595 2610 664 ἐποίησεν
2675 595 2733 645 ἐν
2785 594 2925 664 ἀρχῇ
2966 593 3028 646 τὸ
3070 592 3245 656 εὺθὲς,
3304 592 3417 646 ἀλλ’
3472 593 3570 663 οὐχ
3602 594 3678 657 ὡς

2090 689 2272 742 Δαϐίδ·
2302 687 2382 740 ἔτι
2409 686 2518 758 γὰρ
2545 689 2573 738 6
2601 685 2728 748 λαὸς
2765 684 3045 748 ἐθυσίαζεν
3075 687 3131 736 ἐν
3165 687 3276 747 τοῖς
3317 683 3562 753 ὑψηλοῖς,
3585 684 3677 737 καὶ⁸

2087 781 2156 833 τὰ
2189 781 2326 851 ἄλση
2352 779 2453 831 οὐκ
2481 777 2663 848 ἐξῆρε.
2718 777 2828 828 Καὶ
2883 776 2974 828 ἐπὶ
3015 775 3207 828 τούτου
3261 777 3676 845 ἐπροφήτευσαν

2089 873 2388 943 προφῆταν
2419 870 2534 924 ἀλλ’
2560 872 2661 923 οὐκ
2706 869 3029 942 ἐγράφησαν
3071 868 3140 921 τὰ
3182 868 3422 936 ὀνόματα
3474 868 3671 921 αὐτῶν.

2087 965 2241 1019 Μετὰ
2309 964 2482 1017 ταῦτα
2550 963 2759 1033 μέντοι,
2818 961 3098 1032 Ἀμεσίας,
3144 959 3394 1025 πατάξας
3454 961 3580 1022 τοὺς
3617 961 3674 1013 ἐν

2087 1059 2272 1131 Σηεὶρ,
2288 1058 2526 1129 ἐπήρθη,
2544 1056 2636 1109 καὶ
2659 1056 2948 1125 ἐλάτρευσε
2968 1057 3082 1116 τοῖς
3095 1052 3332 1116 εἰδώλοις
3359 1053 3468 1106 τῶν
3490 1054 3671 1126 Σηεὶρ,

2086 1152 2182 1204 καὶ
2237 1150 2521 1220 ἐπατάχθη
2569 1147 2896 1219 παραδοθεὶς
2949 1148 3062 1209 τοῖς
3120 1145 3356 1215 ἐχθροῖς.
3399 1144 3671 1214 ’Δζαρίας,

2087 1243 2248 1306 αὑτός
2311 1245 2457 1296 ἐστιν
2503 1240 2704 1306 Ὀζίας,
2738 1240 2834 1310 ἐτη
2885 1238 2985 1309 νβ”
3032 1238 3126 1291 καὶ
3165 1237 3388 1301 ἐποίησε
3411 1238 3553 1291 κατὰ
3575 1237 3673 1308 τὴν

2086 1336 2259 1407 ἀρχὴν
2292 1335 2351 1388 τὸ
2373 1335 2548 1398 εὐθές,
2571 1334 2645 1396 ὡς
2678 1335 2706 1385 6
2751 1332 2943 1402 Πατὴρ
2989 1328 3176 1383 αὐτοῦ·
3226 1329 3363 1399 πλὴν
3397 1329 3464 1381 τὰ
3496 1328 3674 1400 ὑψηλὰ

2085 1430 2184 1482 οὐκ
2210 1427 2420 1499 ἐξῆρεν.
2474 1425 2842 1494 Εὑοδούμενος
2894 1423 2951 1475 δὲ
2997 1422 3232 1494 ἐπήρθη,
3287 1423 3380 1474 καὶ
3412 1421 3673 1490 ἠθέλησεν

2085 1519 2262 1590 ἐαυτῷ
2293 1519 2552 1589 θυμιάσαι
2577 1519 2633 1570 ἐν
2657 1517 2736 1588 τῷ
2765 1515 2900 1586 ναῷ,
2923 1517 3059 1586 ὅπερ
3092 1515 3272 1584 μόνοις
3293 1517 3405 1576 τοῖς
3437 1513 3672 1584 ἱερεῦσιν

2085 1613 2280 1679 ἔξεστι.
2307 1612 2398 1665 Διὸ
2418 1611 2511 1664 καὶ
2536 1608 2840 1680 ὲλεπρώθη.
2868 1607 3125 1670 ἀκούσας·
3180 1625 3199 1656 ‹
3242 1606 3316 1658 Οὐ
3351 1606 3453 1664 σοὶ,
3499 1605 3668 1668 Ὀζία,

2086 1704 2347 1776 θυμιᾶσαι
2395 1704 2473 1774 τῷ
2520 1702 2729 1773 Κυρίῳ,
2788 1699 2924 1753 ἀλλὰ
2971 1701 3085 1760 τοῖς
3145 1695 3350 1767 ἱερεῦσι
3388 1698 3502 1758 τοῖς
3537 1697 3672 1758 υἱοῖς

405 1796 630 1865 templo,
664 1796 808 1866 quod
832 1796 964 1851 solis
993 1796 1372 1850 sacerdotibus
1397 1796 1615 1851 licebat.
1641 1797 1982 1866 Quapropter

2099 1796 2330 1869 Ἀαρὼν,
2379 1799 2492 1859 τοῖς
2539 1793 2917 1865 ἡγιασμένοις.
2951 1808 2970 1840 ι
3043 1789 3166 1841 Ἐπὶ
3207 1787 3395 1839 τούτου
3430 1789 3673 1856 προεφή-

405 1894 461 1941 et
495 1887 644 1956 lepra
677 1903 973 1958 percussus
1002 1896 1105 1952 est,
1147 1894 1436 1958 postquam
1472 1887 1714 1942 audisset
1748 1906 1761 1942 :
1805 1907 1824 1939 ‹
1862 1887 1982 1942 Νοη

405 1987 560 2033 tuum
592 1988 697 2044 est,
737 1979 890 2046 Ozia,
923 1980 1144 2034 adolere
1188 1979 1441 2043 Domino,
1489 1979 1583 2034 sed
1632 1980 1984 2035 sacerdotum

406 2070 644 2125 ﬁliorum
670 2073 851 2127 Aaron
875 2112 891 2136 ,
921 2072 1016 2142 qui
1050 2072 1376 2127 sanctiﬁcati
1419 2080 1548 2126 sunt
1577 2071 1659 2126 8°:
1699 2092 1718 2125 ι
1750 2073 1851 2128 sub
1882 2073 1985 2127 hoc

405 2163 752 2233 prophetavit
800 2163 994 2219 Isaias.
1035 2163 1269 2219 Joathan
1305 2165 1450 2219 ﬁlius
1477 2164 1596 2234 ejus
1624 2179 1798 2219 annos
1828 2164 1984 2219 sede-

405 2255 536 2321 cim,
572 2264 625 2310 et
675 2255 804 2310 fecit
855 2256 1003 2326 quod
1055 2266 1262 2311 rectum
1317 2263 1469 2319 erat,
1524 2256 1981 2325 quemadmodum

403 2354 560 2416 pater
593 2348 734 2416 ejus,
763 2357 1138 2417 verumtamen
1171 2349 1384 2403 excelsa
1417 2363 1527 2403 non
1557 2358 1640 2404 est
1667 2349 1980 2412 demolitus,

403 2447 459 2494 et
495 2439 598 2496 sub
626 2440 730 2494 hoc
760 2447 878 2495 erat
931 2441 1125 2494 Isaias.
1162 2439 1345 2494 Achaz
1377 2440 1519 2496 ﬁlius
1568 2440 1689 2509 ejus
1733 2441 1983 2510 regnavit

407 2546 583 2586 annos
612 2532 871 2597 sedecim,
891 2539 944 2587 et
975 2531 1104 2588 fecit
1127 2534 1272 2602 quod
1299 2533 1501 2586 malum
1534 2543 1683 2599 erat;
1716 2533 1770 2587 in
1790 2533 1984 2589 diebus

405 2623 527 2692 ejus
550 2632 708 2678 erant
736 2625 1014 2694 propheta:
1057 2625 1228 2680 Isaias
1256 2633 1309 2680 et
1336 2625 1507 2680 Oded.
1543 2625 1806 2681 Ezechias
1840 2627 1983 2682 ﬁlius

402 2713 528 2782 ejus
561 2729 738 2768 annos
795 2715 989 2784 viginti
1044 2729 1260 2779 novem,
1297 2727 1352 2770 et
1412 2714 1542 2770 fecit
1587 2714 1732 2784 quod
1774 2724 1982 2770 rectum

405 2811 546 2870 erat,
595 2804 740 2860 sicut
791 2802 960 2856 David
1017 2806 1288 2873 perfecte;
1341 2803 1445 2858 iste
1492 2804 1717 2859 abstulit
1757 2819 1984 2874 serpen-

405 2904 516 2952 tem
577 2911 813 2964 mneum,
861 2913 1022 2967 quem
1061 2897 1423 2968 suspenderat
1453 2894 1707 2967 Moyses;
1747 2897 1850 2952 sub
1876 2898 1982 2952 hoc

403 3004 623 3060 quoque
652 2999 770 3044 erat
831 2990 1026 3047 Isaias.
1077 2987 1186 3044 Isto
1229 2999 1490 3058 regnante
1538 2988 1890 3043 Senacherim
1928 2996 1984 3044 et

404 3079 688 3149 Rapsakes
744 3079 954 3151 Assyrii
1014 3080 1304 3135 Dominum
1354 3080 1824 3150 blasphemarunt,
1887 3082 1981 3150 qui

403 3171 625 3242 quidem
653 3179 839 3240 postea
870 3173 1117 3241 percussi
1150 3179 1301 3232 sunt,
1337 3181 1449 3226 tum
1481 3180 1663 3226 autem
1691 3187 1801 3226 una
1822 3181 1983 3228 nocte

405 3262 535 3316 cazsi
587 3269 716 3315 sunt
747 3261 816 3316 ab
846 3263 1038 3331 angelo
1076 3261 1331 3326 185,000.
1383 3261 1650 3316 Ezechias
1678 3277 1808 3316 vero
1855 3277 1984 3316 cum

403 3360 716 3423 egrotaret,
755 3352 940 3421 etjam
972 3353 1276 3407 moriturus
1317 3360 1485 3416 esset,
1524 3353 1591 3407 ad
1638 3355 1983 3424 prorogatio-

403 3459 530 3499 nem
573 3445 698 3499 vitae
726 3459 900 3499 annos
932 3444 1000 3498 I5
1042 3443 1271 3513 accepit.
1331 3443 1611 3500 Manasses
1669 3445 1813 3500 ﬁlius
1850 3444 1986 3500 Ezeo

404 3537 561 3600 Chiae,
599 3551 773 3591 annos
797 3537 887 3601 55,
919 3544 970 3591 et
1001 3535 1204 3589 malum
1241 3535 1391 3593 fecit.
1422 3535 1554 3602 Quae
1578 3551 1816 3606 namque
1850 3536 1984 3593 Eze-

406 3627 564 3682 chias
582 3639 734 3696 pater
752 3627 872 3697 ejus
904 3627 1198 3682 demolitus
1226 3626 1426 3693 fuerat,
1448 3628 1564 3698 ipse
1590 3629 1830 3685 restituit
1855 3647 1870 3694 ;
1905 3630 1985 3683 al-

403 3727 489 3774 ter
517 3717 806 3772 Jeroboam
841 3718 1020 3774 factus
1045 3717 1221 3782 Judae,
1255 3719 1327 3773 ita
1354 3726 1416 3773 ut
1444 3720 1608 3790 hujus
1640 3735 1808 3777 causa
1838 3721 1983 3777 idem

407 3805 669 3859 acciderit
696 3804 1020 3872 Jerusalem,
1072 3808 1217 3878 quod
1258 3809 1415 3878 112
1457 3808 1737 3865 Samariae.
1774 3811 1850 3867 De
1889 3813 1983 3867 illo

405 3911 643 3968 namque
669 3898 872 3952 dictum
901 3906 986 3954 est
1013 3915 1026 3952 :
1055 3917 1075 3950 ι
1108 3899 1209 3966 Qui
1234 3917 1464 3970 peccare
1493 3901 1834 3958 fecitJudam
1857 3905 1926 3958 ⁸⁷.
1959 3922 1977 3955 ι

404 3989 590 4055 Quare
615 3998 669 4045 et
698 3992 752 4046 in
782 3990 1113 4062 Babylonem
1141 3994 1393 4063 captivus
1442 3993 1714 4049 adductus
1755 4002 1861 4050 est.
1921 3995 1980 4050 In

404 4083 723 4152 captivitate
753 4090 933 4137 tamen
965 4083 1322 4149 constitutus,
1369 4092 1429 4139 ut
1467 4085 1521 4139 in
1550 4084 1982 4156 Paralipomenis

404 4173 670 4242 scriptum
703 4180 806 4237 est,
832 4174 1209 4243 pmnitentiam
1243 4177 1386 4244 egit:
1424 4191 1545 4246 quae
1576 4191 1743 4233 causa
1785 4177 1890 4232 fuit
1924 4185 1983 4232 ut

406 4265 558 4318 illum
592 4264 734 4320 Deus
773 4267 827 4319 in
860 4263 1163 4320 Jerusalem
1194 4265 1492 4330 reduxerit,
1523 4265 1617 4320 ubi
1666 4274 1718 4321 et
1753 4282 1981 4336 regnpm

404 4356 770 4425 recuperavit.
820 4354 1117 4426 Postquam
1162 4371 1292 4412 vero
1325 4357 1704 4426 pcenitentiam
1753 4358 1978 4426 egisset,

2085 1906 2275 1943 τευσεν
2343 1890 2588 1950 Ἡσαΐας.
2638 1884 2877 1954 Ἰωάθαμ
2930 1882 3044 1944 υἱὸς
3105 1879 3268 1934 αὑτοῦ
3306 1879 3398 1949 ἐτη
3430 1885 3524 1942 ις’·
3578 1877 3671 1929 καὶ

2087 1983 2309 2052 ἐποίησε
2328 1982 2389 2035 τὸ
2417 1981 2592 2044 εὑθές,
2625 1979 2700 2042 ὡς
2726 1979 2754 2030 6
2785 1976 2969 2046 πατὴρ
3004 1973 3190 2029 αὑτοῦ⁸
3224 1972 3362 2042 πλὴν
3392 1972 3461 2023 τὰ
3491 1969 3672 2040 ὑψηλὰ

2085 2076 2186 2128 οὐκ
2209 2073 2390 2144 ἐξῆρε.
2426 2073 2539 2126 Kal
2568 2071 2660 2124 ἐπὶ
2698 2069 2889 2122 τούτου
2937 2064 3005 2138 ἦν
3045 2065 3291 2128 Ἡσαΐας.
3341 2062 3528 2133 Ἀχὰζ,
3555 2062 3672 2124 υἱὸς

2084 2169 2269 2233 αὐτοῦ,
2305 2168 2400 2238 ἐτη
2457 2166 2550 2232 ις·”
2603 2167 2696 2220 καὶ
2727 2165 2953 2233 ἐποίησε
3006 2163 3067 2215 τὸ
3122 2160 3382 2231 πονηρόν.
3437 2159 3550 2212 Kal
3579 2159 3672 2210 ἐπὶ

2083 2261 2274 2315 τούτου
2331 2256 2399 2330 ἦν
2444 2257 2673 2322 Ἡσαΐας
2725 2255 2820 2309 καὶ
2875 2253 3026 2325 Ὤδὴδ
3068 2254 3363 2324 προφῆται.
3423 2248 3672 2312 Ἐζεκίας

2083 2353 2197 2415 υίὸς
2229 2351 2391 2406 αὐτοῦ
2427 2350 2523 2420 ἔτη
2556 2349 2657 2403 κθ’⁶
2689 2349 2782 2402 καὶ
2831 2346 3056 2416 ἐποίησε
3107 2344 3167 2396 τὸ
3199 2342 3374 2405 εὺθές,
3400 2341 3476 2403 ὡς
3507 2338 3673 2393 Δαὸὶδ

2084 2443 2322 2506 τελείως.
2370 2437 2538 2504 Οὗτος
2595 2439 2813 2494 καθεῖλε
2865 2437 2955 2491 τὸν
3012 2437 3135 2505 ὅφιν
3182 2434 3274 2488 τὸν
3324 2432 3576 2504 χαλκοῦν,
3612 2429 3672 2483 ὃν

2085 2536 2361 2607 ἐκρέμασε
2388 2533 2649 2604 Μωῦσῆς.
2682 2533 2794 2585 Kal
2826 2529 2916 2584 ἐπὶ
2949 2530 3137 2582 τούτου
3163 2523 3236 2598 ῆν
3259 2525 3504 2588 Ἡσαΐας.
3547 2523 3674 2575 Ἐπὶ

2082 2629 2270 2682 τούτου
2322 2626 2661 2697 Σεναχηρεὶμ
2716 2624 2811 2678 καὶ
2873 2621 3184 2690 Ῥαψάκης,
3245 2620 3294 2671 οἱ
3362 2615 3665 2686 Ἀσσύριοι,

2085 2718 2553 2790 βλασφημοῦντες,
2598 2715 2988 2786 ἐπατάχθησαν
3013 2713 3108 2783 μὲν
3131 2711 3285 2764 αὐτοὶ
3311 2707 3449 2780 μετὰ
3471 2707 3668 2771 ταῦτα,

2082 2811 2141 2863 ἐν
2175 2811 2272 2880 μιᾷ
2303 2810 2360 2862 δὲ
2419 2808 2576 2863 νυκτὶ
2637 2807 2874 2878 χιλιάδες
2927 2811 3067 2876 ρπε’.
3117 2801 3377 2868 Ἐξελθὼν
3441 2797 3673 2868 ἄγγελος

2083 2903 2280 2955 ἀνεῖλε.
2332 2902 2585 2971 Νοσήσας
2645 2901 2704 2953 δὲ
2783 2898 3055 2962 Ἐζεκίας,
3109 2896 3203 2949 καὶ
3271 2894 3478 2964 μέλλων
3537 2893 3674 2944 ἀπο-

2084 2993 2356 3064 θνήσκειν,
2383 2991 2542 3045 ἕλαϐε
2575 2990 2896 3062 προσθήκην
2945 2987 3040 3058 ἐτη
3095 2993 3176 3039 ιε’.
3229 2987 3530 3055 Μανασσῆς
3558 2983 3673 3048 uit;
3703 2972 3714 2984 ’

2084 3081 2247 3136 αὐτοῦ
2277 3081 2371 3152 ἐτη
2400 3087 2492 3133 vs"
2517 3081 2609 3133 καὶ
2635 3079 2858 3149 ἐποίησε
2874 3077 2933 3130 τὸ
2964 3076 3216 3148 πονηρόν.
3256 3069 3356 3129 Οἷα
3391 3076 3500 3147 γάρ
3533 3093 3673 3128 κατ-

2010 3138 2052 3194 C
2089 3173 2324 3242 ἐσκαψεν
2360 3138 2371 3152 ι
2393 3170 2662 3234 Ἐζεκίας,
2715 3138 2888 3223 ταῦτα
2922 3138 3119 3230 οὗτος..
3140 3138 3417 3237 ἁνήγειρεί
3456 3138 3549 3218 καὶ
3580 3165 3674 3233 γέ-

2082 3282 2240 3335 γονεν
2266 3264 2424 3326 ἄλλος
2467 3260 2751 3334 Ίεροὸοὰμ
2785 3259 2865 3330 τῷ
2904 3259 3094 3319 Ἰούδα,
3122 3256 3386 3311 ὥστεκαὶ
3417 3255 3484 3308 δι’
3508 3255 3674 3308 αὑτὸν

2083 3358 2276 3412 παθεῖν
2301 3357 2400 3427 τὴν
2434 3353 2809 3426 Ἰερουσαλὴμ,
2839 3352 2914 3414 ὡς
2933 3351 3034 3422 τὴν
3062 3348 3395 3420 Σαμάρειαν.
3426 3347 3537 3400 Kal
3561 3345 3674 3418 γὰρ

2083 3453 2171 3505 ἐπ’
2199 3449 2364 3505 αὐτοῦ
2400 3448 2614 3519 ἐλέχθη·
2652 3466 2670 3499 ‹
2719 3449 2814 3510 Ὃς
2847 3445 3123 3516 ἐξήμαρτε
3171 3443 3262 3496 τὸν
3298 3441 3550 3495 Ἰούδαν-ι
3590 3441 3674 3494 διὸ

2083 3545 2177 3598 καὶ
2209 3542 2552 3614 αἰχμάλωτος
2584 3539 2803 3611 ἀπήχθη
2840 3539 2920 3602 εἰς
2972 3536 3290 3589 Βαϐυλῶνα.
3329 3533 3466 3586 Ἀλλ’
3490 3535 3547 3585 ἐν
3600 3535 3670 3603 τῇ

2083 3635 2452 3708 αἰχμαλωσίᾳ,
2485 3635 2561 3697 ὡς
2581 3635 2638 3686 ἐν
2665 3634 2788 3694 ταῖς
2830 3627 3307 3702 Παραλιπομέναις
3339 3624 3670 3696 γέγραπται,

2088 3729 2496 3800 μετανοήσαντα
2521 3725 2686 3778 αὑτὸν
2713 3722 3046 3793 ἐπέστρεψεν
3075 3723 3102 3773 ὁ
3141 3719 3274 3781 Θεὸς
3305 3718 3384 3780 εἰς
3429 3716 3528 3785 τὴν
3572 3714 3674 3766 Ἰε-

2085 3819 2386 3893 ρουσαλὴμ,
2417 3817 2512 3871 καὶ
2535 3816 2698 3869 πάλιν
2752 3812 3076 3867 ἀντελάϐετο
3107 3811 3204 3880 τῆς
3241 3807 3538 3878 βασιλείας·
3573 3821 3674 3874 με-

2082 3911 2288 3966 τανοῶν
2321 3927 2381 3963 τε
2408 3911 2504 3964 καὶ
2527 3909 2793 3962 διδάσκων
2823 3906 2915 3959 τὸν
2958 3903 3086 3958 λαὸν
3141 3900 3409 3954 δουλεύειν
3439 3897 3519 3968 τῷ
3547 3896 3674 3968 Θεῴ

2085 4002 2456 4073 ἐτελεύτησεν.
2505 4002 2620 4054 Οὐκ
2664 3999 2836 4070 ἐτάφη
2870 3998 2928 4051 δὲ
2952 3997 3009 4049 ἐν
3056 3994 3208 4047 πόλει
3235 3991 3414 4045 Δαϐίδ·
3461 3989 3574 4043 ἀλλ’
3609 3990 3671 4042 ἐν

2082 4090 2160 4162 τῷ
2182 4093 2342 4161 κήπῳ
2370 4089 2556 4154 αὐτοῦ,
2618 4091 2676 4142 ἐν
2708 4089 2870 4160 κήπῳ
2905 4086 3054 4151 Ὀζᾶ.
3099 4082 3280 4154 Ἀμὼς
3302 4084 3331 4135 6
3355 4081 3466 4144 υίὸς
3500 4078 3669 4134 αὑτοῦ

2082 4182 2431 4235 ἐϐασίλευσεν
2479 4180 2572 4250 ἔτη
2630 4179 2694 4249 β’·
2727 4180 2822 4232 καὶ
2881 4178 3104 4247 ἐποίησε
3144 4175 3204 4228 τὸ
3252 4172 3506 4245 πονηρὸν,
3537 4171 3610 4234 ὡς
3639 4174 3671 4226 6

2085 4272 2262 4346 πατὴρ
2295 4271 2458 4325 αὐτοῦ
2492 4270 2810 4340 Μανασσῆς⁸
2844 4270 2938 4323 καὶ
2954 4268 3172 4320 ’ἀνεῖλον
3213 4264 3372 4318 αὑτὸν
3401 4265 3449 4316 οἱ
3478 4262 3670 4324 παῖδες

2083 4366 2267 4428 αὐτοῦ,
2288 4365 2380 4418 καὶ
2401 4365 2572 4433 ἐτάφη
2605 4365 2661 4416 ἐν
2695 4362 2775 4433 τῷ
2829 4364 2989 4432 κήπῳ
3024 4360 3173 4424 Ὀζᾶ,
3215 4358 3343 4411 ἔνθα
3375 4357 3520 4410 καὶὸ
3554 4373 3669 4408 πα-

403 4455 460 4503 et
513 4449 794 4517 populum,
842 4457 902 4501 ut
945 4447 1056 4503 Deo
1100 4450 1355 4515 serviret,
1406 4449 1706 4512 docuisset,
1759 4450 1978 4505 tandem

2086 4456 2190 4527 τὴρ
2223 4454 2410 4508 αὐτοῦ.
2443 4454 2653 4516 Ἰωσίας
2682 4455 2796 4515 υἱὸς
2822 4449 2986 4504 αὑτοῦ
3020 4449 3115 4519 ἐτη
3135 4449 3237 4502 λα’.
3263 4447 3460 4500 Τοῦτον
3488 4447 3516 4498 6
3537 4445 3672 4508 λαὸς

406 4547 658 4592 mortuus
688 4547 792 4592 est.
825 4536 884 4592 In
908 4539 1128 4595 civitate
1152 4549 1333 4596 tamen
1357 4539 1526 4594 David
1558 4557 1668 4595 non
1691 4548 1774 4595 est
1801 4542 1985 4610 sepul-

405 4638 518 4694 tus,
550 4631 644 4685 sed
678 4630 735 4684 in
768 4630 931 4684 horto
971 4647 1092 4696 suo,
1127 4632 1184 4686 in
1226 4632 1387 4686 horto
1417 4631 1584 4688 Hoza.
1629 4633 1798 4688 Amos
1837 4633 1981 4688 ﬁlius

403 4720 526 4789 ejus
547 4721 795 4789 regnavit
815 4735 992 4775 annos
1019 4722 1179 4786 duos,
1204 4730 1257 4776 et
1289 4723 1416 4778 fecit
1441 4723 1587 4792 quod
1613 4724 1816 4777 malum
1840 4731 1978 4788 erat,

406 4812 549 4867 sicut
579 4819 734 4882 pater
755 4813 875 4882 ejus
901 4813 1180 4870 Manasses
1208 4821 1264 4869 et
1297 4815 1618 4870 occiderunt
1646 4815 1796 4868 illum
1824 4817 1981 4886 pueri

405 4902 602 4972 ipsius.
639 4904 994 4974 sepultusque
1027 4911 1111 4958 est
1145 4904 1199 4958 in
1240 4905 1402 4959 horto
1447 4903 1619 4968 Hoza,
1661 4904 1719 4959 in
1752 4921 1860 4974 quo
1891 4921 1981 4961 se-

403 4997 590 5066 pultus
623 5004 781 5052 estet
811 5007 964 5068 pater
991 4997 1186 5067 ipsius.
1230 4995 1411 5052 Josias
1450 4997 1594 5052 ﬁlius
1634 4997 1755 5066 ejus
1787 5013 1980 5069 regna-

404 5089 482 5142 vit
514 5103 688 5144 annos
716 5089 805 5142 5i.
839 5088 997 5142 Hunc
1050 5089 1284 5158 populus
1329 5104 1510 5158 regem
1571 5093 1797 5151 creavit,
1853 5105 1979 5142 cum

405 5189 579 5230 annos
609 5183 735 5230 octo
762 5183 924 5231 natus
971 5185 1140 5240 esset,
1171 5184 1226 5231 et
1258 5176 1386 5231 fecit
1416 5178 1563 5247 quod
1593 5186 1802 5232 rectum
1835 5185 1976 5243 erat,

405 5265 810 5336 ambulavitque
840 5266 896 5320 in
924 5266 1071 5319 omni
1100 5266 1185 5320 via
1219 5264 1410 5330 David,
1447 5282 1549 5322 nec
1585 5267 1877 5323 declinavit
1909 5268 1979 5322 ad

405 5357 707 5422 dexteram,
739 5357 825 5412 vel
858 5357 924 5411 ad
956 5357 1257 5413 sinistram.
1291 5357 1502 5413 Etenim
1532 5360 1686 5415 lucos
1717 5359 1974 5425 succidit,

404 5457 459 5501 et
501 5451 684 5502 omnia
731 5450 1025 5504 simulacra
1063 5450 1304 5514 sustulit,
1345 5466 1469 5505 cum
1519 5466 1786 5506 annorum
1833 5460 1979 5506 esset

401 5541 677 5610 sedecim;
716 5543 884 5616 legem
923 5559 1054 5599 vero
1103 5543 1198 5599 Dei
1234 5543 1505 5613 quaesivit,
1544 5551 1748 5598 etcum
1792 5543 1978 5614 negle-

470 5741 520 5775 ⁸⁸
558 5739 603 5796 ιι
633 5741 809 5801 Paral.
836 5760 997 5813 xxvr,
1037 5746 1122 5802 l8.
1189 5747 1244 5829 ,⁸⁷
1283 5745 1329 5801 ll
1381 5743 1556 5803 Paral.
1592 5760 1758 5802 xxxix
1789 5787 1801 5801 .
1837 5744 1891 5801 9.

2086 4547 2274 4618 ήγειρε
2311 4544 2556 4615 βασιλέα,
2581 4543 2718 4596 ἐτῶν
2761 4543 2888 4596 ὄντα
2919 4540 3082 4594 ὀκτώ·
3120 4542 3213 4594 καὶ
3237 4539 3461 4609 ἐποίησε
3487 4538 3548 4591 τὸ
3575 4538 3672 4590 εὐ-

2086 4639 2176 4701 θὲς
2205 4639 2262 4706 ἐν
2295 4639 2442 4709 πάσῃ
2469 4637 2570 4708 ὁδῷ
2601 4636 2782 4700 Δαϐὶδ,
2819 4639 2913 4688 καὶ
2939 4635 3039 4688 οὐκ
3093 4634 3304 4703 ἀπέστη
3338 4631 3508 4702 δεξιᾷ,
3542 4629 3670 4683 οὐδὲ

2085 4731 2365 4801 ἀριστερᾷ.
2397 4731 2508 4783 Καὶ
2541 4728 2646 4800 γὰρ
2672 4728 2764 4782 καὶ
2812 4728 2881 4779 τὰ
2913 4727 3050 4797 ἄλση
3091 4723 3338 4793 ἐξέκοψε,
3367 4724 3459 4776 καὶ
3488 4722 3557 4775 τὰ
3590 4722 3673 4774 εἷ-

2083 4821 2224 4874 δωλα
2249 4822 2428 4875 πάντα
2455 4821 2690 4884 καθεῖλε,
2735 4819 3023 4889 γενόμενος
3047 4817 3181 4870 ἐτῶν
3217 4821 3310 4880 ις’·
3342 4816 3432 4868 τόν
3466 4831 3524 4866 τε
3574 4813 3672 4866 νό-

2087 4930 2186 4983 μον
2206 4912 2463 4985 ζητήσας,
2500 4913 2594 4965 καὶ⁵
2631 4910 2806 4982 εὑρὼν
2855 4909 3216 4980 ἀμεληθέντα,
3249 4904 3671 4975 ἀναγνωσθῆναι

2083 5009 2370 5080 πεποίηκε.
2398 5008 2508 5060 Καὶ
2535 5007 2595 5059 τὸ
2623 5007 2814 5077 Πάσχα
2841 5003 3094 5076 ἐκήρυξε,
3113 5003 3208 5056 καὶ
3235 5002 3488 5071 ἐποίησεν
3507 4997 3666 5060 αὐτὸ,

2082 5099 2156 5162 ὡς
2188 5100 2514 5170 γέγραπται.
2550 5097 2750 5151 Τοῦτον
2776 5097 2833 5151 δέ
2867 5097 3042 5150 ἀνεῖλε
3098 5095 3298 5166 Φαραὼ
3346 5090 3540 5161 Νεχαὼ
3569 5089 3670 5142 ἐπὶ

2081 5189 2174 5242 τοῦ
2229 5191 2541 5263 Εὐφράτου,
2607 5189 3057 5259 φιλονεικήσαντα
3106 5185 3242 5257 πρὸς
3287 5184 3468 5238 αὐτόν.
3536 5181 3668 5233 Ἐπὶ

2079 5278 2268 5332 τούτου
2309 5280 2575 5352 Ἱερεμίας
2599 5280 2693 5334 καὶ
2723 5279 2983 5348 Σοφονίας
3009 5274 3150 5347 ἦσαν
3170 5278 3218 5330 οἱ
3251 5273 3549 5345 προφῆται,
3567 5272 3668 5324 καὶ

2094 5369 2298 5440 Ὧλδὰή
2333 5371 2624 5444 προφῆτις,
2657 5369 2794 5441 γυνὴ
2849 5370 3038 5439 Σελλῆ.
3080 5367 3310 5438 ἰωάχαζ
3353 5365 3467 5429 υίὸς
3494 5363 3665 5417 αὐτοῦ

2084 5465 2258 5532 μῆνας
2281 5466 2448 5534 τρεῖς
2483 5464 2575 5517 καὶ
2605 5464 2829 5534 ἐποίησε
2863 5464 2923 5516 τὸ
2980 5462 3234 5532 πονηρὸν,
3278 5460 3371 5514 καὶ
3398 5457 3668 5529 μετέστη-

2083 5568 2173 5608 σεν
2196 5551 2359 5607 αὑτὸν
2389 5551 2588 5624 Φαραὼ
2635 5550 2854 5623 Νεχαώ.
2885 5553 2994 5606 Καὶ
3044 5553 3135 5604 ἐπὶ
3174 5549 3364 5604 τούτου
3393 5543 3462 5620 ἦν
3497 5546 3669 5618 Ἱερε-
