3880 6186
163 301 276 356 315
1253 303 1588 361 SYNOPSIS
1628 305 1709 361 SC
1719 304 2052 364 RIPTUBE
2095 305 2370 363 SACRE.
3365 302 3473 359 526

167 429 327 492 μίας.
367 422 652 494 Ἐλιακεὶμ
687 424 876 496 ἔτερος
916 424 1034 488 υἱὸς
1071 423 1301 489 Ἰωσίου,
1336 426 1396 489 ὃς
1430 426 1524 480 καὶ
1549 443 1761 497 μετωνο

1885 437 2031 483 ctam
2060 429 2382 495 invenisset,
2413 426 2519 500 legi
2543 427 2782 492 curavit,
2807 441 2872 482 ac
2897 425 3110 482 Pascha
3138 426 3471 498 praedicavit

168 513 357 583 μάσθη
406 512 812 583 ’1ωακεὶμ,ἔτη
869 514 1076 568 ια”καὶ
1109 516 1337 586 ἐποίησε
1398 516 1462 570 τὸ
1515 517 1761 588 πονηρόν.

1877 521 2304 590 celebravitque,
2365 521 2511 577 sicut
2573 519 2843 589 scriptum
2892 527 2997 574 est.
3069 518 3225 573 Hunc
3270 519 3474 578 occidit

177 607 443 675 Ἰωακεὶμ
470 608 498 658 ὁ
546 605 642 658 κα)¹
685 606 937 675 Ἰεχονίας
986 607 1102 670 υίὸς
1159 606 1325 659 αὑτοῦ
1360 606 1535 678 μῆνας
1579 615 1649 676 γ’·
1681 609 1761 661 κατ

1876 612 2089 667 Pharao
2112 613 2334 667 Nechao
2363 612 2431 665 ad
2464 610 2826 682 Euphratem,
2853 625 2976 664 cum
3009 611 3292 665 contentio
3320 612 3473 666 inter

167 697 399 762 ἐποίησε
431 699 493 750 τὸ
521 697 783 767 πονηρὸν,
815 699 906 751 καὶ
931 697 1156 768 ἀπήχθη
1187 699 1267 762 εἰς
1285 699 1600 752 Βαϐυλῶνα.
1620 701 1761 753 Μαν-

1873 721 1970 760 eos
2001 713 2122 758 orta
2168 711 2336 758 esset.
2377 702 2553 772 llujus
2615 710 2862 772 tempore
2907 701 3130 756 fuerunt
3190 702 3472 772 prophetas

169 789 341 842 θανὰν
374 790 492 852 υἱὸς
517 789 707 843 αὐτοῦ.
768 791 970 843 Τοῦτον
999 787 1494 863 Ναϐουχοδονόσωρ
1547 791 1761 860 ἐποίησε

1873 795 2159 856 Jeremias,
2184 793 2495 864 Sophonias
2517 800 2570 847 et
2593 790 2728 846 Olda
2753 791 3118 861 prophetissa,
3136 806 3279 844 uxor
3303 788 3468 845 Selle.

169 881 424 952 βασιλέα,
443 885 538 936 καὶ
570 884 931 955 μετωνόμασε
974 885 1137 938 αὑτὸν
1172 886 1448 942 Σεδεκίαν.
1498 887 1609 940 Kal
1643 887 1761 940 ἐϐα-

1873 887 2074 942 Joakaz
2125 886 2269 940 ﬁlius
2323 886 2444 954 ejus
2498 885 2746 955 regnavit
2793 899 3012 938 menses
3045 893 3178 946 tres,
3235 891 3290 938 et
3340 883 3473 938 fecit

169 974 422 1027 σίλευσεν
448 975 542 1046 ἔτη
574 980 666 1028 ια’·
695 978 789 1030 καὶ
818 975 1042 1047 ἐποίησε
1098 978 1160 1030 τὸ
1198 979 1454 1049 πονηρόν.
1509 979 1620 1032 Kal
1677 979 1761 1031 ἐπὶ

1877 980 2022 1049 quod
2057 979 2260 1033 malum
2299 984 2439 1042 erat,
2483 976 2880 1044 transtulitque
2919 975 3072 1029 illum
3111 973 3328 1028 Pharao
3363 973 3471 1029 Ne-

165 1067 365 1120 τούτου
399 1064 467 1138 ἧν
508 1069 800 1139 Ἱερεμίας.
845 1071 990 1133 Ἕως
1057 1071 1255 1124 τούτου
1297 1073 1329 1142 ὴ
1379 1071 1624 1140 βασιλεία
1681 1069 1761 1124 τοί

1879 1073 2020 1126 chao
2061 1089 2072 1124 :
2112 1069 2216 1124 sub
2245 1069 2350 1124 hoc
2380 1083 2598 1138 quoque
2629 1068 2766 1122 vixit
2793 1066 3082 1122 Jeremias.
3115 1064 3344 1119 Eliakim
3390 1065 3471 1119 al-

180 1159 359 1213 Ἰούδα
395 1161 638 1232 ἐκράτει,
699 1163 794 1215 καὶ
841 1163 1130 1235 κατελύθη,
1165 1163 1354 1236 ὥσπερ
1404 1165 1631 1236 καὶτῆς
1676 1165 1761 1217 Σα·

1879 1175 1962 1219 ter
1990 1165 2134 1219 ﬁlius
2165 1162 2349 1228 Josize,
2375 1164 2465 1233 qui
2491 1169 2544 1218 et
2571 1159 2783 1216 Joakitn
2809 1168 3020 1215 mutato
3036 1160 3259 1214 nomine
3287 1159 3471 1213 dictus

172 1253 432 1322 μαρείας·
492 1254 587 1306 καὶ
635 1254 744 1324 γὰρ
785 1257 882 1308 καὶ
926 1256 959 1326 ἡ
1018 1255 1172 1319 πόλις
1226 1256 1390 1320 ἐάλω,
1437 1257 1530 1310 xal
1575 1257 1761 1319 πάντες

1877 1262 1980 1312 est,
2008 1251 2256 1321 regnavit
2282 1266 2456 1304 annos
2497 1250 2588 1312 11,
2622 1257 2678 1304 et
2726 1249 2857 1302 fecit
2905 1248 3050 1318 quod
3083 1249 3282 1302 malum
3325 1257 3466 1303 erat.

166 1344 502 1413 ἀπήχθησαν
561 1345 898 1416 αἰχμάλωτοι
957 1347 1039 1411 είς
1087 1347 1387 1402 Βαϐυλῶνα
1461 1349 1600 1420 μετὰ
1667 1347 1761 1401 τῶι

1874 1341 2114 1403 Joakim,
2149 1340 2241 1410 qui
2279 1351 2333 1396 et
2365 1339 2663 1395 Jechonias
2701 1341 2845 1394 ﬁlius
2879 1340 3023 1408 ejus,
3055 1339 3471 1408 regnavitmen—

170 1437 411 1490 σκευῶν.
1879 1451 1969 1491 ses
2003 1442 2143 1496 tres,
2196 1440 2251 1487 et
2305 1431 2436 1487 fecit
2491 1432 2638 1503 quod
2696 1432 2898 1484 malum
2942 1437 3080 1495 erat,
3137 1429 3469 1483 translatus-

169 1547 280 1602 que
320 1533 484 1586 estin
515 1531 869 1604 Babylonem.
898 1534 1234 1591 Manthanan
1301 1535 1446 1592 ﬁlius
1477 1535 1620 1606 ejus.
1674 1533 1837 1588 Hunc
1886 1527 2401 1584 Nabuchodonosor
2451 1525 2739 1581 constituit
2797 1539 3001 1594 regem,
3073 1521 3468 1590 Sedekiamque

170 1633 389 1679 mutato
419 1625 642 1682 nomine
673 1630 890 1682 vocavit
913 1647 928 1694 ;
955 1631 1209 1700 regnavit
1233 1645 1409 1684 annos
1439 1630 1528 1692 11,
1553 1637 1608 1684 et
1638 1626 1770 1682 fecit
1807 1623 1952 1694 quod
1983 1621 2185 1674 malum
2220 1625 2357 1672 erat.
2423 1616 2538 1672 Sub
2574 1617 2684 1671 isto
2717 1631 2937 1684 quoque
2985 1621 3106 1668 erat
3176 1611 3462 1667 Jeremias.

169 1720 294 1776 Iluc
328 1737 506 1790 usque
534 1721 754 1780 duravit
807 1739 1048 1797 .regnum
1095 1725 1257 1789 Juda,
1303 1737 1541 1796 tuncque
1613 1725 1938 1779 subversum
1969 1723 2076 1782 est,
2126 1715 2271 1770 sicut
2313 1721 2368 1767 et
2414 1728 2644 1783 regnum
2715 1709 3017 1775 Samaria);
3055 1707 3188 1762 urbs
3224 1721 3466 1777 namque

171 1811 552 1884 (Jerusalem)
574 1825 731 1884 capta
753 1821 808 1870 et
837 1816 1078 1870 universi
1105 1817 1159 1870 in
1179 1817 1508 1888 Babylonem
1535 1813 1762 1884 captivi,
1800 1825 1927 1865 cum
1959 1807 2130 1872 vasis,
2157 1803 2380 1858 abducti
2411 1809 2564 1857 sunt.

254 1905 427 1976 Ὁμοῦ
451 1908 501 1959 οί
533 1908 818 1976 γεγονότες
860 1908 1099 1978 βασιλεῖς
1153 1887 1508 1981 Ἰερουσαλὴμ
1531 1908 1640 1962 ἀπὸ
1671 1905 1761 1960 τοῦ

1945 1899 2117 1970 Reges
2156 1899 2341 1966 itaque
2367 1897 2424 1950 in
2460 1893 2764 1950 Jerusalem
2789 1906 2819 1946 a
2841 1890 3045 1946 Davide
3077 1903 3252 1960 usque
3275 1887 3342 1942 ad
3369 1902 3464 1942 ca-

166 1997 340 2050 Aa€l6
368 1998 462 2050 καὶ
499 1998 658 2069 μέχρι
689 1999 790 2068 τῆς
817 1999 897 2062 είς
941 1998 1236 2053 Βαϐυλῶνα
1280 1998 1658 2069 αἰχμαλωσίας
1691 1996 1761 2050 εί-

1873 1993 2176 2063 ptivitatem
2208 1986 2598 2058 Babylonicam
2623 1986 2850 2040 fuerunt
2877 1982 3071 2052 viginti
3097 1996 3240 2035 unus
3273 1996 3286 2032 :
3321 1995 3463 2050 prae-

167 2105 294 2141 κοσι
328 2090 424 2141 καὶ
451 2083 550 2152 εἷς,
585 2090 712 2143 ἄνευ
742 2090 984 2161 δηλονότι
1016 2092 1115 2162 τῆς
1143 2090 1419 2154 Γοθολίας.
1451 2089 1761 2161 βασιλευσά-

1873 2092 1952 2136 ter
1991 2080 2325 2142 Gotholiam,
2360 2093 2483 2147 qua:
2517 2085 2571 2132 et
2603 2078 2722 2146 ipsa
2761 2077 2905 2130 sicut
2941 2074 3149 2127 dictum
3196 2079 3303 2138 est,
3335 2077 3466 2143 post

168 2197 274 2250 σης
299 2181 396 2235 καὶ
427 2182 621 2251 αὐτῆς,
651 2182 728 2246 ὡς
761 2183 998 2256 εἴρηται,
1037 2183 1176 2256 μετὰ
1220 2183 1476 2255 τελευτὴν
1525 2183 1620 2237 τοῦ
1649 2181 1761 2236 υἱοῦ

1873 2171 2118 2228 Ochosize
2144 2170 2239 2224 ﬁlii
2266 2178 2501 2225 mortem
2539 2174 2754 2238 septem
2776 2181 2952 2223 annos
2978 2165 3248 2237 regnavit.

165 2275 343 2345 αὐτῆς
381 2276 621 2345 Ὀχοζίου
648 2275 744 2348 ἔτη
769 2277 928 2330 ἑπτά.

671 2369 961 2434 Βασιλεῖς
1014 2367 1274 2436 Ἰσραήλ.

241 2461 332 2516 18.
381 2461 544 2530 Ἑξῆς
574 2462 632 2515 δέ
660 2463 851 2534 ῥητέον
877 2461 1120 2533 καὶπερὶ
1147 2463 1256 2514 τῶν
1285 2462 1342 2515 ἐν
1371 2458 1656 2532 Σαμαρείᾳ
1677 2476 1770 2530 γε·

165 2554 413 2624 νομένων
471 2553 737 2622 βασιλέων
787 2551 882 2606 τοῦ
955 2553 1193 2625 Ἰσραήλο
1243 2551 1360 2617 πῶς
1412 2570 1474 2606 τε
1521 2553 1770 2605 ἐκαλεῖτο

165 2645 401 2709 ἕκαστος
421 2646 647 2712 τούτων,
673 2646 768 2700 καὶ
800 2646 942 2700 πόσα
972 2645 1321 2700 ἐϐασίλευσεν
1349 2644 1465 2717 ἐτη,
1498 2644 1591 2697 καὶ
1621 2644 1771 2707 ὅπως

165 2737 427 2793 ἐϐίωσεν.

237 2831 472 2900 Πρῶτος
513 2830 800 2902 ’ῐεροϐοάμ
832 2830 948 2894 υἱὸς
979 2828 1172 2882 Ναϐὰθ
1205 2828 1553 2882 ἐϐασίλευσεν
1586 2829 1644 2882 ἐν
1664 2829 1771 2881 Σα-

168 2920 409 2990 μαρείᾳ,
456 2920 772 2992 σχισθείσης
843 2923 943 2991 τῆς
997 2919 1304 2990 βασιλείας,
1372 2918 1616 2973 ἀνελθὼν
1672 2921 1769 2973 ἀπ’

161 3010 471 3079 Αἰγύπτου.
525 3013 637 3064 Kal
693 3011 918 3081 ἐποίησε
964 3011 1025 3066 τὸ
1055 3012 1294 3083 πονηρὸν
1343 3011 1420 3074 ὡς
1450 3010 1626 3074 οὐδεὶς
1654 3011 1771 3064 ἓτε-

168 3119 282 3174 ρος.
308 3103 652 3172 Φοϐούμενος
675 3104 784 3174 γὰρ
816 3104 890 3174 μὴ
919 3102 1220 3173 καταλυθῇ,
1247 3103 1470 3173 ἐποίησε
1508 3102 1771 3172 δαμάλεις

161 3196 375 3265 χρυσᾶς
400 3194 514 3256 δύο,
540 3196 632 3247 καὶ
657 3195 907 3264 ἡπάτησε
961 3193 1052 3247 τὸν
1085 3195 1211 3247 λαὸν
1234 3194 1427 3262 λέγων·
1458 3213 1477 3245 ‹
1512 3189 1672 3248 Οὗτοι
1717 3196 1768 3248 οί

2468 2367 2628 2440 Reges
2663 2367 2863 2422 Israel.

1946 2462 2036 2521 18.
2064 2463 2476 2533 Consequenter
2496 2469 2551 2516 et
2586 2461 2654 2515 de
2683 2458 2906 2529 regibus
2933 2458 3126 2522 Israel,
3157 2457 3249 2528 qui
3276 2457 3330 2512 in
3357 2454 3461 2510 Sa-

1869 2560 2041 2617 maria
2059 2564 2379 2628 regnarunt,
2402 2553 2691 2608 dicendum
2711 2559 2795 2607 est
2821 2569 2834 2606 :
2860 2567 3074 2621 nempe,
3095 2567 3204 2621 quo
3228 2551 3462 2620 quisque

1869 2661 2098 2711 vocatus
2132 2651 2205 2706 sit
2235 2650 2477 2718 nomine,
2505 2654 2640 2720 quot
2673 2662 2848 2702 annos
2879 2647 3209 2716 regnaverit,
3245 2654 3298 2700 et
3321 2659 3462 2716 quo-

1871 2745 2035 2802 modo
2065 2743 2286 2798 vixerit.

1939 2838 2231 2893 Jeroboam
2256 2836 2399 2891 ﬁlius
2419 2834 2656 2899 Nabath,
2680 2848 2806 2888 cum
2827 2831 3083 2888 rediisset
3104 2847 3172 2888 ex
3198 2830 3458 2902 Egypto,

1870 2933 2049 2988 diviso
2102 2945 2272 3001 regno
2299 2929 2512 2999 primus
2545 2928 2795 2996 regnavit
2841 2926 2898 2980 in
2933 2924 3202 2979 Samaria.
3235 2924 3313 2977 ita
3360 2940 3461 2977 au-

1871 3032 1979 3080 tem
2010 3022 2156 3094 quod
2185 3021 2386 3074 malum
2426 3027 2546 3074 erat
2582 3019 2731 3083 fecit,
2769 3026 2830 3071 ut
2861 3017 3056 3073 similis
3090 3017 3164 3070 illi
3197 3032 3306 3070 non
3338 3015 3461 3071 fue-

1869 3118 1964 3172 rit.
2019 3115 2241 3170 Veritus
2278 3113 2424 3167 enim
2463 3127 2530 3167 ne
2586 3127 2816 3182 regnum
2861 3111 2982 3181 ejus
3023 3109 3454 3174 dissolveretur;

1871 3209 2013 3264 duos
2044 3222 2242 3261 aureos
2272 3205 2471 3259 vitulos
2508 3203 2656 3267 fecit,
2693 3211 2748 3257 et
2780 3203 3039 3273 populum
3077 3201 3317 3266 seduxit,
3371 3201 3458 3255 di-

161 3287 276 3339 θεοί
308 3289 453 3338 εἰσιν
483 3288 530 3338 οἱ
557 3286 922 3354 ἀναγαγόντες
947 3287 1092 3357 ἡμᾶς
1122 3285 1181 3348 ἐξ
1201 3283 1529 3352 Αἰγύπτου.»
1563 3284 1760 3337 Ἐπλά-

1873 3314 1990 3354 cens
2027 3317 2041 3353 :
2080 3316 2097 3348 ι
2147 3296 2212 3351 lli
2257 3303 2386 3350 sunt
2426 3295 2500 3348 dii
2534 3294 2627 3364 qui
2672 3293 2980 3348 eduxerunt
3025 3307 3128 3347 nos
3168 3307 3234 3346 ex
3283 3289 3458 3362 Egy-

164 3395 298 3430 σατο
331 3379 392 3431 δέ
416 3379 512 3430 καὶ
544 3379 722 3449 ἱερέας
751 3379 963 3441 αὐταῖς,
992 3379 1088 3431 καὶ
1109 3376 1280 3440 οὕτως
1301 3376 1464 3439 αὐτὸς
1486 3375 1759 3446 ἐξήμαρτε

160 3471 252 3522 τὸν
306 3469 546 3540 Ἰσραήλ.
583 3469 742 3540 Δύτῷ
771 3469 881 3541 γὰρ
915 3469 1116 3531 πάντες
1149 3471 1197 3521 οί
1246 3469 1365 3539 μετ’
1410 3469 1571 3522 αὑτὸν
1625 3487 1760 3523 κατ-

160 3560 568 3631 ηκολούθησαν.
614 3561 960 3615 Ἐϐασίλευσε
986 3563 1042 3616 δὲ
1071 3562 1166 3632 ἔτη
1193 3561 1270 3615 κδ’
1278 3603 1292 3618 .
1337 3562 1460 3616 Ἐπὶ
1479 3561 1667 3614 τοῦτον
1689 3557 1758 3633 ἦν

161 3657 454 3727 προφήτης
491 3656 642 3725 Ἀχιᾶ
670 3659 698 3709 0
721 3655 1050 3726 Σηλωνίτης,
1112 3657 1206 3711 καὶ
1238 3659 1268 3711 0
1292 3657 1759 3728 ἐπικαλεσάμενος

160 3751 256 3802 ὲπί
276 3751 340 3802 τὸ
367 3749 752 3821 θυσιαστήριον
786 3749 906 3802 κατ’
933 3749 1118 3805 αὑτοῦ.

230 3837 427 3891 Ναϐάθ
454 3840 569 3902 05.0.;
617 3839 780 3891 αὑτοῦ
812 3839 906 3910 ἔτη
940 3840 1006 3910 β’·
1031 3841 1125 3894 καὶ
1158 3840 1381 3912 ἐποίησε
1410 3839 1471 3893 τὸ
1500 3841 1753 3913 πονηρόν.

159 3931 275 3983 Καὶ
303 3931 405 3981 οὐκ
424 3928 507 3981 ἔτι
536 3928 628 3982 τοῦ
649 3930 840 3997 γένους
872 3929 1038 3983 αὑτοῦ
1074 3930 1408 3984 ἐϐασίλευσε.
1435 3932 1625 3985 Βαασᾶ
1664 3933 1758 3986 ἄλ-

158 4019 255 4071 λου
291 4021 481 4087 γένους
518 4020 614 4090 ἐτη
661 4020 756 4072 κδ”
789 4021 881 4073 καὶ
925 4021 1150 4092 ἐποίησε
1203 4022 1265 4075 τὸ
1309 4023 1566 4094 πονηρόν.
1625 4022 1757 4074 me

160 4111 277 4173 υίὸς
309 4111 476 4163 αὑτοῦ
505 4111 597 4182 ἔτη
635 4111 704 4181 β’·
740 4113 836 4165 καὶ
855 4113 1078 4182 ἐποίησε
1116 4112 1178 4165 τὸ
1233 4114 1488 4185 πονηρόν.
1521 4113 1631 4166 Kal
1655 4114 1756 4167 οὐκ

161 4203 241 4255 ἔτι
270 4202 366 4255 τοῦ
399 4204 589 4270 γένους
621 4204 787 4256 αὑτοῦ
832 4204 1166 4257 ἐϐασίλευσε.
1232 4205 1462 4277 Ζαμϐρῆ
1490 4205 1600 4276 (12)
1637 4205 1756 4258 ἐτέ-

163 4311 258 4364 ρου
291 4295 485 4362 γένους
507 4295 603 4365 ἐτη
640 4295 728 4364 ιβ”
762 4295 855 4348 καὶ
888 4297 1113 4367 ἐποίησε
1143 4296 1202 4349 τὸ
1256 4298 1510 4370 πονηρόν.
1550 4297 1754 4368 Ἀχαὰϐ

160 4387 277 4448 υἱὸς
311 4386 478 4438 αὐτοῦ
509 4387 605 4458 ἔτη
669 4387 772 4457 κβ’·
817 4387 910 4439 καὶ
962 4387 1185 4456 ἐποίησε
1216 4388 1276 4440 τὺ
1325 4388 1558 4459 πονηρὸν
1592 4389 1753 4443 πλέον

157 4478 269 4530 τῶν
298 4478 496 4531 ἄλλων.
536 4478 662 4531 Ἐπὶ
707 4479 898 4532 τούτου
938 4481 1216 4552 προφῆται
1264 4477 1402 4552 ἦσαν
1449 4481 1634 4544 Ἠλίας
1660 4482 1753 4534 xal

1863 3401 1958 3463 plo
1989 3392 2057 3446 ⁸⁸.
2097 3409 2116 3442 ι
2147 3388 2388 3443 Instituit
2417 3387 2582 3441 etiam
2616 3385 2755 3454 ipsis
2796 3385 3135 3448 sacerdotes,
3179 3392 3340 3454 atque
3375 3383 3456 3438 ita

1860 3497 2092 3554 peccare
2125 3481 2256 3535 fecit
2287 3480 2566 3535 lsraelcm.
2608 3479 2792 3548 Ipsum
2827 3477 2974 3532 enim
3025 3491 3218 3532 omnes
3260 3484 3453 3546 postea

1859 3589 2018 3643 reges
2053 3572 2250 3626 imitati
2291 3577 2454 3638 sunt;
2486 3571 2733 3640 regnavit
2765 3576 2951 3624 autem
3002 3581 3176 3623 annos
3223 3568 3315 3635 24,
3347 3568 3452 3623 sub

1859 3665 1965 3719 hoc
1995 3674 2112 3720 erat
2147 3663 2412 3734 prapheta
2462 3660 2634 3715 Achia
2689 3658 2934 3714 Selonita
2959 3699 2975 3725 ,
3029 3666 3086 3714 et
3133 3658 3228 3728 qui
3259 3665 3454 3712 contra

1859 3756 2036 3828 ipsum
2061 3771 2227 3826 super
2257 3757 2430 3809 altare
2455 3754 2792 3808 vociferatus
2828 3760 2934 3808 est.

1927 3849 2137 3904 Nabatli
2177 3848 2320 3902 ﬁlius
2350 3847 2471 3916 ejus
2511 3849 2760 3916 regnavit
2797 3859 2974 3899 annos
3016 3843 3181 3908 duos,
3217 3851 3273 3899 et
3318 3841 3451 3898 fecit

1857 3939 2003 4009 quod
2033 3938 2236 3991 malum
2275 3943 2412 3990 erat.
2446 3934 2558 3990 Nec
2603 3934 2839 4003 amplius
2886 3940 3010 4004 post
3047 3934 3200 3986 illum
3238 3933 3307 3988 de
3351 3947 3450 4002 ge-

1857 4047 1988 4087 nere
2013 4030 2186 4100 ipsius
2213 4029 2506 4099 quisquam
2530 4026 2799 4098 regnavit.
2826 4025 3000 4080 Baasa
3034 4024 3101 4079 de
3123 4024 3228 4078 alia
3255 4024 3448 4094 stirpe.

1857 4122 2104 4192 regnavit
2130 4133 2308 4173 annos
2346 4117 2442 4180 24,
2471 4125 2525 4171 et
2568 4115 2697 4171 fecit
2725 4114 2873 4186 quod
2912 4115 3116 4169 malum
3163 4120 3302 4169 erat.
3347 4111 3448 4168 Ela

1856 4216 2002 4270 ﬁlius
2029 4214 2148 4284 ejus
2180 4226 2354 4266 annos
2389 4209 2444 4274 2,
2482 4219 2536 4265 et
2568 4207 2700 4262 fecit
2745 4208 2890 4278 quod
2930 4208 3136 4261 malum
3178 4214 3316 4271 erat,
3343 4221 3448 4262 nec

1855 4308 1923 4362 de
1970 4307 2091 4376 ejus
2123 4305 2292 4374 stirpe
2338 4310 2529 4373 postea
2569 4300 2861 4372 quisquam
2903 4299 3173 4370 regnavit.
3211 4297 3447 4354 Zambre

1856 4399 2082 4452 alterius
2116 4397 2332 4466 generis
2374 4393 2630 4463 regnavit
2671 4407 2846 4446 annos
2895 4391 2984 4456 12,
3021 4400 3074 4445 et
3126 4389 3258 4445 fecit
3296 4391 3444 4460 quod

1853 4487 2056 4541 malum
2099 4493 2235 4539 erat.
2275 4482 2498 4536 Achaab
2530 4481 2674 4536 ﬁlius
2701 4481 2822 4550 ejus
2855 4479 3114 4550 regnavit
3142 4495 3318 4535 annos
3347 4478 3441 4546 22,

170 4571 500 4634 Ἐλισσαῖος,
567 4571 662 4623 καὶ
720 4571 978 4641 Μιχαίας,
1031 4574 1126 4626 καὶ
1160 4575 1188 4625 0
1237 4572 1624 4644 προφητεύσας
1672 4573 1751 4644 τῷ

1873 4583 1928 4636 ει,
1963 4575 2250 4644 plusquam
2291 4573 2496 4634 caeteri,
2544 4571 2673 4626 fecit
2707 4569 2853 4641 quod
2908 4570 3109 4622 malum
3152 4576 3306 4623 erat:
3339 4570 3446 4624 sub

171 4663 378 4732 Ἀχααϐ
410 4663 541 4733 περὶ
568 4664 667 4733 τῆς
718 4664 915 4733 Συρίας
940 4664 1033 4717 καὶ
1063 4663 1155 4718 τοῦ
1205 4665 1320 4716 υἱοῦ
1346 4665 1540 4738 ἰἈδὲρ,
1571 4665 1667 4718 καὶ
1719 4667 1748 4720 ὁ

1873 4682 1959 4720 ιοο
2008 4665 2290 4735 propheta:
2339 4671 2498 4718 erant
2547 4662 2714 4726 Elias,
2780 4661 3028 4722 Eliseus,
3070 4659 3347 4724 Michaeas,
3387 4668 3445 4716 et

155 4741 408 4818 πατάξας
439 4753 604 4806 αὑτὸν
649 4752 945 4824 τραύματι,
998 4754 1092 4807 καὶ
1142 4753 1364 4823 ἐλέγξας
1389 4755 1481 4810 τὸν
1528 4755 1755 4826 Ἀχαὰϐ,

1873 4758 1951 4830 'jui
1981 4759 2095 4828 regi
2125 4757 2349 4812 Achaab
2388 4755 2455 4811 de
2492 4754 2650 4828 Syria
2706 4764 2761 4810 ct
2796 4755 2908 4810 ﬁlio
2952 4754 3098 4809 Ader
3144 4755 3444 4825 prOpheta-

154 4845 253 4896 καὶ
283 4844 472 4896 πολλοὶ
499 4843 621 4897 καθ’
645 4845 870 4908 ἑαυτοὺς
903 4846 1009 4898 υἱοὶ
1035 4845 1142 4901 τῶν
1173 4845 1484 4918 προφητῶν.
1512 4847 1758 4918 Ὀχοζίας

1873 4853 1955 4916 rit,
2007 4850 2101 4920 qui
2158 4849 2382 4919 proprio
2414 4849 2574 4918 jussu
2632 4861 2932 4916 percussus
2980 4859 3045 4899 ac
3097 4846 3438 4910 vulneratus,

159 4936 276 4998 υίὸς
302 4935 472 4988 αύτοῦ
505 4936 600 5006 ἐτη
629 4936 692 5004 β”
731 4938 825 4989 καὶ
857 4936 1080 5008 ἐποίησε
1129 4937 1192 4990 τὸ
1236 4938 1488 5009 πονηρόν.
1526 4938 1636 4991 Καὶ
1662 4940 1756 4994 ἐπὶ

1873 4956 2035 5008 'egem
2071 4940 2292 4995 Achaab
2332 4938 2633 5010 redarguit.
2662 4937 2729 4991 Et
2762 4944 3024 5007 praterea
3063 4951 3310 4991 seorsum
3341 4935 3440 4988 lia.

154 5027 350 5079 τούτου
384 5023 524 5096 ἦσαν
563 5027 746 5091 Ἠλίας
775 5029 867 5081 καὶ
901 5029 1219 5093 Ἐλισσαῖος.
1253 5030 1429 5082 Αὐτοῦ
1469 5029 1576 5100 γάρ
1626 5033 1754 5096 τοὺς

1873 5033 2100 5087 ›ἱιοηιοε
2158 5031 2319 5085 multi
2377 5029 2767 5100 prophetarum
2825 5027 2942 5082 ﬁlii.
2983 5025 3138 5095 113
3170 5025 3438 5080 Ochozias

155 5120 666 5190 πεντηκοντάρχους
699 5121 969 5186 ἐπάταξεν
993 5123 1050 5174 ἐν
1073 5121 1206 5191 πυρὶ
1241 5121 1425 5183 Ἠλίας
1447 5123 1504 5173 ἐν
1548 5122 1751 5192 ῥήματι

1873 5123 2004 5179 ilius
2051 5123 2194 5193 ejus,
2254 5125 2502 5193 regnavit
2566 5135 2743 5175 annos
2797 5119 2956 5182 duos,
3011 5126 3065 5172 et
3111 5116 3239 5170 fecit
3287 5115 3434 5186 quod

159 5213 387 5282 Κυρίου.
427 5213 691 5283 Ἰωαρὰμ,
721 5214 832 5277 υίὸς
885 5214 1072 5285 ἕτερος
1141 5212 1368 5285 Ἀχαὰϐ,
1401 5213 1495 5284 ἔτη
1529 5213 1614 5284 ιβ”
1658 5213 1750 5266 καὶ

1875 5217 2057 5270 nalum
2089 5224 2224 5271 erat.
2265 5213 2440 5285 Hujus
2485 5229 2705 5284 quoque
2731 5220 2976 5281 tempore
3013 5216 3170 5264 erant
3201 5207 3346 5262 Elias
3379 5217 3435 5261 et

156 5304 382 5370 ἐποίησε
409 5303 470 5356 τὸ
506 5305 762 5376 πονηρόν.
810 5305 920 5358 Kal
956 5306 1056 5359 οὐκ
1089 5304 1170 5358 ἔτι
1216 5304 1310 5358 τοῦ
1341 5305 1531 5373 γένους
1581 5304 1748 5358 αὐτοῦ

1873 5306 2067 5362 ΞΙίεουε
2101 5325 2113 5361 :
2146 5305 2646 5376 quinquagenarios
2697 5304 2841 5359 enim
2886 5303 3028 5356 alius
3055 5302 3178 5370 igne
3207 5315 3435 5370 percus-

157 5393 498 5450 ἐϐασᾶευσε.
536 5397 647 5450 Kal
675 5399 704 5450 0
745 5399 843 5470 μὲν
881 5397 1065 5463 Ἠλίας
1097 5399 1189 5452 ἐπὶ
1220 5397 1409 5452 τούτου
1446 5396 1743 5468 ἀνελήφθη*

1873 5396 1924 5451 sit
1946 5397 2092 5454 Elias
2119 5398 2175 5452 in
2199 5400 2366 5454 verbo
2382 5397 2616 5456 Domini.
2639 5396 2842 5464 Joram,
2867 5396 3002 5450 alter
3020 5394 3164 5450 ﬁlius
3186 5393 3432 5460 Achaab,

231 5551 278 5583 ³³
317 5551 380 5605 lll
416 5551 557 5624 Reg.
591 5569 708 5620 xu,
744 5551 836 5611 28.

166 5753 200 5807 ε
231 5682 340 5807 (εξ)
373 5684 429 5764 ln
465 5683 622 5750 _Iihro
659 5682 723 5739 ill
754 5684 886 5758 Reg.
937 5685 1140 5744 dicitur
1190 5685 1412 5743 Zambri
1446 5699 1730 5761 aregnassc
1762 5691 1969 5757 septem
2003 5689 2211 5738 tantum
2239 5678 2377 5749 dies,
2401 5686 2452 5736 et
2477 5686 2597 5751 post
2629 5693 2754 5736 eum
2777 5677 2930 5734 Amai
2974 5683 3129 5749 pater
3185 5673 3432 5734 Achaab

206 5770 270 5807 ιιυ
309 5771 449 5807 CCIII]
481 5770 683 5807 annos.

206 5770 449 5809 ιιυαρωιιι
481 5770 552 5808 au
563 5771 659 5810 llUS
671 5795 683 5808 .
