3880 6186
402 292 511 350 327

1575 290 1636 348 S.
1666 289 2121 347 ATIIANASIUS
2183 323 2255 334 —
2299 291 2529 347 DUBIA.

3580 295 3691 352 328

404 401 657 473 regnavit
680 417 856 459 annos
884 399 1197 466 duodecim,
1220 406 1277 456 et
1298 399 1425 456 fecit
1443 400 1588 470 quod
1614 400 1819 455 malum
1848 408 1989 455 erat.

2103 402 2124 454 ὗ
2154 402 2212 456 δὲ
2258 402 2562 465 Ἐλισσαῖος
2585 400 2855 472 διέμεινεν
2891 401 2998 467 ἕως
3033 402 3337 476 Ἱεροϐοὰμ,
3359 404 3479 459 υἱοῦ
3512 406 3686 473 Ἱωᾶς,

403 495 537 550 Post
572 494 722 550 hunc
768 510 932 551 nemo
970 494 1207 564 amplius
1241 493 1310 548 de
1342 493 1447 548 hac
1488 492 1660 563 stirpe
1692 492 1940 563 regnavit
1970 509 1984 546 :

405 587 511 643 sub
559 589 667 641 isto
700 593 1019 656 assumptus
1056 596 1141 641 est
1175 586 1343 641 Elias.
1379 584 1592 640 Eliseus
1616 599 1749 639 vero
1788 584 1991 654 perdu-

404 682 549 736 ravit
575 697 751 751 usque
780 681 847 735 ad
880 680 1171 736 Jeroboam
1201 679 1373 734 ﬁlium
1413 679 1544 735 Joas
1583 695 1768 749 regem
1795 678 1989 735 Israel.

405 773 580 828 Erant
608 780 791 827 autem
837 772 941 827 sub
977 771 1100 825 istis
1129 771 1294 824 etiam
1332 770 1426 824 ﬁlii
1468 770 1881 840 prophetarum.
1911 767 1998 824 Je-

405 868 481 921 hu
510 866 579 921 de
611 865 716 919 alia
769 865 939 934 stirpe
982 863 1132 918 ﬁlius
1166 862 1461 929 Namesse,
1517 862 1768 932 regnavit
1820 875 1996 916 annos

403 962 598 1030 viginti
627 968 772 1014 octo.
807 956 907 1012 IIic
936 973 1109 1028 genus
1136 956 1359 1010 Achaab
1393 956 1641 1023 sustulit,
1671 965 1727 1010 et
1754 955 1991 1025 prophe-

406 1060 490 1106 tas
517 1051 643 1104 Baal
667 1067 764 1121 per
792 1050 1024 1105 insidias
1044 1048 1269 1108 occidit.
1304 1055 1654 1118 statuamque
1687 1048 1836 1103 illius
1861 1063 1994 1103 con-

404 1143 576 1197 trivit.
611 1141 677 1194 Et
698 1157 823 1195 cum
854 1142 911 1195 in
945 1139 1099 1195 hisce
1133 1140 1356 1194 fecisset
1399 1140 1547 1208 quod
1596 1147 1805 1193 rectum
1851 1146 1988 1203 erat,

404 1234 828 1306 promissionem
856 1232 1067 1302 accepit
1091 1231 1236 1301 quod
1268 1231 1441 1301 ipsius
1488 1230 1585 1284 ﬁlii
1622 1230 1691 1284 ad
1736 1238 1989 1302 quartam

2095 491 2359 562 βασιλέως
2396 491 2637 562 Ἰσραήλ.
2668 491 2849 546 Ἦσαν
2872 492 2931 545 δὲ
2958 493 3050 545 ἐπὶ
3086 494 3298 558 τούτοις
3317 496 3411 549 καὶ
3443 497 3551 550 υίοὶ
3578 498 3689 552 τῶν

2094 583 2413 655 προφητῶν.
2484 583 2585 635 ’ῐοῦ
2634 584 2823 656 ἐτέρου
2879 584 3095 653 γένους,
3124 586 3241 650 υίὸς
3267 587 3559 659 Ναμεσσῆ,
3592 590 3688 661 ἔτη

2095 674 2200 747 κη’.
2232 669 2400 738 Οὗτος
2431 676 2611 727 ἀνεῖλε
2639 676 2701 728 rb
2724 675 2881 744 γένος
2924 676 3150 746 Ἀχαὰϐ,
3194 678 3290 735 καὶ
3317 681 3442 742 τοὺς
3476 683 3692 752 προφή-

2096 781 2197 827 τας
2225 763 2319 818 τοῦ
2352 764 2500 817 Βάαλ
2531 766 2588 817 ὲν
2613 765 2955 836 πτερνισμῷ,
2976 766 3071 819 καὶ
3102 767 3203 837 τὴν
3267 769 3467 840 στήλην
3520 772 3688 825 αὑτοῦ

2100 856 2407 928 συνέτριψε.
2471 857 2584 910 Καὶ
2634 859 2693 910 ὲν
2744 856 2923 927 τούτῳ
2949 860 3185 929 ποιήσας
3227 860 3287 912 rb
3328 861 3505 925 εὐθὲς,
3529 861 3689 932 ἔσχεν

2097 948 2453 1017 ἐπαγγελίαν,
2492 950 2597 1014 ὅτι,
2631 948 2753 1002 Υἱοὶ
2799 948 3051 1020 τέταρτοι
3103 949 3418 1005 καθίσονταί
3460 970 3542 1007 σοι
3593 955 3689 1008 ἐπὶ

2098 1039 2289 1111 Θρόνου
2358 1040 2593 1111 Ἰσραήλ.
2646 1041 2796 1113 Πλὴν
2834 1043 2937 1093 οὐκ
2969 1041 3233 1109 ἐφύλαξεν
3259 1045 3316 1097 ὲν
3345 1044 3443 1118 ὅλῃ
3492 1047 3689 1120 καρδίᾳ

2096 1133 2187 1187 τὸν
2215 1132 2397 1203 νόμον·
2431 1134 2532 1185 οὐκ
2564 1132 2774 1205 ἀπέστη
2813 1133 2922 1206 γὰρ
2941 1134 3052 1188 τῶν
3074 1136 3362 1205 ἁμαρτιῶν
3403 1138 3690 1211 Ἱεροϐοὰμ

2097 1223 2186 1278 διὰ
2219 1224 2317 1286 τὰς
2341 1222 2628 1291 δαμάλεις.

407 1342 581 1396 usque
610 1326 1013 1395 generationem
1064 1322 1275 1377 sessuri
1323 1330 1511 1377 essent
1549 1338 1715 1391 super
1777 1328 2036 1376 thronum
2076 1316 2263 1371 Israel.
2321 1313 2716 1368 Verumtamen
2760 1312 2936 1385 legem
2987 1312 3204 1371 Domini
3269 1332 3381 1371 non
3449 1307 3689 1377 servavit

404 1431 522 1477 toto
556 1423 759 1478 corde:
785 1435 963 1490 neque
1000 1421 1145 1475 enim
1175 1435 1207 1474 a
1240 1420 1480 1489 peccatis
1507 1418 1797 1475 Jeroboam
1824 1416 2112 1482 abstinuit,
2144 1414 2294 1467 circa
2318 1411 2521 1466 vitulos
2555 1412 2700 1465 illos.

476 1519 713 1574 Joachaz
754 1516 897 1571 ﬁlius
915 1516 1057 1586 ejus,
1092 1515 1340 1585 regnavit
1370 1530 1546 1571 annos
1598 1516 1706 1584 i7;
1756 1514 1991 1585 fecitque

405 1611 551 1683 quod
584 1610 786 1664 malum
813 1617 952 1663 erat.
985 1607 1115 1663 Joas
1147 1609 1294 1664 ﬁlius
1342 1608 1466 1677 ejus
1516 1608 1766 1679 regnavit
1812 1623 1989 1663 annos

2180 1506 2396 1578 Ἰοάχαξ
2426 1506 2541 1569 υἱὸς
2579 1505 2745 1559 αὑτοῦ
2793 1505 2887 1578 ἐτη
2924 1504 3009 1571 ιζ’·
3045 1506 3139 1560 καὶ
3167 1506 3390 1577 ὲποίησε
3419 1507 3480 1560 τὸ
3519 1525 3687 1580 πονη-

2100 1600 2211 1671 ρόν.
2250 1599 2401 1663 Ἰωᾶς
2432 1599 2547 1662 υίὸς
2578 1597 2744 1652 αὐτοῦ
2776 1598 2870 1668 ἔπη
2895 1604 2993 1663 ις’·
3044 1598 3142 1652 καὶ
3171 1600 3395 1669 ἐποίησε
3428 1600 3489 1653 τὸ
3521 1618 3688 1672 πονη-

407 1703 667 1763 sedecim,
691 1711 746 1756 et
773 1700 903 1755 fecit
933 1699 1081 1772 quod
1111 1699 1313 1753 malum
1346 1711 1483 1753 erat.
1533 1697 1839 1754 Jerusalem
1892 1715 1988 1752 ex-

2103 1693 2206 1765 ρὸν.
2244 1692 2355 1745 Καὶ
2381 1692 2638 1761 ἐπολέμει
2688 1691 2789 1763 τήν
2850 1692 3224 1764 Ἰερουσαλὴμ,
3283 1696 3379 1745 καὶ
3437 1693 3597 1749 ἔλαϐε
3624 1694 3688 1749 rb

404 1794 688 1865 pugnavit,
721 1808 915 1845 aurum
945 1799 999 1845 ct
1029 1806 1162 1845 vasa
1199 1790 1449 1844 abstulit.
1498 1787 1790 1844 Jeroboam
1845 1789 1990 1843 ﬁlius

403 1887 525 1956 ejus
556 1884 803 1955 regnavit
834 1898 1008 1937 annos
1058 1882 1148 1946 41,
1174 1889 1227 1937 et
1258 1881 1387 1937 fecit
1416 1881 1563 1951 quod
1605 1881 1807 1934 malum
1848 1888 1987 1935 erat.

404 1962 703 2032 Zacharias
726 1975 870 2029 ﬁlius
897 1972 1186 2029 .Ieroboam
1234 1972 1480 2044 regnavit
1526 1986 1745 2026 menses
1773 1987 1867 2026 sex
1892 2011 1907 2034 ,
1937 1979 1994 2025 et

404 2075 663 2140 Operatus
688 2075 771 2122 est
807 2066 1031 2120 malum.
1069 2063 1347 2119 Hactenus
1375 2079 1548 2134 genus
1574 2062 1713 2119 Jebu
1739 2063 1795 2118 in
1827 2079 1994 2132 quar-

404 2168 517 2215 tam
541 2157 947 2230 generationem
976 2155 1212 2212 duravit.
1261 2153 1468 2209 Sellum
1511 2170 1578 2210 ex
1607 2155 1713 2209 alia
1735 2154 1995 2226 progenie

406 2252 551 2306 ﬁlius
579 2248 755 2315 Jabis,
794 2249 1041 2319 regnavit
1070 2247 1189 2303 dies
1244 2247 1466 2317 triginta
1493 2287 1509 2312 ,
1558 2255 1615 2303 et
1671 2246 1799 2301 fecit
1847 2247 1993 2317 quod

403 2341 609 2395 malum
643 2349 784 2393 erat.
810 2338 1059 2393 Manaem
1091 2353 1158 2393 ex
1203 2335 1312 2392 alio
1349 2353 1549 2408 genere
1583 2335 1729 2393 ﬁlius
1764 2336 1951 2392 Gadde
1974 2379 1991 2403 ,

402 2433 653 2504 regnavit
684 2447 859 2488 annos
886 2431 979 2496 20,
1009 2439 1062 2486 et
1099 2430 1229 2486 fecit
1258 2431 1405 2501 quod
1439 2430 1641 2484 malum
1683 2440 1823 2485 erat.
1849 2428 1995 2483 Plin;

405 2523 579 2588 keias,
628 2523 772 2578 ﬁlius
803 2521 1050 2577 Manaem
1076 2561 1092 2585 ,
1126 2521 1379 2592 regnavit
1412 2535 1587 2576 annos
1617 2520 1715 2585 10,
1759 2528 1813 2576 et
1868 2519 1997 2575 fecit

403 2615 551 2686 quod
605 2622 725 2669 erat
779 2614 1003 2668 malum.
1075 2611 1252 2685 Hujus
1299 2621 1546 2683 tempore
1592 2612 1995 2683 prophetarunt

402 2703 575 2761 Isaias
601 2713 655 2760 et
684 2703 842 2761 Osee.
878 2703 1118 2769 Phakee,
1150 2704 1219 2760 de
1241 2705 1348 2758 alia
1383 2705 1579 2775 stirpe,
1608 2704 1755 2759 lilius
1796 2702 1997 2758 Rome«

403 2794 512 2859 liae,
537 2796 781 2866 regnavit
803 2811 978 2851 annos
999 2795 1105 2863 20;
1135 2795 1226 2851 hic
1255 2794 1459 2850 occidit
1488 2795 1804 2859 Pbakeiam,
1834 2804 1889 2851 et
1916 2795 1996 2850 fe-

405 2886 482 2941 cit
506 2887 651 2957 quod
676 2888 879 2942 malum
909 2894 1048 2943 erat.
1083 2885 1198 2943 Sub
1230 2887 1336 2943 hoc
1366 2902 1585 2958 quoque
1637 2896 1794 2943 erant
1825 2884 1995 2942 Isaias

404 2987 459 3032 et
488 2978 627 3035 Osee
678 2979 978 3051 prophetae.
1030 2977 1172 3036 Osee
1215 2979 1435 3034 aliunde
1488 2988 1653 3035 natus
1687 2978 1833 3034 ﬁlius
1868 2977 1993 3040 Ela,

2091 1784 2313 1855 χρυσίον
2341 1784 2435 1836 καὶ
2467 1783 2535 1835 τὰ
2570 1781 2761 1853 σκεύη.
2803 1782 3085 1857 Ἱεροϐοὰμ
3114 1782 3230 1846 υἱὸς
3254 1784 3419 1837 αὑτοῦ
3441 1784 3534 1854 έτη
3571 1794 3683 1857 μαύ

2092 1875 2189 1928 καὶ⁹
2217 1872 2439 1943 ἐποίησε
2470 1873 2531 1926 τὸ
2555 1873 2810 1945 πονηρόν.
2872 1874 3148 1945 Ζαχαρίας
3175 1876 3290 1938 υἱὸς
3319 1876 3484 1929 αὐτοῦ
3510 1878 3688 1948 μῆνας

2092 1965 2170 2030 ἓξ,
2193 1967 2288 2018 καὶ
2321 1965 2546 2036 ἐποίησε
2578 1965 2643 2018 rb
2693 1965 2950 2037 πονηρόν.
2983 1959 3129 2030 Ἕως
3179 1966 3368 2021 τούτου
3414 1969 3477 2022 rb
3528 1969 3689 2039 γένος

2104 2056 2205 2111 Ἰού
2236 2058 2523 2126 γεγόνασιν
2547 2059 2651 2111 υἱοὶ
2701 2057 2976 2131 τέταρτοι.
3013 2058 3257 2129 Σελλοὺμ
3278 2061 3467 2130 ὲτέρου
3495 2062 3688 2130 γένους

2093 2150 2209 2213 υίὸς
2260 2148 2426 2213 Ἰαϐὶς
2476 2149 2692 2222 ἡμέρας
2754 2149 2821 2203 λ’·
2866 2150 2963 2203 καὶ
3027 2151 3254 2221 ὲποίησε
3293 2152 3355 2205 rb
3425 2154 3684 2225 πονηρόν.

2092 2241 2337 2311 Μαναὴμ
2369 2240 2528 2293 ἄλλου
2555 2240 2744 2309 γένους
2768 2242 2882 2305 υίὸς
2899 2242 3094 2313 Γαδδὴ,
3117 2241 3210 2314 ἐτη
3244 2250 3312 2296 κ’·
3343 2244 3437 2297 καὶ
3461 2246 3688 2316 ἐποίησε

2092 2331 2154 2385 rb
2192 2333 2443 2405 πονηρόν.
2473 2333 2705 2399 Φακείας
2749 2336 2862 2400 υἱὸς
2914 2336 3098 2402 αὐτοῦ,
3132 2336 3225 2408 ἔτη
3257 2343 3306 2389 ι’·
3340 2339 3435 2391 καὶ
3461 2339 3688 2410 ἐποίησε

2093 2425 2154 2478 rb
2185 2425 2439 2497 πονηρόν.
2477 2427 2601 2480 Ἐπὶ
2651 2427 2841 2480 τούτου
2881 2428 3108 2493 Ἡσαΐας
3173 2430 3269 2483 καὶ
3332 2430 3493 2501 Ὠσηὲ
3545 2426 3690 2502 ἦσαν

2096 2517 2553 2589 προφητεύοντες.
2579 2518 2754 2571 Φακεὲ
2784 2519 2945 2573 ἄλλου
2978 2520 3189 2590 γένους,
3227 2521 3342 2584 υἱὸς
3378 2522 3684 2592 Ῥομελίου,

2095 2607 2190 2679 έτη
2223 2616 2292 2661 κ’.
2326 2601 2497 2672 Οὗτος
2544 2608 2748 2678 ἔσφαξε
2793 2610 2884 2663 τὸν
2926 2610 3186 2674 Φακείαν,
3228 2613 3323 2665 καὶ
3370 2611 3593 2683 ἐποίησε
3622 2610 3691 2664 τὸ

2095 2700 2353 2772 πονηρὸν,
2377 2701 2472 2754 καὶ
2518 2702 2614 2755 ἐπὶ
2665 2701 2856 2756 τούτου
2906 2698 3047 2773 ἦσαν
3098 2704 3325 2767 Ἡσαΐας
3375 2703 3471 2758 καὶ
3527 2703 3693 2775 Ὠσηὲ

2094 2794 2146 2845 οἱ
2180 2794 2478 2865 προφῆται.
2521 2794 2679 2865 Ὠσηὲ
2707 2795 2896 2866 ἑτέρου
2919 2794 3131 2864 γένους,
3160 2796 3276 2861 υίὸς
3319 2795 3473 2862 Ἦλᾶ,
3498 2795 3591 2868 ἔτη
3618 2794 3690 2851 θ’.

2097 2880 2267 2950 Οὗτος
2293 2885 2494 2956 ἔσφαξε
2525 2886 2618 2940 τὸν
2668 2887 2861 2951 Φακεὲ,
2917 2887 3013 2941 καὶ
3041 2886 3265 2959 ἐποίησε
3307 2887 3371 2942 rb
3429 2887 3692 2961 πονηρὸν,

2098 2978 2237 3050 πλὴν
2270 2979 2368 3049 οὐχ
2391 2978 2466 3042 ὼς
2498 2980 2546 3032 οἱ
2579 2978 2687 3051 πρὸ
2716 2978 2904 3033 αὐτοῦ.

404 3075 655 3145 regnavit
689 3090 866 3131 annos
899 3075 953 3131 9.
985 3074 1093 3131 Iste
1124 3075 1329 3130 occidit
1365 3090 1549 3146 regem
1572 3073 1811 3140 Phakee,
1866 3084 1920 3129 et
1990 3072 2118 3128 fecit
2175 3074 2323 3145 quod
2389 3074 2593 3128 malum
2647 3081 2794 3138 erat,
2850 3079 3226 3130 verumtamen
3261 3089 3374 3129 non
3420 3072 3563 3129 sicut
3592 3088 3692 3144 qui

405 3173 533 3221 ante
576 3165 755 3235 ipsum
784 3175 1110 3236 regnarunt.

479 3253 537 3309 In
571 3255 679 3311 isto
710 3254 848 3311 Osee
876 3255 1089 3310 ﬁnitum
1134 3263 1219 3312 est
1247 3269 1477 3327 regnum
1514 3252 1795 3311 Samariae.
1829 3254 1986 3309 Tunc
2013 3262 2056 3320 ς,

404 3345 551 3401 enim
582 3346 821 3401 cessavit
872 3361 938 3402 ac
991 3347 1154 3417 periit
1182 3345 1464 3410 Samaria,
1522 3362 1689 3416 quam
1736 3347 1996 3418 deinceps

402 3437 618 3509 Assyrii
651 3438 1051 3503 inhabitarunt,
1088 3455 1155 3494 ex
1200 3439 1403 3510 quibus
1440 3438 1549 3493 orti
1594 3446 1724 3494 sunt
1755 3439 1997 3498 haeretici

407 3528 713 3595 Samaritae,
738 3530 832 3600 qui
869 3538 925 3585 et
960 3527 1250 3584 Sadducaai
1281 3536 1567 3585 vocantur.

475 3706 717 3763 Collecta
754 3708 936 3778 itaque
965 3723 1154 3764 eorum
1185 3715 1456 3779 tempora,
1499 3708 1594 3779 qui
1641 3707 1996 3782 Jerosolymis

406 3812 439 3851 a
486 3797 689 3851 Davide
735 3811 912 3866 usque
947 3796 1016 3851 ad
1052 3795 1340 3851 Sedekiam
1373 3806 1741 3866 regnaverunt
1765 3837 1780 3862 ,
1822 3813 1996 3855 annos

405 3891 751 3945 constituunt
795 3890 1251 3961 quadringentos.
1288 3889 1464 3960 Reges
1491 3890 1737 3946 universi
1770 3890 1997 3947 fuerunt

404 3982 596 4053 viginti
635 3998 798 4046 unus,
829 3982 1048 4052 dempta
1080 3981 1335 4038 Gotholia
1363 4024 1378 4049 ,
1429 3991 1485 4039 et
1521 3983 1706 4038 cuncti
1748 3983 1996 4054 ejusdem

407 4075 598 4144 stirpis
626 4073 849 4129 Davidis
876 4074 1153 4139 videlicet,
1196 4085 1257 4129 ut
1286 4076 1355 4129 ab
1389 4076 1549 4130 initio
1584 4074 1652 4129 ad
1687 4074 1849 4131 ﬁnem
1897 4092 1994 4131 us-

407 4174 516 4234 que
544 4164 687 4220 ﬁlius
736 4178 767 4217 a
813 4170 968 4234 patre
1021 4180 1252 4235 regnum
1301 4165 1799 4237 haereditariojure
1836 4182 1996 4222 acce-

408 4257 567 4328 perit.
598 4255 677 4311 Ex
717 4257 802 4313 his
854 4266 1035 4312 autem
1071 4274 1263 4313 novem
1297 4259 1447 4330 quod
1489 4268 1702 4314 rectum
1725 4298 1742 4324 ,
1788 4258 1992 4314 duode-

407 4348 514 4400 cim
542 4362 672 4401 vero
705 4347 852 4417 quod
882 4348 1087 4402 malum
1121 4357 1273 4417 erat,
1328 4351 1543 4420 operati
1588 4360 1745 4417 sunt,
1774 4348 1994 4422 dempta

407 4436 680 4494 Gotholia.

481 4527 685 4581 Eorum
713 4544 846 4583 vero
890 4536 1170 4602 tempora,
1232 4532 1324 4602 qui
1384 4532 1441 4587 in
1488 4530 1740 4588 Samaria
1774 4548 1805 4588 a
1835 4532 1993 4589 Jero-

2160 3253 2305 3316 Ἕως
2341 3252 2533 3306 τούτου
2560 3250 2653 3306 τοῦ
2707 3251 2865 3323 Ὠσηὲ
2912 3249 3179 3321 κατέληξε
3223 3251 3317 3304 καὶ
3361 3255 3396 3323 ἡ
3442 3252 3693 3323 βασιλεία

2098 3342 2433 3415 Σαμαρείας.
2467 3344 2695 3405 Ἔκτοτε
2717 3343 2827 3415 γὰρ
2859 3344 3155 3407 πέπαυται,
3196 3344 3289 3397 καὶ
3314 3344 3561 3401 ἀπώλετο
3582 3348 3693 3403 Σα-

2100 3435 2325 3507 μαρεία,
2360 3436 2453 3488 καὶ
2477 3432 2663 3486 λοιπὸν
2706 3432 2979 3505 Ἀσσύριοι
3007 3432 3335 3506 κατῴκησαν
3364 3436 3421 3489 ὲν
3444 3439 3605 3509 αὐτῇ,
3629 3438 3692 3506 te

2096 3520 2172 3581 ὧν
2204 3528 2254 3580 οἱ
2318 3526 2583 3597 αἱρετικοὶ
2629 3525 2964 3596 Σαμαρεῖται
3027 3525 3319 3595 γεγόνασι,
3362 3527 3694 3600 καλούμενοι

2097 3617 2192 3671 καὶ
2218 3616 2567 3670 Σαδδουκαῖοι
2602 3614 2664 3687 [Ι.
2686 3613 2990 3687 Χουθαῖοι].

2170 3708 2503 3778 Συνάγονται
2557 3704 2650 3762 οὖν
2691 3709 2741 3761 οἱ
2789 3706 2975 3779 χρόνοι
3020 3706 3133 3761 τῶν
3188 3707 3289 3780 μὲν
3329 3708 3695 3783 Ἰερουσαλήμ

2098 3801 2534 3873 βασιλευσάντων
2562 3800 2670 3855 ἀπὸ
2713 3798 2810 3853 τοῦ
2860 3799 3029 3853 Δαϐὶδ
3076 3801 3174 3855 καὶ
3215 3801 3379 3873 μέχρι
3407 3802 3501 3855 τοῦ
3533 3802 3693 3858 Σεδε-

2095 3893 2211 3959 κία,
2250 3896 2345 3947 καὶ
2393 3891 2559 3948 αὑτοῦ
2579 3931 2595 3958 ,
2653 3891 2723 3947 τὰ
2757 3892 2934 3946 πάντα
2985 3892 3080 3964 ἔτη
3123 3899 3191 3957 υ¹,
3241 3893 3482 3963 βασιλεῖς
3531 3911 3590 3948 τε
3635 3896 3691 3949 οἱ

2096 3983 2295 4047 πάντες
2339 3990 2422 4037 κα¹
2448 3983 2571 4053 δίχα
2600 3983 2702 4055 τῆς
2740 3981 3019 4047 Γοθολίας,
3071 3983 3168 4036 καὶ
3213 3983 3404 4053 γένους
3448 3985 3693 4051 ἅπαντες

2096 4072 2215 4136 ἑνὸς
2240 4072 2334 4125 τοῦ
2393 4072 2581 4136 Δαϐὶδ,
2633 4074 2763 4137 παῖς
2796 4071 2947 4145 παρὰ
2990 4073 3198 4144 πατρὸς
3243 4073 3385 4127 κατὰ
3409 4073 3687 4147 διαδοχὴν,

2094 4165 2153 4230 ἐξ
2181 4164 2359 4236 ἀρχῆς
2404 4163 2532 4235 ἄχρι
2564 4162 2750 4228 τέλους
2801 4164 2903 4236 τὴν
2952 4163 3233 4234 βασιλείαν
3296 4166 3685 4237 κληρούμενοι.

2107 4255 2203 4307 Ἐκ
2239 4255 2445 4309 τούτων
2482 4255 2540 4309 δὲ
2585 4256 2747 4310 πάλιν
2784 4257 2834 4309 οἱ
2882 4255 2982 4328 μὲν
3028 4256 3354 4327 ποιήσαντες
3414 4257 3475 4310 rb
3525 4257 3691 4322 εύθὲς

2095 4346 2235 4398 εἰσὶν
2262 4346 2327 4411 θ’,
2367 4347 2417 4399 οἱ
2436 4345 2494 4399 δὲ
2523 4347 2848 4418 ποιήσαντες
2892 4346 2955 4400 rb
2992 4345 3229 4418 πονηρὸν
3257 4344 3323 4417 ιβ’
3361 4345 3534 4418 χωρὶς
3583 4346 3691 4417 τῆς

2094 4436 2365 4501 Γοθολίας.
3482 4446 3485 4449 ’

2165 4528 2290 4582 Τῶν
2340 4529 2398 4581 δὲ
2440 4529 2497 4582 έν
2545 4527 2833 4600 Σαμαρείᾳ
2891 4527 3055 4583 πάλιν
3113 4526 3544 4599 βασιλευσάντων
3577 4528 3691 4582 ἀπὸ

410 4618 569 4673 boam
601 4635 777 4689 usque
810 4621 878 4676 ad
909 4620 1049 4677 Osee
1077 4635 1399 4695 regnarunt,
1434 4627 1564 4681 anni
1598 4638 1728 4684 sunt
1767 4627 1991 4684 ducenti

2107 4620 2388 4692 Ἱεροϐοὰμ
2419 4621 2514 4674 καὶ
2565 4621 2725 4692 μέχρι
2764 4621 2923 4693 Ὠσηὲ
2978 4620 3047 4674 τὰ
3086 4621 3264 4674 πάντα
3317 4619 3411 4692 ἐτη
3447 4619 3545 4687 σξη
3590 4623 3691 4675 καὶ

411 4714 693 4784 sexaginta
719 4731 733 4768 :
765 4728 920 4784 reges
945 4722 1125 4770 autem
1172 4718 1416 4774 universi
1447 4719 1632 4776 decem
1664 4729 1720 4775 et
1759 4730 1884 4777 octo
1921 4738 1990 4777 ex

410 4804 645 4860 diversis
678 4805 963 4875 stirpibus.
994 4805 1202 4862 Horum
1224 4819 1349 4864 octo
1372 4826 1599 4882 regnum
1623 4813 1943 4868 invaserunt
1971 4831 1986 4867 :

408 4910 602 4952 omnes
630 4911 761 4951 vero
790 4896 938 4967 quod
970 4897 1179 4953 malum
1211 4908 1331 4954 erat
1361 4900 1629 4968 fecerunt,
1655 4903 1814 4973 juxta
1859 4918 1990 4974 pec-

406 4996 589 5043 catum
615 4988 928 5045 Jeroboam.

472 5084 475 5085 ⁷
688 5080 847 5137 Liber
877 5080 983 5149 XI,
995 5077 1448 5153 Paralipomenon
1476 5084 1505 5138 1
1530 5093 1580 5140 et
1599 5083 1686 5139 II.

475 5173 565 5228 I9.
586 5173 701 5231 Hoc
732 5175 957 5231 nomine
973 5177 1350 5232 vocanturisti
1383 5177 1528 5241 libri,
1550 5177 1697 5248 quod
1728 5179 1897 5234 multa
1926 5179 1984 5234 in

406 5260 560 5318 libris
580 5262 893 5336 Regnorum
922 5267 1289 5337 praetermissa
1319 5268 1375 5321 in
1405 5267 1544 5337 ipsis
1572 5270 1980 5327 contineantur.

2097 4710 2336 4782 βασιλεῖς
2371 4712 2471 4783 μὲν
2525 4715 2573 4765 οἱ
2609 4714 2808 4777 πάντες
2836 4720 2924 4783 ιη’,
2960 4715 3025 4767 ἐκ
3064 4713 3335 4786 διαφόρων
3380 4713 3438 4766 δὲ
3484 4712 3686 4783 γενῶν.

2095 4803 2205 4856 Καὶ
2254 4803 2461 4859 τούτων
2511 4804 2657 4858 ὀκτὼ
2710 4807 2801 4859 ἐπὶ
2853 4806 2915 4858 τὸ
2985 4806 3175 4877 ἄρχειν
3248 4805 3648 4878 ἀναϐεϐηκότες
3669 4826 3686 4839 ·

2094 4895 2189 4947 καὶ
2211 4895 2408 4960 πάντες
2435 4897 2700 4968 ἐποίησαν
2722 4897 2782 4950 τὸ
2816 4898 3074 4969 πονηρὸν,
3103 4899 3245 4953 κατὰ
3279 4898 3378 4971 τὴν
3407 4898 3690 4971 ἁμαρτίαν

2106 4986 2403 5059 Ἱεροϐοάμ.

2261 5082 2507 5137 Βιϐλίον
2536 5088 2631 5147 ια’,
2670 5084 3158 5153 Παραλιπόμεναι
3207 5080 3259 5135 α’
3289 5083 3385 5137 καὶ
3416 5083 3499 5147 β’.

2157 5175 2245 5231 I9.
2280 5175 2437 5229 Οὕτω
2465 5174 2713 5229 καλεῖται
2736 5176 2806 5229 τὰ
2837 5174 3016 5245 βιϐλία
3048 5176 3242 5241 ταῦτα,
3284 5176 3472 5247 ἐπειδὴ
3502 5194 3688 5248 παραυ

2084 5266 2369 5335 λειφθέντα
2393 5266 2562 5320 πολλὰ
2587 5269 2646 5320 έν
2676 5270 2793 5329 ταῖς
2810 5267 3115 5331 Βασιλείαις
3139 5268 3452 5339 περιέχεται
3475 5271 3532 5321 ἐν
3559 5269 3687 5323 τού-

405 5352 647 5409 Ilabetur
707 5365 890 5412 autem
945 5357 1003 5412 in
1043 5358 1222 5428 primo
1259 5357 1404 5413 libro
1458 5360 1703 5414 omnium
1739 5361 1981 5416 tribuum

2103 5374 2219 5420 τοις.
2247 5359 2404 5410 Ἔστι
2441 5357 2498 5410 δὲ
2526 5359 2584 5411 ὲν
2613 5358 2712 5427 μὲν
2759 5356 2836 5427 τῷ
2894 5357 3096 5430 πρώτῳ
3123 5357 3315 5429 βιϐλίῳ
3358 5357 3686 5428 γενεαλογία

386 5448 717 5516 .genealogia
745 5448 815 5503 ab
842 5449 1017 5504 Adam
1045 5466 1221 5521 usque
1252 5451 1320 5506 ad
1348 5467 1505 5523 reges
1540 5452 1842 5508 secundum
1877 5455 1979 5508 tri-

404 5534 530 5600 bus,
553 5546 604 5589 et
640 5540 892 5607 populos,
939 5549 992 5595 et
1023 5539 1283 5607 familias,
1312 5550 1366 5598 et
1400 5544 1613 5604 domos.
1648 5544 1707 5600 In
1738 5546 1981 5603 secundo

406 5637 537 5679 vero
571 5636 920 5696 exponuntur
949 5638 1103 5701 gesta
1130 5647 1343 5704 regum.

2088 5449 2278 5503 πασῶν
2320 5448 2428 5501 τῶν
2480 5449 2661 5518 φυλῶν
2725 5449 2834 5501 ἀπὸ
2877 5450 3050 5522 ’Λδὰμ
3108 5452 3213 5514 ἓως
3267 5450 3376 5504 τῶν
3414 5450 3686 5521 βασιλέων

2089 5542 2231 5595 κατὰ
2254 5540 2445 5611 φυλὰς,
2499 5542 2594 5595 καὶ
2644 5542 2787 5595 κατὰ
2845 5542 3070 5614 δήμους,
3106 5545 3202 5597 καὶ
3250 5542 3393 5596 κατὰ
3417 5542 3681 5614 πατριὰς,

2088 5634 2183 5686 καὶ
2223 5637 2345 5686 κατ’
2376 5629 2544 5687 οἷκον·
2601 5634 2661 5685 ἐν
2719 5633 2777 5686 δὲ
2824 5634 2902 5705 τῷ
2932 5635 3170 5708 δευτέρῳ
3223 5634 3703 5707 διαλαμϐάνονταιδ

2088 5724 2313 5795 πράξεις
2333 5723 2442 5779 τῶν
2474 5724 2756 5797 βασιλέων.
