3880 6186
132 333 235 390 329

1245 334 1581 391 SYNOPSIS
1621 335 2048 392 SCRIPTURAS
2079 337 2352 396 SACRIE.

3305 341 3412 396 550

197 451 430 527 Εἴρηται
487 451 588 524 μὲν
634 449 730 508 οὖν
780 453 838 507 ὲν
868 455 981 518 τοῖς
1029 453 1363 526 ἔμπροσθεν,
1400 456 1482 510 δτι
1511 459 1558 510 οί
1597 473 1714 526 συγ-

1903 455 2078 528 Supra
2108 457 2329 529 quidem
2357 456 2565 512 dictum
2596 465 2701 524 est,
2729 459 2878 528 quod
2920 459 3012 530 qui
3047 473 3236 529 regum
3267 455 3411 514 facta

133 545 474 617 γραψάμενοι
502 543 605 608 τάς
641 562 702 597 τε
750 543 978 616 πράξεις
1034 544 1130 598 καὶ
1174 545 1301 608 τοὺς
1350 544 1576 617 χρόνους
1609 545 1720 598 τῶν

133 637 396 706 βασιλέων
425 636 560 688 εἰσιν
583 636 631 688 οἱ
657 635 802 689 κατὰ
827 636 1050 707 καιροὺς
1077 635 1230 700 ὄντες
1254 636 1555 708 προφῆται·
1579 637 1722 708 ὑπὲρ

128 729 188 781 δὲ
218 727 312 782 τοῦ
345 727 674 797 γιγνώσκειν
706 731 763 782 ἐν
794 727 948 800 μέρει
985 729 1205 795 αὐτοὺς,
1260 728 1722 800 ὲσημειωσάμεθα

128 820 301 875 ταῦτα
332 821 397 874 ὲκ
451 821 560 874 τῶν
618 821 1109 892 Παραλιπομένων·
1141 821 1211 875 τὰ
1257 821 1388 894 περὶ
1427 821 1520 874 τοῦ
1559 821 1723 876 Δαϐὶδ

130 911 337 983 ἔγραψε
362 911 634 982 Σαμουὴλ,
667 913 761 966 καὶ
794 912 1000 977 Ναθὰν,
1038 914 1133 966 καὶ
1183 913 1310 978 Γὰδ,
1341 914 1390 966 οἱ
1420 917 1720 986 προφῆται·

128 1006 198 1058 τά
231 1005 360 1074 περὶ
391 1004 760 1075 Σολομῶντος,
785 1005 972 1059 Ναϐὰν
1006 1006 1096 1059 καὶ
1139 1005 1312 1076 Ἀχιᾶ,
1347 1008 1396 1059 oi
1423 1008 1722 1078 προφῆται·

128 1094 198 1149 τά
233 1097 362 1168 περὶ
377 1095 677 1166 Ἱεροϐοάμ,
713 1097 960 1166 Σαμαίας
983 1097 1076 1149 καὶ¹
1122 1095 1307 1161 Ἀδδὼ,
1333 1099 1381 1150 οἱ
1417 1097 1718 1167 προφῆται·

128 1189 196 1242 τὰ
228 1190 361 1258 περὶ
397 1189 573 1250 Ἀϐιᾶ,
621 1188 784 1241 Ἀδδὼ
811 1192 839 1242 6
873 1191 1178 1262 προφήτης·
1224 1190 1294 1244 τὰ
1327 1191 1456 1262 περὶ
1499 1191 1632 1242 Ἀσᾶ
1665 1191 1724 1242 ἐν

126 1282 204 1352 τῷ
220 1282 412 1353 βιϐλίῳ
430 1283 635 1352 Λόγων
655 1282 788 1351 περὶ
808 1283 925 1335 τῶν
946 1282 1256 1337 Βασιλέων
1271 1283 1486 1337 Ἰούδα·
1503 1283 1572 1336 τὰ
1595 1283 1724 1354 περὶ

138 1375 429 1444 Ἰωσαφὰτ,
474 1376 610 1448 Ἰηοῦ
637 1377 665 1428 ὁ
694 1377 1000 1447 προφήτης,
1036 1377 1064 1429 6
1095 1375 1190 1429 τοῦ
1230 1377 1460 1449 Ἀναμῆ,
1494 1378 1554 1442 ὃς
1591 1395 1722 1432 κατ-

127 1468 336 1540 έγραῴ
367 1467 570 1538 βιϐλίον
604 1469 812 1538 Λόγων·
843 1466 1153 1522 Βασιλέων
1204 1469 1420 1524 Ἰούδα·
1474 1470 1545 1524 τὰ
1593 1472 1722 1544 περὶ

137 1561 292 1623 Ἰωᾶς
319 1562 414 1614 ἐπὶ
441 1561 540 1633 τὴν
561 1561 777 1632 γραφὴν
804 1559 911 1613 τῶν
936 1560 1253 1614 Βασιλειῶν·
1283 1561 1350 1615 τὰ
1389 1564 1517 1636 περὶ
1557 1565 1720 1635 Ἀμεο

126 1653 214 1705 σία
252 1653 346 1704 ἐπὶ
380 1650 583 1721 βιϐλίον
609 1651 882 1706 Βασιλέων
913 1651 1082 1704 ’ἰούδα
1105 1653 1196 1705 κα)⁵
1223 1653 1459 1724 Ἰσραήλ·
1489 1652 1558 1706 τὰ
1593 1655 1722 1725 περὶ

135 1743 336 1809 ὐζίου,
379 1744 607 1808 Ἰεσσίας
650 1747 680 1798 ό
737 1747 1041 1817 προφήτης·
1079 1746 1149 1800 τὰ
1181 1747 1308 1818 περὶ
1355 1746 1594 1818 Ἰωάθαμ
1627 1748 1720 1802 ὲπὶ

1827 553 1882 601 et
1910 554 2156 617 tempora
2210 547 2684 617 conscripserunt,
2720 547 2999 617 prophetae
3031 547 3274 612 fuerint,
3318 549 3412 618 qui

1825 638 2058 709 singulis
2099 639 2438 708 temporibus
2469 639 2744 693 vixerunt.
2796 635 2867 692 Ut
2896 646 3079 693 autem
3128 639 3412 708 speciatim

1825 731 1955 800 quid
1983 731 2216 800 quisque
2246 732 2549 801 scripserit,
2582 739 2975 802 cognoscatur,
3016 745 3083 785 ex
3132 729 3412 800 Paralipo-

1825 825 2005 879 menis
2033 825 2136 880 ista
2172 825 2557 880 annotavimus
2584 842 2596 879 :
2637 823 2861 877 Davidis
2887 821 3150 876 historias
3175 821 3414 890 scripse-

1824 928 1954 975 runt
1989 919 2232 983 Samuel,
2263 917 2476 972 Natlian
2505 925 2560 971 et
2591 916 2706 972 Gad
2734 916 3014 986 prephetae
3036 932 3050 981 ;
3076 913 3408 980 Salomonis,

1824 1011 2040 1066 Nathan
2071 1020 2127 1065 et
2169 1010 2340 1064 Achia
2374 1008 2650 1079 praphetae
2677 1026 2691 1074 ;
2717 1005 3005 1061 Jerohoam
3031 1044 3046 1069 ,
3097 1002 3335 1058 Samaeas
3357 1009 3414 1057 et

1825 1105 1979 1160 Addo
2019 1103 2330 1174 prophetae;
2362 1102 2532 1166 Abiaa,
2571 1099 2731 1172 114
2762 1099 2917 1153 Addo
2948 1096 3233 1168 propheta.
3291 1094 3414 1149 Asae

1825 1197 1969 1252 facta
1997 1199 2268 1252 habemur
2313 1198 2368 1251 in
2395 1197 2532 1250 libro
2563 1196 2876 1250 Sermonum
2904 1193 2967 1247 de
3007 1190 3215 1262 regibus
3240 1187 3407 1242 Juda.

1824 1287 2106 1358 Josaphat,
2141 1288 2276 1342 Jehu
2306 1289 2592 1357 propheta,
2627 1286 2769 1341 filius
2803 1285 3031 1350 Aname,
3061 1283 3154 1353 qui
3212 1281 3412 1336 librum

1826 1380 2138 1438 Sermonum
2168 1382 2231 1436 de
2266 1381 2473 1451 regibus
2501 1378 2646 1432 Juda
2697 1379 2938 1448 scripsil.
2971 1375 3104 1442 Quae.
3133 1373 3261 1428 Joas
3288 1385 3412 1444 ges-

1825 1474 1912 1537 sit,
1931 1475 2102 1528 relata
2132 1482 2262 1529 sunt
2294 1475 2350 1526 in
2375 1473 2703 1542 scripturam
2734 1469 3044 1539 Regnorum
3066 1465 3412 1536 ;'quaeAma-

1825 1566 1960 1628 sias,
1994 1565 2048 1618 in
2081 1565 2220 1618 libro
2253 1571 2380 1619 sunt
2406 1579 2593 1633 regum
2616 1560 2756 1616 Juda
2777 1569 2831 1615 et
2850 1559 3053 1626 Israel;
3086 1571 3207 1626 quae
3223 1554 3407 1620 Ozias,

1823 1655 2045 1724 scripsit
2073 1652 2244 1708 Isaias
2281 1655 2584 1724 propheta;
2619 1667 2742 1722 quae
2785 1648 3059 1708 Joatham.
3095 1653 3223 1702 sunt
3251 1648 3306 1700 in
3339 1645 3409 1697 Ii-

1825 1747 1927 1801 bro
1951 1745 2160 1818 Regum
2193 1753 2245 1800 et
2268 1745 2406 1799 Juda
2437 1755 2490 1799 et
2535 1743 2740 1808 Israel;
2786 1756 2907 1810 qua:
2943 1739 3150 1801 Achaz,
3177 1738 3233 1792 in
3265 1737 3408 1791 libro

124 1837 328 1908 βιϐλίον
348 1837 459 1890 τῶν
480 1838 755 1892 Βασιλέων
771 1840 938 1893 Ἰούδα
954 1840 1047 1893 καὶ
1062 1839 1296 1910 Ἰσραήλ·
1315 1839 1383 1893 τά
1400 1841 1528 1912 περὶ
1560 1841 1714 1912 Ἀχάς

1826 1838 2098 1894 habentur
2131 1837 2339 1909 Regum
2370 1836 2509 1892 Juda
2535 1844 2589 1891 et
2615 1835 2818 1900 Israel;
2849 1847 2972 1904 quae
3000 1831 3226 1887 Ezekias
3256 1829 3406 1893 fecit,

123 1933 216 1986 ἐπὶ
249 1932 456 2002 βιϐλίον
481 1931 754 1986 Βασιλέων
769 1932 937 1994 Ἰούδα
962 1932 1305 2003 καὶἸσραήλ·
1321 1933 1390 1986 τὰ
1412 1935 1542 2005 περὶ
1569 1935 1720 1998 Ἐζε-

123 2024 267 2090 ιιίου,
308 2027 540 2088 Ἡσαΐας
575 2026 690 2090 υίὸς
737 2024 918 2096 ’Λμὼς
948 2027 977 2078 6
1011 2027 1316 2098 προφήτης·
1350 2025 1419 2078 τὰ
1453 2027 1581 2096 περὶ
1607 2029 1722 2081 Μα-

119 2117 296 2185 νασσῆ
324 2117 419 2168 ἐπὶ
448 2119 645 2180 Λόγον
681 2113 802 2169 τῶν
827 2116 1118 2186 ὁρώντων·
1138 2116 1208 2171 τὰ
1241 2118 1370 2188 περὶ
1384 2118 1589 2171 Ἰωσίου
1627 2119 1721 2172 ἐπὶ

122 2202 328 2273 βιϐλίον
355 2205 649 2257 Βασιλέων’
678 2204 866 2258 Ἰούδα·
921 2205 992 2259 τὰ
1048 2207 1178 2278 περὶ
1223 2207 1478 2279 Ἰωακεὶμ
1508 2208 1602 2262 ἐπὶ
1636 2208 1719 2280 βι-

121 2293 269 2349 ϐλίον
303 2296 582 2351 Βασιλέων
625 2297 794 2351 Ἰούδα
814 2297 909 2352 καὶ
943 2299 1178 2371 Ἰσραήλ.

431 2410 804 2484 Beato-7'13,
835 2409 1098 2478 Ἔσδρας
1122 2417 1173 2467 α’
1205 2409 1398 2476 καίβν.

186 2500 280 2556 20.
309 2498 499 2553 Ταῦτα
547 2499 618 2553 τά
669 2499 763 2552 δύο
785 2499 963 2571 βιϐλία
994 2503 1121 2573 παρ’
1151 2502 1316 2555 αὐτοῦ
1352 2503 1564 2559 ἐκείνου
1591 2522 1720 2561 συν-

118 2592 466 2664 εγράφησαν,
530 2585 592 2645 οὗ
653 2590 748 2645 καὶ
799 2592 897 2664 τήν
969 2594 1282 2666 ἐπιγραφὴν
1339 2595 1714 2670 ἐπιφέρονται.

119 2675 289 2748 Οὗτος
319 2684 434 2755 γὰρ
468 2683 727 2755 Ἔσδρας,
772 2685 951 2750 ἱερεὺς
972 2683 1046 2738 ὣν
1077 2687 1170 2739 καὶ
1189 2677 1570 2759 ἀναγνώστης,
1619 2689 1711 2756 ἐξ·

118 2776 337 2845 ηγεῖται
358 2773 458 2846 τὴν
480 2774 741 2828 ἐπάνοδον
757 2775 866 2828 τῶν
895 2775 1026 2828 υἱῶν
1042 2776 1278 2849 Ἰσραὴλ,
1310 2780 1412 2850 τὴν
1441 2780 1550 2832 ἀπὸ
1580 2781 1718 2852 Περ-

120 2868 262 2931 σίὼς
285 2870 370 2931 είς
391 2869 492 2939 τὴν
527 2867 882 2940 Ἰερουσαλὴμ
918 2870 1240 2942 γενομένην.
1275 2872 1388 2925 Καὶ
1417 2873 1476 2926 ἐν
1511 2871 1612 2945 μὲν
1637 2872 1717 2945 τῷ

398 2957 591 3030 βιϐλίῳ
644 2958 1018 3029 διαλαμϐάνει,
1065 2961 1214 3024 ὅπως
1259 2960 1456 3031 γέγονε
1506 2963 1576 3018 τὰ
1615 2963 1718 3035 τῆς

115 3051 384 3104 ἐπανόδου
420 3053 478 3103 ἐν
507 3051 654 3122 χειρὶ
698 3050 874 3123 Ἰησοῦ
910 3050 1004 3105 τοῦ
1053 3053 1320 3119 Ἰωσεδὲκ,
1356 3055 1452 3109 καί⁴
1486 3057 1713 3129 Ἔσδρα,

116 3147 208 3199 καὶ
231 3144 567 3217 Ζοροϐάϐελ,
625 3146 718 3199 καὶ
771 3145 985 3217 Νεεμία
1017 3146 1271 3218 εὐνούχου
1323 3149 1602 3204 Ἰουδαίου.
1647 3150 1716 3204 Ἦ

112 3239 170 3294 δὲ
195 3239 477 3311 πρόφασις
522 3239 621 3310 τῆς
651 3239 908 3292 ἐπανόδου
954 3239 1116 3312 αὓτη·
1180 3242 1343 3312 Τρεῖς
1386 3243 1716 3314 στρατιῶται

115 3331 494 3402 φυλάσσοντες
548 3331 641 3383 τὸν
689 3331 930 3402 βασιλέα,
967 3326 1042 3388 ὧν
1082 3330 1164 3396 εἷς
1203 3329 1272 3405 ἦν
1303 3334 1332 3386 ὁ
1384 3335 1712 3407 Ζοροϐάϐελ,

114 3424 314 3496 ήρισαν
345 3425 406 3476 ὲν
432 3421 802 3494 προϐλήματι,
828 3425 1077 3497 τεθείσης
1134 3425 1467 3497 ἐπαγγελίας
1496 3429 1714 3499 αἰτῆσαι

113 3519 207 3573 τὸν
246 3517 514 3581 νικῶντα,
545 3517 683 3587 ὅπερ
714 3517 780 3570 ἂν
824 3517 1058 3591 ἐθελήσῃ
1091 3518 1243 3591 παρὰ
1267 3518 1362 3572 τοῦ
1423 3518 1710 3588 βασιλέως.

113 3610 222 3664 Τοῦ
258 3611 444 3665 τοίνυν
473 3611 593 3674 ἐνὸς
643 3609 889 3673 εἰπόντος
921 3612 1078 3680 νικᾷν
1137 3610 1230 3663 τὸν
1288 3605 1450 3675 οἶνον,
1500 3610 1595 3664 τοῦ
1657 3612 1714 3665 δὲ

112 3705 308 3776 ἑτέρου
348 3703 639 3774 εἰρηκότος
669 3703 826 3774 νικᾷν
875 3703 966 3756 τὸν
1017 3702 1264 3774 βασιλέα,
1322 3705 1351 3757 6
1408 3703 1713 3778 Ζοροϐάϐελ

110 3794 418 3847 διετείνατο
450 3795 609 3864 νικᾷν
631 3793 732 3856 τὰς
762 3795 1044 3861 γυναῖκας,
1078 3793 1172 3846 καὶ¹
1211 3792 1349 3864 ὑπὲρ
1408 3794 1582 3847 πάντα
1611 3795 1713 3865 τήν

115 3889 407 3960 ἀλήθειαν.
444 3889 556 3942 Καὶ
577 3886 765 3958 ἐπειδὴ
814 3885 990 3940 ταῦτα
1023 3885 1264 3958 εἰρηκὼς
1315 3886 1590 3958 νενίκηκε,
1618 3888 1712 3941 καὶ

109 3983 352 4052 ⁴ήκουσεν
387 3978 715 4051 αἰτήσασθαι
764 3977 793 4031 ὂ
822 3978 1089 4048 βούλεται,
1129 3978 1360 4048 ήξίωσεν
1389 3980 1550 4043 αὐτὸς
1575 3981 1711 4050 ἀφε-

115 4073 284 4143 θῆναι
314 4073 418 4143 τὴν
455 4071 854 4142 αἰχμαλωσίαν,
889 4072 983 4123 καὶ
1010 4070 1433 4142 οἰκοδομηθῆναι
1470 4071 1567 4144 τὴν
1612 4073 1711 4125 Ἰε-

117 4165 428 4238 ρουσαλήμ.
464 4165 576 4217 Καὶ
622 4164 846 4232 γέγονεν
885 4163 960 4226 ὡς
1013 4163 1236 4232 ἠξίωσε·
1295 4164 1390 4216 καὶ
1446 4163 1710 4236 ἀφείθηή

113 4258 489 4328 αἱχμαλωσία.
527 4254 663 4308 Τότε
713 4254 822 4326 γὰρ
868 4253 1160 4326 ἐπληρώθη
1207 4256 1301 4308 καὶ
1350 4255 1418 4308 τὰ
1451 4256 1711 4327 ἐξήκοντα

112 4351 212 4420 ἐτη
232 4350 335 4420 τῆς
359 4349 552 4420 ὀργῆς.
576 4348 700 4400 Εἰσὶ
727 4347 784 4401 δὲ
815 4350 863 4401 oi
919 4347 1218 4411 ἀναϐάντες
1251 4347 1361 4400 ἀπὸ
1387 4348 1486 4418 τῆς
1507 4348 1710 4418 αἰχμα-

111 4441 317 4505 λωσίας
345 4441 456 4504 ἀπὸ
497 4439 665 4494 Ἰούδα
684 4441 778 4493 κα)⁵
813 4439 1092 4510 Βενιαμὶν,
1129 4439 1221 4492 καὶ
1249 4441 1294 4491 οἱ
1321 4437 1542 4492 Λευῖται
1576 4439 1711 4492 πάν-

1826 1930 2048 2000 scripsit
2078 1929 2245 1986 Isaias
2275 1931 2540 2000 propheta
2577 1927 2722 1982 ﬁlius
2752 1929 2950 1993 Amos;
2981 1941 3101 1995 quae
3131 1922 3407 1986 Manasse,

1823 2020 1994 2074 relata
2030 2027 2161 2074 sunt
2209 2020 2267 2074 in
2317 2035 2610 2074 sermonem
2643 2017 2977 2080 videntium;
3029 2029 3151 2086 quae
3199 2012 3405 2076 Josias,

1823 2111 1878 2165 in
1909 2112 2051 2168 libro
2081 2119 2210 2168 sunt
2256 2111 2467 2182 Regum
2495 2109 2677 2176 Juda;
2713 2125 2834 2180 quae
2873 2107 3087 2163 Joakim
3107 2147 3122 2175 ,
3176 2107 3236 2161 in
3266 2105 3408 2160 libro

1821 2206 2094 2268 habentur
2115 2206 2323 2279 Regum
2347 2204 2375 2261 J
2384 2208 2488 2262 uda
2521 2215 2576 2262 et
2609 2205 2798 2261 Israel.

1948 2413 2104 2487 Liber
2133 2411 2285 2480 XII,
2338 2411 2764 2482 Esdrwfprimus
2807 2419 2857 2466 et
2895 2408 3155 2465 secundus
3187 2408 3320 2479 (l5).

1879 2487 1980 2564 .20.
2023 2505 2089 2560 Hi
2116 2504 2226 2560 duo
2254 2505 2380 2560 libri
2410 2504 2480 2558 ab
2518 2518 2584 2558 eo
2617 2503 2917 2573 conscripti
2965 2509 3114 2563 sunt,
3151 2500 3310 2569 cujus
3351 2504 3406 2553 et

1820 2596 2235 2668 inscriptionem
2277 2593 2595 2667 praeferunt.
2637 2593 2842 2649 Esdras
2876 2593 3024 2648 enim
3062 2593 3163 2646 iste
3213 2605 3407 2646 sacer-~

1819 2693 1921 2748 dos
1941 2697 1994 2747 et
2023 2691 2195 2745 lector
2222 2704 2346 2743 cum
2370 2697 2536 2752 esset,
2568 2687 2806 2741 reditum
2863 2685 3102 2740 filiorum
3145 2683 3308 2740 Israel
3338 2699 3406 2740 ex

1818 2783 2043 2841 Perside
2091 2783 2159 2837 ad
2210 2779 2554 2844 Jerusalem,
2607 2779 2904 2834 enarravit.
2961 2777 3019 2832 ln
3054 2780 3234 2850 primo
3263 2777 3404 2832 libro

1817 2877 2005 2944 tradit,
2031 2875 2305 2947 quomodo
2336 2888 2469 2929 cura
2510 2873 2719 2928 reditus
2769 2872 2935 2928 fuerit
2969 2873 3026 2927 in
3074 2888 3240 2926 manu
3273 2869 3406 2928 Jesu

1819 2970 1915 3026 filii
1941 2968 2194 3033 Joscdec,
2227 2973 2280 3023 et
2319 2966 2538 3031 Esdras,
2569 2973 2624 3021 et
2677 2965 2979 3020 Zorobabel
3003 3005 3018 3030 ,
3073 2975 3126 3020 et
3168 2963 3406 3019 Neemioe

1815 3062 2052 3120 eunuchi
2077 3059 2271 3116 Judaei.
2305 3059 2536 3115 Occasio
2562 3074 2691 3114 vero
2727 3058 3082 3113 reditushaec
3110 3056 3245 3112 fuit:
3271 3056 3407 3114 Tres

1817 3158 2022 3212 milites
2045 3170 2230 3226 regem
2263 3153 2636 3208 custodientes
2662 3193 2676 3218 ,
2719 3167 2950 3220 quorum
2980 3166 3125 3206 unus
3154 3159 3270 3206 erat
3295 3150 3404 3206 Ζο-

1817 3236 2064 3309 robahel,
2093 3244 2242 3299 circa
2263 3243 2619 3314 quaestionem
2645 3243 2939 3313 quamdam
2972 3242 3403 3308 contendebant,

1817 3335 1962 3391 facta
1997 3335 2394 3406 promissione,
2433 3343 2491 3387 ut
2521 3333 2616 3403 qui
2667 3334 2954 3397 vinceret,
3002 3348 3032 3386 a
3067 3349 3193 3405 rege
3242 3334 3403 3403 quid-

1815 3430 1948 3502 quid
1974 3430 2137 3485 vellet
2185 3434 2415 3500 peteret.
2469 3427 2604 3482 Cum
2660 3427 2872 3497 primus
2920 3427 3150 3481 dixisset
3205 3427 3404 3482 fortius

1815 3537 1941 3579 esse
1967 3523 2176 3586 vinum,
2210 3521 2349 3576 alter
2396 3518 2679 3575 fortiorem
2710 3534 2834 3574 esse
2861 3534 3064 3589 regem,
3101 3518 3406 3574 Zorobabcl

1816 3615 2095 3670 contendit
2125 3614 2381 3670 fortiores
2418 3627 2541 3668 esse
2578 3613 2858 3676 mulieres,
2891 3612 3283 3682 veritatemque
3310 3627 3400 3667 su-

1815 3723 1914 3778 per
1938 3708 2121 3762 omnia
2147 3707 2432 3762 excellere.
2475 3704 2602 3760 Haac
2634 3704 2764 3775 qu-ia
2807 3703 3027 3760 locutus
3058 3702 3363 3760 Zorobabel
3383 3744 3399 3770 ,

1815 3797 1992 3852 victor
2017 3797 2189 3853 evasit
2220 3816 2232 3851 :
2266 3812 2391 3851 cum
2419 3795 2613 3866 jussus
2643 3801 2790 3850 esset
2817 3801 3003 3864 petere
3034 3795 3183 3865 quod
3213 3796 3398 3860 vellet,

1813 3889 1990 3960 petiit,
2014 3898 2074 3944 ut
2107 3889 2396 3959 captivitas
2439 3888 2762 3953 solveretur,
2794 3895 2846 3943 et
2879 3887 3182 3944 Jerusalem
3232 3888 3404 3943 aedifi-

1814 3986 2052 4035 caretur.
2108 3977 2286 4048 Atque
2316 3979 2390 4032 ita
2415 3987 2477 4032 ut
2507 3979 2700 4049 petiit,
2753 3977 2955 4032 factum
2984 3986 3070 4034 est
3097 3997 3110 4032 :
3143 3977 3402 4034 dimissa-

1813 4086 1922 4141 que
1961 4079 2046 4126 est
2075 4069 2389 4140 captivitas.
2421 4069 2575 4124 Tunc
2610 4071 2758 4125 cnim
2810 4071 3072 4139 temporis
3118 4069 3402 4141 adimpleti

1812 4169 1970 4218 erant
1999 4163 2277 4232 sexaginta
2309 4163 2403 4217 iraa
2420 4162 2571 4216 anni.
2605 4161 2708 4228 Qui
2742 4176 2874 4216 vero
2907 4159 3340 4233 Hierosolymam
3369 4178 3402 4218 e

1813 4253 2128 4323 captivitate
2158 4252 2524 4308 ascenderunt
2556 4251 2624 4307 de
2652 4253 2906 4308 tribubus
2933 4251 3072 4306 Juda
3109 4261 3163 4308 et
3201 4253 3400 4324 Benja-

1812 4343 1946 4407 min,
1972 4357 2097 4396 cum
2127 4341 2330 4398 Levitis
2360 4382 2374 4408 ,
2427 4343 2483 4396 in
2517 4343 2833 4397 universum
2892 4357 3122 4397 numero
3173 4341 3402 4400 fuerunt

1812 4433 2175 4503 quadraginta
2205 4433 2315 4488 duo
2339 4434 2509 4488 millia
2539 4433 2766 4489 trecenti
2798 4442 2852 4490 et
2884 4434 3186 4504 sexaginta.
3244 4433 3402 4493 Servi

109 4551 203 4597 τες
236 4533 378 4605 ὁμοῦ
410 4533 501 4586 τὸν
535 4531 768 4605 ἀριθμὸν
799 4531 1059 4603 μυριάδες
1115 4530 1380 4601 τέσσαρες
1420 4531 1515 4584 καὶ
1542 4529 1709 4601 δισχί-

1818 4542 1942 4581 vero
1975 4526 2194 4580 illorum
2247 4533 2302 4581 et
2335 4527 2566 4590 ancillae,
2591 4535 2798 4596 septem
2826 4530 2997 4584 millia
3035 4529 3265 4585 trecenti
3296 4531 3400 4584 tri-

108 4627 217 4679 λιοι
243 4628 340 4680 καὶ
401 4625 703 4698 τριακόσιοι
740 4624 835 4678 καὶ
867 4624 1150 4694 ἐξήκοντα·
1210 4624 1396 4686 παῖδες
1427 4623 1486 4676 δὲ
1518 4624 1700 4678 αὐτῶν

1818 4620 1952 4689 ginta
1969 4627 2224 4690 quatuor.
2243 4621 2508 4676 Cantores
2525 4621 2742 4677 ducenti
2758 4624 3118 4694 quadraginta
3135 4626 3396 4697 quinque.

108 4721 209 4772 καί
241 4717 552 4780 παιδίσκαι,
584 4715 745 4780 ζτλδνδ
796 4718 845 4769 οί
879 4716 1096 4788 ᾄδοντες
1134 4723 1272 4787 σμε’·
1304 4713 1542 4787 κάμηλοι
1578 4714 1705 4769 υλε’·

108 4811 223 4865 ϐνοι
259 4811 414 4881 ςψκη
445 4811 555 4865 Καὶ
578 4812 628 4863 οί
664 4809 764 4880 μὲν
789 4809 1195 4880 οἰκοδομοῦντες
1222 4804 1361 4880 ἦσαν
1382 4809 1707 4878 Ζοροϐάϐελ,

107 4905 209 4958 καὶ
242 4903 454 4976 Ἰησοῦς
481 4905 510 4956 ὁ
539 4901 630 4956 τοῦ
663 4902 926 4966 Ἰωσεδὲκ,
949 4901 1428 4973 καὶΝεεμίας·ὁδὲ
1449 4903 1706 4974 Ἔσδρας,

109 4995 326 5066 εὐφυὴς
357 4992 435 5048 ὣν
468 4996 526 5046 ἐν
555 4992 636 5064 τῷ
663 4992 832 5065 νόμῳ,
864 4993 1025 5056 αὐτὸς
1073 4993 1404 5064 προεκόμισε
1428 4975 1519 5047 τὸν
1545 4995 1708 5064 νόμον

109 5089 206 5141 καὶ
239 5087 478 5156 ἀνέγνω,
512 5087 609 5141 καὶ
639 5085 935 5140 διετύπωσε
968 5086 1144 5140 πάντα
1176 5085 1243 5138 τὰ
1276 5085 1417 5139 κατὰ
1453 5087 1513 5139 τὸ
1540 5085 1702 5156 ἱερὸν,

109 5180 208 5232 καὶ
244 5179 375 5242 τοὺς
409 5177 640 5242 Λευίτας
691 5179 854 5242 αὐτὸς
913 5176 1114 5244 ἔδειξεν
1159 5178 1225 5230 ὲκ
1272 5177 1364 5229 τοῦ
1396 5177 1581 5246 νόμου,
1609 5178 1704 5230 καὶ¹

109 5272 375 5343 ἐποίησεν
417 5271 748 5344 ἐκϐληθῆναι
804 5271 903 5334 τὰς
957 5271 1264 5340 ἀλλογενεῖς
1298 5274 1562 5339 γυναῖκας
1595 5270 1704 5323 ἀπὸ

108 5364 221 5416 τῶν
278 5362 554 5418 λαϐόντων
594 5362 764 5426 αὐτάς
818 5364 877 5416 ὲν
924 5361 1102 5435 καιρῷ
1153 5362 1255 5432 τῆς
1304 5361 1703 5432 αἰχμαλωσίας.

122 5455 414 5520 Ἐξέϐαλον
470 5456 580 5529 γὰρ
652 5456 851 5521 πάντες
915 5457 1010 5510 καὶ
1074 5453 1549 5527 ἐκαθαρίσθησαν,
1608 5453 1703 5506 καὶ

111 5547 378 5618 ἐποίησαν
402 5549 464 5602 τὸ
487 5549 682 5621 Πάσχα
705 5550 968 5622 νομίμως,
997 5549 1073 5613 ὡς
1107 5547 1436 5620 γέγραπται,
1472 5547 1568 5600 καὶ
1603 5544 1703 5617 τήν

111 5655 276 5710 νηστε
283 5641 387 5695 ἔων.
617 5657 625 5666 ·

1807 4711 2016 4769 Cameli
2066 4713 2456 4784 quadringenti
2511 4716 2737 4786 triginta
2791 4717 3055 4789 quinque.
3093 4720 3251 4775 Asini
3301 4736 3402 4777 sex

1807 4807 1981 4860 millia
2003 4809 2331 4879 septingenti
2354 4807 2569 4880 viginti.
2611 4808 2996 4868 IEdiﬁcatores
3028 4819 3211 4867 autem
3241 4819 3402 4868 erant

1808 4896 2115 4955 Zorobabel
2142 4907 2198 4956 et
2218 4899 2380 4956 Jesus
2419 4901 2565 4955 filius
2592 4899 2824 4958 Josedec
2873 4909 2928 4958 et
2980 4902 3251 4958 Neemias.
3298 4903 3400 4958 Es-

1808 4989 1939 5047 dras
1971 5009 2121 5057 vero,
2143 5009 2269 5048 cum
2309 5002 2457 5050 esset
2489 4994 2681 5049 dexter
2714 4996 2768 5048 in
2803 4994 3117 5064 cognitione
3145 4994 3299 5065 legis,
3317 4997 3400 5050 le-

1809 5099 1928 5154 gem
1958 5087 2187 5156 protulit
2217 5094 2382 5157 atque
2432 5088 2602 5158 legit,
2657 5088 3049 5158 constituitque
3085 5097 3282 5143 cuncta
3328 5089 3400 5144 ad.

1809 5179 2072 5248 templum
2124 5179 2492 5247 pertinentia,
2529 5189 2584 5236 et
2639 5180 2857 5238 Levitas
2884 5199 3104 5254 quoque
3159 5183 3280 5254 ipse
3329 5199 3400 5240 ex

1808 5270 1926 5341 lege
1949 5270 2288 5342 designabat.
2320 5271 2588 5328 Praeterea
2613 5283 2668 5330 et
2700 5275 3038 5346 alienigenas
3061 5292 3260 5332 uxores
3294 5277 3397 5333 ab-

1803 5362 1899 5430 jici
1950 5364 2163 5417 curavit
2200 5365 2438 5431 abillis,
2496 5367 2590 5436 qui
2635 5381 2730 5423 eas
2784 5376 3030 5438 tempore
3065 5369 3400 5439 captivitatis

1812 5451 2102 5508 duxerant.
2132 5455 2464 5524 Ahjecerunt
2491 5459 2637 5512 enim
2678 5458 2802 5515 illas
2836 5475 3048 5527 omnes,
3075 5471 3130 5516 et
3152 5462 3400 5518 mundati

1813 5556 1960 5610 sunt,
1993 5554 2047 5601 et
2080 5545 2314 5613 Pascha.
2347 5549 2492 5606 sicut
2527 5550 2795 5623 scriptum
2845 5560 2930 5608 est
2952 5592 2968 5619 ,
3026 5561 3082 5608 et
3131 5552 3400 5624 jejunium

1812 5637 2050 5708 legitime
2080 5651 2455 5695 servaverunt.

155 5756 304 5837 .(45)
338 5759 443 5828 Qui
469 5758 686 5830 primus
705 5755 891 5812 Esdrae
919 5758 1006 5813 hic
1029 5757 1253 5823 dicitur,
1277 5766 1362 5812 est
1385 5757 1442 5814 in
1467 5757 1698 5830 Vulgata
1737 5762 1954 5830 tertius,
1997 5775 2050 5821 et
2085 5763 2153 5821 ad
2176 5765 2383 5821 calcem
2403 5762 2708 5820 Bibliorum
2748 5765 2966 5836 positus
3020 5777 3178 5820 extra
3231 5776 3401 5820 cano-

115 5840 307 5894 uicos,
859 5900 862 5904 ί

516 5924 793 5985 E'A'InOL.
833 5921 954 5986 Gn.
987 5923 1290 5988 XXVIII.

3055 5923 3125 5986 11
