3880 6186
127 360 234 417 557

1257 356 1600 416 SYNOPSIS
1631 358 2056 418 SCRIPTUBIE
2097 357 2369 415 SACBE.

3303 359 3412 421 558

134 481 230 547 ρέν
277 480 387 542 ρξ’.
434 471 521 542 ρι’,
565 468 691 540 ρισιέ
733 468 853 540 ριβ’›
899 474 1024 540 rm
1071 467 1188 540 ριδ⁷›
1238 477 1372 542 Pl?"
1415 469 1539 544 P‘?’
1592 479 1713 545 ρΨί

1827 475 1881 540 5,
1918 474 1971 541 6,
2015 475 2071 540 8,
2103 474 2279 540 9,10,
2322 472 2534 540 11,12,
2576 472 2788 538 15,17,
2836 473 3040 542 18,19,
3072 473 3163 542 20,
3191 475 3284 541 21,
3314 475 3408 543 22,

133 565 263 637 915'.
303 563 431 636 ρλε’›
471 568 611 634 ρμεύ
647 567 804 632 res.
841 560 986 633 ρμξ’ν
1029 567 1178 632 eam
1225 562 1370 634 ρμθ’,
1417 571 1511 636 ρνκ
1569 581 1586 618 ι
1631 564 1722 638 Τῷ

131 657 314 718 Δαΰιδ,
348 675 367 706 ι
391 654 599 718 ἁπλῶς,
627 653 728 722 λβ’,
748 654 842 716 λδ’,
875 653 968 717 λε’,
996 658 1112 721 υςι,
1134 653 1237 727 ρβ’,
1271 663 1375 726 ργ’,
1411 657 1553 730 ρλς·’,
1585 658 1719 730 ρλίέ.

133 750 289 801 Ὅσοι
311 744 369 797 δὲ
404 743 554 815 παρὰ
591 742 688 796 τοῦ
724 743 890 796 Δαὸὶδ
922 744 1015 796 καὶ
1045 744 1152 797 τῶν
1173 745 1347 798 ἄλλων
1367 747 1583 800 πάντων
1604 748 1721 802 ἐλέ-

127 840 359 912 χθησαν,
388 838 488 891 καὶ
517 836 756 908 ἔχουσιν,
791 855 809 888 ι
835 837 931 900 Et;
965 837 1024 890 τὸ
1055 837 1228 902 τέλος,
1258 857 1275 890 ι
1296 840 1434 892 εἰσὶν
1460 832 1624 894 οὗτοι·
1658 841 1720 908 δ’,

131 939 192 998 ε’,
215 938 291 996 ς’,
319 930 392 1000 η’,
427 929 494 993 6',
526 936 577 992 ι’,
614 935 706 993 ια’,
737 928 825 998 ιβ’,
848 927 936 997 ιγ’,
961 927 1048 995 ιζ’,
1071 937 1161 1000 ιη’,
1196 930 1282 995 ιϐ’,
1305 939 1375 996 κ’,
1407 933 1638 1005 κα’,κβ’,
1657 934 1721 1002 λ’,

245 1024 354 1094 λη’,
383 1022 484 1086 λθ’»
517 1028 590 1092 μ’,
622 1027 734 1092 μα’,
778 1027 886 1093 μγὀ
928 1023 1032 1094 μδκ
1074 1031 1177 1094 με’,
1223 1032 1342 1096 μευ,
1377 1033 1488 1097 μηκ
1516 1035 1590 1111 ,ν’,
1618 1036 1720 1094 να’,

125 1117 225 1187 νβ’,
257 1124 364 1185 νγ,
406 1115 501 1183 νδ’,
539 1123 634 1181 νε’,
665 1122 774 1180 νς’,
805 1113 902 1181 νξ’,
944 1123 1046 1186 νη’,
1084 1117 1180 1183 νϐ’,
1226 1117 1288 1184 ξ’,
1338 1117 1438 1184 ξα’,
1486 1119 1585 1189 ξγ’,
1631 1120 1721 1188 ξδ’,

126 1211 214 1276 ξεί,
249 1209 364 1276 ξςκ
400 1207 499 1275 ξξῖς
533 1207 634 1279 En’.
668 1207 764 1272 ξδ’,
797 1209 1122 1276 οδ’,οε’,ος’,
1147 1211 1242 1275 οθ¹ν
1263 1219 1334 1277 π’,
1363 1219 1474 1282 πγ’ν
1493 1213 1721 1286 τπδ’νρη’›

125 1304 265 1375 ρλη’,
295 1303 433 1374 ρλϐ’.
461 1302 568 1355 Τοῦ
597 1301 762 1354 Δαὸὶδ
794 1303 954 1372 μόνου
985 1303 1114 1358 ίδίου
1142 1305 1328 1370 αὐτοῦ,
1355 1313 1581 1374 κε’,κς’,
1619 1308 1722 1374 κζ’,

123 1397 228 1461 λς’,
257 1396 358 1449 καὶ
394 1401 528 1468 ρνα’,
559 1394 719 1449 Μετὰ
751 1395 808 1449 δὲ
842 1395 940 1467 τὴν
983 1396 1245 1468 διαίρεσιν
1292 1401 1474 1453 πᾶσαν
1495 1400 1720 1472 ταύτην,

124 1491 432 1558 ἀναγκαῖον
470 1489 661 1541 λοιπὸν
691 1487 787 1541 καὶ
811 1487 910 1552 τὰς
937 1490 1252 1561 ἐπιγραφὰς
1277 1491 1478 1556 ίδικῶς,
1503 1492 1601 1556 τὰς
1632 1493 1724 1546 ἐπί

121 1599 282 1634 τινων
332 1579 570 1651 ψαλμῶν
620 1579 902 1651 κειμένας,
951 1579 1170 1635 εἰδέναι.
1207 1583 1263 1636 Ὁ
1287 1584 1386 1654 μὲν
1421 1590 1490 1650 α’,
1524 1585 1617 1638 καί
1655 1584 1721 1655 β’,

121 1672 498 1743 ἀνεπίγραφοί-
547 1672 719 1725 εἰσιν·
768 1671 797 1721 6
839 1671 896 1724 δὲ
939 1671 1168 1743 τρίτος,
1230 1693 1248 1724 ι
1291 1675 1484 1728 Ὁπότε
1532 1677 1724 1730 ἀπεδί-

117 1765 361 1836 δρασκεν
395 1765 508 1818 ἀπὸ
544 1763 836 1837 προσώπου
872 1764 1193 1837 Ἀὁεσαλὼμ
1231 1767 1326 1821 τοῦ
1357 1769 1474 1823 υἱοῦ
1504 1769 1669 1824 αὐτοῦ
1705 1787 1720 1803 ·

115 1861 144 1912 6
170 1856 335 1929 ρμβ’,
373 1859 506 1910 Ὅτε
542 1857 570 1909 6
611 1857 729 1920 υίὸς
766 1856 928 1910 αὐτὸν
959 1859 1326 1913 καταδιώκει·
1371 1861 1400 1914 6
1430 1867 1505 1924 ε’,
1549 1861 1722 1931 ’Υπὲρ

117 1952 216 2022 τῆς
241 1951 698 2024 κληρονομούσης
723 1967 737 1981 ·
765 1953 793 2004 6
821 1955 894 2015 ς’,
925 1948 1022 2002 καὶ
1047 1956 1135 2016 ια’,
1176 1950 1349 2022 ’Υπὲρ
1372 1951 1472 2022 τῆς
1502 1951 1718 2024 ὀγδόης·

116 2045 146 2097 6
174 2045 239 2109 ζ’,
269 2044 450 2114 ’Υπὲρ
481 2044 592 2096 τῶν
621 2043 795 2111 λόγων
823 2043 993 2096 Χουσὶ
1018 2041 1136 2096 υἱοῦ
1173 2043 1384 2114 Ἱεμενῆ
1408 2059 1421 2072 ·
1454 2046 1501 2096 οἰ
1534 2050 1606 2114 η’,
1646 2051 1720 2110 π’,

117 2137 427 2208 κγ’,Ύπὲρ
460 2136 569 2190 τῶν
595 2135 794 2208 ληνῶν·
830 2139 858 2190 6
894 2135 961 2198 θ’,
1020 2135 1192 2207 ’Υπὲρ
1216 2135 1325 2188 τῶν
1351 2136 1598 2207 κρυφίων
1626 2137 1721 2191 τοῦ

114 2231 252 2285 υἱοῦ·
286 2231 317 2284 6
352 2237 458 2300 με’,
490 2229 661 2300 ’Υπὲρ
687 2227 796 2281 τῶν
826 2228 1091 2301 κρυφίων·
1113 2230 1141 2282 6
1167 2226 1248 2291 ιε’,
1279 2229 1376 2292 Εἰς
1413 2228 1719 2300 στηλογρα-

112 2323 263 2392 φίαν·
293 2324 346 2376 οἱ
368 2329 467 2387 ις’,
489 2323 917 2394 πε’,Προσευχή·
944 2324 973 2376 6
993 2319 1078 2388 ιζ’,
1104 2322 1234 2376 ’Ὁτε
1258 2321 1528 2394 ἐρρύσατο
1559 2321 1721 2374 αὑτὸν

113 2415 322 2484 Κύριος
349 2415 417 2467 ἐκ
451 2414 632 2485 χειρὸς
670 2415 886 2468 πάντων
929 2413 1038 2468 τῶν
1074 2411 1286 2486 ἐχθρῶν
1309 2412 1478 2468 αὑτοῦ
1497 2431 1510 2443 ·
1539 2415 1584 2482 ὁξ
1609 2419 1717 2480 κα’,

120 2507 302 2578 ’Υπὲρ
351 2507 456 2576 τῆς
515 2506 857 2577 ἀντιλήψεως
902 2507 1000 2578 τῆς
1047 2506 1313 2578 ἑωθινῆς·
1363 2508 1393 2560 6
1443 2513 1548 2576 κγ’,
1605 2506 1720 2576 Τῆς

114 2600 244 2668 μιᾶς
275 2598 581 2652 Σαϐϐάτων
606 2616 620 2630 ·
662 2599 691 2651 6
738 2605 854 2664 κς’,
898 2599 1012 2670 Πρὸ
1047 2597 1144 2652 τοῦ
1177 2598 1465 2670 χρισϐἦναι
1495 2615 1511 2631 ·
1548 2601 1576 2653 6
1607 2597 1714 2666 κη’,

123 2689 364 2756 Ἐξοδίου
389 2690 599 2761 σκηνῆς
618 2705 634 2720 ·
661 2693 689 2744 6
727 2691 828 2756 κθ’,
856 2689 980 2743 ίΤοῦ
1005 2689 1362 2762 ἐγκαινισμοῢ
1403 2690 1498 2744 τοῦ
1542 2690 1714 2745 οἴκου·

111 2783 224 2846 61',
267 2783 620 2847 Ἕκα-τάσεως
645 2798 660 2813 ·
694 2784 723 2836 6
747 2783 847 2848 λα’,
866 2783 1162 2846 Συνέσεως·
1192 2783 1221 2836 6
1249 2781 1351 2851 11’,
1393 2782 1586 2836 Ὁπότε
1615 2782 1716 2853 ἡλ-

113 2876 304 2929 λοίωσε
333 2876 398 2929 τὸ
426 2877 720 2948 πρόσωπον
749 2875 913 2930 αὐτοῦ
945 2875 1184 2931 ἐναντίον
1219 2875 1540 2947 Ἀϐιμέλεχ·
1571 2877 1600 2929 6
1619 2875 1714 2942 λε’,

113 2968 200 3039 Τῷ
232 2968 414 3039 δούλῳ
445 2969 652 3041 Κυρίου
698 2969 775 3040 τῷ
810 2969 972 3022 Δα6ίδ
997 2985 1010 3000 ·
1059 2971 1089 3022 6
1135 2967 1230 3033 λζ’,
1269 2968 1365 3032 Είς
1411 2963 1715 3040 ἀνάμνησιν

112 3062 239 3132 περὶ
283 3061 607 3115 Σαϐϐάτου·
644 3064 672 3115 6
715 3061 794 3131 μδ¹
814 3103 828 3127 ,
867 3061 1041 3133 ’Υπέρ
1064 3060 1178 3114 τῶν
1199 3059 1713 3132 ἀλλοιωθησομένων

111 3155 218 3216 τοῖς
245 3155 388 3216 υἱοῖς
423 3153 570 3222 Κορὲ
597 3151 918 3215 είςήσύνεσιν
935 3153 1056 3224 ᾨδὴ
1085 3153 1227 3224 ὑπὲρ
1254 3153 1349 3205 τού
1387 3151 1674 3223 ἀγαπητοῦ
1694 3169 1710 3184 ·
1741 3185 1783 3242 C

112 3248 138 3298 6
166 3245 268 3316 ξη’,
310 3245 486 3317 ’Υπὲρ
518 3244 626 3297 τῶν
653 3243 1169 3315 ὰλλοιωθησομένων
1192 3261 1206 3275 ·
1225 3246 1254 3297 6
1277 3242 1373 3310 οϐ’,
1412 3243 1584 3316 ’Υπὲρ
1604 3245 1714 3298 τῶν

112 3337 635 3409 ἀλλοιωθησομένων
665 3335 961 3408 μαρτύριον
999 3337 1139 3409 ὑπὲρ
1168 3335 1264 3390 τοῦ
1303 3333 1597 3409 ’Δσσυρίου
1623 3353 1637 3368 ·
1683 3337 1712 3388 6

111 3433 283 3494 ν’,Ἐν
317 3430 397 3500 τῷ
440 3429 612 3482 ἐλθεῖν
657 3429 794 3500 πρὸς
838 3428 1002 3482 αὐτὸν
1053 3429 1242 3483 Ναϐὰν
1272 3428 1366 3482 τὸν
1401 3429 1709 3501 προφήτην,

110 3523 274 3592 ἡνίκα
312 3520 532 3592 εἰσῆλθε
562 3521 699 3592 πρὸς
730 3520 1003 3592 Βερσαϐεέ
1025 3539 1037 3552 ·
1071 3523 1099 3574 6
1127 3527 1227 3589 να’,
1279 3522 1370 3574 Ἐν
1410 3521 1489 3592 τῷ
1537 3520 1713 3574 ἐλθεῖν

108 3614 270 3686 Δωὴκ
300 3613 396 3666 τὸν
451 3613 771 3682 ’1δουμαῖον,
803 3613 898 3666 καὶ
928 3614 1251 3682 ἀναγγεῖλαι
1284 3613 1364 3685 τῷ
1393 3613 1589 3679 Σαοὺλ,
1617 3614 1713 3667 καὶ

108 3711 288 3762 εἰπεῖν
321 3705 497 3776 αὐτῷ,
542 3701 715 3758 Ἦλθε
745 3706 913 3760 Δαϐὶδ
952 3708 1032 3770 εἰς
1065 3706 1157 3760 τὸν
1192 3703 1343 3761 οἷκον
1386 3707 1708 3778 Ἀϐιμελέχ·

106 3805 134 3855 ὁ
157 3801 259 3870 νβ’,
293 3800 469 3871 ’Υπὲρ
499 3799 713 3853 Μαελέϐ
735 3815 752 3832 ·
783 3801 812 3851 6
841 3805 942 3868 νγ’,
983 3799 1071 3853 Ἐν
1105 3799 1184 3871 τῷ
1228 3799 1402 3853 ἐλθεῖν
1447 3801 1575 3864 τοὺς
1618 3802 1710 3854 Ζι-

108 3891 306 3959 ιξαίους
339 3891 434 3942 καὶ
480 3892 656 3942 εἰπεῖν
702 3889 782 3959 τῷ
828 3890 1000 3945 Σαοὺλ
1025 3933 1040 3957 ,
1082 3891 1156 3944 Οὐ
1204 3890 1366 3945 Δαόὶδ
1401 3891 1710 3963 κέκρυπται

108 3979 239 4048 παρ’
292 3979 469 4047 ἠμίνς
501 3978 531 4029 ὁ
563 3984 654 4042 vs’,
698 3978 891 4032 Ὁπότε
923 3980 1234 4052 ἐκράτησαν
1266 3980 1428 4034 αὐτὸν
1465 3983 1513 4035 οἱ
1557 3980 1712 4034 ἀλλό-

111 4068 269 4136 φυλοι
297 4070 357 4120 ἐν
386 4068 488 4121 Γέο
506 4087 520 4100 ·
553 4067 582 4118 ὁ
613 4075 721 4135 νς’,
753 4071 842 4124 Ἐν
860 4070 938 4142 τῷ
964 4073 1125 4126 αὑτὸν
1150 4074 1568 4146 ἀποδιδράσκειν
1601 4073 1711 4128 ἀπὸ

111 4163 413 4236 προσώπου
462 4167 635 4221 Σαοὺλ
675 4169 756 4232 είς
804 4168 866 4223 τὸ
915 4169 1180 4242 σπήλαιον
1211 4187 1228 4202 ·
1277 4173 1306 4225 6
1352 4169 1454 4241 νη’,
1515 4171 1708 4225 Ὁπότε

109 4257 404 4310 ἀπέστειλε
457 4257 632 4311 Σαοὺλ
673 4260 766 4313 καὶ
808 4260 1040 4330 ἐφύλαξε
1067 4261 1159 4313 τὸν
1208 4257 1354 4315 οἷκον
1388 4262 1576 4330 αὐτοῦ,
1609 4263 1706 4316 τοῦ

109 4350 426 4403 θανατῶσαι
454 4351 616 4404 αὐτόν
639 4367 652 4379 ⁸
685 4353 714 4405 6
739 4351 838 4416 νϐ’,
883 4353 1076 4407 Ὁπότε
1121 4354 1412 4427 ἐνεπύρισε
1451 4355 1554 4426 τὴν
1597 4356 1709 4411 Με-

108 4443 454 4511 σοποταμίαν
506 4443 709 4514 Συρίας
741 4485 755 4507 ,
810 4447 907 4498 καὶ
951 4446 1049 4518 τὴν
1100 4446 1298 4518 Συρίαν
1349 4445 1559 4511 Σωὸὰλ,
1611 4447 1707 4501 καὶ

1827 567 1918 633 50,
1943 568 2032 632 55,
2070 567 2162 632 58,
2199 567 2290 630 59,
2323 565 2414 630 10,
2445 565 2538 629 41,
2574 564 2661 631 45,
2689 565 2781 628 44,
2827 565 2916 632 45,
2949 565 3040 631 46,
3075 566 3167 632 48,
3196 567 3286 632 50,
3317 569 3407 638 51,

1827 660 1918 723 52,
1950 660 2040 723 55,
2069 660 2158 722 51,
2185 659 2275 722 55,
2313 657 2406 721 56,
2445 657 2535 721 57,
2567 659 2656 720 58,
2700 658 2790 725 59,
2814 657 2904 724 60,
2951 659 3040 727 61,
3071 659 3158 728 65,
3191 660 3282 727 61,
3317 661 3408 730 65,

1829 753 1920 815 66,
1951 753 2046 816 67,
2081 752 2171 819 68,
2199 750 2289 818 69,
2314 751 2399 814 71,
2419 750 2508 814 75,
2541 749 2630 817 76,
2657 751 2743 815 79,
2775 751 2864 819 80,
2894 751 2985 816 85,
3016 752 3106 816 84,
3139 753 3410 820 108,158,

1834 845 1957 900 159.
1990 844 2094 911 Qui
2127 844 2348 900 Davidis
2380 854 2594 899 tantum
2625 853 2754 900 sunt
2781 844 3011 914 proprii,
3037 846 3091 899 lii
3125 854 3283 901 sunt:
3315 846 3409 912 25,

1827 939 1921 1006 26,
1959 939 2050 1003 27,
2083 938 2153 991 56
2181 945 2236 993 et
2275 938 2397 992 151.
2437 937 2570 992 Post
2618 938 2932 992 universam
2984 936 3129 992 hanc
3181 937 3410 993 divisio-

1827 1047 1975 1095 nem,
2015 1033 2274 1103 deinceps
2321 1031 2698 1086 necessarium
2759 1038 2844 1086 est
2904 1031 3200 1102 separatim
3247 1031 3411 1088 etiam

1827 1125 2196 1196 quorumdam
2227 1126 2564 1194 psalmorum
2616 1125 3006 1194 inscriptiones
3055 1140 3409 1195 cognoscere.

1827 1217 2050 1273 Primus
2091 1217 2314 1288 quidem
2359 1224 2416 1272 et
2455 1215 2734 1273 secundus
2779 1216 3142 1288 inscriptione
3184 1227 3409 1285 carent;

1833 1314 2032 1368 tertius
2061 1327 2193 1366 vero
2229 1311 2529 1380 inscriptus
2557 1317 2642 1364 est
2675 1326 2689 1363 :
2730 1327 2748 1360 ι
2789 1307 3065 1373 Quandoa
3099 1308 3238 1365 facie
3273 1311 3414 1366 Abe-

1829 1405 2004 1458 salom
2061 1402 2160 1457 lilii
2205 1403 2290 1458 sui
2329 1402 2580 1473 aufugit;
2627 1401 2762 1468 142,
2791 1400 3022 1467 Quando
3057 1400 3200 1456 filius
3232 1401 3412 1472 ipsum

1826 1503 2154 1568 persecutus
2183 1501 2302 1562 est;
2336 1495 2389 1562 5,
2409 1493 2516 1548 Pro
2549 1509 2612 1548 ea
2635 1508 2756 1564 quae
2785 1492 3153 1548 [nereditatem
3179 1495 3409 1564 accipit;

1827 1590 1860 1645 6
1889 1599 1943 1646 et
1969 1591 2057 1659 11,
2089 1589 2195 1644 Pro
2225 1595 2450 1654 octava;
2472 1588 2522 1653 7,
2543 1587 2720 1657 Super
2742 1586 3089 1642 sermonibus
3115 1586 3285 1643 Chusi
3315 1588 3412 1642 filii

1825 1683 2071 1750 Jemeni;
2104 1681 2158 1745 8,
2183 1681 2252 1735 80
2289 1687 2342 1735 et
2373 1679 2464 1744 85,
2496 1677 2603 1732 Pro
2627 1677 3026 1743 torcularibus;
3064 1676 3117 1742 9,
3141 1675 3250 1732 Pro
3280 1677 3407 1732 abs-

1825 1773 2064 1829 conditis
2112 1770 2363 1840 filii;15,
2403 1769 2511 1824 Pro
2562 1754 2939 1834 absconditis;
2997 1768 3084 1832 15,
3152 1766 3213 1822 In
3260 1769 3409 1822 tituli

1827 1865 2246 1934 inscriptionem
2269 1881 2283 1930 ;
2305 1861 2373 1917 16
2393 1869 2448 1918 et
2471 1861 2562 1927 85,
2581 1857 2806 1927 Oratio;
2834 1859 2922 1924 17,
2950 1857 3182 1925 Quando
3208 1859 3412 1928 eripuit

1824 1979 1950 2019 eum
1988 1961 2257 2016 Dominus
2295 1975 2327 2014 e
2359 1974 2528 2014 manu
2557 1956 2806 2012 omnium
2837 1955 3186 2010 inimicorum
3212 1955 3407 2024 ipsius;

1823 2052 1916 2117 21,
1951 2049 2060 2105 Pro
2085 2049 2442 2119 susceptione
2472 2045 2784 2114 matutina;
2811 2045 2902 2110 25,
2934 2043 3118 2098 Prima
3141 2041 3410 2097 Sabbato-

1823 2160 1983 2212 rum;
2015 2143 2108 2208 26,
2153 2143 2460 2214 Antequam
2498 2147 2831 2211 ungeretur;
2863 2136 2958 2201 28,
2998 2135 3192 2191 Exitus
3220 2136 3409 2190 taber-

1822 2237 2039 2304 naculi;
2069 2235 2162 2303 29,
2189 2233 2248 2289 In
2276 2231 2628 2289 dedicatione
2649 2229 2882 2295 domus;
2901 2226 2991 2292 50,
3013 2226 3263 2281 Exstasis
3284 2225 3406 2293 ;51,

1821 2327 2178 2394 Intellectus;
2209 2325 2299 2390 55,
2328 2322 2563 2390 Quando
2585 2321 2818 2376 mutavit
2855 2318 3053 2374 faciem
3098 2333 3255 2373 suam
3282 2325 3410 2372 ante

1820 2421 2140 2478 Abimelech
2168 2438 2184 2488 ;
2223 2418 2314 2483 55,
2341 2417 2513 2474 Servo
2561 2414 2780 2470 Domini
2829 2411 3060 2479 Davidi;
3095 2412 3184 2479 57,
3209 2409 3292 2467 Ad
3323 2427 3408 2466 re-

1821 2515 2274 2570 memorationem
2297 2510 2406 2566 diei
2431 2507 2655 2564 Sabbati
2679 2525 2695 2574 ;
2725 2506 2818 2572 11,
2836 2507 2946 2560 Pro
2969 2505 3400 2570 commutandis,

1820 2603 1890 2658 ad
1924 2604 2268 2659 intellectum
2305 2599 2434 2654 ﬁliis
2472 2597 2612 2654 Core
2643 2595 2936 2652 Canticum
2979 2609 3146 2665 super
3168 2593 3404 2661 dilecto;

1819 2695 1908 2762 68,
1931 2695 2038 2750 Pro
2054 2691 2494 2756 commutandis;
2516 2689 2601 2753 79,
2618 2687 2727 2742 Pro
2744 2686 3148 2742 commutandis
3166 2685 3410 2740 testimo-

1819 2789 1974 2842 nium
2007 2800 2172 2857 super
2197 2782 2462 2854 Assyrio;
2490 2771 2596 2845 50,.
2616 2777 2753 2834 Cum
2779 2778 3020 2834 venisset
3049 2776 3120 2832 ad
3151 2792 3275 2834 eum
3298 2774 3408 2831 Na-

1819 2879 1950 2935 tlian
1975 2876 2269 2948 propheta,
2291 2881 2589 2945 postquam
2609 2877 2759 2927 esset
2790 2870 2857 2925 ad
2887 2869 3157 2926 Bersabee
3191 2868 3406 2940 ingres-

1817 2988 1944 3039 sus;
1980 2970 2070 3034 51,
2103 2970 2242 3025 Cum
2277 2967 2525 3022 venisset
2546 2963 2692 3020 Doec
2735 2961 3008 3019 Idumazus
3041 2963 3108 3018 ad
3139 2961 3360 3018 Saulem
3386 3001 3402 3028 ,

1816 3061 2239 3134 nuntiassetque
2285 3057 2364 3112 illi
2394 3072 2458 3112 ac
2495 3054 2769 3110 dixisset:
2796 3051 2958 3110 Venit
3000 3051 3171 3109 David
3203 3053 3271 3108 ad
3301 3053 3406 3109 do-

1815 3170 1966 3208 mum
1996 3149 2346 3217 Abimelech;
2382 3148 2472 3212 52,
2519 3146 2696 3218 Super
2725 3145 2995 3216 Maeleth;
3024 3145 3115 3212 55,
3145 3145 3283 3203 Cum
3314 3162 3406 3202 ve-

1817 3249 2036 3303 nissent
2064 3245 2131 3300 ad
2161 3241 2382 3300 Saulem
2415 3241 2644 3312 Ziphaei,
2671 3241 2864 3311 illique
2890 3241 3179 3305 dixissent,
3205 3239 3424 3299 Annon

1816 3348 1901 3396 est
1927 3337 2288 3394 absconditus
2329 3335 2476 3406 apud
2521 3350 2626 3390 nos
2665 3333 2876 3389 David?
2902 3333 2993 3400 55,
3025 3332 3161 3388 Cum
3195 3333 3408 3389 tenuim-

1817 3441 1940 3489 sent
1965 3447 2091 3488 eum
2135 3430 2402 3486 Philistaei
2449 3429 2504 3484 in
2538 3427 2715 3496 Geth;
2748 3428 2842 3494 56,
2873 3426 3012 3483 Cum
3050 3435 3180 3484 ante
3208 3427 3426 3482 faciem.

1819 3523 2004 3580 Saulis
2053 3525 2110 3578 in
2141 3523 2467 3594 speluncam
2516 3520 2786 3592 fugisset;
2823 3521 2915 3587 58,
2970 3520 3107 3575 Cum
3158 3520 3404 3576 misisset

1817 3615 1970 3681 Saul,
2005 3615 2101 3686 qui
2130 3615 2354 3670 domum
2387 3613 2510 3684 ejus
2537 3613 2922 3677 observarent,
2955 3619 3016 3666 ut
3039 3627 3162 3668 eum
3186 3611 3405 3668 occide-

1813 3715 1928 3774 ret;
1960 3705 2050 3772 59,
2082 3704 2221 3761 Cum
2260 3703 2602 3761 incendisset
2637 3701 3088 3773 Mesopotamiam
3127 3699 3317 3771 Syriae,
3349 3709 3404 3754 et

1815 3797 2034 3872 Syriam
2087 3795 2276 3863 Sobal,
2321 3803 2378 3853 et
2438 3811 2696 3852 reversus
2746 3793 2886 3849 Joab
2929 3792 3296 3863 percussisset
3343 3791 3424 3849 in,

1813 3894 1955 3948 valle
1980 3891 2296 3947 Salinarum
2317 3890 2609 3945 duodecim
2635 3888 2844 3956 millia;
2872 3885 2964 3954 62,
3004 3885 3142 3942 Cum
3178 3893 3323 3941 esset
3343 3884 3402 3938 in

1813 3986 2112 4042 solitudine
2168 3982 2453 4050 Idumaeae;
2499 3981 2594 4048 65,
2639 3978 3127 4046 Resurrectionis;
3178 3977 3267 4042 69,
3317 3975 3402 4030 Ad

1811 4078 2353 4140 rememorationem,
2403 4073 2551 4146 quod
2603 4088 2693 4127 me
2741 4071 3045 4128 servaverit
3096 4069 3422 4133 Dominus;

1813 4170 1901 4235 70,
1947 4168 2213 4224 Filiorum
2263 4167 2418 4235 Adae,
2471 4165 2724 4237 priorum
2787 4163 3166 4233 captivorum;
3219 4160 3307 4225 71,
3338 4158 3399 4213 In

1813 4261 2199 4328 Salmnonem;
2236 4260 2324 4327 75,
2353 4261 2414 4315 In
2444 4259 2733 4332 Assyrium
2760 4275 2775 4325 ;
2813 4257 2904 4320 87,
2929 4255 3106 4324 Super
3137 4251 3417 4316 Maelmin,

1811 4354 1879 4409 ad
1914 4353 2359 4425 respondendum
2383 4369 2398 4416 ;
2423 4351 2516 4416 91,
2536 4350 2643 4406 Pro
2669 4350 2759 4405 die
2795 4347 3055 4416 Sabbati;
3085 4345 3177 4412 25,
3214 4343 3399 4398 Prima

1813 4445 2220 4513 Sabbatorum;
2256 4444 2346 4510 92,
2387 4445 2448 4500 In
2482 4443 2626 4499 diem
2651 4451 2780 4499 ante
2811 4440 3138 4504 Sabbatum,
3174 4433 3398 4508 quando

105 4534 458 4606 ἀπέστρεψεν
500 4534 679 4598 Ἰωὰϐ,
718 4537 813 4589 καὶ
854 4537 1091 4602 ἐπάταξε
1126 4539 1185 4592 ἐν
1211 4541 1278 4610 τῇ
1321 4539 1564 4610 φάραγγι
1592 4538 1702 4592 τῶν

1820 4539 2052 4593 :iabitata
2084 4544 2170 4594 est
2204 4547 2381 4604 terra;
2423 4535 2514 4600 95,
2547 4533 2607 4589 ln
2635 4541 2830 4605 quarta
2871 4530 3127 4597 Sabbati;
3151 4526 3397 4593 95,Cum

115 4624 291 4678 Ἀλῶν
346 4624 413 4693 ιβ’
447 4624 724 4695 χιλιάδας·
759 4628 788 4678 6
820 4627 917 4697 ξβ’,
959 4629 1049 4681 Ἐν
1081 4628 1158 4699 τῷ
1185 4625 1324 4684 εἶναι
1356 4631 1519 4684 αὑτὸν
1552 4631 1610 4683 ἐν
1633 4633 1700 4702 τῇ

102 4715 306 4786 ἐρήμῳ
335 4714 439 4785 τῆς
489 4715 828 4786 Ἰδουμαίας·
863 4720 891 4771 6
936 4717 1029 4787 ξε,
1077 4719 1452 4784 Ἀναστάσεως
1477 4737 1490 4751 ·
1535 4722 1564 4772 6
1603 4720 1702 4787 ἔθ’,

102 4806 202 4869 Εἰς
234 4806 567 4878 ἀνάμνησιν,
611 4811 690 4872 εἰς
717 4809 778 4862 τὸ
811 4810 982 4864 σῶσαί
1033 4828 1100 4882 με
1132 4811 1368 4883 Κύριον·
1422 4815 1450 4866 6
1485 4812 1549 4876 0',
1583 4813 1704 4868 Τῶν

103 4898 240 4952 υἱῶν
302 4899 478 4970 ’Δδὰμ
527 4898 547 4971 [
590 4901 898 4976 Ἰωναδὰδ]
945 4903 1054 4958 τῶν
1091 4904 1325 4978 πρώτων
1371 4905 1705 4977 αίχμαλωτι-

103 4991 350 5044 σθέντων
375 5007 390 5022 ⁸
425 4995 455 5046 6
487 5000 588 5057 οα⁶,
617 4995 712 5059 Είς
733 4997 1024 5066 Σολομῶνα
1050 5016 1063 5028 ·
1094 5001 1122 5052 6
1145 5005 1238 5064 οε’,
1274 4999 1417 5070 Πρὸς
1449 4999 1540 5054 τὸν
1581 5000 1702 5053 Ἀσ-

103 5080 296 5152 σύριον
323 5098 340 5113 ·
385 5086 416 5136 6
463 5084 572 5149 πζ’,
619 5087 791 5158 ’Υπὲρ
829 5079 1045 5141 Μαελὲθ
1081 5089 1176 5142 τοῦ
1227 5090 1628 5162 ἀποκριθῆναι·
1672 5095 1702 5147 6

102 5180 216 5241 ιμ’,
264 5177 363 5240 Εἰς
391 5177 491 5249 τὴν
522 5180 735 5252 ἡμέραν
759 5180 854 5234 τοῦ
877 5181 1158 5236 Σαϐὕάτου
1184 5201 1196 5212 ·
1228 5186 1257 5236 6
1289 5190 1396 5253 κγ’,
1433 5184 1544 5254 Τῆς
1574 5187 1702 5255 μιᾶς

99 5267 215 5321 τῶν
248 5268 579 5325 Σαϐϐἀτων·
611 5275 640 5327 6
678 5272 785 5344 ι,β’,
819 5275 916 5338 Εἰς
939 5275 1038 5347 τὴν
1069 5275 1284 5347 ἡμέραν
1329 5275 1422 5329 τοῦ
1454 5277 1699 5348 προσαδ-

1809 4631 2006 4687 domus
2027 4629 2394 4686 aedificaretur
2420 4636 2548 4700 post
2573 4626 2986 4698 captivitatem;
3016 4622 3107 4688 96,
3153 4623 3394 4690 Quando

1808 4722 2116 4776 constituta
2175 4727 2261 4777 est
2303 4721 2426 4791 ejus
2459 4727 2643 4787 terra;
2675 4718 2766 4785 99,
2809 4717 2894 4772 Ad
2946 4715 3348 4772 confessionem
3376 4732 3414 4780 ;_

1814 4815 1935 4874 101.
1974 4814 2230 4869 Precatio
2268 4814 2497 4886 pauperi
2539 4829 2666 4868 cum
2708 4812 2766 4867 in
2824 4810 3095 4882 angustiis
3121 4819 3288 4870 esset,
3342 4816 3396 4862 et

1807 4907 2116 4980 orationem
2155 4921 2313 4962 suam
2356 4915 2506 4963 ante.
2539 4906 2832 4964 Dominum
2889 4902 3225 4968 effunderet;
3267 4901 3390 4964 141,

1810 4999 2063 5056 Precatio
2096 5015 2222 5055 cum
2265 5009 2416 5057 esset
2454 5001 2516 5056 in
2566 4996 3013 5070 spelunca;115,
3048 4993 3251 5049 Contra
3283 4990 3394 5046 Go-

1813 5093 1948 5147 liath
1972 5111 1986 5160 ;
2021 5093 2118 5148 151
2143 5135 2158 5159 ,
2197 5092 2564 5149 Psalmushic
2595 5090 2950 5163 peculiariter
2978 5085 3194 5150 Davidi,
3216 5091 3272 5139 et
3296 5100 3392 5138 ex-

1808 5194 1895 5241 tra
1925 5202 2214 5242 numerum
2262 5189 2620 5258 reliquorum,
2650 5183 2870 5255 quando
2910 5177 3174 5251 singulari
3206 5184 3388 5232 certa-

1809 5279 1958 5332 mine
1989 5293 2116 5332 cum
2140 5275 2360 5336 Goliath
2385 5293 2719 5349 congressus
2745 5282 2848 5331 est.
2888 5292 2908 5326 ι

102 5357 296 5424 ϐάτου,
350 5361 441 5414 ὅτε
468 5363 807 5435 κατῴκισται
837 5366 870 5436 ὴ
905 5367 977 5437 γῆ
1002 5381 1042 5409 ·.
1071 5369 1179 5434 ια’,
1218 5365 1446 5438 Τετράδι
1480 5367 1776 5422 Σαόϐάτων
1798 5384 1812 5398 ·
1856 5369 1885 5419 6
1918 5372 2020 5435 μ’,
2058 5370 2188 5424 Ὅτε
2246 5364 2394 5434 οἶκος
2463 5368 2792 5440 ᾠκοδομεῖτο
2848 5363 2987 5437 πρὸς
3049 5361 3146 5433 τὴν
3190 5362 3390 5429 αἰχμα-

101 5450 308 5506 λωσίαν
330 5471 345 5483 ·
377 5452 406 5506 6
437 5458 550 5522 ις’,
589 5458 718 5510 Ὅτε
759 5459 792 5528 ἡ
835 5459 906 5531 γῆ
935 5458 1098 5513 αὐτοῦ
1126 5459 1456 5513 καθίστατο·
1495 5461 1525 5513 6
1575 5460 1679 5527 L_6',
1720 5461 1864 5532 Πρὸς
1897 5461 2282 5535 ἐξομολόγησιν
2308 5485 2320 5497 ·
2357 5457 2510 5535 ὀρα’,
2541 5460 2824 5533 Προσευχὴ
2883 5456 2964 5529 τῷ
3007 5452 3208 5526 πτωχῷ
3259 5455 3389 5508 ὅταν

104 5543 402 5617 ἀκηδιάσῃ,
431 5549 526 5600 καὶ
553 5548 784 5604 ἐνώπιον
821 5553 1024 5624 Κυρίου
1055 5553 1222 5626 ἐκχέῃ
1249 5552 1350 5624 τὴν
1382 5553 1566 5626 δέησιν
1606 5554 1772 5608 αὐτοῦ
1793 5572 1807 5585 ·
1846 5557 1874 5609 6
1913 5556 2061 5627 ρμα’,
2101 5555 2188 5607 Ἐν
2223 5553 2301 5625 τῷ
2349 5550 2493 5609 ἐἶναι
2523 5553 2684 5607 αὑτὸν
2737 5552 2795 5605 ἐν
2842 5549 2920 5621 τῷ
2945 5545 3194 5620 σπηλαίῳ
3221 5561 3390 5617 προσ·-

105 5636 240 5704 sui},
264 5653 278 5665 ·
340 5638 369 5689 6
405 5646 556 5709 ρμγ,
585 5641 730 5711 Πρὸς
759 5642 848 5696 τὸν
879 5645 918 5696 Γ
921 5643 1102 5699 ολιάθ·
1137 5647 1166 5698 ὁ
1194 5651 1330 5718 ρνα’,
1368 5645 1702 5717 ἰδιόγραφος
1741 5643 1896 5714 οὗτος
1932 5653 1961 5702 6
1995 5646 2207 5720 ψαλμδς
2246 5647 2339 5702 τοῦ
2367 5646 2551 5708 Δαϐὶδ,
2576 5645 2672 5700 καὶ⁸
2699 5643 2898 5711 ἔξωθεν
2960 5640 3054 5696 τοῦ
3108 5637 3342 5713 ἀριθμοῦ
3365 5675 3384 5702 ,

104 5724 196 5777 ὅτε
229 5729 617 5803 ἐμονομάχησε
645 5733 737 5786 τὸν
769 5735 982 5792 Γολιάϐ.
1017 5756 1036 5789 ι

191 5840 560 5916 Ἀναληπτέον
601 5846 698 5900 καὶ
738 5850 864 5919 περὶ
887 5848 978 5903 τοῦ
1001 5837 1389 5924 διαψάλματος,
1423 5855 1480 5906 ἐν
1518 5853 1693 5917 ποίοις

1873 5850 1949 5906 Dc
1978 5847 2340 5919 diapsalmate
2369 5863 2587 5922 quoque
2632 5850 2975 5907 tractandum
2999 5855 3120 5923 est,
3163 5847 3218 5902 in
3252 5863 3382 5918 qui-
