3880 6186
490 362 595 420 559

1656 369 1713 425 S.
1750 368 2307 430 ATHANASIUS.—
2345 371 2570 429 DUBIA.

3639 381 3750 438 διο

489 482 595 538 bus
608 481 834 552 psalmis
849 482 984 539 illud
998 491 1051 540 et
1065 486 1281 557 quoties
1300 485 1357 542 in
1374 502 1706 560 unoquoque
1719 491 2060 561 inveniatur;

2173 494 2261 548 καὶ
2287 493 2443 548 τοῦτο
2465 493 2699 565 ψαλμοῖς
2719 495 3158 566 εὐρίσκεται,καὶ
3177 498 3408 562 ποσάκις
3426 500 3483 552 tv
3503 498 3747 569 ἑκάστῳ,

491 576 547 629 in
569 576 813 633 secundo
844 577 1075 648 psalmo,
1106 579 1311 647 semel;
1338 580 1393 635 in
1410 582 1596 646 tertio,
1622 582 1742 651 bis;
1773 585 1827 638 in
1849 592 2066 655 quarto,

489 669 576 724 bis
592 686 605 735 ;
623 669 679 724 in
697 670 948 741 septimo,
972 673 1138 728 semel
1157 690 1172 741 ;
1195 673 1250 728 in
1268 688 1435 740 nono,
1450 674 1723 730 canticum
1743 676 2071 747 diapsalma—

489 761 596 829 tis;
620 763 674 816 in
690 763 782 828 9.5,
806 764 972 820 semel
994 783 1009 833 ;
1028 765 1084 820 in
1105 766 1194 831 51,
1214 767 1301 823 bis
1320 783 1336 834 ;
1354 766 1411 820 in
1433 767 1522 832 55,
1542 768 1712 823 semel
1730 785 1746 835 ;
1764 768 1818 823 in
1838 768 1930 835 58,
1946 770 2066 839 bis;

492 854 549 908 in
572 855 662 921 45,
689 856 888 923 semel;
916 857 974 911 in
1022 857 1114 922 45,
1150 858 1235 914 bis
1261 877 1277 927 ;
1304 859 1361 913 in
1392 858 1488 923 «16,
1517 859 1728 928 semel;
1769 861 1825 915 in
1866 861 1958 928 47,
1985 876 2071 918 se-

488 949 630 1015 mel;
664 950 719 1003 in
769 948 862 1014 48,
910 949 1116 1018 bis;in
1149 951 1240 1016 51,
1279 951 1394 1018 bis;
1425 952 1481 1006 in
1513 952 1602 1016 55,
1642 954 1846 1022 semel;
1872 954 1929 1009 in
1975 954 2067 1020 54,

494 1040 618 1107 bis;
648 1040 703 1094 in
735 1040 827 1103 56,
862 1041 989 1109 bis;
1021 1043 1077 1096 in
1122 1041 1215 1109 58,
1246 1042 1370 1108 bis;
1404 1043 1463 1096 in
1513 1042 1605 1108 59,
1650 1045 1850 1112 semel;
1890 1045 1948 1100 in
1978 1045 2068 1115 60,

491 1129 691 1196 semel;
723 1129 780 1184 in
811 1128 903 1194 61,
932 1130 1056 1198 bis;
1089 1131 1147 1186 in
1192 1130 1282 1192 65.
1317 1137 1430 1199 ter;
1478 1132 1534 1186 in
1582 1132 1673 1197 66,
1706 1132 1826 1201 bis;
1875 1136 1932 1190 in
1972 1135 2069 1203 67,

494 1228 725 1289 quater;
752 1220 809 1275 in
841 1219 1149 1288 74,scmel;
1182 1222 1239 1277 in
1276 1222 1364 1286 75,
1395 1222 1515 1288 bis;
1546 1222 1602 1277 in
1639 1222 1727 1288 76,
1752 1232 1868 1292 ter;
1895 1226 1953 1280 in
1975 1226 2067 1294 80,

489 1313 693 1379 semel;
731 1312 788 1367 in
818 1311 908 1377 81,
941 1313 1143 1380 semel;
1178 1313 1233 1367 in
1260 1311 1351 1377 82,
1376 1312 1579 1379 semel;
1632 1313 1690 1368 in
1738 1313 1829 1378 85,
1866 1316 2067 1384 semel;

487 1405 654 1471 11184,
687 1406 891 1472 semel;
927 1405 985 1460 in
1027 1404 1118 1471 86,
1144 1405 1267 1472 bis;
1301 1406 1359 1460 in
1394 1404 1485 1473 88,
1523 1405 1845 1477 quinquies;
1882 1407 1941 1462 in
1973 1408 2064 1474 95,

487 1498 698 1565 semel;
730 1496 787 1552 in
820 1497 943 1563 159,
969 1505 1085 1564 ter;
1122 1499 1179 1553 in
1214 1498 1340 1559 142.
1388 1499 1550 1570 118
1594 1500 1783 1556 semel.
1835 1499 2065 1557 Demum

485 1596 760 1660 quotquot
782 1604 879 1658 per
907 1608 927 1641 ι
962 1589 1201 1645 Alleluia
1248 1609 1269 1642 ›
1302 1590 1707 1657 inscribuntur,
1725 1598 1781 1646 et
1815 1593 1911 1664 qui
1939 1608 2066 1665 gra-

486 1682 655 1734 duum
687 1687 836 1738 sunt.
869 1681 1173 1751 diapsalma
1195 1697 1305 1736 non
1334 1681 1556 1738 habent.

2171 587 2232 640 tv
2252 585 2329 656 τῷ
2357 585 2424 656 β’,
2451 585 2599 649 ἅπαξ
2624 585 2758 656 ἔχει·
2793 589 2852 640 tv
2879 586 2958 658 τῷ
2982 594 3054 656 γ’,
3089 588 3170 652 δὶς
3194 588 3327 658 ἔχει·
3354 590 3413 642 tv
3440 588 3519 660 τῷ
3560 588 3625 652 ἃ,
3662 588 3748 652 δὶς

2171 677 2308 749 ἔχει·
2340 679 2397 731 tv
2433 676 2511 748 τῷ
2542 677 2606 743 ζ’,
2643 676 2789 744 ἅπαξ
2822 677 2955 749 ἔχει’
2991 679 3051 732 tv
3082 677 3161 749 τῷ
3190 678 3255 744 θ’,
3282 679 3393 750 ᾠδὴ
3437 678 3750 749 διαψάλμα-

2170 785 2282 832 τος’
2318 768 2376 822 tv
2402 767 2480 838 τῷ
2514 775 2619 838 κγ’,
2653 768 2800 834 ἅπαξ
2844 769 2958 840 ἔχει
2983 788 2998 802 ·
3032 771 3091 824 tv
3119 769 3198 841 τῷ
3238 770 3340 836 λα’,
3369 770 3451 833 δὶς
3491 769 3605 841 ἔχει
3626 787 3644 800 θ
3687 769 3749 824 tv

2171 859 2248 930 τῷ
2286 858 2389 927 λγδ,
2420 859 2565 926 ἅπαξ
2596 859 2709 930 ἔχει
2734 879 2751 894 ο
2784 861 2842 914 tv
2879 860 2960 931 τῷ
2999 860 3102 932 λη’,
3133 861 3216 925 δὶς
3254 860 3388 932 εχει·
3417 862 3476 914 tv
3504 859 3585 930 τῷ
3630 867 3746 932 μγ,

2171 948 2322 1013 ἅπαξ
2349 949 2461 1020 ἔχει
2484 966 2498 979 ·
2547 951 2605 1002 tv
2636 949 2715 1021 τῷ
2752 958 2855 1022 με’,
2894 951 2977 1016 δὶς
3014 950 3168 1023 ἔχει’
3206 954 3264 1005 tv
3306 949 3383 1022 τῷ
3430 957 3550 1022 μς¹,
3596 951 3749 1017 ἅπαξ

2171 1038 2305 1111 ἔχει·
2335 1041 2393 1095 tv
2423 1041 2501 1113 τῷ
2533 1041 2640 1113 μζν,
2678 1041 2826 1108 anas
2860 1043 3005 1116 ἔχει·
3046 1046 3104 1098 tv
3129 1043 3207 1115 τῷ
3244 1051 3357 1123 μη’,
3387 1045 3468 1109 δίς
3494 1045 3607 1116 ἔχει
3634 1060 3653 1075 ·
3687 1045 3749 1096 ὲν

2170 1131 2249 1207 τῷ
2282 1139 2382 1198 va’,
2422 1133 2503 1197 δὶς
2526 1133 2673 1204 ἔχει·
2716 1136 2776 1188 tv
2811 1134 2888 1207 τῷ
2933 1141 3035 1203 νγ’,
3082 1135 3229 1203 ἅπαξ
3252 1136 3408 1207 ἔχει’
3441 1137 3499 1189 ὲν
3539 1134 3618 1206 τῷ
3648 1135 3746 1199 νδ’,

2171 1222 2255 1286 δίς
2281 1222 2416 1293 ἔχει’
2448 1224 2504 1276 tv
2535 1224 2612 1295 τῷ
2642 1231 2748 1290 νς·’,
2792 1224 2875 1289 δὶς
2918 1224 3055 1296 ἔχει·
3105 1227 3167 1278 ἐν
3206 1225 3286 1296 τῷ
3330 1232 3431 1298 νη’,
3470 1226 3553 1291 δὶς
3588 1226 3745 1297 ἔχει’

2172 1314 2232 1368 tv
2263 1314 2342 1386 τῷ
2370 1314 2467 1378 νϐ’,
2490 1314 2639 1380 ἅπαξ
2661 1315 2812 1385 ἔχει,’
2849 1317 2907 1370 tv
2926 1316 3006 1386 τῷ
3027 1315 3090 1382 ξ’,
3120 1316 3266 1382 ἅπαξ
3286 1316 3401 1388 ἔχει
3423 1334 3436 1348 ο
3465 1320 3528 1371 tv
3543 1317 3623 1388 τῷ
3645 1315 3747 1383 Ea',

2173 1406 2258 1470 δὶς
2284 1406 2418 1478 ἔχει·
2447 1408 2505 1461 tv
2528 1408 2606 1480 τῷ
2640 1407 2732 1476 ξε’,
2767 1410 2887 1481 τρὶς
2909 1409 3023 1481 ἔχει
3041 1427 3057 1442 ο
3091 1412 3148 1464 ἐν
3175 1410 3253 1482 τῷ
3281 1410 3387 1477 ξς,
3408 1410 3489 1474 δὶς
3515 1409 3628 1480 ἔχει
3649 1429 3663 1442 ·
3689 1411 3748 1463 tv

2171 1499 2253 1569 τῷ
2281 1499 2376 1566 ξε,
2412 1502 2672 1573 τετράκις
2698 1501 2810 1574 ἔχει
2835 1520 2847 1533 ·
2876 1503 2934 1556 tv
2971 1501 3050 1573 τῷ
3085 1503 3176 1568 οδθ,
3206 1502 3352 1569 ἆπαξ
3383 1503 3497 1573 ἔχει
3521 1519 3539 1532 δ
3568 1505 3626 1555 tv
3668 1504 3751 1572 τῷ

2169 1597 2263 1656 οε’,
2305 1592 2386 1655 δὶς
2418 1591 2564 1663 ἔχει·
2599 1594 2657 1647 tv
2688 1593 2766 1665 τῷ
2797 1600 2902 1659 ος-’,
2940 1594 3062 1666 τρὶς
3101 1593 3236 1665 ἔχει·
3273 1596 3331 1647 tv
3373 1593 3451 1665 τῷ
3489 1600 3564 1660 π’,
3599 1594 3752 1659 ἅπαξ

2171 1684 2284 1755 ἔχει
2307 1702 2322 1717 ο
2354 1686 2413 1738 tv
2439 1684 2518 1756 τῷ
2551 1692 2664 1753 πα¹,
2702 1684 2851 1749 ἅπαξ
2886 1685 2999 1756 ἔχει
3019 1703 3036 1718 ο
3068 1687 3128 1739 tv
3152 1685 3239 1757 ,τῷ
3269 1686 3381 1757 πβ’,
3413 1687 3567 1752 ἅπαξ
3597 1686 3747 1757 ἔχει’

486 1774 545 1824 tv
572 1770 650 1842 τῷ
678 1779 789 1841 πγ¹,
819 1773 966 1841 ἅπαξ
996 1773 1144 1845 ἔχει’
1186 1775 1244 1830 tv
1282 1773 1361 1846 τῷ
1386 1773 1490 1842 πδ⁸,
1526 1775 1677 1840 ἅπαξ
1714 1776 1857 1848 ἔχει·
1896 1778 1957 1831 tv
1984 1777 2063 1849 τῷ
2100 1785 2222 1844 πςθ,
2250 1778 2332 1842 δὶς
2364 1778 2477 1849 ἔχει
2504 1795 2519 1810 ο
2544 1780 2603 1833 tv
2629 1778 2709 1850 τῷ
2757 1786 2869 1851 πην,
2901 1781 3162 1843 πεντάκις
3205 1779 3319 1850 ἔχει
3351 1797 3365 1810 ·
3405 1782 3466 1833 tv
3526 1779 3607 1852 τῷ
3637 1785 3748 1850 1.ιγ’,

486 1863 635 1929 ἅπαξ
665 1865 777 1936 ἔχει
800 1882 819 1897 ι
851 1866 911 1919 tv
938 1864 1016 1937 τῷ
1051 1865 1185 1938 ρλϐ’,
1209 1866 1331 1935 τρὶς
1354 1866 1466 1937 ἔχει
1486 1882 1500 1897 ·
1529 1869 1586 1920 tv
1615 1866 1693 1939 τῷ
1721 1867 1869 1940 ρμβ¹,
1905 1868 2054 1937 ἅπαξ
2084 1868 2219 1941 ἔχει.
2240 1870 2485 1933 Καθόλου
2508 1871 2565 1924 δὲ
2591 1872 2704 1925 ὅσοι
2737 1871 2948 1943 ἔχουσιν
2981 1872 3294 1945 ἐπιγραφὴν
3324 1892 3343 1925 ι
3366 1872 3703 1946 Ἀλληλούῖα,
3725 1894 3747 1926 ι

484 1958 581 2012 καὶ
601 1958 655 2010 οἱ
684 1957 1012 2030 ἀναϐαθμοὶ,
1034 1960 1134 2012 οὐκ
1162 1959 1345 2031 ἔχουσι
1370 1960 1670 2033 διάψαλμα.

770 2048 928 2104 Liber
950 2048 1003 2104 Χ
1008 2050 1035 2104 l
1048 2050 1112 2116 V,
1136 2050 1424 2106 Proverbia
1454 2050 1779 2110 Salomonis.

554 2139 646 2194 22.
683 2137 948 2196 Salomon
986 2141 1133 2197 ﬁlius
1160 2141 1402 2207 Davidis,
1438 2158 1565 2198 cum
1609 2159 1843 2215 regnum
1894 2144 2068 2214 patris

486 2234 575 2290 sui
586 2234 941 2305 suscepisset,
961 2249 992 2288 a
1010 2233 1123 2291 Deo
1149 2235 1328 2304 petiit,
1358 2243 1418 2290 ut
1445 2237 1771 2308 sapientiam
1797 2236 2071 2306 acciperet

487 2326 663 2397 magis
714 2342 880 2396 quam
937 2326 1179 2394 divitias,
1212 2334 1268 2382 et
1303 2326 1544 2382 hosti-um
1590 2330 1878 2385 ultionem.
1915 2327 2071 2385 Hanc

485 2431 614 2471 cum
647 2418 972 2488 accepisset,
1001 2426 1056 2475 et
1109 2434 1223 2489 prae
1271 2421 1531 2475 omnibus
1584 2421 1936 2486 mortalibus,
1975 2421 2071 2492 qui

486 2514 629 2563 ante.
646 2515 702 2562 et
739 2515 864 2579 post
897 2509 1080 2579 ipsum
1104 2508 1348 2575 fuerunt,
1377 2510 1600 2581 sapiens
1634 2517 1781 2566 esset
1809 2529 1822 2564 :
1857 2526 1921 2565 ac
1942 2525 2069 2567 cum

487 2603 544 2655 in
568 2602 827 2659 omnibus
860 2601 1023 2659 dictis
1066 2602 1335 2674 factisque
1367 2602 1485 2659 suis
1516 2603 1867 2658 admirationi
1900 2609 2067 2669 esset,

486 2693 596 2748 tria
628 2694 799 2748 millia
839 2694 1251 2764 parabolarum,
1288 2704 1341 2749 et
1366 2695 1611 2765 quinque
1654 2693 1824 2775 millia
1855 2693 2071 2749 cantica

485 2783 813 2854 prolocutus
835 2792 918 2840 est
947 2802 961 2839 :
996 2784 1409 2855 disputavitque
1448 2783 1518 2840 de
1545 2783 1825 2848 omnibus,
1859 2790 1971 2837 tam
2002 2781 2071 2837 de

488 2875 557 2930 iis
581 2891 702 2946 quae
725 2891 792 2930 ex
824 2884 971 2931 terra
1003 2876 1356 2946 proveniunt,
1389 2890 1556 2946 quam
1589 2875 1657 2930 de
1684 2876 1864 2930 omnis
1905 2889 2072 2946 gene—

487 2969 566 3022 ris
597 2968 994 3023 animantibus.
1032 2967 1270 3037 Scripsit
1299 2968 1475 3023 libros
1520 2967 1576 3021 in
1610 2982 1880 3023 canonem
1919 2980 2071 3021 rece-

489 3068 613 3128 ptos
647 3068 757 3114 tres
795 3078 808 3114 :
841 3059 990 3114 hunc
1038 3059 1316 3127 videlicet,
1359 3059 1454 3129 qui
1503 3058 1799 3114 Proverbia
1843 3058 2067 3124 dicitur,

489 3149 884 3215 Ecclesiasten,
915 3156 969 3205 et
1018 3149 1307 3206 Canticum
1370 3151 1733 3216 canticorum,
1787 3158 1842 3206 et
1901 3150 2068 3205 alium

487 3249 691 3311 printer
718 3242 878 3309 istos,
913 3241 970 3295 in
1004 3256 1271 3296 canonem
1303 3257 1415 3295 non
1440 3249 1745 3311 receptum,
1772 3241 1918 3297 sicut
1946 3251 2073 3297 ante

488 3332 696 3387 dictum
722 3339 827 3398 est,
863 3331 958 3402 qui
995 3329 1279 3402 Sapientia
1320 3330 1630 3387 Salomonis
1668 3322 1893 3389 dicitur.
1922 3332 2070 3388 Prae-

490 3431 698 3478 sentem
732 3430 914 3477 autem
976 3423 1175 3478 librum
1230 3422 1527 3479 Proverbia
1585 3424 1885 3494 inscripsit,
1918 3424 2066 3495 quod

488 3514 786 3569 Proverbia
821 3516 935 3569 sint
972 3516 1135 3570 verba
1176 3515 1535 3585 sapientium,
1564 3515 1713 3570 velut
1752 3516 2062 3587 aenigmata,

489 3624 610 3677 qna-
633 3608 851 3678 quidem
884 3607 1034 3662 aliud
1080 3624 1147 3663 ex
1198 3625 1256 3664 se
1299 3610 1593 3675 exhibent,
1623 3608 1773 3663 aliud
1808 3624 1935 3665 vero
1966 3625 2067 3679 per

489 3701 861 3770 suspicionem
892 3698 1158 3756 indicant.
1196 3699 1399 3756 Horum
1435 3711 1616 3756 autem
1662 3700 1873 3770 species
1913 3707 2062 3766 sunt,

486 3790 805 3847 Proverbia.
831 3791 911 3846 Ad
936 3792 1082 3846 hunc
1106 3793 1309 3846 etenim
1340 3792 1561 3847 modum
1592 3792 1853 3862 discipuli
1880 3791 2066 3847 Domi-

488 3880 551 3935 ni
606 3880 663 3935 in
720 3881 1017 3951 Evangelio
1071 3884 1374 3938 secundum
1421 3883 1688 3939 Joannem
1740 3884 2062 3955 loquuntur,

483 3972 710 4043 quando
740 3973 995 4038 Domino,
1027 3988 1152 4029 cum
1188 3984 1351 4029 antea
1373 3975 1546 4029 multa
1571 3974 1812 4029 obscura
1845 3983 2067 4031 senten-

488 4064 804 4119 tialocutus
844 4075 1011 4129 esset,
1051 4066 1273 4121 tandem
1326 4066 1519 4121 dicunt
1546 4066 1596 4121 ei
1629 4084 1643 4121 :
1678 4084 1698 4118 ‹
1737 4065 1879 4121 Ecce
1920 4082 2067 4121 nunc

485 4156 669 4226 palam
698 4156 963 4226 loqueris,
995 4164 1050 4212 et
1078 4157 1422 4227 proverbium
1457 4158 1669 4211 nullum
1699 4157 1838 4213 dicis
1852 4159 1917 4224 θ’,
1950 4176 1970 4209 ι
2007 4164 2068 4212 ut

488 4248 764 4319 intelligas
792 4247 1094 4305 Proverbia
1118 4264 1229 4303 non
1256 4255 1469 4319 aperto,
1502 4248 1600 4304 sed
1630 4249 1872 4305 obscuro
1899 4264 2066 4305 sensu

484 4339 621 4394 dici.
653 4339 926 4405 Quoniam
951 4341 1118 4411 igitur
1152 4341 1291 4395 tales
1320 4341 1645 4410 plerumque
1689 4348 1819 4397 sunt
1846 4341 1905 4395 in
1962 4340 2068 4395 hoc

485 4432 631 4486 iibro
665 4433 972 4495 sententiae,
1010 4431 1133 4487 ideo
1165 4431 1450 4486 Paraemiaa
1490 4447 1591 4486 seu
1631 4429 1949 4495 Proverbia,
1982 4430 2068 4486 in-

484 4526 730 4593 scriptus
756 4523 848 4578 hic
879 4525 1017 4578 liber
1049 4533 1155 4579 est.
1194 4523 1291 4579 Est
1322 4536 1506 4580 autem
1536 4523 1663 4579 inde
1695 4524 1845 4579 dicta
1873 4523 2067 4579 Parte.

486 4614 621 4678 mia,
646 4614 793 4684 quod
823 4629 921 4684 per
943 4615 1083 4678 vias,
1111 4615 1247 4669 tales
1277 4614 1560 4685 sententia:
1591 4614 1866 4670 conscribi
1893 4615 2066 4671 solita:

490 4712 702 4770 essent,
735 4707 801 4760 ad
838 4707 1242 4762 correctionem
1288 4715 1343 4764 et
1385 4709 1690 4764 doctrinam
1732 4724 1942 4775 eorum,
1972 4711 2065 4781 qui

487 4801 593 4853 iter
622 4799 996 4855 instituerent.
1021 4797 1138 4855 Per.
1155 4800 1273 4856 vias
1297 4807 1480 4857 autem
1507 4801 1911 4867 scribebantur,
1947 4818 2070 4872 pro-

480 4898 679 4959 .ptcrca
712 4891 858 4961 quod
887 4906 998 4945 non
1022 4906 1235 4957 omnes,
1270 4892 1518 4949 veritatis
1566 4908 1851 4950 sermones
1887 4895 2070 4964 capie-

488 4984 744 5038 b'ant:ut
775 4983 861 5038 vel
904 4983 967 5037 in
1015 4983 1356 5039 transeundo
1393 4991 1449 5040 et
1492 4985 1624 5040 talia
1678 4987 2069 5056 conspiciendo

485 5090 612 5143 quae
664 5075 872 5145 scripta
920 5081 1130 5140 essent,
1158 5076 1535 5147 exquirerent,
1563 5085 1729 5149 atque
1776 5079 1854 5134 ita
1883 5079 2071 5136 erudi-

561 5229 606 5263 ”
644 5228 804 5285 Joan.
839 5246 928 5285 xvt
950 5271 965 5296 ,
998 5228 1088 5286 29.

563 5385 676 5456 (l7)
709 5384 808 5442 His
832 5393 1139 5442 consonant
1170 5386 1285 5442 haec
1305 5385 1494 5441 Basilii
1522 5386 1748 5441 homilia
1777 5385 1864 5440 12.
1889 5385 1949 5441 In
1979 5400 2073 5440 ca-

489 5464 591 5527 put
623 5455 1043 5527 Proverbiorum
1071 5472 1195 5526 pag.
1232 5458 1337 5513 454
1360 5474 1373 5510 :
1399 5458 1472 5510 Τὸ
1504 5458 1612 5511 τῶν
1630 5457 1950 5527 Παροιμιῶν
1978 5457 2070 5509 ἐπὶ

641 5525 1252 5606 διξγμοδεστέρων-ξπαρὰ⁵
1281 5530 1392 5606 τοῖς
1431 5527 1627 5606 ἔξωθεν
1651 5525 2071 5606 ,τέταξιταιηξιαὶ

489 5596 588 5669 ἐπὶ
640 5596 752 5669 τῶν
800 5597 857 5649 tv
888 5596 1006 5669 ταῖς
1044 5596 1186 5669 όδοῖς
1214 5597 1602 5669 λαλουμένων.
1635 5597 1710 5660 ὼς
1762 5599 1841 5669 τά
1871 5596 2067 5669 πολλά.

489 5662 662 5738 nino;
696 5664 804 5737 γὰρ
840 5667 972 5738 παρ’
998 5668 1233 5738 αυτοῖς-ἡ
1262 5669 1379 5731 ὁδὸς
1406 5662 1757 5737 όνομάζεται.
1793 5666 1956 5721 Ὅθεν
1979 5668 2072 5721 καὶ

489 5736 593 5804 τὴν
617 5734 937 5818 παροιμίαν
959 5734 1232 5818 ὁρίζονται
1245 5754 1260 5767 θ
1278 5738 1453 5818 ξξῇμα
1468 5734 1744 5818 πα-ρόδιον,
1760 5738 2072 5818 ,τετριμμές

489 5822 585 5863 νον
614 5806 672 5863 tv
701 5805 766 5878 τῆ
813 5806 1007 5878 χρήσει
1040 5806 1146 5864 τῶν
1198 5805 1427 5875 πολλῶν,
1469 5805 1563 5862 ml}
1593 5807 1700 5861 ἀπὸ
1749 5805 1944 5877 ὀλίγων
1976 5808 2070 5861 ἐπὶ

2094 2059 2140 2114 Β

2095 3395 2137 3453 C

2378 2050 2626 2105 Βιϐλίον
2665 2051 2753 2117 ιδ’,
2783 2054 3099 2122 Παροιμίαι
3135 2055 3545 2126 Σολομῶντος.

2243 2142 2334 2197 2⁸2.
2376 2142 2636 2213 Σαλομὼιν
2663 2142 2779 2207 υίὸς
2823 2144 3015 2209 Δαϐὶδ,
3046 2146 3426 2219 διαδεξάμενος
3457 2153 3558 2224 τὴν
3597 2153 3759 2226 βασι.

2169 2235 2318 2291 λείαν
2345 2233 2442 2289 τοῦ
2465 2235 2693 2307 πατρὸς,
2720 2235 2920 2308 ηὕξατο
2939 2238 3018 2310 τῷ
3035 2238 3155 2310 Θεῷ
3181 2239 3364 2295 λαϐεῖν
3392 2246 3583 2313 σοφίαν
3608 2248 3751 2322 ὑπὲρ

2174 2326 2443 2395 πλοῦτον,
2487 2327 2583 2381 καὶ⁹
2620 2328 2762 2401 ὑπὲρ
2794 2328 3005 2399 ἄμυναν
3052 2330 3287 2403 ἐχθρῶν.
3330 2334 3524 2391 Λαϐὼν
3568 2340 3753 2395 τοίνυν

2172 2423 2268 2476 καὶ
2306 2420 2596 2492 γενόμενος
2630 2422 2792 2492 σοφὸς
2835 2422 2975 2494 ὑπὲρ
3010 2422 3221 2488 πάντας
3268 2427 3394 2489 τοὺς
3434 2428 3540 2499 πρὸ
3582 2431 3751 2487 αὑτοῦ

2172 2513 2267 2568 καὶ
2299 2515 2417 2586 μετ’
2445 2513 2608 2568 αὐτὸν
2631 2511 2972 2585 ἀνθρώπους,
3006 2512 3344 2585 θαυμασθείς
3374 2535 3433 2571 τε
3461 2520 3556 2572 ἐπὶ
3580 2525 3750 2577 πᾶσιν

2171 2599 2253 2669 οἷς
2286 2604 2458 2659 ἐποίει
2489 2621 2550 2657 τε
2593 2604 2687 2657 καὶ
2730 2604 2903 2673 ἔλεγε,
2943 2607 3245 2677 τρισχιλίας
3290 2609 3388 2679 μὲν
3434 2613 3753 2683 παραϐολάς

2171 2698 2265 2751 καὶ
2290 2694 2759 2765 πεντακισχιλίους
2778 2694 2923 2766 ᾠδὰς
2946 2695 3176 2767 ὲλάλησε
3195 2716 3209 2728 ο
3240 2701 3335 2751 καὶ
3359 2701 3751 2775 ὲφυσιολόγησε

2172 2783 2302 2855 περὶ
2331 2783 2548 2837 πάντων
2575 2782 2685 2836 τῶν
2715 2799 2775 2835 τε
2811 2786 2877 2836 ὲκ
2907 2784 3010 2856 γῆς
3037 2786 3322 2856 φυομένων
3350 2790 3441 2843 καὶ
3468 2791 3605 2845 ὅλων
3638 2793 3750 2847 τῶν

2173 2873 2347 2940 ζώων.
2379 2874 2692 2947 Συνέγραψε
2718 2874 2777 2928 δὲ
2817 2874 3017 2946 βιϐλία,
3049 2877 3437 2950 κανονιζόμενα
3462 2883 3561 2953 μὲν
3583 2885 3710 2957 τρία
3729 2902 3747 2916 ο

2173 2967 2340 3037 ἧγουν
2383 2963 2541 3019 τοῦτό
2576 2982 2636 3018 τε
2679 2966 2742 3018 τὸ
2774 2965 3107 3036 καλούμενον
3149 2969 3444 3040 Παροιμίαι
3476 3011 3492 3036 ,
3531 2974 3627 3027 καὶ
3659 2974 3750 3028 τδν

2185 3055 2639 3128 Ἐκκλησιαστὴν,
2659 3057 2754 3111 καὶ
2768 3056 2830 3110 τὸ
2852 3052 3043 3129 τᾼσμα
3069 3058 3177 3112 τῶν
3195 3059 3457 3130 ᾀσμάτων
3482 3079 3496 3095 ο
3527 3065 3751 3118 καὶέπ-

2176 3164 2266 3221 ρον
2297 3147 2354 3201 δὲ
2386 3146 2543 3210 ἐκτὸς
2583 3146 2789 3200 τούτων
2808 3188 2823 3214 ,
2869 3145 2943 3217 μὴ
2991 3146 3426 3217 κανονιζόμενον,
3459 3146 3534 3214 ὡς
3564 3151 3751 3222 προεί-

2175 3255 2353 3310 ρηται,
2379 3238 2519 3308 ὅπερ
2549 3236 2874 3308 ὀνομάζεται
2917 3237 3087 3305 Σοφία
3134 3237 3500 3309 Σολομῶντος.
3549 3242 3753 3312 Παροι-

2175 3329 2303 3399 μίας
2332 3326 2388 3381 δὲ
2409 3326 2689 3398 ἐπέγραψε
2714 3327 2776 3379 τὸ
2805 3326 2978 3399 παρὸν
3002 3325 3225 3396 βιϐλίον,
3243 3327 3427 3398 ἐπειδὴ
3454 3329 3751 3399 παροιμίαι

2171 3421 2277 3473 εἰσὶ
2308 3418 2456 3487 λόγοι
2489 3417 2688 3486 σοφῶν,
2714 3417 2792 3481 ὡς
2812 3418 3128 3488 αίνίγματα,
3161 3419 3318 3473 ἅτινα
3346 3420 3529 3493 ἕτερον
3573 3422 3672 3490 μέν
3692 3438 3751 3474 τι

2171 3508 2396 3564 αὐτόθεν
2420 3508 2684 3580 δηλοῦντα
2716 3512 2883 3576 ἐστιν,
2910 3510 3095 3581 ἕτερον
3130 3510 3187 3563 δὲ
3228 3512 3286 3565 tv
3321 3512 3545 3584 ὑπονοίᾳ
3572 3514 3753 3582 ἀπαγ-

2171 3602 2437 3671 γέλλουσι.
2466 3602 2587 3657 Τῶν
2612 3603 2670 3656 δὲ
2698 3603 2955 3656 τοιούτων
2987 3597 3125 3668 εἶδός
3163 3607 3301 3658 είσιν
3334 3607 3390 3659 αἱ
3427 3607 3748 3679 Παροιμίαι.

2172 3692 2327 3748 Οὕτω
2361 3694 2470 3766 γὰρ
2514 3695 2608 3749 καὶ
2638 3696 2688 3748 οί
2729 3694 2966 3766 μαθηταὶ
3011 3695 3107 3749 τοῦ
3146 3696 3353 3768 Κυρίου
3396 3696 3647 3765 λέγουσιν
3689 3699 3751 3752 tv

2170 3785 2250 3857 τῷ
2281 3785 2421 3839 κατά
2476 3786 2727 3857 Ἰωάννην
2779 3787 3098 3856 Εὑαγγελίῳ
3120 3827 3135 3853 ,
3184 3788 3274 3840 ὅτε
3295 3828 3310 3852 ,
3362 3786 3458 3840 τοῦ
3507 3788 3750 3859 Χριστοῦ

2172 3877 2343 3933 πολλὰ
2375 3879 2659 3951 εἰρηκότος
2698 3879 2965 3952 πρότερον
3009 3881 3067 3933 tv
3101 3878 3459 3951 κεκρυμμένῃ
3504 3879 3750 3951 διανοίᾳ,

2175 3970 2397 4044 ὕστερόν
2433 3989 2592 4042 φασιν
2625 3971 2803 4043 αὐτῷ·
2839 3990 2859 4023 ‹
2931 3973 3029 4025 Ίδὲ
3075 3971 3170 4026 νῦν
3206 3973 3494 4044 παρρησίᾳ
3541 3972 3749 4036 λαλεῖς,

2172 4065 2268 4119 καὶ¹
2294 4064 2589 4136 παροιμίαν
2619 4064 2739 4117 οὐδὲ
2792 4064 2921 4135 μίαν
2973 4063 3229 4132 λέγεις’»
3279 4064 3355 4127 ὼς
3396 4065 3506 4117 τῶν
3552 4082 3753 4136 παροι-

2176 4156 2313 4227 μιῶν
2350 4156 2422 4227 μὴ
2460 4158 2523 4209 ὲκ
2548 4154 2803 4225 φανεροῦ,
2826 4155 2961 4209 ἀλλὰ
2986 4156 3386 4227 κεκρυμμένως
3417 4156 3750 4226 λεγομένων.

2186 4248 2336 4301 Ἐπεὶ
2360 4244 2452 4301 οὖν
2485 4247 2542 4299 ὲν
2567 4246 2644 4316 τῷ
2675 4246 2863 4317 βιϐλίῳ
2883 4245 3056 4317 τούτῳ
3083 4246 3321 4299 πλεῖστοι
3349 4246 3495 4314 λόγοι
3513 4246 3756 4301 τοιοῦτοί

2173 4340 2301 4403 εἱσι,
2333 4336 2419 4390 διὰ
2446 4335 2604 4390 τοῦτο
2634 4334 2940 4406 Παροιμίας
2984 4334 3192 4404 ἔγραψε
3223 4335 3284 4388 τὸ
3319 4333 3540 4405 βιϐλίον.
3606 4336 3757 4388 Ὠνο-

2176 4428 2358 4500 μάσθη
2399 4428 2456 4481 δὲ
2488 4427 2783 4499 Παροιμία,
2828 4426 3013 4497 ἐπειδὴ
3049 4426 3202 4497 παρὰ
3240 4425 3341 4490 τὰς
3382 4424 3535 4488 ὀδοὺς
3583 4427 3756 4498 ἐγρά-

2173 4537 2333 4590 φοντο
2358 4520 2407 4572 οἱ
2438 4518 2669 4572 τοιοῦτοι
2697 4518 2844 4587 λόγοι
2882 4518 3019 4589 πρὸς
3052 4517 3332 4589 διόρθωσιν
3365 4517 3459 4570 καὶ
3491 4516 3756 4572 διδασκα-

2171 4613 2292 4667 λίαν
2324 4610 2449 4681 ξτῶν
2482 4612 2539 4665 tv
2584 4614 2702 4675 ταῖς
2749 4612 2888 4674 ὁδοῖς
2909 4609 3402 4681 διαπορευομένων.
3436 4607 3598 4677 Παρὰ
3650 4607 3756 4671 τὰς

2172 4706 2325 4770 ὁδοὺς
2360 4704 2418 4758 δὲ
2455 4704 2777 4776 ἐγράφοντο,
2809 4704 2931 4756 ἐπεὶ
2977 4702 3052 4773 μὴ
3091 4701 3293 4765 πάντες
3335 4699 3572 4773 ἐχώρουν
3621 4702 3757 4765 τοὺς

2174 4799 2272 4869 τῆς
2296 4776 2554 4868 ἀληθείας
2576 4797 2797 4864 λόγους·
2844 4796 2930 4849 ἵνα
2973 4793 3074 4848 κᾶν
3121 4793 3458 4866 διερχόμενοι
3493 4793 3591 4846 καὶ
3628 4792 3757 4862 βλέ-

2175 4908 2368 4954 ποντες
2393 4889 2707 4961 διερευνῶσι
2735 4888 2804 4942 τὰ
2831 4886 3212 4958 γεγραμμένα,
3266 4886 3361 4940 καὶ
3402 4883 3575 4947 οὕτως
3619 4901 3758 4939 παι-

2175 4985 2438 5039 δεύωνται
2465 4986 2515 5038 οί
2557 4983 2855 5055 ἄνθρωποι.
2902 4980 3059 5044 Τινὲς
3093 4979 3225 5048 γοῦν
3268 4977 3537 5050 ὁρίζονται
3577 4976 3755 5041 αὑτὰς

2176 5076 2350 5142 οὕτως
2380 5076 2491 5147 (17)
2516 5092 2529 5107 ο
2564 5074 2715 5145 ῥῆμα
2742 5072 2995 5144 παρόδων
3025 5071 3132 5126 ἀπό
3162 5087 3303 5134 τινος
3323 5069 3440 5133 ἐνὸς
3468 5069 3549 5133 εἰς
3576 5068 3754 5123 πολλᾶ

2176 5385 2396 5439 πλείονα
2431 5385 2591 5456 ὅμοια
2623 5383 3029 5457 μεταληφθῆναι
3058 5386 3369 5455 δυνάμενον.
3401 5381 3459 5437 id
3482 5390 3603 5457 est:
3641 5382 3753 5457 Pa-

2175 5453 2480 5509 raemiaruni
2514 5453 2722 5518 nomen,
2762 5453 2897 5512 inter
2924 5453 3160 5527 vulgares
3189 5453 3450 5527 sermones
3486 5453 3550 5505 ab
3577 5455 3751 5527 exoti-

2173 5528 2250 5598 οἰδ
2282 5536 2594 5598 recensetu_r,
2618 5536 2667 5580 et
2695 5528 2832 5581 inter
2859 5544 2921 5581 ea
2941 5524 3077 5598 quis.
3105 5526 3496 5598 ut'plarimam,
3525 5524 3750 5598 pervias

2172 5595 2421 5649 dicuntur
2453 5612 2471 5651 :
2504 5592 2657 5667 οἶμος
2691 5599 2829 5651 enim
2867 5592 3006 5665 amid
3044 5592 3196 5659 illos,
3227 5596 3312 5648 via
3342 5595 3559 5667 dicitrr.
3599 5592 3751 5647 Unde

2142 5668 2482 5734 .parmmiam
2530 5664 2786 5735 deﬁniunt
2815 5683 2833 5720 :
2860 5664 3073 5721 Dictum
3110 5670 3161 5720 iu
3202 5681 3286 5719 vta
3325 5664 3614 5732 prolatum,
3646 5679 3750 5717 usu

2172 5738 2459 5810 multorum
2511 5738 2716 5806 tritum,
2755 5739 2894 5810 quod
2937 5755 2970 5793 a
3013 5737 3194 5808 paucis
3239 5735 3309 5810 ad
3348 5735 3507 5806 plura
3545 5735 3753 5790 simiita

2174 5809 2455 5879 transferri
2484 5817 2673 5879 potest.
2770 5808 2778 5810 “
3294 5808 3304 5816 ’
