3880 6186
290 263 390 320 ειι

1412 261 1754 320 SYNOPSIS
1795 263 2212 323 SCRIPTURJE
2247 267 2520 328 SACBE.

3477 277 3584 336 342

295 375 883 450 μεταλαμϐανόμενον.
927 376 1114 432 Ἔστιν
1144 369 1240 432 οὖν
1285 375 1344 431 ἐν
1375 376 1455 449 τῷ
1491 378 1681 452 βιϐλίῳ
1716 379 1862 434 τούτι

1969 389 2192 448 ,τοιιιιιι-
2217 381 2494 442 homines.
2519 385 2823 446 Parmmfas
2853 388 3040 463 itaque
3073 389 3142 447 ad
3180 389 3327 448 hunc
3357 395 3580 453 modum

288 471 500 538 γνῶσις
540 471 736 540 σοφίας
777 468 875 526 καὶ
922 469 1167 534 παιδείας
1194 509 1210 535 ,
1253 471 1441 542 νόησις
1470 471 1646 541 λόγων
1673 475 1891 545 ’φρονή-

290 579 456 626 σεως,
491 561 726 634 στροφαὶ
772 561 970 631 λόγων,
1003 563 1349 636 δικαιοσύνης
1392 562 1626 636 ἀληθοῦς
1661 565 1844 636 νόησις
1867 603 1885 631 ,

287 655 541 726 κρίματα
577 654 960 720 κατευθύνειν,
996 656 1091 710 καὶ
1124 656 1427 727 ἐπαγγελία
1461 657 1554 710 τοῦ
1595 656 1884 724 γινώσκειν

283 751 353 802 ἐκ
401 749 614 804 τούτων
663 747 1009 823 παραβολὰς,
1060 751 1246 821 ῥήσεις
1294 751 1508 819 σοφῶν,
1561 750 1880 822 αἰνίγματα,

289 845 609 908 σκατεινοὺς
636 843 846 913 λόγους.
883 842 992 896 Καὶ
1013 842 1120 895 εἰσὶ
1144 841 1375 913 γνώσεις
1407 843 1597 914 σοφίας
1638 844 1732 898 καὶ
1758 863 1882 898 παι-

283 937 440 1001 δείας
463 954 478 967 ο
512 937 702 1008 ἐπειδὴ
738 938 832 990 καὶ
858 936 1122 1008 Ἕλληνες
1165 937 1264 1008 μὲν
1296 937 1489 1007 σοφίαν
1522 937 1666 1008 ἔχειν
1703 939 1878 1009 ἐπαγ-

285 1026 599 1094 γέλλονται,
653 1028 919 1100 αίρετικοὶ
961 1027 1020 1080 δὲ
1070 1026 1352 1100 νομίζουσι
1405 1029 1658 1084 παιδείαν
1709 1029 1874 1102 ἔχειν.

281 1120 389 1174 Διά
417 1120 579 1174 τοῦτο
609 1113 764 1184 οὗτος
797 1121 898 1192 τὴν
937 1121 1113 1192 ἀληθῆ
1160 1123 1348 1192 σοφίαν
1396 1125 1491 1177 καὶ
1526 1125 1771 1179 παιδείαν
1801 1126 1879 1179 δι-

278 1213 498 1276 δάσκει,
537 1214 624 1267 ἵνα
664 1215 740 1286 μὴ
783 1217 849 1284 τῇ
881 1213 1104 1286 ὁμονοίᾳ
1143 1213 1241 1285 τῆς
1281 1215 1473 1284 σοφίας
1505 1219 1585 1280 είς
1633 1217 1700 1270 τὰ
1729 1218 1878 1286 σοφί-

281 1322 478 1376 σματα
502 1305 610 1359 τῶν
658 1305 924 1377 Ἐλλήνων
956 1306 1052 1360 καὶ
1075 1305 1185 1360 τῶν
1211 1308 1503 1377 αἱρετικῶν
1529 1326 1612 1371 τις
1637 1309 1870 1381 ἐμπέσῃ.

276 1397 395 1450 Καὶ
445 1395 558 1470 γὰρ
590 1395 853 1466 Ἕλληνες
908 1395 1007 1466 μὲν
1063 1396 1299 1466 οἰόμενοί
1347 1414 1490 1460 τινες
1541 1393 1678 1451 εἶναι
1711 1437 1726 1462 ,
1783 1401 1876 1452 καὶ

281 1505 302 1535 ι
332 1486 642 1555 φάσκοντες
675 1481 810 1538 εἶναι
849 1486 1030 1555 σοφοὶ,
1079 1487 1497 1559 ἐμωράνθησαν.
1531 1507 1550 1540 ι
1596 1491 1874 1560 Αίρετικοὶ

235 1582 238 1585 ’
273 1579 360 1642 δὲ,
390 1578 750 1632 παιδεύεσθαι
773 1580 1106 1650 νομίζοντες,
1133 1579 1564 1654 ἐξεπράφησαν,
1589 1585 1682 1636 καὶ
1701 1584 1874 1661 ἁμαρ⁴

272 1672 578 1735 τείνουσιν,
643 1673 796 1738 ὄντες
859 1675 1336 1748 αὐτοκατάκριτοι.
1407 1676 1526 1730 Τῶν
1586 1677 1643 1732 δὲ
1712 1677 1892 1737 θείων,

1995 476 2250 532 nonnulli
2285 477 2577 546 deﬁniunt,
2609 481 2819 536 dictum
2875 483 3163 554 parod’ium
3215 485 3334 556 (seu
3383 489 3440 543 in
3489 492 3581 547 via

1992 569 2282 642 positum),
2310 572 2380 628 ab
2411 588 2524 627 uno
2555 574 2792 643 quodam
2829 574 2894 627 ad
2932 575 3101 630 multa
3133 577 3484 637 translatum.
3521 580 3580 637 in

1990 657 2097 715 hoc
2155 662 2326 732 igitur
2375 663 2518 718 libro
2551 663 2780 719 scientia
2816 665 3100 734 sapientia:
3148 676 3202 723 et
3248 668 3575 741 disciplinae,

1991 752 2309 812 intellectus
2346 772 2663 813 sermonum
2723 758 3050 827 prudentiae,
3084 761 3326 832 strophae
3377 765 3576 820 verbo-

1989 865 2136 916 rum,
2165 851 2400 923 justitiae
2434 867 2577 907 verae
2626 853 2964 918 intellectus,
2995 853 3064 908 ad
3114 854 3458 926 dirigendum
3485 859 3576 929 ju-

1988 943 2153 1009 dicia,
2183 951 2237 998 et
2256 943 2582 1014 pollicitatio
2607 942 3117 1014 cognoscendarum
3153 959 3222 999 ex
3262 945 3387 1003 istis
3410 964 3574 1018 para-

1985 1033 2262 1100 bolarum,
2290 1034 2565 1090 dictorum
2589 1035 2947 1106 sapientium,
2979 1036 3355 1107 aenigmatum,
3389 1049 3444 1096 et
3473 1043 3572 1098 ob-

1986 1140 2277 1180 scurorum
2323 1133 2662 1181 sermonum.
2693 1125 2760 1180 Et
2815 1138 2945 1183 sunt
2975 1128 3218 1184 scientiae
3246 1133 3568 1201 sapientiam

1984 1230 2048 1270 ac
2079 1216 2432 1286 disciplinam
2463 1217 2761 1272 tradentes.
2796 1218 2931 1272 Cum
2955 1225 3009 1272 et
3040 1218 3213 1275 Graeci
3245 1222 3552 1290 sapientia"

1983 1322 2043 1362 se
2087 1307 2289 1363 habere
2325 1309 2709 1379 polliceantur,
2737 1317 2791 1364 et
2815 1309 3058 1364 haeretici
3087 1309 3288 1366 habere
3317 1327 3377 1367 se
3403 1311 3571 1367 disci-

1981 1401 2187 1469 plinam
2219 1401 2591 1471 arbitrentur:
2621 1401 2744 1464 ideo
2782 1401 2871 1456 hic
2894 1416 3080 1456 veram
3133 1405 3461 1473 sapientiam
3504 1420 3569 1460 ac

1981 1491 2329 1561 disciplinarum
2364 1492 2546 1557 docet,
2584 1507 2654 1546 ne
2700 1493 2888 1561 specie
2941 1507 3006 1546 ac
3056 1493 3420 1550 similitudine
3475 1511 3569 1550 sa-

1981 1581 2204 1659 pientiae
2223 1583 2520 1660 quisquam
2554 1582 2610 1637 in
2643 1583 2984 1658 sophismata
3005 1581 3321 1640 Graecorum
3359 1598 3414 1642 et
3454 1586 3569 1642 lue.

1979 1677 2277 1732 reticorum
2305 1676 2532 1732 incidat.
2568 1674 2745 1731 Graeci
2793 1692 3033 1747 namque
3078 1685 3334 1748 putantes
3373 1695 3433 1735 se
3465 1681 3566 1736 ali-

271 1763 456 1831 λόγων
487 1765 518 1816 ό
548 1764 787 1830 ἀκούσας
818 1767 1000 1835 σοφὸς,
1034 1767 1343 1839 σοφώτερος
1373 1767 1562 1827 ἔσται..
1618 1770 1746 1829 Τῶν,
1765 1771 1862 1843 γάε

1978 1783 2118 1838 quos
2149 1784 2293 1831 esse,
2333 1775 2387 1823 et
2426 1787 2444 1820 ι
2495 1767 2745 1824 dicentes
2795 1783 2854 1824 se
2910 1767 3187 1838 sapientes
3241 1785 3364 1826 esse
3407 1769 3564 1826 stulti

271 1858 534 1928 νομίμων
562 1857 657 1912 τοῦ
688 1859 824 1913 Θεοῦ
853 1859 1113 1924 ἀκούσας,
1153 1862 1249 1915 καὶ
1273 1861 1448 1914 ταῦτα
1482 1862 1744 1932 φυλάξας,
1774 1865 1867 1918 ἐπί

267 1965 335 2003 τε
373 1953 442 2020 τῇ
474 1951 696 2024 παιδείᾳ
720 1952 926 2025 Κυρίου
961 1952 1035 2024 μὴ
1063 1953 1424 2027 ὀλιγωρήσας,
1464 1955 1868 2027 μηδέὲκλυθεὶς

268 2043 361 2096 ἐπ’
393 2043 560 2116 αὐτῇ,
602 2044 716 2109 υἱὸς
753 2047 914 2115 σοφὸς
959 2050 1270 2118 γενήσεται,
1317 2049 1409 2102 καὶ
1439 2031 1868 2122 πεπαιδευμένος

267 2137 591 2207 γενόμενος,
621 2139 829 2209 ταχέως
853 2141 943 2193 καὶ
968 2139 1066 2212 τὴν
1099 2141 1225 2212 περὶ
1255 2141 1389 2195 Θεοῦ
1414 2142 1613 2212 γνῶσιν
1636 2144 1864 2209 δέξεται.

265 2231 495 2302 Ταύτην
530 2231 639 2303 γὰρ
661 2235 709 2285 oi
745 2235 897 2302 σοφοὶ
925 2232 1292 2288 παιδεύονται.
1341 2235 1546 2305 Νόησις
1593 2236 1649 2290 δὲ
1691 2236 1868 2306 λόγων

265 2326 594 2394 φρονήσεως
635 2327 668 2396 ή
700 2326 944 2397 περὶτοῦ
996 2326 1159 2397 μόνου
1192 2328 1288 2380 καὶ
1317 2326 1572 2400 ἀληθινοῦ
1613 2329 1747 2383 Θεοῦ
1787 2331 1867 2384 δι-

260 2417 563 2472 δασκαλία.
607 2419 729 2472 Ἐπὶ
758 2420 868 2492 γὰρ
913 2419 1178 2492 Ἐλλήνων
1204 2421 1253 2473 oi
1287 2421 1386 2492 μὲν
1420 2422 1580 2494 σῶμα
1613 2423 1866 2478 τὺνΘεὸν

263 2507 424 2564 εἷπον
451 2527 465 2539 ·
508 2511 558 2562 οἱ
584 2509 641 2562 δὲ
667 2511 762 2564 καὶ
791 2509 1032 2576 εἰδώλοις
1055 2509 1217 2566 αὐτὸν
1244 2511 1555 2582 ὡμοίωσαν.
1583 2515 1862 2587 Αἱρετικοὶ

257 2603 342 2668 ἃ,
396 2603 494 2657 καὶ
540 2603 696 2657 αὐτοὶ
729 2604 856 2676 περὶ
898 2605 993 2657 τοῦ
1051 2603 1204 2668 ὄντος
1266 2605 1710 2678 παρεφρόνησαν.
1765 2607 1864 2661 Διά

257 2696 428 2749 τοῦτο
469 2689 626 2759 οὗτος
661 2693 758 2767 τὴν
789 2695 963 2768 ἀληθῆ
1017 2695 1149 2766 περὶ
1172 2695 1306 2749 Θεοῦ
1333 2696 1536 2765 γνῶσιν
1563 2697 1862 2770 ἐξηγεῖται,

257 2790 325 2840 τὸ
352 2787 457 2859 μὲν
486 2787 867 2858 ἀνέκφραστον
901 2788 1066 2849 αὑτοῦ
1087 2806 1100 2818 ·
1138 2809 1154 2839 ι
1179 2789 1316 2858 Δόξα
1346 2789 1483 2844 Θεοῦ
1518 2791 1754 2865 κρύπτει
1779 2794 1866 2850 λό-

256 2898 380 2950 γον.
395 2900 415 2933 ι
438 2881 955 2952 Τὸδὲπρονοητικὸν
967 2879 1132 2934 αὑτοῦ
1151 2898 1316 2950 φησιν
1339 2899 1351 2911 ·
1378 2902 1396 2935 ι
1421 2884 1509 2938 Ἐν
1532 2887 1694 2947 παντὶ
1711 2887 1863 2960 τόπῳ

255 2972 537 3043 ὀφθαλμοὶ
551 2971 758 3043 Κυρίου
779 2970 1102 3033 σκρπεύουσι
1120 2973 1325 3036 κακούς
1351 2991 1410 3028 τε
1430 2975 1523 3028 καὶ
1551 2976 1788 3046 ἀγαθούς
1806 2997 1820 3012 ·
1835 2997 1854 3031 ι

259 3066 360 3122 καὶ
395 3065 559 3119 πάλιν
584 3079 599 3093 ·
635 3083 654 3115 ι
697 3063 958 3128 Πλούσιος
994 3065 1089 3118 καὶ
1133 3065 1348 3137 πτωχὸς
1394 3069 1734 3141 συνήντησαν
1761 3072 1859 3125 ἀλ..

253 3156 445 3230 λήλοις
469 3173 482 3185 ·
511 3155 858 3227 ἀμφοτέρους
906 3155 964 3208 δὲ
1010 3154 1266 3228 ἐποίησεν
1319 3159 1348 3210 ό
1388 3157 1592 3230 Κύριος
1618 3178 1630 3190 ·
1677 3181 1696 3213 ι
1739 3163 1854 3233 καὶ,

260 3274 280 3308 ι
316 3252 615 3309 Δανειστοῦ
647 3253 742 3306 καὶ
769 3252 1160 3324 χρεωφειλέτου
1190 3251 1440 3325 ἀλλήλοις
1475 3255 1856 3323 συνελθόντων,

254 3346 570 3417 ἐπισκοπὴν
618 3347 852 3398 ποιεῖται
907 3346 934 3397 ό
1004 3344 1210 3417 Κύριος
1254 3344 1615 3417 ἀμφοτέρων’
1667 3365 1687 3398 ›
1743 3348 1856 3414 καὶ,

258 3462 280 3493 ι
303 3439 570 3496 Ἐνώπιον
601 3438 711 3509 γάρ
737 3440 843 3490 εἰσι
871 3437 979 3490 τῶν
1011 3437 1105 3490 τοῦ
1145 3436 1280 3490 Θεοῦ
1315 3437 1608 3508 ὀφθαλμῶν
1633 3438 1740 3492 ὁδοὶ
1773 3440 1860 3492 ἀν-

251 3533 384 3605 δρός
407 3550 421 3562 ·
456 3534 535 3594 είς
563 3531 620 3582 δὲ
646 3531 824 3592 πάσας
851 3528 1072 3600 τροχιὰς
1099 3528 1262 3582 αὐτοῦ
1295 3529 1571 3584 σκοπεύει.
1605 3550 1624 3582 ι
1663 3531 1771 3583 Καὶ
1797 3531 1858 3584 τὸ

258 3626 362 3694 μὲν
393 3624 640 3696 κριτικὸν
665 3622 829 3676 αὐτοῦ
858 3638 990 3692 φησι
1012 3639 1026 3652 ο
1062 3642 1080 3673 ι
1118 3621 1312 3676 Θυσίαι
1338 3622 1552 3677 ἀσεϐῶν
1583 3623 1858 3695 βδέλυγμα

254 3718 491 3788 Κυρίου’
519 3717 678 3786 εὐχαὶ
701 3715 758 3768 δὲ
785 3714 1244 3778 κατευθυνόντων,
1263 3715 1451 3770 δεκταὶ
1479 3718 1608 3787 παρ’
1635 3715 1805 3788 αὐτῷ’
1833 3736 1851 3769 ι

256 3812 354 3866 καὶ
416 3809 617 3862 πάλιν
670 3825 689 3858 ι
741 3807 937 3870 Οἵκους
996 3807 1270 3878 ὑϐριστῶν
1325 3809 1583 3878 κατασπᾷ
1631 3807 1854 3880 Κύριος,

254 3901 458 3971 ἔστησε
489 3899 545 3952 δὲ
571 3899 719 3968 ὅριον
756 3899 951 3968 χήρας.
993 3916 1011 3948 ι
1050 3898 1124 3950 Τὸ
1172 3897 1228 3950 δὲ
1256 3897 1642 3969 δημιουργικὸν
1690 3898 1854 3952 αὐτοῦ

253 3994 359 4063 οὐχ
386 3991 572 4054 ἁπλῶς
593 4030 608 4054 ,
643 3990 758 4043 ἀλλ’
787 3991 869 4042 ὅτι
901 3989 989 4043 διὰ
1031 3989 1127 4042 τοῦ
1163 3990 1293 4044 ἰδίου
1326 3990 1501 4059 Λόγου
1538 3991 1634 4045 καὶ
1664 3993 1856 4061 σοφίας

260 4087 445 4140 πάντα
489 4086 661 4138 ποιεῖ·
694 4083 722 4135 ὃ
765 4083 997 4154 μάλιστα
1029 4083 1124 4136 καὶ
1165 4083 1556 4156 χαρακτηρίζει
1587 4085 1678 4139 τὸν
1720 4086 1852 4159 ἀλη-

257 4178 408 4232 θινὸν
458 4177 623 4242 Θεὸν,
654 4176 736 4228 ὅτι
787 4173 913 4228 Υίοῦ
938 4175 1129 4245 Πατήρ
1151 4177 1300 4240 ἐστι,
1345 4175 1492 4245 λέγει
1523 4176 1652 4244 γοῦν
1677 4193 1691 4206 ο
1727 4196 1745 4228 ι
1797 4179 1854 4231 '0

256 4271 396 4333 Θεὸς
445 4271 511 4340 τῇ
564 4267 726 4338 σοφίᾳ
773 4266 1100 4338 ἐθεμελίωσε
1137 4266 1237 4337 τὴν
1281 4267 1413 4338 γῆν·
1456 4287 1475 4319 ›
1523 4268 1617 4321 καὶ
1651 4268 1812 4326 πάλιν
1841 4288 1852 4301 ·

1973 1860 2101 1915 facti
2135 1868 2264 1916 sunt
2293 1861 2374 1928 ’°;
2411 1880 2430 1912 ι
2470 1861 2717 1916 haeretici
2740 1875 2871 1915 vero
2889 1861 3138 1916 eruditos
3165 1877 3310 1927 esse,
3350 1877 3410 1918 se
3429 1863 3558 1928 rati,

1971 1953 2145 2011 aversi
2176 1961 2326 2017 sunt,
2363 1960 2418 2008 et
2449 1961 2681 2023 peccant
2725 1955 2951 2026 proprio
2977 1954 3193 2026 judicio
3227 1954 3563 2024 condemna-

1968 2044 2012 2098 ti
2039 2043 2103 2102 “.
2139 2043 2371 2115 Sapiens
2417 2061 2548 2101 vero
2578 2047 2627 2102 si
2672 2045 2860 2102 divina
2913 2046 3133 2117 eloquia
3189 2046 3443 2115 audierit,
3472 2062 3564 2102 sa-

1969 2137 2210 2207 pientior
2249 2139 2376 2193 erit.
2414 2139 2631 2194 Etenim
2687 2140 2736 2195 si
2786 2139 3035 2211 legitima
3086 2138 3185 2195 D‘ei
3233 2140 3472 2195 audierit
3508 2147 3565 2194 et

1969 2227 2318 2295 custodierit,
2353 2235 2408 2283 et
2441 2229 2499 2283 in
2533 2229 2826 2300 disciplina
2861 2229 3082 2285 Domini
3127 2230 3412 2301 negligens
3450 2244 3564 2284 non

1968 2319 2160 2387 fuerit,
2194 2337 2298 2377 nec
2331 2321 2389 2375 in
2418 2320 2806 2388 eadefecerit,
2826 2321 2975 2381 ﬁlius
3002 2322 3224 2391 sapiens
3254 2322 3466 2386 evadet,
3507 2327 3564 2376 et

1966 2413 2219 2468 eruditus
2249 2413 2427 2468 factus
2449 2413 2821 2484 cegnitionem
2849 2412 2945 2469 Dei
2977 2413 3268 2468 confestim
3306 2415 3560 2485 accipiet.

1970 2503 2087 2560 Hac
2109 2505 2257 2560 enim
2309 2505 2590 2575 sapientes
2640 2503 3031 2560 instituuntur.
3066 2503 3395 2560 Sermonum
3423 2521 3558 2560 vero

1967 2597 2304 2668 prudentum
2348 2597 2686 2661 intellectus,
2718 2595 2974 2651 doctrina
3021 2605 3107 2652 est
3157 2596 3227 2651 de
3279 2597 3398 2650 solo
3427 2612 3559 2653 vero

1966 2687 2098 2743 Deo.
2133 2685 2450 2742 Graecorum
2476 2701 2718 2757 namque
2763 2687 2856 2741 alii
2902 2703 3108 2756 corpus
3144 2703 3266 2744 esse
3303 2689 3561 2744 dixerunt

1967 2779 2170 2848 Deum,
2238 2780 2332 2834 alii
2399 2779 2716 2836 simulacris
2789 2780 2958 2835 etiam
3031 2781 3211 2852 ipsum
3285 2781 3560 2838 assimila-

1964 2880 2116 2928 runt.
2202 2870 2460 2927 Haeretici
2517 2886 2649 2927 vero
2713 2877 2768 2927 et
2829 2872 2936 2943 ipsi
2997 2873 3052 2927 in
3109 2873 3226 2930 veri
3289 2875 3561 2945 cognitio-

1965 2981 2035 3020 ne
2067 2965 2445 3034 desipuerunt.
2495 2962 2792 3034 Pr0pterea
2831 2963 2923 3019 hic
2985 2963 3053 3020 de
3103 2980 3234 3021 vera
3283 2967 3558 3038 cognitio-

1966 3072 2036 3115 ne
2111 3053 2209 3111 Dei
2273 3055 2391 3109 haec
2446 3064 2688 3110 enarrat.
2764 3053 2921 3121 Quod
2981 3056 3203 3126 quidem
3265 3058 3558 3117 ineﬂabilis

1964 3151 2080 3206 sit:
2123 3166 2142 3200 ι
2179 3147 2364 3203 Gloria
2395 3145 2493 3202 Dei
2552 3147 2842 3202 abscondit
2891 3147 3121 3202 verbum
3150 3149 3220 3203 ”.
3260 3168 3280 3200 ›
3315 3149 3392 3205 De
3429 3167 3556 3220 pro-

1960 3242 2202 3299 videntia
2243 3256 2374 3296 vero
2424 3239 2574 3296 illius
2615 3240 2696 3297 sic
2746 3241 3032 3311 loquitur:
3071 3261 3091 3294 ‹
3130 3245 3194 3297 In
3237 3244 3385 3298 omni
3435 3245 3557 3300 loco

1967 3335 2128 3405 119
2172 3334 2316 3389 oculi
2359 3331 2576 3387 Domini
2625 3334 3072 3404 contemplantur
3120 3335 3295 3390 bonos
3339 3341 3394 3390 et
3439 3352 3556 3390 ma-

1963 3429 2045 3483 los
2070 3427 2137 3482 ⁹⁸.
2176 3446 2195 3479 ι
2226 3424 2293 3480 Et
2315 3426 2512 3481 iterum
2551 3443 2564 3479 :
2615 3443 2634 3476 ι
2669 3423 2846 3494 ,Βίνθε
2884 3433 2939 3481 et
2979 3441 3186 3496 pauper
3222 3428 3360 3482 alter
3395 3429 3555 3484 alteri

1961 3524 2355 3583 occurrerunt,
2383 3524 2646 3588 utrosque
2679 3532 2810 3573 vero
2839 3516 2968 3574 fecit
2998 3517 3263 3576 Dominus
3285 3521 3350 3572 θ’.
3381 3539 3399 3571 ι
3437 3522 3508 3575 Et
3534 3539 3549 3576 :

1970 3632 1989 3664 ‹
2037 3612 2177 3667 Dum
2208 3611 2544 3667 conveniunt
2582 3596 2884 3666 faenerator
2917 3625 2984 3665 ac
3019 3611 3255 3676 debitor,
3287 3619 3552 3682 utrosque

1962 3705 2281 3776 speculatur
2335 3703 2602 3759 Dominus
2653 3703 2721 3760 ".
2783 3723 2801 3756 ι
2862 3702 2929 3756 Ει
2976 3722 2990 3759 :
3037 3721 3057 3754 ι
3118 3703 3259 3758 Sunt
3302 3706 3447 3760 enim
3495 3707 3552 3761 in

1960 3803 2259 3868 conspectu
2309 3796 2596 3850 oculorum
2627 3794 2735 3862 ξι)θί
2773 3796 2875 3851 viae
2927 3796 3064 3862 viri,
3117 3804 3172 3852 et
3214 3813 3408 3854 omnes
3460 3814 3552 3854 or-

1960 3890 2102 3945 bitas
2146 3889 2269 3958 ejus
2314 3888 2632 3959 speculatur
2659 3887 2725 3940 ⁰⁶.
2788 3908 2806 3940 ι
2848 3886 3124 3945 Iudicium
3175 3905 3394 3962 quoque
3430 3893 3551 3963 ejus

1959 3990 2394 4046 commemorat,
2463 3980 2655 4036 dicens
2716 3998 2730 4035 :
2796 4001 2815 4034 ι
2885 3983 3168 4039 Sacriﬁcia
3231 3985 3548 4055 impiorum,

1959 4076 2396 4134 abominationes
2429 4081 2557 4130 sunt
2588 4073 2805 4156 Domini
2836 4095 2849 4131 :
2882 4084 3012 4132 vota
3045 4085 3228 4132 autem
3263 4086 3410 4133 recte
3432 4094 3551 4135 am-

1959 4167 2290 4235 bulantium,
2317 4177 2544 4240 accepta
2569 4176 2700 4223 sunt
2731 4170 2873 4240 apud
2903 4187 3028 4225 eum
3055 4171 3123 4224 ³⁷.
3164 4190 3182 4223 ι
3211 4170 3276 4224 Ει
3304 4171 3500 4228 iterum
3533 4193 3548 4228 :

1966 4278 2004 4314 ι»
2030 4259 2233 4316 Domos
2277 4261 2715 4315 conviciatorum
2758 4261 2994 4333 dissipat
3035 4261 3324 4329 Dominus,
3369 4265 3550 4321 firmat

258 4361 504 4432 «Κύριος
527 4358 753 4429 ἐποίησε
784 4357 992 4428 χώρας,
1031 4357 1126 4410 καὶ
1142 4356 1452 4428 ἀοικήτους,
1485 4359 1578 4411 καὶ
1608 4358 1752 4431 ἄκρα
1781 4361 1859 4412 oi-

1969 4360 2144 4408 autem
2177 4353 2475 4408 terminum
2517 4352 2697 4407 vidum
2732 4353 2798 4406 ⁸³.
2846 4375 2863 4407 ι
2902 4353 3190 4426 Opiﬁcium
3228 4371 3358 4411 vero
3400 4357 3549 4412 illius

252 4451 504 4522 κούμενα
536 4449 636 4520 τῆς
664 4449 756 4501 ὑπ’
783 4446 1033 4518 οὐρανόν.
1067 4445 1259 4499 Ἦνίκα
1281 4447 1544 4518 ἡτοίμαζε
1578 4448 1667 4501 τὸν
1693 4449 1857 4521 οὐρα-

250 4543 368 4610 νὸν,
402 4542 781 4614 συμπαρήμην
809 4538 979 4610 αὐτῷ,
1014 4538 1110 4592 καὶ
1135 4538 1224 4591 ὅτε
1267 4537 1511 4610 ἀφώριζε
1542 4540 1635 4593 τὸν
1661 4540 1855 4594 ἑαυτοῦ

253 4637 452 4709 θρόνον
473 4635 560 4690 ἐπ’
585 4635 822 4705 ἀνέμων,
848 4634 1013 4704 ήνίκα
1045 4631 1242 4703 ἰσχυρά
1268 4632 1443 4687 ἐποίει
1460 4631 1528 4685 τὰ
1555 4633 1666 4687 ἄνω
1695 4633 1853 4706 νέφη,

254 4731 412 4802 ήμην
451 4727 584 4798 παρ’
628 4725 776 4797 αὐτῷ
819 4723 1153 4806 ἁρμόζουσα.
1203 4723 1346 4793 Ἐγὼ
1394 4725 1542 4796 ἥμην
1685 4743 1856 4797 προσ-

253 4821 468 4891 έχαιρε,
497 4818 620 4872 καθ’
653 4818 864 4890 ἡμέραν
885 4817 944 4870 δὲ
979 4816 1350 4892 εὑφραινόμην
1376 4819 1434 4870 ἐν
1457 4816 1734 4889 προσώπῳ
1755 4819 1854 4871 αὐ-

252 4913 374 4967 τοῦ.
415 4932 434 4964 ι
472 4911 915 4984 Στροφαὶ-λόγων
946 4912 1232 4984 εἴρηνται-ο
1273 4911 1460 4982 ἐπειδὴ
1495 4911 1745 4983 στρέφων
1769 4929 1854 4975 τις

255 5006 459 5068 αὐτοὺς
488 5007 554 5077 τῇ
581 5004 810 5076 διανοίᾳ,
835 5004 1040 5073 ἀνοίγει
1065 5004 1162 5060 καὶ
1192 5004 1434 5076 εὑρίσκει
1458 5005 1551 5058 τὸν
1581 5006 1639 5057 ἐν
1669 5005 1855 5070 αὐτοῖς

255 5094 579 5166 ἐγκείμενον
608 5094 760 5148 νοῦν·
792 5089 882 5149 οἷά
907 5096 1032 5148 εἰσιο
1073 5113 1094 5147 ‹
1146 5094 1386 5168 Διεσώθη
1436 5095 1544 5149 ἀπὸ
1589 5095 1683 5148 τοῦ
1719 5095 1853 5150 καύ-

260 5205 429 5260 ματος
457 5185 574 5251 υἱὸς
598 5188 836 5258 νοήμων,
858 5187 1228 5259 ἀνεμόφθορος
1254 5186 1311 5240 δὲ
1343 5187 1551 5254 γίνεται
1574 5189 1632 5240 ἐν
1654 5186 1852 5260 ἀμητῷ

256 5278 372 5342 υίὸς
417 5277 769 5349 παράνομοςο
814 5297 833 5329 ι
871 5280 966 5332 καὶ
997 5277 1161 5332 πάλιν
1186 5295 1200 5308 ο
1239 5296 1258 5328 ι
1313 5277 1607 5350 Ἐπιμελοῦ
1648 5277 1760 5330 τῶν
1793 5279 1853 5332 ἐν

253 5372 334 5444 τῷ
385 5370 556 5442 πεδίῳ
601 5370 856 5442 χλωρῶν,
888 5372 984 5424 καὶ
1014 5371 1196 5442 κερεῖς
1243 5368 1416 5431 πόαν,
1462 5369 1555 5422 καὶ
1582 5367 1853 5439 συνάγαγε

255 5460 450 5532 χόρτον
492 5457 718 5530 ὀρεινὸν,
749 5459 836 5513 ἴνα
883 5458 1014 5531 ἔχῃς
1059 5457 1308 5527 πρόϐατα
1340 5459 1422 5524 εἰς
1453 5458 1747 5529 ἱματισμόν
1770 5477 1783 5490 ·
1827 5479 1846 5513 ι

327 5689 376 5720 ⁹⁶
415 5686 576 5759 Rom.
613 5690 767 5755 ι,12.
831 5693 872 5723 ⁹¹
919 5691 1028 5748 Tit.
1065 5709 1149 5759 ιιι,
1187 5694 1274 5750 ll.

1352 5696 1396 5727 ⁹¹
1436 5695 1600 5752 Prov.
1636 5713 1765 5760 xxv,
1802 5698 1859 5753 2.
1936 5700 1982 5732 ”
2021 5700 2182 5755 Prov.
2223 5716 2314 5765 xv,
2352 5701 2406 5754 3.

260 5759 346 5814 15.
413 5759 461 5791 ⁸⁸
498 5758 661 5816 Prov.
693 5779 746 5829 v,
781 5761 873 5819 2|.
948 5764 992 5796 ’⁷
1034 5758 1193 5821 Prov.
1235 5781 1324 5836 xv,
1355 5765 1408 5822 8.
1485 5767 1532 5800 ³⁸
1573 5767 1705 5823 ibid.
1742 5758 1834 5825 25.

1996 5770 2156 5828 Prov.
2198 5787 2278 5839 ιιι,
2305 5758 2406 5826 ’19.

1961 4459 2072 4498 non
2123 4445 2466 4516 simpliciter,
2509 4445 2604 4500 sed
2639 4460 2704 4501 eo
2751 4447 2896 4516 quod
2926 4463 3022 4517 per
3054 4447 3315 4513 Verbum,
3353 4464 3417 4504 ac
3461 4465 3550 4504 sa-

1963 4537 2224 4606 pientiam
2261 4552 2418 4592 suam
2458 4545 2659 4592 cuncta
2699 4538 2906 4596 faciat:
2945 4541 3038 4610 qui
3068 4542 3393 4612 potissimus
3433 4545 3550 4598 veri

1961 4627 2058 4685 Dei
2089 4630 2377 4684 character
2411 4637 2516 4697 est,
2559 4631 2707 4701 quod
2739 4633 2811 4687 sit
2840 4631 2962 4688 Filii
2994 4632 3174 4689 Pater.
3209 4636 3298 4689 Ait
3329 4636 3496 4705 igitur
3531 4654 3544 4688 :

1969 4739 1988 4772 ι
2031 4719 2310 4791 Sapientia
2341 4719 2488 4777 Deus
2511 4719 2767 4780 fundavit
2801 4728 3006 4777 terram
3035 4724 3102 4776 θ’.
3143 4742 3162 4776 ι
3202 4723 3268 4777 Ει
3296 4725 3494 4780 iterum
3531 4746 3544 4781 :

1969 4830 1989 4864 ι
2030 4809 2296 4866 Dominus
2334 4809 2465 4866 fecit
2493 4813 2746 4884 regiones
2770 4819 2825 4867 et
2849 4812 3089 4878 deserta,
3120 4820 3174 4868 et
3205 4815 3549 4870 summitates

1965 4903 2238 4963 habitatas
2266 4903 2386 4975 ejus
2413 4919 2536 4977 qua:
2576 4906 2680 4962 sub
2713 4905 2853 4960 coelo
2881 4914 2986 4961 est.
3013 4905 3243 4972 Quando
3270 4922 3550 4976 praepara-

1961 4995 2054 5050 bat
2085 4995 2307 5060 coelum,
2354 4994 2575 5051 aderam
2606 4998 2710 5068 ipsi
2749 5014 2760 5049 :
2803 4998 3025 5067 quando
3071 4999 3360 5067 separabat
3389 5001 3547 5055 thro-

1961 5104 2090 5144 num
2140 5105 2300 5145 suum
2344 5104 2512 5160 supra
2550 5101 2766 5155 ventos,
2807 5090 3026 5159 quando
3067 5090 3277 5146 validas
3311 5091 3549 5148 faciebat

1959 5182 2195 5253 desuper
2238 5181 2438 5245 nubes,
2485 5199 2609 5238 cum
2648 5198 2714 5239 eo
2747 5197 2897 5238 eram
2945 5190 3145 5237 cuncta
3187 5197 3544 5252 componens.

1957 5273 2072 5345 Ego
2093 5289 2245 5330 eram
2273 5275 2327 5329 in
2356 5290 2463 5346 qua
2493 5275 2803 5341 laetabatur,
2839 5274 3072 5346 singulis
3104 5274 3296 5330 diebus
3323 5277 3548 5334 laetabar

1960 5368 2018 5423 in
2050 5377 2350 5438 conspectu
2387 5369 2534 5426 illius
2566 5371 2620 5422 ³.·
2655 5388 2674 5420 ι
2716 5367 2965 5438 Stropbae
3001 5383 3220 5440 quoque
3251 5371 3546 5429 verborum

1959 5458 2152 5516 insunt
2187 5459 2279 5516 isti
2315 5460 2457 5516 libro
2489 5480 2502 5515 :
2538 5476 2665 5516 nam
2700 5461 2748 5516 si
2777 5461 2903 5532 quis
2933 5477 2996 5516 ea
3020 5471 3202 5519 mente
3232 5473 3432 5528 verset,
3461 5485 3546 5522 re-

2482 5699 2529 5732 ”
2565 5699 2729 5755 Prov.
2775 5715 2926 5762 XXII,
2968 5700 3022 5754 2.
3101 5701 3146 5732 ’⁸
3187 5697 3347 5754 Prov.
3385 5713 3559 5762 xxxx”

2497 5775 2510 5800 ¹
2555 5773 2688 5828 ibid.
2721 5770 2912 5826 26°51.
