3880 6186
386 229 492 288 355

1598 231 1659 287 S.
1699 227 2183 288 ATHANASIUS.’
2197 262 2268 274 —
2301 232 2529 293 DUBIA.

3527 236 3636 293 3M

385 344 593 404 errabit
647 357 712 400 ac
758 341 997 400 inveniet
1053 344 1385 402 sententiam
1445 346 1502 401 in
1569 346 1705 417 ipsis
1774 346 1959 403 sitam.

2063 349 2157 403 καὶ
2202 347 2361 403 πάλιν
2385 366 2399 381 ο
2434 369 2454 402 ι
2500 348 2626 404 Ἐἀν
2671 346 2903 423 καθίσῃς
2951 349 3184 425 δειπνεῖν
3231 348 3326 404 ἐπὶ
3362 351 3639 425 τραπέζης

384 435 581 505 Qualia
611 442 738 492 sunt
766 434 883 491 hate
914 454 927 491 :
966 453 987 487 ‹
1025 432 1323 493 Incolumis
1354 437 1529 493 evasit
1554 437 1621 493 ab
1653 446 1790 493 aestu
1816 439 1961 495 [ilius

386 526 718 598 intelligens,
760 527 1130 595 corrumpitur
1179 535 1362 582 autem
1405 542 1436 580 a
1498 536 1661 583 veuto
1693 529 1748 583 in
1783 544 1963 586 messe

389 620 533 676 [ilius
577 620 796 690 iniquus
824 621 865 675 ’.
906 639 924 671 ι
961 617 1027 674 Et
1050 621 1248 675 iterum
1294 638 1307 673 :
1348 638 1366 671 ι
1400 617 1644 675 Sollicite
1679 636 1811 675 cura
1843 636 1964 692 quae.

388 711 442 765 in
474 728 603 785 agro
628 722 756 769 sunt
794 712 1015 778 viridia,
1048 720 1105 767 et
1135 711 1363 767 herbam
1398 712 1660 775 demetes,
1685 727 1749 767 ac
1779 712 1963 768 fenum

385 813 705 860 montanum
739 805 953 876 collige,
985 812 1045 860 ut
1069 820 1198 860 oves
1225 804 1430 861 habeas
1457 805 1524 859 ad
1554 806 1808 860 vestitum
1843 806 1885 861 ³.
1937 825 1958 859 ι

385 895 452 950 Et
482 914 677 954 rursus
704 918 716 953 :
746 917 765 951 ‹
801 898 858 953 Si
882 900 1111 954 conviva
1140 899 1349 955 sederis
1374 898 1439 953 ad
1463 912 1675 953 cmnam
1700 898 1754 952 in
1775 913 1964 954 mensa

385 997 725 1059 maguatum,
749 1001 930 1045 mente
948 990 1219 1060 intelligas
1244 1005 1364 1059 qua:
1389 997 1735 1059 apponuntur
1754 989 1851 1044 tibi
1868 989 1909 1043 ‘.
1937 1008 1957 1043 ι

384 1077 453 1135 Et
476 1081 582 1135 alia
616 1083 942 1136 consimilia.
968 1081 1123 1137 Verte
1149 1083 1379 1152 justitia:
1414 1082 1592 1138 dictus
1631 1091 1709 1137 est
1752 1082 1964 1138 intelle-

385 1181 508 1229 ctus
549 1193 561 1229 :
598 1175 857 1245 quoniam
879 1171 1191 1230 diliereuter
1216 1174 1435 1244 quidam
1472 1173 1700 1244 justitiae
1724 1175 1964 1229 vocabu-

384 1265 499 1320 lum
556 1267 855 1337 accipiunt,
896 1266 1018 1321 aliis
1069 1265 1382 1321 dicentibus
1412 1265 1685 1337 justitiam
1729 1281 1871 1331 esse,
1913 1269 1963 1322 si

384 1358 719 1428 reddatquis
750 1359 895 1430 quod
924 1358 1342 1415 custodiendum
1375 1360 1584 1429 accepit
1616 1379 1628 1413 :
1662 1358 1783 1414 aliis
1807 1374 1959 1425 vero,

385 1450 431 1505 si
474 1454 675 1505 malum
722 1453 981 1524 reddatur
1008 1468 1108 1523 pro
1138 1452 1304 1517 malo,
1335 1459 1390 1507 et
1421 1452 1622 1506 bonum
1659 1467 1757 1521 pro
1792 1451 1957 1508 bono.

381 1540 706 1612 Huiusmodi
741 1552 924 1599 autem
954 1543 1299 1600 deﬁnitiones
1332 1551 1537 1599 exactae
1561 1558 1626 1598 ac
1653 1544 1815 1614 justae
1850 1558 1960 1600 non

384 1642 530 1690 sunt.
574 1633 654 1692 Ne
690 1636 897 1693 dixeris
924 1639 1092 1703 enim,
1127 1637 1246 1705 Quo
1274 1638 1366 1693 ille
1408 1652 1539 1708 erga
1571 1652 1658 1691 me
1701 1652 1837 1693 usus
1876 1644 1961 1692 est

381 1728 567 1793 modo,
601 1729 793 1785 eodem
829 1738 955 1785 utar
996 1747 1119 1802 ego,
1154 1746 1345 1802 poenas
1370 1732 1439 1787 de
1472 1732 1567 1785 illo
1594 1746 1828 1795 sumam,
1859 1745 1961 1801 pro

382 1816 583 1888 injuria
626 1835 734 1891 qua
775 1837 863 1878 me
896 1821 1095 1877 affecit.
1125 1821 1494 1888 Quamobrem
1532 1821 1644 1887 hic,
1683 1836 1805 1893 quae
1832 1836 1961 1877 vera

381 1908 456 1964 sit
484 1910 725 1980 justitia,
753 1911 913 1969 docet
943 1933 957 1969 :
997 1929 1130 1977 eam,
1154 1915 1408 1970 videlicet
1436 1931 1617 1971 veram
1648 1930 1773 1971 esse
1800 1914 1963 1985 justi-

381 2000 535 2067 tiam,
573 2003 621 2059 si
643 2004 940 2077 unicuique
970 2006 1117 2075 quod
1146 2021 1307 2061 suum
1336 2014 1422 2063 est
1447 2006 1728 2063 reddatur.
1766 2024 1786 2058 ι
1823 2004 1961 2061 Cum

379 2093 574 2165 primis
625 2094 871 2163 honora,
933 2097 1142 2167 inquit,
1192 2096 1483 2152 Dominum
1525 2098 1593 2154 de
1628 2098 1798 2169 justis
1848 2098 1959 2154 tuis

379 2186 687 2256 laboribus,
719 2199 773 2245 et
806 2191 1081 2261 primitias
1119 2192 1200 2247 illi
1236 2191 1330 2258 da,
1357 2192 1425 2248 de
1454 2193 1564 2248 tuis
1583 2193 1810 2263 justitiae
1842 2192 1961 2249 fru-

380 2279 563 2335 ctibus
605 2281 650 2336 ⁸.
680 2297 699 2332 ι
730 2278 970 2337 Deinde:
1010 2302 1029 2335 ι
1056 2281 1277 2338 Honora
1320 2297 1526 2353 regem,
1556 2290 1610 2339 et
1642 2284 1962 2355 parentibus

381 2370 624 2426 debitum
644 2371 837 2427 exhibe
858 2371 1113 2437 cilicium,
1129 2374 1384 2431 omnibus
1405 2389 1555 2438 vero,
1574 2374 1721 2446 quod
1744 2389 1961 2445 aequum

378 2469 466 2519 est
490 2463 531 2517 °.
572 2482 591 2516 ι
627 2461 694 2517 Et
724 2463 816 2520 hic
861 2464 1082 2534 quidem
1124 2481 1270 2522 unus
1300 2475 1384 2522 est
1419 2473 1601 2537 typus.
1646 2466 1796 2521 Alter
1832 2480 1963 2521 vero

379 2555 467 2604 est
496 2555 557 2603 ut
587 2549 831 2605 animum
861 2567 1025 2608 suum
1052 2555 1286 2626 quisque
1313 2554 1596 2625 justilicet,
1624 2555 1965 2625 aequabilita-

379 2650 490 2698 tem
536 2630 934 2709 custodiendo,
982 2643 1055 2699 ita
1097 2652 1160 2700 ut
1207 2661 1489 2716 nunquam
1527 2647 1584 2701 in
1627 2647 1962 2702 contrariam

381 2731 871 2802 inrequabilitatem
909 2732 1185 2792 declinet:
1221 2736 1318 2791 sed
1350 2735 1552 2791 rationi
1582 2736 1957 2808 obtemperet:

378 2822 459 2880 Ne
479 2825 621 2880 malo
642 2827 873 2882 consilio
896 2842 1006 2898 quo
1018 2826 1326 2897 juventutis
1351 2831 1600 2885 doctrina
1622 2830 1959 2900 repudiatur,

377 2918 616 2988 capiaris
661 2937 676 2975 :
707 2919 817 2988 jsed
855 2934 980 2975 cum
1017 2921 1252 2977 consilio
1290 2922 1475 2976 omnia
1507 2922 1698 2989 facias,
1730 2930 1784 2978 et
1811 2922 1961 2994 cogi-

1989 1688 2041 1751 B

2064 440 2342 496 δυναστῶν
2361 480 2376 506 ,
2402 439 2612 515 νοητῶς
2652 440 2763 495 νόει
2789 440 2859 495 τὰ
2891 424 3300 514 παρατιθέμενά
3332 459 3434 496 σοι.
3477 461 3497 495 ι
3527 424 3639 499 καὶ

2063 533 2133 589 τά
2155 535 2313 606 ὅμοια
2332 533 2543 599 τούτοις
2564 533 2907 604 δικαιοσύνης
2927 532 3158 605 ἀληθοῦς
3178 535 3360 606 νόησις
3385 535 3596 608 εἴρηται
3617 551 3635 569 ο

2064 626 2252 698 ἐπειδή
2276 645 2416 691 τινες
2438 626 2712 699 διαφόρως
2736 624 3047 698 ὲξειλήφασι
3073 627 3135 680 τὸ
3162 626 3389 694 δίκαιον,
3409 629 3517 682 τῶν
3540 628 3640 701 μὲν

2063 714 2358 785 λεγόντων,
2385 716 2591 770 δίκαιόν
2625 719 2739 770 ἐστι
2769 717 2830 769 τὸ
2860 716 3169 770 ἀποδιδόναι
3198 717 3340 790 άπερ
3371 718 3527 773 ἔλαϐέ
3557 737 3641 784 τις

2065 809 2297 878 φυλάξαι
2324 824 2339 838 ⁸
2374 808 2481 863 τῶν
2506 809 2563 862 δὲ
2584 849 2597 871 ,
2628 807 2690 862 τὸ
2720 808 2919 862 διδόναι
2965 809 3131 864 κακὸν
3176 811 3295 864 ἀντὶ
3324 810 3517 875 κακοῦ,
3545 812 3642 866 καὶ

2064 900 2268 969 ἀγαθὸν
2301 899 2422 952 ἀντὶ
2449 897 2675 968 ἀγαθοῦ.
2706 899 3000 970 Συμόαίνει
3025 899 3081 952 δὲ
3115 899 3189 971 μὴ
3228 900 3477 972 ἀκριϐεῖς
3504 897 3641 955 εἶναι

2063 994 2190 1054 τοὺς
2233 991 2503 1055 τοιούτους
2547 990 2723 1062 ὅρους.
2764 991 2856 1062 Μὴ
2898 990 3059 1063 είπῃς
3109 990 3256 1061 γὰρ,
3296 993 3391 1044 Ὃν
3442 991 3643 1061 τρόπον

2064 1084 2333 1154 ἐχρήσατό
2367 1101 2493 1154 μοι,
2541 1084 2816 1154 χρήσομαι
2863 1081 3040 1153 αὐτῷ,
3088 1084 3307 1153 τίσομαι
3337 1082 3395 1135 δὲ
3420 1082 3579 1137 αὐτὸν
3607 1083 3644 1137 ἆ

2067 1194 2135 1248 με
2167 1176 2408 1248 ἠδίκησε.
2443 1175 2542 1230 Διά
2566 1176 2724 1230 τοῦτο
2764 1171 2917 1239 οὗτος
2942 1176 3041 1248 τὴν
3086 1176 3261 1247 ἀληθῆ
3300 1170 3644 1247 δικαιοσύνην

2061 1266 2322 1332 διδάσκει,
2354 1268 2436 1320 ὅτι
2476 1266 2634 1319 τοῦτό
2677 1268 2790 1320 ἐστι
2832 1265 2894 1320 τὸ
2939 1266 3153 1338 ἀληθῶς
3191 1267 3418 1330 δίκαιον,
3451 1267 3643 1320 ἀποδι-

2064 1357 2211 1413 δόναι
2244 1359 2460 1430 ἑκάστῳ
2482 1357 2543 1411 τὸ
2567 1358 2715 1413 ίδιον.
2754 1378 2773 1411 ι
2793 1359 3227 1431 Προηγουμένως
3264 1360 3362 1430 μὲν
3390 1358 3523 1429 τίμα
3551 1360 3644 1413 τὸν

2062 1449 2268 1521 Κύριον
2295 1451 2402 1504 ἀπὸ
2433 1450 2542 1505 σῶν
2576 1451 2798 1505 δικαίων
2837 1451 3012 1504 πόνων
3035 1492 3050 1516 ,
3080 1451 3174 1504 καὶ
3215 1451 3463 1523 ἀπάρχου
3496 1450 3645 1522 αύτῷ

2062 1542 2172 1596 ἀπὸ
2188 1541 2294 1595 σῶν
2312 1542 2539 1615 καρπῶν
2565 1542 2930 1614 δικαιοσύνης.
2954 1562 2971 1594 ι
2996 1544 3226 1596 Ἔπειτα
3243 1558 3256 1570 ·
3274 1560 3292 1592 ι
3318 1541 3463 1613 Τίμα
3493 1541 3645 1612 βασι-

2062 1633 2180 1699 λέα,
2203 1636 2298 1688 καὶ
2324 1639 2436 1699 τοῖς
2459 1635 2556 1706 μὲν
2576 1635 2793 1705 γονεῦσι
2814 1635 2874 1688 τὸ
2900 1634 3138 1705 καθῆκον
3153 1634 3422 1698 άποδίδου,
3448 1636 3560 1698 τοῖς
3586 1633 3645 1686 δὲ

2063 1728 2197 1781 πᾶσι
2224 1727 2286 1781 τὸ
2316 1729 2448 1782 ἴσον.
2493 1746 2512 1779 ι
2566 1728 2677 1781 Καὶ
2711 1720 2865 1793 οὗτος
2910 1727 3009 1798 μὲν
3040 1721 3121 1790 εἷς
3165 1726 3360 1790 τύπος’
3395 1725 3646 1797 δεύτερος

2059 1818 2116 1872 δὲ
2145 1817 2386 1872 δικαιοῦν
2405 1819 2505 1891 τὴν
2527 1818 2703 1890 ψυχὴν
2732 1818 2945 1884 ἑαυτοῦ,
2969 1818 3068 1890 τὴν
3092 1817 3311 1888 ίσότητα
3334 1804 3641 1886 φυλάττειν,

2059 1909 2200 1963 ὥστε
2234 1910 2308 1983 μὴ
2341 1911 2541 1965 κλίνειν
2571 1912 2651 1975 είς
2681 1910 3000 1982 ἀνισότητα·
3028 1908 3163 1964 ἀλλὰ
3182 1908 3261 1980 τῷ
3287 1909 3383 1981 μὲν
3408 1908 3641 1982 λογικῷο

2060 2005 2151 2075 Μή
2211 2022 2271 2058 σε
2328 2003 2612 2078 καταλάϐῃ
2660 2003 2821 2076 βουλὴ
2858 2003 3023 2074 κακὴ,
3069 2005 3102 2075 ἡ
3159 2002 3527 2056 ἀπολείπουσα
3566 2001 3648 2058 δι-

2059 2095 2352 2150 δασκαλίαν
2388 2095 2658 2168 νεότητος,
2704 2094 2839 2149 ἀλλά
2872 2094 3010 2166 μετὰ
3044 2093 3236 2166 βουλῆς
3272 2093 3449 2148 πάντα
3477 2091 3644 2158 mist,

2060 2189 2155 2242 καὶ
2180 2189 2230 2242 οί
2259 2188 2507 2260 λογισμοί
2541 2206 2634 2242 σου
2674 2188 2915 2242 ἔστωσαν
2957 2187 3232 2260 κρίματα·
3262 2186 3401 2240 ὥστε
3436 2186 3645 2258 κρίνειν

2061 2282 2253 2338 ἑαυτὸν
2282 2282 2532 2346 ἕκαστον,
2567 2282 2661 2336 καὶ
2692 2282 2791 2354 τὴν
2823 2282 2918 2353 μὲν
2948 2280 3242 2352 ἐπιθυμίαν
3287 2282 3467 2334 πᾶσαν
3500 2279 3646 2352 ἔχειν

2060 2372 2312 2444 ἀγαθήν·
2364 2372 2629 2445 ἐπιθυμία
2669 2372 2779 2444 γὰρ
2815 2372 3039 2426 δικαίων
3085 2374 3235 2426 πᾶσα
3284 2370 3502 2441 ἀγαθὴ,
3551 2371 3646 2425 καὶ

2062 2453 2328 2537 ἐπιθυμία
2351 2466 2562 2520 δικαίου
2599 2466 2783 2539 δεκτή.
2821 2464 2976 2519 Κατὰ
3008 2465 3064 2519 δὲ
3095 2465 3155 2518 τὸ
3199 2464 3461 2537 θυμικόν·
3497 2482 3515 2515 ι
3549 2462 3642 2534 Μὴ

2064 2556 2173 2611 ἴσθι
2203 2558 2417 2628 ἑταῖρος
2454 2555 2609 2627 ἀνδρὶ
2642 2555 2898 2626 θυμώδει,
2919 2555 3058 2626 φίλῳ
3090 2555 3147 2608 δὲ
3179 2554 3381 2627 ὀργίλῳ
3412 2554 3486 2626 μὴ
3515 2571 3642 2609 συν-

2062 2648 2302 2713 αυλίζου.
2333 2647 2490 2702 Ὄλον
2517 2647 2625 2719 γὰρ
2675 2647 2767 2701 τὸν
2796 2648 2966 2718 θυμὸν
2990 2647 3152 2701 αὐτοῦ
3188 2647 3409 2720 ἐκφέρει
3432 2648 3640 2719 ἄφρων

2059 2742 2089 2794 ό
2113 2740 2170 2794 δὲ
2207 2740 2369 2810 σοφὸς
2399 2739 2715 2810 ταμιεύεται
2741 2739 2881 2793 κατά
2910 2740 3094 2811 μέρος.
3133 2759 3152 2791 ι
3187 2739 3340 2793 Οῦτω
3365 2740 3433 2793 δὲ
3451 2739 3644 2796 ἑαυτὸν

2067 2830 2346 2905 ῥυθμίζων
2375 2831 2661 2904 ἄνθρωπος
2683 2871 2698 2896 ,
2733 2831 2826 2884 καὶ
2869 2832 2968 2903 τὴν
2998 2832 3131 2884 ἰδίαν
3174 2831 3405 2885 ἑκάστου
3447 2831 3644 2903 μέρους

2060 2926 2159 2998 τῆς
2182 2924 2359 2996 ψυχῆς
2392 2924 2589 2996 πρᾶξιν
2621 2923 2748 2994 ὑγιῆ
2792 2923 2885 2977 καὶ
2929 2924 3086 2996 ἀσινῆ
3125 2923 3434 2993 φυλάττων,
3490 2923 3644 2977 ἔσται

380 3011 621 3067 taliones
658 3019 768 3068 tuae
816 3012 930 3068 sint
959 3011 1190 3083 judicia,
1233 3013 1307 3068 ita
1349 3020 1410 3068 ut
1444 3014 1684 3084 seipsum
1723 3013 1958 3085 quisque

2063 3014 2343 3086 γινώσκων
2370 3016 2468 3087 τὴν
2498 3014 2670 3087 ἀληθῆ
2698 3015 3063 3086 δικαιοσύνην.
3090 3015 3353 3086 Κρίματα
3375 3014 3430 3067 δὲ
3452 3032 3647 3068 κατευ-

374 3099 607 3172 judicet,
631 3109 687 3158 et
708 3117 871 3159 omne
900 3103 1235 3159 desiderium
1266 3105 1498 3175 probum
1526 3106 1724 3161 habeat
1752 3125 1766 3160 :
1798 3121 1959 3162 omne

2063 3107 2241 3160 θύνειν
2274 3107 2388 3159 ἐστὶ
2413 3095 2834 3179 προηγουμένως
2871 3105 2971 3177 μὲν
3009 3105 3214 3175 κρίνειν
3251 3106 3474 3171 δικαίως
3503 3105 3647 3160 κατὰ

379 3196 580 3267 quippe
612 3196 890 3264 justorum
920 3195 1253 3252 desiderium
1286 3197 1488 3252 bonum
1528 3204 1634 3262 est,
1669 3204 1724 3253 et
1752 3212 1959 3252 concu-

378 3287 646 3359 piscentia
669 3287 806 3357 justi
841 3294 1066 3358 accepta
1091 3294 1195 3341 est.
1231 3283 1387 3352 Quod
1410 3295 1590 3342 autem
1616 3286 1958 3342 iracundiam

381 3387 594 3451 spectat
647 3397 661 3434 :
711 3398 730 3431 ι
778 3378 859 3435 Ne
897 3380 974 3436 sis
1030 3378 1261 3443 amicus,
1303 3378 1516 3448 inquit,
1554 3378 1674 3432 viro
1726 3377 1956 3443 furioso,

379 3482 436 3530 et
462 3474 639 3528 amico
659 3472 925 3529 iracundo
954 3488 1021 3529 ne
1047 3471 1351 3526 cohabites.
1379 3468 1607 3524 Omnem
1636 3471 1781 3526 enim
1820 3470 1960 3524 iram

381 3581 537 3622 suam
590 3564 789 3620 emittit
853 3564 1118 3635 insipiens
1172 3582 1187 3619 :
1238 3562 1459 3633 sapiens
1515 3578 1643 3618 vero
1692 3563 1840 3617 illam
1891 3578 1960 3618 ex

380 3666 538 3728 parte
567 3657 818 3712 recondit
853 3657 894 3711 ⁷.
939 3676 957 3709 ι
995 3654 1099 3722 Qui
1123 3650 1365 3726 Seipsum
1403 3655 1472 3711 ad
1511 3656 1660 3710 hunc
1685 3653 1960 3724 componit

382 3749 628 3814 modum,
653 3757 708 3804 et
732 3748 976 3818 singulas
1003 3749 1271 3817 cujusque
1294 3748 1469 3820 partis
1499 3747 1694 3801 anima:
1717 3746 1960 3800 actiones

384 3855 549 3897 sanas
579 3847 634 3896 et
667 3840 938 3895 innocuas
967 3840 1242 3908 custodit,
1274 3840 1321 3895 is
1351 3840 1568 3894 demum
1598 3854 1778 3893 veram
1807 3838 1961 3909 agni-

385 3942 542 3990 turus
571 3944 655 3990 est
687 3934 980 4004 justitiam.
1013 3931 1231 3987 Judicia
1280 3947 1410 3987 vero
1449 3931 1688 4002 dirigere
1733 3928 1960 4000 potissi-

382 4042 533 4081 mum
589 4027 811 4097 quidem
874 4033 979 4093 est,
1048 4025 1198 4095 juste
1256 4024 1560 4081 secundum
1624 4022 1798 4092 legem
1864 4020 1962 4077 Dei

377 4119 647 4192 judicare,
689 4129 751 4175 ut
799 4119 875 4174 ait
909 4138 923 4174 :
964 4137 984 4171 ι
1038 4119 1205 4189 Aperi
1248 4134 1312 4174 os
1347 4126 1501 4173 tuum
1542 4116 1711 4172 verbo
1750 4115 1877 4181 Dei,
1908 4122 1963 4171 et

383 4227 517 4267 sane
549 4211 617 4267 de
637 4211 896 4267 omnibus
939 4208 1150 4281 judica.
1183 4208 1488 4279 Pauperem
1528 4222 1658 4263 vero
1701 4214 1756 4262 et
1798 4205 1964 4261 imbe-

382 4303 562 4358 cillem
588 4301 848 4373 dijudica.
879 4300 984 4368 Qui
1010 4317 1246 4371 namque
1275 4300 1409 4356 dicit
1436 4299 1505 4355 de
1537 4299 1703 4370 impio
1732 4314 1745 4351 :
1771 4296 1962 4354 Justus

2059 3198 2151 3251 τὸν
2178 3197 2271 3252 τοῦ
2310 3196 2444 3251 Θεοῦ
2490 3197 2684 3268 νόμον,
2719 3196 2794 3260 ὥς
2825 3212 2988 3267 φησι·
3034 3214 3053 3247 ι
3090 3196 3307 3265 Ἀνοιγε
3347 3197 3437 3250 σὸν
3471 3197 3646 3268 στόμα

2059 3290 2203 3361 λόγῳ
2227 3289 2385 3355 Θεοῦ,
2414 3289 2508 3343 καὶ
2540 3289 2694 3362 κρίνε
2724 3290 2930 3351 πάντας
2958 3287 3147 3357 ὑγιῶς.
3175 3289 3428 3359 Διάκρινε
3460 3289 3517 3341 δὲ
3548 3287 3649 3342 πέ-

2059 3400 2197 3454 νητα
2237 3384 2331 3437 καὶ
2368 3382 2594 3451 ἀσθενῆ.
2639 3383 2698 3436 '0
2727 3381 2836 3452 γὰρ
2870 3378 3038 3433 εἰπὼν
3083 3380 3174 3435 τὸν
3201 3380 3395 3451 ἀσεόἦ,
3428 3380 3648 3446 Δίκαιός

2060 3475 2228 3538 ἐστιν,
2259 3473 2658 3545 ὲπικατάρατος
2688 3472 2856 3540 λαοῖς,
2886 3473 2980 3528 καὶ
3013 3471 3239 3545 μισητδς
3270 3473 3350 3536 εἰς
3376 3471 3526 3544 ἔθνη.
3553 3474 3652 3526 At-

2059 3564 2265 3619 δεῖσθαι
2311 3565 2419 3639 γὰρ
2464 3555 2754 3638 πρόσωπον
2786 3568 2844 3621 ὲν
2881 3566 3058 3638 κρίσει
3091 3567 3152 3618 οὐ
3187 3565 3372 3619 καλόν.
3418 3584 3436 3617 ι
3476 3564 3652 3620 Τοῦτο

2063 3658 2161 3729 μὲν
2186 3659 2250 3712 ὲκ
2277 3651 2371 3712 τοῦ
2405 3659 2638 3732 φανεροῦ
2672 3660 2862 3732 ῥητέον
2886 3677 2898 3690 ·
2940 3658 3129 3712 ἔπειτα
3160 3659 3218 3712 δὲ
3246 3659 3333 3713 ἵνα
3360 3659 3496 3730 ὅπερ
3528 3657 3649 3711 ἑτέ·-

2064 3764 2189 3820 ρους
2218 3749 2393 3821 κρίνει
2425 3768 2528 3816 τις,
2559 3750 2716 3806 τοῦτο
2742 3752 2835 3805 καὶ
2887 3751 2968 3815 είς
3000 3751 3190 3805 ἑαυτὸν
3221 3751 3283 3804 τὸ
3326 3751 3500 3823 κρῖμα
3520 3766 3640 3803 κατ-

2062 3840 2286 3914 ευθύνῃ,
2339 3843 2435 3896 καὶ
2466 3842 2657 3896 ἑαυτόν
2682 3842 2949 3914 δοκιμάζῃ
2970 3883 2984 3909 ,
3022 3843 3290 3915 ἐπιτιμῶν
3318 3843 3417 3915 μὲν
3449 3840 3649 3914 ἑαυτῷ,

2061 3930 2156 3985 ἐὰν
2190 3931 2484 4004 πλεονεκτῇ
2513 3935 2542 3985 ὁ
2571 3932 2742 4005 θυμός
2761 3951 2776 3965 ο
2810 3935 3022 4006 ἐπέχων
3046 3934 3124 4001 δὲ,
3164 3934 3256 3988 ἐὰν
3289 3934 3588 4009 περισσεύῃ
3614 3935 3650 4007 ἡ

2063 4022 2330 4094 ἐπιθυμία
2353 4040 2367 4054 '
2415 4023 2692 4094 διεγείρων
2742 4024 2819 4089 δὲ,
2848 4026 2942 4079 ἐὰν
2974 4027 3213 4095 ἀφυπνοῖ
3232 4025 3293 4078 τὸ
3321 4026 3647 4095 λογιστικὸν,

2060 4113 2234 4184 λέγων
2261 4131 2274 4144 ·
2324 4132 2343 4165 ι
2387 4116 2531 4178 Ἕως
2563 4115 2692 4168 πότε
2715 4157 2729 4181 ,
2774 4117 3009 4188 ὀκνηρὲ,
3051 4119 3407 4185 κατάκεισαι;
3444 4138 3464 4171 ι
3494 4118 3651 4173 Οῦτω

2062 4204 2172 4277 γὰρ
2200 4204 2390 4259 ἑαυτὸν
2418 4205 2640 4269 δικαίως
2679 4206 2849 4275 ἄγων,
2888 4208 2979 4261 καὶ
3010 4209 3316 4281 κατήγορος
3344 4209 3537 4263 ἑαυτοῦ
3566 4227 3654 4279 γι-

2063 4298 2306 4367 νόμενος,
2335 4299 2509 4369 κρῖμα
2527 4298 2873 4352 κατευθύνειν
2902 4298 3222 4372 μαθήσεται,
3247 4301 3342 4353 καὶ
3362 4301 3460 4353 ούκ
3489 4298 3655 4352 ἀκού-

380 4401 498 4460 est;
529 4392 885 4448 exsecrabilis
912 4399 998 4448 est
1024 4392 1262 4464 p0pulis,
1292 4398 1347 4446 et
1380 4390 1607 4446 odiosus
1643 4390 1786 4444 inter
1823 4404 1959 4460 gen-

2065 4405 2213 4442 σεται
2242 4391 2372 4460 παρ’
2396 4388 2579 4460 ἐτέρου
2602 4405 2617 4418 ·
2656 4408 2677 4439 ι
2722 4389 2778 4442 '0
2807 4389 3073 4443 διδάσκων
3100 4390 3303 4463 ἕτερον,
3336 4389 3558 4443 σεαυτὸν
3587 4390 3650 4443 οὗ

378 4497 485 4542 tes.
516 4484 815 4540 Personam
846 4485 993 4541 enim
1032 4485 1088 4539 in
1114 4484 1325 4555 judicio
1349 4483 1589 4540 revereri
1613 4482 1818 4538 bonum
1844 4496 1956 4537 non

378 4586 466 4635 est
495 4580 537 4633 ⁸.
587 4597 607 4632 ›
660 4577 777 4633 Hoc
818 4578 1040 4649 quidem
1096 4578 1277 4649 palam
1330 4585 1385 4632 et
1436 4583 1622 4646 aperte
1660 4575 1955 4631 dicendum

377 4677 463 4725 est
503 4687 522 4726 :
560 4669 780 4735 deinde,
816 4678 878 4725 ut
918 4669 1065 4741 quod
1108 4668 1381 4740 judicium
1418 4669 1475 4723 in
1506 4669 1646 4723 alios
1689 4667 1962 4739 quispiam

381 4759 622 4833 profert,
655 4762 889 4833 idipsum
916 4762 973 4817 in
999 4777 1122 4818 sese
1149 4761 1385 4833 dirigat,
1411 4776 1579 4831 seque
1607 4760 1725 4831 ipse
1756 4759 1964 4815 exarui-

380 4860 475 4909 net
500 4872 514 4909 :
537 4853 944 4924 corripiatque,
982 4853 1031 4908 si
1079 4853 1378 4909 excesserit
1410 4853 1491 4906 ira
1526 4871 1540 4907 :
1588 4851 1876 4917 cohibeat,
1914 4850 1963 4905 si

376 4945 755 5001 vehementior
786 4944 951 5001 fuerit
988 4945 1471 5016 concupiscentia:
1498 4943 1729 5009 excitet,
1762 4942 1808 4998 si
1833 4942 1964 4996 dor-

380 5039 563 5093 mierit
614 5039 700 5096 vis
754 5040 1082 5096 ratiocinii:
1119 5059 1139 5093 ι
1175 5040 1493 5111 Quousque,
1542 5040 1734 5102 aiens,
1788 5037 1963 5108 piger:

375 5130 601 5200 jaces’?
626 5153 645 5187 ι
670 5132 749 5189 Ita
775 5134 919 5190 enim
956 5149 1017 5190 se
1037 5135 1186 5205 juste
1215 5150 1428 5206 gerens,
1461 5140 1856 5201 accusatorque
1879 5129 1966 5185 sui

382 5222 591 5291 factus,
614 5234 829 5281 rectum
851 5225 1120 5297 judicium
1148 5227 1307 5299 120
1345 5227 1592 5300 proferre
1613 5224 1825 5287 discet,
1860 5235 1966 5276 nec

379 5317 568 5371 audiet
594 5317 662 5371 ab
683 5318 790 5373 alio
819 5334 832 5369 :
859 5337 878 5371 ι
911 5317 1015 5386 Qui
1037 5319 1201 5375 alium
1225 5321 1412 5382 doces,
1460 5317 1695 5387 teipsum
1722 5328 1831 5368 non
1862 5312 1965 5368 do-

381 5422 475 5465 ces
487 5408 511 5464 ί
525 5408 629 5477 Qui
651 5411 753 5473 ais,
771 5409 892 5468 Non
905 5413 1292 5483 mmchaberis,
1311 5411 1607 5469 mmeharis
1634 5410 1676 5442 ¹⁰
1688 5408 1712 5462 ?
1722 5427 1740 5460 ι
1762 5405 1967 5473 Quem-

450 5602 472 5631 ’
508 5597 671 5657 Prov.
702 5585 778 5665 x,‘
804 5602 858 5657 5.
933 5603 955 5636 ⁸
991 5601 1153 5659 Prov.
1201 5615 1374 5661 xxv".
1419 5599 1514 5658 25.

381 5684 529 5738 xm,
565 5670 655 5727 24.
772 5672 793 5703 ³
829 5671 992 5729 Prov.
1026 5689 1180 5740 xxiv,
1224 5671 1417 5729 23-25.

1616 5599 1641 5631 ⁸
1674 5598 1837 5655 Prov.
1871 5612 2040 5664 xxiii,
2073 5599 2125 5654 Ι.

1494 5675 1515 5706 ⁸
1553 5670 1715 5728 Prov.
1750 5686 1834 5740 vi,
1867 5669 1920 5726 9.
2000 5669 2043 5702 ιο
2080 5666 2239 5727 Rom.
2276 5683 2356 5735 ιι,
2389 5667 2492 5736 21,
2523 5666 2614 5722 22.

2061 4479 2372 4546 διδάσκεις;
2419 4480 2478 4533 '0
2522 4479 2716 4549 λέγων,
2740 4480 2832 4551 Μὴ
2889 4481 3217 4556 μοιχεύσῃς,
3270 4482 3582 4553 μοιχεύεις;
3626 4502 3647 4535 ι

2061 4570 2251 4643 ῶσπερ
2283 4571 2389 4645 γὰρ
2417 4573 2447 4626 ὁ
2482 4570 2682 4625 ὁδεύων
2705 4571 2801 4625 καὶ
2832 4573 3180 4627 κατευθύνων
3212 4576 3311 4647 τὴν
3344 4574 3482 4638 ὁδὸν,
3516 4573 3655 4643 φθά-

2065 4680 2145 4719 νει
2189 4665 2268 4726 είς
2303 4662 2364 4716 τὸ
2411 4662 2595 4726 τέλοςο
2636 4661 2810 4726 οὕτως
2837 4665 2865 4717 ὁ
2897 4665 3242 4719 κατευθύνων
3283 4667 3528 4738 κρίματα
3570 4665 3652 4719 δί-

2067 4773 2222 4821 καιος
2247 4754 2620 4826 γνωσθήσεται
2649 4756 2742 4809 καὶ
2772 4755 2952 4827 σοφός,
2980 4757 3297 4828 Παραϐολαὶ
3320 4758 3377 4811 δὲ
3404 4758 3653 4827 λέγονται

2067 4849 2239 4918 λόγοι,
2266 4848 2459 4922 ὥσπερ
2481 4850 2687 4913 είκόνες
2713 4849 2822 4905 τῶν
2846 4850 3172 4922 λεγομένων.
3217 4850 3306 4918 Ἐξ
3335 4849 3514 4905 αὐτῶν
3542 4851 3653 4924 γάρ

2067 4940 2156 4994 διὰ
2177 4940 2272 5013 τὴν
2288 4940 2579 5014 ὁμοιότητα
2593 4941 2652 4995 τὸ
2667 4941 2956 5013 λεγόμενον
2976 4941 3469 5014 καταλαμόἀνεται.
3497 4940 3655 4995 Οὕτω

2070 5033 2180 5107 γὰρ
2212 5036 2240 5087 ὁ
2285 5033 2488 5107 Κύριος
2537 5035 2749 5105 ἔλεγεν,
2792 5035 2869 5100 ὡς
2912 5037 2942 5088 ό
2986 5036 3214 5107 Μάρκος
3245 5034 3415 5107 φησί·
3469 5053 3488 5085 ι
3536 5034 3655 5087 Τίνι

2071 5123 2325 5196 ὁμοιώσω
2347 5125 2445 5196 τὴν
2474 5124 2748 5196 βασιλείαν
2774 5125 2866 5180 τοῦ
2897 5125 3067 5193 Θεοῦ;
3092 5127 3125 5197 ἢ
3152 5128 3209 5181 ὲν
3243 5126 3374 5196 ποίᾳ
3406 5123 3655 5196 παραδο-

2072 5218 2138 5291 λῇ
2173 5218 2577 5291 παραϐάλωμαι
2620 5221 2830 5291 αὐτήν;
2875 5240 2893 5273 ι
2941 5220 3017 5285 ὡς
3055 5219 3165 5274 τῶν
3208 5218 3350 5273 κατά
3395 5218 3655 5290 ὁμοίωσιν

2072 5310 2381 5380 λεγομένων
2412 5310 2727 5383 παραϐολῆς
2756 5310 2941 5383 οὔσης.
2973 5311 3082 5366 Καὶ
3118 5310 3229 5383 γὰρ
3256 5310 3459 5379 λέγων·
3497 5328 3517 5361 ι
3564 5309 3656 5362 ’0-

2078 5403 2205 5474 μοία
2228 5403 2376 5456 ἐστὶν
2404 5404 2438 5470 ὴ
2470 5401 2715 5472 βασιλεία
2740 5403 2835 5458 τοῦ
2867 5403 3002 5458 Θεοῦ
3024 5444 3040 5471 ,
3070 5421 3092 5457 ι
3123 5402 3349 5475 ὕστερον
3380 5399 3652 5472 ἐπέφερε·

2232 5598 2255 5630 ³
2289 5595 2452 5653 Prov.
2490 5611 2586 5667 ιιι,
2616 5597 2671 5653 9.
2769 5599 2791 5632 ⁸
2828 5598 2984 5656 Prov.
3027 5614 3178 5667 xxiv,
3214 5598 3305 5655 21.
3425 5597 3448 5629 ⁷
3484 5594 3653 5654 Prov.
