3880 6186
218 280 331 337 345

1301 270 1638 332 SYNOPSIS
1670 268 2088 330 SCRIPTURE
2131 270 2403 330 SACRE.

3386 272 3495 330 διο

224 415 245 448 ι
284 393 389 448 Διά
410 392 571 448 τοῦτο
600 394 659 448 ὲν
684 358 1019 464 παραϐολαῖς
1046 391 1230 454 αὐτοῖς
1270 389 1437 444 λαλῶ.
1473 408 1493 442 ι
1530 388 1685 443 Εἰσὶν
1717 380 1810 444 οὖν

1915 386 2210 444 admodum
2259 387 2407 443 enim
2461 384 2555 457 qui
2599 385 2704 443 iter
2743 383 2898 455 facit,
2933 385 2982 443 si
3015 396 3169 445 recta
3209 388 3496 460 gradiatur

218 483 473 539 τοιαῦται
513 485 569 537 αἱ
619 481 927 554 παραϐολαί
950 498 965 512 ⁸
1019 499 1041 533 ι
1074 480 1288 552 ’Ὠσπερ
1326 478 1503 547 ἔξοδος
1539 478 1715 549 χιόνος
1754 479 1814 533 ἐν

220 576 423 647 ἀμητῷ
470 576 802 646 κατάκαυμα
849 572 1051 642 ὠφελεῖ
1073 611 1088 637 ,
1134 567 1308 635 οὕτως
1335 569 1570 640 ἄγγελος
1624 571 1814 636 πιστὸς

219 670 353 732 τοὺς
398 666 825 731 ἀποστείλαντας
864 664 1059 719 αὐτόν·
1102 685 1124 718 ι
1171 663 1267 719 καὶ⁵
1304 664 1494 718 πάλιψ
1533 682 1553 716 ι
1601 665 1814 737 Ὥσπερ

218 762 415 832 ἄνεμοι
449 761 543 813 καὶ
566 759 703 830 νέφη
764 758 857 811 καὶ
885 756 1050 821 ὑετοὶ,
1079 755 1251 820 οὕτως
1278 756 1328 808 oi
1353 752 1693 826 καυχώμενοι
1723 756 1815 808 ἐπὶ

216 853 367 906 δόσει
394 852 582 921 ψευδεῖ
602 869 617 882 ·
652 870 672 903 ι
718 852 813 904 καὶ
840 850 910 903 τὰ
938 850 1099 921 ὅμοια
1126 848 1356 913 τούτοις.
1403 846 1618 920 Ῥήσεις
1639 847 1696 901 δὲ
1727 864 1815 900 σο-

217 944 343 1015 φῶν
379 946 488 997 εἰσι
517 943 666 1013 λόγοι
710 943 772 996 οὐ
823 941 1231 1013 σεσοφισμένοι,
1259 941 1391 995 οὐδὲ·
1411 941 1469 994 ὲν
1497 937 1575 1010 τῷ
1604 937 1816 1010 πιθανῷ

215 1032 565 1098 ἀπατῶντες,
589 1031 725 1086 ἀλλά
749 1031 1148 1103 ἠκριϐωμένοιο
1178 1031 1279 1103 οὐχ
1305 1031 1382 1095 ὡς
1411 1029 1555 1085 κατὰ
1578 1031 1816 1101 πρόστα-

217 1124 303 1190 ξιν
336 1124 395 1178 δὲ
440 1124 760 1195 λεγόμενοι,
802 1124 916 1177 ἀλλ’
955 1124 1032 1188 ὡς
1072 1124 1202 1195 παρ’
1236 1122 1416 1176 αὐτῶν
1458 1121 1814 1191 γνωσθέντες,

213 1217 319 1271 καὶ
354 1217 435 1279 ὡς
471 1216 775 1285 ἀποφάσεις
821 1215 1001 1270 αὐτῶν
1032 1214 1486 1287 προσφερόμενοι.
1517 1207 1636 1267 Οἴοί
1670 1214 1809 1266 εἰσιο

221 1326 241 1359 ι
279 1308 535 1379 Καρδίας
572 1307 1026 1379 εὐφραινομένης,
1077 1309 1371 1376 πρόσωπον
1417 1305 1634 1359 θάλλειο
1673 1304 1732 1358 ὲν
1757 1304 1816 1358 δὲ

213 1400 422 1463 λύπαις
452 1399 655 1471 οὔσης,
696 1398 1112 1471 σκυθρωπάζει·
1161 1417 1180 1450 ι
1212 1398 1306 1452 καὶ
1328 1437 1343 1462 ,
1382 1415 1402 1450 ι
1439 1396 1651 1469 Καρδία
1681 1394 1815 1468 ὀρθὴ

214 1494 379 1564 ζητεῖ
416 1493 669 1565 αἴσθησιν
691 1510 705 1524 ⁸
760 1493 933 1564 στόμα
959 1492 1016 1546 δὲ
1039 1491 1379 1547 ἀπαιδεύτων
1420 1489 1688 1560 γνώσεται
1722 1507 1818 1543 κα-

213 1586 327 1639 κά·
366 1604 387 1637 ι
420 1585 539 1648 καὶ,
579 1604 598 1637 ι
633 1586 808 1648 Μῖσος
855 1582 1059 1656 ἐγείρει
1103 1585 1314 1648 νεῖκοςο
1355 1583 1564 1646 πάντας
1594 1581 1652 1636 δὲ
1689 1581 1816 1645 τοὺς

216 1676 298 1749 μὴ
347 1675 789 1745 φιλονεικοῦντας
851 1675 1115 1729 καλύπτει
1181 1675 1331 1744 φιλία
1354 1692 1368 1706 ⁸
1406 1694 1425 1728 ι
1477 1675 1572 1729 καὶ
1595 1715 1611 1738 ,
1662 1690 1684 1725 ι
1720 1673 1816 1736 Ὃς

1920 480 2034 545 via,
2067 478 2137 535 ad
2172 478 2337 533 tinem
2368 478 2470 534 viae
2506 477 2791 550 pervenit;
2824 479 2939 545 sic,
2968 481 3064 551 qui
3091 488 3240 536 recta
3285 482 3495 550 profert

1916 570 2149 642 judicia,
2195 572 2382 643 justus
2442 576 2769 641 agnoscetur
2813 578 2868 627 et
2921 573 3157 643 sapiens.
3213 572 3495 632 Parabolas

1925 671 2109 719 autem
2156 664 2416 719 dicuntur
2456 677 2766 728 sermones,
2798 663 2957 733 quasi
3000 664 3261 736 imagines
3301 682 3494 722 eorum

1923 772 2046 827 quae
2084 757 2362 814 dicuntur.
2411 755 2489 811 Ex
2539 757 2674 828 ipsis
2711 757 2858 813 enim
2907 773 3005 829 per
3056 758 3492 825 similitudinem,

1926 850 2072 921 quod
2111 850 2335 919 dicitur,
2368 850 2705 922 intelligitur.
2735 851 2812 906 ita
2841 866 3078 922 namque
3112 850 3394 916 Dominus,
3433 859 3495 907 ut

1905 940 2002 997 'ait
2044 940 2287 1006 Marcus,
2334 941 2474 996 dixit
2515 960 2529 996 :
2567 960 2588 993 ι
2619 940 2721 996 Cui
2765 942 3081 997 assimilabo
3108 957 3336 1014 regnum
3362 940 3496 996 Dei?

1922 1043 2017 1090 aut
2049 1050 2156 1106 qua
2189 1034 2451 1105 parabola
2483 1032 2821 1089 adumbrabo
2858 1033 2991 1090 illud
3024 1033 3107 1088 “‘i
3139 1052 3159 1086 ι
3220 1031 3293 1088 Ut
3334 1032 3495 1088 nimi-

1920 1143 2046 1183 rum
2067 1113 2324 1199 parabola
2350 1126 2424 1182 sit
2454 1125 2520 1182 de
2552 1126 2717 1181 rebus
2743 1141 2840 1198 per
2865 1123 3279 1181 similitudinem
3308 1123 3495 1179 dictis.

1924 1220 2063 1277 Cum
2107 1220 2340 1276 dixisset
2369 1219 2516 1274 enim
2551 1237 2564 1273 :
2600 1236 2619 1269 ι
2664 1216 2854 1273 Simile
2889 1224 2974 1274 est
3013 1233 3241 1288 regnum
3279 1216 3372 1272 Dei
3410 1233 3426 1272 :
3465 1235 3488 1269 ι

1923 1311 2121 1369 deinde
2148 1311 2334 1366 intulit
2369 1329 2382 1366 :
2423 1328 2442 1362 ι
2480 1309 2610 1365 Ideo
2631 1309 2686 1363 in
2715 1308 2991 1380 parabolis
3012 1308 3208 1378 loquor
3238 1307 3345 1362 illis
3373 1308 3437 1360 ".
3469 1325 3488 1358 ι

1929 1401 2263 1473 Hujusmodi
2294 1401 2478 1470 itaque
2513 1407 2643 1455 sunt
2665 1398 2939 1468 parabolae
2971 1416 2984 1453 :
3025 1420 3045 1451 ι
3088 1397 3242 1453 Sicut
3268 1397 3495 1453 emissio

1922 1495 2066 1550 nivis
2111 1495 2168 1548 in
2213 1508 2396 1549 messe
2442 1492 2640 1547 allevat
2672 1498 2889 1554 aestum,
2934 1490 3016 1545 sic
3064 1489 3293 1545 nuntius
3320 1488 3496 1544 ﬁdelis

1924 1587 1993 1643 iis
2033 1586 2128 1657 qui
2179 1587 2450 1642 miserunt
2488 1584 2641 1638 illum
2672 1584 2739 1638 “.
2794 1602 2813 1635 ι
2850 1582 2912 1636 Et
2953 1597 3174 1638 rursum
3209 1600 3223 1637 :
3266 1599 3287 1634 ι
3340 1579 3496 1636 Sicut

1925 1677 2071 1734 venti
2092 1685 2147 1731 et
2173 1677 2348 1732 nubes
2370 1683 2423 1731 et
2443 1675 2659 1746 pluviae,
2692 1675 2773 1730 sic
2803 1675 2897 1746 qui
2927 1675 3233 1745 gloriantur
3263 1674 3319 1728 in
3348 1673 3496 1728 dono

214 1772 556 1841 καταφρονεί
571 1770 915 1841 πράγματος,
940 1766 1481 1839 καταφρονηθήσεται
1507 1762 1600 1819 ὑπ’
1621 1762 1811 1819 αὐτοῦ·

1919 1768 2166 1825 mendaci
2219 1767 2284 1832 “,
2343 1786 2363 1819 ι
2416 1774 2472 1822 et
2510 1766 2596 1821 his
2629 1765 2847 1821 similia.
2895 1762 3048 1818 Dicta
3077 1778 3242 1834 porro
3277 1762 3497 1832 sapien-

214 1861 246 1912 ὁ
277 1861 340 1914 δὲ
368 1860 704 1931 φοϐούμενος
732 1859 951 1930 ἐντολὴν
975 1902 989 1926 ,
1031 1854 1186 1923 οὗτος
1214 1858 1466 1927 ὑγιαίνει.
1509 1876 1528 1909 ι
1562 1855 1684 1909 Τῶν
1716 1854 1816 1926 μὲν

214 1950 329 2023 γὰρ
360 1950 538 2004 ἄλλων
580 1951 880 2022 ἀνθρώπων
910 1952 959 2003 οἱ
1000 1950 1149 2019 λόγοι
1194 1950 1338 2003 κατά
1370 1947 1617 2002 πλεῖστον
1643 1945 1817 2016 ἀμφί-

215 2041 366 2095 ϐολοι
392 2042 753 2112 τυγχάνουσιν
782 2041 964 2106 ὄντεςο
997 2044 1047 2095 οἱ
1075 2042 1131 2096 δὲ
1162 2041 1272 2094 τῶν
1297 2039 1496 2110 σοφῶν,
1528 2035 1631 2092 οἷοί
1680 2038 1818 2093 εἰσιν

217 2128 391 2198 οὗτοι,
424 2133 645 2205 ἀληθεῖς
668 2137 793 2198 εἱσι,
811 2135 906 2187 καὶ
927 2132 1264 2203 πανταχόθεν
1289 2129 1649 2204 ὴκρίϐωνται,
1675 2127 1814 2181 ὥστε

221 2223 361 2294 μηδὲ
389 2222 764 2293 ἀντιλέγεσθαι
815 2222 1033 2285 αὐτούς.
1072 2221 1185 2275 Καὶ
1212 2221 1260 2274 οἱ
1292 2220 1390 2292 μὲν
1423 2217 1573 2274 ἄλλοι
1603 2215 1818 2287 ἄνθρω-

215 2330 314 2370 not
342 2317 458 2370 ἀπὸ
478 2316 573 2370 τοῦ
599 2317 784 2381 τέλους
813 2316 912 2387 τῆς
938 2313 1187 2388 πράξεως
1215 2311 1538 2384 γνωρίζουσι
1583 2309 1644 2363 τὸ
1673 2310 1817 2380 πρᾶ-

216 2426 371 2479 γμα,
399 2405 545 2463 οἷον·
582 2409 665 2462 ὅτι
714 2409 770 2462 '0
811 2407 994 2470 ἄδικος
1032 2404 1235 2475 φαῦλόν
1272 2406 1411 2468 ἐστι,
1452 2402 1546 2456 καὶ
1577 2403 1604 2454 ὁ
1631 2398 1817 2471 μοιχὸς

216 2502 391 2557 κακόν
412 2518 427 2533 ⁸
460 2500 616 2554 τοῦτο
642 2500 700 2553 δὲ
728 2501 821 2554 καὶ
851 2499 1011 2554 παντί
1033 2517 1112 2570 τῳ
1134 2497 1292 2568 δῆλον
1318 2495 1383 2552 ἂν
1415 2492 1501 2564 εἴη
1519 2510 1531 2523 ⁸
1559 2494 1609 2546 oi
1639 2492 1696 2545 δὲ
1729 2508 1818 2545 σο-

219 2592 312 2661 φοὶ
341 2591 447 2654 τὰς
470 2589 646 2662 ἀρχὰς
671 2589 779 2643 τῶν
805 2588 1055 2662 πράξεων
1097 2585 1453 2657 προλέγουσι,
1495 2585 1587 2638 καὶ
1627 2583 1815 2654 ὥσπερ

219 2685 472 2759 σύμϐολα
496 2685 607 2739 τῶν
632 2685 732 2756 τῆς
762 2684 939 2756 ψυχῆς
969 2682 1288 2755 κινημάτων
1334 2677 1817 2752 προαπαγγέλλου-

220 2796 305 2832 σιν
328 2795 342 2808 ·
377 2777 445 2829 ἵν’
480 2777 735 2840 ἕκαστος,
775 2774 1058 2844 γινώσκων
1105 2772 1207 2837 τὰς
1248 2771 1425 2844 ἀρχὰς
1452 2771 1561 2824 τῶν
1601 2767 1812 2834 κακῶν,

217 2867 579 2939 φυλάττηται,
607 2860 698 2919 οἷά
722 2867 837 2919 ἐστι
861 2864 930 2919 τὰ
953 2863 1329 2937 προειρημένα
1365 2879 1379 2892 ⁸
1414 2880 1433 2914 ι
1469 2863 1644 2924 Μῖσος
1661 2860 1812 2929 ἐγεί-

220 2979 305 3035 ρει
331 2964 513 3023 νεῖκος
530 2976 545 2990 ⁸
574 2958 783 3022 πάντας
810 2957 869 3011 δὲ
916 2958 1043 3021 τοὺς
1074 2957 1148 3029 μὴ
1190 2953 1622 3026 φιλονεικοῦντας
1649 2952 1815 3031 καλύ-

216 3066 343 3102 πτει
387 3047 561 3118 φιλία.
602 3067 621 3100 ι
673 3047 731 3100 '0
764 3046 875 3120 γὰρ
927 3046 1137 3118 φίλερις
1184 3045 1292 3099 ἀπὸ
1329 3044 1521 3116 μίσους
1563 3043 1674 3115 ἔχει
1717 3043 1814 3116 τὴν
1840 3091 1884 3149 C

217 3142 397 3216 ἀρχὴν
421 3141 523 3213 τῆς
548 3140 805 3211 τοιαύτης
829 3140 1046 3204 κακίας,
1070 3137 1163 3193 καὶ
1183 3137 1284 3191 οὐκ
1315 3137 1380 3193 ἄν
1403 3154 1487 3201 τις
1517 3136 1659 3191 εἴποι
1687 3137 1816 3206 ἀγα-

219 3234 329 3304 πᾷν
362 3232 456 3285 τὸν
491 3229 919 3302 φιλονεικοῦντα,
955 3229 1123 3284 Πάλιν
1168 3229 1226 3283 δὲ
1270 3229 1335 3282 ὲκ
1364 3226 1461 3281 τοῦ
1494 3225 1762 3291 ἐναντίου,
1785 3227 1815 3279 ό

223 3324 300 3396 μὴ
329 3323 652 3396 φιλονεικῶν
676 3321 963 3393 γνώρισμα
986 3320 1206 3392 ἀγάπης
1234 3318 1382 3390 ἔχει’
1408 3319 1502 3373 καὶ
1522 3318 1624 3372 οὐκ
1643 3318 1708 3373 ἄν
1730 3334 1815 3382 τις

219 3421 365 3474 εἴποι
394 3420 695 3490 φιλόνεικον
720 3418 810 3472 τὸν
849 3415 1179 3486 ἀγαπῶντα,
1209 3415 1285 3478 ὡς
1323 3414 1484 3468 πάλιν
1521 3414 1582 3468 τό
1604 3431 1618 3446 ο
1658 3430 1677 3465 ι
1725 3411 1814 3467 Ἐν

217 3512 539 3585 ἐπιθυμίαις
572 3511 690 3564 ἐστὶ
719 3511 828 3574 πᾶς
854 3508 1083 3581 ἀεργὸς,
1116 3507 1212 3561 καὶ
1262 3504 1530 3577 ὀξύθυμος
1578 3503 1813 3577 πράσσει

221 3604 362 3675 μετὰ
390 3601 669 3665 ἀϐουλίας.
691 3621 710 3653 ι
751 3599 857 3654 Τοῦ
883 3598 990 3670 γὰρ
1014 3596 1215 3670 ἀεργοῦ
1241 3598 1483 3669 ὲσὴμανε
1514 3596 1613 3668 τὴν
1635 3596 1813 3669 ψυχὴν

218 3697 279 3748 ὲν
311 3695 520 3758 πάσαις
566 3683 885 3763 ἐπιθυμίαις
918 3688 1260 3761 βεϐυθίσθαι,
1294 3691 1387 3744 καὶ
1423 3689 1516 3743 τὸν
1543 3688 1812 3760 ὀξύθυμον

221 3788 359 3859 μηδὲ
393 3786 524 3857 μίαν
574 3786 769 3857 ἔχοντα
803 3783 997 3855 βουλὴν
1034 3783 1203 3855 ὀρθὴν
1242 3783 1502 3855 ἐδήλωσε.
1529 3782 1640 3835 Καὶ
1676 3780 1812 3846 ὅλως

214 3876 362 3936 οὗτοι
387 3880 458 3932 τὰ
476 3878 644 3950 ἠθικὰ
685 3877 885 3949 μᾶλλον
914 3875 1339 3945 ἀπαγγέλλουσι,
1370 3875 1470 3947 τὴν
1507 3874 1682 3949 ἀρχὴν
1709 3875 1810 3947 τῆς

218 3972 477 4044 πράξεως
499 3971 620 4027 ὃθεν
647 3971 989 4039 συνίσταται,
1017 3973 1286 4043 λέγοντες,
1332 3973 1412 4027 ὅτι
1446 3973 1545 4044 τῆς
1585 3972 1685 4041 μὲν
1717 3989 1808 4042 φι-

213 4063 491 4126 λονεικίας
536 4064 861 4133 προηγεῖται
895 4064 1078 4133 μῖσος·
1110 4063 1205 4116 τοῦ
1253 4063 1311 4117 δὲ
1361 4061 1435 4134 μὴ
1486 4061 1809 4132 φιλονεικεῖν

215 4158 548 4227 προηγεῖται
576 4154 765 4224 ἀγάπη
790 4171 804 4184 ⁸
837 4156 931 4208 καὶ
965 4155 1063 4226 τῆς
1103 4154 1202 4226 μὲν
1228 4154 1457 4226 ἀεργίας
1486 4156 1808 4227 προηγεῖται

216 4249 382 4319 ἡδονὴ
417 4247 592 4318 κακή·
626 4246 720 4300 τοῦ
757 4247 815 4301 δὲ
861 4238 1133 4319 ὀξυθύμου
1173 4251 1494 4320 προηγεῖται
1543 4246 1766 4300 ἀϐουλία
1790 4262 1805 4277 ⁸

217 4344 312 4396 καὶ
334 4339 431 4393 τοῦ
465 4339 562 4411 μὲν
590 4338 1009 4409 ἐξουθενημένου
1043 4340 1186 4411 ἀρχή
1216 4341 1331 4392 ἐστι
1360 4338 1420 4392 τὸ
1447 4341 1808 4410 καταφρονεῖν

1918 1864 2053 1918 tium
2077 1868 2225 1927 sunt,
2260 1876 2372 1915 non
2419 1858 2753 1929 sophismata
2786 1856 3102 1919 verborum,
3153 1869 3330 1924 neque
3373 1868 3493 1908 ser-

1916 1969 2110 2009 mones
2157 1951 2567 2023 probabilitatis
2605 1949 2787 2020 specie
2831 1947 3196 2017 decipientes,
3236 1945 3332 2001 sed
3379 1944 3494 2001 veri

1917 2053 1970 2102 et
2006 2045 2246 2099 accurati
2288 2062 2300 2097 :
2343 2058 2452 2097 non
2483 2041 2641 2113 quasi
2689 2039 2976 2109 cujusdam
3014 2037 3263 2108 jussione
3299 2036 3493 2101 habiti,

1918 2134 2017 2190 sed
2047 2149 2144 2204 per
2176 2148 2236 2187 se
2270 2132 2405 2196 noti,
2437 2139 2492 2185 et
2532 2129 2691 2200 quasi
2726 2129 3009 2185 sententiae
3049 2142 3239 2182 eorum
3273 2126 3493 2196 prolati.

1875 2258 1877 2261 τ
1918 2229 2120 2295 Quales
2143 2232 2273 2281 sunt
2306 2240 2319 2277 2
2354 2242 2373 2275 ι
2416 2222 2594 2278 Corde
2628 2223 2874 2285 laetante,
2922 2218 3077 2274 ﬂoret
3112 2218 3335 2273 vultus:
3368 2232 3496 2271 cum

1917 2326 2097 2374 autem
2142 2316 2198 2371 in
2239 2314 2471 2370 tristitia
2513 2319 2618 2377 est,
2649 2312 2974 2382 deprimitur
3012 2310 3078 2363 ¹⁸.
3125 2326 3144 2360 ›
3178 2307 3245 2361 Ει
3278 2326 3292 2362 :
3331 2324 3351 2357 ι
3387 2305 3497 2362 Cor

1915 2417 2127 2465 rectum
2149 2407 2344 2478 quaerit
2360 2420 2581 2461 sensum
2608 2421 2625 2472 ;
2649 2419 2711 2458 os
2737 2409 2918 2457 autem
2945 2399 3495 2468 indisciplinatorum,

1916 2509 2212 2573 cognoscet
2250 2488 2399 2554 inala
2442 2499 2508 2552 ".
2555 2515 2574 2549 ι
2609 2495 2673 2550 Et
2707 2514 2721 2550 :
2758 2514 2776 2547 ι
2817 2493 3014 2549 Odium
3044 2493 3248 2548 excitat
3272 2497 3497 2546 conten-

1916 2595 2121 2649 tionem
2159 2612 2172 2648 :
2211 2608 2403 2647 omnes
2433 2598 2611 2645 autem
2639 2604 2734 2645 eos
2756 2587 2850 2658 qui
2881 2585 3209 2642 contentiosi
3229 2599 3338 2638 non
3363 2588 3496 2639 sunt

1918 2685 2158 2756 contegit
2193 2682 2433 2737 amicitia
2458 2682 2522 2736 ".
2557 2701 2576 2733 ι
2608 2678 2672 2733 Et
2702 2698 2715 2734 :
2747 2696 2765 2730 ι
2796 2676 2900 2745 Qui
2935 2675 3210 2747 negotium
3248 2681 3496 2729 contem-

1918 2779 2021 2845 nit,
2045 2783 2424 2833 contemnetur
2455 2774 2522 2828 ab
2558 2773 2720 2843 ipso;
2754 2771 2848 2842 qui
2884 2785 3013 2825 vero
3049 2760 3366 2822 mandatum
3393 2779 3492 2823 vo-

1915 2878 2088 2936 retur,
2132 2868 2222 2923 ille
2267 2882 2435 2922 sanus
2479 2873 2565 2923 est
2599 2865 2663 2918 ¹⁸.
2696 2883 2717 2916 ι
2754 2863 3000 2917 Aliorum
3048 2876 3287 2931 namque
3316 2858 3494 2916 homi-

1915 2975 2049 3015 num
2113 2972 2440 3023 sermones,
2499 2963 2560 3010 ut
2641 2954 2935 3026 plurimum
2999 2953 3238 3023 ambigui
3302 2959 3489 3020 sunt;

1916 3050 2249 3123 sapientium
2299 3063 2453 3113 vero,
2505 3049 2697 3119 quales
2751 3053 2880 3103 sunt
2931 3046 3044 3112 isti,
3106 3046 3218 3102 veri
3266 3052 3397 3099 sunt
3437 3050 3494 3101 et

1914 3144 2066 3200 omni
2093 3160 2157 3198 ex
2189 3150 2343 3213 parte
2373 3140 2635 3205 accurati,
2666 3141 2741 3195 ita
2776 3149 2835 3194 ut
2858 3139 3081 3194 minime
3110 3139 3244 3210 ipsis
3272 3147 3494 3193 contra—

1913 3236 2147 3292 dicatur.
2179 3234 2244 3289 Et
2279 3236 2371 3288 alii
2393 3234 2613 3304 quidem
2641 3233 2893 3288 homines
2924 3248 2989 3287 ex
3025 3233 3131 3286 line
3164 3230 3346 3302 operis
3373 3245 3491 3286 rem

1912 3329 2210 3395 declarant,
2241 3328 2400 3399 quale
2429 3335 2513 3381 est
2542 3344 2553 3379 :
2581 3324 2804 3395 Iniquus
2827 3341 2913 3381 res
2935 3332 3019 3379 est
3048 3325 3212 3389 mala,
3253 3330 3306 3377 et
3357 3336 3494 3377 mte-

1913 3420 2050 3476 chus
2082 3436 2308 3491 pravum
2339 3419 2469 3490 quid
2494 3426 2600 3482 est,
2627 3418 2773 3488 quod
2803 3417 2978 3472 cuivis
3002 3415 3351 3471 manifestum
3382 3421 3488 3470 est.

1916 3510 2437 3584 Sapientesgautem
2491 3512 2711 3566 initium
2775 3526 3003 3581 cperum
3057 3507 3382 3579 praedicunt,
3438 3512 3495 3562 et

1912 3582 2073 3676 quasi
2128 3582 2375 3676 sytnbola
2442 3602 2609 3657 animi
2663 3611 2914 3658 motuum
2969 3601 3373 3671 praznuntiant;
3431 3603 3494 3652 ut
3595 3593 3598 3596 ’

1911 3698 2168 3769 quisque,
2215 3697 2413 3768 agnitis
2448 3698 2717 3750 malorum
2770 3693 3077 3764 principiis,
3127 3692 3232 3747 sibi
3278 3697 3490 3754 caveat,

1912 3792 2096 3863 qualia
2151 3799 2281 3845 sunt
2333 3789 2587 3860 superius
2657 3788 2802 3843 dicta
2849 3806 2863 3842 :
2920 3804 2939 3839 ι
3003 3785 3199 3842 Odium
3261 3783 3493 3838 suscitat

1912 3884 2351 3949 contentionem,
2390 3898 2581 3938 omnes
2622 3888 2802 3935 autem
2836 3880 2932 3950 qui
2975 3896 3085 3935 non
3126 3876 3488 3942 contendunt,

1909 3980 2152 4050 contegit
2199 3977 2439 4032 amicitia
2484 3977 2546 4029 ¹⁹.
2591 3996 2610 4028 ι
2651 3975 3040 4031 Contentiosus
3072 3954 3217 4029 enim
3253 3987 3320 4026 ex
3361 3968 3490 4025 odio
3585 4032 3599 4041 ,

1909 4073 2132 4127 malitiae
2193 4071 2356 4141 hujus
2419 4068 2752 4139 principium
2811 4067 3010 4131 habet,
3069 4079 3170 4120 nec
3219 4063 3491 4135 quispiam

1909 4163 2109 4219 dixerit
2143 4163 2549 4219 contentiosum
2595 4176 2654 4215 se
2693 4159 2938 4228 diligere.
2971 4157 3191 4220 Contra,
3231 4156 3325 4225 qui
3351 4169 3488 4209 con-

1907 4255 2180 4311 tentiosus
2234 4270 2346 4308 non
2396 4261 2501 4317 est,
2566 4250 2879 4306 dilectionis
2941 4248 3202 4304 indicium
3254 4247 3416 4302 habet
3470 4265 3485 4302 :

1909 4363 2012 4403 nec
2051 4347 2452 4401 contentiosum
2486 4343 2754 4415 quispiam
2788 4341 2989 4396 dixerit
3018 4356 3141 4396 eum
3168 4340 3261 4410 qui
3289 4338 3488 4412 diligit,

215 4434 383 4487 αὑτὸν
410 4431 507 4486 τοῦ
537 4431 704 4501 νόμου
729 4447 743 4460 ⁸
771 4430 869 4501 τῆς
906 4429 964 4484 δὲ
997 4430 1186 4499 ὑγείας
1231 4432 1556 4502 προηγεῖται
1587 4432 1616 4484 ὁ
1646 4430 1808 4500 φόϐος

1915 4446 1972 4493 ut
2002 4453 2221 4493 rursum
2254 4436 2455 4490 dicitur
2487 4454 2501 4490 :
2538 4454 2556 4486 ι
2602 4432 2659 4488 in
2696 4432 3159 4504 concupiscentiis
3190 4440 3275 4487 est
3310 4432 3491 4488 omnis

216 4525 311 4580 τοῦ
360 4524 496 4578 θεοῦ
522 4541 538 4554 ⁸
587 4523 681 4577 καὶ
717 4523 817 4594 τῆς
860 4521 957 4593 μὲν
1000 4520 1274 4585 ἀπωλείας
1316 4522 1413 4593 τῆς
1456 4521 1634 4592 ψυχῆς
1658 4524 1807 4576 ἐστιν

215 4616 363 4687 ἀρχὴ
391 4617 457 4669 τὸ
486 4613 793 4683 ἀφύλακτον
821 4610 966 4683 ἔχειν
994 4612 1055 4666 τὸ
1085 4613 1259 4683 στόμα
1282 4629 1296 4643 ⁸
1327 4611 1422 4666 τοῦ
1443 4610 1502 4666 δὲ
1526 4611 1806 4666 πτοεῖσθαι

214 4728 339 4764 τινα
358 4711 683 4782 προηγεῖται
706 4709 739 4779 ἡ
769 4707 1088 4780 προπέτεια.
1116 4705 1273 4761 Οὕτω
1299 4705 1358 4759 δὲ
1388 4704 1625 4777 ἑκάστην
1650 4705 1806 4777 ῥῆσιν

214 4803 488 4869 ἀναλύων,
518 4801 776 4873 εὑρήσεις
802 4799 1097 4872 εἰρημένην
1120 4800 1216 4854 καὶ
1248 4799 1639 4871 γεγραμμένην
1668 4798 1808 4870 ὑπὲρ

214 4894 311 4948 τοῦ
339 4896 468 4954 τοὺς
496 4891 795 4956 ἀκούοντας
835 4892 930 4945 ml.
975 4890 1343 4962 μανθάνοντας
1371 4889 1471 4953 τὰς
1495 4889 1669 4961 ἀρχὰς
1695 4889 1805 4944 τῶν

217 4985 405 5039 κακῶν
433 4987 528 5039 καὶ
546 4984 653 5037 τῶν
683 4982 923 5053 ἀγαθῶν,
953 4983 1174 5054 φεύγειν
1199 4982 1297 5054 μὲν
1317 4982 1385 5037 τά
1407 4982 1608 5052 φαῦλα,
1632 4982 1806 5057 πράτ-

216 5091 332 5128 τειν
366 5074 425 5127 δὲ
452 5074 523 5129 τὰ
556 5074 754 5143 ἀγαθά.
782 5075 1088 5146 Αἰνίγματα
1113 5074 1170 5128 δὲ
1197 5075 1294 5129 καὶ
1326 5075 1591 5129 σκοτεινοὶ
1636 5074 1803 5144 λόγοι,

218 5166 415 5229 οἰτινες
441 5164 707 5233 ἀσφαλεῖς
739 5167 836 5236 μὲν
863 5165 1213 5232 οὕτωςιείσὶν,
1246 5166 1387 5221 ὥστε
1417 5169 1573 5239 ἀνιᾷν
1596 5169 1687 5223 τὸν
1715 5170 1804 5222 ὲν-

218 5257 560 5326 τυγχὰνοντα
593 5255 674 5326 τῷ
706 5257 872 5329 μηδὲν
900 5257 1205 5329 ἐμφαίνειν,
1234 5259 1370 5331 μηδέ
1397 5278 1520 5315 τινα
1553 5261 1807 5316 ὑπόνοιαν

222 5347 482 5419 παρέχειν
505 5363 520 5377 ⁸
573 5347 933 5418 ὲρευνώμενοι
974 5347 1032 5402 δὲ
1078 5348 1228 5420 ὅμως
1266 5349 1569 5405 δεικνύουσι
1615 5351 1706 5404 τὸν
1747 5355 1805 5405 ὲν

221 5438 406 5502 αὐτοῖς
430 5435 577 5490 νοῦν.
617 5434 734 5492 Οἷοί
762 5441 897 5492 εἰσι·
934 5459 952 5492 ι
982 5440 1059 5512 Τῇ
1101 5440 1292 5515 βδέλλῃ
1323 5445 1471 5515 τρεῖς
1509 5442 1805 5517 θυγατέρες

1912 4533 2148 4596 otiosus,
2177 4539 2230 4586 et
2250 4530 2547 4584 iracundus
2568 4530 2776 4599 absque
2802 4528 3034 4583 consilio
3057 4527 3167 4599 agit
3198 4526 3262 4581 ³⁸.
3304 4546 3323 4579 ι
3352 4524 3491 4580 Nam

1910 4626 2073 4682 otiosi
2125 4625 2363 4679 animam
2430 4622 2704 4695 signiﬁcat
2758 4623 2815 4676 in
2866 4623 3122 4678 omnibus
3192 4619 3489 4691 concupis-

1911 4716 2110 4772 centiis
2168 4729 2294 4770 esse
2352 4713 2701 4782 demersam;
2747 4724 2802 4769 et
2852 4714 3214 4779 iracundum,
3277 4713 3490 4767 nullum

1910 4816 2126 4864 rectum
2169 4805 2372 4861 habere
2402 4806 2690 4861 consilium
2722 4806 2981 4862 ostendit.
3014 4805 3079 4858 ili
3112 4805 3293 4875 itaque
3330 4804 3491 4873 plane

1912 4914 2096 4955 mores
2142 4898 2444 4961 declarant,
2485 4905 2539 4953 et
2581 4896 2814 4953 actionis
2856 4895 3184 4968 principium
3227 4893 3369 4948 unde
3398 4908 3489 4946 or-

1911 4992 2126 5059 diatur,
2178 4990 2309 5046 dum
2388 4990 2563 5056 aiunt,
2653 4989 2840 5045 odium
2903 4988 3210 5059 praecedere
3262 4987 3413 5040 rixas
3467 5002 3482 5041 :

1911 5087 2232 5141 charitatem
2262 5100 2386 5141 esse
2414 5084 2742 5155 principium
2769 5089 2824 5138 et
2846 5096 3068 5136 causam
3102 5096 3209 5150 qua
3241 5079 3486 5132 vitantur

1911 5180 2295 5234 contentiones
2357 5196 2371 5232 :
2433 5177 2547 5232 otio
2597 5176 2791 5247 praeire
2846 5188 3067 5245 pravam
3127 5172 3482 5240 voluptatem,

1908 5269 2173 5325 iracundo
2203 5270 2397 5340 praeire
2421 5268 2640 5325 consilii
2672 5266 2910 5337 inopiam
2947 5284 2960 5318 :
2989 5271 3042 5318 et
3061 5277 3286 5317 causam
3318 5276 3487 5332 quare

1909 5361 2035 5433 quis
2079 5360 2433 5432 despiciatur,
2463 5376 2585 5416 esse
2609 5364 2977 5427 contemptum
3004 5355 3140 5426 legis
3175 5374 3189 5409 :
3222 5353 3368 5426 quod
3395 5369 3484 5409 sa-

1914 5452 2139 5508 nitatem
2171 5453 2439 5523 praecedat
2460 5452 2621 5507 timor
2643 5450 2736 5506 Dei
2768 5467 2780 5503 :
2813 5450 2943 5505 item
2980 5434 3126 5518 quod
3156 5446 3481 5519 principium

297 5662 340 5732 ’_'
380 5660 550 5718 Marc.
583 5678 660 5724 tv,
695 5662 783 5720 50.
865 5665 905 5695 "
945 5662 1145 5719 Matth.
1182 5681 1322 5727 xm,
1362 5665 1450 5721 1'5.
1529 5667 1573 5699 ⁸³
1615 5666 1773 5723 Prov.

1915 5685 1940 5732 ν,
1978 5668 2064 5723 15.
2146 5669 2188 5720 ’.⁸
2221 5670 2349 5727 ibid.
2421 5669 2508 5724 14.
2590 5670 2630 5702 ¹⁵
2671 5668 2832 5726 Prov.
2865 5684 2957 5732 xv,
2977 5668 3064 5726 1-5.
3144 5670 3188 5703 “
3227 5669 3360 5728 ibid.
3390 5667 3484 5727 14.

225 5729 271 5765 ιτ
304 5710 827 5801 Ρτῐ›’νῖ⁷ἶ,ἰὲι.”ἰ·
861 5710 1145 5791 initiis-1'
1182 5710 1280 5767 ’δ’
1298 5710 1450 5792 ibi-dt.
1474 5736 1561 5793 12.
1615 5710 1812 5793 ’ἀνὶίη

1923 5710 2034 5805 in,
2073 5738 2157 5794 17.
2241 5710 2271 5727 ﬂ
2362 5733 2367 5739 ’
2789 5710 2832 5726 Η
2865 5710 2898 5724 ⁸
2942 5710 2957 5738 ’
