3880 6186
449 304 552 363 347

1647 313 1706 372 S.
1741 314 2216 374 ATHANASIUS.
2256 349 2326 358 —
2363 317 2594 375 DUBIA.

3626 322 3735 382 348

447 424 774 497 perditionis
819 426 1016 483 animm
1067 427 1160 494 sit,
1210 443 1323 484 non
1381 428 1662 488 custodire
1723 447 1787 489 os
1843 449 2028 500 suum,

2141 431 2278 508 ἦσαν
2309 437 2590 508 ἀγαπήσει
2619 433 2982 506 ἀγαπώμεναι
3004 453 3020 466 ·
3051 435 3146 490 καὶ
3175 436 3233 491 αί
3258 439 3408 508 τρεῖς
3435 455 3620 504 αυται,
3641 442 3738 496 καὶ

447 519 595 590 quod
629 521 827 577 terrori
856 533 1058 592 praaeat
1091 523 1394 580 temeritas.
1431 522 1487 579 Si
1518 540 1584 581 eo
1617 525 1781 582 modo
1817 527 2032 598 singula

444 612 592 668 dicta
620 613 972 684 expenderis,
1003 615 1380 687 deprehendes
1418 632 1482 673 ea
1511 616 1634 673 ideo
1667 634 1790 675 esse
1821 621 2034 690 scripta

447 715 616 779 atque
659 708 894 778 prolata,
951 718 1014 764 ut
1064 710 1159 780 qui
1217 709 1494 764 audierint
1537 711 1809 767 malorum
1867 713 2039 767 bono.

449 815 684 870 rumque
756 800 1029 872 principia
1091 801 1307 868 edocti,
1354 817 1522 872 prava
1589 801 1830 873 fugiant,
1889 803 2033 858 bona

448 901 764 964 operentur.
814 892 1132 964 IEnigmata
1176 909 1342 965 porro
1373 903 1437 951 et
1470 897 1691 951 obscuri
1724 912 2032 960 sermones,

448 987 524 1039 ita
564 995 732 1042 caute
761 994 890 1041 sunt
921 987 1121 1057 posita,
1163 995 1224 1042 ut
1255 1003 1380 1042 eum
1422 989 1516 1059 qui
1564 988 1759 1059 legerit
1799 1003 2038 1045 mmrore

447 1077 722 1147 alliciant,
784 1080 932 1150 quod
989 1079 1128 1134 nihil
1185 1081 1369 1136 statim
1440 1081 1772 1147 exhibeant,
1825 1081 2036 1136 nullum

445 1187 668 1227 sensum
697 1174 1047 1230 subindicent
1079 1194 1093 1229 :
1124 1183 1362 1231 attamen
1385 1175 1516 1230 dum
1543 1183 1804 1231 accurate
1831 1191 2038 1246 expen-

445 1263 674 1332 duntur,
721 1282 878 1322 suam
929 1269 1255 1324 sententiam
1311 1268 1577 1324 indicant.
1622 1268 1815 1335 Qualia
1861 1277 2033 1325 sunt:

451 1372 470 1406 ι
517 1353 874 1427 δαΠςυὶευεω
921 1365 1034 1413 tres
1075 1365 1234 1413 erant
1274 1359 1396 1414 filiae
1436 1359 1730 1414 admodum
1767 1361 2034 1416 dilectae:

2139 535 2172 602 ή
2201 531 2436 605 τετάρτη
2485 532 2587 585 οὐκ
2623 530 2868 602 ἠρκέσθη
2903 533 3078 585 εἰπεῖν
3100 573 3115 599 ,
3160 531 3385 586 Ἱκανόν.
3427 532 3613 605 ᾍδης.
3643 535 3739 589 καὶ

2141 623 2292 695 ἔρως
2325 624 2584 693 γυναικὸς
2605 663 2620 687 ,
2654 623 2750 678 καὶ
2780 622 3072 694 τάρταρος,
3105 623 3199 677 καὶ
3231 627 3302 696 γῆ
3331 625 3434 679 οὐκ
3456 626 3737 697 ἐμπιπλα-

2145 714 2282 786 μένη
2311 713 2520 778 ὓδατος,
2547 714 2641 768 καὶ
2664 713 2828 786 ὕδωρ,
2855 714 2950 768 καὶ
2981 715 3113 788 πῦρ,
3138 716 3198 768 οὐ
3229 716 3302 786 μὴ
3331 716 3586 782 εῐταυσιν,
3620 719 3739 788 Ἀρ-

2141 811 2260 861 κεῑ·
2298 827 2317 858 ›
2353 808 2446 860 καὶ
2471 807 2637 860 πάλιν
2663 823 2676 836 ·
2711 826 2730 859 ι
2770 807 2910 879 Τρία
2936 807 2993 860 δέ
3028 810 3175 861 ἐστιν
3207 807 3447 862 ἀδύνατά
3479 827 3570 880 μοι
3606 810 3733 880 νοῆ-

2144 914 2253 961 σαι,
2287 899 2382 950 καὶ
2428 897 2490 950 τὸ
2531 897 2792 967 τέταρτον
2832 898 2932 951 οὐκ
2977 896 3356 966 ἐπιγινώσκω·
3403 900 3521 970 ῖχνη
3571 899 3736 952 ἀετοῦ

2147 989 2471 1060 πετομένου,
2503 989 2598 1042 καὶ
2623 989 2774 1053 ὀδοὺς
2808 988 2985 1059 ὄφεως
3025 990 3117 1043 ἐπὶ
3145 990 3372 1066 πέτρας,
3396 992 3488 1044 καὶ
3514 991 3738 1062 τρίϐους

2145 1079 2274 1150 νηὸς
2305 1077 2767 1149 ποντοπορούσης,
2808 1078 2904 1132 καὶ
2949 1077 3103 1142 ὁδοὺς
3131 1079 3323 1151 ἀνδρὸς
3353 1080 3410 1132 ὲν
3437 1079 3674 1150 νεότητι,
3710 1099 3730 1132 ι

2144 1172 2239 1226 καὶ
2267 1173 2367 1225 ὅσα
2389 1170 2616 1225 τοιαῦτά
2639 1172 2784 1224 ἐστιν
2809 1171 3109 1241 αἰνίγματα
3128 1189 3140 1201 ·
3167 1172 3332 1244 ἔτερα
3360 1173 3468 1244 γάρ
3494 1171 3738 1242 τινα-δη-

2144 1262 2246 1329 λοῖ,
2277 1262 2373 1316 καὶ
2412 1261 2610 1332 ἐτέρων
2657 1261 2865 1315 ἔννοιαν
2908 1262 3236 1333 παρίστησι·
3273 1264 3369 1316 xai
3415 1263 3601 1334 ἀσαφῆ
3635 1263 3734 1334 μὲν

2145 1356 2284 1420 ἔστι,
2307 1354 2690 1427 κεκρυμμένον
2721 1354 2778 1407 δὲ
2809 1353 2921 1424 ἔχει
2948 1355 3036 1407 τὸν
3077 1355 3196 1408 νοῦν

445 1461 497 1505 et
530 1450 615 1505 hae
668 1461 802 1517 tres,
870 1462 924 1508 et
963 1462 1156 1524 quarta
1207 1470 1318 1509 non
1359 1453 1569 1521 dicunt,
1609 1455 1759 1510 Satis
1804 1464 1911 1512 est.
1968 1454 2245 1518 lnfernus,
2297 1457 2354 1505 et
2403 1465 2560 1503 amor
2603 1448 2873 1510 mulieris,
2909 1458 2964 1504 et
3009 1458 3280 1511 tartarus,
3319 1460 3372 1503 et
3421 1458 3567 1505 terra
3613 1467 3736 1520 quae

447 1557 554 1596 non
595 1552 875 1599 saturatur
912 1561 1075 1616 aqua,
1109 1553 1161 1602 et
1211 1562 1375 1618 aqua,
1420 1557 1476 1604 et
1520 1550 1686 1622 ignis,
1717 1563 2004 1621 nunquam
2040 1547 2254 1610 dicunt,
2293 1545 2442 1600 Satis
2483 1551 2570 1598 est
2603 1543 2672 1600 “.
2715 1563 2733 1596 ι
2773 1544 2836 1598 Et
2895 1543 3091 1598 iterum
3129 1561 3141 1594 :
3186 1563 3203 1595 ‹
3242 1545 3370 1599 Tria
3433 1555 3581 1612 sunt,
3613 1561 3736 1618 qua:

448 1634 728 1690 intellectu
775 1638 911 1692 mihi
952 1647 1082 1693 sunt
1126 1639 1511 1710 impossibilia,
1546 1651 1601 1698 et
1651 1651 1908 1714 quartum
1977 1657 2087 1696 non
2149 1653 2471 1710 cognosco;
2525 1636 2757 1706 vestigia
2804 1637 3000 1707 aquihe
3043 1637 3308 1701 volantis,
3358 1646 3411 1694 et
3455 1640 3573 1696 vias
3618 1656 3736 1696 ser-

445 1727 626 1797 pentis
658 1745 824 1799 supra
857 1741 1103 1799 petram,
1136 1741 1190 1787 et
1216 1733 1334 1788 vias
1373 1735 1531 1789 navis
1566 1735 1622 1789 in
1684 1735 1824 1790 mari
1890 1734 2095 1797 euntis,
2127 1741 2182 1789 et
2223 1734 2342 1788 vias
2397 1730 2552 1800 12],
2599 1728 2700 1782 viri
2763 1730 2818 1782 in
2887 1729 3256 1784 adolescentia
3304 1731 3374 1796 ⁸³,
3423 1751 3443 1784 ι
3481 1739 3537 1785 et
3581 1748 3734 1802 quae-

396 1886 398 1889 l
448 1837 665 1892 cunque
717 1824 987 1892 ejusmodi
1047 1834 1175 1880 sunt
1229 1829 1519 1899 aenigmata
1567 1846 1580 1882 :

1639 1831 1746 1884 alia
1802 1846 2041 1900 namque
2083 1827 2580 1889 Statimindicant,
2618 1823 2780 1878 aliam
2813 1831 3007 1892 itamen
3055 1824 3384 1880 sententiam
3428 1824 3730 1881 exhibent:

447 1925 502 1972 et
521 1917 757 1974 obscura
787 1918 1006 1988 quidem
1039 1927 1188 1985 sunt,
1219 1921 1772 1980 absconditum'vero
1806 1938 2032 1980 sensum
2062 1922 2286 1977 habent.

874 2031 1030 2086 Liber
1066 2031 1193 2098 XV,
1235 2033 1603 2089 Ecclesiastes.

515 2126 605 2180 25.
646 2124 713 2178 Et
739 2125 884 2180 hunc
916 2125 1115 2180 librum
1137 2127 1360 2196 scripsit
1405 2125 1664 2181 Salomon
1705 2170 1720 2194 ,
1769 2135 1829 2182 ut
1869 2143 2036 2198 supra

455 2218 665 2273 dictum
693 2225 798 2273 est.
854 2216 1066 2273 Dicitur
1120 2225 1303 2273 autem
1362 2218 1748 2286 Ecclesiastes,
1774 2221 2036 2290 quoniam

449 2315 527 2369 ita
545 2314 695 2368 hunc
723 2315 1026 2370 nominavit
1053 2323 1246 2371 auctor
1272 2317 1409 2387 ipse,
1433 2317 1533 2386 qui
1556 2318 1778 2388 scripsit
1800 2317 1855 2372 in
1885 2320 2038 2388 prin-

446 2407 592 2478 cipio
621 2407 799 2478 ipsius
835 2407 1063 2462 dicens:
1095 2425 1113 2457 ‹
1151 2405 1332 2462 Verba
1371 2405 1722 2463 Ecclesiastze
1753 2409 1846 2463 ﬁlii
1878 2409 2039 2465 Davi-

449 2502 536 2558 dis
558 2503 704 2572 regis
732 2500 903 2558 Israel
948 2502 1005 2556 in
1048 2500 1352 2558 Jerusalem
1395 2523 1408 2558 :
1444 2502 1672 2560 Vanitas
1706 2506 2034 2573 vanitatum,

446 2596 589 2650 dixit
628 2596 1012 2652 Ecclesiastes.
1063 2615 1082 2647 ι
1120 2594 1297 2651 Variis
1337 2613 1465 2653 vero
1495 2599 1811 2654 nominibus
1869 2616 2035 2654 voca-

445 2699 538 2746 tus
566 2697 650 2745 est
679 2689 969 2745 Salomon:
1006 2689 1260 2760 Sapiens,
1289 2692 1418 2760 quia
1449 2692 1729 2763 sapientim
1759 2693 2036 2764 particeps

445 2781 586 2848 fuit;
622 2780 893 2846 Prudens,
923 2797 989 2837 eo
1022 2781 1166 2852 quod
1191 2784 1438 2838 veritatis
1489 2784 1546 2838 iu
1591 2784 1709 2853 ipso
1758 2785 1859 2839 fuit
1906 2802 2038 2856 pru-

446 2875 632 2930 dentia
658 2873 924 2941 ;,Doctus,
975 2874 1235 2944 quoniam
1281 2891 1464 2929 veram
1498 2891 1527 2929 a
1567 2875 1798 2932 Domino
1831 2876 2038 2931 doctri-

447 2982 574 3022 nam
609 2967 822 3021 habuit.
880 2966 1244 3022 Ecclesiastes
1299 2983 1430 3022 vero
1485 2976 1711 3024 vocatus
1751 2979 1858 3034 est,
1907 2969 2035 3040 quia

448 3058 514 3113 ad
542 3059 804 3130 populum
831 3059 948 3129 ipse
982 3059 1366 3123 concionatus,
1399 3067 1453 3115 et
1480 3075 1601 3130 qua:
1651 3061 1878 3132 spiritus
1907 3068 2036 3117 sunt

449 3151 672 3206 locutus
697 3159 803 3207 est.
830 3149 889 3206 ln
923 3152 1026 3206 hoc
1049 3164 1228 3209 autem
1261 3153 1402 3208 libro
1429 3153 1496 3208 de
1529 3154 1770 3208 naturali
1822 3153 2036 3209 theoria

448 3243 891 3314 philosophatur.
918 3244 1192 3310 Quoniam
1223 3246 1369 3300 enim
1407 3244 1650 3316 Egyptii
1687 3244 1755 3301 de
1787 3246 1878 3299 illa
1906 3261 2036 3302 suas

445 3336 560 3404 jam
588 3334 865 3390 habebant
903 3336 1348 3406 imaginationes,
1375 3345 1427 3391 et
1460 3335 1633 3391 Graeci
1667 3338 1820 3393 hisce
1848 3338 1915 3394 de
1947 3355 2036 3394 re-

2479 2032 2722 2085 Βιϐλίον
2765 2038 2848 2094 ιε’,
2895 2030 3396 2098 Ἑκκλησίαστής.

2209 2127 2297 2180 25.
2336 2125 2447 2178 Καὶ
2478 2125 2639 2179 τοῦτο
2674 2122 2926 2195 Σολομὼν
2959 2123 3166 2196 ἔγραψε
3201 2124 3264 2176 τὸ
3299 2123 3524 2194 βιϐλίον,
3554 2125 3731 2181 καθά-

2140 2236 2246 2290 περ
2283 2218 2628 2290 προείρηται.
2675 2217 2906 2286 Λέγεται
2949 2215 3005 2270 δὲ
3045 2216 3495 2289 Ἐκκλησιαστὴς,
3540 2219 3733 2290 ἐπειδὴ

2139 2310 2310 2373 οὕτως
2355 2309 2637 2378 ὠνόμασεν
2666 2307 2830 2370 αὐτὸς
2871 2309 2900 2359 6
2945 2306 3184 2377 γράψας.
3232 2307 3402 2361 εἱπὼν
3446 2313 3506 2362 ἐν
3543 2312 3689 2384 ἀρχῇ
3713 2328 3728 2342 ⁸

2145 2421 2164 2454 ι
2187 2404 2436 2473 Ῥήματα
2451 2399 2879 2471 Ἑκκλησιαστοῦ
2906 2399 3210 2453 υίοῦΔαεὶδ
3231 2400 3499 2470 βασιλέως
3512 2403 3732 2475 Ἰσραὴλ

2142 2497 2200 2547 ἐν
2236 2493 2622 2564 Ἰερουσαλήμ·
2671 2491 2988 2563 Ματαιότης
3048 2494 3445 2565 ματαιοτήτων,
3499 2491 3655 2549 εἶπεν
3704 2499 3733 2550 6

2154 2589 2604 2660 Ἐκκλησιαστής.
2638 2605 2657 2638 ι
2687 2586 2955 2650 Ποικίλως
2991 2586 3035 2639 δ’
3064 2587 3131 2640 ἂν
3158 2588 3359 2660 ἐκλήθη
3383 2591 3412 2642 6
3442 2589 3730 2662 Σολομών·

2141 2681 2302 2750 σοφὸς
2337 2681 2456 2751 μὲν,
2514 2681 2596 2732 ὅτι
2647 2677 2838 2748 σοφίας
2895 2679 3154 2748 μετέσχε·
3212 2680 3479 2751 φρόνιμος
3525 2681 3606 2747 δὲ,
3649 2684 3732 2736 ὅτι

2140 2773 2399 2844 φρόνησις
2442 2771 2699 2841 ἀληθείας
2741 2766 2809 2841 ἧν
2855 2773 2911 2822 ἐν
2959 2771 3140 2841 αὐτῷ·
3177 2774 3613 2845 πεπαιδευμένος
3650 2776 3730 2840 δὲ,

2137 2868 2219 2920 ὃτι
2280 2867 2377 2936 τὴν
2436 2863 2696 2936 ἀληθινὴν
2764 2863 3013 2916 παιδείαν
3076 2864 3227 2935 παρὰ
3289 2867 3498 2938 Κυρίου
3557 2861 3730 2937 εἶχεν.

2152 2957 2382 3028 Ἐκλήθη
2425 2952 2517 3011 οὖν
2554 2955 3009 3026 Ἐκκλησιαστὴς,
3051 2957 3133 3009 ὅτι
3172 2957 3334 3020 αὐτὸς
3373 2959 3734 3030 ἐξεκλησίαζε

2137 3050 2266 3112 τοὺς
2299 3049 2482 3112 λαοὺς,
2509 3047 2604 3100 καὶ
2632 3046 2813 3126 ἐλάλει
2838 3046 2906 3099 τὰ
2941 3046 3035 3100 τοῦ
3060 3048 3390 3120 πνεύματος.
3428 3051 3516 3104 Ἐν
3552 3051 3736 3124 τούτῳ

2136 3141 2196 3194 δὲ
2215 3140 2293 3212 τῷ
2329 3140 2516 3211 βιϐλίῳ
2555 3139 2811 3212 περὶτῆς
2853 3140 3091 3210 φυσικῆς
3132 3139 3367 3212 θεωρίας
3416 3143 3735 3213 φιλοσοφῶν

2140 3232 2409 3301 φαίνεται.
2451 3231 2668 3302 Ἐπειδὴ
2713 3230 2822 3301 γὰρ
2871 3230 3160 3300 Αἰγύπτιοι
3203 3233 3302 3304 μὲν
3341 3235 3733 3303 ἐφαντάζοντο,

2140 3323 2402 3396 Ἕλληνες
2447 3323 2504 3376 δὲ
2542 3323 2766 3394 ἔμελλον
2811 3325 2940 3396 περὶ
2978 3325 3182 3378 τούτων
3241 3327 3594 3397 μυθολογεῖν·
3643 3329 3739 3386 διὰ

450 3399 557 3480 bus
582 3423 879 3478 fabulaturi
910 3399 1069 3480 erant
1096 3443 1108 3478 :
1140 3426 1210 3480 ob
1234 3399 1354 3481 eam
1388 3426 1506 3497 ipse
1541 3443 1763 3482 causam
1795 3428 2034 3497 impulsu

2141 3413 2296 3466 τοῦτο
2334 3408 2510 3476 οὗτος,
2552 3411 2830 3483 Πνεύματι
2867 3413 3007 3484 ἁγίῳ
3039 3413 3376 3485 κινούμενος,
3415 3417 3581 3471 παύει
3628 3421 3735 3489 μὲν

451 3518 690 3588 Spiritus
724 3520 901 3573 sancti
930 3535 1047 3587 eos,
1065 3521 1158 3590 qui
1181 3521 1248 3576 de
1280 3521 1402 3575 istis
1442 3521 1721 3590 inquirere
1752 3523 2033 3577 conaban-

450 3620 560 3673 tur,
589 3611 912 3680 compescit,
951 3610 1182 3667 dicens:
1224 3632 1243 3664 ‹
1285 3613 1407 3668 Non
1456 3613 1657 3684 poterit
1691 3613 1854 3668 homo
1887 3614 2038 3669 inve-

455 3700 574 3753 nire
595 3714 754 3769 opus,
775 3699 920 3770 quod
948 3701 1053 3755 sub
1084 3702 1198 3756 sole
1220 3700 1424 3756 factum
1444 3711 1531 3757 est
1562 3723 1574 3756 :
1612 3703 1864 3772 quamvis
1888 3719 2036 3772 quaa-

450 3791 624 3846 rendo
666 3789 946 3861 fatigetur,
996 3807 1106 3846 non
1153 3793 1394 3849 inveniet
1423 3794 1488 3849 ¹³.
1527 3813 1546 3846 ι
1591 3793 1824 3848 Damnat
1867 3795 2035 3849 etiam

450 3882 840 3955 Egyptiorum
903 3884 1223 3956 religionem
1292 3885 1442 3941 circa
1510 3886 1903 3942 divinationem
1969 3903 2036 3942 ex

449 3974 689 4030 hominis
721 3975 1029 4042 nativitate,
1063 3975 1255 4034 dicens
1287 3995 1300 4030 :
1333 3997 1352 4030 ι
1391 3979 1493 4045 Qui
1526 3979 1775 4035 observat
1811 3990 2036 4036 ventum

453 4083 565 4123 non
601 4075 768 4133 seret,
821 4077 874 4124 et
906 4069 999 4139 qui
1042 4070 1240 4140 aspicit
1271 4071 1338 4125 ad
1383 4072 1557 4126 nubes
1607 4087 1720 4126 non
1759 4079 1946 4135 metet,
1979 4072 2036 4126 in

452 4157 656 4228 quibus
688 4157 913 4229 agnosci
959 4173 1069 4212 non
1127 4166 1326 4229 potest,
1379 4177 1500 4231 quae
1534 4161 1606 4215 sit
1643 4162 1731 4215 via
1782 4162 2032 4232 spiritus.

453 4248 608 4305 Sicut
640 4266 766 4306 ossa
799 4252 854 4306 in
883 4259 1074 4307 ventre
1096 4259 1313 4306 uterum
1348 4255 1638 4324 gestantis,
1667 4255 1741 4308 ita
1772 4270 1883 4309 non
1934 4271 2033 4309 co-

451 4349 676 4411 gnoscct
697 4358 863 4413 opera
907 4342 1023 4408 Dei,
1060 4360 1403 4415 quaecunque
1437 4344 1599 4401 faciet
1629 4348 1882 4402 universa
1906 4347 1975 4400 “.
2010 4367 2028 4400 ι

449 4431 653 4490 Deinde
683 4443 736 4490 et
772 4436 838 4491 de
869 4437 1206 4508 singulorum
1235 4438 1448 4493 theoria
1499 4447 1764 4505 tractans,
1799 4439 2024 4504 fatetur,

450 4525 596 4595 quod
635 4525 702 4580 de
731 4526 932 4582 talibus
965 4543 1105 4583 vane
1132 4538 1430 4598 quaeratur,
1458 4537 1512 4584 et
1564 4529 1712 4600 quod
1760 4529 2033 4598 ejusmodi

451 4616 589 4672 nihil
640 4619 860 4688 pariant
887 4620 1057 4685 aliud,
1082 4638 1246 4691 quam
1299 4622 1566 4677 laborem.
1602 4621 1739 4683 Non,
1769 4621 1915 4676 enim
1966 4638 2034 4676 ex

451 4710 670 4764 illorum
702 4712 1036 4782 cognitione,
1075 4713 1170 4768 sed
1200 4729 1266 4768 ex
1312 4715 1428 4769 vita
1472 4723 1526 4769 et
1573 4714 1788 4768 actibus
1813 4712 2033 4782 sapiens

451 4802 709 4876 ctjustus
742 4804 923 4877 quivis
954 4805 1367 4875 comprobatur.
1396 4806 1538 4860 Dicit
1567 4822 1803 4876 namque
1835 4823 1850 4858 :
1889 4826 1907 4858 ι
1933 4806 2031 4860 Et-

452 4894 597 4949 enim
626 4909 965 4964 qumcunque
999 4897 1144 4951 scire
1197 4913 1256 4954 se
1304 4899 1503 4953 dixerit
1543 4902 1784 4970 sapiens,
1808 4916 1872 4956 ea
1919 4916 2031 4954 non

452 4987 655 5058 poterit
680 4988 948 5043 invenire.
986 4988 1256 5055 Quoniam
1287 4997 1461 5045 totum
1500 4991 1603 5047 hoc
1647 4995 1845 5049 tradidi
1878 4994 2034 5049 cordi

453 5091 596 5144 meo,
629 5084 684 5132 et
713 5085 885 5131 totum
910 5078 1016 5132 hoc
1039 5078 1175 5133 vidit
1205 5079 1387 5133 anima
1443 5094 1587 5146 mea,
1623 5083 1766 5150 quod
1797 5081 1933 5151 justi
1979 5089 2034 5135 et

454 5170 750 5239 sapientes,
776 5177 831 5225 et
857 5186 1021 5240 opera
1049 5187 1242 5228 eorum
1296 5179 1426 5228 sunt
1473 5172 1529 5226 in
1577 5188 1743 5228 manu
1792 5173 1888 5229 Dei
1908 5175 1983 5228 ’⁵.
2007 5193 2024 5224 ι

2136 3508 2262 3570 τοὺς
2315 3505 2732 3577 ἐπιχειροῦντας
2781 3505 2913 3577 περὶ
2953 3505 3160 3560 τούτων
3212 3508 3414 3578 ζητεῖν,
3464 3511 3733 3580 φάσκων·

2143 3617 2162 3650 ι
2193 3598 2270 3651 Ού
2314 3598 2602 3670 δυνήσεται
2646 3597 2932 3670 ἄνθρωπος
2979 3597 3074 3652 τοῦ
3122 3599 3302 3670 εὑρεῖν
3339 3601 3398 3653 τὸ
3432 3603 3642 3674 ποίημα
3672 3606 3738 3657 τὸ

2138 3691 2504 3763 πεποιημένον
2535 3691 2640 3744 ὑπὸ
2679 3690 2770 3744 τὸν
2804 3691 2955 3761 ἥλιον
2977 3707 2990 3720 °
3019 3693 3120 3744 ὅσα
3145 3691 3210 3744 ἂν
3243 3692 3488 3764 μοχθήσῃ
3512 3695 3737 3766 ἄνθρω-

2138 3803 2239 3850 πος
2278 3784 2372 3838 τοῦ
2409 3785 2664 3858 ζητῆσαι,
2703 3785 2796 3838 καὶ
2837 3786 2937 3856 οὐχ
2981 3786 3242 3857 εὑρήσει·
3283 3805 3301 3837 ›
3344 3785 3626 3840 διαϐάλλει
3678 3790 3736 3843 δὲ

2137 3879 2233 3932 καὶ
2265 3877 2365 3950 τὴν
2405 3878 2717 3946 Αἰγυπτίων
2761 3879 2890 3948 περὶ
2926 3877 3366 3948 γενεθλιαλογίας
3402 3881 3607 3951 νόησιν,
3635 3881 3730 3935 λέ-

2136 3989 2278 4042 γων·
2322 3993 2341 4024 ι
2378 3973 2576 4045 Τηρῶν
2609 3972 2810 4044 ἄνεμον
2840 3973 2900 4025 οὐ
2926 3974 3135 4043 σπερεῖ,
3164 3973 3258 4024 καὶ
3291 3971 3502 4042 βλέπων
3529 3973 3586 4026 ἐν
3608 3977 3738 4038 ταῖς

2137 4066 2390 4135 νεφέλαις
2421 4067 2480 4118 ού
2521 4064 2744 4136 θερίσει,
2779 4066 2834 4117 ἐν
2872 4059 2953 4128 οἷς
2982 4065 3081 4117 οὐκ
3121 4063 3233 4116 ἔστι
3267 4063 3574 4131 γινώσκων,
3609 4066 3664 4118 τί
3697 4068 3735 4138 ἡ

2135 4156 2252 4220 ὁδὸς
2269 4157 2363 4209 τοῦ
2393 4156 2720 4226 πνεύματος.
2738 4156 2826 4218 Ὠς
2855 4156 2988 4208 ὀστᾶ
3013 4159 3070 4208 ἐν
3099 4157 3297 4227 γαστρὶ
3326 4157 3734 4229 κυοφορούσης,

2136 4247 2310 4312 οὕτως
2346 4250 2408 4302 οὐ
2439 4247 2623 4321 γνώσῃ
2657 4247 2728 4300 τὰ
2756 4249 3037 4318 ποιήματα
3061 4247 3153 4300 τού
3180 4247 3338 4314 Θεοῦ,
3376 4249 3475 4302 ὅσα
3509 4251 3736 4321 ποιήσει

2136 4343 2204 4396 τὰ
2233 4342 2545 4413 σύμπαντα.
2580 4362 2598 4395 ι
2643 4339 2778 4395 Εἶτα
2815 4341 2908 4395 καὶ
2949 4341 3075 4413 περὶ
3096 4340 3192 4412 τὴν
3223 4340 3459 4412 θεωρίαν
3489 4343 3734 4398 ἑκάστου

2136 4436 2456 4506 γιγνόμενος
2481 4434 2756 4498 συνεῖδεν,
2793 4435 2874 4487 ὅτι
2926 4434 3100 4504 μάτην
3139 4432 3256 4485 ἐστὶ
3303 4433 3431 4504 περὶ⁸
3468 4433 3739 4487 τοιούτων

2137 4525 2342 4597 ζητεῖν,
2379 4527 2474 4580 καὶ
2505 4526 2664 4595 μόνον
2701 4524 2769 4578 τά
2805 4524 3031 4578 τοιαῦτα
3067 4523 3266 4595 μόχθον
3295 4526 3478 4596 γεννᾷ.
3513 4526 3588 4580 Ού
3617 4526 3739 4599 γὰρ

2135 4618 2243 4671 ἀπὸ
2269 4618 2360 4671 τοῦ
2390 4616 2680 4686 γινώσκειν
2708 4615 2778 4669 τὰ
2798 4616 3044 4681 τοιαῦτα,
3085 4617 3200 4671 ἀλλ’
3231 4617 3339 4671 ἀπὸ
3365 4616 3459 4670 τοῦ
3493 4635 3740 4690 πρακτι-

2137 4708 2232 4760 κοῦ
2270 4708 2385 4778 βίου
2419 4708 2447 4758 ὁ
2477 4707 2638 4776 σοφὸς
2664 4707 2758 4759 καὶ
2781 4705 2990 4769 δίκαιος
3021 4705 3358 4758 συνίσταται.
3392 4705 3559 4774 Λέγει
3581 4706 3696 4778 γάρ
3718 4724 3736 4740 ·

2141 4819 2160 4852 ι
2195 4799 2303 4852 Καί
2330 4816 2393 4868 γε
2419 4799 2516 4852 ὅσα
2546 4798 2638 4851 ἐὰν
2673 4797 2804 4870 εἴπῃ
2839 4797 3001 4867 σοφὸς
3033 4797 3125 4850 τοῦ
3156 4797 3381 4866 γνῶναι,
3414 4798 3474 4850 ού
3501 4797 3738 4868 δυνήσε-

2135 4911 2224 4947 ται
2257 4893 2352 4946 τοῦ
2395 4893 2594 4965 εὑρεῖν.
2630 4893 2751 4944 ’Ότι
2798 4889 3020 4961 σύμπαν
3056 4890 3217 4944 τοῦτο
3257 4890 3432 4944 ἔδωκα
3467 4893 3546 4956 εἰς
3585 4910 3735 4964 καί.-

2135 4986 2253 5040 δίαν
2295 5003 2418 5057 μου,
2463 4986 2558 5038 καὶ
2598 4984 2745 5056 ψυχή
2795 5001 2899 5056 μου
2946 4984 3167 5055 σύμπαν
3203 4979 3310 5037 εἶδε
3351 4983 3529 5047 τοῦτο,
3563 4985 3642 5049 ὡς
3677 4988 3736 5040 οἱ

2135 5080 2333 5133 δίκαιοι
2360 5080 2456 5133 καὶ
2486 5080 2535 5132 οἱ
2572 5079 2726 5147 σοφοὶ
2762 5079 2856 5132 καὶ
2889 5080 2945 5132 αἱ
2978 5078 3230 5151 ἐργασίαι
3267 5075 3447 5130 αὐτῶν
3480 5079 3540 5130 ἐν
3581 5079 3736 5148 χειρὶ

2137 5172 2295 5228 Θεοῦ.
2334 5193 2351 5225 ι
2399 5173 2640 5237 Εἰκότως
2677 5174 2856 5228 τοίνυν
2899 5173 3028 5245 περὶ
3064 5171 3174 5226 τῶν
3197 5171 3455 5226 τοιούτων
3493 5172 3736 5243 ζήτησιν

451 5257 622 5318 Recte
646 5263 813 5334 igitur
847 5264 1035 5319 talium
1094 5280 1278 5320 rerum
1332 5265 1745 5335 inquisitionem
1799 5273 2029 5335 praeter-

2141 5267 2342 5331 Βιαϐὰς,
2384 5268 2629 5339 καὶπερὶ
2663 5268 2762 5339 τὴν
2804 5265 3156 5337 ἀνθρωπίνην
3195 5264 3471 5319 πολιτείαν
3503 5283 3738 5335 καταγι-

451 5370 696 5425 gressus,
725 5363 778 5412 et
809 5357 864 5411 in
894 5359 1316 5428 contemplanda
1341 5360 1654 5414 mortalium
1684 5360 1872 5430 politia
1904 5375 2029 5414 con-

2141 5360 2412 5431 γνόμενος,
2441 5359 2582 5431 ὁρῶν
2609 5377 2669 5412 τε
2700 5358 2868 5412 πολλὰ
2895 5358 2989 5412 καὶ
3014 5356 3234 5412 ποικίλα
3262 5357 3330 5411 τά
3363 5356 3470 5410 τῶν
3510 5357 3736 5430 ἀνθρώ-

452 5445 704 5512 stitutus,
741 5463 866 5502 cum
905 5451 1107 5506 multos
1153 5459 1208 5507 et
1262 5454 1442 5509 varios
1479 5453 1688 5510 videret
1741 5453 2026 5508 hominum

2141 5471 2253 5506 πων
2284 5451 2687 5524 συμπτώματα,
2724 5452 3055 5524 συνίστησιν,
3083 5452 3164 5504 ὅτι
3192 5452 3419 5524 προνοίᾳ
3444 5450 3511 5504 τὰ
3543 5453 3733 5506 πάντα

451 5554 639 5606 casus,
669 5543 970 5608 concludit,
1005 5544 1148 5614 quod
1196 5545 1537 5616 providentia
1576 5548 2034 5603 administrentur

2141 5545 2438 5609 διοικεῖται,
2472 5544 2678 5612 λέγων·
2706 5563 2723 5594 ι
2751 5544 2825 5596 Οὐ
2857 5547 2968 5607 τοῖς
3001 5541 3224 5612 κούφοις
3245 5543 3508 5614 ὁδρόμος,
3536 5545 3634 5596 καὶ
3661 5544 3732 5599 οὐ

451 5632 658 5700 omnia,
705 5633 942 5690 dicens:
983 5656 1002 5687 ι
1037 5636 1246 5696 Cursus
1296 5656 1406 5694 non
1453 5647 1538 5696 est
1590 5641 1884 5710 velocium,
1931 5653 2034 5694 nec

2141 5639 2246 5700 τοῖς
2264 5641 2501 5701 συνετοῖς
2519 5634 2808 5709 [δυνατοῖς]
2840 5638 2867 5688 ὁ
2885 5635 3140 5706 πόλεμος,
3166 5633 3260 5687 καί
3281 5650 3345 5702 γε
3374 5632 3435 5686 ού
3464 5632 3544 5703 τῷ
3573 5635 3734 5707 σοφῷ

455 5748 566 5874 Π¹¹
607 5746 767 5807 Prov.
807 5754 1089 5820 xxx,15,
1128 5755 1214 5810 l6.
1312 5759 1356 5788 "
1398 5756 1528 5812 ibid.
1571 5755 1792 5824 18,19.
1885 5758 1953 5839 _’3
1992 5756 2033 5810 E

2141 5774 2169 5813 ξ.
2203 5770 2338 5820 vm,
2377 5753 2460 5807 IT.
2567 5753 2612 5785 ’⁵
2647 5751 2823 5808 Eccle.
2881 5765 2972 5818 χι,
3009 5749 3078 5814 4,
3113 5749 3166 5805 5.

1907 5758 1953 5790 ’³
1992 5756 2169 5814 Eccle.
2203 5770 2338 5820 vm,
2377 5753 2460 5807 IT.
2567 5753 2612 5785 ’⁵
2647 5751 2823 5808 Eccle.
2881 5765 2972 5818 χι,
3009 5749 3078 5814 4,
3113 5749 3166 5805 5.
3277 5748 3321 5780 "
3361 5745 3540 5803 Eccle.
3581 5763 3684 5803 νιιι
3711 5789 3739 5816 μ
