3880 6186
233 298 358 354 319

1325 297 1669 354 erOPSIs
1706 297 2131 357 SCRIPTUM!!!
2158 290 2448 358 ’SACRE.

3424 300 3529 359 350

234 415 270 467 6
297 411 493 484 ἄρτος,
523 408 619 464 καί
637 426 704 479 γε
720 410 781 463 οὐ
800 410 914 472 τοῖς
937 412 1178 474 συνετοϊς
1216 411 1253 463 ὅ
1276 411 1528 479 πλοῦτος,
1565 414 1661 468 καί
1689 431 1755 484 γε
1787 417 1850 470 οὐ

1957 417 2155 473 bellum
2177 416 2557 488 prudentium,
2584 430 2687 473 nec
2739 415 3008 489 sapientis
3054 417 3234 489 panis,
3262 432 3367 473 nec
3399 434 3532 489 pru-

234 509 369 569 τοίς
401 501 769 573 γινώσκουσιν
806 503 839 569 ἡ
882 501 1044 574 χάρις
1063 519 1079 534 ·
1114 503 1195 557 ὅτι
1227 505 1419 576 καιρὸς
1438 506 1533 559 καὶ
1552 506 1854 579 ἀπάντημα

241 597 653 668 συναντήσεται
684 597 799 658 τοῖς
837 596 1003 647 πᾶσιν
1031 595 1236 659 αὐτοῖς.
1279 596 1369 649 Ἑν
1397 596 1562 650 παντὶ
1588 596 1699 671 γάρ
1735 599 1853 651 ἐστι

242 690 513 763 βασιλεὺς
534 687 629 742 τοῦ
667 686 839 758 ἀγροῦ
866 686 1249 759 εἰργασμένου.
1284 688 1393 741 Καὶ
1428 686 1537 759 γὰρ
1568 688 1743 752 οὐδεὶς
1762 687 1855 742 κύ-

244 781 374 855 ριός
408 796 578 851 φησιν
607 781 666 831 ἐν
712 777 923 842 τούτοις
963 779 1067 849 τῆς
1107 778 1302 832 ἑαυτοῦ
1350 778 1566 850 βουλῆς.
1601 781 1729 834 Ὀτι
1767 779 1854 844 τίς

240 871 569 945 ἄνθρωπος,
602 869 661 934 ὃς
689 869 1042 925 ἐπελεύσεται
1068 871 1246 925 ὀπίσω
1283 871 1386 941 τῆς
1420 871 1620 943 βουλῆς
1656 871 1727 926 τὰ
1754 873 1855 927 ὅσα

244 965 517 1036 ἐποίησεν
556 964 759 1037 αὐτήν;
803 964 901 1018 καὶ
944 964 1028 1017 an.
1072 964 1227 1018 οὐδὲν
1260 964 1424 1018 πλέον
1473 964 1759 1038 ἅνθρωπος
1794 966 1854 1019 ἐν

246 1056 333 1128 τῷ
382 1057 486 1128 βίῳ
531 1055 708 1127 τούτῳ
757 1055 1217 1128 ἐξουσιάσαιτο,ῆ
1267 1054 1360 1111 τοῦ
1411 1059 1583 1111 ποιεῖν
1618 1057 1855 1130 πονηρὸν

246 1148 349 1202 καὶ
383 1147 613 1217 ἀγαθὸν,
644 1147 741 1199 καὶ
774 1146 1085 1217 ἑτοιμάζειν
1136 1150 1217 1212 εἰς
1248 1148 1359 1219 τὴν
1397 1147 1576 1214 ἔξοδον
1617 1148 1685 1203 τὰ
1717 1149 1857 1221 ἔργα

244 1240 447 1295 αὐτοῦ.
473 1239 588 1294 Καὶ
618 1239 728 1309 γὰρ
753 1239 848 1292 καὶ
869 1238 897 1290 ὃ
926 1237 1163 1308 φάγεται
1186 1239 1282 1292 καὶ
1305 1239 1509 1306 πίεται,
1538 1238 1696 1295 τοῦτο
1715 1241 1856 1312 δόμα

245 1331 393 1387 Θεοῦ
430 1333 604 1387 ἐστιν.
637 1330 801 1385 Ὅθεν
838 1330 947 1384 εἴτε
982 1329 1209 1403 ζήτησίς
1241 1332 1361 1385 ἐστι
1410 1332 1539 1403 περὶ
1576 1331 1697 1409 τοῦ,
1736 1332 1858 1397 πῶς

248 1424 454 1493 γέγονε
498 1422 572 1476 τὰ
607 1422 930 1494 φαινόμενα,
976 1423 1087 1477 εἴτε
1131 1423 1325 1494 κτῆσίς
1372 1424 1491 1477 ἐστι
1535 1423 1853 1496 χρημάτων,

250 1516 370 1569 εἴτε
397 1515 583 1586 τρυφὴ
614 1514 958 1586 περιουσίας,
997 1513 1176 1569 πάντα
1204 1513 1379 1569 ταῦτα
1415 1516 1714 1587 ματαιότης
1748 1534 1855 1587 μα-

249 1607 564 1676 ταιοτήτων
595 1607 735 1672 ἐστὶ,
766 1607 862 1661 καὶ
890 1606 1053 1660 πλέον
1090 1607 1244 1662 οὐδὲν
1269 1607 1303 1680 ἢ
1334 1607 1624 1679 περισσεία
1662 1607 1859 1680 βουλῆς

249 1696 355 1750 καὶ
405 1695 787 1769 προαιρέσεως
832 1698 1183 1769 ἐπιχήρησις.
1234 1716 1255 1751 ι
1311 1699 1400 1752 Ἐν
1451 1698 1508 1753 δὲ
1553 1697 1632 1770 τῷ
1676 1699 1858 1768 λέγειν

247 1785 435 1841 ταῦτα
471 1788 832 1861 ματαιότητα,
863 1789 1117 1860 ἐμφαίνει
1146 1790 1256 1844 τῶν
1289 1790 1594 1864 μελλόντων
1625 1791 1687 1845 τὸ
1726 1791 1858 1845 αἰώ-

251 1896 395 1934 νιον.
432 1881 527 1933 Διὸ
556 1881 653 1934 καὶ
681 1882 861 1935 πάντα
892 1881 1160 1953 ύπερὸἀς,
1197 1886 1457 1954 παραινεῖ
1483 1883 1593 1937 τῶν
1622 1884 1857 1938 αἰωνίων

256 1973 631 2046 μνημονεύειν
651 2015 667 2039 ,
700 1976 792 2028 καὶ
832 1975 1029 2030 εἰδέναι
1075 1976 1232 2041 τέλος
1265 1975 1484 2031 ἔσεσθαι
1514 1974 1608 2030 τοῦ
1650 1977 1856 2047 κόσμου

249 2067 475 2130 τούτου,
510 2067 569 2119 ἐν
598 2065 681 2137 τῷ
723 2067 939 2136 λέγειν,
1000 2070 1194 2141 ἀργεῖν
1235 2068 1334 2131 τὰς
1377 2067 1707 2139 ἀληθεύσας,
1741 2088 1761 2121 ι
1798 2071 1858 2122 ἐν

249 2151 525 2231 ἡμέρᾳῇ
576 2156 643 2211 ἂν
696 2158 1000 2212 σαλευθῶσι
1077 2158 1320 2229 φύλακες
1364 2160 1464 2231 τῆς
1514 2159 1712 2225 οἰκίας,
1762 2159 1857 2212 καὶ

248 2248 670 2320 δωπραφῶσιν
702 2249 893 2321 ἄνδρες
924 2250 1026 2321 τῆς
1054 2251 1357 2322 δυνάμεως,
1392 2252 1486 2304 καὶ
1512 2251 1764 2323 ἦργησαν
1799 2252 1856 2304 αἰ

253 2342 585 2413 ἀλήθουσαι.
624 2361 644 2393 ι
682 2342 793 2396 Καὶ
835 2342 905 2395 τά
952 2342 1089 2414 μετά
1136 2343 1199 2396 τὺ
1246 2343 1399 2406 τέλος
1443 2343 1500 2396 δὲ
1543 2342 1852 2415 ἐξηγεῖται·

260 2454 282 2486 ε
329 2435 456 2488 Ὅτι
500 2433 728 2505 σύμπαν
768 2434 829 2488 τὸ
870 2435 1081 2507 ποίημα
1114 2437 1142 2488 ό
1171 2434 1303 2500 Θεὸς
1335 2434 1454 2501 ἄξει
1496 2417 1553 2490 ἐν
1586 2435 1765 2506 κρίσει
1798 2438 1857 2490 ἐν

255 2527 429 2580 παντὶ
470 2526 1018 2600 παρεωραμένῳ,ἐὰν
1039 2526 1262 2595 ἀγαθὸν,
1296 2528 1389 2580 καὶ
1418 2526 1514 2580 ἐάν
1542 2528 1797 2599 πονηρόν.
1831 2548 1852 2581 ι

270 2620 372 2673 Ἐκ
396 2619 463 2691 δὴ
488 2619 696 2673 τούτων
729 2619 1022 2683 δείκνυσιν,
1052 2620 1135 2672 ὅτι
1164 2620 1308 2691 άπερ
1346 2619 1519 2688 ἔλεγε,
1555 2639 1574 2672 ‹
1609 2620 1854 2675 Ματαιό-

254 2730 361 2782 της
398 2713 800 2782 ματαιοτήτων,
841 2730 860 2763 ι
906 2711 967 2764 οὐ
1014 2710 1112 2781 τὴν
1159 2712 1338 2765 κτίσιν
1386 2710 1685 2766 διαϐάλλων
1729 2710 1853 2782 ἔφη,

257 2803 381 2857 ἀλλ’
408 2803 518 2867 ὅτι,
545 2802 616 2856 τὰ
645 2801 840 2856 αἰώνια
868 2801 1108 2873 θεωρῶν,
1145 2802 1301 2872 ἔλεγε
1332 2802 1431 2875 τὴν
1456 2802 1566 2856 τῶν
1596 2802 1860 2875 προσκαί-

259 2913 376 2970 ρων
410 2894 708 2967 ἐπιθυμίαν
745 2888 887 2949 εῖναι
916 2895 1272 2966 ματαιότητα.
1304 2896 1415 2948 Καὶ
1448 2895 1629 2967 κρίσιν
1660 2895 1717 2949 δὲ
1745 2895 1859 2948 δια-

256 2986 557 3049 διδάσκων,
591 2985 851 3058 σημαίνει
870 2984 968 3056 τὴν
1008 2986 1304 3040 ἀνάστασιν
1336 2986 1446 3041 τῶν
1495 2985 1726 3058 νεκρῶν,
1763 2987 1859 3039 καὶ

256 3078 373 3132 τῶν
409 3077 665 3149 πράξεων
692 3078 1069 3132 ἀνταπόδοσιν.
1108 3078 1338 3131 Ἔπειτα
1358 3077 1554 3147 λέγων,
1591 3098 1610 3131 ι
1641 3080 1860 3151 Ἤργη-

1953 506 2200 561 dentium
2269 506 2572 577 opulentia,
2628 521 2732 562 nec
2802 508 3255 579 cognoscentium
3301 510 3528 581 gratia:

1952 600 2213 670 quoniam
2243 607 2462 670 tempus
2479 606 2534 655 et
2561 601 2783 656 occasio
2811 601 2976 656 simul
3003 602 3259 659 omnibus
3290 603 3412 659 istis
3443 618 3533 658 οε-

1954 697 2177 745 current
2197 689 2263 744 “.
2304 690 2363 744 In
2390 691 2646 746 omnibus
2694 691 2841 747 enim
2887 700 2996 757 est,
3041 708 3139 748 rex
3191 694 3307 764 agri
3373 693 3527 749 culti.

1953 778 2140 851 Neque
2170 782 2315 836 enim
2344 781 2638 851 quisquam
2669 782 2726 836 in
2761 782 2885 838 istis
2921 784 3139 838 consilii
3163 785 3248 840 sui
3276 785 3531 842 dominus

1952 880 2057 929 est.
2092 872 2229 939 Quis
2257 880 2341 929 est
2368 874 2514 928 enim
2539 873 2722 940 homo,
2755 874 2850 944 qui
2900 876 3076 946 possit
3098 876 3178 931 ire
3207 886 3359 932 retro
3390 892 3519 933 con-

1955 963 2163 1029 silium,
2187 979 2532 1034 quaecunque
2567 963 2815 1020 iecerunt
2846 966 3072 1038 ipsum?
3097 966 3163 1021 Et
3223 968 3368 1039 quod
3397 970 3535 1025 nihil

1954 1056 2245 1127 potestatis
2287 1058 2527 1127 amplius
2555 1057 2612 1112 in
2636 1057 2741 1113 hac
2770 1057 2884 1111 vita
2913 1057 3112 1113 habeat
3148 1058 3334 1124 homo,
3366 1077 3534 1132 quam

1955 1148 2198 1205 faciendi
2225 1150 2431 1205 bonum
2461 1155 2516 1205 et
2537 1150 2764 1214 malum,
2799 1155 2855 1204 et
2873 1149 3217 1220 praeparandi
3245 1164 3413 1221 opera
3436 1166 3537 1208 sua

1956 1241 2025 1296 ad
2053 1241 2284 1309 exitum.
2315 1239 2453 1295 Nam
2486 1248 2541 1296 et
2563 1239 2710 1311 quod
2748 1238 2866 1295 edit
2895 1249 2948 1296 et
2990 1239 3150 1305 bibit,
3183 1241 3287 1296 hoc
3329 1241 3538 1299 donum

1954 1331 2053 1389 Dei
2085 1339 2193 1390 est.
2234 1329 2393 1388 Unde
2426 1332 2543 1387 sive
2564 1337 2865 1402 quaeratur,
2906 1332 3188 1402 quomodo
3223 1332 3365 1388 facta
3406 1334 3538 1400 sint,

1956 1439 2078 1496 quae
2111 1424 2388 1491 videntur,
2443 1424 2559 1480 sive
2604 1425 2788 1480 adsint
2827 1424 3092 1495 pecuniae,
3133 1425 3248 1481 sive
3289 1426 3541 1498 voluptas

1957 1518 2312 1574 abundantiae
2347 1533 2361 1570 :
2387 1518 2576 1573 omnia
2606 1518 2723 1573 haec
2751 1517 2971 1573 vanitas
3017 1518 3341 1583 vanitatum,
3370 1529 3422 1575 et
3455 1521 3543 1575 ni-

1956 1608 2034 1664 hil
2064 1608 2300 1679 amplius
2326 1622 2492 1678 quam
2522 1605 2875 1677 superﬂuitas
2910 1606 3130 1662 consilii
3158 1613 3214 1661 et
3241 1606 3541 1662 voluntatis

1957 1699 2273 1755 conatus".
2310 1717 2332 1751 ι
2375 1698 2516 1754 Cum
2562 1699 2639 1753 ait
2694 1704 2902 1761 autem,
2934 1698 3051 1753 haec
3075 1712 3196 1754 esse
3218 1699 3539 1763 vanitatem,

1957 1792 2269 1848 futurorum
2315 1792 2678 1847 aeternitatem
2738 1790 3034 1860 signiﬁcat.
3094 1790 3437 1862 Quapropter
3484 1798 3543 1846 et

1956 1885 2215 1940 universa
2272 1883 2713 1947 transcenderis,
2766 1883 3022 1937 hortatur
3074 1892 3133 1937 ut
3201 1891 3540 1939 aeternorum

1956 1974 2277 2030 memoriam
2342 1988 2649 2035 servemus,
2707 1980 2761 2028 et
2829 1974 3073 2030 sciamus
3134 1974 3383 2029 futurum
3438 1974 3542 2029 ali-

1957 2070 2200 2139 quando,
2234 2074 2295 2121 ut
2338 2066 2580 2122 mundus
2610 2066 2700 2120 hic
2724 2066 2969 2131 ﬁniatur,
2992 2082 3117 2122 cum
3147 2067 3303 2132 dicit,
3341 2065 3456 2122 fore
3481 2075 3543 2121 ut

1958 2160 2227 2214 molentes
2273 2165 2515 2223 cessent,
2581 2176 2600 2209 ι
2658 2158 2715 2213 in
2770 2159 2859 2214 die
2895 2175 3002 2229 qua
3046 2159 3551 2234 commovebuntur

1959 2250 2221 2306 custodes
2251 2251 2449 2305 domus
2482 2257 2537 2305 et
2570 2251 2842 2305 nutabunt
2875 2251 2978 2305 viri
3022 2259 3295 2321 potentes,
3323 2260 3378 2308 et
3424 2267 3544 2307 mo-

1957 2342 2131 2399 lentes
2169 2351 2528 2398 cessaverunt
2546 2343 2612 2396 ³⁸.
2653 2361 2672 2394 ι
2712 2341 2779 2396 Ει
2810 2359 2932 2413 qua:
2977 2343 3138 2399 ﬁnem
3182 2345 3372 2400 mundi
3406 2345 3535 2401 sub-

1956 2444 2264 2504 sequuntur
2321 2434 2567 2504 exponit,
2616 2433 2810 2489 dicens
2858 2453 2872 2489 :
2915 2454 2934 2486 ‹
2976 2434 3249 2501 Quoniam
3317 2442 3542 2506 cuncta,

1958 2542 2079 2597 quae
2121 2526 2279 2587 ﬁunt,
2309 2526 2474 2580 ducet
2522 2525 2667 2582 Deus
2720 2526 2774 2581 in
2818 2525 3108 2596 judicium;
3141 2528 3196 2582 in
3248 2527 3399 2582 omni
3451 2543 3543 2583 eru

1956 2625 2102 2681 rato,
2161 2618 2277 2672 sive
2332 2618 2559 2681 bonum,
2599 2618 2714 2673 sive
2761 2618 2964 2672 malum
2983 2620 3049 2672 ’³.
3094 2637 3112 2669 ι
3151 2617 3250 2673 His
3298 2621 3544 2674 ostendit

1958 2710 2108 2781 quod
2157 2709 2293 2765 illud
2335 2729 2350 2765 :
2393 2728 2413 2761 ι
2453 2708 2687 2766 Vanitas
2727 2711 3056 2776 vanitatum,
3094 2730 3113 2763 ›
3163 2727 3274 2765 non
3326 2711 3394 2766 ad
3434 2710 3542 2766 hoc

1958 2798 2221 2877 dixerit,
2259 2807 2320 2852 ut
2386 2807 2696 2854 creaturam
2766 2800 3187 2877 criminaretur;
3239 2800 3334 2857 scd
3394 2802 3542 2872 quod

1957 2899 2160 2945 aeterna
2185 2874 2613 2960 contemplatus,
2655 2874 2844 2946 rerum
2890 2893 3272 2963 temporalium
3321 2892 3542 2949 deside-

1957 2982 2102 3036 rium
2133 2980 2452 3037 admoueret
2489 2997 2612 3038 esse
2646 2983 2967 3039 vanitatem.
3002 2982 3069 3037 Et
3124 2984 3218 3039 ubi
3268 2984 3540 3054 judicium

1959 3073 2209 3127 futurum
2268 3087 2392 3129 esse
2451 3073 2633 3139 docet,
2666 3073 2848 3129 innuit
2894 3075 3014 3131 fore
3075 3077 3541 3132 resurrectionem

258 3187 365 3226 σαν
390 3172 451 3225 αἰ
476 3170 798 3242 ἀλήθουσαι,
830 3190 851 3223 ι
883 3170 1123 3228 δείκνυσι
1158 3170 1320 3224 πάλιν
1356 3170 1430 3243 μὴ
1454 3167 1592 3225 εἶναι
1622 3173 1854 3243 ματαίαν

1958 3173 2327 3233 mortuorum,
2353 3172 2408 3221 et
2434 3172 2683 3220 actorum
2709 3166 3152 3223 retributionem.
3180 3166 3383 3224 Deinde
3413 3183 3542 3223 cum

258 3261 436 3334 αὐτὴν
473 3262 574 3331 τὴν
599 3262 798 3329 κτίσιν,
822 3261 961 3316 ἀλλά
984 3262 1081 3316 καὶ
1120 3262 1320 3334 μᾶλλον
1347 3262 1663 3317 διδάσκαλον
1692 3266 1856 3319 πᾶσιν

260 3355 441 3425 αὐτὴν
482 3348 649 3407 οὖσαν
681 3355 763 3417 εἰς
795 3352 1097 3409 εὐσέϐειαν.
1135 3354 1197 3407 Ἠ
1238 3352 1348 3426 γὰρ
1373 3352 1526 3418 τάξις
1559 3354 1730 3425 αὐτῆς
1762 3356 1858 3409 καὶ

260 3448 297 3518 ἡ
344 3446 710 3518 διακόσμησις
756 3445 1007 3519 διήγησίς
1047 3449 1164 3499 ἐστι
1198 3445 1450 3518 περὶτοῦ
1494 3447 1857 3518 πεποιηκότος

259 3538 360 3591 καὶ
396 3536 686 3602 κτίσαντος
727 3537 917 3609 αὐτὴν,
951 3540 1010 3591 ἐν
1126 3537 1222 3591 καὶ
1264 3539 1314 3592 οἱ
1354 3539 1631 3608 προφῆται
1674 3540 1770 3592 καὶ
1804 3541 1854 3594 οἰ

264 3629 675 3698 εὐαγγελισταὶ,
704 3630 800 3683 καὶ
822 3630 872 3683 oi
899 3629 1209 3685 διδάσκαλοί
1241 3632 1398 3695 εἰσιν,
1418 3630 1607 3705 ὥσπερ
1629 3632 1856 3704 ἀλήθον-

258 3735 354 3782 τες
385 3718 604 3791 ἑκάστῳ
634 3718 840 3791 τροφὴν
872 3718 960 3773 διὰ
994 3719 1092 3790 τῆς
1125 3718 1473 3785 διδασκαλίας
1504 3719 1604 3793 τὴν
1640 3723 1720 3786 εἰς
1763 3723 1854 3775 εὐ-

263 3812 484 3866 σέϐειαν
517 3807 720 3880 γνῶσιν
739 3831 755 3845 ο
786 3813 981 3876 οἵτινες
1012 3812 1301 3885 ἀλήθοντες
1335 3814 1637 3885 ἀργήσουσι
1670 3814 1854 3869 λοιπὸν

258 3904 322 3957 ἐν
353 3907 422 3975 τῇ
453 3903 756 3976 συντελείᾳ.
785 3904 900 3957 Οὐκ
925 3902 1007 3957 ἔτι
1043 3902 1154 3974 γάρ
1187 3902 1263 3967 ὡς
1295 3902 1586 3974 ἀλήθοντες
1615 3903 1854 3969 διδάξου-

262 4012 351 4049 σιν
387 3996 581 4062 αὐτοὶ,
616 3996 731 4051 ἀλλ’
765 3998 831 4049 ἐκ
869 3996 979 4050 τῶν
1025 3994 1278 4068 πράξεων
1316 3997 1548 4051 ἑκάστου
1596 3999 1630 4068 ἡ
1671 3997 1853 4071 κρίσις

257 4089 496 4159 γίνεται.

597 4206 842 4260 Βιϐλίον
873 4204 971 4272 ις’,
1000 4201 1205 4277 *ᾼσμα
1230 4205 1534 4276 ᾀσμάτων.

326 4299 426 4354 24.
458 4297 566 4352 Τοῦ
596 4298 938 4369 Σολομῶντός
962 4299 1076 4352 ἐστι
1102 4299 1196 4352 καὶ
1215 4298 1374 4351 τοῦτο
1400 4298 1463 4352 τὸ
1486 4297 1689 4370 βιϐλίον
1718 4314 1850 4368 συγ-

262 4388 478 4460 γραφὴ,
515 4387 658 4440 καθά
700 4384 1121 4459 προδεδήλωται.
1160 4387 1322 4442 Ὅλον
1362 4388 1419 4442 δὲ
1450 4387 1599 4458 αὐτῷ
1638 4388 1846 4461 γέγρα-

1960 3255 2093 3311 dicit
2127 3271 2140 3307 :
2181 3275 2200 3307 ι
2243 3257 2614 3312 Cessaverunt
2636 3256 2927 3325 molentes,
2950 3276 2970 3310 ›
2998 3258 3155 3328 122
3175 3259 3415 3315 ostendit
3433 3275 3544 3315 non

1955 3362 2153 3402 vanam
2181 3364 2304 3405 esse
2346 3349 2520 3419 ipsam
2559 3355 2895 3415 creaturam,
2932 3351 3027 3406 sed
3055 3351 3239 3421 potius
3271 3353 3533 3409 omnibus

1953 3452 2080 3493 esse
2101 3438 2323 3508 pietatis
2361 3437 2703 3509 magistram.
2744 3438 3029 3511 Siquidem
3078 3442 3255 3513 ipsius
3302 3442 3438 3498 ordo
3485 3451 3543 3498 et

1955 3542 2207 3593 ornatus,
2250 3529 2318 3585 de
2360 3530 2570 3588 factore
2627 3532 2749 3603 ipso
2794 3548 2858 3587 ac
2911 3542 3162 3590 creatore
3211 3535 3536 3606 praedicatio

1963 3629 2050 3701 est
2088 3623 2184 3676 :in
2215 3638 2326 3694 qua
2384 3632 2514 3679 sunt
2565 3632 2620 3681 et
2666 3625 2947 3696 prophetae
2996 3633 3051 3681 et
3081 3629 3448 3698 evangelistac,
3484 3633 3542 3684 et

1954 3713 2231 3779 doctores,
2261 3726 2520 3786 tanquam
2550 3717 2820 3772 molentes
2862 3717 3163 3789 unicuique
3190 3719 3531 3784 alimoniam,

1953 3824 2053 3881 per
2095 3808 2429 3875 doctrinam,
2480 3809 2739 3864 videlicet
2799 3811 3018 3880 pietatis
3074 3811 3406 3867 scientiam:
3440 3812 3537 3884 qui

1952 3902 2223 3958 molentes
2253 3902 2474 3957 tandem
2542 3902 2599 3956 in
2659 3903 3137 3959 consummatione
3192 3904 3536 3960 otiabuntur.

1954 3991 2093 4047 Tum
2122 3992 2272 4047 enim
2321 4008 2434 4047 non
2486 3992 2764 4047 docebunt
2809 3993 3070 4064 amplius,
3107 3994 3281 4049 instar
3327 3994 3537 4050 molen-

1951 4087 2112 4154 tium,
2144 4086 2240 4143 sed
2272 4086 2506 4156 quisque
2539 4084 2843 4142 secundum
2877 4094 3000 4140 acta
3025 4084 3386 4155 judicabitur.

2205 4198 2365 4254 Liber
2399 4197 2575 4264 XVI,
2610 4199 2892 4254 Canticum
2935 4198 3284 4253 canticorum.

2023 4293 2113 4349 24.
2153 4291 2256 4347 Hic
2298 4307 2521 4363 quoque
2567 4292 2707 4347 liber
2763 4291 3075 4347 Salomonis
3114 4300 3200 4348 est
3256 4307 3418 4361 opus,
3473 4299 3536 4347 ut

1953 4382 2206 4452 superius
2226 4381 2566 4438 declaratum
2598 4389 2705 4437 est.
2743 4376 3054 4451 Totumque
3078 4382 3147 4438 ab
3178 4381 3337 4436 initio
3360 4396 3535 4453 usque

260 4496 400 4534 πται
439 4479 535 4532 ἀπ’
560 4476 740 4549 ἀρχῆς
772 4478 934 4549 μέχρι
977 4478 1167 4544 τέλους
1203 4480 1485 4551 μυστικῶς
1513 4479 1653 4552 μετά
1688 4480 1853 4552 άλλη-

1957 4474 2024 4530 ad
2053 4475 2215 4530 ﬁnem
2251 4475 2482 4546 mystice
2506 4483 2562 4530 et
2588 4490 2716 4530 cum
2745 4475 3004 4546 allegoria
3032 4474 3373 4545 aenigmatica
3400 4489 3535 4529 con-

263 4570 457 4643 γορίας
482 4567 935 4640 αἰνιγματώδους.
965 4571 1039 4625 Οὐ
1068 4571 1176 4645 γὰρ
1210 4572 1269 4625 ἐν
1304 4571 1384 4643 τῷ
1414 4575 1701 4643 προφανεῆ
1738 4572 1852 4626 ἀλλ’

263 4663 325 4717 ἐν
369 4661 669 4733 ἀπορρήτῳ
698 4660 1004 4733 κέκρυπται
1044 4661 1155 4717 τῶν
1204 4664 1262 4716 ἐν
1307 4663 1456 4735 αὐτῷ
1491 4664 1776 4737 δογμάτων
1826 4667 1856 4720 ὁ

265 4753 414 4818 νοῦς.
462 4751 863 4825 Ἐρευνώμενος
903 4754 962 4808 δὲ
989 4754 1320 4827 εὑρίσκεται,
1353 4756 1489 4810 διότι
1521 4757 1663 4829 μετά
1693 4757 1857 4829 ἀλλη-

265 4846 460 4918 γορίας
504 4846 856 4916 ἐντυγχάνειν
884 4846 990 4917 ὅλῳ
1021 4846 1195 4917 τούτῳ
1244 4850 1511 4919 προσήκει
1569 4849 1696 4912 τοὺς
1729 4866 1856 4902 συν-

265 4936 457 5001 ετούςο
502 4938 593 4992 ἵνα
636 4938 712 5009 μὴ
750 4938 818 4992 δι’
858 4939 1080 5008 ἄγνοιαν
1119 4938 1229 4995 τῶν
1250 4939 1477 5012 ἀμαθῶν
1509 4941 1588 5004 εἰς
1631 4941 1856 5012 ἀτιμίαν

268 5029 488 5101 ἐμπέσῃ
517 5028 588 5082 τὰ
618 5028 905 5101 εἰρημένα.
932 5025 1125 5102 ᾏσμα
1168 5030 1224 5084 δὲ
1263 5031 1525 5102 ᾀσμάτων
1563 5031 1654 5084 διὰ
1696 5030 1852 5085 τοῦτο

270 5120 536 5183 καλεῖται.
576 5120 766 5193 ἐπειδὴ
814 5121 952 5192 μετὰ
988 5122 1087 5194 μὲν
1130 5122 1201 5176 τὰ
1232 5122 1368 5178 ἄλλα
1408 5123 1629 5195 ᾄσματα
1668 5122 1850 5188 τοῦτο,

273 5212 411 5283 μετά
454 5211 514 5265 δὲ
549 5210 711 5266 τοῦτο
752 5212 854 5266 οὐκ
891 5213 973 5267 ἐτι
1003 5212 1132 5268 ἄλλο
1164 5215 1469 5287 προσδοκᾷν
1508 5215 1688 5270 ἔστιν·
1724 5215 1853 5271 ἄλλο

268 5300 327 5354 δέ
363 5299 507 5368 λέγω
530 5301 593 5355 οὐ
625 5298 848 5370 βιϐλίον,
875 5301 1012 5355 ἀλλά
1032 5303 1096 5356 τὸ
1124 5303 1189 5357 ἐκ
1216 5305 1310 5358 τοῦ
1355 5305 1560 5376 βιϐλίου
1594 5308 1853 5376 σημαινό-

274 5406 450 5462 μενον.
483 5391 550 5442 '0
579 5389 639 5446 δὲ
666 5389 810 5460 λέγω
832 5392 1070 5447 τοιοῦτόν
1103 5395 1241 5448 ἐστι*
1274 5396 1485 5468 Πᾶσαή
1518 5397 1635 5450 θεία
1661 5398 1855 5472 Γραφὴ

269 5484 398 5555 περὶ
428 5481 530 5551 τῆς
555 5483 635 5546 εἰς
663 5484 813 5554 ἡμᾶς
842 5484 1066 5539 καθόδου
1108 5486 1202 5541 τοῦ
1248 5487 1423 5556 Λόγου
1455 5489 1550 5543 καὶ
1579 5490 1848 5561 ἐνσάρκου

271 5570 574 5641 παρουσίας
598 5570 765 5626 αὑτοῦ
799 5573 1155 5648 προφητεύει.
1184 5575 1356 5631 Τοῦτο
1381 5576 1491 5649 γὰρ
1513 5579 1574 5634 τὸ
1602 5578 1852 5652 βούλημα

1956 4566 2201 4638 scripsit.
2263 4568 2543 4622 Sententia
2591 4567 2798 4640 quippe
2853 4568 3174 4638 dogmatum
3238 4566 3382 4637 ejus,
3422 4581 3535 4623 non

1957 4668 2167 4732 aperta,
2200 4660 2296 4716 sed
2330 4661 2551 4716 occulta
2588 4668 2693 4717 est.
2724 4661 2981 4716 Attamen
3016 4661 3062 4717 si
3094 4667 3380 4715 accurrate
3408 4674 3534 4729 per-

1956 4755 2228 4825 quiratur,
2268 4753 2599 4809 invenietur.
2638 4752 2983 4824 Quapropter
3038 4752 3279 4823 expedit,
3326 4759 3384 4805 ut
3438 4750 3535 4822 qui

1957 4845 2259 4917 prudentes
2283 4853 2434 4910 sunt,
2458 4846 2515 4901 in
2550 4853 2665 4901 toto
2697 4847 2801 4901 hoc
2828 4847 2970 4901 libro
2999 4845 3290 4915 allegorice
3308 4858 3536 4899 versen-

1956 4948 2074 5003 tur,
2114 4953 2186 4992 ne
2218 4945 2440 5009 propter
2468 4938 2850 5009 imperitorum
2881 4936 3264 5008 ignorantiam,
3295 4950 3417 5006 qua:
3443 4935 3534 4991 hic

1958 5031 2244 5098 dicuntur,
2272 5031 2614 5100 contemptui
2653 5031 2980 5086 habeantur.
3012 5027 3298 5083 Canticum
3349 5035 3533 5083 autem

1957 5125 2304 5182 canticorum
2367 5122 2491 5179 ideo
2528 5130 2783 5186 vocatur,
2811 5121 2958 5191 quod
3003 5127 3129 5190 post
3174 5118 3281 5173 alia
3316 5121 3533 5173 cantica

1958 5216 2353 5286 subsequatur,
2384 5214 2614 5285 etquod
2658 5229 2770 5268 non
2818 5211 2967 5267 aliud
3009 5217 3199 5280 postea
3242 5207 3531 5264 Canticum

1959 5308 2030 5361 sit
2061 5306 2489 5376 exspectandum
2525 5322 2539 5358 :
2574 5303 2719 5359 aliud
2766 5310 2947 5357 autem
2983 5301 3129 5364 dico,
3149 5315 3259 5355 non
3292 5299 3530 5365 librum;

1958 5397 2054 5455 sed
2083 5396 2229 5470 quod
2263 5398 2320 5452 in
2344 5398 2483 5451 libro
2513 5395 2876 5466 signiﬁcatur.
2910 5392 3065 5459 Quod
3100 5390 3225 5448 dico
3255 5391 3360 5447 taie
3411 5397 3527 5446 est:

1955 5488 2145 5545 Omnis
2165 5488 2350 5543 divina
2378 5485 2685 5556 Scriptura,
2719 5485 2788 5540 de
2809 5482 2973 5539 Verbi
3005 5483 3276 5540 descensu
3299 5480 3367 5538 ad
3402 5497 3528 5547 nos,

1953 5587 2009 5637 et
2030 5579 2098 5636 de
2129 5579 2368 5635 adventu
2396 5578 2518 5649 ejus
2543 5578 2603 5633 in
2633 5592 2802 5633 carne
2823 5575 3165 5648 prophetiam
3194 5575 3377 5633 habet.
3404 5569 3531 5629 “me

338 5729 381 5761 “
422 5728 598 5788 [οι-ιε.
635 5748 721 5803 is,
760 5732 844 5791 ιι.
918 5735 964 5766 ⁸⁷
1006 5732 1185 5790 Eccle.
1220 5750 1274 5802 ι’,
1308 5734 1372 5803 9,
1409 5735 1510 5801 ίῧ,
1547 5734 1735 5794 ιιι-ιδ.
1811 5736 1854 5770 ’⁸

1957 5736 2078 5794 :cle.
2116 5752 2230 5801 xit,
2261 5736 2316 5792 5'.
2393 5736 2438 5767 ’ν
2481 5733 2613 5791 ibid.
2651 5732 2742 5790 ιι.
