  <div class='ocr_page' id='page_1' title='image "/cluster/home/n/w/nwhite01/storage/ocr_20150623/28/nnc1.0046978690/216.png"; bbox 0 0 3880 6186; ppageno 0'>
   <div class='ocr_carea' id='block_1_1' title="bbox 189 256 299 312">
    <p class='ocr_par' dir='ltr' id='par_1_1' title="bbox 189 256 299 312">
     <span class='ocr_line' id='line_1_1' title="bbox 189 256 299 312; baseline 0.009 -1"><span class='ocrx_word' id='word_1_1' title='bbox 189 256 299 312; x_wconf 74' lang='lat'><strong>353</strong></span> 
     </span>
    </p>
   </div>
   <div class='ocr_carea' id='block_1_2' title="bbox 1255 255 2365 324">
    <p class='ocr_par' dir='ltr' id='par_1_2' title="bbox 1255 255 2365 324">
     <span class='ocr_line' id='line_1_2' title="bbox 1255 255 2365 324; baseline 0.011 -12"><span class='ocrx_word' id='word_1_2' title='bbox 1255 255 1597 314; x_wconf 78' lang='lat' dir='ltr'><strong>SYNOPSIS</strong></span> <span class='ocrx_word' id='word_1_3' title='bbox 1640 258 2057 320; x_wconf 68' lang='lat' dir='ltr'><strong>SCRIPTURA‘J</strong></span> <span class='ocrx_word' id='word_1_4' title='bbox 2091 263 2365 324; x_wconf 60' lang='lat' dir='ltr'><strong>SACBAI.</strong></span> 
     </span>
    </p>
   </div>
   <div class='ocr_carea' id='block_1_3' title="bbox 3356 274 3464 333">
    <p class='ocr_par' dir='ltr' id='par_1_3' title="bbox 3356 274 3464 333">
     <span class='ocr_line' id='line_1_3' title="bbox 3356 274 3464 333; baseline 0.009 -1"><span class='ocrx_word' id='word_1_5' title='bbox 3356 274 3464 333; x_wconf 66' lang='grc' dir='ltr'><strong>εει</strong></span> 
     </span>
    </p>
   </div>
   <div class='ocr_carea' id='block_1_4' title="bbox 192 370 1756 461">
    <p class='ocr_par' dir='ltr' id='par_1_4' title="bbox 192 370 1756 445">
     <span class='ocr_line' id='line_1_4' title="bbox 192 370 1756 445; baseline 0.001 -18"><span class='ocrx_word' id='word_1_6' title='bbox 192 373 400 445; x_wconf 82' lang='grc' dir='ltr'>πλῆρες</span> <span class='ocrx_word' id='word_1_7' title='bbox 424 370 518 426; x_wconf 77' lang='grc' dir='ltr'><strong>τοῦ</strong></span> <span class='ocrx_word' id='word_1_8' title='bbox 549 370 781 425; x_wconf 87' lang='grc' dir='ltr'>παλαιοῦ</span> <span class='ocrx_word' id='word_1_9' title='bbox 800 375 818 394; x_wconf 78' lang='grc'><strong><em>⁸</em></strong></span> <span class='ocrx_word' id='word_1_10' title='bbox 835 371 984 444; x_wconf 45' lang='grc' dir='ltr'>πρὸς,</span> <span class='ocrx_word' id='word_1_11' title='bbox 998 372 1091 427; x_wconf 77' lang='grc' dir='ltr'><strong>τὸν</strong></span> <span class='ocrx_word' id='word_1_12' title='bbox 1120 374 1415 444; x_wconf 80' lang='grc' dir='ltr'>Λόγον,καὶ</span> <span class='ocrx_word' id='word_1_13' title='bbox 1437 376 1663 431; x_wconf 84' lang='grc' dir='ltr'><strong>καθόλου</strong></span> <span class='ocrx_word' id='word_1_14' title='bbox 1684 378 1756 432; x_wconf 73' lang='grc' dir='ltr'>τοί</span> 
     </span>
    </p>
   </div>
   <div class='ocr_carea' id='block_1_5' title="bbox 1858 370 3464 461">
    <p class='ocr_par' dir='ltr' id='par_1_5' title="bbox 1885 386 3464 461">
     <span class='ocr_line' id='line_1_5' title="bbox 1885 386 3464 461; baseline 0.008 -24"><span class='ocrx_word' id='word_1_15' title='bbox 1885 398 2015 439; x_wconf 89' lang='lat' dir='ltr'><strong>vero</strong></span> <span class='ocrx_word' id='word_1_16' title='bbox 2071 389 2434 450; x_wconf 77' lang='lat' dir='ltr'><strong>canticorum,</strong></span> <span class='ocrx_word' id='word_1_17' title='bbox 2469 400 2580 441; x_wconf 92' lang='lat' dir='ltr'><strong>non</strong></span> <span class='ocrx_word' id='word_1_18' title='bbox 2635 394 2720 442; x_wconf 87' lang='lat' dir='ltr'><strong>est</strong></span> <span class='ocrx_word' id='word_1_19' title='bbox 2769 386 2998 445; x_wconf 90' lang='lat' dir='ltr'><strong>interior</strong></span> <span class='ocrx_word' id='word_1_20' title='bbox 3043 389 3223 461; x_wconf 87' lang='lat' dir='ltr'><strong>aliqua</strong></span> <span class='ocrx_word' id='word_1_21' title='bbox 3267 397 3323 447; x_wconf 84' lang='lat' dir='ltr'><strong>et</strong></span> <span class='ocrx_word' id='word_1_22' title='bbox 3373 405 3464 449; x_wconf 81' lang='lat' dir='ltr'><strong>ro-</strong></span> 
     </span>
    </p>
   </div>
   <div class='ocr_carea' id='block_1_6' title="bbox 188 461 1779 535">
    <p class='ocr_par' dir='ltr' id='par_1_6' title="bbox 188 461 1779 535">
     <span class='ocr_line' id='line_1_6' title="bbox 188 461 1779 535; baseline 0.003 -20"><span class='ocrx_word' id='word_1_23' title='bbox 188 461 533 532; x_wconf 77' lang='grc' dir='ltr'>ἁνθρωπίνου</span> <span class='ocrx_word' id='word_1_24' title='bbox 554 461 743 529; x_wconf 84' lang='grc' dir='ltr'><strong>γένους</strong></span> <span class='ocrx_word' id='word_1_25' title='bbox 770 461 906 531; x_wconf 76' lang='grc' dir='ltr'>πρὸς</span> <span class='ocrx_word' id='word_1_26' title='bbox 924 461 1021 516; x_wconf 82' lang='grc' dir='ltr'>τὸν</span> <span class='ocrx_word' id='word_1_27' title='bbox 1046 462 1239 532; x_wconf 83' lang='grc' dir='ltr'><strong>Λόγον,</strong></span> <span class='ocrx_word' id='word_1_28' title='bbox 1270 465 1364 517; x_wconf 78' lang='grc' dir='ltr'>καὶ</span> <span class='ocrx_word' id='word_1_29' title='bbox 1390 465 1492 535; x_wconf 84' lang='grc' dir='ltr'><strong>τῆς</strong></span> <span class='ocrx_word' id='word_1_30' title='bbox 1526 464 1585 532; x_wconf 82' lang='grc' dir='ltr'>ἐξ</span> <span class='ocrx_word' id='word_1_31' title='bbox 1606 465 1779 522; x_wconf 97' lang='grc' dir='ltr'>ἐθνῶν</span> 
     </span>
    </p>
   </div>
   <div class='ocr_carea' id='block_1_7' title="bbox 200 552 1778 630">
    <p class='ocr_par' dir='ltr' id='par_1_7' title="bbox 200 552 1778 630">
     <span class='ocr_line' id='line_1_7' title="bbox 200 552 1778 630; baseline 0.003 -23"><span class='ocrx_word' id='word_1_32' title='bbox 200 553 529 624; x_wconf 82' lang='grc' dir='ltr'>Ἐκκλησίας</span> <span class='ocrx_word' id='word_1_33' title='bbox 556 552 692 624; x_wconf 83' lang='grc' dir='ltr'>πρὸς</span> <span class='ocrx_word' id='word_1_34' title='bbox 730 553 894 607; x_wconf 83' lang='grc' dir='ltr'>αὐτὸν</span> <span class='ocrx_word' id='word_1_35' title='bbox 912 592 928 617; x_wconf 93' lang='grc'><strong>,</strong></span> <span class='ocrx_word' id='word_1_36' title='bbox 973 552 1070 607; x_wconf 76' lang='grc' dir='ltr'>καὶ</span> <span class='ocrx_word' id='word_1_37' title='bbox 1107 553 1204 608; x_wconf 81' lang='grc' dir='ltr'><strong>τοῦ</strong></span> <span class='ocrx_word' id='word_1_38' title='bbox 1238 556 1412 625; x_wconf 81' lang='grc' dir='ltr'>Λόγου</span> <span class='ocrx_word' id='word_1_39' title='bbox 1444 556 1606 610; x_wconf 86' lang='grc' dir='ltr'>πάλιν</span> <span class='ocrx_word' id='word_1_40' title='bbox 1639 558 1778 630; x_wconf 86' lang='grc' dir='ltr'>πρὸς</span> 
     </span>
    </p>
   </div>
   <div class='ocr_carea' id='block_1_8' title="bbox 189 641 1776 716">
    <p class='ocr_par' dir='ltr' id='par_1_8' title="bbox 189 641 1776 716">
     <span class='ocr_line' id='line_1_8' title="bbox 189 641 1776 716; baseline 0.003 -18"><span class='ocrx_word' id='word_1_41' title='bbox 189 645 357 716; x_wconf 80' lang='grc' dir='ltr'>αὐτὴν</span> <span class='ocrx_word' id='word_1_42' title='bbox 386 644 485 698; x_wconf 65' lang='grc' dir='ltr'>καῖε</span> <span class='ocrx_word' id='word_1_43' title='bbox 508 644 644 716; x_wconf 82' lang='grc' dir='ltr'>πρὸς</span> <span class='ocrx_word' id='word_1_44' title='bbox 667 644 730 697; x_wconf 83' lang='grc' dir='ltr'>τὸ</span> <span class='ocrx_word' id='word_1_45' title='bbox 747 643 1087 711; x_wconf 85' lang='grc' dir='ltr'>ἀνθρώπινον</span> <span class='ocrx_word' id='word_1_46' title='bbox 1113 646 1271 715; x_wconf 86' lang='grc' dir='ltr'>γένος</span> <span class='ocrx_word' id='word_1_47' title='bbox 1291 664 1308 679; x_wconf 75' lang='grc' dir='ltr'><strong>ο</strong></span> <span class='ocrx_word' id='word_1_48' title='bbox 1331 641 1452 700; x_wconf 77' lang='grc' dir='ltr'>εἶτα</span> <span class='ocrx_word' id='word_1_49' title='bbox 1476 648 1583 702; x_wconf 89' lang='grc' dir='ltr'><strong>τῶν</strong></span> <span class='ocrx_word' id='word_1_50' title='bbox 1606 648 1776 704; x_wconf 81' lang='grc' dir='ltr'>ἐθνῶν</span> 
     </span>
    </p>
   </div>
   <div class='ocr_carea' id='block_1_9' title="bbox 190 735 1777 815">
    <p class='ocr_par' dir='ltr' id='par_1_9' title="bbox 190 735 1777 815">
     <span class='ocr_line' id='line_1_9' title="bbox 190 735 1777 815; baseline 0.006 -28"><span class='ocrx_word' id='word_1_51' title='bbox 190 735 327 804; x_wconf 76' lang='grc' dir='ltr'>πρὸς</span> <span class='ocrx_word' id='word_1_52' title='bbox 357 737 457 803; x_wconf 84' lang='grc' dir='ltr'>τὴν</span> <span class='ocrx_word' id='word_1_53' title='bbox 501 735 889 806; x_wconf 79' lang='grc' dir='ltr'>Ἰερουσαλὴμ,</span> <span class='ocrx_word' id='word_1_54' title='bbox 949 738 1045 789; x_wconf 77' lang='grc' dir='ltr'>καὶ</span> <span class='ocrx_word' id='word_1_55' title='bbox 1092 738 1191 808; x_wconf 79' lang='grc' dir='ltr'><strong>τῆς</strong></span> <span class='ocrx_word' id='word_1_56' title='bbox 1252 739 1607 812; x_wconf 77' lang='grc' dir='ltr'>Ἰερουσαλὴμ</span> <span class='ocrx_word' id='word_1_57' title='bbox 1645 743 1777 815; x_wconf 75' lang='grc' dir='ltr'>περὶ</span> 
     </span>
    </p>
   </div>
   <div class='ocr_carea' id='block_1_10' title="bbox 184 826 1774 900">
    <p class='ocr_par' dir='ltr' id='par_1_10' title="bbox 184 826 1774 900">
     <span class='ocr_line' id='line_1_10' title="bbox 184 826 1774 900; baseline 0.004 -20"><span class='ocrx_word' id='word_1_58' title='bbox 184 826 285 890; x_wconf 78' lang='grc' dir='ltr'><strong>τῆς</strong></span> <span class='ocrx_word' id='word_1_59' title='bbox 316 826 378 892; x_wconf 77' lang='grc' dir='ltr'>ἐξ</span> <span class='ocrx_word' id='word_1_60' title='bbox 403 826 575 881; x_wconf 84' lang='grc' dir='ltr'>ἐθνῶν</span> <span class='ocrx_word' id='word_1_61' title='bbox 613 828 710 881; x_wconf 58' lang='grc' dir='ltr'><strong>καί¹</strong></span> <span class='ocrx_word' id='word_1_62' title='bbox 733 830 863 900; x_wconf 79' lang='grc' dir='ltr'>περὶ</span> <span class='ocrx_word' id='word_1_63' title='bbox 890 830 1059 900; x_wconf 79' lang='grc' dir='ltr'>αὐτῆς</span> <span class='ocrx_word' id='word_1_64' title='bbox 1087 829 1332 900; x_wconf 78' lang='grc' dir='ltr'>διάλογος</span> <span class='ocrx_word' id='word_1_65' title='bbox 1358 847 1374 862; x_wconf 78' lang='grc' dir='ltr'><strong><em>ο</em></strong></span> <span class='ocrx_word' id='word_1_66' title='bbox 1401 829 1519 887; x_wconf 71' lang='grc' dir='ltr'>εἶτα</span> <span class='ocrx_word' id='word_1_67' title='bbox 1545 834 1639 887; x_wconf 80' lang='grc' dir='ltr'>καὶ</span> <span class='ocrx_word' id='word_1_68' title='bbox 1665 835 1774 887; x_wconf 87' lang='grc' dir='ltr'><strong>τῶν</strong></span> 
     </span>
    </p>
   </div>
   <div class='ocr_carea' id='block_1_11' title="bbox 181 917 1772 998">
    <p class='ocr_par' dir='ltr' id='par_1_11' title="bbox 181 917 1772 998">
     <span class='ocr_line' id='line_1_11' title="bbox 181 917 1772 998; baseline 0.004 -26"><span class='ocrx_word' id='word_1_69' title='bbox 181 917 570 973; x_wconf 78' lang='grc' dir='ltr'><strong>διακονούντων</strong></span> <span class='ocrx_word' id='word_1_70' title='bbox 611 920 860 989; x_wconf 84' lang='grc' dir='ltr'>ἀγγέλων</span> <span class='ocrx_word' id='word_1_71' title='bbox 902 921 1040 993; x_wconf 81' lang='grc' dir='ltr'>πρὸς</span> <span class='ocrx_word' id='word_1_72' title='bbox 1070 924 1198 986; x_wconf 81' lang='grc' dir='ltr'>τοὺς</span> <span class='ocrx_word' id='word_1_73' title='bbox 1227 922 1528 995; x_wconf 82' lang='grc' dir='ltr'><strong>κληθέντας</strong></span> <span class='ocrx_word' id='word_1_74' title='bbox 1559 925 1772 998; x_wconf 81' lang='grc' dir='ltr'>ἀνθρώ-</span> 
     </span>
    </p>
   </div>
   <div class='ocr_carea' id='block_1_12' title="bbox 180 1009 1774 1084">
    <p class='ocr_par' dir='ltr' id='par_1_12' title="bbox 180 1009 1774 1084">
     <span class='ocr_line' id='line_1_12' title="bbox 180 1009 1774 1084; baseline 0.006 -22"><span class='ocrx_word' id='word_1_75' title='bbox 180 1026 315 1073; x_wconf 74' lang='grc' dir='ltr'>πους</span> <span class='ocrx_word' id='word_1_76' title='bbox 344 1011 406 1064; x_wconf 83' lang='grc' dir='ltr'><strong>τὺ</strong></span> <span class='ocrx_word' id='word_1_77' title='bbox 437 1013 719 1083; x_wconf 79' lang='grc' dir='ltr'>κήρυγμα.</span> <span class='ocrx_word' id='word_1_78' title='bbox 755 1011 862 1066; x_wconf 81' lang='grc' dir='ltr'>Τοῦ</span> <span class='ocrx_word' id='word_1_79' title='bbox 896 1013 996 1084; x_wconf 83' lang='grc' dir='ltr'>μὲν</span> <span class='ocrx_word' id='word_1_80' title='bbox 1019 1009 1114 1067; x_wconf 81' lang='grc' dir='ltr'>οὖν</span> <span class='ocrx_word' id='word_1_81' title='bbox 1144 1014 1375 1069; x_wconf 82' lang='grc' dir='ltr'>παλαιοῦ</span> <span class='ocrx_word' id='word_1_82' title='bbox 1404 1016 1532 1070; x_wconf 78' lang='grc' dir='ltr'>λαοῦ</span> <span class='ocrx_word' id='word_1_83' title='bbox 1562 1017 1774 1084; x_wconf 77' lang='grc' dir='ltr'>ἀξιοῦν-</span> 
     </span>
    </p>
   </div>
   <div class='ocr_carea' id='block_1_13' title="bbox 176 1104 1799 1181">
    <p class='ocr_par' dir='ltr' id='par_1_13' title="bbox 176 1104 1799 1181">
     <span class='ocr_line' id='line_1_13' title="bbox 176 1104 1799 1181; baseline 0.004 -24"><span class='ocrx_word' id='word_1_84' title='bbox 176 1122 270 1170; x_wconf 82' lang='grc' dir='ltr'><strong>τος</strong></span> <span class='ocrx_word' id='word_1_85' title='bbox 298 1104 466 1158; x_wconf 76' lang='grc' dir='ltr'>αὐτὸν</span> <span class='ocrx_word' id='word_1_86' title='bbox 492 1105 769 1159; x_wconf 83' lang='grc' dir='ltr'>κατελθεῖν</span> <span class='ocrx_word' id='word_1_87' title='bbox 799 1107 891 1160; x_wconf 79' lang='grc' dir='ltr'>καὶ</span> <span class='ocrx_word' id='word_1_88' title='bbox 916 1107 1258 1178; x_wconf 77' lang='grc' dir='ltr'>συναφθῆναι</span> <span class='ocrx_word' id='word_1_89' title='bbox 1281 1111 1348 1180; x_wconf 87' lang='grc' dir='ltr'><strong>τῇ</strong></span> <span class='ocrx_word' id='word_1_90' title='bbox 1378 1110 1541 1181; x_wconf 79' lang='grc' dir='ltr'>σαρκὶ</span> <span class='ocrx_word' id='word_1_91' title='bbox 1561 1111 1734 1165; x_wconf 80' lang='grc' dir='ltr'>ταῦτα</span> <span class='ocrx_word' id='word_1_92' title='bbox 1753 1129 1768 1143; x_wconf 76' lang='grc' dir='ltr'><strong>ο</strong></span> <span class='ocrx_word' id='word_1_93' title='bbox 1791 1143 1799 1146; x_wconf 56' lang='grc' dir='ltr'>ν</span> 
     </span>
    </p>
   </div>
   <div class='ocr_carea' id='block_1_14' title="bbox 182 1197 1771 1271">
    <p class='ocr_par' dir='ltr' id='par_1_14' title="bbox 182 1197 1771 1271">
     <span class='ocr_line' id='line_1_14' title="bbox 182 1197 1771 1271; baseline 0.004 -22"><span class='ocrx_word' id='word_1_94' title='bbox 182 1216 201 1249; x_wconf 73' lang='grc' dir='ltr'><strong>ι</strong></span> <span class='ocrx_word' id='word_1_95' title='bbox 222 1197 515 1269; x_wconf 50' lang='grc' dir='ltr'>ᾱλησάτω</span> <span class='ocrx_word' id='word_1_96' title='bbox 549 1214 615 1268; x_wconf 90' lang='grc' dir='ltr'><strong>με</strong></span> <span class='ocrx_word' id='word_1_97' title='bbox 644 1198 753 1251; x_wconf 81' lang='grc' dir='ltr'>ἀπὸ</span> <span class='ocrx_word' id='word_1_98' title='bbox 790 1198 1113 1270; x_wconf 81' lang='grc' dir='ltr'><strong>φιλημάτων</strong></span> <span class='ocrx_word' id='word_1_99' title='bbox 1160 1200 1430 1271; x_wconf 78' lang='grc' dir='ltr'><strong>πόματος</strong></span> <span class='ocrx_word' id='word_1_100' title='bbox 1456 1201 1621 1256; x_wconf 82' lang='grc' dir='ltr'>αὑτοῦ</span> <span class='ocrx_word' id='word_1_101' title='bbox 1641 1219 1656 1233; x_wconf 77' lang='grc' dir='ltr'><strong>ο</strong></span> <span class='ocrx_word' id='word_1_102' title='bbox 1687 1203 1771 1256; x_wconf 81' lang='grc' dir='ltr'>ὅτι</span> 
     </span>
    </p>
   </div>
   <div class='ocr_carea' id='block_1_15' title="bbox 175 1288 1766 1362">
    <p class='ocr_par' dir='ltr' id='par_1_15' title="bbox 175 1288 1766 1362">
     <span class='ocr_line' id='line_1_15' title="bbox 175 1288 1766 1362; baseline 0.004 -21"><span class='ocrx_word' id='word_1_103' title='bbox 175 1289 377 1357; x_wconf 75' lang='grc' dir='ltr'>ἀγαθοὶ</span> <span class='ocrx_word' id='word_1_104' title='bbox 414 1290 609 1359; x_wconf 81' lang='grc' dir='ltr'>μαστοί</span> <span class='ocrx_word' id='word_1_105' title='bbox 642 1307 735 1343; x_wconf 90' lang='grc' dir='ltr'><strong>σου</strong></span> <span class='ocrx_word' id='word_1_106' title='bbox 766 1290 906 1362; x_wconf 84' lang='grc' dir='ltr'>ὑπὲρ</span> <span class='ocrx_word' id='word_1_107' title='bbox 931 1288 1093 1345; x_wconf 82' lang='grc' dir='ltr'>οἶνον.</span> <span class='ocrx_word' id='word_1_108' title='bbox 1123 1311 1143 1344; x_wconf 73' lang='grc' dir='ltr'><strong>ι</strong></span> <span class='ocrx_word' id='word_1_109' title='bbox 1199 1292 1309 1345; x_wconf 76' lang='grc' dir='ltr'><strong>Καὶ</strong></span> <span class='ocrx_word' id='word_1_110' title='bbox 1336 1293 1496 1347; x_wconf 86' lang='grc' dir='ltr'>πάλιν</span> <span class='ocrx_word' id='word_1_111' title='bbox 1528 1293 1615 1347; x_wconf 77' lang='grc' dir='ltr'>διὰ</span> <span class='ocrx_word' id='word_1_112' title='bbox 1642 1294 1766 1347; x_wconf 89' lang='grc' dir='ltr'>τού-</span> 
     </span>
    </p>
   </div>
   <div class='ocr_carea' id='block_1_16' title="bbox 172 1381 1767 1457">
    <p class='ocr_par' dir='ltr' id='par_1_16' title="bbox 172 1381 1767 1457">
     <span class='ocr_line' id='line_1_16' title="bbox 172 1381 1767 1457; baseline 0.003 -23"><span class='ocrx_word' id='word_1_113' title='bbox 172 1399 281 1434; x_wconf 86' lang='grc' dir='ltr'><strong>των</strong></span> <span class='ocrx_word' id='word_1_114' title='bbox 317 1381 724 1452; x_wconf 74' lang='grc' dir='ltr'>προτρέπεταισ</span> <span class='ocrx_word' id='word_1_115' title='bbox 761 1399 781 1433; x_wconf 79' lang='grc' dir='ltr'><strong>ι</strong></span> <span class='ocrx_word' id='word_1_116' title='bbox 806 1382 920 1435; x_wconf 83' lang='grc' dir='ltr'>Νέα</span> <span class='ocrx_word' id='word_1_117' title='bbox 952 1384 1089 1456; x_wconf 85' lang='grc' dir='ltr'>πρὸς</span> <span class='ocrx_word' id='word_1_118' title='bbox 1131 1383 1338 1438; x_wconf 85' lang='grc' dir='ltr'>παλαιά</span> <span class='ocrx_word' id='word_1_119' title='bbox 1371 1386 1619 1457; x_wconf 84' lang='grc' dir='ltr'>ἐτήρησά</span> <span class='ocrx_word' id='word_1_120' title='bbox 1662 1403 1767 1454; x_wconf 89' lang='grc' dir='ltr'>σοι,</span> 
     </span>
    </p>
   </div>
   <div class='ocr_carea' id='block_1_17' title="bbox 170 1474 1764 1549">
    <p class='ocr_par' dir='ltr' id='par_1_17' title="bbox 170 1474 1764 1549">
     <span class='ocr_line' id='line_1_17' title="bbox 170 1474 1764 1549; baseline 0.003 -23"><span class='ocrx_word' id='word_1_121' title='bbox 170 1474 423 1544; x_wconf 63' lang='grc' dir='ltr'>ὲδελφιδέ</span> <span class='ocrx_word' id='word_1_122' title='bbox 456 1492 579 1544; x_wconf 89' lang='grc' dir='ltr'>μου.</span> <span class='ocrx_word' id='word_1_123' title='bbox 608 1492 627 1526; x_wconf 73' lang='grc' dir='ltr'><strong>ι</strong></span> <span class='ocrx_word' id='word_1_124' title='bbox 658 1475 769 1528; x_wconf 78' lang='grc' dir='ltr'><strong>Καὶ</strong></span> <span class='ocrx_word' id='word_1_125' title='bbox 790 1477 942 1546; x_wconf 82' lang='grc' dir='ltr'>κοινῇ</span> <span class='ocrx_word' id='word_1_126' title='bbox 974 1475 1031 1529; x_wconf 86' lang='grc' dir='ltr'>δὲ</span> <span class='ocrx_word' id='word_1_127' title='bbox 1057 1476 1275 1530; x_wconf 86' lang='grc' dir='ltr'>πάντων</span> <span class='ocrx_word' id='word_1_128' title='bbox 1298 1477 1434 1549; x_wconf 83' lang='grc' dir='ltr'>πρὸς</span> <span class='ocrx_word' id='word_1_129' title='bbox 1456 1477 1549 1530; x_wconf 86' lang='grc' dir='ltr'>τὸν</span> <span class='ocrx_word' id='word_1_130' title='bbox 1570 1478 1764 1547; x_wconf 83' lang='grc' dir='ltr'>Λόγον,</span> 
     </span>
    </p>
   </div>
   <div class='ocr_carea' id='block_1_18' title="bbox 172 1566 1767 1640">
    <p class='ocr_par' dir='ltr' id='par_1_18' title="bbox 172 1566 1767 1640">
     <span class='ocr_line' id='line_1_18' title="bbox 172 1566 1767 1640; baseline 0.003 -21"><span class='ocrx_word' id='word_1_131' title='bbox 172 1567 260 1619; x_wconf 79' lang='grc' dir='ltr'>ἵνα</span> <span class='ocrx_word' id='word_1_132' title='bbox 286 1566 349 1619; x_wconf 78' lang='grc' dir='ltr'>τὸ</span> <span class='ocrx_word' id='word_1_133' title='bbox 382 1567 542 1637; x_wconf 76' lang='grc' dir='ltr'>ἡμῶν</span> <span class='ocrx_word' id='word_1_134' title='bbox 571 1566 818 1637; x_wconf 83' lang='grc' dir='ltr'>ἀναλάϐῃ</span> <span class='ocrx_word' id='word_1_135' title='bbox 843 1566 1032 1637; x_wconf 73' lang='grc' dir='ltr'>σῶμαο</span> <span class='ocrx_word' id='word_1_136' title='bbox 1070 1586 1089 1618; x_wconf 79' lang='grc' dir='ltr'><strong>ι</strong></span> <span class='ocrx_word' id='word_1_137' title='bbox 1117 1568 1213 1631; x_wconf 85' lang='grc' dir='ltr'><strong>Τίς</strong></span> <span class='ocrx_word' id='word_1_138' title='bbox 1243 1567 1353 1640; x_wconf 80' lang='grc' dir='ltr'>δῴη</span> <span class='ocrx_word' id='word_1_139' title='bbox 1388 1585 1448 1621; x_wconf 87' lang='grc' dir='ltr'><strong>σε</strong></span> <span class='ocrx_word' id='word_1_140' title='bbox 1468 1608 1484 1632; x_wconf 86' lang='lat'><strong>,</strong></span> <span class='ocrx_word' id='word_1_141' title='bbox 1515 1568 1767 1640; x_wconf 82' lang='grc' dir='ltr'>άδελφιδέ</span> 
     </span>
    </p>
   </div>
   <div class='ocr_carea' id='block_1_19' title="bbox 173 1656 1764 1732">
    <p class='ocr_par' dir='ltr' id='par_1_19' title="bbox 173 1656 1764 1732">
     <span class='ocr_line' id='line_1_19' title="bbox 173 1656 1764 1732; baseline 0.003 -22"><span class='ocrx_word' id='word_1_142' title='bbox 173 1673 311 1727; x_wconf 84' lang='grc' dir='ltr'>μου,</span> <span class='ocrx_word' id='word_1_143' title='bbox 357 1656 663 1727; x_wconf 77' lang='grc' dir='ltr'>θηλάξοντα</span> <span class='ocrx_word' id='word_1_144' title='bbox 720 1659 958 1728; x_wconf 81' lang='grc' dir='ltr'>μαστοὺς</span> <span class='ocrx_word' id='word_1_145' title='bbox 1007 1658 1213 1729; x_wconf 85' lang='grc' dir='ltr'>μητρός</span> <span class='ocrx_word' id='word_1_146' title='bbox 1257 1676 1393 1730; x_wconf 76' lang='grc' dir='ltr'>μους</span> <span class='ocrx_word' id='word_1_147' title='bbox 1437 1659 1674 1732; x_wconf 79' lang='grc' dir='ltr'>εὑροῦσά</span> <span class='ocrx_word' id='word_1_148' title='bbox 1705 1678 1764 1715; x_wconf 88' lang='grc' dir='ltr'><strong>σε</strong></span> 
     </span>
    </p>
   </div>
   <div class='ocr_carea' id='block_1_20' title="bbox 1878 475 3461 548">
    <p class='ocr_par' dir='ltr' id='par_1_20' title="bbox 1878 475 3461 548">
     <span class='ocr_line' id='line_1_20' title="bbox 1878 475 3461 548; baseline 0.006 -20"><span class='ocrx_word' id='word_1_149' title='bbox 1878 475 2092 529; x_wconf 88' lang='lat' dir='ltr'><strong>centior</strong></span> <span class='ocrx_word' id='word_1_150' title='bbox 2131 476 2500 545; x_wconf 79' lang='lat' dir='ltr'><strong>exspectanda</strong></span> <span class='ocrx_word' id='word_1_151' title='bbox 2530 477 2855 548; x_wconf 87' lang='lat' dir='ltr'><strong>promissio.</strong></span> <span class='ocrx_word' id='word_1_152' title='bbox 2908 479 3089 536; x_wconf 83' lang='lat' dir='ltr'><strong>Semel</strong></span> <span class='ocrx_word' id='word_1_153' title='bbox 3138 483 3284 537; x_wconf 90' lang='lat' dir='ltr'><strong>enim</strong></span> <span class='ocrx_word' id='word_1_154' title='bbox 3322 481 3461 538; x_wconf 77' lang='lat' dir='ltr'><strong>Ver—</strong></span> 
     </span>
    </p>
   </div>
   <div class='ocr_carea' id='block_1_21' title="bbox 1877 566 3458 641">
    <p class='ocr_par' dir='ltr' id='par_1_21' title="bbox 1877 566 3458 641">
     <span class='ocr_line' id='line_1_21' title="bbox 1877 566 3458 641; baseline 0.004 -20"><span class='ocrx_word' id='word_1_155' title='bbox 1877 566 2004 622; x_wconf 86' lang='lat' dir='ltr'><strong>bum</strong></span> <span class='ocrx_word' id='word_1_156' title='bbox 2034 582 2165 623; x_wconf 90' lang='lat' dir='ltr'><strong>caro</strong></span> <span class='ocrx_word' id='word_1_157' title='bbox 2208 566 2408 623; x_wconf 81' lang='lat' dir='ltr'><strong>factum</strong></span> <span class='ocrx_word' id='word_1_158' title='bbox 2456 577 2562 633; x_wconf 88' lang='lat' dir='ltr'><strong>est,</strong></span> <span class='ocrx_word' id='word_1_159' title='bbox 2595 585 2846 641; x_wconf 90' lang='lat' dir='ltr'><strong>opusque</strong></span> <span class='ocrx_word' id='word_1_160' title='bbox 2895 575 3318 630; x_wconf 74' lang='lat' dir='ltr'><strong>consummavit.</strong></span> <span class='ocrx_word' id='word_1_161' title='bbox 3362 573 3458 628; x_wconf 83' lang='lat' dir='ltr'><strong>Est</strong></span> 
     </span>
    </p>
   </div>
   <div class='ocr_carea' id='block_1_22' title="bbox 1876 659 3458 734">
    <p class='ocr_par' dir='ltr' id='par_1_22' title="bbox 1876 659 3458 734">
     <span class='ocr_line' id='line_1_22' title="bbox 1876 659 3458 734; baseline 0.004 -21"><span class='ocrx_word' id='word_1_162' title='bbox 1876 666 2055 713; x_wconf 89' lang='lat' dir='ltr'><strong>autem</strong></span> <span class='ocrx_word' id='word_1_163' title='bbox 2086 666 2235 714; x_wconf 91' lang='lat' dir='ltr'><strong>totus</strong></span> <span class='ocrx_word' id='word_1_164' title='bbox 2288 659 2561 730; x_wconf 30' lang='lat' dir='ltr'><strong>hiciliber</strong></span> <span class='ocrx_word' id='word_1_165' title='bbox 2617 661 2814 731; x_wconf 91' lang='lat' dir='ltr'><strong>plenus</strong></span> <span class='ocrx_word' id='word_1_166' title='bbox 2867 662 3204 734; x_wconf 77' lang='lat' dir='ltr'><strong>dialogorum</strong></span> <span class='ocrx_word' id='word_1_167' title='bbox 3254 665 3458 719; x_wconf 88' lang='lat' dir='ltr'><strong>veteris</strong></span> 
     </span>
    </p>
   </div>
   <div class='ocr_carea' id='block_1_23' title="bbox 1872 750 3458 826">
    <p class='ocr_par' dir='ltr' id='par_1_23' title="bbox 1872 750 3458 826">
     <span class='ocr_line' id='line_1_23' title="bbox 1872 750 3458 826; baseline 0.003 -20"><span class='ocrx_word' id='word_1_168' title='bbox 1872 751 2061 821; x_wconf 86' lang='lat' dir='ltr'><strong>populi</strong></span> <span class='ocrx_word' id='word_1_169' title='bbox 2084 751 2151 806; x_wconf 90' lang='lat' dir='ltr'><strong>ad</strong></span> <span class='ocrx_word' id='word_1_170' title='bbox 2177 750 2438 817; x_wconf 83' lang='lat' dir='ltr'><strong>Verbum,</strong></span> <span class='ocrx_word' id='word_1_171' title='bbox 2470 762 2525 808; x_wconf 87' lang='lat' dir='ltr'><strong>et</strong></span> <span class='ocrx_word' id='word_1_172' title='bbox 2561 754 2874 809; x_wconf 76' lang='lat' dir='ltr'><strong>summatim</strong></span> <span class='ocrx_word' id='word_1_173' title='bbox 2900 754 3123 809; x_wconf 87' lang='lat' dir='ltr'><strong>humani</strong></span> <span class='ocrx_word' id='word_1_174' title='bbox 3148 757 3364 826; x_wconf 77' lang='lat' dir='ltr'><strong>generis</strong></span> <span class='ocrx_word' id='word_1_175' title='bbox 3387 756 3458 811; x_wconf 89' lang='lat' dir='ltr'><strong>ad</strong></span> 
     </span>
    </p>
   </div>
   <div class='ocr_carea' id='block_1_24' title="bbox 1875 836 3453 913">
    <p class='ocr_par' dir='ltr' id='par_1_24' title="bbox 1875 836 3453 913">
     <span class='ocr_line' id='line_1_24' title="bbox 1875 836 3453 913; baseline 0.003 -19"><span class='ocrx_word' id='word_1_176' title='bbox 1875 836 2135 906; x_wconf 73' lang='lat' dir='ltr'><strong>Verbum’,</strong></span> <span class='ocrx_word' id='word_1_177' title='bbox 2164 851 2217 896; x_wconf 86' lang='lat' dir='ltr'><strong>et</strong></span> <span class='ocrx_word' id='word_1_178' title='bbox 2244 841 2500 898; x_wconf 81' lang='lat' dir='ltr'><strong>Ecclesiae</strong></span> <span class='ocrx_word' id='word_1_179' title='bbox 2528 858 2594 897; x_wconf 87' lang='lat' dir='ltr'><strong>ex</strong></span> <span class='ocrx_word' id='word_1_180' title='bbox 2621 842 2877 913; x_wconf 72' lang='lat' dir='ltr'><strong>gentibus</strong></span> <span class='ocrx_word' id='word_1_181' title='bbox 2910 851 3116 899; x_wconf 71' lang='lat' dir='ltr'><strong>coacta:</strong></span> <span class='ocrx_word' id='word_1_182' title='bbox 3157 844 3226 899; x_wconf 89' lang='lat' dir='ltr'><strong>ad</strong></span> <span class='ocrx_word' id='word_1_183' title='bbox 3273 845 3415 899; x_wconf 90' lang='lat' dir='ltr'><strong>idem</strong></span> <span class='ocrx_word' id='word_1_184' title='bbox 3436 885 3453 911; x_wconf 92' lang='lat'><strong>,</strong></span> 
     </span>
    </p>
   </div>
   <div class='ocr_carea' id='block_1_25' title="bbox 1872 933 3452 1005">
    <p class='ocr_par' dir='ltr' id='par_1_25' title="bbox 1872 933 3452 1005">
     <span class='ocr_line' id='line_1_25' title="bbox 1872 933 3452 1005; baseline 0.001 -17"><span class='ocrx_word' id='word_1_185' title='bbox 1872 941 1925 988; x_wconf 84' lang='lat' dir='ltr'><strong>et</strong></span> <span class='ocrx_word' id='word_1_186' title='bbox 1955 949 2151 995; x_wconf 46' lang='lat' dir='ltr'><strong>rursus.</strong></span> <span class='ocrx_word' id='word_1_187' title='bbox 2168 933 2331 989; x_wconf 90' lang='lat' dir='ltr'><strong>Verbi</strong></span> <span class='ocrx_word' id='word_1_188' title='bbox 2363 934 2431 989; x_wconf 93' lang='lat' dir='ltr'><strong>ad</strong></span> <span class='ocrx_word' id='word_1_189' title='bbox 2461 934 2732 1000; x_wconf 84' lang='lat' dir='ltr'><strong>eamdem,</strong></span> <span class='ocrx_word' id='word_1_190' title='bbox 2757 942 2811 989; x_wconf 89' lang='lat' dir='ltr'><strong>et</strong></span> <span class='ocrx_word' id='word_1_191' title='bbox 2834 934 2902 989; x_wconf 90' lang='lat' dir='ltr'><strong>ad</strong></span> <span class='ocrx_word' id='word_1_192' title='bbox 2934 951 3107 1005; x_wconf 83' lang='lat' dir='ltr'><strong>genus</strong></span> <span class='ocrx_word' id='word_1_193' title='bbox 3129 936 3452 991; x_wconf 90' lang='lat' dir='ltr'><strong>humanum.</strong></span> 
     </span>
    </p>
   </div>
   <div class='ocr_carea' id='block_1_26' title="bbox 1872 1022 3456 1095">
    <p class='ocr_par' dir='ltr' id='par_1_26' title="bbox 1872 1022 3456 1095">
     <span class='ocr_line' id='line_1_26' title="bbox 1872 1022 3456 1095; baseline 0.003 -19"><span class='ocrx_word' id='word_1_194' title='bbox 1872 1022 2077 1079; x_wconf 88' lang='lat' dir='ltr'><strong>Deinde</strong></span> <span class='ocrx_word' id='word_1_195' title='bbox 2105 1024 2349 1095; x_wconf 88' lang='lat' dir='ltr'><strong>gentium</strong></span> <span class='ocrx_word' id='word_1_196' title='bbox 2401 1023 2470 1078; x_wconf 89' lang='lat' dir='ltr'><strong>ad</strong></span> <span class='ocrx_word' id='word_1_197' title='bbox 2522 1022 2826 1080; x_wconf 83' lang='lat' dir='ltr'><strong>Jerusalem</strong></span> <span class='ocrx_word' id='word_1_198' title='bbox 2848 1065 2862 1089; x_wconf 89' lang='lat'><strong>,</strong></span> <span class='ocrx_word' id='word_1_199' title='bbox 2904 1032 2959 1080; x_wconf 90' lang='lat' dir='ltr'><strong>et</strong></span> <span class='ocrx_word' id='word_1_200' title='bbox 2992 1024 3294 1080; x_wconf 84' lang='lat' dir='ltr'><strong>Jerusalem</strong></span> <span class='ocrx_word' id='word_1_201' title='bbox 3317 1064 3333 1090; x_wconf 93' lang='lat'><strong>,</strong></span> <span class='ocrx_word' id='word_1_202' title='bbox 3387 1025 3456 1080; x_wconf 90' lang='lat' dir='ltr'><strong>de</strong></span> 
     </span>
    </p>
   </div>
   <div class='ocr_carea' id='block_1_27' title="bbox 1874 1113 3449 1186">
    <p class='ocr_par' dir='ltr' id='par_1_27' title="bbox 1874 1113 3449 1186">
     <span class='ocr_line' id='line_1_27' title="bbox 1874 1113 3449 1186; baseline 0.001 -19"><span class='ocrx_word' id='word_1_203' title='bbox 1874 1113 2115 1171; x_wconf 84' lang='lat' dir='ltr'><strong>Ecclesia</strong></span> <span class='ocrx_word' id='word_1_204' title='bbox 2146 1132 2213 1170; x_wconf 86' lang='lat' dir='ltr'><strong>ex</strong></span> <span class='ocrx_word' id='word_1_205' title='bbox 2245 1113 2498 1186; x_wconf 75' lang='lat' dir='ltr'><strong>gentibus</strong></span> <span class='ocrx_word' id='word_1_206' title='bbox 2527 1124 2717 1169; x_wconf 89' lang='lat' dir='ltr'><strong>coacta</strong></span> <span class='ocrx_word' id='word_1_207' title='bbox 2748 1123 2803 1170; x_wconf 91' lang='lat' dir='ltr'><strong>et</strong></span> <span class='ocrx_word' id='word_1_208' title='bbox 2831 1116 2898 1171; x_wconf 93' lang='lat' dir='ltr'><strong>de</strong></span> <span class='ocrx_word' id='word_1_209' title='bbox 2939 1116 3144 1186; x_wconf 89' lang='lat' dir='ltr'><strong>seipsa,</strong></span> <span class='ocrx_word' id='word_1_210' title='bbox 3181 1115 3449 1186; x_wconf 77' lang='lat' dir='ltr'><strong>dialogus.</strong></span> 
     </span>
    </p>
   </div>
   <div class='ocr_carea' id='block_1_28' title="bbox 1871 1206 3455 1280">
    <p class='ocr_par' dir='ltr' id='par_1_28' title="bbox 1871 1206 3455 1280">
     <span class='ocr_line' id='line_1_28' title="bbox 1871 1206 3455 1280; baseline 0 -19"><span class='ocrx_word' id='word_1_211' title='bbox 1871 1206 2067 1264; x_wconf 90' lang='lat' dir='ltr'><strong>Postea</strong></span> <span class='ocrx_word' id='word_1_212' title='bbox 2094 1215 2148 1263; x_wconf 92' lang='lat' dir='ltr'><strong>et</strong></span> <span class='ocrx_word' id='word_1_213' title='bbox 2180 1209 2607 1264; x_wconf 77' lang='lat' dir='ltr'><strong>ministrantium</strong></span> <span class='ocrx_word' id='word_1_214' title='bbox 2641 1208 2959 1280; x_wconf 81' lang='lat' dir='ltr'><strong>angelorum</strong></span> <span class='ocrx_word' id='word_1_215' title='bbox 2983 1208 3051 1263; x_wconf 90' lang='lat' dir='ltr'><strong>ad</strong></span> <span class='ocrx_word' id='word_1_216' title='bbox 3085 1208 3340 1264; x_wconf 87' lang='lat' dir='ltr'><strong>homines</strong></span> <span class='ocrx_word' id='word_1_217' title='bbox 3354 1222 3455 1261; x_wconf 87' lang='lat' dir='ltr'><strong>vo-</strong></span> 
     </span>
    </p>
   </div>
   <div class='ocr_carea' id='block_1_29' title="bbox 1871 1298 3453 1370">
    <p class='ocr_par' dir='ltr' id='par_1_29' title="bbox 1871 1298 3453 1370">
     <span class='ocr_line' id='line_1_29' title="bbox 1871 1298 3453 1370; baseline 0 -17"><span class='ocrx_word' id='word_1_218' title='bbox 1871 1306 2023 1354; x_wconf 86' lang='lat' dir='ltr'><strong>catos</strong></span> <span class='ocrx_word' id='word_1_219' title='bbox 2054 1298 2386 1369; x_wconf 65' lang='lat' dir='ltr'><strong>praedicatio.</strong></span> <span class='ocrx_word' id='word_1_220' title='bbox 2435 1298 2647 1355; x_wconf 82' lang='lat' dir='ltr'><strong>Veteris</strong></span> <span class='ocrx_word' id='word_1_221' title='bbox 2696 1301 2880 1370; x_wconf 86' lang='lat' dir='ltr'><strong>itaque</strong></span> <span class='ocrx_word' id='word_1_222' title='bbox 2932 1299 3117 1369; x_wconf 82' lang='lat' dir='ltr'><strong>populi</strong></span> <span class='ocrx_word' id='word_1_223' title='bbox 3175 1299 3453 1369; x_wconf 86' lang='lat' dir='ltr'><strong>precantis</strong></span> 
     </span>
    </p>
   </div>
   <div class='ocr_carea' id='block_1_30' title="bbox 1871 1388 3454 1463">
    <p class='ocr_par' dir='ltr' id='par_1_30' title="bbox 1871 1388 3454 1463">
     <span class='ocr_line' id='line_1_30' title="bbox 1871 1388 3454 1463; baseline 0.001 -18"><span class='ocrx_word' id='word_1_224' title='bbox 1871 1391 2050 1460; x_wconf 90' lang='lat' dir='ltr'><strong>ipsum</strong></span> <span class='ocrx_word' id='word_1_225' title='bbox 2085 1388 2370 1463; x_wconf 82' lang='lat' dir='ltr'><strong>(Verbum)</strong></span> <span class='ocrx_word' id='word_1_226' title='bbox 2399 1402 2458 1448; x_wconf 91' lang='lat' dir='ltr'><strong>ut</strong></span> <span class='ocrx_word' id='word_1_227' title='bbox 2493 1391 2871 1456; x_wconf 89' lang='lat' dir='ltr'><strong>descenderet,</strong></span> <span class='ocrx_word' id='word_1_228' title='bbox 2897 1400 2952 1446; x_wconf 87' lang='lat' dir='ltr'><strong>et</strong></span> <span class='ocrx_word' id='word_1_229' title='bbox 2973 1390 3125 1445; x_wconf 87' lang='lat' dir='ltr'><strong>carni</strong></span> <span class='ocrx_word' id='word_1_230' title='bbox 3152 1391 3454 1461; x_wconf 80' lang='lat' dir='ltr'><strong>conjunge-</strong></span> 
     </span>
    </p>
   </div>
   <div class='ocr_carea' id='block_1_31' title="bbox 1868 1479 3447 1549">
    <p class='ocr_par' dir='ltr' id='par_1_31' title="bbox 1868 1479 3447 1549">
     <span class='ocr_line' id='line_1_31' title="bbox 1868 1479 3447 1549; baseline 0.001 -15"><span class='ocrx_word' id='word_1_231' title='bbox 1868 1488 2042 1545; x_wconf 90' lang='lat' dir='ltr'><strong>retur,</strong></span> <span class='ocrx_word' id='word_1_232' title='bbox 2077 1480 2193 1535; x_wconf 69' lang='lat' dir='ltr'><strong>hazc</strong></span> <span class='ocrx_word' id='word_1_233' title='bbox 2218 1487 2348 1535; x_wconf 88' lang='lat' dir='ltr'><strong>sunt</strong></span> <span class='ocrx_word' id='word_1_234' title='bbox 2378 1499 2391 1536; x_wconf 93' lang='lat'><strong>:</strong></span> <span class='ocrx_word' id='word_1_235' title='bbox 2429 1498 2450 1539; x_wconf 73' lang='grc' dir='ltr'><strong>ι</strong></span> <span class='ocrx_word' id='word_1_236' title='bbox 2476 1479 2770 1537; x_wconf 88' lang='lat' dir='ltr'><strong>Osculetur</strong></span> <span class='ocrx_word' id='word_1_237' title='bbox 2806 1494 2894 1535; x_wconf 88' lang='lat' dir='ltr'><strong>me</strong></span> <span class='ocrx_word' id='word_1_238' title='bbox 2935 1480 3143 1547; x_wconf 83' lang='lat' dir='ltr'><strong>osculis</strong></span> <span class='ocrx_word' id='word_1_239' title='bbox 3175 1482 3290 1537; x_wconf 90' lang='lat' dir='ltr'><strong>oris</strong></span> <span class='ocrx_word' id='word_1_240' title='bbox 3321 1482 3447 1549; x_wconf 88' lang='lat' dir='ltr'><strong>sui;</strong></span> 
     </span>
    </p>
   </div>
   <div class='ocr_carea' id='block_1_32' title="bbox 1868 1571 3453 1641">
    <p class='ocr_par' dir='ltr' id='par_1_32' title="bbox 1868 1571 3453 1641">
     <span class='ocr_line' id='line_1_32' title="bbox 1868 1571 3453 1641; baseline 0.004 -19"><span class='ocrx_word' id='word_1_241' title='bbox 1868 1571 2124 1641; x_wconf 88' lang='lat' dir='ltr'><strong>quoniam</strong></span> <span class='ocrx_word' id='word_1_242' title='bbox 2154 1573 2381 1628; x_wconf 87' lang='lat' dir='ltr'><strong>meliora</strong></span> <span class='ocrx_word' id='word_1_243' title='bbox 2414 1578 2544 1627; x_wconf 89' lang='lat' dir='ltr'><strong>sunt</strong></span> <span class='ocrx_word' id='word_1_244' title='bbox 2571 1572 2741 1628; x_wconf 80' lang='lat' dir='ltr'><strong>ubera</strong></span> <span class='ocrx_word' id='word_1_245' title='bbox 2771 1577 2868 1626; x_wconf 86' lang='lat' dir='ltr'><strong>tua</strong></span> <span class='ocrx_word' id='word_1_246' title='bbox 2905 1572 3035 1627; x_wconf 89' lang='lat' dir='ltr'><strong>vino</strong></span> <span class='ocrx_word' id='word_1_247' title='bbox 3079 1571 3144 1627; x_wconf 85' lang='grc'><strong>³³.</strong></span> <span class='ocrx_word' id='word_1_248' title='bbox 3183 1589 3203 1624; x_wconf 73' lang='grc' dir='ltr'><strong>ι</strong></span> <span class='ocrx_word' id='word_1_249' title='bbox 3254 1571 3321 1626; x_wconf 82' lang='grc' dir='ltr'>Ει</span> <span class='ocrx_word' id='word_1_250' title='bbox 3348 1572 3453 1628; x_wconf 90' lang='lat' dir='ltr'><strong>ite-</strong></span> 
     </span>
    </p>
   </div>
   <div class='ocr_carea' id='block_1_33' title="bbox 1869 1660 3452 1729">
    <p class='ocr_par' dir='ltr' id='par_1_33' title="bbox 1869 1660 3452 1729">
     <span class='ocr_line' id='line_1_33' title="bbox 1869 1660 3452 1729; baseline 0.002 -15"><span class='ocrx_word' id='word_1_251' title='bbox 1869 1675 1991 1714; x_wconf 90' lang='lat' dir='ltr'><strong>rum</strong></span> <span class='ocrx_word' id='word_1_252' title='bbox 2019 1661 2266 1716; x_wconf 86' lang='lat' dir='ltr'><strong>hortatur</strong></span> <span class='ocrx_word' id='word_1_253' title='bbox 2297 1662 2385 1718; x_wconf 90' lang='lat' dir='ltr'><strong>his</strong></span> <span class='ocrx_word' id='word_1_254' title='bbox 2415 1662 2599 1718; x_wconf 79' lang='lat' dir='ltr'><strong>verbis</strong></span> <span class='ocrx_word' id='word_1_255' title='bbox 2625 1680 2639 1717; x_wconf 91' lang='lat'><strong>:</strong></span> <span class='ocrx_word' id='word_1_256' title='bbox 2671 1677 2696 1714; x_wconf 75' lang='grc' dir='ltr'><strong>ε</strong></span> <span class='ocrx_word' id='word_1_257' title='bbox 2748 1660 2902 1717; x_wconf 87' lang='lat' dir='ltr'><strong>Nova</strong></span> <span class='ocrx_word' id='word_1_258' title='bbox 2932 1669 2986 1717; x_wconf 91' lang='lat' dir='ltr'><strong>et</strong></span> <span class='ocrx_word' id='word_1_259' title='bbox 3015 1668 3202 1729; x_wconf 76' lang='lat' dir='ltr'><strong>vetera</strong></span> <span class='ocrx_word' id='word_1_260' title='bbox 3234 1660 3452 1717; x_wconf 83' lang='lat' dir='ltr'><strong>servavi</strong></span> 
     </span>
    </p>
   </div>
   <div class='ocr_carea' id='block_1_34' title="bbox 169 1742 1756 1828">
    <p class='ocr_par' dir='ltr' id='par_1_34' title="bbox 169 1749 1756 1828">
     <span class='ocr_line' id='line_1_34' title="bbox 169 1749 1756 1828; baseline 0.004 -26"><span class='ocrx_word' id='word_1_261' title='bbox 169 1751 295 1815; x_wconf 70' lang='grc' dir='ltr'>ἔξω,</span> <span class='ocrx_word' id='word_1_262' title='bbox 326 1751 543 1821; x_wconf 74' lang='grc' dir='ltr'>φιλήσω</span> <span class='ocrx_word' id='word_1_263' title='bbox 570 1768 653 1813; x_wconf 86' lang='grc' dir='ltr'><strong>σε,</strong></span> <span class='ocrx_word' id='word_1_264' title='bbox 681 1752 776 1804; x_wconf 72' lang='grc' dir='ltr'>καὶ</span> <span class='ocrx_word' id='word_1_265' title='bbox 804 1749 904 1804; x_wconf 75' lang='grc' dir='ltr'>οῦκ</span> <span class='ocrx_word' id='word_1_266' title='bbox 928 1750 1335 1823; x_wconf 79' lang='grc' dir='ltr'>ἑξουδενήσουσί</span> <span class='ocrx_word' id='word_1_267' title='bbox 1364 1770 1452 1825; x_wconf 89' lang='grc' dir='ltr'><strong>με.</strong></span> <span class='ocrx_word' id='word_1_268' title='bbox 1509 1754 1756 1828; x_wconf 68' lang='grc' dir='ltr'>Παραλή-</span> 
     </span>
    </p>
   </div>
   <div class='ocr_carea' id='block_1_35' title="bbox 1858 1742 3445 1828">
    <p class='ocr_par' dir='ltr' id='par_1_35' title="bbox 1868 1753 3445 1822">
     <span class='ocr_line' id='line_1_35' title="bbox 1868 1753 3445 1822; baseline -0.001 -14"><span class='ocrx_word' id='word_1_269' title='bbox 1868 1754 1991 1822; x_wconf 88' lang='lat' dir='ltr'><strong>tihi,</strong></span> <span class='ocrx_word' id='word_1_270' title='bbox 2023 1753 2222 1809; x_wconf 90' lang='lat' dir='ltr'><strong>dilecte</strong></span> <span class='ocrx_word' id='word_1_271' title='bbox 2253 1755 2328 1809; x_wconf 89' lang='lat' dir='ltr'><strong>mi</strong></span> <span class='ocrx_word' id='word_1_272' title='bbox 2373 1754 2441 1808; x_wconf 76' lang='lat'><strong>&quot;.</strong></span> <span class='ocrx_word' id='word_1_273' title='bbox 2490 1773 2511 1808; x_wconf 73' lang='grc' dir='ltr'><strong>ι</strong></span> <span class='ocrx_word' id='word_1_274' title='bbox 2556 1754 2619 1809; x_wconf 90' lang='lat' dir='ltr'><strong>In</strong></span> <span class='ocrx_word' id='word_1_275' title='bbox 2674 1768 2966 1809; x_wconf 89' lang='lat' dir='ltr'><strong>commune</strong></span> <span class='ocrx_word' id='word_1_276' title='bbox 3012 1768 3141 1809; x_wconf 86' lang='lat' dir='ltr'><strong>vero</strong></span> <span class='ocrx_word' id='word_1_277' title='bbox 3195 1754 3445 1809; x_wconf 89' lang='lat' dir='ltr'><strong>omnium</strong></span> 
     </span>
    </p>
   </div>
   <div class='ocr_carea' id='block_1_36' title="bbox 166 1838 1765 1916">
    <p class='ocr_par' dir='ltr' id='par_1_36' title="bbox 166 1838 1765 1916">
     <span class='ocr_line' id='line_1_36' title="bbox 166 1838 1765 1916; baseline 0.005 -22"><span class='ocrx_word' id='word_1_278' title='bbox 166 1841 344 1913; x_wconf 76' lang='grc' dir='ltr'>ψομαί</span> <span class='ocrx_word' id='word_1_279' title='bbox 372 1859 455 1907; x_wconf 84' lang='grc' dir='ltr'><strong>σε,</strong></span> <span class='ocrx_word' id='word_1_280' title='bbox 480 1841 681 1906; x_wconf 80' lang='grc' dir='ltr'><strong>εἰσάξω</strong></span> <span class='ocrx_word' id='word_1_281' title='bbox 714 1858 774 1895; x_wconf 90' lang='grc' dir='ltr'><strong>σε</strong></span> <span class='ocrx_word' id='word_1_282' title='bbox 802 1844 882 1905; x_wconf 80' lang='grc' dir='ltr'><strong>είς</strong></span> <span class='ocrx_word' id='word_1_283' title='bbox 910 1838 1060 1896; x_wconf 84' lang='grc' dir='ltr'>οἷκον</span> <span class='ocrx_word' id='word_1_284' title='bbox 1092 1843 1300 1916; x_wconf 86' lang='grc' dir='ltr'>μητρός</span> <span class='ocrx_word' id='word_1_285' title='bbox 1326 1862 1449 1916; x_wconf 89' lang='grc' dir='ltr'>μου,</span> <span class='ocrx_word' id='word_1_286' title='bbox 1485 1847 1579 1900; x_wconf 75' lang='grc' dir='ltr'>καὶ</span> <span class='ocrx_word' id='word_1_287' title='bbox 1602 1848 1685 1911; x_wconf 84' lang='grc' dir='ltr'><strong>είς</strong></span> <span class='ocrx_word' id='word_1_288' title='bbox 1703 1852 1765 1902; x_wconf 85' lang='grc' dir='ltr'>τὸ</span> 
     </span>
    </p>
   </div>
   <div class='ocr_carea' id='block_1_37' title="bbox 166 1931 1762 2007">
    <p class='ocr_par' dir='ltr' id='par_1_37' title="bbox 166 1931 1762 2007">
     <span class='ocr_line' id='line_1_37' title="bbox 166 1931 1762 2007; baseline 0.004 -23"><span class='ocrx_word' id='word_1_289' title='bbox 166 1933 393 2002; x_wconf 76' lang='grc' dir='ltr'>ταμεῖον</span> <span class='ocrx_word' id='word_1_290' title='bbox 423 1932 524 2003; x_wconf 90' lang='grc' dir='ltr'><strong>τῆς</strong></span> <span class='ocrx_word' id='word_1_291' title='bbox 565 1931 936 2003; x_wconf 82' lang='grc' dir='ltr'>συλλαϐούσης</span> <span class='ocrx_word' id='word_1_292' title='bbox 958 1949 1046 2002; x_wconf 89' lang='grc' dir='ltr'><strong>με.</strong></span> <span class='ocrx_word' id='word_1_293' title='bbox 1069 1953 1090 1985; x_wconf 72' lang='grc' dir='ltr'><strong>ι</strong></span> <span class='ocrx_word' id='word_1_294' title='bbox 1141 1935 1217 1986; x_wconf 85' lang='grc' dir='ltr'><strong>Οὐ</strong></span> <span class='ocrx_word' id='word_1_295' title='bbox 1251 1933 1356 2007; x_wconf 84' lang='grc' dir='ltr'><strong>γὰρ</strong></span> <span class='ocrx_word' id='word_1_296' title='bbox 1384 1934 1612 2003; x_wconf 73' lang='grc' dir='ltr'>ἔξωθεν,</span> <span class='ocrx_word' id='word_1_297' title='bbox 1646 1936 1762 1991; x_wconf 83' lang='grc' dir='ltr'>ἀλλ’</span> 
     </span>
    </p>
   </div>
   <div class='ocr_carea' id='block_1_38' title="bbox 164 2018 1762 2099">
    <p class='ocr_par' dir='ltr' id='par_1_38' title="bbox 164 2018 1762 2099">
     <span class='ocr_line' id='line_1_38' title="bbox 164 2018 1762 2099; baseline 0.006 -25"><span class='ocrx_word' id='word_1_298' title='bbox 164 2024 259 2093; x_wconf 73' lang='grc' dir='ltr'>ἀφ’</span> <span class='ocrx_word' id='word_1_299' title='bbox 282 2018 355 2093; x_wconf 79' lang='grc' dir='ltr'><strong>ῆς</strong></span> <span class='ocrx_word' id='word_1_300' title='bbox 386 2022 754 2095; x_wconf 70' lang='grc' dir='ltr'>ἐγεννήθημεν</span> <span class='ocrx_word' id='word_1_301' title='bbox 786 2024 999 2095; x_wconf 84' lang='grc' dir='ltr'>μήτρας</span> <span class='ocrx_word' id='word_1_302' title='bbox 1018 2064 1032 2087; x_wconf 90' lang='lat'><strong>,</strong></span> <span class='ocrx_word' id='word_1_303' title='bbox 1065 2025 1354 2081; x_wconf 84' lang='grc' dir='ltr'>ἀναλαϐεῖν</span> <span class='ocrx_word' id='word_1_304' title='bbox 1381 2029 1545 2081; x_wconf 82' lang='grc' dir='ltr'>αὑτὸν</span> <span class='ocrx_word' id='word_1_305' title='bbox 1577 2028 1762 2099; x_wconf 80' lang='grc' dir='ltr'>ἠξίουν</span> 
     </span>
    </p>
   </div>
   <div class='ocr_carea' id='block_1_39' title="bbox 163 2114 1757 2189">
    <p class='ocr_par' dir='ltr' id='par_1_39' title="bbox 163 2114 1757 2189">
     <span class='ocr_line' id='line_1_39' title="bbox 163 2114 1757 2189; baseline 0.005 -23"><span class='ocrx_word' id='word_1_306' title='bbox 163 2115 225 2167; x_wconf 73' lang='grc' dir='ltr'>τὸ</span> <span class='ocrx_word' id='word_1_307' title='bbox 251 2114 436 2185; x_wconf 88' lang='grc' dir='ltr'>σῶμα,</span> <span class='ocrx_word' id='word_1_308' title='bbox 468 2116 515 2168; x_wconf 86' lang='grc' dir='ltr'><strong>εί</strong></span> <span class='ocrx_word' id='word_1_309' title='bbox 546 2116 642 2168; x_wconf 75' lang='grc' dir='ltr'>καὶ</span> <span class='ocrx_word' id='word_1_310' title='bbox 665 2114 741 2187; x_wconf 86' lang='grc' dir='ltr'>μὴ</span> <span class='ocrx_word' id='word_1_311' title='bbox 769 2116 845 2181; x_wconf 85' lang='grc' dir='ltr'>ὡς</span> <span class='ocrx_word' id='word_1_312' title='bbox 875 2118 1036 2187; x_wconf 83' lang='grc' dir='ltr'>ἡμεῖς</span> <span class='ocrx_word' id='word_1_313' title='bbox 1056 2115 1116 2182; x_wconf 79' lang='grc' dir='ltr'>ἐξ</span> <span class='ocrx_word' id='word_1_314' title='bbox 1138 2117 1329 2189; x_wconf 75' lang='grc' dir='ltr'>ἀνδρὸς</span> <span class='ocrx_word' id='word_1_315' title='bbox 1358 2119 1453 2172; x_wconf 80' lang='grc' dir='ltr'>καὶ</span> <span class='ocrx_word' id='word_1_316' title='bbox 1476 2120 1757 2189; x_wconf 88' lang='grc' dir='ltr'>γυναικός.</span> 
     </span>
    </p>
   </div>
   <div class='ocr_carea' id='block_1_40' title="bbox 175 2206 1797 2283">
    <p class='ocr_par' dir='ltr' id='par_1_40' title="bbox 175 2206 1797 2283">
     <span class='ocr_line' id='line_1_40' title="bbox 175 2206 1797 2283; baseline 0.003 -23"><span class='ocrx_word' id='word_1_317' title='bbox 175 2207 273 2261; x_wconf 83' lang='grc' dir='ltr'>Ἐκ</span> <span class='ocrx_word' id='word_1_318' title='bbox 292 2208 407 2278; x_wconf 82' lang='grc' dir='ltr'><strong>γάρ</strong></span> <span class='ocrx_word' id='word_1_319' title='bbox 442 2206 608 2279; x_wconf 82' lang='grc' dir='ltr'>μόνης</span> <span class='ocrx_word' id='word_1_320' title='bbox 631 2208 908 2279; x_wconf 79' lang='grc' dir='ltr'>Παρθένου</span> <span class='ocrx_word' id='word_1_321' title='bbox 931 2250 946 2274; x_wconf 92' lang='grc'><strong>,</strong></span> <span class='ocrx_word' id='word_1_322' title='bbox 971 2208 1048 2273; x_wconf 86' lang='grc' dir='ltr'>ὡς</span> <span class='ocrx_word' id='word_1_323' title='bbox 1076 2208 1324 2281; x_wconf 82' lang='grc' dir='ltr'>πλάστης</span> <span class='ocrx_word' id='word_1_324' title='bbox 1342 2249 1358 2272; x_wconf 87' lang='grc'><strong>,</strong></span> <span class='ocrx_word' id='word_1_325' title='bbox 1391 2210 1569 2283; x_wconf 69' lang='grc' dir='ltr'>ἐαυτῷ</span> <span class='ocrx_word' id='word_1_326' title='bbox 1602 2211 1761 2265; x_wconf 81' lang='grc' dir='ltr'>ἔλαϐε</span> <span class='ocrx_word' id='word_1_327' title='bbox 1792 2240 1797 2249; x_wconf 73' lang='grc' dir='ltr'>ι</span> 
     </span>
    </p>
   </div>
   <div class='ocr_carea' id='block_1_41' title="bbox 158 2298 1755 2376">
    <p class='ocr_par' dir='ltr' id='par_1_41' title="bbox 158 2298 1755 2376">
     <span class='ocr_line' id='line_1_41' title="bbox 158 2298 1755 2376; baseline 0.002 -21"><span class='ocrx_word' id='word_1_328' title='bbox 158 2300 224 2355; x_wconf 71' lang='grc' dir='ltr'><strong>τὸ</strong></span> <span class='ocrx_word' id='word_1_329' title='bbox 268 2298 436 2371; x_wconf 82' lang='grc' dir='ltr'>σῶμα</span> <span class='ocrx_word' id='word_1_330' title='bbox 458 2339 475 2365; x_wconf 88' lang='grc'><strong>,</strong></span> <span class='ocrx_word' id='word_1_331' title='bbox 511 2298 651 2371; x_wconf 77' lang='grc' dir='ltr'>πλὴν</span> <span class='ocrx_word' id='word_1_332' title='bbox 689 2301 771 2354; x_wconf 84' lang='grc' dir='ltr'>ὃτι</span> <span class='ocrx_word' id='word_1_333' title='bbox 802 2300 862 2366; x_wconf 80' lang='grc' dir='ltr'>ἐξ</span> <span class='ocrx_word' id='word_1_334' title='bbox 899 2300 1187 2373; x_wconf 84' lang='grc' dir='ltr'>ἀνθρώπου</span> <span class='ocrx_word' id='word_1_335' title='bbox 1212 2317 1225 2332; x_wconf 75' lang='grc' dir='ltr'><strong>ο</strong></span> <span class='ocrx_word' id='word_1_336' title='bbox 1272 2302 1557 2374; x_wconf 79' lang='grc' dir='ltr'>ἄνθρωπος</span> <span class='ocrx_word' id='word_1_337' title='bbox 1586 2303 1695 2374; x_wconf 84' lang='grc' dir='ltr'>γὰρ</span> <span class='ocrx_word' id='word_1_338' title='bbox 1722 2307 1755 2376; x_wconf 80' lang='grc' dir='ltr'><strong>ή</strong></span> 
     </span>
    </p>
   </div>
   <div class='ocr_carea' id='block_1_42' title="bbox 159 2390 1759 2466">
    <p class='ocr_par' dir='ltr' id='par_1_42' title="bbox 159 2390 1759 2466">
     <span class='ocr_line' id='line_1_42' title="bbox 159 2390 1759 2466; baseline 0.003 -23"><span class='ocrx_word' id='word_1_339' title='bbox 159 2390 425 2456; x_wconf 76' lang='grc' dir='ltr'>Θεοτόκος</span> <span class='ocrx_word' id='word_1_340' title='bbox 453 2392 664 2464; x_wconf 85' lang='grc' dir='ltr'>Μαρία.</span> <span class='ocrx_word' id='word_1_341' title='bbox 726 2393 836 2448; x_wconf 71' lang='grc' dir='ltr'>Καὶ</span> <span class='ocrx_word' id='word_1_342' title='bbox 861 2392 955 2447; x_wconf 82' lang='grc' dir='ltr'>τοῦ</span> <span class='ocrx_word' id='word_1_343' title='bbox 987 2393 1163 2463; x_wconf 88' lang='grc' dir='ltr'>Λόγου</span> <span class='ocrx_word' id='word_1_344' title='bbox 1191 2394 1248 2447; x_wconf 87' lang='grc' dir='ltr'>δὲ</span> <span class='ocrx_word' id='word_1_345' title='bbox 1276 2394 1411 2466; x_wconf 84' lang='grc' dir='ltr'>πρὸς</span> <span class='ocrx_word' id='word_1_346' title='bbox 1437 2395 1564 2458; x_wconf 87' lang='grc' dir='ltr'>τοὺς</span> <span class='ocrx_word' id='word_1_347' title='bbox 1593 2394 1759 2462; x_wconf 77' lang='grc' dir='ltr'><strong>ἁξιώ-</strong></span> 
     </span>
    </p>
   </div>
   <div class='ocr_carea' id='block_1_43' title="bbox 162 2485 1761 2562">
    <p class='ocr_par' dir='ltr' id='par_1_43' title="bbox 162 2485 1761 2562">
     <span class='ocr_line' id='line_1_43' title="bbox 162 2485 1761 2562; baseline 0.005 -27"><span class='ocrx_word' id='word_1_348' title='bbox 162 2500 395 2549; x_wconf 73' lang='grc' dir='ltr'>σαντας,</span> <span class='ocrx_word' id='word_1_349' title='bbox 422 2485 896 2557; x_wconf 83' lang='grc' dir='ltr'>ἀναλαμϐάνοντος</span> <span class='ocrx_word' id='word_1_350' title='bbox 926 2486 1028 2559; x_wconf 80' lang='grc' dir='ltr'>ἧδη</span> <span class='ocrx_word' id='word_1_351' title='bbox 1056 2486 1152 2559; x_wconf 83' lang='grc' dir='ltr'>τὴν</span> <span class='ocrx_word' id='word_1_352' title='bbox 1185 2487 1364 2558; x_wconf 85' lang='grc' dir='ltr'>σάρκα</span> <span class='ocrx_word' id='word_1_353' title='bbox 1396 2489 1460 2541; x_wconf 88' lang='grc' dir='ltr'><strong>ἐκ</strong></span> <span class='ocrx_word' id='word_1_354' title='bbox 1483 2487 1586 2558; x_wconf 87' lang='grc' dir='ltr'><strong>τῆς</strong></span> <span class='ocrx_word' id='word_1_355' title='bbox 1610 2489 1761 2562; x_wconf 87' lang='grc' dir='ltr'>Παρ-</span> 
     </span>
    </p>
   </div>
   <div class='ocr_carea' id='block_1_44' title="bbox 162 2575 1755 2654">
    <p class='ocr_par' dir='ltr' id='par_1_44' title="bbox 162 2575 1755 2654">
     <span class='ocr_line' id='line_1_44' title="bbox 162 2575 1755 2654; baseline 0.004 -25"><span class='ocrx_word' id='word_1_356' title='bbox 162 2575 338 2641; x_wconf 78' lang='grc' dir='ltr'>θένου,</span> <span class='ocrx_word' id='word_1_357' title='bbox 370 2576 546 2631; x_wconf 79' lang='grc' dir='ltr'>ταῦτα</span> <span class='ocrx_word' id='word_1_358' title='bbox 566 2594 581 2608; x_wconf 76' lang='grc' dir='ltr'><strong>ο</strong></span> <span class='ocrx_word' id='word_1_359' title='bbox 621 2597 642 2630; x_wconf 76' lang='grc' dir='ltr'><strong>ι</strong></span> <span class='ocrx_word' id='word_1_360' title='bbox 662 2578 927 2649; x_wconf 83' lang='grc' dir='ltr'>Εἱσῆλθον</span> <span class='ocrx_word' id='word_1_361' title='bbox 954 2580 1034 2643; x_wconf 74' lang='grc' dir='ltr'><strong>εἰς</strong></span> <span class='ocrx_word' id='word_1_362' title='bbox 1064 2580 1240 2651; x_wconf 85' lang='grc' dir='ltr'>κῆπόν</span> <span class='ocrx_word' id='word_1_363' title='bbox 1273 2597 1397 2652; x_wconf 90' lang='grc' dir='ltr'>μου,</span> <span class='ocrx_word' id='word_1_364' title='bbox 1424 2579 1624 2653; x_wconf 81' lang='grc' dir='ltr'>ἀδελφή</span> <span class='ocrx_word' id='word_1_365' title='bbox 1653 2599 1755 2654; x_wconf 91' lang='grc' dir='ltr'><strong>μου</strong></span> 
     </span>
    </p>
   </div>
   <div class='ocr_carea' id='block_1_45' title="bbox 158 2669 1753 2744">
    <p class='ocr_par' dir='ltr' id='par_1_45' title="bbox 158 2669 1753 2744">
     <span class='ocr_line' id='line_1_45' title="bbox 158 2669 1753 2744; baseline 0.003 -23"><span class='ocrx_word' id='word_1_366' title='bbox 158 2670 372 2740; x_wconf 74' lang='grc' dir='ltr'>νύμφη,</span> <span class='ocrx_word' id='word_1_367' title='bbox 399 2669 680 2742; x_wconf 86' lang='grc' dir='ltr'>ἐτρύγησα</span> <span class='ocrx_word' id='word_1_368' title='bbox 710 2669 956 2742; x_wconf 83' lang='grc' dir='ltr'>σμύρναν</span> <span class='ocrx_word' id='word_1_369' title='bbox 992 2689 1095 2742; x_wconf 86' lang='grc' dir='ltr'><strong>μου</strong></span> <span class='ocrx_word' id='word_1_370' title='bbox 1133 2670 1272 2742; x_wconf 86' lang='grc' dir='ltr'><strong>μετά</strong></span> <span class='ocrx_word' id='word_1_371' title='bbox 1298 2672 1609 2744; x_wconf 81' lang='grc' dir='ltr'>ἀρωμάτων</span> <span class='ocrx_word' id='word_1_372' title='bbox 1631 2691 1753 2744; x_wconf 91' lang='grc' dir='ltr'>μου,</span> 
     </span>
    </p>
   </div>
   <div class='ocr_carea' id='block_1_46' title="bbox 157 2759 1752 2837">
    <p class='ocr_par' dir='ltr' id='par_1_46' title="bbox 157 2759 1752 2837">
     <span class='ocr_line' id='line_1_46' title="bbox 157 2759 1752 2837; baseline 0.003 -22"><span class='ocrx_word' id='word_1_373' title='bbox 157 2762 375 2832; x_wconf 72' lang='grc' dir='ltr'>ἔφαγον.</span> <span class='ocrx_word' id='word_1_374' title='bbox 391 2763 556 2835; x_wconf 81' lang='grc' dir='ltr'>ἄρτον</span> <span class='ocrx_word' id='word_1_375' title='bbox 585 2780 686 2833; x_wconf 91' lang='grc' dir='ltr'><strong>μου</strong></span> <span class='ocrx_word' id='word_1_376' title='bbox 721 2764 858 2831; x_wconf 85' lang='grc' dir='ltr'><strong>μετά</strong></span> <span class='ocrx_word' id='word_1_377' title='bbox 884 2763 1098 2835; x_wconf 84' lang='grc' dir='ltr'>μέλιτός</span> <span class='ocrx_word' id='word_1_378' title='bbox 1133 2781 1259 2834; x_wconf 92' lang='grc' dir='ltr'>μου,</span> <span class='ocrx_word' id='word_1_379' title='bbox 1294 2763 1448 2818; x_wconf 77' lang='grc' dir='ltr'>ἔπιον</span> <span class='ocrx_word' id='word_1_380' title='bbox 1469 2759 1613 2819; x_wconf 79' lang='grc' dir='ltr'>οἶνόν</span> <span class='ocrx_word' id='word_1_381' title='bbox 1649 2781 1752 2837; x_wconf 90' lang='grc' dir='ltr'><strong>μου</strong></span> 
     </span>
    </p>
   </div>
   <div class='ocr_carea' id='block_1_47' title="bbox 162 2855 1757 2930">
    <p class='ocr_par' dir='ltr' id='par_1_47' title="bbox 162 2855 1757 2930">
     <span class='ocr_line' id='line_1_47' title="bbox 162 2855 1757 2930; baseline 0.003 -22"><span class='ocrx_word' id='word_1_382' title='bbox 162 2855 302 2925; x_wconf 79' lang='grc' dir='ltr'>μετὰ</span> <span class='ocrx_word' id='word_1_383' title='bbox 320 2856 593 2925; x_wconf 80' lang='grc' dir='ltr'>γάλακτός</span> <span class='ocrx_word' id='word_1_384' title='bbox 629 2873 754 2927; x_wconf 90' lang='grc' dir='ltr'>μου.</span> <span class='ocrx_word' id='word_1_385' title='bbox 779 2874 798 2907; x_wconf 76' lang='grc' dir='ltr'><strong>ι</strong></span> <span class='ocrx_word' id='word_1_386' title='bbox 832 2857 926 2920; x_wconf 76' lang='grc' dir='ltr'>Εἰς</span> <span class='ocrx_word' id='word_1_387' title='bbox 952 2857 1063 2930; x_wconf 77' lang='grc' dir='ltr'><strong>γάρ</strong></span> <span class='ocrx_word' id='word_1_388' title='bbox 1087 2858 1178 2911; x_wconf 79' lang='grc' dir='ltr'>τὸν</span> <span class='ocrx_word' id='word_1_389' title='bbox 1216 2857 1346 2912; x_wconf 75' lang='grc' dir='ltr'>ἴδιον</span> <span class='ocrx_word' id='word_1_390' title='bbox 1379 2857 1557 2928; x_wconf 88' lang='grc' dir='ltr'>κῆπον</span> <span class='ocrx_word' id='word_1_391' title='bbox 1580 2858 1757 2913; x_wconf 78' lang='grc' dir='ltr'>εἰσελ-</span> 
     </span>
    </p>
   </div>
   <div class='ocr_carea' id='block_1_48' title="bbox 156 2945 1754 3022">
    <p class='ocr_par' dir='ltr' id='par_1_48' title="bbox 156 2945 1754 3022">
     <span class='ocr_line' id='line_1_48' title="bbox 156 2945 1754 3022; baseline 0.004 -24"><span class='ocrx_word' id='word_1_392' title='bbox 156 2945 300 3012; x_wconf 83' lang='grc' dir='ltr'>θὼν,</span> <span class='ocrx_word' id='word_1_393' title='bbox 334 2946 436 3019; x_wconf 79' lang='grc' dir='ltr'><strong>τὴν</strong></span> <span class='ocrx_word' id='word_1_394' title='bbox 477 2948 688 3014; x_wconf 84' lang='grc' dir='ltr'>κτίσιν,</span> <span class='ocrx_word' id='word_1_395' title='bbox 721 2947 911 3003; x_wconf 79' lang='grc' dir='ltr'>ἔλαϐεν</span> <span class='ocrx_word' id='word_1_396' title='bbox 949 2948 1128 3020; x_wconf 84' lang='grc' dir='ltr'>ἐαυτῷ</span> <span class='ocrx_word' id='word_1_397' title='bbox 1150 2951 1217 3003; x_wconf 90' lang='grc' dir='ltr'><strong>ἐκ</strong></span> <span class='ocrx_word' id='word_1_398' title='bbox 1241 2951 1343 3020; x_wconf 85' lang='grc' dir='ltr'><strong>τῆς</strong></span> <span class='ocrx_word' id='word_1_399' title='bbox 1381 2950 1659 3022; x_wconf 81' lang='grc' dir='ltr'>Παρθένου</span> <span class='ocrx_word' id='word_1_400' title='bbox 1692 2948 1754 3004; x_wconf 85' lang='grc' dir='ltr'><strong>τὺ</strong></span> 
     </span>
    </p>
   </div>
   <div class='ocr_carea' id='block_1_49' title="bbox 158 3038 1823 3145">
    <p class='ocr_par' dir='ltr' id='par_1_49' title="bbox 158 3038 1823 3145">
     <span class='ocr_line' id='line_1_49' title="bbox 158 3038 1823 3145; baseline 0.001 -53"><span class='ocrx_word' id='word_1_401' title='bbox 158 3038 340 3110; x_wconf 84' lang='grc' dir='ltr'>σῶμα,</span> <span class='ocrx_word' id='word_1_402' title='bbox 363 3040 475 3145; x_wconf 59' lang='grc' dir='ltr'>καὶ</span> <span class='ocrx_word' id='word_1_403' title='bbox 503 3040 727 3109; x_wconf 89' lang='grc' dir='ltr'>γέγονεν</span> <span class='ocrx_word' id='word_1_404' title='bbox 752 3040 1056 3113; x_wconf 82' lang='grc' dir='ltr'>ἄνθρωπος.</span> <span class='ocrx_word' id='word_1_405' title='bbox 1106 3042 1310 3113; x_wconf 82' lang='grc' dir='ltr'>Θνητὸν</span> <span class='ocrx_word' id='word_1_406' title='bbox 1344 3042 1442 3113; x_wconf 85' lang='grc' dir='ltr'>μὲν</span> <span class='ocrx_word' id='word_1_407' title='bbox 1468 3038 1537 3114; x_wconf 82' lang='grc' dir='ltr'>ἦν</span> <span class='ocrx_word' id='word_1_408' title='bbox 1560 3042 1622 3096; x_wconf 85' lang='grc' dir='ltr'>τὸ</span> <span class='ocrx_word' id='word_1_409' title='bbox 1650 3040 1755 3095; x_wconf 92' lang='grc' dir='ltr'>σῶ-</span> <span class='ocrx_word' id='word_1_410' title='bbox 1780 3085 1823 3145; x_wconf 77' lang='lat' dir='ltr'><strong>C</strong></span> 
     </span>
    </p>
   </div>
   <div class='ocr_carea' id='block_1_50' title="bbox 160 3130 1749 3206">
    <p class='ocr_par' dir='ltr' id='par_1_50' title="bbox 160 3130 1749 3206">
     <span class='ocr_line' id='line_1_50' title="bbox 160 3130 1749 3206; baseline 0.003 -23"><span class='ocrx_word' id='word_1_411' title='bbox 160 3147 256 3199; x_wconf 85' lang='grc' dir='ltr'><strong>μα,</strong></span> <span class='ocrx_word' id='word_1_412' title='bbox 290 3130 433 3184; x_wconf 82' lang='grc' dir='ltr'>ἀλλὰ</span> <span class='ocrx_word' id='word_1_413' title='bbox 459 3131 597 3201; x_wconf 82' lang='grc' dir='ltr'><strong>μετά</strong></span> <span class='ocrx_word' id='word_1_414' title='bbox 624 3131 854 3197; x_wconf 83' lang='grc' dir='ltr'>εὐωδίας</span> <span class='ocrx_word' id='word_1_415' title='bbox 879 3132 974 3186; x_wconf 81' lang='grc' dir='ltr'>τοῦ</span> <span class='ocrx_word' id='word_1_416' title='bbox 996 3135 1263 3203; x_wconf 84' lang='grc' dir='ltr'>παναγίου</span> <span class='ocrx_word' id='word_1_417' title='bbox 1288 3134 1464 3204; x_wconf 91' lang='grc' dir='ltr'>Λόγου</span> <span class='ocrx_word' id='word_1_418' title='bbox 1489 3134 1749 3206; x_wconf 83' lang='grc' dir='ltr'>συνῆπτο.</span> 
     </span>
    </p>
   </div>
   <div class='ocr_carea' id='block_1_51' title="bbox 156 3221 1749 3296">
    <p class='ocr_par' dir='ltr' id='par_1_51' title="bbox 156 3221 1749 3296">
     <span class='ocr_line' id='line_1_51' title="bbox 156 3221 1749 3296; baseline 0.001 -21"><span class='ocrx_word' id='word_1_419' title='bbox 156 3222 270 3275; x_wconf 74' lang='grc' dir='ltr'><strong>Καὶ</strong></span> <span class='ocrx_word' id='word_1_420' title='bbox 302 3225 355 3275; x_wconf 80' lang='grc' dir='ltr'><strong>εί</strong></span> <span class='ocrx_word' id='word_1_421' title='bbox 394 3221 538 3291; x_wconf 87' lang='grc' dir='ltr'>γάλα</span> <span class='ocrx_word' id='word_1_422' title='bbox 557 3260 573 3287; x_wconf 88' lang='grc'><strong>,</strong></span> <span class='ocrx_word' id='word_1_423' title='bbox 602 3223 679 3286; x_wconf 84' lang='grc' dir='ltr'><strong>ῶς</strong></span> <span class='ocrx_word' id='word_1_424' title='bbox 710 3222 1030 3294; x_wconf 77' lang='grc' dir='ltr'>ἄνθρωπος,</span> <span class='ocrx_word' id='word_1_425' title='bbox 1071 3224 1223 3296; x_wconf 78' lang='grc' dir='ltr'>ἠφίει</span> <span class='ocrx_word' id='word_1_426' title='bbox 1255 3223 1316 3278; x_wconf 79' lang='grc' dir='ltr'><strong>τὸ</strong></span> <span class='ocrx_word' id='word_1_427' title='bbox 1345 3224 1504 3296; x_wconf 89' lang='grc' dir='ltr'>σῶμα</span> <span class='ocrx_word' id='word_1_428' title='bbox 1536 3226 1749 3294; x_wconf 87' lang='grc' dir='ltr'>φαγεῖν,</span> 
     </span>
    </p>
   </div>
   <div class='ocr_carea' id='block_1_52' title="bbox 156 3315 1753 3389">
    <p class='ocr_par' dir='ltr' id='par_1_52' title="bbox 156 3315 1753 3389">
     <span class='ocr_line' id='line_1_52' title="bbox 156 3315 1753 3389; baseline 0.001 -19"><span class='ocrx_word' id='word_1_429' title='bbox 156 3315 296 3370; x_wconf 73' lang='grc' dir='ltr'>ἀλλὰ</span> <span class='ocrx_word' id='word_1_430' title='bbox 325 3316 604 3387; x_wconf 83' lang='grc' dir='ltr'>μετεδίδου</span> <span class='ocrx_word' id='word_1_431' title='bbox 634 3316 782 3388; x_wconf 79' lang='grc' dir='ltr'><strong>αὑτῷ</strong></span> <span class='ocrx_word' id='word_1_432' title='bbox 815 3317 911 3370; x_wconf 75' lang='grc' dir='ltr'>καὶ</span> <span class='ocrx_word' id='word_1_433' title='bbox 949 3316 1093 3370; x_wconf 78' lang='grc' dir='ltr'>οἴνου</span> <span class='ocrx_word' id='word_1_434' title='bbox 1120 3317 1220 3388; x_wconf 86' lang='grc' dir='ltr'><strong>τῆς</strong></span> <span class='ocrx_word' id='word_1_435' title='bbox 1248 3316 1442 3371; x_wconf 76' lang='grc' dir='ltr'>ἑαυτοῦ</span> <span class='ocrx_word' id='word_1_436' title='bbox 1479 3316 1753 3389; x_wconf 87' lang='grc' dir='ltr'>τελειότη-</span> 
     </span>
    </p>
   </div>
   <div class='ocr_carea' id='block_1_53' title="bbox 157 3407 1753 3482">
    <p class='ocr_par' dir='ltr' id='par_1_53' title="bbox 157 3407 1753 3482">
     <span class='ocr_line' id='line_1_53' title="bbox 157 3407 1753 3482; baseline 0.004 -23"><span class='ocrx_word' id='word_1_437' title='bbox 157 3422 268 3470; x_wconf 80' lang='grc' dir='ltr'>τος.</span> <span class='ocrx_word' id='word_1_438' title='bbox 303 3408 420 3461; x_wconf 73' lang='grc' dir='ltr'><strong>Καὶ</strong></span> <span class='ocrx_word' id='word_1_439' title='bbox 453 3408 562 3480; x_wconf 79' lang='grc' dir='ltr'>γὰρ</span> <span class='ocrx_word' id='word_1_440' title='bbox 592 3407 782 3480; x_wconf 87' lang='grc' dir='ltr'>ῶσπερ</span> <span class='ocrx_word' id='word_1_441' title='bbox 813 3408 968 3480; x_wconf 71' lang='grc' dir='ltr'>ἤσθιε</span> <span class='ocrx_word' id='word_1_442' title='bbox 1000 3409 1171 3478; x_wconf 88' lang='grc' dir='ltr'>γάλα,</span> <span class='ocrx_word' id='word_1_443' title='bbox 1201 3408 1373 3473; x_wconf 76' lang='grc' dir='ltr'>οὕτως</span> <span class='ocrx_word' id='word_1_444' title='bbox 1410 3411 1469 3464; x_wconf 89' lang='grc' dir='ltr'><strong>ἐν</strong></span> <span class='ocrx_word' id='word_1_445' title='bbox 1499 3409 1651 3482; x_wconf 80' lang='grc' dir='ltr'>αὐτῷ</span> <span class='ocrx_word' id='word_1_446' title='bbox 1681 3410 1753 3465; x_wconf 83' lang='grc' dir='ltr'><strong>τὰ</strong></span> 
     </span>
    </p>
   </div>
   <div class='ocr_carea' id='block_1_54' title="bbox 156 3497 1751 3573">
    <p class='ocr_par' dir='ltr' id='par_1_54' title="bbox 156 3497 1751 3573">
     <span class='ocr_line' id='line_1_54' title="bbox 156 3497 1751 3573; baseline 0.004 -21"><span class='ocrx_word' id='word_1_447' title='bbox 156 3499 257 3572; x_wconf 80' lang='grc' dir='ltr'><strong>τῆς</strong></span> <span class='ocrx_word' id='word_1_448' title='bbox 290 3499 549 3571; x_wconf 82' lang='grc' dir='ltr'>θεότητος</span> <span class='ocrx_word' id='word_1_449' title='bbox 567 3500 739 3554; x_wconf 80' lang='grc' dir='ltr'>ἐποίει</span> <span class='ocrx_word' id='word_1_450' title='bbox 768 3500 925 3573; x_wconf 80' lang='grc' dir='ltr'>ἔργα.</span> <span class='ocrx_word' id='word_1_451' title='bbox 973 3497 1106 3557; x_wconf 81' lang='grc' dir='ltr'>Εἶτα</span> <span class='ocrx_word' id='word_1_452' title='bbox 1133 3503 1162 3555; x_wconf 99' lang='lat'><strong>6</strong></span> <span class='ocrx_word' id='word_1_453' title='bbox 1193 3501 1366 3570; x_wconf 84' lang='grc' dir='ltr'>Λόγος</span> <span class='ocrx_word' id='word_1_454' title='bbox 1388 3500 1575 3557; x_wconf 86' lang='grc' dir='ltr'>λοιπὸν</span> <span class='ocrx_word' id='word_1_455' title='bbox 1597 3502 1751 3558; x_wconf 81' lang='grc' dir='ltr'>ἐνδυ-</span> 
     </span>
    </p>
   </div>
   <div class='ocr_carea' id='block_1_55' title="bbox 157 3592 1750 3664">
    <p class='ocr_par' dir='ltr' id='par_1_55' title="bbox 157 3592 1750 3664">
     <span class='ocr_line' id='line_1_55' title="bbox 157 3592 1750 3664; baseline 0.004 -20"><span class='ocrx_word' id='word_1_456' title='bbox 157 3593 394 3662; x_wconf 84' lang='grc' dir='ltr'>σάμενος</span> <span class='ocrx_word' id='word_1_457' title='bbox 416 3593 477 3646; x_wconf 84' lang='grc' dir='ltr'>τὸ</span> <span class='ocrx_word' id='word_1_458' title='bbox 511 3592 670 3663; x_wconf 88' lang='grc' dir='ltr'>σῶμα</span> <span class='ocrx_word' id='word_1_459' title='bbox 698 3595 1086 3664; x_wconf 87' lang='grc' dir='ltr'>προσκαλεῖται</span> <span class='ocrx_word' id='word_1_460' title='bbox 1116 3592 1207 3647; x_wconf 80' lang='grc' dir='ltr'>τὸν</span> <span class='ocrx_word' id='word_1_461' title='bbox 1237 3593 1464 3648; x_wconf 83' lang='grc' dir='ltr'>παλαιὸν</span> <span class='ocrx_word' id='word_1_462' title='bbox 1499 3593 1645 3659; x_wconf 78' lang='grc' dir='ltr'>λαὸν,</span> <span class='ocrx_word' id='word_1_463' title='bbox 1672 3595 1750 3660; x_wconf 84' lang='grc' dir='ltr'>ὡς</span> 
     </span>
    </p>
   </div>
   <div class='ocr_carea' id='block_1_56' title="bbox 158 3683 1746 3755">
    <p class='ocr_par' dir='ltr' id='par_1_56' title="bbox 158 3683 1746 3755">
     <span class='ocr_line' id='line_1_56' title="bbox 158 3683 1746 3755; baseline 0.003 -18"><span class='ocrx_word' id='word_1_464' title='bbox 158 3683 378 3755; x_wconf 81' lang='grc' dir='ltr'>πρῶτον</span> <span class='ocrx_word' id='word_1_465' title='bbox 401 3683 761 3739; x_wconf 81' lang='grc' dir='ltr'>πιστευθέντα</span> <span class='ocrx_word' id='word_1_466' title='bbox 784 3684 854 3739; x_wconf 83' lang='grc' dir='ltr'><strong>τὰ</strong></span> <span class='ocrx_word' id='word_1_467' title='bbox 870 3684 1046 3754; x_wconf 85' lang='grc' dir='ltr'>λόγια,</span> <span class='ocrx_word' id='word_1_468' title='bbox 1071 3684 1162 3738; x_wconf 73' lang='grc' dir='ltr'>διὰ</span> <span class='ocrx_word' id='word_1_469' title='bbox 1183 3685 1389 3740; x_wconf 84' lang='grc' dir='ltr'>τούτων</span> <span class='ocrx_word' id='word_1_470' title='bbox 1406 3703 1419 3716; x_wconf 92' lang='grc'>·</span> <span class='ocrx_word' id='word_1_471' title='bbox 1450 3704 1469 3738; x_wconf 79' lang='grc' dir='ltr'><strong>ι</strong></span> <span class='ocrx_word' id='word_1_472' title='bbox 1492 3685 1746 3754; x_wconf 69' lang='grc' dir='ltr'>Ἀνάστα,</span> 
     </span>
    </p>
   </div>
   <div class='ocr_carea' id='block_1_57' title="bbox 154 3774 1749 3849">
    <p class='ocr_par' dir='ltr' id='par_1_57' title="bbox 154 3774 1749 3849">
     <span class='ocr_line' id='line_1_57' title="bbox 154 3774 1749 3849; baseline 0.002 -20"><span class='ocrx_word' id='word_1_473' title='bbox 154 3775 278 3829; x_wconf 75' lang='grc' dir='ltr'>ἐλθὲ</span> <span class='ocrx_word' id='word_1_474' title='bbox 330 3774 561 3847; x_wconf 84' lang='grc' dir='ltr'>πλησίον</span> <span class='ocrx_word' id='word_1_475' title='bbox 592 3793 714 3847; x_wconf 89' lang='grc' dir='ltr'>μου,</span> <span class='ocrx_word' id='word_1_476' title='bbox 742 3776 876 3849; x_wconf 88' lang='grc' dir='ltr'>καλή</span> <span class='ocrx_word' id='word_1_477' title='bbox 909 3794 1031 3848; x_wconf 89' lang='grc' dir='ltr'>μου,</span> <span class='ocrx_word' id='word_1_478' title='bbox 1050 3775 1354 3849; x_wconf 87' lang='grc' dir='ltr'>περιστερά</span> <span class='ocrx_word' id='word_1_479' title='bbox 1377 3795 1510 3849; x_wconf 88' lang='grc' dir='ltr'>μου·</span> <span class='ocrx_word' id='word_1_480' title='bbox 1535 3777 1616 3832; x_wconf 85' lang='grc' dir='ltr'>ὅτι</span> <span class='ocrx_word' id='word_1_481' title='bbox 1641 3778 1749 3833; x_wconf 78' lang='grc' dir='ltr'>ἰδοὺ</span> 
     </span>
    </p>
   </div>
   <div class='ocr_carea' id='block_1_58' title="bbox 154 3867 1752 3942">
    <p class='ocr_par' dir='ltr' id='par_1_58' title="bbox 154 3867 1752 3942">
     <span class='ocr_line' id='line_1_58' title="bbox 154 3867 1752 3942; baseline 0.003 -22"><span class='ocrx_word' id='word_1_482' title='bbox 154 3869 183 3920; x_wconf 85' lang='grc' dir='ltr'><strong>ὁ</strong></span> <span class='ocrx_word' id='word_1_483' title='bbox 213 3867 427 3939; x_wconf 83' lang='grc' dir='ltr'>χειμὼν</span> <span class='ocrx_word' id='word_1_484' title='bbox 455 3867 752 3940; x_wconf 86' lang='grc' dir='ltr'>παρῆλθεν,</span> <span class='ocrx_word' id='word_1_485' title='bbox 783 3871 813 3922; x_wconf 90' lang='lat'><strong>6</strong></span> <span class='ocrx_word' id='word_1_486' title='bbox 842 3868 998 3933; x_wconf 84' lang='grc' dir='ltr'>ὑετὸς</span> <span class='ocrx_word' id='word_1_487' title='bbox 1025 3868 1271 3942; x_wconf 83' lang='grc' dir='ltr'>ἀπῆλθεν</span> <span class='ocrx_word' id='word_1_488' title='bbox 1291 3909 1305 3935; x_wconf 93' lang='grc'><strong>,</strong></span> <span class='ocrx_word' id='word_1_489' title='bbox 1328 3867 1602 3941; x_wconf 85' lang='grc' dir='ltr'>ἐπορεύθη</span> <span class='ocrx_word' id='word_1_490' title='bbox 1626 3870 1752 3924; x_wconf 81' lang='grc' dir='ltr'>ἐαυ-</span> 
     </span>
    </p>
   </div>
   <div class='ocr_carea' id='block_1_59' title="bbox 151 3961 1750 4036">
    <p class='ocr_par' dir='ltr' id='par_1_59' title="bbox 151 3961 1750 4036">
     <span class='ocr_line' id='line_1_59' title="bbox 151 3961 1750 4036; baseline 0.003 -22"><span class='ocrx_word' id='word_1_491' title='bbox 151 3962 253 4031; x_wconf 82' lang='grc' dir='ltr'><strong>τῷ.</strong></span> <span class='ocrx_word' id='word_1_492' title='bbox 296 3962 382 4015; x_wconf 85' lang='grc' dir='ltr'><strong>Τὰ</strong></span> <span class='ocrx_word' id='word_1_493' title='bbox 412 3962 551 4035; x_wconf 82' lang='grc' dir='ltr'>ἄνθη</span> <span class='ocrx_word' id='word_1_494' title='bbox 603 3961 759 4035; x_wconf 76' lang='grc' dir='ltr'>ὤφθη</span> <span class='ocrx_word' id='word_1_495' title='bbox 813 3965 872 4017; x_wconf 84' lang='grc' dir='ltr'><strong>ἐν</strong></span> <span class='ocrx_word' id='word_1_496' title='bbox 924 3966 991 4035; x_wconf 81' lang='grc' dir='ltr'>τῇ</span> <span class='ocrx_word' id='word_1_497' title='bbox 1027 3966 1138 4035; x_wconf 77' lang='grc' dir='ltr'><strong>γῇ,</strong></span> <span class='ocrx_word' id='word_1_498' title='bbox 1182 3963 1377 4036; x_wconf 83' lang='grc' dir='ltr'>καιρὸς</span> <span class='ocrx_word' id='word_1_499' title='bbox 1421 3963 1523 4034; x_wconf 83' lang='grc' dir='ltr'><strong>τῆς</strong></span> <span class='ocrx_word' id='word_1_500' title='bbox 1571 3964 1750 4036; x_wconf 82' lang='grc' dir='ltr'>τομῆς</span> 
     </span>
    </p>
   </div>
   <div class='ocr_carea' id='block_1_60' title="bbox 152 4050 1747 4128">
    <p class='ocr_par' dir='ltr' id='par_1_60' title="bbox 152 4050 1747 4128">
     <span class='ocr_line' id='line_1_60' title="bbox 152 4050 1747 4128; baseline 0.003 -24"><span class='ocrx_word' id='word_1_501' title='bbox 152 4050 382 4123; x_wconf 75' lang='grc' dir='ltr'>ἔφθακε,</span> <span class='ocrx_word' id='word_1_502' title='bbox 405 4054 561 4124; x_wconf 75' lang='grc' dir='ltr'>φωνὴ</span> <span class='ocrx_word' id='word_1_503' title='bbox 591 4052 684 4106; x_wconf 83' lang='grc' dir='ltr'><strong>τοῦ</strong></span> <span class='ocrx_word' id='word_1_504' title='bbox 710 4054 968 4125; x_wconf 86' lang='grc' dir='ltr'>τρυγόνος</span> <span class='ocrx_word' id='word_1_505' title='bbox 983 4053 1225 4125; x_wconf 71' lang='grc' dir='ltr'>ἠκούσθη</span> <span class='ocrx_word' id='word_1_506' title='bbox 1253 4055 1312 4107; x_wconf 89' lang='grc' dir='ltr'><strong>ἐν</strong></span> <span class='ocrx_word' id='word_1_507' title='bbox 1324 4057 1391 4126; x_wconf 78' lang='grc' dir='ltr'>τῇ</span> <span class='ocrx_word' id='word_1_508' title='bbox 1415 4056 1485 4126; x_wconf 80' lang='grc' dir='ltr'>γῇ</span> <span class='ocrx_word' id='word_1_509' title='bbox 1515 4054 1747 4128; x_wconf 81' lang='grc' dir='ltr'>ήμῶν,ή</span> 
     </span>
    </p>
   </div>
   <div class='ocr_carea' id='block_1_61' title="bbox 154 4144 1748 4224">
    <p class='ocr_par' dir='ltr' id='par_1_61' title="bbox 154 4144 1748 4224">
     <span class='ocr_line' id='line_1_61' title="bbox 154 4144 1748 4224; baseline 0.003 -27"><span class='ocrx_word' id='word_1_510' title='bbox 154 4147 295 4216; x_wconf 87' lang='grc' dir='ltr'>συκῆ</span> <span class='ocrx_word' id='word_1_511' title='bbox 344 4146 643 4218; x_wconf 80' lang='grc' dir='ltr'>ἐξήνεγκεν</span> <span class='ocrx_word' id='word_1_512' title='bbox 680 4145 932 4210; x_wconf 78' lang='grc' dir='ltr'>ὀλύνθους</span> <span class='ocrx_word' id='word_1_513' title='bbox 966 4144 1136 4218; x_wconf 81' lang='grc' dir='ltr'>αὐτῆς</span> <span class='ocrx_word' id='word_1_514' title='bbox 1158 4187 1173 4211; x_wconf 90' lang='grc'><strong>,</strong></span> <span class='ocrx_word' id='word_1_515' title='bbox 1224 4148 1279 4200; x_wconf 80' lang='grc' dir='ltr'>αἱ</span> <span class='ocrx_word' id='word_1_516' title='bbox 1311 4146 1544 4224; x_wconf 80' lang='grc' dir='ltr'>ἀμπελοι</span> <span class='ocrx_word' id='word_1_517' title='bbox 1590 4146 1748 4219; x_wconf 77' lang='grc' dir='ltr'>ἡμῶν</span> 
     </span>
    </p>
   </div>
   <div class='ocr_carea' id='block_1_62' title="bbox 153 4235 1745 4310">
    <p class='ocr_par' dir='ltr' id='par_1_62' title="bbox 153 4235 1745 4310">
     <span class='ocr_line' id='line_1_62' title="bbox 153 4235 1745 4310; baseline 0.003 -21"><span class='ocrx_word' id='word_1_518' title='bbox 153 4235 539 4309; x_wconf 74' lang='grc' dir='ltr'>κυπρίζουσιν.</span> <span class='ocrx_word' id='word_1_519' title='bbox 569 4256 589 4289; x_wconf 73' lang='grc' dir='ltr'><strong>ι</strong></span> <span class='ocrx_word' id='word_1_520' title='bbox 664 4237 752 4301; x_wconf 83' lang='grc' dir='ltr'>Ὠς</span> <span class='ocrx_word' id='word_1_521' title='bbox 790 4237 899 4310; x_wconf 84' lang='grc' dir='ltr'><strong>γὰρ</strong></span> <span class='ocrx_word' id='word_1_522' title='bbox 936 4238 1195 4302; x_wconf 88' lang='grc' dir='ltr'>λαϐόντος</span> <span class='ocrx_word' id='word_1_523' title='bbox 1222 4237 1318 4292; x_wconf 86' lang='grc' dir='ltr'>τοῦ</span> <span class='ocrx_word' id='word_1_524' title='bbox 1359 4236 1579 4310; x_wconf 82' lang='grc' dir='ltr'>πρώτου</span> <span class='ocrx_word' id='word_1_525' title='bbox 1613 4237 1745 4294; x_wconf 83' lang='grc' dir='ltr'>λαοῦ</span> 
     </span>
    </p>
   </div>
   <div class='ocr_carea' id='block_1_63' title="bbox 151 4328 1747 4403">
    <p class='ocr_par' dir='ltr' id='par_1_63' title="bbox 151 4328 1747 4403">
     <span class='ocr_line' id='line_1_63' title="bbox 151 4328 1747 4403; baseline 0.004 -23"><span class='ocrx_word' id='word_1_526' title='bbox 151 4328 257 4391; x_wconf 76' lang='grc' dir='ltr'>ἓως</span> <span class='ocrx_word' id='word_1_527' title='bbox 284 4328 486 4398; x_wconf 78' lang='grc' dir='ltr'>καιροῦ</span> <span class='ocrx_word' id='word_1_528' title='bbox 514 4328 613 4401; x_wconf 80' lang='grc' dir='ltr'>τὴν</span> <span class='ocrx_word' id='word_1_529' title='bbox 640 4329 798 4383; x_wconf 84' lang='grc' dir='ltr'>σκιὰν</span> <span class='ocrx_word' id='word_1_530' title='bbox 821 4330 920 4403; x_wconf 87' lang='grc' dir='ltr'>τὴν</span> <span class='ocrx_word' id='word_1_531' title='bbox 948 4332 1007 4385; x_wconf 82' lang='grc' dir='ltr'><strong>ἐν</strong></span> <span class='ocrx_word' id='word_1_532' title='bbox 1035 4331 1186 4402; x_wconf 88' lang='grc' dir='ltr'>νόμῳ</span> <span class='ocrx_word' id='word_1_533' title='bbox 1208 4371 1223 4399; x_wconf 90' lang='grc'><strong>,</strong></span> <span class='ocrx_word' id='word_1_534' title='bbox 1246 4331 1488 4386; x_wconf 85' lang='grc' dir='ltr'>διδάσκει</span> <span class='ocrx_word' id='word_1_535' title='bbox 1509 4372 1524 4398; x_wconf 92' lang='grc'><strong>,</strong></span> <span class='ocrx_word' id='word_1_536' title='bbox 1558 4333 1652 4386; x_wconf 76' lang='grc' dir='ltr'>καὶ</span> <span class='ocrx_word' id='word_1_537' title='bbox 1669 4332 1747 4397; x_wconf 84' lang='grc' dir='ltr'>ὡς</span> 
     </span>
    </p>
   </div>
   <div class='ocr_carea' id='block_1_64' title="bbox 152 4416 1822 4503">
    <p class='ocr_par' dir='ltr' id='par_1_64' title="bbox 152 4416 1822 4503">
     <span class='ocr_line' id='line_1_64' title="bbox 152 4416 1822 4503; baseline 0.002 -33"><span class='ocrx_word' id='word_1_538' title='bbox 152 4416 331 4470; x_wconf 72' lang='grc' dir='ltr'>εἰδότα</span> <span class='ocrx_word' id='word_1_539' title='bbox 356 4417 459 4490; x_wconf 80' lang='grc' dir='ltr'>τὴν</span> <span class='ocrx_word' id='word_1_540' title='bbox 478 4418 664 4490; x_wconf 77' lang='grc' dir='ltr'>φωνὴν</span> <span class='ocrx_word' id='word_1_541' title='bbox 684 4418 778 4473; x_wconf 82' lang='grc' dir='ltr'>τοῦ</span> <span class='ocrx_word' id='word_1_542' title='bbox 810 4420 1089 4491; x_wconf 87' lang='grc' dir='ltr'>τρυγόνος,</span> <span class='ocrx_word' id='word_1_543' title='bbox 1112 4422 1543 4492; x_wconf 82' lang='grc' dir='ltr'>ὑπομιμνήσκει.</span> <span class='ocrx_word' id='word_1_544' title='bbox 1573 4422 1746 4494; x_wconf 89' lang='grc' dir='ltr'>Προσ-</span> <span class='ocrx_word' id='word_1_545' title='bbox 1776 4446 1822 4503; x_wconf 79' lang='lat' dir='ltr'><strong>D</strong></span> 
     </span>
    </p>
   </div>
   <div class='ocr_carea' id='block_1_65' title="bbox 152 4509 1745 4584">
    <p class='ocr_par' dir='ltr' id='par_1_65' title="bbox 152 4509 1745 4584">
     <span class='ocr_line' id='line_1_65' title="bbox 152 4509 1745 4584; baseline 0.002 -22"><span class='ocrx_word' id='word_1_546' title='bbox 152 4510 533 4581; x_wconf 82' lang='grc' dir='ltr'>καλεσάμενος</span> <span class='ocrx_word' id='word_1_547' title='bbox 563 4509 623 4563; x_wconf 86' lang='grc' dir='ltr'>δὲ</span> <span class='ocrx_word' id='word_1_548' title='bbox 667 4513 697 4564; x_wconf 89' lang='lat'><strong>6</strong></span> <span class='ocrx_word' id='word_1_549' title='bbox 736 4510 908 4580; x_wconf 86' lang='grc' dir='ltr'>Λόγος</span> <span class='ocrx_word' id='word_1_550' title='bbox 931 4513 1031 4584; x_wconf 79' lang='grc' dir='ltr'>τὴν</span> <span class='ocrx_word' id='word_1_551' title='bbox 1079 4510 1461 4583; x_wconf 83' lang='grc' dir='ltr'>Ἰερουσαλὴμ,</span> <span class='ocrx_word' id='word_1_552' title='bbox 1497 4528 1745 4584; x_wconf 78' lang='grc' dir='ltr'>προσκα-</span> 
     </span>
    </p>
   </div>
   <div class='ocr_carea' id='block_1_66' title="bbox 150 4599 1742 4665">
    <p class='ocr_par' dir='ltr' id='par_1_66' title="bbox 150 4599 1742 4665">
     <span class='ocr_line' id='line_1_66' title="bbox 150 4599 1742 4665; baseline 0.001 -12"><span class='ocrx_word' id='word_1_553' title='bbox 150 4599 324 4654; x_wconf 82' lang='grc' dir='ltr'>λεῖται</span> <span class='ocrx_word' id='word_1_554' title='bbox 351 4601 543 4654; x_wconf 75' lang='grc' dir='ltr'>λοιπὸν</span> <span class='ocrx_word' id='word_1_555' title='bbox 571 4600 668 4653; x_wconf 77' lang='grc' dir='ltr'>καὶ</span> <span class='ocrx_word' id='word_1_556' title='bbox 699 4602 825 4665; x_wconf 85' lang='grc' dir='ltr'>τοὺς</span> <span class='ocrx_word' id='word_1_557' title='bbox 866 4601 973 4655; x_wconf 84' lang='grc' dir='ltr'>ἀπὸ</span> <span class='ocrx_word' id='word_1_558' title='bbox 1012 4601 1123 4655; x_wconf 86' lang='grc' dir='ltr'><strong>τῶν</strong></span> <span class='ocrx_word' id='word_1_559' title='bbox 1162 4601 1331 4655; x_wconf 90' lang='grc' dir='ltr'>ἐθνῶν</span> <span class='ocrx_word' id='word_1_560' title='bbox 1373 4600 1462 4654; x_wconf 84' lang='grc' dir='ltr'><strong>διά</strong></span> <span class='ocrx_word' id='word_1_561' title='bbox 1504 4600 1709 4655; x_wconf 89' lang='grc' dir='ltr'>τούτων</span> <span class='ocrx_word' id='word_1_562' title='bbox 1728 4618 1742 4632; x_wconf 75' lang='grc' dir='ltr'><strong><em>ο</em></strong></span> 
     </span>
    </p>
   </div>
   <div class='ocr_carea' id='block_1_67' title="bbox 152 4688 1748 4765">
    <p class='ocr_par' dir='ltr' id='par_1_67' title="bbox 152 4688 1748 4765">
     <span class='ocr_line' id='line_1_67' title="bbox 152 4688 1748 4765; baseline -0.001 -19"><span class='ocrx_word' id='word_1_563' title='bbox 152 4688 253 4763; x_wconf 77' lang='grc' dir='ltr'>(εἷς</span> <span class='ocrx_word' id='word_1_564' title='bbox 269 4695 381 4765; x_wconf 89' lang='grc' dir='ltr'><strong>γάρ</strong></span> <span class='ocrx_word' id='word_1_565' title='bbox 404 4695 525 4746; x_wconf 87' lang='grc' dir='ltr'>ἐστι</span> <span class='ocrx_word' id='word_1_566' title='bbox 540 4693 745 4764; x_wconf 73' lang='grc' dir='ltr'>Κύριος</span> <span class='ocrx_word' id='word_1_567' title='bbox 766 4692 860 4746; x_wconf 69' lang='grc' dir='ltr'>καὶ</span> <span class='ocrx_word' id='word_1_568' title='bbox 888 4693 1155 4747; x_wconf 79' lang='grc' dir='ltr'>Ἰουδαίων</span> <span class='ocrx_word' id='word_1_569' title='bbox 1177 4693 1273 4747; x_wconf 80' lang='grc' dir='ltr'>καὶ</span> <span class='ocrx_word' id='word_1_570' title='bbox 1295 4691 1465 4746; x_wconf 90' lang='grc' dir='ltr'>ἐθνῶν</span> <span class='ocrx_word' id='word_1_571' title='bbox 1546 4691 1748 4765; x_wconf 75' lang='grc' dir='ltr'>(Δεῦρο</span> 
     </span>
    </p>
   </div>
   <div class='ocr_carea' id='block_1_68' title="bbox 152 4774 1748 4857">
    <p class='ocr_par' dir='ltr' id='par_1_68' title="bbox 152 4774 1748 4857">
     <span class='ocr_line' id='line_1_68' title="bbox 152 4774 1748 4857; baseline -0.003 -18"><span class='ocrx_word' id='word_1_572' title='bbox 152 4783 264 4839; x_wconf 65' lang='grc' dir='ltr'><strong>ἀπὸ</strong></span> <span class='ocrx_word' id='word_1_573' title='bbox 290 4774 533 4838; x_wconf 83' lang='grc' dir='ltr'>Λιϐάνου</span> <span class='ocrx_word' id='word_1_574' title='bbox 554 4824 569 4848; x_wconf 91' lang='grc'><strong>,</strong></span> <span class='ocrx_word' id='word_1_575' title='bbox 605 4785 811 4856; x_wconf 83' lang='grc' dir='ltr'>νύμφη.</span> <span class='ocrx_word' id='word_1_576' title='bbox 849 4784 982 4836; x_wconf 81' lang='grc' dir='ltr'>’Λπὸ</span> <span class='ocrx_word' id='word_1_577' title='bbox 1008 4782 1245 4837; x_wconf 87' lang='grc' dir='ltr'>Λιϐάνου</span> <span class='ocrx_word' id='word_1_578' title='bbox 1285 4781 1483 4857; x_wconf 83' lang='grc' dir='ltr'>ἐλεύσῃ</span> <span class='ocrx_word' id='word_1_579' title='bbox 1501 4822 1516 4849; x_wconf 91' lang='grc'><strong>,</strong></span> <span class='ocrx_word' id='word_1_580' title='bbox 1544 4783 1641 4836; x_wconf 74' lang='grc' dir='ltr'>καὶ</span> <span class='ocrx_word' id='word_1_581' title='bbox 1667 4782 1748 4835; x_wconf 91' lang='grc' dir='ltr'>δι-</span> 
     </span>
    </p>
   </div>
   <div class='ocr_carea' id='block_1_69' title="bbox 153 4872 1749 4947">
    <p class='ocr_par' dir='ltr' id='par_1_69' title="bbox 153 4872 1749 4947">
     <span class='ocr_line' id='line_1_69' title="bbox 153 4872 1749 4947; baseline -0.001 -18"><span class='ocrx_word' id='word_1_582' title='bbox 153 4875 354 4947; x_wconf 76' lang='grc' dir='ltr'>ελεύση</span> <span class='ocrx_word' id='word_1_583' title='bbox 379 4877 478 4930; x_wconf 84' lang='grc' dir='ltr'><strong>ἀπ’</strong></span> <span class='ocrx_word' id='word_1_584' title='bbox 499 4875 680 4947; x_wconf 83' lang='grc' dir='ltr'>ἀρχῆς</span> <span class='ocrx_word' id='word_1_585' title='bbox 710 4876 965 4939; x_wconf 84' lang='grc' dir='ltr'>πίστεως,</span> <span class='ocrx_word' id='word_1_586' title='bbox 1013 4874 1127 4928; x_wconf 83' lang='grc' dir='ltr'>ἀπὸ</span> <span class='ocrx_word' id='word_1_587' title='bbox 1155 4873 1398 4945; x_wconf 83' lang='grc' dir='ltr'>κεφαλῆς</span> <span class='ocrx_word' id='word_1_588' title='bbox 1421 4873 1616 4945; x_wconf 77' lang='grc' dir='ltr'>Σανεὶρ</span> <span class='ocrx_word' id='word_1_589' title='bbox 1652 4872 1749 4927; x_wconf 78' lang='grc' dir='ltr'>καὶ</span> 
     </span>
    </p>
   </div>
   <div class='ocr_carea' id='block_1_70' title="bbox 167 4963 1748 5047">
    <p class='ocr_par' dir='ltr' id='par_1_70' title="bbox 167 4963 1748 5047">
     <span class='ocr_line' id='line_1_70' title="bbox 167 4963 1748 5047; baseline -0.003 -26"><span class='ocrx_word' id='word_1_590' title='bbox 167 4967 442 5039; x_wconf 79' lang='grc' dir='ltr'>’Δερμὼν,</span> <span class='ocrx_word' id='word_1_591' title='bbox 471 4968 583 5047; x_wconf 63' lang='grc' dir='ltr'><strong>ἀπὸ</strong></span> <span class='ocrx_word' id='word_1_592' title='bbox 614 4966 862 5039; x_wconf 88' lang='grc' dir='ltr'>μανδρῶν</span> <span class='ocrx_word' id='word_1_593' title='bbox 892 4966 1124 5021; x_wconf 89' lang='grc' dir='ltr'>λεόντων</span> <span class='ocrx_word' id='word_1_594' title='bbox 1144 5005 1161 5030; x_wconf 87' lang='grc'><strong>,</strong></span> <span class='ocrx_word' id='word_1_595' title='bbox 1203 4965 1314 5019; x_wconf 80' lang='grc' dir='ltr'>ἀπὸ</span> <span class='ocrx_word' id='word_1_596' title='bbox 1340 4964 1512 5037; x_wconf 86' lang='grc' dir='ltr'>ὀρέων</span> <span class='ocrx_word' id='word_1_597' title='bbox 1535 4963 1748 5036; x_wconf 86' lang='grc' dir='ltr'>παρδά-</span> 
     </span>
    </p>
   </div>
   <div class='ocr_carea' id='block_1_71' title="bbox 152 5053 1750 5133">
    <p class='ocr_par' dir='ltr' id='par_1_71' title="bbox 152 5053 1750 5133">
     <span class='ocr_line' id='line_1_71' title="bbox 152 5053 1750 5133; baseline -0.004 -18"><span class='ocrx_word' id='word_1_598' title='bbox 152 5059 310 5117; x_wconf 76' lang='grc' dir='ltr'>λεων.</span> <span class='ocrx_word' id='word_1_599' title='bbox 339 5080 359 5113; x_wconf 75' lang='grc' dir='ltr'><strong>ι</strong></span> <span class='ocrx_word' id='word_1_600' title='bbox 418 5059 555 5113; x_wconf 75' lang='grc' dir='ltr'>’Δπὺ</span> <span class='ocrx_word' id='word_1_601' title='bbox 578 5060 688 5133; x_wconf 85' lang='grc' dir='ltr'><strong>γὰρ</strong></span> <span class='ocrx_word' id='word_1_602' title='bbox 712 5058 1153 5130; x_wconf 78' lang='grc' dir='ltr'>είδωλολατρείας</span> <span class='ocrx_word' id='word_1_603' title='bbox 1179 5057 1276 5111; x_wconf 66' lang='grc' dir='ltr'><strong>καλ⁸</strong></span> <span class='ocrx_word' id='word_1_604' title='bbox 1303 5053 1603 5130; x_wconf 84' lang='grc' dir='ltr'>θηριώδους</span> <span class='ocrx_word' id='word_1_605' title='bbox 1628 5054 1750 5129; x_wconf 81' lang='grc' dir='ltr'>τρό-</span> 
     </span>
    </p>
   </div>
   <div class='ocr_carea' id='block_1_72' title="bbox 154 5147 1748 5225">
    <p class='ocr_par' dir='ltr' id='par_1_72' title="bbox 154 5147 1748 5225">
     <span class='ocr_line' id='line_1_72' title="bbox 154 5147 1748 5225; baseline -0.006 -14"><span class='ocrx_word' id='word_1_606' title='bbox 154 5171 259 5213; x_wconf 73' lang='grc' dir='ltr'><strong>πον</strong></span> <span class='ocrx_word' id='word_1_607' title='bbox 284 5152 680 5225; x_wconf 77' lang='grc' dir='ltr'>προσκαλεῖται</span> <span class='ocrx_word' id='word_1_608' title='bbox 721 5153 927 5224; x_wconf 86' lang='grc' dir='ltr'>ταύτην</span> <span class='ocrx_word' id='word_1_609' title='bbox 967 5155 1045 5216; x_wconf 75' lang='grc' dir='ltr'>εἰς</span> <span class='ocrx_word' id='word_1_610' title='bbox 1082 5151 1183 5224; x_wconf 81' lang='grc' dir='ltr'>τὴν</span> <span class='ocrx_word' id='word_1_611' title='bbox 1214 5151 1416 5205; x_wconf 79' lang='grc' dir='ltr'>πίστιν.</span> <span class='ocrx_word' id='word_1_612' title='bbox 1471 5147 1748 5221; x_wconf 69' lang='grc' dir='ltr'>κληθεῖσα</span> 
     </span>
    </p>
   </div>
   <div class='ocr_carea' id='block_1_73' title="bbox 151 5241 1748 5318">
    <p class='ocr_par' dir='ltr' id='par_1_73' title="bbox 151 5241 1748 5318">
     <span class='ocr_line' id='line_1_73' title="bbox 151 5241 1748 5318; baseline -0.003 -19"><span class='ocrx_word' id='word_1_613' title='bbox 151 5246 336 5299; x_wconf 84' lang='grc' dir='ltr'>τοίνυν</span> <span class='ocrx_word' id='word_1_614' title='bbox 363 5245 427 5311; x_wconf 80' lang='grc' dir='ltr'>ἐξ</span> <span class='ocrx_word' id='word_1_615' title='bbox 448 5244 622 5300; x_wconf 83' lang='grc' dir='ltr'>ἐθνῶν</span> <span class='ocrx_word' id='word_1_616' title='bbox 651 5246 746 5301; x_wconf 75' lang='grc' dir='ltr'>καὶ</span> <span class='ocrx_word' id='word_1_617' title='bbox 768 5246 868 5318; x_wconf 69' lang='grc' dir='ltr'>ἤδη</span> <span class='ocrx_word' id='word_1_618' title='bbox 892 5246 1260 5314; x_wconf 86' lang='grc' dir='ltr'>κατανυγεῖσα</span> <span class='ocrx_word' id='word_1_619' title='bbox 1276 5284 1293 5311; x_wconf 94' lang='grc'><strong>,</strong></span> <span class='ocrx_word' id='word_1_620' title='bbox 1322 5242 1470 5312; x_wconf 83' lang='grc' dir='ltr'>λέγει</span> <span class='ocrx_word' id='word_1_621' title='bbox 1492 5241 1629 5314; x_wconf 79' lang='grc' dir='ltr'>πρὸς</span> <span class='ocrx_word' id='word_1_622' title='bbox 1654 5241 1748 5295; x_wconf 85' lang='grc' dir='ltr'>τὸν</span> 
     </span>
    </p>
   </div>
   <div class='ocr_carea' id='block_1_74' title="bbox 153 5332 1748 5410">
    <p class='ocr_par' dir='ltr' id='par_1_74' title="bbox 153 5332 1748 5410">
     <span class='ocr_line' id='line_1_74' title="bbox 153 5332 1748 5410; baseline -0.002 -21"><span class='ocrx_word' id='word_1_623' title='bbox 153 5336 329 5405; x_wconf 80' lang='grc' dir='ltr'>Λόγον</span> <span class='ocrx_word' id='word_1_624' title='bbox 353 5336 557 5392; x_wconf 79' lang='grc' dir='ltr'>ταῦτα·</span> <span class='ocrx_word' id='word_1_625' title='bbox 601 5354 622 5389; x_wconf 78' lang='grc' dir='ltr'><strong>ι</strong></span> <span class='ocrx_word' id='word_1_626' title='bbox 653 5336 1009 5408; x_wconf 79' lang='grc' dir='ltr'>’Δπάγγειλόν</span> <span class='ocrx_word' id='word_1_627' title='bbox 1038 5353 1152 5410; x_wconf 90' lang='grc' dir='ltr'>μοι,</span> <span class='ocrx_word' id='word_1_628' title='bbox 1180 5335 1239 5390; x_wconf 79' lang='grc' dir='ltr'>ὃν</span> <span class='ocrx_word' id='word_1_629' title='bbox 1267 5335 1552 5407; x_wconf 77' lang='grc' dir='ltr'>ἠγάπησεν</span> <span class='ocrx_word' id='word_1_630' title='bbox 1585 5335 1619 5404; x_wconf 81' lang='grc' dir='ltr'>ἠ</span> <span class='ocrx_word' id='word_1_631' title='bbox 1643 5332 1748 5403; x_wconf 77' lang='grc' dir='ltr'>ψυ-</span> 
     </span>
    </p>
   </div>
   <div class='ocr_carea' id='block_1_75' title="bbox 157 5425 1740 5501">
    <p class='ocr_par' dir='ltr' id='par_1_75' title="bbox 157 5425 1740 5501">
     <span class='ocr_line' id='line_1_75' title="bbox 157 5425 1740 5501; baseline -0.008 -11"><span class='ocrx_word' id='word_1_632' title='bbox 157 5430 228 5500; x_wconf 82' lang='grc' dir='ltr'><strong>χή</strong></span> <span class='ocrx_word' id='word_1_633' title='bbox 251 5446 355 5500; x_wconf 80' lang='grc' dir='ltr'><strong>μου</strong></span> <span class='ocrx_word' id='word_1_634' title='bbox 373 5446 389 5462; x_wconf 83' lang='grc'><strong><em>⁸</em></strong></span> <span class='ocrx_word' id='word_1_635' title='bbox 414 5428 522 5486; x_wconf 78' lang='grc' dir='ltr'>ποῦ</span> <span class='ocrx_word' id='word_1_636' title='bbox 549 5430 876 5501; x_wconf 84' lang='grc' dir='ltr'>ποιμαίνεις,</span> <span class='ocrx_word' id='word_1_637' title='bbox 896 5429 1001 5484; x_wconf 83' lang='grc' dir='ltr'>ποῦ</span> <span class='ocrx_word' id='word_1_638' title='bbox 1023 5429 1293 5495; x_wconf 77' lang='grc' dir='ltr'>κοιτάζεις</span> <span class='ocrx_word' id='word_1_639' title='bbox 1315 5430 1373 5482; x_wconf 90' lang='grc' dir='ltr'><strong>ἐν</strong></span> <span class='ocrx_word' id='word_1_640' title='bbox 1393 5425 1711 5498; x_wconf 76' lang='grc' dir='ltr'>μεσημϐρίᾳ</span> <span class='ocrx_word' id='word_1_641' title='bbox 1726 5443 1740 5458; x_wconf 91' lang='grc'><strong>·</strong></span> 
     </span>
    </p>
   </div>
   <div class='ocr_carea' id='block_1_76' title="bbox 160 5516 1745 5595">
    <p class='ocr_par' dir='ltr' id='par_1_76' title="bbox 160 5516 1745 5595">
     <span class='ocr_line' id='line_1_76' title="bbox 160 5516 1745 5595; baseline -0.013 -6"><span class='ocrx_word' id='word_1_642' title='bbox 160 5523 372 5591; x_wconf 70' lang='grc' dir='ltr'><strong>μήποτε</strong></span> <span class='ocrx_word' id='word_1_643' title='bbox 396 5522 648 5594; x_wconf 80' lang='grc' dir='ltr'>γένωμαι</span> <span class='ocrx_word' id='word_1_644' title='bbox 676 5522 752 5587; x_wconf 82' lang='grc' dir='ltr'>ὡς</span> <span class='ocrx_word' id='word_1_645' title='bbox 785 5521 1219 5595; x_wconf 81' lang='grc' dir='ltr'>περιϐαλλομένη</span> <span class='ocrx_word' id='word_1_646' title='bbox 1239 5521 1326 5575; x_wconf 82' lang='grc' dir='ltr'><strong>ἐπ’</strong></span> <span class='ocrx_word' id='word_1_647' title='bbox 1352 5518 1577 5589; x_wconf 83' lang='grc' dir='ltr'>ἀγέλαις</span> <span class='ocrx_word' id='word_1_648' title='bbox 1597 5516 1745 5572; x_wconf 84' lang='grc' dir='ltr'>ἐται-</span> 
     </span>
    </p>
   </div>
   <div class='ocr_carea' id='block_1_77' title="bbox 1863 1842 3445 1909">
    <p class='ocr_par' dir='ltr' id='par_1_77' title="bbox 1863 1842 3445 1909">
     <span class='ocr_line' id='line_1_77' title="bbox 1863 1842 3445 1909; baseline 0 -10"><span class='ocrx_word' id='word_1_649' title='bbox 1863 1859 1969 1899; x_wconf 81' lang='lat' dir='ltr'><strong>vox</strong></span> <span class='ocrx_word' id='word_1_650' title='bbox 2005 1852 2091 1901; x_wconf 91' lang='lat' dir='ltr'><strong>est</strong></span> <span class='ocrx_word' id='word_1_651' title='bbox 2115 1845 2181 1899; x_wconf 90' lang='lat' dir='ltr'><strong>ad</strong></span> <span class='ocrx_word' id='word_1_652' title='bbox 2212 1842 2470 1909; x_wconf 86' lang='lat' dir='ltr'><strong>Verbum,</strong></span> <span class='ocrx_word' id='word_1_653' title='bbox 2502 1852 2565 1900; x_wconf 89' lang='lat' dir='ltr'><strong>ut</strong></span> <span class='ocrx_word' id='word_1_654' title='bbox 2601 1859 2825 1900; x_wconf 90' lang='lat' dir='ltr'><strong>carnem</strong></span> <span class='ocrx_word' id='word_1_655' title='bbox 2873 1852 3119 1899; x_wconf 89' lang='lat' dir='ltr'><strong>nostram</strong></span> <span class='ocrx_word' id='word_1_656' title='bbox 3147 1850 3395 1899; x_wconf 86' lang='lat' dir='ltr'><strong>assumat</strong></span> <span class='ocrx_word' id='word_1_657' title='bbox 3427 1859 3445 1899; x_wconf 89' lang='lat'><strong>:</strong></span> 
     </span>
    </p>
   </div>
   <div class='ocr_carea' id='block_1_78' title="bbox 1870 1935 3445 2008">
    <p class='ocr_par' dir='ltr' id='par_1_78' title="bbox 1870 1935 3445 2008">
     <span class='ocr_line' id='line_1_78' title="bbox 1870 1935 3445 2008; baseline 0.002 -20"><span class='ocrx_word' id='word_1_658' title='bbox 1870 1955 1890 1988; x_wconf 77' lang='grc' dir='ltr'><strong>ι</strong></span> <span class='ocrx_word' id='word_1_659' title='bbox 1924 1935 2060 2004; x_wconf 83' lang='lat' dir='ltr'><strong>Quis</strong></span> <span class='ocrx_word' id='word_1_660' title='bbox 2088 1938 2179 1993; x_wconf 91' lang='lat' dir='ltr'><strong>det</strong></span> <span class='ocrx_word' id='word_1_661' title='bbox 2216 1944 2292 2003; x_wconf 89' lang='lat' dir='ltr'><strong>te,</strong></span> <span class='ocrx_word' id='word_1_662' title='bbox 2316 1938 2647 1993; x_wconf 90' lang='lat' dir='ltr'><strong>consobrine</strong></span> <span class='ocrx_word' id='word_1_663' title='bbox 2677 1939 2773 2004; x_wconf 91' lang='lat' dir='ltr'><strong>mi,</strong></span> <span class='ocrx_word' id='word_1_664' title='bbox 2805 1948 3091 2008; x_wconf 87' lang='lat' dir='ltr'><strong>sugentem</strong></span> <span class='ocrx_word' id='word_1_665' title='bbox 3130 1938 3297 1994; x_wconf 85' lang='lat' dir='ltr'><strong>ubera</strong></span> <span class='ocrx_word' id='word_1_666' title='bbox 3332 1952 3445 1992; x_wconf 83' lang='lat' dir='ltr'><strong>ma-</strong></span> 
     </span>
    </p>
   </div>
   <div class='ocr_carea' id='block_1_79' title="bbox 1862 2029 3444 2094">
    <p class='ocr_par' dir='ltr' id='par_1_79' title="bbox 1862 2029 3444 2094">
     <span class='ocr_line' id='line_1_79' title="bbox 1862 2029 3444 2094; baseline 0 -10"><span class='ocrx_word' id='word_1_667' title='bbox 1862 2033 1964 2086; x_wconf 87' lang='lat' dir='ltr'><strong>tris</strong></span> <span class='ocrx_word' id='word_1_668' title='bbox 1996 2031 2163 2086; x_wconf 60' lang='lat' dir='ltr'><strong>mea?</strong></span> <span class='ocrx_word' id='word_1_669' title='bbox 2190 2031 2461 2086; x_wconf 86' lang='lat' dir='ltr'><strong>inveniam</strong></span> <span class='ocrx_word' id='word_1_670' title='bbox 2492 2040 2544 2085; x_wconf 91' lang='lat' dir='ltr'><strong>te</strong></span> <span class='ocrx_word' id='word_1_671' title='bbox 2570 2029 2726 2094; x_wconf 80' lang='lat' dir='ltr'><strong>foris,</strong></span> <span class='ocrx_word' id='word_1_672' title='bbox 2759 2030 3057 2085; x_wconf 88' lang='lat' dir='ltr'><strong>osculabor</strong></span> <span class='ocrx_word' id='word_1_673' title='bbox 3079 2037 3153 2094; x_wconf 87' lang='lat' dir='ltr'><strong>te,</strong></span> <span class='ocrx_word' id='word_1_674' title='bbox 3189 2045 3292 2086; x_wconf 90' lang='lat' dir='ltr'><strong>nec</strong></span> <span class='ocrx_word' id='word_1_675' title='bbox 3313 2044 3444 2085; x_wconf 84' lang='lat' dir='ltr'><strong>con-</strong></span> 
     </span>
    </p>
   </div>
   <div class='ocr_carea' id='block_1_80' title="bbox 1862 2121 3443 2193">
    <p class='ocr_par' dir='ltr' id='par_1_80' title="bbox 1862 2121 3443 2193">
     <span class='ocr_line' id='line_1_80' title="bbox 1862 2121 3443 2193; baseline -0.002 -17"><span class='ocrx_word' id='word_1_676' title='bbox 1862 2131 2104 2178; x_wconf 88' lang='lat' dir='ltr'><strong>temnent</strong></span> <span class='ocrx_word' id='word_1_677' title='bbox 2128 2138 2235 2177; x_wconf 92' lang='lat' dir='ltr'><strong>me.</strong></span> <span class='ocrx_word' id='word_1_678' title='bbox 2272 2122 2692 2193; x_wconf 80' lang='lat' dir='ltr'><strong>Apprchendam</strong></span> <span class='ocrx_word' id='word_1_679' title='bbox 2717 2129 2793 2187; x_wconf 91' lang='lat' dir='ltr'><strong>te,</strong></span> <span class='ocrx_word' id='word_1_680' title='bbox 2821 2122 3019 2177; x_wconf 86' lang='lat' dir='ltr'><strong>ducam</strong></span> <span class='ocrx_word' id='word_1_681' title='bbox 3045 2129 3098 2177; x_wconf 91' lang='lat' dir='ltr'><strong>te</strong></span> <span class='ocrx_word' id='word_1_682' title='bbox 3130 2121 3185 2176; x_wconf 88' lang='lat' dir='ltr'><strong>in</strong></span> <span class='ocrx_word' id='word_1_683' title='bbox 3218 2122 3443 2176; x_wconf 89' lang='lat' dir='ltr'><strong>domum</strong></span> 
     </span>
    </p>
   </div>
   <div class='ocr_carea' id='block_1_81' title="bbox 1860 2210 3444 2281">
    <p class='ocr_par' dir='ltr' id='par_1_81' title="bbox 1860 2210 3444 2281">
     <span class='ocr_line' id='line_1_81' title="bbox 1860 2210 3444 2281; baseline 0.001 -17"><span class='ocrx_word' id='word_1_684' title='bbox 1860 2211 2054 2266; x_wconf 86' lang='lat' dir='ltr'><strong>matris</strong></span> <span class='ocrx_word' id='word_1_685' title='bbox 2092 2225 2256 2274; x_wconf 68' lang='lat' dir='ltr'><strong>meae,</strong></span> <span class='ocrx_word' id='word_1_686' title='bbox 2300 2219 2356 2265; x_wconf 90' lang='lat' dir='ltr'><strong>et</strong></span> <span class='ocrx_word' id='word_1_687' title='bbox 2386 2210 2444 2265; x_wconf 91' lang='lat' dir='ltr'><strong>in</strong></span> <span class='ocrx_word' id='word_1_688' title='bbox 2479 2211 2795 2265; x_wconf 89' lang='lat' dir='ltr'><strong>cubiculum</strong></span> <span class='ocrx_word' id='word_1_689' title='bbox 2823 2211 2945 2280; x_wconf 89' lang='lat' dir='ltr'><strong>ejus</strong></span> <span class='ocrx_word' id='word_1_690' title='bbox 2974 2212 3070 2281; x_wconf 90' lang='lat' dir='ltr'><strong>qui</strong></span> <span class='ocrx_word' id='word_1_691' title='bbox 3121 2227 3209 2266; x_wconf 89' lang='lat' dir='ltr'><strong>me</strong></span> <span class='ocrx_word' id='word_1_692' title='bbox 3238 2224 3444 2266; x_wconf 79' lang='lat' dir='ltr'><strong>conce-</strong></span> 
     </span>
    </p>
   </div>
   <div class='ocr_carea' id='block_1_82' title="bbox 1860 2300 3443 2372">
    <p class='ocr_par' dir='ltr' id='par_1_82' title="bbox 1860 2300 3443 2372">
     <span class='ocr_line' id='line_1_82' title="bbox 1860 2300 3443 2372; baseline 0.001 -17"><span class='ocrx_word' id='word_1_693' title='bbox 1860 2301 1939 2372; x_wconf 90' lang='lat' dir='ltr'><strong>pit</strong></span> <span class='ocrx_word' id='word_1_694' title='bbox 1955 2301 2019 2354; x_wconf 82' lang='grc'><strong>³⁸.</strong></span> <span class='ocrx_word' id='word_1_695' title='bbox 2049 2320 2068 2355; x_wconf 74' lang='grc' dir='ltr'><strong>ι</strong></span> <span class='ocrx_word' id='word_1_696' title='bbox 2100 2300 2315 2358; x_wconf 90' lang='lat' dir='ltr'><strong>Precati</strong></span> <span class='ocrx_word' id='word_1_697' title='bbox 2336 2311 2467 2359; x_wconf 90' lang='lat' dir='ltr'><strong>sunt</strong></span> <span class='ocrx_word' id='word_1_698' title='bbox 2491 2303 2660 2367; x_wconf 90' lang='lat' dir='ltr'><strong>enim,</strong></span> <span class='ocrx_word' id='word_1_699' title='bbox 2685 2310 2745 2357; x_wconf 89' lang='lat' dir='ltr'><strong>ut</strong></span> <span class='ocrx_word' id='word_1_700' title='bbox 2764 2317 2988 2358; x_wconf 87' lang='lat' dir='ltr'><strong>carnem</strong></span> <span class='ocrx_word' id='word_1_701' title='bbox 3006 2310 3314 2359; x_wconf 86' lang='lat' dir='ltr'><strong>assumeret</strong></span> <span class='ocrx_word' id='word_1_702' title='bbox 3330 2317 3443 2357; x_wconf 89' lang='lat' dir='ltr'><strong>non</strong></span> 
     </span>
    </p>
   </div>
   <div class='ocr_carea' id='block_1_83' title="bbox 1858 2394 3440 2464">
    <p class='ocr_par' dir='ltr' id='par_1_83' title="bbox 1858 2394 3440 2464">
     <span class='ocr_line' id='line_1_83' title="bbox 1858 2394 3440 2464; baseline 0.001 -17"><span class='ocrx_word' id='word_1_703' title='bbox 1858 2394 2099 2460; x_wconf 88' lang='lat' dir='ltr'><strong>aliunde,</strong></span> <span class='ocrx_word' id='word_1_704' title='bbox 2133 2394 2228 2451; x_wconf 85' lang='lat' dir='ltr'><strong>sed</strong></span> <span class='ocrx_word' id='word_1_705' title='bbox 2259 2410 2326 2450; x_wconf 82' lang='lat' dir='ltr'><strong>ex</strong></span> <span class='ocrx_word' id='word_1_706' title='bbox 2353 2409 2417 2449; x_wconf 91' lang='lat' dir='ltr'><strong>ea</strong></span> <span class='ocrx_word' id='word_1_707' title='bbox 2439 2394 2555 2464; x_wconf 85' lang='lat' dir='ltr'><strong>ipsa</strong></span> <span class='ocrx_word' id='word_1_708' title='bbox 2578 2394 2825 2457; x_wconf 89' lang='lat' dir='ltr'><strong>matrice,</strong></span> <span class='ocrx_word' id='word_1_709' title='bbox 2848 2409 2916 2449; x_wconf 81' lang='lat' dir='ltr'><strong>ex</strong></span> <span class='ocrx_word' id='word_1_710' title='bbox 2937 2409 3047 2464; x_wconf 82' lang='lat' dir='ltr'><strong>qua</strong></span> <span class='ocrx_word' id='word_1_711' title='bbox 3079 2394 3198 2448; x_wconf 88' lang='lat' dir='ltr'><strong>nati</strong></span> <span class='ocrx_word' id='word_1_712' title='bbox 3224 2408 3440 2458; x_wconf 90' lang='lat' dir='ltr'><strong>sumus,</strong></span> 
     </span>
    </p>
   </div>
   <div class='ocr_carea' id='block_1_84' title="bbox 1857 2485 3443 2559">
    <p class='ocr_par' dir='ltr' id='par_1_84' title="bbox 1857 2485 3443 2559">
     <span class='ocr_line' id='line_1_84' title="bbox 1857 2485 3443 2559; baseline -0.001 -18"><span class='ocrx_word' id='word_1_713' title='bbox 1857 2485 1985 2541; x_wconf 89' lang='lat' dir='ltr'><strong>licet</strong></span> <span class='ocrx_word' id='word_1_714' title='bbox 2012 2502 2120 2542; x_wconf 91' lang='lat' dir='ltr'><strong>non</strong></span> <span class='ocrx_word' id='word_1_715' title='bbox 2149 2487 2362 2551; x_wconf 89' lang='lat' dir='ltr'><strong>eodem,</strong></span> <span class='ocrx_word' id='word_1_716' title='bbox 2386 2503 2525 2559; x_wconf 90' lang='lat' dir='ltr'><strong>quos</strong></span> <span class='ocrx_word' id='word_1_717' title='bbox 2545 2501 2669 2550; x_wconf 88' lang='lat' dir='ltr'><strong>nos,</strong></span> <span class='ocrx_word' id='word_1_718' title='bbox 2702 2485 2886 2549; x_wconf 90' lang='lat' dir='ltr'><strong>modo,</strong></span> <span class='ocrx_word' id='word_1_719' title='bbox 2920 2500 3116 2556; x_wconf 90' lang='lat' dir='ltr'><strong>nempe</strong></span> <span class='ocrx_word' id='word_1_720' title='bbox 3137 2501 3204 2541; x_wconf 84' lang='lat' dir='ltr'><strong>ex</strong></span> <span class='ocrx_word' id='word_1_721' title='bbox 3232 2485 3353 2541; x_wconf 91' lang='lat' dir='ltr'><strong>viro</strong></span> <span class='ocrx_word' id='word_1_722' title='bbox 3387 2493 3443 2540; x_wconf 86' lang='lat' dir='ltr'><strong>et</strong></span> 
     </span>
    </p>
   </div>
   <div class='ocr_carea' id='block_1_85' title="bbox 1856 2576 3441 2650">
    <p class='ocr_par' dir='ltr' id='par_1_85' title="bbox 1856 2576 3441 2650">
     <span class='ocr_line' id='line_1_85' title="bbox 1856 2576 3441 2650; baseline 0.001 -18"><span class='ocrx_word' id='word_1_723' title='bbox 1856 2578 2104 2633; x_wconf 78' lang='lat' dir='ltr'><strong>muliere.</strong></span> <span class='ocrx_word' id='word_1_724' title='bbox 2129 2578 2340 2650; x_wconf 84' lang='lat' dir='ltr'><strong>Corpus</strong></span> <span class='ocrx_word' id='word_1_725' title='bbox 2362 2580 2508 2633; x_wconf 89' lang='lat' dir='ltr'><strong>enim</strong></span> <span class='ocrx_word' id='word_1_726' title='bbox 2538 2578 2665 2644; x_wconf 89' lang='lat' dir='ltr'><strong>sibi,</strong></span> <span class='ocrx_word' id='word_1_727' title='bbox 2707 2584 2897 2649; x_wconf 91' lang='lat' dir='ltr'><strong>utpote</strong></span> <span class='ocrx_word' id='word_1_728' title='bbox 2945 2576 3194 2643; x_wconf 86' lang='lat' dir='ltr'><strong>Creator,</strong></span> <span class='ocrx_word' id='word_1_729' title='bbox 3224 2594 3292 2634; x_wconf 78' lang='lat' dir='ltr'><strong>ex</strong></span> <span class='ocrx_word' id='word_1_730' title='bbox 3321 2578 3441 2635; x_wconf 79' lang='lat' dir='ltr'><strong>sola</strong></span> 
     </span>
    </p>
   </div>
   <div class='ocr_carea' id='block_1_86' title="bbox 1862 2666 3440 2740">
    <p class='ocr_par' dir='ltr' id='par_1_86' title="bbox 1862 2666 3440 2740">
     <span class='ocr_line' id='line_1_86' title="bbox 1862 2666 3440 2740; baseline 0 -19"><span class='ocrx_word' id='word_1_731' title='bbox 1862 2666 2081 2739; x_wconf 88' lang='lat' dir='ltr'><strong>Virgine</strong></span> <span class='ocrx_word' id='word_1_732' title='bbox 2140 2668 2476 2740; x_wconf 86' lang='lat' dir='ltr'><strong>assumpsit:</strong></span> <span class='ocrx_word' id='word_1_733' title='bbox 2533 2675 2774 2724; x_wconf 88' lang='lat' dir='ltr'><strong>attamen</strong></span> <span class='ocrx_word' id='word_1_734' title='bbox 2834 2683 2904 2723; x_wconf 80' lang='lat' dir='ltr'><strong>ex</strong></span> <span class='ocrx_word' id='word_1_735' title='bbox 2950 2667 3215 2724; x_wconf 89' lang='lat' dir='ltr'><strong>homine:</strong></span> <span class='ocrx_word' id='word_1_736' title='bbox 3272 2667 3440 2729; x_wconf 88' lang='lat' dir='ltr'><strong>homo</strong></span> 
     </span>
    </p>
   </div>
   <div class='ocr_carea' id='block_1_87' title="bbox 1855 2757 3437 2832">
    <p class='ocr_par' dir='ltr' id='par_1_87' title="bbox 1855 2757 3437 2832">
     <span class='ocr_line' id='line_1_87' title="bbox 1855 2757 3437 2832; baseline -0.002 -16"><span class='ocrx_word' id='word_1_737' title='bbox 1855 2761 2003 2816; x_wconf 90' lang='lat' dir='ltr'><strong>enim</strong></span> <span class='ocrx_word' id='word_1_738' title='bbox 2036 2760 2139 2816; x_wconf 82' lang='lat' dir='ltr'><strong>fuit</strong></span> <span class='ocrx_word' id='word_1_739' title='bbox 2179 2761 2413 2832; x_wconf 80' lang='lat' dir='ltr'><strong>genitrix</strong></span> <span class='ocrx_word' id='word_1_740' title='bbox 2442 2759 2539 2815; x_wconf 90' lang='lat' dir='ltr'><strong>Dei</strong></span> <span class='ocrx_word' id='word_1_741' title='bbox 2577 2759 2770 2816; x_wconf 79' lang='lat' dir='ltr'><strong>Maria.</strong></span> <span class='ocrx_word' id='word_1_742' title='bbox 2802 2758 2965 2816; x_wconf 90' lang='lat' dir='ltr'><strong>Verbi</strong></span> <span class='ocrx_word' id='word_1_743' title='bbox 2999 2774 3160 2829; x_wconf 91' lang='lat' dir='ltr'><strong>vero,</strong></span> <span class='ocrx_word' id='word_1_744' title='bbox 3211 2775 3277 2816; x_wconf 82' lang='lat' dir='ltr'><strong>ex</strong></span> <span class='ocrx_word' id='word_1_745' title='bbox 3312 2757 3437 2814; x_wconf 90' lang='lat' dir='ltr'><strong>Vir-</strong></span> 
     </span>
    </p>
   </div>
   <div class='ocr_carea' id='block_1_88' title="bbox 1853 2848 3440 2922">
    <p class='ocr_par' dir='ltr' id='par_1_88' title="bbox 1853 2848 3440 2922">
     <span class='ocr_line' id='line_1_88' title="bbox 1853 2848 3440 2922; baseline 0.002 -18"><span class='ocrx_word' id='word_1_746' title='bbox 1853 2851 1979 2922; x_wconf 91' lang='lat' dir='ltr'><strong>gine</strong></span> <span class='ocrx_word' id='word_1_747' title='bbox 1999 2849 2113 2920; x_wconf 90' lang='lat' dir='ltr'><strong>jam</strong></span> <span class='ocrx_word' id='word_1_748' title='bbox 2144 2864 2361 2904; x_wconf 89' lang='lat' dir='ltr'><strong>carnem</strong></span> <span class='ocrx_word' id='word_1_749' title='bbox 2392 2852 2756 2915; x_wconf 88' lang='lat' dir='ltr'><strong>assumcntis,</strong></span> <span class='ocrx_word' id='word_1_750' title='bbox 2778 2848 2847 2904; x_wconf 90' lang='lat' dir='ltr'><strong>ad</strong></span> <span class='ocrx_word' id='word_1_751' title='bbox 2880 2858 3168 2921; x_wconf 87' lang='lat' dir='ltr'><strong>precantes</strong></span> <span class='ocrx_word' id='word_1_752' title='bbox 3197 2866 3276 2918; x_wconf 89' lang='lat' dir='ltr'><strong>se,</strong></span> <span class='ocrx_word' id='word_1_753' title='bbox 3310 2858 3440 2907; x_wconf 85' lang='lat' dir='ltr'><strong>sunt</strong></span> 
     </span>
    </p>
   </div>
   <div class='ocr_carea' id='block_1_89' title="bbox 1854 2940 3436 3012">
    <p class='ocr_par' dir='ltr' id='par_1_89' title="bbox 1854 2940 3436 3012">
     <span class='ocr_line' id='line_1_89' title="bbox 1854 2940 3436 3012; baseline 0 -15"><span class='ocrx_word' id='word_1_754' title='bbox 1854 2941 1961 2998; x_wconf 90' lang='lat' dir='ltr'><strong>ista</strong></span> <span class='ocrx_word' id='word_1_755' title='bbox 1988 2960 2002 2996; x_wconf 91' lang='lat'><strong>:</strong></span> <span class='ocrx_word' id='word_1_756' title='bbox 2033 2960 2052 2995; x_wconf 77' lang='grc' dir='ltr'><strong>ι</strong></span> <span class='ocrx_word' id='word_1_757' title='bbox 2089 2940 2376 3012; x_wconf 85' lang='lat' dir='ltr'><strong>Ingressus</strong></span> <span class='ocrx_word' id='word_1_758' title='bbox 2400 2956 2523 2998; x_wconf 91' lang='lat' dir='ltr'><strong>sum</strong></span> <span class='ocrx_word' id='word_1_759' title='bbox 2556 2941 2614 2996; x_wconf 90' lang='lat' dir='ltr'><strong>in</strong></span> <span class='ocrx_word' id='word_1_760' title='bbox 2653 2941 2873 2997; x_wconf 90' lang='lat' dir='ltr'><strong>hortum</strong></span> <span class='ocrx_word' id='word_1_761' title='bbox 2905 2957 3107 3010; x_wconf 90' lang='lat' dir='ltr'><strong>meum,</strong></span> <span class='ocrx_word' id='word_1_762' title='bbox 3134 2958 3293 2998; x_wconf 89' lang='lat' dir='ltr'><strong>soror</strong></span> <span class='ocrx_word' id='word_1_763' title='bbox 3315 2958 3436 2999; x_wconf 85' lang='lat' dir='ltr'><strong>mea</strong></span> 
     </span>
    </p>
   </div>
   <div class='ocr_carea' id='block_1_90' title="bbox 1855 3031 3440 3104">
    <p class='ocr_par' dir='ltr' id='par_1_90' title="bbox 1855 3031 3440 3104">
     <span class='ocr_line' id='line_1_90' title="bbox 1855 3031 3440 3104; baseline -0.001 -15"><span class='ocrx_word' id='word_1_764' title='bbox 1855 3047 2076 3104; x_wconf 89' lang='lat' dir='ltr'><strong>sponsa,</strong></span> <span class='ocrx_word' id='word_1_765' title='bbox 2100 3031 2428 3088; x_wconf 87' lang='lat' dir='ltr'><strong>vindemiavi</strong></span> <span class='ocrx_word' id='word_1_766' title='bbox 2477 3031 2756 3102; x_wconf 85' lang='lat' dir='ltr'><strong>myrrham</strong></span> <span class='ocrx_word' id='word_1_767' title='bbox 2788 3032 2964 3088; x_wconf 87' lang='lat' dir='ltr'><strong>meam</strong></span> <span class='ocrx_word' id='word_1_768' title='bbox 3010 3047 3134 3087; x_wconf 89' lang='lat' dir='ltr'><strong>cum</strong></span> <span class='ocrx_word' id='word_1_769' title='bbox 3182 3034 3440 3088; x_wconf 79' lang='lat' dir='ltr'><strong>aromati-</strong></span> 
     </span>
    </p>
   </div>
   <div class='ocr_carea' id='block_1_91' title="bbox 1852 3124 3435 3195">
    <p class='ocr_par' dir='ltr' id='par_1_91' title="bbox 1852 3124 3435 3195">
     <span class='ocr_line' id='line_1_91' title="bbox 1852 3124 3435 3195; baseline 0 -14"><span class='ocrx_word' id='word_1_770' title='bbox 1852 3125 1958 3182; x_wconf 85' lang='lat' dir='ltr'><strong>bus</strong></span> <span class='ocrx_word' id='word_1_771' title='bbox 1982 3125 2141 3191; x_wconf 85' lang='lat' dir='ltr'><strong>meis,</strong></span> <span class='ocrx_word' id='word_1_772' title='bbox 2164 3124 2377 3180; x_wconf 89' lang='lat' dir='ltr'><strong>comedi</strong></span> <span class='ocrx_word' id='word_1_773' title='bbox 2399 3139 2597 3195; x_wconf 89' lang='lat' dir='ltr'><strong>panem</strong></span> <span class='ocrx_word' id='word_1_774' title='bbox 2620 3140 2802 3179; x_wconf 88' lang='lat' dir='ltr'><strong>meum</strong></span> <span class='ocrx_word' id='word_1_775' title='bbox 2824 3140 2950 3179; x_wconf 92' lang='lat' dir='ltr'><strong>cum</strong></span> <span class='ocrx_word' id='word_1_776' title='bbox 2980 3125 3143 3181; x_wconf 84' lang='lat' dir='ltr'><strong>melle</strong></span> <span class='ocrx_word' id='word_1_777' title='bbox 3162 3141 3306 3192; x_wconf 88' lang='lat' dir='ltr'><strong>meo,</strong></span> <span class='ocrx_word' id='word_1_778' title='bbox 3319 3126 3435 3181; x_wconf 89' lang='lat' dir='ltr'><strong>bibi</strong></span> 
     </span>
    </p>
   </div>
   <div class='ocr_carea' id='block_1_92' title="bbox 1851 3215 3436 3288">
    <p class='ocr_par' dir='ltr' id='par_1_92' title="bbox 1851 3215 3436 3288">
     <span class='ocr_line' id='line_1_92' title="bbox 1851 3215 3436 3288; baseline -0.001 -13"><span class='ocrx_word' id='word_1_779' title='bbox 1851 3219 2040 3275; x_wconf 87' lang='lat' dir='ltr'><strong>vinum</strong></span> <span class='ocrx_word' id='word_1_780' title='bbox 2063 3233 2245 3274; x_wconf 92' lang='lat' dir='ltr'><strong>meum</strong></span> <span class='ocrx_word' id='word_1_781' title='bbox 2269 3232 2394 3273; x_wconf 92' lang='lat' dir='ltr'><strong>cum</strong></span> <span class='ocrx_word' id='word_1_782' title='bbox 2421 3217 2561 3272; x_wconf 89' lang='lat' dir='ltr'><strong>lacte</strong></span> <span class='ocrx_word' id='word_1_783' title='bbox 2593 3232 2715 3272; x_wconf 88' lang='lat' dir='ltr'><strong>meo</strong></span> <span class='ocrx_word' id='word_1_784' title='bbox 2741 3216 2806 3271; x_wconf 83' lang='grc'><strong>³⁸.</strong></span> <span class='ocrx_word' id='word_1_785' title='bbox 2844 3235 2865 3270; x_wconf 72' lang='grc' dir='ltr'><strong>ι</strong></span> <span class='ocrx_word' id='word_1_786' title='bbox 2898 3215 2960 3271; x_wconf 86' lang='lat' dir='ltr'><strong>In</strong></span> <span class='ocrx_word' id='word_1_787' title='bbox 2985 3217 3266 3288; x_wconf 90' lang='lat' dir='ltr'><strong>proprium</strong></span> <span class='ocrx_word' id='word_1_788' title='bbox 3289 3219 3436 3273; x_wconf 90' lang='lat' dir='ltr'><strong>enim</strong></span> 
     </span>
    </p>
   </div>
   <div class='ocr_carea' id='block_1_93' title="bbox 1853 3309 3433 3381">
    <p class='ocr_par' dir='ltr' id='par_1_93' title="bbox 1853 3309 3433 3381">
     <span class='ocr_line' id='line_1_93' title="bbox 1853 3309 3433 3381; baseline 0.001 -16"><span class='ocrx_word' id='word_1_789' title='bbox 1853 3310 2097 3376; x_wconf 90' lang='lat' dir='ltr'><strong>hortum,</strong></span> <span class='ocrx_word' id='word_1_790' title='bbox 2119 3321 2426 3366; x_wconf 87' lang='lat' dir='ltr'><strong>creaturam</strong></span> <span class='ocrx_word' id='word_1_791' title='bbox 2454 3309 2728 3376; x_wconf 89' lang='lat' dir='ltr'><strong>videlicet,</strong></span> <span class='ocrx_word' id='word_1_792' title='bbox 2754 3313 3062 3381; x_wconf 84' lang='lat' dir='ltr'><strong>ingressus,</strong></span> <span class='ocrx_word' id='word_1_793' title='bbox 3079 3324 3300 3366; x_wconf 85' lang='lat' dir='ltr'><strong>carnem</strong></span> <span class='ocrx_word' id='word_1_794' title='bbox 3326 3311 3433 3368; x_wconf 87' lang='lat' dir='ltr'><strong>sibi</strong></span> 
     </span>
    </p>
   </div>
   <div class='ocr_carea' id='block_1_94' title="bbox 1853 3401 3435 3474">
    <p class='ocr_par' dir='ltr' id='par_1_94' title="bbox 1853 3401 3435 3474">
     <span class='ocr_line' id='line_1_94' title="bbox 1853 3401 3435 3474; baseline 0.002 -16"><span class='ocrx_word' id='word_1_795' title='bbox 1853 3418 1920 3458; x_wconf 79' lang='lat' dir='ltr'><strong>ex</strong></span> <span class='ocrx_word' id='word_1_796' title='bbox 1950 3403 2173 3474; x_wconf 83' lang='lat' dir='ltr'><strong>Virgine</strong></span> <span class='ocrx_word' id='word_1_797' title='bbox 2201 3401 2519 3473; x_wconf 88' lang='lat' dir='ltr'><strong>assumpsit,</strong></span> <span class='ocrx_word' id='word_1_798' title='bbox 2548 3410 2604 3458; x_wconf 93' lang='lat' dir='ltr'><strong>et</strong></span> <span class='ocrx_word' id='word_1_799' title='bbox 2656 3404 2820 3458; x_wconf 90' lang='lat' dir='ltr'><strong>homo</strong></span> <span class='ocrx_word' id='word_1_800' title='bbox 2852 3401 3034 3458; x_wconf 81' lang='lat' dir='ltr'><strong>factus</strong></span> <span class='ocrx_word' id='word_1_801' title='bbox 3065 3411 3168 3459; x_wconf 90' lang='lat' dir='ltr'><strong>est.</strong></span> <span class='ocrx_word' id='word_1_802' title='bbox 3204 3402 3435 3462; x_wconf 84' lang='lat' dir='ltr'><strong>Mortale</strong></span> 
     </span>
    </p>
   </div>
   <div class='ocr_carea' id='block_1_95' title="bbox 1853 3495 3438 3568">
    <p class='ocr_par' dir='ltr' id='par_1_95' title="bbox 1853 3495 3438 3568">
     <span class='ocr_line' id='line_1_95' title="bbox 1853 3495 3438 3568; baseline -0.001 -16"><span class='ocrx_word' id='word_1_803' title='bbox 1853 3497 2074 3568; x_wconf 79' lang='lat' dir='ltr'><strong>quidem</strong></span> <span class='ocrx_word' id='word_1_804' title='bbox 2103 3511 2306 3568; x_wconf 89' lang='lat' dir='ltr'><strong>corpus</strong></span> <span class='ocrx_word' id='word_1_805' title='bbox 2347 3503 2487 3561; x_wconf 87' lang='lat' dir='ltr'><strong>erat,</strong></span> <span class='ocrx_word' id='word_1_806' title='bbox 2512 3511 2702 3551; x_wconf 89' lang='lat' dir='ltr'><strong>verum</strong></span> <span class='ocrx_word' id='word_1_807' title='bbox 2734 3510 2860 3550; x_wconf 91' lang='lat' dir='ltr'><strong>cum</strong></span> <span class='ocrx_word' id='word_1_808' title='bbox 2907 3495 3061 3552; x_wconf 83' lang='lat' dir='ltr'><strong>suavi</strong></span> <span class='ocrx_word' id='word_1_809' title='bbox 3092 3496 3261 3553; x_wconf 86' lang='lat' dir='ltr'><strong>odore</strong></span> <span class='ocrx_word' id='word_1_810' title='bbox 3310 3511 3438 3551; x_wconf 90' lang='lat' dir='ltr'><strong>san-</strong></span> 
     </span>
    </p>
   </div>
   <div class='ocr_carea' id='block_1_96' title="bbox 1852 3586 3438 3657">
    <p class='ocr_par' dir='ltr' id='par_1_96' title="bbox 1852 3586 3438 3657">
     <span class='ocr_line' id='line_1_96' title="bbox 1852 3586 3438 3657; baseline -0.001 -12"><span class='ocrx_word' id='word_1_811' title='bbox 1852 3589 2085 3645; x_wconf 89' lang='lat' dir='ltr'><strong>ctissimi</strong></span> <span class='ocrx_word' id='word_1_812' title='bbox 2111 3586 2278 3643; x_wconf 89' lang='lat' dir='ltr'><strong>Verbi</strong></span> <span class='ocrx_word' id='word_1_813' title='bbox 2308 3586 2683 3657; x_wconf 87' lang='lat' dir='ltr'><strong>conjunctum.</strong></span> <span class='ocrx_word' id='word_1_814' title='bbox 2718 3586 2782 3641; x_wconf 87' lang='lat' dir='ltr'><strong>Et</strong></span> <span class='ocrx_word' id='word_1_815' title='bbox 2824 3587 2950 3642; x_wconf 88' lang='lat' dir='ltr'><strong>licet</strong></span> <span class='ocrx_word' id='word_1_816' title='bbox 2979 3594 3040 3642; x_wconf 89' lang='lat' dir='ltr'><strong>ut</strong></span> <span class='ocrx_word' id='word_1_817' title='bbox 3082 3587 3249 3644; x_wconf 88' lang='lat' dir='ltr'><strong>homo</strong></span> <span class='ocrx_word' id='word_1_818' title='bbox 3277 3588 3438 3644; x_wconf 77' lang='lat' dir='ltr'><strong>lactis</strong></span> 
     </span>
    </p>
   </div>
   <div class='ocr_carea' id='block_1_97' title="bbox 1851 3678 3436 3750">
    <p class='ocr_par' dir='ltr' id='par_1_97' title="bbox 1851 3678 3436 3750">
     <span class='ocr_line' id='line_1_97' title="bbox 1851 3678 3436 3750; baseline -0.002 -12"><span class='ocrx_word' id='word_1_819' title='bbox 1851 3681 2035 3738; x_wconf 89' lang='lat' dir='ltr'><strong>cibum</strong></span> <span class='ocrx_word' id='word_1_820' title='bbox 2073 3678 2292 3750; x_wconf 87' lang='lat' dir='ltr'><strong>corpori</strong></span> <span class='ocrx_word' id='word_1_821' title='bbox 2324 3694 2425 3734; x_wconf 88' lang='lat' dir='ltr'><strong>suo</strong></span> <span class='ocrx_word' id='word_1_822' title='bbox 2464 3678 2780 3745; x_wconf 83' lang='lat' dir='ltr'><strong>admiserit,</strong></span> <span class='ocrx_word' id='word_1_823' title='bbox 2824 3689 3005 3734; x_wconf 88' lang='lat' dir='ltr'><strong>tamen</strong></span> <span class='ocrx_word' id='word_1_824' title='bbox 3051 3686 3107 3734; x_wconf 87' lang='lat' dir='ltr'><strong>et</strong></span> <span class='ocrx_word' id='word_1_825' title='bbox 3138 3679 3325 3734; x_wconf 89' lang='lat' dir='ltr'><strong>vinum</strong></span> <span class='ocrx_word' id='word_1_826' title='bbox 3354 3680 3436 3735; x_wconf 87' lang='lat' dir='ltr'><strong>illi</strong></span> 
     </span>
    </p>
   </div>
   <div class='ocr_carea' id='block_1_98' title="bbox 1851 3769 3435 3843">
    <p class='ocr_par' dir='ltr' id='par_1_98' title="bbox 1851 3769 3435 3843">
     <span class='ocr_line' id='line_1_98' title="bbox 1851 3769 3435 3843; baseline 0 -16"><span class='ocrx_word' id='word_1_827' title='bbox 1851 3771 2205 3843; x_wconf 81' lang='lat' dir='ltr'><strong>perfectionis</strong></span> <span class='ocrx_word' id='word_1_828' title='bbox 2237 3785 2351 3825; x_wconf 77' lang='lat' dir='ltr'><strong>sua:</strong></span> <span class='ocrx_word' id='word_1_829' title='bbox 2380 3769 2669 3840; x_wconf 70' lang='lat' dir='ltr'><strong>impertiit.</strong></span> <span class='ocrx_word' id='word_1_830' title='bbox 2728 3770 2941 3825; x_wconf 88' lang='lat' dir='ltr'><strong>Etenim</strong></span> <span class='ocrx_word' id='word_1_831' title='bbox 2971 3771 3435 3841; x_wconf 81' lang='lat' dir='ltr'><strong>quemadmodum</strong></span> 
     </span>
    </p>
   </div>
   <div class='ocr_carea' id='block_1_99' title="bbox 1851 3861 3434 3934">
    <p class='ocr_par' dir='ltr' id='par_1_99' title="bbox 1851 3861 3434 3934">
     <span class='ocr_line' id='line_1_99' title="bbox 1851 3861 3434 3934; baseline -0.001 -14"><span class='ocrx_word' id='word_1_832' title='bbox 1851 3865 1940 3920; x_wconf 89' lang='lat' dir='ltr'><strong>lac</strong></span> <span class='ocrx_word' id='word_1_833' title='bbox 1969 3862 2226 3929; x_wconf 87' lang='lat' dir='ltr'><strong>comedit,</strong></span> <span class='ocrx_word' id='word_1_834' title='bbox 2261 3861 2336 3916; x_wconf 88' lang='lat' dir='ltr'><strong>ita</strong></span> <span class='ocrx_word' id='word_1_835' title='bbox 2365 3871 2422 3917; x_wconf 85' lang='lat' dir='ltr'><strong>et</strong></span> <span class='ocrx_word' id='word_1_836' title='bbox 2451 3862 2758 3917; x_wconf 78' lang='lat' dir='ltr'><strong>divinitatis</strong></span> <span class='ocrx_word' id='word_1_837' title='bbox 2791 3877 2959 3932; x_wconf 83' lang='lat' dir='ltr'><strong>opera</strong></span> <span class='ocrx_word' id='word_1_838' title='bbox 3002 3862 3061 3917; x_wconf 88' lang='lat' dir='ltr'><strong>in</strong></span> <span class='ocrx_word' id='word_1_839' title='bbox 3099 3862 3222 3934; x_wconf 90' lang='lat' dir='ltr'><strong>ipso</strong></span> <span class='ocrx_word' id='word_1_840' title='bbox 3252 3861 3434 3934; x_wconf 81' lang='lat' dir='ltr'><strong>perfe-</strong></span> 
     </span>
    </p>
   </div>
   <div class='ocr_carea' id='block_1_100' title="bbox 1852 3952 3434 4026">
    <p class='ocr_par' dir='ltr' id='par_1_100' title="bbox 1852 3952 3434 4026">
     <span class='ocr_line' id='line_1_100' title="bbox 1852 3952 3434 4026; baseline -0.003 -12"><span class='ocrx_word' id='word_1_841' title='bbox 1852 3957 1944 4015; x_wconf 87' lang='lat' dir='ltr'><strong>cit.</strong></span> <span class='ocrx_word' id='word_1_842' title='bbox 1977 3955 2181 4013; x_wconf 90' lang='lat' dir='ltr'><strong>Deinde</strong></span> <span class='ocrx_word' id='word_1_843' title='bbox 2199 3953 2462 4020; x_wconf 82' lang='lat' dir='ltr'><strong>Verbum,</strong></span> <span class='ocrx_word' id='word_1_844' title='bbox 2496 3969 2717 4010; x_wconf 88' lang='lat' dir='ltr'><strong>carnem</strong></span> <span class='ocrx_word' id='word_1_845' title='bbox 2766 3952 3039 4021; x_wconf 89' lang='lat' dir='ltr'><strong>indutum,</strong></span> <span class='ocrx_word' id='word_1_846' title='bbox 3065 3965 3300 4010; x_wconf 85' lang='lat' dir='ltr'><strong>veterem</strong></span> <span class='ocrx_word' id='word_1_847' title='bbox 3334 3969 3434 4026; x_wconf 88' lang='lat' dir='ltr'><strong>po-</strong></span> 
     </span>
    </p>
   </div>
   <div class='ocr_carea' id='block_1_101' title="bbox 1850 4045 3432 4123">
    <p class='ocr_par' dir='ltr' id='par_1_101' title="bbox 1850 4045 3432 4123">
     <span class='ocr_line' id='line_1_101' title="bbox 1850 4045 3432 4123; baseline -0.003 -18"><span class='ocrx_word' id='word_1_848' title='bbox 1850 4051 2064 4123; x_wconf 89' lang='lat' dir='ltr'><strong>pulum,</strong></span> <span class='ocrx_word' id='word_1_849' title='bbox 2094 4056 2155 4104; x_wconf 84' lang='lat' dir='ltr'><strong>ut</strong></span> <span class='ocrx_word' id='word_1_850' title='bbox 2185 4049 2273 4103; x_wconf 87' lang='lat' dir='ltr'><strong>cui</strong></span> <span class='ocrx_word' id='word_1_851' title='bbox 2302 4047 2541 4119; x_wconf 89' lang='lat' dir='ltr'><strong>primum</strong></span> <span class='ocrx_word' id='word_1_852' title='bbox 2571 4046 2796 4102; x_wconf 88' lang='lat' dir='ltr'><strong>oracula</strong></span> <span class='ocrx_word' id='word_1_853' title='bbox 2826 4045 2922 4102; x_wconf 86' lang='lat' dir='ltr'><strong>Dei</strong></span> <span class='ocrx_word' id='word_1_854' title='bbox 2951 4047 3267 4102; x_wconf 88' lang='lat' dir='ltr'><strong>concredita</strong></span> <span class='ocrx_word' id='word_1_855' title='bbox 3312 4046 3432 4101; x_wconf 78' lang='lat' dir='ltr'><strong>fue-</strong></span> 
     </span>
    </p>
   </div>
   <div class='ocr_carea' id='block_1_102' title="bbox 1849 4134 3429 4207">
    <p class='ocr_par' dir='ltr' id='par_1_102' title="bbox 1849 4134 3429 4207">
     <span class='ocr_line' id='line_1_102' title="bbox 1849 4134 3429 4207; baseline -0.004 -10"><span class='ocrx_word' id='word_1_856' title='bbox 1849 4150 1997 4206; x_wconf 89' lang='lat' dir='ltr'><strong>rant,</strong></span> <span class='ocrx_word' id='word_1_857' title='bbox 2026 4141 2093 4196; x_wconf 90' lang='lat' dir='ltr'><strong>ad</strong></span> <span class='ocrx_word' id='word_1_858' title='bbox 2122 4154 2184 4204; x_wconf 88' lang='lat' dir='ltr'><strong>se</strong></span> <span class='ocrx_word' id='word_1_859' title='bbox 2214 4146 2393 4204; x_wconf 91' lang='lat' dir='ltr'><strong>vocat,</strong></span> <span class='ocrx_word' id='word_1_860' title='bbox 2424 4138 2512 4194; x_wconf 89' lang='lat' dir='ltr'><strong>his</strong></span> <span class='ocrx_word' id='word_1_861' title='bbox 2550 4138 2770 4193; x_wconf 88' lang='lat' dir='ltr'><strong>verbis:</strong></span> <span class='ocrx_word' id='word_1_862' title='bbox 2813 4155 2834 4188; x_wconf 77' lang='grc' dir='ltr'><strong>ι</strong></span> <span class='ocrx_word' id='word_1_863' title='bbox 2870 4134 3044 4207; x_wconf 86' lang='lat' dir='ltr'><strong>Surge</strong></span> <span class='ocrx_word' id='word_1_864' title='bbox 3066 4175 3082 4201; x_wconf 92' lang='lat'><strong>,</strong></span> <span class='ocrx_word' id='word_1_865' title='bbox 3116 4135 3314 4192; x_wconf 87' lang='lat' dir='ltr'><strong>accede</strong></span> <span class='ocrx_word' id='word_1_866' title='bbox 3359 4137 3429 4191; x_wconf 83' lang='lat' dir='ltr'><strong>ad</strong></span> 
     </span>
    </p>
   </div>
   <div class='ocr_carea' id='block_1_103' title="bbox 1850 4229 3426 4301">
    <p class='ocr_par' dir='ltr' id='par_1_103' title="bbox 1850 4229 3426 4301">
     <span class='ocr_line' id='line_1_103' title="bbox 1850 4229 3426 4301; baseline -0.006 -9"><span class='ocrx_word' id='word_1_867' title='bbox 1850 4251 1958 4301; x_wconf 89' lang='lat' dir='ltr'><strong>me,</strong></span> <span class='ocrx_word' id='word_1_868' title='bbox 1990 4236 2166 4290; x_wconf 90' lang='lat' dir='ltr'><strong>amica</strong></span> <span class='ocrx_word' id='word_1_869' title='bbox 2189 4248 2332 4299; x_wconf 84' lang='lat' dir='ltr'><strong>mea,</strong></span> <span class='ocrx_word' id='word_1_870' title='bbox 2363 4232 2605 4288; x_wconf 84' lang='lat' dir='ltr'><strong>formosa</strong></span> <span class='ocrx_word' id='word_1_871' title='bbox 2641 4245 2795 4297; x_wconf 89' lang='lat' dir='ltr'><strong>mea,</strong></span> <span class='ocrx_word' id='word_1_872' title='bbox 2826 4229 3081 4285; x_wconf 88' lang='lat' dir='ltr'><strong>columba</strong></span> <span class='ocrx_word' id='word_1_873' title='bbox 3111 4243 3254 4293; x_wconf 89' lang='lat' dir='ltr'><strong>mea,</strong></span> <span class='ocrx_word' id='word_1_874' title='bbox 3284 4242 3426 4300; x_wconf 81' lang='lat' dir='ltr'><strong>quo-</strong></span> 
     </span>
    </p>
   </div>
   <div class='ocr_carea' id='block_1_104' title="bbox 1848 4315 3428 4388">
    <p class='ocr_par' dir='ltr' id='par_1_104' title="bbox 1848 4315 3428 4388">
     <span class='ocr_line' id='line_1_104' title="bbox 1848 4315 3428 4388; baseline -0.005 -8"><span class='ocrx_word' id='word_1_875' title='bbox 1848 4325 1996 4381; x_wconf 89' lang='lat' dir='ltr'><strong>niam</strong></span> <span class='ocrx_word' id='word_1_876' title='bbox 2026 4339 2155 4381; x_wconf 92' lang='lat' dir='ltr'><strong>ecce</strong></span> <span class='ocrx_word' id='word_1_877' title='bbox 2188 4323 2363 4377; x_wconf 87' lang='lat' dir='ltr'><strong>hiems</strong></span> <span class='ocrx_word' id='word_1_878' title='bbox 2391 4320 2634 4387; x_wconf 87' lang='lat' dir='ltr'><strong>transiit,</strong></span> <span class='ocrx_word' id='word_1_879' title='bbox 2664 4319 2839 4374; x_wconf 88' lang='lat' dir='ltr'><strong>imber</strong></span> <span class='ocrx_word' id='word_1_880' title='bbox 2878 4318 3032 4385; x_wconf 84' lang='lat' dir='ltr'><strong>abiit,</strong></span> <span class='ocrx_word' id='word_1_881' title='bbox 3055 4331 3121 4372; x_wconf 87' lang='lat' dir='ltr'><strong>ac</strong></span> <span class='ocrx_word' id='word_1_882' title='bbox 3149 4315 3428 4388; x_wconf 78' lang='lat' dir='ltr'><strong>profectus</strong></span> 
     </span>
    </p>
   </div>
   <div class='ocr_carea' id='block_1_105' title="bbox 1850 4408 3429 4481">
    <p class='ocr_par' dir='ltr' id='par_1_105' title="bbox 1850 4408 3429 4481">
     <span class='ocr_line' id='line_1_105' title="bbox 1850 4408 3429 4481; baseline -0.007 -9"><span class='ocrx_word' id='word_1_883' title='bbox 1850 4423 1934 4474; x_wconf 92' lang='lat' dir='ltr'><strong>est</strong></span> <span class='ocrx_word' id='word_1_884' title='bbox 1954 4414 2078 4470; x_wconf 89' lang='lat' dir='ltr'><strong>sibi.</strong></span> <span class='ocrx_word' id='word_1_885' title='bbox 2108 4411 2298 4467; x_wconf 87' lang='lat' dir='ltr'><strong>Flores</strong></span> <span class='ocrx_word' id='word_1_886' title='bbox 2325 4417 2697 4481; x_wconf 86' lang='lat' dir='ltr'><strong>apparuerunt</strong></span> <span class='ocrx_word' id='word_1_887' title='bbox 2729 4408 2785 4462; x_wconf 88' lang='lat' dir='ltr'><strong>in</strong></span> <span class='ocrx_word' id='word_1_888' title='bbox 2813 4415 2982 4475; x_wconf 88' lang='lat' dir='ltr'><strong>terra,</strong></span> <span class='ocrx_word' id='word_1_889' title='bbox 3010 4416 3225 4477; x_wconf 89' lang='lat' dir='ltr'><strong>tempus</strong></span> <span class='ocrx_word' id='word_1_890' title='bbox 3269 4413 3429 4477; x_wconf 84' lang='lat' dir='ltr'><strong>puta-</strong></span> 
     </span>
    </p>
   </div>
   <div class='ocr_carea' id='block_1_106' title="bbox 1851 4499 3429 4569">
    <p class='ocr_par' dir='ltr' id='par_1_106' title="bbox 1851 4499 3429 4569">
     <span class='ocr_line' id='line_1_106' title="bbox 1851 4499 3429 4569; baseline -0.007 -6"><span class='ocrx_word' id='word_1_891' title='bbox 1851 4509 2016 4564; x_wconf 88' lang='lat' dir='ltr'><strong>tionis</strong></span> <span class='ocrx_word' id='word_1_892' title='bbox 2039 4505 2288 4569; x_wconf 77' lang='lat' dir='ltr'><strong>advenit,</strong></span> <span class='ocrx_word' id='word_1_893' title='bbox 2323 4519 2428 4559; x_wconf 65' lang='grc' dir='ltr'>τοι</span> <span class='ocrx_word' id='word_1_894' title='bbox 2451 4503 2679 4558; x_wconf 89' lang='lat' dir='ltr'><strong>turturis</strong></span> <span class='ocrx_word' id='word_1_895' title='bbox 2713 4501 2898 4556; x_wconf 88' lang='lat' dir='ltr'><strong>audita</strong></span> <span class='ocrx_word' id='word_1_896' title='bbox 2924 4508 3011 4556; x_wconf 92' lang='lat' dir='ltr'><strong>est</strong></span> <span class='ocrx_word' id='word_1_897' title='bbox 3053 4499 3113 4554; x_wconf 92' lang='lat' dir='ltr'><strong>in</strong></span> <span class='ocrx_word' id='word_1_898' title='bbox 3152 4508 3302 4555; x_wconf 88' lang='lat' dir='ltr'><strong>terra</strong></span> <span class='ocrx_word' id='word_1_899' title='bbox 3328 4513 3429 4553; x_wconf 90' lang='lat' dir='ltr'><strong>no-</strong></span> 
     </span>
    </p>
   </div>
   <div class='ocr_carea' id='block_1_107' title="bbox 1848 4586 3430 4666">
    <p class='ocr_par' dir='ltr' id='par_1_107' title="bbox 1848 4586 3430 4666">
     <span class='ocr_line' id='line_1_107' title="bbox 1848 4586 3430 4666; baseline -0.006 -11"><span class='ocrx_word' id='word_1_900' title='bbox 1848 4606 1985 4664; x_wconf 88' lang='lat' dir='ltr'><strong>stra,</strong></span> <span class='ocrx_word' id='word_1_901' title='bbox 2012 4597 2147 4654; x_wconf 78' lang='lat' dir='ltr'><strong>ﬁcus</strong></span> <span class='ocrx_word' id='word_1_902' title='bbox 2180 4592 2647 4666; x_wconf 87' lang='lat' dir='ltr'><strong>protulitgrossos</strong></span> <span class='ocrx_word' id='word_1_903' title='bbox 2692 4605 2823 4648; x_wconf 90' lang='lat' dir='ltr'><strong>suos</strong></span> <span class='ocrx_word' id='word_1_904' title='bbox 2841 4629 2859 4658; x_wconf 93' lang='lat'><strong>,</strong></span> <span class='ocrx_word' id='word_1_905' title='bbox 2889 4590 3065 4646; x_wconf 75' lang='lat' dir='ltr'><strong>vinea:</strong></span> <span class='ocrx_word' id='word_1_906' title='bbox 3092 4597 3297 4646; x_wconf 71' lang='lat' dir='ltr'><strong>nostra:</strong></span> <span class='ocrx_word' id='word_1_907' title='bbox 3325 4586 3430 4645; x_wconf 83' lang='lat' dir='ltr'><strong>l&#39;lo-</strong></span> 
     </span>
    </p>
   </div>
   <div class='ocr_carea' id='block_1_108' title="bbox 1848 4682 3431 4753">
    <p class='ocr_par' dir='ltr' id='par_1_108' title="bbox 1848 4682 3431 4753">
     <span class='ocr_line' id='line_1_108' title="bbox 1848 4682 3431 4753; baseline -0.004 -10"><span class='ocrx_word' id='word_1_908' title='bbox 1848 4695 1972 4743; x_wconf 89' lang='lat' dir='ltr'><strong>rent</strong></span> <span class='ocrx_word' id='word_1_909' title='bbox 2008 4687 2074 4743; x_wconf 71' lang='grc' dir='ltr'><strong>δ’.</strong></span> <span class='ocrx_word' id='word_1_910' title='bbox 2120 4706 2140 4740; x_wconf 76' lang='grc' dir='ltr'><strong>ι</strong></span> <span class='ocrx_word' id='word_1_911' title='bbox 2187 4687 2268 4742; x_wconf 87' lang='lat' dir='ltr'><strong>lta</strong></span> <span class='ocrx_word' id='word_1_912' title='bbox 2310 4686 2455 4742; x_wconf 87' lang='lat' dir='ltr'><strong>enim</strong></span> <span class='ocrx_word' id='word_1_913' title='bbox 2488 4682 2684 4750; x_wconf 90' lang='lat' dir='ltr'><strong>docet,</strong></span> <span class='ocrx_word' id='word_1_914' title='bbox 2721 4682 2882 4753; x_wconf 86' lang='lat' dir='ltr'><strong>quasi</strong></span> <span class='ocrx_word' id='word_1_915' title='bbox 2930 4682 3141 4752; x_wconf 89' lang='lat' dir='ltr'><strong>primus</strong></span> <span class='ocrx_word' id='word_1_916' title='bbox 3195 4682 3431 4752; x_wconf 88' lang='lat' dir='ltr'><strong>populus</strong></span> 
     </span>
    </p>
   </div>
   <div class='ocr_carea' id='block_1_109' title="bbox 1849 4775 3431 4852">
    <p class='ocr_par' dir='ltr' id='par_1_109' title="bbox 1849 4775 3431 4852">
     <span class='ocr_line' id='line_1_109' title="bbox 1849 4775 3431 4852; baseline -0.006 -16"><span class='ocrx_word' id='word_1_917' title='bbox 1849 4781 2101 4836; x_wconf 86' lang='lat' dir='ltr'><strong>umbram</strong></span> <span class='ocrx_word' id='word_1_918' title='bbox 2136 4794 2258 4852; x_wconf 69' lang='lat' dir='ltr'><strong>qua:</strong></span> <span class='ocrx_word' id='word_1_919' title='bbox 2302 4780 2359 4834; x_wconf 91' lang='lat' dir='ltr'><strong>in</strong></span> <span class='ocrx_word' id='word_1_920' title='bbox 2403 4780 2641 4850; x_wconf 88' lang='lat' dir='ltr'><strong>legeest,</strong></span> <span class='ocrx_word' id='word_1_921' title='bbox 2672 4776 2738 4831; x_wconf 89' lang='lat' dir='ltr'><strong>ad</strong></span> <span class='ocrx_word' id='word_1_922' title='bbox 2767 4784 2983 4844; x_wconf 88' lang='lat' dir='ltr'><strong>tempus</strong></span> <span class='ocrx_word' id='word_1_923' title='bbox 3027 4775 3337 4844; x_wconf 87' lang='lat' dir='ltr'><strong>acceperit:</strong></span> <span class='ocrx_word' id='word_1_924' title='bbox 3373 4780 3431 4828; x_wconf 86' lang='lat' dir='ltr'><strong>et</strong></span> 
     </span>
    </p>
   </div>
   <div class='ocr_carea' id='block_1_110' title="bbox 1850 4862 3430 4940">
    <p class='ocr_par' dir='ltr' id='par_1_110' title="bbox 1850 4862 3430 4940">
     <span class='ocr_line' id='line_1_110' title="bbox 1850 4862 3430 4940; baseline -0.004 -17"><span class='ocrx_word' id='word_1_925' title='bbox 1850 4868 2010 4940; x_wconf 86' lang='lat' dir='ltr'><strong>quasi</strong></span> <span class='ocrx_word' id='word_1_926' title='bbox 2041 4883 2231 4925; x_wconf 86' lang='lat' dir='ltr'><strong>vocem</strong></span> <span class='ocrx_word' id='word_1_927' title='bbox 2263 4868 2500 4923; x_wconf 84' lang='lat' dir='ltr'><strong>turturis</strong></span> <span class='ocrx_word' id='word_1_928' title='bbox 2530 4874 2916 4938; x_wconf 84' lang='lat' dir='ltr'><strong>agnoscentem</strong></span> <span class='ocrx_word' id='word_1_929' title='bbox 2946 4862 3239 4919; x_wconf 81' lang='lat' dir='ltr'><strong>&#39;admonet.</strong></span> <span class='ocrx_word' id='word_1_930' title='bbox 3268 4862 3430 4919; x_wconf 82' lang='lat' dir='ltr'><strong>Post-</strong></span> 
     </span>
    </p>
   </div>
   <div class='ocr_carea' id='block_1_111' title="bbox 1849 4955 3435 5032">
    <p class='ocr_par' dir='ltr' id='par_1_111' title="bbox 1849 4955 3435 5032">
     <span class='ocr_line' id='line_1_111' title="bbox 1849 4955 3435 5032; baseline -0.003 -18"><span class='ocrx_word' id='word_1_931' title='bbox 1849 4975 2017 5032; x_wconf 88' lang='lat' dir='ltr'><strong>quam</strong></span> <span class='ocrx_word' id='word_1_932' title='bbox 2044 4968 2225 5015; x_wconf 89' lang='lat' dir='ltr'><strong>autem</strong></span> <span class='ocrx_word' id='word_1_933' title='bbox 2246 4958 2550 5016; x_wconf 81' lang='lat' dir='ltr'><strong>Jerusalem</strong></span> <span class='ocrx_word' id='word_1_934' title='bbox 2585 4956 2893 5022; x_wconf 86' lang='lat' dir='ltr'><strong>advocavit,</strong></span> <span class='ocrx_word' id='word_1_935' title='bbox 2917 4955 3149 5012; x_wconf 87' lang='lat' dir='ltr'><strong>advocat</strong></span> <span class='ocrx_word' id='word_1_936' title='bbox 3171 4956 3435 5026; x_wconf 70' lang='lat' dir='ltr'><strong>deinceps</strong></span> 
     </span>
    </p>
   </div>
   <div class='ocr_carea' id='block_1_112' title="bbox 1849 5044 3433 5124">
    <p class='ocr_par' dir='ltr' id='par_1_112' title="bbox 1849 5044 3433 5124">
     <span class='ocr_line' id='line_1_112' title="bbox 1849 5044 3433 5124; baseline -0.005 -16"><span class='ocrx_word' id='word_1_937' title='bbox 1849 5060 1906 5108; x_wconf 89' lang='lat' dir='ltr'><strong>et</strong></span> <span class='ocrx_word' id='word_1_938' title='bbox 1935 5067 2053 5119; x_wconf 88' lang='lat' dir='ltr'><strong>eos,</strong></span> <span class='ocrx_word' id='word_1_939' title='bbox 2086 5052 2182 5124; x_wconf 87' lang='lat' dir='ltr'><strong>qui</strong></span> <span class='ocrx_word' id='word_1_940' title='bbox 2208 5059 2430 5108; x_wconf 82' lang='lat' dir='ltr'><strong>suntex</strong></span> <span class='ocrx_word' id='word_1_941' title='bbox 2456 5050 2711 5122; x_wconf 85' lang='lat' dir='ltr'><strong>gentibus</strong></span> <span class='ocrx_word' id='word_1_942' title='bbox 2742 5050 2908 5120; x_wconf 88' lang='lat' dir='ltr'><strong>(unus</strong></span> <span class='ocrx_word' id='word_1_943' title='bbox 2954 5053 3040 5103; x_wconf 86' lang='lat' dir='ltr'><strong>est</strong></span> <span class='ocrx_word' id='word_1_944' title='bbox 3080 5047 3228 5103; x_wconf 84' lang='lat' dir='ltr'><strong>enim</strong></span> <span class='ocrx_word' id='word_1_945' title='bbox 3250 5054 3306 5101; x_wconf 91' lang='lat' dir='ltr'><strong>et</strong></span> <span class='ocrx_word' id='word_1_946' title='bbox 3330 5044 3433 5101; x_wconf 82' lang='lat' dir='ltr'><strong>Ju-</strong></span> 
     </span>
    </p>
   </div>
   <div class='ocr_carea' id='block_1_113' title="bbox 1849 5138 3427 5217">
    <p class='ocr_par' dir='ltr' id='par_1_113' title="bbox 1849 5138 3427 5217">
     <span class='ocr_line' id='line_1_113' title="bbox 1849 5138 3427 5217; baseline -0.003 -17"><span class='ocrx_word' id='word_1_947' title='bbox 1849 5143 2092 5200; x_wconf 68' lang='lat' dir='ltr'><strong>daeorum</strong></span> <span class='ocrx_word' id='word_1_948' title='bbox 2113 5152 2169 5201; x_wconf 93' lang='lat' dir='ltr'><strong>et</strong></span> <span class='ocrx_word' id='word_1_949' title='bbox 2194 5145 2436 5217; x_wconf 87' lang='lat' dir='ltr'><strong>gentium</strong></span> <span class='ocrx_word' id='word_1_950' title='bbox 2479 5140 2805 5213; x_wconf 86' lang='lat' dir='ltr'><strong>Dominus),</strong></span> <span class='ocrx_word' id='word_1_951' title='bbox 2854 5141 2943 5197; x_wconf 88' lang='lat' dir='ltr'><strong>his</strong></span> <span class='ocrx_word' id='word_1_952' title='bbox 2970 5139 3191 5197; x_wconf 88' lang='lat' dir='ltr'><strong>verbis:</strong></span> <span class='ocrx_word' id='word_1_953' title='bbox 3231 5158 3253 5192; x_wconf 79' lang='grc' dir='ltr'><strong>ι</strong></span> <span class='ocrx_word' id='word_1_954' title='bbox 3287 5138 3427 5195; x_wconf 83' lang='lat' dir='ltr'><strong>Veni</strong></span> 
     </span>
    </p>
   </div>
   <div class='ocr_carea' id='block_1_114' title="bbox 1850 5233 3427 5309">
    <p class='ocr_par' dir='ltr' id='par_1_114' title="bbox 1850 5233 3427 5309">
     <span class='ocr_line' id='line_1_114' title="bbox 1850 5233 3427 5309; baseline -0.003 -16"><span class='ocrx_word' id='word_1_955' title='bbox 1850 5238 1918 5293; x_wconf 93' lang='lat' dir='ltr'><strong>de</strong></span> <span class='ocrx_word' id='word_1_956' title='bbox 1939 5236 2171 5306; x_wconf 87' lang='lat' dir='ltr'><strong>Libano,</strong></span> <span class='ocrx_word' id='word_1_957' title='bbox 2199 5252 2422 5309; x_wconf 89' lang='lat' dir='ltr'><strong>sponsa.</strong></span> <span class='ocrx_word' id='word_1_958' title='bbox 2448 5234 2746 5294; x_wconf 80' lang='lat' dir='ltr'><strong>DeLibano</strong></span> <span class='ocrx_word' id='word_1_959' title='bbox 2770 5233 2977 5299; x_wconf 89' lang='lat' dir='ltr'><strong>venias,</strong></span> <span class='ocrx_word' id='word_1_960' title='bbox 2999 5241 3056 5289; x_wconf 89' lang='lat' dir='ltr'><strong>et</strong></span> <span class='ocrx_word' id='word_1_961' title='bbox 3077 5240 3329 5289; x_wconf 84' lang='lat' dir='ltr'><strong>transeas</strong></span> <span class='ocrx_word' id='word_1_962' title='bbox 3358 5233 3427 5289; x_wconf 83' lang='lat' dir='ltr'><strong>ab</strong></span> 
     </span>
    </p>
   </div>
   <div class='ocr_carea' id='block_1_115' title="bbox 1850 5324 3430 5391">
    <p class='ocr_par' dir='ltr' id='par_1_115' title="bbox 1850 5324 3430 5391">
     <span class='ocr_line' id='line_1_115' title="bbox 1850 5324 3430 5391; baseline -0.005 -4"><span class='ocrx_word' id='word_1_963' title='bbox 1850 5331 2009 5387; x_wconf 87' lang='lat' dir='ltr'><strong>initio</strong></span> <span class='ocrx_word' id='word_1_964' title='bbox 2034 5330 2181 5386; x_wconf 78' lang='lat' dir='ltr'><strong>ﬁdei.</strong></span> <span class='ocrx_word' id='word_1_965' title='bbox 2222 5330 2299 5387; x_wconf 88' lang='lat' dir='ltr'><strong>De</strong></span> <span class='ocrx_word' id='word_1_966' title='bbox 2334 5330 2542 5387; x_wconf 88' lang='lat' dir='ltr'><strong>vertice</strong></span> <span class='ocrx_word' id='word_1_967' title='bbox 2558 5326 2726 5383; x_wconf 83' lang='lat' dir='ltr'><strong>Sanir</strong></span> <span class='ocrx_word' id='word_1_968' title='bbox 2752 5335 2807 5382; x_wconf 90' lang='lat' dir='ltr'><strong>et</strong></span> <span class='ocrx_word' id='word_1_969' title='bbox 2833 5325 3095 5391; x_wconf 85' lang='lat' dir='ltr'><strong>Aermon,</strong></span> <span class='ocrx_word' id='word_1_970' title='bbox 3128 5324 3199 5380; x_wconf 87' lang='lat' dir='ltr'><strong>de</strong></span> <span class='ocrx_word' id='word_1_971' title='bbox 3234 5325 3430 5381; x_wconf 86' lang='lat' dir='ltr'><strong>cubili-</strong></span> 
     </span>
    </p>
   </div>
   <div class='ocr_carea' id='block_1_116' title="bbox 1848 5415 3431 5490">
    <p class='ocr_par' dir='ltr' id='par_1_116' title="bbox 1848 5415 3431 5490">
     <span class='ocr_line' id='line_1_116' title="bbox 1848 5415 3431 5490; baseline -0.004 -11"><span class='ocrx_word' id='word_1_972' title='bbox 1848 5423 1954 5479; x_wconf 84' lang='lat' dir='ltr'><strong>bus</strong></span> <span class='ocrx_word' id='word_1_973' title='bbox 1989 5424 2204 5478; x_wconf 92' lang='lat' dir='ltr'><strong>leonum</strong></span> <span class='ocrx_word' id='word_1_974' title='bbox 2237 5463 2253 5489; x_wconf 91' lang='lat'><strong>,</strong></span> <span class='ocrx_word' id='word_1_975' title='bbox 2310 5424 2379 5479; x_wconf 92' lang='lat' dir='ltr'><strong>de</strong></span> <span class='ocrx_word' id='word_1_976' title='bbox 2430 5421 2712 5478; x_wconf 90' lang='lat' dir='ltr'><strong>montibus</strong></span> <span class='ocrx_word' id='word_1_977' title='bbox 2758 5418 3054 5490; x_wconf 87' lang='lat' dir='ltr'><strong>pardorum</strong></span> <span class='ocrx_word' id='word_1_978' title='bbox 3090 5417 3157 5473; x_wconf 82' lang='grc'><strong>⁸⁸.</strong></span> <span class='ocrx_word' id='word_1_979' title='bbox 3198 5436 3218 5471; x_wconf 76' lang='grc' dir='ltr'><strong>ι</strong></span> <span class='ocrx_word' id='word_1_980' title='bbox 3273 5415 3431 5474; x_wconf 78' lang='lat' dir='ltr'><strong>Hanc</strong></span> 
     </span>
    </p>
   </div>
   <div class='ocr_carea' id='block_1_117' title="bbox 1848 5511 3426 5584">
    <p class='ocr_par' dir='ltr' id='par_1_117' title="bbox 1848 5511 3426 5584">
     <span class='ocr_line' id='line_1_117' title="bbox 1848 5511 3426 5584; baseline -0.003 -12"><span class='ocrx_word' id='word_1_981' title='bbox 1848 5516 1994 5572; x_wconf 86' lang='lat' dir='ltr'><strong>enim</strong></span> <span class='ocrx_word' id='word_1_982' title='bbox 2043 5515 2112 5572; x_wconf 86' lang='lat' dir='ltr'><strong>ab</strong></span> <span class='ocrx_word' id='word_1_983' title='bbox 2157 5516 2467 5572; x_wconf 86' lang='lat' dir='ltr'><strong>idololatria</strong></span> <span class='ocrx_word' id='word_1_984' title='bbox 2516 5515 2872 5584; x_wconf 85' lang='lat' dir='ltr'><strong>moribusque</strong></span> <span class='ocrx_word' id='word_1_985' title='bbox 2919 5511 3110 5567; x_wconf 77' lang='lat' dir='ltr'><strong>ferinis</strong></span> <span class='ocrx_word' id='word_1_986' title='bbox 3155 5511 3223 5566; x_wconf 87' lang='lat' dir='ltr'><strong>ad</strong></span> <span class='ocrx_word' id='word_1_987' title='bbox 3262 5511 3426 5567; x_wconf 74' lang='lat' dir='ltr'><strong>ﬁdem</strong></span> 
     </span>
    </p>
   </div>
   <div class='ocr_carea' id='block_1_118' title="bbox 228 5624 3424 5709">
    <p class='ocr_par' dir='ltr' id='par_1_118' title="bbox 228 5624 3424 5709">
     <span class='ocr_line' id='line_1_118' title="bbox 228 5624 3424 5709; baseline -0.007 -11"><span class='ocrx_word' id='word_1_988' title='bbox 228 5643 274 5673; x_wconf 85' lang='grc'>³³</span> <span class='ocrx_word' id='word_1_989' title='bbox 311 5642 604 5708; x_wconf 75' lang='lat' dir='ltr'><strong>Cant.|,t.</strong></span> <span class='ocrx_word' id='word_1_990' title='bbox 680 5640 728 5673; x_wconf 74' lang='lat'><strong>“</strong></span> <span class='ocrx_word' id='word_1_991' title='bbox 763 5639 923 5698; x_wconf 82' lang='lat' dir='ltr'><strong>Cant.</strong></span> <span class='ocrx_word' id='word_1_992' title='bbox 944 5640 1151 5709; x_wconf 64' lang='lat'><strong>“1,13.</strong></span> <span class='ocrx_word' id='word_1_993' title='bbox 1228 5638 1276 5671; x_wconf 82' lang='grc'><strong>³⁸</strong></span> <span class='ocrx_word' id='word_1_994' title='bbox 1300 5636 1460 5694; x_wconf 85' lang='lat' dir='ltr'><strong>Cant.</strong></span> <span class='ocrx_word' id='word_1_995' title='bbox 1477 5631 1748 5702; x_wconf 75' lang='lat' dir='ltr'><strong>vm,l,2.</strong></span> <span class='ocrx_word' id='word_1_996' title='bbox 1824 5630 1872 5665; x_wconf 82' lang='grc'><strong>³⁸</strong></span> <span class='ocrx_word' id='word_1_997' title='bbox 1908 5630 2068 5689; x_wconf 83' lang='lat' dir='ltr'><strong>Cant.</strong></span> <span class='ocrx_word' id='word_1_998' title='bbox 2110 5648 2162 5701; x_wconf 88' lang='lat' dir='ltr'><strong>v,</strong></span> <span class='ocrx_word' id='word_1_999' title='bbox 2197 5630 2251 5688; x_wconf 78' lang='grc'>1.</span> <span class='ocrx_word' id='word_1_1000' title='bbox 2328 5633 2372 5665; x_wconf 82' lang='grc'>³⁷</span> <span class='ocrx_word' id='word_1_1001' title='bbox 2410 5630 2572 5689; x_wconf 84' lang='lat' dir='ltr'><strong>Cant.</strong></span> <span class='ocrx_word' id='word_1_1002' title='bbox 2608 5643 2686 5696; x_wconf 76' lang='grc' dir='ltr'><strong>ιι,</strong></span> <span class='ocrx_word' id='word_1_1003' title='bbox 2723 5625 2910 5683; x_wconf 64' lang='lat'><strong>1043.</strong></span> <span class='ocrx_word' id='word_1_1004' title='bbox 2945 5671 2949 5674; x_wconf 87' lang='lat'><strong>.</strong></span> <span class='ocrx_word' id='word_1_1005' title='bbox 3021 5625 3069 5659; x_wconf 82' lang='grc'><strong>³⁸</strong></span> <span class='ocrx_word' id='word_1_1006' title='bbox 3094 5624 3424 5698; x_wconf 72' lang='lat' dir='ltr'><strong>Cant:ty,8.</strong></span> 
     </span>
    </p>
   </div>
   <div class='ocr_carea' id='block_1_119' title="bbox 227 5732 693 5807">
    <p class='ocr_par' dir='ltr' id='par_1_119' title="bbox 227 5732 693 5807">
     <span class='ocr_line' id='line_1_119' title="bbox 227 5732 693 5807; baseline -0.013 -15"><span class='ocrx_word' id='word_1_1007' title='bbox 227 5739 248 5760; x_wconf 83' lang='grc'><strong>’</strong></span> <span class='ocrx_word' id='word_1_1008' title='bbox 284 5735 513 5807; x_wconf 85' lang='lat' dir='ltr'><strong>Supple,</strong></span> <span class='ocrx_word' id='word_1_1009' title='bbox 543 5732 693 5787; x_wconf 83' lang='grc' dir='ltr'>λαοῦ.</span> 
     </span>
    </p>
   </div>
  </div>
