3880 6186
412 277 522 336 555

1511 265 1577 323 S.
1617 261 2086 320 ATHANASIUS.
2125 293 2196 304 —
2229 261 2461 319 DUBJA.

3567 258 3676 314 356

400 394 578 443 vocat.
611 385 705 441 llla
731 385 899 457 igitur
931 399 1000 440 ex
1045 383 1300 456 gentibus
1353 389 1545 436 vocata
1591 391 1646 434 et
1689 381 1803 449 jam
1833 393 1984 433 com-

2090 393 2197 450 ρων
2246 392 2361 430 σου.
2394 394 2413 427 ι
2464 374 2667 446 Πείραν
2699 372 2809 446 γὰρ
2841 371 3043 445 ἔχουσα
3071 372 3173 442 τῆς
3202 371 3286 436 είς
3310 370 3481 425 πολλά
3508 389 3678 442 μετα-

400 489 624 551 puncta,
651 477 830 532 Verbo
861 476 928 531 ad
959 477 1107 530 hunc
1147 475 1366 529 modum
1408 473 1690 544 loquitur:
1728 491 1747 523 ι
1798 472 1988 527 Indica

401 570 558 633 mihi,
583 585 744 640 quem
777 567 955 638 diligit
977 568 1160 621 anima
1189 581 1330 628 mea,
1356 564 1450 620 ubi
1490 578 1708 634 pascas,
1751 562 1841 617 ubi
1891 577 1989 616 cu-

400 662 497 717 bes
529 663 584 715 in
620 660 878 724 meridie,
927 675 995 713 ne
1045 657 1169 712 ﬁam
1212 666 1471 727 tauquam
1529 657 1795 711 oberrans
1845 655 1988 709 inter

399 767 591 822 greges
619 749 885 806 sodalium
917 756 1140 802 tuorum
1170 747 1236 800 ³⁹.
1293 765 1313 798 ι
1378 746 1590 800 Etenim
1622 761 1747 800 cum
1773 745 1988 814 experi-

403 850 588 896 mento
622 841 922 906 didicisset,
948 854 1113 910 quam
1141 852 1314 907 prona
1343 847 1491 892 esset
1524 837 1593 890 ad
1639 836 1823 891 varias
1874 850 1988 888 mu-

401 932 659 995 tationes,
696 931 922 1000 rogabat
971 936 1031 982 ut
1073 927 1493 982 conﬁrmaretur
1518 933 1572 981 et
1602 926 1987 980 corroborare-

405 1029 527 1085 tur;
561 1036 628 1075 ne
650 1019 886 1089 idipsum
913 1026 1100 1088 postea
1125 1017 1230 1070 sibi
1255 1015 1544 1069 accideret.
1577 1013 1988 1083 Exoratumque

403 1112 662 1178 Verbum,
701 1110 863 1182 124
896 1112 1056 1166 docet
1099 1111 1243 1163 illam
1294 1109 1382 1163 his
1425 1108 1604 1163 verbis
1637 1126 1649 1161 :
1689 1125 1707 1158 ι
1745 1105 1804 1160 Si
1829 1107 1988 1176 igno-

401 1221 494 1258 ras
525 1212 599 1272 te,
627 1221 664 1258 ο
703 1205 930 1274 pulchra
961 1204 1104 1256 inter
1132 1201 1408 1263 mulieres,
1433 1198 1688 1269 egredere
1723 1198 1791 1252 ad
1822 1198 1988 1252 vesti-

403 1301 490 1369 gia
524 1314 767 1368 gregum,
803 1307 856 1352 et
879 1313 1041 1366 pasce
1078 1295 1262 1350 haedos
1293 1301 1416 1348 tuos
1456 1293 1612 1362 juxta
1635 1292 1987 1346 tabernacula

404 1403 681 1462 pastorum
722 1391 787 1444 ‘°.
827 1410 846 1443 ι
893 1389 1063 1444 Nemo
1095 1389 1294 1458 quippe
1327 1385 1494 1439 Deum
1523 1398 1854 1454 cognoscere
1885 1397 1986 1452 po-

403 1492 546 1546 test,
603 1483 708 1538 nisi
741 1482 973 1552 primum
1009 1486 1307 1550 cognoscat
1337 1478 1596 1546 seipsum.
1647 1475 1780 1528 Nam
1813 1474 1986 1544 pietas

401 1591 531 1645 erga
559 1575 750 1638 Deum,
775 1583 857 1629 est
882 1573 1208 1643 principium
1243 1586 1475 1625 sensus:
1511 1583 1710 1624 sensus
1732 1582 1860 1622 vero
1880 1574 1983 1628 est,

404 1681 513 1722 non
541 1677 798 1720 externus
851 1665 939 1719 ille
959 1705 972 1727 ,
1027 1663 1123 1718 sed
1153 1663 1461 1717 intellectus
1489 1660 1682 1714 animae
1712 1673 1836 1712 cum
1885 1657 1988 1712 ﬁde

2091 469 2284 540 ϐολῆς,
2318 466 2470 538 ἠξίου
2511 465 2864 538 στηριχθῆναι
2908 464 3094 519 λοιπὸν
3132 464 3226 517 καὶ¹
3271 462 3672 534 βεϐαιωθῆναν

2093 561 2300 631 μήποτε
2322 559 2470 630 πάθῃ
2497 557 2657 611 πάλιν
2679 556 2739 609 τὸ
2757 556 2911 613 αὐτό.
2932 553 3313 625 Παρακληθεὶς
3331 555 3361 606 6
3381 553 3570 622 Λόγος,
3592 554 3676 607 δι.-

2087 650 2276 703 δάσκει
2319 649 2504 701 λοιπὸν
2546 647 2715 718 αὐτὴν
2765 645 2851 698 διὰ
2883 644 3122 698 τούτων·
3191 663 3210 695 ι
3249 643 3372 697 Ἑάν
3418 643 3493 715 μὴ
3524 643 3675 714 γνῷς

2089 741 2287 812 ἑαυτὴν
2313 779 2329 805 ,
2357 742 2390 810 ὴ
2423 739 2563 808 καλὴ
2589 741 2646 790 ὲν
2671 735 2946 805 γυναιξὶν,
2982 735 3163 802 ἔξελθε
3193 737 3252 789 ὲν
3279 735 3534 805 πτέρναις
3561 734 3678 789 τῶν

2089 834 2386 904 ποιμνίων,
2417 832 2510 886 καὶ
2539 830 2792 900 ποίμαινε
2821 829 2917 892 τὰς
2946 825 3164 900 ἐρίφους
3199 845 3291 880 σου
3321 828 3428 904 -ὲπὶ
3454 824 3675 896 σκηνώ-

2091 901 2221 998 μασι
2242 925 2350 978 τῶν
2373 923 2668 995 ποιμένων.
2690 941 2708 974 ι
2731 923 2802 975 Οὐ
2821 921 3041 975 δύναται
3063 923 3172 991 γάρ
3187 938 3270 983 τις
3295 901 3496 988 γνῶναι
3512 919 3674 982 Θεὸν,

2092 1019 2166 1089 μὴ
2188 1017 2450 1088 πρότερον
2477 1015 2636 1083 γνοὺς
2659 1014 2870 1068 ἑαυτόν.
2894 1013 3159 1066 Εὑσέϐεια
3186 1011 3295 1082 γὰρ
3320 1014 3399 1074 εἰς
3423 1011 3556 1064 Θεὸν
3580 1012 3679 1081 ἀρ-

2089 1112 2157 1180 χὴ
2181 1110 2488 1180 αἰσθήσεως
2505 1125 2518 1138 ·
2551 1108 2804 1178 αἴσθησις
2825 1108 2883 1161 δὲ
2907 1108 3003 1177 οὐχ
3031 1108 3064 1176 ἡ
3094 1104 3314 1171 ἔξωθεν,
3338 1105 3451 1157 ἀλλ’
3475 1106 3511 1174 ἡ
3529 1102 3678 1156 κατά

2087 1202 2263 1274 ψυχὴν
2295 1202 2499 1256 διάνοια
2533 1202 2670 1272 μετὰ
2695 1201 2946 1262 πίστεως.
2985 1200 3050 1251 Ἦ
3078 1197 3455 1268 Ἰερουσαλὴμ,
3482 1195 3679 1267 ὁρῶσα

2087 1298 2186 1367 τὴν
2217 1296 2409 1367 κλῆσιν
2437 1294 2544 1347 τῶν
2586 1293 2754 1348 ἐθνῶν
2786 1292 3078 1362 γινομένην
3115 1293 3172 1342 ὲν
3211 1289 3545 1359 ἀκροϐυστίᾳ
3578 1288 3676 1340 πί-

2091 1406 2280 1453 στεως,
2310 1387 2662 1458 θαυμάζουσα
2693 1386 2870 1453 λέγει’
2914 1404 2933 1435 ι
2958 1384 3021 1436 Τί
3048 1381 3244 1452 ὄψεσθε
3283 1383 3339 1433 ὲν
3371 1385 3437 1450 τῇ
3465 1381 3676 1432 Σουνα-

2092 1481 2256 1551 μίτιδι
2276 1519 2290 1543 ,
2325 1482 2357 1549 ἠ
2387 1477 2652 1550 ἐρχομένη
2685 1476 2760 1538 ὡς
2786 1475 2936 1546 χοροὶ⁸
2964 1473 3072 1526 τῶν
3100 1470 3492 1542 παρεμὸολῶνς
3518 1488 3539 1521 δ
3593 1470 3674 1521 Οὐ

2089 1574 2197 1643 γὰρ
2223 1571 2281 1635 ἐξ
2315 1571 2452 1633 ἐνὸς,
2480 1569 2593 1623 ἀλλ’
2621 1570 2686 1620 ἐκ
2713 1567 2911 1630 παντὸς
2943 1566 3127 1628 ἔθνους
3153 1566 3381 1636 ἤρχοντο
3400 1602 3414 1625 ,
3442 1562 3677 1631 ἀφέντες

2088 1666 2186 1728 τὰς
2224 1665 2359 1727 ἰδίας
2387 1662 2766 1736 παρεμϐολὰς,
2799 1663 2892 1714 καὶ
2922 1658 3308 1729 συντρίψαντες
3339 1656 3438 1719 τὰς
3471 1654 3676 1725 μαχαί-

405 1761 750 1829 coniunctus.
776 1757 1085 1812 Jerusalem
1130 1757 1324 1811 videns
1353 1754 1595 1826 gentium
1643 1751 1984 1806 vocationem

2090 1775 2184 1829 ρας
2205 1798 2218 1821 ,
2263 1758 2358 1810 καὶ
2400 1756 2584 1809 λοιπὸν
2618 1752 2870 1825 εἰρηνικά
2898 1750 3240 1824 φρονοῦντες.
3305 1749 3369 1801 Ἦ
3402 1747 3463 1812 ἐξ
3495 1745 3673 1799 ἐθνῶν

405 1850 605 1905 factam
641 1849 696 1903 in
728 1850 990 1920 praeputio
1044 1848 1213 1914 ﬁdei,
1265 1863 1390 1901 cum
1453 1844 1814 1898 admiratione
1863 1843 1980 1896 ait:

410 1963 430 1995 ι
477 1943 618 2010 Quid
664 1944 918 1998 videbitis
978 1942 1033 1995 in
1078 1939 1450 2002 Sunamitide,
1487 1952 1606 2006 quae
1655 1936 1800 1990 venit
1844 1934 1989 1988 sicut

401 2034 556 2088 chori
588 2040 898 2087 castrorum
946 2031 1030 2084 “?
1066 2049 1084 2082 ι
1120 2027 1238 2083 Νοη
1270 2027 1415 2082 enim
1445 2042 1511 2081 ex
1542 2041 1651 2079 una
1685 2033 1862 2095 gente,
1891 2021 1986 2077 sed

400 2139 470 2177 ex
499 2121 751 2175 omnibus
779 2127 1064 2182 venerunt,
1103 2117 1312 2172 relictis
1341 2114 1576 2185 propriis
1608 2113 1825 2176 castris,
1855 2128 1989 2166 cou-

403 2212 702 2282 fractisque
724 2211 939 2282 gladiis,
964 2211 1224 2279 deinceps
1251 2223 1370 2278 quae
1401 2207 1552 2276 pacis
1602 2214 1730 2262 sunt
1771 2206 1986 2275 sapien-

401 2315 506 2362 tes.
553 2304 800 2359 Ecclesia
831 2318 960 2358 vero
989 2319 1053 2357 ex
1084 2302 1360 2372 gentibus,
1403 2299 1596 2354 videns
1641 2298 1940 2352 Jerusalem
1969 2338 1985 2364 ,

402 2395 561 2465 quasi
593 2409 652 2448 se
684 2398 1027 2462 arguentem,
1057 2406 1180 2446 sese
1209 2389 1470 2452 defendit,
1500 2388 1688 2442 dicens
1731 2403 1841 2442 non
1871 2387 1989 2439 ina-

404 2502 529 2541 nem
562 2486 731 2540 fuisse
756 2485 1098 2539 vocationem
1123 2497 1282 2538 suam
1309 2499 1323 2536 :
1363 2499 1382 2531 (
1425 2479 1590 2550 Nigra
1625 2495 1747 2534 sum
1796 2487 1850 2532 ct
1881 2480 1990 2532 for-

405 2591 579 2641 mosa,
616 2577 739 2631 ﬁliae
793 2574 1135 2638 Jerusalem,
1198 2575 1340 2628 sicut
1386 2571 1736 2625 tabernacula
1790 2569 1986 2634 Cedar,

406 2669 550 2723 sicut
577 2668 745 2737 pelles
778 2665 1111 2721 Salomonis.
1147 2663 1326 2719 Nolite
1353 2681 1438 2720 me
1456 2663 1990 2733 considerare,quod

405 2759 560 2815 fusca
608 2760 735 2823 sim,
761 2758 890 2828 quia
943 2757 1189 2812 obtuitus
1221 2764 1306 2812 est
1341 2772 1426 2810 me
1477 2755 1580 2810 sol.
1633 2753 1750 2808 Filii
1799 2755 1988 2810 matris

405 2867 539 2906 mea:
565 2858 942 2921 pugnaverunt
988 2855 1181 2904 contra
1230 2863 1318 2902 me
1368 2865 1382 2902 :
1436 2853 1735 2916 posuerunt
1777 2862 1862 2900 me
1899 2861 1990 2899 cu-

407 2943 617 2997 stodem
650 2943 706 2996 in
735 2942 928 2996 vineis.
971 2940 1196 2996 Vineam
1224 2955 1400 2995 meam
1425 2955 1534 2994 non
1563 2939 1832 2993 custodivi
1863 2937 1928 2993 δ’.
1961 2957 1980 2989 ›

405 3033 572 3107 Nigra
603 3052 746 3101 sum,
773 3037 868 3092 sed
897 3035 1000 3090 sub
1047 3035 1166 3104 ipso
1194 3033 1308 3089 sole
1335 3049 1478 3088 sum.
1507 3032 1659 3087 Licet
1683 3033 1827 3087 enim
1861 3047 1985 3086 cum

406 3131 668 3198 praeputio
698 3129 823 3192 sim,
855 3135 908 3181 at
944 3127 1104 3182 idolis
1144 3126 1472 3190 renuntiavi,
1504 3132 1558 3178 et
1590 3139 1813 3195 egressa
1861 3139 1982 3177 sum
2011 3122 2052 3177 C

407 3235 439 3275 e
475 3219 636 3275 domo
665 3219 858 3275 matris
884 3233 1037 3281 meae,
1091 3219 1234 3272 sicut
1279 3224 1334 3270 et
1384 3216 1657 3270 Abraham
1691 3234 1702 3269 :
1740 3214 1984 3284 ejusdem

408 3315 552 3368 enim
589 3329 709 3369 sum
744 3312 887 3367 ﬁdei.
935 3309 1299 3376 Quamobrem
1353 3323 1508 3378 rogo,
1543 3327 1562 3360 ι
1601 3307 1860 3361 Introduc
1901 3322 1988 3361 me

409 3405 467 3460 in
498 3407 690 3460 cellam
729 3403 992 3458 vinariam
1021 3439 1037 3464 ,
1089 3400 1340 3454 ordinate
1399 3399 1456 3452 in
1507 3413 1593 3452 me
1641 3399 1984 3465 charitatem,

410 3503 623 3551 servate
651 3510 736 3549 me
770 3493 1063 3564 unguentis
1085 3533 1101 3557 ,
1137 3491 1334 3561 stipate
1369 3507 1456 3546 me
1484 3491 1662 3554 malis,
1695 3492 1823 3560 quia
1854 3491 1990 3545 dile—

411 3588 592 3641 ctione
618 3586 902 3640 vulnerata
938 3599 1060 3638 sum
1089 3583 1154 3638 ⁸³.
1196 3602 1214 3634 ι
1244 3581 1422 3637 Nolite
1461 3582 1784 3651 praeputium
1811 3590 1990 3636 atten-

412 3682 563 3745 dere,
589 3679 683 3735 sed
716 3680 770 3732 in
803 3678 1071 3732 charitate
1107 3676 1324 3745 suscipe
1360 3690 1467 3742 me,
1497 3690 1530 3729 o
1558 3675 1640 3729 lex
1667 3684 1715 3729 et
1750 3673 2008 3745 propbe-.

411 3780 499 3828 tae.
533 3770 756 3824 Etiamsi
787 3769 999 3824 feritate
1022 3765 1210 3837 putida
1249 3764 1374 3828 sim,
1401 3763 1499 3818 sed
1535 3773 1590 3818 tu
1626 3779 1713 3818 me
1739 3764 1985 3829 institue,

413 3875 469 3921 et
497 3864 649 3920 suavi
683 3871 775 3916 tuo
808 3862 973 3916 odore
1002 3859 1303 3922 conﬁrma;
1333 3871 1460 3910 nam
1489 3855 1778 3910 dilectione
1802 3856 1989 3911 vulne-

413 3965 536 4010 rata
573 3970 713 4010 sum.
761 3952 908 4016 ldeo,
941 3969 961 4002 ι
1003 3951 1211 4020 Adjuro
1241 3965 1362 4012 vos,
1413 3949 1536 4002 ﬁliae
1563 3947 1898 4012 Jerusalem,
1931 3948 1988 4001 in

413 4048 709 4104 virtutibus
739 4053 793 4100 et
833 4044 1246 4099 fortitudinibus
1299 4043 1448 4112 agri,
1496 4057 1565 4096 ne
1615 4041 1880 4111 evigiletis
1935 4049 1989 4094 et

414 4139 666 4194 excitetis
689 4136 1060 4200 dilectionem,
1101 4134 1275 4188 donec
1319 4133 1439 4201 ipsa
1467 4130 1596 4185 velit
1626 4130 1690 4181 δε.
1737 4149 1755 4180 ι
1783 4129 1990 4198 Adjuro

414 4245 532 4294 vos,
557 4243 589 4282 ο
614 4227 825 4290 Patres,
856 4241 965 4279 non
994 4240 1088 4294 per
1113 4224 1409 4293 potentias,
1435 4222 1487 4274 id
1521 4221 1666 4276 enim
1691 4236 1800 4274 non
1831 4221 1987 4287 licet;

417 4321 512 4376 sed
534 4321 588 4374 in
613 4319 909 4373 virtutibus
939 4317 1201 4387 paradisi,
1228 4325 1288 4369 ut
1330 4316 1387 4368 in
1419 4314 1570 4367 illum
1597 4313 1988 4383 respicientes,

2086 1851 2265 1920 ὁρῶσα
2291 1850 2387 1920 τὴν
2424 1847 2773 1920 Ἰερουσαλὴμ
2792 1886 2806 1910 ,
2841 1846 3028 1916 ὥσπερ
3064 1841 3440 1914 μεμφομένην,
3466 1837 3672 1892 ἀπολο-

2086 1946 2262 2012 γεῖται
2285 1960 2350 1995 πε
2359 1943 2412 2012 ρὶ
2433 1941 2650 2011 ἑαυτῆςο
2675 1929 2754 1992 ὅτι
2781 1938 2854 2010 μὴ
2873 1937 3018 2010 ἀργὴ
3038 1936 3206 2005 αὐτῆς
3223 1937 3367 1986 ἐστιν
3390 1935 3426 2002 ἡ
3443 1931 3634 1996 κλῆσις
3650 1947 3668 1960 ο

2093 2055 2111 2086 ‹
2137 2035 2380 2089 Μέλαινά
2410 2037 2522 2105 εἰμι
2552 2034 2646 2086 καὶ
2671 2031 2831 2103 καλὴ,
2855 2028 3150 2100 θυγατέρες
3191 2023 3570 2097 Ἰερουσαλὴμ,
3592 2023 3673 2085 ὡς

2090 2128 2422 2199 σκηνώματα
2445 2125 2654 2197 Κηδὰρ,
2681 2125 2757 2187 ὡς
2781 2123 2993 2195 δέρρεις
3009 2118 3290 2190 Σαλομῶν.
3317 2118 3408 2188 Μὴ
3437 2115 3674 2186 βλέψητὲ

2091 2237 2189 2290 με,
2219 2221 2300 2272 ὅτι
2328 2218 2439 2286 ἐγὼ
2482 2217 2914 2290 μεμελανωμένη
2949 2215 3066 2285 εἰμὶ
3089 2254 3104 2278 ,
3147 2214 3229 2265 ὅτι
3263 2208 3568 2280 παρέ-ϐλεφέ
3600 2224 3672 2279 με

2087 2313 2115 2364 6
2145 2311 2313 2381 ἥλιος.
2342 2311 2460 2364 Υἱοὶ
2487 2309 2688 2381 μητρός
2719 2326 2818 2379 μου
2854 2308 3190 2378 ἐμαχέσαντο
3215 2305 3274 2357 ἐν
3305 2303 3457 2374 ἐμοί·
3487 2300 3676 2354 ἐθεντό

2093 2420 2157 2472 με
2182 2403 2517 2470 φυλάκισσαν
2548 2404 2604 2454 ὲν
2629 2399 2966 2470 ἀμπελῶσιν.
3039 2397 3362 2470 Ἀμπελῶνα
3402 2395 3533 2464 ὲμὸν
3569 2394 3674 2446 οὐκ

2089 2490 2350 2559 ἐφύλαξα.
2372 2511 2391 2542 ι
2446 2490 2690 2543 Μέλαινα
2719 2493 2863 2560 εἰμι·
2920 2489 3038 2542 ἀλλ’
3074 2490 3164 2542 ὑπ’
3193 2486 3357 2540 αὑτὸν
3383 2486 3472 2538 τὸν
3517 2483 3674 2554 ἥλιόν
3725 2541 3733 2547 .

2089 2586 2223 2653 είμι.
2249 2584 2310 2636 Ei
2337 2581 2444 2652 γὰρ
2470 2582 2563 2634 καὶ
2591 2581 2925 2652 ἁκρόϐυστός
2947 2583 3084 2651 εἰμι,
3115 2581 3299 2650 φησὶν,
3328 2577 3440 2632 ἀλλ’
3463 2576 3676 2628 ἀπετα-

2091 2676 2268 2748 ξάμην
2307 2672 2561 2736 εἰδώλοις,
2589 2675 2681 2726 καὶ
2707 2673 2927 2744 ἐξῆλθον
2956 2675 3019 2725 ὲκ
3045 2671 3138 2725 τοῦ
3172 2672 3322 2724 οἴκου
3346 2669 3445 2740 τῆς
3464 2667 3673 2739 μητρός

2093 2787 2229 2840 μου,
2277 2766 2463 2838 ὥσπερ
2493 2767 2586 2820 καὶ
2617 2761 2661 2819 6⁸
2692 2766 2968 2838 Ἀϐραάμ·
3007 2767 3222 2835 ἐκείνης
3263 2765 3370 2836 γάρ
3412 2765 3528 2833 εἶμι
3567 2761 3674 2832 τῆς

2091 2863 2342 2924 πίστεως.
2369 2861 2478 2914 Καὶ
2507 2858 2593 2912 διὰ
2612 2859 2766 2911 τοῦτο
2792 2858 2925 2923 ἀξιῶ
2941 2901 2954 2923 ,
2988 2878 3006 2909 ‹
3031 2859 3306 2927 Είσάγαγέ
3332 2874 3397 2928 με
3420 2858 3499 2919 εἰς
3521 2850 3675 2908 οἷκον

2089 2954 2181 3006 τοῦ
2210 2952 2380 3018 οἴνου,
2426 2953 2621 3018 τάξατε
2664 2953 2749 3004 ἐπ’
2780 2952 2878 3022 ἐμὲ
2903 2952 3125 3022 ἀγάπην
3147 2992 3162 3016 ,
3195 2947 3472 3021 τηρήσατέ
3511 2964 3578 3018 με
3611 2947 3674 2998 ἐν

2095 3045 2306 3116 μύροις,
2331 3042 2650 3096 στοιῆάσατέ
2675 3060 2741 3113 με
2766 3045 2824 3096 ὲν
2852 3043 3044 3114 μήλοις
3063 3060 3076 3073 ·
3100 3043 3181 3094 ὅτι
3201 3041 3515 3113 τετρωμένη
3537 3037 3678 3106 ἀγάο

2087 3153 2194 3204 πης
2217 3134 2343 3204 ἐγώ.
2367 3155 2385 3186 ι
2420 3135 2510 3205 Μὴ
2532 3137 2597 3204 τῇ
2623 3135 2958 3206 ἀκροϐυστίᾳ
2979 3135 3302 3207 προσέχητε,
3327 3133 3440 3186 ἀλλ’
3457 3134 3514 3183 ὲν
3536 3129 3678 3200 ἀγά-

2089 3240 2166 3297 πῃ
2201 3223 2504 3295 προσλάὸου
2542 3243 2608 3295 με
2628 3265 2642 3288 ,
2674 3219 2718 3278 ὦ
2739 3224 2869 3296 νόμε
2902 3226 2996 3278 καὶ
3025 3226 3318 3296 προφῆται.
3345 3223 3453 3276 Καὶ
3477 3225 3526 3275 εἰ
3545 3222 3677 3274 δυσ-

2086 3316 2229 3386 ῶδης
2267 3316 2383 3387 εἰμὶ
2425 3319 2490 3387 τῇ
2542 3318 2873 3388 ἀγριότητι,
2919 3317 3055 3371 ἀλλά
3085 3316 3148 3370 σύ
3181 3334 3246 3386 με
3279 3316 3531 3379 παίδευε,
3573 3314 3676 3367 καὶ

2088 3408 2285 3478 εὐωδίᾳ
2317 3424 2410 3460 σου
2452 3409 2702 3479 στήριξον
2723 3426 2737 3438 ·
2768 3409 3046 3481 τέτρωμαι
3080 3407 3188 3479 γὰρ
3211 3409 3277 3478 τῇ
3312 3405 3522 3477 ἀγάπῃ.
3557 3406 3678 3458 Καὶ

2088 3499 2176 3552 διὰ
2199 3498 2376 3562 τοῦτο,
2404 3517 2421 3548 ι
2448 3499 2683 3571 Ὤρκισα
2709 3500 2874 3570 ὑμᾶς,
2899 3496 3584 3570 θυγατέρεςἹερουσαλὴμ,
3611 3500 3674 3550 ἐν

2088 3593 2207 3653 ταῖς
2248 3591 2508 3661 δυνάμεσι
2540 3593 2632 3645 καὶ
2664 3595 2785 3656 ταῖς
2821 3592 3000 3663 ίσχύσι
3028 3594 3120 3646 τοῦ
3152 3591 3322 3663 ἀγροῦ
3343 3632 3357 3654 ,
3395 3590 3489 3642 ὲάν
3522 3589 3674 3656 ἐγεί-

2090 3701 2251 3755 ρητε,
2281 3684 2376 3737 καὶ
2406 3683 2717 3756 ὲξεγείρητε
2743 3685 2841 3756 τὴν
2865 3685 3085 3754 ἀγάπην
3110 3725 3125 3749 ,
3169 3684 3272 3746 ἕως
3300 3675 3362 3734 οὗ
3395 3681 3618 3751 Θελήσῃ.
3647 3699 3668 3731 ι

2101 3776 2332 3848 Ὁρκίζω
2353 3778 2515 3849 ὑμᾶς,
2537 3770 2582 3830 ὧ
2599 3778 2853 3850 πατέρες,
2881 3779 2943 3830 οὐ
2966 3778 3108 3831 κατὰ
3119 3777 3226 3830 τῶν
3243 3777 3544 3845 δυνάμεων.
3567 3774 3676 3827 οὐκ

2089 3865 2266 3933 ἔξεστι
2293 3869 2421 3939 γὰρ,
2452 3869 2565 3922 ἀλλ’
2599 3872 2656 3923 ὲν
2681 3870 2942 3940 δυνάμεσι
2968 3868 3064 3923 τοῦ
3095 3869 3447 3940 παραδείσου,
3477 3867 3563 3932 ἵν’,
3589 3869 3676 3930 εἰς

2089 3961 2295 4012 ἐκεῖνον
2329 3960 2637 4031 βλέποντες,
2669 3963 2747 4027 ὡς
2773 3963 2864 4016 τὸν
2909 3961 3100 4033 Ἀδὰμ,
3131 3961 3302 4024 οὕτως
3339 3977 3406 4031 με
3437 3959 3673 4030 προσδέ-

2090 4048 2276 4119 ξησθε.
2318 4051 2428 4104 Καὶ
2459 4051 2566 4123 γὰρ
2605 4053 2764 4106 κάκεῖ
2796 4053 2895 4106 οὐκ
2920 4047 2989 4124 ἦν
3021 4051 3290 4121 περιτομή
3313 4066 3327 4080 ·
3359 4049 3484 4118 ἄρτι
3514 4047 3571 4100 δὲ
3601 4047 3675 4101 τά

2039 4172 2050 4194 ι
2090 4139 2180 4192 τοῦ
2221 4141 2390 4212 Ἀδὰμ
2419 4143 2843 4208 ἀνακαινίζεται.
2889 4143 2948 4196 Ὁ
2991 4143 3161 4211 Λόγος
3187 4141 3329 4212 ὁρῶν
3355 4141 3454 4211 τὴν
3485 4140 3673 4192 πίστιν

2089 4231 2197 4284 τῶν
2227 4233 2395 4286 ἐθνῶν
2415 4275 2429 4298 ,
2461 4236 2555 4288 καὶ
2584 4237 2978 4307 ἀποδεχόμενος
3005 4235 3183 4303 λέγει·
3214 4253 3233 4284 ι
3257 4232 3434 4302 Καλὴ,
3466 4235 3499 4302 ἡ
3529 4232 3674 4301 πλη-

2093 4325 2205 4377 σίον
2241 4343 2363 4396 μου,
2393 4327 2468 4390 ὡς
2492 4328 2733 4393 εὐδοκία,
2785 4329 2962 4400 ὡραία
2998 4329 3073 4390 ὡς
3114 4325 3496 4398 Ἰερουσαλὴμ,
3529 4324 3676 4394 θάμ-

417 4413 561 4466 sicut
583 4411 965 4470 Adamum,ita
983 4417 1036 4463 et
1062 4425 1146 4463 me
1175 4407 1509 4476 suscipiatis.
1531 4404 1662 4458 Nam
1694 4416 1746 4459 et
1779 4405 1852 4458 ibi
1880 4421 1987 4458 non

2092 4415 2184 4478 6ος
2229 4417 2304 4480 ὡς
2333 4419 2678 4490 τεταγμέναι.
2710 4440 2728 4472 ι
2767 4421 2841 4472 Οὐ
2872 4419 2981 4490 γὰρ
3011 4419 3185 4481 ἄλλως
3206 4457 3220 4480 9
3251 4417 3284 4488 ἦ
3319 4417 3393 4479 ὡς
3425 4417 3524 4486 τὴν
3568 4417 3670 4468 Ἱε*
3753 4466 3769 4484 ο

415 4511 532 4559 erat
588 4501 956 4556 circumcisio.
1011 4498 1169 4554 Nunc
1199 4499 1328 4554 Adae
1380 4499 1622 4553 conditio
1668 4505 1982 4552 renovatur.

2095 4509 2373 4580 ρουσαλὴμ
2400 4511 2478 4564 δεῖ
2505 4508 2640 4565 εἶναι
2664 4513 2789 4575 τοὺς
2815 4513 2923 4565 ἀπὸ
2944 4511 3052 4565 τῶν
3084 4511 3285 4576 ἐθνῶν,
3317 4511 3404 4563 ἵνα
3432 4504 3512 4572 εἷς
3538 4507 3672 4571 λαὸς

416 4593 655 4648 Verbum
684 4609 834 4655 vero,
865 4593 1108 4662 gentium
1155 4591 1262 4646 ﬁde
1292 4599 1589 4660 conspecta
1625 4598 1680 4644 et
1722 4589 1982 4658 probata,

416 4689 570 4751 dicit,
603 4706 622 4739 ‹
663 4685 897 4740 Pulchra
927 4700 1008 4750 es,
1031 4685 1204 4738 amica
1225 4699 1366 4748 mea,
1395 4683 1536 4737 sicut
1563 4683 1986 4751 beneplacitum,

418 4787 473 4833 et
505 4779 742 4833 formosa
773 4777 919 4832 sicut
947 4775 1272 4840 Jerusalem,
1307 4774 1572 4828 terribilis
1613 4774 1757 4826 sicut
1781 4782 1988 4827 castro-

416 4887 538 4926 rum
577 4869 722 4924 acies
756 4868 1006 4922 ordinata
1038 4868 1104 4920 “.
1150 4885 1169 4917 ι
1215 4865 1442 4936 Oportet
1477 4865 1620 4920 enim
1651 4879 1768 4926 eos,
1801 4864 1894 4932 qui
1918 4877 1985 4917 ex

416 4961 669 5033 gentibus
698 4965 846 5022 sunt,
876 4974 987 5014 non
1012 4973 1135 5014 esse
1154 4957 1450 5012 dissimiles
1478 4955 1897 5025 Hierosolyma,
1930 4961 1991 5008 ut

419 5053 511 5106 ﬁat
543 5069 686 5108 unus
726 5054 976 5122 populus.
1010 5049 1126 5105 Hoc
1155 5058 1338 5103 autem
1386 5048 1464 5112 ﬁt,
1497 5047 1718 5116 quando
1742 5046 1905 5101 simul
1935 5054 1990 5100 et

417 5146 590 5216 legem
624 5146 992 5208 honoramus,
1044 5154 1097 5198 et
1132 5143 1187 5196 in
1216 5141 1495 5195 Christum
1534 5138 1833 5194 credimus.
1893 5137 1991 5191 Est

417 5240 565 5291 enim
590 5254 732 5292 unus
763 5237 924 5298 Deus,
957 5243 1012 5290 et
1046 5235 1180 5304 legis
1217 5241 1271 5288 et
1300 5231 1734 5302 Evangeliorum.
1796 5230 1861 5282 Et
1893 5231 1988 5298 qui

419 5324 720 5380 Jerusalem
749 5327 1085 5382 assimilatas
1113 5340 1220 5379 non
1245 5323 1428 5386 fuerit,
1452 5337 1563 5376 non
1594 5319 1824 5376 efﬁcitur
1845 5317 1985 5373 Ver-

421 5417 477 5471 bi
508 5419 734 5471 amicus.
794 5418 1094 5473 Jerusalem
1150 5417 1310 5471 ﬁdem
1367 5415 1603 5468 ﬁliorum
1660 5413 1884 5476 videns,
1934 5417 1989 5465 et

425 5505 587 5563 Verbi
617 5510 1027 5574 humanitatem,
1055 5510 1229 5564 dicit:
1291 5528 1309 5559 ι
1348 5505 1614 5564 Descendi
1657 5505 1717 5558 in
1767 5505 1986 5559 hortum

504 5622 551 5696 3:
584 5621 746 5676 Cant.
785 5640 830 5687 ι,
871 5625 926 5680 6.
1029 5625 1074 5658 ⁸⁸
1112 5625 1248 5682 ibid.
1319 5627 1370 5690 7.
1468 5624 1515 5656 υ
1554 5623 1715 5696 Cant.
1759 5640 1864 5691 vn,
1902 5625 1954 5680 i.

406 5689 470 5763 ,⁸⁵
507 5691 667 5748 Cant.
707 5699 792 5758 vi,
828 5696 882 5751 5.

2092 4600 2336 4669 γένηται.
2393 4602 2561 4656 Τοῦτο
2588 4603 2646 4656 δὲ
2674 4603 2880 4673 γίνεται
2907 4643 2920 4668 ,
2950 4604 3076 4657 ὅταν
3108 4602 3244 4674 μετά
3271 4601 3364 4654 τοῦ
3389 4602 3554 4670 τιμᾷν
3578 4599 3675 4653 τὸν

2093 4693 2252 4763 νόμον
2287 4695 2629 4766 πιστεύωμεν
2657 4698 2746 4750 τὸν
2778 4697 3033 4768 Χριστόν.
3091 4691 3186 4758 Εἷς
3218 4695 3326 4767 γὰρ
3353 4697 3382 4747 6
3412 4694 3544 4756 Θεὸς
3574 4693 3670 4746 τοῦ

2091 4786 2252 4856 νόμου
2277 4790 2368 4841 καὶ
2393 4790 2498 4841 τῶν
2525 4791 2887 4859 Εὐαγγελίων,
2923 4793 3033 4845 Καὶ
3057 4793 3086 4844 ὁ
3115 4791 3186 4862 μὴ
3207 4791 3282 4853 ὡς
3316 4788 3675 4858 Ἰερουσαλὴμ

2090 4878 2379 4947 γενόμενος
2409 4881 2468 4932 ού
2496 4883 2703 4949 γίνεται
2734 4883 2958 4952 πλησίον
2984 4883 3075 4937 τοῦ
3110 4884 3305 4951 Λόγου.
3375 4882 3438 4933 Ἦ
3473 4882 3674 4950 Ἰερου-

2095 4965 2303 5036 σαλὴμ,
2333 4969 2512 5038 ὁρῶσα
2546 4972 2651 5024 τῶν
2691 4972 2896 5024 τέκνων
2935 4973 3034 5043 τὴν
3065 4973 3276 5039 πίστιν,
3323 4972 3415 5024 καί
3445 4970 3541 5040 τὴν
3572 4969 3670 5022 τοῦ

2090 5055 2261 5124 Λόγου
2280 5058 2706 5131 φιλανθρωπίαν,
2737 5062 2881 5130 λέγει
2900 5081 2913 5093 ο
2950 5082 2967 5114 ι
2993 5065 3085 5126 Εἰς
3105 5064 3278 5133 κῆπον
3309 5061 3514 5130 καρύας
3537 5077 3670 5113 κατ-
3706 5071 3710 5075 ”

2090 5145 2220 5216 έϐην
2261 5149 2389 5201 ἰδεῖν
2441 5153 2498 5203 ὲν
2529 5154 2825 5223 γεννήματι
2853 5153 2948 5207 τοῦ
2974 5157 3274 5227 χειμάρρου
3299 5192 3313 5215 ,
3344 5155 3392 5206 εί
3421 5151 3668 5222 ἦνθησαν

2090 5239 2145 5289 αί
2188 5240 2362 5310 ῥοιαί·
2420 5245 2535 5294 ἐκεῖ
2561 5243 2716 5297 δώσω
2747 5248 2873 5309 τοὺς
2899 5247 3132 5317 μαστούς
3163 5263 3282 5316 μου.
3319 5247 3431 5299 Οὐκ
3461 5243 3600 5311 ἔγνω
3628 5247 3663 5314 ἡ

2093 5326 2236 5400 ψυχή
2276 5348 2408 5401 μου,
2453 5334 2604 5387 ἔθετό
2637 5354 2704 5406 με
2741 5337 2959 5408 ἅρματα
3010 5338 3322 5408 Ἀμιναδάϐ.
3350 5357 3370 5388 ›
3437 5337 3529 5398 Εἰς
3555 5335 3667 5406 γὰρ

2092 5419 2183 5472 τὸν
2210 5423 2384 5492 κῆπον
2429 5425 2526 5496 τῆς
2557 5428 2784 5498 καρύας,
2826 5429 2970 5481 τοῦτ’
3001 5429 3145 5482 ἐστιν
3175 5432 3255 5491 είς
3301 5427 3400 5490 τὰς
3421 5426 3665 5496 Γραφὰςν

2091 5511 2376 5586 ὲγενόμην,
2407 5518 2607 5582 αἵτινες
2633 5519 2708 5582 ὼς
2732 5519 2934 5591 καρύαι
2965 5521 3122 5582 εἰσὶν,
3153 5518 3348 5584 ἔξωθεν
3384 5518 3478 5587 μὲν
3510 5516 3670 5585 σκλη-

2061 5625 2108 5660 ⁵¹
2147 5632 2304 5689 Cant.
2345 5651 2396 5724 ι,
2459 5634 2514 5702 4,
2551 5636 2601 5692 5.
2682 5637 2753 5715 ’⁸³
2790 5636 2950 5692 Cant.
2990 5653 3066 5704 ιι,
3101 5637 3156 5701 4,
3195 5635 3248 5690 5.
3331 5635 3398 5707 _“
3435 5632 3567 5689 ibid.
3609 5629 3665 5687 7.
