3886 6182
186 255 291 312 557

1265 250 1601 308 SYNOPSIS
1632 250 2055 309 SCRIPTURA‘I
2097 254 2369 313 SACRE.

3367 259 3474 321 338

180 371 297 445 ραὶ,
333 371 544 425 ἔσωθεν
565 370 624 425 δέ
658 368 1042 441 πνευματικαί.
1071 364 1248 435 Εἶδον,
1277 371 1359 424 ὅτι
1384 368 1679 441 ζευχθῆναί
1707 388 1752 443 με

1881 388 2105 442 nucum,
2132 383 2193 430 ut
2215 372 2460 431 viderem
2486 371 2732 444 germina
2762 374 3035 431 torrentis
3060 392 3241 432 :‘num
3268 376 3475 436 ﬂorue-

172 462 261 516 δεῖ
293 462 375 525 ὡς
422 462 482 515 ἐν
516 461 724 532 ἅρματι
758 463 826 532 τῇ
868 460 928 526 ἐξ
965 459 1134 513 ἐθνῶν
1178 460 1390 533 κλήσει.
1438 461 1779 532 Ζευχθέντων

172 555 361 607 τοίνυν
394 555 729 627 ἀμφοτέρων
756 556 867 608 τῶν
886 555 1052 622 λαῶν,
1076 557 1263 610 λοιπὸν
1289 558 1565 627 πανταχοῦ
1592 558 1653 610 τὸ
1677 559 1779 629 κή-

171 661 366 715 ρυγμα
385 645 691 716 ἀπεστάλη,
708 647 804 700 καὶ
822 646 1013 700 τούτου
1032 647 1268 716 γίνονται
1287 648 1524 701 διάκονοι
1543 650 1592 701 0i
1614 648 1778 717 ἄγγε-

167 737 276 801 λοι,
302 739 594 807 λέγοντες
636 758 657 791 ι
693 739 967 804 Ἑξέλθετε
1000 742 1094 794 καὶ
1133 740 1269 794 ἴδετε
1300 742 1358 793 ἐν
1388 740 1465 810 τῷ
1517 740 1775 812 Σαλομὼν

163 830 224 880 ἐν
256 829 337 899 τῷ
367 830 645 901 στεφάνῳ,
665 823 711 898 ᾧ
739 831 1114 900 ἐστεφάνωσεν
1145 831 1363 903 αὺτδνὴ
1393 834 1574 903 μήτηρ
1608 833 1771 886 αὐτοῦ

162 921 224 971 ἐν
483 921 845 991 νυμφεύσεως
878 922 1075 984 αὐτοῦ,
1132 922 1227 975 καὶ
1257 923 1315 975 ἐν
1345 922 1527 993 ἡμέρα
1568 923 1770 993 εὐφρο-

163 1010 338 1081 σύν-ης
379 1012 613 1083 καρδίας
644 1012 831 1065 αὐτοῦ.
857 1032 877 1064 ι
928 1014 986 1067 'U
1012 1013 1123 1085 γὰρ
1151 1011 1508 1085 ἐξερχόμενος
1537 1013 1646 1067 ἀπὸ
1671 1013 1771 1084 τῆς

159 1104 369 1167 κακίας
399 1105 590 1174 ὄψεται
618 1106 715 1160 καὶ
728 1106 827 1178 τὴν
853 1106 946 1160 τοῦ
965 1107 1139 1176 Λόγου
1166 1107 1304 1179 πρὸς
1326 1108 1387 1161 τὸ
1415 1107 1576 1177 σῶμα
1604 1107 1770 1179 ἄτρε-

158 1210 301 1247 πτον
330 1195 552 1249 ἕνωσιν.
613 1199 742 1249 Ὅτε
778 1197 886 1268 γὰρ
917 1198 1109 1266 γέγονε
1133 1197 1435 1268 νύμφευσις
1466 1199 1562 1251 τοῦ
1595 1199 1766 1267 Λόγου

158 1289 306 1359 πρὸς
348 1290 504 1359 ἡμᾶς
531 1289 620 1343 διὰ
658 1288 758 1359 τῆς
785 1289 879 1342 τοῦ
926 1288 1178 1360 σώματος
1207 1288 1453 1353 ἐνώσεως
1476 1330 1490 1353 ,
1517 1290 1640 1343 τότε
1674 1290 1767 1343 καὶ

154 1382 261 1451 τὴν
288 1381 437 1434 κατὰ
459 1381 554 1434 τοῦ
580 1381 812 1435 θανάτου
834 1384 991 1450 νίκην
1011 1381 1298 1452 πεποίηκε,
1324 1382 1391 1435 δι’
1407 1383 1474 1452 ἦν
1500 1381 1768 1453 εὐφροσύ-

154 1490 258 1543 νης
294 1474 479 1526 πάντα
518 1473 869 1545 πεπλήρωκε.
912 1472 1150 1527 Τοιαῦτα
1184 1476 1240 1527 ἐν
1273 1474 1352 1544 τῷ
1388 1475 1629 1545 ’ᾼσματι
1656 1473 1765 1531 τῶν

152 1564 429 1634 ᾀσμάτων
457 1564 529 1618 τὰ
559 1565 670 1618 τῶν
696 1564 959 1634 διαλόγων
989 1566 1137 1619 ἐστίν
1156 1583 1168 1595 ·
1202 1564 1263 1630 ἐξ
1293 1559 1369 1619 ὧν
1394 1567 1650 1638 ἀφορμήν
1677 1582 1764 1628 τις

151 1646 341 1707 λαϐὼν
362 1694 379 1718 ,
405 1655 632 1710 δύναται
666 1657 764 1710 ἀπ’
796 1658 962 1711 αὐτοῦ
994 1658 1088 1711 τοῦ
1122 1657 1328 1730 βιϐλίου
1357 1658 1427 1713 τὰ
1457 1659 1617 1730 ὃμοια
1647 1661 1764 1724 τοῖς

153 1748 366 1816 ὁμοίοις
396 1749 692 1807 συνάπτειν
720 1749 863 1805 κατὰ
896 1751 987 1805 τόν
1020 1750 1165 1805 νοῦν.

1881 465 1992 520 rint
2013 466 2156 520 mala
2188 466 2390 537 punica
2419 485 2433 522 :
2473 466 2550 520 ibi
2576 465 2719 521 dabo
2750 466 2919 521 ubera
2949 482 3093 522 mea.
3117 466 3239 523 Non
3270 484 3473 540 cogno-

1878 560 1956 614 vit
1979 559 2160 613 anima
2192 574 2347 625 mea,
2403 558 2587 629 posuit
2631 573 2719 613 me
2752 573 2950 614 currus
2995 558 3303 617 Aminadab
3326 562 3394 619 “.
3442 581 3464 617 ι

1878 650 1936 704 In
1960 649 2179 704 hortum
2208 651 2355 705 enim
2386 665 2613 715 nucum,
2638 650 2743 704 hoc
2764 658 2869 714 est,
2896 650 2952 705 in
2986 648 3301 723 Scripturas
3320 655 3466 723 veni,

1876 757 1998 812 quae
2018 743 2194 797 instar
2223 757 2430 797 nucum
2462 748 2614 805 sunt,
2645 741 2779 797 foris
2807 741 2980 809 durae,
3015 744 3167 800 intus
3195 746 3466 815 spiritus.-

1875 836 1975 891 les.
2023 834 2163 901 Vidi,
2188 835 2344 907 quod
2378 834 2658 905 jungenda
2687 850 2836 901 sum,
2867 836 3015 890 velut
3043 836 3099 890 in
3128 853 3315 906 curru,
3330 854 3466 909 gen-

1873 925 2011 979 tium
2042 925 2340 979 vocationi.
2371 925 2696 995 Conjunctis
2728 925 2898 996 igitur
2944 926 3194 997 utrisque
3222 930 3462 999 populis,

1873 1013 1929 1068 in
1959 1015 2145 1070 orbem
2188 1022 2461 1071 terrarum
2489 1017 2693 1073 emissa
2723 1024 2809 1073 est
2838 1017 3176 1088 pmdicatio,
3210 1028 3266 1073 et
3292 1019 3464 1090 hujus

1870 1104 2111 1160 ministri
2139 1113 2269 1161 sunt
2298 1106 2502 1178 angeli,
2533 1106 2782 1163 dicentes
2809 1125 2824 1162 :
2854 1125 2874 1159 ι
2910 1105 3267 1179 Egredimini,
3304 1118 3361 1166 et
3387 1112 3464 1167 vi-

1869 1197 1993 1251 dete
2019 1195 2365 1254 Salomonem
2386 1200 2439 1253 in
2467 1194 2815 1270 corona,qua
2833 1202 3310 1272 coronavitipsum
3338 1220 3461 1261 ma-

1868 1295 1954 1342 ter
1981 1288 2124 1358 ejus,
2153 1288 2210 1343 in
2245 1290 2334 1345 die
2364 1290 2810 1361 dcsponsationis
2851 1292 2993 1362 ejus,
3017 1301 3073 1348 et
3108 1295 3163 1348 in
3193 1296 3283 1351 die
3315 1297 3456 1352 laeti-

1870 1380 1960 1435 tiae
1997 1381 2182 1436 cordis
2205 1382 2325 1451 ejus
2348 1382 2416 1436 δ”.
2449 1401 2468 1434 ›
2502 1382 2607 1448 Qui
2639 1399 2875 1454 namque
2916 1399 2947 1439 e
2996 1385 3205 1439 malitia
3237 1388 3456 1457 egredi-

1867 1478 1977 1534 tur,
2011 1472 2406 1528 immutabilem
2443 1471 2607 1528 Verbi
2637 1481 2692 1528 et
2721 1474 2907 1530 carnis
2935 1475 3199 1533 unitatem
3229 1478 3453 1536 videbit.

1866 1562 2099 1630 Quando
2130 1564 2276 1619 enim
2310 1563 2476 1619 Verbi
2504 1564 2798 1621 nobiscum
2822 1606 2838 1632 ,
2889 1581 2987 1637 per
3013 1569 3266 1638 corporis
3295 1571 3455 1625 unioo

1865 1671 2013 1722 nem,
2041 1654 2187 1711 facta
2214 1664 2300 1712 est
2328 1656 2704 1728 deSpunsatio,
2730 1666 2865 1714 tunc
2891 1666 2946 1714 et
2976 1658 3044 1714 de
3073 1669 3251 1716 morte
3279 1662 3447 1717 victo-

1787 1746 1832 1802 B
1864 1748 2001 1837 riam
2034 1749 2239 1811 retulit,
2264 1756 2487 1819 propter
2506 1764 2671 1819 quam
2689 1757 2745 1805 et
2772 1750 2954 1805 omnia
2978 1751 3164 1806 laetitia
3187 1753 3453 1824 adimple-

152 1838 257 1892 vit;
294 1839 630 1909 Hujusmodi
664 1850 793 1896 sunt
815 1844 1113 1915 dialogi,in
1140 1843 1371 1902 Cantico
1390 1849 1756 1910 canticorum,
1794 1859 1862 1899 ex
1915 1844 2117 1913 quibus
2178 1844 2472 1898 occasione
2526 1850 2747 1913 sumpta
2803 1843 3005 1913 poterit
3048 1845 3173 1915 quis
3215 1845 3274 1901 in
3325 1845 3450 1916 ipsa

152 1932 329 1988 libelli
356 1935 619 2000 lectione,
636 1936 837 1991 similia
861 1936 1136 1994 similibus
1160 1939 1422 2010 adaptare
1447 1941 1755 1999 secundum
1789 1938 2142 1995 sententiam.

697 2051 943 2104 Βιϐλίων
970 2050 1067 2116 ιζ’,
1119 2052 1255 2107 Ὶώὸ.

221 2160 318 2216 25.
383 2160 509 2215 Ἰὼϐ
563 2163 976 2234 ἐπιγέγραπται
1024 2164 1085 2218 τὸ
1133 2165 1372 2236 βιϐλίον,
1424 2168 1611 2239 ἐπειδὴ
1660 2168 1760 2241 τὴν

146 2255 274 2309 κατ’
306 2255 475 2309 αὑτὸν
508 2255 752 2327 ἱστορίαν
783 2256 1049 2329 περιέχει,
1086 2257 1205 2322 πῶς
1237 2277 1296 2312 τε
1348 2259 1604 2325 πέπονθε,
1642 2278 1761 2314 πει-

151 2345 381 2417 ρασθεὶς
403 2346 513 2399 ὑπὸ
531 2345 627 2399 τοῦ
649 2346 900 2401 διαϐόλου
920 2364 934 2377 ·
960 2350 1055 2402 καὶ
1079 2351 1310 2421 νικήσας
1337 2352 1430 2403 καὶ
1457 2351 1759 2421 ὑπομείνας

148 2438 396 2502 εὐσεϐῶς
453 2437 556 2502 τὰς
628 2439 1017 2510 ἐπενεχθείσας
1087 2440 1238 2513 αὐτῷ
1296 2441 1544 2512 πληγὰς,
1592 2442 1758 2497 διπλᾶ

145 2528 315 2582 πάλιν
349 2528 535 2581 πάντα
564 2527 829 2592 ἀπέλαϐε,
865 2531 960 2583 καὶ
986 2529 1208 2600 γέγονεν
1238 2531 1574 2603 ἐνδοξότερος
1609 2532 1751 2604 ὑπὲρ

145 2615 293 2690 δῆν,
327 2619 428 2671 καὶ
462 2618 592 2690 ἔσχε
632 2619 795 2673 πάλιν
834 2619 1001 2674 τέκνα
1041 2621 1193 2675 δέκα.
1237 2622 1480 2675 Πέπονθε
1525 2623 1581 2676 δέ
1614 2624 1749 2678 ἐτῶν

145 2711 219 2762 ὢν
252 2718 320 2774 0’,
359 2710 438 2773 ὡς
471 2705 617 2763 εἶναι
661 2710 841 2764 πάντα
884 2710 954 2765 τὰ
991 2711 1086 2783 ἐτη
1125 2715 1226 2783 τῆς
1262 2709 1406 2782 ζωῆς
1434 2711 1599 2769 αὑτοῦ
1636 2718 1744 2783 σμ’.

144 2804 302 2857 Μετὰ
323 2803 439 2875 γὰρ
464 2804 568 2867 τὰς
596 2803 813 2874 πληγὰς
838 2801 1041 2874 ἔζησεν
1086 2804 1253 2876 ἐτερα
1286 2804 1379 2877 ἔτη
1417 2812 1511 2877 ρο’.
1548 2804 1746 2873 Γέγονε

143 2896 201 2948 δὲ
244 2894 373 2949 Ἰὼὸ
403 2896 517 2966 πρὸ
546 2897 829 2961 Μωῦσέως
850 2914 865 2927 ο
897 2897 1007 2951 ἀπὸ
1038 2897 1148 2969 γὰρ
1196 2896 1448 2969 Ἀϐραὰμ
1498 2897 1748 2969 πέμπτος

140 2982 229 3058 ἦν,
279 2986 517 3055 ἔκγονος
569 2987 666 3040 τοῦ
744 2987 936 3042 Ἡσαῦ.
991 2987 1091 3041 Διὰ
1132 2989 1231 3061 τὴν
1274 2988 1573 3061 γενομένην
1624 2989 1745 3043 κατ’

2275 2051 2433 2123 125
2478 2051 2633 2107 Liber
2667 2050 2866 2119 XVII,
2900 2052 3025 2111 Job.
3080 2054 3083 2057 “

1933 2162 2023 2216 25.
2060 2160 2162 2217 Joh
2191 2162 2495 2231 inscriptus
2542 2172 2627 2218 est
2659 2162 2750 2218 hic
2780 2164 2939 2232 liber,
2971 2166 3231 2236 quoniam
3262 2168 3443 2227 histo-

1858 2252 1996 2304 riam
2027 2250 2174 2306 illius
2208 2251 2594 2322 complectitur
2616 2268 2852 2324 :nempe
2873 2255 3003 2325 quid
3030 2272 3323 2327 perpessus
3349 2261 3443 2327 sit,

1860 2350 2105 2397 tentatus
2136 2356 2166 2395 a
2197 2341 2437 2407 diabolo,
2490 2351 2545 2396 et
2589 2344 2866 2413 quomodo
2894 2345 3109 2412 vicerit,
3146 2364 3211 2404 ac
3264 2350 3446 2408 illatas

1856 2431 2045 2500 plagas
2069 2432 2152 2501 pie
2177 2432 2493 2487 toleraverit
2526 2448 2539 2484 :
2568 2448 2763 2488 rursus
2791 2435 2974 2488 omnia
2997 2436 3273 2507 duplicata
3294 2457 3446 2499 rece-

1856 2523 2018 2593 perit,
2061 2522 2461 2591 illustriorque,
2492 2537 2657 2592 quam
2687 2522 2866 2577 fuerat
2906 2532 3085 2593 antea,
3114 2526 3316 2599 factus,
3344 2533 3446 2589 ite-

1855 2626 1977 2666 rum
2008 2612 2194 2668 decem
2244 2613 2447 2668 liberos
2481 2612 2806 2681 susceperit.
2853 2612 3060 2671 Passus
3100 2627 3187 2675 est
3234 2630 3441 2688 autem,

1854 2717 1979 2759 cum
2010 2719 2185 2760 annos
2233 2705 2578 2776 septuaginta
2623 2715 2787 2762 natus
2824 2715 2992 2773 esset,
3032 2709 3109 2764 ita
3163 2719 3221 2766 ut
3252 2729 3443 2773 omnes

1855 2797 2031 2867 ipsius
2062 2796 2192 2851 anni
2232 2796 2435 2853 fuerint
2457 2796 2587 2851 240.
2624 2797 2754 2853 Post
2788 2808 3047 2869 acceptas
3078 2802 3225 2857 enim
3249 2806 3443 2877 plagas

1854 2903 2028 2944 annos
2077 2889 2257 2943 adhuc
2314 2888 2449 2943 vixit
2511 2886 2637 2943 170.
2702 2887 2853 2943 Vixit
2902 2898 3085 2946 autem
3137 2892 3245 2950 Job
3315 2906 3442 2952 ante

1852 2978 2093 3051 Moysem
2117 2995 2129 3030 :
2166 2989 2282 3034 erat
2310 2980 2456 3035 enim
2485 2979 2712 3049 quintus
2739 2980 2808 3034 ab
2854 2980 3130 3037 Abraham
3160 2999 3226 3039 ex
3255 2995 3441 3056 poste-

142 3081 307 3135 αὑτοῦ
336 3081 561 3152 πληγὴν
597 3078 761 3153 ἦλθον
798 3083 950 3152 τρεῖς
995 3078 1161 3135 αὐτοῦ
1186 3079 1331 3149 φίλοι
1365 3078 1749 3152 παρακαλέσαι

1857 3070 1931 3125 ris
1962 3069 2128 3126 Esau.
2153 3069 2432 3126 Venerunt
2461 3071 2530 3126 ad
2568 3087 2693 3127 eum
2725 3071 3047 3131 consolandi
3076 3075 3273 3145 gratia,
3311 3091 3441 3146 pro-

140 3170 329 3234 αὒτὲν,
361 3168 600 3239 Ἐλιφὰζ
632 3171 661 3222 ὁ
689 3168 986 3240 θαιμανῶν
1019 3169 1292 3240 βασιλεὺς,
1324 3170 1531 3225 Βαλδὰδ
1553 3170 1583 3223 ό
1612 3171 1750 3225 Σαυ-

140 3262 315 3331 χαξων
369 3261 665 3334 τύραννος,
717 3260 903 3334 Σοφὰρ
952 3246 989 3314 δ’
1034 3261 1278 3317 Μιναίων
1331 3261 1605 3333 βασιλεύς.
1639 3264 1749 3317 Καὶ

141 3352 472 3421 φιλονείκως
543 3354 643 3426 μὲν
692 3354 787 3408 καὶ
844 3352 1223 3425 ἀνελεημόνως
1268 3354 1423 3408 αὐτοὶ
1478 3353 1747 3427 ἐλάλησαν

141 3446 316 3517 αὐτῷ,
387 3444 739 3517 ἐναλλόμενοι
773 3447 893 3499 κατ’
927 3446 1123 3500 αὐτοῦ·
1155 3446 1298 3500 ὥστε
1338 3447 1435 3502 καὶ
1472 3447 1747 3519 ἁμαρτίαν

140 3539 331 3603 αὐτοῖς
360 3540 427 3593 ἐκ
451 3538 646 3591 τούτου
679 3538 1015 3611 λογισθῆναι.
1049 3540 1107 3593 Ὁ
1132 3540 1192 3593 δὲ
1225 3537 1345 3593 Ἰὼϐ
1373 3540 1747 3613 παρεκάλεσεν

138 3633 285 3705 ὑπὲρ
310 3624 501 3685 αὐτῶν
528 3630 622 3685 τὸν
648 3630 803 3697 Θεὸν,
841 3633 936 3685 καὶ
962 3632 1315 3705 συνεχωρήθη
1345 3635 1548 3698 αὐτοῖς.
1590 3632 1745 3687 Εἰσὶν

126 3722 232 3780 οὖν
256 3725 356 3780 τοῦ
385 3727 492 3795 μὲν
533 3724 654 3779 Ἰὼϐ
700 3725 938 3795 διάλογοι
986 3726 1124 3798 πρὸς
1165 3727 1291 3791 τοὺς
1322 3727 1508 3797 φίλους
1552 3726 1740 3781 ἐννέα·

136 3818 234 3871 τοῦ
266 3818 327 3872 δὲ
355 3816 592 3886 Ἐλιφὰζ
618 3818 757 3888 πρὸς
788 3817 953 3873 αὐτὸν
977 3822 1162 3890 τρεῖς,
1184 3817 1279 3873 τοῦ
1311 3819 1368 3873 δὲ
1394 3819 1578 3890 Σοφὰρ
1606 3819 1745 3892 πρὸς

139 3910 305 3964 αὐτὸν
340 3911 458 3975 δύο,
504 3911 600 3963 καὶ
641 3909 737 3963 τοῦ
781 3909 990 3965 Βαλδέιδ
1026 3914 1195 3983 τρεῖς.
1236 3912 1391 3965 Ἔστι
1430 3911 1488 3965 δὲ
1525 3911 1741 3965 καὶτοῦ

153 3999 365 4065 Ἐλεοῦς
386 3999 490 4054 τοῦ
520 4000 824 4072 Βαραχιὴλ,
848 3999 944 4053 τοῦ
975 4000 1258 4063 Βουζίτου,
1295 4006 1364 4053 α’.
1398 4000 1508 4053 Καὶ
1555 3999 1741 4052 λοιπὸν

140 4096 172 4147 ό
222 4094 434 4164 Κύριος
494 4089 826 4162 χρηματίζει
881 4089 961 4162 τῷ
1030 4090 1150 4144 Ἰὼϐ
1195 4091 1285 4145 διὰ
1337 4090 1597 4154 λαίλαπος
1645 4092 1741 4146 καὶ

142 4186 342 4253 νεφῶν.
380 4184 765 4253 ’Δποκρίνεται
793 4184 850 4238 δέ
884 4184 979 4238 καὶ
1016 4184 1139 4238 Ἰὼϐ
1167 4183 1245 4256 τῷ
1278 4185 1469 4257 Κυρίῳ
1511 4184 1601 4240 διὰ
1653 4185 1741 4240 λό-

143 4295 254 4346 γων
286 4276 569 4347 δεύτερον.

298 4394 552 4447 Βιϐλίαν
586 4398 684 4461 ιη’,
719 4395 784 4447 οι
815 4392 891 4457 ιβ’
912 4390 1234 4462 προφῆται.
1278 4390 1479 4461 Ὠσηὲ,
1509 4397 1582 4445 α’.
1626 4347 1635 4361 ι
1767 4425 1813 4481 D

210 4506 303 4561 '26.
342 4506 612 4575 Γεγόνασι
660 4504 758 4575 μὲν
792 4504 888 4559 καὶ
916 4504 1024 4576 πρὸ
1053 4502 1246 4557 τούτου
1290 4502 1567 4575 προφῆται
1589 4519 1602 4534 ·
1645 4500 1738 4557 ἐπὶ

147 4599 245 4669 μὲν
285 4596 386 4650 τοῦ
444 4595 634 4660 Δαόὶδ,
670 4595 947 4667 Σαμουὴλ,
986 4595 1082 4649 καὶ
1114 4593 1323 4658 Ναθὰν,
1352 4594 1446 4647 καὶ
1473 4593 1580 4646 Γάδ
1599 4608 1612 4621 ⁸
1643 4591 1737 4645 ἐπὶ

140 4687 199 4739 δὲ
224 4686 323 4740 τοῦ
366 4684 614 4753 Ῥοεοὰμ
660 4685 756 4737 καὶ
805 4682 965 4736 Ἀδιᾶ
1008 4683 1102 4735 καὶ
1154 4683 1306 4745 ’Δσᾶ,
1360 4678 1546 4750 Ἀχίας
1577 4678 1606 4729 ό
1633 4677 1739 4748 Ση-

140 4778 398 4848 λωνίτης,
420 4777 520 4830 καὶ
551 4775 822 4846 Σαμαίας,
844 4774 942 4827 καὶ
976 4772 1159 4835 Ἀδδὼ,
1191 4774 1285 4826 καὶ
1329 4771 1608 4843 Ἀζαρίας,
1646 4769 1742 4822 καὶ

155 4870 358 4941 ’Δνεμῆ
383 4886 399 4900 ·
434 4867 531 4920 ἐπὶ
551 4867 610 4919 δε
634 4864 727 4919 τοῦ
772 4865 1043 4934 Ἰωσαφὰτ
1065 4864 1159 4917 καὶ
1187 4862 1281 4917 τοῦ
1312 4861 1517 4933 Ἀχαὰό
1552 4861 1739 4925 Ἠλίας

142 4963 237 5014 καὶ
267 4960 599 5025 Ἐλισσαῖος,
628 4959 725 5011 καὶ
755 4958 787 5010 ό
818 4956 1201 5028 προφητεύσας
1239 4954 1318 5025 τῷ
1367 4953 1571 5025 Ἀχαὰὸ
1606 4952 1736 5025 περὶ

143 5056 240 5125 τῆς
290 5053 499 5124 Συρίας
553 5052 651 5105 καὶ
702 5052 731 5104 ό
769 5049 1018 5113 πατάξας
1065 5047 1256 5101 ἐαυτὸν
1301 5045 1597 5117 τραύματι,
1642 5045 1737 5097 καὶ

144 5145 371 5216 ἐλέγξας
388 5144 485 5197 τὸν
528 5141 757 5214 ’Λχαὰ6,
775 5142 872 5196 καὶ
908 5139 1011 5194 ’ἰοῦ
1037 5143 1067 5193 ό
1090 5139 1183 5192 τοῦ
1218 5139 1381 5208 Ἀμῆ,
1401 5137 1495 5191 καὶ
1528 5134 1732 5206 Ὀζιὴλ,

145 5241 238 5292 καὶ
273 5235 515 5291 Ἐλιωα.
558 5234 700 5289 Ἀλλ’
729 5234 792 5287 οὑ
828 5233 1052 5306 φέρεται
1076 5232 1283 5285 τούτων
1308 5229 1416 5283 ἴδια
1444 5229 1734 5300 συγγράμ-

147 5351 311 5403 ματα,
346 5333 399 5384 ei
427 5330 503 5402 μὴ
529 5328 692 5400 μόνον
717 5330 766 5381 οἱ
796 5326 950 5395 λόγοι
976 5323 1156 5379 αὐτῶν
1182 5324 1241 5376 ἐν
1268 5324 1391 5385 ταῖς
1421 5319 1735 5383 Βασιλείαις

143 5424 237 5477 καὶ
265 5425 387 5485 ταῖς
419 5419 954 5492 Παραλειπομέναις.
990 5417 1080 5470 Ἐν
1107 5415 1164 5468 δὲ
1192 5416 1305 5477 τοῖς
1334 5411 1731 5481 συγγράψασιν,

143 5507 218 5570 ὧν
246 5515 342 5569 καὶ
365 5513 439 5567 τὰ
473 5513 885 5584 συγγράμματα
926 5511 1174 5582 φέρεται,
1206 5507 1413 5580 πρῶτοι
1446 5505 1733 5575 γεγόνασιν

249 5702 297 5734 ⁸⁸
333 5701 497 5759 Cant.
536 5716 614 5770 vr,
656 5699 753 5767 ιο,
790 5698 881 5755 Η.
957 5697 1000 5729 ⁵⁷
1039 5693 1198 5751 Cant.
1235 5706 1334 5759 ιιι,
1371 5690 1461 5747 11.

1852 3173 1974 3234 pter
2002 3165 2215 3235 plagam
2249 3179 2414 3235 quam
2449 3165 2677 3229 ferebat,
2710 3172 2823 3222 tres
2848 3166 3009 3222 amici
3035 3167 3177 3237 ejus,
3212 3167 3437 3241 Eliphaz

1852 3253 2273 3310 Thacmanorum
2307 3271 2426 3321 rex,
2460 3255 2668 3313 Baldad
2720 3256 3110 3313 Sauchaaorum
3144 3266 3434 3332 tyrannus,

1849 3354 1903 3401 et
1925 3346 2140 3416 Sophar
2182 3362 2277 3402 rex
2322 3345 2664 3403 Minaeorum.
2696 3347 3004 3420 Locutique
3034 3358 3164 3406 sunt
3189 3351 3268 3406 illi
3301 3368 3437 3409 con-

1848 3439 2143 3497 tentiosius
2183 3446 2239 3495 et
2302 3439 2421 3496 sine
2450 3440 2950 3509 commiseratione,
2985 3442 3313 3501 insultantes
3353 3445 3438 3500 af-

1846 3531 2016 3597 ﬂicto,
2048 3531 2197 3602 quod
2240 3531 2296 3586 in
2330 3540 2617 3602 peccatum
2661 3533 2772 3590 illis
2820 3542 2907 3591 est
2951 3535 3301 3606 imputatum.
3330 3536 3436 3594 Job

1845 3640 1977 3681 vero
2002 3623 2170 3681 Deum
2194 3640 2293 3696 pro
2324 3625 2436 3680 illis
2460 3635 2715 3697 precatus
2741 3634 2846 3694 est,
2871 3632 2926 3683 et
2954 3628 3327 3683 condonatum
3348 3640 3436 3686 est

1845 3719 1927 3774 eis
1979 3727 2286 3793 peccatum.
2322 3717 2467 3772 Sunt
2508 3726 2691 3797 autem
2742 3719 2945 3791 dialogi
2974 3718 3098 3787 Job,
3133 3737 3272 3792 quos
3304 3738 3432 3778 cum

1845 3811 2039 3867 amicis
2079 3810 2296 3877 habuit,
2328 3826 2525 3865 novem
2554 3826 2566 3863 :
2609 3810 2832 3881 Eliphaz
2867 3827 2998 3866 vero
3033 3812 3101 3866 ad
3145 3810 3250 3867 Job
3276 3820 3430 3883 tres;

1846 3902 2061 3973 Sophar
2092 3902 2223 3967 duo,
2252 3913 2308 3958 et
2357 3901 2562 3958 Baldad
2604 3910 2737 3958 tres.
2772 3902 2839 3957 Et
2886 3903 3039 3959 Elius
3086 3920 3305 3976 quoque
3333 3904 3431 3961 ﬁlii

1841 3992 2150 4057 Barachiel,
2185 3992 2381 4057 Buziti,
2416 4009 2560 4049 unus
2605 4001 2689 4047 est
2718 3992 2991 4065 dialogus.
3023 3992 3267 4050 Tandem
3297 4009 3431 4051 vero

1840 4084 2106 4141 Dominus
2154 4085 2307 4139 illum
2358 4099 2457 4156 per
2503 4085 2781 4141 turbinem
2846 4100 2911 4142 ac
2966 4087 3141 4142 nubes
3196 4088 3431 4158 appella-

1840 4177 1946 4244 vit;
1973 4162 2034 4231 et
2063 4174 2166 4230 Job
2195 4175 2429 4230 Domino
2494 4176 2737 4233 secundo
2780 4191 2905 4232 cum
2955 4178 3050 4233 illo
3084 4178 3301 4234 locutus
3338 4192 3429 4234 re-

1841 4269 2084 4339 spondit.

1841 4379 1995 4437 Liber
2040 4380 2273 4447 XVIII,
2307 4380 2600 4437 Duodecim
2647 4385 2933 4453 prophetat.
2994 4383 3147 4449 Osee,
3193 4385 3421 4455 primus.

1910 4499 2001 4558 26.
2033 4498 2209 4553 Etiam
2226 4506 2354 4554 ante
2379 4499 2526 4554 hunc
2551 4499 2772 4555 fuerunt
2800 4499 3101 4570 prophetae.
3125 4499 3262 4555 Nam
3284 4510 3427 4558 tem-

1839 4605 1973 4662 pore
2006 4589 2224 4646 Davidis
2254 4588 2474 4646 fuerunt
2506 4588 2750 4654 Samuel,
2785 4588 3000 4645 Nathan
3042 4599 3097 4646 et
3142 4588 3278 4647 Gad.
3305 4590 3422 4647 Ro-

1840 4682 2025 4747 boam,
2071 4680 2208 4737 Abia
2252 4689 2304 4737 et
2336 4682 2447 4738 Asa
2476 4682 2854 4753 regnantibus,
2887 4681 3091 4737 Achias
3120 4680 3422 4757 ’Silonites,

1845 4772 2092 4837 Sameas,
2140 4772 2316 4836 Addo,
2349 4772 2574 4827 Azarias
2606 4779 2662 4827 et
2692 4771 2909 4826 Anemi.
2942 4768 3056 4826 Sub
3078 4769 3341 4841 Josaphat
3367 4780 3425 4828 et

1840 4866 2051 4930 Achab,
2088 4864 2237 4920 Elias
2270 4871 2326 4919 et
2379 4864 2627 4928 Elisaeus,
2673 4872 2729 4918 et
2772 4863 2867 4933 qui
2916 4863 3257 4933 prophetavit
3305 4864 3421 4933 regi

1842 4955 2068 5011 Achaab
2091 4955 2159 5010 de
2186 4953 2364 5024 Syria,
2400 4963 2455 5009 et
2487 4954 2581 5024 qui
2611 4955 2851 5023 seipsum
2874 4953 3153 5009 vulnerari
3185 4952 3337 5017 fecit,
3366 4962 3423 5007 et

1844 5064 2026 5119 regem
2058 5046 2281 5101 Achaab
2300 5045 2587 5116 corripuit,
2616 5053 2671 5101 et
2696 5043 2839 5101 Jehu
2863 5044 3007 5099 ﬁlius
3028 5042 3164 5099 Ame
3193 5051 3247 5099 et
3272 5042 3421 5099 Ozicl

1845 5150 1899 5195 et
1937 5137 2146 5195 Eliada.
2183 5136 2387 5195 Verum
2436 5137 2587 5192 nulla
2619 5136 2891 5192 habentur
2922 5136 3153 5191 istorum
3189 5134 3421 5205 scripta,

1846 5230 1953 5285 nisi
1989 5237 2201 5284 tantum
2249 5244 2372 5300 qua:
2403 5228 2459 5284 in
2510 5225 2824 5298 Regnorum
2868 5228 3115 5283 historiis
3157 5234 3214 5282 et
3262 5223 3419 5280 libris

1844 5320 2303 5392 Paralipomenon
2331 5320 2536 5376 dixisse
2564 5319 2837 5390 leguntur.
2872 5318 3019 5375 lnter
3048 5333 3145 5374 eos
3172 5329 3302 5373 vero
3324 5316 3418 5386 qui

1844 5412 2225 5483 scripserunt,
2276 5425 2512 5480 quorum
2563 5416 2619 5466 et
2665 5410 2864 5480 scripta
2909 5407 3414 5467 circumferuntur.

1842 5504 2006 5576 primi
2062 5503 2284 5561 fuerunt
2327 5501 2467 5560 Osee
2529 5510 2584 5560 et
2631 5501 2822 5558 Isaias.
2871 5499 2987 5559 Sub
3033 5500 3227 5559 iisdem
3271 5495 3420 5554 enim
