3886 6182
407 229 512 287 559

1590 215 1650 270 S.
1694 206 2166 269 ATHANASIUS.
2205 238 2275 249 ——
2317 204 2545 262 DUBIA.

3584 196 3698 256 360

408 341 653 414 regibus,
704 340 871 401 Ozias,
900 334 1175 398 Joatham,
1209 333 1394 389 Acha:
1420 337 1477 386 et
1510 328 1761 385 Ezechiae
1809 340 2001 398 regum

2127 314 2270 389 ιῦτοι,
2319 321 2500 393 Ὠσηὲ,
2531 318 2627 374 καὶ
2657 317 2905 382 Ἡσαΐας.
2953 316 3077 369 Ἐπὶ
3101 315 3210 388 γὰρ
3237 316 3345 370 τῶν
3381 314 3560 369 αὐτῶν
3593 313 3700 385 βαι

294 446 300 451 ’
407 435 594 501 Judaa;
629 430 1006 504 et\Jeroboam
1044 427 1142 482 ﬁlii
1177 425 1309 482 Joas
1343 424 1492 496 regis
1521 422 1743 478 lsraelis
1770 419 2002 490 prephe-

409 531 615 578 tarunt.
640 520 866 575 Factum
883 527 968 575 est
992 526 1178 573 autem
1205 515 1433 571 verbum
1459 512 1721 585 (Domini)
1744 511 1810 565 ad
1837 507 1998 574 Osee,

409 623 462 672 et
493 613 842 684 prophetavit
885 619 1078 665 contra
1113 606 1432 665 sacerdotes
1461 611 1518 659 et
1555 601 1836 664 lsraelem,
1871 613 2004 652 con-

411 715 495 761 tra
526 705 748 760 domum
780 705 944 774 regis,
975 708 1032 756 et
1051 701 1118 755 de
1148 699 1371 754 interitu
1395 695 1676 752 Samaria.
1705 691 2003 759 Postquam

410 814 542 854 vero
594 799 718 854 illos
769 798 1017 865 coarguit
1048 801 1102 849 et
1150 793 1207 847 in
1262 789 1650 846 incredulitate
1697 781 2000 858 conclusit,

413 889 689 961 signiﬁcat
745 887 1046 941 Ecclesiam
1110 899 1178 939 ex
1233 883 1522 954 gentibus,
1574 894 1669 949 per
1719 874 2003 930 mulierem

413 983 760 1038 meretricem
791 993 954 1050 quam
983 977 1218 1047 accepit,
1250 982 1645 1044 acceptamque
1674 965 2006 1036 resipiscere

416 1077 564 1140 fecit,
595 1083 650 1132 et
682 1074 749 1128 ad
777 1090 836 1129 se
867 1070 1115 1126 adduxit.
1139 1068 1437 1139 PrOphetat
1459 1065 1624 1122 etiam
1668 1062 1736 1116 de
1761 1058 2009 1114 Salvato-

417 1171 497 1224 ris
528 1169 786 1225 adventu.

962 1431 1146 1492 Amos,
1181 1425 1464 1482 secundus.

487 1531 576 1585 27.
604 1528 670 1582 Et
695 1527 806 1592 hic,
851 1523 996 1595 quod
1028 1523 1094 1577 ad
1128 1516 1491 1591 pr0phetaudi
1520 1515 1850 1587 principium
1883 1514 2012 1568 atti-

420 1635 533 1690 net,
564 1621 754 1677 eodem
786 1633 896 1688 quo
935 1615 1074 1671 Osee
1111 1619 1167 1668 et
1208 1611 1382 1667 Isaias
1412 1609 1549 1666 vixit
1587 1616 1832 1678 tempore
1862 1626 1876 1661 :
1912 1607 2012 1662 fuit

2106 417 2319 479 σιλέων,
2343 415 2437 468 τοῦ
2452 430 2510 466 τε
2535 411 2723 477 Ἰούδα,
2759 409 2956 475 Ὀζίου,
2972 409 3066 464 καὶ
3094 409 3356 480 Ἰωαθάμ,
3379 409 3472 462 καὶ
3502 405 3697 477 Ἀχὰζ,

2105 509 2199 564 καὶ
2244 507 2486 574 Ἐζεκίου
2519 505 2784 576 βασιλέως
2817 501 3019 556 Ἰούδα·
3052 502 3147 556 καὶ
3171 502 3229 554 ὲν
3257 499 3493 572 ἡμέραις
3533 500 3700 569 Ἱερο-

2105 599 2251 670 ϐοὰμ
2283 598 2401 652 υἱοῦ
2464 599 2636 661 Ἰωᾶς,
2685 593 2948 666 βασιλέως
3003 591 3222 664 Ἰσραὴλ
3257 590 3696 660 προεφήτευσαν.

2118 692 2369 762 Ἐγένετο
2425 691 2482 744 δὲ
2526 689 2686 758 λόγος
2712 687 2848 759 πρὸς
2885 685 2976 739 τὸν
3025 684 3206 755 Ὠσηὲ,
3237 684 3332 736 καὶ
3362 678 3704 753 προφητεύει

2106 781 2260 847 οὗτος
2288 788 2303 805 ‘
2325 783 2453 846 τοὺς
2485 780 2686 853 ἱερέας,
2717 780 2813 832 καὶ
2844 778 2936 832 ἐπὶ
2965 776 3054 829 τὸν
3097 774 3336 847 Ἰσραὴλ,
3367 773 3462 826 καὶ
3488 772 3583 824 ἐπὶ
3606 781 3704 823 τον

2106 873 2254 930 οἷκον
2283 875 2378 929 τοῦ
2409 873 2694 945 βασιλέως,
2739 870 2835 925 καὶ
2875 870 3006 941 περὶ
3027 871 3125 940 τῆς
3163 866 3440 929 ἀπωλείας
3464 864 3566 934 τῆς
3594 863 3705 915 Σα-

2113 969 2366 1041 μαρείας.
2420 966 2531 1021 Καὶ¹
2585 964 2814 1035 ἐλέγξας
2867 962 2962 1016 καὶ
3016 960 3342 1029 συγκλείσας
3387 958 3586 1021 αὐτοὺς
3621 957 3708 1019 είς

2109 1040 2413 1124 άπείθειαν,
2442 1058 2696 1131 σημαίνει
2729 1055 2828 1127 τὴν
2859 1053 2920 1119 ἐξ
2955 1051 3124 1106 ὲθνῶν
3167 1050 3514 1121 Ἐκκλησίαν,
3540 1047 3608 1099 δι’
3634 1040 3708 1118 ἧς

2110 1154 2271 1217 αὐτὸς
2289 1153 2447 1206 ἔλαϐε
2483 1152 2689 1223 πόρνης
2716 1146 2996 1218 γυναικος,
3029 1146 3097 1217 ἣν
3130 1146 3223 1197 καὶ
3255 1143 3432 1196 λαϐὼν
3459 1140 3707 1212 ἐσωφρό-

2111 1265 2279 1311 νισεν,
2309 1245 2528 1313 ἀνάγων
2556 1243 2728 1314 αὐτὴν
2763 1241 2902 1312 πρὸς
2928 1238 3140 1293 ἑαυτόν.
3164 1235 3504 1308 Προφητεύει
3525 1233 3583 1286 δὲ
3610 1233 3709 1286 καὶ

2113 1343 2243 1414 περὶ
2269 1340 2370 1411 τῆς
2397 1338 2492 1392 τοῦ
2520 1336 2775 1406 Σωτῆρος
2804 1333 3127 1406 παρουσίας.

2766 1426 2963 1494 Ἆμὼς,
2983 1426 3065 1490 β’.

2181 1527 2275 1582 27.
2308 1515 2622 1593 Καὶ-οὗτος
2680 1517 3027 1590 συνεχρόνισε
3077 1515 3218 1570 κατὰ
3273 1515 3371 1587 τὴν
3410 1515 3584 1587 ἀρχὴν
3627 1513 3710 1584 τῷ

2125 1625 2284 1689 Ὠσηὲ
2301 1621 2394 1672 καὶ
2414 1621 2491 1687 τῷ
2523 1613 2752 1684 Ἡσαΐᾳ·
2785 1612 2878 1665 ἐπὶ
2895 1611 3001 1680 γὰρ
3042 1609 3217 1672 ὐξίου
3243 1607 3505 1678 βασιλέως
3534 1605 3711 1660 Ἰούδα

419 1717 566 1773 enim
589 1714 693 1770 sub
723 1710 855 1767 Ozia
899 1718 1028 1780 rege
1055 1705 1221 1770 Juda,
1265 1714 1322 1759 et
1359 1703 1416 1757 in
1460 1701 1655 1757 diebus
1693 1699 2008 1762 Jeroboam,

2127 1711 2210 1766 mi.
2277 1711 2335 1764 ὲν
2387 1707 2624 1780 ἡμέραις
2687 1702 2970 1774 Ἱεροϐοὰμ
3048 1700 3144 1755 τοῦ
3204 1701 3386 1764 Ίωᾶς,
3443 1697 3712 1768 βασιλέως

422 1810 520 1865 ﬁlii
550 1807 704 1872 Joas,
749 1805 897 1876 regis
937 1801 1130 1867 Israel,
1160 1797 1388 1856 biennio
1419 1803 1546 1851 ante
1574 1803 1734 1850 terra:
1780 1800 2011 1848 motum.

420 1901 572 1957 Vidit
594 1906 777 1954 autem
807 1895 1082 1967 quaedam,
1115 1901 1171 1950 et
1194 1890 1542 1964 prophetavit
1574 1895 1768 1943 contra
1792 1885 2014 1942 Jerusa-

419 1995 526 2049 lem
558 1999 612 2048 et
644 1999 838 2046 contra
869 1987 1128 2044 lsraelem
1165 1983 1448 2048 Samaria,
1486 1988 1539 2036 et
1583 1987 1776 2034 contra
1823 1985 2015 2049 gentes

421 2083 696 2149 Damasci,
729 2081 907 2146 Gazae,
940 2077 1255 2141 Ascalonis,
1292 2075 1470 2139 Azoti,
1505 2072 1827 2134 Accaronis,
1859 2070 2012 2141 Tyri,

419 2179 690 2240 lduuueze,
737 2176 1021 2239 Tlmman,
1078 2170 1316 2225 ﬁliorum
1345 2169 1579 2222 Ammon
1613 2173 1667 2221 et
1700 2165 1876 2219 Moab.
1913 2164 2016 2218 Ar-

421 2272 539 2342 guit
560 2283 753 2324 omnes
775 2275 829 2322 et
853 2267 907 2320 in
937 2261 1323 2318 incredulitate
1349 2257 1644 2314 conclusit.
1664 2254 1836 2310 Porro
1854 2255 2016 2309 Ama-

423 2364 506 2420 sia
536 2360 824 2418 sacerdote
859 2355 1069 2420 Belhel,
1098 2351 1245 2424 apud
1270 2365 1450 2421 regem
1477 2347 1795 2414 Jeroboam,
1834 2347 2018 2417 ipsum

423 2461 740 2519 accusante,
765 2449 926 2520 quasi
953 2455 1146 2504 contra
1179 2445 1359 2516 ipsum
1394 2451 1448 2497 et
1483 2450 1677 2498 contra
1709 2438 2017 2494 Samariam

422 2556 480 2604 et
525 2553 718 2601 contra
762 2542 1025 2614 pupulum
1081 2539 1400 2609 loqueretur
1443 2553 1457 2588 :
1512 2551 1622 2589 non
1666 2541 1847 2588 tamen
1893 2532 2018 2588 ideo

423 2639 661 2697 cessavit
720 2636 857 2698 ille,
918 2633 1014 2688 sed
1079 2629 1422 2686 conﬁdenter
1477 2626 1701 2681 oracula
1766 2623 1860 2679 Dei
1917 2622 2017 2677 de-

423 2731 735 2789 nuntiabat.
786 2725 1147 2797 Prophetavit
1203 2722 1370 2779 etiam
1423 2719 1491 2774 de
1553 2716 1859 2774 Salvatoris
1921 2713 2019 2769 ad-

424 2831 614 2880 ventu.

856 2905 1020 2977 126
1069 2903 1349 2968 Michwas,
1383 2902 1590 2956 tertius.

493 2995 587 3051 28.
619 2993 729 3051 Iste
765 2994 1045 3050 secundus
1072 2991 1294 3063 quidem
1317 3006 1385 3046 ex
1411 2989 1687 3060 prmdictis
1718 2987 1821 3043 fuit
1855 3001 2021 3042 :nam

424 3099 552 3163 post
583 3088 728 3144 Oziae
760 3097 978 3158 tempus
1022 3085 1393 3157 prophetarit.
1429 3082 1634 3139 Verum
1669 3083 1858 3137 eodem
1913 3096 2021 3151 quo

427 3183 509 3238 illi
543 3189 791 3250 tempore
841 3178 1018 3234 vixit:
1067 3191 1196 3231 nam
1244 3185 1299 3230 et
1347 3176 1467 3246 ipse
1515 3174 1618 3230 sub
1660 3171 1915 3228 Joatham
1969 3185 2024 3228 et

429 3271 614 3326 Achaz
661 3277 717 3326 et
763 3267 1000 3324 Ezechia
1037 3265 1369 3337 prophetare
1419 3265 1608 3335 cmpit.
1658 3262 1884 3318 Factum
1936 3272 2024 3320 est

429 3373 614 3418 autem
640 3362 708 3416 ad
733 3376 857 3416 eum
894 3360 1123 3414 verbum
1159 3357 1398 3421 Domini,
1422 3366 1477 3410 et
1513 3357 1860 3427 prophetavit
1890 3372 2023 3412 con-

429 3465 517 3510 tra
550 3454 878 3516 Jerusalem,
923 3463 977 3505 et
1012 3449 1345 3515 Samariam,
1394 3455 1449 3504 et
1495 3460 1689 3504 contra
1725 3449 2022 3518 prophetas

432 3548 620 3620 populi
645 3547 989 3610 seductores,
1023 3553 1077 3599 et
1105 3551 1301 3598 contra
1331 3543 1576 3597 Achaab.
1627 3541 2023 3596 Prmnuntiavit

433 3641 599 3696 etiam
635 3639 928 3694 adventum
976 3636 1303 3700 Salvatoris,
1337 3637 1526 3690 dicens
1559 3655 1572 3689 :
1613 3653 1632 3686 ι
1681 3635 1798 3689 Erit
1827 3636 1884 3689 in
1921 3651 2023 3689 no-

437 3732 685 3789 vissimis
707 3729 903 3785 diebus
927 3729 1161 3784 illustris
1191 3742 1351 3782 mons
1378 3725 1597 3780 Domini
1623 3727 1688 3780 “'.
1723 3744 1743 3778 ι
1779 3732 1788 3740 ’

785 3904 906 3959 Joel
941 3904 1087 3975 ﬁlius
1121 3903 1371 3970 Bathuel,
1415 3913 1662 3975 quartus.

506 3998 598 4053 29.
633 3997 714 4051 Ad
759 3998 904 4053 hunc
927 4014 1148 4069 quoque
1177 3997 1380 4053 factum
1407 4004 1492 4053 est
1521 3997 1748 4052 verbum
1780 3995 2020 4062 Domini,

435 4095 491 4143 et
520 4086 811 4157 prepbetat
844 4088 1180 4154 senioribus,
1213 4095 1267 4142 et
1314 4087 1571 4141 omnibus
1618 4087 2023 4142 habitatoribus

439 4190 616 4244 terra,
673 4180 741 4234 de
787 4182 1110 4250 captivitate
1161 4190 1340 4249 terrae,
1372 4189 1426 4235 et
1477 4195 1666 4236 eorum
1699 4180 1796 4250 qui
1827 4181 1882 4234 in
1930 4180 2024 4234 illa

437 4281 613 4326 erant.
650 4271 949 4342 Prophetat
997 4273 1160 4328 etiam
1208 4273 1276 4329 de
1328 4273 1505 4343 gratia
1548 4271 1788 4343 Spiritus
1821 4273 2020 4339 sancti,

2129 1803 2364 1878 Ἰσραὴλ,
2389 1802 2582 1871 γέγονε
2614 1798 2720 1872 πρὸ
2739 1797 2830 1850 δύο
2852 1795 2989 1849 ἐτῶν
3008 1793 3103 1848 τοῦ
3136 1791 3383 1863 σεισμοῦ.
3418 1790 3624 1859 Λόγους
3650 1789 3712 1842 δὲ

2116 1895 2244 1962 εἶδε,
2261 1897 2356 1950 καὶ
2381 1891 2716 1966 προφητεύει
2735 1887 2878 1943 κατὰ
2899 1887 3000 1957 τῆς
3033 1885 3408 1957 Ἰερουσαλὴμ,
3442 1883 3536 1936 καὶ
3561 1879 3712 1934 κατὰ

2116 1989 2210 2044 τοῦ
2257 1986 2471 2059 Ἰσραὴλ
2497 1986 2597 2056 τῆς
2623 1981 2959 2054 Σαμαρείας,
2992 1979 3084 2033 καὶ
3112 1977 3253 2031 κατὰ
3276 1976 3384 2029 τῶν
3415 1974 3583 2028 ἐθνῶν
3605 1975 3715 2026 Δα-

2122 2079 2358 2156 μασκοῦ,
2408 2078 2610 2149 Γάζης,
2659 2074 3022 2138 Ἀσκάλωνος,
3091 2069 3348 2134 Ἀζώτου,
3399 2067 3712 2138 ’Δκκαρων,

2118 2174 2316 2247 Τύρου,
2351 2169 2675 2240 Ἰδουμαίας,
2704 2166 2943 2237 Θαιμὰν,
2969 2164 3104 2217 υίῶν
3142 2159 3368 2232 ’Λμμὼν
3388 2161 3481 2213 καὶ
3508 2159 3710 2214 Μωάϐ.

2115 2266 2230 2322 Καὶ
2285 2257 2439 2326 οὗτος
2473 2260 2686 2330 ἐλέγχει
2717 2259 2813 2312 καὶ
2863 2256 3137 2326 συγκλείει
3183 2254 3390 2316 πάντας
3428 2255 3506 2314 είς
3551 2251 3718 2304 ἀπεί-

2120 2357 2294 2410 θειαν.
2338 2351 2498 2408 Ἀλλὰ
2553 2351 2648 2405 καὶ
2695 2348 2956 2420 Ἀμασίου
2989 2345 3084 2400 τοῦ
3121 2345 3312 2417 ίερέως
3351 2341 3572 2412 Βαιοὴλ,
3596 2341 3719 2394 δια-

2121 2449 2405 2510 ϐάλλοντος
2451 2444 2617 2501 αὐτὸν
2668 2441 2748 2512 τῷ
2793 2438 3006 2510 βασιλεῖ
3041 2435 3345 2507 Ἱεροϐοὰμ,
3374 2433 3450 2496 ὡς
3480 2432 3717 2500 λέγοντα

2119 2539 2240 2594 κατ’
2279 2534 2444 2591 αὑτοῦ
2506 2533 2601 2587 καὶ¹
2644 2529 2785 2585 κατὰ
2825 2531 2922 2600 τῆς
2954 2525 3287 2598 Σαμαρείας,
3319 2523 3413 2576 καὶ
3448 2521 3590 2575 κατὰ.
3619 2515 3717 2573 τοῦ

2119 2629 2272 2696 λαοῦ,
2307 2627 2469 2690 αὐτὸς
2500 2625 2652 2680 οὐδὲν
2691 2618 2854 2693 ἦττον
2880 2621 2983 2673 οὐκ
3025 2617 3301 2672 ἐπαύσατο
3335 2612 3720 2687 παρρησιαζό-

2124 2739 2303 2795 μενος,
2334 2719 2428 2772 καὶ
2458 2717 2633 2785 λέγων
2660 2713 2730 2767 τὰ
2763 2712 2951 2782 λόγια,
2985 2708 3082 2764 καὶ
3115 2707 3246 2779 περὶ
3276 2707 3376 2776 τῆς
3409 2703 3720 2774 παρουσίας

2121 2815 2214 2870 τοῦ
2241 2813 2513 2884 Σωτῆρος.

2727 2896 3007 2968 Μιχαίας,
3039 2900 3110 2965 7‘.

2192 2999 2285 3056 28.
2316 2989 2485 3060 Οὗτος
2526 2991 2778 3063 δεύτερος
2829 2988 2928 3060 μὲν
2972 2985 3080 3039 τῶν
3112 2980 3528 3055 προειρημένων
3557 2977 3725 3048 γέγο-

2127 3111 2216 3148 νεν
2241 3110 2255 3123 ο
2288 3092 2370 3144 ὅτι
2408 3085 2550 3161 μετὰ
2591 3083 2773 3148 Ὀζίαν
2832 3079 3211 3151 προεφήτευσε
3232 3091 3245 3103 ·
3286 3072 3636 3143 συνεχρόνισε
3661 3068 3724 3123 δὲ

2125 3187 2333 3249 αὐτοῖς,
2361 3182 2485 3236 ἐπεὶ
2518 3180 2612 3233 καὶ
2645 3177 2808 3240 αὐτὸς
2841 3174 2935 3227 ἐπὶ
2980 3169 3239 3240 Ἰωαθάμ.
3268 3167 3360 3222 καὶ
3404 3165 3592 3249 ’Λχὰζζ
3624 3163 3727 3216 καὶ

2138 3241 2400 3341 Ἐζεκίου,
2462 3271 2666 3345 ἤρξατο
2727 3265 3113 3338 προφητεύειν.
3183 3259 3431 3330 Ἐγένετο
3457 3241 3520 3310 δὲ
3557 3255 3724 3324 λόγος

2126 3370 2262 3443 πρὸς
2296 3367 2455 3422 αὐτὸν
2489 3363 2582 3417 τοῦ
2618 3361 2850 3434 Κυρίου,
2886 3358 2981 3411 καὶ
3014 3351 3346 3427 προφητεύει
3380 3350 3472 3402 ἐπὶ
3517 3350 3723 3419 Ἰερου-

2129 3439 2330 3532 σαλὴμ,
2366 3457 2462 3512 καὶ
2487 3455 2827 3528 Σαμάρειαν,
2861 3450 2955 3503 καὶ
2985 3449 3076 3502 ἐπὶ
3113 3448 3237 3508 τοὺς
3269 3443 3558 3514 προφήτας
3592 3439 3727 3502 τοὺς

2125 3531 2441 3613 πλανῶντας
2470 3549 2559 3602 τὸν
2585 3548 2732 3610 λαὸν,
2789 3542 2884 3597 καὶ
2916 3539 3057 3594 κατὰ
3095 3537 3190 3590 τοῦ
3235 3532 3460 3606 ’Λχαά6.
3500 3531 3725 3600 Προση-

2129 3648 2308 3720 μαίνει
2354 3644 2410 3697 δὲ
2469 3643 2561 3696 καὶ
2593 3639 2692 3711 τὴν
2733 3635 3035 3708 παρουσίαν
3063 3629 3155 3684 τοῦ
3196 3629 3467 3698 Σωτῆρος,
3497 3624 3673 3690 λέγων
3699 3639 3715 3651 ο

2131 3713 2149 3793 ἓ
2203 3740 2290 3792 Ἐν
2318 3740 2438 3800 ταῖς
2480 3735 2737 3805 ἐσχάταις
2784 3729 3018 3800 ἡμέραις
3045 3722 3284 3795 ἐμφανὲς
3328 3719 3479 3771 ἔσται
3502 3715 3563 3768 τὸ
3591 3713 3728 3788 ὅρος

2127 3831 2356 3902 Κυρίου.
2403 3847 2420 3878 ›

2533 3916 2698 3985 Ἰωὴλ
2749 3916 2781 3967 ὁ
2802 3911 2909 3966 τοῦ
2948 3907 3251 3974 Βαθουὴλ,
3276 3904 3345 3959 δ’.

2127 4072 2130 4075 ,
2195 4015 2285 4070 29.
2322 4013 2495 4080 Λόγος
2521 4008 2728 4078 Κυρίου
2761 4004 2979 4073 ἐγένετο
3007 3999 3141 4070 πρὸς
3162 3997 3366 4060 τοῦτον,
3392 3993 3485 4048 καὶ
3507 4009 3727 4064 προφη-

2125 4109 2274 4164 τεύει
2327 4108 2440 4169 τοῖς
2473 4097 2872 4174 πρεσϐυτέροις
2927 4094 3021 4148 καὶ
3067 4094 3202 4145 πᾶσι
3241 4092 3356 4152 τοῖς
3400 4084 3726 4142 κατοικοῦσι

2126 4203 2224 4275 τὴν
2248 4201 2353 4272 γῆν
2381 4200 2510 4268 περὶ
2542 4197 2640 4267 τῆς
2668 4190 2923 4252 ἁλώσεως
2943 4189 3040 4258 τῆς
3071 4186 3175 4256 γῆς
3207 4183 3302 4235 καὶ
3329 4181 3436 4233 τῶν
3469 4181 3526 4232 ὲν
3554 4179 3723 4248 αὐτῇ.

2128 4272 2470 4370 Προφητεύει
2509 4291 2567 4343 δὲ
2618 4288 2714 4341 κα)⁹
2759 4285 2888 4357 περὶ
2931 4282 3031 4351 τῆς
3073 4277 3168 4330 τοῦ
3207 4275 3362 4344 ἁγίου
3402 4272 3730 4340 Πνεύματος

437 4371 493 4416 et
524 4378 612 4424 ea,
656 4379 778 4432 quae
810 4379 906 4432 per
937 4362 1274 4418 Salvatorem
1311 4363 1368 4418 in
1416 4378 1607 4418 omnes
1649 4362 1837 4418 futura
1881 4372 2017 4420 erat.

2130 4361 2373 4460 χάριτος,
2426 4382 2519 4434 καὶ
2577 4378 2678 4448 τῆς
2724 4376 2804 4437 είς
2853 4373 3060 4431 πάντας
3087 4364 3458 4437 γενησομένης
3488 4362 3594 4415 ὑπὸ
3625 4361 3727 4414 τοῦ

439 4451 711 4549 ξτπίίὶοει
761 4454 890 4508 item
954 4453 1023 4509 de
1070 4454 1283 4525 jejunio
1341 4461 1398 4510 et
1451 4453 1795 4526 poenitentia,
1847 4454 2017 4524 deque

2130 4451 2403 4549 Σωτῆρος.
2438 4470 2716 4541 Κηρύττει
2758 4467 2815 4519 δὲ
2844 4465 2938 4518 καὶ
2971 4463 3101 4532 περὶ
3129 4458 3385 4530 νηστείας
3416 4454 3510 4508 καὶ
3551 4469 3731 4524 μετα-

440 4542 746 4600 Salvatoris
775 4544 1035 4615 adventu,
1057 4557 1111 4603 et
1135 4546 1203 4603 de
1228 4547 1403 4620 signis
1424 4561 1548 4618 quae
1572 4547 1625 4600 in
1647 4560 1813 4600 cruce
1842 4545 2028 4600 futura

439 4645 621 4695 erant.

972 4757 1197 4824 Abdias,
1249 4760 1485 4829 quintus.

511 4847 602 4903 30.
629 4847 909 4904 Visionem
946 4851 1052 4906 iste
1081 4853 1372 4906 annuntiat
1401 4856 1595 4905 contra
1621 4847 1936 4911 ldummam,
1973 4853 2028 4903 et

444 4938 603 4994 linem
643 4939 790 5009 'ejus,
817 4947 871 4996 et
919 4951 1113 4997 contra
1147 4950 1356 5014 gentes,
1384 4958 1508 5014 quae
1554 4939 1740 4997 lsraeii
1788 4939 2026 4994 insulta-

444 5037 588 5085 rant.
627 5029 881 5086 Prredicit
923 5035 1073 5088 enim
1133 5034 1401 5103 futurum,
1443 5042 1504 5088 ut
1553 5031 1752 5088 domus
1798 5029 1944 5087 Esau
1996 5046 2029 5087 a

440 5121 613 5180 Jacob
643 5124 913 5180 deleatur.

1031 5216 1220 5284 Jonas,
1252 5231 1451 5275 sextus.

514 5327 604 5382 51.
636 5327 718 5384 Ad
750 5329 900 5386 hunc
934 5332 1137 5388 factum
1175 5347 1258 5391 est
1291 5339 1520 5394 verbum
1555 5337 1796 5406 Domini,
1838 5345 1898 5392 ut
1927 5333 2026 5392 ab-

446 5417 555 5470 iret
582 5418 635 5471 in
683 5418 942 5488 Niniven,
977 5424 1166 5497 ibique
1213 5428 1540 5499 praedicaret
1580 5448 1594 5486 :
1637 5450 1655 5484 ι
1693 5430 1889 5486 Adhuc
1916 5438 2028 5486 tres

518 5569 566 5602 ⁸⁸
600 5570 763 5627 Mieh.
804 5591 876 5638 IV,
915 5577 966 5631 1.

521 5699 542 5722 ‘
579 5698 721 5771 Lege
741 5701 835 5755 ὲπὶ
857 5703 984 5767 τούς

2129 4544 2301 4635 νοίας,
2333 4569 2428 4622 καὶ
2456 4567 2584 4638 περὶ
2606 4562 2706 4632 τῆς
2726 4557 2816 4614 τοῦ
2845 4551 3097 4626 Σωτῆρος
3131 4549 3454 4624 παρουσίας,
3482 4546 3578 4600 καὶ
3611 4544 3730 4598 τῶν

2132 4668 2225 4722 ἐπὶ
2253 4667 2347 4719 τού
2381 4660 2615 4733 σταυροῦ
2643 4656 2950 4728 γενομένων
2976 4649 3239 4722 σημείων.

2775 4745 3019 4810 Ἀϐδιοῦ,
3051 4749 3116 4797 ε’.

2163 4855 2286 4926 ‘50.
2328 4855 2554 4926 Ὄρασιν
2577 4841 2905 4913 ἀπαγγέλλει
2929 4832 3080 4899 οὗτος
3113 4831 3252 4888 κατὰ
3277 4830 3378 4901 τῆς
3418 4825 3731 4896 Ἰδουμαίας

2134 4928 2226 5006 καὶ
2260 4947 2352 5002 τοῦ
2386 4945 2572 5006 τέλους
2609 4939 2798 5010 αὐτῆς,
2831 4935 2926 4988 καὶ
2959 4929 3099 4984 κατὰ
3128 4926 3239 4980 τῶν
3264 4922 3431 4978 ἐθνῶν
3468 4921 3580 4974 τῶν
3623 4922 3733 4989 ὲμ-

2135 5039 2580 5115 παροινησάντων
2603 5032 2680 5103 τῷ
2719 5025 2955 5100 Ἰσραήλ.
2993 5014 3461 5088 ’Λναλωθήσεσθαι
3485 5013 3598 5084 γάρ
3632 5011 3732 5066 τὸν

2135 5133 2284 5192 οἷκον
2327 5130 2496 5187 Ἢσαῦ
2529 5127 2633 5182 ὑπὸ
2672 5123 2766 5178 τοῦ
2805 5117 3000 5174 Ἰακὼὸ
3027 5111 3412 5188 προσημαίνει.

2771 5211 2994 5276 Ἰωνᾶς,
3035 5214 3108 5273 ς’.

2211 5323 2299 5380 51.
2325 5319 2497 5388 Λόγος
2523 5311 2731 5384 Κυρίου
2763 5306 2980 5377 ἐγένετο
3013 5301 3150 5377 πρὸς
3181 5298 3344 5353 αὑτὸν
3369 5295 3629 5351 ἀπελθεῖν
3644 5294 3731 5357 είς

2140 5415 2349 5486 Νινευῒ,
2377 5385 2473 5470 καὶ
2503 5403 2738 5480 κηρύξαι
2766 5402 2824 5456 ὲν
2851 5398 3011 5468 αὐτῇ,
3042 5396 3122 5448 ὅτι
3148 5411 3167 5444 ι
3197 5392 3319 5446 Ἔτι
3347 5390 3494 5462 τρεῖς
3518 5385 3730 5459 ἡμέραι
