3880 6186
180 195 282 252 361

1270 198 1605 258 SYNOPSIS
1645 199 2065 259 SCRIPTUBE
2107 204 2380 262 ΞΑΩΒΑΕ.

3351 214 3460 272 363

175 315 277 368 καὶ
323 317 837 388 καταστραφήσεται
895 315 1103 371 Νινευῖ.
1153 333 1172 369 ι
1219 315 1361 369 Ἀλλ’
1405 318 1611 384 Ἰωνᾶς,
1643 317 1765 389 φεύ-

1876 321 1993 378 dies
2022 330 2076 378 et
2104 323 2300 379 Ninive
2339 325 2693 382 subvertetur
2720 327 2788 381 δ’.
2830 347 2848 381 ι
2906 326 3014 385 Sed
3043 327 3213 386 Jonas
3255 332 3453 402 praedi-

176 419 293 474 γων
343 403 408 457 τὺ
459 406 743 477 κήρυγμα,
800 404 967 478 ἀνέϐη
1020 408 1102 470 είς
1162 406 1367 471 πλοῖον,
1406 408 1678 479 χειμῶνός
1711 425 1772 462 τε

177 497 503 567 γενομένου,
558 497 846 569 ἐξεϐλήθη,
876 498 971 552 καὶ
1007 498 1283 569 κατεπόθη
1310 500 1415 553 ὑπὸ
1443 501 1644 571 κήτους
1677 501 1774 554 Θα-

173 587 430 642 λασσίου.
493 586 628 643 Εἶτα
686 589 824 661 μετὰ
860 592 1012 661 τρεῖς
1040 591 1254 663 ἡμέρας
1281 591 1502 657 ἐξέϐαλε
1522 594 1584 647 τὸ
1609 594 1776 665 κῆτος

174 678 269 731 τὸν
302 680 491 732 Ἰωνᾶν
508 679 702 744 ζῶντα.
730 682 837 735 Καὶ
856 682 1015 736 πάλιν
1039 686 1103 737 ὲκ
1121 684 1371 756 δευτέρου
1397 684 1551 753 λόγος
1568 685 1772 756 Κυρίου

175 768 400 837 ἐγένετο
425 770 561 842 πρὸς
597 772 782 835 αὐτὸν,
837 775 930 827 καὶ
977 774 1225 830 ἀπελθὼν
1259 776 1525 847 ἐκήρυξεν
1557 776 1638 840 είς
1674 775 1772 847 τὴν

172 862 387 916 Νινευῖ.
432 864 662 917 Ἐκεῖνοί
706 883 789 925 τε,
851 867 1206 935 ἀκούσαντες,
1261 868 1622 939 μετενόησαν,
1678 869 1772 922 καὶ

171 953 475 1023 παρήγαγε
526 954 731 1026 Κύριος
758 956 859 1028 τὴν
889 958 1059 1031 ὀργὴν
1088 959 1182 1014 ἀπ’
1205 958 1405 1013 αὐτῶν.
1444 960 1554 1031 Τῆς
1589 960 1771 1032 μέντοι

170 1046 482 1119 παρουσίας
505 1046 600 1099 τοῦ
629 1049 877 1119 Σωτῆρος
895 1054 1123 1121 σημεῖον
1159 1052 1323 1117 αὐτὸς
1348 1052 1407 1119 ἐξ
1443 1051 1620 1122 ἔργων
1651 1053 1773 1120 ὲγέι·

168 1155 315 1199 νετο,
367 1138 700 1203 κατα-ποθεὶς
754 1141 859 1193 ὑπὸ
912 1142 1009 1195 τοῦ
1057 1145 1280 1216 κήτους,
1319 1145 1415 1198 καὶ
1446 1144 1587 1216 μετὰ
1618 1146 1770 1216 τρεῖς

169 1229 394 1301 ⁴ἡμέρας
425 1230 563 1294 σῶος
588 1232 752 1286 πάλιν
786 1233 1048 1298 ὲκδοθείς.

500 1346 706 1417 Ναοὺμ
744 1350 778 1402 ὁ
823 1348 932 1404 τοῦ
980 1350 1353 1416 Ἐλκεσαίου,
1384 1349 1447 1412 ζ’.

240 1458 337 1513 52.
374 1460 587 1531 Λῆμμα
643 1461 772 1534 περὶ
828 1463 931 1535 τῆς
989 1465 1269 1532 ἀπωλείας
1295 1466 1524 1533 ξΝινευῒ,
1566 1466 1769 1538 βιϐλίον

167 1551 423 1624 ὁράσεως
476 1554 811 1626 προφητεύει
863 1558 892 1609 ό
936 1557 1209 1622 τοιοῦτος·
1251 1560 1348 1613 καὶ⁹
1381 1558 1641 1632 κηρύττει
1669 1562 1769 1631 μὲν

102 1666 109 1671 ε
168 1645 265 1697 καὶ
300 1646 436 1717 περὶ
471 1647 700 1718 ἑορτῆς·
733 1650 1101 1721 προσημαίνει
1133 1651 1192 1704 δὲ
1224 1652 1282 1704 ὲν
1314 1653 1451 1724 αὐτῇ
1499 1652 1630 1723 περὶ
1672 1651 1767 1705 τοῦ
1798 1690 1841 1745 Β

166 1738 449 1809 Σωτῆρος.
496 1740 608 1792 Καὶ
640 1739 709 1793 τὰ
734 1740 897 1795 λοιπὰ
935 1742 1111 1796 πάντα
1142 1744 1283 1799 κατὰ
1314 1745 1414 1816 τῆς
1443 1742 1631 1798 Νινευῒ
1671 1745 1766 1798 καὶ

167 1822 263 1876 τοῦ
296 1824 489 1888 τέλους
509 1826 679 1898 αὐτῆς
705 1828 798 1881 κα)⁵
826 1828 936 1881 τῶν
966 1830 1177 1902 ἐχθρῶν
1205 1834 1299 1886 τοῦ
1344 1834 1561 1906 Ἰσραὴλ
1586 1835 1767 1904 ἀπαγ-

169 1916 377 1986 γέλλει.

748 2034 1100 2108 Ἀμϐακοὺμ,
1138 2043 1213 2105 η’.

235 2145 333 2201 33.
375 2147 591 2220 Λῆμμα
616 2151 712 2207 καὶ
736 2153 901 2217 αὐτὸς
925 2150 1055 2219 εἶδε,
1084 2154 1179 2207 καὶ
1202 2124 1770 2228 προφητεύειξδεόμε-

168 2256 256 2304 νος
284 2239 389 2311 μὲν
417 2242 553 2313 περὶ
598 2243 698 2314 τῆς
753 2243 1008 2311 ἁλώσεως
1048 2247 1148 2317 τῆς
1211 2248 1595 2320 Ἰερουσαλήμ·
1636 2265 1768 2318 προ-

168 2329 461 2399 σημαίνων
487 2331 546 2385 δὲ
574 2334 703 2405 περὶ⁵
729 2337 828 2407 τῆς
850 2338 1155 2409 παρουσίας
1182 2338 1277 2393 τοῦ
1305 2341 1575 2413 Σωτῆρος.
1602 2340 1767 2409 Λέγει

165 2419 222 2473 δὲ
266 2420 367 2474 καὶ
406 2425 745 2495 προφητεύει
794 2428 936 2482 κατὰ
992 2431 1102 2484 τῶν
1148 2433 1596 2504 καταφρονητῶν.
1633 2428 1768 2487 Εἶτα
1808 2463 1811 2466 ι

170 2511 377 2581 μεταξύ
414 2514 536 2567 ἐστι
567 2517 845 2589 προσευχὴ
878 2518 972 2572 τοῦ
1009 2522 1289 2592 προφήτου
1326 2522 1445 2592 μετ’
1471 2521 1637 2592 ᾠδῆς,
1672 2523 1768 2576 καὶ

165 2600 296 2674 τρία
316 2603 677 2676 διαψάλματά
707 2609 858 2664 ἐστιν
890 2610 948 2663 ἐν
972 2614 1041 2682 τῇ
1071 2610 1345 2686 λεγομένῃ
1386 2611 1520 2684 ᾠδῇ,
1549 2613 1768 2684 ᾄδοντος

166 2692 334 2747 αὐτοῦ
362 2696 497 2767 περὶ
528 2698 628 2769 τῆς
657 2700 960 2770 παρουσίας
988 2701 1083 2755 τοῦ
1108 2703 1490 2774 Σωτῆρος,καὶ
1506 2704 1604 2774 τῆς
1623 2703 1768 2759 κατὰ

165 2785 259 2839 τοῦ
281 2786 521 2842 θανάτου
563 2791 743 2862 νίκης.

543 2905 842 2972 Σοφονίας
877 2909 912 2961 ό
943 2907 1052 2961 τοῦ
1078 2907 1291 2973 Χουσὶ,
1316 2911 1385 2964 θ’.

1876 414 2148 470 cationem
2193 416 2336 470 hanc
2368 416 2605 488 fugiens,
2636 433 2831 474 navem
2874 422 3214 486 conscendit,
3251 437 3316 478 ex
3346 440 3454 481 οιιτι

1875 514 2088 575 postea.
2126 508 2320 561 oborta
2344 516 2667 579 tempestate
2698 510 2927 581 eiectus,
2955 520 3010 567 et
3039 528 3068 566 a
3098 520 3220 569 ceto
3239 517 3455 570 marino

1874 597 2172 657 devoratus
2197 609 2299 656 est.
2326 601 2457 658 Post
2486 610 2599 660 tres
2626 607 2958 664 autem'dies
2990 608 3151 679 ejecit
3179 619 3336 665 cetus
3365 608 3453 665 Jo-

1873 707 2000 746 nam
2027 694 2322 750 viventem.
2370 697 2549 769 Atque
2598 699 2674 754 ita
2720 701 2966 757 secundo
3014 701 3216 757 factum
3260 712 3345 761 est
3385 706 3452 760 ad

1875 800 2000 839 eum
2042 790 2264 842 verbum
2306 789 2547 856 Domini,
2584 802 2636 848 et
2665 794 2799 847 abiit
2837 801 2892 848 et
2922 795 3239 865 praedicavit
3272 798 3329 852 in
3358 797 3454 852 Ni—

1874 879 2017 932 nive.
2068 877 2172 944 Illi,
2202 879 2390 935 audita
2444 883 2547 936 hac
2588 883 2978 954 praedicatione
3007 928 3022 953 ,
3052 889 3452 957 {paenitentiam

1876 980 2128 1034 egerunt,
2163 980 2219 1027 et
2267 975 2470 1029 amovit
2512 976 2581 1030 ab
2628 977 2737 1031 illis
2786 976 3050 1036 Dominus
3084 979 3221 1034 iram
3270 997 3449 1038 suam.

1875 1062 2159 1119 Adventus
2196 1064 2410 1120 Domini
2455 1069 2670 1139 signum
2704 1070 2822 1140 ipse
2861 1087 2929 1126 ex
2968 1073 3133 1128 rebus
3177 1072 3313 1144 ipsis
3370 1073 3454 1129 fa-

1875 1163 2002 1209 ctus
2038 1166 2144 1221 est,
2180 1157 2473 1215 devoratus
2508 1176 2537 1214 a
2579 1172 2721 1227 ceto,
2758 1171 2810 1218 et
2841 1171 2965 1233 post
2996 1166 3240 1222 triduum
3268 1169 3454 1227 salvus

1873 1248 2139 1304 redditus.
3030 1276 3031 1281 ‘

2264 1363 2482 1419 Nahum
2517 1364 2760 1432 Elcesazi,
2793 1371 3061 1438 septimus.

1944 1477 2034 1533 52.
2065 1476 2220 1535 Onus
2263 1480 2331 1535 de
2373 1481 2683 1551 perditione
2725 1482 2938 1546 Ninive.
2976 1486 3177 1542 librum
3220 1489 3452 1547 visionis

1871 1572 2163 1642 prOpbetat
2208 1574 2313 1629 iste
2339 1593 2351 1628 :
2381 1583 2435 1628 et
2474 1575 2734 1644 pradicat
2772 1576 2993 1649 quidem
3019 1579 3087 1634 de
3122 1579 3263 1637 festo
3295 1599 3335 1637 ιι
3356 1598 3452 1639 ve-

1872 1680 1995 1718 rum
2022 1666 2186 1720 simul
2209 1666 2265 1720 in
2298 1666 2415 1736 ipsa
2442 1666 2510 1722 de
2543 1666 2825 1724 Salvatore
2847 1672 3194 1740 praenuntiat.
3228 1672 3294 1728 Et
3321 1677 3449 1730 reli-

1872 1770 1982 1825 qua
2015 1759 2199 1810 omnia
2239 1764 2432 1836 contra
2457 1756 2693 1813 Niniven
2738 1767 2889 1831 sunt,
2920 1769 2975 1817 et
2997 1760 3161 1819 ﬁnem
3191 1763 3366 1835 ipsius
3394 1774 3451 1824 et

1872 1845 2224 1903 inimicorum
2257 1848 2478 1905 Israelis
2503 1850 2815 1925 denuntiat.

2365 2024 2682 2095 Ambacum,
2722 2038 2954 2085 octavus.

1944 2141 2033 2202 5'5.
2060 2143 2212 2201 Onus
2246 2152 2301 2199 et
2325 2144 2417 2199 hic
2448 2144 2586 2200 vidit
2613 2154 2668 2198 et
2692 2145 3003 2217 prophetat,
3041 2144 3109 2201 de
3133 2146 3452 2218 captivitate

1874 2236 2093 2306 quidem
2126 2234 2481 2307 Jerosolymae
2514 2246 2795 2308 precatus,
2824 2238 2891 2292 de
2917 2238 3156 2295 adventu
3179 2239 3305 2295 item
3331 2237 3455 2295 Sal-

1871 2327 2080 2382 vatoris
2123 2325 2530 2397 praenuntiavit.
2560 2325 2839 2381 lnvchitur
2869 2335 3051 2382 autem
3084 2335 3139 2383 et
3163 2329 3453 2399 praphetat

1873 2424 2065 2472 contra
2097 2425 2522 2486 contemptores.
2554 2415 2760 2473 Deinde
2790 2418 3020 2473 habetur
3050 2420 3296 2489 precatio
3322 2436 3452 2490 pro-

1872 2509 2049 2581 phetae
2082 2524 2207 2565 cum
2240 2510 2483 2572 cantico,
2530 2510 2587 2563 in
2621 2525 2731 2580 quo
2770 2511 2877 2565 tria
2907 2519 3037 2567 sunt
3066 2512 3446 2583 diapsalmata,

1870 2610 2099 2656 canente
2125 2600 2390 2672 propheta
2408 2600 2477 2656 de
2505 2601 2740 2656 adventu
2764 2599 3088 2670 Salvatoris,
3111 2611 3167 2659 et
3189 2605 3258 2661 de
3276 2606 3452 2660 victo-

1872 2692 1952 2746 ria
1977 2693 2046 2748 de
2079 2702 2254 2748 morte
2282 2692 2635 2763 reportanda.

2211 2917 2508 2988 Sophonias
2537 2919 2683 2989 ﬁlius
2713 2918 2895 2986 Clzusi,
2925 2937 3113 2976 nonus.

234 3017 327 3073 '54.
368 3010 547 3083 Οὗτος
598 3019 695 3073 καὶ
741 3019 1013 3092 Ἱερεμίας
1064 3023 1449 3095 συνεχρόνισαν
1490 3023 1760 3095 ἀλλήλοις.

1943 3029 2036 3085 34.
2065 3029 2167 3086 Hic
2187 3039 2241 3087 et
2267 3029 2571 3088 Hieremias
2590 3034 3032 3104 contemporanei
3048 3033 3291 3091 fuerunt.
3314 3035 3448 3090 Nam

177 3108 513 3183 Ἀμφότεροι
567 3110 679 3184 γὰρ
716 3112 808 3164 ἐπὶ
861 3112 957 3165 τοῦ
1020 3113 1226 3167 Ἰωσίου
1270 3113 1536 3184 βασιλέως
1599 3115 1770 3170 Ἰούδα

165 3200 613 3273 ἐπροφήτευσαν.
651 3201 821 3270 Λόγος
853 3200 910 3255 δὲ
939 3202 1146 3274 Κυρίου
1176 3202 1392 3270 ἐγένετο
1418 3201 1554 3276 πρὸς
1582 3203 1766 3269 αὐτὸν,

164 3295 261 3347 καὶ
290 3293 636 3364 προφητεύει
661 3295 721 3346 ὲν
742 3297 808 3365 τῇ
839 3293 1193 3364 Ἰερουσαλὴμ
1212 3332 1226 3357 ,
1248 3293 1343 3347 καὶ
1368 3295 1533 3347 παντὶ
1556 3295 1727 3367 Ἰούδᾳ
1750 3311 1764 3326 ’

166 3381 262 3435 καὶ
292 3381 560 3453 προλέγει
592 3382 724 3452 περὶ
746 3380 964 3452 ἡμέρας
990 3382 1277 3455 ἐσομένης,
1303 3382 1446 3435 ὥστε
1475 3383 1769 3456 ὲξαρθῆναι

167 3475 349 3528 πάντα
394 3473 469 3526 τὰ
521 3472 740 3538 εἴδωλα,
778 3475 872 3527 καὶ
904 3474 971 3527 τὰ
997 3473 1157 3547 ἄλση,
1195 3476 1292 3530 καὶ
1329 3475 1495 3530 πολὺν
1547 3475 1765 3548 θρῆνον,

165 3567 262 3620 καὶ
311 3565 550 3618 κοπετὸν
594 3564 859 3634 γίνεσθαι.
896 3565 1238 3638 Προφητεύει
1263 3566 1322 3619 δὲ
1361 3569 1457 3621 καὶ
1510 3568 1641 3640 περὶ
1672 3567 1765 3621 τοῦ

165 3654 449 3727 Σωτῆρος,
509 3655 608 3709 καὶ
659 3655 759 3727 τῆς
800 3656 1173 3721 ἀναστάσεως,
1210 3658 1275 3728 ἢν
1312 3657 1381 3712 δι’
1416 3660 1565 3730 ἡμᾶς
1596 3661 1763 3714 ποιεῖ.

164 3745 515 3818 Προφητεύει
557 3745 616 3799 δὲ
665 3746 762 3800 καὶ
812 3747 953 3800 κατὰ
1000 3746 1201 3818 Γάζης,
1256 3749 1352 3803 καὶ
1403 3749 1764 3814 Ἀσκάλωνος.

165 3839 261 3892 καὶ
326 3837 592 3904 ’Δζὼτου,
643 3839 741 3893 καὶ
783 3842 884 3911 τῆς
917 3840 1224 3913 ’Δκκαρὼν,
1270 3841 1534 3897 καὶκατὰ
1562 3841 1763 3909 Μωὰὸ,

167 3931 263 3984 καὶ
305 3929 563 4003 ’Δμμὼν,
595 3932 690 3985 καὶ
720 3930 864 3986 κατὰ
893 3931 1211 4003 Δαμασκοῦ,
1240 3936 1335 3987 καὶ
1361 3933 1505 3989 κατὰ
1552 3933 1762 4003 Naevi,

167 4024 261 4076 καὶ
280 4024 430 4078 κατά
456 4023 568 4078 τῶν
597 4024 897 4080 Αἰθιόπων.

750 4139 1013 4211 Ἀγγαῖος
1025 4182 1041 4208 ,
1098 4147 1154 4194 ι’.
1396 4195 1404 4203 .

229 4252 324 4309 35.
358 4248 534 4317 Οὗτος
579 4253 720 4324 μετὰ
763 4255 862 4327 τὴν
908 4254 1288 4327 αἰχμαλωσίαν
1324 4255 1382 4308 ὲν
1420 4256 1487 4325 τῇ
1519 4253 1761 4324 ἐπανόδῳ

1872 3132 2103 3194 uterque
2133 3124 2240 3180 sub
2268 3122 2421 3180 Josia
2458 3139 2586 3192 rege
2627 3122 2766 3179 Juda
2809 3125 3175 3196 prophetavit.
3220 3125 3450 3182 Factum

1870 3228 1957 3276 est
1986 3229 2170 3277 autem
2201 3220 2271 3276 ad
2304 3236 2429 3276 eum
2467 3223 2693 3277 verbum
2723 3220 2963 3288 Domini,
3007 3231 3063 3277 et
3105 3222 3450 3293 prophetavit

1869 3313 1927 3370 in
1959 3311 2283 3379 Jerusalem,
2314 3323 2370 3370 et
2399 3314 2547 3369 omni
2574 3310 2714 3369 Juda
2745 3333 2760 3369 :
2792 3314 3150 3385 praedixitque
3192 3314 3358 3377 diem,
3392 3314 3457 3368 in

1869 3420 1980 3476 quo
2013 3405 2253 3461 tollenda
2284 3414 2471 3462 essent
2499 3406 2685 3461 omnia
2728 3406 2896 3464 idola.
2938 3413 2993 3460 et
3021 3419 3266 3471 nemora,
3302 3405 3449 3458 futu-

1870 3513 2076 3568 rusque
2104 3506 2253 3553 esset
2296 3495 2456 3552 ﬂetus
2487 3497 2690 3552 multus
2717 3511 2781 3552 ac
2816 3497 2972 3567 127
3003 3498 3274 3567 planctus.
3309 3496 3448 3550 Pro-

1868 3589 2058 3661 phetat
2083 3596 2265 3644 autem
2294 3597 2348 3645 et
2376 3590 2444 3645 de
2486 3587 2797 3653 Salvatore,
2827 3596 2882 3644 et
2919 3589 2988 3645 de
3017 3589 3444 3652 resurrectione,

1869 3696 1976 3752 qua
2008 3681 2185 3736 nostri
2236 3682 2411 3752 gratia
2451 3685 2775 3738 resurrexit.
2821 3681 3023 3739 Deinde
3068 3684 3361 3754 prophetat
3394 3693 3449 3740 ct

1868 3780 2059 3827 contra
2088 3772 2311 3837 Gazam,
2347 3780 2401 3828 et
2432 3773 2780 3837 Ascalonem,
2821 3781 2876 3830 et
2904 3774 3156 3839 Azotum,
3191 3781 3244 3830 et
3269 3776 3446 3829 Acca-

1865 3879 2078 3929 ronem,
2104 3872 2158 3920 et
2177 3873 2370 3922 contra
2391 3867 2567 3930 Moab,
2590 3875 2646 3922 et
2665 3868 2918 3934 Ammon,
2937 3877 2992 3925 et
3008 3871 3361 3936 Damascum,
3391 3879 3448 3927 et

1865 3955 2120 4023 Niniven,
2146 3966 2195 4011 et
2226 3956 2534 4028 Ethiopas.

2396 4131 2647 4204 Aggwus,
2669 4133 2924 4195 decimus.

1933 4250 2024 4306 55.
2074 4246 2175 4304 Hic
2229 4259 2355 4321 post
2418 4250 2789 4321 captivitatem
2851 4250 3088 4304 solutam
3144 4249 3202 4304 in
3258 4249 3442 4305 reditu

166 4345 508 4418 προφητεύει
531 4347 589 4400 ὲν
616 4348 682 4418 τῇ
726 4346 1083 4418 Ἰερουσαλὴμ
1112 4347 1205 4400 ὲπὶ
1234 4344 1459 4417 Δαρείου
1495 4343 1758 4415 βασιλέως

1876 4342 2210 4414 praphetavit
2230 4341 2610 4414 Jerosolymis,
2644 4342 2750 4398 sub
2783 4340 2945 4397 Dario
2970 4356 3096 4413 rege
3123 4340 3441 4404 Persarum,

165 4439 421 4513 Περσῶν,
460 4439 508 4510 β’
539 4439 694 4504 ἔτους
728 4440 917 4507 αὑτοῦ,
957 4439 1038 4512 τῷ
1081 4440 1226 4510 ἕκτῳ
1270 4436 1421 4510 μηνὶ,
1456 4436 1613 4504 λόγος
1644 4436 1758 4489 Κυ-

166 4535 281 4607 ρίου
312 4535 541 4608 ὲγένετο
568 4536 628 4588 ἐν
660 4536 804 4608 χειρὶ
829 4532 1018 4598 αὐτοῦ,
1060 4533 1156 4587 καὶ
1190 4529 1520 4603 προφητεύει
1557 4528 1635 4601 τῷ
1660 4530 1760 4584 Ζο-

165 4602 425 4698 ροϐάϐεὶῖ,
472 4626 570 4679 καὶ
609 4602 692 4697 ei;
726 4602 901 4697 ’Ϊησοῦ
940 4625 1022 4697 τῷ
1061 4625 1328 4692 Ἰωσεδὲκ,
1364 4602 1461 4678 καὶ
1503 4622 1581 4694 τῷ
1621 4621 1756 4695 λαῷ,

166 4721 291 4792 περὶ
326 4718 432 4789 τῆς
471 4718 761 4790 οἰκοδομῆς
793 4720 893 4791 τῆς
925 4719 1304 4791 Ἰερουσαλήμ.
1336 4715 1681 4790 Προφητεύει
1703 4716 1760 4769 δὲ

165 4814 256 4866 καὶ
286 4815 423 4885 περὶ
454 4812 556 4884 τῆς
580 4811 966 4884 παρελεύσεως
986 4811 1095 4868 τῶν
1123 4810 1361 4871 οἰκείων,
1389 4809 1485 4862 καὶ
1509 4807 1761 4880 περὶτῆς

166 4904 412 4977 κλήσεως
446 4904 557 4959 τῶν
590 4903 777 4959 ἐθνῶν.

555 5018 858 5088 Ζαχαρίας
879 5020 1011 5086 υἱὸς
1050 5016 1247 5084 Ἇδὸὼ,
1282 5022 1376 5072 ια’.

235 5130 323 5186 56.
355 5132 473 5187 Καὶ
515 5126 671 5195 οὗτος
722 5131 797 5203 τῷ
836 5131 1076 5203 δευτέρῳ
1104 5130 1214 5185 ἔτει
1268 5130 1496 5204 Δαρείου
1544 5144 1759 5201 προφη-

168 5221 343 5276 τεύει*
389 5221 532 5275 ἀλλὰ
559 5220 638 5291 τῷ
682 5220 854 5291 ὀγδόῳ
899 5221 1030 5292 μην)¹
1076 5219 1233 5289 λόγος
1280 5217 1487 5290 Κυρίου
1542 5215 1758 5284 ἐγένετο

170 5314 306 5388 πρὸς
332 5315 498 5370 αὐτὸν
527 5314 623 5368 καὶ
654 5313 882 5383 ἄγγελος
916 5311 1121 5384 Κυρίου
1165 5311 1428 5383 ἐλάλησεν
1459 5307 1629 5379 αὐτῷ,
1661 5307 1756 5361 καὶ⁵

168 5406 503 5478 προφητεύει
555 5406 694 5476 πρὸς
739 5407 864 5469 τοὺς
908 5405 1157 5477 πατέρας
1201 5405 1295 5458 καὶ
1344 5402 1444 5475 τὴν
1489 5401 1758 5472 Ἰερουσα-

166 5496 298 5571 λήμ.
347 5497 565 5561 Πολλὰς
608 5496 665 5550 δὲ
710 5498 802 5551 καὶ
839 5497 1092 5560 ποικίλας
1135 5496 1357 5568 ὁράσεις
1401 5493 1609 5565 βλέπει,
1658 5491 1755 5548 καὶ

240 5680 286 5713 δ’
320 5677 453 5733 Jan.
493 5692 555 5730 ιιι
582 5716 598 5739 ,
631 5675 686 5730 4.

495 5767 769 5829 ΡΑτιιοι..
802 5768 918 5828 (in.
954 5763 1251 5827 XXVIII.

1866 4448 2012 4488 anno
2044 4434 2199 4504 regni
2229 4433 2378 4490 illius
2400 4433 2665 4495 secundo.
2694 4448 2884 4488 mense
2915 4441 3091 4497 sexto,
3127 4433 3330 4488 factum
3357 4440 3446 4489 est

1864 4525 1922 4580 in
1964 4541 2135 4582 manu
2174 4525 2298 4596 ejus
2325 4525 2551 4581 verbum
2598 4524 2835 4593 Domini,
2871 4532 2925 4581 et
2958 4525 3303 4597 pr0phetavit
3336 4525 3444 4581 Zo-

1862 4617 2134 4682 robabeli,
2174 4617 2328 4682 Iesu,
2389 4625 2444 4673 et
2492 4614 2725 4672 Josedec
2774 4632 2839 4673 ac
2885 4619 3111 4689 populo,
3152 4619 3219 4675 de
3271 4618 3445 4674 aditi.

1862 4711 2039 4766 canda
2082 4709 2479 4782 Hierosolyma.
2522 4709 2878 4782 Proplietavit
2928 4712 3095 4766 etiam
3132 4711 3199 4768 de
3245 4711 3439 4767 dereli-

1861 4806 2045 4861 ctione
2073 4802 2527 4867 domesticorum,
2558 4810 2612 4858 et
2657 4801 2727 4859 de
2747 4802 3039 4858 vocatione
3068 4805 3331 4874 gentium.

2139 4999 2434 5055 Zacharias
2459 5000 2606 5070 ﬁlius
2623 4998 2802 5063 Addo,
2833 4997 3156 5054 undecimus.

1932 5118 2022 5175 36.
2066 5104 2133 5173 Et
2166 5117 2257 5172 hic
2296 5116 2354 5171 in
2386 5114 2631 5172 secundo
2661 5130 2807 5170 anno
2852 5112 3001 5168 Darii
3050 5108 3435 5183 prophetam:

1860 5219 1917 5266 at
1961 5212 2018 5265 in
2072 5225 2259 5265 mense
2297 5217 2492 5266 octavo
2540 5207 2743 5261 factum
2794 5213 2878 5261 est
2922 5203 2991 5258 ad
3031 5218 3155 5258 eum
3211 5201 3441 5255 verbum

1859 5303 2098 5367 Domini,
2131 5310 2186 5358 et
2216 5302 2435 5356 locutus
2461 5306 2548 5356 est
2581 5299 2659 5353 illi
2691 5298 2922 5368 angelus
2954 5293 3196 5360 Domini,
3226 5300 3280 5347 et
3310 5307 3442 5363 pro-

1859 5393 2106 5467 phetavit
2148 5392 2215 5447 ad
2246 5400 2429 5462 patres
2462 5398 2518 5447 et
2557 5390 2626 5447 ad
2653 5387 2978 5445 Jerusalem.
3011 5385 3210 5440 Multas
3258 5398 3440 5440 autem

1857 5501 1924 5544 ac
1949 5484 2135 5543 varias
2156 5483 2400 5541 visiones
2420 5479 2559 5539 vidit
2609 5491 2660 5537 et
2691 5479 2759 5537 de
2784 5477 3068 5535 Salvatore
3094 5476 3285 5533 multis
3310 5490 3440 5549 pro-

3051 5745 3126 5808 12
