3880 6186
386 201 513 269 ’3θὸ

1514 202 1582 264 ’8.
1619 202 2080 261 ATHANASIUS.
2120 234 2194 246 —
2225 200 2457 260 DUBIA.
2548 213 2553 217 ‘

3577 205 3686 263 ΒΜ

388 335 672 409 pbetavat,
707 331 1146 405 signiﬁcavitque
1192 328 1339 403 quod
1387 344 1552 402 super
1581 330 1738 386 asino
1767 337 1821 385 et
1842 328 1983 399 pullo

2092 324 2426 400 προφητεύει
2466 325 2595 400 περί
2627 323 2724 382 τοῦ
2764 327 3021 402 Σωτῆρος
3065 328 3157 384 διὰ
3194 330 3425 395 πολλῶν,
3453 332 3549 386 καί.
3585 349 3685 405 οη-

387 424 713 500 ιευδὶυεειίε
735 432 1002 482 venturus
1026 430 1193 479 esset.

829 638 1153 705 Halachias,
1202 639 1565 697 duodecimus.

477 735 570 793 37.
611 734 713 791 Hic
737 750 959 807 quoque
989 744 1114 805 post
1143 736 1517 806 captivitatem
1543 732 1647 789 sub
1669 730 1834 786 Dario
1859 730 1985 789 fuit.

407 826 561 885 Onus
590 835 774 883 autem
811 826 963 881 verbi
1010 826 1225 881 Domini
1260 826 1317 880 in
1344 840 1512 880 manu
1544 823 1721 893 angeli
1755 822 1900 892 ejus,
1932 828 1989 877 et

406 921 700 993 prophetat
729 928 919 974 contra
943 917 1219 974 lsraelem.
1250 917 1558 989 Exprobrat
1581 924 1765 971 autem
1797 913 1986 970 lsraeli

406 1011 879 1085 transgressiones
933 1011 1094 1083 ejus,
1136 1017 1363 1067 accusat
1409 1010 1563 1064 illum
1609 1008 1987 1079 neglectarum

406 1105 769 1171 decimarum,
797 1112 853 1161 et
880 1104 1103 1161 omissae
1134 1101 1653 1184 communicationis
1695 1115 1820 1154 cum
1847 1113 1986 1169 pau-

404 1197 653 1268 peribus.
700 1195 998 1267 Prophetat
1050 1195 1214 1251 etiam
1261 1194 1330 1249 de
1387 1194 1477 1249 die
1520 1192 1753 1262 judicii,
1809 1199 1865 1245 et
1918 1188 1987 1245 de

406 1289 701 1362 splendore
753 1287 1101 1354 Salvatoris,
1149 1286 1436 1357 Eliamque
1504 1292 1633 1340 ante
1689 1281 1986 1339 adventum

407 1380 711 1440 Salvatoris
743 1382 1067 1437 mittendum
1095 1379 1447 1452 praenuntiat.

717 1601 883 1658 Liber
907 1601 1074 1667 XIX,
1108 1601 1286 1657 Isaias
1320 1602 1468 1673 ﬁlius
1500 1600 1682 1656 Amos.

464 1697 568 1753 58.
608 1694 710 1751 Hic
751 1704 807 1752 et
851 1694 1012 1761 Osee,
1063 1697 1207 1753 sicut
1258 1712 1424 1767 supra
1480 1695 1745 1760 diximus,
1790 1694 1983 1751 eodem

391 1798 653 1863 tempore
690 1791 967 1846 vixerunt.
998 1788 1134 1845 Nam
1187 1800 1241 1846 et
1287 1791 1390 1847 iste
1439 1790 1544 1845 sub
1585 1787 1739 1855 Ozia,
1774 1795 1829 1845 et
1858 1787 1988 1844 Joa-

406 1886 580 1951 lbam,
612 1892 668 1941 et
695 1883 900 1949 Acbaz,
936 1892 991 1939 et
1020 1882 1253 1939 Ezechia
1297 1883 1520 1955 regibus
1542 1880 1685 1937 Juda
1710 1881 1836 1936 fuit.
1878 1881 1986 1936 Ac-

406 1985 561 2050 cepta
614 1985 798 2033 autem
842 1977 1053 2032 visione
1098 1975 1446 2046 prophetavit
1501 1984 1698 2030 contra
1740 1972 1985 2029 Iudaeam

404 2070 812 2128 et-Jerusalem.
843 2068 911 2123 Et
956 2068 1164 2124 factum
1197 2077 1284 2126 est
1320 2070 1388 2125 ad
1431 2084 1557 2125 eum
1612 2068 1843 2125 verbum
1872 2066 1986 2122 Do-

404 2161 562 2217 mini.
596 2160 662 2214 Et
690 2160 927 2215 maxima
946 2175 1078 2231 pars
1116 2160 1417 2230 prophetiae
1453 2159 1597 2231 ejus,
1641 2157 1983 2229 evangelium

404 2262 490 2311 est
516 2253 585 2310 de
608 2253 845 2310 adventu
861 2251 1025 2308 Verbi
1057 2251 1154 2307 Dei
1184 2253 1242 2306 in
1265 2267 1510 2316 carnem,
1535 2258 1591 2307 et
1618 2251 1685 2307 de
1712 2250 1986 2322 passioni-

402 2348 530 2414 bus,
568 2363 708 2419 quas
741 2346 918 2404 nostri
962 2346 1141 2417 gratia
1184 2347 1448 2417 suscepit.
1484 2344 1781 2417 PrOphetat
1816 2346 1984 2401 etiam

403 2446 555 2499 circa
580 2450 790 2511 gentes,
826 2440 1079 2496 videlicet
1117 2446 1311 2494 contra
1350 2438 1709 2510 Babylonem,
1766 2438 1822 2492 in
1852 2437 1983 2493 Phi-

402 2533 671 2601 listbacos,
715 2539 771 2587 et
802 2538 993 2588 contra
1024 2529 1375 2587 Damascum.
1410 2528 1693 2585 Visionem
1738 2529 1981 2601 1Egypti,

402 2625 673 2683 visionem
704 2624 977 2690 Idumaeas,
1000 2624 1274 2680 visionem
1296 2623 1592 2695 phalangis
1629 2620 1785 2687 Sion,
1815 2625 1987 2679 visio-

402 2736 532 2778 nem
576 2718 729 2793 Tyri,
768 2718 1038 2775 visionem
1067 2716 1507 2789 quadrupedium
1558 2717 1614 2771 in
1663 2718 1980 2775 solitudine.

403 2813 641 2869 Enarrat
664 2812 831 2868 etiam
872 2826 1159 2883 egressum
1196 2809 1575 2874 Senacherim,
1608 2811 1983 2882 arrogantiam

390 2905 692 2978 .Rapsaeis,
719 2912 774 2961 et
807 2906 1094 2975 utriusque
1114 2919 1303 2960 casum
1336 2919 1403 2959 ac
1431 2903 1813 2974 perditionem.
1835 2904 1985 2959 Prae-

402 3008 554 3058 terea
583 2999 720 3055 dicit
764 2997 1081 3063 Ezechiam,
1117 3013 1245 3053 cum
1291 2998 1349 3053 in
1372 2999 1626 3054 morbum
1670 2997 1980 3065 incidisset,

383 3106 457 3150 -et
483 3094 787 3149 moriturus
827 3100 997 3157 esset,
1029 3093 1278 3147 oratione
1307 3107 1407 3148 sua
1438 3106 1711 3146 annorum
1757 3090 1984 3161 quinde-
2009 3088 2053 3147 C

384 3185 510 3239 ieim
538 3183 1077 3240 vitre=accessionem
1106 3184 1449 3253 impetrasse.
1490 3181 1790 3253 Pr0phetat
1818 3182 1983 3238 etiam

386 3276 673 3332 eunuchis
700 3283 755 3332 et
785 3276 1062 3348 gentibus,
1093 3282 1148 3330 et
1173 3275 1229 3329 in
1260 3274 1366 3330 (ine
1391 3275 1459 3330 de
1484 3274 1573 3330 die
1591 3273 1812 3345 judicii.

401 3443 562 3500 Liber
584 3443 715 3509 XX,
757 3444 1056 3501 {Heremias
1095 3447 1241 3517 ﬁlius
1274 3444 1472 3504 Helciaz
1501 3446 1565 3502 de
1596 3444 1981 3502 sacerdotibus.

472 3537 564 3593 39.
624 3536 723 3592 llic
772 3546 828 3593 et
877 3537 1226 3609 Sophonias,
1283 3539 1748 3610 quemadmodum
1814 3544 1982 3611 supra

402 3630 666 3695 diximus,
717 3631 1163 3701 contemporanei
1214 3630 1457 3686 fuerunt.
1490 3630 1749 3688 Pervenit
1798 3640 1983 3687 autem

401 3720 705 3777 Hieremias
754 3735 930 3791 usque
977 3721 1043 3775 ad
1094 3732 1306 3791 tempus
1354 3720 1588 3785 Joakim,
1638 3729 1693 3777 et
1756 3722 1984 3778 undeci—

403 3826 553 3866 mum
583 3826 788 3866 annum
822 3811 1063 3868 Sedecia:
1091 3812 1234 3884 regis
1260 3810 1436 3874 Judae,
1483 3822 1539 3868 et
1571 3828 1747 3882 usque
1774 3812 1845 3866 ad
1883 3827 1982 3867 ca-

401 3900 714 3971 ptivitatem
744 3902 953 3973 populi.
992 3900 1231 3957 Verbum
1262 3917 1394 3958 vero
1430 3901 1528 3957 Dei
1563 3900 1765 3957 factum
1797 3911 1883 3957 est
1913 3902 1982 3956 ad

402 4006 553 4057 eum,
601 3992 695 4047 ubi
725 4007 909 4048 sermo
938 3991 1159 4047 Domini
1191 3993 1259 4048 ad
1295 3993 1477 4063 ipsum
1512 3992 1691 4048 factus
1740 4004 1843 4047 est.
1886 3992 1983 4049 Est

404 4091 586 4139 autem
621 4097 997 4154 saepenumero
1031 4083 1101 4138 ad
1149 4098 1275 4139 eum
1308 4083 1509 4140 factus.
1556 4082 1618 4138 Et
1670 4084 1857 4139 multis
1896 4099 1983 4140 re-

402 4173 694 4246 prehendit
747 4175 1045 4246 injustitias
1101 4175 1465 4235 Hierusalem.
1517 4174 1872 4246 Prophetavit
1924 4176 1983 4231 in

404 4265 771 4331 Hierusalem,
805 4266 872 4324 de
923 4266 1106 4322 futura
1157 4268 1428 4330 siccitate.
1473 4279 1528 4323 et
1570 4276 1764 4323 contra
1792 4275 1982 4354 gentes

403 4357 635 4423 Aeilem,
663 4364 718 4414 et
747 4358 816 4413 de
849 4359 1088 4414 adventu
1121 4359 1267 4429 regis
1290 4358 1581 4430 Babylonii
1615 4359 1683 4413 a’d
1717 4360 1980 4415 exciden-

401 4447 529 4503 dam
559 4455 761 4502 terram
786 4444 1030 4520 Egypti,
1054 4456 1107 4504 et
1131 4449 1396 4505 adversus
1431 4450 1594 4520 128
1622 4448 1978 4521 Babylonem.
2012 4430 2058 4485 D

402 4538 502 4595 Est
547 4540 711 4594 etiam
761 4540 819 4594 in
869 4540 972 4595 hoc
1023 4530 1466 4606 libro'verbum,
1523 4544 1674 4614 quod
1716 4543 1985 4601 Dominus

402 4629 694 4687 Hieremiae
726 4632 1025 4697 mandavit,
1064 4640 1125 4687 ut
1159 4633 1367 4690 diceret
1403 4634 1600 4691 Saraeae
1633 4636 1742 4691 ﬁlio
1784 4636 1982 4702 Nerize,

402 4734 459 4781 et
504 4724 786 4788 Idumaaae,
834 4732 890 4780 et
939 4724 1067 4781 [iliis
1118 4726 1391 4792 Ammon,
1440 4737 1494 4783 et
1543 4729 1721 4785 Cedar
1779 4731 1985 4801 regina:

399 4819 575 4884 Αυιω.
608 4833 773 4888 quam
804 4818 1081 4889 percussit
1122 4818 1630 4878 Nabuchodonosor
1660 4839 1755 4879 rex
1800 4823 1983 4895 Baby-

401 4913 568 4978 lonis,
598 4921 653 4967 et
684 4910 972 4977 Damaseo.
1005 4922 1060 4967 et
1088 4911 1265 4977 Moab,
1291 4921 1347 4969 et
1380 4913 1434 4969 in
1462 4913 1766 4971 Jerusalem
1796 4928 1851 4970 ct
1883 4914 1983 4969 Ju-

399 5001 551 5066 dam,
593 5009 648 5056 et
684 5001 907 5056 domum
940 5002 1212 5068 Achabin,
1245 5011 1299 5059 et
1330 5003 1398 5058 de
1437 5002 1564 5060 [iliis
1596 5006 1772 5068 Adab,
1806 5012 1861 5061 et
1886 5004 1988 5059 Ju-

401 5095 536 5150 daais
585 5094 964 5151 habitantibus
999 5095 1055 5150 in
1102 5102 1251 5150 terra
1284 5094 1527 5167 Egypti,
1564 5104 1619 5153 et
1664 5098 1984 5154 sedentibus

401 5187 455 5240 in
484 5184 754 5256 Magdolo,
795 5197 849 5242 et
892 5187 949 5242 in
979 5186 1245 5258 Tapbnis,
1298 5195 1354 5243 et
1403 5189 1461 5243 in
1490 5197 1636 5244 terra
1675 5189 1934 5246 Pathura:
1968 5212 1980 5246 :

399 5288 455 5333 et
484 5278 551 5332 ad
577 5277 815 5345 Baruch,
843 5295 968 5334 cum
998 5294 1283 5336 sermones
1317 5280 1454 5336 istos
1483 5282 1542 5335 in
1568 5282 1771 5337 librum
1799 5298 1865 5337 ex
1889 5299 1986 5338 ore

400 5366 691 5425 Hieremiae
739 5370 1134 5426 conscriberet.
1189 5369 1448 5425 Continct
1476 5371 1641 5425 etiam
1684 5371 1775 5427 hie
1822 5373 1981 5437 liber,

402 5461 550 5516 circa
606 5462 1127 5534 linem,'quomodo
1170 5461 1345 5520 Judaei
1392 5465 1625 5521 insidias
1680 5468 1986 5523 strnxerint

400 5553 705 5624 prophetae,
739 5564 793 5611 et
832 5556 889 5610 in
938 5557 1114 5612 lacum
1145 5558 1290 5613 caeni
1323 5573 1449 5613 cum
1498 5558 1800 5629 abjecerint
1830 5579 1841 5615 :
1875 5560 1985 5617 Ab-

403 5643 683 5701 demeleeh
710 5659 842 5703 vero
872 5644 1126 5719 Ethiops
1159 5647 1312 5703 illum
1349 5648 1620 5706 eduxerit.

2098 421 2278 493 μαίνει
2325 420 2488 475 αὐτὸν
2520 419 2838 493 ὲξέρχεσθαι
2886 422 2982 476 ἐπὶ
3025 422 3148 480 δνον
3185 424 3281 478 καὶ
3325 423 3508 481 πῶλον
3549 426 3685 481 ὑπο-

2094 511 2303 583 ζυγίου.

2654 631 2995 701 Μαλαχίας,
3041 631 3142 696 ιβ’.

2162 720 2251 775 57.
2282 720 2392 774 Kal.
2426 713 2581 786 οὗτος
2614 721 2753 793 μετά
2782 721 2881 794 τὴν
2908 721 3287 795 αἰχμαλωσίαν
3330 723 3555 793 γέγονεν
3587 722 3686 779 ἐπὶ

2091 812 2338 884 Δαρείου.
2370 811 2581 883 Λῆμμα
2615 811 2673 864 δὲ
2716 812 2878 882 λόγου
2921 811 3130 884 Κυρίου
3164 814 3223 866 ὲν
3260 813 3406 886 χειρί⁵
3445 812 3683 882 ἀγγέλου

2091 902 2280 967 αὑτοῦ,
2323 904 2419 958 καὶ
2462 903 2798 975 προφητεύει
2833 903 2927 956 ἐπὶ
2976 904 3067 957 τὸν
3118 903 3354 976 Ἰσραήλ.
3401 903 3684 970 Ὀνειδίζει

2089 994 2147 1049 δὲ
2179 995 2268 1049 τὸν
2310 996 2530 1068 Ἰσραὴλ
2560 995 2654 1049 ἐπὶ
2695 999 2819 1060 ταῖς
2850 994 3221 1068 παραϐάσεσι,
3267 998 3363 1051 καὶ
3404 999 3682 1069 μέμφεται

2089 1088 2182 1142 ἐπὶ
2223 1091 2288 1161 τῇ
2332 1088 2565 1161 ἀμελείᾳ
2609 1088 2719 1143 τῶν
2770 1088 3035 1153 δεκάτων,
3087 1088 3183 1143 καὶ
3227 1088 3329 1158 τῆς
3371 1090 3508 1159 πρὸς
3554 1091 3683 1154 τοὺς

2090 1183 2341 1253 πτωχοὺς
2380 1182 2685 1247 κοινωνίας.
2718 1181 3062 1254 Προφητεύει
3095 1180 3153 1235 δὲ
3182 1182 3310 1253 περί
3336 1182 3434 1253 τῆς
3466 1184 3685 1254 ἡμέρας

2087 1274 2187 1345 τῆς
2214 1276 2469 1346 κρίσεως,
2501 1276 2597 1329 καὶ
2625 1275 2726 1346 τῆς
2752 1272 2850 1327 τοῦ
2890 1274 3143 1346 Σωτῆρος
3180 1273 3553 1344 ὲπιλάμψεως,
3585 1273 3687 1329 καὶ

2090 1369 2197 1441 πρὸ
2232 1369 2334 1440 τῆς
2365 1367 2671 1441 παρουσίας
2708 1366 2805 1421 τοῦ
2831 1367 3085 1440 Σωτῆρος
3125 1366 3554 1421 ἀποστέλλεσθαι
3590 1368 3684 1422 τὸν

2102 1462 2289 1516 Ἠλίαν
2328 1460 2601 1534 σημαίνει.
2682 1468 2692 1479 ⁵

2370 1577 2615 1631 Βιϐλίον
2643 1578 2730 1629 ιϐ’.
2771 1574 3009 1641 Ἡσαΐας
3027 1573 3159 1641 υίὸς
3189 1572 3394 1646 Ἀμώς.

2157 1668 2249 1725 38.
2281 1662 2449 1733 Οὗτος
2482 1668 2579 1723 καὶ
2619 1667 2800 1738 Ὠσηὲ,
2833 1665 2977 1722 καθά
3022 1666 3383 1739 προείπομεν,
3422 1664 3685 1738 συνεχρό-

2016 1742 2060 1798 Β
2088 1779 2241 1815 νισαν
2280 1761 2551 1833 ἀλλήλοις.
2597 1763 2708 1816 Kal.
2752 1760 2862 1833 γὰρ
2896 1760 2991 1815 καὶ
3036 1755 3194 1823 οὗτος
3228 1759 3319 1813 ἐπὶ
3351 1756 3553 1824 Ὀζίου,
3585 1757 3685 1813 καὶ

2103 1853 2358 1925 Ἰωάθαμ,
2398 1855 2493 1908 καὶ
2532 1853 2718 1926 Ἀχάζ,
2750 1854 2845 1907 καί
2881 1851 3146 1918 Ἐζεκίου,
3180 1851 3446 1923 βασιλέων
3482 1851 3679 1917 Ἰούδα,

2088 1946 2332 2015 γέγονεν.
2365 1946 2593 2018 Ὃρασιν
2638 1946 2694 1998 δὲ
2723 1943 3005 2019 ἑωρακὼς,
3035 1942 3370 2016 προφητεύει
3410 1942 3552 1997 κατά
3579 1942 3684 2015 τῆς

2101 2036 2363 2101 Ἰουδαίας
2390 2038 2485 2091 καὶ
2517 2038 2660 2093 κατὰ
2697 2039 3079 2112 Ἰερουσαλήμ.
3117 2039 3230 2094 Kal.
3275 2038 3432 2109 λόγος
3470 2038 3529 2092 δὲ
3569 2040 3685 2092 Κυ-

2089 2128 2206 2201 ρίου
2249 2129 2386 2201 πρὸς
2417 2129 2580 2183 αὐτὸν
2622 2130 2837 2201 γέγονε.
2882 2133 2992 2186 Καὶ
3022 2131 3085 2185 τὸ
3116 2130 3368 2184 πλεῖστον
3409 2130 3510 2201 τῆς
3542 2146 3683 2202 προ-

2087 2219 2317 2290 φητείας
2358 2221 2523 2274 αὐτοῦ
2567 2223 2716 2276 ἐστιν
2762 2223 3060 2292 εὐαγγέλια
3101 2224 3231 2296 περί
3266 2223 3367 2293 τῆς
3412 2222 3684 2295 ὲνσάρκου

2086 2312 2391 2385 παρουσίας
2435 2311 2529 2366 τοῦ
2580 2315 2756 2383 Λόγου
2806 2313 2901 2368 τοῦ
2934 2313 3092 2378 Θεοῦ,
3135 2315 3232 2369 καὶ
3278 2309 3354 2369 ὧν
3393 2313 3686 2380 ἀνεδέξατο

2084 2404 2152 2458 δι’
2177 2406 2327 2476 ἡμᾶς
2361 2404 2572 2462 παθῶν.
2611 2406 2957 2478 Προφητεύει
2987 2406 3047 2459 δὲ
3075 2407 3171 2461 καὶ
3199 2407 3294 2461 ἐπὶ
3328 2405 3455 2478 ἔθνη
3482 2405 3678 2471 ταῦτα,

2085 2496 2229 2551 κατά
2262 2496 2605 2564 Βαϐυλῶνος,
2638 2498 2735 2551 ἐπὶ
2765 2498 2895 2563 τοὺς
2928 2497 3284 2568 ἀλλοφύλους,
3316 2497 3457 2551 κατὰ
3490 2501 3683 2570 Δαμα-

2088 2588 2219 2643 σκοῦ
2240 2606 2252 2620 ο
2276 2590 2464 2662 ὅρασιν
2484 2589 2784 2659 Αἰγύπτου,
2807 2592 2992 2662 ὅραμα
3012 2591 3113 2662 τῆς
3141 2590 3464 2662 Ἰδουμαίας,
3493 2591 3683 2663 ὅραμα

2083 2682 2183 2754 τῆς
2213 2682 2491 2752 φάλαγγος
2537 2681 2913 2755 Σιὼν,¹ὅραμα
2958 2682 3160 2754 Τύρου,
3195 2683 3387 2753 ὅρασιν
3433 2681 3545 2736 τῶν
3588 2699 3685 2735 τε-

2083 2775 2369 2848 τραπόδων
2401 2777 2509 2831 τῶν
2546 2779 2605 2831 ὲν
2636 2779 2704 2850 τῇ
2748 2778 2964 2850 ἐρήμῳ.
3013 2780 3293 2850 Διηγεῖται
3334 2778 3393 2831 δὲ
3437 2778 3535 2833 καὶ
3575 2778 3681 2850 τὴν

2085 2867 2264 2935 ἔξοδον
2304 2869 2669 2940 Σεναχηρείμ,
2713 2870 2808 2923 καὶ
2861 2869 3140 2941 Ῥαψάκου
3187 2869 3290 2939 τὴν
3332 2868 3676 2934 ἀλαζονείαν,

2084 2961 2185 3031 τήν
2216 2977 2275 3013 τε
2306 2959 2511 3015 πτῶσιν
2532 2961 2627 3014 καὶ
2656 2959 2931 3015 ἀπώλειαν
2966 2959 3166 3015 αὐτῶν.
3192 2961 3301 3014 Καὶ
3324 2960 3406 3013 ὅτι
3437 2960 3680 3032 νοσήσας

2098 3049 2365 3114 Ἐζεκίας,
2390 3050 2484 3104 καὶ
2509 3050 2719 3121 μέλλων
2751 3049 3141 3122 ἀποθνήσκειν,
3173 3050 3487 3121 εὐξάμενος,
3513 3068 3680 3123 προσ-

2088 3143 2263 3216 θήκην
2294 3144 2420 3215 ἔσχε
2450 3144 2595 3215 ζωῆς
2620 3142 2757 3197 ὲτῶν
2786 3150 2866 3199 ιε’.
2896 3143 3236 3216 Προφητεύει
3266 3144 3326 3197 δὲ
3359 3143 3453 3199 καὶ
3484 3142 3681 3197 εὐνού-

2086 3251 2221 3306 χοις,
2249 3234 2482 3298 καὶτοῖς
2512 3233 2711 3299 ἔθνεσι,
2751 3234 2848 3288 καὶ
2884 3234 2943 3288 ἐν
2975 3232 3052 3305 τῷ
3078 3234 3222 3287 τέλει
3259 3235 3387 3307 περί
3412 3235 3509 3306 τῆς
3535 3234 3680 3306 ὴμέρ-

2088 3342 2188 3399 ρας
2211 3326 2312 3397 τῆς
2348 3325 2605 3397 κρίσεως.
2694 3389 2698 3392 ,

2084 3443 2331 3496 Βιϐλίαν
2358 3446 2429 3494 κ’.
2474 3439 2748 3510 Ἱερεμίας
2796 3444 2831 3496 ὁ
2877 3441 3137 3497 Χελκίου
3177 3441 3246 3495 ἐκ
3286 3439 3407 3496 τῶν
3447 3441 3676 3512 ἱερέων.

2155 3535 2244 3591 59.
2281 3527 2449 3599 Οὗτος
2476 3534 2639 3588 πάλιν
2680 3534 2776 3587 καὶ
2816 3534 3098 3603 Σοφονίας,
3133 3534 3280 3590 καθά
3312 3534 3676 3607 προείπομεν,

2088 3626 2469 3698 συνεχρόνισαν
2501 3626 2771 3699 ἀλλήλοις.
2806 3626 3117 3699 Παρέμεινε
3159 3628 3217 3681 δὲ
3249 3627 3521 3699 Ἱερεμίας
3565 3627 3678 3692 ἕως

2098 3719 2372 3789 Ἰωακείμ,
2406 3717 2501 3771 καὶ
2544 3717 2650 3782 ἓως
2696 3718 2985 3773 ἑνδεκάτου
3028 3719 3184 3784 ἔτους
3228 3719 3477 3773 Σεδεκίου
3511 3717 3676 3788 βασι-

2085 3809 2221 3875 λέως
2253 3810 2443 3875 Ἰούδα,
2480 3810 2587 3875 ἕως
2618 3810 2721 3879 τῆς
2751 3810 3129 3883 αἰχμαλωσίας
3156 3810 3251 3865 τοῦ
3295 3810 3448 3866 λαοῦ.
3490 3809 3679 3881 Ῥἦμα

2084 3903 2142 3956 δὲ
2168 3902 2304 3957 Θεοῦ
2348 3903 2566 3972 ἐγένετο
2606 3902 2744 3974 πρὸς
2772 3902 2957 3965 αὐτὸν,
2991 3902 3050 3966 ὃς
3096 3902 3327 3975 ἐγενήθη
3362 3902 3522 3972 λόγος
3550 3904 3677 3983 Ku-

2087 3994 2203 4067 ρίου
2232 3992 2371 4064 πρὸς
2399 3992 2583 4046 αὐτόν.
2627 3993 2739 4047 Ka‘t
2770 3991 3033 4056 πολλάκις
3054 3992 3113 4046 δὲ
3143 3993 3358 4061 ἐγένετο
3382 3993 3541 4063 λόγος
3567 3995 3679 4048 Κυ-

2090 4086 2204 4158 ρίου
2250 4084 2388 4158 πρὸς
2428 4084 2613 4149 αὐτὸν,
2654 4084 2749 4137 καί.
2785 4083 2996 4155 ἐλέγχει
3036 4085 3138 4150 τάς
3177 4084 3390 4149 ἀδικίας
3435 4085 3538 4156 τῆς
3572 4086 3675 4140 Ἰε-

2090 4175 2374 4249 ρουσαλὴμ
2403 4172 2492 4228 διά
2525 4173 2757 4228 πολλῶν.
2791 4172 3136 4246 Προφητεύει
3169 4172 3226 4226 δὲ
3271 4173 3364 4226 ὲπί
3403 4174 3679 4246 ’ἱερουσαο

2085 4268 2217 4340 λὴμ,
2259 4267 2355 4322 καὶ
2386 4267 2516 4339 περί
2543 4266 2642 4337 τῆς
2670 4266 2956 4338 ἀϐροχίας,
2994 4266 3091 4319 καὶ
3123 4265 3218 4318 ἐπὶ
3252 4265 3321 4319 τὰ
3361 4264 3491 4337 ἔθνη
3532 4267 3679 4320 ’Δει-

2087 4359 2216 4431 λὴμ,
2249 4359 2342 4413 καὶ
2371 4357 2467 4411 τοῦ
2497 4357 2669 4412 ἐλθεῖν
2700 4357 2925 4429 βασιλέα
2955 4356 3273 4422 Βαϐυλῶνος
3303 4356 3396 4411 τοῦ
3439 4359 3681 4429 ἐκκόψαι

2084 4450 2182 4521 τὴν
2215 4448 2318 4519 γῆν
2357 4447 2656 4517 Αἰγύπτου,
2687 4448 2780 4501 καί¹
2812 4448 2921 4501 ὲπί.“
2941 4447 3260 4501 Βαϐυλῶνα.
3306 4449 3418 4501 Kal.
3448 4449 3478 4501 ό
3510 4447 3677 4518 λόγος

2084 4543 2145 4597 ὃν
2173 4541 2475 4596 ἐνετείλατο
2506 4540 2708 4612 Κύριος
2746 4539 2825 4611 τῷ
2867 4540 3107 4613 Ἱερεμίᾳ
3140 4542 3314 4595 εἰπεῖν
3340 4540 3421 4612 τῷ
3442 4541 3683 4613 ,Σαραίᾳ

2086 4635 2188 4707 υίῷ
2230 4636 2462 4707 Νηρίου,
2509 4635 2603 4688 καὶ
2646 4635 2713 4705 τῇ
2756 4633 3052 4704 Ἰδουμαίᾳ,
3090 4633 3327 4697 καὶτοῖς
3365 4634 3504 4697 υἰοίς
3542 4634 3681 4705 Ἀμ-

2088 4727 2227 4801 μὼν,
2266 4730 2360 4783 καὶ
2401 4731 2468 4800 τῇ
2504 4726 2698 4799 Κηδάρ
2733 4725 3019 4798 βασιλίσσῃ
3052 4726 3153 4797 τῆς
3179 4726 3379 4797 Αύλῆς,
3419 4726 3487 4797 ἦν
3532 4727 3678 4781 ἐπά-

2084 4820 2214 4887 ταξε
2257 4820 2726 4891 Ναϐουχοδονόσορ
2775 4817 3026 4889 βασιλεὺς
3072 4817 3411 4882 Βαϐυλῶνος,
3462 4818 3559 4872 καὶ
3604 4822 3675 4891 τῇ

2084 4913 2381 4986 Δαμασκῷ,
2428 4914 2522 4968 καί
2561 4916 2628 4985 τῇ
2671 4911 2865 4976 Μωάϐ,
2912 4912 3007 4964 καὶ
3052 4910 3142 4964 ἐπὶ
3177 4909 3532 4983 Ἰερουσαλὴμ
3580 4912 3679 4965 καὶ

2098 5006 2319 5068 Ἰούδαν,
2346 5006 2441 5060 καί
2468 5007 2549 5069 εἰς
2571 5002 2718 5059 οἷκον
2757 5003 2999 5076 Ἀχαϐὶν,
3031 5005 3159 5076 περί
3188 5003 3298 5058 τῶν
3322 5004 3454 5057 υἰῶν
3486 5004 3674 5070 ’Δδάϐ,

2083 5100 2198 5161 τοῖς
2227 5115 2287 5150 τε
2324 5096 2601 5162 Ἰουδαίοις
2627 5095 3125 5162 τοῖς,κατοικοῦσιν
3156 5097 3215 5150 ἐν
3254 5099 3325 5169 γῇ
3367 5094 3674 5164 Αἰγύπτου,

2085 5189 2179 5243 καὶ
2216 5192 2329 5253 τοῖς
2375 5189 2705 5261 καθημένοις
2741 5190 2800 5243 ὲν
2845 5189 3150 5261 Μαγδωλῷ,
3191 5192 3284 5244 καὶ
3321 5192 3381 5244 ἐν
3406 5191 3674 5261 Τάφναις,

2085 5282 2181 5335 καὶ
2199 5283 2257 5335 ὲν
2278 5284 2349 5354 γῇ
2376 5281 2665 5354 Παθούρης
2683 5298 2697 5312 ’
2722 5283 2860 5354 πρός
2884 5300 2942 5335 τε
2976 5282 3065 5335 τὸν
3093 5282 3328 5353 Βαροὺχ,
3350 5283 3439 5336 ὅτε
3462 5282 3677 5355 ἔγραφε

2085 5372 2213 5435 τοὺς
2240 5372 2432 5441 λόγους
2459 5372 2683 5436 τούτους
2711 5374 2770 5426 ὲν
2800 5373 2880 5444 τῷ
2908 5373 3097 5445 βιϐλίῳ
3124 5373 3235 5428 ἀπὸ
3267 5374 3538 5445 στόματος
3574 5376 3675 5429 Ἱε-

2089 5462 2299 5534 ρεμίου.
2347 5463 2599 5535 Περιέχει
2644 5463 2703 5517 δὲ
2749 5463 2811 5517 τὸ
2857 5463 3060 5534 βιϐλίον
3104 5465 3199 5518 ἐπὶ
3237 5464 3446 5528 τέλους,
3488 5465 3574 5518 ὅτι
3624 5466 3675 5520 οἰ

2098 5558 2365 5625 Ἰουδαῖοι,
2403 5558 2846 5624 ἐπιϐουλεύοντες
2881 5578 2960 5631 τῳ
2999 5562 3275 5633 προφήτῃ,
3310 5560 3543 5633 ἔρριψαν
3576 5562 3675 5615 αύ-

2085 5650 2175 5705 τδν
2225 5652 2304 5716 εἰς
2358 5651 2560 5705 λάκκον
2613 5651 2897 5725 βορϐόρου,
2953 5654 3049 5708 καὶ
3102 5652 3425 5726 Ἀϐδεμέλεχ
3480 5652 3677 5725 Αἰθίοψ

2086 5730 2360 5816 ἀνήγαγεν
2382 5745 2565 5801 αὐτόν.
