3886 6182
184 301 302 358 365

1283 296 1620 353 SYNOPSIS
1662 299 2079 359 SCRIPTURIE
2119 298 2388 357 εΑοΒΑξ.

3363 309 3471 367 366

265 419 488 490 Βαροῦχ
533 419 588 471 δὲ
634 417 930 488 ἐπιγράφει
978 417 1040 470 τὸ
1087 418 1314 488 βιϐλίον,
1372 418 1560 491 ἐπειδὴ
1610 412 1784 484 οὗτος¹

1966 421 2202 483 Baruch,
2239 421 2436 476 librum
2483 422 2784 494 inscripsit,
2812 427 2940 496 quia
2974 427 3065 484 ille
3093 444 3218 485 cum
3257 447 3470 489 sermo~

186 511 419 584 γράψας
457 510 566 564 ἀπὸ
597 511 864 580 στόματος
901 511 1168 582 Ἰερεμίου
1212 512 1339 574 τοὺς
1383 512 1442 564 ἐν
1483 511 1562 581 τῷ
1608 511 1784 583 βιϐλίιε.

1899 526 1998 566 nes
2024 511 2160 566 istos
2181 528 2249 567 ex
2273 527 2366 567 ore
2395 512 2680 570 Hieremiae
2705 518 3020 588 scripsisset
3048 520 3117 576 iis
3146 522 3239 592 qui
3273 524 3328 577 in
3359 522 3468 577 Ba-

185 605 412 672 λόγους,
440 603 651 671 ἀνέγνω
674 607 787 666 τοῖς
808 606 864 655 ἐν
891 607 958 675 τῇ
983 603 1261 658 Βαϐυλῶνι
1289 604 1793 676 αἰχμαλωτισθεῖσι,

187 696 696 767 παραμυθούμενος
731 698 945 761 αὐτοὺς,
974 699 1068 750 καὶ
1089 698 1557 768 ἐπαγγελλόμενος
1587 697 1795 761 τούτοις

185 791 292 859 τὴν
330 791 488 861 παρὰ
520 789 656 842 Θεοῦ
687 789 894 842 ἐλπίδα.

261 880 488 949 Θρῆνοι
516 881 808 952 ἐπιγράφει
841 881 901 934 τὸ
936 880 1156 951 βιϐλίον,
1192 879 1380 950 ἐπειδὴ
1408 878 1629 942 τούτους
1665 876 1792 940 τοὺς

183 972 389 1043 λόγους
429 974 732 1046 ἐθρήνησεν
778 974 1050 1045 Ἱερεμίας
1094 974 1222 1045 περὶ
1263 974 1363 1043 τῆς
1409 969 1786 1040 Ἰερουσαλὴμ,

186 1063 280 1118 ὅτε
321 1065 470 1118 ἐάλω
505 1066 598 1117 κα)⁸
630 1056 1015 1135 ᾐχμαλωτίσθη
1047 1064 1075 1116 ὁ
1110 1063 1255 1127 λαός.

272 1247 568 1318 Ἐπιστολὴ
606 1245 865 1318 Ἰερεμίου
892 1245 1157 1309 καλεῖται,
1188 1243 1374 1315 ἐπειδὴ
1399 1244 1601 1315 ταύτην
1626 1243 1788 1316 ἔγρα-

185 1356 291 1408 φεν
339 1340 614 1410 Ἱερεμίας
659 1342 774 1399 τοῖς
819 1338 876 1390 ἐν
925 1340 991 1408 τῇ
1043 1337 1426 1408 αἰχμαλωσίᾳ,
1480 1334 1622 1388 κατά
1676 1336 1786 1388 τῶν

183 1431 429 1485 εἰδώλων
477 1431 908 1501 ἀσφαλιζόμενος
957 1430 1175 1493 αὐτοὺς,
1228 1430 1316 1482 ἵνα
1371 1429 1446 1500 μὴ
1499 1428 1786 1498 βλέποντες

184 1523 332 1576 αὐτὰ
368 1523 757 1592 πναπαχθῶσι
797 1526 911 1585 τοῖς
939 1521 1250 1592 σεϐομένοις
1273 1521 1465 1576 ταῦτα.

331 1636 585 1690 Βιϐλίων
615 1642 725 1688 κα’.
763 1634 1027 1703 Ἐζεκιὴλ
1057 1636 1186 1701 υίὸς
1226 1636 1400 1696 Βουζὶ
1427 1637 1639 1705 ἱερεύς.

258 1728 352 1783 40.
405 1721 576 1792 Οὗτος
624 1730 681 1781 ἐν
713 1731 780 1798 τῇ
831 1727 1176 1798 αἰχμαλωσίᾳ
1219 1729 1407 1797 γέγονε
1454 1732 1590 1800 μετά
1625 1729 1786 1802 Ἱερε-

1898 601 2097 670 bylone
2131 603 2335 672 captivi
2381 611 2557 667 erant,
2613 607 2765 676 legit,
2807 617 2868 662 ut
2906 612 3286 668 consolaretur
3318 615 3465 681 illos,

1897 701 1951 747 et
1983 709 2135 763 spem
2165 694 2220 748 in
2253 694 2423 751 Deum
2458 701 2827 754 annuntiaret.

1964 865 2389 924 Lamentationes
2429 871 2626 928 librum
2674 875 2975 946 inscripsit,
3007 883 3135 951 quia
3175 885 3299 940 istis
3343 900 3467 941 ser-

1891 962 2146 1016 monibus
2177 961 2244 1015 de
2286 960 2585 1020 Jerusalem
2635 968 2966 1027 lamentatus
3013 983 3098 1029 est
3129 974 3459 1045 Ilieremias,

1891 1054 2111 1123 quando
2151 1068 2309 1130 capta
2348 1067 2451 1123 est,
2497 1069 2551 1115 et
2595 1064 2829 1133 populus
2877 1066 2932 1119 in
2963 1066 3334 1137 captivitatem
3371 1071 3467 1126 ab-

1889 1147 2109 1203 (luctus.

1958 1238 2200 1309 Epistola
2234 1240 2544 1308 Hieremiae,
2580 1244 2660 1299 sic
2686 1245 2830 1301 dicta
2855 1255 2961 1312 est,
2993 1249 3136 1319 quod
3170 1251 3310 1306 hanc
3336 1251 3464 1308 Hie-

1888 1331 2089 1384 remias
2137 1332 2420 1402 scripserit
2473 1335 2527 1388 in
2580 1337 2936 1406 captivitate,
2981 1351 3040 1395 ut
3086 1351 3275 1397 contra
3317 1344 3463 1398 idola

1888 1429 2081 1478 cautos
2130 1423 2401 1489 redderet,
2459 1441 2548 1488 ne,
2594 1431 2902 1497 conspectis
2951 1431 3084 1497 illis,
3143 1435 3208 1488 ad
3253 1437 3462 1491 cultum

1887 1512 2129 1584 ipsorum
2164 1531 2287 1570 cum
2330 1516 2637 1574 idololatris
2669 1521 3088 1579 abducerentur.

2061 1628 2216 1683 Liber
2237 1629 2398 1695 XXI,
2432 1631 2668 1688 Ezechiel
2692 1634 2835 1704 ﬁlius
2865 1635 2996 1690 Buzi
3015 1640 3283 1696 sacerdos.

1956 1720 2050 1776 40.
2092 1720 2193 1776 Hic
2234 1731 2356 1792 post
2407 1722 2733 1780 llieremiam
2783 1728 2839 1782 in
2885 1730 3197 1798 captivitate
3247 1732 3370 1796 fuit,
3406 1741 3463 1790 et

190 1822 345 1892 μίαν,
373 1822 468 1873 καὶ
496 1821 575 1891 τῷ
605 1820 842 1890 πέμπτῳ
871 1821 979 1873 ἐτει
1001 1821 1100 1890 τῆς
1125 1821 1502 1892 αἰχμαλωσίας
1533 1823 1784 1893 Ἰωακεὶμ

1893 1815 2081 1884 quinto
2116 1831 2258 1870 anno
2284 1815 2615 1884 captivitatis
2640 1816 2852 1873 Joakim
2901 1822 3229 1891 praphetare
3263 1826 3453 1895 coepit.

184 1915 398 1985 ἦρξατο
426 1912 814 1984 προφητεύειν.
845 1913 1018 1980 Λόγος
1056 1913 1113 1964 δὲ
1158 1913 1364 1984 Κυρίου
1398 1914 1615 1982 ἐγένετο
1649 1915 1786 1986 πρὸς

185 2005 374 2067 αὑτὸν,
406 2005 505 2056 καὶ
532 2003 654 2074 χεὶρ
689 2002 897 2072 Κυρίου
940 2002 1158 2070 ἐγένετο
1190 2005 1277 2056 ἐπ’
1308 2005 1487 2058 αὐτόν.
1520 2007 1631 2060 Καὶ
1657 2008 1786 2077 δρα-

187 2111 273 2146 σιν
308 2094 410 2164 μὲν
440 2093 504 2157 ἐξ
534 2093 713 2163 ἀρχῆς
757 2091 899 2156 ζὼου
939 2093 1400 2164 τετραπροσώπου
1441 2094 1782 2168 θαυμαστὴν,

183 2186 281 2238 καὶ
314 2185 871 2256 ὲκπληκτικωτάτην,
907 2185 1003 2238 καὶ
1027 2185 1459 2256 δυσερμήνευτον
1491 2187 1626 2258 όρᾷί⁸
1659 2204 1788 2257 προ-

184 2279 415 2349 φητεύει
453 2278 514 2331 δὲ
547 2279 640 2332 ἐπὶ
663 2281 790 2342 τοὺς
822 2279 1108 2349 προφήτας
1141 2277 1236 2330 τοῦ
1277 2277 1514 2349 Ἰσραὴλ,
1541 2279 1786 2351 καὶπερὶ

183 2371 277 2424 τοῦ
308 2371 472 2437 ξύλου
506 2372 607 2440 τῆς
632 2372 902 2442 ἀμπέλου,
931 2371 1026 2422 καὶ
1052 2370 1298 2441 διήγημα
1327 2371 1452 2442 περὶ
1479 2370 1572 2424 τοῦ
1597 2371 1782 2436 ἀετοῦ,

183 2466 278 2517 καί
309 2464 757 2536 διαμαρτύρεται
789 2466 854 2535 τῇ
898 2463 1254 2536 Ἰερουσαλὴμ
1295 2461 1396 2526 τὰς
1432 2463 1662 2534 ἀνομίας
1692 2463 1786 2515 καὶ

181 2556 283 2620 τὰς
313 2556 593 2627 ἁμαρτίας
623 2557 814 2626 αὐτῆς,
841 2556 967 2628 περί
999 2573 1060 2608 τε
1089 2556 1188 2626 τῆς
1220 2555 1556 2627 παραϐολῆς,
1586 2551 1653 2626 ἧς
1679 2555 1788 2608 ἔλε-

190 2666 288 2716 γον
310 2666 325 2678 °
368 2667 387 2698 ι
426 2649 494 2701 Οί
529 2649 764 2719 πατέρες
806 2649 1006 2717 ἔφαγον
1034 2648 1278 2719 ὄμφακα,
1309 2648 1404 2700 καὶ
1442 2647 1652 2711 ὀδόντες
1677 2647 1787 2700 τῶν

185 2741 404 2794 τέκνων
455 2740 768 2810 ἐμωδίασαν
805 2739 936 2810 (19).
989 2759 1007 2790 ι
1057 2741 1170 2793 Καὶ
1213 2741 1327 2802 τοῖς
1366 2741 1499 2802 υἱοῖς
1537 2737 1784 2810 Ἀμμὼν,

182 2834 277 2886 καὶ
318 2833 455 2904 περὶ
483 2833 584 2902 τῆς
626 2832 836 2895 Ὀολᾶς,
866 2832 958 2884 καὶ
984 2833 1085 2901 τῆς
1119 2830 1356 2893 Ὀλιϐᾶς,
1399 2831 1494 2883 καὶ
1525 2832 1617 2884 ἐπὶ
1647 2831 1786 2903 Σοὺρ

183 2925 407 2998 θρῆνον,
446 2925 545 2979 καὶ
589 2926 681 2976 ἐπὶ
721 2924 949 2986 Σιδῶνα,
993 2925 1089 2975 καὶ
1123 2925 1250 2996 περὶ
1283 2926 1382 2996 τῆς
1421 2925 1632 2996 ἡμέρας
1675 2926 1788 2978 Κυ-

185 3019 325 3092 ρίου,
363 3019 463 3071 καὶ
494 3017 573 3088 τῷ
616 3016 816 3090 Φαραὼ
859 3018 1072 3088 βασιλεῖ
1101 3017 1402 3084 Αἰγύπτου,
1445 3017 1537 3069 καί
1583 3017 1784 3088 θρῆνον

182 3110 274 3161 ἐπὶ
306 3106 520 3180 Φαραὼ
563 3107 658 3160 καὶ
697 3107 796 3178 τὴν
839 3109 1134 3176 Αἴγυπτον,
1174 3107 1267 3160 καὶ
1308 3107 1399 3159 ἐπὶ
1428 3108 1554 3179 ὅρος
1596 3109 1781 3180 Σηεὶρ,

1890 1906 2090 1962 Factus
2124 1919 2208 1963 est
2251 1918 2431 1964 autem
2463 1926 2644 1966 sermo
2688 1910 2901 1966 Domini
2939 1913 3006 1968 ad
3036 1929 3182 1980 eum,
3213 1923 3268 1970 et
3297 1932 3464 1986 super

1886 2013 2012 2054 eum
2044 1999 2146 2054 fuit
2188 2017 2383 2057 manus
2418 2003 2655 2068 Domini,
2697 2013 2753 2059 et
2790 2006 3059 2061 visionem
3096 2007 3164 2061 ab
3196 2009 3354 2063 initio
3381 2010 3464 2064 vi-

1886 2090 1967 2146 dit
1995 2093 2293 2150 animantis
2324 2103 2562 2164 quatuor
2603 2095 2890 2161 facierum,
2935 2097 3333 2165 admirabilem,
3365 2116 3463 2157 su-

1886 2199 1986 2253 pra
2034 2185 2255 2239 modum
2305 2188 2627 2256 stupendam
2670 2198 2724 2242 et
2766 2189 3128 2259 interpretata
3168 2190 3462 2249 diliicilem.

1885 2273 2237 2346 Prophetavit
2265 2287 2457 2332 contra
2489 2279 2784 2348 prophetas
2829 2279 3069 2346 lsraelis,
3103 2283 3172 2337 de
3201 2283 3351 2353 ligno
3379 2285 3463 2340 vi-

1886 2367 1978 2432 tis,
2014 2376 2068 2422 et
2095 2370 2373 2423 enarratio
2400 2369 2468 2424 de
2515 2371 2719 2442 aquila,
2745 2377 2800 2426 et
2841 2379 3184 2428 contestatus
3215 2383 3302 2428 est
3338 2372 3468 2429 Hie-

1886 2462 2124 2516 rusalem
2166 2462 2233 2517 de
2271 2463 2656 2533 iniquitatibus
2706 2471 2762 2518 et
2799 2464 3042 2534 peccatis
3085 2466 3281 2535 ipsius,
3315 2467 3466 2523 etde

1885 2554 2166 2622 parabola,
2209 2570 2373 2624 quam
2405 2557 2460 2610 in
2495 2571 2590 2611 ore
2635 2555 2930 2620 habebant,
2969 2571 3185 2626 nempe,
3222 2575 3240 2608 ι
3269 2555 3463 2613 Patres

1887 2647 2245 2702 comederunt
2281 2663 2441 2702 uvam
2484 2649 2858 2713 immaturam,
2890 2657 2943 2702 et
3001 2649 3194 2706 dentes
3228 2651 3464 2706 ﬁliorum

1885 2738 2311 2808 obstupuerunt.
2343 2759 2362 2792 ›
2407 2738 2474 2792 Et
2519 2740 2648 2795 ﬁliis
2697 2741 2952 2805 Ammon,
3003 2749 3059 2796 et
3101 2740 3169 2797 de
3221 2742 3356 2796 Oola
3407 2753 3464 2800 et

1887 2828 2062 2898 Oliba,
2088 2837 2142 2885 et
2176 2831 2593 2888 lamentationes
2633 2833 2686 2886 in
2733 2831 2861 2900 Sur,
2902 2843 2956 2888 et
2986 2846 3176 2890 contra
3219 2834 3452 2902 Sidona,

1885 2932 1940 2978 et
1969 2925 2037 2979 de
2067 2923 2156 2980 die
2188 2924 2426 2990 Domini,
2453 2925 2722 2981 Pharaoni
2764 2927 2877 2998 regi
2905 2926 3148 2999 Egypti,
3180 2937 3234 2983 et
3260 2929 3463 2986 lamen-

1885 3017 2149 3070 tationem
2177 3017 2231 3070 in
2258 3016 2600 3073 Pharaonem
2629 3026 2683 3073 et
2708 3017 3025 3090 IEgyptum,
3061 3027 3115 3074 et
3138 3020 3194 3073 in
3219 3029 3461 3077 montem

1889 3105 2032 3170 Seir,
2073 3115 2128 3162 et
2174 3108 2242 3163 de
2289 3109 2509 3163 ossibus
2543 3123 2755 3172 eorum,
2801 3110 2894 3179 qui
2929 3110 2994 3164 ad
3036 3111 3200 3164 vitam
3231 3111 3460 3167 redituri

182 3200 276 3251 καὶ
334 3199 470 3269 περὶ
527 3199 636 3252 τῶν
681 3199 886 3252 ὀστέων
928 3199 1038 3252 τῶν
1085 3198 1495 3269 ἀναζησάντων,
1552 3200 1646 3252 καὶ
1693 3201 1784 3253 ἐπὶ

1893 3197 2019 3260 sint,
2066 3205 2120 3252 et
2162 3199 2217 3252 in
2261 3199 2399 3269 Gog.
2437 3187 2501 3253 ac
2543 3206 2748 3254 terram
2802 3199 3014 3270 Magog.
3048 3200 3181 3256 Item
3223 3202 3462 3271 principi

183 3294 328 3364 Γὼγ,
366 3294 464 3346 καὶ
489 3295 589 3364 τὴν
614 3293 718 3364 γῆν
741 3294 834 3347 τοῦ
865 3293 1096 3362 Μαγώγ.
1127 3292 1218 3364 Τῷ
1245 3311 1304 3346 τε
1337 3294 1556 3365 ἄρχοντι
1581 3293 1780 3365 Τύρου,

184 3387 276 3439 καὶ
319 3385 526 3456 θρῆνον
555 3386 677 3437 κατ’
703 3385 890 3448 αὑτοῦ,
930 3384 1026 3438 καὶ
1065 3387 1178 3447 τοῖς
1215 3385 1352 3446 υἱοῖς
1383 3383 1478 3436 τοῦ
1519 3384 1648 3437 λαοῦ
1681 3387 1781 3438 αύ-

181 3478 300 3540 τοῦ,
332 3477 429 3530 καὶ
462 3478 557 3530 ἐπὶ
591 3477 717 3540 τοὺς
749 3476 1016 3548 ποιμένας
1055 3475 1148 3528 τοῦ
1185 3474 1423 3546 Ἰσραήλ.
1457 3476 1568 3528 Καὶ
1603 3476 1664 3528 τὸ
1696 3493 1784 3529 τε-

182 3571 432 3624 λευταῖον
471 3571 573 3640 τὴν
605 3570 896 3642 οίκοδομὴν
925 3567 1018 3622 τοῦ
1063 3566 1218 3634 ναοῦ,
1242 3569 1336 3622 καὶ
1373 3567 1474 3638 τῆς
1515 3569 1785 3640 Ἰερουσα-

183 3662 297 3734 λὴμ
326 3663 676 3734 διαγράφων,
721 3661 1076 3734 προφητεύει.

654 3754 901 3807 Bt6.1t'or
932 3753 1047 3816 κβ.
1073 3751 1320 3821 Δανιὴλ.

256 3848 348 3900 Η.
376 3847 496 3900 Καὶ
525 3839 684 3910 οὗτος
716 3848 773 3898 ἐν
800 3849 866 3918 τῇ
917 3845 1263 3916 αἰχμαλωσίᾳ
1293 3844 1516 3913 γέγονεν
1552 3844 1658 3906 ἓως
1690 3839 1783 3896 τοῦ

187 3938 457 4009 βασιλέως
501 3937 688 4008 Κύρου
721 3937 956 4008 Πέρσου.
990 3937 1102 3991 Καὶ
1145 3937 1215 3990 τὰ
1248 3937 1347 4008 μὲν
1377 3936 1518 3990 κατὰ
1553 3935 1786 3988 Σουσάν-

187 4049 284 4084 ναν
309 4031 491 4102 κρίνει
519 4030 702 4094 αὐτὸς,
743 4031 838 4083 καὶ
862 4029 1183 4101 κατακρίνει
1207 4029 1334 4092 τοὺς
1358 4029 1781 4101 πρεσϐυτέρους,

185 4122 260 4186 ὡς
307 4120 663 4189 συκοφάντας
685 4137 698 4150 ·
735 4120 803 4173 τά
831 4119 888 4173 δὲ
935 4119 1031 4172 τοῦ
1074 4118 1340 4189 βασιλέως
1372 4119 1597 4173 ἐνύπνια
1623 4119 1786 4182 αὐτὸς

185 4213 529 4282 ἀπαγγέλλει
566 4230 627 4265 τε
658 4213 752 4266 καὶ
775 4211 1089 4282 ἐρμηνεύει.
1121 4212 1319 4266 Βλέπει
1346 4212 1403 4265 δὲ
1435 4213 1529 4265 καὶ
1563 4211 1784 4282 ὁράσεις

186 4306 398 4369 τελείας
428 4307 560 4376 περὶ
589 4305 686 4374 μὲν
715 4305 823 4358 τῶν
852 4304 1140 4374 βασιλειῶν
1169 4304 1283 4367 δύο,
1307 4305 1437 4375 περὶ
1467 4303 1524 4356 δὲ
1559 4303 1659 4373 τῆς
1688 4302 1783 4355 τοῦ

188 4399 445 4470 Σωτῆρος
498 4398 825 4468 παρουσίας,
870 4398 965 4450 καὶ
999 4397 1399 4460 καταπαύσεως
1441 4396 1542 4466 τῆς
1586 4396 1783 4467 Ἰερου-

191 4490 392 4560 σαλὴμ,
445 4491 544 4543 καὶ
591 4489 692 4559 τῆς
742 4487 836 4542 τοῦ
885 4489 1233 4559 ἀντιχρίστου
1288 4487 1615 4558 παρουσίας,
1657 4487 1777 4542 δύο.

1887 3287 2038 3362 Tyri,
2067 3298 2122 3344 et
2152 3290 2598 3344 lamentationem
2640 3301 2830 3344 contra
2859 3292 3036 3360 ipsum
3063 3310 3076 3344 :
3106 3299 3161 3346 et
3204 3292 3330 3347 [iliis
3359 3309 3463 3362 po-

1883 3382 1998 3450 puli
2044 3381 2283 3451 ejuszet
2340 3393 2531 3437 contra
2576 3392 2826 3452 pastores
2881 3382 3121 3438 lsraelis.
3174 3380 3460 3439 Postremo

1883 3474 2301 3530 aediﬁcationem
2327 3477 2512 3546 templi
2538 3483 2592 3530 et
2618 3474 2920 3532 Jerusalem
2946 3475 3208 3532 describit
3235 3491 3299 3531 ac
3327 3492 3462 3548 pro-

1883 3563 2089 3634 phetat.

2356 3740 2513 3795 Liber
2543 3739 2740 3805 XXII,
2776 3739 2982 3794 Daniel.

1953 3835 2045 3890 4|.
2087 3833 2155 3889 Et
2184 3833 2287 3890 iste
2310 3835 2364 3888 in
2387 3835 2700 3905 captivitate
2731 3832 2834 3887 fuit
2858 3847 3031 3902 usque
3055 3831 3122 3886 ad
3147 3847 3328 3902 regem
3354 3829 3463 3902 Cy-

1882 3943 2007 3982 rum
2052 3925 2298 3981 Persam.
2348 3925 2585 3980 Causam
2635 3925 2901 3979 Susannze
2935 3924 3052 3992 ipse
3087 3922 3376 3992 judicavit,
3406 3929 3462 3976 et

1884 4019 2128 4074 seniores
2153 4028 2412 4088 tanquam
2439 4017 2805 4088 sye0phantas
2827 4015 3230 4070 condemnavit.
3257 4012 3464 4068 Deinde

1883 4112 2100 4169 somnia
2145 4111 2291 4181 regis
2323 4109 2582 4181 patefecit
2615 4116 2668 4164 et
2702 4109 3097 4177 interpretatus
3139 4113 3246 4162 est.
3278 4103 3465 4159 Visio-

1882 4222 1982 4261 nes
2015 4219 2234 4275 quoque
2278 4203 2552 4275 perfectas
2583 4200 2739 4265 vidit,
2775 4200 2842 4256 de
2891 4200 3074 4269 regnis
3121 4198 3281 4262 duas,
3313 4204 3368 4251 et
3396 4197 3464 4251 de

1885 4297 2124 4351 adventu
2158 4295 2460 4349 Salvatoris
2483 4305 2538 4349 et
2563 4295 2872 4349 cessatione
2893 4291 3222 4354 Jerusalem,
3260 4289 3465 4343 adven-

1885 4399 2049 4461 tuque
2079 4390 2402 4445 Antichristi
2437 4389 2595 4443 duas.
2646 4385 2845 4440 Narrat
2878 4387 3042 4440 etiam
3091 4383 3159 4437 de
3197 4381 3462 4452 martyrio

1886 4483 2167 4546 Sedrach,
2223 4483 2429 4538 Misaeh
2489 4489 2543 4536 et
2599 4480 2927 4550 Abdenago,
2970 4465 3178 4546 Ideque
3241 4476 3459 4530 illorum

188 4547 470 4652 Διηγείται
521 4581 580 4633 δὲ
633 4547 760 4652 περὶ
809 4581 902 4634 τοῦ
951 4547 1249 4653 μαρτυρίου
1298 4547 1526 4650 Σεδρὰχ,
1568 4547 1778 4650 ίνίισάχ,

1893 4578 2090 4647 hymno
2120 4595 2131 4628 :
2164 4583 2218 4630 et
2246 4575 2392 4646 quod
2429 4574 2534 4645 ipsi
2566 4573 2785 4642 quidem
2829 4547 3027 4626 servati
3060 4569 3140 4639 (in
3169 4569 3335 4639 igne),
3365 4565 3461 4635 qui

188 4677 283 4728 xu".
322 4674 656 4743 Ἀϐδεναγὼ,
692 4675 785 4728 καὶ
818 4674 1069 4746 περὶτοῦ
1109 4673 1280 4745 ὕμνου
1312 4674 1490 4728 αὐτῶν
1513 4691 1527 4704 ο
1574 4674 1668 4726 καὶ
1698 4675 1780 4726 ὃτι

189 4769 341 4820 αὐτοὶ
388 4769 493 4838 μὲν
536 4767 899 4837 διεσώθησαν,
934 4768 984 4819 οἱ
1027 4767 1085 4820 δέ
1116 4765 1472 4829 ὑποκαίοντες
1515 4764 1782 4833 κατεφλέ-

189 4859 418 4930 χθησαν,
458 4860 554 4912 καὶ
585 4858 830 4926 μετέγνω
871 4861 900 4911 ὁ
940 4857 1224 4928 βασιλεύςο
1273 4859 1367 4911 καὶ
1393 4860 1475 4911 ὅτι
1509 4857 1670 4919 αὐτὸς
1701 4857 1784 4920 δὶς

189 4951 390 5023 ἐϐλήθη
417 4954 503 5015 είς
530 4951 623 5003 τὸν
651 4952 852 5005 λάκκον
874 4950 984 5006 τῶν
1020 4950 1248 5003 λεόντων
1268 4966 1282 4980 ’
1316 4949 1377 5002 τὸ
1415 4949 1514 5020 μὲν
1543 4947 1781 5019 πρῶτον,

188 5045 374 5115 ἐπειδὴ
410 5044 526 5097 τῶν
561 5043 922 5097 Βαϐυλωνίων
963 5043 1417 5115 προσευχομένων
1456 5040 1668 5112 Δαρείῳ
1703 5039 1782 5109 τῷ

189 5136 400 5206 βασιλεῖ
448 5136 611 5206 μόνος
642 5136 805 5199 αὐτὸς
834 5134 956 5205 Θεῷ
1000 5134 1342 5206 προσηύχετο
1367 5149 1380 5162 ·
1416 5132 1478 5185 τὸ
1510 5131 1567 5184 δὲ
1601 5130 1785 5184 δεύτε-

191 5247 303 5299 ρον,
348 5228 492 5282 διότι
533 5227 627 5280 τὸν
674 5227 786 5299 Βὴλ
832 5227 1192 5300 κατέστρεψε,
1218 5223 1330 5298 ,καὶ
1373 5223 1466 5277 τὸν
1511 5221 1783 5294 δράκοντα

187 5319 396 5372 ἀνεῖλεν
450 5319 545 5371 ἐπὶ
590 5317 777 5390 Κύρου
826 5316 922 5370 τοῦ
980 5315 1271 5387 βασιλέως·
1323 5315 1419 5367 καὶ
1472 5312 1632 5376 αὐτὸς
1683 5312 1782 5382 μὲν

187 5412 443 5484 διεσώθη,
479 5413 578 5466 καὶ
610 5411 720 5464 ἀπὸ
754 5411 863 5463 τῶν
888 5411 1118 5463 λεόντων
1145 5406 1376 5479 ἀνῆλθεν
1411 5407 1475 5458 ἐκ
1515 5403 1612 5458 τοῦ
1651 5403 1784 5457 λάκ-

1885 4668 2287 4725 succenderant
2338 4684 2469 4724 vero
2521 4683 2550 4721 a
2603 4667 2819 4720 ﬂamma
2863 4662 3174 4731 consumpti
3219 4662 3364 4720 sint,
3407 4665 3462 4712 et

1888 4761 2034 4830 quod
2082 4775 2263 4831 regem
2316 4759 2447 4813 lacti
2495 4757 2833 4828 pmnituerit.
2871 4753 2954 4807 Ad
3001 4753 3136 4815 haec,
3190 4747 3464 4820 quomodo

1887 4855 2004 4922 ipse
2037 4852 2122 4906 bis
2171 4853 2242 4907 sit
2293 4851 2346 4905 in
2405 4851 2582 4904 lacum
2619 4850 2838 4904 leonum
2885 4841 3462 4914 abjectuszprimum,

1887 4945 2034 5016 quod
2071 4961 2194 4999 eum
2246 4943 2526 5014 Babylonii
2575 4958 2756 5013 regem
2805 4940 3030 4993 Darium
3077 4941 3319 4995 orarent,
3350 4932 3472 5001 ipse

1888 5037 2041 5092 solus
2073 5035 2242 5090 Deum
2279 5042 2513 5089 orasset.
2549 5031 2825 5094 Secundo,
2857 5028 3002 5099 quod
3035 5025 3137 5081 sub
3165 5024 3309 5091 Cyro
3340 5035 3469 5090 rege

1885 5127 1983 5183 Bel
2051 5127 2451 5187 destruxissct,
2505 5134 2559 5180 et
2621 5123 2916 5178 draconem
2976 5114 3468 5172 interemisset:et

1887 5219 2162 5290 quomodo
2193 5220 2308 5288 ipse
2349 5225 2602 5273 servatus
2648 5231 2679 5269 a
2729 5213 2998 5274 leonibus,
3031 5218 3086 5265 et
3117 5223 3147 5262 e
3176 5207 3299 5259 lacu
3334 5203 3469 5257 sub-

1888 5313 2111 5377 ductus,
2145 5312 2498 5368 insidiatores
2532 5323 2660 5364 vero
2691 5307 2866 5375 ipsius
2909 5305 2964 5358 in
3004 5301 3254 5376 eumdem
3287 5297 3468 5350 lacum

1887 5404 2107 5458 leonum
2139 5403 2335 5472 dejecti
2369 5400 2659 5456 confestim
2705 5399 2774 5452 ab
2805 5397 2940 5465 ipsis
2977 5389 3226 5447 devorati
3261 5387 3394 5442 sint.

188 5523 316 5558 κου·
348 5475 493 5559 οῖ’δὲ
521 5502 1004 5566 ἐπιϐουλεύσαντες
1041 5498 1192 5570 αὐτῷ
1225 5475 1534 5569 ἐϐλήθησαν
1571 5497 1652 5560 είς
1688 5494 1782 5548 τὸν
1825 5493 2028 5549 λάκκον
2092 5494 2201 5547 τῶν
2239 5494 2488 5560 λεόντων,
2533 5491 2628 5545 καὶ
2666 5489 2828 5550 εὐθὺς
2907 5481 3334 5555 κατεϐρώθησαν
3376 5475 3469 5530 ὑπ’

189 5601 383 5658 αὐτῶν.

260 5719 372 5787 (l9)
409 5717 660 5787 Isidorus
690 5715 808 5770 Pel.
851 5715 902 5787 l.
929 5730 1003 5774 tv,
1036 5715 1199 5787 epist:
1255 5711 1348 5771 Η,
1387 5709 1783 5787 legitplurics,

1893 5707 2170 5762 ιοδίασανο
2219 5703 2470 5775 ,Ηὶει-ειη.
2512 5714 2676 5776 ⁴χχιι,
2716 5697 2807 5765 29,
2845 5697 3036 5768 legitur
3100 5693 3461 5766 minatum;

192 5782 386 5847 Ezec'h.
420 5803 583 5846 xvm.
614 5785 670 5846 2.
706 5786 1065 5848 ἐγοαφίασαν,
1095 5782 1284 5838 eadem
1311 5782 1603 5840 sententia.
