3886 6182
377 304 479 362 367
1542 282 1597 338 S.
1639 276 2105 336 ATHANASIUS.
2145 304 2217 316 —
2251 271 2484 331 DUBIA.
3555 257 3665 318 568

453 418 613 489 129
627 415 777 471 Finis
800 414 1067 469 librorum
1099 406 1498 465 canonieorum
1521 401 1741 458 Veteris
1764 399 1964 455 Testa-
1992 422 2006 460 λ

2139 394 2304 458 Τέλος
2356 393 2464 447 τῶν
2517 387 2948 460 κανονιζομένων
3001 384 3223 457 βιϐλίων
3267 383 3369 453 τῆς
3413 379 3666 443 Παλαιᾶς

373 513 574 575 menti,
603 520 832 562 numero
854 503 1045 576 viginti
1081 504 1213 564 duo,
1248 500 1313 554 ad
1330 510 1620 553 numerum
1654 494 1962 548 litterarum

2112 486 2343 557 ιαθήκης
2379 485 2459 547 είς
2502 481 2677 535 είκοσι
2722 479 2817 534 καὶ
2860 478 2953 534 δύο
2998 473 3486 548 συμποσουμένων,
3519 470 3667 524 κατὰ

379 604 733 660 Bebraaarum
767 562 1094 668 computati.
1136 562 1387 649 Totidem
1428 604 1666 659 namque
1697 585 1841 657 apud
1870 600 1967 641 eos

2111 580 2159 632 ὃν
2215 575 2446 648 ἀριθμὸν
2490 572 2601 626 τῶν
2645 572 2776 643 παρ’
2818 569 3092 642 Ἑϐραίοις
3121 564 3489 638 γραμμάτων.
3521 562 3669 615 Τοσ-

380 703 511 753 sunt
549 696 861 759 litterarum
893 655 1189 748 elementa,
1227 686 1373 741 sicut
1402 655 1664 738 diximus.
1702 655 1969 733 Similiter

2111 668 2209 723 ὖτα
2247 668 2355 738 γάρ
2414 669 2531 718 ἐστι
2566 665 2696 736 παρ’
2748 664 2929 725 αὐτοῖς
2957 659 3026 714 τὰ
3064 661 3338 729 στοιχεῖα,
3376 656 3452 719 ὼς
3484 655 3672 726 προεί-

383 792 453 848 de
501 789 625 843 aliis
681 784 894 840 Veteris
942 781 1281 836 Testainenti
1326 776 1485 831 libris
1526 772 1819 829 dicendum
1862 777 1967 833 est,

385 883 480 955 qui
510 882 566 935 in
598 892 810 934 canone
844 873 1069 945 quidem
1093 888 1203 927 non
1246 876 1393 931 sunt,
1429 867 1523 923 sed
1560 867 1818 936 leguntur
1848 870 1972 916 tan-

386 982 524 1039 tum,
562 972 704 1028 sicut
726 982 892 1039 supra
923 964 1129 1019 dictum
1171 969 1275 1019 est.

976 1078 1133 1134 Liber
1166 1075 1373 1131 Esther.

460 1180 548 1237 42.
583 1177 675 1235 Sic
694 1182 925 1232 vocatur
970 1172 1062 1227 hic
1094 1172 1253 1235 liber,
1286 1169 1413 1239 quia
1460 1164 1747 1245 historiam
1780 1160 1979 1216 Esthe-

388 1276 471 1331 ris
505 1270 909 1343 complectitur,
945 1264 1221 1337 quomodo
1250 1278 1347 1332 per
1380 1261 1528 1315 illam
1577 1257 1722 1313 Deus
1752 1254 1979 1309 univer-

391 1383 511 1426 sam
541 1366 856 1421 Iudaeorum
885 1368 1101 1431 gentem
1122 1357 1351 1429 jamjam
1378 1354 1681 1425 perituram
1719 1360 1978 1403 servave-

392 1462 489 1525 rit,
520 1466 574 1514 et
596 1458 791 1521 Aman,
827 1453 921 1525 qui
954 1451 1188 1507 insidias
1221 1447 1657 1507 machinabatur,
1685 1454 1979 1513 percusse-

394 1554 487 1610 rit.
533 1550 698 1606 Gesta
743 1553 873 1604 sunt
914 1553 1095 1601 autem
1134 1544 1240 1599 ista
1288 1542 1343 1596 in
1406 1538 1586 1602 Susis,
1634 1538 1743 1590 hoc
1794 1530 1979 1587 modo.

395 1645 727 1699 Artaxerxes
753 1655 871 1704 rex,
898 1637 1186 1709 repudiata
1209 1647 1383 1689 uxore
1399 1646 1522 1696 sua,
1545 1629 1708 1683 aliam
1736 1626 1792 1680 in
1815 1638 1984 1695 regno

399 1752 523 1802 suo,
559 1750 682 1805 qua:
720 1735 967 1793 omnium
1007 1736 1155 1785 esset
1198 1724 1570 1797 pulcherrima
1600 1728 1655 1775 et
1695 1716 1983 1773 formosis-

2072 778 2265 832 πομεν.
2310 757 2531 829 Ῥητέον
2566 755 2623 809 δὲ
2667 754 2868 826 ὁμοίως
2902 753 2995 806 καλ⁸
3027 749 3156 822 περὶ
3188 749 3297 801 τῶν
3330 748 3535 819 ἐτέρων
3568 747 3670 817 τῆς

2072 854 2317 916 Παλαιᾶς
2351 850 2567 922 βίϐλων,
2604 847 2715 902 τῶν
2752 846 2827 918 μὴ
2856 840 3291 914 κανονιζομένων
3326 842 3446 912 μὲν,
3476 842 3671 908 ἀναγι-

2075 945 2439 1017 νωσκομένων
2465 943 2520 997 δὲ
2552 943 2733 1014 μόνον,
2763 941 2837 1004 ὡς
2864 937 3292 1012 προδεδήλωται.

2610 1053 2854 1107 Βιϐλίων·
2897 1032 3137 1117 Ἑάθήρ.

2150 1147 2239 1203 42.
2269 1146 2427 1201 Οὕτω
2455 1144 2698 1200 καλεῖται
2723 1141 2784 1194 τὸ
2809 1140 3032 1211 βιϐλίον,
3067 1136 3256 1207 ἐπειδὴ
3288 1135 3383 1190 καὶ
3411 1134 3512 1205 τὴν
3543 1130 3677 1205 περὶ

2079 1242 2180 1313 τῆς
2210 1240 2412 1310 Ἐσθὴρ
2446 1236 2686 1308 ἱστορίαν
2721 1232 2985 1305 περιέχει,
3026 1229 3144 1293 πῶς
3175 1231 3203 1283 6
3228 1227 3359 1290 Θεὸς
3385 1227 3450 1280 δι’
3478 1224 3674 1296 αὐτῆς,

2085 1334 2377 1407 μέλλοντας
2407 1326 2740 1383 ἀπόλλυσθαι
2783 1323 3050 1394 παγγενεὶ
3080 1322 3204 1384 τοὺς
3240 1318 3547 1383 Ἰουδαίους,
3575 1318 3679 1370 αὐ-

2083 1428 2211 1490 τοὺς
2243 1425 2340 1497 μὲν
2369 1423 2618 1488 διέσωσε,
2644 1420 2739 1474 τὸν
2767 1418 2824 1471 δὲ
2859 1415 3052 1489 Ἀμὰν,
3087 1415 3178 1468 τὸν
3215 1412 3518 1484 θελήσαντα
3551 1411 3680 1463 ἐπι-

2086 1518 2403 1581 ϐουλεῦσαι,
2431 1513 2723 1578 ἐπάταξεν.
2759 1512 2825 1565 Ἢ
2862 1510 2920 1564 δὲ
2963 1507 3170 1580 ἱστορία
3199 1505 3422 1576 γέγονεν
3460 1504 3517 1557 ἐν
3546 1500 3684 1555 Σού-

2091 1629 2226 1675 σοις,
2240 1609 2338 1664 καὶ
2354 1607 2500 1662 ἐστιν
2517 1604 2680 1675 αὕτη.
2699 1599 3058 1675 Ἀρταξέρξης
3087 1600 3116 1652 6
3138 1596 3407 1668 βασιλεὺς,
3433 1591 3683 1648 ἐκϐαλὼν

2087 1705 2185 1777 τὴν
2227 1702 2364 1756 ἰδίαν
2407 1701 2660 1771 γυναῖκα,
2708 1696 2971 1766 ἐζήτησεν
3013 1693 3070 1744 ὲν
3112 1693 3177 1760 τῇ
3224 1686 3469 1760 βασιλείᾳ
3510 1682 3683 1738 αὑτοῦ

400 1774 523 1802 ουν,
559 1774 682 1805 qu...
721 1774 967 1793 V.....,.....
1009 1774 1154 1785 νην-
1200 1774 1493 1797 ,_-__-____,
1612 1774 1621 1775 ,

400 1828 561 1890 sima,
593 1839 758 1896 quam
803 1823 858 1877 in
890 1835 1119 1896 uxorem
1166 1816 1473 1884 acciperet,
1505 1807 1775 1880 quaesivit.
1811 1804 1875 1860 Et
1901 1804 1986 1858 in-

2111 1791 2185 1864 ῖὴν
2220 1789 2440 1844 πάντων
2474 1783 2932 1841 καλλιστεύουσαν
2978 1780 3073 1835 καὶ
3108 1777 3443 1850 ὡραιοτέραν
3489 1774 3682 1829 λαϐεῖν

2231 1882 2257 1894 ι.
2437 1883 2459 1896 .
2585 1881 2626 1896 υ
2671 1880 2684 1896 ς
2734 1877 2778 1896 κε
2805 1875 2914 1896 sm”
2956 1875 2984 1896 ,ι
3027 1872 3226 1896 917-113.-
3279 1871 3337 1896 ,λ
3362 1870 3514 1896 ηιμ--
3547 1867 3652 1896 οι-..

399 1924 563 1973 venta
597 1886 681 1972 est
726 1913 925 1969 Esther
960 1886 1182 1965 natione
1211 1906 1422 1962 Judtea.
1460 1901 1541 1956 Illi
1568 1909 1837 1971 cognatus
1866 1905 1987 1951 erat

401 2010 634 2065 nomine
687 2005 1089 2068 Mardochaeus,
1124 2009 1180 2056 et
1218 2001 1336 2071 ipse
1365 2013 1433 2053 ex
1468 1995 1807 2066 captivitate,
1865 2003 1989 2061 quae

404 2103 508 2161 sub
552 2100 781 2157 Sedecia
814 2099 959 2153 facta
1010 2096 1211 2157 fuerat,
1256 2094 1313 2147 in
1350 2090 1541 2145 eadem
1588 2086 1831 2156 regione.
1870 2082 1989 2137 Rex

405 2199 586 2247 autem
610 2204 737 2246 cum
767 2186 954 2258 magni
978 2183 1179 2239 faceret
1212 2180 1517 2236 aulicorum
1546 2187 1771 2229 suorum
1802 2183 1993 2240 quem-

406 2283 532 2338 dam
562 2280 785 2335 nomine
813 2257 1009 2337 Aman,
1028 2273 1271 2343 jusserat
1298 2269 1449 2322 illum
1482 2265 1551 2319 ab
1575 2261 1832 2318 omnibus
1862 2257 1993 2312 ado-

405 2373 542 2431 rari.
587 2369 692 2427 Sed
716 2384 842 2425 cum
870 2365 1270 2428 Mardochaaus,
1303 2360 1375 2416 ob
1394 2357 1488 2413 Dei
1517 2355 1604 2411 sui
1630 2354 1994 2415 cultum,non

410 2463 664 2520 adoraret
704 2461 894 2524 illum,
924 2473 1040 2513 rem
1091 2454 1314 2523 indigne
1352 2450 1479 2504 tulit
1522 2447 1722 2508 Aman,
1766 2452 1822 2498 et
1869 2455 1995 2498 cum

410 2554 760 2628 cognovisset
778 2550 926 2622 quod
953 2547 1175 2603 Iudaeus
1205 2551 1373 2606 esset,
1409 2538 1524 2610 regi
1549 2535 1842 2591 Artaxerxi
1872 2548 1997 2604 per-

413 2646 589 2705 suasit
634 2654 692 2699 ut
752 2642 963 2712 scripto
1002 2640 1225 2709 juberet
1268 2634 1559 2688 universos
1607 2630 1663 2684 in
1697 2642 1865 2698 regno
1896 2640 1999 2682 suo

408 2739 631 2798 Judaaos
661 2750 771 2790 uno
798 2734 888 2789 die
917 2730 1124 2788 mensis
1155 2724 1469 2783 duodecimi
1503 2722 1723 2793 penitus
1756 2735 1821 2774 ac
1872 2718 1999 2772 fun-

414 2833 564 2887 ditus
595 2826 785 2885 deleri.
814 2825 894 2879 Re
922 2828 1224 2891 comperta,
1262 2815 1639 2871 Mardochaeus
1671 2812 1806 2867 luxit
1843 2818 1898 2865 et
1918 2810 2002 2882 je-

410 2922 648 2995 junavit,
674 2926 838 2988 atque
868 2923 995 2970 ante
1022 2912 1222 2968 Esther
1249 2908 1595 2982 provolutus,
1612 2913 1670 2959 ut
1700 2905 1817 2974 ipsa
1840 2916 2000 2973 opem

417 2993 606 3077 l‘erret,
644 3016 905 3083 precatus
939 3013 1048 3062 est.
1084 3004 1287 3060 Esther
1330 3002 1537 3070 itaque,
1574 2996 1877 3068 praemissis
1919 2993 2005 3063 je-

2089 1882 2267 1954 ἐαυτῷ
2297 1883 2553 1952 γυναῖκα.
2584 1880 2695 1933 Καὶ
2726 1875 2922 1947 εὑρέθη
2956 1875 2989 1945 ή
3027 1872 3250 1944 Ἐσθὴρ,
3278 1871 3340 1924 τὸ
3362 1870 3514 1939 γένος
3547 1867 3687 1923 ’1ου-

2090 1978 2216 2032 δαία
2244 1974 2612 2045 τυγχάνουσα.
2644 1967 2753 2025 *Ην
2794 1968 2852 2023 δὲ
2900 1968 2996 2022 καὶ
3022 1965 3365 2037 Μαρδοχαῖος
3412 1962 3684 2032 συγγενὴς

2091 2072 2263 2144 αὐτῆς
2295 2069 2403 2123 ἀπὸ
2432 2069 2532 2140 τῆς
2552 2064 2929 2138 αἰχμαλωσίας
2954 2061 3055 2131 τῆς
3082 2059 3380 2131 γενομένης
3405 2056 3497 2110 ἐπὶ
3519 2055 3684 2109 Σεδε-

2092 2164 2213 2218 κίου
2239 2165 2297 2216 ἐν
2322 2163 2459 2233 αὐτῇ
2488 2163 2554 2232 τῇ
2576 2158 2752 2231 χώρα.
2782 2158 2840 2211 '0
2864 2151 2954 2209 οὖν
2980 2152 3252 2225 βασιλεὺς,
3281 2150 3424 2222 μέγα
3448 2150 3687 2220 ποιήσας

2092 2254 2216 2309 τινὰ
2242 2253 2348 2307 τῶν
2378 2251 2595 2316 ἐαυτοῦ,
2627 2249 2919 2319 λεγόμενον
2958 2245 3151 2316 Ἀμὰν,
3184 2242 3439 2296 ἐκέλευσε
3475 2241 3689 2303 πάντας

2095 2346 2257 2403 αὐτὸν
2304 2345 2656 2418 προσκυνεῖν.
2713 2339 2873 2394 Ἀλλὰ
2915 2337 3010 2392 τοῦ
3055 2335 3399 2408 Μαρδοχαίου
3451 2332 3542 2387 διὰ
3585 2333 3689 2403 τὴν

2097 2440 2235 2511 πρὸς
2258 2438 2352 2493 τὸν
2375 2438 2507 2492 Θεὸν
2527 2435 2782 2508 λατρείαν
2814 2433 2887 2505 μὴ
2915 2430 3347 2503 προσκυνοῦντος
3380 2426 3561 2492 αὐτὸν,
3579 2426 3693 2498 ὼρο

2097 2529 2261 2599 γίσθη
2302 2530 2331 2582 6
2370 2528 2573 2599 Ἀμάν·
2614 2526 2709 2579 καὶ
2745 2522 2951 2595 μαθὼν,
2982 2523 3064 2575 ὃτι
3102 2520 3350 2583 Ἰουδαῖός
3382 2520 3523 2582 ἐστι,
3571 2517 3696 2571 πεί-

2099 2621 2184 2676 θει
2214 2620 2304 2675 τὸν
2336 2618 2564 2691 βασιλέα
2596 2614 2980 2689 ’Δρταξέρξην,
3014 2613 3122 2666 καὶ·
3141 2611 3363 2683 γράφει,
3389 2608 3531 2663 ὥστε
3559 2608 3695 2661 πάν-

2099 2732 2199 2779 τας
2230 2716 2355 2778 τοὺς
2383 2715 2441 2767 ὲν
2472 2714 2538 2783 τῇ
2585 2709 2833 2781 βασιλεία
2867 2704 3033 2761 αὐτοῦ
3063 2705 3350 2766 Ἰουδαίους
3379 2701 3695 2773 ὁλορῤίζους

2101 2804 2401 2864 ἀπολέσθαι
2441 2806 2497 2857 ἐν
2532 2804 2629 2874 μιᾷ
2674 2801 2859 2872 ἡμέρα
2882 2796 2960 2868 τῷ
3004 2797 3069 2868 ιβ’
3116 2797 3265 2869 μηνί.
3316 2793 3487 2848 Τοῦτο
3516 2794 3698 2846 τοίνυν

2107 2898 2298 2973 μαθὼν
2338 2899 2367 2950 ὁ
2406 2896 2773 2968 Μαρδοχαῖος,
2808 2890 3046 2954 ἐπένθει,
3075 2890 3171 2942 καὶ
3215 2887 3491 2960 νηστεύων
3525 2901 3702 2957 προσ-

2105 2993 2270 3048 έπεσε
2300 2993 2366 3062 τῇ
2399 2989 2620 3061 Ἐσθὴρ,
2661 2985 2827 3051 ἀξιῶν
2857 2986 2989 3056 παρ’
3037 2983 3208 3053 αὐτῆς
3254 2979 3508 3052 βοήθειαν
3540 2978 3701 3048 γενέ-

414 3071 665 3177 juniovet.
708 3100 1122 3191 precationibus
1159 3097 1227 3151 ad
1263 3095 1458 3157 Deum,
1492 3092 1659 3162 regali
1700 3106 1760 3145 se
1797 3086 2004 3143 mundo

2111 3086 2252 3140 σθαι.
2293 3084 2359 3137 Ἦ
2388 3082 2569 3136 τοίνυν
2608 3079 2830 3151 Ἐσθὴρ,
2866 3074 3236 3147 Δνηστεύσασα,
3281 3074 3377 3126 καὶ
3421 3071 3700 3143 εὐξαμένη

420 3197 660 3256 ornavit.
694 3210 797 3249 nee
828 3176 1021 3247 vocata
1053 3191 1192 3260 (erat
1228 3197 1411 3241 autem
1448 3184 1698 3237 illicitum
1744 3195 1855 3235 non
1905 3192 1999 3234 vo-

421 3290 564 3345 catis
593 3287 746 3341 adire
788 3283 993 3355 regem)
1024 3288 1179 3337 extra
1233 3277 1513 3348 temporis.
1543 3272 2006 3344 opportunitatem

425 3379 495 3436 ad
519 3392 699 3448 regem
727 3378 975 3447 ingressa
995 3380 1101 3436 est,
1134 3385 1366 3442 sperans
1413 3366 1785 3439 precationem
1813 3376 2011 3432 oppor-

421 3470 682 3528 tunitatis
722 3470 843 3521 loco
887 3465 1124 3520 futuram
1153 3483 1164 3518 :
1198 3477 1323 3517 cum
1352 3458 1699 3515 insolentiam
1732 3454 1861 3509 facti
1912 3451 2007 3505 ad-

426 3567 659 3621 miratus
687 3546 835 3616 esset
859 3557 995 3623 Rex,
1033 3557 1121 3611 illa
1143 3557 1196 3610 in
1222 3564 1422 3608 terram
1455 3566 1567 3622 pra:
1594 3556 1741 3604 metu
1768 3546 2011 3615 collapsa

424 3666 532 3714 est.
569 3655 637 3709 At
664 3652 808 3723 regis
844 3648 1184 3705 iracundiam
1211 3645 1356 3701 Deus
1396 3645 1452 3698 in
1484 3657 1707 3698 suavem
1753 3637 2011 3693 ali'ectum

428 3760 484 3806 et
524 3743 1004 3803 mansuetudinem
1052 3738 1383 3800 immutavit,
1427 3736 1502 3790 ita
1538 3743 1596 3789 ut
1636 3749 1667 3788 e
1698 3733 1837 3787 solio
1886 3744 2013 3785 sur-

426 3856 565 3909 gens
602 3837 887 3907 conjugem
914 3837 1245 3903 prostratam
1276 3832 1534 3897 erigeret,
1566 3829 1621 3878 et
1675 3831 1878 3876 metum
1915 3833 2015 3890 po-

428 3948 563 3988 ncrc
598 3931 934 3990 hortaretur,
967 3926 1078 3980 imo
1107 3922 1385 3994 optionem
1425 3919 1581 3973 daret
1605 3913 1825 3987 petendi
1854 3911 2016 3984 quid-

432 4023 564 4095 quid
606 4022 786 4077 vellet.
818 4018 936 4081 llla,
973 4022 1034 4071 ut
1068 4029 1164 4069 rex
1205 4026 1331 4066 eum
1380 4010 1556 4065 Aman
1601 4007 1669 4061 ad
1703 4004 2016 4061 convivium

436 4094 596 4172 suum
623 4112 811 4169 venire
865 4109 1206 4180 dignaretur,
1253 4118 1366 4159 non
1411 4100 1600 4163 semel,
1644 4097 1739 4154 sed
1774 4094 2018 4152 secundo

434 4222 654 4281 quoque
676 4205 853 4276 petiit.
870 4204 1042 4257 Aman
1072 4215 1185 4271 prae
1210 4196 1411 4270 gaudio
1426 4194 1634 4250 eﬂusus
1659 4207 1724 4247 ac
1751 4191 2017 4263 gestiens,

437 4301 584 4371 quod
633 4298 832 4369 dignus
864 4296 1159 4350 haberetur
1190 4306 1222 4346 a
1265 4289 1452 4360 regina
1485 4287 1671 4341 vocari
1709 4284 1775 4339 ad
1829 4283 2019 4338 convi-

437 4394 611 4456 vium,
634 4389 814 4446 adhuc
851 4387 1086 4458 amplius
1115 4384 1381 4439 adversus
1409 4379 1811 4435 Mardoehaeum
1844 4376 2020 4446 erige-

2106 3178 2185 3251 τῷ
2222 3176 2361 3249 Θεῷ,
2406 3174 2712 3246 ἐκόσμησεν
2739 3172 2938 3243 ἑαυτὴν
2971 3168 3047 3240 τῷ
3079 3167 3340 3241 βασιλικῷ
3368 3167 3578 3238 κόσμῳ,
3600 3168 3704 3221 καὶ

2113 3270 2187 3343 μὴ
2232 3253 2492 3341 κληθεῖσα
2535 3266 2657 3338 (οὐκ
2701 3261 2768 3337 ἦν
2801 3264 2911 3335 γὰρ
2957 3261 3078 3326 ἐξὸν
3140 3261 3400 3314 εἰσελθεῖν
3444 3258 3703 3330 ἀκλητί),

2110 3364 2261 3433 ὅμως
2310 3358 2526 3431 εἰσῆλθε
2577 3357 2729 3428 παρὰ
2775 3356 2867 3410 τὸν
2915 3354 3106 3426 καιρὸν
3146 3353 3285 3425 πρὸς
3327 3353 3417 3406 τὸν
3451 3351 3701 3423 βασιλέα,

2112 3456 2233 3509 ἀντὶ
2275 3453 2369 3507 τοῦ
2404 3451 2599 3523 καιροῦ
2635 3448 2916 3521 θαρροῦσα
2944 3450 3011 3519 τῇ
3049 3447 3216 3518 εὐχῇ*
3263 3441 3381 3499 εἶτα
3424 3446 3518 3499 τοῦ
3558 3446 3707 3516 βασι-

2111 3549 2248 3613 λέως
2289 3547 2661 3619 θαυμάζοντος
2694 3544 2756 3597 τὸ
2789 3544 2958 3611 ξένον,
2996 3542 3190 3595 ἔπεσεν
3230 3540 3412 3610 ἐκείνη
3456 3539 3567 3593 ἀπὸ
3604 3539 3704 3592 τοῦ

2115 3640 2299 3710 φόϐου.
2340 3640 2397 3692 '0
2422 3638 2477 3691 δὲ
2517 3638 2650 3701 Θεὸς
2685 3635 2946 3708 μετέϐαλε
2974 3635 3064 3687 τὸν
3102 3632 3274 3703 θυμὸν
3310 3632 3405 3686 τοῦ
3436 3630 3706 3702 βασιλέως

2116 3735 2197 3798 είς
2239 3733 2478 3787 διάθεσιν
2522 3730 2619 3785 καὶ
2667 3730 2974 3803 πραότητα,
3016 3722 3127 3782 καὶν
3154 3725 3393 3788 ἀναστὰς
3436 3724 3708 3778 ἐϐάστασε

2113 3830 2214 3900 τήν
2255 3829 2510 3897 γυναῖκα,
2555 3823 2652 3878 καὶ.
2695 3821 2997 3895 παρεκάλει
3041 3820 3212 3890 αὐτὴν
3267 3819 3343 3891 μὴ
3384 3816 3704 3887 φοϐεῖσθαιο

2117 3921 2255 3976 ἀλλὰ
2286 3921 2380 3975 καὶ
2412 3919 2646 3989 ἠξίωσεν
2679 3916 2848 3989 αὐτὴν
2882 3912 3234 3987 αἰτήσασθαι,
3262 3910 3317 3964 εἴ
3348 3928 3400 3964 τι
3439 3909 3704 3981 βούλοιτο.

2130 4011 2197 4067 Ἦ
2220 4012 2278 4066 δέ
2307 4012 2400 4065 ἐπὶ
2425 4011 2640 4064 δεῖπνον
2665 4007 2902 4079 ἠξίωσεν
2939 4005 3117 4059 ἐλθεῖν
3145 4002 3313 4057 αύτὸν
3335 4018 3393 4055 τε
3418 4000 3511 4055 τὸν
3547 3999 3708 4072 βασι-

2117 4104 2214 4158 λέα
2248 4106 2344 4159 καὶ
2390 4103 2482 4158 τὸν
2518 4102 2713 4174 Ἀμὰν,
2758 4100 2858 4173 οὐχ
2897 4098 3064 4164 ἅπαξ,
3113 4095 3250 4151 ἀλλὰ
3290 4096 3386 4150 καὶ
3426 4093 3709 4165 δεύτερον.

2132 4197 2192 4249 '0
2221 4196 2319 4267 μὲν
2347 4189 2441 4248 οὖν
2468 4191 2662 4265 Ἀμὰν,
2692 4190 2990 4263 διαχυθεὶς,
3018 4189 3113 4243 καὶ
3140 4187 3425 4259 γανωθεὶς,
3448 4184 3524 4250 ὡς
3548 4183 3715 4251 ἀξιω-

2122 4287 2238 4352 θεὶς
2270 4287 2375 4340 ὑπὸ
2406 4287 2506 4357 τῆς
2539 4284 2861 4356 βασιλίσσης
2890 4282 3176 4354 κληθῆναι,
3215 4280 3299 4335 ἔτι
3342 4278 3542 4350 μᾶλλον
3574 4279 3716 4347 ἐπή-

2125 4397 2250 4454 ρετο
2296 4379 2439 4434 κατὰ
2484 4378 2579 4433 τοῦ
2623 4375 2994 4450 Μαρδοχαίου,
3039 4374 3136 4428 καὶ
3182 4371 3415 4442 ποιήσας
3472 4368 3715 4438 κοπῆναι

439 4486 646 4540 batur:
679 4480 1002 4550 curavitque
1046 4478 1252 4547 lignum
1304 4473 1539 4530 sublime
1583 4469 1786 4531 excidi.
1829 4468 2006 4522 volens

2127 4472 2281 4538 ξύλον
2320 4472 2484 4544 μέγα,
2539 4470 2792 4523 ἐϐούλετο
2831 4469 2925 4521 τὸν
2968 4466 3315 4538 Μαρδοχαῖον
3355 4465 3437 4527 είς
3478 4460 3614 4516 αὐτὸ
3644 4461 3717 4530 τῇ

444 4576 500 4631 in
530 4590 598 4631 eo
631 4579 892 4642 sequente
926 4571 1015 4625 die
1066 4567 1404 4639 suspendere
1446 4562 1871 4618 Mardocharum.
1905 4558 2020 4613 Rex

442 4682 595 4733 vero,
626 4665 769 4720 bona
796 4662 1030 4734 quadam
1064 4656 1425 4732 providentia,
1450 4661 1668 4709 noctem
1692 4653 1840 4707 illam
1868 4648 2026 4705 duxit

443 4760 778 4821 insomnem,
820 4765 873 4811 et
920 4768 1045 4808 cum
1090 4751 1333 4805 dormire
1386 4747 1663 4818 nequiret,
1698 4745 1867 4815 jussit
1920 4740 2022 4797 sibi

447 4847 871 4907 commentarios
903 4855 1148 4899 actorum
1189 4856 1414 4898 suorum
1445 4840 1571 4908 legi.
1603 4837 1851 4906 Cumque
1882 4835 2026 4904 lege-

447 4951 659 5004 rentur,
684 4947 908 4993 ventum
936 4943 1020 4991 est
1059 4934 1126 4989 ad
1156 4949 1280 4989 eum
1307 4933 1511 4995 locum,
1542 4931 1598 4983 in
1623 4942 1734 4998 quo
1759 4925 2027 4993 scripturn

447 5043 566 5091 erat
597 5030 923 5088 beneﬁcium
956 5028 1066 5097 regi
1102 5042 1132 5079 a
1178 5024 1519 5079 Mardochzeo
1562 5020 1847 5075 collatum.
1880 5016 2027 5070 Duos

449 5125 595 5180 enim
647 5119 930 5177 eunuchos
979 5118 1093 5187 regi
1141 5115 1488 5176 insidiantes,
1522 5111 1637 5180 regi
1690 5107 2025 5177 prodiderat,

451 5224 507 5271 et
534 5212 865 5269 convicerat.
906 5205 1007 5261 Hic
1033 5222 1131 5261 rex
1160 5206 1233 5259 ob
1263 5203 1589 5257 Mardochaei
1614 5199 1851 5253 cilicium
1878 5207 2031 5267 grato

455 5305 679 5360 aﬂ'ectus
702 5303 908 5363 animo,
943 5298 1221 5369 quaerebat
1242 5310 1479 5365 quonam
1514 5294 1667 5346 illum
1693 5293 1903 5346 honore
1930 5304 2031 5359 pro

455 5398 558 5453 hoc
585 5392 854 5451 beneﬁcio
880 5392 1127 5447 donaret.
1158 5389 1294 5444 Cum
1326 5396 1508 5442 autem
1540 5402 1700 5441 mane
1746 5387 1813 5439 ad
1864 5399 1926 5439 se
1956 5383 2035 5437 in-

457 5486 775 5557 grederetur
821 5486 1020 5547 Aman,
1052 5483 1247 5553 quaerit
1289 5481 1359 5535 ab
1394 5480 1488 5534 illo
1540 5495 1656 5545 rex,
1690 5492 1929 5549 quonam
1979 5482 2035 5529 et

456 5577 608 5647 quali
642 5576 846 5630 honore
871 5576 1070 5645 dignus
1098 5576 1170 5629 sit
1201 5576 1267 5639 is,
1308 5574 1402 5644 qui
1436 5588 1616 5643 regem
1652 5570 1921 5626 beneﬁcio
1951 5569 2037 5621 all-

461 5665 702 5722 fecisset.
740 5666 821 5721 Ad
872 5666 977 5721 hoc
1006 5665 1206 5730 Aman,
1248 5681 1373 5720 cum
1424 5682 1483 5720 se
1512 5666 1877 5720 arbitraretur
1910 5679 2032 5719 eum

461 5775 587 5819 esse
619 5761 686 5815 de
719 5776 829 5831 quo
864 5776 955 5816 rex
1001 5763 1299 5831 quaerebat,
1329 5762 1555 5832 dignum
1605 5776 1728 5817 esse
1766 5759 1902 5814 dixit
1944 5759 2036 5831 qui

2127 4562 2462 4636 ἐξῆςιήμέρα
2483 4561 2787 4634 κρεμάσαι·
2816 4563 2846 4614 6
2870 4559 2928 4612 δὲ
2965 4556 3237 4629 βασιλεὺς,
3264 4556 3407 4610 κατά
3431 4570 3552 4608 τινα
3576 4551 3720 4625 πρό»-

2126 4635 2279 4710 νοιαδ
2321 4652 2533 4723 ἀγαθὴν
2581 4651 2941 4724 ἀγρυπνήσας
2977 4647 3194 4717 ἐκείνην
3232 4646 3333 4717 τὴν
3376 4643 3569 4707 νύκτα,
3616 4642 3719 4697 καὶ

2131 4748 2206 4820 μὴ
2250 4748 2547 4817 δυνάμενος
2589 4745 2870 4808 ὑπνῶσαι,
2915 4741 3199 4795 ἐκέλευσεν
3243 4736 3720 4806 ἀναγινώσκεσθαι

2128 4840 2280 4911 αύτῷ
2314 4839 2422 4894 τῶν
2465 4836 2718 4911 πράξεων
2747 4835 2910 4890 αὑτοῦ
2936 4833 3006 4889 τὰ
3031 4835 3420 4911 ὑπομνήματα.
3448 4830 3557 4884 Καὶ
3582 4830 3721 4884 ἀνα-

2127 4908 2547 5003 γινωσκομένων
2581 4929 2785 4994 αὐτῶν,
2808 4920 2936 5000 εὗρε
2969 4926 3170 4999 πρᾶξιν
3202 4908 3412 4994 ἀγαθὴν
3437 4925 3518 4987 είς
3553 4921 3725 4975 αὐτὸν

2129 5024 2428 5097 γενομένην
2466 5024 2573 5077 ὑπὸ
2606 5021 2703 5075 τοῦ
2732 5020 3101 5093 Μαρδοχαίου.
3135 5017 3239 5070 Δύο
3264 5016 3373 5087 γὰρ
3405 5016 3719 5086 εὐνούχους,

2136 5117 2427 5187 μέλλοντας
2480 5113 2852 5168 ἐπιϐουλεύειν
2906 5110 2987 5181 τῷ
3038 5108 3263 5181 βασιλεῖ,
3316 5108 3724 5179 προσήγγειλεν

2132 5207 2281 5279 αύτῷ
2310 5206 2388 5277 τῷ
2434 5206 2663 5277 βασιλεῖ,
2693 5206 2788 5259 καὶ
2828 5201 3074 5273 ήλεγξεν.
3112 5203 3172 5255 Ὀ
3213 5200 3392 5254 τοίνυν
3438 5198 3723 5268 βασιλεὺς,

2135 5299 2535 5369 ἀποδεξάμενος
2559 5299 2657 5369 τὴν
2679 5297 3000 5368 προαίρεσιν
3018 5294 3113 5348 τοῦ
3144 5291 3511 5364 Μαρδοχαίου,
3536 5291 3724 5361 ἐζήτει

2132 5389 2299 5460 τιμὴν
2332 5390 2489 5456 ἀξίαν
2531 5391 2835 5460 παρασχεῖν
2870 5387 2949 5458 τῷ
2978 5387 3232 5456 τοιούτῳ.
3279 5385 3368 5447 Ὠς
3405 5384 3463 5437 δὲ
3501 5382 3723 5452 εἰσῆλθε

2137 5484 2351 5554 πρωῒας
2392 5482 2527 5553 πρὸς
2569 5480 2730 5535 αὑτὸν
2767 5483 2795 5534 ὁ
2830 5477 3021 5548 Ἀμάν,
3060 5476 3389 5530 ἐπυνθάνετο
3414 5476 3443 5528 6
3470 5474 3729 5545 βασιλεὺς

2139 5574 2324 5639 αὑτοῦ,
2354 5574 2545 5637 ὁποίας
2575 5572 2669 5626 καὶ
2697 5570 2937 5642 πηλίκης
2966 5568 3129 5639 τιμῆς
3168 5568 3315 5632 ἄξιός
3357 5568 3532 5630 ἐστιν,
3569 5567 3598 5618 ὁ
3630 5565 3730 5636 βα-

2142 5666 2292 5721 σιλέα
2325 5667 2711 5739 εὐεργετήσας.
2768 5664 2824 5717 Ὀ
2870 5662 2925 5715 δὲ
2960 5661 3151 5732 Ἀμὰν,
3196 5658 3433 5731 νομίζων
3463 5658 3593 5730 περὶ
3625 5655 3730 5713 αύ-

2143 5759 2236 5816 τού
2277 5757 2642 5815 πυνθάνεσθαι
2666 5757 2758 5811 τὸν
2793 5753 3040 5826 βασιλέα,
3072 5748 3247 5818 εἷπεν,
3281 5749 3431 5817 ἄξιον
3464 5746 3604 5805 εἶναι
3630 5747 3729 5807 τὸν
