3886 6182
218 326 336 384 369
1304 333 1641 391 SYNOPSIS
1681 333 1802 391 SCH

1904 332 2101 390 ΓυΒίΕ
2145 334 2416 391 ΒΑίῖΒᾸΞ..
3413 344 3518 400 370

218 437 472 494 τοιοῦτον
508 438 766 515 δεύτερον
794 441 1021 513 βασιλέα
1048 443 1351 501 καλεῖσθαι.
1394 449 1452 502 '0
1487 448 1587 520 μὲν
1614 443 1706 503 οὖν
1734 448 1802 520 βα

1904 499 1906 507 .
1937 450 2074 505 alter
2104 466 2200 506 rex
2255 458 2575 524 vocaretur.”
2604 449 2717 506 Rex
2774 451 2942 524 igitur
2980 452 3384 512 Mardochaeum
3423 458 3519 514 illo

223 532 415 596 σιλεὺς
442 533 656 587 κελεύει
699 534 793 588 τὸν
841 536 1187 609 Μαρδοχαῖον
1220 540 1318 611 τῆς
1364 539 1621 612 τοιαύτης
1667 542 1800 613 τιμῆ

1937 541 2146 597 honore
2199 542 2490 606 celebrari,
2520 549 2574 597 et
2607 543 2783 598 Aman
2828 553 2955 602 ante
3011 548 3165 602 illum
3216 550 3537 621 procedere'

221 624 554 696 ἀξιωθῆναι,
590 627 800 681 καὶτὸν
848 628 1021 699 Ἀμάν
1054 629 1366 702 ἔμπροσθεν
1399 633 1569 686 αὐτοῦ
1604 651 1802 707 περιπα

1928 633 2118 704 jussit.
2160 633 2363 690 Esther
2390 648 2518 687 vero
2571 637 3038 706 opportunitatem
3091 648 3252 695 nacta
3296 658 3395 712 pro
3421 640 3520 697 Ju—

218 720 362 774 τείν.
409 718 475 771 Ἡ
499 718 557 772 δὲ
594 719 820 793 Ἐσθὴρ,
864 722 1137 794 πρόφασιν
1164 723 1424 796 εὑροῦσα,
1466 724 1668 796 ἠξίωσε
1702 744 1802 798 περ

1933 725 2066 781 dacis
2100 725 2298 781 oravit.
2324 723 2532 780 Deinde
2555 741 2679 780 cum
2715 742 2811 782 rex
2841 743 3078 785 maerore
3105 730 3351 801 aﬂ‘eetus,
3387 750 3515 804 pro-

213 808 332 863 τῶν
373 809 666 864 Ἰουδαίων.
694 807 832 866 Εἶτα
852 813 948 867 τοῦ
980 813 1246 885 βασιλέως
1269 816 1604 888 λυπηθέντος
1630 820 1722 872 ἐπὶ
1750 820 1802 889 τί

1930 828 2052 891 pter
2082 817 2370 891 indignum
2403 829 2595 873 contra
2622 816 2841 875 Judzeos
2870 821 3136 887 edictum,
3169 832 3222 879 et
3248 825 3515 882 adversus

217 903 532 975 παρανόμῳ
563 906 951 977 προστάγματι
980 907 1059 979 τῷ
1091 908 1234 963 κατὰ
1266 909 1377 965 τῶν
1413 912 1703 978 Ἰουδαίων,
1733 930 1802 966 κα

1930 913 2107 967 Aman
2147 912 2231 966 ira
2282 921 2596 968 commotus
2638 923 2805 981 esset,
2853 915 2972 986 ipse
3011 915 3205 981 Aman,
3237 933 3364 987 rege
3418 919 3516 973 ab-

212 994 575 1066 ὀργισθέντος
598 996 740 1050 κατὰ
766 997 860 1051 τοῦ
900 997 1095 1069 Ἀμάν,
1122 1001 1286 1065 αὐτὸς
1309 1003 1338 1055 6
1377 1001 1554 1073 Ἀμὰν
1580 1003 1802 1075 παρεκά

1929 1014 2107 1071 sente,
2139 1005 2342 1077 regina!
2372 1006 2722 1077 supplicavit,
2756 996 2825 1062 ad
2853 1024 3031 1078 genua
3077 1009 3226 1065 illius
3254 1027 3515 1081 procum-

212 1084 299 1138 λει
343 1085 446 1158 τήν
492 1087 713 1160 Ἐσθήρ,
754 1088 989 1156 ἀπόντος
1031 1091 1127 1146 τοῦ
1172 1092 1459 1164 βασιλέως,
1503 1096 1802 1150 ἐπικύπτωε

1928 1097 2066 1153 hens
2115 1105 2281 1168 atque
2325 1098 2584 1153 adorans.
2617 1096 2735 1154 Rex
2784 1114 2911 1153 cum
2962 1116 3249 1173 regressus
3304 1103 3514 1158 videret

212 1179 313 1232 καὶ
348 1181 677 1252 προσκυνῶν
702 1182 771 1237 τὰ
794 1184 997 1252 γόνατα
1019 1186 1213 1258 αὐτῆς.
1248 1188 1305 1241 Ὁ
1330 1187 1387 1241 δὲ
1415 1187 1688 1259 βασιλεὺς,
1719 1191 1802 1244 εἰσ

1926 1188 2103 1242 Aman
2132 1202 2310 1259 genua
2356 1189 2557 1259 regina:
2595 1190 2950 1260 contingere,
3015 1193 3330 1263 suspicatus
3364 1194 3511 1264 quod

209 1273 412 1338 ελθὼν,
443 1275 544 1329 καὶ
574 1275 840 1348 ἑωρακὼς
863 1277 956 1331 τὸν
982 1279 1159 1351 Ἀμὰν
1182 1281 1492 1352 ἁπτόμενον
1521 1281 1632 1336 τῶν
1662 1283 1802 1351 γονά-

1927 1280 2293 1352 turpitudinis
2321 1294 2490 1336 causa
2522 1280 2577 1335 id
2604 1280 2829 1347 faceret,
2859 1282 3028 1352 jussit
3053 1283 3228 1339 Aman
3262 1285 3317 1339 in
3340 1287 3508 1357 ligno,

207 1382 322 1420 των
348 1368 455 1439 τῆς
482 1367 826 1441 βασιλίσσης,
858 1371 1168 1445 ὑπονοήσας
1204 1375 1448 1446 αἰσχρῶς
1471 1375 1634 1430 αὑτὸν
1664 1377 1802 1430 τοῦτ(

1924 1372 2074 1445 quod
2107 1373 2450 1428 Mardochaeo
2479 1379 2791 1443 paraverat,
2832 1376 3138 1444 suspendi:
3171 1379 3511 1449 scripsitau-

208 1463 414 1525 ποιεῖν,
454 1461 713 1516 ἐκέλευσε
753 1463 848 1516 τὸν
892 1465 990 1535 μὲν
1030 1466 1204 1537 Ἀμὰν
1242 1468 1323 1531 εἰς
1364 1468 1424 1521 τὸ
1468 1467 1643 1534 ξύλον,
1684 1470 1802 1543 ὅπεὲ

1922 1474 2034 1522 tem
2083 1476 2145 1522 ut
2195 1464 2370 1521 Judaei
2414 1467 2573 1537 130
2626 1467 2850 1537 quidem
2894 1483 3087 1524 omnes
3133 1469 3511 1527 incolumitate

205 1544 275 1621 ἦν
308 1551 616 1621 ἑτοιμάσας
646 1551 726 1623 τῷ
769 1553 1122 1627 Μαρδοχαίῳ,
1160 1557 1545 1630 κρεμασθῆναι
1566 1576 1581 1591 ο
1615 1562 1795 1633 γράφε

1922 1559 2264 1624 fruerentur,
2291 1560 2480 1615 hostes
2496 1575 2627 1614 vero
2656 1574 2848 1614 eorum
2874 1559 3094 1629 abipsis
3128 1560 3510 1619 interimeren—

205 1642 266 1695 δὲ
298 1642 495 1697 ἄνεσιν
532 1645 634 1714 μὲν
667 1644 813 1717 ἔχειν
853 1647 1065 1713 πάντας
1094 1651 1221 1715 τοὺς
1261 1650 1570 1719 Ἰουδαίους,
1604 1656 1732 1720 τοὺς
1762 1656 1802 1710 δὲ

1921 1664 2031 1709 tur.
2070 1651 2346 1708 Numerus
2390 1661 2591 1729 autem
2626 1668 2839 1716 eorum,
2882 1653 2976 1723 qui
3011 1670 3041 1708 a
3086 1652 3290 1710 Iudaeis
3335 1657 3508 1712 occisi

210 1734 453 1809 ἐχθροὺς
501 1737 683 1791 αὐτῶν
715 1740 1069 1814 ἀναιρεθῆναι
1108 1745 1241 1817 παρ’
1265 1745 1466 1800 αὐτῶν.
1496 1748 1607 1802 Καὶ
1638 1752 1687 1803 οἱ
1719 1750 1802 1822 μὲι

1920 1754 2070 1812 sunt,
2122 1745 2227 1800 fuit
2268 1746 2581 1817 quindecim
2622 1746 2891 1800 millium:
2921 1744 3153 1815 ideoque
3207 1745 3334 1802 festi
3384 1747 3501 1804 illis

204 1829 601 1901 ἀναιρεθέντες
638 1831 791 1905 παρὰ
840 1833 949 1887 τῶν
988 1835 1262 1891 Ἰουδαίων
1310 1838 1417 1891 εἰσὶ
1461 1837 1647 1911 μύριοι
1691 1859 1802 1895 πεν-

1924 1837 2079 1895 fuere
2129 1838 2248 1896 dies
2282 1848 2513 1910 quartus
2553 1837 2824 1904 decimus,
2875 1845 2931 1894 et
2980 1839 3206 1909 quintus
3254 1839 3505 1896 decimus

202 1922 542 1993 τακισχίλιοι
562 1941 575 1952 ·
606 1923 797 1992 γέγονε
826 1924 884 1978 δὲ
924 1927 1086 2000 ἑορτὴ
1114 1928 1204 1982 διὰ
1227 1928 1388 1983 τοῦτο
1416 1930 1620 1997 αὐτοῖς,
1642 1936 1709 2005 τῇ
1756 1933 1802 1988 ιδ

1920 1933 2132 1988 mensis
2164 1932 2497 1999 duodecimi,
2521 1932 2615 2002 qui
2639 1932 3046 2009 vocaturAder.
3082 1931 3292 1987 Dicitur
3319 1938 3504 1988 autem

204 2013 301 2066 καὶ
352 2022 414 2066 ιε’
468 2015 531 2067 ἐν
574 2015 653 2086 τῷ
705 2018 837 2089 μηνὶ
878 2018 957 2090 τῷ
1001 2019 1088 2090 ιβ’,
1138 2020 1290 2083 ὅστις
1339 2023 1586 2079 καλεῖται
1631 2026 1802 2099 Ἀδερ.

1920 2023 2014 2078 illa
2055 2023 2173 2079 dies
2207 2024 2457 2094 ipsorum
2502 2023 2689 2092 lingua
2734 2020 2949 2078 Phrure
2983 2021 3118 2093 (20).
3159 2020 3505 2093 Quapropter

216 2106 586 2178 Ὀνομάζεται
620 2110 676 2164 δὲ
706 2112 739 2182 ἡ
769 2111 955 2183 ἡμέρα
989 2112 1127 2185 αὕτη
1169 2116 1236 2186 τῇ
1286 2114 1393 2187 ἰδίᾳ
1419 2117 1683 2190 διαλέκτῳ
1720 2119 1802 2173 αὐ-

1918 2122 1975 2173 et
2001 2113 2176 2171 Judari
2220 2116 2276 2170 in
2306 2115 2398 2169 illa
2427 2115 2601 2169 Aman
2634 2112 2989 2183 comburunt,
3016 2124 3072 2170 et
3118 2114 3319 2173 festum
3356 2115 3502 2172 diem

203 2198 315 2251 τῶν
359 2200 601 2272 Φρουρέ.
660 2203 761 2257 Διὰ
809 2204 969 2258 τοῦο
1012 2206 1157 2261 κατὰ
1192 2208 1294 2280 τὴν
1347 2210 1562 2282 ἡμέραν
1612 2212 1802 2286 ταύτηκ

1919 2214 2088 2280 agunt
2117 2206 2312 2264 salutis
2345 2206 2590 2277 ipsorum
2624 2208 3020 2265 memorialem.

204 2290 455 2346 καίουσιν
480 2296 533 2346 οἱ
556 2293 804 2349 Ἰουδαῖοι
828 2296 912 2351 τὸι
950 2298 1145 2370 ’Δμὰν,
1177 2300 1271 2354 καὶ
1300 2302 1642 2375 ἑορτάζουσι,
1678 2324 1815 2379 μνη-

204 2383 445 2455 μόσυνον
471 2381 643 2441 οὖσαν
668 2388 945 2461 σωτηρίας
971 2392 1174 2447 αὐτῶν.

763 2503 1010 2557 Βιϐλίων
1041 2504 1278 2561 Ἰουδίθ.

2500 2498 2659 2555 Liber
2678 2496 2888 2553 Iudith.

276 2591 368 2647 45.
394 2591 641 2661 Λέγεται
666 2594 729 2648 τὸ
756 2593 964 2665 βιϐλίον
996 2596 1190 2663 οὕτως,
1224 2600 1413 2673 ἐπειδὴ
1442 2603 1535 2657 καὶ
1559 2601 1658 2676 τὴν
1683 2606 1802 2678 περὶ

1985 2595 2078 2651 45.
2111 2593 2231 2651 Hoc
2277 2593 2502 2649 nomine
2534 2599 2767 2648 vocatur
2796 2590 2902 2645 iste
2935 2590 3108 2654 liber,
3144 2588 3276 2660 quia
3323 2587 3499 2643 histo-

200 2683 307 2754 τῆς
333 2684 532 2738 Ἰουδὶθ
585 2686 830 2759 ἱστορίαν
873 2689 1152 2761 περιέχει·
1182 2681 1301 2757 πῶς
1331 2695 1359 2747 6
1388 2693 1522 2759 Θεὸς
1554 2695 1802 2768 πολεμου-

1912 2692 2052 2746 riam
2083 2689 2274 2745 Judith
2309 2689 2577 2752 continet,
2609 2683 2887 2755 quomodo
2936 2683 3149 2739 scilicet
3172 2680 3318 2739 Deus
3356 2680 3498 2737 ﬁlios

207 2777 405 2858 μένους
437 2777 537 2830 καὶ
562 2776 1059 2850 πολιορκουμένους
1080 2780 1186 2835 ὑπὸ
1204 2783 1299 2837 τοῦ
1336 2784 1657 2858 Ὀλοφέρνου
1683 2789 1802 2852 τοὺς

1912 2780 2081 2839 Israel
2121 2780 2190 2835 ab
2223 2778 2571 2847 Holopherne
2609 2775 2956 2845 impugnatos
2982 2781 3036 2828 et
3059 2773 3342 2835 obsessos,
3374 2771 3497 2842 ejus

204 2846 359 2932 υἱοὺξ
387 2868 617 2941 Ἰσραὴλ
643 2869 711 2923 δι’
724 2846 959 2943 ’ἐκείνης
986 2873 1157 2928 ἔσωσε
1196 2875 1299 2946 μὲν
1345 2846 1483 2942 τοὺς¹
1502 2846 1687 2944 λαοὺς,
1715 2846 1802 2936 τὸν

1910 2887 2083 2944 opera
2110 2846 2446 2932 liberaverit,
2480 2866 2997 2938 Holophernemque
3025 2863 3383 2935 percusserit.
3401 2862 3499 2915 Est

199 2960 259 3015 δὲ
292 2962 635 3032 ὐλοφέρνην
657 2963 949 3031 ἐπάταξεν.
986 2966 1050 3019 Ἡ
1078 2966 1136 3020 δὲ
1166 2968 1374 3040 ἱστορία
1393 2968 1554 3042 αὕτη.
1588 2972 1802 3026 Ναϐου-

1912 2973 2096 3022 autem
2130 2964 2363 3019 historia
2412 2962 2559 3016 talis.
2598 2959 3103 3014 Nabuchodonosor
3142 2955 3497 3028 Assyriorum

203 3055 500 3126 χυδονόσορ
530 3055 560 3107 6
607 3055 863 3124 βασιλεὺς
906 3056 1016 3111 τῶν
1047 3060 1372 3132 Ἀσσυρίων,
1407 3062 1643 3135 πόλεμον
1670 3065 1802 3137 ἔχων

1910 3072 2029 3121 rex,
2063 3070 2189 3110 cum
2213 3053 2414 3110 bellum
2446 3060 2660 3124 gereret
2693 3050 2958 3105 adversus
2986 3048 3279 3119 Arphaxad
3312 3063 3495 3118 regem

202 3150 342 3220 πρὸς
388 3146 679 3220 ’Δρφαξὰδ
733 3149 959 3220 βασιλέα
999 3151 1221 3223 Μήδων,
1266 3154 1438 3225 ᾔτησε
1487 3159 1802 3230 συμμαχίαν

1910 3148 2218 3213 Medorum,
2253 3147 2322 3202 ab
2363 3145 2621 3200 omnibus
2657 3142 2911 3217 gentibus
2955 3141 3021 3196 ad
3070 3139 3367 3211 Egyptum
3397 3156 3497 3194 us-

202 3241 356 3313 παρὰ
388 3242 507 3296 τῶν
538 3242 714 3298 ἐθνῶν
742 3245 964 3301 πάντων
993 3246 1100 3311 ἓως
1126 3248 1426 3317 Αἰγύπτου.
1457 3250 1551 3323 Μὴ
1582 3252 1808 3308 δεδωκό-

200 3350 311 3388 των
346 3336 408 3390 δὲ
455 3335 631 3407 αὐτῷ,
666 3337 807 3392 ἀλλὰ
845 3339 1251 3412 ἀντειρηκότων
1284 3342 1524 3411 πάντων,
1569 3347 1707 3417 μετὰ
1743 3348 1807 3418 τὸ

201 3427 429 3498 νικῆσαι
463 3430 564 3482 καὶ
596 3430 985 3501 περιγενέσθαι
1011 3432 1108 3488 τοῦ
1143 3434 1442 3506 ’Δρφαξὰδ,
1477 3436 1632 3492 ἔθετο
1662 3439 1806 3494 κατὰ

202 3519 313 3573 τῶν
347 3520 428 3592 μὴ
458 3520 777 3577 δεδωκότων
798 3523 1058 3597 πόλεμον,
1082 3526 1178 3581 καὶ
1209 3527 1497 3582 ἀπέστειλε
1529 3529 1621 3583 τὸν
1655 3531 1805 3585 Ὀλο-

202 3612 411 3684 φέρνην
461 3612 606 3684 μετὰ
643 3613 928 3686 δυνάμεως
966 3616 1169 3689 πολλῆς
1212 3621 1334 3675 κατ’
1352 3620 1556 3675 αὐτῶν.
1586 3622 1630 3675 Τ
1633 3622 1668 3676 ὰ
1706 3624 1804 3694 μὲν

199 3700 292 3759 οὖν
338 3704 485 3758 ἄλλα
528 3705 712 3761 πάντα
754 3705 883 3779 ἔθνη
916 3708 1097 3774 ἔλαϐε,
1148 3710 1242 3765 καὶ
1274 3712 1342 3766 τὰ
1384 3713 1579 3768 εἴδωλα
1624 3714 1804 3769 αὐτῶν

201 3800 533 3872 συνέτριψεν
552 3818 568 3832 ·
604 3803 655 3855 oi
681 3802 739 3855 δὲ
771 3803 881 3856 υἱοὶ
906 3803 1125 3876 Ἰσραὴλ
1149 3805 1524 3875 ἠσφαλίσαντο
1552 3808 1800 3873 ἑαυτοὺς,

201 3896 297 3948 καὶ
323 3896 429 3966 οὐχ
474 3888 795 3966 ὑπήκουσαν
827 3894 910 3967 τῷ
942 3895 1261 3968 Ὀλοφέρνῃ,
1291 3896 1418 3951 οὔτε
1457 3899 1803 3970 ἐφοϐήθησαν

199 3985 370 4039 αὐτοῦ
391 3987 498 4057 τὴν
525 3985 781 4059 ἀπειλήν.
811 3986 870 4041 '0
892 3987 1071 4040 τοίνυν
1103 3988 1284 4059 ἱερεὺς
1313 3988 1572 4060 Ἰωακεὶμ
1596 3990 1803 4063 ἔγραψε

198 4081 312 4142 τοῖς
346 4081 408 4131 ἐν
434 4077 712 4151 Βετυλούᾳ
733 4077 936 4151 φράξαι
961 4078 1062 4149 τὴν
1086 4078 1204 4133 ὁδὸν
1237 4079 1582 4152 ὐλοφέρνου,
1614 4082 1801 4155 ἐπειδὴ

200 4171 414 4225 ἐκεῖθεν
459 4165 530 4243 ἣν
560 4170 727 4225 αὑτοῦ
771 4173 806 4240 ή
837 4170 977 4235 ὁδός.
1024 4171 1136 4225 Καὶ
1175 4170 1433 4243 ἐφραξεν.
1482 4175 1594 4227 Καὶ
1633 4174 1663 4226 6
1704 4174 1802 4245 μέν

212 4262 550 4334 Ὅλοφέρνης
589 4262 964 4334 παρετάσσετο
1004 4264 1087 4326 εἰς
1132 4262 1400 4333 πόλεμον·
1438 4264 1639 4337 Ἀχιὼρ
1672 4265 1730 4318 δὲ
1774 4268 1804 4320 6

200 4355 515 4426 ἡγούμενος
545 4353 658 4407 τῶν
695 4352 826 4407 υίῶν
856 4352 1084 4424 Ἀμμὼν
1122 4350 1509 4409 συνεϐούλευσε
1540 4355 1619 4440 τῷ
1654 4356 1803 4410 Ὀλο-

1908 3258 2017 3314 que
2046 3240 2252 3296 auxilia
2281 3239 2535 3311 petierat.
2562 3236 2701 3291 Cum
2730 3250 2862 3290 vero
2898 3249 3060 3289 nemo
3095 3233 3357 3287 auxilium
3385 3232 3492 3285 mi-

1909 3336 2097 3398 sisset,
2118 3331 2216 3388 sed
2233 3331 2550 3387 renuissent
2574 3344 2787 3392 omnes,
2818 3334 3173 3398 posteaquam
3202 3327 3491 3383 victoriam

1906 3433 2057 3483 esset
2084 3430 2397 3488 assecutus,
2427 3430 2482 3478 et
2510 3420 2803 3492 Arpbaxad
2842 3421 2983 3476 bello
3006 3427 3342 3491 superasset,
3376 3419 3492 3475 bel-

1907 3518 2021 3572 lum
2052 3516 2238 3572 intulit
2264 3515 2353 3585 iis,
2389 3514 2482 3584 qui
2527 3513 2664 3568 nihil
2693 3511 2882 3567 auxilii
2919 3511 3204 3575 miserant,
3233 3508 3492 3582 misitque

1906 3608 2308 3680 Holopbernem
2340 3607 2631 3662 adversum
2661 3620 2759 3660 eos
2801 3618 2926 3658 cum
2964 3616 3163 3673 magno
3219 3602 3485 3657 exercitu.

1907 3701 2010 3757 Hic
2041 3701 2177 3757 alias
2198 3699 2417 3770 quidem
2444 3705 2634 3768 gentes
2665 3710 2858 3750 omnes
2900 3693 3044 3747 bello
3073 3692 3239 3762 cepit,
3270 3698 3324 3746 et
3345 3690 3504 3746 idola.

1914 3796 2159 3866 ipsarum
2199 3792 2492 3862 confregit.
2526 3789 2788 3845 lsraelitae
2818 3803 2948 3843 vero
2979 3801 3101 3843 sese
3146 3783 3489 3841 communic—

1904 3898 2056 3950 runt,
2092 3902 2195 3942 nec
2238 3883 2574 3956 llolopherni
2611 3881 2885 3945 obsecuti,
2930 3895 3106 3951 neque
3147 3877 3312 3933 minis
3339 3875 3501 3930 illius.

1903 3978 2183 4051 perterriti
2230 3986 2380 4033 sunt.
2444 3974 2681 4043 Scripsit
2732 3973 2918 4042 itaque
2971 3969 3232 4027 sacerdos
3272 3965 3488 4022 Joakim

1905 4071 2121 4127 civibus
2145 4069 2444 4140 Bethulyze,
2481 4076 2543 4122 ut
2573 4066 2718 4121 viam
2742 4062 3079 4134 Holopherni
3109 4061 3484 4142 obstruercnt,

1902 4164 2083 4220 isthac
2109 4164 2257 4218 enim
2303 4162 2409 4217 iter
2440 4160 2688 4216 facturus
2720 4166 2857 4214 erat.
2887 4156 2969 4211 Illi
3005 4164 3186 4211 autem
3213 4153 3355 4206 viam
3387 4152 3486 4206 ob-

1904 4263 2250 4314 struxerunt.
2289 4254 2669 4325 Holophernes
2711 4252 2878 4322 igitur
2916 4247 3090 4304 aciem
3123 4245 3384 4301 instruxit
3416 4243 3485 4297 ad

1903 4365 2165 4422 pugnam.
2191 4347 2396 4402 Achior
2431 4361 2561 4401 vero
2584 4345 2842 4415 princeps
2876 4339 3314 4395 Ammonitarum
3353 4350 3488 4390 con-

428 4445 508 4517 μὴ
537 4445 797 4516 πολεμεῖν
839 4444 917 4516 τῷ
955 4443 1100 4498 ἔθνει
1144 4444 1253 4498 τῶν
1291 4425 1703 4519 Ἐϐραίωῇδιὰ
1741 4449 1801 4503 τὸ

1905 4443 2088 4498 silium
2120 4439 2273 4495 dedit
2306 4435 2666 4507 l1010pherni,
2708 4448 2778 4488 ne
2809 4431 2956 4502 genti
2991 4428 3341 4520 Hebraeorum
3367 4425 3486 4520 bel-

199 4511 607 4614 θπερασπίξειν
632 4511 814 4593 αι’)τῶν
834 4511 926 4593 τδν
958 4538 1112 4592 Θεόν.
1141 4540 1253 4593 Καὶ⁵
1281 4511 1558 4610 ὀργισθεὶς
1590 4542 1619 4593 6
1653 4541 1802 4595 Ὀλο-

1905 4538 2020 4591 lum
2055 4533 2308 4603 inferret,
2336 4531 2483 4601 quod
2514 4528 2593 4583 illi
2624 4543 2654 4581 a
2687 4525 2799 4580 Deo
2824 4529 3260 4595 protegerentur.
3289 4518 3382 4574 Ille
3404 4519 3488 4572 in-

198 4631 408 4704 φέρνης
453 4631 776 4685 ἀπέστειλεν
815 4630 979 4686 αὑτὸν
1012 4631 1095 4694 είς
1142 4630 1466 4696 Βετυλούαν,
1499 4632 1801 4705 ἀπειλήσας

196 4705 753 4796 ωαιρήσεινάὑτὸν,
798 4724 849 4776 εί
890 4724 1233 4795 περιγένοιτο
1269 4724 1377 4778 τῶν
1413 4724 1698 4797 Ἐϐραίων.
1742 4726 1800 4780 Ὀ

199 4817 299 4888 μὲν
333 4812 436 4871 οὖν
476 4815 683 4887 ’Δχιὼρ
712 4812 782 4886 ἦν
827 4819 886 4870 ἐν
918 4820 985 4889 τῇ
1033 4817 1305 4890 Βετυλούᾳ
1355 4819 1796 4891 ἀναπαυόμενος’

196 4913 230 4965 6
252 4910 311 4964 δὲ
336 4909 675 4980 Ὀλοφέρνης
708 4909 1019 4981 ἐπολιόρκει
1043 4908 1142 4982 τὴν
1164 4909 1340 4974 πόλιν,
1369 4910 1799 4981 προκαταλαϐὼν

196 5002 269 5057 τὰ
301 4999 499 5059 ὕδατα.
533 5000 674 5072 Ἤδη
705 4999 762 5053 δέ
790 4999 1046 5055 τοῦ-λαοῦ
1076 4999 1392 5064 ἐκλυθέντος
1416 5001 1507 5055 διὰ
1535 5003 1597 5055 τὸ
1625 5002 1798 5072 δίψος,

200 5093 298 5148 καὶ
352 5090 665 5163 μελλόντων
712 5091 965 5147 ἐκδοῦναι
1009 5093 1107 5164 τὴν
1146 5091 1452 5147 πόλιντῶν
1498 5094 1799 5165 ἀρχόντων,

199 5189 235 5257 ἡ
280 5184 503 5249 Ἰωδὶθ,
559 5183 915 5238 ἀποϐαλοῦσα
984 5185 1054 5239 τὰ
1096 5184 1197 5256 τῆς
1245 5185 1561 5256 χηρεύσεως
1612 5187 1802 5257 ἱμάτια

200 5278 449 5347 (ἐπένθει
481 5275 596 5348 γὰρ
620 5276 713 5329 τὸν
750 5275 943 5349 ἄνδρα,
978 5277 1073 5331 καλ⁸
1100 5276 1167 5330 δι’
1200 5276 1323 5330 ὅλου
1351 5275 1545 5347 ἔμενεν
1582 5276 1802 5348 νηστεύ-

199 5370 390 5439 ωσα),
440 5368 755 5439 ἐκόσμησεν
796 5369 994 5440 ἑαυτὴν
1047 5368 1123 5432 ὡς
1179 5369 1398 5440 νύμφην
1417 5385 1433 5402 ο
1485 5370 1580 5423 καὶ
1630 5369 1799 5423 πολλὰ

199 5460 642 5533 παρακαλέσασα
673 5460 801 5525 τοὺς
829 5461 1119 5533 ἄρχοντας,
1152 5460 1296 5514 ὥστε
1328 5461 1402 5533 μὴ
1429 5461 1677 5516 ἐκδοῦναι
1700 5462 1799 5534 τὴν

198 5556 355 5609 πόλιν
385 5556 550 5627 ἄχρις
582 5552 808 5625 ἡμερῶν
838 5560 902 5620 ε’,
936 5554 1163 5624 ἐξῆλθεν
1196 5554 1335 5625 αὐτὴ
1368 5555 1503 5624 πρὸς
1528 5554 1621 5608 τὸν
1655 5555 1801 5608 Ὀλο-

198 5647 432 5720 φέρνην,
471 5646 571 5701 καὶ
598 5650 667 5719 τῇ
716 5647 882 5719 σοφία
919 5646 1094 5718 αὐτῆς
1130 5648 1462 5719 ἀπατήσασα
1500 5646 1684 5709 αὐτὸν,
1729 5649 1796 5718 τῇ

1908 4632 2170 4702 dignatus
2203 4625 2357 4682 misit
2387 4638 2515 4680 eum
2540 4621 2881 4685 Bethuliam,
2911 4617 3191 4672 interitum
3223 4614 3300 4668 illi
3336 4628 3489 4668 com-

1906 4725 2171 4784 minatus,
2206 4720 2253 4775 si
2284 4718 2508 4789 quando
2550 4716 2812 4771 llebraeos
2842 4713 3104 4767 vinceret.
3138 4708 3342 4762 Achior
3382 4706 3485 4759 ita-

1906 4832 2013 4887 que
2036 4813 2314 4884 Bethulyte
2350 4810 2666 4882 quiescebat
2696 4827 2709 4863 :
2734 4804 3108 4876 llolophernes
3131 4817 3262 4856 vero
3290 4800 3486 4853 civita-

1907 4917 2018 4964 tem
2066 4907 2376 4969 obsidebat,
2418 4910 2472 4959 et
2517 4902 2631 4971 jam
2688 4913 2864 4969 aquas
2912 4896 3062 4951 illius
3101 4898 3483 4964 occupaverat.

1902 5003 2041 5059 Cum
2071 5000 2162 5056 siti
2200 5000 2312 5070 jam
2354 4995 2759 5068 periclitaretur
2804 4989 3062 5060 populus,
3113 4996 3167 5042 et
3209 4985 3486 5055 principes

1899 5093 2174 5149 civitatem
2205 5086 2455 5144 tradituri
2484 5094 2689 5147 essent,
2719 5080 2930 5143 Juditb,
2953 5077 3218 5148 depositis
3249 5071 3486 5129 viduita-

1903 5185 1975 5239 tis
2006 5182 2248 5237 vestibus
2299 5162 2582 5247 (maritqu
2639 5174 2783 5228 enim
2825 5181 3103 5225 mortuum
3155 5167 3398 5237 lugebat,
3431 5173 3487 5221 et

1902 5272 2152 5345 quotidie
2180 5266 2513 5341 jejunabat),
2546 5265 2783 5334 seipsam
2805 5263 2980 5317 instar
3002 5273 3218 5329 sponsae
3244 5257 3482 5321 ornavit,

1900 5376 1956 5423 et
1983 5366 2168 5421 multis
2196 5364 2486 5418 adhortata
2511 5358 2782 5430 primores
2805 5354 3067 5413 civitatis,
3091 5365 3160 5406 ne
3181 5351 3482 5413 civitatem,

1901 5458 2148 5528 adusque
2171 5454 2414 5525 quinque
2445 5450 2564 5505 dies
2593 5447 2738 5503 hosti
2763 5444 3061 5509 traderent,
3091 5441 3157 5496 ad
3183 5439 3485 5511 llolopher-

1903 5568 2028 5609 nem
2056 5563 2278 5622 egressa
2305 5554 2414 5610 est,
2446 5551 2501 5601 et
2535 5558 2661 5597 cum
2702 5557 2801 5596 sua
2842 5539 2994 5594 illum
3022 5535 3291 5606 sapientia
3321 5532 3484 5587 dece-
3512 5592 3521 5600 ,

1905 5647 2099 5717 pisset,
2126 5642 2291 5696 tertia
2324 5646 2450 5708 post
2489 5637 2597 5701 die,
2640 5631 3022 5705 ignorantibus
3052 5628 3159 5681 hoc
3196 5625 3343 5681 illius
3378 5624 3482 5678 mi-

238 5801 354 5877 (20)
376 5801 439 5860 1n
470 5801 612 5862 festo
642 5801 870 5860 Phurim
897 5803 1074 5884 Aman
1100 5803 1450 5861 comburitur
1490 5818 1518 5857 ιι
1543 5800 1774 5859 Iudaeis.
1818 5802 1947 5859 Vide
1981 5802 2037 5858 in
2064 5799 2199 5857 Cod.
2234 5793 2622 5854 Theodosiano
2652 5792 2757 5864 leg.
2796 5789 2886 5858 18,
2928 5788 2994 5847 de
3021 5785 3244 5842 Iudaeis.
