3880 6186
421 362 521 411 571

419 565 632 636 Assyrii
664 582 681 620 :
712 564 972 621 Israelita:
1011 580 1143 622 vero
1187 566 1553 637 undequaque
1601 574 1994 623 concurrentes

419 656 678 728 Assyrios
710 657 1084 712 trucidarunt.
1129 657 1309 728 Atque
1346 658 1422 711 ita
1466 658 1680 713 liberati
1710 666 1860 719 sunt,
1895 659 1994 713 ho-

419 751 696 820 stiumque
726 747 917 820 spoliis
945 751 1197 821 direptis,
1233 750 1423 805 Judith
1453 765 1794 821 quaecunque
1826 748 1992 804 Holo-

428 842 651 912 phernis
684 842 902 897 fuerant
931 843 1296 898 tradiderunt.
1323 840 1446 913 lpsa
1467 859 1597 899 vero
1617 842 1804 898 Judith
1835 841 1993 898 Jero-

418 934 690 1005 solymam
719 934 966 1005 profecta
998 936 1180 989 omnia
1219 935 1418 989 obtulit
1464 935 1723 999 Domino,
1758 936 1994 1005 indeque

417 1026 641 1079 domum
673 1041 926 1088 reversa,
966 1026 1109 1081 idem
1137 1027 1354 1096 pietatis
1386 1028 1707 1082 exercitium
1740 1029 1988 1093 retinuit,

429 1125 485 1172 et
512 1117 581 1172 ad
614 1128 841 1174 mortem
878 1134 1052 1189 usque
1083 1119 1242 1174 vidua
1275 1121 1574 1192 permansit
1611 1138 1624 1173 :
1657 1135 1818 1176 nemo
1842 1123 1989 1176 enim

418 1210 496 1263 illi
535 1211 756 1279 nuptias
789 1210 1118 1280 persuadere
1160 1213 1354 1281 potuit.
1408 1211 1617 1266 Mortua
1658 1221 1741 1267 est
1783 1222 1986 1275 autem,

414 1311 703 1371 postquam
735 1303 790 1356 in
817 1303 1077 1358 viduitate
1101 1303 1327 1359 honeste
1351 1304 1595 1371 vixisset,
1624 1304 1802 1360 astatis
1842 1319 1989 1360 anno

413 1395 715 1450 centesimo
736 1396 946 1465 quinto.

1008 1508 1165 1563 Liber
1194 1509 1366 1565 Tobit.

480 1599 571 1655 44.
599 1597 714 1655 Hoc
743 1601 965 1657 nomine
990 1611 1219 1656 vocatur
1241 1603 1330 1657 hic
1362 1603 1519 1669 liber,
1545 1604 1675 1674 quia
1702 1603 1986 1660 historiam

411 1688 576 1745 Tobit
604 1691 875 1746 continet.
910 1691 1044 1746 Erat
1083 1700 1268 1749 autem
1305 1694 1396 1749 hic
1426 1695 1495 1749 de
1528 1695 1676 1750 tribu
1706 1693 1985 1765 Nephtha-

1478 379 1485 387 -
1559 353 1618 411 S.
1660 353 2126 409 ATHANASIUS.
2167 385 2236 396 —
2274 351 2492 410 DUBIA.

314 473 321 478 '
421 474 630 536 litibus.
666 488 790 530 eum
840 476 1021 545 capite
1060 473 1360 530 truncavit.
1397 466 1518 541 Quo
1556 474 1703 531 facto
1739 474 1984 547 fugerunl

2096 474 2255 546 τρίτῃ
2292 474 2478 546 ἡμέρᾳ
2515 466 2915 543 ἃπεκεᾲάλὶσεν
2963 471 3146 535 αὐτὸν,
3192 471 3526 541 ἀγνοούντων
3560 472 3673 525 τῶν

3562 355 3670 411 5'2"!

2097 565 2446 636 στρατιωτῶν
2492 565 2679 619 αὐτοῦ.
2713 565 2823 619 Καὶ
2855 563 2999 617 οὕτω
3032 563 3215 617 λοιπὸν
3256 565 3306 616 οἱ
3353 562 3449 633 μὲν
3486 561 3674 616 Ἀσσύ-

2098 674 2201 730 ριοι
2247 657 2467 725 ἔφυγον,
2496 658 2546 710 oi
2577 657 2634 710 δὲ
2669 658 2776 711 υἱοὶ
2812 656 3030 728 Ἰσραὴλ
3075 654 3411 725 πανταχόθεν
3444 654 3671 726 συνδρα-

2096 749 2308 820 μόντες,
2339 748 2648 818 κατέκοψαν
2676 750 2802 812 τοὺς
2824 748 3161 819 Ἀσσυρίους.
3191 745 3348 799 Οὕτω
3377 744 3435 798 δὲ
3466 745 3670 799 σωθέν-

2091 857 2204 902 τες,
2240 841 2336 892 καὶ
2365 840 2761 903 σκυλεύσαντες
2797 841 2924 902 τοὺς
2961 837 3273 908 πολεμίους,
3306 835 3567 889 δεδώκασι
3598 839 3668 907 τῇ

2104 930 2290 984 Ἰουδὶθ
2324 930 2501 984 πάντα
2528 931 2597 983 τά
2618 931 2712 984 τοῦ
2741 931 3082 1002 Ὀλοφέρνου.
3116 931 3263 1001 Αὐτὴ
3300 930 3355 984 δὲ
3385 933 3419 1003 ή
3460 930 3667 995 Ἰουδὶθ,

2092 1023 2401 1078 ἀπελθοῦσα
2436 1026 2517 1087 είς
2546 1023 2644 1096 τὴν
2694 1023 3069 1095 Ἰερουσαλὴμ,
3119 1023 3350 1094 ἀνέθηκε
3385 1024 3564 1077 πάντα
3588 1021 3671 1093 τῷ

2090 1117 2303 1186 Κυρίῳ,
2342 1117 2436 1170 καὶ
2475 1116 2862 1188 ὑποστρέψασα
2901 1119 2982 1179 εἰς
3019 1116 3111 1169 τὸν
3142 1112 3288 1171 οἷκον
3324 1118 3541 1188 ἑαυτῆς,
3569 1118 3671 1187 τὴν

2090 1207 2258 1279 αὐτὴν
2298 1204 2443 1279 εἶχεν
2488 1209 2741 1278 ἄσκησιν,
2795 1210 2892 1262 καὶ
2943 1209 3212 1280 διέμεινεν
3271 1209 3375 1273 ἕως
3433 1209 3671 1263 θανάτου

2091 1302 2257 1371 χήρα,
2298 1300 2525 1371 μηδενὸς
2566 1301 2737 1372 αὐτὴν
2781 1299 3094 1370 ἰσχύσαντος
3128 1305 3313 1355 πεῖσαι
3349 1302 3429 1365 είς
3469 1301 3667 1374 γάμον,

2090 1395 2186 1448 καὶ
2216 1394 2475 1459 ἀπέθανε,
2506 1394 2719 1465 ζήσασα
2753 1392 2933 1457 καλῶς
2961 1396 3019 1446 ἐν
3044 1395 3111 1464 τῇ
3146 1393 3366 1464 χηρείᾳ,
3394 1393 3531 1448 ἐτῶν
3563 1399 3667 1465 ρε’.

2636 1505 2884 1558 Βιϐλίον
2916 1506 3114 1559 Τωϐίτ.

2159 1597 2248 1652 44.
2286 1596 2640 1667 Ὀνομάξεται
2670 1596 2844 1660 οὕτως
2881 1597 2942 1650 τὸ
2977 1596 3200 1667 βιϐλίον,
3228 1597 3413 1669 ἐπειδὴ
3450 1598 3544 1652 καὶ
3569 1598 3671 1670 τὴν

2089 1690 2217 1762 περὶ
2242 1688 2406 1743 αὑτοῦ
2438 1688 2534 1742 τοῦ
2564 1690 2745 1742 Τωϐὶτ
2784 1689 3023 1761 ἱστορίαν
3050 1689 3314 1762 περιέχει.
3339 1685 3449 1743 Ἦν
3479 1690 3536 1743 δὲ
3575 1685 3669 1746 οὗ-

412 1782 530 1847 l'tm,
562 1782 618 1837 in
636 1784 1118 1857 captivitatemque
1148 1785 1417 1841 adductus
1442 1786 1673 1857 degebat
1692 1787 1748 1842 in
1766 1779 1984 1845 civitate

2088 1798 2179 1844 τος
2224 1781 2333 1834 ἀπὸ
2384 1780 2482 1850 μὲν
2529 1779 2701 1851 φυλῆς
2752 1779 3101 1850 Νεφθαλείμ·
3149 1781 3338 1849 γέγονε
3390 1781 3448 1834 δὲ
3503 1782 3560 1835 ἐν
3598 1784 3668 1853 τῇ

407 1873 626 1941 Ninive,
648 1876 967 1932 misericors
987 1884 1042 1932 et
1068 1878 1379 1948 religiosus.
1401 1876 1613 1932 Etenim
1635 1893 1761 1933 cum
1797 1879 1850 1933 in
1868 1894 1984 1952 cap-

2088 1872 2454 1943 αἰχμαλωσίᾳ,
2481 1872 2574 1925 καὶ
2593 1867 2661 1942 ῆν
2692 1873 2749 1924 ἐν
2771 1874 2837 1943 τῇ
2862 1870 3068 1937 Νινευῖ,
3103 1871 3350 1943 ἐλεήμων
3374 1873 3467 1925 καὶ
3489 1870 3673 1925 θεοσε-

410 1964 620 2022 tivitate
633 1974 799 2032 esset,
816 1982 1162 2054 communem
1186 1984 1380 2039 panem
1409 1985 1472 2024 ex
1495 1970 1749 2041 gentibus
1771 1986 1883 2027 non
1898 1988 1984 2027 co-

2088 1964 2208 2035 ϐής.
2239 1963 2349 2016 Καὶ
2367 1964 2477 2034 γὰρ
2502 1965 2561 2017 ἐν
2590 1966 2657 2034 τῇ
2688 1964 3033 2035 αἰχμαλωσίᾳ
3058 1964 3367 2034 γενόμενος,
3392 1964 3491 2017 ούκ
3512 1965 3672 2035 ἤσθιε

406 2058 601 2122 medit,
637 2060 733 2114 sed
770 2061 1011 2130 seipsum
1037 2061 1355 2117 custodivit.
1382 2061 1511 2117 Erat
1547 2071 1729 2118 autem
1756 2079 1984 2121 annona:

2088 2058 2263 2110 κοινὸν
2292 2056 2454 2127 ἄρτον
2486 2056 2595 2110 ἀπὸ
2624 2056 2731 2109 τῶν
2762 2056 2950 2122 ἐθνῶν,
2982 2057 3117 2110 ἀλλά
3139 2059 3329 2111 ἐαυτὸν
3360 2062 3669 2131 συνετήρει.

2084 2144 2193 2201 Ἦν
2236 2148 2293 2202 δὲ
2330 2148 2425 2201 καὶ
2468 2149 2887 2220 προαγοραστὴς
2932 2148 3029 2202 τοῦ
3076 2148 3340 2220 βασιλέως
3376 2152 3672 2221 Ἐνεμεσά-

2089 2260 2204 2314 ρου,
2246 2242 2342 2294 καὶ
2373 2242 2641 2313 παρέθετο
2687 2245 2747 2296 ἐν
2798 2245 2862 2313 τῇ
2901 2243 3085 2315 Μηδία
3122 2245 3393 2316 Γαμαήλῳ
3430 2244 3671 2301 τάλαντα

2083 2332 2235 2386 δέκα.
2261 2327 2426 2397 Οὗτος
2450 2334 2478 2385 6
2511 2332 2689 2386 Τωϐὶτ
2722 2334 2955 2404 σπουδὴν
2981 2330 3094 2404 εἶχε
3119 2333 3346 2389 θάπτειν
3378 2338 3505 2400 τοὺς
3532 2338 3671 2391 ἀπο-

2084 2420 2414 2492 θνήσκοντας
2437 2420 2545 2475 τῶν
2587 2421 2875 2477 Ἰουδαίων.
2900 2423 3219 2494 Διαϐληθεὶς
3254 2425 3312 2477 δὲ
3339 2426 3418 2496 τῷ
3458 2427 3671 2497 βασιλεῖ

2096 2513 2337 2585 ’Δχιρὴλ,
2365 2515 2556 2584 ἔφυγε,
2581 2516 2675 2568 καὶ
2717 2515 3027 2569 ἐπανελθὼν
3065 2517 3159 2571 καὶ
3199 2516 3376 2587 θάψας
3410 2519 3533 2572 τινὰ
3558 2519 3671 2573 τῶν

2083 2607 2483 2672 ἀποθανόντων,
2530 2608 2803 2680 ἐκοιμήθη
2849 2608 2954 2676 ἔξω
3006 2609 3099 2662 τοῦ
3146 2611 3379 2682 τείχους,
3432 2613 3548 2677 καὶ,
3588 2613 3668 2676 ὡς

2083 2698 2293 2765 εἴωθεν,
2348 2701 2406 2753 ἐν
2456 2699 2536 2771 τῷ
2586 2699 2882 2772 κοιμᾶσθαι
2919 2702 3302 2772 ἀνεῳγμένους
3351 2703 3490 2775 ἔχων
3540 2706 3671 2768 τοὺς

2082 2791 2395 2864 ὀφθαλμοὺς
2425 2793 2611 2858 αὐτοῦ,
2630 2794 2961 2864 λευκώματα
2982 2794 3128 2865 ἔσχε,
3159 2797 3254 2850 καὶ
3283 2798 3384 2851 οὐκ
3410 2797 3489 2851 ἔτι
3516 2797 3673 2879 ξϐλε-

2083 2900 2205 2938 πεν.
2246 2879 2356 2939 Ἦν
2404 2884 2462 2938 δὲ
2512 2885 2607 2938 καὶ
2630 2884 2689 2939 ἐν
2739 2884 3090 2950 Ἐκϐατάνοις
3137 2885 3383 2960 θυγάτηρ
3403 2887 3500 2941 τοῦ
3538 2889 3669 2942 Ῥα-

2082 2975 2253 3048 γουὴλ
2305 2976 2601 3046 συγγενοῦς
2655 2977 2842 3041 αὐτοῦ,
2905 2978 3094 3049 Σάρῤα
3140 2978 3389 3049 ὀνόματι.
3450 2980 3669 3051 Ταύτην

2082 3068 2399 3141 γαμηθῆναι
2448 3071 2549 3124 οὐκ
2602 3070 2901 3142 ἐπέτρεπεν
2929 3072 2957 3124 6
3010 3071 3220 3142 δαίμων
3252 3075 3281 3126 ὁ
3327 3074 3665 3145 Ἀσμοδαῖος.

414 2151 710 2221 prazfectus
748 2153 891 2222 apud
933 2168 1112 2223 regem
1158 2152 1586 2219 Enemesarum,
1632 2162 1687 2209 et
1733 2155 1991 2226 deposuit

408 2240 557 2312 apud
589 2240 904 2298 Gamaelum
949 2244 1004 2298 in
1035 2243 1213 2299 Media
1259 2245 1446 2301 decem
1488 2247 1710 2302 talenta.
1746 2245 1839 2303 Isti
1880 2247 1988 2303 To-

408 2334 513 2388 biae
562 2334 805 2390 studium
843 2342 963 2389 erat
1007 2336 1304 2406 sepeliendi
1351 2346 1601 2393 mortuos
1650 2353 1717 2393 ex
1760 2336 1982 2394 Judaais.

406 2424 584 2496 Hujus
612 2427 789 2508 gratia
821 2425 1036 2483 delatus
1067 2426 1135 2482 ad
1161 2443 1343 2498 regem
1359 2427 1694 2493 Achirelem,
1728 2427 1856 2500 fuga
1881 2428 1986 2484 sibi

406 2519 664 2574 consulit.
698 2517 1113 2589 Regressusque
1145 2535 1175 2575 e
1226 2518 1373 2591 fuga,
1404 2536 1529 2574 cum
1562 2528 1840 2575 mortuum
1885 2522 1986 2575 ali-

405 2627 567 2683 quem
610 2611 915 2684 sepelisset,
955 2620 1110 2667 extra
1147 2627 1334 2668 muros
1382 2611 1735 2678 obdormivit,
1766 2621 1820 2668 et
1856 2629 1984 2668 cum

308 2721 317 2728 ·
404 2721 507 2776 pro
546 2721 700 2761 more
732 2721 835 2762 suo
867 2714 1086 2776 apertos
1131 2706 1359 2761 haberet
1406 2707 1553 2762 inter
1598 2707 1983 2763 dormiendum

405 2798 618 2864 oculos,
676 2797 987 2871 albuginem
1044 2798 1154 2854 illis
1204 2798 1502 2862 contraxit,
1555 2814 1658 2854 nec
1710 2800 1853 2853 ultra
1904 2802 1986 2855 vi-

404 2887 587 2944 debat.
641 2888 794 2965 131
850 2888 982 2943 Erat
1039 2898 1220 2944 autem
1253 2888 1547 2945 Ecbatanis
1581 2890 1688 2944 filia
1728 2889 1985 2962 Raguelis

405 2980 625 3051 cognati
658 2980 853 3051 ipsius,
886 2981 1107 3036 nomine
1140 2979 1298 3036 Sara.
1336 2979 1491 3036 Hanc
1531 2983 1746 3038 daemon
1788 2984 1984 3039 Asmo-

404 3073 556 3127 dzeus
580 3088 689 3128 non
719 3072 1067 3143 permittebat
1089 3078 1148 3126 ut
1175 3074 1464 3143 quisquam
1490 3087 1714 3127 uxorem
1736 3072 1980 3128 haberet.

404 3162 695 3220 Occiderat
752 3164 899 3220 enim
952 3163 1065 3234 jam
1120 3171 1350 3234 septem,
1382 3166 1477 3235 qui
1530 3165 1678 3219 illam
1721 3181 1980 3236 sponsam

2098 3159 2274 3213 Ἑπτὰ
2330 3159 2459 3229 γοῦν
2517 3160 2646 3232 ἑξῆς
2675 3160 2939 3225 λαϐόντας
2982 3162 3152 3233 αὐτὴν
3201 3164 3521 3218 ἀπέκτεινε·
3574 3167 3671 3220 καὶ

404 3262 750 3326 acceperant.
778 3252 1011 3325 Propter
1050 3254 1192 3310 hanc
1231 3269 1453 3310 causam
1484 3270 1609 3309 cum
1635 3256 1986 3313 vehementer

404 3345 731 3402 contristata
750 3355 915 3414 esset,
940 3347 1135 3411 Oravit,
1156 3347 1415 3419 misitque
1430 3348 1508 3401 illi
1531 3346 1675 3405 Deus
1692 3350 1984 3404 auxiliato-

402 3452 519 3493 rem
576 3434 908 3509 Raphaelem
963 3438 1372 3511 archangelum.
1427 3439 1590 3494 Tobit
1640 3440 1807 3510 igitur
1857 3457 1982 3497 cum

402 3529 516 3584 tilio
548 3543 649 3584 suo
678 3526 863 3585 Tobiae
887 3530 1222 3598 mandasset,
1252 3547 1321 3586 ne
1344 3530 1448 3586 sibi
1480 3530 1702 3586 aliunde
1735 3547 1981 3597 uxorem,

402 3635 569 3690 quam
610 3637 678 3676 ex
723 3621 868 3675 tribu
919 3628 975 3676 et
1005 3623 1328 3693 cognatione
1364 3637 1464 3679 sua
1505 3631 1766 3691 sumeret,
1796 3625 1985 3680 decem

405 3710 485 3764 illi
516 3711 846 3766 talentorum
877 3712 1301 3784 chirographum
1327 3712 1496 3779 dedit,
1520 3716 1902 3786 praecepitque,
1925 3723 1986 3770 ut

402 3802 598 3869 abiret,
628 3811 684 3857 et
722 3809 926 3873 peteret
974 3819 1058 3859 ea.
1094 3802 1267 3861 Filius
1316 3812 1522 3870 autem,
1556 3821 1681 3859 cum
1708 3822 1815 3862 nec-
1840 3808 1985 3863 viam

400 3902 614 3960 nosset,
652 3910 755 3950 nec
781 3895 1053 3950 hominem
1081 3896 1151 3951 ad
1180 3911 1343 3966 quem
1367 3904 1484 3952 erat
1503 3898 1982 3968 proficiscendum,

400 4002 657 4057 egressus
700 3996 784 4042 est
823 3994 884 4041 ut
928 3988 1027 4042 vite
1066 3988 1169 4043 sibi
1218 3988 1429 4044 socium
1463 3997 1754 4060 quaereret,
1788 3998 1845 4045 et
1890 3991 1985 4046 Dei

401 4078 747 4149 providentia
796 4080 987 4133 incidit
1034 4080 1089 4134 in
1120 4078 1474 4151 Raphaelem,
1504 4082 1600 4153 qui
1633 4081 1873 4138 hominis
1899 4084 1984 4137 in-

406 4178 524 4225 star
553 4169 689 4226 foris
711 4171 913 4235 stabat,
947 4170 1232 4242 pretioque
1270 4171 1423 4226 illum
1447 4173 1729 4241 conduxit,
1752 4190 1818 4231 eo
1838 4175 1984 4245 quod

402 4275 463 4316 se
514 4260 614 4316 viae
667 4261 833 4331 hujus
870 4276 1103 4332 gnarum
1145 4276 1269 4318 esse
1302 4263 1530 4319 diceret.
1552 4264 1856 4322 Comitatus
1882 4267 1986 4320 ita-

401 4365 509 4421 que
542 4351 696 4406 illum
724 4360 810 4407 est
836 4352 1077 4423 Angelus
1110 4352 1165 4407 in
1204 4355 1387 4424 specie
1411 4354 1673 4419 hominis,
1705 4358 1801 4427 qui
1832 4359 1982 4411 ‘Aza-

401 4441 514 4497 rias
543 4440 837 4497 diceretur.
871 4441 1009 4497 Cum
1050 4450 1233 4497 autem
1264 4444 1333 4498 ad
1363 4443 1638 4515 Tigridem
1682 4462 1853 4516 usque
1880 4446 1985 4501 ilu-

2085 3260 2228 3313 πάνυ
2251 3259 2599 3331 λυπηθεῖσαή
2625 3263 2775 3323 παῖς,
2803 3259 3026 3330 ηὔξατο,
3056 3261 3151 3313 καὶ
3183 3260 3498 3315 ἀπέστειλεν
3526 3263 3667 3334 αὐτῇ

2086 3352 2280 3422 βοηθὸν
2326 3354 2357 3405 6
2396 3351 2551 3415 Θεὸς,
2597 3351 2690 3405 τὸν
2722 3351 3063 3424 ἀρχάγγελον
3105 3352 3367 3424 Ῥαφαήλ.
3404 3353 3462 3407 Ὀ
3489 3354 3671 3407 τοίνυν

2085 3445 2286 3509 Τωϐὶτ,
2310 3443 2685 3516 παραγγείλας
2716 3444 2911 3515 τῷυίῴ
2936 3444 3103 3498 αὐτοῦ
3140 3445 3345 3516 Τωϐία,
3381 3446 3455 3517 μὴ
3482 3446 3671 3500 λαϐεῖν

2084 3535 2379 3607 ἀλλαχόθεν
2416 3538 2650 3604 γυναῖκα
2669 3538 2718 3588 εί
2756 3537 2829 3607 μὴ
2852 3539 2917 3590 ἐκ
2942 3536 3042 3607 τῆς
3064 3536 3238 3607 φυλῆς
3264 3537 3427 3590 αὐτοῦ
3464 3538 3557 3591 καὶ
3573 3535 3669 3590 τοῦ

2084 3629 2295 3697 γένους,
2344 3628 2558 3682 δίδωσιν
2591 3627 2741 3698 αὐτῷ
2794 3627 2857 3681 τὸ
2894 3629 3258 3701 χειρόγραφον
3279 3629 3388 3683 τῶν
3413 3629 3544 3683 δέκα
3577 3648 3674 3684 τα-

2084 3721 2312 3786 λάντων,
2331 3722 2424 3775 καὶ
2454 3721 2758 3775 ἐντέλλεται
2776 3720 2927 3792 αὑτῷ
2953 3721 3209 3775 ἀπελθεῖν
3231 3723 3324 3776 καὶ
3342 3724 3668 3795 ἀπαιτῆσαι.

2098 3810 2332 3880 Ἀγνοῶν
2360 3811 2417 3864 δὲ
2446 3813 2474 3865 ὁ
2499 3814 2628 3874 παῖς
2645 3812 2746 3882 τὴν
2772 3812 2889 3865 ὁδὸν
2924 3813 3020 3865 καὶ
3051 3813 3144 3867 τὸν
3184 3813 3491 3885 ἄνθρωπον,
3515 3815 3672 3887 ἐξέρ-

2084 3922 2237 3975 χεται
2271 3903 2503 3975 ζητῆσαι
2540 3904 2935 3976 συνοδοιπόρον,
2964 3904 3060 3957 καὶ
3085 3903 3221 3958 Θεοῦ
3263 3907 3490 3977 προνοίᾳ
3515 3907 3669 3978 εὑρί-

2086 4013 2207 4049 σκει
2236 3995 2328 4049 τὸν
2370 3995 2633 4066 Ῥαφαὴλ,
2664 3995 2741 4058 ὡς
2761 3995 3047 4066 ἄνθρωπον
3067 3996 3277 4051 ἐστῶτα
3296 3997 3420 4063 ἔξω,
3444 3999 3539 4053 καὶ
3577 4017 3671 4069 μι-

2087 4088 2306 4143 σθοῦται
2356 4088 2520 4141 αὐτὸν
2574 4087 2799 4155 λέγοντα
2832 4089 3029 4143 εἰδέναι
3078 4090 3177 4161 τὴν
3207 4090 3347 4144 ὁδόν.
3388 4091 3500 4144 Καὶ
3538 4108 3670 4145 συν-

2082 4178 2255 4231 οδεύει
2313 4177 2462 4249 αὐτῷ
2515 4179 2545 4231 6
2589 4177 2838 4247 ἄγγελος,
2898 4179 2975 4242 ὡς
3012 4178 3328 4251 ἄνθρωπος,
3375 4179 3669 4252 λεγόμενος

2097 4269 2377 4341 ’Δζαρίας.
2424 4268 2717 4325 Ἐλθόντων
2745 4270 2804 4323 δὲ
2838 4270 3018 4323 αὐτῶν
3045 4273 3125 4335 είς
3158 4272 3251 4325 τὸν
3273 4272 3465 4343 Τίγριν
3495 4290 3669 4326 ποτα-

2086 4360 2209 4431 μὸν,
2241 4359 2506 4432 ⁴ήθέλησεν
2547 4362 2577 4414 ὁ
2622 4364 2751 4425 παῖς
2782 4363 2863 4425 εἰς
2887 4362 3049 4416 αὐτὸν
3078 4363 3382 4433 καταϐῆναι
3414 4363 3511 4418 καὶ
3541 4363 3669 4417 λούο

2086 4452 2303 4515 σασθαι,
2334 4454 2430 4507 καὶ
2453 4453 2613 4517 εὐθὺς
2641 4453 2793 4524 ἰχθὺς
2820 4454 3131 4525 ἐπεπήδησε
3166 4454 3245 4525 τῷ
3266 4455 3539 4527 παιδαρίῳ
3574 4458 3672 4527 μέ-

399 4533 551 4588 vium
590 4534 989 4604 pervenissent,
1018 4535 1234 4590 volebat
1269 4535 1469 4592 Tobias
1519 4537 1575 4592 in
1624 4540 1719 4594 illo
1765 4537 1984 4594 lavandi

2091 4559 2213 4611 γας.
2266 4544 2324 4597 Ὀ
2374 4542 2433 4596 δὲ
2481 4542 2712 4611 ἄγγελος
2761 4539 2913 4597 εἶπεν
2956 4544 3107 4615 αὐτῷ
3169 4545 3522 4600 ἐπιλαϐέσθαι
3570 4545 3669 4600 τοῦ

400 4624 576 4693 gratia
631 4624 986 4691 descendere,
1020 4633 1075 4681 et
1131 4642 1258 4682 mox
1309 4630 1477 4698 piscis
1523 4631 1744 4701 quidam
1786 4633 1979 4703 ingens

396 4722 614 4777 insiluit
660 4722 717 4776 in
757 4737 1007 4793 puerum.
1046 4722 1288 4794 Angelus
1322 4740 1453 4780 vero
1482 4727 1650 4794 jussit
1683 4727 1783 4791 illi,
1810 4735 1871 4782 ut
1898 4728 1981 4798 pi-

401 4828 550 4868 scem
613 4812 763 4868 hunc
818 4814 1251 4884 apprehenderet
1291 4823 1345 4871 et
1372 4817 1426 4871 in
1469 4817 1641 4872 frusta
1669 4826 1897 4883 secaret,
1926 4827 1980 4874 et

398 4905 548 4972 illius
593 4905 782 4975 hepar,
833 4919 931 4959 cor
957 4912 1013 4959 et
1040 4906 1205 4961 bilem
1264 4907 1574 4964 desumeret
1623 4917 1678 4965 et
1715 4918 1977 4967 servaret.

398 4992 652 5066 Rogante
688 5004 876 5067 postea
930 5012 1121 5068 puero,
1147 4997 1204 5052 in
1258 5014 1419 5069 quem
1451 5000 1543 5054 illa
1568 5016 1726 5055 usum
1765 5002 1977 5072 forent;

395 5084 685 5156 respondit
728 5107 742 5142 :
792 5085 970 5156 Hepar
999 5094 1054 5142 et
1086 5102 1182 5142 cor
1209 5087 1433 5144 incensa
1470 5090 1772 5145 daemonem
1819 5090 1980 5162 fuga-

398 5175 580 5229 bunt:
617 5176 744 5232 bilis
773 5191 905 5231 vero
958 5176 1244 5231 oculorum
1282 5177 1592 5248 albuginem
1649 5182 1979 5251 repurgabit.

399 5265 578 5336 Hujus
609 5283 711 5337 ope
731 5277 785 5322 et
812 5268 1049 5323 consilio
1072 5266 1273 5324 Tobias
1311 5268 1475 5322 tiliam
1508 5270 1762 5341 Raguelis
1790 5271 1981 5326 Saram

397 5372 625 5413 uxorem
648 5359 825 5421 duxit,
862 5374 989 5413 cum
1023 5359 1117 5415 illo
1153 5360 1339 5415 sul'litu
1371 5360 1671 5417 daemonem
1717 5362 1980 5435 fugasset,

396 5448 493 5517 qui
533 5448 589 5501 in
644 5450 1023 5518 superioribus
1078 5449 1298 5521 [Egypti
1360 5452 1607 5521 partibus
1659 5454 1728 5509 ab
1775 5454 1982 5525 Angelo

395 5538 599 5608 ligatus
619 5547 724 5594 est.
748 5540 887 5595 Dum
921 5549 1105 5597 autem
1134 5557 1260 5597 cum
1288 5557 1456 5598 uxore
1489 5553 1734 5600 maneret
1756 5545 1981 5611 Tobias,

395 5628 651 5685 Azariam
682 5640 939 5703 tanquam
974 5634 1249 5690 hominem
1270 5632 1328 5690 in
1352 5635 1582 5690 Mediam
1611 5637 1800 5693 misit:
1830 5653 1985 5695 cum‘

400 5737 509 5793 que
557 5737 654 5793 per
697 5724 850 5778 illum
883 5724 1072 5781 decem
1102 5727 1305 5782 talenta
1332 5728 1649 5799 recepisset,
1676 5729 1741 5783 ad
1771 5737 1981 5799 patrem

401 5830 514 5878 una
546 5830 672 5877 cum
725 5815 818 5875 illo
848 5824 901 5875 et
941 5833 1111 5878 uxore
1154 5834 1253 5877 sua
1280 5836 1535 5883 reversus
1574 5831 1677 5882 est.
1712 5818 1982 5881 Reversus

2086 4635 2287 4706 ἰχθύος,
2339 4636 2434 4690 καὶ
2489 4639 2676 4707 τεμεῖν
2726 4636 2909 4699 αὐτὸν,
2940 4637 3036 4691 καὶ
3064 4637 3248 4691 λαϐεῖν
3273 4638 3333 4691 τὸ
3369 4634 3543 4711 ἧπαρ,
3573 4641 3671 4693 καὶ

2080 4727 2177 4799 τὴν
2196 4728 2446 4800 καρδίαν,
2470 4729 2564 4781 καὶ
2594 4729 2693 4800 τὴν
2717 4728 2899 4800 χολὴν,
2936 4729 3030 4782 καὶ
3077 4730 3250 4788 ταῦτα
3281 4734 3493 4803 τηρεῖν.
3534 4729 3671 4787 Εἶτα

2082 4818 2487 4891 πυνθανομένου
2532 4820 2626 4873 τοῦ
2668 4820 2880 4885 παιδὸς,
2916 4821 3012 4884 Εἰς
3054 4821 3105 4873 τί
3167 4823 3423 4894 χρήσιμα
3451 4823 3666 4890 caiisa;

2083 4911 2289 4974 ἐκεῖνος
2334 4910 2473 4981 ἔφη’
2506 4911 2579 4964 Τὸ
2627 4906 2781 4984 ἦπαρ
2836 4913 2932 4968 καὶ
2969 4915 3002 4985 ἡ
3039 4914 3257 4986 καρδία,
3321 4914 3667 4987 θυμιώμενα,

2080 4999 2261 5068 διώξει
2289 5000 2380 5054 τὸν
2411 5002 2668 5074 δαίμονα·
2702 5006 2734 5075 ἡ
2770 5004 2828 5057 δὲ
2855 5003 2983 5074 χολή
3008 5004 3298 5076 καθαρίσει
3347 5005 3417 5061 τὰ
3458 5005 3669 5059 λευκώ-

2085 5109 2252 5163 ματα.
2270 5092 2327 5146 ὐ
2350 5093 2446 5163 μὲν
2460 5090 2553 5148 οὖν
2567 5098 2697 5159 παῖς
2714 5094 2951 5170 [τούτου]
2975 5115 3038 5150 συ
3047 5096 3278 5169 μϐουλίᾳ
3295 5096 3389 5150 καὶ
3409 5098 3671 5170 συνεργίᾳ

2081 5182 2348 5255 λαμϐάνει
2364 5185 2465 5257 τὴν
2482 5186 2577 5239 τοῦ
2614 5187 2885 5259 Ῥαγουὴλ
2906 5189 3183 5262 θυγατέρα
3209 5190 3307 5261 τὴν
3329 5190 3549 5261 Σάρραν
3571 5206 3670 5257 γυ-

2080 5278 2264 5341 ναῖκα,
2315 5275 2633 5347 διωχθέντος
2688 5280 2783 5333 τοῦ
2844 5281 3120 5352 δαιμονίου
3149 5284 3208 5335 ἐν
3250 5282 3329 5353 τῷ
3362 5282 3668 5353 θυμιάματι

2080 5364 2276 5433 τούτῳ,
2306 5366 2402 5419 καὶ
2428 5366 2673 5431 δεθέντος
2698 5371 2780 5432 είς
2815 5370 2883 5423 τὰ
2922 5370 3172 5444 ἀνώτερα
3211 5370 3351 5443 μέρη
3387 5371 3668 5439 Αἰγύπτου

2083 5455 2188 5508 ὑπὸ
2242 5454 2337 5509 τοῦ
2398 5457 2653 5525 ἀγγέλου.
2708 5460 2918 5524 Μείνας
2953 5460 3010 5514 δέ
3041 5460 3181 5532 μετὰ
3230 5463 3329 5532 τῆς
3353 5463 3613 5530 γυναικὸς
3638 5463 3668 5515 6

2082 5545 2317 5612 Τωϐίας,
2372 5548 2691 5603 ἀποστέλλει
2755 5551 2848 5604 τὸν
2918 5550 3194 5625 Ἀζαρίαν,
3257 5553 3334 5618 ὡς
3380 5552 3670 5624 ἄνθρωπον

2082 5637 2234 5703 ὄντα,
2268 5641 2348 5704 είς
2376 5640 2474 5712 τὴν
2489 5642 2723 5714 Μηδίαν,
2749 5643 2844 5697 καὶ
2870 5645 3181 5717 ἀπαιτήσας
3210 5647 3420 5709 ἐκεῖνος
3444 5644 3514 5698 τά
3536 5645 3669 5699 δέκα

2053 5730 2342 5797 τάλαντα,
2404 5734 2735 5808 ὑποστρέφει
2795 5736 2935 5809 μετὰ
2971 5737 3068 5808 τῆς
3093 5737 3349 5807 γυναικὸς
3374 5738 3470 5792 καὶ
3501 5736 3667 5791 αὐτοῦ

2087 5825 2223 5901 πρὸς
2274 5826 2365 5885 τὸν
2414 5828 2648 5903 πατέραι
2696 5828 3075 5899 Ὑποστρέψας
3106 5829 3164 5885 δὲ
3197 5831 3225 5883 6
3263 5832 3412 5896 παῖς.
3455 5830 3668 5891 ἐνγρίει
