  <div class='ocr_page' id='page_1' title='image "/cluster/home/n/w/nwhite01/storage/ocr_20150623/28/nnc1.0046978690/226.png"; bbox 0 0 3880 6186; ppageno 0'>
   <div class='ocr_carea' id='block_1_1' title="bbox 202 361 320 419">
    <p class='ocr_par' dir='ltr' id='par_1_1' title="bbox 202 361 320 419">
     <span class='ocr_line' id='line_1_1' title="bbox 202 361 320 419; baseline 0 0"><span class='ocrx_word' id='word_1_1' title='bbox 202 361 320 419; x_wconf 71' lang='lat'>373</span> 
     </span>
    </p>
   </div>
   <div class='ocr_carea' id='block_1_2' title="bbox 1284 348 2384 410">
    <p class='ocr_par' dir='ltr' id='par_1_2' title="bbox 1284 348 2384 410">
     <span class='ocr_line' id='line_1_2' title="bbox 1284 348 2384 410; baseline -0.005 0"><span class='ocrx_word' id='word_1_2' title='bbox 1284 350 1620 410; x_wconf 81' lang='lat' dir='ltr'>SYNOPSIS</span> <span class='ocrx_word' id='word_1_3' title='bbox 1659 349 2074 407; x_wconf 68' lang='lat' dir='ltr'>SCRIPTURJE</span> <span class='ocrx_word' id='word_1_4' title='bbox 2114 348 2384 405; x_wconf 64' lang='lat' dir='ltr'>SACRA‘}.</span> 
     </span>
    </p>
   </div>
   <div class='ocr_carea' id='block_1_3' title="bbox 3370 341 3472 397">
    <p class='ocr_par' dir='ltr' id='par_1_3' title="bbox 3370 341 3472 397">
     <span class='ocr_line' id='line_1_3' title="bbox 3370 341 3472 397; baseline 0.01 -1"><span class='ocrx_word' id='word_1_5' title='bbox 3370 341 3472 397; x_wconf 68' lang='grc'>574</span> 
     </span>
    </p>
   </div>
   <div class='ocr_carea' id='block_1_4' title="bbox 199 428 1784 554">
    <p class='ocr_par' dir='ltr' id='par_1_4' title="bbox 199 471 1784 554">
     <span class='ocr_line' id='line_1_4' title="bbox 199 471 1784 554; baseline -0.008 -19"><span class='ocrx_word' id='word_1_6' title='bbox 199 485 274 554; x_wconf 75' lang='grc' dir='ltr'>τῇ</span> <span class='ocrx_word' id='word_1_7' title='bbox 305 481 436 552; x_wconf 82' lang='grc' dir='ltr'>χολῇ</span> <span class='ocrx_word' id='word_1_8' title='bbox 461 476 561 532; x_wconf 80' lang='grc' dir='ltr'>τοῦ</span> <span class='ocrx_word' id='word_1_9' title='bbox 596 476 779 548; x_wconf 85' lang='grc' dir='ltr'>ίχθύος</span> <span class='ocrx_word' id='word_1_10' title='bbox 801 477 926 539; x_wconf 77' lang='grc' dir='ltr'>τοὺς</span> <span class='ocrx_word' id='word_1_11' title='bbox 967 475 1281 546; x_wconf 70' lang='grc' dir='ltr'>οφθαλμοὺς</span> <span class='ocrx_word' id='word_1_12' title='bbox 1314 473 1409 527; x_wconf 89' lang='grc' dir='ltr'>τοῦ</span> <span class='ocrx_word' id='word_1_13' title='bbox 1438 472 1664 544; x_wconf 84' lang='grc' dir='ltr'>πατρὸς,</span> <span class='ocrx_word' id='word_1_14' title='bbox 1700 471 1784 525; x_wconf 64' lang='grc' dir='ltr'>καλ</span> 
     </span>
    </p>
   </div>
   <div class='ocr_carea' id='block_1_5' title="bbox 1889 428 3493 554">
    <p class='ocr_par' dir='ltr' id='par_1_5' title="bbox 1897 428 3493 539">
     <span class='ocr_line' id='line_1_5' title="bbox 1897 428 3493 539; baseline -0.006 -17"><span class='ocrx_word' id='word_1_15' title='bbox 1897 484 2029 524; x_wconf 88' lang='lat' dir='ltr'><strong>vero</strong></span> <span class='ocrx_word' id='word_1_16' title='bbox 2061 485 2215 539; x_wconf 89' lang='lat' dir='ltr'><strong>puer,</strong></span> <span class='ocrx_word' id='word_1_17' title='bbox 2260 468 2451 523; x_wconf 89' lang='lat' dir='ltr'><strong>oculos</strong></span> <span class='ocrx_word' id='word_1_18' title='bbox 2507 468 2678 537; x_wconf 88' lang='lat' dir='ltr'><strong>patrls</strong></span> <span class='ocrx_word' id='word_1_19' title='bbox 2727 462 2851 519; x_wconf 81' lang='lat' dir='ltr'><strong>felle</strong></span> <span class='ocrx_word' id='word_1_20' title='bbox 2893 461 3062 533; x_wconf 80' lang='lat' dir='ltr'>piscis</span> <span class='ocrx_word' id='word_1_21' title='bbox 3103 428 3493 530; x_wconf 63' lang='lat' dir='ltr'><strong>obliniit,quo&#39;</strong></span> 
     </span>
    </p>
   </div>
   <div class='ocr_carea' id='block_1_6' title="bbox 202 563 1792 633">
    <p class='ocr_par' dir='ltr' id='par_1_6' title="bbox 202 563 1792 633">
     <span class='ocr_line' id='line_1_6' title="bbox 202 563 1792 633; baseline -0.006 -8"><span class='ocrx_word' id='word_1_22' title='bbox 202 570 615 626; x_wconf 74' lang='grc' dir='ltr'>ἀποπίπτουσιν</span> <span class='ocrx_word' id='word_1_23' title='bbox 668 569 727 621; x_wconf 80' lang='lat' dir='ltr'>at</span> <span class='ocrx_word' id='word_1_24' title='bbox 781 564 1015 630; x_wconf 76' lang='grc' dir='ltr'>λεπίδες,</span> <span class='ocrx_word' id='word_1_25' title='bbox 1064 565 1160 618; x_wconf 72' lang='grc' dir='ltr'>καὶ</span> <span class='ocrx_word' id='word_1_26' title='bbox 1188 564 1350 628; x_wconf 81' lang='grc' dir='ltr'>εὐθὺς</span> <span class='ocrx_word' id='word_1_27' title='bbox 1382 563 1628 633; x_wconf 76' lang='grc' dir='ltr'>ἔϐλεψεν.</span> <span class='ocrx_word' id='word_1_28' title='bbox 1665 563 1792 616; x_wconf 87' lang='grc' dir='ltr'>Ὅτε</span> 
     </span>
    </p>
   </div>
   <div class='ocr_carea' id='block_1_7' title="bbox 205 653 1795 736">
    <p class='ocr_par' dir='ltr' id='par_1_7' title="bbox 205 653 1795 736">
     <span class='ocr_line' id='line_1_7' title="bbox 205 653 1795 736; baseline -0.006 -19"><span class='ocrx_word' id='word_1_29' title='bbox 205 665 314 736; x_wconf 83' lang='grc' dir='ltr'>μὲν</span> <span class='ocrx_word' id='word_1_30' title='bbox 343 657 438 716; x_wconf 81' lang='grc' dir='ltr'>οὖν</span> <span class='ocrx_word' id='word_1_31' title='bbox 463 657 747 729; x_wconf 73' lang='grc' dir='ltr'>ἐτυφλώθη</span> <span class='ocrx_word' id='word_1_32' title='bbox 774 660 802 712; x_wconf 83' lang='grc' dir='ltr'><strong>ὁ</strong></span> <span class='ocrx_word' id='word_1_33' title='bbox 829 657 1029 722; x_wconf 75' lang='grc' dir='ltr'>Τωϐὶτ,</span> <span class='ocrx_word' id='word_1_34' title='bbox 1057 653 1125 729; x_wconf 81' lang='grc' dir='ltr'>ἦν</span> <span class='ocrx_word' id='word_1_35' title='bbox 1159 656 1296 711; x_wconf 77' lang='grc' dir='ltr'>ἐτῶν</span> <span class='ocrx_word' id='word_1_36' title='bbox 1320 663 1400 727; x_wconf 80' lang='grc' dir='ltr'>νη¹</span> <span class='ocrx_word' id='word_1_37' title='bbox 1426 673 1439 686; x_wconf 91' lang='grc'><strong>·</strong></span> <span class='ocrx_word' id='word_1_38' title='bbox 1473 657 1563 709; x_wconf 82' lang='grc' dir='ltr'>ὅτε</span> <span class='ocrx_word' id='word_1_39' title='bbox 1595 654 1652 707; x_wconf 86' lang='grc' dir='ltr'>δὲ</span> <span class='ocrx_word' id='word_1_40' title='bbox 1699 656 1795 709; x_wconf 87' lang='grc' dir='ltr'>ἀν-</span> 
     </span>
    </p>
   </div>
   <div class='ocr_carea' id='block_1_8' title="bbox 204 745 1790 822">
    <p class='ocr_par' dir='ltr' id='par_1_8' title="bbox 204 745 1790 822">
     <span class='ocr_line' id='line_1_8' title="bbox 204 745 1790 822; baseline -0.005 -16"><span class='ocrx_word' id='word_1_41' title='bbox 204 752 435 821; x_wconf 82' lang='grc' dir='ltr'>έϐλεψεν</span> <span class='ocrx_word' id='word_1_42' title='bbox 480 746 550 822; x_wconf 83' lang='grc' dir='ltr'>ἦν</span> <span class='ocrx_word' id='word_1_43' title='bbox 577 749 717 803; x_wconf 75' lang='grc' dir='ltr'>ἑτῶν</span> <span class='ocrx_word' id='word_1_44' title='bbox 745 749 851 814; x_wconf 58' lang='grc' dir='ltr'>ξςκ</span> <span class='ocrx_word' id='word_1_45' title='bbox 903 749 1013 802; x_wconf 69' lang='grc' dir='ltr'>Καὶ</span> <span class='ocrx_word' id='word_1_46' title='bbox 1040 748 1225 802; x_wconf 87' lang='grc' dir='ltr'>λοιπὸν</span> <span class='ocrx_word' id='word_1_47' title='bbox 1266 747 1557 819; x_wconf 75' lang='grc' dir='ltr'>βλέψαντος</span> <span class='ocrx_word' id='word_1_48' title='bbox 1603 745 1790 813; x_wconf 86' lang='grc' dir='ltr'>αὐτοῦ,</span> 
     </span>
    </p>
   </div>
   <div class='ocr_carea' id='block_1_9' title="bbox 200 832 1788 913">
    <p class='ocr_par' dir='ltr' id='par_1_9' title="bbox 200 832 1788 913">
     <span class='ocr_line' id='line_1_9' title="bbox 200 832 1788 913; baseline -0.005 -17"><span class='ocrx_word' id='word_1_49' title='bbox 200 843 556 913; x_wconf 70' lang='grc' dir='ltr'>ἐφανέρωσεν</span> <span class='ocrx_word' id='word_1_50' title='bbox 584 840 781 895; x_wconf 76' lang='grc' dir='ltr'>ἑαυτὸν</span> <span class='ocrx_word' id='word_1_51' title='bbox 805 843 833 894; x_wconf 98' lang='lat'>6</span> <span class='ocrx_word' id='word_1_52' title='bbox 860 838 1110 908; x_wconf 82' lang='grc' dir='ltr'>ἄγγελος,</span> <span class='ocrx_word' id='word_1_53' title='bbox 1147 839 1229 892; x_wconf 84' lang='grc' dir='ltr'>ὃτι</span> <span class='ocrx_word' id='word_1_54' title='bbox 1252 839 1352 892; x_wconf 79' lang='grc' dir='ltr'>οὐκ</span> <span class='ocrx_word' id='word_1_55' title='bbox 1380 836 1671 908; x_wconf 80' lang='grc' dir='ltr'>ἄνθρωπος</span> <span class='ocrx_word' id='word_1_56' title='bbox 1698 832 1788 908; x_wconf 82' lang='grc' dir='ltr'>ἦν,</span> 
     </span>
    </p>
   </div>
   <div class='ocr_carea' id='block_1_10' title="bbox 199 928 1794 1005">
    <p class='ocr_par' dir='ltr' id='par_1_10' title="bbox 199 928 1794 1005">
     <span class='ocr_line' id='line_1_10' title="bbox 199 928 1794 1005; baseline -0.004 -17"><span class='ocrx_word' id='word_1_57' title='bbox 199 933 341 988; x_wconf 74' lang='grc' dir='ltr'>ἀλλὰ</span> <span class='ocrx_word' id='word_1_58' title='bbox 367 933 523 1005; x_wconf 77' lang='grc' dir='ltr'>παρά</span> <span class='ocrx_word' id='word_1_59' title='bbox 552 933 622 986; x_wconf 79' lang='grc' dir='ltr'>τὰ</span> <span class='ocrx_word' id='word_1_60' title='bbox 674 932 767 987; x_wconf 89' lang='grc' dir='ltr'>τοῦ</span> <span class='ocrx_word' id='word_1_61' title='bbox 807 931 942 985; x_wconf 89' lang='grc' dir='ltr'>Θεοῦ</span> <span class='ocrx_word' id='word_1_62' title='bbox 989 931 1272 1001; x_wconf 74' lang='grc' dir='ltr'>ἀπεστάλη</span> <span class='ocrx_word' id='word_1_63' title='bbox 1307 933 1388 994; x_wconf 84' lang='grc' dir='ltr'>είς</span> <span class='ocrx_word' id='word_1_64' title='bbox 1421 928 1673 1001; x_wconf 85' lang='grc' dir='ltr'>βοήθειαν</span> <span class='ocrx_word' id='word_1_65' title='bbox 1694 929 1794 983; x_wconf 77' lang='grc' dir='ltr'>αὐ-</span> 
     </span>
    </p>
   </div>
   <div class='ocr_carea' id='block_1_11' title="bbox 200 1021 1793 1097">
    <p class='ocr_par' dir='ltr' id='par_1_11' title="bbox 200 1021 1793 1097">
     <span class='ocr_line' id='line_1_11' title="bbox 200 1021 1793 1097; baseline -0.007 -15"><span class='ocrx_word' id='word_1_66' title='bbox 200 1027 315 1082; x_wconf 82' lang='grc' dir='ltr'>τῶν</span> <span class='ocrx_word' id='word_1_67' title='bbox 341 1044 407 1080; x_wconf 89' lang='grc' dir='ltr'>τε</span> <span class='ocrx_word' id='word_1_68' title='bbox 433 1027 527 1081; x_wconf 72' lang='grc' dir='ltr'>καὶ</span> <span class='ocrx_word' id='word_1_69' title='bbox 552 1027 652 1097; x_wconf 82' lang='grc' dir='ltr'>τῆς</span> <span class='ocrx_word' id='word_1_70' title='bbox 675 1025 912 1096; x_wconf 70' lang='grc' dir='ltr'>Σάρρας.</span> <span class='ocrx_word' id='word_1_71' title='bbox 930 1023 1184 1095; x_wconf 83' lang='grc' dir='ltr'>Γηρὰσας</span> <span class='ocrx_word' id='word_1_72' title='bbox 1207 1022 1262 1075; x_wconf 86' lang='grc' dir='ltr'>δὲ</span> <span class='ocrx_word' id='word_1_73' title='bbox 1287 1025 1315 1075; x_wconf 94' lang='lat'>6</span> <span class='ocrx_word' id='word_1_74' title='bbox 1353 1021 1553 1087; x_wconf 80' lang='grc' dir='ltr'>Τωϐὶτ,</span> <span class='ocrx_word' id='word_1_75' title='bbox 1578 1022 1793 1093; x_wconf 89' lang='grc' dir='ltr'>παρήγ-</span> 
     </span>
    </p>
   </div>
   <div class='ocr_carea' id='block_1_12' title="bbox 198 1112 1788 1190">
    <p class='ocr_par' dir='ltr' id='par_1_12' title="bbox 198 1112 1788 1190">
     <span class='ocr_line' id='line_1_12' title="bbox 198 1112 1788 1190; baseline -0.004 -17"><span class='ocrx_word' id='word_1_76' title='bbox 198 1120 354 1189; x_wconf 85' lang='grc' dir='ltr'>γειλε</span> <span class='ocrx_word' id='word_1_77' title='bbox 387 1119 465 1190; x_wconf 79' lang='grc' dir='ltr'>τῷ</span> <span class='ocrx_word' id='word_1_78' title='bbox 496 1118 598 1189; x_wconf 82' lang='grc' dir='ltr'>υἱῷ</span> <span class='ocrx_word' id='word_1_79' title='bbox 628 1116 797 1172; x_wconf 86' lang='grc' dir='ltr'>αὐτοῦ</span> <span class='ocrx_word' id='word_1_80' title='bbox 832 1115 1016 1186; x_wconf 66' lang='grc' dir='ltr'>Τωϐία</span> <span class='ocrx_word' id='word_1_81' title='bbox 1056 1113 1310 1168; x_wconf 78' lang='grc' dir='ltr'>ἀπελθεῖν</span> <span class='ocrx_word' id='word_1_82' title='bbox 1330 1116 1411 1176; x_wconf 88' lang='grc' dir='ltr'>είς</span> <span class='ocrx_word' id='word_1_83' title='bbox 1431 1113 1530 1185; x_wconf 81' lang='grc' dir='ltr'>τὴν</span> <span class='ocrx_word' id='word_1_84' title='bbox 1555 1112 1788 1183; x_wconf 80' lang='grc' dir='ltr'>Μηδίαν,</span> 
     </span>
    </p>
   </div>
   <div class='ocr_carea' id='block_1_13' title="bbox 199 1202 1792 1283">
    <p class='ocr_par' dir='ltr' id='par_1_13' title="bbox 199 1202 1792 1283">
     <span class='ocr_line' id='line_1_13' title="bbox 199 1202 1792 1283; baseline -0.005 -19"><span class='ocrx_word' id='word_1_85' title='bbox 199 1210 292 1264; x_wconf 75' lang='grc' dir='ltr'>διὰ</span> <span class='ocrx_word' id='word_1_86' title='bbox 343 1210 443 1283; x_wconf 81' lang='grc' dir='ltr'>τὴν</span> <span class='ocrx_word' id='word_1_87' title='bbox 498 1208 765 1279; x_wconf 77' lang='grc' dir='ltr'>ἐσομένην</span> <span class='ocrx_word' id='word_1_88' title='bbox 791 1205 1176 1278; x_wconf 80' lang='grc' dir='ltr'>καταστροφὴν</span> <span class='ocrx_word' id='word_1_89' title='bbox 1205 1204 1304 1274; x_wconf 76' lang='grc' dir='ltr'>τῆς</span> <span class='ocrx_word' id='word_1_90' title='bbox 1333 1202 1521 1256; x_wconf 78' lang='grc' dir='ltr'>Νινευῒ</span> <span class='ocrx_word' id='word_1_91' title='bbox 1561 1202 1705 1257; x_wconf 85' lang='grc' dir='ltr'>κατὰ</span> <span class='ocrx_word' id='word_1_92' title='bbox 1730 1202 1792 1256; x_wconf 82' lang='grc' dir='ltr'>τὸ</span> 
     </span>
    </p>
   </div>
   <div class='ocr_carea' id='block_1_14' title="bbox 200 1292 1789 1372">
    <p class='ocr_par' dir='ltr' id='par_1_14' title="bbox 200 1292 1789 1372">
     <span class='ocr_line' id='line_1_14' title="bbox 200 1292 1789 1372; baseline -0.009 -14"><span class='ocrx_word' id='word_1_93' title='bbox 200 1301 360 1372; x_wconf 73' lang='grc' dir='ltr'>ῥῆμα</span> <span class='ocrx_word' id='word_1_94' title='bbox 402 1301 558 1354; x_wconf 77' lang='grc' dir='ltr'>Ἰωνᾶ</span> <span class='ocrx_word' id='word_1_95' title='bbox 587 1297 683 1351; x_wconf 83' lang='grc' dir='ltr'>τοῦ</span> <span class='ocrx_word' id='word_1_96' title='bbox 730 1296 1031 1366; x_wconf 80' lang='grc' dir='ltr'>προφήτου.</span> <span class='ocrx_word' id='word_1_97' title='bbox 1072 1294 1183 1348; x_wconf 74' lang='grc' dir='ltr'>Καὶ</span> <span class='ocrx_word' id='word_1_98' title='bbox 1208 1292 1470 1357; x_wconf 77' lang='grc' dir='ltr'>ἐκλιπὼν,</span> <span class='ocrx_word' id='word_1_99' title='bbox 1515 1292 1789 1346; x_wconf 79' lang='grc' dir='ltr'>ἀπέθανεν</span> 
     </span>
    </p>
   </div>
   <div class='ocr_carea' id='block_1_15' title="bbox 198 1382 1788 1463">
    <p class='ocr_par' dir='ltr' id='par_1_15' title="bbox 198 1382 1788 1463">
     <span class='ocr_line' id='line_1_15' title="bbox 198 1382 1788 1463; baseline -0.007 -17"><span class='ocrx_word' id='word_1_100' title='bbox 198 1392 341 1447; x_wconf 73' lang='grc' dir='ltr'>ἑτῶν</span> <span class='ocrx_word' id='word_1_101' title='bbox 371 1398 511 1463; x_wconf 87' lang='grc' dir='ltr'>ρνη’.</span> <span class='ocrx_word' id='word_1_102' title='bbox 558 1392 616 1444; x_wconf 88' lang='grc'>’0</span> <span class='ocrx_word' id='word_1_103' title='bbox 645 1389 703 1442; x_wconf 83' lang='grc' dir='ltr'>δὲ</span> <span class='ocrx_word' id='word_1_104' title='bbox 728 1388 842 1451; x_wconf 74' lang='grc' dir='ltr'>υἱὸς</span> <span class='ocrx_word' id='word_1_105' title='bbox 859 1385 1024 1442; x_wconf 75' lang='grc' dir='ltr'>αὑτοῦ</span> <span class='ocrx_word' id='word_1_106' title='bbox 1050 1382 1262 1448; x_wconf 84' lang='grc' dir='ltr'>Τωϐίας</span> <span class='ocrx_word' id='word_1_107' title='bbox 1296 1382 1547 1437; x_wconf 85' lang='grc' dir='ltr'>ἀπελθὼν</span> <span class='ocrx_word' id='word_1_108' title='bbox 1572 1385 1651 1448; x_wconf 86' lang='grc' dir='ltr'>εἰς</span> <span class='ocrx_word' id='word_1_109' title='bbox 1689 1382 1788 1453; x_wconf 82' lang='grc' dir='ltr'>τὴν</span> 
     </span>
    </p>
   </div>
   <div class='ocr_carea' id='block_1_16' title="bbox 198 1474 1790 1557">
    <p class='ocr_par' dir='ltr' id='par_1_16' title="bbox 198 1474 1790 1557">
     <span class='ocr_line' id='line_1_16' title="bbox 198 1474 1790 1557; baseline -0.007 -17"><span class='ocrx_word' id='word_1_110' title='bbox 198 1486 440 1557; x_wconf 80' lang='grc' dir='ltr'>Μηδίαν,</span> <span class='ocrx_word' id='word_1_111' title='bbox 504 1484 599 1537; x_wconf 73' lang='grc' dir='ltr'>καὶ</span> <span class='ocrx_word' id='word_1_112' title='bbox 647 1481 826 1551; x_wconf 82' lang='grc' dir='ltr'>θάψας</span> <span class='ocrx_word' id='word_1_113' title='bbox 882 1479 1009 1543; x_wconf 80' lang='grc' dir='ltr'>τοὺς</span> <span class='ocrx_word' id='word_1_114' title='bbox 1066 1476 1365 1548; x_wconf 74' lang='grc' dir='ltr'>πενθεροὺς</span> <span class='ocrx_word' id='word_1_115' title='bbox 1420 1474 1641 1539; x_wconf 82' lang='grc' dir='ltr'>ἑαυτοῦ,</span> <span class='ocrx_word' id='word_1_116' title='bbox 1694 1476 1790 1531; x_wconf 79' lang='grc' dir='ltr'>καὶ</span> 
     </span>
    </p>
   </div>
   <div class='ocr_carea' id='block_1_17' title="bbox 196 1566 1788 1647">
    <p class='ocr_par' dir='ltr' id='par_1_17' title="bbox 196 1566 1788 1647">
     <span class='ocr_line' id='line_1_17' title="bbox 196 1566 1788 1647; baseline -0.007 -14"><span class='ocrx_word' id='word_1_117' title='bbox 196 1577 445 1640; x_wconf 80' lang='grc' dir='ltr'>ἀκούσας</span> <span class='ocrx_word' id='word_1_118' title='bbox 476 1576 605 1647; x_wconf 70' lang='grc' dir='ltr'>περὶ</span> <span class='ocrx_word' id='word_1_119' title='bbox 635 1575 735 1645; x_wconf 82' lang='grc' dir='ltr'>τῆς</span> <span class='ocrx_word' id='word_1_120' title='bbox 752 1570 1134 1643; x_wconf 78' lang='grc' dir='ltr'>καταστροφῆς</span> <span class='ocrx_word' id='word_1_121' title='bbox 1160 1569 1261 1640; x_wconf 85' lang='grc' dir='ltr'>τῆς</span> <span class='ocrx_word' id='word_1_122' title='bbox 1279 1568 1327 1621; x_wconf 87' lang='grc' dir='ltr'><strong>Ν</strong></span> <span class='ocrx_word' id='word_1_123' title='bbox 1335 1566 1488 1633; x_wconf 78' lang='grc' dir='ltr'>ινευῒ,</span> <span class='ocrx_word' id='word_1_124' title='bbox 1520 1567 1788 1622; x_wconf 81' lang='grc' dir='ltr'>ἀπέθανεν</span> 
     </span>
    </p>
   </div>
   <div class='ocr_carea' id='block_1_18' title="bbox 197 1666 473 1739">
    <p class='ocr_par' dir='ltr' id='par_1_18' title="bbox 197 1666 473 1739">
     <span class='ocr_line' id='line_1_18' title="bbox 197 1666 473 1739; baseline 0.007 -18"><span class='ocrx_word' id='word_1_125' title='bbox 197 1669 339 1721; x_wconf 63' lang='grc' dir='ltr'>ἑτῶν</span> <span class='ocrx_word' id='word_1_126' title='bbox 368 1666 473 1739; x_wconf 72' lang='grc' dir='ltr'>ρξ’.</span> 
     </span>
    </p>
   </div>
   <div class='ocr_carea' id='block_1_19' title="bbox 538 1791 1467 1864">
    <p class='ocr_par' dir='ltr' id='par_1_19' title="bbox 538 1791 1467 1864">
     <span class='ocr_line' id='line_1_19' title="bbox 538 1791 1467 1864; baseline -0.005 -14"><span class='ocrx_word' id='word_1_127' title='bbox 538 1796 784 1850; x_wconf 79' lang='grc' dir='ltr'>Βιϐλιον</span> <span class='ocrx_word' id='word_1_128' title='bbox 810 1793 1036 1864; x_wconf 63' lang='lat' dir='ltr'><strong>rogata;-</strong></span> <span class='ocrx_word' id='word_1_129' title='bbox 1059 1791 1467 1863; x_wconf 77' lang='grc' dir='ltr'>Σολομῶντος.</span> 
     </span>
    </p>
   </div>
   <div class='ocr_carea' id='block_1_20' title="bbox 268 1881 1790 1955">
    <p class='ocr_par' dir='ltr' id='par_1_20' title="bbox 268 1881 1790 1955">
     <span class='ocr_line' id='line_1_20' title="bbox 268 1881 1790 1955; baseline -0.006 -12"><span class='ocrx_word' id='word_1_130' title='bbox 268 1887 361 1943; x_wconf 72' lang='grc'>45.</span> <span class='ocrx_word' id='word_1_131' title='bbox 396 1887 570 1955; x_wconf 80' lang='grc' dir='ltr'>Σοφία</span> <span class='ocrx_word' id='word_1_132' title='bbox 626 1884 967 1955; x_wconf 77' lang='grc' dir='ltr'>Σολομῶντος</span> <span class='ocrx_word' id='word_1_133' title='bbox 1002 1883 1245 1937; x_wconf 87' lang='grc' dir='ltr'>καλεῖται</span> <span class='ocrx_word' id='word_1_134' title='bbox 1291 1882 1353 1936; x_wconf 83' lang='grc' dir='ltr'>τὸ</span> <span class='ocrx_word' id='word_1_135' title='bbox 1396 1881 1618 1953; x_wconf 86' lang='grc' dir='ltr'>βιϐλίον.</span> <span class='ocrx_word' id='word_1_136' title='bbox 1677 1881 1790 1935; x_wconf 68' lang='grc' dir='ltr'>Καὶ</span> 
     </span>
    </p>
   </div>
   <div class='ocr_carea' id='block_1_21' title="bbox 196 1972 1791 2051">
    <p class='ocr_par' dir='ltr' id='par_1_21' title="bbox 196 1972 1791 2051">
     <span class='ocr_line' id='line_1_21' title="bbox 196 1972 1791 2051; baseline -0.004 -18"><span class='ocrx_word' id='word_1_137' title='bbox 196 1980 309 2051; x_wconf 78' lang='grc' dir='ltr'>γὰρ</span> <span class='ocrx_word' id='word_1_138' title='bbox 337 1978 433 2032; x_wconf 77' lang='grc' dir='ltr'>καὶ</span> <span class='ocrx_word' id='word_1_139' title='bbox 466 1975 645 2041; x_wconf 89' lang='grc' dir='ltr'>τοῦτο,</span> <span class='ocrx_word' id='word_1_140' title='bbox 672 1974 827 2045; x_wconf 82' lang='grc' dir='ltr'>φασὶ,</span> <span class='ocrx_word' id='word_1_141' title='bbox 856 1974 1108 2047; x_wconf 80' lang='grc' dir='ltr'>Σολομῶν</span> <span class='ocrx_word' id='word_1_142' title='bbox 1142 1977 1288 2029; x_wconf 77' lang='grc' dir='ltr'>ἐστιν</span> <span class='ocrx_word' id='word_1_143' title='bbox 1320 1976 1348 2028; x_wconf 93' lang='lat'>6</span> <span class='ocrx_word' id='word_1_144' title='bbox 1375 1972 1609 2046; x_wconf 83' lang='grc' dir='ltr'>γράψας.</span> <span class='ocrx_word' id='word_1_145' title='bbox 1633 1975 1791 2027; x_wconf 87' lang='grc' dir='ltr'>Ἔστι</span> 
     </span>
    </p>
   </div>
   <div class='ocr_carea' id='block_1_22' title="bbox 195 2059 1788 2137">
    <p class='ocr_par' dir='ltr' id='par_1_22' title="bbox 195 2059 1788 2137">
     <span class='ocr_line' id='line_1_22' title="bbox 195 2059 1788 2137; baseline -0.005 -15"><span class='ocrx_word' id='word_1_146' title='bbox 195 2069 256 2122; x_wconf 84' lang='grc' dir='ltr'>δὲ</span> <span class='ocrx_word' id='word_1_147' title='bbox 280 2070 338 2121; x_wconf 81' lang='grc' dir='ltr'>ὲν</span> <span class='ocrx_word' id='word_1_148' title='bbox 376 2065 527 2137; x_wconf 84' lang='grc' dir='ltr'>αὐτῷ</span> <span class='ocrx_word' id='word_1_149' title='bbox 550 2064 871 2119; x_wconf 71' lang='grc' dir='ltr'>διδασκαλία</span> <span class='ocrx_word' id='word_1_150' title='bbox 894 2062 1265 2133; x_wconf 85' lang='grc' dir='ltr'>δικαιοσύνης,</span> <span class='ocrx_word' id='word_1_151' title='bbox 1298 2062 1393 2116; x_wconf 76' lang='grc' dir='ltr'>καὶ</span> <span class='ocrx_word' id='word_1_152' title='bbox 1422 2063 1484 2115; x_wconf 85' lang='grc' dir='ltr'>τὸ</span> <span class='ocrx_word' id='word_1_153' title='bbox 1501 2059 1788 2135; x_wconf 77' lang='grc' dir='ltr'>γνωρίζειν</span> 
     </span>
    </p>
   </div>
   <div class='ocr_carea' id='block_1_23' title="bbox 195 2154 1789 2229">
    <p class='ocr_par' dir='ltr' id='par_1_23' title="bbox 195 2154 1789 2229">
     <span class='ocr_line' id='line_1_23' title="bbox 195 2154 1789 2229; baseline -0.005 -14"><span class='ocrx_word' id='word_1_154' title='bbox 195 2160 327 2224; x_wconf 80' lang='grc' dir='ltr'>τούς</span> <span class='ocrx_word' id='word_1_155' title='bbox 378 2177 441 2213; x_wconf 90' lang='grc' dir='ltr'>τε</span> <span class='ocrx_word' id='word_1_156' title='bbox 470 2158 709 2228; x_wconf 78' lang='grc' dir='ltr'>φαύλους</span> <span class='ocrx_word' id='word_1_157' title='bbox 760 2156 963 2229; x_wconf 82' lang='grc' dir='ltr'>ἄνδρας</span> <span class='ocrx_word' id='word_1_158' title='bbox 1014 2157 1110 2210; x_wconf 63' lang='grc' dir='ltr'>καὶ¹</span> <span class='ocrx_word' id='word_1_159' title='bbox 1154 2156 1283 2219; x_wconf 83' lang='grc' dir='ltr'>τοὺς</span> <span class='ocrx_word' id='word_1_160' title='bbox 1320 2154 1662 2218; x_wconf 85' lang='grc' dir='ltr'>σπουδαίους,</span> <span class='ocrx_word' id='word_1_161' title='bbox 1696 2155 1789 2207; x_wconf 81' lang='grc' dir='ltr'>καὶ</span> 
     </span>
    </p>
   </div>
   <div class='ocr_carea' id='block_1_24' title="bbox 192 2245 1789 2324">
    <p class='ocr_par' dir='ltr' id='par_1_24' title="bbox 192 2245 1789 2324">
     <span class='ocr_line' id='line_1_24' title="bbox 192 2245 1789 2324; baseline -0.006 -17"><span class='ocrx_word' id='word_1_162' title='bbox 192 2252 511 2324; x_wconf 73' lang='grc' dir='ltr'>προφητεία</span> <span class='ocrx_word' id='word_1_163' title='bbox 542 2250 672 2322; x_wconf 73' lang='grc' dir='ltr'>περὶ</span> <span class='ocrx_word' id='word_1_164' title='bbox 724 2247 966 2320; x_wconf 82' lang='grc' dir='ltr'>Χριστοῦ</span> <span class='ocrx_word' id='word_1_165' title='bbox 989 2264 1004 2279; x_wconf 77' lang='grc' dir='ltr'><strong><em>ο</em></strong></span> <span class='ocrx_word' id='word_1_166' title='bbox 1040 2247 1138 2301; x_wconf 69' lang='grc' dir='ltr'>καὶ</span> <span class='ocrx_word' id='word_1_167' title='bbox 1169 2248 1253 2300; x_wconf 85' lang='grc' dir='ltr'>ὅτι</span> <span class='ocrx_word' id='word_1_168' title='bbox 1288 2245 1468 2318; x_wconf 83' lang='grc' dir='ltr'>πολλῷ</span> <span class='ocrx_word' id='word_1_169' title='bbox 1513 2245 1662 2317; x_wconf 85' lang='grc' dir='ltr'>πόνῳ</span> <span class='ocrx_word' id='word_1_170' title='bbox 1693 2246 1789 2299; x_wconf 77' lang='grc' dir='ltr'>καὶ</span> 
     </span>
    </p>
   </div>
   <div class='ocr_carea' id='block_1_25' title="bbox 194 2336 1790 2414">
    <p class='ocr_par' dir='ltr' id='par_1_25' title="bbox 194 2336 1790 2414">
     <span class='ocr_line' id='line_1_25' title="bbox 194 2336 1790 2414; baseline -0.005 -16"><span class='ocrx_word' id='word_1_171' title='bbox 194 2343 350 2414; x_wconf 83' lang='grc' dir='ltr'>πόθῳ</span> <span class='ocrx_word' id='word_1_172' title='bbox 376 2340 740 2413; x_wconf 77' lang='grc' dir='ltr'>κατορθοῦται</span> <span class='ocrx_word' id='word_1_173' title='bbox 778 2339 938 2408; x_wconf 81' lang='grc' dir='ltr'>σοφία</span> <span class='ocrx_word' id='word_1_174' title='bbox 958 2355 975 2371; x_wconf 76' lang='grc' dir='ltr'>ο</span> <span class='ocrx_word' id='word_1_175' title='bbox 1003 2338 1085 2392; x_wconf 75' lang='grc' dir='ltr'>ἔτι</span> <span class='ocrx_word' id='word_1_176' title='bbox 1136 2338 1195 2392; x_wconf 82' lang='grc' dir='ltr'>δὲ</span> <span class='ocrx_word' id='word_1_177' title='bbox 1220 2338 1316 2391; x_wconf 76' lang='grc' dir='ltr'>καὶ</span> <span class='ocrx_word' id='word_1_178' title='bbox 1350 2336 1667 2407; x_wconf 87' lang='grc' dir='ltr'>φυσιολογία</span> <span class='ocrx_word' id='word_1_179' title='bbox 1694 2354 1790 2408; x_wconf 91' lang='grc' dir='ltr'>με-</span> 
     </span>
    </p>
   </div>
   <div class='ocr_carea' id='block_1_26' title="bbox 196 2426 1784 2502">
    <p class='ocr_par' dir='ltr' id='par_1_26' title="bbox 196 2426 1784 2502">
     <span class='ocr_line' id='line_1_26' title="bbox 196 2426 1784 2502; baseline -0.003 -19"><span class='ocrx_word' id='word_1_180' title='bbox 196 2431 327 2502; x_wconf 83' lang='grc' dir='ltr'>ρική</span> <span class='ocrx_word' id='word_1_181' title='bbox 353 2447 367 2460; x_wconf 92' lang='grc'><strong>·</strong></span> <span class='ocrx_word' id='word_1_182' title='bbox 406 2429 504 2483; x_wconf 72' lang='grc' dir='ltr'>καὶ</span> <span class='ocrx_word' id='word_1_183' title='bbox 536 2427 682 2482; x_wconf 82' lang='grc' dir='ltr'>κατὰ</span> <span class='ocrx_word' id='word_1_184' title='bbox 713 2427 967 2493; x_wconf 85' lang='grc' dir='ltr'>εἰδώλων,</span> <span class='ocrx_word' id='word_1_185' title='bbox 995 2427 1093 2480; x_wconf 71' lang='grc' dir='ltr'>καὶ</span> <span class='ocrx_word' id='word_1_186' title='bbox 1134 2426 1243 2480; x_wconf 89' lang='grc' dir='ltr'>τῶν</span> <span class='ocrx_word' id='word_1_187' title='bbox 1276 2426 1416 2480; x_wconf 82' lang='grc' dir='ltr'>αὐτὰ</span> <span class='ocrx_word' id='word_1_188' title='bbox 1449 2426 1784 2496; x_wconf 86' lang='grc' dir='ltr'>γλυφόντων,</span> 
     </span>
    </p>
   </div>
   <div class='ocr_carea' id='block_1_27' title="bbox 194 2517 1787 2591">
    <p class='ocr_par' dir='ltr' id='par_1_27' title="bbox 194 2517 1787 2591">
     <span class='ocr_line' id='line_1_27' title="bbox 194 2517 1787 2591; baseline -0.003 -14"><span class='ocrx_word' id='word_1_189' title='bbox 194 2523 294 2577; x_wconf 79' lang='grc' dir='ltr'>καὶ</span> <span class='ocrx_word' id='word_1_190' title='bbox 323 2525 387 2576; x_wconf 81' lang='grc' dir='ltr'>ἐν</span> <span class='ocrx_word' id='word_1_191' title='bbox 403 2523 589 2584; x_wconf 76' lang='grc' dir='ltr'>αὐτοῖς</span> <span class='ocrx_word' id='word_1_192' title='bbox 605 2517 953 2585; x_wconf 77' lang='grc' dir='ltr'>ἐλπιζόντων,</span> <span class='ocrx_word' id='word_1_193' title='bbox 981 2518 1076 2572; x_wconf 77' lang='grc' dir='ltr'>καὶ</span> <span class='ocrx_word' id='word_1_194' title='bbox 1099 2518 1485 2591; x_wconf 87' lang='grc' dir='ltr'>λατρευόντων,</span> <span class='ocrx_word' id='word_1_195' title='bbox 1501 2518 1597 2572; x_wconf 71' lang='grc' dir='ltr'>καὶ</span> <span class='ocrx_word' id='word_1_196' title='bbox 1621 2517 1787 2590; x_wconf 81' lang='grc' dir='ltr'>ὕμνος</span> 
     </span>
    </p>
   </div>
   <div class='ocr_carea' id='block_1_28' title="bbox 196 2607 1786 2682">
    <p class='ocr_par' dir='ltr' id='par_1_28' title="bbox 196 2607 1786 2682">
     <span class='ocr_line' id='line_1_28' title="bbox 196 2607 1786 2682; baseline -0.005 -15"><span class='ocrx_word' id='word_1_197' title='bbox 196 2613 298 2667; x_wconf 78' lang='grc' dir='ltr'>σὺν</span> <span class='ocrx_word' id='word_1_198' title='bbox 332 2610 721 2682; x_wconf 76' lang='grc' dir='ltr'>ἐξομολογήσει</span> <span class='ocrx_word' id='word_1_199' title='bbox 764 2608 874 2663; x_wconf 91' lang='grc' dir='ltr'>τῶν</span> <span class='ocrx_word' id='word_1_200' title='bbox 911 2608 1296 2679; x_wconf 84' lang='grc' dir='ltr'>γεγενημένων</span> <span class='ocrx_word' id='word_1_201' title='bbox 1346 2609 1462 2672; x_wconf 85' lang='grc' dir='ltr'>τοῖς</span> <span class='ocrx_word' id='word_1_202' title='bbox 1512 2607 1786 2680; x_wconf 85' lang='grc' dir='ltr'>Ἰσραηλί-</span> 
     </span>
    </p>
   </div>
   <div class='ocr_carea' id='block_1_29' title="bbox 192 2698 1786 2772">
    <p class='ocr_par' dir='ltr' id='par_1_29' title="bbox 192 2698 1786 2772">
     <span class='ocr_line' id='line_1_29' title="bbox 192 2698 1786 2772; baseline -0.003 -15"><span class='ocrx_word' id='word_1_203' title='bbox 192 2720 320 2767; x_wconf 84' lang='grc' dir='ltr'>ταις</span> <span class='ocrx_word' id='word_1_204' title='bbox 370 2702 693 2772; x_wconf 83' lang='grc' dir='ltr'>θαυμασίων</span> <span class='ocrx_word' id='word_1_205' title='bbox 737 2699 968 2756; x_wconf 75' lang='grc' dir='ltr'>ἐνώπιον</span> <span class='ocrx_word' id='word_1_206' title='bbox 1018 2699 1128 2755; x_wconf 89' lang='grc' dir='ltr'>τῶν</span> <span class='ocrx_word' id='word_1_207' title='bbox 1170 2698 1384 2772; x_wconf 75' lang='grc' dir='ltr'>ἐχθρῶν</span> <span class='ocrx_word' id='word_1_208' title='bbox 1419 2698 1599 2753; x_wconf 81' lang='grc' dir='ltr'>αὐτῶν</span> <span class='ocrx_word' id='word_1_209' title='bbox 1633 2700 1786 2771; x_wconf 77' lang='grc' dir='ltr'>παρὰ</span> 
     </span>
    </p>
   </div>
   <div class='ocr_carea' id='block_1_30' title="bbox 193 2787 1787 2865">
    <p class='ocr_par' dir='ltr' id='par_1_30' title="bbox 193 2787 1787 2865">
     <span class='ocr_line' id='line_1_30' title="bbox 193 2787 1787 2865; baseline -0.003 -16"><span class='ocrx_word' id='word_1_210' title='bbox 193 2796 290 2849; x_wconf 88' lang='grc' dir='ltr'>τοῦ</span> <span class='ocrx_word' id='word_1_211' title='bbox 319 2793 481 2849; x_wconf 84' lang='grc' dir='ltr'>Θεοῦ.</span> <span class='ocrx_word' id='word_1_212' title='bbox 532 2794 599 2847; x_wconf 88' lang='grc' dir='ltr'><strong><em>Ἦ</em></strong></span> <span class='ocrx_word' id='word_1_213' title='bbox 652 2792 750 2865; x_wconf 72' lang='grc' dir='ltr'>μὲν</span> <span class='ocrx_word' id='word_1_214' title='bbox 780 2787 873 2846; x_wconf 82' lang='grc' dir='ltr'>οῦν</span> <span class='ocrx_word' id='word_1_215' title='bbox 904 2792 1134 2864; x_wconf 82' lang='grc' dir='ltr'>περιοχὴ</span> <span class='ocrx_word' id='word_1_216' title='bbox 1164 2791 1258 2846; x_wconf 86' lang='grc' dir='ltr'>τοῦ</span> <span class='ocrx_word' id='word_1_217' title='bbox 1294 2791 1500 2861; x_wconf 89' lang='grc' dir='ltr'>βιϐλίου</span> <span class='ocrx_word' id='word_1_218' title='bbox 1548 2792 1787 2845; x_wconf 88' lang='grc' dir='ltr'>τοιοῦτον</span> 
     </span>
    </p>
   </div>
   <div class='ocr_carea' id='block_1_31' title="bbox 192 2882 1784 2965">
    <p class='ocr_par' dir='ltr' id='par_1_31' title="bbox 192 2882 1784 2965">
     <span class='ocr_line' id='line_1_31' title="bbox 192 2882 1784 2965; baseline -0.002 -27"><span class='ocrx_word' id='word_1_219' title='bbox 192 2886 309 2965; x_wconf 74' lang='grc' dir='ltr'>εχει</span> <span class='ocrx_word' id='word_1_220' title='bbox 338 2885 434 2939; x_wconf 83' lang='grc' dir='ltr'>τὸν</span> <span class='ocrx_word' id='word_1_221' title='bbox 465 2885 700 2956; x_wconf 86' lang='grc' dir='ltr'>τρόπον·</span> <span class='ocrx_word' id='word_1_222' title='bbox 735 2886 769 2956; x_wconf 84' lang='grc' dir='ltr'>ή</span> <span class='ocrx_word' id='word_1_223' title='bbox 800 2883 857 2936; x_wconf 86' lang='grc' dir='ltr'>δὲ</span> <span class='ocrx_word' id='word_1_224' title='bbox 883 2882 1357 2951; x_wconf 83' lang='grc' dir='ltr'>ἀνακεφαλαίωσίς</span> <span class='ocrx_word' id='word_1_225' title='bbox 1388 2883 1536 2936; x_wconf 76' lang='grc' dir='ltr'>ἐστιν</span> <span class='ocrx_word' id='word_1_226' title='bbox 1574 2884 1632 2936; x_wconf 83' lang='grc' dir='ltr'>έν</span> <span class='ocrx_word' id='word_1_227' title='bbox 1658 2882 1784 2936; x_wconf 78' lang='grc' dir='ltr'>τού-</span> 
     </span>
    </p>
   </div>
   <div class='ocr_carea' id='block_1_32' title="bbox 192 2975 1786 3050">
    <p class='ocr_par' dir='ltr' id='par_1_32' title="bbox 192 2975 1786 3050">
     <span class='ocr_line' id='line_1_32' title="bbox 192 2975 1786 3050; baseline -0.002 -17"><span class='ocrx_word' id='word_1_228' title='bbox 192 2994 326 3041; x_wconf 81' lang='grc' dir='ltr'>τοις.</span> <span class='ocrx_word' id='word_1_229' title='bbox 365 2978 457 3032; x_wconf 87' lang='grc' dir='ltr'>Ἐν</span> <span class='ocrx_word' id='word_1_230' title='bbox 497 2978 807 3050; x_wconf 78' lang='grc' dir='ltr'>προοιμίοις</span> <span class='ocrx_word' id='word_1_231' title='bbox 845 2977 944 3050; x_wconf 83' lang='grc' dir='ltr'>μὲν</span> <span class='ocrx_word' id='word_1_232' title='bbox 987 2976 1271 3049; x_wconf 85' lang='grc' dir='ltr'>προτροπὴ</span> <span class='ocrx_word' id='word_1_233' title='bbox 1308 2975 1519 3030; x_wconf 84' lang='grc' dir='ltr'>δικαίου</span> <span class='ocrx_word' id='word_1_234' title='bbox 1553 2977 1633 3041; x_wconf 87' lang='grc' dir='ltr'>είς</span> <span class='ocrx_word' id='word_1_235' title='bbox 1671 2976 1786 3030; x_wconf 88' lang='grc' dir='ltr'>θεο-</span> 
     </span>
    </p>
   </div>
   <div class='ocr_carea' id='block_1_33' title="bbox 196 3065 1784 3138">
    <p class='ocr_par' dir='ltr' id='par_1_33' title="bbox 196 3065 1784 3138">
     <span class='ocr_line' id='line_1_33' title="bbox 196 3065 1784 3138; baseline -0.002 -16"><span class='ocrx_word' id='word_1_236' title='bbox 196 3068 438 3130; x_wconf 81' lang='grc' dir='ltr'>σέϐειαν,</span> <span class='ocrx_word' id='word_1_237' title='bbox 492 3068 589 3122; x_wconf 78' lang='grc' dir='ltr'>καὶ</span> <span class='ocrx_word' id='word_1_238' title='bbox 650 3068 871 3138; x_wconf 77' lang='grc' dir='ltr'>ἔλεγχος</span> <span class='ocrx_word' id='word_1_239' title='bbox 941 3066 1171 3131; x_wconf 85' lang='grc' dir='ltr'>ἀσεϐοῦς</span> <span class='ocrx_word' id='word_1_240' title='bbox 1226 3066 1568 3138; x_wconf 82' lang='grc' dir='ltr'>βλασφήμου.</span> <span class='ocrx_word' id='word_1_241' title='bbox 1622 3084 1643 3118; x_wconf 76' lang='grc' dir='ltr'>ι</span> <span class='ocrx_word' id='word_1_242' title='bbox 1692 3065 1784 3138; x_wconf 81' lang='grc' dir='ltr'>Μὴ</span> 
     </span>
    </p>
   </div>
   <div class='ocr_carea' id='block_1_34' title="bbox 1896 552 3474 626">
    <p class='ocr_par' dir='ltr' id='par_1_34' title="bbox 1896 552 3474 626">
     <span class='ocr_line' id='line_1_34' title="bbox 1896 552 3474 626; baseline -0.008 -10"><span class='ocrx_word' id='word_1_243' title='bbox 1896 563 2063 625; x_wconf 82' lang='lat' dir='ltr'><strong>facto,</strong></span> <span class='ocrx_word' id='word_1_244' title='bbox 2096 559 2418 615; x_wconf 88' lang='lat' dir='ltr'><strong>deciderunt</strong></span> <span class='ocrx_word' id='word_1_245' title='bbox 2461 559 2530 614; x_wconf 87' lang='lat' dir='ltr'>ab</span> <span class='ocrx_word' id='word_1_246' title='bbox 2564 557 2673 612; x_wconf 87' lang='lat' dir='ltr'>illis</span> <span class='ocrx_word' id='word_1_247' title='bbox 2714 568 2974 626; x_wconf 62' lang='lat' dir='ltr'><strong>squama,</strong></span> <span class='ocrx_word' id='word_1_248' title='bbox 3014 560 3068 610; x_wconf 91' lang='lat' dir='ltr'><strong>et</strong></span> <span class='ocrx_word' id='word_1_249' title='bbox 3117 568 3246 608; x_wconf 81' lang='lat' dir='ltr'>mox</span> <span class='ocrx_word' id='word_1_250' title='bbox 3294 552 3474 607; x_wconf 85' lang='lat' dir='ltr'><strong>visum</strong></span> 
     </span>
    </p>
   </div>
   <div class='ocr_carea' id='block_1_35' title="bbox 1894 650 3475 723">
    <p class='ocr_par' dir='ltr' id='par_1_35' title="bbox 1894 650 3475 723">
     <span class='ocr_line' id='line_1_35' title="bbox 1894 650 3475 723; baseline -0.006 -15"><span class='ocrx_word' id='word_1_251' title='bbox 1894 653 2099 723; x_wconf 87' lang='lat' dir='ltr'><strong>recepit</strong></span> <span class='ocrx_word' id='word_1_252' title='bbox 2120 666 2307 708; x_wconf 79' lang='lat' dir='ltr'><strong>senex.</strong></span> <span class='ocrx_word' id='word_1_253' title='bbox 2334 650 2494 706; x_wconf 92' lang='lat' dir='ltr'><strong>Tobit</strong></span> <span class='ocrx_word' id='word_1_254' title='bbox 2516 664 2680 720; x_wconf 91' lang='lat' dir='ltr'><strong>porro</strong></span> <span class='ocrx_word' id='word_1_255' title='bbox 2696 663 2821 703; x_wconf 89' lang='lat' dir='ltr'><strong>cum</strong></span> <span class='ocrx_word' id='word_1_256' title='bbox 2837 656 3144 703; x_wconf 65' lang='lat' dir='ltr'><strong>excaecatus</strong></span> <span class='ocrx_word' id='word_1_257' title='bbox 3167 652 3275 710; x_wconf 94' lang='grc' dir='ltr'>εει,</span> <span class='ocrx_word' id='word_1_258' title='bbox 3299 659 3475 699; x_wconf 72' lang='lat' dir='ltr'><strong>anno-</strong></span> 
     </span>
    </p>
   </div>
   <div class='ocr_carea' id='block_1_36' title="bbox 1895 733 3474 807">
    <p class='ocr_par' dir='ltr' id='par_1_36' title="bbox 1895 733 3474 807">
     <span class='ocr_line' id='line_1_36' title="bbox 1895 733 3474 807; baseline -0.007 -8"><span class='ocrx_word' id='word_1_259' title='bbox 1895 759 2015 799; x_wconf 85' lang='lat' dir='ltr'>rum</span> <span class='ocrx_word' id='word_1_260' title='bbox 2036 751 2155 798; x_wconf 84' lang='lat' dir='ltr'><strong>erat</strong></span> <span class='ocrx_word' id='word_1_261' title='bbox 2176 757 2309 795; x_wconf 80' lang='lat' dir='ltr'>LVIII</span> <span class='ocrx_word' id='word_1_262' title='bbox 2328 759 2343 807; x_wconf 89' lang='lat'><strong>;</strong></span> <span class='ocrx_word' id='word_1_263' title='bbox 2362 755 2485 796; x_wconf 92' lang='lat' dir='ltr'><strong>cum</strong></span> <span class='ocrx_word' id='word_1_264' title='bbox 2504 755 2634 795; x_wconf 87' lang='lat' dir='ltr'><strong>vero</strong></span> <span class='ocrx_word' id='word_1_265' title='bbox 2654 738 2831 794; x_wconf 88' lang='lat' dir='ltr'><strong>visum</strong></span> <span class='ocrx_word' id='word_1_266' title='bbox 2854 737 3122 807; x_wconf 74' lang='lat' dir='ltr'>reciperet</span> <span class='ocrx_word' id='word_1_267' title='bbox 3173 751 3317 790; x_wconf 76' lang='lat' dir='ltr'>val.</span> <span class='ocrx_word' id='word_1_268' title='bbox 3333 733 3474 789; x_wconf 91' lang='lat' dir='ltr'><strong>Tum</strong></span> 
     </span>
    </p>
   </div>
   <div class='ocr_carea' id='block_1_37' title="bbox 1893 825 3476 899">
    <p class='ocr_par' dir='ltr' id='par_1_37' title="bbox 1893 825 3476 899">
     <span class='ocr_line' id='line_1_37' title="bbox 1893 825 3476 899; baseline -0.008 -8"><span class='ocrx_word' id='word_1_269' title='bbox 1893 836 2111 891; x_wconf 90' lang='lat' dir='ltr'><strong>demum</strong></span> <span class='ocrx_word' id='word_1_270' title='bbox 2141 831 2461 888; x_wconf 79' lang='lat' dir='ltr'><strong>cum&#39;Tohit</strong></span> <span class='ocrx_word' id='word_1_271' title='bbox 2498 828 2984 899; x_wconf 83' lang='lat' dir='ltr'><strong>videret,Angelus</strong></span> <span class='ocrx_word' id='word_1_272' title='bbox 3015 844 3135 884; x_wconf 89' lang='lat' dir='ltr'><strong>sese</strong></span> <span class='ocrx_word' id='word_1_273' title='bbox 3154 825 3476 883; x_wconf 80' lang='lat' dir='ltr'><strong>manifesta-</strong></span> 
     </span>
    </p>
   </div>
   <div class='ocr_carea' id='block_1_38' title="bbox 1891 920 3475 997">
    <p class='ocr_par' dir='ltr' id='par_1_38' title="bbox 1891 920 3475 997">
     <span class='ocr_line' id='line_1_38' title="bbox 1891 920 3475 997; baseline -0.006 -15"><span class='ocrx_word' id='word_1_274' title='bbox 1891 928 1992 993; x_wconf 85' lang='lat' dir='ltr'><strong>vit,</strong></span> <span class='ocrx_word' id='word_1_275' title='bbox 2023 926 2172 997; x_wconf 91' lang='lat' dir='ltr'><strong>quod</strong></span> <span class='ocrx_word' id='word_1_276' title='bbox 2222 941 2333 981; x_wconf 94' lang='lat' dir='ltr'><strong>non</strong></span> <span class='ocrx_word' id='word_1_277' title='bbox 2383 924 2549 979; x_wconf 87' lang='lat' dir='ltr'><strong>homo</strong></span> <span class='ocrx_word' id='word_1_278' title='bbox 2582 933 2750 988; x_wconf 87' lang='lat' dir='ltr'><strong>esset,</strong></span> <span class='ocrx_word' id='word_1_279' title='bbox 2781 923 2880 980; x_wconf 91' lang='lat' dir='ltr'><strong>sed</strong></span> <span class='ocrx_word' id='word_1_280' title='bbox 2928 938 2959 976; x_wconf 86' lang='lat' dir='ltr'>a</span> <span class='ocrx_word' id='word_1_281' title='bbox 3014 920 3126 977; x_wconf 89' lang='lat' dir='ltr'>Deo</span> <span class='ocrx_word' id='word_1_282' title='bbox 3156 921 3382 983; x_wconf 90' lang='lat' dir='ltr'><strong>missus,</strong></span> <span class='ocrx_word' id='word_1_283' title='bbox 3412 926 3475 973; x_wconf 89' lang='lat' dir='ltr'>ut</span> 
     </span>
    </p>
   </div>
   <div class='ocr_carea' id='block_1_39' title="bbox 1894 1011 3476 1091">
    <p class='ocr_par' dir='ltr' id='par_1_39' title="bbox 1894 1011 3476 1091">
     <span class='ocr_line' id='line_1_39' title="bbox 1894 1011 3476 1091; baseline -0.004 -16"><span class='ocrx_word' id='word_1_284' title='bbox 1894 1020 2030 1091; x_wconf 83' lang='lat' dir='ltr'>ipsis</span> <span class='ocrx_word' id='word_1_285' title='bbox 2067 1026 2122 1075; x_wconf 88' lang='lat' dir='ltr'>et</span> <span class='ocrx_word' id='word_1_286' title='bbox 2158 1017 2309 1072; x_wconf 66' lang='lat' dir='ltr'><strong>Sara:</strong></span> <span class='ocrx_word' id='word_1_287' title='bbox 2364 1032 2522 1087; x_wconf 90' lang='lat' dir='ltr'><strong>opem</strong></span> <span class='ocrx_word' id='word_1_288' title='bbox 2581 1018 2767 1071; x_wconf 83' lang='lat' dir='ltr'><strong>ferret.</strong></span> <span class='ocrx_word' id='word_1_289' title='bbox 2805 1014 2909 1070; x_wconf 86' lang='lat' dir='ltr'>Ubi</span> <span class='ocrx_word' id='word_1_290' title='bbox 2940 1029 3070 1069; x_wconf 91' lang='lat' dir='ltr'><strong>vero</strong></span> <span class='ocrx_word' id='word_1_291' title='bbox 3099 1028 3265 1069; x_wconf 77' lang='lat' dir='ltr'><strong>senex</strong></span> <span class='ocrx_word' id='word_1_292' title='bbox 3294 1011 3476 1068; x_wconf 79' lang='lat' dir='ltr'><strong>factus</strong></span> 
     </span>
    </p>
   </div>
   <div class='ocr_carea' id='block_1_40' title="bbox 1893 1101 3474 1176">
    <p class='ocr_par' dir='ltr' id='par_1_40' title="bbox 1893 1101 3474 1176">
     <span class='ocr_line' id='line_1_40' title="bbox 1893 1101 3474 1176; baseline -0.006 -10"><span class='ocrx_word' id='word_1_293' title='bbox 1893 1118 2039 1167; x_wconf 90' lang='lat' dir='ltr'><strong>esset</strong></span> <span class='ocrx_word' id='word_1_294' title='bbox 2069 1109 2251 1176; x_wconf 91' lang='lat' dir='ltr'><strong>Tobit,</strong></span> <span class='ocrx_word' id='word_1_295' title='bbox 2282 1109 2394 1163; x_wconf 84' lang='lat' dir='ltr'><strong>ﬁlio</strong></span> <span class='ocrx_word' id='word_1_296' title='bbox 2447 1123 2551 1165; x_wconf 88' lang='lat' dir='ltr'>suo</span> <span class='ocrx_word' id='word_1_297' title='bbox 2598 1106 2784 1162; x_wconf 81' lang='lat' dir='ltr'>Tobiae</span> <span class='ocrx_word' id='word_1_298' title='bbox 2839 1104 3139 1169; x_wconf 88' lang='lat' dir='ltr'><strong>mandavit,</strong></span> <span class='ocrx_word' id='word_1_299' title='bbox 3180 1110 3241 1157; x_wconf 90' lang='lat' dir='ltr'>ut</span> <span class='ocrx_word' id='word_1_300' title='bbox 3277 1103 3332 1158; x_wconf 90' lang='lat' dir='ltr'><strong>in</strong></span> <span class='ocrx_word' id='word_1_301' title='bbox 3362 1101 3474 1157; x_wconf 78' lang='lat' dir='ltr'>Me-</span> 
     </span>
    </p>
   </div>
   <div class='ocr_carea' id='block_1_41' title="bbox 1891 1180 3499 1270">
    <p class='ocr_par' dir='ltr' id='par_1_41' title="bbox 1891 1180 3499 1270">
     <span class='ocr_line' id='line_1_41' title="bbox 1891 1180 3499 1270; baseline -0.007 -13"><span class='ocrx_word' id='word_1_302' title='bbox 1891 1202 2037 1257; x_wconf 89' lang='lat' dir='ltr'>diam</span> <span class='ocrx_word' id='word_1_303' title='bbox 2087 1202 2284 1265; x_wconf 88' lang='lat' dir='ltr'><strong>abiret,</strong></span> <span class='ocrx_word' id='word_1_304' title='bbox 2340 1198 2488 1270; x_wconf 90' lang='lat' dir='ltr'><strong>quod</strong></span> <span class='ocrx_word' id='word_1_305' title='bbox 2518 1197 2761 1252; x_wconf 82' lang='lat' dir='ltr'><strong>futurum</strong></span> <span class='ocrx_word' id='word_1_306' title='bbox 2793 1205 2941 1251; x_wconf 81' lang='lat' dir='ltr'><strong>esset</strong></span> <span class='ocrx_word' id='word_1_307' title='bbox 2963 1202 3021 1248; x_wconf 88' lang='lat' dir='ltr'>ut</span> <span class='ocrx_word' id='word_1_308' title='bbox 3051 1180 3245 1248; x_wconf 84' lang='lat' dir='ltr'><strong>Ninive</strong></span> <span class='ocrx_word' id='word_1_309' title='bbox 3276 1208 3499 1248; x_wconf 48' lang='lat' dir='ltr'><strong>secunl</strong></span> 
     </span>
    </p>
   </div>
   <div class='ocr_carea' id='block_1_42' title="bbox 1891 1284 3475 1359">
    <p class='ocr_par' dir='ltr' id='par_1_42' title="bbox 1891 1284 3475 1359">
     <span class='ocr_line' id='line_1_42' title="bbox 1891 1284 3475 1359; baseline -0.006 -11"><span class='ocrx_word' id='word_1_310' title='bbox 1891 1293 2020 1348; x_wconf 91' lang='lat' dir='ltr'>dum</span> <span class='ocrx_word' id='word_1_311' title='bbox 2053 1292 2279 1347; x_wconf 88' lang='lat' dir='ltr'><strong>verbum</strong></span> <span class='ocrx_word' id='word_1_312' title='bbox 2316 1289 2468 1345; x_wconf 71' lang='lat' dir='ltr'><strong>Jonte</strong></span> <span class='ocrx_word' id='word_1_313' title='bbox 2503 1288 2791 1359; x_wconf 67' lang='lat' dir='ltr'><strong>Propheta:</strong></span> <span class='ocrx_word' id='word_1_314' title='bbox 2815 1288 3242 1343; x_wconf 75' lang='lat' dir='ltr'><strong>subverteretur.</strong></span> <span class='ocrx_word' id='word_1_315' title='bbox 3269 1284 3334 1338; x_wconf 86' lang='lat' dir='ltr'><strong>Et</strong></span> <span class='ocrx_word' id='word_1_316' title='bbox 3378 1285 3475 1339; x_wconf 42' lang='lat' dir='ltr'><strong>de:-</strong></span> 
     </span>
    </p>
   </div>
   <div class='ocr_carea' id='block_1_43' title="bbox 1892 1378 3498 1447">
    <p class='ocr_par' dir='ltr' id='par_1_43' title="bbox 1892 1378 3498 1447">
     <span class='ocr_line' id='line_1_43' title="bbox 1892 1378 3498 1447; baseline -0.005 -6"><span class='ocrx_word' id='word_1_317' title='bbox 1892 1387 2080 1442; x_wconf 85' lang='lat' dir='ltr'><strong>ﬁcicns</strong></span> <span class='ocrx_word' id='word_1_318' title='bbox 2109 1392 2361 1440; x_wconf 87' lang='lat' dir='ltr'><strong>mortuus</strong></span> <span class='ocrx_word' id='word_1_319' title='bbox 2387 1392 2470 1439; x_wconf 89' lang='lat' dir='ltr'>est</span> <span class='ocrx_word' id='word_1_320' title='bbox 2501 1396 2769 1437; x_wconf 91' lang='lat' dir='ltr'><strong>annorum</strong></span> <span class='ocrx_word' id='word_1_321' title='bbox 2790 1395 2978 1435; x_wconf 72' lang='lat' dir='ltr'><strong>cum.</strong></span> <span class='ocrx_word' id='word_1_322' title='bbox 3003 1379 3175 1435; x_wconf 89' lang='lat' dir='ltr'><strong>Filius</strong></span> <span class='ocrx_word' id='word_1_323' title='bbox 3199 1394 3328 1434; x_wconf 90' lang='lat' dir='ltr'><strong>vero</strong></span> <span class='ocrx_word' id='word_1_324' title='bbox 3353 1378 3498 1447; x_wconf 59' lang='lat' dir='ltr'><strong>ejus.-</strong></span> 
     </span>
    </p>
   </div>
   <div class='ocr_carea' id='block_1_44' title="bbox 1892 1471 3473 1543">
    <p class='ocr_par' dir='ltr' id='par_1_44' title="bbox 1892 1471 3473 1543">
     <span class='ocr_line' id='line_1_44' title="bbox 1892 1471 3473 1543; baseline -0.005 -10"><span class='ocrx_word' id='word_1_325' title='bbox 1892 1477 2093 1535; x_wconf 87' lang='lat' dir='ltr'><strong>Tobias</strong></span> <span class='ocrx_word' id='word_1_326' title='bbox 2151 1478 2207 1532; x_wconf 92' lang='lat' dir='ltr'>in</span> <span class='ocrx_word' id='word_1_327' title='bbox 2253 1476 2482 1531; x_wconf 85' lang='lat' dir='ltr'><strong>Mediam</strong></span> <span class='ocrx_word' id='word_1_328' title='bbox 2526 1474 2802 1543; x_wconf 80' lang='lat' dir='ltr'>migravit,</span> <span class='ocrx_word' id='word_1_329' title='bbox 2833 1473 2925 1527; x_wconf 88' lang='lat' dir='ltr'>ubi</span> <span class='ocrx_word' id='word_1_330' title='bbox 2982 1471 3200 1527; x_wconf 83' lang='lat' dir='ltr'><strong>tandem</strong></span> <span class='ocrx_word' id='word_1_331' title='bbox 3245 1471 3473 1541; x_wconf 84' lang='lat' dir='ltr'><strong>sepultis</strong></span> 
     </span>
    </p>
   </div>
   <div class='ocr_carea' id='block_1_45' title="bbox 1891 1564 3473 1635">
    <p class='ocr_par' dir='ltr' id='par_1_45' title="bbox 1891 1564 3473 1635">
     <span class='ocr_line' id='line_1_45' title="bbox 1891 1564 3473 1635; baseline -0.006 -9"><span class='ocrx_word' id='word_1_332' title='bbox 1891 1585 2082 1626; x_wconf 85' lang='lat' dir='ltr'><strong>socero</strong></span> <span class='ocrx_word' id='word_1_333' title='bbox 2133 1584 2197 1624; x_wconf 93' lang='lat' dir='ltr'><strong>ac</strong></span> <span class='ocrx_word' id='word_1_334' title='bbox 2253 1583 2439 1634; x_wconf 88' lang='lat' dir='ltr'><strong>socru,</strong></span> <span class='ocrx_word' id='word_1_335' title='bbox 2479 1574 2534 1621; x_wconf 91' lang='lat' dir='ltr'>et</span> <span class='ocrx_word' id='word_1_336' title='bbox 2588 1565 2657 1621; x_wconf 93' lang='lat' dir='ltr'><strong>de</strong></span> <span class='ocrx_word' id='word_1_337' title='bbox 2690 1564 2885 1619; x_wconf 84' lang='lat' dir='ltr'><strong>Ninive</strong></span> <span class='ocrx_word' id='word_1_338' title='bbox 2941 1564 3298 1620; x_wconf 90' lang='lat' dir='ltr'><strong>subversione</strong></span> <span class='ocrx_word' id='word_1_339' title='bbox 3347 1578 3473 1635; x_wconf 60' lang='lat' dir='ltr'><strong>pere-</strong></span> 
     </span>
    </p>
   </div>
   <div class='ocr_carea' id='block_1_46' title="bbox 1889 1659 3101 1732">
    <p class='ocr_par' dir='ltr' id='par_1_46' title="bbox 1889 1659 3101 1732">
     <span class='ocr_line' id='line_1_46' title="bbox 1889 1659 3101 1732; baseline -0.006 -15"><span class='ocrx_word' id='word_1_340' title='bbox 1889 1669 2047 1732; x_wconf 91' lang='lat' dir='ltr'><strong>cepta</strong></span> <span class='ocrx_word' id='word_1_341' title='bbox 2070 1659 2236 1725; x_wconf 77' lang='lat' dir='ltr'><strong>fama,</strong></span> <span class='ocrx_word' id='word_1_342' title='bbox 2271 1666 2521 1713; x_wconf 88' lang='lat' dir='ltr'><strong>mortuus</strong></span> <span class='ocrx_word' id='word_1_343' title='bbox 2555 1665 2639 1712; x_wconf 87' lang='lat' dir='ltr'>est</span> <span class='ocrx_word' id='word_1_344' title='bbox 2665 1670 2932 1711; x_wconf 90' lang='lat' dir='ltr'><strong>annorum</strong></span> <span class='ocrx_word' id='word_1_345' title='bbox 2970 1668 3101 1710; x_wconf 87' lang='lat' dir='ltr'><strong>cvu.</strong></span> 
     </span>
    </p>
   </div>
   <div class='ocr_carea' id='block_1_47' title="bbox 2262 1768 3099 1841">
    <p class='ocr_par' dir='ltr' id='par_1_47' title="bbox 2262 1768 3099 1841">
     <span class='ocr_line' id='line_1_47' title="bbox 2262 1768 3099 1841; baseline -0.004 -14"><span class='ocrx_word' id='word_1_346' title='bbox 2262 1770 2421 1827; x_wconf 84' lang='lat' dir='ltr'><strong>Liber</strong></span> <span class='ocrx_word' id='word_1_347' title='bbox 2457 1770 2746 1841; x_wconf 81' lang='lat' dir='ltr'>Sapientia:</span> <span class='ocrx_word' id='word_1_348' title='bbox 2773 1768 3099 1824; x_wconf 80' lang='lat' dir='ltr'><strong>Salomonis.</strong></span> 
     </span>
    </p>
   </div>
   <div class='ocr_carea' id='block_1_48' title="bbox 1962 1851 3470 1933">
    <p class='ocr_par' dir='ltr' id='par_1_48' title="bbox 1962 1851 3470 1933">
     <span class='ocr_line' id='line_1_48' title="bbox 1962 1851 3470 1933; baseline -0.009 -14"><span class='ocrx_word' id='word_1_349' title='bbox 1962 1863 2054 1919; x_wconf 68' lang='grc'>45.</span> <span class='ocrx_word' id='word_1_350' title='bbox 2080 1862 2361 1933; x_wconf 89' lang='lat' dir='ltr'><strong>Sapientia</strong></span> <span class='ocrx_word' id='word_1_351' title='bbox 2411 1859 2722 1915; x_wconf 89' lang='lat' dir='ltr'><strong>Salomonis</strong></span> <span class='ocrx_word' id='word_1_352' title='bbox 2752 1865 2980 1913; x_wconf 84' lang='lat' dir='ltr'><strong>vocatur</strong></span> <span class='ocrx_word' id='word_1_353' title='bbox 3014 1857 3101 1910; x_wconf 90' lang='lat' dir='ltr'>hic</span> <span class='ocrx_word' id='word_1_354' title='bbox 3137 1854 3295 1909; x_wconf 89' lang='lat' dir='ltr'><strong>liber.</strong></span> <span class='ocrx_word' id='word_1_355' title='bbox 3333 1851 3470 1907; x_wconf 83' lang='lat' dir='ltr'><strong>Nam</strong></span> 
     </span>
    </p>
   </div>
   <div class='ocr_carea' id='block_1_49' title="bbox 1890 1945 3475 2021">
    <p class='ocr_par' dir='ltr' id='par_1_49' title="bbox 1890 1945 3475 2021">
     <span class='ocr_line' id='line_1_49' title="bbox 1890 1945 3475 2021; baseline -0.009 -9"><span class='ocrx_word' id='word_1_356' title='bbox 1890 1956 2115 2012; x_wconf 89' lang='lat' dir='ltr'><strong>ethunc</strong></span> <span class='ocrx_word' id='word_1_357' title='bbox 2144 1970 2175 2008; x_wconf 91' lang='lat' dir='ltr'>a</span> <span class='ocrx_word' id='word_1_358' title='bbox 2204 1953 2500 2008; x_wconf 85' lang='lat' dir='ltr'><strong>Salomone</strong></span> <span class='ocrx_word' id='word_1_359' title='bbox 2523 1951 2788 2021; x_wconf 87' lang='lat' dir='ltr'><strong>scriptum</strong></span> <span class='ocrx_word' id='word_1_360' title='bbox 2822 1964 2946 2005; x_wconf 88' lang='lat' dir='ltr'><strong>esse</strong></span> <span class='ocrx_word' id='word_1_361' title='bbox 2982 1948 3191 2003; x_wconf 91' lang='lat' dir='ltr'><strong>dicunt.</strong></span> <span class='ocrx_word' id='word_1_362' title='bbox 3216 1945 3475 2001; x_wconf 85' lang='lat' dir='ltr'><strong>Continet</strong></span> 
     </span>
    </p>
   </div>
   <div class='ocr_carea' id='block_1_50' title="bbox 1890 2038 3470 2112">
    <p class='ocr_par' dir='ltr' id='par_1_50' title="bbox 1890 2038 3470 2112">
     <span class='ocr_line' id='line_1_50' title="bbox 1890 2038 3470 2112; baseline -0.008 -10"><span class='ocrx_word' id='word_1_363' title='bbox 1890 2056 2074 2103; x_wconf 90' lang='lat' dir='ltr'><strong>autem</strong></span> <span class='ocrx_word' id='word_1_364' title='bbox 2103 2054 2159 2102; x_wconf 91' lang='lat' dir='ltr'>et</span> <span class='ocrx_word' id='word_1_365' title='bbox 2202 2045 2510 2101; x_wconf 83' lang='lat' dir='ltr'><strong>doctrinam</strong></span> <span class='ocrx_word' id='word_1_366' title='bbox 2534 2041 2784 2112; x_wconf 89' lang='lat' dir='ltr'><strong>justitiae,</strong></span> <span class='ocrx_word' id='word_1_367' title='bbox 2806 2052 2859 2096; x_wconf 90' lang='lat' dir='ltr'>et</span> <span class='ocrx_word' id='word_1_368' title='bbox 2885 2055 2993 2111; x_wconf 91' lang='lat' dir='ltr'>qua</span> <span class='ocrx_word' id='word_1_369' title='bbox 3026 2038 3238 2094; x_wconf 88' lang='lat' dir='ltr'><strong>ratione</strong></span> <span class='ocrx_word' id='word_1_370' title='bbox 3269 2051 3470 2107; x_wconf 85' lang='lat' dir='ltr'><strong>cogno-</strong></span> 
     </span>
    </p>
   </div>
   <div class='ocr_carea' id='block_1_51' title="bbox 1889 2127 3475 2205">
    <p class='ocr_par' dir='ltr' id='par_1_51' title="bbox 1889 2127 3475 2205">
     <span class='ocr_line' id='line_1_51' title="bbox 1889 2127 3475 2205; baseline -0.009 -9"><span class='ocrx_word' id='word_1_371' title='bbox 1889 2138 2078 2198; x_wconf 85' lang='lat' dir='ltr'><strong>scendi</strong></span> <span class='ocrx_word' id='word_1_372' title='bbox 2114 2147 2245 2194; x_wconf 88' lang='lat' dir='ltr'><strong>sunt</strong></span> <span class='ocrx_word' id='word_1_373' title='bbox 2273 2152 2397 2191; x_wconf 89' lang='lat' dir='ltr'>cum</span> <span class='ocrx_word' id='word_1_374' title='bbox 2435 2134 2690 2205; x_wconf 86' lang='lat' dir='ltr'><strong>improbi,</strong></span> <span class='ocrx_word' id='word_1_375' title='bbox 2724 2142 2841 2188; x_wconf 92' lang='lat' dir='ltr'>tum</span> <span class='ocrx_word' id='word_1_376' title='bbox 2872 2132 3031 2203; x_wconf 89' lang='lat' dir='ltr'><strong>probi</strong></span> <span class='ocrx_word' id='word_1_377' title='bbox 3071 2131 3178 2185; x_wconf 88' lang='lat' dir='ltr'><strong>viri</strong></span> <span class='ocrx_word' id='word_1_378' title='bbox 3212 2150 3225 2185; x_wconf 86' lang='lat'><strong>:</strong></span> <span class='ocrx_word' id='word_1_379' title='bbox 3258 2127 3327 2184; x_wconf 91' lang='lat' dir='ltr'>ad</span> <span class='ocrx_word' id='word_1_380' title='bbox 3358 2129 3475 2183; x_wconf 75' lang='lat' dir='ltr'><strong>haec</strong></span> 
     </span>
    </p>
   </div>
   <div class='ocr_carea' id='block_1_52' title="bbox 1888 2221 3474 2303">
    <p class='ocr_par' dir='ltr' id='par_1_52' title="bbox 1888 2221 3474 2303">
     <span class='ocr_line' id='line_1_52' title="bbox 1888 2221 3474 2303; baseline -0.008 -15"><span class='ocrx_word' id='word_1_381' title='bbox 1888 2241 1944 2289; x_wconf 89' lang='lat' dir='ltr'>et</span> <span class='ocrx_word' id='word_1_382' title='bbox 1996 2229 2339 2303; x_wconf 84' lang='lat' dir='ltr'><strong>prophetiam</strong></span> <span class='ocrx_word' id='word_1_383' title='bbox 2397 2227 2464 2282; x_wconf 90' lang='lat' dir='ltr'>de</span> <span class='ocrx_word' id='word_1_384' title='bbox 2510 2226 2749 2282; x_wconf 84' lang='lat' dir='ltr'><strong>Christo.</strong></span> <span class='ocrx_word' id='word_1_385' title='bbox 2782 2224 2950 2279; x_wconf 90' lang='lat' dir='ltr'><strong>Docet</strong></span> <span class='ocrx_word' id='word_1_386' title='bbox 2989 2224 3155 2277; x_wconf 89' lang='lat' dir='ltr'><strong>etiam</strong></span> <span class='ocrx_word' id='word_1_387' title='bbox 3199 2221 3474 2292; x_wconf 89' lang='lat' dir='ltr'><strong>quomodo</strong></span> 
     </span>
    </p>
   </div>
   <div class='ocr_carea' id='block_1_53' title="bbox 1887 2310 3473 2390">
    <p class='ocr_par' dir='ltr' id='par_1_53' title="bbox 1887 2310 3473 2390">
     <span class='ocr_line' id='line_1_53' title="bbox 1887 2310 3473 2390; baseline -0.009 -12"><span class='ocrx_word' id='word_1_388' title='bbox 1887 2322 2060 2378; x_wconf 89' lang='lat' dir='ltr'><strong>multo</strong></span> <span class='ocrx_word' id='word_1_389' title='bbox 2094 2336 2233 2390; x_wconf 91' lang='lat' dir='ltr'><strong>opus</strong></span> <span class='ocrx_word' id='word_1_390' title='bbox 2261 2319 2335 2375; x_wconf 90' lang='lat' dir='ltr'>sit</span> <span class='ocrx_word' id='word_1_391' title='bbox 2364 2317 2557 2373; x_wconf 87' lang='lat' dir='ltr'><strong>labore</strong></span> <span class='ocrx_word' id='word_1_392' title='bbox 2576 2324 2630 2372; x_wconf 89' lang='lat' dir='ltr'><strong>et</strong></span> <span class='ocrx_word' id='word_1_393' title='bbox 2657 2315 2932 2372; x_wconf 89' lang='lat' dir='ltr'><strong>desiderio</strong></span> <span class='ocrx_word' id='word_1_394' title='bbox 2957 2313 3025 2368; x_wconf 85' lang='lat' dir='ltr'>ad</span> <span class='ocrx_word' id='word_1_395' title='bbox 3047 2310 3473 2383; x_wconf 87' lang='lat' dir='ltr'><strong>comparandam</strong></span> 
     </span>
    </p>
   </div>
   <div class='ocr_carea' id='block_1_54' title="bbox 1888 2404 3471 2487">
    <p class='ocr_par' dir='ltr' id='par_1_54' title="bbox 1888 2404 3471 2487">
     <span class='ocr_line' id='line_1_54' title="bbox 1888 2404 3471 2487; baseline -0.009 -16"><span class='ocrx_word' id='word_1_396' title='bbox 1888 2414 2237 2487; x_wconf 87' lang='lat' dir='ltr'><strong>sapientiam.</strong></span> <span class='ocrx_word' id='word_1_397' title='bbox 2272 2410 2516 2467; x_wconf 85' lang='lat' dir='ltr'><strong>Habetur</strong></span> <span class='ocrx_word' id='word_1_398' title='bbox 2539 2423 2758 2480; x_wconf 90' lang='lat' dir='ltr'><strong>quoque</strong></span> <span class='ocrx_word' id='word_1_399' title='bbox 2785 2406 2874 2462; x_wconf 91' lang='lat' dir='ltr'>hic</span> <span class='ocrx_word' id='word_1_400' title='bbox 2900 2406 2968 2461; x_wconf 93' lang='lat' dir='ltr'><strong>de</strong></span> <span class='ocrx_word' id='word_1_401' title='bbox 2998 2404 3280 2460; x_wconf 87' lang='lat' dir='ltr'><strong>nonnullis</strong></span> <span class='ocrx_word' id='word_1_402' title='bbox 3306 2411 3471 2457; x_wconf 87' lang='lat' dir='ltr'><strong>natu-</strong></span> 
     </span>
    </p>
   </div>
   <div class='ocr_carea' id='block_1_55' title="bbox 1887 2494 3471 2576">
    <p class='ocr_par' dir='ltr' id='par_1_55' title="bbox 1887 2494 3471 2576">
     <span class='ocr_line' id='line_1_55' title="bbox 1887 2494 3471 2576; baseline -0.009 -15"><span class='ocrx_word' id='word_1_403' title='bbox 1887 2521 1964 2561; x_wconf 89' lang='lat' dir='ltr'>rae</span> <span class='ocrx_word' id='word_1_404' title='bbox 1995 2504 2243 2576; x_wconf 87' lang='lat' dir='ltr'><strong>partibus</strong></span> <span class='ocrx_word' id='word_1_405' title='bbox 2273 2501 2594 2573; x_wconf 80' lang='lat' dir='ltr'><strong>disputatio.</strong></span> <span class='ocrx_word' id='word_1_406' title='bbox 2619 2497 2748 2553; x_wconf 91' lang='lat' dir='ltr'><strong>Item</strong></span> <span class='ocrx_word' id='word_1_407' title='bbox 2782 2507 2975 2552; x_wconf 89' lang='lat' dir='ltr'><strong>contra</strong></span> <span class='ocrx_word' id='word_1_408' title='bbox 3003 2495 3145 2550; x_wconf 78' lang='lat' dir='ltr'><strong>idola</strong></span> <span class='ocrx_word' id='word_1_409' title='bbox 3168 2502 3222 2548; x_wconf 93' lang='lat' dir='ltr'>et</span> <span class='ocrx_word' id='word_1_410' title='bbox 3250 2494 3471 2548; x_wconf 89' lang='lat' dir='ltr'><strong>illorum</strong></span> 
     </span>
    </p>
   </div>
   <div class='ocr_carea' id='block_1_56' title="bbox 1890 2587 3472 2670">
    <p class='ocr_par' dir='ltr' id='par_1_56' title="bbox 1890 2587 3472 2670">
     <span class='ocr_line' id='line_1_56' title="bbox 1890 2587 3472 2670; baseline -0.01 -15"><span class='ocrx_word' id='word_1_411' title='bbox 1890 2600 2221 2670; x_wconf 90' lang='lat' dir='ltr'><strong>sculptores,</strong></span> <span class='ocrx_word' id='word_1_412' title='bbox 2262 2604 2454 2650; x_wconf 88' lang='lat' dir='ltr'><strong>contra</strong></span> <span class='ocrx_word' id='word_1_413' title='bbox 2481 2608 2598 2660; x_wconf 91' lang='lat' dir='ltr'><strong>eos,</strong></span> <span class='ocrx_word' id='word_1_414' title='bbox 2624 2591 2719 2662; x_wconf 90' lang='lat' dir='ltr'>qui</span> <span class='ocrx_word' id='word_1_415' title='bbox 2748 2604 2900 2660; x_wconf 86' lang='lat' dir='ltr'><strong>spem</strong></span> <span class='ocrx_word' id='word_1_416' title='bbox 2930 2589 2988 2642; x_wconf 92' lang='lat' dir='ltr'>in</span> <span class='ocrx_word' id='word_1_417' title='bbox 3021 2587 3130 2642; x_wconf 89' lang='lat' dir='ltr'><strong>illis</strong></span> <span class='ocrx_word' id='word_1_418' title='bbox 3156 2596 3389 2657; x_wconf 89' lang='lat' dir='ltr'><strong>ponunt,</strong></span> <span class='ocrx_word' id='word_1_419' title='bbox 3418 2592 3472 2640; x_wconf 89' lang='lat' dir='ltr'><strong>et</strong></span> 
     </span>
    </p>
   </div>
   <div class='ocr_carea' id='block_1_57' title="bbox 1886 2678 3471 2753">
    <p class='ocr_par' dir='ltr' id='par_1_57' title="bbox 1886 2678 3471 2753">
     <span class='ocr_line' id='line_1_57' title="bbox 1886 2678 3471 2753; baseline -0.011 -4"><span class='ocrx_word' id='word_1_420' title='bbox 1886 2709 1951 2750; x_wconf 90' lang='lat' dir='ltr'>ea</span> <span class='ocrx_word' id='word_1_421' title='bbox 1980 2692 2209 2747; x_wconf 86' lang='lat' dir='ltr'><strong>adorant</strong></span> <span class='ocrx_word' id='word_1_422' title='bbox 2250 2704 2316 2744; x_wconf 92' lang='lat' dir='ltr'><strong>ac</strong></span> <span class='ocrx_word' id='word_1_423' title='bbox 2343 2689 2552 2744; x_wconf 92' lang='lat' dir='ltr'><strong>colunt.</strong></span> <span class='ocrx_word' id='word_1_424' title='bbox 2592 2685 2862 2741; x_wconf 76' lang='lat' dir='ltr'><strong>Praeterea</strong></span> <span class='ocrx_word' id='word_1_425' title='bbox 2894 2693 2950 2737; x_wconf 90' lang='lat' dir='ltr'>et</span> <span class='ocrx_word' id='word_1_426' title='bbox 2988 2682 3226 2753; x_wconf 81' lang='lat' dir='ltr'><strong>hymnus</strong></span> <span class='ocrx_word' id='word_1_427' title='bbox 3270 2678 3471 2748; x_wconf 69' lang='lat' dir='ltr'><strong>adjun~</strong></span> 
     </span>
    </p>
   </div>
   <div class='ocr_carea' id='block_1_58' title="bbox 1887 2769 3472 2847">
    <p class='ocr_par' dir='ltr' id='par_1_58' title="bbox 1887 2769 3472 2847">
     <span class='ocr_line' id='line_1_58' title="bbox 1887 2769 3472 2847; baseline -0.009 -8"><span class='ocrx_word' id='word_1_428' title='bbox 1887 2792 1974 2838; x_wconf 89' lang='lat' dir='ltr'>cta</span> <span class='ocrx_word' id='word_1_429' title='bbox 1999 2780 2348 2838; x_wconf 79' lang='lat' dir='ltr'><strong>confessione</strong></span> <span class='ocrx_word' id='word_1_430' title='bbox 2370 2778 2703 2833; x_wconf 86' lang='lat' dir='ltr'><strong>mirabilium</strong></span> <span class='ocrx_word' id='word_1_431' title='bbox 2729 2774 3132 2847; x_wconf 90' lang='lat' dir='ltr'><strong>operationum,</strong></span> <span class='ocrx_word' id='word_1_432' title='bbox 3154 2788 3276 2843; x_wconf 83' lang='lat' dir='ltr'><strong>quae</strong></span> <span class='ocrx_word' id='word_1_433' title='bbox 3294 2769 3472 2827; x_wconf 85' lang='lat' dir='ltr'><strong>Israe-</strong></span> 
     </span>
    </p>
   </div>
   <div class='ocr_carea' id='block_1_59' title="bbox 1885 2859 3470 2939">
    <p class='ocr_par' dir='ltr' id='par_1_59' title="bbox 1885 2859 3470 2939">
     <span class='ocr_line' id='line_1_59' title="bbox 1885 2859 3470 2939; baseline -0.008 -13"><span class='ocrx_word' id='word_1_434' title='bbox 1885 2870 2000 2926; x_wconf 87' lang='lat' dir='ltr'><strong>litis</strong></span> <span class='ocrx_word' id='word_1_435' title='bbox 2031 2884 2216 2925; x_wconf 90' lang='lat' dir='ltr'><strong>coram</strong></span> <span class='ocrx_word' id='word_1_436' title='bbox 2251 2869 2496 2939; x_wconf 86' lang='lat' dir='ltr'><strong>ipsorum</strong></span> <span class='ocrx_word' id='word_1_437' title='bbox 2526 2864 2767 2919; x_wconf 90' lang='lat' dir='ltr'><strong>inimicis</strong></span> <span class='ocrx_word' id='word_1_438' title='bbox 2795 2880 2824 2917; x_wconf 87' lang='lat' dir='ltr'><strong>a</strong></span> <span class='ocrx_word' id='word_1_439' title='bbox 2859 2862 2972 2918; x_wconf 90' lang='lat' dir='ltr'>Deo</span> <span class='ocrx_word' id='word_1_440' title='bbox 3005 2861 3159 2917; x_wconf 73' lang='lat' dir='ltr'><strong>facta:</strong></span> <span class='ocrx_word' id='word_1_441' title='bbox 3187 2869 3335 2916; x_wconf 89' lang='lat' dir='ltr'><strong>sunt.</strong></span> <span class='ocrx_word' id='word_1_442' title='bbox 3361 2859 3470 2928; x_wconf 80' lang='lat' dir='ltr'><strong>lgi-</strong></span> 
     </span>
    </p>
   </div>
   <div class='ocr_carea' id='block_1_60' title="bbox 1884 2952 3470 3029">
    <p class='ocr_par' dir='ltr' id='par_1_60' title="bbox 1884 2952 3470 3029">
     <span class='ocr_line' id='line_1_60' title="bbox 1884 2952 3470 3029; baseline -0.009 -12"><span class='ocrx_word' id='word_1_443' title='bbox 1884 2972 1974 3017; x_wconf 90' lang='lat' dir='ltr'>tur</span> <span class='ocrx_word' id='word_1_444' title='bbox 2007 2960 2126 3028; x_wconf 89' lang='lat' dir='ltr'><strong>ipsa</strong></span> <span class='ocrx_word' id='word_1_445' title='bbox 2154 2958 2374 3029; x_wconf 84' lang='lat' dir='ltr'><strong>quidem</strong></span> <span class='ocrx_word' id='word_1_446' title='bbox 2408 2957 2532 3012; x_wconf 89' lang='lat' dir='ltr'><strong>libri</strong></span> <span class='ocrx_word' id='word_1_447' title='bbox 2564 2955 2732 3026; x_wconf 84' lang='lat' dir='ltr'><strong>hujus</strong></span> <span class='ocrx_word' id='word_1_448' title='bbox 2763 2954 3070 3026; x_wconf 81' lang='lat' dir='ltr'><strong>complexio</strong></span> <span class='ocrx_word' id='word_1_449' title='bbox 3095 2952 3244 3006; x_wconf 91' lang='lat' dir='ltr'><strong>hunc</strong></span> <span class='ocrx_word' id='word_1_450' title='bbox 3272 2952 3327 3005; x_wconf 93' lang='lat' dir='ltr'><strong>in</strong></span> <span class='ocrx_word' id='word_1_451' title='bbox 3351 2966 3470 3003; x_wconf 90' lang='lat' dir='ltr'>mo-</span> 
     </span>
    </p>
   </div>
   <div class='ocr_carea' id='block_1_61' title="bbox 1885 3041 3470 3119">
    <p class='ocr_par' dir='ltr' id='par_1_61' title="bbox 1885 3041 3470 3119">
     <span class='ocr_line' id='line_1_61' title="bbox 1885 3041 3470 3119; baseline -0.008 -11"><span class='ocrx_word' id='word_1_452' title='bbox 1885 3053 2015 3109; x_wconf 89' lang='lat' dir='ltr'>dum</span> <span class='ocrx_word' id='word_1_453' title='bbox 2038 3052 2202 3106; x_wconf 85' lang='lat' dir='ltr'><strong>habet</strong></span> <span class='ocrx_word' id='word_1_454' title='bbox 2229 3069 2242 3104; x_wconf 90' lang='lat'><strong>:</strong></span> <span class='ocrx_word' id='word_1_455' title='bbox 2269 3047 2650 3119; x_wconf 88' lang='lat' dir='ltr'><strong>recapitulatio</strong></span> <span class='ocrx_word' id='word_1_456' title='bbox 2679 3061 2808 3102; x_wconf 89' lang='lat' dir='ltr'><strong>vero</strong></span> <span class='ocrx_word' id='word_1_457' title='bbox 2840 3047 2895 3100; x_wconf 92' lang='lat' dir='ltr'>in</span> <span class='ocrx_word' id='word_1_458' title='bbox 2920 3046 3044 3101; x_wconf 86' lang='lat' dir='ltr'><strong>istis</strong></span> <span class='ocrx_word' id='word_1_459' title='bbox 3068 3053 3172 3100; x_wconf 90' lang='lat' dir='ltr'><strong>est.</strong></span> <span class='ocrx_word' id='word_1_460' title='bbox 3199 3041 3257 3097; x_wconf 85' lang='lat' dir='ltr'><strong>In</strong></span> <span class='ocrx_word' id='word_1_461' title='bbox 3286 3056 3470 3112; x_wconf 75' lang='lat' dir='ltr'><strong>proce-</strong></span> 
     </span>
    </p>
   </div>
   <div class='ocr_carea' id='block_1_62' title="bbox 192 3135 1784 3233">
    <p class='ocr_par' dir='ltr' id='par_1_62' title="bbox 192 3135 1784 3233">
     <span class='ocr_line' id='line_1_62' title="bbox 192 3135 1784 3233; baseline -0.002 -17"><span class='ocrx_word' id='word_1_462' title='bbox 192 3162 359 3233; x_wconf 79' lang='grc' dir='ltr'>ζήλου</span> <span class='ocrx_word' id='word_1_463' title='bbox 416 3161 547 3231; x_wconf 77' lang='grc' dir='ltr'>γὰρ,</span> <span class='ocrx_word' id='word_1_464' title='bbox 615 3135 810 3233; x_wconf 36' lang='grc' dir='ltr'>φησι,-</span> <span class='ocrx_word' id='word_1_465' title='bbox 842 3159 967 3224; x_wconf 79' lang='grc' dir='ltr'>τοὺς</span> <span class='ocrx_word' id='word_1_466' title='bbox 1010 3135 1638 3231; x_wconf 62' lang='grc' dir='ltr'>ἀντιχρίστους,ὀῖτινές</span> <span class='ocrx_word' id='word_1_467' title='bbox 1685 3135 1784 3213; x_wconf 78' lang='grc' dir='ltr'>είσι</span> 
     </span>
    </p>
   </div>
   <div class='ocr_carea' id='block_1_63' title="bbox 1889 3135 3471 3233">
    <p class='ocr_par' dir='ltr' id='par_1_63' title="bbox 1893 3135 3471 3210">
     <span class='ocr_line' id='line_1_63' title="bbox 1893 3135 3471 3210; baseline -0.01 -8"><span class='ocrx_word' id='word_1_468' title='bbox 1893 3146 2019 3202; x_wconf 92' lang='lat' dir='ltr'><strong>miis</strong></span> <span class='ocrx_word' id='word_1_469' title='bbox 2074 3141 2382 3199; x_wconf 88' lang='lat' dir='ltr'><strong>adhortatio</strong></span> <span class='ocrx_word' id='word_1_470' title='bbox 2421 3139 2560 3210; x_wconf 87' lang='lat' dir='ltr'><strong>justi</strong></span> <span class='ocrx_word' id='word_1_471' title='bbox 2588 3145 2672 3194; x_wconf 91' lang='lat' dir='ltr'>est</span> <span class='ocrx_word' id='word_1_472' title='bbox 2701 3138 2769 3194; x_wconf 91' lang='lat' dir='ltr'><strong>ad</strong></span> <span class='ocrx_word' id='word_1_473' title='bbox 2796 3138 3004 3193; x_wconf 87' lang='lat' dir='ltr'><strong>cultum</strong></span> <span class='ocrx_word' id='word_1_474' title='bbox 3040 3135 3158 3201; x_wconf 88' lang='lat' dir='ltr'><strong>Dei,</strong></span> <span class='ocrx_word' id='word_1_475' title='bbox 3198 3143 3252 3189; x_wconf 92' lang='lat' dir='ltr'>et</span> <span class='ocrx_word' id='word_1_476' title='bbox 3285 3147 3471 3203; x_wconf 87' lang='lat' dir='ltr'><strong>repre-</strong></span> 
     </span>
    </p>
   </div>
   <div class='ocr_carea' id='block_1_64' title="bbox 192 3250 1782 3324">
    <p class='ocr_par' dir='ltr' id='par_1_64' title="bbox 192 3250 1782 3324">
     <span class='ocr_line' id='line_1_64' title="bbox 192 3250 1782 3324; baseline -0.003 -14"><span class='ocrx_word' id='word_1_477' title='bbox 192 3256 447 3318; x_wconf 81' lang='grc' dir='ltr'>θάνατος·</span> <span class='ocrx_word' id='word_1_478' title='bbox 485 3273 507 3305; x_wconf 74' lang='grc' dir='ltr'>ι</span> <span class='ocrx_word' id='word_1_479' title='bbox 555 3253 720 3307; x_wconf 89' lang='grc' dir='ltr'>πόθεν</span> <span class='ocrx_word' id='word_1_480' title='bbox 774 3254 823 3307; x_wconf 77' lang='lat' dir='ltr'><strong>oi</strong></span> <span class='ocrx_word' id='word_1_481' title='bbox 877 3252 1095 3316; x_wconf 83' lang='grc' dir='ltr'>ἀσεϐεῖς</span> <span class='ocrx_word' id='word_1_482' title='bbox 1153 3252 1282 3324; x_wconf 78' lang='grc' dir='ltr'>περὶ</span> <span class='ocrx_word' id='word_1_483' title='bbox 1327 3250 1405 3323; x_wconf 83' lang='grc' dir='ltr'>τῷ</span> <span class='ocrx_word' id='word_1_484' title='bbox 1466 3251 1782 3323; x_wconf 87' lang='grc' dir='ltr'>σταυρῶσαι</span> 
     </span>
    </p>
   </div>
   <div class='ocr_carea' id='block_1_65' title="bbox 191 3340 1784 3417">
    <p class='ocr_par' dir='ltr' id='par_1_65' title="bbox 191 3340 1784 3417">
     <span class='ocr_line' id='line_1_65' title="bbox 191 3340 1784 3417; baseline -0.003 -16"><span class='ocrx_word' id='word_1_485' title='bbox 191 3346 285 3401; x_wconf 73' lang='grc' dir='ltr'>τὸν</span> <span class='ocrx_word' id='word_1_486' title='bbox 313 3345 525 3417; x_wconf 83' lang='grc' dir='ltr'>Κύριον</span> <span class='ocrx_word' id='word_1_487' title='bbox 549 3344 652 3415; x_wconf 81' lang='grc' dir='ltr'>τῆς</span> <span class='ocrx_word' id='word_1_488' title='bbox 674 3342 834 3416; x_wconf 77' lang='grc' dir='ltr'>δόξης</span> <span class='ocrx_word' id='word_1_489' title='bbox 876 3340 1061 3414; x_wconf 78' lang='grc' dir='ltr'>ἦλθον,</span> <span class='ocrx_word' id='word_1_490' title='bbox 1106 3344 1197 3399; x_wconf 83' lang='grc' dir='ltr'>τὸν</span> <span class='ocrx_word' id='word_1_491' title='bbox 1232 3342 1404 3398; x_wconf 79' lang='grc' dir='ltr'>αἰῶνα</span> <span class='ocrx_word' id='word_1_492' title='bbox 1426 3343 1618 3397; x_wconf 88' lang='grc' dir='ltr'>τοῦτον</span> <span class='ocrx_word' id='word_1_493' title='bbox 1651 3359 1784 3416; x_wconf 85' lang='grc' dir='ltr'>προ-</span> 
     </span>
    </p>
   </div>
   <div class='ocr_carea' id='block_1_66' title="bbox 191 3433 1784 3509">
    <p class='ocr_par' dir='ltr' id='par_1_66' title="bbox 191 3433 1784 3509">
     <span class='ocr_line' id='line_1_66' title="bbox 191 3433 1784 3509; baseline -0.005 -15"><span class='ocrx_word' id='word_1_494' title='bbox 191 3437 510 3509; x_wconf 66' lang='grc' dir='ltr'>κρίναντες</span> <span class='ocrx_word' id='word_1_495' title='bbox 543 3437 625 3490; x_wconf 83' lang='grc' dir='ltr'>ὅτι</span> <span class='ocrx_word' id='word_1_496' title='bbox 657 3436 753 3491; x_wconf 73' lang='grc' dir='ltr'>καὶ</span> <span class='ocrx_word' id='word_1_497' title='bbox 780 3436 905 3501; x_wconf 85' lang='grc' dir='ltr'>τοὺς</span> <span class='ocrx_word' id='word_1_498' title='bbox 937 3435 1266 3498; x_wconf 86' lang='grc' dir='ltr'>ἀποστόλους</span> <span class='ocrx_word' id='word_1_499' title='bbox 1303 3433 1528 3500; x_wconf 80' lang='grc' dir='ltr'>ἐδίωξαν</span> <span class='ocrx_word' id='word_1_500' title='bbox 1552 3434 1647 3488; x_wconf 76' lang='grc' dir='ltr'>καὶ</span> <span class='ocrx_word' id='word_1_501' title='bbox 1679 3435 1784 3488; x_wconf 87' lang='grc' dir='ltr'>ἀπ-</span> 
     </span>
    </p>
   </div>
   <div class='ocr_carea' id='block_1_67' title="bbox 191 3525 1782 3591">
    <p class='ocr_par' dir='ltr' id='par_1_67' title="bbox 191 3525 1782 3591">
     <span class='ocr_line' id='line_1_67' title="bbox 191 3525 1782 3591; baseline -0.003 -6"><span class='ocrx_word' id='word_1_502' title='bbox 191 3529 444 3585; x_wconf 70' lang='grc' dir='ltr'>έκτειναν</span> <span class='ocrx_word' id='word_1_503' title='bbox 464 3547 478 3560; x_wconf 92' lang='grc'><strong>·</strong></span> <span class='ocrx_word' id='word_1_504' title='bbox 506 3528 592 3583; x_wconf 82' lang='grc' dir='ltr'>ὅτι</span> <span class='ocrx_word' id='word_1_505' title='bbox 630 3529 777 3591; x_wconf 79' lang='grc' dir='ltr'>τινὲς</span> <span class='ocrx_word' id='word_1_506' title='bbox 808 3527 1022 3582; x_wconf 76' lang='grc' dir='ltr'>ἔσονται</span> <span class='ocrx_word' id='word_1_507' title='bbox 1048 3528 1098 3580; x_wconf 86' lang='grc' dir='ltr'>οἱ</span> <span class='ocrx_word' id='word_1_508' title='bbox 1129 3525 1540 3591; x_wconf 78' lang='grc' dir='ltr'>ἐξουθενοῦντες</span> <span class='ocrx_word' id='word_1_509' title='bbox 1574 3527 1667 3580; x_wconf 86' lang='grc' dir='ltr'>τὸν</span> <span class='ocrx_word' id='word_1_510' title='bbox 1694 3527 1782 3581; x_wconf 89' lang='grc' dir='ltr'>νό-</span> 
     </span>
    </p>
   </div>
   <div class='ocr_carea' id='block_1_68' title="bbox 192 3618 1783 3694">
    <p class='ocr_par' dir='ltr' id='par_1_68' title="bbox 192 3618 1783 3694">
     <span class='ocr_line' id='line_1_68' title="bbox 192 3618 1783 3694; baseline -0.001 -20"><span class='ocrx_word' id='word_1_511' title='bbox 192 3639 296 3694; x_wconf 79' lang='grc' dir='ltr'>μον</span> <span class='ocrx_word' id='word_1_512' title='bbox 321 3620 419 3675; x_wconf 87' lang='grc' dir='ltr'>τοῦ</span> <span class='ocrx_word' id='word_1_513' title='bbox 449 3619 680 3693; x_wconf 82' lang='grc' dir='ltr'>Κυρίου,</span> <span class='ocrx_word' id='word_1_514' title='bbox 711 3620 802 3673; x_wconf 88' lang='grc' dir='ltr'>καί</span> <span class='ocrx_word' id='word_1_515' title='bbox 819 3637 963 3685; x_wconf 90' lang='grc' dir='ltr'>τινες</span> <span class='ocrx_word' id='word_1_516' title='bbox 1005 3621 1054 3674; x_wconf 87' lang='grc' dir='ltr'>οἱ</span> <span class='ocrx_word' id='word_1_517' title='bbox 1085 3618 1453 3688; x_wconf 79' lang='grc' dir='ltr'>ὑποταγέντες</span> <span class='ocrx_word' id='word_1_518' title='bbox 1496 3618 1667 3690; x_wconf 79' lang='grc' dir='ltr'>αὐτῷ·</span> <span class='ocrx_word' id='word_1_519' title='bbox 1700 3619 1783 3672; x_wconf 85' lang='grc' dir='ltr'>ὅτι</span> 
     </span>
    </p>
   </div>
   <div class='ocr_carea' id='block_1_69' title="bbox 189 3713 1783 3787">
    <p class='ocr_par' dir='ltr' id='par_1_69' title="bbox 189 3713 1783 3787">
     <span class='ocr_line' id='line_1_69' title="bbox 189 3713 1783 3787; baseline -0.002 -17"><span class='ocrx_word' id='word_1_520' title='bbox 189 3716 315 3770; x_wconf 73' lang='grc' dir='ltr'>οὐδὲ</span> <span class='ocrx_word' id='word_1_521' title='bbox 362 3714 606 3787; x_wconf 83' lang='grc' dir='ltr'>πλήθους</span> <span class='ocrx_word' id='word_1_522' title='bbox 660 3713 1001 3768; x_wconf 89' lang='grc' dir='ltr'>ἀσεϐούντων</span> <span class='ocrx_word' id='word_1_523' title='bbox 1057 3715 1137 3776; x_wconf 80' lang='grc' dir='ltr'>εἰς</span> <span class='ocrx_word' id='word_1_524' title='bbox 1168 3713 1404 3784; x_wconf 82' lang='grc' dir='ltr'>Χριστὸν</span> <span class='ocrx_word' id='word_1_525' title='bbox 1465 3713 1710 3782; x_wconf 86' lang='grc' dir='ltr'>φείσεται</span> <span class='ocrx_word' id='word_1_526' title='bbox 1753 3714 1783 3767; x_wconf 89' lang='lat'>6</span> 
     </span>
    </p>
   </div>
   <div class='ocr_carea' id='block_1_70' title="bbox 190 3804 1821 3879">
    <p class='ocr_par' dir='ltr' id='par_1_70' title="bbox 190 3804 1821 3879">
     <span class='ocr_line' id='line_1_70' title="bbox 190 3804 1821 3879; baseline 0.001 -20"><span class='ocrx_word' id='word_1_527' title='bbox 190 3807 347 3871; x_wconf 82' lang='grc' dir='ltr'>Θεός.</span> <span class='ocrx_word' id='word_1_528' title='bbox 392 3807 545 3870; x_wconf 82' lang='grc' dir='ltr'>Ἐνὸς</span> <span class='ocrx_word' id='word_1_529' title='bbox 575 3806 686 3879; x_wconf 84' lang='grc' dir='ltr'>γὰρ</span> <span class='ocrx_word' id='word_1_530' title='bbox 730 3806 938 3861; x_wconf 86' lang='grc' dir='ltr'>δικαίου</span> <span class='ocrx_word' id='word_1_531' title='bbox 993 3806 1345 3870; x_wconf 88' lang='grc' dir='ltr'>πιστεύοντος</span> <span class='ocrx_word' id='word_1_532' title='bbox 1371 3804 1595 3877; x_wconf 83' lang='grc' dir='ltr'>Χριστῷ</span> <span class='ocrx_word' id='word_1_533' title='bbox 1628 3805 1781 3877; x_wconf 83' lang='grc' dir='ltr'>μέλει</span> <span class='ocrx_word' id='word_1_534' title='bbox 1818 3868 1821 3871; x_wconf 96' lang='lat'><em>_</em></span> 
     </span>
    </p>
   </div>
   <div class='ocr_carea' id='block_1_71' title="bbox 190 3897 1778 3973">
    <p class='ocr_par' dir='ltr' id='par_1_71' title="bbox 190 3897 1778 3973">
     <span class='ocr_line' id='line_1_71' title="bbox 190 3897 1778 3973; baseline -0.001 -20"><span class='ocrx_word' id='word_1_535' title='bbox 190 3899 272 3973; x_wconf 80' lang='grc' dir='ltr'>τῷ</span> <span class='ocrx_word' id='word_1_536' title='bbox 299 3899 445 3971; x_wconf 80' lang='grc' dir='ltr'>Θεῷ,</span> <span class='ocrx_word' id='word_1_537' title='bbox 481 3898 586 3953; x_wconf 73' lang='grc' dir='ltr'>κᾶν</span> <span class='ocrx_word' id='word_1_538' title='bbox 629 3899 751 3963; x_wconf 87' lang='grc' dir='ltr'>νέος</span> <span class='ocrx_word' id='word_1_539' title='bbox 780 3898 1048 3972; x_wconf 85' lang='grc' dir='ltr'>ἀποθάνῃ.</span> <span class='ocrx_word' id='word_1_540' title='bbox 1084 3918 1102 3951; x_wconf 81' lang='grc' dir='ltr'>ι</span> <span class='ocrx_word' id='word_1_541' title='bbox 1142 3897 1328 3970; x_wconf 86' lang='grc' dir='ltr'>Γῆρας</span> <span class='ocrx_word' id='word_1_542' title='bbox 1359 3899 1469 3970; x_wconf 82' lang='grc' dir='ltr'>γὰρ</span> <span class='ocrx_word' id='word_1_543' title='bbox 1502 3898 1684 3969; x_wconf 90' lang='grc' dir='ltr'>τίμιον</span> <span class='ocrx_word' id='word_1_544' title='bbox 1718 3897 1778 3951; x_wconf 84' lang='grc' dir='ltr'>οὐ</span> 
     </span>
    </p>
   </div>
   <div class='ocr_carea' id='block_1_72' title="bbox 187 3989 1780 4063">
    <p class='ocr_par' dir='ltr' id='par_1_72' title="bbox 187 3989 1780 4063">
     <span class='ocr_line' id='line_1_72' title="bbox 187 3989 1780 4063; baseline -0.003 -16"><span class='ocrx_word' id='word_1_545' title='bbox 187 3992 255 4047; x_wconf 79' lang='grc' dir='ltr'>τὺ</span> <span class='ocrx_word' id='word_1_546' title='bbox 313 3992 688 4063; x_wconf 85' lang='grc' dir='ltr'>πολυχρόνιον.</span> <span class='ocrx_word' id='word_1_547' title='bbox 718 4010 738 4043; x_wconf 79' lang='grc' dir='ltr'>ι</span> <span class='ocrx_word' id='word_1_548' title='bbox 771 3992 836 4044; x_wconf 80' lang='lat' dir='ltr'>Et</span> <span class='ocrx_word' id='word_1_549' title='bbox 868 3991 964 4045; x_wconf 66' lang='lat' dir='ltr'>xui.</span> <span class='ocrx_word' id='word_1_550' title='bbox 1005 3990 1209 4062; x_wconf 82' lang='grc' dir='ltr'>ἀσεϐὴς</span> <span class='ocrx_word' id='word_1_551' title='bbox 1239 3989 1339 4062; x_wconf 87' lang='grc' dir='ltr'>τὴν</span> <span class='ocrx_word' id='word_1_552' title='bbox 1382 3990 1640 4061; x_wconf 83' lang='grc' dir='ltr'>τελευτὴν</span> <span class='ocrx_word' id='word_1_553' title='bbox 1684 3989 1780 4043; x_wconf 93' lang='grc' dir='ltr'>τοῦ</span> 
     </span>
    </p>
   </div>
   <div class='ocr_carea' id='block_1_73' title="bbox 191 4079 1781 4153">
    <p class='ocr_par' dir='ltr' id='par_1_73' title="bbox 191 4079 1781 4153">
     <span class='ocr_line' id='line_1_73' title="bbox 191 4079 1781 4153; baseline -0.001 -17"><span class='ocrx_word' id='word_1_554' title='bbox 191 4080 548 4145; x_wconf 77' lang='grc' dir='ltr'>πιστεύοντος</span> <span class='ocrx_word' id='word_1_555' title='bbox 604 4079 829 4153; x_wconf 85' lang='grc' dir='ltr'>Χριστῷ</span> <span class='ocrx_word' id='word_1_556' title='bbox 887 4079 1270 4146; x_wconf 81' lang='grc' dir='ltr'>έξουθένωσεν,</span> <span class='ocrx_word' id='word_1_557' title='bbox 1304 4079 1422 4135; x_wconf 85' lang='grc' dir='ltr'>ἀλλ’</span> <span class='ocrx_word' id='word_1_558' title='bbox 1465 4080 1781 4149; x_wconf 76' lang='grc' dir='ltr'>ἐκλέγονται</span> 
     </span>
    </p>
   </div>
   <div class='ocr_carea' id='block_1_74' title="bbox 190 4171 1784 4246">
    <p class='ocr_par' dir='ltr' id='par_1_74' title="bbox 190 4171 1784 4246">
     <span class='ocr_line' id='line_1_74' title="bbox 190 4171 1784 4246; baseline -0.001 -18"><span class='ocrx_word' id='word_1_559' title='bbox 190 4175 303 4233; x_wconf 77' lang='grc' dir='ltr'>ἀπὸ</span> <span class='ocrx_word' id='word_1_560' title='bbox 324 4172 590 4246; x_wconf 83' lang='grc' dir='ltr'>Χριστοῦ.</span> <span class='ocrx_word' id='word_1_561' title='bbox 625 4173 693 4228; x_wconf 86' lang='grc' dir='ltr'>Οί</span> <span class='ocrx_word' id='word_1_562' title='bbox 718 4172 935 4238; x_wconf 83' lang='grc' dir='ltr'>ἀσεϐεῖς</span> <span class='ocrx_word' id='word_1_563' title='bbox 965 4173 1148 4245; x_wconf 84' lang='grc' dir='ltr'>ἀτίμῳ</span> <span class='ocrx_word' id='word_1_564' title='bbox 1179 4172 1437 4245; x_wconf 83' lang='grc' dir='ltr'>πτώματι</span> <span class='ocrx_word' id='word_1_565' title='bbox 1477 4171 1784 4244; x_wconf 86' lang='grc' dir='ltr'>παραδοθή-</span> 
     </span>
    </p>
   </div>
   <div class='ocr_carea' id='block_1_75' title="bbox 192 4264 1781 4338">
    <p class='ocr_par' dir='ltr' id='par_1_75' title="bbox 192 4264 1781 4338">
     <span class='ocr_line' id='line_1_75' title="bbox 192 4264 1781 4338; baseline -0.003 -17"><span class='ocrx_word' id='word_1_566' title='bbox 192 4283 400 4331; x_wconf 76' lang='grc' dir='ltr'>σονται,</span> <span class='ocrx_word' id='word_1_567' title='bbox 414 4266 512 4319; x_wconf 80' lang='grc' dir='ltr'>καὶ</span> <span class='ocrx_word' id='word_1_568' title='bbox 530 4265 739 4337; x_wconf 80' lang='grc' dir='ltr'>μεγάλῃ</span> <span class='ocrx_word' id='word_1_569' title='bbox 757 4264 933 4338; x_wconf 90' lang='grc' dir='ltr'>κρίσει</span> <span class='ocrx_word' id='word_1_570' title='bbox 956 4264 1463 4338; x_wconf 85' lang='grc' dir='ltr'>καταϐληθήσονται</span> <span class='ocrx_word' id='word_1_571' title='bbox 1486 4267 1535 4318; x_wconf 91' lang='grc' dir='ltr'>οί</span> <span class='ocrx_word' id='word_1_572' title='bbox 1554 4264 1781 4321; x_wconf 74' lang='grc' dir='ltr'>διῶκπαι</span> 
     </span>
    </p>
   </div>
   <div class='ocr_carea' id='block_1_76' title="bbox 188 4356 1780 4430">
    <p class='ocr_par' dir='ltr' id='par_1_76' title="bbox 188 4356 1780 4430">
     <span class='ocr_line' id='line_1_76' title="bbox 188 4356 1780 4430; baseline -0.001 -19"><span class='ocrx_word' id='word_1_573' title='bbox 188 4356 303 4411; x_wconf 83' lang='grc' dir='ltr'>τῶν</span> <span class='ocrx_word' id='word_1_574' title='bbox 352 4356 451 4411; x_wconf 83' lang='grc' dir='ltr'>τοῦ</span> <span class='ocrx_word' id='word_1_575' title='bbox 485 4357 724 4429; x_wconf 89' lang='grc' dir='ltr'>Χριστοῦ</span> <span class='ocrx_word' id='word_1_576' title='bbox 760 4356 960 4410; x_wconf 89' lang='grc' dir='ltr'>δούλων</span> <span class='ocrx_word' id='word_1_577' title='bbox 1007 4359 1064 4411; x_wconf 83' lang='grc' dir='ltr'>ὲν</span> <span class='ocrx_word' id='word_1_578' title='bbox 1103 4360 1172 4430; x_wconf 80' lang='grc' dir='ltr'>τῇ</span> <span class='ocrx_word' id='word_1_579' title='bbox 1216 4357 1416 4428; x_wconf 90' lang='grc' dir='ltr'>κρίσει,</span> <span class='ocrx_word' id='word_1_580' title='bbox 1455 4356 1654 4421; x_wconf 84' lang='grc' dir='ltr'>ἰδόντες</span> <span class='ocrx_word' id='word_1_581' title='bbox 1680 4356 1780 4427; x_wconf 83' lang='grc' dir='ltr'>τὴν</span> 
     </span>
    </p>
   </div>
   <div class='ocr_carea' id='block_1_77' title="bbox 188 4446 1775 4515">
    <p class='ocr_par' dir='ltr' id='par_1_77' title="bbox 188 4446 1775 4515">
     <span class='ocr_line' id='line_1_77' title="bbox 188 4446 1775 4515; baseline 0.001 -13"><span class='ocrx_word' id='word_1_582' title='bbox 188 4447 349 4515; x_wconf 77' lang='grc' dir='ltr'>δόξαν</span> <span class='ocrx_word' id='word_1_583' title='bbox 404 4447 575 4501; x_wconf 80' lang='grc' dir='ltr'>αὐτοῦ</span> <span class='ocrx_word' id='word_1_584' title='bbox 630 4448 726 4501; x_wconf 79' lang='grc' dir='ltr'>καὶ</span> <span class='ocrx_word' id='word_1_585' title='bbox 778 4447 979 4512; x_wconf 82' lang='grc' dir='ltr'>αὐτῶν,</span> <span class='ocrx_word' id='word_1_586' title='bbox 1027 4448 1123 4503; x_wconf 70' lang='grc' dir='ltr'>καὶ</span> <span class='ocrx_word' id='word_1_587' title='bbox 1164 4449 1392 4511; x_wconf 80' lang='grc' dir='ltr'>ἑαυτοὺς</span> <span class='ocrx_word' id='word_1_588' title='bbox 1424 4448 1503 4511; x_wconf 83' lang='grc' dir='ltr'>εἰς</span> <span class='ocrx_word' id='word_1_589' title='bbox 1532 4446 1775 4504; x_wconf 80' lang='grc' dir='ltr'>κόλασιν.</span> 
     </span>
    </p>
   </div>
   <div class='ocr_carea' id='block_1_78' title="bbox 1889 3227 3468 3306">
    <p class='ocr_par' dir='ltr' id='par_1_78' title="bbox 1889 3227 3468 3306">
     <span class='ocr_line' id='line_1_78' title="bbox 1889 3227 3468 3306; baseline -0.009 -12"><span class='ocrx_word' id='word_1_590' title='bbox 1889 3239 2084 3294; x_wconf 90' lang='lat' dir='ltr'><strong>hensio</strong></span> <span class='ocrx_word' id='word_1_591' title='bbox 2132 3236 2286 3306; x_wconf 89' lang='lat' dir='ltr'><strong>impii</strong></span> <span class='ocrx_word' id='word_1_592' title='bbox 2336 3232 2663 3303; x_wconf 87' lang='lat' dir='ltr'><strong>blasphemi.</strong></span> <span class='ocrx_word' id='word_1_593' title='bbox 2695 3251 2714 3283; x_wconf 78' lang='grc' dir='ltr'>ι</span> <span class='ocrx_word' id='word_1_594' title='bbox 2750 3230 2828 3287; x_wconf 86' lang='grc' dir='ltr'>Νε</span> <span class='ocrx_word' id='word_1_595' title='bbox 2871 3230 3165 3294; x_wconf 86' lang='lat' dir='ltr'><strong>aemuleris,</strong></span> <span class='ocrx_word' id='word_1_596' title='bbox 3208 3247 3227 3280; x_wconf 74' lang='grc' dir='ltr'>ι</span> <span class='ocrx_word' id='word_1_597' title='bbox 3268 3227 3468 3298; x_wconf 86' lang='lat' dir='ltr'><strong>inquit,</strong></span> 
     </span>
    </p>
   </div>
   <div class='ocr_carea' id='block_1_79' title="bbox 1895 3320 3467 3399">
    <p class='ocr_par' dir='ltr' id='par_1_79' title="bbox 1895 3320 3467 3399">
     <span class='ocr_line' id='line_1_79' title="bbox 1895 3320 3467 3399; baseline -0.007 -15"><span class='ocrx_word' id='word_1_598' title='bbox 1895 3350 1914 3384; x_wconf 78' lang='grc' dir='ltr'>ι</span> <span class='ocrx_word' id='word_1_599' title='bbox 1951 3330 2343 3395; x_wconf 86' lang='lat' dir='ltr'><strong>Antichristos,</strong></span> <span class='ocrx_word' id='word_1_600' title='bbox 2376 3327 2471 3399; x_wconf 89' lang='lat' dir='ltr'><strong>qui</strong></span> <span class='ocrx_word' id='word_1_601' title='bbox 2512 3334 2641 3384; x_wconf 91' lang='lat' dir='ltr'><strong>sunt</strong></span> <span class='ocrx_word' id='word_1_602' title='bbox 2670 3325 2789 3396; x_wconf 87' lang='lat' dir='ltr'><strong>ipsa</strong></span> <span class='ocrx_word' id='word_1_603' title='bbox 2821 3339 2989 3378; x_wconf 85' lang='lat' dir='ltr'><strong>mors.</strong></span> <span class='ocrx_word' id='word_1_604' title='bbox 3033 3343 3052 3375; x_wconf 75' lang='grc' dir='ltr'>ι</span> <span class='ocrx_word' id='word_1_605' title='bbox 3084 3320 3240 3377; x_wconf 85' lang='lat' dir='ltr'><strong>Unde</strong></span> <span class='ocrx_word' id='word_1_606' title='bbox 3264 3320 3467 3375; x_wconf 78' lang='lat' dir='ltr'><strong>factum</strong></span> 
     </span>
    </p>
   </div>
   <div class='ocr_carea' id='block_1_80' title="bbox 1887 3413 3472 3492">
    <p class='ocr_par' dir='ltr' id='par_1_80' title="bbox 1887 3413 3472 3492">
     <span class='ocr_line' id='line_1_80' title="bbox 1887 3413 3472 3492; baseline -0.009 -12"><span class='ocrx_word' id='word_1_607' title='bbox 1887 3424 1980 3488; x_wconf 80' lang='lat' dir='ltr'><strong>sit,</strong></span> <span class='ocrx_word' id='word_1_608' title='bbox 2011 3422 2156 3492; x_wconf 92' lang='lat' dir='ltr'><strong>quod</strong></span> <span class='ocrx_word' id='word_1_609' title='bbox 2189 3421 2341 3490; x_wconf 87' lang='lat' dir='ltr'><strong>impii</strong></span> <span class='ocrx_word' id='word_1_610' title='bbox 2385 3434 2451 3475; x_wconf 91' lang='lat' dir='ltr'><strong>eo</strong></span> <span class='ocrx_word' id='word_1_611' title='bbox 2480 3417 2832 3482; x_wconf 88' lang='lat' dir='ltr'><strong>devenerint,</strong></span> <span class='ocrx_word' id='word_1_612' title='bbox 2864 3421 2926 3469; x_wconf 92' lang='lat' dir='ltr'>ut</span> <span class='ocrx_word' id='word_1_613' title='bbox 2964 3414 3252 3469; x_wconf 90' lang='lat' dir='ltr'><strong>Dominum</strong></span> <span class='ocrx_word' id='word_1_614' title='bbox 3285 3413 3472 3483; x_wconf 67' lang='lat' dir='ltr'><strong>gloria</strong></span> 
     </span>
    </p>
   </div>
   <div class='ocr_carea' id='block_1_81' title="bbox 1888 3504 3470 3585">
    <p class='ocr_par' dir='ltr' id='par_1_81' title="bbox 1888 3504 3470 3585">
     <span class='ocr_line' id='line_1_81' title="bbox 1888 3504 3470 3585; baseline -0.006 -16"><span class='ocrx_word' id='word_1_615' title='bbox 1888 3513 2291 3585; x_wconf 83' lang='lat' dir='ltr'><strong>cruciﬁgerent,</strong></span> <span class='ocrx_word' id='word_1_616' title='bbox 2326 3511 2457 3566; x_wconf 92' lang='lat' dir='ltr'>dum</span> <span class='ocrx_word' id='word_1_617' title='bbox 2510 3524 2752 3581; x_wconf 84' lang='lat' dir='ltr'><strong>praesens</strong></span> <span class='ocrx_word' id='word_1_618' title='bbox 2808 3506 3073 3564; x_wconf 82' lang='lat' dir='ltr'><strong>saeculum</strong></span> <span class='ocrx_word' id='word_1_619' title='bbox 3113 3506 3190 3559; x_wconf 89' lang='lat' dir='ltr'><strong>illi</strong></span> <span class='ocrx_word' id='word_1_620' title='bbox 3230 3504 3470 3560; x_wconf 83' lang='lat' dir='ltr'><strong>antefer-</strong></span> 
     </span>
    </p>
   </div>
   <div class='ocr_carea' id='block_1_82' title="bbox 1888 3597 3472 3674">
    <p class='ocr_par' dir='ltr' id='par_1_82' title="bbox 1888 3597 3472 3674">
     <span class='ocr_line' id='line_1_82' title="bbox 1888 3597 3472 3674; baseline -0.004 -16"><span class='ocrx_word' id='word_1_621' title='bbox 1888 3612 2041 3671; x_wconf 90' lang='lat' dir='ltr'><strong>rent;</strong></span> <span class='ocrx_word' id='word_1_622' title='bbox 2076 3603 2220 3674; x_wconf 92' lang='lat' dir='ltr'><strong>quod</strong></span> <span class='ocrx_word' id='word_1_623' title='bbox 2254 3602 2359 3674; x_wconf 90' lang='lat' dir='ltr'><strong>ipsi</strong></span> <span class='ocrx_word' id='word_1_624' title='bbox 2412 3601 2708 3672; x_wconf 89' lang='lat' dir='ltr'><strong>Apostolos</strong></span> <span class='ocrx_word' id='word_1_625' title='bbox 2756 3600 3031 3670; x_wconf 90' lang='lat' dir='ltr'><strong>persecuti</strong></span> <span class='ocrx_word' id='word_1_626' title='bbox 3090 3599 3200 3653; x_wconf 89' lang='lat' dir='ltr'><strong>sint</strong></span> <span class='ocrx_word' id='word_1_627' title='bbox 3240 3607 3293 3653; x_wconf 90' lang='lat' dir='ltr'>et</span> <span class='ocrx_word' id='word_1_628' title='bbox 3321 3597 3472 3652; x_wconf 84' lang='lat' dir='ltr'><strong>oeci-</strong></span> 
     </span>
    </p>
   </div>
   <div class='ocr_carea' id='block_1_83' title="bbox 1888 3685 3468 3764">
    <p class='ocr_par' dir='ltr' id='par_1_83' title="bbox 1888 3685 3468 3764">
     <span class='ocr_line' id='line_1_83' title="bbox 1888 3685 3468 3764; baseline -0.007 -14"><span class='ocrx_word' id='word_1_629' title='bbox 1888 3694 2099 3761; x_wconf 90' lang='lat' dir='ltr'><strong>derint;</strong></span> <span class='ocrx_word' id='word_1_630' title='bbox 2130 3692 2273 3764; x_wconf 89' lang='lat' dir='ltr'><strong>quod</strong></span> <span class='ocrx_word' id='word_1_631' title='bbox 2304 3691 2477 3747; x_wconf 81' lang='lat' dir='ltr'><strong>futuri</strong></span> <span class='ocrx_word' id='word_1_632' title='bbox 2509 3690 2622 3747; x_wconf 92' lang='lat' dir='ltr'><strong>sint</strong></span> <span class='ocrx_word' id='word_1_633' title='bbox 2643 3690 2889 3761; x_wconf 88' lang='lat' dir='ltr'><strong>quidam,</strong></span> <span class='ocrx_word' id='word_1_634' title='bbox 2921 3688 3017 3759; x_wconf 85' lang='lat' dir='ltr'>qui</span> <span class='ocrx_word' id='word_1_635' title='bbox 3046 3687 3219 3758; x_wconf 81' lang='lat' dir='ltr'><strong>legem</strong></span> <span class='ocrx_word' id='word_1_636' title='bbox 3251 3685 3468 3742; x_wconf 88' lang='lat' dir='ltr'><strong>Domini</strong></span> 
     </span>
    </p>
   </div>
   <div class='ocr_carea' id='block_1_84' title="bbox 1889 3780 3471 3856">
    <p class='ocr_par' dir='ltr' id='par_1_84' title="bbox 1889 3780 3471 3856">
     <span class='ocr_line' id='line_1_84' title="bbox 1889 3780 3471 3856; baseline -0.006 -14"><span class='ocrx_word' id='word_1_637' title='bbox 1889 3793 2264 3851; x_wconf 89' lang='lat' dir='ltr'><strong>contemnant,</strong></span> <span class='ocrx_word' id='word_1_638' title='bbox 2296 3783 2520 3856; x_wconf 88' lang='lat' dir='ltr'><strong>quidam</strong></span> <span class='ocrx_word' id='word_1_639' title='bbox 2565 3797 2698 3838; x_wconf 87' lang='lat' dir='ltr'><strong>vero</strong></span> <span class='ocrx_word' id='word_1_640' title='bbox 2738 3781 2853 3848; x_wconf 89' lang='lat' dir='ltr'><strong>alii,</strong></span> <span class='ocrx_word' id='word_1_641' title='bbox 2884 3782 2976 3851; x_wconf 90' lang='lat' dir='ltr'>qui</span> <span class='ocrx_word' id='word_1_642' title='bbox 3010 3780 3088 3837; x_wconf 87' lang='lat' dir='ltr'><strong>illi</strong></span> <span class='ocrx_word' id='word_1_643' title='bbox 3116 3780 3471 3837; x_wconf 81' lang='lat' dir='ltr'><strong>sint,obtem-</strong></span> 
     </span>
    </p>
   </div>
   <div class='ocr_carea' id='block_1_85' title="bbox 1888 3869 3489 3951">
    <p class='ocr_par' dir='ltr' id='par_1_85' title="bbox 1888 3869 3489 3951">
     <span class='ocr_line' id='line_1_85' title="bbox 1888 3869 3489 3951; baseline -0.006 -17"><span class='ocrx_word' id='word_1_644' title='bbox 1888 3877 2248 3951; x_wconf 87' lang='lat' dir='ltr'><strong>peraturi;et</strong></span> <span class='ocrx_word' id='word_1_645' title='bbox 2322 3874 2470 3946; x_wconf 91' lang='lat' dir='ltr'><strong>quod</strong></span> <span class='ocrx_word' id='word_1_646' title='bbox 2529 3872 2673 3929; x_wconf 91' lang='lat' dir='ltr'><strong>Deus</strong></span> <span class='ocrx_word' id='word_1_647' title='bbox 2728 3889 2798 3927; x_wconf 92' lang='lat' dir='ltr'><strong>ne</strong></span> <span class='ocrx_word' id='word_1_648' title='bbox 2847 3870 3188 3927; x_wconf 89' lang='lat' dir='ltr'><strong>multitudini</strong></span> <span class='ocrx_word' id='word_1_649' title='bbox 3249 3869 3489 3941; x_wconf 77' lang='lat' dir='ltr'><strong>quidem.</strong></span> 
     </span>
    </p>
   </div>
   <div class='ocr_carea' id='block_1_86' title="bbox 1886 3966 3491 4041">
    <p class='ocr_par' dir='ltr' id='par_1_86' title="bbox 1886 3966 3491 4041">
     <span class='ocr_line' id='line_1_86' title="bbox 1886 3966 3491 4041; baseline -0.003 -13"><span class='ocrx_word' id='word_1_650' title='bbox 1886 3987 2101 4037; x_wconf 89' lang='lat' dir='ltr'><strong>eorum,</strong></span> <span class='ocrx_word' id='word_1_651' title='bbox 2136 3970 2231 4041; x_wconf 88' lang='lat' dir='ltr'>qui</span> <span class='ocrx_word' id='word_1_652' title='bbox 2262 3968 2427 4040; x_wconf 87' lang='lat' dir='ltr'><strong>impie</strong></span> <span class='ocrx_word' id='word_1_653' title='bbox 2458 3969 2518 4022; x_wconf 90' lang='lat' dir='ltr'>in</span> <span class='ocrx_word' id='word_1_654' title='bbox 2545 3966 2823 4023; x_wconf 86' lang='lat' dir='ltr'><strong>Christum</strong></span> <span class='ocrx_word' id='word_1_655' title='bbox 2860 3973 3047 4038; x_wconf 80' lang='lat' dir='ltr'><strong>agunt,</strong></span> <span class='ocrx_word' id='word_1_656' title='bbox 3075 3966 3148 4020; x_wconf 91' lang='lat' dir='ltr'><strong>sit</strong></span> <span class='ocrx_word' id='word_1_657' title='bbox 3180 3979 3491 4036; x_wconf 85' lang='lat' dir='ltr'><strong>parsurus..</strong></span> 
     </span>
    </p>
   </div>
   <div class='ocr_carea' id='block_1_87' title="bbox 1889 4055 3474 4129">
    <p class='ocr_par' dir='ltr' id='par_1_87' title="bbox 1889 4055 3474 4129">
     <span class='ocr_line' id='line_1_87' title="bbox 1889 4055 3474 4129; baseline -0.006 -11"><span class='ocrx_word' id='word_1_658' title='bbox 1889 4062 2102 4118; x_wconf 88' lang='lat' dir='ltr'><strong>Etenim</strong></span> <span class='ocrx_word' id='word_1_659' title='bbox 2156 4060 2322 4116; x_wconf 90' lang='lat' dir='ltr'><strong>unius</strong></span> <span class='ocrx_word' id='word_1_660' title='bbox 2369 4058 2530 4129; x_wconf 86' lang='lat' dir='ltr'><strong>justi,</strong></span> <span class='ocrx_word' id='word_1_661' title='bbox 2579 4055 2800 4115; x_wconf 79' lang='lat' dir='ltr'><strong>Christo</strong></span> <span class='ocrx_word' id='word_1_662' title='bbox 2849 4056 3146 4122; x_wconf 87' lang='lat' dir='ltr'><strong>credentis,</strong></span> <span class='ocrx_word' id='word_1_663' title='bbox 3202 4070 3337 4111; x_wconf 90' lang='lat' dir='ltr'><strong>cura</strong></span> <span class='ocrx_word' id='word_1_664' title='bbox 3385 4061 3474 4110; x_wconf 84' lang='lat' dir='ltr'>est</span> 
     </span>
    </p>
   </div>
   <div class='ocr_carea' id='block_1_88' title="bbox 1893 4144 3475 4226">
    <p class='ocr_par' dir='ltr' id='par_1_88' title="bbox 1893 4144 3475 4226">
     <span class='ocr_line' id='line_1_88' title="bbox 1893 4144 3475 4226; baseline -0.005 -17"><span class='ocrx_word' id='word_1_665' title='bbox 1893 4155 2051 4226; x_wconf 77' lang='lat'><strong>132</strong></span> <span class='ocrx_word' id='word_1_666' title='bbox 2082 4153 2215 4220; x_wconf 91' lang='lat' dir='ltr'><strong>Deo,</strong></span> <span class='ocrx_word' id='word_1_667' title='bbox 2269 4151 2494 4209; x_wconf 82' lang='lat' dir='ltr'><strong>etiamsi</strong></span> <span class='ocrx_word' id='word_1_668' title='bbox 2518 4153 2575 4209; x_wconf 91' lang='lat' dir='ltr'><strong>in</strong></span> <span class='ocrx_word' id='word_1_669' title='bbox 2602 4149 2975 4209; x_wconf 87' lang='lat' dir='ltr'><strong>adolescentia</strong></span> <span class='ocrx_word' id='word_1_670' title='bbox 3007 4148 3299 4202; x_wconf 88' lang='lat' dir='ltr'><strong>moriatur.</strong></span> <span class='ocrx_word' id='word_1_671' title='bbox 3331 4163 3350 4197; x_wconf 80' lang='grc' dir='ltr'>ι</span> <span class='ocrx_word' id='word_1_672' title='bbox 3381 4144 3475 4201; x_wconf 79' lang='lat' dir='ltr'>Se-</span> 
     </span>
    </p>
   </div>
   <div class='ocr_carea' id='block_1_89' title="bbox 1887 4240 3525 4319">
    <p class='ocr_par' dir='ltr' id='par_1_89' title="bbox 1887 4240 3525 4319">
     <span class='ocr_line' id='line_1_89' title="bbox 1887 4240 3525 4319; baseline -0.01 -13"><span class='ocrx_word' id='word_1_673' title='bbox 1887 4257 2085 4306; x_wconf 91' lang='lat' dir='ltr'><strong>nectus</strong></span> <span class='ocrx_word' id='word_1_674' title='bbox 2124 4248 2325 4319; x_wconf 89' lang='lat' dir='ltr'><strong>quippe</strong></span> <span class='ocrx_word' id='word_1_675' title='bbox 2371 4245 2702 4301; x_wconf 81' lang='lat' dir='ltr'><strong>venerabilis</strong></span> <span class='ocrx_word' id='word_1_676' title='bbox 2744 4250 2850 4307; x_wconf 90' lang='lat' dir='ltr'><strong>est,</strong></span> <span class='ocrx_word' id='word_1_677' title='bbox 2898 4257 3010 4296; x_wconf 91' lang='lat' dir='ltr'><strong>non</strong></span> <span class='ocrx_word' id='word_1_678' title='bbox 3057 4240 3400 4295; x_wconf 74' lang='lat' dir='ltr'><strong>diuturna“.</strong></span> <span class='ocrx_word' id='word_1_679' title='bbox 3446 4258 3468 4291; x_wconf 75' lang='grc' dir='ltr'>ι</span> <span class='ocrx_word' id='word_1_680' title='bbox 3520 4288 3525 4297; x_wconf 90' lang='grc'>,</span> 
     </span>
    </p>
   </div>
   <div class='ocr_carea' id='block_1_90' title="bbox 1888 4332 3474 4413">
    <p class='ocr_par' dir='ltr' id='par_1_90' title="bbox 1888 4332 3474 4413">
     <span class='ocr_line' id='line_1_90' title="bbox 1888 4332 3474 4413; baseline -0.007 -16"><span class='ocrx_word' id='word_1_681' title='bbox 1888 4342 1956 4397; x_wconf 87' lang='grc' dir='ltr'>Ει</span> <span class='ocrx_word' id='word_1_682' title='bbox 1986 4343 2033 4400; x_wconf 82' lang='lat' dir='ltr'>si</span> <span class='ocrx_word' id='word_1_683' title='bbox 2064 4341 2265 4413; x_wconf 82' lang='lat' dir='ltr'><strong>impius</strong></span> <span class='ocrx_word' id='word_1_684' title='bbox 2298 4347 2530 4394; x_wconf 88' lang='lat' dir='ltr'><strong>mortem</strong></span> <span class='ocrx_word' id='word_1_685' title='bbox 2562 4338 2703 4408; x_wconf 88' lang='lat' dir='ltr'><strong>ejus,</strong></span> <span class='ocrx_word' id='word_1_686' title='bbox 2726 4337 2820 4407; x_wconf 90' lang='lat' dir='ltr'>qui</span> <span class='ocrx_word' id='word_1_687' title='bbox 2858 4333 3080 4391; x_wconf 87' lang='lat' dir='ltr'><strong>Christo</strong></span> <span class='ocrx_word' id='word_1_688' title='bbox 3105 4332 3300 4400; x_wconf 87' lang='lat' dir='ltr'><strong>credit,</strong></span> <span class='ocrx_word' id='word_1_689' title='bbox 3340 4347 3474 4388; x_wconf 93' lang='lat' dir='ltr'><strong>con-</strong></span> 
     </span>
    </p>
   </div>
   <div class='ocr_carea' id='block_1_91' title="bbox 1888 4420 3476 4496">
    <p class='ocr_par' dir='ltr' id='par_1_91' title="bbox 1888 4420 3476 4496">
     <span class='ocr_line' id='line_1_91' title="bbox 1888 4420 3476 4496; baseline -0.006 -7"><span class='ocrx_word' id='word_1_690' title='bbox 1888 4432 2107 4496; x_wconf 88' lang='lat' dir='ltr'><strong>temnit,</strong></span> <span class='ocrx_word' id='word_1_691' title='bbox 2159 4446 2190 4486; x_wconf 91' lang='lat' dir='ltr'>a</span> <span class='ocrx_word' id='word_1_692' title='bbox 2247 4428 2468 4487; x_wconf 84' lang='lat' dir='ltr'><strong>Christo</strong></span> <span class='ocrx_word' id='word_1_693' title='bbox 2533 4435 2716 4482; x_wconf 89' lang='lat' dir='ltr'><strong>tamen</strong></span> <span class='ocrx_word' id='word_1_694' title='bbox 2764 4426 2903 4480; x_wconf 85' lang='lat' dir='ltr'><strong>tales</strong></span> <span class='ocrx_word' id='word_1_695' title='bbox 2957 4424 3257 4496; x_wconf 85' lang='lat' dir='ltr'><strong>eliguntur.</strong></span> <span class='ocrx_word' id='word_1_696' title='bbox 3314 4420 3476 4493; x_wconf 84' lang='lat' dir='ltr'><strong>lmpii</strong></span> 
     </span>
    </p>
   </div>
   <div class='ocr_carea' id='block_1_92' title="bbox 192 4515 1784 4612">
    <p class='ocr_par' dir='ltr' id='par_1_92' title="bbox 192 4539 1771 4612">
     <span class='ocr_line' id='line_1_92' title="bbox 192 4539 1771 4612; baseline -0.001 -16"><span class='ocrx_word' id='word_1_697' title='bbox 192 4543 319 4596; x_wconf 83' lang='grc' dir='ltr'>Ὅτι</span> <span class='ocrx_word' id='word_1_698' title='bbox 385 4540 619 4604; x_wconf 77' lang='grc' dir='ltr'>πλοῦτος</span> <span class='ocrx_word' id='word_1_699' title='bbox 656 4539 796 4611; x_wconf 80' lang='grc' dir='ltr'>μετὰ</span> <span class='ocrx_word' id='word_1_700' title='bbox 849 4540 1166 4606; x_wconf 79' lang='grc' dir='ltr'>ἀλαζονείας</span> <span class='ocrx_word' id='word_1_701' title='bbox 1213 4540 1585 4612; x_wconf 85' lang='grc' dir='ltr'>συμϐέϐληται</span> <span class='ocrx_word' id='word_1_702' title='bbox 1618 4542 1771 4610; x_wconf 80' lang='grc' dir='ltr'>ἡμῖν.</span> 
     </span>
    </p>
   </div>
   <div class='ocr_carea' id='block_1_93' title="bbox 1889 4515 3483 4612">
    <p class='ocr_par' dir='ltr' id='par_1_93' title="bbox 1889 4515 3483 4597">
     <span class='ocr_line' id='line_1_93' title="bbox 1889 4515 3483 4597; baseline -0.008 -15"><span class='ocrx_word' id='word_1_703' title='bbox 1889 4524 2265 4597; x_wconf 75' lang='lat' dir='ltr'><strong>ignominiosae</strong></span> <span class='ocrx_word' id='word_1_704' title='bbox 2284 4521 2461 4577; x_wconf 58' lang='lat' dir='ltr'><strong>ruina</strong></span> <span class='ocrx_word' id='word_1_705' title='bbox 2493 4518 2805 4586; x_wconf 87' lang='lat' dir='ltr'><strong>tradentur,</strong></span> <span class='ocrx_word' id='word_1_706' title='bbox 2835 4526 2888 4574; x_wconf 79' lang='lat' dir='ltr'>et</span> <span class='ocrx_word' id='word_1_707' title='bbox 2911 4516 3105 4588; x_wconf 79' lang='lat' dir='ltr'><strong>grandi</strong></span> <span class='ocrx_word' id='word_1_708' title='bbox 3140 4515 3483 4571; x_wconf 84' lang='lat' dir='ltr'><strong>cundemna-.</strong></span> 
     </span>
    </p>
   </div>
   <div class='ocr_carea' id='block_1_94' title="bbox 189 4632 1779 4707">
    <p class='ocr_par' dir='ltr' id='par_1_94' title="bbox 189 4632 1779 4707">
     <span class='ocr_line' id='line_1_94' title="bbox 189 4632 1779 4707; baseline -0.003 -18"><span class='ocrx_word' id='word_1_709' title='bbox 189 4635 290 4698; x_wconf 88' lang='grc' dir='ltr'>Τίς</span> <span class='ocrx_word' id='word_1_710' title='bbox 323 4633 466 4707; x_wconf 79' lang='grc' dir='ltr'>ὀργή</span> <span class='ocrx_word' id='word_1_711' title='bbox 508 4633 617 4687; x_wconf 88' lang='grc' dir='ltr'>τῶν</span> <span class='ocrx_word' id='word_1_712' title='bbox 654 4632 997 4687; x_wconf 83' lang='grc' dir='ltr'>ἀσεϐούντων</span> <span class='ocrx_word' id='word_1_713' title='bbox 1047 4634 1128 4697; x_wconf 86' lang='grc' dir='ltr'>είς</span> <span class='ocrx_word' id='word_1_714' title='bbox 1175 4633 1432 4705; x_wconf 88' lang='grc' dir='ltr'>Χριστόν.</span> <span class='ocrx_word' id='word_1_715' title='bbox 1483 4633 1779 4705; x_wconf 82' lang='grc' dir='ltr'>Προτροπὴ</span> 
     </span>
    </p>
   </div>
   <div class='ocr_carea' id='block_1_95' title="bbox 185 4724 1779 4798">
    <p class='ocr_par' dir='ltr' id='par_1_95' title="bbox 185 4724 1779 4798">
     <span class='ocr_line' id='line_1_95' title="bbox 185 4724 1779 4798; baseline -0.003 -16"><span class='ocrx_word' id='word_1_716' title='bbox 185 4731 304 4792; x_wconf 75' lang='grc' dir='ltr'>τοῖς</span> <span class='ocrx_word' id='word_1_717' title='bbox 374 4727 606 4798; x_wconf 76' lang='grc' dir='ltr'>ἄρχουσι</span> <span class='ocrx_word' id='word_1_718' title='bbox 636 4724 733 4780; x_wconf 85' lang='grc' dir='ltr'>τοῦ</span> <span class='ocrx_word' id='word_1_719' title='bbox 775 4725 1013 4797; x_wconf 80' lang='grc' dir='ltr'>Ἰσραὴλ,</span> <span class='ocrx_word' id='word_1_720' title='bbox 1043 4725 1185 4780; x_wconf 83' lang='grc' dir='ltr'>ὥστε</span> <span class='ocrx_word' id='word_1_721' title='bbox 1234 4725 1508 4779; x_wconf 88' lang='grc' dir='ltr'>πιστεύειν</span> <span class='ocrx_word' id='word_1_722' title='bbox 1534 4725 1779 4797; x_wconf 82' lang='grc' dir='ltr'>Χριστῷ,</span> 
     </span>
    </p>
   </div>
   <div class='ocr_carea' id='block_1_96' title="bbox 188 4817 1780 4893">
    <p class='ocr_par' dir='ltr' id='par_1_96' title="bbox 188 4817 1780 4893">
     <span class='ocr_line' id='line_1_96' title="bbox 188 4817 1780 4893; baseline 0.001 -21"><span class='ocrx_word' id='word_1_723' title='bbox 188 4820 397 4893; x_wconf 75' lang='grc' dir='ltr'>μᾶλλον</span> <span class='ocrx_word' id='word_1_724' title='bbox 456 4820 516 4873; x_wconf 79' lang='grc' dir='ltr'>δὲ</span> <span class='ocrx_word' id='word_1_725' title='bbox 566 4817 868 4890; x_wconf 85' lang='grc' dir='ltr'>παράθεσις</span> <span class='ocrx_word' id='word_1_726' title='bbox 893 4821 1008 4882; x_wconf 87' lang='grc' dir='ltr'>τοῖς</span> <span class='ocrx_word' id='word_1_727' title='bbox 1061 4818 1289 4891; x_wconf 79' lang='grc' dir='ltr'>ἄρχουσι</span> <span class='ocrx_word' id='word_1_728' title='bbox 1325 4818 1428 4889; x_wconf 81' lang='grc' dir='ltr'>τῆς</span> <span class='ocrx_word' id='word_1_729' title='bbox 1470 4818 1780 4890; x_wconf 83' lang='grc' dir='ltr'>Καθολικῆς</span> 
     </span>
    </p>
   </div>
   <div class='ocr_carea' id='block_1_97' title="bbox 198 4909 1779 4982">
    <p class='ocr_par' dir='ltr' id='par_1_97' title="bbox 198 4909 1779 4982">
     <span class='ocr_line' id='line_1_97' title="bbox 198 4909 1779 4982; baseline 0.001 -17"><span class='ocrx_word' id='word_1_730' title='bbox 198 4910 555 4982; x_wconf 81' lang='grc' dir='ltr'>Ἐκκλησίας,</span> <span class='ocrx_word' id='word_1_731' title='bbox 591 4911 711 4973; x_wconf 88' lang='grc' dir='ltr'>πῶς</span> <span class='ocrx_word' id='word_1_732' title='bbox 736 4909 925 4981; x_wconf 84' lang='grc' dir='ltr'>ἄρχειν</span> <span class='ocrx_word' id='word_1_733' title='bbox 956 4911 1038 4965; x_wconf 79' lang='grc' dir='ltr'>δεῖ</span> <span class='ocrx_word' id='word_1_734' title='bbox 1071 4911 1515 4982; x_wconf 82' lang='grc' dir='ltr'>ἀποστραφέντος</span> <span class='ocrx_word' id='word_1_735' title='bbox 1545 4910 1779 4967; x_wconf 73' lang='grc' dir='ltr'>ἐκείνου.</span> 
     </span>
    </p>
   </div>
   <div class='ocr_carea' id='block_1_98' title="bbox 186 5004 1782 5077">
    <p class='ocr_par' dir='ltr' id='par_1_98' title="bbox 186 5004 1782 5077">
     <span class='ocr_line' id='line_1_98' title="bbox 186 5004 1782 5077; baseline 0 -18"><span class='ocrx_word' id='word_1_736' title='bbox 186 5006 289 5070; x_wconf 84' lang='grc' dir='ltr'>Τίς</span> <span class='ocrx_word' id='word_1_737' title='bbox 336 5008 372 5077; x_wconf 84' lang='grc' dir='ltr'>ή</span> <span class='ocrx_word' id='word_1_738' title='bbox 433 5006 617 5075; x_wconf 85' lang='grc' dir='ltr'>σοφία,</span> <span class='ocrx_word' id='word_1_739' title='bbox 650 5008 680 5060; x_wconf 92' lang='lat'>6</span> <span class='ocrx_word' id='word_1_740' title='bbox 727 5006 858 5071; x_wconf 85' lang='grc' dir='ltr'>Υἱὸς</span> <span class='ocrx_word' id='word_1_741' title='bbox 900 5006 997 5061; x_wconf 90' lang='grc' dir='ltr'>τοῦ</span> <span class='ocrx_word' id='word_1_742' title='bbox 1028 5004 1197 5074; x_wconf 86' lang='grc' dir='ltr'>Θεοῦ;</span> <span class='ocrx_word' id='word_1_743' title='bbox 1231 5007 1344 5060; x_wconf 79' lang='grc' dir='ltr'>Καὶ</span> <span class='ocrx_word' id='word_1_744' title='bbox 1388 5005 1506 5070; x_wconf 85' lang='grc' dir='ltr'>πῶς</span> <span class='ocrx_word' id='word_1_745' title='bbox 1549 5007 1579 5059; x_wconf 90' lang='lat'>6</span> <span class='ocrx_word' id='word_1_746' title='bbox 1611 5004 1782 5075; x_wconf 81' lang='grc' dir='ltr'>Λόγος</span> 
     </span>
    </p>
   </div>
   <div class='ocr_carea' id='block_1_99' title="bbox 188 5095 1781 5171">
    <p class='ocr_par' dir='ltr' id='par_1_99' title="bbox 188 5095 1781 5171">
     <span class='ocr_line' id='line_1_99' title="bbox 188 5095 1781 5171; baseline 0 -21"><span class='ocrx_word' id='word_1_747' title='bbox 188 5097 331 5169; x_wconf 79' lang='grc' dir='ltr'>σὰρξ</span> <span class='ocrx_word' id='word_1_748' title='bbox 378 5097 596 5167; x_wconf 82' lang='grc' dir='ltr'>γέγονε,</span> <span class='ocrx_word' id='word_1_749' title='bbox 654 5100 749 5152; x_wconf 73' lang='grc' dir='ltr'>καὶ</span> <span class='ocrx_word' id='word_1_750' title='bbox 770 5099 1081 5171; x_wconf 80' lang='grc' dir='ltr'>ἐσκήνωσεν</span> <span class='ocrx_word' id='word_1_751' title='bbox 1133 5100 1190 5152; x_wconf 82' lang='grc' dir='ltr'>ὲν</span> <span class='ocrx_word' id='word_1_752' title='bbox 1242 5099 1395 5169; x_wconf 84' lang='grc' dir='ltr'>ἡμῖν.</span> <span class='ocrx_word' id='word_1_753' title='bbox 1445 5099 1568 5151; x_wconf 88' lang='grc' dir='ltr'>Ὅτι</span> <span class='ocrx_word' id='word_1_754' title='bbox 1625 5095 1781 5166; x_wconf 85' lang='grc' dir='ltr'>κάγὼ</span> 
     </span>
    </p>
   </div>
   <div class='ocr_carea' id='block_1_100' title="bbox 184 5185 1780 5261">
    <p class='ocr_par' dir='ltr' id='par_1_100' title="bbox 184 5185 1780 5261">
     <span class='ocr_line' id='line_1_100' title="bbox 184 5185 1780 5261; baseline -0.001 -21"><span class='ocrx_word' id='word_1_755' title='bbox 184 5186 533 5260; x_wconf 81' lang='grc' dir='ltr'>ὁμοιοπαθὴς</span> <span class='ocrx_word' id='word_1_756' title='bbox 560 5188 711 5258; x_wconf 78' lang='grc' dir='ltr'>ὑμῖν,</span> <span class='ocrx_word' id='word_1_757' title='bbox 736 5187 812 5242; x_wconf 84' lang='grc' dir='ltr'>ὢν</span> <span class='ocrx_word' id='word_1_758' title='bbox 853 5188 1162 5261; x_wconf 78' lang='grc' dir='ltr'>ἄνθρωπος,</span> <span class='ocrx_word' id='word_1_759' title='bbox 1201 5189 1268 5241; x_wconf 80' lang='grc' dir='ltr'>ὲκ</span> <span class='ocrx_word' id='word_1_760' title='bbox 1296 5186 1596 5251; x_wconf 88' lang='grc' dir='ltr'>κελεύσεως</span> <span class='ocrx_word' id='word_1_761' title='bbox 1646 5185 1780 5239; x_wconf 87' lang='grc' dir='ltr'>Θεοῦ</span> 
     </span>
    </p>
   </div>
   <div class='ocr_carea' id='block_1_101' title="bbox 186 5276 1780 5353">
    <p class='ocr_par' dir='ltr' id='par_1_101' title="bbox 186 5276 1780 5353">
     <span class='ocr_line' id='line_1_101' title="bbox 186 5276 1780 5353; baseline -0.001 -21"><span class='ocrx_word' id='word_1_762' title='bbox 186 5279 587 5350; x_wconf 73' lang='grc' dir='ltr'>πεπαίδευμαι.</span> <span class='ocrx_word' id='word_1_763' title='bbox 609 5280 748 5351; x_wconf 77' lang='grc' dir='ltr'>Περὶ</span> <span class='ocrx_word' id='word_1_764' title='bbox 776 5280 1035 5353; x_wconf 87' lang='grc' dir='ltr'>Χριστοῦ,</span> <span class='ocrx_word' id='word_1_765' title='bbox 1066 5283 1131 5352; x_wconf 83' lang='grc' dir='ltr'>τῇ</span> <span class='ocrx_word' id='word_1_766' title='bbox 1164 5279 1329 5351; x_wconf 81' lang='grc' dir='ltr'>σοφίᾳ</span> <span class='ocrx_word' id='word_1_767' title='bbox 1348 5279 1442 5332; x_wconf 90' lang='grc' dir='ltr'>τοῦ</span> <span class='ocrx_word' id='word_1_768' title='bbox 1466 5276 1623 5331; x_wconf 88' lang='grc' dir='ltr'>Θεοῦ.</span> <span class='ocrx_word' id='word_1_769' title='bbox 1656 5279 1780 5331; x_wconf 82' lang='grc' dir='ltr'>Ὅτι</span> 
     </span>
    </p>
   </div>
   <div class='ocr_carea' id='block_1_102' title="bbox 186 5368 1782 5444">
    <p class='ocr_par' dir='ltr' id='par_1_102' title="bbox 186 5368 1782 5444">
     <span class='ocr_line' id='line_1_102' title="bbox 186 5368 1782 5444; baseline -0.001 -20"><span class='ocrx_word' id='word_1_770' title='bbox 186 5370 412 5425; x_wconf 70' lang='grc' dir='ltr'>πάντων</span> <span class='ocrx_word' id='word_1_771' title='bbox 462 5371 565 5443; x_wconf 78' lang='grc' dir='ltr'>τὴν</span> <span class='ocrx_word' id='word_1_772' title='bbox 604 5371 806 5440; x_wconf 88' lang='grc' dir='ltr'>γνῶσιν</span> <span class='ocrx_word' id='word_1_773' title='bbox 825 5372 885 5439; x_wconf 78' lang='grc' dir='ltr'>ἐξ</span> <span class='ocrx_word' id='word_1_774' title='bbox 922 5373 1091 5444; x_wconf 83' lang='grc' dir='ltr'>αὐτῆς</span> <span class='ocrx_word' id='word_1_775' title='bbox 1139 5371 1315 5443; x_wconf 75' lang='grc' dir='ltr'>ἔσχον.</span> <span class='ocrx_word' id='word_1_776' title='bbox 1373 5372 1463 5425; x_wconf 87' lang='grc' dir='ltr'>Ἐν</span> <span class='ocrx_word' id='word_1_777' title='bbox 1502 5370 1610 5442; x_wconf 85' lang='grc' dir='ltr'>γὰρ</span> <span class='ocrx_word' id='word_1_778' title='bbox 1638 5368 1782 5441; x_wconf 75' lang='grc' dir='ltr'>χειρὶ</span> 
     </span>
    </p>
   </div>
   <div class='ocr_carea' id='block_1_103' title="bbox 187 5462 1783 5536">
    <p class='ocr_par' dir='ltr' id='par_1_103' title="bbox 187 5462 1783 5536">
     <span class='ocr_line' id='line_1_103' title="bbox 187 5462 1783 5536; baseline -0.001 -21"><span class='ocrx_word' id='word_1_779' title='bbox 187 5462 356 5516; x_wconf 70' lang='grc' dir='ltr'>αὐτοῦ</span> <span class='ocrx_word' id='word_1_780' title='bbox 384 5463 482 5516; x_wconf 79' lang='grc' dir='ltr'>καὶ</span> <span class='ocrx_word' id='word_1_781' title='bbox 504 5465 667 5534; x_wconf 82' lang='grc' dir='ltr'>ἡμεῖς</span> <span class='ocrx_word' id='word_1_782' title='bbox 688 5465 783 5518; x_wconf 73' lang='grc' dir='ltr'>καὶ</span> <span class='ocrx_word' id='word_1_783' title='bbox 810 5467 860 5518; x_wconf 76' lang='lat' dir='ltr'>ot</span> <span class='ocrx_word' id='word_1_784' title='bbox 888 5465 1037 5534; x_wconf 88' lang='grc' dir='ltr'>λόγοι</span> <span class='ocrx_word' id='word_1_785' title='bbox 1074 5464 1251 5536; x_wconf 88' lang='grc' dir='ltr'>ήμῶν.</span> <span class='ocrx_word' id='word_1_786' title='bbox 1282 5464 1379 5528; x_wconf 90' lang='grc' dir='ltr'>Τίς</span> <span class='ocrx_word' id='word_1_787' title='bbox 1411 5464 1445 5535; x_wconf 94' lang='grc' dir='ltr'>ή</span> <span class='ocrx_word' id='word_1_788' title='bbox 1480 5463 1661 5532; x_wconf 83' lang='grc' dir='ltr'>σοφία,</span> <span class='ocrx_word' id='word_1_789' title='bbox 1687 5462 1783 5515; x_wconf 74' lang='grc' dir='ltr'>καὶ</span> 
     </span>
    </p>
   </div>
   <div class='ocr_carea' id='block_1_104' title="bbox 189 5548 1783 5627">
    <p class='ocr_par' dir='ltr' id='par_1_104' title="bbox 189 5548 1783 5627">
     <span class='ocr_line' id='line_1_104' title="bbox 189 5548 1783 5627; baseline -0.001 -23"><span class='ocrx_word' id='word_1_790' title='bbox 189 5551 309 5615; x_wconf 84' lang='grc' dir='ltr'>πῶς</span> <span class='ocrx_word' id='word_1_791' title='bbox 336 5553 419 5615; x_wconf 84' lang='grc' dir='ltr'>εἰς</span> <span class='ocrx_word' id='word_1_792' title='bbox 450 5551 778 5624; x_wconf 80' lang='grc' dir='ltr'>ἀνθρώπους</span> <span class='ocrx_word' id='word_1_793' title='bbox 799 5549 931 5627; x_wconf 79' lang='grc' dir='ltr'>ἦλθε</span> <span class='ocrx_word' id='word_1_794' title='bbox 949 5571 962 5584; x_wconf 89' lang='grc'><strong>·</strong></span> <span class='ocrx_word' id='word_1_795' title='bbox 1000 5554 1099 5625; x_wconf 89' lang='grc' dir='ltr'>μία</span> <span class='ocrx_word' id='word_1_796' title='bbox 1121 5553 1230 5624; x_wconf 85' lang='grc' dir='ltr'>γὰρ</span> <span class='ocrx_word' id='word_1_797' title='bbox 1258 5548 1393 5607; x_wconf 80' lang='grc' dir='ltr'>οὖσα</span> <span class='ocrx_word' id='word_1_798' title='bbox 1423 5552 1604 5606; x_wconf 85' lang='grc' dir='ltr'>πάντα</span> <span class='ocrx_word' id='word_1_799' title='bbox 1623 5551 1783 5605; x_wconf 88' lang='grc' dir='ltr'>δύνα-</span> 
     </span>
    </p>
   </div>
   <div class='ocr_carea' id='block_1_105' title="bbox 187 5637 1781 5714">
    <p class='ocr_par' dir='ltr' id='par_1_105' title="bbox 187 5637 1781 5714">
     <span class='ocr_line' id='line_1_105' title="bbox 187 5637 1781 5714; baseline -0.002 -18"><span class='ocrx_word' id='word_1_800' title='bbox 187 5656 301 5706; x_wconf 78' lang='grc' dir='ltr'>ται,</span> <span class='ocrx_word' id='word_1_801' title='bbox 334 5641 432 5695; x_wconf 71' lang='grc' dir='ltr'>καὶ</span> <span class='ocrx_word' id='word_1_802' title='bbox 455 5639 694 5712; x_wconf 85' lang='grc' dir='ltr'>μένουσα</span> <span class='ocrx_word' id='word_1_803' title='bbox 730 5641 790 5695; x_wconf 81' lang='grc' dir='ltr'>έν</span> <span class='ocrx_word' id='word_1_804' title='bbox 821 5642 982 5714; x_wconf 76' lang='grc' dir='ltr'>αὐτῇ,</span> <span class='ocrx_word' id='word_1_805' title='bbox 1010 5640 1079 5696; x_wconf 86' lang='grc' dir='ltr'>τά</span> <span class='ocrx_word' id='word_1_806' title='bbox 1110 5640 1287 5696; x_wconf 82' lang='grc' dir='ltr'>πάντα</span> <span class='ocrx_word' id='word_1_807' title='bbox 1310 5638 1562 5705; x_wconf 80' lang='grc' dir='ltr'>καινίζει.</span> <span class='ocrx_word' id='word_1_808' title='bbox 1612 5656 1631 5691; x_wconf 83' lang='grc' dir='ltr'>ι</span> <span class='ocrx_word' id='word_1_809' title='bbox 1669 5637 1781 5709; x_wconf 85' lang='grc' dir='ltr'>Τὴν</span> 
     </span>
    </p>
   </div>
   <div class='ocr_carea' id='block_1_106' title="bbox 262 5795 702 5869">
    <p class='ocr_par' dir='ltr' id='par_1_106' title="bbox 262 5795 702 5869">
     <span class='ocr_line' id='line_1_106' title="bbox 262 5795 702 5869; baseline -0.002 -15"><span class='ocrx_word' id='word_1_810' title='bbox 262 5796 312 5831; x_wconf 83' lang='grc'>⁸⁸</span> <span class='ocrx_word' id='word_1_811' title='bbox 351 5795 483 5869; x_wconf 75' lang='lat' dir='ltr'><strong>Sep.</strong></span> <span class='ocrx_word' id='word_1_812' title='bbox 520 5813 611 5865; x_wconf 82' lang='lat' dir='ltr'>tv,</span> <span class='ocrx_word' id='word_1_813' title='bbox 646 5800 702 5855; x_wconf 83' lang='lat'>8.</span> 
     </span>
    </p>
   </div>
   <div class='ocr_carea' id='block_1_107' title="bbox 1882 4609 3489 4689">
    <p class='ocr_par' dir='ltr' id='par_1_107' title="bbox 1882 4609 3489 4689">
     <span class='ocr_line' id='line_1_107' title="bbox 1882 4609 3489 4689; baseline -0.006 -15"><span class='ocrx_word' id='word_1_814' title='bbox 1882 4621 2031 4674; x_wconf 82' lang='lat' dir='ltr'><strong>tione</strong></span> <span class='ocrx_word' id='word_1_815' title='bbox 2053 4623 2468 4689; x_wconf 90' lang='lat' dir='ltr'><strong>prosternentur</strong></span> <span class='ocrx_word' id='word_1_816' title='bbox 2497 4614 2552 4668; x_wconf 94' lang='lat' dir='ltr'><strong>in</strong></span> <span class='ocrx_word' id='word_1_817' title='bbox 2576 4613 2769 4684; x_wconf 89' lang='lat' dir='ltr'><strong>judicii</strong></span> <span class='ocrx_word' id='word_1_818' title='bbox 2800 4612 2907 4676; x_wconf 87' lang='lat' dir='ltr'><strong>die,</strong></span> <span class='ocrx_word' id='word_1_819' title='bbox 2932 4611 3028 4681; x_wconf 91' lang='lat' dir='ltr'>qui</span> <span class='ocrx_word' id='word_1_820' title='bbox 3060 4624 3250 4667; x_wconf 89' lang='lat' dir='ltr'><strong>servos</strong></span> <span class='ocrx_word' id='word_1_821' title='bbox 3265 4609 3489 4666; x_wconf 88' lang='lat' dir='ltr'><strong>Christi.</strong></span> 
     </span>
    </p>
   </div>
   <div class='ocr_carea' id='block_1_108' title="bbox 1882 4701 3481 4782">
    <p class='ocr_par' dir='ltr' id='par_1_108' title="bbox 1882 4701 3481 4782">
     <span class='ocr_line' id='line_1_108' title="bbox 1882 4701 3481 4782; baseline -0.006 -16"><span class='ocrx_word' id='word_1_822' title='bbox 1882 4716 2317 4782; x_wconf 63' lang='lat' dir='ltr'><strong>persequuntur,</strong></span> <span class='ocrx_word' id='word_1_823' title='bbox 2337 4707 2603 4761; x_wconf 88' lang='lat' dir='ltr'><strong>videntes.</strong></span> <span class='ocrx_word' id='word_1_824' title='bbox 2631 4704 2862 4776; x_wconf 82' lang='lat' dir='ltr'><strong>gloriam</strong></span> <span class='ocrx_word' id='word_1_825' title='bbox 2893 4701 3097 4758; x_wconf 87' lang='lat' dir='ltr'><strong>Christi</strong></span> <span class='ocrx_word' id='word_1_826' title='bbox 3131 4710 3186 4758; x_wconf 85' lang='lat' dir='ltr'><strong>et</strong></span> <span class='ocrx_word' id='word_1_827' title='bbox 3220 4717 3481 4765; x_wconf 82' lang='lat' dir='ltr'><strong>suorum,</strong></span> 
     </span>
    </p>
   </div>
   <div class='ocr_carea' id='block_1_109' title="bbox 1883 4794 3472 4871">
    <p class='ocr_par' dir='ltr' id='par_1_109' title="bbox 1883 4794 3472 4871">
     <span class='ocr_line' id='line_1_109' title="bbox 1883 4794 3472 4871; baseline -0.007 -12"><span class='ocrx_word' id='word_1_828' title='bbox 1883 4819 1944 4859; x_wconf 89' lang='lat' dir='ltr'><strong>se</strong></span> <span class='ocrx_word' id='word_1_829' title='bbox 1982 4800 2236 4857; x_wconf 70' lang='lat' dir='ltr'><strong>vero&#39;ad</strong></span> <span class='ocrx_word' id='word_1_830' title='bbox 2295 4798 2626 4871; x_wconf 89' lang='lat' dir='ltr'><strong>supplicium</strong></span> <span class='ocrx_word' id='word_1_831' title='bbox 2684 4794 3033 4865; x_wconf 30' lang='lat' dir='ltr'><strong>rapi..Quod.</strong></span> <span class='ocrx_word' id='word_1_832' title='bbox 3073 4794 3277 4848; x_wconf 72' lang='lat' dir='ltr'><strong>divitiae</strong></span> <span class='ocrx_word' id='word_1_833' title='bbox 3310 4794 3472 4848; x_wconf 82' lang='lat' dir='ltr'><strong>nobis</strong></span> 
     </span>
    </p>
   </div>
   <div class='ocr_carea' id='block_1_110' title="bbox 1883 4884 3473 4963">
    <p class='ocr_par' dir='ltr' id='par_1_110' title="bbox 1883 4884 3473 4963">
     <span class='ocr_line' id='line_1_110' title="bbox 1883 4884 3473 4963; baseline -0.008 -13"><span class='ocrx_word' id='word_1_834' title='bbox 1883 4910 2008 4950; x_wconf 89' lang='lat' dir='ltr'><strong>cum</strong></span> <span class='ocrx_word' id='word_1_835' title='bbox 2052 4892 2369 4963; x_wconf 82' lang='lat' dir='ltr'><strong>arrogantia</strong></span> <span class='ocrx_word' id='word_1_836' title='bbox 2415 4890 2759 4959; x_wconf 83' lang='lat' dir='ltr'><strong>contingant.</strong></span> <span class='ocrx_word' id='word_1_837' title='bbox 2801 4886 2935 4953; x_wconf 72' lang='lat' dir='ltr'><strong>Quae</strong></span> <span class='ocrx_word' id='word_1_838' title='bbox 2959 4886 3031 4941; x_wconf 88' lang='lat' dir='ltr'>sit</span> <span class='ocrx_word' id='word_1_839' title='bbox 3057 4885 3138 4938; x_wconf 90' lang='lat' dir='ltr'>ira</span> <span class='ocrx_word' id='word_1_840' title='bbox 3167 4884 3263 4939; x_wconf 91' lang='lat' dir='ltr'><strong>Dei</strong></span> <span class='ocrx_word' id='word_1_841' title='bbox 3306 4899 3473 4953; x_wconf 86' lang='lat' dir='ltr'><strong>super</strong></span> 
     </span>
    </p>
   </div>
   <div class='ocr_carea' id='block_1_111' title="bbox 1882 4975 3471 5057">
    <p class='ocr_par' dir='ltr' id='par_1_111' title="bbox 1882 4975 3471 5057">
     <span class='ocr_line' id='line_1_111' title="bbox 1882 4975 3471 5057; baseline -0.009 -14"><span class='ocrx_word' id='word_1_842' title='bbox 1882 5002 2000 5053; x_wconf 87' lang='lat' dir='ltr'><strong>eos,</strong></span> <span class='ocrx_word' id='word_1_843' title='bbox 2022 4987 2117 5057; x_wconf 91' lang='lat' dir='ltr'>qui</span> <span class='ocrx_word' id='word_1_844' title='bbox 2142 4985 2309 5055; x_wconf 89' lang='lat' dir='ltr'><strong>impie</strong></span> <span class='ocrx_word' id='word_1_845' title='bbox 2351 4985 2408 5038; x_wconf 89' lang='lat' dir='ltr'>in</span> <span class='ocrx_word' id='word_1_846' title='bbox 2449 4984 2734 5038; x_wconf 89' lang='lat' dir='ltr'><strong>Christum</strong></span> <span class='ocrx_word' id='word_1_847' title='bbox 2769 4980 3115 5049; x_wconf 87' lang='lat' dir='ltr'><strong>delinquunt.</strong></span> <span class='ocrx_word' id='word_1_848' title='bbox 3146 4975 3471 5030; x_wconf 83' lang='lat' dir='ltr'><strong>Adhortatio</strong></span> 
     </span>
    </p>
   </div>
   <div class='ocr_carea' id='block_1_112' title="bbox 1883 5065 3469 5151">
    <p class='ocr_par' dir='ltr' id='par_1_112' title="bbox 1883 5065 3469 5151">
     <span class='ocr_line' id='line_1_112' title="bbox 1883 5065 3469 5151; baseline -0.009 -17"><span class='ocrx_word' id='word_1_849' title='bbox 1883 5081 1952 5136; x_wconf 91' lang='lat' dir='ltr'><strong>ad</strong></span> <span class='ocrx_word' id='word_1_850' title='bbox 1976 5079 2256 5151; x_wconf 89' lang='lat' dir='ltr'><strong>principes</strong></span> <span class='ocrx_word' id='word_1_851' title='bbox 2277 5073 2828 5140; x_wconf 86' lang='lat' dir='ltr'><strong>lsraelis,utChristo</strong></span> <span class='ocrx_word' id='word_1_852' title='bbox 2865 5068 3113 5133; x_wconf 87' lang='lat' dir='ltr'><strong>credant,</strong></span> <span class='ocrx_word' id='word_1_853' title='bbox 3140 5067 3251 5121; x_wconf 93' lang='lat' dir='ltr'><strong>imo</strong></span> <span class='ocrx_word' id='word_1_854' title='bbox 3283 5065 3469 5137; x_wconf 83' lang='lat' dir='ltr'><strong>potius</strong></span> 
     </span>
    </p>
   </div>
   <div class='ocr_carea' id='block_1_113' title="bbox 1882 5158 3470 5242">
    <p class='ocr_par' dir='ltr' id='par_1_113' title="bbox 1882 5158 3470 5242">
     <span class='ocr_line' id='line_1_113' title="bbox 1882 5158 3470 5242; baseline -0.013 -10"><span class='ocrx_word' id='word_1_855' title='bbox 1882 5173 2221 5232; x_wconf 90' lang='lat' dir='ltr'><strong>denuntiatio</strong></span> <span class='ocrx_word' id='word_1_856' title='bbox 2238 5168 2577 5242; x_wconf 90' lang='lat' dir='ltr'><strong>principibus</strong></span> <span class='ocrx_word' id='word_1_857' title='bbox 2604 5165 2883 5222; x_wconf 63' lang='lat' dir='ltr'><strong>catholicae</strong></span> <span class='ocrx_word' id='word_1_858' title='bbox 2901 5161 3177 5224; x_wconf 69' lang='lat' dir='ltr'><strong>Ecclesiae,</strong></span> <span class='ocrx_word' id='word_1_859' title='bbox 3194 5158 3470 5230; x_wconf 90' lang='lat' dir='ltr'><strong>quomodo</strong></span> 
     </span>
    </p>
   </div>
   <div class='ocr_carea' id='block_1_114' title="bbox 1880 5251 3471 5338">
    <p class='ocr_par' dir='ltr' id='par_1_114' title="bbox 1880 5251 3471 5338">
     <span class='ocr_line' id='line_1_114' title="bbox 1880 5251 3471 5338; baseline -0.01 -15"><span class='ocrx_word' id='word_1_860' title='bbox 1880 5281 2071 5338; x_wconf 74' lang='lat' dir='ltr'><strong>regere</strong></span> <span class='ocrx_word' id='word_1_861' title='bbox 2107 5264 2340 5320; x_wconf 89' lang='lat' dir='ltr'><strong>debeant</strong></span> <span class='ocrx_word' id='word_1_862' title='bbox 2376 5268 2500 5332; x_wconf 82' lang='lat' dir='ltr'><strong>post</strong></span> <span class='ocrx_word' id='word_1_863' title='bbox 2528 5261 2676 5315; x_wconf 87' lang='lat' dir='ltr'><strong>illius</strong></span> <span class='ocrx_word' id='word_1_864' title='bbox 2723 5259 3065 5313; x_wconf 90' lang='lat' dir='ltr'><strong>abscessum.</strong></span> <span class='ocrx_word' id='word_1_865' title='bbox 3092 5251 3225 5319; x_wconf 70' lang='lat' dir='ltr'><strong>Qua:</strong></span> <span class='ocrx_word' id='word_1_866' title='bbox 3273 5252 3345 5307; x_wconf 89' lang='lat' dir='ltr'><strong>sit</strong></span> <span class='ocrx_word' id='word_1_867' title='bbox 3380 5267 3471 5307; x_wconf 69' lang='grc' dir='ltr'>επισ-</span> 
     </span>
    </p>
   </div>
   <div class='ocr_carea' id='block_1_115' title="bbox 1882 5341 3469 5431">
    <p class='ocr_par' dir='ltr' id='par_1_115' title="bbox 1882 5341 3469 5431">
     <span class='ocr_line' id='line_1_115' title="bbox 1882 5341 3469 5431; baseline -0.008 -20"><span class='ocrx_word' id='word_1_868' title='bbox 1882 5357 2109 5431; x_wconf 88' lang='lat' dir='ltr'><strong>pientia,</strong></span> <span class='ocrx_word' id='word_1_869' title='bbox 2172 5369 2369 5424; x_wconf 83' lang='lat' dir='ltr'><strong>nempe</strong></span> <span class='ocrx_word' id='word_1_870' title='bbox 2409 5350 2583 5406; x_wconf 88' lang='lat' dir='ltr'><strong>Filius</strong></span> <span class='ocrx_word' id='word_1_871' title='bbox 2632 5349 2766 5405; x_wconf 83' lang='lat' dir='ltr'><strong>Dei?</strong></span> <span class='ocrx_word' id='word_1_872' title='bbox 2804 5348 2869 5401; x_wconf 81' lang='lat' dir='ltr'>Et</span> <span class='ocrx_word' id='word_1_873' title='bbox 2919 5345 3196 5418; x_wconf 85' lang='lat' dir='ltr'><strong>quomodo</strong></span> <span class='ocrx_word' id='word_1_874' title='bbox 3226 5341 3469 5400; x_wconf 80' lang='lat' dir='ltr'><strong>Verbum</strong></span> 
     </span>
    </p>
   </div>
   <div class='ocr_carea' id='block_1_116' title="bbox 1883 5437 3466 5515">
    <p class='ocr_par' dir='ltr' id='par_1_116' title="bbox 1883 5437 3466 5515">
     <span class='ocr_line' id='line_1_116' title="bbox 1883 5437 3466 5515; baseline -0.011 -7"><span class='ocrx_word' id='word_1_875' title='bbox 1883 5454 1957 5509; x_wconf 87' lang='lat' dir='ltr'>sit</span> <span class='ocrx_word' id='word_1_876' title='bbox 1992 5465 2122 5506; x_wconf 90' lang='lat' dir='ltr'><strong>caro</strong></span> <span class='ocrx_word' id='word_1_877' title='bbox 2161 5447 2390 5513; x_wconf 82' lang='lat' dir='ltr'><strong>factum,</strong></span> <span class='ocrx_word' id='word_1_878' title='bbox 2424 5447 2591 5515; x_wconf 91' lang='lat' dir='ltr'><strong>inque</strong></span> <span class='ocrx_word' id='word_1_879' title='bbox 2619 5443 2780 5497; x_wconf 90' lang='lat' dir='ltr'><strong>nobis</strong></span> <span class='ocrx_word' id='word_1_880' title='bbox 2816 5439 3165 5495; x_wconf 87' lang='lat' dir='ltr'><strong>habitaverit.</strong></span> <span class='ocrx_word' id='word_1_881' title='bbox 3198 5437 3466 5505; x_wconf 86' lang='lat' dir='ltr'><strong>Quoniam</strong></span> 
     </span>
    </p>
   </div>
   <div class='ocr_carea' id='block_1_117' title="bbox 1882 5528 3469 5612">
    <p class='ocr_par' dir='ltr' id='par_1_117' title="bbox 1882 5528 3469 5612">
     <span class='ocr_line' id='line_1_117' title="bbox 1882 5528 3469 5612; baseline -0.013 -13"><span class='ocrx_word' id='word_1_882' title='bbox 1882 5549 1937 5600; x_wconf 91' lang='lat' dir='ltr'><strong>et</strong></span> <span class='ocrx_word' id='word_1_883' title='bbox 1981 5555 2105 5612; x_wconf 89' lang='lat' dir='ltr'><strong>ego,</strong></span> <span class='ocrx_word' id='word_1_884' title='bbox 2138 5537 2336 5608; x_wconf 90' lang='lat' dir='ltr'><strong>inquit,</strong></span> <span class='ocrx_word' id='word_1_885' title='bbox 2371 5537 2562 5591; x_wconf 90' lang='lat' dir='ltr'><strong>eadem</strong></span> <span class='ocrx_word' id='word_1_886' title='bbox 2585 5534 2872 5589; x_wconf 89' lang='lat' dir='ltr'><strong>vobiscum</strong></span> <span class='ocrx_word' id='word_1_887' title='bbox 2901 5545 3101 5601; x_wconf 88' lang='lat' dir='ltr'><strong>passus</strong></span> <span class='ocrx_word' id='word_1_888' title='bbox 3132 5545 3275 5595; x_wconf 90' lang='lat' dir='ltr'><strong>sum,</strong></span> <span class='ocrx_word' id='word_1_889' title='bbox 3304 5528 3469 5583; x_wconf 85' lang='lat' dir='ltr'><strong>homo</strong></span> 
     </span>
    </p>
   </div>
   <div class='ocr_carea' id='block_1_118' title="bbox 1882 5619 3471 5699">
    <p class='ocr_par' dir='ltr' id='par_1_118' title="bbox 1882 5619 3471 5699">
     <span class='ocr_line' id='line_1_118' title="bbox 1882 5619 3471 5699; baseline -0.013 -8"><span class='ocrx_word' id='word_1_890' title='bbox 1882 5635 2178 5697; x_wconf 78' lang='lat' dir='ltr'><strong>exsistens,</strong></span> <span class='ocrx_word' id='word_1_891' title='bbox 2213 5638 2265 5687; x_wconf 90' lang='lat' dir='ltr'>et</span> <span class='ocrx_word' id='word_1_892' title='bbox 2291 5628 2451 5699; x_wconf 87' lang='lat' dir='ltr'><strong>jussu</strong></span> <span class='ocrx_word' id='word_1_893' title='bbox 2472 5625 2565 5682; x_wconf 91' lang='lat' dir='ltr'>Dei</span> <span class='ocrx_word' id='word_1_894' title='bbox 2584 5624 2886 5697; x_wconf 74' lang='lat' dir='ltr'><strong>disciplinae</strong></span> <span class='ocrx_word' id='word_1_895' title='bbox 2907 5622 3179 5679; x_wconf 86' lang='lat' dir='ltr'><strong>subditus.</strong></span> <span class='ocrx_word' id='word_1_896' title='bbox 3209 5620 3284 5678; x_wconf 89' lang='lat' dir='ltr'>De</span> <span class='ocrx_word' id='word_1_897' title='bbox 3313 5619 3471 5676; x_wconf 76' lang='lat' dir='ltr'><strong>Chri-</strong></span> 
     </span>
    </p>
   </div>
  </div>
