3886 6182
423 391 530 448 3⁸15

1564 395 1623 455 s.
1666 381 2139 457 ATti'ANAsws.
2178 428 2249 439 —
2289 395 2517 455 ouem.

3583 393 3688 449 376

416 518 507 567 sto
533 508 856 578 sapientiam
883 506 977 564 Dei
1006 508 1261 567 habente.
1281 509 1561 578 Omnium,
1586 514 1784 585 inquit,
1814 532 1881 574 ex
1905 517 1992 572 illa

2106 514 2323 584 σοφίαν,
2375 534 2394 568 ι
2418 514 2605 586 φησὶν,
2637 531 2657 565 t
2690 514 2756 566 ὲκ
2785 512 3041 582 νεότητος
3075 512 3331 584 φιλήσας,
3386 512 3564 567 πάντα
3622 514 3689 566 τὰ

416 600 786 671 cognitionem
837 600 1033 657 habeo.
1089 599 1149 656 in
1207 616 1370 656 manu
1427 602 1571 657 enim
1619 604 1769 661 illius
1807 614 1862 661 et
1902 622 2005 662 nos

417 708 611 749 sumus
658 700 712 748 et
768 707 1054 748 sermones
1106 693 1308 750 nostri.
1359 694 1493 759 Qute
1525 696 1596 750 sit
1631 698 1921 768 sapientia,
1951 706 2005 754 et

414 786 693 859 quomodo
719 787 811 842 illa
832 786 900 841 ad
933 787 1204 859 homines.
1231 789 1458 843 venerit.
1493 787 1632 843 Cum
1662 790 2004 843 enimunica

416 880 508 944 sit,
532 878 717 932 omnia
749 886 948 948 potest,
978 886 1032 933 et
1063 893 1188 932 cum
1222 878 1275 932 in
1305 894 1364 934 se
1394 880 1511 949 ipsa
1548 888 1786 942 maneat,
1819 882 2002 935 omnia

416 981 603 1026 tamen
648 971 894 1025 innovat.
938 990 956 1023 ι
998 970 1291 1037 Quoniam,
1337 991 1357 1025 ›
1393 972 1591 1042 inquit,
1630 989 1649 1023 t
1693 973 1762 1028 ab
1819 974 2004 1029 adole-

416 1065 629 1119 scentia
665 1065 987 1135 sapientiam
1017 1065 1290 1129 adamavi,
1322 1067 1507 1121 omnia
1534 1066 1677 1121 bona
1701 1083 1766 1122 ex
1796 1067 1886 1122 illa
1908 1084 2002 1123 ac-

413 1157 620 1226 cepi",
656 1176 675 1209 ι
706 1157 951 1211 carnalia
993 1167 1046 1211 et
1090 1157 1419 1227 spiritualia.
1452 1157 1681 1229 Cognita
1710 1160 1854 1214 enim
1887 1175 2003 1213 ma-

412 1248 698 1319 gnitudine
727 1249 1026 1318 sapientiae,
1041 1249 1311 1317 postulavi
1335 1264 1364 1302 a
1402 1247 1650 1313 Domino,
1695 1257 1752 1303 ut
1779 1251 2001 1306 daretur

414 1339 546 1393 mihi
579 1338 815 1409 Spiritus
850 1349 1096 1403 sanctus,
1132 1339 1224 1408 qui
1255 1354 1342 1394 me
1364 1338 1430 1393 de
1456 1341 1544 1394 illa
1568 1341 1923 1407 illumiuaret,
1947 1350 2000 1398 et

413 1431 620 1487 missus
647 1439 752 1495 est,
786 1439 846 1484 ut
880 1446 1092 1486 mecum
1123 1431 1417 1486 laboraret.
1445 1431 1819 1504 Cogitationes
1845 1450 1999 1488 nam-

411 1539 519 1593 que
564 1523 877 1578 mortalium
926 1523 1133 1577 timidaa
1181 1531 1329 1578 sunt.
1370 1523 1445 1580 De
1476 1527 1737 1595 operibus
1778 1529 1998 1598 sapien-

412 1616 521 1669 tiu).
579 1613 864 1681 Quomodo
924 1615 1160 1686 primum
1206 1616 1484 1671 hominem
1533 1619 1916 1684 custodiverit,
1967 1636 1999 1676 e

413 1707 635 1777 quantis
666 1707 824 1763 malis
854 1707 999 1764 Deus
1030 1707 1317 1766 credentes
1347 1711 1451 1766 sibi
1482 1720 1684 1776 servet,
1714 1719 1768 1766 et
1793 1721 1998 1783 quanta

411 1801 523 1857 illis
574 1800 719 1856 bona
779 1808 1022 1871 praestet,
1057 1810 1119 1856 ut
1165 1802 1353 1859 videre
1382 1813 1435 1858 et
1462 1804 1515 1857 in
1544 1802 1657 1859 Noe
1696 1805 1993 1873 Abraham,

2106 603 2287 673 ἀγαθὰ
2341 604 2399 672 ἐξ
2443 604 2615 675 αὐτῆς
2652 602 2829 674 ἔσχον,
2865 621 2885 654 ι
2924 602 3161 674 σαρκικὰ
3193 602 3288 655 καὶ
3321 602 3688 672 πνευματικά.

2108 692 2252 756 Ὅτι,
2291 692 2353 746 τὸ
2385 692 2613 764 μέγεθος
2643 694 2742 763 τῆς
2776 691 2966 761 σοφίας
2984 690 3240 760 ἐγνωκὼς
3261 731 3277 753 ,
3327 690 3575 761 ἐνέτυχον
3606 691 3688 761 τῷ

2105 785 2318 858 Κυρίῳ,
2353 785 2495 839 ὥστε
2524 802 2615 856 μοι
2642 782 2861 855 δοθῆναι
2885 784 2945 837 τὸ
2970 784 3122 853 ἅγιον
3156 782 3401 853 Πνεῦμα,
3434 783 3494 836 τὸ
3518 783 3688 851 φωτί-

2106 877 2198 941 ζον
2238 895 2306 953 με
2346 877 2476 949 περὶ
2520 878 2711 949 αὐτῆς,
2761 877 2857 931 καὶ
2904 875 3181 947 ἐπέμφθη,
3222 874 3309 927 ἴνα
3346 873 3695 945 συγκοπιάσῃ

2108 985 2218 1040 μοι.
2272 969 2541 1041 Λογισμοὶ
2592 969 2700 1041 γὰρ
2731 966 2939 1040 θνητῶν
2985 967 3167 1021 δειλοί.
3211 967 3349 1038 Περὶ
3373 964 3481 1018 τῶν
3513 964 3693 1037 ἔργων

2103 1062 2205 1131 τῆς
2239 1062 2454 1133 σοφίας.
2491 1060 2617 1126 Πῶς
2645 1062 2738 1115 τὸν
2791 1058 3215 1133 πρωτόπλαστον
3246 1057 3583 1128 διεφύλαξεν,
3630 1058 3694 1122 ἐξ

2103 1151 2243 1206 ὅσων
2289 1152 2476 1207 κακῶν
2530 1151 2690 1216 σώζει
2749 1153 2875 1215 τοὺς
2908 1150 3267 1214 πιστεύοντας
3307 1148 3454 1219 αὐτῷ
3480 1151 3508 1202 ὁ
3533 1147 3690 1214 Θεὸς,

2103 1245 2199 1299 καὶ
2228 1247 2328 1299 ὅσα
2362 1247 2545 1316 ἀγαθὰ
2571 1247 2833 1317 παρέχειο
2857 1239 2968 1298 οἷον
2992 1244 3083 1298 τὸν
3112 1243 3256 1308 Νῶε,
3283 1243 3373 1297 τὸν
3412 1241 3690 1314 Ἀϐραὰμ,

2100 1338 2193 1392 τὸν
2211 1339 2358 1402 Λὼθ,
2381 1340 2474 1393 τὸν
2518 1338 2736 1403 Ἰακὼϐ,
2760 1338 2853 1392 τὸν
2897 1336 3116 1408 Ἰωσὴφ,
3158 1335 3285 1400 τοὺς
3324 1335 3691 1406 Ἰσραηλίτας,

2099 1429 2195 1496 οὒς
2223 1432 2288 1485 ὲκ
2308 1432 2489 1502 χειρὸς
2509 1430 2617 1484 τῶν
2632 1430 2947 1500 Αἰγυπτίων
2974 1430 3245 1502 ἐρρύσατο
3271 1428 3358 1481 διὰ
3386 1427 3691 1491 Μωῦσέως,

2100 1524 2195 1579 καὶ
2256 1524 2321 1577 ἐκ
2379 1525 2587 1595 πέτρας
2618 1523 2925 1596 άκροτόμου
2985 1521 3142 1592 ἐδόθη
3180 1521 3361 1585 αὐτοῖς
3391 1519 3554 1591 ὓδωρ.
3601 1519 3694 1582 Ὡς

2097 1619 2211 1680 τοῖς
2242 1614 2286 1680 ζ’
2313 1613 2522 1669 ἔθνεσιν
2563 1614 2854 1670 ἀπέστειλε
2914 1614 3153 1683 σφῆκας.
3211 1611 3582 1682 Μακροθυμίᾳ
3632 1610 3693 1662 δὲ

2098 1710 2401 1782 χρώμενος,
2436 1711 2532 1764 καὶ
2556 1710 2769 1773 τούτοις
2818 1707 2986 1762 ἐδίδου
3016 1707 3178 1760 τόπον
3215 1705 3523 1777 μετανοίας,
3555 1720 3691 1756 παι-

2096 1802 2268 1856 δεύων
2291 1802 2378 1857 διὰ
2410 1803 2617 1856 τούτων
2641 1802 2731 1855 τὸν
2761 1801 2887 1854 λαὸν
2924 1796 3066 1854 εἶναι
3097 1799 3499 1872 φιλάνθρωπον.
3530 1796 3693 1851 Κατά

410 1893 538 1961 Lot,
568 1892 760 1958 Jacob,
792 1892 1015 1963 Joseph,
1050 1894 1337 1962 lsraelitis,
1398 1911 1538 1966 quos
1561 1911 1591 1950 e
1616 1911 1781 1950 manu
1819 1895 1991 1968 Egy-

2098 1895 2564 1968 στοιχειολατρῶν,
2591 1894 2897 1967 βατράχων,
2934 1879 3199 1962 σκνιφῶν,
3227 1890 3399 1963 μυῶν,
3428 1889 3688 1961 ἀκρίδων,

408 1979 648 2050 ptiorum
679 1994 776 2049 per
801 1978 1040 2050 Moysem
1072 1980 1343 2047 liberavit,
1374 1989 1430 2036 et
1459 1997 1600 2051 aqua
1630 1998 1694 2036 ex
1721 1996 1994 2053 prazrupta

410 2071 565 2137 petra
596 2065 819 2134 potavit.
837 2064 1125 2130 Quomodo
1147 2074 1353 2135 septem
1381 2069 1635 2137 gentibus
1665 2084 1861 2137 vespas
1890 2071 1995 2123 mi—

409 2153 651 2211 serit.Et
681 2155 902 2210 lenitate
936 2172 1069 2211 usus
1098 2157 1263 2211 etiam
1295 2157 1405 2213 illis
1437 2167 1629 2227 postea
1657 2159 1994 2229 pmnitentize

406 2245 587 2302 locum
635 2247 869 2314 dederit,
897 2263 993 2319 per
1029 2248 1133 2303 ista
1165 2249 1424 2319 populum
1462 2251 1765 2315 instruens,
1803 2259 1864 2305 ut
1900 2252 1993 2307 be-

404 2338 606 2408 nignus
660 2345 807 2393 esset
856 2350 911 2394 et
956 2338 1251 2395 humanus.
1315 2340 1519 2395 Contra
1574 2342 1990 2409 elementorum,

404 2441 689 2491 ranarum,
738 2427 1136 2497 sciniphorum,
1166 2431 1427 2495 murium,
1475 2432 1831 2496 locustarum,
1896 2449 1992 2488 ve-

406 2531 654 2586 sparum,
681 2525 1025 2587 serpentum,
1060 2518 1362 2591 imaginum
1415 2536 1481 2577 ex
1541 2535 1697 2586 auro,
1744 2531 1989 2593 argento,

405 2607 699 2678 lapidibus,
724 2616 820 2665 aut
851 2610 1000 2681 ligno
1027 2608 1442 2678 fabricatarum,
1463 2612 1804 2670 adoratores.
1834 2614 1991 2681 Quod

404 2714 505 2769 per
548 2699 757 2771 lignum
797 2700 948 2755 salus
978 2700 1050 2755 sit
1084 2700 1455 2758 credentibus.
1496 2703 1572 2757 De
1619 2704 1991 2773 sculptor-ibus

405 2793 486 2846 vel
519 2792 822 2863 pictoribus
853 2792 1149 2859 idolorum,
1178 2793 1354 2864 deque
1383 2797 1642 2852 omnibus
1671 2796 1993 2853 idololatria

404 2882 587 2939 malis.
614 2881 689 2939 De
735 2882 904 2954 impia
944 2884 1229 2954 religione,
1253 2894 1307 2939 et
1343 2894 1479 2956 quot
1505 2887 1583 2941 illi
1621 2888 1793 2944 insint
1824 2889 1988 2944 mala.

401 2973 480 3031 De
538 2975 705 3047 ﬁgulo
749 2985 804 3032 et
845 2976 1107 3033 ﬁctilibus
1143 2976 1325 3034 idolis.
1388 2978 1463 3035 De
1517 2981 1777 3037 omnibus
1807 2981 1988 3049 idolis,

401 3083 525 3137 qua:
557 3083 588 3123 a
624 3069 878 3139 gentibus
917 3071 1195 3136 coluntur,
1229 3069 1737 3125 inimicissimarum
1786 3072 1992 3127 bestia-

400 3175 548 3223 rum,
579 3170 921 3230 serpentum,
942 3169 1194 3216 catorum
1225 3171 1279 3217 et
1300 3163 1582 3217 similium.
1602 3162 1759 3229 Quod
1801 3163 1992 3230 lsracli

2095 1990 2343 2060 σφηκῶν,
2375 1990 2571 2058 δφεων.
2632 1985 2792 2040 Κατὰ
2853 1984 3280 2056 είδωλολατρῶν,
3338 1985 3403 2037 ὲκ
3428 1980 3688 2053 χρυσῶν,

2094 2080 2189 2134 καὶ
2242 2080 2523 2152 ἁργύρων,
2596 2078 2629 2149 ἢ
2681 2077 2866 2144 λίθων,
2913 2077 2945 2148 ἢ
2993 2075 3216 2141 ξυλίνων
3265 2073 3498 2129 εἰδώλων
3558 2089 3694 2126 κατ-

2094 2172 2533 2244 εσκευασμένων.
2561 2171 2688 2224 Ὅτι
2718 2169 2833 2222 ἔστι
2862 2168 2957 2222 καὶ
2986 2168 3229 2239 σωτηρία
3254 2166 3343 2220 διὰ
3386 2164 3542 2231 ξύλου
3576 2166 3694 2226 τοῖς

2095 2264 2432 2319 πιστεύουσι.
2495 2263 2577 2317 Τὰ
2632 2262 2761 2333 περὶ
2810 2260 2919 2314 τῶν
2984 2258 3346 2313 είδωλοποιῶν
3389 2257 3423 2329 ἢ
3474 2257 3694 2328 ζωγρα-

2094 2355 2341 2425 φούντων
2390 2354 2607 2408 εἴδωλα.
2666 2354 2803 2425 Περὶ
2834 2353 3054 2407 πάντων
3111 2352 3217 2405 τῶν
3261 2350 3448 2405 κακῶν
3487 2350 3596 2402 τῶν
3630 2352 3692 2402 ὲν

2093 2446 2524 2519 είδωλολατρείᾳ.
2594 2447 2728 2513 Περὶ
2777 2444 3010 2509 ἀσεϐοῦς
3068 2443 3387 2516 θρησκείας,
3443 2442 3537 2496 καὶ
3585 2443 3692 2495 ὅσα

2092 2542 2152 2594 ὲν
2182 2540 2322 2611 αὐτῇ
2353 2540 2520 2595 κακά.
2549 2540 2686 2611 Περὶ
2713 2538 2809 2593 τοῦ
2854 2537 3163 2609 κεραμέως,
3197 2536 3293 2589 καὶ
3312 2534 3421 2589 τῶν
3452 2551 3690 2606 κεραμι-

2092 2632 2205 2687 κῶν
2262 2631 2497 2686 εἰδώλων
2551 2633 2651 2703 τῆς
2706 2630 2817 2684 τῶν
2856 2629 3025 2684 ὲθνῶν
3074 2627 3350 2699 λατρείας.
3397 2627 3536 2699 Περὶ
3577 2625 3692 2679 τῶν

2092 2722 2355 2792 ἐχθίστων
2416 2720 2591 2787 ζώων,
2624 2722 2823 2790 ὄφεων,
2873 2719 3163 2791 αἰλούρων,
3195 2717 3292 2772 καὶ
3327 2716 3437 2770 τῶν
3462 2716 3689 2787 ὁμοίων.

2094 2813 2217 2867 Ὀτι
2243 2814 2612 2886 εὐηργέτησεν
2641 2813 2670 2865 ὁ
2694 2812 2829 2875 Θεὸς
2854 2811 2946 2864 τὸν
2989 2810 3210 2882 Ἰσραὴλ
3245 2809 3367 2863 ἀντὶ
3401 2808 3693 2881 βατράχων

2094 2907 2529 2978 ὀρτυγομήτραν.
2569 2904 2692 2958 Ὅτι
2738 2904 2838 2957 καὶ
2868 2903 2961 2957 ἐπὶ
3003 2902 3277 2974 δήγματος
3308 2901 3485 2969 ὄφεων
3513 2916 3694 2969 σωτη-

2095 2999 2188 3071 ρία
2214 2998 2308 3052 τοῦ
2338 2997 2467 3051 λαοῦ
2507 2997 2574 3050 δι’
2606 2996 2782 3066 ὄφεως
2833 2994 3055 3067 χαλκοῦ’
3094 2992 3529 3065 ὲσταυρωμένου·
3562 2993 3697 3056 τοὺς

2093 3089 2150 3143 δὲ
2184 3089 2413 3162 ἐχθροὺς
2443 3088 2624 3144 αὐτῶν
2655 3089 2722 3142 δι’
2752 3087 2992 3159 ἀκρίδων
3021 3087 3117 3139 καὶ
3147 3084 3300 3157 μυῶν
3346 3084 3692 3138 ἀπέκτεινεν.

2097 3182 2219 3235 Ὅτι
2245 3181 2493 3250 ἀγγέλων
2541 3180 2748 3253 τροφὴν
2779 3178 3025 3248 ὲψώμισε
3049 3178 3144 3231 τὸν
3176 3177 3304 3231 λαδν
3340 3178 3476 3250 πρὸς
3510 3179 3695 3232 πᾶσαν

401 3251 546 3306 Deus
594 3252 922 3311 beneﬁcium
976 3253 1292 3320 contulerit,
1345 3268 1447 3323 pro
1486 3255 1638 3309 ranis
1685 3256 1992 3311 coturnices

2103 3273 2295 3344 ἡδονὴν
2323 3251 2635 3344 ἰσχύουσαν,
2673 3251 2768 3326 καὶ⁵
2813 3271 2952 3340 πρὸς
2974 3273 3155 3325 πᾶσαν
3181 3271 3446 3342 ἁρμονίας
3478 3267 3692 3338 γεῦσιν.

401 3344 642 3399 mittens.
658 3344 815 3419 Quod
832 3354 1023 3401 contra
1042 3360 1286 3401 morsum
1303 3356 1642 3416 serpentum,
1657 3363 1755 3416 per
1776 3363 1987 3421 aeneum

400 3444 709 3508 serpentem
754 3437 810 3491 in
851 3453 1018 3493 cruce
1068 3453 1398 3507 suspensum
1433 3439 1582 3495 salus
1614 3441 1818 3511 populo
1845 3442 1989 3495 facta

399 3531 493 3593 sit,
533 3528 740 3582 inimici
791 3543 920 3584 vero
968 3530 1214 3599 ipsorum
1267 3546 1366 3601 per
1421 3531 1664 3587 locustas
1714 3541 1769 3593 et
1804 3548 1990 3590 mures

398 3620 593 3676 occisi.
651 3620 809 3688 Quod
868 3624 1131 3693 pepulum
1193 3625 1517 3695 angelorum
1579 3625 1706 3681 cibo
1768 3626 1988 3694 aluerit,

399 3729 787 3785 quamcunque
833 3717 1168 3787 voluptatem
1206 3717 1460 3782 habente,
1485 3724 1540 3774 et
1572 3718 1640 3773 ad
1684 3733 1993 3789 quemcun-

396 3824 506 3878 que
557 3819 779 3879 gustum
827 3811 1100 3880 apposito.
1149 3809 1307 3877 Quod
1333 3810 1656 3882 grandinem
1689 3826 1815 3866 cum
1865 3811 1992 3882 igne

399 3898 468 3953 ad
503 3901 938 3971 corrumpendas
966 3899 1153 3972 fruges
1173 3903 1229 3955 in
1253 3899 1547 3972 Egyptios
1574 3902 1807 3957 miserit.
1834 3901 1993 3968 Quod

399 3990 698 4061 palpabiles
734 3991 989 4047 tenebras
1023 3992 1080 4046 in
1102 3991 1412 4065 ‘Egyptios
1438 3992 1742 4059 demiserit,
1774 4000 1828 4047 et
1872 4009 1994 4064 quae

399 4098 454 4135 ιη
490 4097 554 4136 ea
602 4097 664 4137 re
712 4083 930 4137 inerant
967 4085 1110 4139 mala
1141 4104 1153 4139 :
1185 4087 1394 4140 sanctis
1419 4100 1551 4140 vero
1583 4086 1702 4141 suis
1728 4085 1905 4139 lucem
1937 4086 1994 4141 in

395 4175 657 4248 IEgypto,
680 4187 734 4232 et
774 4178 1088 4233 columnam
1123 4179 1265 4249 ignis
1294 4180 1352 4234 in
1383 4179 1703 4245 solitudine,
1752 4187 1807 4233 et
1847 4179 1994 4249 quod

400 4271 624 4333 pr0pter
659 4265 878 4323 occisos
909 4265 1284 4323 lsraelitarutn
1308 4269 1572 4335 infantes,
1608 4269 1991 4341 Egyptiorum

400 4357 797 4427 pritnogenitos
836 4375 1009 4423 mors,
1044 4369 1098 4415 et
1129 4362 1441 4417 submersio
1474 4363 1647 4433 (ipsos
1674 4363 1992 4437 Egyptios)

398 4447 728 4503 sustulerit:
779 4455 834 4503 et
882 4465 982 4520 pro
1033 4458 1209 4506 morte
1263 4452 1775 4523 primogenitorum,
1838 4455 1994 4509 salus

394 4539 583 4592 lsraeli
640 4555 741 4610 per
800 4543 1123 4613 sanguinem
1180 4545 1308 4613 agni
1353 4559 1617 4600 concessa
1652 4546 1742 4600 sit.
1782 4545 1848 4599 Et
1892 4562 1994 4617 pro

2095 3364 2216 3418 Ὅτι
2238 3365 2476 3435 χάλαζαν
2491 3365 2811 3429 Αἰγυπτίοις
2831 3363 2968 3434 μετὰ
2990 3382 3061 3417 πυ
3071 3362 3162 3435 ρός
3177 3362 3274 3416 ἐπε
3282 3362 3390 3432 μψε
3407 3362 3549 3433 πρὸς
3569 3362 3694 3416 δια-

2093 3456 2298 3528 φθορὰν
2360 3458 2737 3529 γεννημάτων.
2776 3457 2899 3509 Ὅτι
2935 3458 3050 3518 τοῖς
3103 3455 3425 3524 Αἰγυπτίοις
3476 3454 3696 3526 ἔπεμψε

2090 3547 2407 3619 ψηλαφητὸν
2445 3549 2670 3615 σκότος,
2729 3548 2825 3601 καλ⁸
2874 3546 2944 3600 τά
2992 3549 3051 3600 ὲν
3099 3546 3248 3617 αὑτῷ
3295 3547 3468 3600 κακά·
3490 3549 3607 3609 τοῖς
3634 3545 3696 3600 δὲ

2092 3640 2265 3703 ὁσίοις
2301 3639 2467 3694 αὐτοῦ
2498 3639 2616 3709 φῶς
2645 3641 2703 3693 ὲν
2717 3638 2999 3708 Αίγύπτῳ,
3021 3638 3117 3691 καὶ
3135 3639 3193 3690 ὲν
3208 3640 3274 3709 τῇ
3292 3638 3483 3709 ἐρήμῳ
3498 3636 3696 3691 στῦλον

2093 3730 2289 3801 πυρός.
2320 3731 2431 3785 Καὶ
2488 3730 2608 3785 ἀντὶ
2638 3729 2737 3800 μὲν
2776 3729 3009 3783 θανάτου
3039 3720 3253 3799 νὴπίων
3310 3727 3528 3800 Ἰσραὴλ
3581 3729 3695 3784 τῶν

2094 3819 2412 3888 Αἰγυπτίων
2444 3820 2805 3890 πρωτοτόκων
2827 3819 3057 3882 θάνατος
3087 3819 3182 3873 καὶ
3215 3818 3689 3887 καταποντισμός·

2093 3912 2215 3966 ἀντὶ
2266 3910 2323 3963 δὲ
2367 3909 2599 3965 θανάτου
2652 3911 3038 3981 πρωτοτόκων,
3073 3909 3321 3981 σωτηρία
3371 3907 3586 3979 Ἰσραὴλ
3624 3907 3695 3961 δι’

2094 4003 2330 4073 αἵματος
2379 4000 2677 4073 προϐάτου.
2729 4002 2838 4054 Καὶ
2867 4002 2960 4055 ἐπὶ
2992 4002 3088 4072 μὲν
3121 3999 3338 4070 θανάτῳ
3383 3998 3608 4052 δικαίων
3634 4001 3695 4051 ἐν

2095 4093 2289 4164 ἐρήμῳ
2356 4089 2569 4163 Ἀαρὼν
2614 4089 2922 4157 ὲξιλάσατο,
2986 4091 3176 4163 Κυρίῳ
3224 4088 3693 4161 προσευξάμενος,

2096 4186 2192 4238 καὶ
2213 4183 2488 4256 θυμιάσας
2508 4201 2522 4215 ·
2556 4185 2650 4238 ἐπὶ
2690 4184 2747 4239 δὲ
2772 4184 2989 4256 θανάτῳ
3019 4185 3333 4254 Αίγυπτίων
3356 4184 3415 4234 ἐν
3456 4180 3696 4252 Ἐρυθρᾷ

2097 4275 2344 4348 θαλάσσῃ
2401 4276 2719 4348 άνελεήμων
2776 4275 2948 4346 θυμός
2969 4294 2983 4308 ο
3023 4274 3117 4330 τοῦ
3143 4275 3201 4329 δὲ
3225 4273 3357 4328 λαοῦ
3390 4269 3696 4344 παράδοξος

2095 4368 2398 4439 ὁδοιπορία.
2430 4368 2554 4421 ’Ότι
2593 4367 2680 4420 διὰ
2711 4366 3022 4438 μισοξενίαν
3054 4366 3257 4420 ἔπαθον
3309 4362 3483 4420 ταῦτα
3511 4363 3560 4415 0i
3596 4362 3698 4414 At-

2097 4460 2339 4528 γύπτιοι,
2372 4459 2448 4522 ὡς
2480 4459 2574 4512 καὶ
2593 4460 2642 4511 οί
2683 4458 2990 4529 Σοδομῖται.
3026 4458 3150 4511 Ὅτι
3175 4456 3246 4510 τὰ
3284 4457 3526 4527 στοιχεῖα
3554 4454 3696 4507 ὑπό-

2097 4568 2274 4605 κειται
2329 4554 2396 4623 τῇ
2440 4550 2563 4620 θείᾳ
2608 4551 2791 4622 κρίσει
2835 4549 3113 4622 Χριστοῦ,
3174 4549 3312 4622 πρὸς
3355 4548 3385 4602 ὃ
3444 4546 3696 4619 βούλεται

392 4637 570 4684 morte
617 4630 898 4700 justorum
954 4635 1011 4688 in
1073 4635 1400 4703 solitudine,
1458 4636 1641 4691 Aaron
1696 4636 1986 4693 Dominum

2101 4644 2494 4716 ῥυθμιζόμενα,
2527 4642 2603 4705 ὡς
2649 4643 2840 4714 χορδαὶ
2883 4642 3116 4714 κιθάρας
3164 4641 3245 4711 τῷ
3312 4638 3650 4711 κιθαρίζοντι
3677 4654 3691 4665 ·

390 4723 648 4792 precibus
700 4730 755 4779 et
821 4725 1049 4781 incenso
1110 4728 1344 4797 placarit
1400 4746 1413 4783 :
1471 4744 1574 4799 pro
1621 4738 1797 4786 morte
1851 4748 1985 4787 vero

2098 4738 2151 4790 ὲν
2178 4731 2260 4800 οἷς
2292 4736 2389 4790 καὶ
2424 4736 2457 4806 ή
2500 4736 2651 4788 πᾶσα
2699 4735 2932 4806 δύναμις
2968 4734 3069 4805 τῆς
3106 4734 3311 4804 Σοφίας
3346 4730 3697 4802 Σολομῶντος

386 4809 786 4884 Αὲεγρῑὶοιυυῐη
821 4815 877 4870 in
907 4818 1043 4871 mari
1075 4816 1289 4886 Rubro,
1322 4818 1488 4875 fuerit
1518 4821 1600 4875 ira
1651 4820 1745 4876 Dei
1776 4823 1985 4893 absque

2098 4828 2190 4899 τῆς
2221 4827 2522 4898 λεγομένης
2558 4825 2670 4896 (Ἥ)
2695 4826 3034 4897 Παναρέτου.

388 4905 792 4974 misericordia,
814 4920 869 4963 et
920 4911 1245 4982 iterpopuli
1273 4914 1540 4969 insolens.
1575 4915 1729 4980 Quod
1764 4898 2007 4987 propter.
2045 4920 2504 4975 inhumanitatem
2549 4934 2678 4990 erga
2728 4921 2968 4975 advenas
3040 4919 3181 4974 mala
3230 4918 3334 4972 ista
3383 4914 3533 4986 passi
3579 4914 3701 4968 sint

315 5007 320 5015 '
386 4997 651 5072 Egyptii,
675 5001 1137 5071 quemadmodum
1166 5014 1220 5059 et
1246 5003 1560 5062 Sodomitas.
1595 5006 1751 5073 Quod
1788 5011 2057 5066 elenenta
2096 5014 2283 5069 divino
2323 5013 2531 5068 Christi
2559 5013 2771 5082 judicio
2807 5012 3044 5074 subsint,
3084 5012 3151 5065 ad
3188 5011 3336 5065 illius
3380 5004 3676 5078 imperium

387 5108 489 5163 pro
545 5091 773 5145 arbitrio
813 5101 1025 5163 parata,
1087 5094 1233 5149 sicut
1271 5095 1494 5150 chorda:
1559 5098 1789 5154 cithara:
1821 5101 2089 5158 citharam
2148 5104 2409 5173 pulsanti.
2464 5102 2524 5157 ln
2556 5103 2665 5175 Lghis
2717 5102 3214 5174 comprehenditur
3277 5100 3460 5156 omnis
3515 5098 3697 5153 virtus

388 5184 687 5257 Sapientia:
726 5184 1059 5253 Salomonis,
1113 5204 1280 5259 quam
1323 5188 1630 5248 Panareton
1686 5203 1908 5252 vocant.

567 5350 724 5422 133
752 5350 911 5408 Liber
940 5351 1229 5424 Sapientia:
1257 5354 1386 5409 Jesu
1428 5357 1531 5427 ﬁlii
1574 5357 1786 5414 Sirach.

455 5438 550 5499 ιθ.
583 5443 685 5499 Hic
712 5444 875 5502 Jesus
907 5447 1052 5502 [ilius
1100 5449 1323 5519 quidem
1374 5448 1480 5504 fuit
1537 5449 1773 5507 Sirach:
1810 5468 1983 5524 nepos

2309 5362 2552 5416 Bt6.llor
2575 5361 2800 5431 Σοφίας
2827 5358 3036 5426 Ἰησοῦ
3070 5357 3205 5411 υίοῦ
3237 5356 3462 5425 Σηράχ.

2163 5454 2253 5509 46.
2287 5455 2496 5525 Ἰησοῦς
2542 5448 2697 5518 οὗτος
2729 5452 2917 5526 Σηρὰχ
2970 5453 3069 5524 μὲν
3096 5447 3164 5525 ἦν
3203 5450 3339 5518 υἱὸς,
3373 5448 3596 5519 ἔγγονος
3635 5446 3697 5500 δὲ

455 5600 501 5633 ⁸¹
547 5598 678 5673 Sap.
725 5618 828 5669 vtt,
871 5605 962 5659 M.

464 5718 576 5794 (ει)
605 5720 974 5794 ῌαναρέτου.
1006 5721 1098 5777 Sic
1151 5725 1280 5780 item
1316 5733 1546 5780 vocatur
1602 5725 1690 5779 hic
1740 5725 1880 5778 liber
1914 5724 1983 5777 ab

2098 5724 2283 5793 ἀρετον
2329 5723 2521 5794 σοφίαν
2588 5729 2787 5778 vocant
2844 5719 3528 5794 librumProverbiorum.
3575 5720 3693 5794 Alii

384 5789 563 5867 Epiph
625 5790 697 5867 Qa
719 5793 1000 5867 mensuris,
1036 5809 1088 5861 p.
1125 5796 1248 5867 itii,
1281 5805 1335 5850 et
1368 5798 1435 5850 ab
1461 5797 1600 5867 aliis.
1636 5797 1703 5849 At
1731 5797 1984 5850 Clemens
2087 5789 2162 5847 ita
2186 5789 2417 5867 vocant
2454 5794 2789 5867 Sapientiam
2845 5789 3144 5862 Siracidis,
3195 5800 3251 5849 et
3300 5791 3524 5865 quidem
3557 5791 3686 5851 Nl-

387 5858 548 5918 Rom.
576 5858 795 5935 cpist._i
829 5861 896 5917 ad
913 5858 1073 5929 .CorI,
1093 5864 1420 5924 etCletncus
1446 5866 1601 5951 Alea.
1632 5876 1685 5923 et
1707 5867 1818 5934 alii,
1849 5882 1984 5921 παν-
2088 5865 2290 5939 gatius.
