3880 6186
123 429 235 483 577

1207 427 1544 484 SYNOPSIS
1584 427 2011 489 SCRIPTURJE
2056 432 2328 490 SACRE.

3322 439 3433 495 378

136 543 326 616 Ἰησοῦ
351 542 664 617 ὁμωνύμως
688 541 859 615 αὐτῷ.
887 536 1058 607 Οὗτος
1084 537 1177 597 οὗν
1209 546 1267 597 ὲν
1295 545 1507 615 χρόνοις
1537 545 1729 615 γέγονε

1838 558 2022 604 autem
2070 548 2203 606 Jesu
2235 549 2340 605 sibi
2396 547 2762 619 cognominis.
2797 546 2899 603 Hie
2926 549 3109 620 itaque
3140 550 3192 604 in
3220 560 3433 622 tempo-

126 637 290 691 κάτω
347 636 489 709 μετά
535 636 636 706 τὴν
681 636 1080 708 αἰχμαλωσίαν,
1131 636 1227 690 καὶ
1272 637 1592 707 ἀνάκλησιν,
1638 641 1733 693 καὶ

90 770 95 773 .
133 728 280 799 μετά
304 729 436 791 τοὺς
462 727 752 798 προφήτας
776 727 1042 790 ἅπαντας.
1087 728 1145 781 '0
1173 722 1268 781 οὖν
1311 727 1533 792 πάππος
1563 728 1733 783 αὑτοῦ

126 819 374 893 Ἰησοῦς,
410 819 555 873 καθὰ
583 819 747 883 αὐτὸς
788 820 1077 891 μαρτυρεῖ,
1110 817 1394 887 φιλόπονός
1425 836 1483 872 τε
1510 820 1733 889 γέγονεν

127 914 157 966 ὁ
182 910 329 983 ἀνὴρ
354 913 453 965 καὶ
484 910 917 983 φρονιμώτατος,
944 909 1004 974 ὃς
1023 911 1085 963 οὐ
1112 911 1271 981 μόνον
1295 911 1365 964 τὰ
1392 912 1593 983 ἐτέρων
1625 913 1734 968 τῶν

128 1005 242 1076 πρὸ
269 1003 441 1058 αὐτοῦ
471 1003 708 1057 συνετῶν
734 1002 946 1074 ἀνδρῶν
975 1003 1377 1073 ἀποφθέγματα
1404 1006 1733 1075 συνήγαγεν,

127 1097 273 1150 ἀλλά
305 1097 405 1150 καὶ
443 1096 607 1159 αὐτὸς
648 1094 761 1149 ῖδιά
789 1112 913 1148 τινα
951 1093 1353 1164 ἀπεφθέγξατο,
1389 1096 1594 1167 πολλῆς
1642 1114 1734 1152 σο⁴⁹

129 1189 265 1259 φίας
300 1188 400 1242 καὶ
455 1187 723 1250 συνέσεως
772 1186 1032 1257 γέμοντα.
1078 1187 1233 1240 Ἐπεὶ
1274 1182 1369 1241 οὖν
1411 1187 1510 1260 τὴν
1553 1189 1734 1260 βίϐλον

128 1281 341 1354 ταύτην
384 1282 415 1335 ὁ
462 1288 512 1336 α’
553 1278 764 1352 Ἰησοῦς
819 1279 930 1352 (2‘2)
968 1281 1283 1334 καταλιπὼν
1326 1281 1385 1349 ἐξ
1430 1280 1736 1353 ἀνθρώπων

127 1373 339 1445 ῷχητο,
376 1372 567 1447 Σηράχ
594 1374 622 1424 ὁ
652 1372 767 1435 υἱὸς
798 1372 916 1443 μετ’
942 1372 1105 1426 αὐτὸν
1137 1372 1338 1437 λαϐὼν,
1367 1373 1528 1428 πάλιν
1556 1373 1635 1445 τῷ
1659 1376 1737 1428 oi-

128 1466 265 1538 κείῳ
296 1466 453 1520 παιδὶ
487 1465 778 1519 κατέλιπεν
812 1464 1011 1537 Ἰησοῦ.
1049 1467 1146 1530 Ὃς
1173 1465 1238 1538 δὴ
1270 1466 1476 1539 ταύτης
1502 1467 1737 1540 λαϐόμε-

128 1577 239 1624 νος,
265 1562 350 1623 είς
378 1559 439 1612 ἒν
468 1559 687 1613 ἃπασαν
730 1556 1056 1629 ἐναρμόνιον
1087 1557 1376 1630 σύνταγμα
1423 1560 1735 1631 ποιησάμε-

128 1670 241 1719 νος,
293 1652 499 1721 Σοφίαν
531 1652 623 1705 ἐπί
653 1667 715 1704 τε
746 1649 825 1721 τῷ
861 1650 1050 1715 αὐτοῦ,
1095 1652 1189 1705 καὶ
1232 1651 1312 1724 τῷ
1354 1651 1449 1707 τοῦ
1498 1653 1733 1726 Πατρὸς,

131 1745 228 1797 καὶ
262 1742 343 1814 τῷ
374 1741 472 1796 τοῦ
506 1743 734 1796 πάππου
773 1742 1000 1813 ὀνόματι
1049 1744 1436 1816 ὲπικέκληκεν,
1480 1744 1540 1811 ἐξ
1568 1744 1733 1799 αὐτοῦ

129 1834 227 1890 τοῦ
253 1835 358 1906 τῆς
394 1836 589 1906 σοφίας
616 1834 880 1906 ὀνόματος
907 1836 1215 1907 ἀγαπητῶς
1245 1837 1445 1909 μᾶλλον
1472 1839 1617 1910 ἔχειν
1643 1840 1736 1893 τὸν

1838 641 1991 696 ribus
2022 642 2156 697 vixit
2182 657 2305 712 quae
2350 642 2648 696 subsecuta
2699 649 2828 696 sunt
2861 643 3253 712 captivitatem.
3303 645 3431 699 red-

1838 735 1975 789 itum
2008 743 2062 791 et
2092 736 2389 806 prophetas
2451 748 2665 789 omnes.
2700 734 2851 789 Avus
2874 751 3003 806 ergo
3048 734 3212 805 hujus
3240 734 3425 802 Jesus,

1836 827 2298 898 quemadmodum
2334 834 2389 881 et
2417 826 2535 895 ipse
2570 833 2832 893 testatur,
2864 827 2953 881 vir
2980 826 3084 881 fuit
3122 827 3429 886 industrius

1837 926 1890 974 et
1924 920 2406 989 prudentissimus,
2425 928 2479 973 et
2502 935 2609 974 non
2634 920 2810 975 solum
2841 921 3182 992 superiorum
3215 932 3341 978 ante
3365 940 3426 980 se

1838 1010 2146 1078 sapientum
2194 1011 2658 1082 apoplnhegmata
2698 1012 2937 1082 collegit,
2974 1014 3069 1068 sed
3099 1022 3155 1067 et
3204 1017 3430 1086 propria

1807 1101 2085 1173 ,qutedam
2119 1101 2186 1158 de
2206 1118 2309 1158 suo
2342 1103 2567 1173 adjecit,
2601 1104 2772 1157 multa
2798 1104 3069 1175 sapientia
3092 1116 3147 1161 et
3188 1108 3431 1178 pruden-

1838 1193 1914 1247 tia
1969 1192 2190 1249 rel‘erta.
2222 1193 2358 1249 Cum
2399 1194 2569 1266 igitur
2605 1195 2753 1249 hunc
2780 1196 2980 1251 librum
3037 1198 3188 1270 prior
3207 1197 3369 1255 Jesus
3397 1214 3430 1255 ο

1837 1285 1978 1342 vivis
2028 1285 2318 1343 discedens
2347 1294 2473 1358 post
2531 1303 2591 1343 se
2645 1290 2983 1360 reliquisset,
3051 1289 3246 1347 Siracb
3283 1293 3429 1349 illius

1836 1378 1960 1447 ejus
2001 1388 2307 1449 acceptum,
2356 1377 2490 1435 Jesu
2538 1378 2650 1435 ﬁlio
2706 1396 2809 1437 suo
2855 1382 3099 1453 reliquit.
3150 1382 3200 1439 ls
3242 1394 3431 1455 postea

1838 1470 2043 1539 scripta
2073 1470 2165 1524 illa
2191 1471 2247 1525 in
2284 1486 2454 1525 unum
2486 1486 2724 1542 eumque
2761 1487 2857 1542 per
2889 1474 3074 1529 omnia
3105 1477 3430 1531 continuum

1838 1559 2088 1615 ordinem
2114 1560 2351 1632 digesta,
2376 1562 2480 1617 sub
2512 1579 2613 1619 suo
2647 1563 2822 1634 patris
2856 1571 2910 1617 et
2947 1565 3034 1618 avi
3066 1567 3286 1623 nomine
3324 1566 3428 1623 Sa-

1838 1652 2101 1723 pientiam
2130 1653 2369 1719 vocavit,
2421 1662 2483 1709 ut
2522 1655 2643 1726 ipso
2680 1654 2977 1725 Sapientia:
3021 1657 3244 1714 nomine
3272 1659 3431 1713 audi-

1839 1751 2013 1799 torem
2073 1744 2341 1807 alliceret,
2397 1753 2451 1801 et
2502 1747 2571 1801 ad
2622 1746 3036 1803 meditationem
3091 1749 3215 1804 libri
3265 1750 3431 1821 hujus

1840 1845 2091 1893 amanter
2127 1838 2538 1909 suscipiendam
2572 1849 2919 1910 provocaret.
2948 1841 3208 1898 Continet
3247 1856 3429 1899 autem

131 1928 415 2000 ἀκροατὴν
447 1929 587 1999 πρὸς
631 1926 731 1999 τὴν
765 1929 937 2000 αὐτὴν
976 1930 1075 2001 τῆς
1121 1908 1305 2000 βίϐλου
1351 1908 1583 2003 μελέτην
1611 1933 1731 1985 ὲπι-

1841 1927 1932 1982 hic
1960 1928 2101 1983 liber
2151 1945 2437 1986 sermones
2480 1930 2806 2001 prudentiae,
2834 1933 3124 2005 aenigmata
3180 1945 3234 1991 et
3267 1951 3432 2006 para-

133 2020 447 2091 mbpevog.
477 2020 687 2088 Λόγους
717 2017 811 2075 οὖν
840 2021 1181 2093 φρονήσεως,
1222 2022 1525 2095 αἰνίγματά
1548 2041 1608 2076 τε
1642 2024 1737 2079 καὶ

132 2114 458 2184 παραϐολὰς
488 2114 756 2187 περιέχει,
784 2116 878 2170 καὶ
915 2114 1153 2188 μερικάς
1179 2133 1332 2179 τινας
1361 2115 1601 2180 παλαιὰς
1627 2114 1739 2169 θεο-

131 2205 310 2273 φιλεῖς
343 2206 612 2277 ἱστορίας,
645 2206 774 2278 περί
811 2224 871 2260 τε
904 2206 1117 2278 ἀνδρῶν
1147 2207 1632 2279 εὐαρεστησάντων
1658 2206 1736 2279 τῷ

130 2298 274 2368 Θεῷ,
301 2299 403 2353 καὶ
432 2300 600 2372 εὐχὴν
626 2299 722 2352 καὶ
751 2300 921 2371 ὕμνον
947 2298 1148 2355 αὐτῶν.
1174 2299 1297 2354 Ἔτι
1341 2299 1399 2353 δὲ
1437 2293 1512 2354 ὧν
1542 2301 1571 2353 ὁ
1603 2300 1737 2365 Θεὸς

129 2391 466 2463 εὐεργεσιῶν
509 2391 710 2462 ἠξίωσε
745 2392 838 2446 τὸν
884 2391 1013 2447 λαὸν
1048 2391 1238 2457 αὐτοῦ,
1278 2394 1373 2447 καὶ
1413 2386 1490 2447 ὧν
1532 2392 1735 2465 ἔπλησε

130 2484 321 2538 κακῶν
351 2485 483 2548 τοὺς
514 2484 744 2557 ἐχθροὺς
776 2484 977 2539 αὐτῶν.
1024 2485 1259 2549 Ὀπαδδς
1291 2485 1473 2539 τοίνυν
1500 2484 1592 2538 τοῦ
1636 2486 1735 2539 Σο·-

130 2573 415 2645 λομῶντος
441 2569 596 2639 οὗτος
628 2577 657 2628 ὁ
691 2576 904 2647 Ἰησοῦς
934 2576 1198 2647 γεγονὼς,
1226 2576 1379 2630 οὐδὲν
1400 2572 1563 2650 ἦττον
1591 2577 1736 2630 ὲκεί-

131 2684 221 2721 νου
260 2668 396 2740 περὶ
427 2667 528 2740 τὴν
560 2667 754 2739 σοφίαν
783 2669 876 2722 καὶ
917 2668 1164 2722 παιδείαν
1200 2669 1515 2742 ἠρίστευσε,
1567 2669 1733 2722 πολυ-

135 2758 314 2832 μαθὴς
346 2758 571 2832 ἀληθῶς
603 2760 700 2814 καὶ
727 2758 803 2812 ὣν
838 2760 930 2812 καὶ
961 2759 1317 2831 καλούμενος.
1363 2758 1526 2813 Ἀλλὰ
1573 2774 1731 2831 περι-

133 2853 264 2923 οχὴν
314 2853 441 2922 μὲν,
476 2852 553 2916 ὡς
593 2850 658 2905 ἀν
682 2868 768 2916 τις
793 2853 959 2919 εἴποι,
998 2851 1202 2924 ταύτην
1246 2851 1359 2922 ἔχει
1401 2851 1465 2904 τὸ
1507 2849 1730 2921 βιϐλίον.

134 2944 241 3016 Τὴν
270 2944 331 2997 δὲ
361 2942 842 3013 ἀνακεφαλαίωσιν
871 2944 1047 2998 ίστέον
1072 2943 1268 3007 οὕτως.
1309 2943 1399 2997 Ἐν
1427 2943 1734 3016 προοιμίοις

134 3037 230 3103 μὲν
284 3036 421 3108 περὶ
468 3036 654 3107 πάσης
700 3037 893 3107 σοφίας
940 3038 1146 3110 Κυρίου
1190 3037 1491 3109 διηγεῖται·
1541 3036 1732 3091 ἔπειτα

134 3129 258 3201 περὶ
299 3128 504 3200 θυμοῦ,
540 3131 636 3184 καὶ
670 3128 860 3200 φόϐου,
898 3130 993 3184 καὶ
1026 3131 1290 3200 ἀφοϐίαςο
1344 3130 1474 3200 περὶ
1506 3130 1732 3203 ἐπιστή-

137 3236 241 3289 μης
284 3219 515 3288 σοφίαςο
550 3218 682 3291 περὶ
731 3218 1041 3289 θεοφοϐίας,
1092 3219 1221 3291 περὶ
1263 3218 1359 3272 τοῦ
1409 3219 1520 3272 δεῖν
1559 3220 1731 3291 χωρὶς
1757 3248 1802 3308 c

132 3310 483 3381 ὑποκρίσεως
532 3308 818 3383 προσιέναι
872 3309 1025 3382 Θεῷ*
1076 3313 1206 3384 περὶ
1255 3309 1581 3383 πειρασμῶν
1637 3310 1732 3364 καὶ

131 3402 444 3474 ὑπομονῆς⁸
474 3405 604 3476 περὶ
637 3404 837 3469 δειλίας
877 3404 973 3457 καὶ
1006 3403 1279 3467 ἐκλύσεως
1300 3420 1313 3434 ο
1354 3405 1482 3475 περὶ
1510 3403 1733 3475 ἀγάπης

129 3496 337 3566 Κυρίου
355 3513 372 3526 θ
410 3498 543 3569 περὶ
573 3498 740 3569 τιμῆς
764 3498 864 3569 τῆς
902 3498 984 3560 είς
1012 3497 1140 3560 τοὺς
1161 3498 1341 3566 γονεῖς
1360 3513 1373 3527 ⁸
1404 3496 1533 3570 περὶ
1559 3498 1733 3569 πρᾳό-

125 3605 288 3661 τητος
319 3591 422 3643 καὶ
459 3590 764 3654 ἐπιεικείας
806 3589 1102 3644 ταπεινοῦο
1156 3590 1285 3662 περὶ
1303 3585 1609 3663 προπετοῦς
1640 3590 1734 3645 καὶ

126 3681 513 3736 ἀνυποτάκτου
570 3680 856 3753 ζητήσεως
903 3680 1015 3736 τῶν
1078 3681 1156 3754 μὴ
1202 3682 1694 3756 προστεταγμένων
1714 3699 1729 3714 ο

129 3774 258 3846 περὶ
308 3773 749 3846 σκληροκαρδίου
794 3775 889 3829 καὶ
922 3774 1299 3848 ὑπερηφάνου,
1333 3775 1462 3846 περὶ
1505 3772 1730 3829 συνετοῦ

130 3866 225 3920 καὶ
250 3865 534 3937 εὐμαθῶς
559 3866 697 3937 (33),
728 3868 823 3921 mi.
847 3867 1137 3940 ὲλεήμονος
1163 3868 1256 3921 καὶ
1301 3868 1553 3940 ὀρφανῶν
1601 3884 1732 3940 προ-

129 3961 363 4013 etiam“
416 3959 557 4030 πρὸς
595 3958 749 4029 φίλον
788 3959 1151 4014 ὑποτακτικὸν
1179 3960 1275 4014 καὶ
1316 3960 1533 4032 ἐπιεικῆ
1558 3977 1573 3993 υ
1603 3961 1732 4033 περὶ

125 4050 464 4121 ἀνυψώσεως
488 4050 620 4104 υίῶν
642 4052 741 4122 τῆς
764 4051 956 4122 σοφίας
974 4067 987 4081 ⁸
1016 4051 1144 4123 περὶ
1165 4050 1534 4118 ἀνυποταξίας
1564 4068 1732 4123 πονη-

129 4146 273 4218 ρῶν⁶
311 4147 410 4201 καὶ
454 4145 587 4216 περὶ¹
618 4143 880 4215 αἰσχύνης
920 4143 1192 4216 βλαϐερᾶς
1237 4144 1332 4198 καὶ
1375 4142 1726 4213 ὲπωφελοῦςο

130 4238 203 4311 μὴ
232 4238 344 4308 πρὸ
376 4236 490 4290 τῶν
532 4235 713 4307 ἔργων
744 4237 870 4299 τοὺς
894 4233 1108 4304 λόγους,
1148 4233 1285 4305 μηδὲ
1318 4232 1729 4288 ἐθελοδιδάσκα-

127 4329 215 4393 λος
258 4329 439 4399 γίνου.
472 4329 612 4396 Περὶ
653 4326 749 4381 τοῦ
787 4326 861 4399 μὴ
892 4326 1003 4380 δεῖν
1038 4326 1281 4380 δεδέσθαι
1318 4325 1469 4397 πόθῳ
1503 4325 1725 4398 χρημά-

125 4439 253 4486 των,
289 4422 431 4494 μηδὲ
463 4419 674 4475 οἴεσθαι
718 4419 1027 4491 ἀτιμωρητὶ
1067 4418 1419 4490 ἁμαρτάνειν,
1448 4419 1552 4472 κᾶν
1584 4436 1729 4492 παρ-

126 4515 326 4569 αυτίκα
394 4513 473 4586 μὴ
519 4513 700 4584 δῶμεν
742 4510 840 4583 τὴν
885 4511 1157 4583 τιμωρίαν
1183 4529 1196 4541 ·
1237 4512 1589 4583 μακρόθυμος
1621 4511 1730 4583 γάρ

1837 2017 2015 2081 boias,
2045 2020 2111 2075 ad
2143 2020 2259 2076 haec
2302 2034 2357 2077 et
2404 2023 2525 2092 pias
2575 2024 2843 2093 quasdam
2871 2033 3120 2081 veterum
3170 2027 3431 2085 historias

1837 2109 1906 2165 de
1938 2111 2073 2167 viris
2106 2110 2217 2166 Deo
2268 2114 2531 2183 acceptis,
2584 2122 2639 2169 et
2690 2115 2855 2171 simul
2900 2117 3118 2172 illorum
3160 2135 3351 2189 preces
3379 2130 3434 2174 et

1839 2201 2126 2273 hymnum.
2164 2201 2437 2259 Praeterea
2468 2204 2536 2260 de
2585 2205 2891 2270 beneﬁciis,
2930 2208 3134 2278 quibus
3171 2212 3432 2281 populum

1838 2309 1999 2349 suum
2031 2293 2177 2350 Deus
2194 2295 2453 2366 dignatus
2477 2304 2581 2361 est,
2617 2306 2671 2352 et
2691 2298 2760 2353 de
2794 2300 2976 2365 malis,
3011 2302 3213 2371 quibus
3247 2303 3434 2359 hostes

1836 2386 2082 2456 ipsorum
2108 2385 2307 2442 aliecit.
2345 2387 2446 2443 Hie
2472 2390 2659 2460 itaque
2689 2389 2875 2454 Jesus,
2920 2407 3046 2445 cum
3079 2402 3226 2449 esset
3276 2391 3433 2449 Salo-

1834 2477 2015 2532 monis
2046 2486 2307 2546 sectator,
2344 2480 2486 2536 haud
2521 2481 2704 2537 minus
2744 2481 2839 2536 illo
2881 2482 2936 2537 in
2986 2484 3312 2540 illustranda
3337 2502 3431 2541 sa-

1835 2568 2045 2639 pientia
2068 2580 2122 2626 et
2156 2571 2379 2641 pietatis
2433 2573 2730 2645 disciplina
2771 2582 3063 2630 strenuum
3117 2591 3178 2631 se
3234 2578 3430 2647 gessit,

1833 2679 1963 2719 vere
1986 2663 2299 2721 multiscius
2323 2666 2598 2722 exsistens
2614 2673 2669 2721 et
2699 2667 2773 2721 ita
2795 2667 2996 2723 dictus.
3025 2666 3178 2722 Hanc
3210 2670 3430 2739 quidem

1834 2753 2294 2825 complexionem,
2332 2762 2392 2809 ut
2423 2756 2500 2812 ita
2527 2757 2730 2821 dicam,
2767 2757 2935 2812 habet
2988 2757 3095 2813 iste
3135 2757 3276 2813 liber
3305 2777 3317 2813 :
3344 2775 3431 2813 re-

1834 2846 2158 2917 capitulatio
2184 2862 2311 2902 vero
2354 2847 2422 2902 ad
2455 2849 2603 2903 hunc
2652 2847 2881 2903 modum
2912 2850 3297 2919 cognoscenda
3324 2858 3428 2905 est.

1834 2938 1895 2994 In
1930 2940 2201 3010 prommio
2249 2941 2319 2996 de
2369 2942 2519 2995 omni
2570 2940 2855 3011 Sapientia
2912 2941 3129 2997 Domini
3169 2942 3429 3012 disserit;

1835 3032 2035 3089 deinde
2065 3034 2133 3089 de
2160 3033 2262 3099 ira,
2294 3033 2361 3089 de
2397 3042 2541 3088 metu
2562 3033 2700 3106 (24),
2726 3036 2900 3105 deque
2931 3036 3116 3089 animo
3145 3036 3433 3107 imperter-

1833 3123 1971 3192 rito;
2000 3124 2069 3179 de
2105 3123 2339 3179 scientia
2387 3126 2674 3195 sapientiae
2703 3144 2718 3181 :
2748 3126 2818 3181 de
2871 3127 3070 3184 timore
3130 3126 3245 3190 Dei,
3279 3129 3428 3199 quod

1833 3225 2085 3289 oporteat
2107 3217 2316 3289 absque
2362 3219 2640 3290 hypocrisi
2675 3222 2941 3278 accedere
2986 3223 3055 3277 ad
3092 3221 3316 3292 -Deum;
3361 3223 3432 3279 de

1836 3310 2238 3366 tentationibns
2272 3319 2327 3366 et
2358 3312 2620 3381 patientia
2650 3331 2664 3380 ;
2717 3312 2784 3368 de
2822 3314 3118 3371 timiditate
3164 3324 3218 3371 et
3244 3317 3430 3371 animo

1835 3403 2081 3474 dejecto;
2112 3403 2180 3460 de
2224 3405 2521 3462 dilectione
2569 3406 2820 3476 Domini;
2870 3408 2938 3463 de
2968 3409 3308 3465 bonorandis
3333 3425 3431 3479 pa-

1837 3495 2121 3562 rentibus;
2155 3495 2223 3550 de
2261 3497 2689 3553 mansuetudine
2736 3506 2791 3554 et
2819 3500 3080 3570 mquitate
3129 3501 3296 3554 animi
3326 3501 3430 3556 bu-

1835 3586 2019 3653 milis;
2052 3586 2121 3642 de
2152 3595 2410 3657 proterva
2470 3595 2526 3644 et
2581 3591 2874 3644 temeraria
2909 3590 3311 3661 perquisitione
3346 3606 3432 3646 rc-

1834 3693 1981 3744 rum,
2016 3696 2139 3752 qua:
2161 3690 2447 3752 praecepta:
2480 3698 2590 3737 non
2615 3690 2780 3751 sunt;
2809 3684 2877 3739 de
2906 3685 3199 3754 praefracto
3230 3699 3296 3739 ac
3331 3700 3428 3740 su-

1835 3772 2005 3842 perbo
2037 3789 2051 3837 ;
2088 3772 2155 3826 de
2187 3773 2525 3842 intelligente
2546 3783 2600 3827 et
2640 3773 2834 3840 docto;
2869 3774 2938 3829 de
2984 3774 3343 3831 misericorde
3372 3783 3429 3830 et

1834 3863 2169 3934 pupillorum
2198 3872 2454 3934 patrono,
2506 3865 2572 3919 ad
2605 3866 2843 3919 amicum
2871 3866 3338 3937 obtemperantem
3371 3876 3426 3923 et

1833 3953 2180 4024 modestum;
2236 3955 2304 4011 de
2345 3956 2679 4013 exaltatione
2714 3958 2950 4014 ﬁliorum
3006 3960 3329 4030 sapientiai;
3357 3961 3426 4017 de

1834 4044 2185 4099 contumacia
2232 4044 2650 4114 improborum;
2691 4044 2759 4101 de
2796 4044 3007 4116 pudore
3058 4054 3171 4100 tam
3232 4046 3423 4113 noxio,

1835 4149 1998 4206 quam
2027 4135 2149 4190 utili
2175 4153 2191 4204 ;
2226 4134 2294 4191 de
2313 4151 2388 4197 eo
2419 4135 2566 4206 quod
2597 4137 2767 4191 verba
2784 4154 2894 4192 non
2910 4137 3142 4192 debeant
3162 4138 3424 4207 operibus

1833 4227 2100 4298 praeponi,
2129 4243 2231 4283 nec
2261 4229 2555 4299 quisquam
2600 4228 2798 4284 debeat
2834 4244 2935 4284 sua
2965 4238 3161 4300 sponte
3189 4229 3422 4287 docendi

1834 4320 2070 4375 ollicium
2128 4336 2418 4391 usurpare.
2486 4321 2643 4387 Quod
2678 4337 2841 4377 nemo
2898 4322 3093 4377 debeat
3147 4321 3423 4379 desiderio

1833 4412 2191 4484 pecuniarum
2225 4413 2429 4467 irretiri
2455 4453 2470 4477 ,
2507 4429 2609 4469 nec
2645 4423 2838 4483 putare
2872 4415 3018 4487 quod
3073 4415 3294 4486 impune
3327 4416 3425 4470 de-

1834 4504 2071 4573 linquat,
2105 4503 2322 4558 etiamsi
2348 4519 2457 4557 non
2483 4504 2669 4558 statim
2699 4519 2894 4574 pmnas
2925 4504 3253 4561 damus.Est
3273 4506 3421 4561 enim

129 4610 275 4661 ἐστιν
326 4609 358 4662 ό
397 4607 555 4669 Θεός’
599 4605 711 4658 δεῖν
753 4621 815 4658 τε
859 4602 1241 4671 ἐξιλάσκεσθαι
1287 4603 1473 4667 αὐτὸν,
1514 4603 1729 4685 καὶιμὴ

1836 4596 1981 4652 Deus
2008 4597 2372 4667 longanimis;
2405 4597 2551 4666 quod
2600 4598 2904 4652 curandum
2935 4598 3117 4663 nobis,
3154 4609 3212 4654 ut
3241 4601 3425 4670 place-

129 4697 469 4770 πορευθῆναι
504 4698 563 4750 ὲν
589 4696 855 4768 ἐπιθυμίᾳ
883 4694 1133 4765 καρδίας.
1168 4695 1307 4767 Περὶ
1340 4693 1435 4748 τοῦ
1470 4695 1545 4766 μὴ
1573 4711 1731 4766 περι-

129 4789 397 4862 φέρεσθαι
428 4789 599 4842 παντὶ
630 4789 836 4860 ἀνέμῳ,
866 4789 962 4843 καὶ
988 4788 1115 4861 περὶ
1140 4786 1410 4860 φλυαρίας
1438 4788 1533 4841 καὶ
1561 4788 1732 4859 ὑπερ-

127 4881 399 4952 ηφανίας’
458 4880 593 4952 περὶ
645 4880 965 4952 φιληδόνουο
1035 4880 1327 4950 δοκιμασία
1385 4878 1580 4933 πιστοῦ
1633 4880 1730 4934 καὶ

129 4974 360 5028 ἀπίστου
381 4992 396 5007 ο
426 4975 559 5045 περὶ
584 4972 833 5037 παιδείας
858 4973 1090 5045 Κυρίου,
1115 4973 1196 5026 ὅτι
1217 4972 1326 5025 ἀπὸ
1350 4972 1598 5044 νεότητος
1624 4972 1730 5036 ἕως

130 5064 316 5134 γήρως
349 5062 645 5134 ἐπιθυμεῖν
691 5061 857 5133 αὐτὴν
902 5062 1018 5116 δεῖ·
1058 5062 1187 5133 περὶ
1236 5060 1554 5132 ἀκροάσεως
1594 5063 1732 5115 ἀνω.

132 5155 365 5225 φελοῦςο
402 5156 533 5226 περὶ
573 5153 670 5209 τοῦ
715 5152 790 5227 μὴ
830 5152 1139 5224 προδιδόναι
1186 5153 1359 5223 φίλον,
1398 5153 1536 5226 μηδὲ
1567 5155 1731 5208 ἀστο-

130 5251 243 5319 χεῖν
274 5248 541 5318 γυναικὸς
574 5247 776 5318 σοφῆς·
802 5247 933 5319 περὶ
963 5245 1212 5311 οἰκετῶν,
1238 5246 1367 5319 περὶ
1396 5264 1497 5318 κτη
1508 5246 1721 5318 μάτων*

130 5339 260 5410 περὶ
298 5338 546 5391 τέκνων·
596 5336 728 5409 περὶ
769 5335 1076 5406 γυναικῶνο
1121 5336 1251 5408 περὶ
1303 5333 1399 5388 τοῦ
1435 5335 1512 5408 μὴ
1556 5353 1718 5391 κακο·

130 5433 325 5497 ποιεῖν,
359 5431 393 5502 ἢ
426 5429 733 5501 φιλαρχεῖν,
763 5429 797 5502 ἢ
824 5432 1185 5501 καταφρονεῖν
1208 5429 1562 5501 ἁμαρτάνειν.
1590 5429 1727 5503 Περὶ¹

128 5522 222 5576 τοῦ
261 5524 336 5595 μὴ
375 5522 671 5594 ψεύδεσθαι
716 5521 951 5593 ἀδελφῷ,
992 5521 1129 5594 μηδὲ
1174 5520 1436 5593 φλυαρεῖν
1466 5521 1560 5574 ἐπὶ
1588 5538 1727 5595 πρε‹

134 5614 439 5687 σϐυτέρων,
477 5613 614 5686 μηδὲ
660 5613 992 5685 δευτερῶσαι
1038 5613 1229 5684 λόγον’
1274 5614 1404 5688 περὶ
1437 5613 1595 5687 δόξης
1620 5632 1727 5669 πα·-

205 5814 315 5890 (33)
351 5816 520 5890 Editi,
556 5814 883 5890 utdg,_male.
918 5813 1200 5876 Masculus
1229 5817 1459 5890 legerat,
1494 5816 1718 5890 Ἰησοῦς.

206 5885 744 5976 βδὶξξξῦοωωει.
1287 5885 1309 5890 ⁷
1444 5885 1447 5886 ⁷
1556 5885 1591 5917 ’-

1830 4695 1941 4754 tur,
1959 4702 2028 4742 ne
2059 4687 2114 4741 in
2137 4687 2585 4757 concupiscentia
2604 4688 2788 4743 cordis
2810 4691 3245 4761 progrediamur.
3265 4690 3422 4757 Quod

1830 4794 1941 4833 non
1991 4779 2290 4855 debeamus
2329 4781 2528 4850 quovis
2588 4790 2748 4836 vento
2799 4782 3187 4849 circumferri;
3220 4783 3287 4837 de
3317 4800 3422 4836 nu-

1829 4872 2063 4942 gacitate
2122 4881 2177 4927 et
2233 4873 2582 4943 arrogantia;
2635 4874 2703 4929 de
2758 4876 3134 4944 voluptunrio;
3172 4875 3422 4944 Probatio

1829 4968 1924 5022 ﬁdi
1976 4975 2031 5023 et
2066 4967 2257 5031 infidi;
2310 4968 2377 5022 de
2407 4966 2701 5038 disciplina
2753 4967 2992 5031 Domini,
3045 4969 3191 5038 quod
3229 4969 3318 5022 illa
3350 4970 3418 5022 ab

1829 5061 2201 5117 adolescentia
2233 5059 2299 5114 ad
2325 5068 2668 5116 senectutem
2710 5077 2887 5132 usque
2917 5061 3276 5117 desideranda
3308 5061 3416 5127 sit;

1828 5153 1896 5209 de
1919 5154 2107 5208 auditu
2134 5153 2339 5217 inutili,
2386 5152 2535 5223 quod
2585 5153 2799 5209 amicus
2827 5154 2983 5224 prodi
3041 5168 3150 5208 non
3197 5153 3415 5219 debeat,

1826 5262 2010 5317 neque
2060 5244 2451 5301 declinandum
2483 5244 2557 5300 sit
2586 5260 2617 5298 a
2645 5246 2878 5301 muliere
2906 5246 3152 5316 sapiente
3176 5263 3199 5312 ;.
3219 5246 3284 5300 de
3317 5244 3417 5300 do-

1827 5338 2097 5402 mesticis,
2131 5339 2199 5393 de
2225 5337 2696 5408 possessionibus,
2754 5338 2822 5393 de
2880 5337 3088 5402 liberis,
3124 5338 3191 5393 de
3228 5338 3417 5391 uxoris

1826 5431 1949 5487 bus.
1994 5430 2149 5496 Quod
2203 5429 2408 5484 nemini
2459 5430 2666 5484 malum
2718 5428 2899 5485 facere
2951 5429 3270 5493 debeamus,
3315 5445 3416 5485 nec

1827 5523 2170 5579 dominatum
2227 5522 2460 5586 ambire,
2508 5537 2687 5592 neque
2746 5530 3099 5577 contemnere
3144 5522 3189 5579 si
3222 5538 3411 5595 pecce-

1827 5629 1974 5670 mus.
2008 5610 2165 5679 Quod
2195 5625 2299 5667 nec
2342 5610 2609 5666 debemus
2636 5610 2858 5666 mentiri
2890 5609 3069 5678 fratri,
3102 5625 3281 5683 neque
3304 5625 3411 5665 nuo

1906 5812 2020 5883 (24)
2054 5812 2335 5869 Masculus
2386 5808 2570 5880 habet,
2618 5809 2816 5868 Deinde
2844 5810 2910 5886 de
2944 5811 3132 5869 timore
3171 5809 3408 5873 Domini,

1828 5885 1892 5945 de
1923 5888 2029 5957 ira,
2059 5886 2124 5944 de
2149 5893 2310 5954 metu,
2344 5891 2453 5943 etc.
