3880 6186
415 337 520 395 579

1557 326 1617 383 Β.
1653 322 2128 381 ATHANASIUS.
2169 350 2240 362 —-
2272 314 2505 378 DUBIA.

3582 320 3695 378 580

374 472 386 527 η
416 451 533 523 gari
561 464 748 506 coram
793 445 1129 509 senioribus,
1175 459 1280 500 nec
1317 444 1522 499 iterare
1551 458 1897 509 sermonem;
1929 442 1998 497 de

2101 437 2247 511 τρδς,
2276 439 2310 510 ἦ
2354 436 2581 509 μητρὸς,
2616 437 2725 505 καὶἰ
2749 435 2878 508 crept
2912 436 3012 508 τῆς
3048 434 3190 490 κατά
3219 434 3352 492 Θεὸν
3375 437 3688 508 εὐλαϐείας,

416 544 588 614 gloria
616 541 789 613 patris
813 547 869 596 et
889 539 1088 594 matris
1114 553 1129 603 ;
1161 535 1230 591 de
1257 536 1570 592 reverentia
1611 550 1675 589 ac
1704 542 1853 589 metu
1877 531 1994 599 Dei;

414 636 482 690 de
512 633 847 690 honorandis
876 630 1274 695 sacerdotibus,
1307 636 1362 685 et
1390 629 1459 685 de
1481 627 1744 682 curandis
1760 626 1995 682 amictis.

415 726 573 795 Quod
603 727 873 796 cujusque
894 726 973 780 rei
1005 726 1167 779 linem
1200 722 1355 793 prius
1385 729 1633 790 oporteat
1658 719 1994 790 prospicere,

414 835 582 893 quam
638 819 911 873 actionem
944 816 1159 884 ordiri;
1208 813 1355 885 quod
1389 813 1659 882 cujusque
1701 811 1995 875 sermonis,

416 921 511 967 aut
567 910 771 980 negotii
827 907 1091 978 postremi
1136 913 1367 960 eventus
1427 901 1797 974 prospiciendi
1862 902 1994 956 sint.

415 1001 572 1070 Quod
594 1009 938 1057 vetustorum
962 998 1271 1068 sapientum
1295 996 1716 1050 dissertationes
1748 1002 1998 1048 contem-

415 1093 610 1147 nenda:
638 1108 745 1146 non
779 1091 912 1145 sint.
966 1087 1123 1142 Unde
1171 1088 1385 1140 oriatur
1414 1085 1717 1151 scortatio;
1755 1091 1995 1139 veterem

416 1185 654 1239 amicum
686 1199 795 1238 non
827 1197 950 1237 esse
1007 1180 1394 1240 deserendum,
1425 1194 1491 1233 eo
1527 1178 1671 1248 quod
1706 1176 1902 1232 similis
1926 1176 1997 1231 sit

415 1278 547 1331 vino
571 1292 712 1331 novo
748 1289 923 1329 novus
979 1273 1194 1326 amicus
1219 1286 1232 1322 :
1258 1271 1325 1325 de
1351 1250 1561 1324 artilice
1609 1270 1875 1340 sapiente,
1901 1269 1998 1323 do-

417 1374 573 1422 ctore
627 1367 851 1428 selecto,
875 1371 929 1419 et
956 1379 1082 1432 rege
1113 1362 1542 1432 imlisciplinato.
1560 1358 1715 1426 Quod
1742 1360 1995 1414 morbum

415 1458 743 1512 diuturnum
781 1463 1002 1525 expetat
1049 1453 1337 1509 medicus:
1377 1452 1537 1524 131‘.
1563 1459 1629 1506 de
1659 1452 1868 1507 semine
1899 1453 1998 1505 lio-

414 1548 652 1605 norahili
681 1556 735 1602 et
760 1548 967 1611 inlido;
1000 1546 1068 1601 de
1125 1545 1334 1599 famulo
1364 1546 1612 1614 sapiente
1636 1551 1691 1597 ct
1749 1544 1998 1613 principe

414 1643 699 1713 opulento.
732 1640 890 1707 Quod
921 1638 1141 1694 modica
1172 1653 1296 1692 cum
1330 1638 1403 1692 sit
1424 1637 1572 1691 inter
1597 1635 1853 1690 volucres
1880 1635 1996 1704 api-

415 1736 560 1793 cula,
604 1732 817 1787 fructus
857 1738 1043 1785 tamen
1103 1730 1254 1785 illius
1304 1729 1512 1799 primas
1561 1728 1808 1781 obtineat
1856 1727 1998 1781 inter

2102 533 2325 602 καὶτῆς
2364 531 2445 594 είς
2496 529 2660 601 ἱερεῖς
2692 529 2880 600 τιμῆς,
2928 529 3022 582 καὶ
3064 529 3165 601 τῆς
3197 531 3277 594 είς
3313 533 3693 601 κακουμένους

2102 623 2466 694 ἐπισκέψεως.
2502 622 2626 677 Ὅτι
2660 621 2890 676 ἑκάστου
2940 622 3266 694 πράγματος
3303 623 3364 677 τὸ
3408 623 3561 689 τέλος
3609 625 3694 679 δεῖ

2103 718 2367 789 προορᾷν,
2414 716 2511 770 καὶ
2556 715 2731 780 οὕτως
2786 715 3084 789 ἄρχεσθαι·
3138 717 3369 771 ἑκάστου
3416 716 3600 787 λόγου,
3654 718 3691 786 ἢ

2100 811 2357 884 πράξεως
2386 813 2611 865 σκοπεῖν
2643 810 2711 865 τὰ
2736 809 2960 881 ἔσχατα.
3001 811 3112 863 Καὶ
3137 812 3267 881 περὶ
3289 810 3383 864 τοῦ
3420 811 3493 882 μὴ
3517 828 3693 884 παρος

2105 907 2203 977 ρᾷν
2230 905 2473 977 διήγημα
2500 905 2772 974 γερόντων
2797 902 2996 973 σοφῶν.
3029 902 3123 968 Ἐξ
3146 904 3288 957 ὅσων
3312 904 3524 973 γίνεται
3553 921 3692 976 πορ-

2100 996 2252 1051 νεία·
2289 997 2419 1068 crept
2450 996 2543 1049 τοῦ
2582 996 2656 1067 μὴ
2693 994 3193 1066 ὲγκαταλιμπάνειν
3240 996 3390 1064 φίλον
3424 998 3689 1067 ἀρχαῖον·

2100 1089 2129 1142 ό
2167 1087 2276 1159 γὰρ
2299 1088 2418 1151 νέος
2455 1083 2595 1150 οἶνος
2626 1086 2765 1156 φίλῳ
2792 1086 2896 1156 νέῳ
2923 1087 3272 1157 συγκρίνεται
3297 1104 3311 1117 ·
3340 1088 3470 1158 crept
3509 1086 3695 1159 τεχνί-

2099 1200 2193 1236 του
2253 1181 2438 1250 σοφοῦ,
2489 1181 2584 1235 καὶ
2635 1178 2823 1252 κριτοῦ
2874 1177 3216 1243 διδασκάλου,
3269 1179 3365 1232 καὶ
3420 1178 3689 1250 βασιλέως

2101 1274 2449 1328 ἀπαιδεύτου.
2481 1273 2603 1325 "Uri.
2662 1270 2871 1342 μακρὸν
2922 1270 3263 1343 ἀρρώστημα
3325 1274 3520 1325 σκοπεῖ
3569 1272 3697 1342 (9.5)

2106 1368 2313 1437 ἰατρός·
2351 1365 2479 1437 περὶ
2522 1364 2834 1435 σπέρματος
2856 1363 3074 1434 ἐντίμου
3120 1363 3216 1417 καὶ
3257 1363 3522 1417 ἀπίστου·
3554 1365 3687 1437 περὶ

2099 1461 2311 1513 οἰκέτου
2356 1457 2544 1528 σοφοῦ,
2574 1458 2668 1510 καὶ
2708 1456 2966 1529 ἄρχοντος
3008 1455 3283 1510 πλουσίου.
3313 1456 3437 1510 Ὅτι
3485 1456 3691 1529 μικρὸν

2073 1588 2076 1592 .
2099 1550 2158 1602 ὲν
2181 1552 2445 1612 πετεινοῖς
2467 1550 2499 1618 ἡ
2525 1546 2778 1619 μέλισσα,
2804 1547 2898 1600 καί⁵
2919 1545 3063 1617 ἁρχὴ
3083 1545 3482 1616 γλυκασμάτων
3501 1548 3530 1600 ό
3549 1564 3689 1618 καρ-

2100 1641 2201 1707 πὸς
2230 1642 2416 1712 αὐτῆς.
2448 1641 2585 1712 Περὶ
2619 1639 2713 1694 τοῦ
2746 1638 2820 1711 μὴ
2847 1639 3106 1710 ἀκρίτως,
3140 1637 3273 1710 μηδὲ
3311 1636 3687 1704 ἀνεξετάστως

2102 1731 2436 1805 μέμφεσθαι,
2470 1729 2605 1801 μηδὲ
2643 1724 2783 1782 εἶναι
2812 1728 3265 1799 πολυπράγμονα,
3289 1727 3424 1781 ἀλλά
3450 1728 3683 1793 δίκαιον,

414 1824 618 1879 dulcia.
640 1823 796 1891 Quod
826 1822 1035 1893 absque
1048 1822 1257 1891 judicio
1278 1829 1331 1876 et
1354 1836 1413 1874 re
1443 1821 1683 1876 nondum
1714 1820 1997 1892 explorata

2101 1826 2180 1878 ὃτι
2212 1823 2344 1887 Θεὸς
2391 1824 2420 1876 ὁ
2467 1821 2785 1887 πλουτίζων.
2818 1821 2942 1875 Ὅτι
2979 1820 3142 1892 μηδὲν
3174 1821 3281 1874 τῶν
3325 1820 3685 1894 ἀνθρωπίνων

414 1933 527 1972 non
557 1917 629 1972 sit
661 1915 1024 1987 querendum.
1058 1913 1216 1980 Quod
1258 1928 1369 1967 non
1397 1919 1648 1982 oporteat
1667 1928 1788 1967 esse
1815 1913 1995 1967 curio-

415 2026 561 2073 sum,
598 2009 942 2077 sedjustum,
967 2023 1032 2061 eo
1066 2005 1214 2076 quod
1250 2004 1395 2060 Deus
1421 2013 1505 2060 est
1537 2005 1629 2074 qui
1660 2004 1815 2059 ditat.
1837 2003 1995 2071 Quod

414 2102 552 2156 nihil
580 2117 644 2154 cx
672 2099 928 2154 humanis
963 2098 1124 2153 bonis
1159 2098 1233 2151 ita
1263 2106 1522 2151 constans
1554 2097 1734 2166 putari
1775 2096 1992 2150 debeat.

412 2191 572 2259 Quod
603 2207 714 2245 non
738 2191 811 2245 sit
840 2189 1187 2244 familiariter
1216 2204 1338 2243 cum
1367 2189 1564 2258 quovis
1595 2188 1814 2243 homine
1829 2203 1995 2258 agen-

413 2283 569 2349 dum,
606 2283 701 2337 sed
746 2298 872 2336 cum
931 2282 1035 2352 piis
1063 2289 1278 2334 tantum
1335 2288 1390 2336 et
1441 2281 1631 2350 justis.
1685 2281 1840 2348 Quod
1864 2279 1993 2334 mali

413 2377 643 2433 cavendi
672 2376 818 2443 sint;
847 2374 993 2445 quod
1046 2374 1184 2429 nihil
1237 2375 1309 2430 sit
1334 2374 1647 2429 habendum
1679 2374 1993 2430 commercii

414 2484 540 2524 cum
566 2468 843 2538 superbis,
901 2475 1128 2537 propter
1172 2467 1631 2537 inquinationem,
1687 2482 1808 2537 qua:
1836 2482 1902 2521 ex
1936 2466 1997 2520 il-

413 2559 593 2614 lorum
626 2559 1042 2614 conversatione
1078 2560 1289 2626 oritur;
1344 2560 1492 2630 quod
1526 2574 1556 2612 a
1596 2560 1783 2614 multis
1809 2561 1995 2614 colen-

413 2652 520 2708 dus
547 2655 619 2708 sit
650 2654 933 2723 proximus
998 2662 1053 2708 et
1104 2653 1252 2723 quod
1308 2656 1739 2725 unumquodque
1792 2654 1996 2709 animal

413 2743 606 2813 diligat
635 2744 739 2799 sibi
773 2744 972 2799 simile.
993 2744 1465 2811 Quemadmodum
1492 2748 1636 2801 enim
1670 2746 1822 2800 nulla
1838 2762 1993 2802 com-

413 2837 606 2891 munio
658 2844 744 2892 est
800 2837 930 2908 lupo
971 2852 1097 2890 cum
1150 2852 1313 2908 agno,
1350 2853 1528 2909 neque
1557 2838 1764 2910 hyaenae
1787 2854 1888 2909 pax
1911 2847 1995 2894 est

415 2943 542 2982 cum
578 2943 735 2992 cane,
768 2929 842 2982 ita
890 2944 1068 2999 neque
1098 2931 1375 2998 peccatori
1409 2946 1533 2985 cum
1561 2932 1684 3000 pio;
1713 2930 1779 2986 de
1811 2930 1996 3001 parcis

413 3022 509 3091 qui
540 3022 676 3076 nihil
701 3023 1008 3092 largiuntur
1024 3024 1168 3093 aliis.
1200 3022 1269 3077 Et
1298 3024 1444 3094 quod
1473 3024 1609 3077 nihil
1632 3025 1830 3079 habeat
1860 3039 1995 3079 con-

2096 1914 2318 1985 ἀγαθῶν
2369 1913 2746 1987 ἀμετάκλητον
2795 1911 2905 1984 (26)
2961 1911 3231 1983 ἡγεῖσθαι.
3286 1912 3425 1985 Περὶ
3468 1913 3562 1967 τοῦ
3602 1915 3700 1985 μὴ,

2095 2006 2411 2079 γνησιάζειν
2455 2006 2617 2061 παντὶ
2657 2002 2950 2078 ἀνθρώπῳ,
3000 2003 3135 2058 ἀλλά
3180 2005 3429 2058 εὐσεϐέσι
3466 2008 3560 2060 καὶ
3598 2006 3682 2061 διο

2095 2102 2306 2164 καίοις·
2357 2101 2451 2153 καὶ
2494 2099 2623 2170 crept
2666 2097 2759 2152 τοῦ
2807 2097 3183 2167 φυλάττεσθαι
3212 2099 3339 2161 τοὺς
3388 2098 3681 2170 πονηρούς.

2095 2194 2233 2265 Περὶ
2259 2192 2354 2246 τοῦ
2389 2190 2465 2262 μὴ
2494 2192 2773 2245 κοινωνεῖν
2800 2190 3172 2261 ὑπερηφάνοις
3193 2188 3281 2243 διὰ
3302 2189 3393 2243 τὸν
3422 2189 3482 2255 ἐξ
3513 2190 3699 2245 αὐτοῦ.

2099 2285 2395 2358 μολυσμὸν,
2423 2284 2519 2337 καὶ
2549 2284 2648 2355 τὴν
2681 2281 2993 2354 συντριεὴν,
3021 2281 3115 2335 καὶ
3145 2281 3270 2352 περὶ
3297 2282 3397 2352 τῆς
3421 2280 3515 2334 τοῦ
3539 2282 3688 2354 πλη-

2096 2381 2210 2434 σίον
2264 2377 2559 2450 θεραπείας
2613 2374 2767 2447 παρὰ
2814 2373 3057 2428 πολλῶν·
3110 2376 3206 2427 καὶ
3258 2374 3339 2426 ὅτι
3394 2377 3503 2428 πᾶν
3543 2372 3685 2440 ζῶον

2096 2473 2285 2544 ἀγαπᾷ
2335 2471 2393 2524 τὸ
2442 2472 2647 2541 ὅμοιον.
2679 2468 2891 2540 Ὥσπερ
2941 2467 3051 2538 γὰρ
3107 2469 3166 2522 ού
3222 2470 3471 2521 κοινωνεῖ
3520 2466 3699 2532 λύκος

2096 2564 2274 2637 ἀμνῷ,
2304 2562 2427 2616 οὔτε
2454 2560 2725 2634 είρηνεύει
2754 2559 2915 2614 ῦαινα
2940 2558 3077 2631 πρὸς
3107 2558 3280 2614 κύνα·
3305 2558 3480 2623 οὕτως
3507 2561 3705 2633 ἀμαρι

2093 2657 2262 2721 τωλὸς
2291 2656 2426 2730 πρὸς
2460 2654 2677 2726 εὐσεϐῆ.
2711 2652 2848 2725 Περὶ
2891 2651 3230 2723 μικρολόγων
3266 2653 3375 2705 τῶν
3410 2652 3485 2724 μὴ
3525 2669 3694 2724 μετα-

2095 2750 2344 2805 διδόντων
2372 2747 2601 2818 ἑτέροις,
2634 2747 2729 2801 καὶ
2760 2747 2842 2799 ὅτι
2875 2748 2932 2799 ὲν
2964 2744 3181 2816 πλούτῳ
3203 2746 3298 2799 καὶ
3330 2746 3576 2817 πτωχεία
3603 2745 3687 2799 δί-

2096 2855 2249 2895 καιον
2281 2834 2421 2891 εἶναι
2447 2837 2543 2891 καὶ
2567 2838 2732 2901 ὅσιον,
2767 2838 2839 2908 μὴ
2864 2835 3195 2890 τούναντίον.
3225 2836 3510 2907 Μακάριον
3538 2837 3693 2907 ἡγεῖ-

2100 2932 2223 2985 σθαι
2248 2931 2339 2984 τὸν
2364 2929 2526 3001 σοφίᾳ.
2562 2930 2657 2982 καὶ
2684 2929 2897 2982 συνέσει
2928 2928 3174 2993 συζῶντα
3211 2929 3372 2999 μέχρι
3401 2927 3483 2981 τε)
3497 2928 3688 2999 ευτῆς,

2096 3025 2156 3077 οὐ
2192 3023 2285 3076 τὸν
2331 3021 2585 3075 πλούσιον
2628 3023 2686 3076 ὲν
2737 3021 2947 3092 κόσμῳ.
3005 3022 3141 3092 Περὶ
3184 3021 3555 3086 αὐτεξουσίου,
3600 3024 3691 3077 ὅτι

414 3112 593 3176 trarii,
632 3120 742 3166 tam
770 3114 826 3167 in
850 3114 1080 3179 divitiis,
1138 3130 1299 3184 quam
1338 3123 1678 3186 paupertate,
1701 3116 1908 3185 justum
1942 3124 1995 3170 ct

2101 3118 2229 3189 crept
2267 3115 2602 3179 ἀποστασίας
2644 3115 2716 3185 μὴ
2764 3114 2923 3167 αἰτιῶ
2966 3114 3058 3167 τὸν
3088 3113 3320 3185 Κύριον·
3356 3114 3535 3168 πάντα
3574 3116 3692 3187 γάρ

414 3204 567 3273 pium
603 3219 727 3259 esse
759 3221 774 3271 ;
807 3204 1030 3259 beatum
1086 3206 1328 3274 reputari
1367 3222 1513 3271 eum,
1544 3208 1637 3278 qui
1666 3207 1735 3261 ad
1764 3215 1995 3261 mortem

2101 3226 2182 3262 σοι
2214 3206 2503 3280 παρέθετο.
2533 3208 2655 3262 Ὅτι
2698 3210 2950 3279 κρεῖσσον
2978 3207 3180 3261 ἄπαιδα
3214 3204 3353 3262 εἶναι
3392 3208 3425 3277 ἢ
3473 3211 3693 3280 πονηρὰ

417 3309 597 3363 usque
621 3297 901 3364 sapienter
937 3310 1001 3349 ac
1036 3299 1340 3365 prudenter
1368 3299 1537 3363 vivat,
1566 3315 1676 3353 non
1720 3299 1814 3370 qui
1845 3298 1997 3354 dives

417 3386 492 3440 sit
514 3387 566 3439 in
599 3387 702 3441 hoc
733 3388 955 3442 mundo.
990 3387 1064 3443 De
1096 3391 1269 3444 libero
1292 3390 1524 3446 arbitrio
1554 3406 1569 3443 :
1594 3391 1741 3460 quod
1768 3390 1835 3446 de
1866 3407 1999 3461 apo-

419 3474 593 3529 stasia
623 3491 730 3529 non
759 3475 832 3530 sit
888 3480 1029 3533 ratio
1079 3479 1348 3548 exigenda
1375 3494 1405 3533 a
1435 3478 1690 3546 Domino,
1749 3495 1815 3536 eo
1851 3481 1998 3550 quod

421 3569 608 3621 omnia
659 3567 757 3622 tibi
795 3571 1131 3638 apposuerit.
1169 3570 1324 3637 Quod
1366 3572 1562 3627 melius
1615 3572 1689 3627 sit
1720 3587 1910 3629 carere
1934 3575 2001 3628 li-

421 3657 592 3721 beris,
618 3673 780 3727 quam
815 3660 1017 3715 liberos
1051 3661 1255 3716 habere
1302 3663 1500 3718 malos.
1550 3661 1705 3730 Quod
1731 3664 1866 3719 nihil
1892 3664 2001 3721 Deo

422 3748 623 3815 lateat;
657 3751 724 3805 de
744 3753 1054 3821 cognitione
1087 3763 1141 3809 et
1176 3753 1387 3824 judicio
1436 3754 1568 3824 Dei;
1616 3765 1671 3812 et
1715 3756 1862 3827 quod
1892 3774 2001 3813 non

418 3841 724 3911 putandum
757 3844 827 3896 sit
877 3844 1098 3914 iniquos
1145 3860 1359 3915 possca
1410 3845 1522 3900 Dco
1562 3847 1847 3913 abscondi,
1906 3859 2001 3905 aut

417 3931 689 4001 judicium
741 3935 862 4004 ejus
907 3935 1164 4008 effugere.
1207 3936 1284 3993 De
1309 3939 1510 3993 creatis
1557 3939 1746 3996 rebus.
1782 3941 1858 3996 De
1887 3941 2001 3996 lor-

419 4025 664 4080 mationc
714 4026 978 4094 hominis,
1036 4045 1145 4100 qua
1195 4030 1500 4088 honoratus
1532 4040 1646 4101 est;
1699 4033 1770 4090 de
1800 4035 2005 4091 latione

421 4116 599 4188 legis;
635 4118 704 4173 de
735 4120 1084 4194 eleemosyua
1141 4129 1197 4177 et
1251 4124 1616 4194 pmnitentia;
1662 4125 1730 4180 de
1754 4126 2003 4181 modesta

421 4210 804 4279 responsione.
838 4210 957 4266 Non
990 4228 1113 4268 esse
1142 4215 1564 4284 vituperandum
1602 4216 1806 4272 bonum
1841 4233 2000 4287 opus,

423 4314 603 4369 neque
624 4299 829 4355 donum
861 4303 1094 4358 molesto
1120 4318 1373 4361 sermone
1397 4321 1411 4358 :
1447 4306 1591 4374 quod
1612 4307 1705 4376 qui
1730 4307 2005 4376 principa-

423 4398 541 4444 tum
563 4393 929 4463 concupiscit,
963 4397 1218 4466 petulans
1245 4399 1346 4465 sit,
1380 4406 1435 4453 et
1464 4399 1520 4454 in
1554 4398 1811 4455 omnibus
1836 4399 2004 4455 rebus

2096 3300 2264 3354 τέκνα
2295 3299 2461 3369 ἔχειν.
2504 3299 2626 3352 ’Ότι
2657 3298 2810 3351 οὐδὲν
2851 3297 3103 3351 λανθάνει
3132 3298 3286 3352 Θεόν.
3329 3299 3467 3371 Περὶ
3501 3300 3692 3369 φωρά-
3731 3373 3735 3375 _

2101 3409 2239 3456 σεως
2289 3389 2425 3445 Θεοῦ
2476 3392 2572 3446 καὶ
2615 3390 2869 3463 κρίσεως,
2915 3391 3010 3443 καὶ
3062 3390 3137 3462 μὴ
3181 3390 3370 3461 νόμιζε
3420 3390 3511 3445 τὸν
3549 3390 3692 3445 Θεὸν

2100 3485 2439 3558 κρύπτεσθαι
2469 3484 2702 3555 ἀνόμους
2739 3483 2772 3549 ἢ
2806 3481 3098 3551 ἐκφεύγειν
3141 3482 3306 3535 αὐτοῦ
3339 3482 3437 3553 τὴν
3482 3474 3690 3554 κρίσιν.

2100 3581 2238 3652 Περὶ
2264 3580 2374 3633 τῶν
2414 3578 2747 3649 κτισμάτων.
2777 3575 2915 3647 Περὶ
2953 3575 3053 3646 τῆς
3081 3574 3175 3628 τοῦ
3219 3574 3508 3647 ἀνθρώπου
3553 3573 3699 3629 πλά-

2105 3689 2260 3737 σεως,
2288 3667 2353 3744 ἦς
2396 3671 2651 3742 ἐτιμήθη.
2682 3668 2819 3738 Περὶ
2861 3668 2959 3740 τῆς
2982 3666 3078 3721 τοῦ
3100 3668 3266 3739 νόμου
3298 3658 3525 3732 δόσεως·
3558 3666 3698 3741 crept

2103 3764 2472 3837 ὲλεημοσύνης
2501 3764 2596 3817 καὶ
2628 3761 2945 3829 μετανοίας·
2981 3760 3112 3833 crept
3148 3760 3423 3825 ἐπιεικοῦς
3456 3759 3699 3831 ἀποκρί-

2105 3871 2242 3919 σεως
2261 3872 2273 3885 ·
2302 3856 2430 3926 περὶ
2461 3854 2553 3907 τοῦ
2585 3853 2660 3926 μὴ
2691 3852 2997 3923 μωμεῖσθαι
3028 3851 3089 3905 τὸ
3119 3850 3322 3919 ἀγαθὸν
3343 3850 3523 3921 ἔργον,
3553 3849 3697 3921 μηδὲ

2102 3945 2243 4016 δόμα
2270 3945 2327 3998 ὲν
2355 3943 2585 4018 λυπηρῷ
2612 3946 2754 4019 λόγῳ
2777 3961 2790 3974 ο
2826 3942 2967 3996 ὥστε
2992 3944 3083 3997 τὸν
3115 3941 3486 4013 ἐπιθυμοῦντα
3513 3941 3694 4012 ἀρχῆς

2104 4037 2555 4109 προπετεύεσθαι,
2599 4039 2694 4091 καὶ
2735 4041 2794 4092 ὲν
2840 4040 2978 4092 πᾶσι
3008 4034 3521 4108 προετοιμάζεσθαι.
3552 4035 3699 4107 Περὶ

2103 4130 2199 4184 τοῦ
2241 4131 2316 4201 μὴ
2359 4130 2749 4194 ἀσωτεύεσθαι,
2796 4132 2892 4185 καὶ
2934 4122 3009 4184 ὧν
3056 4129 3138 4203 δεῖ
3185 4126 3506 4198 ἀπέχεσθαι.
3550 4126 3698 4199 Περὶ

2106 4223 2356 4293 φυλακῆς
2388 4224 2721 4295 μυστηρίων.
2758 4223 2855 4278 καὶ
2887 4223 3017 4293 περὶ
3043 4222 3295 4292 ἄφρονος,
3327 4220 3456 4292 crept
3497 4219 3697 4289 σοφίας

2104 4314 2205 4386 τῆς
2246 4312 2334 4367 διὰ
2366 4312 2714 4386 παραϐολῶν,
2760 4314 3012 4385 καὶπερὶ
3061 4311 3198 4382 βίου,
3238 4311 3332 4364 καὶ
3374 4311 3566 4381 ἀρχῆς,
3595 4312 3699 4366 καὶ

2108 4404 2310 4474 σοφῶν,
2352 4404 2450 4455 καὶ
2486 4403 2707 4476 μωρῶν.
2752 4403 2888 4475 Περὶ
2936 4400 3208 4472 θυγατρὸς
3251 4400 3541 4473 θρασείας·
3595 4401 3702 4460 καὶ

424 4495 784 4555 praeparatus.
821 4485 939 4542 Non
993 4505 1116 4545 esse
1166 4490 1521 4545 dillluendum
1571 4492 1800 4555 luxu,et
1833 4492 1999 4561 aqui-

2108 4498 2235 4569 crept
2264 4495 2597 4569 ἀπροσεξίας
2634 4495 2840 4568 μωροῦ,
2871 4497 2967 4549 κα)⁸
2995 4495 3126 4568 περὶ
3164 4494 3403 4557 διανοίας
3432 4494 3697 4565 στερρᾶς,

424 4576 529 4631 bus
576 4578 961 4633 abstinendum
1002 4582 1119 4635 sit:
1162 4582 1230 4637 de
1281 4583 1534 4637 custodia
1590 4585 2000 4655 mysteriorum.

424 4666 502 4724 De
527 4670 718 4734 stulto,
760 4671 828 4725 de
862 4672 1133 4740 sapientia
1163 4690 1260 4743 per
1282 4675 1571 4745 parabolas
1607 4693 1620 4730 :
1652 4676 1721 4731 de
1746 4676 1855 4731 vita
1875 4717 1889 4740 ,
1938 4676 2006 4732 de

423 4762 728 4833 principio;
761 4763 828 4818 de
856 4767 1196 4834 sapientibus
1217 4776 1272 4822 et
1300 4768 1508 4835 stultis,
1539 4768 1606 4824 de
1633 4769 1744 4824 ﬁlia
1775 4770 1999 4834 audaci;

424 4855 493 4908 de
541 4854 1011 4909 inconsiderantia
1044 4859 1242 4927 stulti;
1301 4859 1369 4914 de
1403 4869 1585 4917 mente
1638 4864 1799 4930 dura,
1845 4871 1899 4918 et
1948 4864 2004 4918 in

422 4946 625 5015 quibus
652 4944 990 5002 dissolvatur
1017 4949 1277 5004 amicitia.
1311 4949 1433 5007 Non
1465 4968 1590 5008 esse
1625 4955 2005 5024 peccatoribus

424 5037 835 5093 inconsiderate
888 5039 1220 5110 loquendum
1249 5058 1261 5092 :
1292 5042 1360 5097 de
1387 5042 1699 5112 disciplina.
1729 5042 1849 5100 Non
1882 5060 2007 5101 csse

425 5129 815 5199 postulandum
852 5131 1227 5200 juramentum
1261 5153 1274 5188 :
1309 5133 1376 5189 de
1411 5136 1664 5190 custodia
1703 5142 1900 5195 anima:
1951 5145 2007 5193 et

425 5222 676 5291 corporis
710 5239 722 5274 :
754 5222 823 5278 de
852 5223 1077 5279 homine
1131 5234 1461 5282 scortatore.
1489 5226 1566 5283 De
1605 5229 1834 5285 muliere
1862 5231 2005 5284 mala

422 5322 476 5369 et
510 5314 781 5372 adultera.
812 5315 1110 5387 Prophetia
1160 5317 1228 5373 de
1257 5316 1387 5374 Jesu
1413 5318 1660 5385 Christo,
1687 5322 1783 5392 qui
1813 5332 1897 5377 est
1917 5337 2007 5377 sa-

422 5409 631 5476 pientia
660 5408 754 5465 Dei
785 5420 839 5466 et
873 5410 1068 5476 Filius,
1113 5410 1297 5469 ﬂuviis
1342 5422 1714 5486 comparatus.
1740 5413 1816 5470 De
1850 5415 2007 5469 addi-

423 5499 573 5555 tione
608 5500 934 5572 disciplinae,
965 5503 1032 5560 de
1058 5505 1245 5561 decem
1279 5506 1739 5572 beatitudinibus,
1763 5507 1831 5562 de
1864 5506 2006 5562 infe-

423 5590 594 5643 renda
633 5592 791 5662 plaga
823 5603 876 5649 et
914 5595 1152 5661 ultione,
1203 5596 1271 5653 de
1322 5599 1646 5654 mercatoris
1692 5599 1912 5664 delicto,
1938 5598 2005 5655 de

499 5771 610 5846 (23)
643 5774 701 5831 ln
725 5776 914 5835 Greco
945 5776 1255 5859 Scriptura.
1289 5772 1459 5859 textu,
1501 5783 1700 5858 legitur
1742 5781 2000 5838 σθαῦηιτει.

2104 4590 2200 4665 καί
2228 4590 2286 4644 ὲν
2325 4590 2437 4643 τίσι
2467 4588 2740 4642 διαλύεται
2766 4588 2917 4658 φιλία
2988 4589 3084 4642 καὶ
3118 4587 3246 4659 crept
3275 4587 3371 4640 τοῦ
3408 4585 3481 4656 μὴ
3513 4586 3698 4658 ἀπρο-

2105 4680 2398 4750 φυλάκτως
2440 4679 2777 4750 φθέγγεσθαι
2816 4681 2929 4743 τοῖς
2979 4680 3354 4751 ἀμαρτήσασι.
3392 4678 3527 4749 Περὶ
3569 4693 3700 4730 παι-

2103 4775 2270 4837 δείας,
2319 4774 2415 4827 καὶ
2460 4772 2554 4825 τοῦ
2599 4771 2675 4843 μὴ
2724 4770 2990 4825 αἰτεῖσθαι
3029 4772 3219 4842 ὅρκον·
3265 4770 3394 4841 περὶ
3441 4768 3699 4839 φυλακῆς

2103 4866 2284 4937 ψυχῆς
2330 4866 2426 4918 καὶ
2481 4862 2751 4936 σώματος,
2804 4863 2898 4917 καὶ
2947 4863 3075 4935 crept
3123 4861 3412 4934 ἀνθρώπου
3464 4860 3696 4932 πόρνου.

2105 4959 2244 5030 Περὶ
2282 4958 2523 5028 πονηρᾶς
2558 4954 2839 5026 γυναικὸς,
2884 4955 2979 5012 καὶ
3018 4954 3345 5027 μοιχαλίδος.
3375 4954 3699 5024 Προφητεία

2106 5049 2236 5123 περὶ
2266 5048 2443 5121 Ἰησοῦ
2486 5048 2747 5120 Χριστοῦ,
2771 5050 2830 5112 ὃς
2861 5051 2977 5101 ἐστι
3008 5048 3168 5116 σοφία
3194 5048 3289 5100 καὶ
3316 5045 3465 5109 Υἱὸς,
3503 5061 3703 5116 παρει-

2106 5141 2330 5204 κασθεὶς
2369 5145 2653 5213 ποταμοῖς.
2704 5142 2841 5213 Περὶ
2883 5140 3200 5213 προσθήκης
3237 5139 3515 5203 παιδείας·
3563 5139 3701 5212 crept

2104 5234 2213 5287 τῶν
2239 5232 2371 5287 δέκα
2416 5233 2782 5305 μακαρισμῶν
2802 5250 2816 5263 ·
2858 5234 2984 5305 περὶ
3011 5233 3226 5304 πληγῆς
3257 5230 3554 5302 ἐπαγωγῆς
3599 5233 3702 5285 καὶ

2106 5325 2472 5397 ἐκδικήσεως·
2509 5325 2640 5398 crept
2685 5324 3062 5397 πλημμελείας
3095 5325 3371 5397 ἐμπόρου·
3408 5323 3539 5393 crept
3582 5321 3698 5374 τῶν

2105 5417 2602 5473 ἀποκαλυπτόντων
2637 5417 2972 5489 μυστηρικὸν
3016 5418 3194 5487 λόγον.
3228 5415 3366 5486 Περὶ
3399 5411 3695 5484 ἀνθρώπου

2106 5511 2387 5585 θυμώδους
2405 5530 2420 5545 ·
2458 5515 2586 5586 crept
2622 5514 2974 5583 γλωσσώδους
2999 5512 3190 5584 ἀνδρός
3213 5527 3226 5541 ·
3254 5509 3384 5582 crept
3420 5506 3514 5561 τοῦ
3539 5505 3696 5560 δανί-

2107 5604 2223 5669 ζειν
2257 5605 2336 5677 τῷ
2359 5605 2608 5677 πλησίον,
2638 5607 2735 5659 καὶ
2762 5605 2955 5670 τόκους
2998 5605 3072 5677 μὴ
3098 5602 3419 5675 λαμϐάνειν,
3445 5596 3587 5654 ἀλλὰ
3609 5612 3699 5654 me

2179 5782 2292 5861 (26)
2328 5783 2365 5839 l.
2415 5782 2798 5858 Ἀμετάσητον.
