3880 6186
120 359 226 414 53!

1208 353 1545 412 SYNOPSIS
1579 353 1998 410 SCRIPTURE
2043 352 2317 408 SACRE.

118 478 272 549 χρᾷν
314 474 466 545 αὐτῷ
494 474 766 549 δεομένων
816 475 944 546 περὶ
985 475 1305 547 ἐγγυήσεως
1345 477 1440 531 τοῦ
1473 477 1713 549 πλησίον.

1832 474 1901 528 iis
1926 475 2021 543 qui
2049 488 2161 525 rem
2185 482 2450 527 secretam
2471 472 2734 532 revelant,
2770 472 2840 528 de
2874 472 3095 528 homine
3125 473 3413 537 iracundo,

118 548 223 621 xui
254 566 393 638 περὶ
423 565 587 636 ζωῆς
608 548 738 637 περὶ
761 564 857 619 τοῦ
889 565 962 637 μὴ
981 564 1095 639 (27)
1118 568 1420 639 ἐπιστροφῇ
1448 567 1726 622 παιδεύειν

115 659 322 723 τέκνα,
347 656 481 729 περὶ
521 656 738 724 ὑγιείας
772 655 1043 727 σώματος,
1086 658 1181 710 xui
1209 656 1483 730 βρώσεως,
1510 660 1605 713 xui
1633 659 1727 729 ψυ-

116 746 229 815 χῆς
250 761 267 775 ⁸
314 746 449 817 περὶ
477 745 827 810 διδασκαλίας
867 747 1188 818 χρημάτων,
1228 750 1587 819 μεγιστάνων,
1630 751 1727 804 xui

116 836 479 907 ἡγουμένων,
506 835 620 908 (‘28)
650 836 754 907 υἱῷ
782 839 876 891 καὶ
909 840 1151 907 γυναικὶ,
1186 840 1400 911 ἀδελφῴ
1426 842 1522 895 xui
1546 841 1684 912 φίλῳ
1707 859 1720 872 ·

118 926 259 998 περὶ
307 928 525 983 οἰκέτου
554 929 884 999 κακούργου.
927 932 1063 1003 Περὶ
1108 933 1374 987 ἐνυπνίων
1418 935 1723 989 ἀσυνέτωνο

119 1020 259 1091 περὶ
288 1021 503 1093 πλάνης
536 1021 632 1075 xui
662 1022 1047 1095 πολυπειρίας,
1082 1027 1176 1079 καὶ
1213 1029 1341 1096 περὶ
1380 1027 1491 1080 τῶν
1531 1028 1726 1097 φοϐου-

121 1111 312 1180 μένων
350 1112 445 1165 τὺν
495 1112 718 1185 Κύριον.
770 1114 908 1186 Περὶ
953 1114 1174 1181 θυσιῶν,
1228 1119 1322 1171 xui
1372 1117 1720 1190 προσφορῶν,

116 1205 234 1258 τῶν
268 1205 334 1270 ἐξ
365 1206 604 1270 ἀδικίας,
638 1208 746 1260 τῶν
773 1225 835 1261 τε
876 1211 941 1262 ἐκ
976 1209 1323 1282 δικαιοσύνης
1360 1212 1719 1284 προσφορῶν

119 1299 259 1369 περὶ
306 1297 514 1352 θυσιῶν
546 1299 655 1352 τῶν
694 1300 761 1353 ἐκ
798 1300 1176 1373 φιλαργυρίας.
1209 1303 1330 1356 Ὅτι
1370 1304 1585 1375 τρυφῆς
1628 1303 1723 1357 xui

118 1387 367 1441 πλούτου
413 1388 498 1441 δεῖ
548 1395 931 1461 καταφρονεῖν.
968 1393 1103 1464 Περὶ
1144 1392 1465 1465 λαιμάργων
1494 1395 1589 1447 xui
1623 1394 1724 1465 βα-

123 1481 369 1544 σκάνων,
407 1484 503 1536 καὶ
531 1483 848 1554 άπλήστων,
883 1485 978 1538 καὶ
1010 1485 1296 1539 ἀτάκτων*
1339 1485 1414 1557 μὴ
1450 1485 1722 1557 μεθύσκεσ-

114 1573 253 1626 σθαι
281 1573 437 1643 οἴνῳ,
480 1573 594 1626 ἀλλ’
626 1576 916 1647 αὐτάρκως
944 1577 1201 1648 χρᾶσθαι.
1238 1580 1376 1650 Περὶ
1419 1580 1721 1651 ἐπαιρομέ-

118 1684 216 1719 νου
265 1668 572 1730 ἑπιεικοῦς,
612 1669 870 1741 καὶπερὶ
912 1668 1100 1734 λαλιᾶς
1157 1671 1562 1745 πρεσϐυτέρων,
1624 1672 1722 1726 καὶ

120 1761 258 1832 περὶ
280 1761 476 1824 λαλιᾶς
501 1760 811 1815 νεανίσκου.
842 1762 978 1834 Περὶ
999 1762 1224 1833 ἐκδοχῆς
1255 1764 1501 1829 παιδείας
1529 1766 1718 1838 νόμου,

1828 565 1897 620 de
1928 566 2047 618 viro
2079 565 2318 635 loquaci,
2360 562 2429 619 de
2487 564 2700 619 {amore
2721 581 2752 619 a
2781 565 3035 634 proximo
3081 573 3324 634 sumpto,
3355 573 3413 622 et

1827 657 1975 728 quod
2008 671 2176 711 usura
2237 673 2345 711 non
2394 655 2749 726 accipienda,
2803 656 2899 713 sed
2948 665 3141 710 mutuo
3169 655 3415 712 dandum

1829 749 1899 804 sit
1922 749 2126 819 egenti,
2159 747 2227 802 de
2253 747 2608 817 ﬁdejussione
2666 749 2943 818 proximi;
2983 748 3050 803 de
3098 750 3232 814 vita,
3266 749 3416 819 quod

1831 840 1992 895 liberi
2026 840 2487 909 castigationibus
2536 841 2646 895 sint
2675 841 3023 905 instituendi,
3057 843 3125 897 de
3179 843 3417 899 sanitate

1827 933 2113 1003 corporis;
2138 934 2205 988 de
2234 934 2380 997 cibo,
2423 940 2477 988 et
2520 932 2704 987 anima
2732 950 2747 1000 ;
2804 933 3056 988 doctrina
3081 934 3151 988 de
3173 934 3417 1002 divitiis;

1825 1026 1894 1082 de
1927 1027 2275 1096 magnatibus
2303 1033 2355 1081 et
2386 1025 2653 1093 ducibus;
2689 1042 2810 1097 quae
2859 1026 3006 1090 ﬁlio,
3041 1027 3222 1090 uxori,
3259 1027 3417 1082 fratri

1825 1127 1881 1175 et
1914 1121 2092 1173 amico
2116 1118 2428 1189 praestanda
2457 1119 2604 1183 sint;
2635 1118 2703 1173 de
2762 1135 2922 1173 servo
2961 1118 3308 1186 facinoruso;
3349 1119 3420 1176 de

1826 1210 2056 1266 somniis
2088 1209 2511 1279 insipienti-bus;
2540 1208 2608 1262 de
2652 1208 2974 1263 seductione
3019 1216 3073 1262 et
3122 1209 3295 1262 multa
3329 1223 3420 1262 ex-

1823 1304 2090 1374 perientia
2115 1322 2129 1369 ;
2155 1303 2222 1358 de
2250 1302 2571 1356 timentibus
2597 1299 2888 1355 Dominum
2913 1319 2926 1368 ;
2948 1300 3015 1355 de
3046 1300 3337 1355 sacriﬁciis
3361 1308 3418 1353 et

1823 1396 2215 1459 oblationibus,
2249 1411 2374 1449 cum
2406 1410 2473 1449 ex
2506 1394 2773 1463 injustitia
2800 1433 2813 1457 ,
2843 1402 2955 1447 tum
2986 1410 3050 1449 ex
3083 1393 3302 1463 justitia
3334 1392 3417 1446 fa-

1823 1490 1963 1554 ctis‘;
1992 1489 2059 1544 de
2085 1487 2380 1544 sacriﬁciis
2413 1503 2481 1542 ex
2530 1487 2796 1554 avaritia;
2828 1485 3261 1542 Contemnendas
3290 1501 3416 1541 esse

1823 1581 2053 1636 delicias
2101 1587 2155 1635 et
2207 1580 2465 1645 divitias;
2505 1578 2572 1633 de
2603 1578 2981 1639 helluonibus,
3020 1585 3073 1631 et
3110 1577 3331 1639 invidis,
3357 1584 3415 1631 et

1823 1673 2259 1739 insatiabilibus,
2302 1684 2357 1727 et
2411 1671 2726 1726 inordinate
2773 1671 3108 1725 viventibus.
3138 1669 3259 1725 Non
3288 1686 3414 1727 esse

1824 1764 2207 1819 inebriandum
2232 1764 2381 1827 vino,
2410 1763 2506 1819 sed
2535 1764 2679 1834 quod
2718 1764 2854 1819 satis
2883 1764 2955 1818 sit
2982 1763 3278 1818 bibendum
3304 1779 3319 1829 ;
3345 1764 3416 1820 de

122 1853 220 1905 xui.
254 1852 509 1923 κρίματα
544 1853 642 1906 xui
676 1853 1041 1926 δικαιώματα,
1088 1857 1183 1910 καὶ
1228 1858 1508 1912 πιστεύειν
1545 1860 1713 1931 νόμῳ.

1820 1857 2062 1911 exaltato
2086 1856 2306 1910 homine
2332 1855 2649 1932 moderato;
2672 1855 3086 1924 deloquacitate
3107 1855 3411 1919 seniorum,

121 1945 267 2015 Περὶ
317 1944 592 2014 διαθήκης
636 1945 773 1999 Θεοῦ
831 1947 972 2001 κατὰ
1018 1948 1234 2016 γενεὰν,
1291 1952 1385 2004 xui
1427 1951 1509 2004 ὅτι
1546 1952 1579 2023 ἡ
1621 1952 1721 2025 μὲν

123 2040 448 2111 κατασκευὴ
500 2039 600 2110 τῆς
653 2039 868 2109 φύσεως
929 2043 1042 2104 τοῖς
1090 2039 1400 2112 ἀνθρώποις
1461 2041 1559 2112 μία
1589 2061 1602 2073 ·
1659 2043 1721 2096 τὸ

121 2129 179 2182 δέ
239 2131 343 2201 τῆς
404 2131 782 2201 προαιρέσεως
827 2129 1101 2202 διάφορον,
1159 2132 1251 2200 ἀφ’
1311 2126 1379 2202 ἦς
1437 2133 1565 2196 τοὺς
1619 2133 1720 2203 μὲν

123 2222 496 2291 εὐλογεῖσθαι,
538 2223 668 2285 τοὺς
718 2221 777 2275 δὲ
824 2220 928 2274 ὑπὸ
972 2221 1220 2294 κατάραν
1273 2222 1522 2294 ἐποίησε.
1583 2224 1721 2294 Περὶ

122 2313 257 2367 λαοῦ
295 2314 718 2384 ἐκλελεγμένον,
753 2314 849 2368 xui
894 2315 976 2368 δτι
1006 2315 1267 2369 ἀπέναντι
1296 2316 1390 2369 τοῦ
1421 2316 1627 2384 ἀγαθοῦ
1658 2317 1721 2371 τὸ

125 2405 323 2469 κακὸν,
353 2405 450 2459 καὶ
473 2406 735 2460 ἀπέναντι
763 2405 858 2459 τοῦ
880 2406 1140 2470 εὐσεϐοῦς
1174 2408 1202 2459 ὁ
1223 2408 1567 2479 ἁμαρτωλός.
1597 2409 1719 2464 Τίσι

126 2496 208 2550 δεῖ
244 2501 529 2551 κοινωνεῖν
549 2515 563 2527 ·
596 2499 791 2552 ὁποίαν
835 2498 916 2551 δεῖ
952 2502 1187 2567 γυναῖκα
1239 2498 1459 2553 λάδεῖψ
1497 2501 1719 2566 ὁποίους

127 2589 205 2642 δεῖ
241 2589 434 2658 φίλους
467 2589 644 2660 ἔχειν’
694 2590 804 2644 τίσι
853 2591 935 2643 δεῖ
982 2590 1308 2662 συμϐούλοις
1348 2593 1604 2663 χρῆσθαι,
1646 2594 1720 2648 τί·

128 2696 225 2742 νας
253 2680 618 2743 διδασκάλους
669 2676 867 2751 ὁρίζειο
894 2680 1024 2753 περὶ
1052 2678 1146 2734 τοῦ
1189 2680 1386 2735 εἰδέναι
1421 2682 1484 2735 τὸ
1513 2684 1722 2754 συμφέ-

133 2786 224 2840 ρον
257 2770 519 2824 ἕκαστον.
543 2771 684 2840 Περὶ
717 2771 813 2824 τοῦ
840 2773 1007 2844 τιμᾷν
1035 2773 1162 2836 τοὺς
1200 2772 1439 2845 ἰατρούς.
1471 2774 1596 2838 Πῶς
1626 2776 1719 2827 ἐπὶ

130 2863 306 2934 νεκρῷ
354 2862 438 2916 δεῖ
492 2862 729 2917 πενθεῖν.
780 2864 919 2937 Περὶ
988 2867 1361 2935 γραμματέως
1411 2865 1506 2918 καὶ
1554 2866 1717 2934 σοφοῦ

131 2948 382 3021 γεωργοῦ
400 2966 415 2980 ·
439 2951 538 3003 xui.
566 2950 694 3022 περὶ
715 2952 1023 3022 ἀγρυπνίας
1046 2952 1319 3017 τέκτονος,
1340 2954 1434 3007 καὶ
1447 2953 1716 3023 χαλκέως,

133 3040 221 3092 καὶ
266 3039 590 3110 κεραμέως.
624 3042 763 3113 Περὶ
797 3041 1045 3113 φυλακῆς
1086 3044 1265 3115 ψυχῆς
1292 3044 1598 3115 ἀνθρώπου.
1624 3047 1718 3101 xui

132 3133 225 3203 τῆς
267 3132 706 3204 παραμενούσης
740 3133 950 3203 σοφίας,
989 3134 1085 3188 xui
1108 3135 1231 3189 ὅσον
1254 3136 1533 3206 τυγχάνει.
1580 3138 1715 3205 Περὶ
1741 3172 1784 3229 C

134 3222 498 3292 προγνώσεως
519 3222 655 3276 Θεοῦ
683 3224 777 3277 καὶ
800 3226 1033 3288 κτίσεως
1063 3225 1295 3295 κόσμου.
1325 3228 1446 3281 Ὅτι
1477 3231 1509 3299 ἡ
1538 3230 1714 3295 κτίσις

129 3317 235 3378 τοῖς
264 3314 554 3368 εὐσεϐέσιν
580 3316 662 3379 εἰς
684 3316 935 3385 εὐλογίαν
959 3318 1218 3389 τρέπεται
1233 3334 1247 3348 ο
1271 3322 1386 3382 τοῖς
1415 3320 1472 3373 δὲ
1491 3322 1715 3392 ἀνόμοις

130 3409 204 3471 είς
241 3408 519 3481 κατάραν.
567 3409 693 3462 Ὅτι
746 3409 976 3480 ἀσχολία
1015 3412 1228 3482 μεγάλη
1273 3413 1517 3468 ἔκτισται
1550 3417 1714 3469 παντὶ

125 3497 437 3569 ἀνθρώπῳ,
482 3498 578 3552 xui
620 3496 783 3566 ζυγὸς
822 3499 992 3572 βαρὺς
1026 3502 1120 3554 ἐπὶ
1167 3503 1321 3566 υἱοὺς
1372 3503 1564 3575 Ἀδάμ.
1590 3505 1712 3559 Ὅτι

127 3590 303 3644 πάντα
334 3591 441 3643 δσα
502 3589 614 3643 ἀπὸ
662 3589 767 3660 γῆς
799 3591 879 3654 είς
927 3592 1032 3662 γῆν
1074 3592 1423 3665 ἀναστρέφει,
1479 3595 1573 3648 καὶ
1611 3596 1712 3649 ὅσα

124 3682 229 3734 ἀπὸ
253 3682 355 3737 τοῦ
378 3681 576 3747 ὓδατος
604 3685 684 3747 είς
720 3682 1016 3740 θάλασσαν.
1048 3685 1184 3756 Περὶ
1214 3687 1552 3758 συγκρίσεως
1577 3689 1714 3757 ἀγα-

124 3774 250 3840 θῶν,
279 3776 383 3829 καί
409 3776 534 3829 τίνα
576 3776 644 3829 τὰ
689 3777 929 3846 σαρκικά
981 3777 1162 3845 ἀγαθὰ
1215 3779 1286 3833 τὰ
1324 3779 1543 3849 ἥττονα.
1574 3782 1711 3853 Περὶ

124 3868 215 3925 τοῦ
238 3868 371 3922 τίνα
400 3869 475 3921 ea
504 3867 631 3921 ὄντα
663 3868 847 3937 ἀγαθά
873 3868 942 3922 τὰ
968 3869 1189 3939 μείζονα
1211 3871 1304 3924 xui
1338 3874 1706 3942 πνευματικά.

119 3962 255 4032 Περὶ
277 3960 431 4031 ζωῆς
474 3962 680 4033 ἀπαιτή
721 3961 855 4033 (29).
885 3961 1022 4032 Περὶ
1051 3961 1282 4016 θανάτου
1315 3963 1512 4034 πικροῦ
1546 3964 1709 4018 πλου-

122 4054 270 4106 σίου·
316 4054 454 4124 περὶ
490 4053 722 4107 θανάτου
756 4052 922 4107 καλοῦ
967 4053 1208 4125 πτωχοῦ.
1234 4057 1371 4127 Περὶ
1395 4056 1487 4109 τοῦ
1517 4057 1590 4129 μὴ
1620 4058 1710 4111 εὐ-

122 4143 407 4199 λαδεῖσθαι
441 4144 504 4198 τὸ
527 4144 839 4199 ἀποθανεῖν.
886 4144 1025 4215 Περὶ
1069 4145 1167 4199 τοῦ
1209 4146 1591 4209 ἐπονειδίστως
1633 4148 1708 4219 μὴ

126 4235 238 4305 ζῇν.
264 4233 411 4288 ἀλλά
435 4233 742 4304 φροντίζειν
768 4233 1027 4304 ὀνόματος
1052 4232 1279 4303 ἀγαθοῦ.
1298 4234 1436 4306 Περὶ
1461 4234 1708 4299 παιδείας

127 4326 425 4399 εἰρηνικῆς.
496 4328 614 4397 Ἀφ’
662 4320 738 4381 ὧν
782 4327 1177 4399 ἐντρεπόμενος
1217 4325 1565 4398 αἰσχύνεσθαι
1592 4328 1704 4381 δεῖο

127 4420 247 4491 περὶ
279 4412 360 4473 ὧν
388 4420 452 4473 οὐ
488 4419 570 4473 δεῖ
590 4418 964 4491 αἰσχύνεσθαι.
995 4419 1121 4472 Ὅτι
1161 4419 1243 4473 δεῖ
1272 4420 1402 4492 περὶ
1436 4418 1709 4490 θυγατρὸς

126 4513 398 4586 παρθένου
420 4512 654 4567 πάντοτε
682 4529 748 4584 με
756 4515 953 4585 ριμνᾷν
971 4528 984 4541 ·
1005 4512 1245 4585 περὶτοῦ
1274 4512 1348 4584 μὴ
1372 4512 1706 4585 συνεδρεύειν

123 4607 179 4657 ἐν
206 4605 366 4676 μέσῳ
405 4604 682 4673 γυναικῶν
712 4604 800 4658 διὰ
845 4606 1120 4677 πορνείαν.
1161 4607 1298 4676 Περὶ
1343 4604 1704 4676 δημιουργίας

124 4700 349 4771 Κυρίου.
376 4698 515 4770 Περὶ
547 4698 723 4770 ἡλίου,
753 4699 835 4752 ὅτι
870 4697 1063 4762 σκεῦος
1089 4697 1401 4768 θαυμαστὸν
1430 4698 1522 4751 καὶ
1542 4697 1703 4769 ἔργον

124 4791 352 4862 Κυρίου.
383 4792 521 4861 Περὶ
553 4790 783 4861 σελήνης
811 4790 906 4844 καὶ
948 4789 1187 4862 ἄστρων,
1243 4791 1337 4843 xui
1380 4788 1568 4854 τόξου,
1609 4789 1703 4844 καὶ

126 4883 337 4953 χιόνων,
381 4884 480 4936 xui
509 4883 825 4953 ἀστραπῶν.
880 4884 1017 4955 Περὶ
1047 4882 1246 4952 νεφῶν,
1298 4883 1394 4936 xui
1436 4881 1697 4953 χαλάζης.

123 4976 257 5046 Περὶ
289 4973 534 5045 σεισμῶν
560 4975 657 5028 xui
687 4974 934 5045 βροντῆς.
953 4974 1089 5046 Περὶ
1120 4972 1302 5037 ὑετοῦ,
1341 4973 1437 5027 καὶ
1468 4974 1700 5045 πάχνης,

124 5066 213 5116 xui
242 5063 500 5135 ὁμίχλης.
532 5063 669 5133 Περὶ
717 5063 909 5136 δρόσου
952 5062 1061 5116 ἀπὸ
1095 5062 1398 5126 καύσωνος.
1431 5063 1525 5115 xui
1573 5062 1703 5135 περὶ

128 5159 365 5213 ἀϐύσσου
400 5160 592 5230 ξηρᾶς.
626 5159 762 5229 Περὶ
806 5156 1070 5229 Ἰορδάνου
1105 5156 1200 5210 xui
1241 5155 1533 5227 θαλάσσης.
1566 5154 1703 5227 Περὶ

124 5252 321 5315 παντὸς
344 5250 486 5317 ζώου
517 5251 613 5304 xui.
645 5251 893 5321 κτήνους.
923 5248 1060 5319 Περὶ
1089 5245 1445 5319 μεγαλοδόξου
1475 5246 1702 5310 κτίσεως

125 5343 349 5416 Κυρίου.
369 5321 511 5412 Περὶ
533 5341 645 5395 τῶν
671 5340 1001 5414 εὐεργεσιῶν
1030 5338 1218 5394 αὐτοῦ.
1257 5338 1540 5407 Ἐπίλογος
1572 5337 1703 5409 περὶ

137 5435 303 5506 Ἑνὼχ
336 5436 434 5489 καὶ
465 5433 612 5488 Νῶε.
640 5433 919 5501 Ἐπίλογος
944 5432 1073 5504 περὶ
1099 5430 1369 5501 Ἀϐραὰμ,
1400 5429 1494 5483 καὶ
1521 5427 1704 5482 Ἰσαάκ

127 5520 313 5582 mith
341 5523 774 5597 ἐπειράσθησαν.
820 5524 1102 5595 Ἐπίλογος
1147 5524 1279 5595 περὶ
1329 5520 1558 5587 Ἰακὼϐ,
1605 5521 1703 5578 xui

192 5726 303 5855 :27;
340 5724 680 5806 Particulam
716 5725 812 5796 μή,
842 5727 932 5794 hic
970 5723 1306 5799 superﬂuere
1345 5723 1695 5780 arbitramur.

211 5798 279 5855 28
328 5796 514 5855 Locus
542 5797 792 5853 mutilus.

211 5796 300 5855 28)
328 5796 514 5855 Locus
542 5797 792 5853 mutilus.

1821 1954 1875 2002 et
1906 1946 2239 2015 loquacitate
2271 1946 2666 2001 adolescentuli
2693 1964 2707 2012 ;
2761 1944 2829 2000 de
2871 1944 3224 2013 suscipienda
3253 1943 3416 1999 disci-

1821 2036 1973 2107 plina
2007 2037 2164 2107 legis,
2191 2044 2245 2092 et
2268 2036 2336 2092 de
2362 2036 2586 2105 iudiciis
2614 2021 2679 2091 ἐι
2728 2035 3261 2106 justiﬁcationibus;
3294 2051 3415 2091 cre-

1821 2128 2062 2182 dendum
2124 2142 2248 2183 esse
2290 2128 2423 2199 legi;
2487 2128 2554 2183 de
2607 2134 2943 2183 testamento
2983 2128 3074 2182 Dei
3109 2129 3413 2183 secundum

1822 2220 2269 2287 generationem;
2295 2225 2349 2273 et
2373 2217 2519 2288 quod
2562 2218 2884 2275 hominibus
2914 2226 3126 2274 natura:
3149 2220 3414 2275 constitu-

1822 2311 1898 2366 tio
1927 2310 2118 2365 eadem
2144 2311 2236 2373 sit,
2271 2310 2572 2366 voluntatis
2623 2327 2754 2366 vero
2796 2311 3013 2366 diversa
3038 2332 3050 2366 :
3075 2312 3220 2367 unde
3246 2313 3414 2369 bene-

1819 2404 2084 2459 dictionis
2106 2404 2329 2473 quidam
2365 2404 2685 2474 participes,
2717 2405 3087 2460 maledictioni
3120 2420 3251 2460 vero
3274 2421 3413 2460 non-

1821 2495 1956 2549 nulli
1991 2494 2226 2564 subjecti
2253 2501 2421 2549 sunt:
2453 2493 2521 2547 de
2543 2495 2745 2564 populo
2763 2496 2937 2550 electo
2965 2511 2977 2547 :
3005 2504 3057 2549 et
3087 2496 3232 2565 quod
3264 2496 3411 2551 bono

1819 2587 2162 2641 contrarium
2194 2587 2268 2640 sit
2310 2586 2537 2649 malum,
2570 2593 2625 2640 et
2655 2587 2745 2657 pio
2788 2594 3075 2657 peccator:
3102 2588 3303 2657 quibus
3336 2592 3409 2644 sit

1819 2676 2339 2733 communicandum
2379 2693 2394 2729 :
2425 2678 2607 2747 qualis
2645 2678 2717 2732 sit
2763 2676 3013 2732 ducenda
3058 2694 3198 2733 uxor
3228 2699 3241 2732 :
3271 2696 3409 2748 qua-

1820 2771 1899 2827 les
1956 2769 2195 2824 habendi
2260 2770 2683 2840 amicizquibus
2713 2772 2976 2825 utendum
3020 2773 3402 2828 consiliariis:

1824 2876 1965 2932 quos
1999 2861 2256 2917 doctores
2284 2862 2561 2932 assignet:
2589 2862 2786 2933 cuique
2815 2862 3098 2917 sciendum
3125 2879 3247 2919 esse
3272 2866 3406 2933 quid

1823 2953 1979 3024 135
2014 2953 2315 3021 conducat;
2362 2953 2429 3009 de
2452 2954 2787 3008 honorandis
2816 2953 3080 3020 medicis;
3127 2956 3406 3025 quomodo

1820 3041 2123 3111 lugendum
2180 3042 2252 3098 sit
2288 3058 2456 3112 super
2486 3051 2724 3097 mortuo.
2759 3042 2836 3099 De
2873 3045 3053 3099 scriba
3082 3054 3135 3099 et
3164 3046 3404 3117 agricola

1820 3135 2090 3205 sapiente.
2146 3135 2224 3192 De
2269 3136 2470 3204 vigiliis
2516 3136 2823 3201 architecti,
2859 3137 2974 3193 sive
3020 3139 3243 3204 aerarii,
3282 3139 3398 3194 sive

1821 3230 2014 3300 ﬁguli;
2054 3230 2122 3285 de
2165 3229 2523 3285 custodienda
2572 3229 2809 3284 hominis
2859 3229 3062 3291 anima,
3108 3238 3163 3283 et
3207 3229 3276 3286 de
3308 3245 3398 3285 sa-

1820 3320 2026 3390 pientia
2060 3328 2432 3389 permanente,
2482 3326 2536 3375 et
2585 3319 2774 3389 quanti
2822 3320 2913 3373 illa
2963 3321 3036 3375 sit
3084 3321 3261 3391 pretii.
3317 3319 3395 3376 De

1815 3411 2155 3481 praescientia
2187 3410 2281 3467 Dei
2330 3422 2383 3467 et
2414 3413 2692 3466 creatione
2720 3412 2928 3466 mundi.
2963 3410 3117 3479 Quod
3151 3421 3401 3469 creatura

1813 3502 1918 3572 piis
1955 3503 2009 3556 in
2041 3502 2499 3566 benedictionem,
2536 3503 2740 3571 iniquis
2780 3520 2911 3559 vero
2955 3506 3011 3559 in
3060 3505 3402 3561 maledictio-

1811 3610 1935 3649 nem
1959 3601 2223 3650 vertatur.
2258 3594 2412 3661 Quod
2450 3596 2741 3664 occupatio
2764 3610 2959 3664 magna
2985 3596 3160 3651 cuivis
3191 3596 3399 3652 homini

1814 3686 1886 3742 sit
1924 3692 2134 3751 creata,
2185 3693 2240 3740 et
2274 3686 2466 3756 jugum
2500 3702 2665 3755 grave
2713 3686 3030 3755 impositum
3072 3685 3195 3741 ﬁliis
3242 3686 3394 3741 Adae.

1816 3776 1973 3844 Quod
2007 3778 2274 3848 quidquid
2312 3793 2375 3832 ex
2409 3785 2556 3832 terra
2596 3786 2700 3840 est,
2733 3777 2801 3830 ad
2832 3787 3032 3831 terram
3064 3786 3394 3843 revertatur,

1819 3874 1875 3923 et
1897 3868 2159 3938 quidquid
2183 3884 2251 3924 ex
2275 3883 2437 3938 aqua,
2471 3867 2541 3922 ad
2567 3883 2718 3923 mare
2745 3867 2968 3923 deﬁuat.
2998 3868 3073 3925 De
3104 3871 3398 3927 collatione

1808 3959 2102 4026 bonorum,
2137 3968 2192 4016 et
2226 3976 2349 4030 qua:
2385 3961 2631 4015 carnalia
2677 3962 2820 4016 bona
2861 3964 3090 4017 minoris
3136 3963 3246 4017 sint
3277 3980 3397 4018 mo-

1809 4052 1997 4107 menti.
2047 4052 2179 4118 Qute
2221 4052 2363 4107 bona
2409 4050 2618 4122 majora
2648 4053 2782 4108 sint
2824 4061 2879 4107 et
2928 4054 3260 4123 spiritualia.
3317 4052 3396 4109 De

1810 4144 2105 4214 repetenda
2161 4145 2286 4199 vitae
2333 4145 2566 4201 ratione.
2625 4144 2699 4197 De
2746 4153 2921 4200 morte
2971 4146 3180 4200 homini
3236 4146 3393 4202 diviti

1812 4236 2036 4291 acerba.
2071 4235 2149 4291 De
2190 4236 2334 4291 bona
2363 4244 2539 4292 morte
2576 4238 2851 4307 pauperis.
2899 4237 2976 4292 De
3013 4254 3121 4294 non
3152 4238 3393 4293 timenda

1808 4334 2003 4383 morte.
2043 4326 2200 4394 Quod
2251 4343 2362 4382 non
2411 4329 2485 4384 sit
2520 4343 2644 4383 cum
2694 4328 2897 4398 probro
2929 4328 3221 4385 vivendum
3246 4368 3262 4393 ,
3296 4331 3395 4387 sed

1809 4420 1947 4473 ratio
1987 4419 2234 4475 habenda
2268 4420 2512 4477 nominis
2560 4420 2711 4476 boni.
2768 4419 2844 4476 De
2884 4419 3171 4490 disciplina
3202 4422 3390 4491 pacis;

1741 4520 1782 4574 ι)
1808 4528 2038 4582 quorum
2065 4513 2236 4583 gratia
2260 4512 2331 4568 sit
2353 4513 2808 4575 erubescendum,
2835 4512 2902 4567 de
2925 4513 3126 4582 quibus
3151 4528 3261 4567 non
3285 4514 3390 4579 sit;

1805 4602 1951 4671 quod
1982 4617 2262 4672 nunquam
2301 4602 2555 4672 ponenda
2599 4616 2731 4656 cura
2771 4602 2894 4657 ﬁlia:
2932 4604 3156 4674 virginis
3189 4619 3202 4655 :
3244 4603 3390 4674 quod

1805 4696 2104 4750 sedendum
2139 4711 2247 4748 non
2276 4695 2348 4749 sit
2372 4695 2427 4749 in
2455 4695 2634 4750 medio
2664 4697 2953 4750 mulierum
2983 4707 3201 4767 prepter
3233 4712 3391 4751 scor-

1805 4788 2087 4842 tationcm.
2146 4785 2222 4841 De
2264 4786 2480 4857 Opiﬁcio
2529 4787 2764 4842 Domini.
2813 4788 2888 4844 De
2921 4790 3069 4854 sole,
3109 4788 3255 4859 quod
3289 4806 3390 4844 vas

1804 4876 2124 4932 admirabile
2157 4878 2226 4932 sit
2253 4884 2307 4931 et
2340 4892 2478 4946 Opus
2504 4875 2739 4931 Domini.
2792 4877 2867 4930 De
2921 4878 3051 4932 luna
3091 4885 3144 4933 et
3173 4879 3338 4933 astris
3370 4897 3386 4946 ;

1803 4970 1872 5025 de
1928 4985 2098 5034 arcu,
2136 4969 2378 5032 nivibus,
2436 4967 2769 5039 fulguribus,
2830 4970 3050 5036 nebula,
3100 4971 3386 5040 grandine,

1804 5061 2231 5125 terramotibus,
2262 5061 2495 5123 tonitru,
2544 5061 2750 5130 pluvia,
2780 5060 3000 5130 pruina,
3028 5061 3286 5130 caligine,
3318 5061 3388 5118 de

1802 5172 1928 5211 rore
1963 5155 2216 5217 aestivali,
2246 5154 2315 5209 de
2343 5155 2541 5226 abysso
2567 5162 2745 5210 terrm.
2792 5154 2864 5208 De
2892 5155 3127 5209 Jordane
3147 5162 3200 5210 et
3225 5157 3383 5212 mari.

1805 5247 1880 5304 De
1909 5247 2061 5303 omni
2096 5249 2312 5300 vivente
2333 5255 2386 5300 et
2417 5245 2642 5315 pecude.
2679 5243 2756 5299 De
2790 5243 3079 5314 magniﬁca
3108 5244 3387 5298 creatione

1802 5339 2054 5406 Domini;
2092 5338 2162 5393 de
2194 5338 2475 5393 beneﬁciis
2505 5337 2643 5407 ejus.
2676 5336 2935 5406 Epilogus
2981 5334 3049 5391 de
3094 5335 3279 5390 [Snoch
3328 5344 3383 5390 et

1803 5431 1935 5487 Noe.
1986 5430 2248 5501 Epilogus
2300 5429 2368 5485 de
2417 5428 2692 5484 Abraham
2740 5435 2795 5483 et
2850 5426 3023 5493 Isaac,
3060 5436 3113 5482 et
3163 5427 3381 5482 illorum

1804 5524 2225 5582 tentationibus.
2268 5522 2530 5594 Epilogus
2556 5523 2626 5577 de
2653 5519 2827 5578 Jacob
2855 5528 2910 5578 et
2945 5520 3151 5593 Moyse,
3179 5527 3233 5577 et
3260 5533 3383 5590 qua

1875 5726 1986 5799 (29)
2025 5724 2252 5782 Videtur
2276 5722 2593 5797 legendum,
2618 5720 2838 5777 ἀπαίτει

3311 353 3422 410 582
3524 434 3531 443 ι
