3880 6186
470 334 579 390 383

1611 348 1685 407 εκ
1712 350 2180 410 ATHANASIUS.
2225 387 2297 400 —
2338 358 2564 418 DUBIA.

3646 371 3765 430 εδδ

472 444 563 499 ille
605 444 880 502 mirabilia
925 453 1277 520 perpetravit.
1332 454 1592 528 Epilogus
1638 462 1706 518 de
1750 463 1968 519 Aarone
2012 476 2053 520 el

2171 470 2472 537 Μωῢσέως,
2540 477 2636 529 καὶ
2678 470 2754 531 ὧν
2795 477 3251 555 ὲθαυματούργει.
3300 484 3581 552 Ἐπίλογος
3625 489 3761 562 περὶ

473 535 647 606 ipsiils
684 539 987 597 ministerio
1015 550 1068 598 et
1102 547 1432 602 sacerdotio.
1462 549 1719 623 Epilogus
1741 554 1808 625 de
1829 554 2062 621 Dathan,

478 627 687 684 Abiron
721 639 775 685 et
803 631 963 689 Core.
998 634 1076 691 De
1104 639 1360 707 primitiis
1398 646 1909 715 primogenitorum,
1945 665 2066 719 quae

472 723 542 778 ad
576 724 847 783 Aaronem
890 733 1256 800 pertinebant.
1298 735 1559 810 Epilogus
1593 741 1661 795 de
1693 740 1924 797 Phinecs
1956 744 2065 799 ﬁlio

471 814 742 882 Eleazari,
822 824 966 892 quod
1028 827 1225 881 tertius
1296 840 1419 898 post
1490 832 1761 889 Aaronem
1830 837 2065 893 celebris

471 907 655 998 fuerit.
701 912 856 979 Quod
908 916 1093 972 Davidi
1144 918 1409 979 Dominus
1471 931 1859 981 testamentum
1912 930 2063 998 regni

469 996 805 1067 disposuerit
835 1019 848 1055 :
875 1002 1019 1071 quod
1044 1002 1205 1060 Iesus
1227 1004 1373 1061 Nave
1387 1024 1682 1065 successor
1699 1010 1901 1083 Moysis
1922 996 2064 1067 inter

470 1091 763 1160 prophetas
798 1092 961 1148 fuerit
995 1100 1305 1167 :quomodo
1339 1102 1392 1155 in
1426 1102 1621 1158 diebus
1665 1103 1869 1177 Moysis
1900 1104 2063 1163 Jesus

467 1180 619 1238 Nave
648 1192 702 1238 et
744 1184 952 1242 Chaleb
995 1187 1140 1246 ﬁlius
1176 1189 1423 1262 Jephone
1471 1195 1704 1251 fecerint
1746 1198 2064 1253 misericor-

466 1275 638 1341 diam,
673 1287 727 1332 et
772 1295 837 1335 ex
880 1280 1172 1337 duodecim
1220 1288 1424 1341 servati
1463 1289 1575 1344 sint
1611 1313 1621 1345 :
1668 1290 1737 1347 de
1784 1290 2058 1358 Samuele,

464 1367 562 1437 qui
595 1379 717 1438 post
744 1369 930 1427 Jesum
964 1374 1108 1430 inter
1144 1379 1438 1448 prophetas
1466 1380 1736 1451 judicavit
1775 1387 2059 1456 populum.

468 1458 544 1514 De
576 1459 790 1517 Nathan
821 1465 1105 1535 propheta,
1130 1471 1421 1526 encomion
1456 1473 1513 1528 in
1544 1472 1803 1530 Davidem
1836 1475 2058 1548 Regem.

467 1551 625 1619 Quod
658 1554 916 1612 Salomon
950 1561 1170 1630 sapiens
1201 1563 1424 1633 quidem
1460 1565 1647 1630 fuerit,
1677 1569 1897 1625 tandem
1930 1586 2061 1625 vero

467 1647 756 1701 mulierum
827 1651 1110 1707 adamator
1180 1658 1452 1722 evaserit,
1507 1667 1631 1729 post
1689 1660 1827 1715 iram
1891 1664 2065 1732 pumi-

466 1739 640 1793 tentia
690 1740 1128 1801 misericordiam
1183 1746 1414 1818 adeptus
1468 1749 1561 1805 sit.
1633 1750 1710 1807 De
1763 1750 2059 1808 Jeroboam

465 1832 522 1881 et
584 1825 829 1885 Roboam
893 1833 1208 1892 schismatis
1272 1839 1616 1895 auctoribus.
1666 1839 1743 1896 De
1791 1843 2058 1912 propheta

468 1918 608 1984 Elia,
661 1923 802 1993 ignis
854 1926 997 1980 mala
1041 1942 1396 1986 consumens.
1445 1929 1521 1986 De
1565 1931 1763 1987 Elismo
1795 1935 2059 2004 propheta

468 2020 523 2067 et
576 2012 848 2085 discipulo
896 2016 1061 2086 Elia},
1109 2021 1268 2090 cujus
1330 2022 1494 2077 etiam
1552 2023 1749 2094 spiritu
1817 2020 2058 2094 repletus

463 2112 551 2160 est
613 2122 631 2163 :
687 2106 755 2161 de
813 2111 1128 2180 captivitate
1172 2129 1360 2182 regum
1415 2113 1575 2169 Juda.
1631 2114 1786 2182 Quod
1834 2116 2057 2173 humilis

464 2192 631 2249 fuerit
680 2194 966 2265 Ezechias,
1016 2207 1070 2255 et
1119 2202 1330 2258 amicus
1371 2201 1549 2266 Isaiae,
1598 2212 1652 2258 et
1701 2205 1916 2260 occisor
1952 2205 2057 2260 Ra-

462 2285 647 2356 psacis
684 2305 698 2341 :
741 2288 888 2358 quod
929 2289 1173 2345 liberarit
1214 2292 1483 2351 Dominus
1517 2295 1774 2354 lsraclem
1812 2315 1909 2368 per
1949 2316 2059 2353 ma-

461 2394 595 2433 num
628 2379 1097 2452 Isaiae,percussis
1127 2386 1328 2443 castris
1365 2388 1739 2460 Assyriorum.
1768 2390 1921 2458 Quod
1962 2390 2057 2446 Jo-

462 2471 575 2527 sias
627 2487 724 2528 rex
760 2473 951 2530 .l'uerit
1020 2478 1233 2534 amicus
1288 2478 1560 2537 Ieremia}.
1648 2482 1724 2538 De
1790 2484 2056 2554 propheta

461 2561 767 2628 Ezechiele,
822 2567 968 2637 quod
1021 2568 1077 2623 in
1129 2573 1449 2641 captivitate
1498 2573 1827 2645 Babylonica
1869 2576 2051 2633 fuerit.

462 2653 540 2708 De
577 2656 797 2713 ossibus
832 2657 1121 2713 duodecim
1162 2661 1576 2731 prophetarum.
1620 2662 1775 2730 Quod
1815 2663 2055 2720 Zoroba-

463 2745 553 2802 bel
582 2755 637 2803 et
663 2748 827 2804 Jesus
861 2749 1005 2806 ﬁlius
1043 2749 1277 2807 Josedec
1316 2753 1541 2808 domum
1572 2754 1786 2810 Domini
1813 2757 2053 2812 aediﬁca-

459 2840 664 2893 verint.
707 2840 994 2908 Quomodo
1034 2842 1290 2901 Neemias
1320 2862 1511 2903 muros
1545 2845 1900 2921 Jerosolymze
1940 2850 2055 2905 col-

459 2926 645 3003 lapsos
701 2936 958 2990 erexerit.
1025 2934 1102 2992 De
1168 2937 1380 3005 Enoch,
1449 2940 1544 3010 qui
1608 2940 1752 2996 inter
1816 2941 2053 3014 inclytos

459 3037 892 3084 connumeratur
923 3048 938 3086 :
968 3030 1114 3100 quod
1148 3029 1348 3103 Joseph
1380 3051 1507 3089 cum
1539 3035 1760 3107 inclytis
1793 3033 1976 3100 fuerit,
2000 3044 2056 3091 et
2112 3050 2124 3067 ·

459 3121 720 3190 populum
751 3120 1147 3178 confortaverit
1178 3143 1191 3178 :
1222 3126 1369 3196 quod
1403 3123 1529 3181 Seni
1565 3134 1618 3182 et
1645 3125 1775 3181 Seth
1809 3129 2053 3185 celebres

460 3213 603 3267 inter
654 3211 908 3269 homines
953 3214 1157 3270 fuerint
1208 3232 1221 3268 :
1270 3218 1417 3288 quod
1471 3218 1659 3273 Simon
1715 3220 1861 3277 ﬁlius
1900 3220 2053 3277 Oniaa

459 3303 851 3358 celeberrimus
882 3304 938 3358 in
971 3320 1187 3362 summo
1226 3310 1536 3364 sacerdotio
1568 3308 1733 3365 fuerit
1767 3328 1779 3364 :
1814 3314 1959 3384 quod
1995 3314 2053 3369 in

459 3395 720 3451 omnibus
784 3396 905 3451 istis
976 3399 1290 3455 laudandus
1354 3402 1427 3457 sit
1487 3402 1631 3458 Deus
1704 3406 2049 3476 magniﬁcus.

460 3487 668 3542 Contra
717 3487 1117 3559 Samaritanos,
1171 3493 1265 3565 qui
1313 3492 1685 3564 Judaismum,
1743 3505 1798 3552 et
1859 3507 2051 3555 contra

455 3576 699 3664 Iudaeos,
753 3582 847 3651 qui
886 3581 1167 3639 Christum
1215 3587 1583 3657 reprobarunt
1639 3603 1653 3640 :
1705 3587 1775 3644 de
1826 3589 2051 3664 Epilogo

455 3661 628 3728 totius
664 3673 811 3730 libri.
848 3674 924 3731 De
954 3677 1208 3734 oratione
1235 3678 1399 3746 Jesu,
1442 3679 1544 3736 ﬁlii
1580 3679 1795 3750 Sirach,
1834 3661 2051 3757 nepotis

455 3766 610 3822 Jesu.

462 3918 621 3991 136
664 3918 761 3974 DE
807 3918 1059 3977 LIBRIS
1113 3922 1309 3979 NOV!
1364 3922 1854 3983 TESTAMENTI
1904 3927 2050 3983 IAM

810 3991 1093 4049 DICERE
1153 3993 1715 4054 INCIPIENDUM.

578 4082 739 4139 Liber
782 4083 834 4142 I.
879 4085 1227 4158 Evangelium
1267 4088 1556 4143 secundum
1594 4089 1932 4147 Matt/rarum.
2046 4112 2051 4119 '

524 4176 617 4231 47.
676 4176 793 4232 Hoc
840 4181 1063 4234 nomine
1107 4189 1336 4235 vocatur
1394 4181 1485 4236 hic
1536 4183 1675 4239 liber
1729 4183 1878 4255 quod
1931 4184 2051 4256 ipse

455 4268 746 4328 Mattheus
775 4273 1079 4343 discipulus
1110 4272 1323 4328 Domini
1377 4275 1733 4347 Evangelium
1770 4277 1875 4333 hoc
1909 4293 2049 4333 con-

456 4362 762 4432 scripserit.
806 4364 1007 4420 Narrat
1067 4377 1247 4422 antem
1303 4367 1373 4423 ab
1430 4368 1590 4423 initio
1638 4370 2048 4440 generationem

457 4452 761 4513 Salvatoris
808 4458 1113 4513 secundum
1159 4473 1382 4515 carnem
1405 4501 1420 4525 ,
1454 4477 1520 4517 ex
1555 4463 1765 4518 semine
1795 4462 2040 4518 Davidis.

457 4546 807 4617 Quapropter
860 4557 915 4605 et
958 4550 1027 4604 ab
1071 4550 1163 4607 illo
1210 4554 1584 4630 genealogiam
1638 4555 1705 4611 ad
1761 4556 2045 4611 Christum

456 4655 636 4708 usque
672 4641 1035 4712 quadraginta
1073 4642 1290 4701 duabus
1326 4647 1773 4714 generationibus
1802 4648 2043 4704 deducit.

455 4731 716 4786 Continet
767 4732 934 4787 etiam
983 4732 1259 4803 baptisma
1316 4734 1545 4792 Joannis
1602 4745 1658 4791 et
1712 4738 2047 4795 tentationes

454 4839 595 4893 quas
646 4824 703 4879 in
751 4832 937 4881 monte
992 4825 1247 4882 Christus
1305 4843 1335 4881 a
1391 4828 1609 4885 diabolo
1665 4829 1947 4895 sustinuit,
1993 4837 2048 4885 et

454 4918 609 4988 signa
645 4924 700 4974 et
742 4918 990 4988 prodigia
1027 4935 1223 4990 magna
1257 4936 1287 4974 a
1329 4918 1612 4979 Salvatore
1658 4922 1825 4988 facta,
1876 4923 2048 4979 disci-

452 5010 705 5081 pulOrum
759 5010 1107 5070 electionem.
1160 5014 1407 5085 mysterii
1462 5014 1837 5071 traditionem.
1899 5016 2049 5082 Quo-

450 5102 615 5158 modo
644 5102 862 5159 tandem
893 5103 1132 5159 traditus
1155 5105 1227 5161 sit
1247 5104 1446 5172 Pilato,
1465 5107 1766 5163 cruciﬁxus
1790 5122 2044 5179 corpore,

449 5209 764 5265 corpusque
812 5195 989 5266 ipsius
1038 5196 1277 5266 positum
1324 5197 1383 5252 in
1432 5206 1786 5254 monumento
1828 5217 1843 5254 :
1897 5202 2045 5271 quod

454 5285 661 5343 milites
704 5295 887 5344 vestes
923 5287 1044 5359 ejus
1084 5288 1396 5353 diviserint,
1431 5289 1548 5359 ipse
1578 5306 1711 5346 vero
1735 5307 1860 5347 cum
1896 5292 2044 5346 intra

454 5377 695 5432 triduum
743 5381 1175 5445 resurrexisset,
1222 5380 1512 5453 discipulis
1565 5384 1921 5455 praeceperit,
1986 5393 2046 5439 ut

449 5467 717 5522 docerent
747 5485 939 5527 omnes
975 5481 1188 5543 gentes,
1220 5484 1274 5530 et
1308 5475 1649 5546 baptizarent
1677 5491 1794 5540 eos,
1829 5476 2044 5546 pollici-

446 5567 538 5612 tus
601 5559 731 5627 illis,
780 5563 928 5631 quod
986 5564 1209 5620 futurus
1261 5576 1412 5623 esset
1469 5583 1596 5623 cum
1660 5568 1773 5625 illis
1816 5571 2041 5627 cunctis

445 5648 668 5718 diebus,
711 5667 886 5723 usque
928 5654 998 5711 ad
1050 5659 1585 5719 consummationem
1631 5660 1838 5719 saeculi.
1872 5660 2040 5736 Signa

518 5800 636 5877 (30)
671 5802 923 5866 ﬂendum

2181 563 2415 635 ’Λαρὼν,
2454 567 2549 620 καὶ
2589 569 2689 640 τῆς
2730 570 3077 645 λειτουργίας
3116 575 3305 640 αὑτοῦ,
3338 578 3434 632 καὶ
3474 580 3572 651 τῆς
3600 582 3756 650 ίερα-

2164 657 2336 720 τείας.
2397 658 2682 728 Ἐπίλογος
2730 663 2860 735 περὶ
2907 664 3124 730 Δαθάν,
3161 668 3255 721 καὶ
3310 669 3606 742 Ἀϐειρὼν,
3659 673 3761 729 καὶ

2165 750 2331 820 Κορέ.
2382 752 2521 822 Περὶ
2582 752 2691 806 τῶν
2734 755 3003 827 ἀπαρχῶν
3049 758 3159 811 τῶν
3210 760 3759 836 πρωτογεννημάτων

2169 842 2386 912 μερίδος
2421 844 2654 917 Ἀαρών.
2690 845 3092 916 Ἐπίλογος,ὃτι
3116 851 3302 917 Φινεὲς
3337 852 3451 917 υἱὸς
3490 856 3761 928 Ἐλεάζαρ

2164 936 2347 1008 τρίτος
2388 938 2528 1008 μετὰ
2582 939 2792 1013 Ἀαρὼν
2821 940 3050 1007 ἔνδοξος.
3080 946 3204 997 Ὅτι
3236 946 3314 1016 τῷ
3344 948 3508 1002 Δαϐὶδ
3546 949 3762 1005 διέθετο

2095 1081 2101 1093 ,
2165 1027 2371 1100 Κύριος
2407 1029 2673 1103 διαθήκην
2701 1032 3001 1103 βασιλείας.
3042 1037 3163 1091 ’Ὁτι
3199 1039 3408 1109 Ἰησοῦς
3436 1042 3592 1112 Ναυῆ
3635 1042 3759 1097 διά-

2163 1122 2318 1195 δοχος
2337 1125 2618 1190 Μωῦσέως
2638 1127 2850 1196 γίνεται
2876 1130 2934 1182 ὲν
2959 1132 3286 1202 προφήταις.
3322 1133 3413 1198 Ὦς
3437 1135 3496 1188 ὲν
3515 1136 3758 1208 ἡμέραις

2166 1216 2453 1280 Μωῦσέως
2497 1219 2707 1289 Ἰησοῦς
2730 1221 2884 1292 Ναυῆ
2934 1223 3028 1276 καὶ
3071 1224 3253 1279 Χάλεϐ
3298 1228 3327 1279 ό
3370 1227 3465 1281 τοῦ
3519 1228 3757 1302 Ἰεφονῆ,

2164 1309 2429 1379 ἐποίησαν
2450 1310 2615 1375 ἕλεος,
2632 1312 2730 1366 καὶ
2745 1315 2794 1366 οἱ
2821 1314 2885 1384 ιβ’
2901 1314 3011 1385 (50)
3028 1315 3387 1389 διεσώθησαν.
3408 1320 3487 1374 Τά
3504 1323 3636 1394 περὶ
3648 1324 3759 1376 Σα-

2167 1400 2361 1472 μουὴλ,
2378 1400 2437 1466 ὃς
2461 1403 2599 1473 μετὰ
2631 1403 2833 1473 Ἰησοῦν
2856 1404 3038 1475 ἔκρινε
3063 1406 3153 1459 τὸν
3183 1406 3309 1461 λαὸν
3337 1411 3396 1462 ἐν
3420 1414 3752 1483 προφήταις.

2163 1489 2246 1543 Τὰ
2270 1491 2398 1563 περὶ
2417 1490 2603 1544 Ναθάν
2628 1490 2723 1545 τοῦ
2750 1495 3049 1565 προφήτου,
3070 1495 3164 1548 καὶ
3185 1495 3458 1568 ἐγκώμιον
3486 1501 3564 1563 εἰς
3583 1499 3756 1553 Δαϐὶδ

2161 1583 2253 1637 τὸν
2308 1583 2555 1654 βασιλέα.
2600 1585 2687 1649 Ὡς
2718 1585 2972 1657 Σολομὼν
3016 1582 3084 1658 ἧν
3127 1587 3321 1655 σοφὸς,
3358 1588 3497 1643 ἀλλὰ
3523 1590 3753 1660 φιλογύ-

2162 1693 2312 1741 ναιος
2359 1676 2586 1750 ὕστερον
2631 1677 2856 1747 γέγονε,
2909 1677 3003 1731 καὶ
3051 1677 3188 1749 μετά
3219 1678 3316 1750 τὴν
3346 1679 3514 1751 ὀργὴν
3542 1682 3752 1754 ἠλεήθη

2165 1768 2639 1839 μετανοήσας.Τά
2686 1769 2815 1841 περὶ
2869 1768 3157 1842 Ἰεροϐιάμ
3208 1771 3303 1823 καὶ
3359 1770 3595 1843 Ῥοϐοάμ
3634 1773 3755 1828 τῶν

2165 1859 2628 1931 σχισματοποιῶν.
2678 1858 2758 1915 Τὰ
2797 1861 2927 1932 περὶ
2982 1859 3162 1914 Ἠλίου
3207 1861 3302 1914 τοῦ
3335 1863 3650 1934 προφήτου,
3686 1864 3755 1918 τὸ

2161 1952 2275 2024 πῦρ
2312 1953 2373 2006 τὸ
2433 1957 2588 2007 καῖον
2649 1952 2718 2006 τὰ
2783 1953 2950 2007 κακά.
3007 1952 3087 2006 Τά
3143 1954 3272 2025 περὶ
3328 1955 3597 2010 Ἐλισσαιὲ
3649 1958 3751 2011 τοῦ

2160 2047 2474 2119 προφήτου,
2516 2048 2610 2101 καὶ
2657 2046 2903 2119 μαθητοῦ
2940 2046 3155 2113 Ἠλίου,
3206 2048 3267 2111 ὂς
3309 2049 3612 2124 ἐνεπλήσθη
3649 2053 3751 2107 τοῦ

2160 2138 2475 2208 πνεύματος
2517 2139 2704 2192 αὐτοῦ.
2758 2138 2839 2193 Τὰ
2887 2140 3015 2211 περὶ
3055 2140 3156 2210 τῆς
3209 2141 3587 2212 αἰχμαλωσίας
3636 2144 3753 2200 τῶν

2161 2229 2430 2301 βασιλέων
2468 2230 2658 2303 Ἰούδᾳ.
2707 2231 2793 2295 Ὧς
2819 2226 2888 2303 ῆν
2932 2227 3192 2296 Ἱεζεκίας
3216 2233 3618 2306 ταπεινόφρων,
3652 2239 3754 2291 καὶ

2156 2322 2251 2376 τοῦ
2287 2324 2509 2377 Ἡσαΐου
2540 2323 2714 2395 φίλος,
2739 2325 2832 2378 καὶ
2858 2323 2953 2377 τοῦ
2982 2324 3276 2398 Ῥαμψάκη
3306 2326 3617 2399 ἀναιρέτης.
3657 2329 3754 2392 Ὠς

2158 2413 2503 2486 ἐλυτρὼσατο
2552 2416 2760 2487 Κύριος
2802 2415 2893 2470 τὸν
2928 2416 3147 2489 Ἰσραὴλ
3187 2417 3246 2469 ἐν
3286 2420 3431 2490 χειρὶ
3486 2419 3751 2488 Ἡσαΐου,

2158 2506 2407 2574 πατάξας
2431 2508 2528 2580 τὴν
2552 2507 2907 2581 παρεμϐολὴν
2935 2507 3043 2562 τῶν
3071 2509 3390 2582 Ἀσσυρίων.
3421 2511 3508 2575 Ὡς
3536 2512 3751 2578 Ἰωσίας

2155 2603 2185 2655 ὁ
2218 2600 2473 2672 βασιλεὺς
2522 2602 2737 2675 ὑπῆρχε
2784 2602 2937 2672 φίλος
2970 2602 3257 2673 Ἰερεμίου.
3307 2604 3443 2675 Περὶ
3494 2604 3753 2677 Ἐζεκιὴλ

2157 2692 2255 2747 τοῦ
2299 2694 2602 2765 προφήτου,
2631 2696 2713 2747 ὅτι
2744 2696 2803 2747 ὲν
2826 2696 2892 2764 τῇ
2919 2694 3272 2767 αἰχμαλωσίᾳ
3296 2690 3365 2766 ῆν
3400 2696 3746 2763 Βαϐυλῶνος.

2157 2785 2293 2858 Περὶ
2322 2784 2431 2839 τῶν
2459 2785 2660 2839 ὀστέων
2693 2785 2803 2839 τῶν
2839 2785 2904 2857 ιβ’
2952 2787 3269 2859 προφητῶν.
3319 2789 3407 2852 Ὠς
3440 2790 3751 2861 Ζοροϐάϐελ

2157 2880 2254 2932 καὶ
2288 2878 2499 2950 Ἰησοῦς
2543 2880 2573 2932 ὁ
2620 2878 2716 2933 τοῦ
2772 2879 3018 2934 Ἰωσεδὲκ
3062 2881 3421 2952 ᾠκοδόμησαν
3468 2883 3560 2936 τὸν
3593 2879 3753 2939 οἷκον

2156 2970 2385 3040 Κυρίου.
2427 2969 2515 3034 Ὠς
2547 2971 2787 3041 Νεεμίας
2809 2973 3068 3044 ἀνήγειρε
3092 2971 3160 3026 τά
3193 2972 3345 3044 τείχη
3389 2975 3749 3048 Ἰερουσαλὴμ

2156 3063 2224 3119 τὰ
2264 3066 2611 3119 πεπτωκότα.
2654 3066 2735 3119 Τά
2795 3066 2924 3138 περλ⁸
2977 3065 3148 3137 Ἑνὼχ
3171 3105 3185 3129 ,
3230 3067 3290 3130 ὃς
3333 3070 3481 3121 ἐστιν
3525 3070 3583 3122 ἐν
3633 3073 3751 3133 τοῖς

2080 3167 2123 3225 C
2157 3157 2389 3223 ἐνδόξοις
2449 3158 2544 3211 καὶ
2599 3159 2880 3229 στήριγμα
2928 3156 3079 3212 λαοῦ.
3150 3159 3273 3212 Ὅτι
3324 3159 3445 3231 Σήμ
3490 3162 3588 3215 καὶ
3634 3162 3749 3233 Σήθ

2156 3248 2374 3313 ἔνδοξοι,
2397 3252 2455 3305 ὲν
2485 3249 2814 3321 ἀνθρώποις.
2855 3251 2977 3305 Ὅτι
3008 3252 3191 3322 Σίμων
3227 3253 3401 3307 Ὀνίου
3431 3254 3548 3317 υἱὸς
3592 3256 3750 3309 ἐνδο-

2156 3342 2375 3409 ξότατος
2436 3345 2495 3397 ὲν
2568 3343 2970 3417 ἀρχιερωσύνη.
3027 3345 3151 3399 Ὅτι
3202 3344 3297 3398 ἐπὶ
3353 3347 3490 3399 πᾶσι
3530 3346 3750 3411 τούτοις

2153 3434 2394 3504 εὐλογεῖν
2447 3436 2529 3491 δεῖ
2574 3436 2666 3493 τὸν
2726 3435 2860 3491 Θεὸν
2906 3437 3303 3508 μεγαλουργόν.
3353 3438 3511 3492 Κατά
3557 3440 3756 3510 Σαμα-

2155 3528 2350 3600 ρειτῶν
2376 3569 2391 3593 ,
2442 3528 2826 3601 ἀθετησάντων
2882 3529 2973 3584 τὸν
3031 3528 3399 3600 Ἰουδαῖσμὸν,
3455 3531 3548 3583 καὶ
3598 3531 3753 3586 κατὰ

2166 3618 2436 3672 Ἰουδαίων
2464 3618 2850 3689 ἀθετησάντων
2880 3618 2976 3673 τὸν
3024 3619 3279 3691 Χριστόν.
3315 3621 3452 3692 Περὶ
3480 3620 3575 3674 τοῦ
3616 3623 3748 3674 ἐπι-

2151 3708 2312 3778 λόγου
2339 3710 2440 3779 τῆς
2467 3709 2649 3780 βίϐλου
2682 3710 2885 3782 πάσης.
2920 3710 3058 3785 Περὶ
3088 3711 3188 3784 τῆς
3210 3713 3523 3785 προσευχῆς
3562 3713 3748 3782 Ἰησοῦ

2152 3800 2272 3854 υίοῦ
2303 3801 2511 3873 Σηράχ,
2544 3802 2771 3873 ὲγγόνου
2807 3802 3004 3874 Ἰησοῦ.

2151 3919 2502 3973 ΑΡΚΤΕΟΝ
2550 3919 2634 3973 ΔΕ
2687 3920 2821 3972 ΚΑΙ
2875 3920 3018 3973 ΤΩΝ
3071 3922 3212 3973 ΤΗΣ
3246 3918 3529 3973 ΚΑῙΝΗΣ

2636 3991 2885 4045 ΘΗΚΗΣ
2921 3992 3251 4045 ΒΙΒΛῙΩΝ.

2293 4099 2543 4155 mmor
2572 4097 2656 4155 A'.
2687 4100 2851 4155 Κατὰ
2871 4099 3178 4155 Ματθαῒον
3204 4099 3595 4172 Εὺαττέλιον.

2222 4192 2313 4246 Π.
2351 4192 2510 4246 Οὖτω
2549 4192 2796 4247 καλεῖται
2845 4192 2906 4246 τὸ
2942 4191 3167 4263 βιϐλίον,
3232 4194 3421 4265 ἐπειδὴ
3443 4193 3541 4247 καὶ
3574 4191 3753 4258 αὐτὸς

2150 4283 2436 4348 Ματθαῖος
2460 4286 2490 4338 ό
2525 4283 2775 4356 μαθητὴς
2812 4284 2906 4338 τοῦ
2943 4284 3150 4357 Κυρίου
3186 4286 3495 4357 συνέγραψε
3535 4284 3598 4339 τὺ
3636 4284 3753 4340 Εὐ-

2150 4375 2406 4445 αγγὲλιον
2448 4375 2627 4429 τοῦτο.
2682 4377 2965 4448 Διηγεῖται
3004 4376 3062 4430 δὲ
3121 4377 3180 4444 ἐξ
3226 4378 3403 4449 ἀρχῆς
3446 4376 3543 4449 τὴν
3595 4378 3755 4433 κατὰ

2155 4468 2336 4540 σάρκα
2368 4465 2623 4539 γέννησιν
2649 4465 2744 4520 τοῦ
2776 4468 3031 4540 Σωτῆρος
3052 4467 3153 4540 τὴν
3189 4470 3255 4522 ἐκ
3301 4468 3617 4539 σπέρματος
3645 4469 3751 4522 τοῦ

2151 4557 2338 4610 Δαϐίδ.
2382 4556 2475 4610 Διὸ
2510 4556 2606 4611 καὶ
2652 4557 2749 4611 ἀπ’
2785 4558 2949 4611 αὐτοῦ
2983 4556 3082 4628 τὴν
3108 4557 3461 4626 γενεαλογίαν
3504 4560 3749 4628 κατάγει

2149 4650 2252 4713 ἓως
2280 4650 2375 4705 τοῦ
2419 4648 2697 4722 Χριστοῦ,
2742 4650 2938 4720 γενεάς
2966 4650 3074 4720 μβ¹.
3121 4650 3374 4722 Περιέχει
3416 4650 3473 4704 δὲ
3525 4651 3623 4704 καὶ
3683 4651 3754 4705 τὸ

2153 4736 2440 4808 βάπτισμα
2477 4738 2749 4803 Ἰωάννου,
2778 4739 2872 4793 καὶ
2911 4740 3040 4803 τοὺς
3070 4740 3127 4793 ὲν
3161 4738 3240 4810 τῷ
3282 4739 3398 4811 ὕρει
3443 4739 3597 4809 παρά
3641 4741 3746 4795 τοῦ

2147 4827 2392 4882 διαϐόλου
2424 4830 2786 4902 πειρασμοὺς,
2809 4831 2902 4884 καὶ
2935 4833 3135 4902 σημεῖα
3163 4833 3257 4885 καὶ
3284 4829 3487 4902 τέρατα
3523 4831 3751 4902 μεγάλα.

2148 4921 2418 4994 γενόμενα
2449 4921 2603 4995 παρὰ
2637 4920 2731 4976 τοῦ
2779 4924 3030 4995 Σωτῆρος
3049 4964 3063 4989 ,
3094 4924 3197 4995 τήν
3226 4939 3286 4977 τε
3321 4923 3432 4977 τῶν
3472 4923 3748 4995 μαθητῶν

2149 5014 2415 5086 ἐκλογὴν,
2463 5016 2560 5069 καὶ
2609 5015 2708 5086 τὴν
2758 5014 2854 5069 τοῦ
2908 5015 3210 5087 μυστηρίου
3255 5015 3585 5086 παράδοσιν·
3642 5019 3749 5072 καὶ

2146 5106 2302 5172 τέλος
2358 5109 2442 5162 ὃτι
2486 5108 2759 5181 παρεδόθη
2808 5108 3058 5180 Πιλάτῳ,
3125 5109 3221 5163 καὶ
3280 5107 3607 5181 ἐσταυρώθη
3658 5112 3748 5183 τῷ

2149 5198 2384 5269 σώματι,
2409 5198 2594 5252 καὶτὸ
2633 5199 2794 5271 σῶμα
2844 5200 3008 5253 αὐτοῦ
3037 5201 3196 5273 ἐτέθη
3232 5203 3291 5254 ὲν
3329 5202 3408 5273 τῷ
3443 5203 3702 5275 μνημείῳ
3724 5222 3744 5237 ο

2146 5294 2240 5346 καὶ
2262 5294 2310 5345 oi
2338 5292 2436 5364 μὲν
2460 5292 2792 5366 στρατιῶται
2815 5292 3199 5365 διεμερίσαντο
3223 5293 3292 5347 τά
3314 5295 3507 5364 ἱμάτια
3527 5295 3701 5350 αὐτοῦ
3723 5314 3739 5327 ·

2143 5386 2308 5450 αὐτὸς
2366 5386 2457 5451 δὲ,
2488 5387 2546 5438 ὲν
2593 5386 2880 5458 τριημέρῳ
2929 5385 3207 5451 ἀναστάς,
3257 5387 3566 5440 ἐνετείλατο
3621 5392 3745 5454 τοῖς

2147 5477 2421 5549 μαθηταῖς
2451 5477 2775 5551 μαθητεύειν
2811 5480 2994 5533 πάντα
3024 5479 3093 5532 τὰ
3128 5478 3278 5551 ἔθνη,
3305 5480 3400 5534 καὶ
3446 5478 3744 5548 βαπτίζειν

2142 5570 2360 5637 αὐτοὺς,
2391 5570 2861 5642 ἐπαγγειλάμενος
2889 5569 3030 5625 εἶναι
3062 5572 3179 5642 μετ’
3207 5570 3388 5624 αὐτῶν
3415 5571 3601 5636 πάσας
3640 5574 3742 5635 τὰς

2142 5660 2357 5733 ἡμέρας
2388 5660 2494 5727 ἕως
2535 5661 2849 5725 συντελείας
2896 5661 2992 5717 τοῦ
3037 5663 3251 5729 αἰῶνος.
3313 5664 3439 5720 Εἰσὶ
3486 5664 3549 5719 δὲ
3586 5664 3745 5739 ἅπερ

3590 3919 3750 3978 AIA-
