3880 6186
95 302 201 360 383

1205 291 1543 352 SYNOPSIS
1584 289 1999 349 SCRIPTURAS
2036 290 2311 348 SACIUE.

3269 293 3377 352 33:0

99 414 381 485 ὶξηγεῖται
448 411 730 474 Ματθαῖος
782 409 1069 479 γεγονέναι
1136 409 1340 480 σημεῖα
1392 406 1549 478 παρὰ
1596 403 1694 459 τοῦ

1809 422 1950 473 vero,
1981 423 2104 478 quae
2143 423 2173 463 a
2207 407 2428 464 Christo
2476 407 2620 462 facta
2673 406 2962 464 Mattha-us
3003 417 3215 472 narrat,
3249 418 3381 467 sunt

96 505 345 578 Χριστοῦ
378 505 576 560 ταῦτα.
612 506 673 559 Ὀ
700 504 901 577 λεπρὸς
946 501 1282 576 ἐκαθαρίσθη
1303 518 1318 533 ⁸
1349 504 1378 555 6
1411 505 1539 566 παῖς
1567 502 1696 556 ἐκα-

96 597 403 669 τοντάρχου
450 598 524 669 μὴ
567 595 761 667 παρὼν
815 594 961 665 ἰάθη,
999 594 1159 664 μόνον
1208 593 1454 658 εἰπόντος
1494 590 1693 646 αὑτοῦ·

92 689 133 757 ἠ
167 686 416 759 πενθερὰ
464 686 675 758 Πέτρου
727 685 1080 757 πυρέσσουσα
1130 683 1289 753 ἰάθη⁸
1333 682 1494 753 ὀψίας
1540 698 1697 751 γενο-

102 780 319 851 μένης,
358 779 750 850 προσήνεγκαν
814 775 965 847 αὐτῷ
1022 772 1539 846 δαιμονιζομένους,
1605 772 1699 825 καὶ

95 870 292 934 κακῶς
318 871 549 941 ἔχοντας
568 887 580 899 ·
619 870 714 922 καὶ
744 870 813 922 τά
840 868 939 940 μὲν
969 867 1259 939 πνεύματα
1286 865 1507 931 ἐξέϐαλε
1530 866 1696 937 λόγῳ,

92 966 226 1026 τοὺς
259 964 319 1017 δὲ
361 962 557 1024 ἄλλους
598 948 771 1015 πάλιν
815 960 1184 1032 ἐθεράπευσεν
1221 958 1415 1022 οὕτως.
1444 958 1702 1011 Γενεαλο-

93 1061 281 1128 γεῖται
308 1057 580 1129 Χριστός·
615 1052 1028 1124 εὐαγγελίζεται
1065 1054 1265 1125 Ἰωσήφ
1286 1070 1298 1083 ⁸
1330 1052 1700 1124 προσκυνοῦσι

98 1151 271 1220 μάγοι
291 1165 309 1179 ⁸
354 1148 691 1219 κατέρχεται
718 1148 799 1210 εἰς
831 1147 1108 1215 Αἴγυπτον
1140 1148 1169 1198 6
1193 1143 1430 1216 Χριστός
1449 1159 1463 1174 ⁸
1487 1144 1703 1214 ἀναιρεῖ

93 1241 164 1294 τά
196 1240 401 1295 παιδία
432 1238 704 1311 Ἡρώδης,
747 1239 844 1292 καὶ
867 1238 1114 1309 τελευτᾷ.
1154 1234 1418 1290 ’Δνελθὼν
1466 1235 1574 1288 ἀπὸ
1600 1235 1701 1306 τῆς

94 1334 389 1403 Αἰγύπτου
424 1335 674 1386 κατοικεῖ
696 1333 779 1395 εἰς
810 1330 1064 1403 Ναζαρὲθ
1092 1331 1122 1383 6
1150 1328 1409 1402 Χριστός.
1441 1329 1701 1400 Ἔρχεται

108 1427 375 1496 Ἰωάννης
404 1424 708 1498 βαπτίζων,
728 1424 1134 1494 ἀποστρέφεται
1155 1423 1286 1487 τοὺς
1311 1420 1702 1485 Σαδδουκαίους

96 1523 191 1576 καὶ
246 1521 385 1583 τοὺς
416 1519 767 1590 ⁴ιθαρισαίους,
822 1517 1157 1581 Βαπτίςεται
1205 1517 1234 1569 ὁ
1286 1517 1554 1589 Χριστὸς,
1605 1515 1702 1568 καὶ

97 1613 430 1685 πειράζεται
470 1612 579 1665 ὑπὸ
609 1610 706 1664 τοῦ
741 1611 981 1664 Σατανᾶ.
1010 1605 1144 1663 Εἶτα
1172 1604 1337 1681 ἦλθεν
1372 1612 1452 1673 είς
1476 1610 1704 1680 Καπερ-

98 1711 298 1778 ναοὺμ,
335 1705 742 1777 παραδοθέντος
766 1705 863 1758 τοῦ
903 1704 1175 1758 Ἰωάννου.
1207 1703 1383 1758 Καλεῖ
1408 1703 1538 1768 τοὺς
1572 1702 1701 1773 περὶ

1797 500 1923 556 ista.
1979 499 2259 571 Leprosus
2321 501 2620 557 mundatus
2669 511 2774 557 est.
2826 500 2970 557 Puer
3024 503 3381 561 Centurionis

1796 594 1959 647 etiam
1991 595 2214 656 absens,
2239 592 2466 662 jubente
2500 601 2714 649 tantum
2745 594 2989 659 Christo,
3021 607 3246 651 curatus
3276 606 3383 651 est.

1801 683 2008 741 Socrus
2043 684 2191 740 Petri
2234 684 2554 743 febricitans
2597 695 2789 742 sanata
2824 694 2929 743 est.
2963 687 3203 761 Vespere
3238 687 3384 743 facto

1798 779 2114 834 obtulerunt
2166 780 2216 833 ei
2264 779 2628 835 dwmoniaeos
2680 790 2734 836 et
2782 781 2924 835 male
2982 781 3267 844 habentes,
3329 788 3385 835 et

1800 874 2029 944 spiritus
2091 872 2255 942 ejecit
2309 874 2496 936 verbo,
2556 874 2694 928 alios
2746 890 2964 944 quoque
3013 877 3227 928 curavit
3280 874 3384 929 hoc

1798 964 1983 1018 modo.
2052 963 2255 1018 Christi
2316 964 2600 1035 generatio
2678 964 3008 1019 describitur
3056 965 3205 1037 (cap.
3261 966 3310 1038 ι)
3364 986 3381 1021 :

1798 1056 2004 1112 bonum
2054 1056 2308 1109 nuntium
2364 1058 2576 1127 accepit
2628 1054 2830 1127 Joseph
2888 1075 2902 1112 :
2954 1056 3092 1129 Magi
3153 1059 3388 1113 adorant

1803 1149 1943 1217 (cap.
1981 1147 2042 1215 ιι)
2092 1165 2105 1200 :
2152 1145 2434 1200 descendit
2482 1148 2740 1202 Christus
2807 1148 2861 1201 in
2905 1147 3201 1219 Egyptuni
3249 1168 3261 1203 :
3299 1146 3389 1203 ln-

1807 1238 1984 1294 fantes
2039 1238 2242 1294 occidit
2300 1236 2545 1294 Herodes
2591 1247 2646 1293 et
2700 1241 2952 1295 moritur.
3016 1242 3269 1301 Christus
3320 1255 3391 1298 ex

1803 1331 2040 1404 Egypto
2085 1347 2341 1387 reversus
2386 1331 2595 1386 habitat
2622 1330 2912 1388 Nazareth.
2946 1334 3106 1388 Venit
3146 1335 3390 1390 Joannes

1802 1423 2089 1495 baptizans
2139 1422 2275 1495 (cap.
2363 1424 2452 1493 ιιι)
2509 1440 2522 1475 :
2575 1434 2860 1479 aversatur
2913 1424 3264 1494 Sadducaeos,
3334 1435 3392 1483 et

1801 1514 2130 1571 Pharis-deos.
2186 1515 2503 1586 Baptizatur
2546 1515 2823 1580 Christus,
2865 1526 2919 1573 et
2960 1527 3203 1573 tentatur
3228 1536 3257 1574 a
3290 1519 3394 1574 Sa-

1801 1613 1933 1661 tana
1980 1607 2120 1676 (cap.
2159 1606 2234 1678 iv)
2264 1624 2278 1660 :
2306 1614 2497 1679 postea
2529 1622 2653 1661 cum
2692 1609 2927 1665 traditus
2950 1620 3096 1666 esset
3124 1608 3390 1679 Joannes,

1801 1702 1953 1756 venit
1995 1677 2364 1770 Capt-rnaum.
2398 1677 2571 1752 Vocat
2611 1699 2828 1754 Petrum
2863 1710 2917 1756 et
2957 1699 3220 1757 Jacobum
3266 1677 3395 1759 cum

99 1801 311 1872 Πέτρον
344 1802 445 1854 καὶ
479 1800 761 1854 Ἰάκωϐον.
810 1798 1119 1871 Θεραπεύει
1156 1797 1388 1861 πολλοὺς
1410 1836 1426 1862 ,
1463 1796 1699 1866 κάθηται

1809 1790 1994 1847 fratre.
2038 1792 2210 1846 Curat
2237 1791 2464 1853 multos,
2507 1790 2660 1845 sedet
2704 1790 2759 1844 in
2819 1804 3005 1848 monte
3044 1794 3183 1865 (cap.
3222 1794 3298 1866 ν),
3340 1804 3396 1852 et

100 1893 181 1955 είς
204 1891 270 1945 τὸ
292 1891 446 1964 ὅρος,
488 1892 584 1945 καὶ
618 1891 770 1960 λέγει
811 1893 937 1954 τοὺς
982 1891 1398 1962 μακαρισμοὺς,
1431 1890 1525 1942 καὶ
1569 1889 1703 1942 ἐπά-

98 2002 211 2053 γει·
247 2004 269 2037 ι
305 1986 502 2056 Ὑμεῖς
531 1987 655 2038 ἐστε
678 1985 739 2037 τὸ
762 1983 914 2050 ἃλας,
946 2003 963 2035 ιι
982 1985 1098 2047 καὶ,
1130 2003 1148 2034 ι
1171 1985 1332 2055 ὑμεῖς
1349 1985 1473 2036 ἔστε
1497 1982 1559 2035 τὸ
1586 1981 1703 2052 φῶς

99 2078 196 2132 τοῦ
229 2080 469 2150 κόσμου.
497 2097 516 2130 ›
546 2079 814 2150 Παραινεῖ
852 2077 1038 2140 αὐτοῖς
1074 2077 1204 2149 περὶ
1241 2075 1377 2147 βίου.
1414 2071 1547 2128 Εἶτα
1583 2076 1706 2127 επι-

101 2175 271 2227 τείνει
314 2173 419 2236 τὰς
452 2174 513 2225 ὲν
541 2170 626 2241 τῷ
664 2172 815 2242 νόμῳ
854 2169 1106 2235 ἐντολὰς,
1137 2169 1266 2224 ἔνθα
1303 2169 1398 2223 καὶ
1436 2167 1567 2240 περὶ
1606 2164 1702 2220 τοῦ

99 2266 279 2331 δεξιοῦ
333 2265 623 2338 ὀφθαλμοῦ
682 2264 854 2334 λέγει,
903 2266 999 2317 καὶ
1052 2264 1185 2336 περὶ
1238 2261 1578 2328 κενοδοξίας,
1608 2258 1706 2314 καὶ

100 2360 234 2430 περὶ
296 2358 779 2430 φιλοχρηματίας,
811 2357 906 2411 καὶ
965 2355 1060 2410 τοῦ
1120 2356 1197 2429 μὴ
1257 2356 1527 2427 μεριμνᾷν
1578 2353 1707 2427 περὶ

99 2450 337 2524 τροῄς,
366 2453 463 2504 καὶ
495 2449 591 2504 τοῦ
622 2452 696 2523 μὴ
733 2450 941 2525 κρίνειν
962 2450 1056 2502 τὸν
1090 2449 1341 2519 πλησίον.
1367 2443 1503 2501 Εἶτά
1532 2463 1665 2519 φησι
1686 2462 1703 2477 ⁸

108 2544 241 2614 «Μὴ
275 2542 483 2616 βάλητε
524 2543 656 2606 τοὺς
700 2542 1050 2614 μαργαρίτας
1101 2538 1415 2612 ἔμπροσθεν
1454 2537 1555 2592 τῶν
1588 2538 1705 2610 χοί-

108 2653 237 2707 ρων.
266 2654 286 2687 ι
316 2634 619 2706 Προτροπὴ
650 2636 779 2704 περὶ
807 2635 902 2688 τοῦ
926 2633 1197 2688 αἰτεῖσθαι
1217 2649 1232 2662 ⁸
1265 2632 1547 2706 παραϐολὴ
1575 2630 1707 2704 περὶ

104 2728 197 2782 τοῦ
227 2729 401 2782 αὐτοῦ
425 2744 440 2757 ⁸
479 2730 610 2801 περὶ
639 2730 739 2800 τῆς
788 2727 983 2798 στενῆς
1010 2727 1135 2781 ὀδοῦ
1156 2766 1172 2791 ,
1215 2726 1312 2779 καὶ
1346 2725 1477 2798 περὶ
1512 2725 1707 2796 ψευδο-

106 2820 429 2894 προφητῶν,
466 2821 565 2875 καὶ
590 2820 701 2874 τῶν
727 2820 1113 2891 φυλασσόντων
1142 2818 1239 2883 τὰς
1266 2818 1504 2881 ἐντολάς.
1538 2816 1708 2871 Ἔνθα

108 2917 143 2985 ἡ
185 2913 481 2986 παραϐολὴ
539 2914 644 2984 τῆς
708 2913 801 2966 ἐπὶ
848 2911 947 2983 τὴν
994 2911 1202 2983 πέτραν
1262 2909 1709 2983 οἱκοδομηθείσης

108 3007 304 3070 οἰκίας.
364 3006 717 3078 Κατέρχεται
764 3005 872 3059 ἀπὸ
913 3002 1006 3057 τοῦ
1047 3002 1227 3075 ὅρους,
1280 3002 1375 3055 καὶ
1416 3001 1709 3077 θεραπεύει

113 3102 199 3151 τὸν
219 3101 450 3171 λεπρὶν,
477 3100 690 3154 καὶτὸν
721 3098 816 3153 τοῦ
861 3097 1287 3169 ἑκατοντάρχου,
1315 3096 1411 3149 καὶ
1442 3096 1542 3168 τὴν
1576 3110 1708 3147 πεν-

112 3193 273 3264 θερὰν
316 3193 561 3264 Πέτρου,
587 3192 684 3246 καὶ
726 3191 919 3255 ἄλλους
959 3191 1210 3255 πολλούς.
1254 3192 1312 3244 Ὀ
1345 3188 1709 3261 γραμματεὺς

113 3285 384 3340 κωλύεται
426 3285 817 3357 ἀκολουθῆσαι,
846 3285 939 3339 καὶ
972 3286 1001 3338 6
1040 3282 1287 3360 μαθητὴς
1315 3282 1706 3351 ἀναγκάζεται.

112 3375 277 3429 Παύει
329 3375 427 3428 τὸν
468 3374 719 3446 χειμῶνα
748 3378 848 3447 τῆς
894 3374 1193 3445 θαλάσσης.
1239 3375 1303 3427 Ol
1335 3373 1589 3444 δαίμονες
1631 3373 1712 3435 εἰς

110 3469 231 3531 tab;
253 3468 483 3539 χοίρους
528 3468 920 3539 ἐμπίπτουσιν.
952 3464 1158 3522 Ἦλθεν
1195 3469 1225 3522 6
1263 3466 1471 3543 Ἰησοῦς
1498 3468 1577 3530 εἰς
1610 3466 1710 3537 τὴν

114 3560 246 3614 ἰδίαν
281 3562 470 3615 πόλιν·
514 3561 810 3635 θεραπεύει
845 3561 938 3617 τὸν
978 3560 1352 3633 παραλυτικόν
1377 3576 1391 3590 ⁸
1429 3559 1587 3612 καλεῖ
1619 3557 1711 3612 τὸν

108 3654 417 3708 Ματθαῖον.
459 3654 818 3723 Ἐγκαλοῦσιν
844 3655 895 3706 οἱ
921 3655 1229 3726 Φαρισαῖοι,
1259 3654 1340 3707 ὅτι
1378 3652 1517 3724 μετὰ
1542 3651 1711 3705 τελω-

108 3746 214 3799 νῶν
241 3746 444 3811 ἐσθίει,
482 3748 580 3799 καὶ
611 3747 663 3800 oi
693 3745 937 3818 μαθηταὶ
970 3748 1243 3811 Ἰωάννου,
1272 3746 1355 3800 ὅτι
1388 3746 1451 3799 ού
1483 3745 1712 3817 νηστεύ-

108 3856 258 3892 ουσιν
280 3840 335 3892 οῖ
378 3836 623 3910 μαθηταὶ
646 3836 834 3892 αὐτοῦ.
869 3839 1243 3910 Παραγίνεται
1267 3839 1297 3891 6
1320 3838 1506 3910 ἄρχων
1535 3837 1625 3891 διὰ
1650 3836 1713 3891 τὺ

109 3933 431 4004 θυγάτριον,
477 3931 574 3986 καὶ
615 3932 867 4003 ἀνίστησι
912 3933 1012 4002 τὴν
1051 3931 1254 4004 κόρην·
1301 3932 1398 3986 καὶ
1443 3931 1648 4004 μεταξὺ
1676 3933 1711 4004 ή

112 4024 496 4097 αἱμορροοῦσα
524 4025 690 4077 ἰᾶται.
710 4023 814 4076 Δύο
834 4024 1025 4094 τυφλοὶ
1048 4024 1463 4097 θεραπεύονται,
1495 4026 1589 4079 καὶ
1612 4044 1715 4080 κω-

114 4119 212 4189 ᾠς
254 4115 731 4188 δαιμονιζόμενος.
762 4116 1024 4188 Περιάγει
1056 4117 1158 4181 τὰς
1198 4115 1392 4188 κώμας
1423 4119 1452 4171 ὁ
1475 4117 1709 4189 Ἰησοῦς.

126 4210 480 4266 ’ἀποστέλλει
519 4210 647 4273 τοὺς
685 4209 933 4281 μαθητὰς
964 4209 1220 4282 κηρῦξαι,
1250 4209 1346 4262 καὶ
1380 4209 1558 4263 πολλὰ
1609 4212 1712 4264 αὐοο

119 4307 225 4368 τοῖς
275 4303 615 4373 διαλέγεται.
665 4302 1016 4356 ’Δποστέλλει
1061 4303 1199 4375 πρὸς
1254 4303 1420 4357 αὐτὸν
1463 4303 1558 4357 δύο
1603 4302 1713 4358 τῶν

122 4395 387 4468 μαθητῶν
437 4396 696 4466 Ἰωάννης
721 4437 737 4464 ,
797 4392 1227 4467 ἒγκωμιάζεται.
1289 4394 1547 4465 Ἐγκαλεῖ
1599 4398 1714 4461 τοῖς

1802 1886 2048 1956 loquitur
2083 1884 2152 1939 de
2182 1884 2640 1947 beatitudinibus,
2683 1898 2747 1937 ac
2788 1884 2975 1937 subdit
3009 1905 3023 1940 :
3065 1905 3083 1936 ι
3120 1885 3229 1943 Vos
3259 1890 3395 1946 estis

1800 1979 1938 2044 sal,»
1977 1986 2070 2032 et:
2110 1996 2128 2029 ι
2156 1974 2264 2031 Vos
2292 1977 2428 2033 estis
2452 1978 2541 2031 lux
2577 1978 2848 2045 mundi“,
2883 1997 2901 2030 ι
2930 1980 3181 2035 hortatur
3203 1998 3298 2037 eos
3329 1983 3397 2038 de

1801 2075 1927 2127 vitae
1975 2070 2341 2127 institutione.
2395 2070 2602 2126 Deinde
2629 2083 2898 2143 pnecepta
2952 2074 3086 2143 legis
3135 2074 3394 2141 intendit,

1802 2162 1898 2217 ubi
1943 2171 1998 2216 ct
2039 2161 2107 2216 de
2149 2162 2373 2217 dextero
2405 2162 2566 2216 oculo
2594 2161 2749 2224 dicit,
2781 2171 2835 2216 et
2868 2163 2935 2217 de
2983 2163 3168 2218 studio
3212 2165 3398 2221 inanis

1804 2252 1992 2325 gloriae
2036 2257 2177 2324 (cap.
2225 2254 2326 2325 Vl),
2387 2263 2442 2308 et
2479 2253 2547 2308 de
2599 2269 2786 2308 amore
2819 2255 3086 2325 pecuniae,
3142 2257 3401 2328 quodque.

1804 2347 2059 2417 ponenda
2113 2346 2186 2401 sit
2218 2347 2492 2400 alimonia:
2523 2346 2858 2409 sollicitudo,
2921 2364 3022 2402 nec
3063 2363 3188 2403 esse
3239 2351 3399 2407 nobis

1801 2440 2164 2510 judicandum
2226 2440 2537 2510 proximum
2606 2440 2749 2511 (cap.
2804 2452 2926 2511 vn).
2987 2440 3194 2496 Deinde
3246 2443 3323 2495 ait
3381 2459 3398 2498 :

1811 2551 1831 2583 ι
1871 2530 1948 2586 Ne
1976 2531 2280 2602 projiciatis
2314 2533 2641 2602 margaritas
2673 2540 2799 2586 ante
2829 2548 3027 2603 porcos
3051 2533 3114 2588 ⁵³.
3151 2552 3169 2585 ι
3194 2534 3405 2588 Exhor-

1808 2624 1941 2679 tatio
1976 2625 2043 2678 ad
2071 2625 2363 2694 petendum
2409 2643 2421 2679 :
2458 2625 2649 2679 eadem
2679 2625 2747 2679 de
2778 2640 2835 2679 re
2867 2626 3129 2695 parabola
3161 2640 3175 2678 :
3204 2626 3273 2681 de
3310 2627 3399 2681 via

1807 2723 2042 2787 angusta
2082 2732 2096 2767 :
2139 2716 2207 2769 de
2251 2715 2741 2785 pseudOprophetis
2784 2732 2799 2769 :
2852 2715 2921 2770 de
2958 2715 3400 2770 custodientibus

1807 2815 2100 2878 praecepta.
2169 2807 2310 2862 Hinc
2370 2808 2632 2878 parabola
2696 2807 2896 2863 domus
2957 2824 3126 2878 supra
3188 2818 3402 2878 petram

1807 2900 2107 2954 aediﬁcatae.
2139 2898 2431 2955 Descendit
2458 2901 2526 2955 de
2561 2910 2745 2955 monte
2798 2906 2937 2969 (cap.
2971 2901 3120 2971 vin),
3159 2911 3213 2965 et
3243 2908 3406 2956 curat

1810 2993 2108 3061 leprosum,
2141 2999 2196 3045 et
2229 3007 2459 3060 puerum
2485 2990 2865 3056 Centurionis,
2893 3006 2954 3045 ac
2979 3006 3198 3047 socrutn
3224 2990 3401 3057 Petri,

1810 3093 1864 3139 et
1892 3085 2096 3139 multos
2126 3084 2286 3139 alios.
2326 3084 2520 3138 Scriba
2554 3084 2881 3154 prohibetur
2932 3098 3000 3138 ne
3035 3093 3320 3154 sequatur,
3348 3091 3405 3140 et

1811 3178 2118 3250 discipulus
2166 3179 2236 3233 ad
2291 3177 2632 3248 sequendum
2683 3177 2942 3247 adigitur.
2994 3176 3401 3248 Teinpestatem

1812 3272 1984 3325 maris
2044 3272 2217 3326 sedat.
2280 3269 2566 3326 Da-inones
2629 3269 2898 3324 invadunt
2958 3286 3178 3342 porcos.
3241 3269 3405 3325 Venit

1811 3359 1972 3418 Jesus
2014 3363 2071 3417 in
2116 3377 2269 3417 suam
2319 3362 2593 3416 civitatem
2663 3363 2803 3432 (cap.
2838 3360 2938 3433 ix).
2971 3362 3139 3417 Curat
3187 3364 3406 3435 paraly-

1813 3456 1983 3509 ticum
2019 3472 2033 3508 :
2063 3465 2225 3509 vocat
2254 3452 2566 3508 Mattheeum
2604 3472 2617 3508 :
2653 3463 2917 3508 accusant
2950 3472 3073 3509 eum
3119 3454 3405 3522 Pharisaei,

1813 3547 1958 3619 quod
1984 3561 2110 3599 cum
2144 3545 2461 3600 Publicanis
2485 3545 2777 3599 manducet
2812 3564 2825 3599 :
2859 3556 2911 3600 et
2947 3546 3206 3617 discipuli
3235 3545 3405 3601 Joan-

1812 3642 1922 3705 nis,
1955 3640 2101 3711 quod
2153 3638 2412 3708 discipuli
2459 3638 2579 3707 ejus
2624 3653 2734 3692 non
2762 3638 3036 3708 jejunent.
3069 3640 3292 3694 Accedit
3336 3640 3408 3695 ad

1813 3750 1937 3790 eum
1989 3734 2242 3805 princeps
2296 3731 2597 3803 Synagoga:
2641 3738 2863 3801 propter
2915 3731 3160 3795 ﬁliolam,
3189 3741 3244 3786 et
3287 3732 3407 3802 ipse

1812 3826 2051 3897 puellam
2109 3835 2380 3879 mortuam
2443 3823 2646 3879 excitat
2693 3845 2708 3877 ;
2750 3823 2960 3877 interea
3010 3831 3239 3878 sanatur
3292 3823 3405 3880 ba:-

1814 3934 2126 3975 morrousa.
2164 3917 2445 3971 Curantur
2471 3915 2583 3970 duo
2608 3916 2762 3980 caeci,
2804 3923 2860 3970 et
2896 3923 3084 3970 mutus
3108 3916 3407 3971 daemonia-

1814 4028 1936 4077 cus.
1988 4009 2153 4067 Vicos
2201 4010 2399 4065 circuit
2435 4006 2617 4064 Jesus.
2652 4008 2816 4061 Mittit
2860 4008 3164 4078 discipulos
3207 4007 3408 4079 prtedi-
3477 4049 3485 4057 .

1814 4117 1994 4162 catum
2026 4108 2165 4174 (cap.
2202 4101 2281 4175 ιι),
2309 4111 2364 4157 et
2418 4101 2484 4156 de
2521 4102 2709 4156 multis
2741 4101 2806 4155 ad
2840 4116 2936 4156 eos
2969 4101 3210 4156 disserit.
3245 4101 3411 4156 Mittit

1816 4200 1885 4256 ad
1907 4215 2032 4256 eum
2059 4196 2303 4253 Joannes
2334 4197 2474 4251 duos
2502 4210 2568 4250 ex
2592 4195 2881 4265 discipulis
2915 4194 3053 4257 suis,
3081 4195 3173 4264 qui
3204 4200 3258 4249 et
3287 4194 3408 4248 lau-

1815 4294 1980 4349 datur
2017 4290 2156 4364 (cap.
2190 4288 2291 4363 ιι).
2326 4288 2656 4359 Expostulat
2684 4287 2944 4343 Christus
2971 4302 3095 4341 cum
3132 4286 3310 4341 turbis
3338 4286 3409 4341 de

1815 4383 2047 4440 Joanne.
2098 4382 2409 4453 Exprohrat
2471 4379 2815 4436 civitatibus.
2875 4378 3186 4434 Conﬁtetur
3231 4377 3403 4434 Patri.

118 4488 299 4560 δχλοις
331 4490 468 4559 περὶ
510 4488 762 4543 Ἰωάννου
795 4490 825 4542 6
866 4488 1121 4560 Χριστός.
1167 4488 1450 4554 Ὀνειδίζει
1490 4490 1591 4554 τὰς
1623 4489 1708 4544 πό-

1826 4475 2000 4531 Voeat
2028 4474 2097 4530 ad
2122 4491 2181 4531 se
2203 4480 2483 4529 oneratos.
2521 4474 2627 4528 lter
2672 4472 2807 4527 facit
2833 4487 2932 4543 per
2963 4483 3082 4528 sata
3115 4472 3255 4544 (cap.
3283 4470 3403 4544 an).

118 4582 253 4647 λεις.
285 4579 732 4651 Ἐξομολογεῖται
776 4579 858 4652 τῷ
896 4581 1093 4652 Πατρί.
1129 4581 1304 4635 Καλεῖ
1330 4582 1461 4647 τοὺς
1510 4599 1717 4656 πεφορ-

118 4675 435 4747 τισμένους.
469 4673 745 4728 Διαϐαίνει
786 4673 878 4727 διὰ
906 4673 1017 4727 τῶν
1063 4674 1366 4747 σπορίμων.
1408 4674 1716 4748 Θεραπεύει

120 4769 213 4822 τὸν
248 4768 356 4839 τὴν
384 4765 561 4838 ξηράν
594 4765 789 4837 ἔχοντα
828 4768 1011 4838 χεῖρα.
1041 4766 1150 4819 Καὶ
1195 4766 1542 4837 βουλεύονται
1586 4768 1719 4822 Ἰου-

118 4861 259 4916 δαῖοι
303 4860 520 4916 ἀνελεῖν
564 4861 748 4915 αὐτόν.
803 4860 1252 4932 Ἀναχωρήσαντι
1300 4861 1533 4928 ἐκεῖθεν,
1583 4863 1716 4916 ἁκο-

118 4954 305 5009 λουθεῖ
326 4956 359 5008 6
381 4952 562 5025 ὄχλος,
601 4955 695 5008 καὶ
734 4953 1119 5026 θεραπεύεται.
1161 4954 1393 5025 Ὁμοίως
1422 4956 1515 5010 καὶ
1544 4956 1573 5009 ὁ
1599 4955 1717 5010 δαι-

124 5046 483 5119 μονιζόμενος
528 5046 730 5115 τυφλὸς
788 5046 883 5100 καὶ
944 5047 1148 5116 κωφός.
1204 5047 1338 5100 Τότε
1382 5047 1632 5116 λέγουσιν
1667 5049 1718 5102 οἱ

121 5140 408 5194 Ἰουδαῖον
444 5157 464 5190 ι
497 5139 589 5193 Ἐν
620 5138 950 5204 Βεελζεϐοὺλ
989 5138 1240 5193 ἐκϐάλλει
1271 5139 1340 5193 τὰ
1383 5139 1657 5210 δαιμόνια.
1692 5157 1711 5191 ι

121 5231 260 5289 Εἶτα
307 5237 539 5306 σημεῖον
578 5233 855 5288 αἰτοῦσινο
888 5236 918 5288 6
948 5233 1005 5287 δὲ
1047 5233 1216 5287 ἔδωκε
1253 5232 1314 5286 τὸ
1359 5233 1536 5286 Ἰωνᾶ.
1578 5233 1720 5303 Προ-

123 5331 302 5392 εῖπεν,
363 5330 447 5383 ὅτι
494 5327 776 5382 Νινευῗται
833 5326 1257 5398 κατακρινοῦσιν
1316 5326 1533 5389 αὐτούς.
1583 5326 1717 5379 Τότε

122 5420 319 5491 zem-
368 5440 388 5473 ι
436 5423 609 5477 Ὅταν
648 5419 841 5491 ἐξέλθῃ
877 5419 939 5472 τδ
976 5418 1289 5491 ἀκάθαρτον
1327 5418 1568 5488 πνεῦμαν
1616 5415 1716 5486 ξη-

123 5514 251 5569 τσῦν
289 5515 623 5569 ἀνάπαυσιν.
674 5534 694 5565 ι
753 5510 891 5568 Εἶτα
945 5515 979 5585 ἡ
1040 5514 1222 5584 μήτηρ
1279 5510 1433 5581 ζητεῖ
1488 5509 1718 5581 λαλῆσαι

124 5607 297 5677 αὐτῷ.
359 5608 571 5680 Ἔμϐας
626 5610 708 5671 εἰς
757 5606 819 5661 τὺ
872 5606 1055 5661 πλοῖον
1106 5605 1255 5676 λέγει
1310 5603 1411 5674 τὴν
1468 5600 1721 5669 imm-50d

1820 4570 1989 4627 Curat
2019 4584 2145 4624 eum
2182 4567 2279 4638 qui
2320 4581 2544 4620 manum
2578 4565 2788 4621 aridam
2822 4566 3074 4621 habebat.
3130 4564 3306 4621 Judaei
3339 4568 3409 4622 dc

1819 4663 2125 4722 occidendo
2171 4678 2236 4717 eo
2288 4662 2626 4717 consultant.
2684 4657 3041 4715 Secedentetn
3092 4659 3220 4715 inde
3250 4661 3409 4715 turba

1821 4759 2071 4829 sequitur
2097 4763 2152 4810 et
2174 4762 2419 4811 curatur.
2459 4752 2726 4807 Similiter
2746 4760 2801 4807 et
2831 4752 3201 4807 dtemoniacus
3227 4767 3409 4808 ets-cus

1821 4859 1877 4907 et
1906 4858 2111 4904 mutus.
2150 4847 2306 4902 Tunc
2333 4846 2506 4901 Judaei
2529 4846 2722 4900 dicunt
2756 4863 2770 4900 :
2811 4865 2828 4897 ι
2870 4846 2925 4899 In
2955 4845 3237 4901 Beelzebul
3259 4845 3409 4917 ejicit

1822 4942 2172 4999 daemonia“.
2196 4963 2214 4994 ι
2234 4940 2438 4996 Deinde
2462 4940 2678 5011 signum
2694 4944 2906 5008 petunt,
2922 4938 3039 5008 ipse
3052 4954 3179 4992 vero
3191 4939 3409 5007 signum

1820 5034 1974 5090 Jonce
2015 5033 2184 5089 dedit.
2247 5030 2503 5086 Praedicit
2553 5030 2662 5085 illis
2722 5029 2870 5100 quod
2919 5043 2949 5081 a
2992 5027 3251 5082 Ninivitis
3298 5027 3411 5083 sint

1823 5126 2249 5185 condemnandi.
2297 5126 2454 5180 Tune
2490 5125 2624 5180 dicit
2659 5141 2674 5178 :
2713 5141 2732 5174 ι
2779 5121 3012 5189 Quando
3044 5122 3272 5191 spiritus
3308 5121 3412 5174 im-

1822 5222 2063 5276 mundus
2093 5219 2289 5274 exierit
2320 5219 2565 5288 requiem
2596 5231 2847 5287 quaerens
2864 5216 2974 5267 ⁵⁵η
3007 5213 3211 5268 Deinde
3239 5211 3413 5268 Mater

1822 5315 2016 5385 quazrit
2047 5314 2127 5367 illi
2164 5294 2336 5382 loqui.
2363 5310 2567 5365 Navem
2611 5311 2898 5380 ingressus
2930 5306 3244 5377 parabolam
3275 5305 3413 5360 dicit

1831 5410 1989 5480 137
2015 5409 2081 5462 de
2108 5409 2416 5462 seminante
2464 5404 2607 5475 (cap.
2635 5407 2783 5472 xm),
2820 5409 2874 5456 et
2900 5413 3149 5460 causam,
3183 5406 3414 5467 propter

1826 5518 1989 5573 quam
2020 5501 2075 5554 in
2103 5499 2381 5570 parabolis
2414 5498 2691 5565 loquatur.
2734 5491 3059 5546 Parabolam
3115 5489 3279 5542 istam
3324 5500 3415 5540 ex-

1825 5593 2266 5669 pooit.-et.addit
2302 5592 2463 5658 alias,
2489 5588 2558 5644 de
2586 5590 2872 5653 thesauro,
2895 5584 2964 5642 de
2990 5582 3313 5656 margarita,
3344 5579 3414 5635 de

195 5787 245 5819 “
283 5784 482 5842 Matth.
517 5769 572 5851 ν,
609 5784 712 5853 l3,
752 5782 837 5840 l4.
911 5783 959 5818 ⁸³
992 5774 1189 5839 Matth.
1224 5796 1302 5839 vn
1325 5821 1340 5848 ,
1377 5778 1435 5838 6:
1508 5771 1559 5815 εδ
1597 5773 1707 5833 Μαῖ

1812 5772 1939 5844 'S’it,
1969 5775 2073 5829 24.
2141 5773 2188 5807 ³⁸
2229 5764 2423 5828 Matth.
2459 5769 2572 5841 mf,
2605 5764 2697 5824 l3.
