3880 6186
488 281 589 335 537

1679 268 1737 322 S.
1774 262 2243 321 ATHANASIUS.
2282 295 2352 305 —
2390 261 2616 318 DUBIA.

3663 262 3777 320 588

487 408 639 463 agro,
670 391 738 446 de
769 387 1064 460 sinapi,de
1110 386 1404 444 fermento.
1451 385 1775 441 Parabolam
1823 383 1890 439 de
1948 397 2072 453 agro

2182 381 2279 453 λὴν
2318 378 2413 433 τοῦ
2463 379 2797 451 σπείροντος,
2847 379 2939 433 καὶ
2970 378 3070 450 τὴν
3109 380 3312 444 αἰτίαν,
3359 379 3427 433 δι’
3456 380 3525 452 ἢν
3559 383 3619 436 ὲν
3658 401 3777 435 πα·-

485 486 712 555 exponit
746 485 801 538 in
827 482 1015 544 domo,
1050 490 1103 536 et
1129 480 1283 535 addit
1311 480 1476 533 aliam
1505 478 1574 534 de
1622 492 1844 548 sagena.
1878 474 2075 530 Beatos

485 576 810 646 pronuntiat
835 573 1158 643 discipulos,
1178 572 1473 627 conferens
1502 585 1599 626 eos
1621 571 1742 623 viro
1772 566 2077 639 patrifami—

487 666 608 723 lias.
659 665 824 721 Venit
871 666 924 719 in
959 666 1215 735 patriam,
1248 664 1469 733 quando
1499 669 1552 716 et
1578 660 1931 716 olTenduntur
1975 656 2077 711 Ju-

487 758 612 813 dmi.
639 756 797 811 Tunc
833 756 968 810 dicit
1000 774 1012 808 :
1050 774 1070 805 ι
1109 753 1381 823 Pr0plieta
1409 767 1521 805 non
1562 758 1649 806 est
1695 751 1816 804 sine
1847 748 2074 814 honore,

488 852 597 906 nisi
651 853 703 904 in
737 852 914 919 patria
946 863 1046 902 sua
1068 848 1135 901 “.
1173 866 1191 899 ι
1230 845 1456 900 Auditis
1516 859 1637 915 qua:
1688 858 1814 898 cum
1866 841 2077 896 Joanne

490 944 558 997 ab
584 941 798 997 Herode
852 951 1005 1013 gesta
1063 940 1302 1004 fuerant,
1339 936 1543 993 secedit
1579 938 1634 990 in
1686 936 1964 991 desertum
1995 935 2076 989 lo-

488 1049 640 1096 cum,
673 1034 763 1087 ubi
799 1040 852 1087 et
883 1035 1123 1102 quinque
1177 1032 1349 1085 millia
1402 1030 1685 1083 hominum
1726 1028 1904 1098 pascit
1932 1029 2070 1095 (cap.

488 1127 624 1196 11v).
656 1123 966 1193 Discipulos
999 1124 1166 1177 mittit
1198 1123 1436 1191 navigio.
1472 1122 1786 1175 licvertitur
1829 1123 1885 1174 in
1919 1134 2077 1174 mon-

489 1224 598 1271 tem
624 1216 818 1270 orandi
844 1214 1042 1285 gratia.
1073 1212 1309 1268 Advenit
1341 1213 1407 1265 ad
1444 1211 1747 1281 discipulos
1772 1220 1942 1266 noctu
1976 1225 2076 1265 na—

486 1313 756 1383 vigantes.
789 1308 1012 1363 Petrum
1072 1306 1435 1377 apprehendit
1464 1322 1632 1377 super
1666 1320 1862 1375 aquas.
1911 1303 2074 1359 Venit

485 1400 844 1459 Gcnncsaret.
874 1401 1156 1455 Curantur
1185 1400 1365 1454 multi.
1392 1398 1672 1455 Accusant
1705 1414 1828 1453 cum
1882 1396 2076 1452 Phari-

485 1496 578 1552 εαξί
612 1496 678 1551 de
729 1494 1031 1567 (neglectis)
1064 1494 1484 1563 purgationibus
1530 1491 1670 1562 (cap.
1706 1489 1798 1563 xv)
1839 1510 1852 1545 :
1888 1506 1953 1545 os
1992 1490 2074 1545 eis

484 1590 709 1645 obturat
742 1596 797 1643 et
825 1588 988 1642 docet
1019 1588 1211 1641 turbas
1242 1586 1310 1640 de
1349 1586 1561 1641 ratione
1593 1586 1863 1639 ciborum.
1894 1582 2074 1637 lntcr'

485 1689 645 1750 rogat
675 1695 800 1735 eum
852 1678 1053 1733 Petrus
1101 1677 1169 1731 de
1217 1677 1285 1730 iis
1315 1673 1438 1746 qua!
1491 1676 1729 1739 dixerat,
1763 1681 1818 1729 et
1857 1689 1921 1728 ea
1951 1674 2070 1745 ipsa

483 1769 741 1824 Christus
770 1768 1114 1822 manifestius
1145 1766 1391 1835 exponit.
1425 1764 1582 1821 Venit
1616 1763 1841 1836 Tyrum,
1869 1772 1924 1819 et
1952 1782 2071 1819 mu-

484 1861 586 1916 lier
614 1858 923 1915 Chanamea
973 1858 1043 1912 ad
1095 1874 1221 1913 eum
1256 1858 1491 1913 accedit.
1552 1857 1682 1912 Inde
1731 1858 1784 1911 in
1830 1864 2069 1910 mentem

480 1954 641 2024 juxta
673 1969 846 2015 mare,
880 1960 934 2007 ct
961 1961 1120 2007 curat
1170 1952 1392 2006 multos.
1425 1950 1585 2004 Cibat
1640 1959 1878 2019 quatuor
1903 1949 2072 2002 millia

484 2049 751 2100 virorum.
790 2044 953 2100 Venit
994 2044 1264 2115 Magdala.
1325 2042 1590 2109 Quaerunt
1633 2043 1849 2111 signum
1900 2040 2073 2095 Judmi

486 2137 627 2208 (cap.
658 2140 791 2207 xvr).
828 2133 949 2205 Ipse
980 2151 1110 2190 vero
1147 2134 1353 2189 relictis
1389 2134 1497 2187 illis
1531 2132 1927 2187 translretavit.
1969 2130 2073 2185 Pa-

486 2247 588 2286 nes
625 2230 879 2298 discipuli
919 2244 1014 2298 per
1053 2228 1382 2282 oblivionem
1419 2240 1528 2279 non
1569 2231 1938 2295 sumpserant.
1977 2222 2074 2277 Lo-

485 2321 674 2389 quitur
708 2321 819 2374 illis
868 2318 936 2373 de
972 2317 1239 2372 fermento
1301 2316 1728 2370 Phariszeorum.
1785 2313 2073 2385 Egreditur

485 2412 819 2467 Caesaream.
857 2411 1169 2478 Interrogat
1212 2408 1518 2478 discipulos
1546 2407 1613 2461 dc
1642 2406 1824 2476 seipso
1859 2425 1871 2460 :
1903 2405 2075 2460 conli-

485 2515 632 2562 tetnr
655 2520 781 2560 eum
813 2503 1029 2559 Petrus.
1067 2502 1222 2557 Tunc
1257 2501 1327 2557 de
1376 2502 1632 2572 passione
1660 2516 1759 2555 sua
1803 2500 2069 2569 praedicit,

484 2606 541 2654 et
572 2597 793 2653 Petrum
818 2597 1089 2667 increpat.
1106 2595 1371 2665 jubetque
1392 2608 1612 2650 crucem
1646 2593 1855 2657 tollere,
1875 2593 1920 2648 si
1947 2595 2071 2663 quis

484 2689 617 2743 velit
649 2704 707 2743 se
729 2689 905 2757 sequi.
930 2687 1200 2757 Loquitur
1229 2695 1283 2742 et
1317 2686 1385 2741 de
1412 2685 1656 2741 secundo
1680 2700 1782 2741 suo
1812 2684 2069 2740 adventu.

484 2779 748 2835 A’scendit
778 2781 835 2834 in
869 2787 1133 2843 montem,
1169 2778 1262 2833 ubi
1289 2787 1343 2832 et
1369 2778 1793 2847 transfiguratus
1821 2787 1904 2833 est
1929 2779 2069 2846 (cap.

484 2873 645 2942 xvn).
685 2869 790 2925 Ubi
821 2870 1205 2935 descenderat,
1244 2870 1500 2939 discipuli
1528 2870 1869 2940 interrogant
1896 2878 1950 2924 et
1984 2869 2072 2923 di-

486 2971 651 3020 scunt
690 2964 759 3018 de
809 2962 950 3016 Elia.
976 2962 1281 3016 Adducitur
1312 2963 1389 3015 illi
1424 2962 1698 3017 lunaticus
1736 2973 1791 3015 et
1822 2969 2068 3016 curatur.

2181 471 2434 544 ραϐολαίς
2486 470 2655 539 λέγει.
2720 469 2961 524 Ἐπιλύει
3016 469 3116 539 τὴν
3167 469 3489 542 παραϐολὴν
3532 471 3773 543 ταύτην,

2178 568 2273 620 καὶ
2306 565 2633 638 προστίθησι
2690 564 2790 637 τὴν
2831 563 2927 618 τοῦ
2968 563 3267 636 θησαυροῦ,
3301 564 3402 635 τὴν
3430 561 3525 616 τοῦ
3553 579 3777 635 μαργα-

2180 659 2349 729 ρίτου,
2381 657 2480 729 τὴν
2510 658 2605 711 τοῦ
2630 656 2826 729 ἀγροῦ,
2855 658 2955 729 τὴν
2980 656 3073 709 τοῦ
3104 657 3395 721 σινάπεως,
3427 655 3520 709 καλ⁸
3535 654 3637 725 τὴν
3664 654 3776 722 τῆς

2177 750 2376 822 ζύμης.
2414 749 2657 804 Ἐπιλύει
2684 751 2781 821 τὴν
2811 750 2904 804 τοῦ
2938 748 3109 821 ἀγροῦ
3154 751 3212 801 ὲν
3243 751 3310 820 τῇ
3343 747 3510 819 οίκίᾳ,
3536 746 3773 817 προστί-

2177 842 2302 914 θησι
2341 845 2440 916 τὴν
2490 845 2590 917 τῆς
2644 846 2904 915 σαγήνης.
2954 840 3264 912 Μακαρίζει
3317 842 3443 905 τοὺς
3492 838 3774 911 μαθητάς.

2177 934 2543 1007 παραϐάλλων
2576 935 2774 997 αὐτοὺς
2803 933 2956 1005 ἀνδρὶ
2987 933 3366 1003 οἰκοδεσπότῃ.
3403 932 3667 1002 Ἔρχεται
3689 930 3775 992 είς

2174 1021 2274 1093 τὴν
2308 1023 2560 1095 πατρίδα,
2609 1024 2698 1077 ὅτε
2744 1023 2840 1077 καὶ
2901 1023 3341 1088 σκανδαλίζονται
3384 1023 3435 1075 οί
3495 1022 3769 1074 Ἰουδαῖοι.

2176 1116 2311 1170 Τότε
2337 1116 2520 1185 λέγει·
2559 1135 2579 1166 ι
2616 1116 2731 1169 Ούκ
2786 1115 2903 1168 ἔστι
2956 1116 3244 1187 προφήτης
3291 1116 3488 1185 ἄτιμος
3520 1116 3571 1168 εἰ
3606 1114 3686 1186 μὴ
3710 1117 3774 1167 ὲν

2172 1211 2240 1280 τῇ
2268 1208 2485 1280 πατρίδι
2512 1208 2697 1262 αὐτοῦ.
2738 1226 2757 1259 ι
2792 1208 2902 1261 Καὶ
2937 1207 3178 1271 ἀκούσας
3211 1206 3280 1260 τά
3300 1206 3442 1261 κατὰ
3464 1206 3554 1260 τὸν
3595 1205 3776 1278 Ἥρὼ-

2173 1298 2271 1372 δην
2310 1303 2403 1355 καί
2447 1302 2720 1373 Ἰωάννην,
2779 1302 3054 1372 ἀναχωρεῖ
3080 1301 3161 1365 είς
3187 1299 3412 1371 ἔρημον,
3444 1301 3539 1353 καὶ
3570 1300 3769 1372 τρέφει

2174 1394 2300 1457 τοὺς
2370 1394 2864 1465 πεντακισχιλίους.
2919 1394 3137 1465 Πέμπει
3204 1395 3333 1456 τοὺς
3392 1391 3641 1464 μαθητὰς
3684 1397 3769 1456 εἰς

2177 1484 2385 1540 πλοῖον.
2427 1486 2741 1558 ’Δνέρχεται
2776 1488 2855 1550 είς
2884 1487 2947 1539 τὸ
2980 1487 3104 1558 ὅρος
3130 1484 3410 1552 εύξασθαι.
3441 1486 3769 1555 Ἐφίσταται

2174 1579 2360 1641 αὐτοῖς
2384 1579 2580 1643 νυκτὸς
2624 1578 2848 1633 πλέουσι
2868 1596 2882 1609 ·
2924 1578 3139 1649 δέχεται
3164 1578 3254 1631 τὸν
3283 1578 3486 1649 Πέτρον
3517 1577 3612 1630 ἐπὶ
3652 1576 3769 1631 τῶν

2174 1670 2400 1724 ὑδάτων.
2469 1672 2728 1743 Ἔρχεται
2790 1673 2871 1735 είς
2920 1670 3285 1743 Γεννησαρέτ.
3354 1668 3767 1743 Θεραπεύονται

2174 1759 2378 1812 πολλοί.
2416 1759 2734 1828 Ἐγκαλοῦσι
2767 1761 3052 1831 Φαρισαῖοι
3098 1759 3227 1830 περὶ
3262 1759 3605 1830 καθαρσίων·
3636 1761 3767 1812 ἐπι-

2175 1853 2420 1923 στομίζει
2445 1853 2689 1917 τούτους,
2717 1853 2812 1906 καὶ
2843 1853 3083 1906 διδάσκει
3110 1853 3237 1915 τοὺς
3260 1850 3453 1921 ὄχλους
3476 1852 3605 1922 περὶ
3624 1849 3771 1923 βρω-

2177 1946 2381 2016 μάτων.
2449 1946 2660 2017 Ἐρωτᾷ
2712 1945 2919 2017 Πέτρος
2969 1946 3098 2017 περὶ
3139 1945 3249 1998 τῶν
3287 1944 3613 2015 εἰρημένων,
3667 1945 3772 1999 καὶ

2175 2039 2511 2109 σαφέστερον
2528 2038 2928 2110 ὲπεξέρχεταιὸ
2946 2039 3199 2110 Χριστός.
3217 2034 3421 2091 Ἦλθεν
3452 2040 3533 2102 εἰς
3561 2038 3764 2108 Τύρον,

2173 2132 2268 2185 καὶ
2295 2131 2656 2203 προσέρχεται
2715 2134 2747 2202 ἠ
2808 2131 3114 2186 Χαναναία.
3172 2132 3412 2184 Ἐκεῖθεν
3442 2134 3521 2196 εἰς
3545 2132 3604 2185 τὸ
3635 2132 3769 2203 ὅρος

2170 2222 2233 2276 τὸ
2262 2224 2415 2295 παρὰ
2437 2223 2535 2295 τὴν
2566 2222 2864 2285 θάλασσαν,
2900 2225 2993 2277 καὶ
3028 2222 3320 2295 θεραπεύει
3349 2222 3594 2287 πολλούς.
3623 2224 3769 2296 Τρέ-

2174 2332 2264 2385 φει
2288 2318 2414 2379 τοὺς
2434 2314 2901 2386 τετρακισχιλίους
2916 2314 3134 2386 ἄνδρας.
3153 2309 3357 2367 Ἦλθεν
3380 2317 3459 2378 είς
3473 2314 3766 2383 Μαγδαλὰ..

2186 2408 2461 2480 Ἐρωτῶσι
2521 2413 2746 2482 σημεῖον
2782 2410 2831 2463 οἱ
2899 2409 3160 2463 Ἰουδαῖοι.
3225 2410 3283 2462 '0
3338 2409 3395 2463 δὲ
3446 2408 3769 2462 καταλιπὼν

2173 2502 2412 2574 ἀπῆλθεν
2436 2504 2515 2566 εἰς
2545 2504 2607 2556 τὸ
2635 2503 2829 2574 πέραν.
2857 2505 2921 2555 Οἱ
2945 2501 3181 2572 μαθηταὶ
3206 2500 3531 2555 ἐπελάθοντο
3562 2502 3770 2571 ἄρτους

2172 2593 2356 2648 λαϐεῖν
2378 2612 2391 2625 ·
2433 2595 2580 2665 λέγει
2607 2595 2790 2658 αὐτοῖς
2823 2596 2953 2665 περὶ
2978 2595 3077 2666 τῆς
3107 2593 3284 2665 ζύμης
3298 2594 3405 2646 τῶν
3431 2593 3765 2665 Φαρισαίων.

2185 2685 2497 2757 Ἐξέρχεται
2551 2688 2633 2749 εἰς
2665 2684 3026 2753 Καισάρειαν.
3077 2684 3289 2755 Ἐρωτᾷ
3337 2684 3463 2746 τοὺς
3513 2683 3769 2753 μαθητὰς

2174 2779 2303 2850 περὶ
2355 2777 2583 2831 έαυτοΰο
2633 2776 2886 2847 ὁμολογεῖ
2939 2775 3101 2829 αὐτὸν
3132 2778 3160 2829 6
3195 2775 3420 2845 Πέτρος.
3459 2775 3593 2828 Τότε
3625 2791 3771 2844 προ-

2171 2869 2320 2939 λέγει
2373 2870 2503 2940 περὶ
2560 2868 2654 2923 τοῦ
2714 2868 2943 2931 πάθους,
3002 2866 3100 2921 καὶ
3145 2868 3377 2939 ἐπιτιμᾷ
3418 2867 3634 2939 Πέτρῳ,
3668 2870 3772 2921 καὶ

2172 2961 2488 3017 κελεύειτὸν
2513 2960 2833 3031 βουλόμενον
2860 2958 3176 3013 ἀκολουθεῖν
3217 2956 3350 3029 ἆραι
3382 2960 3473 3012 τὸν
3505 2959 3769 3030 σταυρόν.

485 3051 798 3121 Exprobrat
836 3050 1144 3120 discipulis.
1178 3049 1235 3103 ln
1271 3049 1491 3105 Galilaea
1550 3052 1661 3106 illis
1716 3051 1783 3106 de
1814 3052 2070 3121 passione

2176 3055 2337 3124 Λέγει
2367 3054 2459 3108 καὶ
2481 3053 2730 3125 περὶτῆς
2757 3051 3015 3124 δευτέρας
3045 3052 3345 3124 παρουσίας
3366 3051 3552 3106 αὑτοῦ.
3585 3052 3773 3104 “Avar-

485 3158 587 3199 sua
614 3143 879 3213 loquitur.
915 3143 1202 3198 Accedunt
1240 3142 1308 3196 ad
1336 3159 1459 3197 cum
1493 3142 1838 3220 Qapernaum
1870 3145 1963 3214 qui
1995 3144 2075 3198 di-

485 3235 748 3290 draclima
772 3235 1133 3304 accipiebant.
1160 3232 1560 3288 Percontantur
1589 3235 1869 3305 discipuli,
1897 3254 1915 3286 ‹
1937 3234 2074 3302 Quis

485 3329 665 3397 major
689 3326 827 3399 (cap.
863 3325 1059 3396 xvnt)?
1101 3345 1120 3377 ι
1162 3324 1319 3380 Tunc
1351 3327 1617 3381 advocato
1662 3327 1729 3380 ad
1761 3343 1819 3383 se
1847 3330 2075 3397 parvulo

485 3420 656 3476 dicit:
705 3438 723 3470 ι
767 3418 1094 3488 Quicunque
1152 3418 1611 3474 scandalizaverit
1646 3436 1815 3475 unum
1844 3436 1907 3475 ex
1943 3436 2074 3491 par-

485 3513 632 3568 vulis
656 3511 779 3566 istis
810 3512 876 3575 ⁸⁷,
901 3530 918 3563 ι
958 3519 1067 3565 etc.
1099 3509 1162 3563 Et
1196 3528 1210 3565 :
1243 3527 1261 3560 ‹
1303 3508 1361 3563 Si
1395 3510 1591 3564 oculus
1619 3518 1769 3575 tuus,
1798 3518 1850 3565 et
1878 3526 2075 3566 manus

486 3612 582 3656 tua
616 3600 947 3656 scandalizat
975 3609 1027 3656 te
1052 3601 1121 3656 ⁸⁸.
1161 3621 1180 3653 ι
1218 3599 1286 3654 Et
1317 3620 1329 3655 :
1357 3618 1374 3651 ι
1410 3599 1489 3655 Ne
1516 3602 1881 3657 contemnatis
1906 3619 2072 3657 unum

486 3711 557 3750 ex
589 3695 831 3765 parvulis
862 3695 983 3751 istis
1010 3694 1081 3749 '°.
1130 3713 1148 3745 ι
1188 3693 1493 3761 Subjicitur
1549 3696 1812 3765 parabola
1854 3706 2075 3751 centum

486 3789 694 3851 ovium,
736 3796 790 3843 et
818 3786 992 3841 illud:
1034 3805 1054 3837 ς
1104 3786 1160 3841 Si
1193 3787 1505 3858 peccaverit
1536 3787 1591 3840 in
1624 3794 1679 3841 te
1710 3785 1878 3841 frater
1924 3797 2068 3851 tuus,

488 3880 708 3950 corripe
736 3895 860 3935 eum
889 3880 957 3933 ⁸ο.
993 3898 1011 3931 ι
1042 3878 1174 3934 Item
1213 3898 1226 3933 :
1267 3897 1286 3929 ι
1326 3876 1385 3933 Si
1414 3878 1525 3933 duo
1556 3894 1621 3933 ex
1652 3879 1811 3934 vobis
1840 3894 2075 3935 consen-

490 3973 685 4038 serint,
726 3972 1093 4043 quodcunque
1125 3972 1402 4042 petierint,
1433 3972 1706 4041 accipient
1728 3972 1794 4026 “.
1832 3991 1850 4023 ι
1878 3971 2074 4027 Petrus

489 4073 616 4136 post
658 4066 765 4119 ista
815 4064 996 4119 dicit:
1039 4083 1059 4116 ‹
1110 4065 1334 4130 Quoties
1381 4066 1631 4135 peccabit
1683 4066 1739 4119 in
1796 4082 1881 4120 me
1909 4064 2076 4119 frater

489 4173 649 4213 nteus
676 4157 745 4211 “.
794 4174 812 4208 ι
849 4156 1115 4211 Parabola
1160 4156 1305 4225 ejus,
1336 4157 1430 4226 qui
1473 4158 1662 4212 decem
1702 4157 1872 4211 millia
1902 4158 2075 4212 talen—

489 4258 672 4305 torum
703 4248 958 4304 debebat.
983 4246 1148 4303 Venit
1179 4248 1234 4303 in
1262 4240 1507 4304 Iudaeam
1547 4250 1688 4321 (cap.
1723 4250 1863 4323 XIX).
1906 4251 2076 4305 Curat

491 4340 714 4394 multos.
738 4338 975 4409 Exponit
1006 4326 1231 4394 c'ausam
1277 4340 1518 4395 divortii.
1563 4340 1833 4412 Loquitur
1882 4342 1949 4397 de
1982 4357 2074 4412 ge-

2176 3164 2261 3201 σιν
2319 3148 2398 3210 εἰς
2437 3145 2498 3199 τὸ
2525 3146 2670 3217 ὄρος,
2720 3144 2850 3198 ἔνθα
2889 3144 2983 3197 καὶ
3018 3143 3440 3217 μετεμορφώθη.
3490 3144 3774 3198 Κατιόντα

2176 3238 2337 3292 αὐτὸν
2367 3238 2611 3310 ἐρωτῶσι
2645 3237 2773 3308 ’περὶ⁴
2823 3236 3002 3289 Ἠλίου
3047 3238 3140 3289 καὶ
3185 3236 3537 3307 μανθάνουσι.
3584 3238 3773 3308 Προσ-

2176 3334 2371 3401 άγεται
2400 3335 2428 3386 ὁ
2458 3330 2927 3401 σεληνιαζόμενος,
2947 3330 3041 3382 καὶ
3070 3328 3454 3401 θεραπεύεται.
3486 3329 3774 3393 Ὀνειδίζει

2174 3428 2287 3489 τοῖς
2323 3424 2609 3496 μαθηταῖς.
2641 3423 2803 3492 Λέγει
2829 3423 3010 3486 αὐτοῖς
3041 3424 3100 3475 ὲν
3128 3426 3195 3495 τῇ
3223 3423 3481 3495 Γαλιλαίᾳ
3511 3425 3642 3495 περὶ
3671 3426 3774 3478 τοῦ

2177 3517 2400 3581 πάθους.
2420 3516 2821 3589 Προσὲρχονται
2846 3517 2904 3569 ἐν
2928 3516 3304 3588 Καπερναοὺμ
3323 3517 3373 3568 οἱ
3405 3516 3469 3569 τὸ
3494 3516 3775 3589 δίδραχμα

2175 3610 2562 3681 λαμϐάνοντες.
2630 3607 2939 3679 Ἐρωτῶσιν
2995 3610 3045 3661 οί
3113 3608 3373 3680 μαθηταὶ,
3413 3608 3499 3673 τίς
3526 3609 3772 3678 μείζωνς

2176 3699 2311 3752 Τότε
2343 3697 2581 3759 καλέσας
2629 3696 2841 3750 παιδίον
2873 3695 3059 3765 λέγει·
3100 3715 3118 3748 ι
3159 3700 3255 3761 ’ος
3298 3699 3393 3751 ἐὰν
3436 3699 3775 3772 σκανδαλίσῃ

2176 3790 2273 3843 ἕνα
2297 3789 2405 3842 τῶν
2440 3788 2651 3859 μικρῶν
2685 3787 2921 3842 τούτων.
2962 3808 2982 3841 ι
3011 3788 3143 3851 Καὶ,
3179 3808 3198 3839 ι
3228 3790 3292 3842 El
3335 3789 3612 3862 ὀφθαλμός
3646 3809 3772 3856 σου,

2177 3881 2269 3935 καὶ
2297 3883 2327 3952 ἡ
2355 3880 2477 3953 χείρ
2516 3898 2608 3933 σου
2636 3878 2979 3943 σκανδαλίζει
3005 3896 3092 3932 σε·
3131 3898 3149 3931 ι
3183 3881 3277 3933 καὶ
3304 3880 3385 3944 τὸ,
3421 3899 3441 3932 ι
3476 3883 3566 3954 Μὴ
3593 3900 3776 3938 κατα-

2176 3974 2485 4045 φρονήσητε
2515 3974 2633 4036 ἑνὸς
2655 3972 2763 4025 τῶν
2800 3973 3011 4045 μικρῶν
3043 3972 3270 4028 τούτων.
3310 3992 3328 4024 ι
3353 3967 3486 4027 Εἶτα
3518 3975 3554 4045 ἡ
3582 3993 3777 4046 παρα-

2177 4065 2305 4137 ϐολὴ
2331 4065 2440 4118 τῶν
2470 4066 2663 4118 ἑκατὸν
2693 4065 3003 4137 προϐάτων,
3036 4064 3133 4119 καὶ
3180 4064 3243 4118 τό
3268 4082 3281 4096 ·
3320 4085 3339 4118 ι
3389 4067 3512 4120 Ἐάν
3540 4069 3779 4143 ἁμάρτῃ

2176 4159 2256 4220 είς
2286 4157 2345 4209 σὲ
2369 4158 2397 4209 6
2434 4156 2662 4225 ἀδελφός
2677 4173 2791 4221 σου,
2824 4155 3041 4225 ἔλεγξον
3063 4156 3255 4210 αὐτόν’
3290 4176 3310 4210 ι
3356 4160 3445 4212 καὶ
3458 4160 3551 4212 τό·
3581 4178 3600 4211 ‹
3639 4158 3778 4214 Ἐὰν

2175 4246 2269 4300 δύο
2316 4249 2753 4319 συμφωνήσωσιν
2786 4248 2844 4313 ἐξ
2876 4249 3051 4319 ὑμῶν,
3086 4249 3115 4303 ὃ
3146 4250 3241 4304 ἐὰν
3276 4252 3626 4321 αἰτήσωνται,
3668 4251 3778 4323 λή-

2176 4337 2390 4408 ψονται.
2426 4357 2445 4390 ι
2475 4334 2610 4393 Εἶτά
2648 4356 2811 4407 φησιν
2840 4340 2868 4392 6
2902 4339 3141 4411 Πέτροςο
3176 4359 3195 4391 ι
3235 4341 3476 4403 Ποσάκις
3510 4342 3778 4415 ἁμαρτή-

490 4431 719 4485 neribus
777 4431 1179 4486 cunuchorum.
1241 4431 1522 4486 Benedicit
1550 4433 1813 4502 parvulis.
1845 4433 2068 4487 Accedit

2176 4449 2257 4485 σει
2283 4432 2364 4494 εἰς
2396 4430 2496 4502 ἐμὲ
2519 4434 2547 4485 6
2573 4431 2799 4502 ἀδελφός
2830 4449 2966 4504 μου;
3000 4453 3016 4483 ι
3041 4432 3335 4505 Παραϐολὴ
3365 4433 3460 4486 τοῦ
3492 4433 3560 4487 τὰ
3592 4435 3780 4507 μύρια

492 4521 559 4574 ad
590 4537 716 4576 eum
745 4522 918 4577 dives.
949 4522 1291 4592 lnterrogant
1323 4524 1580 4593 discipuli
1618 4543 1631 4578 :
1664 4543 1682 4575 ε
1717 4524 1851 4589 Quis
1871 4525 2069 4579 salvari

491 4619 671 4683 potest
699 4611 791 4664 °’?
831 4632 848 4664 ι
889 4610 1043 4666 Tunc
1076 4613 1211 4668 dicit
1240 4614 1347 4669 illis
1387 4633 1401 4669 :
1436 4632 1453 4665 ι
1493 4613 1765 4669 Sedebitis
1795 4630 1959 4684 super
1985 4630 2072 4668 se-

492 4709 591 4763 des
616 4708 928 4762 duodecim.
964 4708 1027 4762 Et
1063 4709 1155 4779 qui
1203 4709 1484 4778 reliquerit
1536 4691 1781 4773 domum,
1820 4727 1839 4760 ι
1874 4718 1927 4764 et
1950 4724 2073 4779 qua:

493 4804 818 4870 sequuntur.
886 4798 1153 4853 Subditur
1214 4802 1475 4869 parabola
1511 4801 1891 4871 operariorum
1924 4801 2070 4872 (cap.

490 4893 608 4966 xx).
639 4892 956 4948 Ascendcns
982 4890 1379 4963 Jerosolymam
1416 4894 1660 4964 loquitur
1690 4894 1980 4963 discipulis
2005 4895 2073 4949 dc

491 4992 668 5039 morte
698 5000 819 5040 sua.
850 4982 996 5037 Uxor
1026 4981 1272 5038 Zebedaei
1302 4985 1436 5052 petit
1463 4985 1755 5053 primatum
1782 4986 1908 5039 filiis
1932 4986 2067 5041 suis.

496 5078 625 5133 Zelo
654 5083 946 5131 moventur
1000 5076 1257 5146 apostoli,
1298 5083 1355 5130 et
1390 5077 1739 5131 erudiuntur.
1791 5077 2071 5131 Curantur

492 5168 603 5223 duo
630 5168 761 5223 caeci
792 5184 823 5224 e
843 5168 1083 5224 .lcricho.
1124 5164 1486 5237 Subjungitur
1530 5169 1763 5224 historia
1814 5169 1883 5224 de
1914 5170 2070 5224 asina

493 5259 631 5331 (cap.
662 5259 798 5333 xxi).
825 5260 1135 5330 ingreditur
1163 5260 1218 5315 in
1247 5261 1508 5331 templum
1536 5280 1549 5315 :
1575 5261 1725 5330 ejicit
1748 5262 2068 5324 vendentes,

492 5352 651 5397 curat
678 5344 1001 5399 accedentes
1021 5336 1218 5413 agros.
1242 5343 1446 5400 Deinde
1468 5348 1619 5415 pueri
1644 5347 1906 5417 hymnum
1937 5363 2071 5401 con-

493 5435 705 5488 cinunt.
738 5434 1032 5505 Egreditur
1069 5435 1411 5502 Bethaniam,
1442 5446 1497 5492 et
1532 5454 1656 5493 cum
1687 5439 2070 5510 regrederetur

2176 4521 2481 4591 ὀφείλοντος
2515 4524 2774 4579 τάλαντα.
2805 4521 3009 4578 ’Ἦλθεν
3034 4527 3114 4589 είς
3143 4525 3240 4596 τὴν
3282 4526 3564 4582 Ἰουδαίαν.
3612 4528 3780 4582 Ἐθε-

2181 4617 2422 4688 ράπευσε
2469 4616 2715 4680 πολλούς.
2749 4617 3013 4670 Ἐπέλυσε
3048 4616 3109 4670 τὸ
3131 4615 3225 4669 τοῦ
3252 4618 3603 4672 ἀποστασίου.
3630 4621 3782 4691 Περὶ

2179 4706 2393 4779 τρόπουκ
2427 4709 2785 4781 εύνουχισμοῦ
2840 4709 3167 4777 διαλέγεται.
3205 4710 3434 4780 Εύλογεῖ
3456 4711 3526 4765 τά
3554 4713 3776 4767 παιδία.

2179 4803 2549 4873 Προσέρχεται
2608 4804 2637 4854 6
2702 4802 2978 4866 πλούσιος.
3045 4802 3353 4873 Ἐρωτῶσιν
3393 4805 3443 4857 οί
3488 4803 3777 4876 μαθηταί,

2184 4911 2203 4943 ι
2234 4895 2330 4958 Τίς
2356 4894 2580 4948 δύναται
2608 4894 2881 4966 σωθῆναι;
2918 4915 2936 4946 ι
2972 4895 3105 4948 Τότε
3136 4895 3316 4964 λέγει·
3347 4915 3366 4946 ι
3413 4897 3537 4949 Ἐπὶ
3557 4895 3783 4951 δώδεκα

2179 4983 2402 5054 θρόνους
2418 4984 2722 5055 καθήσεσθε
2744 4998 2792 5035 ⁸)
2818 4985 2931 5049 καὶ,
2961 5004 2980 5036 ι
2997 4986 3092 5049 Ὃς
3114 4986 3323 5056 ἀφῆκεν
3338 4985 3537 5050 οἰκίας,
3552 5006 3570 5037 ι
3592 4989 3690 5041 καὶ
3703 4990 3783 5044 τὰ

2178 5076 2325 5149 ἑξῆς.
2387 5072 2522 5130 Εἶτα
2556 5077 2839 5148 παραϐολὴ
2869 5076 2978 5130 τῶν
3022 5078 3291 5149 ἐργατῶν.
3326 5079 3434 5131 Καὶ
3456 5078 3783 5136 ἀναϐαίνων

2178 5172 2259 5232 εἰς
2294 5170 2555 5241 Ἱεροσόλυ
2565 5187 2659 5241 μα,
2686 5166 2807 5222 εἶπε
2826 5174 2939 5234 τοῖς
2965 5170 3234 5242 μαθηταῖς
3257 5171 3386 5242 περὶ
3405 5171 3501 5224 τοῦ
3533 5171 3781 5227 θανάτου

2178 5260 2367 5316 αὐτοῦ.
2407 5263 2471 5315 Ἡ
2510 5263 2647 5333 γυνὴ
2677 5262 2959 5315 Ζεϐεδαίου
2994 5262 3137 5327 ἀξιοῖ
3175 5264 3314 5336 ὑπὲρ
3343 5263 3450 5317 τῶν
3477 5264 3610 5318 υίῶν
3642 5271 3785 5339 περὶ

2179 5353 2484 5423 πρωτείων.
2544 5355 2607 5407 Οἱ
2661 5354 2948 5408 ἀπόστολοι
2987 5354 3230 5427 ζηλοῦσι,
3264 5357 3359 5410 καὶ
3397 5356 3781 5414 παιδεύονται.

2177 5439 2581 5511 Θεραπεύονται
2612 5443 2663 5495 οἱ
2696 5442 2789 5497 δύο
2822 5444 3014 5514 τυφλοὶ
3044 5444 3102 5512 εξ
3142 5444 3511 5517 Ἱεριχοῦντος.
3542 5448 3681 5501 Εἶτα
3706 5450 3786 5502 τὰ

564 5635 837 5735 ιξιλξξθξξή.
878 5655 975 5735 xui
998 5641 1163 5735 (37.1
1215 5641 1491 5735 IlI-play}
1531 5659 1700 5735 ἔξω,
1732 5644 1785 5700 θ’
1864 5647 1910 5679 η
1950 5645 2060 5700 ibid

2252 5647 2296 5679 "
2336 5647 2470 5702 ibid.
2518 5648 2604 5704 10.
2682 5649 2728 5682 ⁸⁸
2767 5648 2959 5706 Matth.
2994 5665 3164 5735 svnt,
3234 5653 3318 5709 15.
3398 5652 3468 5730 ⁸⁸,
3502 5655 3640 5713 ibid.
3682 5661 3772 5714 19.

498 5700 542 5735 ⁵⁸
581 5707 715 5761 ibid.
747 5708 835 5763 il.
913 5712 958 5742 "
999 5700 1187 5767 Matth.
1228 5728 1347 5775 nr,
1389 5713 1492 5779 i5,
1532 5714 1624 5771 23.
