3880 6186
106 261 209 318 589

1216 254 1551 313 SYNOPSIS
1590 253 2011 312 SCRIPTURIE
2054 255 2324 313 SACRE.

3279 259 3391 318 590

104 377 249 433 κατά
278 375 375 431 τὸν
400 377 542 432 ὄνον.
576 375 895 449 Είσέρχεται
916 376 995 441 είς
1015 375 1077 430 τὸ
1105 376 1266 448 ίερὸν,
1290 376 1539 433 ἐκϐάλλει
1566 377 1694 441 τοὺς

1801 373 2193 448 Ierosolymam
2243 374 2474 431 arefacit
2525 373 2711 439 ficum,
2744 374 2991 445 dicitque
3045 373 3387 444 di’scipuiis:

103 467 447 534 πωλοῦντας,
505 468 802 539 θεραπεύει
846 469 974 532 τοὺς
1024 468 1439 541 προσελθόντας.
1474 466 1607 524 Εἶτα
1635 471 1705 525 τὰ

103 560 296 614 παιδία
328 561 507 629 ὑμνεῖ.
549 559 860 631 Ἐξέρχεται
901 563 982 624 εἰς
1009 559 1305 631 Βηθανίαν,
1341 562 1437 615 καὶ
1469 563 1705 633 ἐπανερ-

103 652 338 723 χόμενος
365 654 448 714 εἰς
491 651 860 721 Ἱεροσόλυμα,
896 649 1137 723 ξηραίνει
1157 651 1258 724 τὴν
1280 653 1471 724 συκῆν,
1499 654 1594 706 καὶ
1616 653 1704 706 λέ-

102 759 190 811 γει
211 746 330 805 τοῖς
351 742 628 813 μαθηταῖς
652 759 665 773 ·
693 761 711 794 ι
741 743 860 796 Κᾶν
884 743 963 814 τῷ
984 742 1100 814 ὄρει
1122 744 1298 817 τούτῳ
1327 746 1537 816 εἴπητε,
1567 747 1704 819 Βλή-

102 832 229 903 θητι
258 835 345 895 εἰς
368 833 469 904 τὴν
491 833 788 898 θάλασσαν,
806 836 1113 906 γενήσεται,
1141 838 1237 891 καὶ
1265 838 1293 890 ὃ
1318 837 1411 891 ἐὰν
1440 840 1701 909 αἰτήσητε

105 925 483 989 πιστεύοντες,
518 925 772 996 λήψεσθε.
802 945 820 977 ι
853 926 1161 999 Ἐρωτῶσιν
1218 931 1267 983 οἱ
1312 926 1508 1001 ἱερεῖς·
1545 949 1565 983 ι
1612 932 1702 984 Ἐν

104 1016 239 1088 ποίᾳ
291 1017 515 1088 ἐξουσία
551 1018 723 1073 ταῦτα
776 1022 981 1084 ποιεῖς;
1018 1039 1037 1072 ι
1080 1021 1385 1093 Ἀντερωτᾷ
1424 1022 1553 1093 περὶ
1605 1021 1699 1075 τοῦ

104 1107 494 1180 βαπτίσματος
539 1112 807 1167 Ἰωάννου.
837 1113 1001 1182 Λέγει
1047 1113 1232 1177 αὐτοῖς
1259 1113 1357 1186 τὴν
1388 1114 1700 1187 παραϐολὴν

103 1200 204 1272 τὴν
258 1201 375 1256 τῶν
399 1202 493 1256 δύο
539 1202 694 1268 υἱῶν,
723 1201 841 1258 εἶτα
884 1205 953 1259 τὰ
986 1206 1083 1259 τοῦ
1109 1205 1431 1277 ἀμπελῶνος
1467 1209 1561 1261 καὶ
1592 1208 1700 1261 τῶν

105 1293 367 1366 πονηρῶν
393 1296 645 1366 ἐργατῶν
665 1314 679 1328 ⁸
716 1293 835 1352 εἶτα
865 1297 935 1352 τὰ
959 1298 1053 1352 τοῦ
1079 1298 1281 1370 γάμου,
1309 1298 1403 1352 καὶ
1431 1299 1541 1353 τῶν
1562 1299 1700 1369 φαύ-

102 1382 212 1436 λων
238 1385 527 1457 κλητόρων
559 1386 716 1459 (50‘).
751 1389 885 1443 Τότε
908 1385 1073 1460 ἦλθον
1105 1392 1154 1444 οἱ
1185 1391 1423 1445 Ἰουδαῖοι
1447 1391 1701 1461 παγιδεῦ-

104 1492 193 1529 σαι
222 1477 395 1531 αὐτὸν
441 1481 500 1532 ὲν
543 1478 708 1551 λόγῳ.
752 1482 863 1534 Καὶ
895 1481 948 1534 τί
995 1481 1057 1535 τὸ
1090 1482 1352 1553 νόμισμα.
1394 1484 1699 1555 Ἐρωτῶσιν

102 1568 150 1620 οἱ
169 1555 530 1623 Σαδδουκαῖοι
560 1571 689 1641 περὶ
719 1571 821 1641 τῆς
849 1572 1193 1645 γαμηθείσης
1219 1577 1334 1637 τοῖς
1366 1574 1510 1628 ὲπτά
1541 1574 1697 1629 ἁδελο

103 1664 256 1729 φοῖς·
315 1656 439 1714 εἶτα
491 1664 521 1715 ὁ
567 1663 823 1732 νομικός·
875 1664 1010 1717 Ποία
1053 1665 1241 1737 ἐντολὴ
1289 1664 1511 1737 πρώτη;
1565 1662 1698 1719 Εἶτα

102 1750 288 1821 ἐρωτᾷ
346 1751 549 1815 αὐτοὺς
607 1753 852 1824 Ἰησοῦςο
896 1772 913 1803 ι
956 1754 1022 1807 Τί
1077 1755 1206 1824 ὑμῖν
1250 1755 1398 1808 δοκεῖ
1428 1757 1557 1828 περὶ
1601 1757 1696 1810 τοῦ

102 1842 381 1914 Χριστοῦ;
421 1861 441 1892 ιν
492 1843 581 1906 Ὠς
604 1843 663 1896 δὲ
720 1844 1214 1917 ὲπεστομίσθησαν,
1256 1845 1561 1914 διαλέγεται
1585 1852 1698 1913 τοῖς

98 1933 281 2005 δχλοις
307 1934 444 2006 περὶ
465 1933 575 1987 τῶν
598 1935 977 2007 Γραμματων
1005 1939 1099 1991 καὶ
1124 1939 1454 2011 Φαρισαίων,
1481 1940 1697 1995 ταλανί-

105 2022 211 2089 ζων
247 2023 474 2087 αὐτούς.
540 2021 678 2079 Εἶτα
735 2029 802 2080 ἐκ
848 2027 943 2080 τοῦ
979 2027 1137 2100 ἱεροῦ,
1168 2030 1456 2101 ἀνέρχεται
1493 2034 1574 2096 είς
1606 2034 1696 2089 τὸν

106 2116 365 2181 ὲλαιῶνα,
401 2118 498 2171 καὶ
521 2118 832 2188 διαλέγεται
868 2123 983 2184 τοῖς
1023 2120 1296 2192 μαθηταῖς
1314 2125 1442 2195 περὶ
1477 2124 1696 2195 μελλόν-

103 2225 231 2263 των.
277 2208 416 2264 Εἶτα
473 2213 506 2283 ἡ
551 2213 836 2285 παραϐολὴ
878 2212 973 2266 τοῦ
1027 2214 1459 2280 κατασταθέντος
1508 2216 1695 2270 δούλου

103 2302 194 2355 ἐπὶ
213 2302 317 2372 τῆς
339 2302 543 2368 οἰκίας,
582 2306 677 2358 καὶ
702 2306 735 2376 ἡ
768 2304 877 2358 τῶν
900 2305 1033 2359 δέκα
1062 2307 1368 2377 παρθένων,
1401 2309 1496 2362 καὶ
1522 2312 1554 2380 ἡ
1586 2309 1695 2363 τῶν

103 2393 267 2446 πέντε
290 2394 598 2459 ταλάντων,
621 2395 714 2448 καὶ
740 2397 773 2467 ἡ
808 2394 915 2448 τῶν
932 2397 1157 2469 ἐρίφων,
1183 2401 1276 2452 καὶ
1299 2402 1331 2471 ή
1360 2400 1468 2453 τῶν
1490 2400 1697 2473 προϐά-

102 2501 228 2538 των.
284 2486 626 2554 Συνάγονται
682 2489 733 2540 οἱ
780 2489 1054 2559 ἀρχιερεῖς
1102 2490 1198 2544 καὶ
1248 2492 1298 2544 οἱ
1345 2492 1696 2563 Γραμματεῖς

105 2576 296 2630 πιάσαι
314 2576 501 2630 αὐτόν.
522 2577 580 2630 '0
594 2578 649 2630 δὲ
664 2573 826 2649 ἦλθεν
843 2582 922 2642 εἰς
951 2580 1193 2650 Σίμωνος
1214 2580 1389 2634 οἰκίαν
1416 2583 1496 2644 εἰς
1519 2580 1697 2651 Βηθα-

104 2670 241 2733 νίαν,
258 2668 395 2722 ἔνθα
414 2668 876 2741 ἡτὺάλάϐαστρον
904 2669 1148 2743 [ἔχουσα]
1178 2671 1416 2743 ἔρχεται.
1449 2672 1698 2725 Συντίθε-

106 2779 192 2817 ται
209 2765 239 2816 ὁ
255 2761 465 2825 Ἰούδας
477 2764 588 2825 τοῖς
606 2761 900 2826 Ἰουδαίοις.
920 2764 1359 2818 Ἀποστὲλλονται
1373 2766 1422 2817 οἱ
1441 2765 1697 2837 Μαθηταὶ

107 2856 395 2924 ἑτοιμάσαι
421 2854 486 2907 τὸ
517 2853 731 2923 Πάσχα.
767 2853 1007 2925 Ἐλέγχει
1031 2854 1123 2907 τὸν
1165 2854 1363 2909 Ἰούδαν
1398 2855 1694 2929 όΧριστός.

108 2946 453 3019 Παραδίδωσι
479 2944 541 2998 τὸ
584 2945 909 3016 μυστήριον,
948 2945 1076 2999 ἔνθα
1112 2945 1287 3014 λέγει·
1327 2965 1345 2998 ι
1381 2947 1454 3000 Οὐ
1485 2946 1559 3018 μὴ
1590 2947 1698 3000 πίω

1811 483 1831 518 ι
1865 465 1984 521 Etsi
2028 466 2201 522 monti
2238 465 2329 520 isti
2360 465 2638 528 dixeritis,
2673 466 2879 535 pr'ojice
2912 465 3043 520 tein
3076 480 3249 532 mare,
3272 466 3389 529 tiet,

1803 568 1859 615 et
1891 561 2153 631 quidquid
2181 558 2470 615 credentes
2496 559 2791 630 petieritis,
2823 558 3109 627 accipietis
3136 557 3202 611 “.
3250 576 3270 609 ι
3306 557 3390 611 lu-

1804 651 2085 716 tcrrogant
2124 659 2247 699 eum
2293 644 2628 705 sacerdotes,
2659 643 2944 698 dicentes:
2983 661 3002 694 ι
3040 641 3097 695 ln
3132 657 3240 712 qua
3285 659 3389 712 po-

1802 744 2002 792 testate
2040 739 2146 794 ista
2182 736 2319 792 facis
2350 737 2430 790 ουτ
2465 757 2483 789 ι
2518 736 2586 789 Ει
2613 738 2729 805 ipse
2765 736 3004 790 vicissim
3028 750 3123 790 eos
3146 737 3386 791 interro-

1804 835 1896 897 gat
1928 826 1995 881 de
2024 827 2299 897 baptismo
2326 824 2578 882 Joannis.
2630 825 2774 879 Dicit
2812 826 2919 879 illis
2963 826 3279 895 parabolant
3319 825 3388 882 de

1802 920 2021 976 duobus
2063 922 2190 975 ﬁliis
2214 919 2351 991 (cap.
2382 920 2524 989 nn)
2553 938 2570 988 ;
2595 921 2792 976 deinde
2817 921 2886 976 de
2934 921 3092 974 vinea
3141 928 3194 975 et
3225 922 3387 977 malis

1804 1014 2097 1084 operariis,
2127 1014 2194 1067 de
2224 1013 2434 1082 nuptiis
2492 1021 2548 1067 et
2580 1013 2647 1067 de
2681 1014 2930 1082 reprobis
2960 1012 3188 1066 vocatis.
3232 1010 3386 1066 Tunc

1803 1106 2074 1160 accedunt
2104 1106 2172 1159 ad
2200 1120 2327 1159 eum
2376 1102 2551 1159 Judaei
2594 1112 2654 1159 ut
2692 1105 2988 1174 illaqueent
3016 1120 3139 1159 eum
3181 1104 3235 1158 in
3262 1120 3384 1158 ser-

1801 1215 1983 1263 mone,
2018 1206 2072 1254 et
2106 1198 2174 1254 de
2218 1199 2552 1253 numismate
2604 1199 2980 1253 sciscitantur.
3038 1197 3386 1268 lnterrogant

1804 1289 2089 1346 Sadducazi
2118 1291 2186 1345 de
2216 1291 2444 1346 muliere
2474 1301 2680 1360 septem
2728 1290 2988 1345 fratribus
3026 1298 3214 1360 nupta.
3243 1289 3381 1345 Tum

1800 1382 1939 1453 legis
1975 1383 2205 1453 peritus,
2236 1381 2304 1436 de
2332 1382 2511 1451 primo
2541 1382 2676 1451 legis
2711 1382 2988 1436 mandato.
3032 1381 3237 1437 Deinde
3285 1398 3383 1438 eos

1800 1475 2102 1546 interrogat
2123 1477 2175 1544 εξι
2198 1474 2338 1542 Quid
2369 1476 2525 1531 vobis
2560 1474 2773 1531 videtur
2802 1475 2869 1530 de
2886 1475 3138 1530 Christo?
3162 1496 3180 1527 ι
3223 1473 3379 1547 (Cap.

1801 1584 1939 1633 xxn,
1974 1566 2132 1641 ιιιιι.)
2167 1565 2261 1621 His
2288 1567 2379 1621 tibi
2409 1582 2471 1621 os
2499 1566 2830 1630 obturasset,
2863 1567 3104 1638 loquitur
3127 1569 3299 1623 turbis
3314 1570 3382 1624 de

1804 1656 2016 1712 Scribis
2056 1664 2111 1712 et
2150 1655 2445 1712 Pharisaais
2499 1656 2636 1728 (cap.
2693 1661 2876 1727 xxm),
2909 1660 3141 1716 miseros
3194 1661 3384 1716 dicens

1728 1740 1774 1798 B
1802 1764 1916 1804 eos.
1960 1748 2154 1804 Postea
2176 1764 2434 1819 egressus
2460 1768 2528 1805 ex
2551 1752 2755 1821 templo
2774 1751 3022 1806 ascendit
3054 1752 3109 1805 in
3139 1763 3378 1808 montem

1799 1841 2099 1909 Olivarum,
2135 1851 2297 1912 atque
2348 1822 2424 1897 ibi
2472 1843 2540 1897 de
2571 1846 2735 1898 rebus
2761 1844 2963 1900 futuris
2992 1845 3060 1898 ad
3078 1845 3380 1916 discipulos

1798 1935 2021 1990 disserit
2057 1938 2195 2005 (cap.
2236 1936 2407 2004 xxrv).
2436 1933 2641 1989 Deinde
2686 1936 3007 2005 parabolam
3048 1937 3268 2006 subjicit
3309 1937 3379 1993 de

1798 2042 1957 2081 servo
1981 2042 2147 2096 supra
2168 2026 2391 2080 domum
2421 2027 2722 2080 constituto
2744 2029 2881 2097 (cap.
2919 2027 3071 2099 xxv),
3094 2028 3267 2098 deque
3288 2026 3380 2083 de-

1797 2132 1915 2171 cem
1954 2117 2283 2188 virginibus,
2317 2118 2384 2171 de
2441 2116 2602 2187 138
2659 2120 2902 2188 quinque
2955 2120 3175 2176 talentis
3218 2131 3273 2175 et
3309 2120 3380 2177 de

1797 2208 1976 2265 laedis
2010 2225 2075 2264 ac
2106 2210 2322 2264 ovibus.
2355 2208 2769 2281 Congregantnr
2800 2212 3075 2281 principes
3113 2211 3379 2268 Sacerdo—

1797 2309 1912 2354 tum
1962 2310 2016 2355 et
2068 2300 2293 2365 Scriba},
2343 2302 2723 2356 consultantes
2774 2304 3051 2371 quomodo
3121 2309 3377 2372 caperent

1796 2409 1919 2449 eum
1963 2394 2102 2465 (cap.
2140 2392 2314 2467 xxvi).
2349 2392 2470 2462 Ipse
2498 2408 2629 2447 vero
2662 2392 2979 2447 Bethaniam
3010 2394 3160 2449 venit
3199 2395 3255 2448 in
3286 2395 3379 2448 do-

1795 2503 1945 2541 mum
1987 2485 2247 2552 Simonis,
2270 2487 2361 2541 ubi
2386 2487 2453 2539 ad
2484 2503 2609 2541 cum
2637 2487 2868 2551 accedit,
2891 2503 3011 2556 quae
3040 2488 3375 2543 alabastrum

1796 2578 2050 2633 habebat.
2077 2577 2381 2633 Paciscitur
2403 2577 2572 2634 Judas
2595 2593 2716 2632 cum
2738 2577 2960 2633 Judaeis.
2986 2578 3273 2632 Mittuntur
3293 2578 3378 2632 di-

1798 2669 1994 2738 scipuli
2053 2670 2120 2723 ad
2173 2669 2476 2739 parandum
2528 2669 2760 2724 Pascha.
2827 2667 3117 2722 Conviucit
3178 2668 3375 2724 Judam

1796 2760 2071 2816 Christus.
2112 2758 2301 2813 Tradit
2331 2761 2650 2830 mysterium
2692 2780 2705 2812 :
2736 2768 2925 2830 postea
2979 2762 3112 2815 dicit
3148 2778 3164 2817 :
3201 2779 3220 2812 ι
3257 2760 3378 2816 Non

1797 2851 1978 2907 bibam
2019 2852 2253 2922 amplius
2283 2867 2349 2906 ex
2380 2852 2484 2906 hac
2520 2853 2631 2906 vite
2661 2853 2726 2906 “.
2771 2871 2791 2904 ›
2822 2852 3110 2923 Egreditur
3138 2855 3194 2907 in
3226 2870 3376 2908 mon-

1799 2953 1906 3000 tem
1946 2944 2243 2999 Olivarum.
2279 2942 2534 2999 Praedicit
2571 2944 2955 2999 oﬂ'endiculum
2989 2960 3252 3015 passuros
3289 2946 3376 2999 di-

106 3040 171 3091 ὲκ
192 3035 559 3108 ήςάμπλελου
584 3035 809 3108 ταύτης.
837 3055 857 3088 ι
889 3036 1199 3108 Ἐξέρχεται
1230 3040 1308 3102 εἰς
1323 3038 1413 3092 τὸν
1441 3038 1693 3094 ὲλαιῶνα.

1801 3036 2062 3105 scipulos.
2096 3034 2375 3106 Relinquit
2408 3035 2712 3105 discipulos
2762 3052 2817 3089 tn
2871 3034 3259 3098 Cetbscmane,
3297 3043 3374 3099 et,

108 3132 392 3204 Προλέγει,
431 3130 517 3182 ὅτι
544 3128 1095 3201 σκανδαλισθήσονται
1128 3132 1179 3184 oi
1212 3131 1470 3203 μαθηταί.
1509 3133 1693 3200 Ἀφεὶς

107 3224 225 3286 τοὺς
296 3221 557 3293 μαθητὰς
613 3222 695 3285 είς
737 3221 1084 3293 Γεθσημανῆ,
1139 3223 1233 3276 καὶ
1260 3224 1696 3295 προσευξάμενος

107 3316 304 3387 τρίτον,
337 3315 526 3384 λέγει·
570 3333 589 3366 ι
624 3317 881 3388 Ἀγωμεν
914 3316 1179 3370 ἐντεῦθεν.
1214 3337 1233 3368 ›
1265 3313 1467 3371 τΗλθεν
1493 3321 1522 3372 ό
1566 3317 1697 3371 Ἰού-

105 3407 199 3472 δας
254 3406 401 3479 μετά
454 3406 549 3460 τοῦ
579 3405 759 3477 ὄχλου,
790 3408 885 3461 καὶ
910 3407 1103 3461 κόπτει
1133 3409 1163 3461 ὁ
1197 3407 1403 3481 Πέτρος
1429 3408 1491 3461 τὺ
1534 3408 1696 3464 ὠτίον

106 3499 198 3553 τοῦ
274 3497 593 3570 παιδαρίου.
636 3499 881 3567 Ἤγαγον
958 3499 1166 3571 Ἰησοῦν
1225 3501 1362 3573 πρὸς
1416 3502 1692 3572 Καϊάφαν,

104 3587 325 3659 ἔκριναν
374 3588 565 3653 αὑτὸν,
618 3589 712 3643 καὶ
758 3588 1140 3654 κατεδίκασαν,
1164 3591 1258 3644 καὶ
1287 3590 1593 3656 ἐνέπαιξαν.
1638 3592 1696 3646 Ὁ

104 3682 310 3754 Πέτρος
344 3681 617 3753 ἀρνεῖται.
654 3682 879 3751 Ἀγουσι
905 3682 996 3735 τὸν
1035 3682 1244 3754 Ἰησοῦν
1269 3684 1406 3754 πρὸς
1438 3684 1692 3739 Πιλᾶτον.

116 3774 458 3842 ’Δπάγχεται
500 3772 725 3837 Ἰούδας.
777 3773 1038 3844 Κρίνεται
1085 3775 1114 3828 ό
1155 3776 1408 3846 Χριστός.
1452 3777 1516 3830 Ἡ
1556 3776 1694 3848 γυνὴ

104 3865 197 3919 τοῦ
218 3865 464 3920 Πιλάτου
493 3866 850 3937 συμϐουλεύει
878 3867 1028 3938 αὐτῷ
1042 3869 1345 3940 ἀποστῆναι
1365 3868 1460 3922 τοῦ
1494 3869 1691 3939 Ἰησοῦ.

107 3955 236 4013 Εἶτα
271 3959 630 4031 σταυροῦται.
682 3960 1044 4033 Εἰστήκεισαν
1064 3961 1120 4013 αἱ
1158 3961 1288 4032 περὶ
1312 3961 1529 4034 Μαρίαν
1556 3961 1695 4016 θεω-

110 4048 296 4118 ροῦσαι
325 4050 605 4122 μακρόθεν
635 4051 705 4105 τά
726 4053 1006 4124 γινόμενα.
1035 4051 1313 4124 Λαμὸάνει
1332 4053 1394 4106 τὸ
1422 4054 1580 4125 σῶμα
1600 4052 1694 4107 τοῦ

108 4143 313 4216 Κυρίου
360 4144 583 4214 Ἰωσήφ.
610 4143 832 4198 Αίτοῦσι
860 4144 957 4216 τὴν
985 4144 1314 4201 κουστωδίαν
1342 4146 1393 4198 oi
1429 4145 1692 4201 Ἰουδαῖοι.

106 4235 171 4288 Δί
212 4236 353 4309 περὶ
402 4235 627 4306 Μαρίαν
677 4232 840 4307 ἦλθον
888 4236 1125 4307 ἑσπέρας
1155 4238 1235 4301 είς
1268 4240 1359 4290 τὸν
1383 4237 1573 4308 τάφον,
1602 4238 1695 4292 καὶ

110 4326 334 4397 σεισμὸς
390 4325 628 4394 ἐγένετο.
665 4327 943 4382 Ἤκουσαν
990 4328 1144 4401 παρὰ
1184 4328 1278 4383 τοῦ
1316 4330 1572 4399 ἀγγέλου,
1611 4333 1693 4386 ὅτι

1801 3140 2087 3200 postquam
2126 3129 2288 3182 tertio
2320 3137 2554 3194 orasset,
2592 3147 2610 3179 ι
2666 3127 2867 3182 Eamus
2905 3129 3033 3182 hinc
3055 3129 3120 3183 ⁸⁷.
3155 3147 3174 3181 ι
3216 3125 3378 3182 Venit

1799 3221 1970 3278 Judas
2002 3238 2125 3275 cum
2159 3222 2318 3276 turba
2354 3240 2367 3276 :
2409 3220 2606 3277 Petrus
2630 3230 2877 3291 amputat
2912 3223 3215 3276 auriculam
3257 3237 3377 3277 ser-

1800 3318 1933 3371 vuli.
1985 3314 2200 3370 Ducunt
2227 3313 2414 3369 Jesum
2450 3315 2517 3369 ad
2556 3316 2837 3385 Caipham.
2868 3314 3128 3369 .lttdicant
3167 3331 3291 3370 eum
3323 3323 3379 3370 et

1801 3408 2187 3469 condemnant,
2229 3415 2283 3462 et
2319 3407 2573 3462 irrident.
2604 3405 2801 3462 Petrus
2832 3415 3015 3477 negat.
3053 3405 3383 3464 DucuntJe-

1801 3516 1924 3556 sum
1958 3501 2027 3555 ad
2063 3500 2298 3556 Pilatum
2336 3500 2477 3570 (cap.
2517 3501 2714 3571 xxvu).
2744 3498 3061 3569 Strangulat
3090 3514 3150 3554 se
3186 3498 3378 3556 Judas.

1799 3593 2087 3651 Iudicatur
2129 3595 2405 3650 Christus.
2438 3592 2615 3648 Pilato
2664 3595 2904 3648 consulit
2959 3609 3099 3647 uxor
3148 3593 3287 3663 ejus,
3320 3599 3383 3647 ut

1801 3686 2072 3740 abstineat
2101 3700 2131 3738 a
2153 3683 2285 3740 Jesu
2322 3703 2334 3739 :
2371 3691 2561 3755 postea
2596 3682 2956 3753 cruciﬁgitur.
3000 3682 3159 3737 Stant
3179 3683 3378 3739 mulie-

1799 3792 1912 3841 res,
1947 3791 2068 3847 qua:
2095 3790 2216 3829 cum
2244 3774 2413 3827 Maria
2450 3780 2627 3837 erant,
2649 3781 2961 3842 spectantes
2998 3773 3229 3841 alonge,
3259 3786 3382 3843 qua

1801 3866 2013 3921 ﬁerent.
2071 3866 2284 3934 Corpus
2350 3863 2567 3918 Domini
2625 3863 2824 3933 accipit
2899 3854 3122 3933 Ioseph:
3179 3861 3382 3916 Petunt

1800 3957 2106 4015 custodiam
2145 3955 2341 4012 Judwi.
2377 3955 2658 4019 Mulieres,
2688 3970 2810 4026 qua:
2836 3970 2961 4009 cum
2994 3954 3161 4008 Maria
3198 3961 3377 4018 erant,

1799 4067 2026 4122 vespere
2055 4052 2280 4105 veniunt
2307 4050 2375 4104 ad
2422 4050 2735 4120 sepulcrum
2782 4046 2923 4120 (cap.
2970 4047 3185 4116 xxvm),
3233 4056 3289 4100 et
3321 4045 3382 4100 ﬁt

1800 4151 1963 4199 terra:
1991 4152 2196 4206 motus,
2229 4143 2570 4211 audiuntque
2629 4140 2697 4196 ab
2749 4140 2962 4209 angelo,
2993 4138 3139 4209 quod
3193 4153 3381 4207 resur-

1799 4236 2026 4292 rexerit.
2067 4234 2364 4289 Mittuntur
2386 4251 2414 4286 a
2446 4232 2670 4287 Christo
2688 4231 2755 4286 ad
2788 4231 3111 4301 discipulos.
3135 4227 3380 4283 Audiunt

1799 4326 1972 4384 Judaei
2002 4327 2070 4382 de
2102 4334 2261 4381 terrae
2284 4333 2434 4379 motu
2464 4332 2519 4379 et
2547 4323 2955 4379 resurrectione
2974 4363 2989 4386 ,
3015 4322 3257 4392 dantque
3285 4337 3382 4392 pe-

106 4418 332 4491 ἀνέστη.
368 4419 687 4489 Πέμπονται
720 4420 825 4474 ὑπὸ
850 4421 943 4475 τοῦ
972 4420 1211 4493 Χριστοῦ
1246 4422 1382 4495 πρὸς
1424 4424 1551 4487 τοὺς
1592 4442 1696 4496 μα-

1801 4424 2021 4479 cuniam
2055 4421 2396 4483 custodibus,
2426 4429 2487 4474 ut
2533 4420 2888 4474 mentiantur.
2923 4415 3163 4471 Veniunt
3212 4416 3381 4471 disci-

107 4508 298 4583 θητάς.
339 4512 619 4565 Ἤκουσαν
651 4514 700 4566 οἱ
735 4512 974 4568 Ἰουδαῖοι
1034 4515 1163 4586 περὶ
1200 4514 1294 4568 τοῦ
1338 4516 1564 4586 σεισμοῦ
1600 4518 1696 4570 καὶ

104 4606 204 4674 τῆς
230 4604 606 4670 ἀναστάσεως,
633 4605 728 4658 καὶ
772 4604 977 4660 ἔδωκαν
1006 4608 1264 4677 χρήματα
1310 4610 1422 4672 τοῖς
1446 4608 1694 4677 φύλαξιν,

1802 4514 1916 4585 puli
1972 4514 2041 4569 ad
2083 4511 2270 4568 Jesum
2324 4512 2381 4565 in
2429 4511 2727 4565 Galilaeam.
2785 4508 2977 4565 Tradit
3027 4509 3135 4564 illis
3196 4507 3378 4578 bapti-

1804 4622 2004 4665 smum.

105 4693 196 4750 ἶνα
260 4695 593 4764 ψεύσωνται.
638 4692 843 4750 Ἦλθον
922 4699 970 4751 oi
1041 4699 1281 4771 potenter}.
1342 4702 1480 4773 πρὸς
1542 4702 1635 4757 τὸν
1710 4701 1917 4774 Ἰησοῦν
1961 4700 2062 4764 κείς
2113 4698 2215 4771 τὴν
2274 4696 2581 4751 Γαλιλαίαν.
2649 4695 3022 4767 Παραδίδωσιν
3080 4693 3267 4756 αὐτοῖς
3318 4684 3381 4742 τὸ

104 4783 420 4857 βάπτισμα.

264 4880 517 4932 Βιϐλὶον
533 4878 617 4944 β’,
640 4878 816 4948 [Κατά
843 4879 1092 4951 Μάρκον
1120 4882 1492 4954 Εὐαγγέλιον

176 4992 269 5049 ιε.
311 4992 571 5065 Ἰωάννης
617 4992 866 5063 βαπτίζει
904 4995 1031 5059 τοὺς
1075 4995 1381 5060 Ἰουδαίους.
1434 4997 1692 5071 Ἔρχεται

106 5082 219 5137 ἀπὸ
242 5082 498 5155 Ναζαρὲθ
536 5084 566 5137 ὁ
608 5084 867 5156 Χριστὸς,
917 5084 1241 5157 ἐϐαπτίσθη,
1285 5087 1381 5140 καὶ
1424 5081 1587 5157 ἦλθεν
1604 5088 1695 5151 ἐἰς

106 5174 206 5246 τὴν
262 5172 476 5245 ἔρημον
528 5174 911 5247 πειρασθῆναι.
956 5175 1087 5231 Εἶτα
1131 5179 1212 5242 εἰς
1241 5178 1341 5249 τὴν
1381 5178 1689 5243 Γαλιλαίαν,

107 5265 508 5338 παραδοθέντος
544 5268 816 5332 Ἰωάννου,
850 5270 945 5323 καὶ
968 5269 1123 5323 καλει
1166 5272 1299 5334 τοὺς
1332 5273 1460 5343 περὶ
1489 5272 1695 5345 Πέτρον

107 5357 205 5411 καὶ
246 5356 526 5413 Ἰάκωϐον.
557 5359 877 5431 Εἰσέρχεται
904 5362 985 5426 είς
1014 5346 1408 5435 Καπερναοὺμ,
1430 5362 1691 5429 διδάσκει,

1962 4878 2117 4933 Liber
2141 4875 2226 4942 ΙΙ,
2260 4875 2603 4947 Evangelium
2627 4875 2913 4929 secundum
2942 4873 3208 4928 Marcum.

1869 4993 2226 5050 48.Joannes
2255 4994 2493 5065 baptizat
2530 4990 2750 5047 Judzeos
2800 4994 2941 5063 (cap.
3003 4988 3066 5060 ι).
3119 4986 3375 5043 Christus

1797 5087 1946 5141 venit
1985 5101 2016 5139 ιι
2045 5084 2338 5151 Nazareth,
2368 5085 2700 5156 baptizatur,
2741 5091 2796 5137 et
2832 5081 2946 5136 abit
2981 5081 3034 5134 in
3070 5079 3372 5144 desertum,

1800 5188 1862 5235 ut
1902 5187 2160 5235 tentetur.
2184 5178 2384 5235 Postea
2414 5193 2575 5242 vero,
2601 5176 2804 5230 tradito
2852 5173 3084 5239 Joanne,
3129 5171 3279 5226 venit
3315 5170 3375 5226 in

1799 5271 2099 5333 Galilaeam.
2138 5280 2193 5327 et
2220 5281 2381 5326 vocat
2436 5270 2655 5326 Petrum
2701 5283 2825 5324 cum
2880 5265 3072 5330 fratre,
3106 5262 3377 5319 Iacobum

1801 5366 1930 5421 item
1963 5380 2087 5419 cum
2128 5362 2318 5419 fratre.
2355 5362 2662 5434 Ingreditur
2701 5360 3048 5431 Capernaum
3090 5359 3231 5429 (cap.
3285 5354 3374 5428 ιι),

180 5511 230 5546 ⁸⁵
263 5512 457 5571 Hatth.
491 5531 611 5581 ut,
643 5515 737 5573 22.
813 5518 857 5551 "
896 5517 1026 5575 ibid.
1061 5517 1154 5575 25.
1231 5519 1277 5552 ⁸⁸
1314 5519 1507 5576 Matth.
1548 5535 1696 5585 xxvi.

1801 5528 1827 5574 ν.
1904 5520 1946 5552 ⁸⁷
1988 5519 2121 5575 ibid.
2157 5518 2248 5574 46.

181 5671 318 5749 (30')
340 5677 384 5748 ι.
427 5676 668 5750 unum.
