3886 6182
487 146 588 205 391

1708 141 1766 199 δ.
1805 139 2275 199 ATHANASIUS.
2308 138 2375 182 -ῖ-
2415 139 2648 199 DUBIA.

3675 142 3795 200 εστ

485 261 671 325 docet,
693 266 851 317 curat
885 259 960 316 ibi
982 259 1403 325 damoniacum,
1428 265 1556 331 post
1586 258 1733 313 hunc
1764 261 1931 314 etiam
1985 275 2077 315 so-

2192 256 2474 328 55pa1:5t55t
2501 256 2595 311 τὸν
2631 257 3080 330 δαιμονιζόμενον
3118 256 3254 322 ἐκεῖ,
3289 250 3410 311 εἶτα
3443 256 3543 328 τὴν
3588 260 3797 314 πενθε-

488 367 646 409 crum
665 350 835 415 Petri,
859 359 914 406 et
945 353 1150 407 multos
1173 352 1313 407 alios
1344 353 1558 422 vesperi
1584 357 1763 407 sanat.
1790 350 2085 421 Egreditur

487 444 548 502 in
590 443 967 501 solitudinem.
993 444 1207 499 Circuit
1247 442 1550 498 Galila-am.
1583 442 1756 497 Curat
1781 442 2081 512 leprosum.

486 533 652 591 Venit
680 536 1023 605 Capernaum
1060 535 1199 605 (cap.
1246 536 1332 606 ιι).
1369 532 1540 589 Sanat
1568 534 1955 606 paralyticum,
1988 533 2087 587 do-

488 628 578 683 ce't
627 629 869 682 turbam.
904 626 1076 682 Vocat
1112 628 1242 683 Levi
1294 629 1462 684 ﬁlium
1527 628 1757 698 Alphaai,
1793 627 2087 681 manducat

490 736 617 776 cum
660 722 992 792 publicanis.
1018 723 1300 776 Accusant
1331 738 1455 776 eum
1497 722 1599 775 hoc
1631 719 1855 774 nomine
1891 716 2086 772 Phari-

491 816 605 869 saei.
652 813 917 880 Quzerunt
949 811 1018 867 de
1058 814 1269 883 jejunio
1319 814 1575 883 discipuli
1640 811 1919 868 Joannis:
1969 813 2088 882 ipse

489 919 623 959 vero
661 904 963 974 discipulos
994 904 1259 957 defendit.
1307 905 1532 959 Transit
1584 920 1681 974 per
1726 914 1865 959 sata.
1916 903 2088 973 Curat

491 1011 617 1052 eum
648 995 740 1066 qui
768 1012 987 1049 manum
1025 995 1260 1050 habebat
1296 997 1505 1050 aridam
1541 996 1680 1069 (cap.
1716 998 1822 1063 ιιι).
1868 994 2088 1051 Secedit

493 1087 563 1143 ad
586 1102 757 1142 mare.
792 1086 1055 1157 Sequitur
1081 1104 1205 1141 eum
1231 1087 1527 1141 multitudo
1558 1103 1777 1158 magna.
1804 1087 2089 1143 Conﬁten-

494 1185 584 1235 tur
618 1179 916 1234 dazmoues.
950 1179 1199 1232 Advocat
1232 1179 1300 1232 ad
1333 1194 1391 1233 se
1424 1179 1714 1234 duodecim
1758 1178 2083 1251 discipulos.

493 1279 556 1325 ut
580 1271 761 1325 mittat
787 1286 883 1325 eos
908 1271 1285 1341 praedicatum.
1309 1268 1464 1324 Tunc
1490 1269 1663 1325 Judaei
1702 1270 1894 1325 dicunt
1921 1291 1934 1324 :
1971 1290 1991 1323 ι
2028 1271 2087 1327 In

493 1361 780 1419 Beelzebul
803 1363 955 1433 ejicit
986 1362 1257 1416 daemonia
1291 1362 1356 1417 “.
1400 1381 1418 1414 ι
1456 1360 1618 1417 Vertit
1654 1362 1723 1417 ad
1759 1379 1885 1419 eum
1915 1363 2089 1419 Mater

454 1518 457 1521 _
494 1455 637 1526 ejus.
662 1453 973 1527 Ingreditur
999 1454 1184 1509 navim
1213 1453 1353 1526 (cap.
1389 1452 1486 1527 Iv),
1512 1455 1835 1524 parabolam
1855 1455 1989 1512 dicit
2018 1455 2089 1512 de

495 1545 823 1611 seminaute,
855 1546 985 1600 item
1020 1547 1089 1602 de
1119 1562 1275 1618 agro,
1308 1554 1363 1601 et
1384 1546 1452 1601 de
1497 1547 1697 1618 sinapi.
1733 1545 2087 1619 Tempestate

489 1638 775 1710 jactantur
795 1638 1049 1711 discipuli
1081 1639 1138 1694 in
1165 1640 1323 1694 mari.
1348 1639 1599 1710 Increpat
1626 1656 1777 1695 mare
1804 1618 2082 1698 Christus.
2117 1618 2160 1674 Β

492 1730 736 1785 Curatur
785 1733 1163 1786 danuoniacus
1201 1732 1255 1785 in
1282 1743 1430 1787 terra
1462 1731 1902 1804 Gergesenorum
1943 1735 2082 1806 (cap.

492 1822 573 1888 v).
609 1818 771 1875 Porci
796 1821 852 1874 in
877 1836 1026 1877 mare
1049 1822 1358 1892 praecipites
1385 1821 1608 1876 dantur.
1645 1820 2014 1889 Trausfretat,
2034 1833 2089 1880 et

492 1912 676 1970 Jairus
720 1930 821 1986 pro
849 1915 959 1970 ﬁlia
981 1923 1122 1970 orat.
1154 1914 1392 1970 Sanatur
1436 1916 1876 1975 haemorrhousa.
1928 1918 2090 1975 Venit

494 2006 551 2060 iu
579 2008 809 2077 patriam
844 2009 985 2077 (cap.
1012 2007 1117 2076 vn),
1152 2006 1597 2063 scandalizantur
1612 2024 1776 2080 super
1803 2010 1942 2081 ipso.
1963 2009 2089 2065 Haec

494 2101 630 2155 dicit
661 2118 674 2155 :
706 2118 726 2152 ι
766 2098 888 2154 Non
926 2107 1011 2155 est
1040 2101 1305 2170 propheta
1344 2100 1554 2172 absque
1601 2102 1835 2169 honore,
1869 2104 1977 2158 nisi
2030 2104 2089 2159 in

495 2196 673 2263 patria
715 2192 902 2247 sua".
952 2210 972 2245 ι
1002 2191 1167 2247 Mittit
1211 2192 1517 2263 discipulos
1568 2195 1729 2251 binos
1792 2211 1857 2252 ac
1902 2197 2085 2264 binos,

494 2286 778 2355 multaque
806 2285 918 2340 illis
962 2285 1210 2341 mandat.
1250 2286 1559 2358 Suhjicitur
1599 2288 1829 2344 historia
1870 2305 2086 2357 eorum,

493 2394 618 2448 qua:
647 2379 717 2432 ab
753 2377 969 2433 llerode
1000 2387 1123 2433 acta
1157 2384 1288 2434 sunt
1319 2395 1444 2434 cum
1473 2378 1709 2437 Joanne.
1737 2381 1990 2439 Redeunt
2019 2383 2089 2439 ad

495 2470 777 2525 Christum
807 2470 1088 2541 discipuli.
1138 2469 1252 2523 Alit
1297 2472 1511 2526 turbas.
1549 2472 1787 2528 Advenit
1821 2474 1889 2529 ad
1920 2474 2090 2531 disci-

495 2563 658 2633 pulos
689 2569 1022 2633 tempestate
1048 2562 1314 2633 jactatos.
1346 2561 1512 2618 Venit
1543 2561 1884 2621 Cennesaret
1908 2574 1963 2622 et
1992 2582 2090 2623 cu-

495 2662 585 2708 rat
615 2655 835 2709 multos.
866 2653 1121 2724 Disputat
1153 2653 1221 2709 de
1253 2654 1511 2711 manibus
1564 2656 1734 2713 illotis
1789 2655 1929 2728 (cap.
1965 2660 2086 2732 vn).

497 2743 660 2800 Venit
698 2744 939 2817 Tyrum.
985 2747 1157 2800 Sanat
1209 2745 1375 2799 ﬁliam
1432 2745 1894 2817 Syroplimnissae,
1956 2750 2088 2806 item

499 2838 727 2894 surdum
753 2849 807 2894 et
840 2838 1116 2910 impeditae
1147 2839 1365 2911 linguaz.
1399 2838 1509 2892 Alit
1531 2841 1744 2895 turbam
1774 2841 1913 2913 (cap.
1941 2844 2085 2916 vni).

501 2933 731 3006 Signum
762 2940 954 3003 petunt
999 2931 1194 2999 Judaei,
1233 2940 1289 2986 at
1330 2933 1420 2988 ille
1469 2934 1679 2987 nullum
1730 2935 1843 2991 dat.
1887 2935 2160 3013 Loqui-C

496 3033 590 3082 tur
617 3026 906 3096 discipulis
931 3024 998 3079 de
1021 3024 1289 3080 fermento
1316 3023 1740 3091 Pharisaeorum,
1760 3035 1814 3082 et
1845 3030 2093 3100 increpat

497 3135 617 3176 eos.
642 3120 813 3174 Curat
845 3133 1049 3173 caecum
1086 3116 1414 3173 Bethsaidae.
1449 3118 1756 3188 Interrogat
1790 3120 2092 3192 discipulos

498 3210 569 3265 de
620 3209 849 3279 seipso:
898 3206 1096 3262 Petrus
1149 3207 1464 3271 conﬁtetur,
1500 3216 1553 3263 et
1597 3210 1916 3280 increpatur
1966 3228 2096 3283 pas'

500 3302 874 3357 sioniscausa.
898 3299 995 3353 llic
1019 3300 1155 3354 dicit
1176 3300 1433 3357 Christus
1455 3320 1468 3355 :
1491 3319 1509 3352 t
1544 3300 1600 3355 Si
1624 3303 1749 3372 quis
1780 3304 1894 3358 vult
1909 3307 2095 3362 venire

500 3402 626 3463 post
657 3407 744 3446 me
775 3390 839 3446 ⁷⁸.
871 3410 889 3443 ι
922 3389 1376 3462 Transﬁguratur
1408 3394 1465 3446 in
1501 3401 1685 3448 monte
1720 3394 1858 3464 (cap.
1892 3395 1994 3470 rx),
2015 3397 2095 3450 lo-

500 3486 691 3556 quitur
723 3485 791 3540 de
822 3483 960 3539 Elia.
1006 3484 1319 3539 Adducitur
1354 3486 1423 3540 ad
1452 3501 1576 3541 eum
1608 3487 1883 3544 lunaticus
1908 3497 1963 3544 et
1997 3506 2094 3545 cu-

499 3585 676 3634 ratur.
700 3576 952 3633 Przedicit
975 3575 1263 3647 discipulis
1286 3585 1514 3632 mortem
1536 3594 1600 3632 ac
1628 3582 2092 3638 resurrectionem

502 3685 679 3730 suam.
701 3678 754 3725 et
776 3671 1022 3740 increpat
1053 3685 1171 3732 eos,
1205 3669 1352 3739 quod
1402 3668 1471 3723 de
1506 3670 1743 3742 primatu
1776 3673 1832 3727 in
1863 3674 1949 3728 via
1980 3674 2095 3731 dis-

502 3770 842 3833 putaverant.
890 3760 990 3815 llic
1023 3760 1158 3815 dicit
1190 3779 1202 3814 :
1240 3777 1258 3810 t
1297 3759 1401 3826 Qui
1431 3777 1540 3815 non
1577 3768 1662 3817 est
1694 3777 1930 3829 mecum,
1961 3779 2095 3819 con-

500 3860 587 3906 tra
637 3869 724 3907 me
778 3853 926 3906 est"
964 3872 983 3904 ι
1017 3851 1084 3907 de
1140 3866 1229 3913 eo,
1271 3852 1367 3922 qui
1426 3853 1693 3907 daemonia
1740 3854 1995 3923 ejicicbat
2036 3856 2094 3911 in

506 3940 669 4013 139
700 3942 871 4011 ipsius
901 3944 1142 3997 nomine.
1173 3941 1303 3995 Post
1335 3943 1449 3997 haec
1480 3943 1613 3997 dicit
1642 3963 1654 3998 :
1689 3962 1708 3996 t
1733 3942 1837 4011 Qui
1869 3945 2095 4000 scanda-

503 4033 808 4087 lizaveruut
838 4047 1002 4085 unum
1026 4047 1093 4084 ex
1124 4031 1343 4101 pusillis
1368 4030 1435 4086 ⁷².
1470 4050 1488 4083 ι
1525 4029 1591 4083 Ει
1619 4031 1755 4085 illud
1780 4050 1795 4086 :
1825 4048 1843 4082 t
1876 4030 2093 4087 Vermis

505 4137 697 4178 eorum
721 4138 827 4176 non
858 4122 1144 4186 morietur,
1169 4136 1346 4190 neque
1384 4121 1528 4192 ignis
1563 4122 2038 4193 exstinguetur".
2068 4142 2087 4175 ι

507 4213 774 4272 Edisserit
813 4216 878 4271 de
912 4215 1146 4270 divortio
1189 4215 1331 4285 (cap.
1380 4215 1459 4281 ι).
1496 4215 1747 4272 Parvulis
1794 4218 2090 4273 benedicit.

2191 349 2290 421 ράν
2310 349 2541 420 Πέτρου,
2573 349 2669 404 καὶ
2699 349 2926 414 πολλοὺς
2949 352 3007 403 ἐν
3032 354 3100 423 τῇ
3129 349 3337 422 ἑσπέρᾳ
3368 350 3534 412 ἰᾶται,
3558 348 3796 420 ἐξῆλθεν

2187 444 2270 506 είς
2321 441 2420 513 τὴν
2465 442 2693 515 ἔρημον,
2737 443 2973 515 περιῆγε
3002 442 3101 514 τὴν
3138 442 3449 497 Γαλιλαίαν.
3475 440 3797 513 Θεραπεύει.

2186 532 2278 586 τὸν
2329 532 2547 603 λεπρόν.
2612 534 2874 607 Ἔρχεται
2910 536 2990 596 είς
3022 534 3416 607 Καπερναούμ.
3481 535 3647 588 ’ἰᾶται
3690 535 3779 587 τὸι

2189 624 2558 697 παραλυτικὸν
2583 641 2598 655 ·
2637 625 2880 680 διδάσκει
2929 624 3022 679 τὸν
3078 625 3253 696 ὄχλον.
3287 626 3460 679 Καλεῖ
3490 626 3581 679 τὸν
3618 624 3778 679 Λευῒι

2188 717 2279 771 τὸν
2315 716 2593 787 Ἀλφαίου.
2640 717 2842 771 Ἐσθίει
2868 717 3007 789 μετά
3045 716 3154 769 τῶν
3179 717 3445 772 τελωνῶν.
3490 716 3780 783 Ἐγκαλοῦ-

2190 825 2274 862 σιν
2305 810 2355 862 οἱ
2381 810 2666 881 Φαρισαῖοι
2698 809 2839 881 ὑπὲρ
2897 808 3110 863 τούτου.
3143 810 3205 863 Οί
3248 809 3486 881 μαθηταὶ
3532 810 3789 863 Ἰωάννου

2190 902 2330 973 ὑπὲρ
2366 902 2467 973 τῆς
2524 902 2784 974 νηστείας
2838 902 3123 955 αἰτιῶνται
3152 918 3165 932 ο
3220 900 3251 952 ὁ
3294 902 3352 955 δὲ
3405 901 3785 971 ἀπολογεῖται.

2189 995 2473 1069 Διέρχεται
2489 994 2577 1049 διὰ
2604 995 2713 1050 τῶν
2737 995 3042 1067 σπορίμων.
3059 992 3362 1066 Θεραπεύει
3378 994 3470 1047 τὸν
3486 995 3583 1066 τὴν
3605 994 3790 1066 ξηρὰν

2189 1088 2346 1158 χεῖρα
2362 1084 2623 1159 [ἐχοντα].
2640 1086 2939 1157 Ἀναχωρεῖ
2954 1084 3242 1157 πρὸςτὴνθ
3250 1085 3511 1139 ἀλασσαν.
3528 1086 3790 1139 Ἀκολου-

2190 1178 2277 1232 θεῖ
2294 1179 2445 1251 αὑτῷ
2461 1178 2665 1243 πλῆθος
2681 1177 2839 1232 πολύ.
2858 1177 3237 1249 Ὀμολογοῦσιν
3251 1181 3299 1233 οἱ
3315 1178 3585 1250 δαίμονες.
3604 1181 3790 1251 Προσ-

2190 1275 2435 1330 καλεῖται
2483 1275 2610 1339 τοὺς
2646 1272 2879 1339 δώδεκα,
2920 1273 3009 1326 ἴνα
3037 1273 3331 1345 ἀποστείλῃ
3387 1275 3604 1338 αὐτούς.
3644 1274 3789 1327 Τότε

2187 1367 2438 1438 λέγουσιν
2470 1368 2520 1421 οἱ
2574 1364 2816 1420 Ἰουδαῖοι
2841 1383 2855 1397 ·
2897 1385 2917 1419 ι
2960 1367 3049 1419 Ἐν
3088 1366 3413 1432 Βεελζεόοὺλ
3438 1368 3689 1424 ἐκϐάλλει
3714 1369 3791 1423 τά

2189 1458 2461 1530 δαιμόνια.
2500 1476 2519 1509 ι
2571 1458 2836 1528 Ἔρχεται
2882 1458 2917 1528 ή
2975 1458 3178 1531 Μήτηρ
3205 1458 3370 1511 αὑτοῦ
3422 1460 3560 1532 πρὸς
3593 1461 3787 1517 αὐτόν.

2202 1549 2485 1622 Ἐμσαίνει
2537 1549 2620 1612 είς
2645 1548 2708 1601 τὸ
2754 1549 2959 1603 πλοῖον.
3000 1552 3164 1619 Λέγει
3193 1550 3293 1623 τὴν
3323 1551 3634 1624 παραϐολὴν
3684 1554 3789 1607 τοῦ

2192 1643 2526 1716 σπείροντος,
2549 1642 2648 1715 τὴν
2697 1642 2794 1696 τοῦ
2832 1642 3026 1715 ἀγροῦ,
3061 1642 3159 1715 τὴν
3193 1642 3289 1696 τοῦ
3330 1642 3619 1709 σινάπεως.
3651 1646 3791 1698 Χει-

2194 1736 2456 1807 μάζονται
2492 1737 2552 1790 ὲν
2597 1739 2666 1809 τῇ
2700 1733 2946 1805 θαλάσσῃ
3007 1734 3057 1787 oi.
3101 1733 3362 1806 μαθηταί.
3416 1735 3677 1808 Ἐπιτιμᾷ
3713 1740 3789 1808 τῇ

2191 1826 2437 1899 θαλάσσῃ
2489 1830 2517 1881 ὁ
2554 1827 2789 1900 Χριστός
2810 1842 2827 1857 ·
2872 1823 3247 1897 Θεραπεύεται
3279 1828 3307 1878 ὁ
3334 1825 3602 1897 δαιμονῶν
3627 1827 3687 1882 ἐν
3712 1830 3788 1899 τῇ

2190 1918 2346 1991 χώρᾳ
2387 1918 2495 1973 τῶν
2523 1916 2897 1991 Γεργεσηνῶν.
2936 1919 2999 1972 0t
3037 1919 3212 1989 χοῖροι
3244 1916 3544 1985 πνίγονται.
3574 1914 3791 1972 Ἶῐλθεν

2190 2012 2271 2073 είς
2298 2010 2360 2063 τὸ
2392 2009 2591 2082 πέραν,
2630 2010 2726 2063 καὶ
2763 2008 2987 2079 Ἰάειρος
3011 2007 3155 2079 ὑπὲρ
3187 2006 3288 2077 τῆς
3318 2006 3586 2079 θυγατρὸς
3617 2007 3788 2072 ἀξιοῖ.

2190 2096 2325 2154 Εἶτα
2357 2101 2390 2171 ἡ
2418 2100 2788 2173 αἱμορροοῦσα
2821 2103 2986 2156 ἰᾶται.
3018 2097 3224 2155 τΗλθειν
3262 2102 3341 2165 εἰς
3356 2101 3454 2172 τὴν
3511 2102 3788 2175 πατρίδα,

2192 2191 2635 2256 σκανδαλίζονται
2689 2193 2774 2245 ἐπ’
2823 2192 2995 2264 αὐτῷ.
3054 2193 3318 2248 Ἐνταῦθα
3374 2193 3553 2263 λέγει·
3599 2212 3621 2243 ε
3668 2194 3791 2248 Οὐκ

2190 2281 2306 2335 ἔστι
2340 2284 2627 2354 προφήτης
2656 2283 2871 2355 ἄτιμος,
2899 2286 2948 2337 εί
2985 2284 3060 2356 μὴ
3104 2285 3162 2338 ἐν
3191 2288 3257 2357 τῇ
3295 2284 3512 2356 πατρίδι
3528 2284 3723 2339 αὑτοῦ.
3762 2305 3785 2337 ι

2191 2374 2407 2445 Πέμπει
2435 2375 2562 2438 τοὺς
2604 2375 2853 2447 μαθητὰς
2890 2376 2994 2429 ἀνά
3033 2376 3148 2443 δύο,
3176 2376 3552 2446 ἐντειλάμενος
3584 2376 3788 2431 πολλά.

2190 2460 2327 2518 Εἶτα
2357 2463 2427 2517 τά
2448 2464 2589 2517 κατά
2629 2464 2875 2537 Ἡρώδην
2907 2466 3000 2519 καὶ
3044 2466 3319 2537 Ἰωάννην.
3368 2465 3702 2538 Ἐπανῆλθον
3733 2466 3789 2521 ot

2194 2556 2434 2629 μαθηταὶ
2450 2556 2586 2627 πρὸς
2607 2557 2792 2611 αὐτόν.
2832 2558 3036 2627 Τρέφει
3063 2559 3190 2620 τοὺς
3220 2556 3433 2628 ὄχλους.
3460 2557 3791 2628 Ἐφίσταται

2190 2649 2604 2722 χειμαζομένοις
2634 2652 2747 2714 τοῖς
2774 2650 3062 2724 μαθηταῖς.
3084 2647 3289 2704 Ἦλθεν
3312 2653 3389 2714 εἰς
3414 2650 3788 2724 Γεννησαρὲτ,

2190 2746 2285 2798 καὶ
2305 2744 2638 2816 ἐθεράπευσε
2675 2742 2923 2808 πολλούς.
2944 2743 3079 2815 Περὶ
3106 2742 3348 2795 ἀνίπτων
3375 2741 3573 2813 χειρῶν
3598 2741 3790 2794 διαλέ-

2190 2849 2365 2901 γεται,
2392 2828 2595 2885 Ἦλθεν
2648 2835 2729 2897 είς
2780 2832 2975 2903 Τύρον.
3042 2834 3335 2904 Ἰἇταιτὴν
3360 2831 3641 2902 θυγατέρα
3684 2833 3793 2905 τῆς

2191 2926 2713 2997 Συροφοινικίσσης,
2771 2920 2891 2979 εἶτα
2940 2924 3034 2980 τὸν
3095 2924 3278 2994 κωφὸν
3316 2924 3410 2977 καὶ
3467 2923 3788 2994 μογιλάλον.

2194 3016 2397 3087 Τρέφει
2424 3016 2516 3069 τὸν
2545 3015 2719 3087 ὄχλον.
2753 3016 2985 3087 Σημεῖον
3011 3015 3256 3071 αἰτοῦσιν
3292 3017 3342 3069 οι
3387 3015 3655 3081 Ἰουδαῖοι,
3691 3016 3793 3069 καὶ

2192 3107 2254 3159 οὐ
2287 3106 2491 3161 δίδωσι.
2516 3107 2652 3177 Περὶ
2686 3107 2783 3177 τῆς
2810 3106 2989 3177 ζύμης
3018 3105 3128 3161 τῶν
3155 3108 3464 3179 Φαρισαίων
3484 3108 3657 3177 λέγει,
3690 3109 3795 3162 καὶ

2194 3200 2426 3271 ἐπιτιμᾷ
2483 3202 2597 3262 τοῖς
2640 3198 2927 3270 μαθηταῖς.
2969 3198 3275 3271 Θεραπεύει
3328 3200 3421 3252 τὸν
3469 3200 3674 3269 τυφλὸν
3708 3203 3795 3263 εἰς

2193 3288 2489 3360 Βηθσαῖδά.
2525 3289 2737 3360 Ἐρωτᾷ
2764 3289 2889 3351 τοὺς
2912 3288 3161 3360 μαθητὰς
3177 3289 3306 3360 περὶ
3338 3289 3554 3343 ἑαυτοῦ.
3574 3290 3795 3362 Πέτρος

2192 3380 2478 3451 ὁμολογεῖ·
2515 3381 2609 3434 καὶ
2655 3380 2744 3433 διά
2803 3380 3061 3444 τὸπάθος
3123 3382 3468 3449 ἐπιτιμᾶται.
3519 3380 3796 3433 Ἐνταῦθα

2193 3474 2378 3543 λέγει·
2402 3493 2421 3525 t
2461 3474 2529 3526 Εἴ
2556 3490 2642 3536 τις
2681 3472 2824 3526 θέλει
2871 3472 3048 3525 ὀπίσω
3076 3489 3177 3542 μου
3208 3472 3402 3526 ἐλθεῖν.
3440 3491 3459 3523 ι
3491 3473 3797 3545 Μεταμορ-

2195 3567 2390 3637 φοῦται
2417 3568 2476 3621 ἐν
2500 3565 2577 3635 τῷ
2609 3566 2745 3637 ὄρει,
2772 3564 2922 3634 λέγει
2962 3566 3090 3637 περὶ
3123 3564 3459 3635 τοῦθἮλίου.
3496 3565 3792 3636 Προσάγε-

2193 3676 2285 3713 ται
2312 3655 2780 3729 σεληνιαζόμενος,
2828 3657 2926 3709 καὶ
2958 3655 3349 3726 θεραπεύεται.
3378 3655 3643 3727 Προλέγει
3669 3658 3797 3715 τοῖς

2198 3750 2469 3822 μαθηταῖς
2500 3750 2629 3820 περὶ
2661 3748 2757 3801 τοῦ
2799 3747 3031 3802 θανάτου
3065 3746 3231 3801 αὐτοῦ
3265 3752 3363 3801 καὶ
3392 3748 3493 3818 τῆς
3540 3748 3791 3802 ἀναστά-

2195 3860 2353 3907 σεως,
2406 3842 2499 3897 καὶ
2574 3842 2791 3911 ἐλέγχει
2859 3841 3060 3905 αὐτοὺς
3132 3842 3263 3913 περὶ
3323 3841 3610 3914 πρωτείων
3668 3840 3799 3895 δια-

2193 3933 2482 4005 λεχθέντας
2508 3934 2565 3987 ὲν
2591 3936 2657 4003 τῇ
2677 3931 2803 4003 ὁδῷ.
2840 3931 3105 3986 Ἐνταῦθα
3120 3932 3290 4001 λέγει·
3313 3951 3332 3983 t
3366 3932 3428 3985 ’0
3463 3932 3535 4003 μὴ
3565 3929 3644 3985 ῶν
3661 3934 3794 4003 μετ’

2194 4025 2328 4097 ἐμοῦ
2362 4027 2484 4078 κατ’
2506 4025 2640 4096 ἐμοῦ
2666 4027 2803 4090 ἐστι,
2839 4044 2858 4077 ι
2897 4024 3131 4098 περὶτοῦ
3162 4024 3516 4088 ἐκϐάλλοντος
3530 4025 3798 4096 δαιμόνια

2194 4121 2255 4174 ἐν
2272 4120 2349 4192 τῷ
2364 4120 2587 4191 ὀνόματι
2609 4119 2796 4174 αὑτοῦ.
2817 4116 2954 4174 Εἷτά
2973 4137 3136 4192 φησιν
3157 4138 3171 4153 ο
3193 4140 3211 4172 ι
3229 4121 3324 4183 ’ος
3344 4121 3440 4174 ἐὰν
3455 4120 3798 4198 σκανδαλίσῃ

2194 4213 2291 4268 Eva
2313 4212 2421 4266 τῶν
2450 4212 2696 4284 μικρῶν·
2746 4232 2766 4265 ι
2806 4212 2900 4265 καὶ
2948 4212 3041 4266 τό·
3085 4232 3105 4265 ‹
3156 4213 3216 4267 '0
3262 4211 3477 4284 σκώληξ
3516 4213 3702 4270 αὐτῶν
3729 4217 3796 4269 οὐ

507 4305 669 4363 Dives
708 4308 928 4378 quidam
1000 4308 1321 4378 interrogat,
1376 4308 1509 4378 quid
1567 4307 1732 4363 faciat
1781 4317 1842 4364 ut
1896 4310 2087 4366 vivat:

2194 4305 2529 4376 τελευτήσει,
2558 4304 2679 4357 οὑδέ
2704 4305 2767 4358 τὸ
2801 4305 2912 4379 πῦρ
2942 4305 3246 4359 σϐέννυται.
3301 4324 3320 4358 ι
3359 4305 3497 4379 Περὶ⁸
3542 4307 3801 4360 ἀποστα-

505 4400 637 4455 huic
682 4400 994 4472 reSpoudet.
1050 4400 1370 4457 Ascendens
1402 4399 1799 4473 Jerosolymam
1846 4402 1914 4457 de
1964 4417 2092 4474 pas-

508 4495 664 4548 sione
703 4508 801 4548 sua
845 4493 1109 4562 praedicit.
1150 4492 1274 4547 Filii
1319 4492 1565 4549 Zebedaei
1600 4494 1790 4548 sedere
1829 4503 2021 4564 petunt
2060 4510 2092 4549 a

508 4584 748 4639 dexteris
785 4584 926 4651 ejus.
966 4583 1231 4638 Edisserit
1252 4584 1320 4639 de
1343 4585 1510 4639 animi
1538 4585 1866 4641 humilitate.
1897 4584 2089 4641 Visum

509 4675 702 4744 recipit
723 4674 1062 4729 Bartimaeus.
1093 4674 1295 4730 Deinde
1317 4675 1383 4730 de
1416 4675 1564 4745 pullo
1594 4677 1766 4748 asina;
1794 4678 1946 4749 (cap.
1972 4680 2087 4749 XI),

509 4767 813 4837 ingreditur
850 4767 905 4820 in
962 4769 1245 4836 templum,
1278 4775 1331 4821 et
1372 4783 1597 4838 vespere
1642 4770 1753 4822 exit
1790 4770 1845 4823 in
1893 4769 2092 4825 Betha-

510 4858 678 4912 niam.
711 4856 917 4912 Deinde
942 4858 1010 4911 de
1051 4857 1176 4913 ﬁcu.
1208 4856 1371 4927 Ejicit
1414 4875 1480 4913 ex
1522 4861 1725 4930 templo
1772 4862 2089 4917 vendentes.

513 4951 753 5020 Vespere
790 4951 1071 5020 egreditur
1100 4953 1168 5007 de
1218 4954 1458 5009 civitate.
1500 4953 1819 5009 Admiratur
1868 4956 2088 5021 Petrus,

511 5043 806 5098 arefactum
842 5059 962 5097 esse
997 5043 1177 5099 ﬁcum.
1214 5045 1553 5099 Adhortatur
1578 5044 1878 5116 discipulos
1904 5044 2088 5111 Jesus,

512 5145 570 5189 ut
601 5138 849 5191 credant.
884 5135 1043 5190 Jubet
1080 5147 1137 5189 ut
1175 5145 1397 5206 peccata
1433 5138 1687 5208 proximo
1718 5140 2087 5194 remittantur.

512 5228 838 5299 llegreditur
864 5230 915 5282 in
949 5228 1247 5282 civitatem.
1285 5227 1627 5299 lnterrogant
1656 5246 1779 5284 eum
1808 5230 2001 5298 Judaei,
2034 5232 2090 5286 in

511 5336 617 5388 qua
654 5327 921 5390 potestate
962 5322 1074 5373 luet:
1108 5320 1273 5373 faciat
1314 5336 1326 5373 :
1362 5320 1475 5389 ipse
1507 5322 1747 5375 vicissim
1792 5337 1887 5377 eos
1918 5324 2089 5376 inter-

513 5418 667 5476 rogat
695 5411 761 5465 de
787 5410 1059 5480 baptismo
1087 5409 1337 5468 Joannis.
1383 5410 1708 5467 Parabolam
1741 5413 1879 5467 dixit
1908 5414 1974 5468 de
2004 5413 2088 5468 vi-

2199 4397 2315 4450 σίου
2350 4396 2678 4465 διαλέγεται.
2718 4396 2801 4450 Τά
2834 4397 3021 4451 παιδία
3043 4397 3276 4468 εὐλογεῖ.
3325 4398 3537 4470 Ἐρωτᾷ
3563 4400 3593 4452 ὁ
3625 4397 3800 4452 πλού-

2198 4506 2333 4551 σιος,
2361 4489 2416 4541 τί
2445 4490 2679 4560 ποιήσας
2725 4488 2984 4559 ζήσεται·
3016 4490 3370 4561 ἀποκρίνεται
3414 4490 3551 4562 πρὸς
3593 4491 3796 4547 αὐτόν.

2208 4579 2537 4633 Ἀναϐαίνων
2559 4580 2640 4643 είς
2686 4580 3052 4651 Ἱεροσόλυμα,
3077 4581 3224 4650 λέγει
3269 4582 3399 4653 περὶ
3426 4580 3521 4635 τοῦ
3553 4582 3797 4648 πάθους.

2197 4674 2260 4725 Οἱ
2302 4671 2410 4724 υἱοὶ
2443 4671 2997 4736 Ζεόεδαίουάξιοῦσιν
3018 4673 3159 4744 ὑπὲρ
3190 4673 3289 4743 τῆς
3321 4676 3386 4727 ἐκ
3410 4673 3601 4738 δεξιῶν
3623 4676 3801 4731 καθέ-

2195 4762 2349 4835 δρας.
2384 4763 2701 4832 Διαλέγεται
2731 4767 2859 4836 περ“ι
2890 4765 3417 4836 ταπεινοφροσύνης.
3464 4767 3799 4823 Ἀναὸλέπει

2199 4856 2551 4928 Βαρτιμαῐος.
2587 4852 2721 4909 Εἶτα
2745 4857 2812 4910 τά
2843 4857 2984 4910 κατά
3010 4858 3101 4911 τὸν
3135 4857 3316 4911 πῶλον
3337 4897 3351 4921 ,
3399 4859 3492 4911 καὶ
3535 4860 3797 4931 εἰσῆλθεν

2198 4951 2279 5012 εἰς
2310 4950 2371 5002 τὸ
2394 4950 2557 5021 ἱερὸν,
2592 4950 2751 5019 ὀψίας
2777 4948 2949 5022 οὔσης
2971 4950 3193 5022 ἐξῆλθεν
3220 4952 3301 5014 είς
3326 4950 3616 5021 Βηθανίαν.
3657 4950 3799 5008 Εἶτα

2198 5041 2291 5093 ἐπὶ
2322 5041 2421 5113 τὴν
2442 5044 2632 5113 συκῆν.
2664 5042 2945 5095 Ἐκϐάλλει
2978 5044 3044 5095 ἐκ
3077 5042 3169 5096 τοῦ
3201 5041 3350 5113 ἱεροῦ
3376 5045 3505 5105 τοὺς
3536 5044 3796 5099 πωλοῦν-

2195 5152 2314 5200 τας.
2369 5136 2622 5206 Ἐξῆλθεν
2664 5137 2902 5206 ἑσπέρας
2941 5137 3006 5189 ἐκ
3038 5135 3139 5206 τῆς
3186 5136 3415 5198 πόλεως.
3474 5134 3533 5188 ’0
3576 5137 3797 5210 Πέτρος

2197 5229 2467 5300 θαυμάζει
2494 5228 2586 5282 διά
2606 5229 2705 5299 τὴν
2734 5230 2926 5299 συκῆν.
2963 5227 3342 5300 Προτρέπεται
3374 5229 3501 5291 τοὺς
3536 5229 3797 5301 μαθητὰς

2194 5324 2225 5375 ὁ
2262 5323 2472 5394 Ἰησοῦς
2519 5325 2597 5386 είς
2642 5321 2704 5375 τὸ
2742 5321 3041 5375 πιστεύειν.
3089 5320 3317 5374 Κελεύει
3362 5323 3671 5391 συγχωρεῖν
3716 5324 3795 5394 τῷ

2196 5414 2423 5486 πλησίον
2440 5416 2506 5469 τά
2529 5415 2922 5486 ἁμαρτήματα.
2959 5412 3349 5486 Ἐπανέρχεται
3372 5415 3452 5477 εἰς
3479 5412 3581 5485 τὴν
3612 5412 3789 5469 πόλιν.

586 5584 632 5617 ⁸⁸
669 5585 834 5643 Marc.
871 5603 952 5654 ιιι,
988 5590 1078 5644 22.
1157 5589 1201 5621 "
1236 5588 1401 5645 Marc.
1438 5605 1512 5655 vr,
1553 5590 1607 5644 ι.
1681 5591 1729 5623 ⁷ο
1769 5590 1935 5645 Marc.
1973 5609 2089 5660 vni,

2192 5626 2218 5650 ..
2295 5594 2337 5626 ⁷¹
2368 5591 2532 5646 Marc.
2574 5606 2649 5658 ix,
2686 5591 2776 5647 59.
2851 5592 2896 5623 "
2940 5590 3097 5658 ibid.,
3128 5591 3216 5646 41.
3293 5590 3341 5631 ’³
3379 5589 3511 5646 ibid.
3547 5588 3640 5644 47.
