3880 6186
114 269 222 325 595

1183 260 1517 323 SYNOPSIS
1558 263 1975 322 SCRIPTURIE
2018 263 2290 321 SACRE.

3268 258 3375 319 596

125 385 441 457 Ἐρωτῶσιν
477 387 527 438 οἱ
571 385 830 449 Ἰουδαῖοι,
858 388 913 439 ἐν
943 387 1072 458 ποίᾳ
1096 386 1317 459 ἐξουσίᾳ
1343 386 1519 442 ταῦτα
1535 390 1691 441 ποιεῖ.

1804 400 1927 450 nea,
1965 393 2020 440 et
2077 385 2146 440 de
2199 382 2360 439 malis
2388 380 2644 454 agricolis
2700 382 2859 452 (cap.
2887 383 3027 453 xu).
3075 379 3264 437 Postea
3309 380 3379 437 de

121 476 341 548 Ἐρωτᾷ
371 478 569 539 αὐτοὺς
602 479 732 551 περὶ
758 478 850 532 τοῦ
883 479 1260 549 βαπτίσματος
1299 479 1566 533 Ἰωάννου.
1591 479 1698 532 Λέ-

108 583 194 635 γει
216 568 288 620 τὰ
317 567 462 621 κατὰ
493 569 584 621 τὸν
618 569 917 640 ἀμπελῶνα
951 571 1045 624 καὶ
1076 572 1202 634 τοὺς
1224 571 1496 641 πονηροὺς
1521 586 1699 642 γεωρ-

105 659 262 728 γούς.
310 655 450 714 Εἶτα
492 662 622 732 περὶ
666 660 763 714 τοῦ
811 663 1044 733 κήνσου*
1092 660 1214 715 εἶτα
1260 663 1390 735 περὶ
1429 661 1537 715 τῶν
1560 662 1701 716 ἑπτὰ

106 752 375 822 ἀδελφῶν.
416 754 626 826 Ἐρωτᾷ
650 756 678 807 6
696 756 1078 827 γραμματεὺς,
1114 755 1243 810 ποία
1270 753 1456 826 ἐντολὴ
1482 752 1695 825 πρώτη·

106 844 202 898 καὶ
236 843 434 914 μαθὼν
455 845 801 916 ἀποδέχεται.
845 847 1055 917 Ἐρωτᾷ
1082 848 1110 900 6
1133 846 1369 917 Χριστὸς
1407 844 1538 916 περὶ
1571 847 1698 898 ἐαυ-

104 935 225 992 τοῦ.
249 932 391 990 Εἶτα
417 937 563 991 κατὰ
591 938 701 991 τῶν
721 936 1031 1009 Φαρισαίων
1075 938 1401 1007 διαλέγεται,
1440 937 1533 991 καὶ
1569 936 1699 1007 περὶ

102 1027 213 1081 τῶν
242 1027 342 1081 δύο
364 1028 633 1100 δηναρίων
658 1030 758 1100 τῆς
783 1031 974 1101 χήρας.
1031 1030 1414 1102 Ἑξερχόμενος
1436 1029 1566 1082 ’ἀπὸ
1601 1026 1696 1082 τοῦ

104 1119 281 1192 ἱεροῦ,
304 1121 458 1190 λέγει
486 1122 614 1193 περὶ
638 1125 737 1193 τῆς
757 1124 1137 1194 καταστροφῆς
1162 1122 1346 1176 αὐτοῦ.
1393 1121 1697 1194 Ἐρωτῶσιν

100 1214 150 1265 oi
183 1212 435 1284 μαθηταὶ
463 1214 595 1284 περὶ
629 1212 724 1266 τοῦ
747 1214 963 1284 χρόνου,
1001 1215 1096 1268 καὶ
1130 1214 1301 1268 πολλά
1340 1215 1524 1277 αὐτοῖς
1565 1231 1698 1285 προ-

100 1301 274 1371 λέγει.
306 1300 518 1358 Ἦλθεν
538 1307 618 1369 είς
648 1304 919 1377 Βηθανίαν
948 1306 1084 1377 πρὸς
1107 1306 1328 1377 Σίμωνα
1353 1307 1445 1359 τὸν
1472 1305 1692 1377 λεπρόν.

115 1394 266 1449 Ἐκεῖ
291 1396 357 1449 τὸ
405 1397 577 1468 μύρον
614 1399 877 1468 ἐκχεῖται.
919 1397 1232 1452 Συντίθεται
1264 1401 1292 1453 ὁ
1346 1398 1547 1462 Ἰούδας
1581 1398 1696 1461 τοῖς

116 1484 421 1549 Ἰουδαίοις.
447 1485 766 1556 Πέμπονται
799 1488 1085 1557 ἑτοιμάσαι
1123 1487 1184 1540 τὸ
1216 1487 1404 1557 πάσχα
1428 1488 1477 1540 οἱ
1515 1486 1696 1557 μαθη-

106 1576 212 1629 ταί.
250 1575 504 1647 Ἐλέγχει
530 1574 622 1631 τὸν
662 1576 883 1631 Ἰούδαν.
926 1578 1268 1650 Παραδίδωσι
1300 1579 1368 1632 τὰ
1399 1580 1691 1651 μυστήρια.

116 1667 436 1738 Ἐξέρχεται
475 1669 559 1732 εἰς
581 1668 674 1722 τὸν
703 1669 952 1723 ὲλαιῶνα.
977 1670 1242 1742 Προλέγει
1271 1674 1386 1734 τοῖς
1404 1672 1692 1742 μαθηταῖς,

1802 493 1972 533 censu
2016 476 2135 532 :de
2184 485 2391 546 septem
2450 475 2733 530 fratribus.
2781 475 3149 541 Quaestionem
3199 481 3381 532 movet

1802 570 2003 634 scriba,
2025 569 2170 640 quod
2200 568 2271 625 sit
2296 568 2531 639 primum
2561 566 2694 638 legis
2722 567 3057 631 mandatum,
3076 581 3140 621 ac
3158 580 3383 637 respon-

1801 663 2007 718 sionem
2043 661 2225 715 datam
2249 660 2463 731 probat.
2485 657 2738 713 Christus
2762 657 3058 729 interregat
3081 657 3147 713 de
3176 658 3378 727 seipso.

1799 747 1996 805 Postea
2026 740 2269 818 disputat
2296 755 2492 803 contra
2518 747 2844 812 Pharisazos,
2877 754 2932 802 et
2955 748 3023 803 de
3046 746 3263 803 duobus
3285 744 3381 801 tle-

1800 839 1972 893 nariis
1994 839 2188 893 viduae.
2220 838 2487 909 Egressus
2508 853 2539 893 e
2569 838 2771 908 templo
2795 836 3207 891 subversionem
3232 834 3382 891 illius

1801 928 2048 999 praedicit
2091 928 2243 997 (cap.
2278 926 2443 999 xm).
2478 926 2740 996 Discipuli
2765 925 2833 982 de
2862 934 3111 996 tempore
3140 925 3381 980 interro-

1800 1027 1949 1092 gant,
1972 1028 2026 1076 et
2043 1020 2287 1091 praedicit
2314 1020 2423 1074 illis
2452 1018 2638 1073 multa.
2668 1016 2831 1073 Venit
2847 1017 3164 1072 Bethaniam
3192 1014 3261 1070 ad
3294 1014 3384 1069 Si-

1726 1125 1733 1133 '
1799 1128 2018 1168 monem
2072 1114 2346 1182 leprosum
2396 1111 2556 1184 (cap.
2587 1109 2736 1183 xw).
2781 1110 2909 1166 Istic
2948 1109 3246 1165 effunditur
3277 1123 3386 1163 un-

1798 1214 2078 1277 guentum.
2129 1204 2433 1260 Paciscitur
2470 1202 2637 1258 Judas
2676 1218 2801 1257 eum
2837 1200 3062 1257 Judmis.
3096 1201 3384 1257 Mittuntur

1799 1297 2050 1367 discipuli
2095 1296 2164 1351 ad
2214 1297 2515 1367 parandum
2564 1293 2788 1365 pascha.
2844 1293 3132 1365 Convincit
3162 1292 3379 1350 Iudam.

1799 1388 1989 1443 Tradit
2029 1389 2308 1460 mysteria.
2361 1387 2652 1458 Egreditur
2695 1386 2765 1441 ad
2802 1395 3045 1444 montem
3077 1386 3379 1443 Olivarum.

1796 1480 2093 1553 Discipulis
2121 1482 2386 1553 praedicit,
2408 1481 2552 1552 quod
2582 1481 2899 1537 scandalum
2927 1480 3143 1550 passuri
3167 1487 3378 1545 essent,

1797 1581 1851 1626 et
1890 1570 2075 1637 Petro,
2123 1573 2269 1643 quod
2313 1582 2607 1643 negaturus
2653 1572 2741 1627 sit.
2792 1570 3055 1628 Precatur
3106 1571 3319 1627 Patrem
3361 1589 3376 1626 :

1797 1660 1997 1717 deinde
2030 1664 2263 1733 capitur.
2298 1660 2497 1716 Petrus
2544 1660 2813 1715 abscindit
2864 1659 3164 1713 auriculam
3210 1656 3378 1714 servi.

104 1758 182 1810 ὅτι
209 1756 791 1828 σκανδαλισθήσονται,
828 1760 921 1812 καὶ
957 1758 1034 1830 τῷ
1077 1760 1303 1831 Πέτρῳ,
1341 1760 1423 1813 ὅτι
1464 1761 1691 1832 ἀρνήσε-

1798 1750 2132 1809 Adolescens
2148 1754 2329 1808 nudus
2347 1752 2578 1822 aufugit.
2598 1751 2824 1807 Ducitur
2837 1751 2997 1807 Jesus
3015 1750 3080 1805 ad
3096 1750 3377 1819 Caipham.

103 1867 212 1904 ται.
253 1849 639 1921 Προσεύχεται
691 1850 769 1921 τῷ
816 1850 1021 1922 Πατρί·
1068 1847 1189 1904 εἶτα
1235 1850 1691 1921 συλλαμϐάνεται.

104 1944 307 2014 Τέμνει
338 1944 552 2015 Πέτρος
597 1944 658 1997 τὸ
692 1943 855 1997 ὠτίον
884 1942 979 1997 τοῦ
1012 1943 1218 1997 δούλου.
1249 1942 1444 2012 Φεύγει
1465 1946 1493 1997 6
1522 1945 1696 1998 νεανί-

106 2048 232 2096 σκος
258 2033 496 2103 γυμνός.
530 2034 759 2101 Ἀγεται
793 2034 929 2105 πρὸς
962 2035 1218 2105 Καϊάφαν
1249 2037 1277 2088 6
1319 2033 1545 2106 Ἰησοῦς.
1580 2037 1695 2089 Κα-

103 2121 549 2193 ταμαρτυροῦσιν
574 2121 763 2176 αὐτοῦ.
826 2123 1111 2195 Ὁμολογεῖ
1152 2125 1344 2178 ἑαυτὸν
1372 2114 1502 2179 Υἱὸν
1535 2125 1690 2180 Θεοῦ.

114 2213 391 2284 Ἀρνεῖται
423 2214 652 2286 Πέτρος.
692 2216 915 2283 Ἀγεται
938 2215 1075 2288 πρὸς
1106 2216 1339 2271 Πιλᾶτον
1379 2218 1408 2269 6
1446 2215 1654 2289 Ἰησοῦς
1675 2233 1691 2249 ’

105 2300 460 2373 σταυροῦται.
484 2298 594 2355 Ἦν
619 2305 738 2357 ἐκεῖ
759 2304 945 2374 Μαρία
961 2307 996 2377 ἡ
1051 2305 1304 2362 Ἰακώϐου
1349 2305 1444 2360 τοῦ
1474 2308 1691 2379 μικροῦ,

105 2396 197 2447 καὶ
228 2396 260 2465 ἡ
296 2393 662 2466 Μαγδαληνὴ,
687 2396 784 2448 καὶ
812 2395 1065 2469 Σαλώμη.
1106 2398 1388 2469 Λαμϐάνει
1417 2401 1445 2453 6
1495 2399 1693 2470 Ἰωσὴφ

104 2486 162 2538 τὺ
185 2487 351 2556 σῶμα
368 2484 467 2539 τοῦ
500 2485 697 2557 Ἰησοῦ.
721 2483 924 2541 *Ηλθον
948 2489 1004 2542 αἱ
1027 2492 1283 2558 γυναῖκες
1309 2489 1447 2560 μετὰ
1476 2490 1535 2543 τὸ
1557 2490 1696 2543 Σάϐ-

103 2576 288 2640 ϐετον,
320 2576 595 2649 ἀρώματα
630 2577 914 2651 φέρουσαι.
950 2579 1104 2635 Εἶδον
1145 2582 1238 2636 τὸν
1270 2581 1499 2651 ἄγγελον
1525 2586 1584 2636 ὲν
1616 2582 1693 2653 τῷ

110 2669 385 2740 μνημείῳ,
413 2668 511 2723 καὶ
533 2669 900 2742 ἐφοϐήθησαν.
935 2673 1196 2737 Ἀναστὰς
1220 2675 1251 2727 6
1277 2676 1510 2747 Χριστὸς
1537 2673 1692 2746 ὤφθη

105 2760 314 2833 Μαρίᾳ,
367 2761 463 2831 ἀφ’
505 2757 576 2832 ἦς
598 2761 667 2815 τὰ
708 2761 851 2816 έπτά
880 2763 1132 2836 δαιμόνια
1154 2765 1430 2831 ἐξέϐαλεν.
1481 2767 1691 2839 Ἐκείνη

108 2847 223 2904 εἷπε
250 2854 368 2915 τοῖς
396 2852 666 2924 μαθηταῖς
686 2870 702 2886 ·
731 2856 781 2907 οἱ
809 2855 865 2909 δὲ
893 2856 1222 2929 ἠπίστησαν.
1273 2859 1503 2912 Ἔπειτα
1535 2857 1691 2932 ὤφθη

108 2945 212 3006 τοῖς
230 2943 389 2997 δυσὶν
424 2944 484 2996 ὲν
514 2945 582 3014 τῇ
611 2944 737 3015 ὁδῷ,
770 2941 890 2999 εἶτα
916 2949 1030 3011 τοῖς
1066 2954 1133 3001 ια’
1154 2963 1169 2978 ο
1202 2948 1297 3001 καὶ
1325 2948 1569 3002 ὠνείδισε
1596 2947 1693 3020 τὴν

108 3035 366 3089 ἀπιστίαν
398 3035 602 3088 αὐτῶν.
628 3035 738 3089 Καὶ
772 3036 1094 3093 ἀπέστειλεν
1132 3040 1330 3104 αὐτοὺς
1375 3039 1690 3111 κηρύσσειν,

108 3130 197 3182 καὶ
225 3127 542 3199 βαπτίζειν,
567 3128 662 3181 καὶ
695 3116 898 3200 σημεῖα
925 3133 1120 3185 ποιεῖν.
1149 3129 1283 3185 Εἶτα
1309 3132 1606 3204 ἀνελήφθη.

472 3241 716 3295 Βιϐλίαν
741 3248 814 3311 τ’,
845 3240 995 3296 κατὰ
1041 3240 1301 3297 Λουκᾶν.

170 3332 261 3388 49.
295 3332 383 3386 Τὰ
417 3330 561 3387 κατὰ
579 3333 678 3403 τὴν
704 3333 960 3404 γέννησιν
998 3332 1267 3397 Ἰωάννου,
1302 3333 1396 3387 καὶ
1437 3331 1534 3387 τοῦ
1560 3334 1695 3404 Χρι-

109 3424 230 3479 στοῦ
255 3443 271 3457 ·
306 3423 383 3478 τά
428 3422 574 3478 κατά
614 3423 707 3478 τὸν
743 3423 990 3496 Συμεών.
1034 3427 1205 3478 Ἀννα
1249 3424 1693 3495 ἀνθομολογεῖται

106 3517 177 3588 τῷ
206 3516 427 3591 Κυρίῳ.
475 3516 766 3588 Ἀπομένει
789 3519 848 3571 ἐν
876 3517 955 3588 τῷ
983 3517 1115 3589 ἱερῷ
1145 3518 1175 3570 6
1221 3516 1429 3588 Ἰησοῦς
1448 3558 1462 3582 ,
1509 3518 1605 3571 καὶ
1642 3518 1692 3571 οἱ

104 3612 281 3677 γονεῖς
313 3608 570 3678 ἠγνόουν.
603 3608 863 3674 Βαπτίζει
883 3611 912 3662 6
948 3609 1220 3679 Ἰωάννης,
1257 3608 1578 3679 βαπτίζεται
1599 3610 1694 3663 καὶ

101 3703 129 3753 6
148 3700 427 3773 Χριστὸς,
471 3698 550 3754 ῶν
579 3699 717 3754 ἑτῶν
766 3700 831 3754 λ’.
871 3701 1300 3767 Γενεαλογεῖται.
1346 3702 1574 3771 Ἀγεται
1611 3703 1692 3764 είς

100 3791 195 3862 τὴν
222 3790 466 3863 ἔρημον.
501 3790 765 3862 Ἔρχεται
793 3790 874 3853 είς
913 3789 1170 3861 Ναζαρέτ
1193 3807 1205 3820 ·
1241 3789 1600 3859 ἀναγινώσκει
1633 3793 1692 3846 ὲν

100 3891 165 3957 τῇ
195 3886 527 3956 Συναγωγῇ.
567 3880 707 3937 Εἷπε
738 3882 877 3955 πρὶς
923 3884 1050 3948 τοὺς
1112 3882 1399 3947 Ἰουδαίους
1434 3885 1564 3955 περὶ
1591 3883 1694 3954 τῆς

101 3977 276 4047 χήρας
302 3975 411 4044 τῆς
449 3970 652 4038 Ἡλίου,
676 3973 772 4028 καὶ
802 3973 1023 4044 Νεεμάν
1054 3973 1147 4026 τοῦ
1172 3973 1373 4046 λεπροῦ
1393 4015 1407 4040 ,
1447 3976 1540 4029 καὶ
1562 3974 1691 4045 ἤθε-

101 4066 190 4121 λον
217 4066 387 4119 αὐτὸν
408 4066 732 4136 κρημνίσαι.
755 4060 959 4117 ’Ἦλθεν
991 4066 1071 4129 εἰς
1098 4064 1491 4138 Καπερναούμ.
1542 4066 1694 4120 Ἐθε-

105 4162 347 4230 ράπευσε
382 4158 477 4211 τὸν
504 4155 867 4228 δαιμονῶντα,
897 4159 992 4211 καὶ
1020 4156 1118 4228 τὴν
1146 4156 1417 4228 πενθερὰν
1457 4158 1690 4230 Πέτρου,

102 4254 193 4305 καὶ
214 4252 417 4315 ἄλλους
445 4248 696 4313 πολλούς.
715 4248 969 4320 Ἐξῆλθεν
999 4251 1079 4313 εἰς
1108 4250 1207 4321 τὴν
1243 4244 1693 4320 ἐρημονῘΗλθεν

103 4344 181 4405 εἰς
206 4341 578 4412 Γεννησαρὲτ,
606 4339 778 4410 ἐπέϐη
815 4338 907 4392 τοῦ
936 4340 1122 4393 πλοίου
1154 4340 1363 4411 Πέτρου
1390 4380 1405 4406 ,
1437 4340 1566 4393 ἔνθα
1598 4340 1693 4393 καὶ⁵

1801 1846 2199 1903 Testimonium
2251 1846 2475 1900 affertur
2507 1852 2700 1900 contra
2746 1844 2923 1898 illum.
2965 1841 3274 1897 Confitetur
3319 1855 3381 1895 se

1800 1954 1923 1995 esse
1952 1937 2151 1992 Filium
2177 1937 2293 1993 Dei.
2333 1937 2503 2007 Negat
2548 1935 2764 1993 Petrus.
2791 1935 3020 1989 Ducitur
3049 1935 3115 1989 ad
3144 1932 3381 1988 Pilatum

1801 2028 1965 2085 Jesus
2012 2030 2173 2101 (cap.
2200 2029 2311 2102 xv)
2348 2049 2361 2084 :
2394 2029 2753 2105 cruciﬁgitur.
2798 2028 2930 2082 Erat
2964 2027 3040 2082 ibi
3081 2026 3249 2080 Maria
3287 2023 3380 2078 Ja-

1800 2121 1921 2175 cobi
1954 2121 2204 2185 minoris,
2235 2130 2290 2177 et
2319 2120 2656 2193 Magdalena,
2697 2128 2752 2177 et
2789 2120 3027 2174 Salome.
3053 2117 3253 2187 Ioseph
3282 2131 3377 2171 ac-

1800 2212 1933 2283 cipit
1964 2228 2165 2283 eorpus
2199 2211 2352 2268 Jesu.
2386 2212 2668 2270 Venerunt
2701 2212 2960 2267 mulieres
3003 2218 3128 2282 post
3167 2208 3381 2264 Sabban

1798 2311 1938 2371 tum,
1981 2313 2225 2359 aromata
2250 2304 2488 2361 ferentes
2530 2305 2681 2377 (cap.
2711 2321 2801 2359 xvr
2827 2309 2864 2370 ).
2896 2302 3094 2358 Vident
3125 2302 3378 2372 angelum

1797 2395 1857 2450 in
1885 2404 2259 2461 monumento,
2289 2405 2345 2451 et
2378 2397 2792 2467 pertimescunt.
2838 2394 2971 2451 Post
3019 2393 3379 2449 resurrectio-

1799 2504 1925 2544 nem
1960 2488 2213 2545 Christus
2243 2491 2495 2560 apparuit
2540 2489 2741 2551 Μαι-ἰῶ,
2787 2504 2855 2545 ex
2885 2503 2993 2558 qua
3033 2496 3239 2558 septem
3267 2486 3379 2540 dae‘

1799 2582 1985 2636 monia
2021 2581 2278 2651 eiecerat.
2319 2581 2440 2653 Ipsa
2490 2598 2606 2636 rem
2645 2581 2784 2636 dixit
2813 2580 2881 2636 ad
2924 2580 3247 2650 discipulos,
3297 2577 3379 2633 illi

1797 2686 1930 2727 vero
1969 2686 2081 2726 non
2123 2671 2496 2728 crediderunt.
2544 2671 2742 2727 Postea
2777 2672 3031 2742 apparuit
3061 2669 3278 2725 duobus
3320 2667 3381 2724 in

1796 2764 1908 2827 via,
1942 2763 2140 2819 deinde
2171 2772 2227 2819 et
2259 2763 2510 2819 undecim
2533 2803 2548 2824 ,
2582 2764 2784 2835 quibus
2814 2765 2975 2819 etiam
3026 2761 3383 2818 incredulita-

1798 2864 1906 2911 tem
1928 2856 2298 2926 exprobravit.
2336 2855 2403 2909 Et
2434 2857 2583 2912 misit
2605 2872 2701 2912 eos
2733 2857 3086 2927 praedicatum
3116 2861 3172 2911 et
3202 2853 3383 2924 bapti-

1799 2955 2002 3014 zatum,
2038 2956 2093 3003 et
2130 2956 2456 3020 potestatem
2486 2946 2643 3004 dedit
2669 2948 3042 3003 faciendorum
3073 2946 3378 3018 signorum.

1798 3036 1997 3096 Postea
2023 3049 2341 3113 assumptus
2371 3049 2475 3097 est.

1935 3240 2093 3296 Liber
2119 3239 2242 3306 ΙΙΙ,
2278 3239 2625 3312 Evangelium
2675 3240 2963 3296 secundum
3008 3239 3212 3296 Lucam

1862 3331 1951 3387 49.
1978 3332 2273 3388 Historiam
2307 3332 2609 3386 nativitatis
2638 3329 2865 3387 Joannis
2898 3331 3092 3387 scribit
3119 3331 3276 3403 (cap.
3304 3331 3372 3404 l),

1793 3424 1989 3480 deinde
2019 3433 2072 3479 et
2094 3423 2299 3480 Christi
2331 3443 2344 3478 :
2373 3423 2438 3479 de
2471 3422 2725 3479 Simeone
2771 3426 2907 3492 (cap.
2940 3424 3024 3495 ιι).
3056 3424 3213 3478 Anna
3245 3438 3381 3480 cona

1794 3516 1978 3571 litetur
2010 3515 2259 3571 Domino.
2302 3514 2464 3571 Jesus
2496 3516 2552 3570 in
2598 3515 2801 3586 templo
2831 3521 3030 3576 manet,
3061 3513 3254 3570 insciis
3288 3528 3383 3584 pan

1793 3607 2063 3663 rentibus.
2089 3606 2327 3663 Joannes
2351 3607 2594 3678 baptizat
2627 3607 2781 3678 (cap.
2809 3612 2907 3675 ιιι)
2943 3625 2955 3661 :
2989 3605 3301 3675 baptizatur
3323 3611 3379 3659 et

1794 3698 2068 3763 Christus,
2102 3712 2229 3752 cum
2270 3712 2539 3751 annorum
2580 3703 2728 3752 esset
2770 3695 3015 3765 triginta.
3048 3693 3378 3764 Genealogia

1795 3786 1936 3855 ejus.
1966 3786 2192 3841 Ducitur
2219 3788 2275 3840 in
2304 3785 2655 3841 solitudinem
2687 3785 2840 3856 (cap.
2874 3783 2985 3852 tv).
3018 3782 3178 3839 Venit
3204 3783 3380 3837 Naza-

1794 3879 1913 3933 reth
1947 3896 1959 3932 :
1990 3880 2119 3950 legit
2152 3880 2208 3934 in
2239 3878 2545 3950 Synagoga.
2591 3877 2734 3933 Dicit
2763 3878 2830 3932 ad
2853 3877 3070 3935 Judaeos
3097 3878 3165 3934 de
3187 3878 3376 3942 vidua,

1795 3967 1904 4039 (ad
1937 3983 2101 4039 quam
2141 3968 2404 4040 divertit)
2452 3968 2621 4033 Elias,
2664 3968 2811 4024 etde
2848 3966 3088 4023 Neeman
3134 3969 3374 4039 leproso,

1794 4069 1850 4118 et
1879 4062 2071 4117 volunt
2103 4076 2226 4117 eum
2254 4062 2588 4131 praecipitem
2621 4061 2772 4116 dare.
2808 4059 2969 4116 Venit
3006 4061 3374 4131 Capernaum.

1794 4155 1964 4211 Curat
1996 4154 2264 4209 daemonio
2297 4155 2658 4219 laborantem,
2688 4161 2743 4209 et
2771 4169 2988 4210 socrum
3010 4151 3179 4217 Petri,
3205 4154 3376 4208 alios-

1795 4262 1902 4319 que
1932 4247 2155 4301 multos.
2189 4244 2480 4317 Egreditur
2504 4246 2559 4299 in
2598 4245 2970 4301 solitudinem.
3002 4241 3238 4298 Venitin
3267 4252 3378 4298 ter-

1795 4353 1916 4392 ram
1946 4337 2286 4394 Gennesaret
2303 4338 2453 4406 (cap.
2483 4326 2517 4391 v
2534 4337 2574 4410 ),
2594 4337 2843 4392 ascendit
2868 4336 3178 4391 naviculam
3202 4334 3374 4400 Petri,

103 4434 163 4487 τὸ
190 4432 415 4487 δίκτυον
458 4431 837 4505 διερρήγνυτο.
892 4430 1160 4502 Ἐφοϐήθη
1219 4431 1420 4502 Σίμων.
1467 4432 1691 4503 Ἐθερά-

1799 4431 1891 4487 ubi
1919 4439 1973 4487 et
2001 4439 2119 4488 rete
2163 4432 2537 4488 scindebatur.
2573 4430 2919 4486 Pertimescit
2961 4428 3174 4485 Simon.
3205 4428 3381 4484 Curat

105 4543 271 4580 πευσε
304 4524 398 4578 τὸν
426 4524 648 4596 λεπρὸν,
676 4519 796 4576 εἶτα
824 4522 915 4576 τὸν
955 4522 1341 4595 παραλυτικόν.
1385 4522 1558 4576 Καλεῖ
1600 4522 1691 4578 τὸν

102 4619 254 4686 Aeni,
284 4617 461 4673 ἐσθίει
482 4618 612 4687 παρ’
643 4615 792 4686 αύτῷ
815 4633 829 4645 ·
858 4616 951 4669 καὶ
972 4615 1283 4686 ἐγκαλεῖται
1312 4616 1422 4670 ὑπὸ
1444 4615 1552 4669 τῶν
1584 4618 1691 4669 Φα-

105 4712 335 4784 ρισαίων
366 4711 497 4781 πρὶ
529 4708 742 4771 τούτου,
772 4710 865 4762 καὶ
896 4710 977 4763 ὅτι
1027 4710 1087 4762 ού
1115 4707 1464 4780 νηστεύουσιν
1505 4710 1554 4761 οἱ
1593 4726 1692 4781 μα·-

102 4804 263 4876 θηταὶ
298 4801 489 4855 αὐτοῦ.
539 4798 838 4873 Πορεύεται
876 4802 933 4854 ἐν
978 4799 1242 4871 Σαϐϐάτῳ
1264 4799 1690 4874 δευτεροπρώτῳ

99 4895 187 4949 διὰ
210 4894 324 4947 τῶν
354 4891 661 4964 σπορίμων.
688 4890 991 4962 Θεραπεύει
1020 4892 1077 4945 ὲν
1104 4891 1276 4963 ἑτέρῳ
1310 4892 1571 4963 Σαϐϐάτῳ
1597 4891 1691 4947 τὸν

100 4988 201 5058 τὴν
226 4985 402 5057 ξηρὰν
430 4986 608 5056 χεῖρα.
639 4983 952 5052 Ἐκλέγεται
978 4986 1107 5049 τοὺς
1133 4984 1218 5055 ιβ’.
1249 4984 1407 5054 Λέγει
1438 4985 1563 5049 τοὺς
1594 5002 1692 5055 μα-

102 5076 435 5151 καρισμούς.
467 5075 753 5140 Ταλανίζει
798 5078 923 5140 τοὺς
963 5076 1252 5141 πλουσίους
1293 5077 1388 5131 καὶ
1430 5079 1558 5141 τοὺς
1596 5095 1691 5147 γε-

102 5173 335 5235 λῶντας.
367 5171 637 5242 Παραινεῖ
654 5170 785 5241 περὶ
803 5170 1042 5239 ἀγάπης,
1078 5172 1206 5241 περὶ
1244 5171 1339 5224 τοῦ
1370 5172 1444 5243 μὴ
1487 5170 1690 5242 ἀμύνεα

105 5266 233 5320 σθαι
258 5265 354 5318 τὸν
380 5263 627 5334 πλησίον.
662 5263 799 5334 Περὶ⁸
838 5261 1264 5334 φιλανθρωπίας.
1310 5263 1446 5334 Περὶ
1481 5262 1575 5314 τοῦ
1614 5261 1689 5333 μὴ

104 5360 350 5431 κρίνειν,
381 5356 479 5410 καὶ
527 5355 883 5427 μεταδιδόναι.
927 5356 1089 5426 Λέγει
1127 5355 1184 5408 δὲ
1224 5355 1318 5409 καὶ
1349 5354 1685 5427 παραϐολὴν,

99 5456 200 5524 τὴν
230 5451 363 5525 περὶ
379 5450 474 5504 τοῦ
502 5449 747 5521 δένδρου,
773 5450 868 5503 καὶ
892 5448 1132 5521 περὶτοῦ
1167 5448 1530 5518 φυλάσσοντος
1564 5449 1689 5512 τοὺς

99 5544 292 5617 λόγους
348 5543 516 5600 αὐτοῦ
540 5586 556 5613 ,
600 5544 682 5596 ὅτι
718 5542 902 5614 ὅμοιός
948 5544 1064 5597 ἐστι
1105 5545 1169 5614 τῇ
1213 5543 1307 5595 ἐπὶ
1349 5541 1447 5613 τὴν
1484 5540 1689 5611 πέτραν

103 5642 268 5715 οἰκίᾳ.
312 5639 575 5712 Ἔρχεται
605 5638 686 5701 εἰς
728 5636 1119 5710 Καπερναούμ.
1157 5636 1443 5705 Πρόσεισιν
1485 5635 1515 5686 6
1555 5635 1688 5687 ἐκα-

101 5734 395 5807 τόνταρχος
450 5732 594 5804 ὑπὲρ
625 5730 719 5784 τοῦ
751 5730 958 5785 δούλου.
998 5726 1130 5782 Εἶτα
1157 5731 1186 5782 6
1212 5729 1326 5793 υἱὸς
1372 5727 1471 5799 τῆς
1512 5728 1688 5799 χήρας

423 5826 702 5885 ΡΔΤιιοι..
749 5825 867 5887 Gn.
915 5821 1204 5882 XXVIII.

1149 6006 1169 6041 ρ

1799 4524 2097 4594 leprosum,
2147 4523 2343 4580 deinde
2388 4524 2771 4595 paralytieum.
2822 4520 2997 4575 Vocat
3039 4519 3187 4583 Levi,
3232 4519 3378 4590 apud

1797 4631 1959 4686 quem
1994 4622 2048 4671 et
2073 4617 2370 4670 manducat
2400 4634 2415 4670 :
2453 4617 2707 4685 culpatur
2752 4629 2782 4668 a
2825 4613 3121 4668 Pharisaeis
3153 4612 3223 4667 ob
3255 4627 3379 4667 eam

1798 4721 2041 4776 causam,
2077 4715 2129 4762 et
2167 4707 2312 4778 quod
2350 4707 2604 4777 discipuli
2656 4706 2832 4777 ipsius
2880 4722 2991 4761 non
3036 4705 3373 4777 jejunarent.

1796 4798 2053 4854 Ambulat
2097 4799 2153 4854 in
2198 4798 2437 4854 Sabbato
2463 4798 2913 4869 secundo-primo
2938 4814 3034 4869 per
3064 4806 3182 4853 sata
3214 4795 3371 4868 (cap.

1795 4907 1850 4946 γι
1872 4889 1914 4962 ).
1953 4890 2140 4947 Altero
2170 4889 2411 4947 Sabbato
2443 4898 2599 4945 curat
2628 4906 2774 4956 eum,
2808 4890 2903 4961 qui
2945 4905 3168 4944 manum
3206 4888 3375 4942 habe-

1796 4983 1891 5039 bat
1921 4984 2150 5040 aridam.
2184 4983 2361 5055 Elegit
2391 4983 2700 5039 duodecim.
2753 4982 3021 5039 Recenset
3067 4981 3375 5036 beatitudi-

1794 5092 1913 5133 nes.
1954 5075 2211 5146 Deplorat
2250 5076 2448 5131 divites
2499 5086 2553 5131 et
2601 5076 2864 5131 ridentes.
2915 5075 3257 5132 Adhortatur
3303 5072 3375 5127 ad

1795 5169 2164 5224 dilectionem.
2191 5168 2264 5223 De
2293 5184 2402 5223 non
2431 5168 2748 5224 ulciscendo
2801 5165 3129 5238 proximum.
3162 5162 3238 5218 De
3268 5162 3374 5217 hu-

1795 5262 2077 5316 manitate.
2109 5259 2227 5314 Non
2257 5276 2381 5315 esse
2408 5261 2569 5316 nobis
2587 5258 2947 5330 judicandum
2980 5274 2995 5311 :
3024 5270 3148 5311 esse
3171 5254 3373 5324 imper-

1798 5356 2059 5411 tiendum.
2100 5353 2426 5409 Parabolam
2456 5354 2589 5409 dicit
2635 5352 2703 5407 de
2737 5351 2953 5413 arbore,
2996 5356 3051 5404 et
3082 5349 3149 5402 de
3176 5362 3243 5403 eo
3278 5348 3374 5418 qui

1797 5461 2078 5501 sermones
2116 5460 2246 5500 suos
2275 5445 2569 5508 custodiat,
2599 5442 2746 5513 quod
2778 5442 2823 5497 is
2853 5439 3051 5497 similis
3083 5439 3153 5493 sit
3182 5438 3373 5493 domui

1795 5538 2036 5594 fundatae
2064 5552 2227 5607 supra
2251 5534 2655 5607 petram.Venit
2685 5534 3025 5603 Capernaum
3056 5532 3208 5604 (cap.
3230 5547 3305 5585 vn
3326 5530 3370 5603 ).

1796 5630 2018 5685 Accedit
2047 5629 2115 5683 ad
2140 5644 2266 5683 eum
2296 5625 2545 5682 centurio
2566 5640 2731 5679 orans
2763 5639 2866 5695 pro
2894 5637 3053 5679 servo
3087 5638 3208 5678 suo.
3232 5620 3374 5677 Hinc

1797 5723 2069 5779 excitatur
2099 5720 2242 5778 ﬁlius
2271 5718 2468 5774 viduae.
2518 5717 2684 5773 Mittit
2714 5716 2783 5771 ad
2819 5732 2945 5773 eum
2983 5714 3227 5773 Joannes
3255 5715 3368 5771 dis-

3052 5811 3127 5871 13
