3880 6186
479 243 581 304 διδ

1592 240 1651 296 S.
1695 237 2162 295 ATHANASIUS.
2206 238 2531 297 —DUBIA.

3650 239 3763 295 596

481 362 692 434 cipulos
741 355 1538 430 woelwsccusatgturbam
1559 354 1720 411 Jesus
1741 355 1809 410 de
1826 354 2055 411 Joanne.

2164 356 2468 413 ἀνίσταται.
2487 357 2703 428 Πέμπει
2719 355 2972 427 Ἰωάννης
2989 355 3114 420 τοὺς
3139 353 3386 426 μαθητὰς
3412 355 3548 427 πρὸς
3565 357 3760 410 αὐτόν.

481 455 775 523 Comparat
803 465 923 505 eam
958 448 1361 519 generationem
1399 446 1587 516 pueris
1613 446 1755 501 inter
1786 461 1845 501 se
1876 446 2058 499 accla-

480 547 779 604 mantibus.
808 542 1118 615 Ingreditur
1144 542 1366 596 domum
1392 539 1675 594 Pharisaei.
1709 539 1772 592 Et
1800 540 2059 594 ecce‘mu-

478 640 580 695 lier
601 638 875 710 peccatrix
912 636 1245 691 alabastrum
1277 632 1526 689 effundit.
1558 632 1929 702 Repreitcndit
1957 632 2061 686 hoc

478 733 685 788 factum
705 732 1035 786 Pharisaaus.
1056 728 1377 783 Parabolam
1408 727 1475 781 ad
1495 742 1621 781 eum
1651 725 1782 780 dicit
1809 724 1970 780 Jesus
1994 723 2061 780 de

476 825 695 880 duobus
719 823 1079 879 debitoribus.
1119 821 1321 877 Deinde
1358 820 1558 875 circuit
1600 835 1697 890 per
1735 820 1982 875 civitates
2007 826 2062 874 et

476 919 629 973 vicos
676 919 831 986 (cap.
871 914 1030 986 vtu).
1079 912 1396 984 Sequuntur
1433 928 1559 968 eum
1592 913 1872 977 mulieres,
1921 926 2061 981 quas

476 1014 788 1065 curaverat.
823 1006 1147 1062 Parabolam
1178 1006 1311 1061 dicit
1342 1004 1409 1059 de
1440 1005 1768 1060 seminante.
1802 1002 1962 1058 Venit
1992 1003 2060 1057 ad

420 1078 426 1085 ’
475 1115 601 1154 eum
630 1110 804 1154 mater
831 1098 973 1169 ejus.
1002 1095 1267 1167 Navigant
1295 1110 1418 1152 cum
1444 1110 1510 1150 eo
1543 1094 1797 1165 discipuli
1831 1113 1846 1148 :
1882 1095 2061 1149 oritur

465 1217 794 1281 tempestas.
834 1207 1069 1263 Veniunt
1107 1205 1328 1263 Gadira.
1363 1206 1525 1278 Legio
1558 1207 1719 1261 irruit
1746 1207 1803 1261 in
1836 1221 2055 1277 porcos.

475 1301 681 1359 Deinde
708 1300 892 1356 Jairus
927 1306 1048 1356 orat
1067 1296 1166 1371 pro
1207 1300 1337 1355 tilia.
1362 1298 1601 1355 Sanatur
1624 1301 2055 1355 hazmorrhousat

474 1390 692 1448 Excitat
711 1397 984 1447 mortuam
1008 1390 1269 1461 puellam.
1302 1389 1468 1444 Mittit
1494 1389 1784 1446 duodecim
1815 1390 2060 1460 discipu-

473 1486 559 1541 los
597 1485 743 1553 (cap.
780 1499 835 1539 rx
859 1486 897 1553 ).
934 1483 1103 1538 Audit
1133 1484 1201 1539 de
1228 1498 1293 1538 eo
1324 1483 1587 1539 llerodes.
1620 1482 1841 1539 Secedit
1874 1483 1930 1537 in
1970 1498 2061 1537 so-

474 1577 763 1632 litudinem
802 1575 983 1632 Jesus.
1035 1576 1146 1630 Alit
1184 1576 1396 1631 turbas.
1450 1575 1773 1648 interrogat,
1805 1575 1997 1632 dicens
2040 1588 2054 1629 :

479 1688 498 1721 ι
534 1669 707 1737 Quem
742 1685 829 1724 me
866 1686 991 1725 esse
1021 1669 1213 1724 dicunt
1241 1671 1492 1727 homines
1518 1670 1603 1724 7"?
1622 1689 1641 1723 ι
1664 1670 1860 1725 Petrus
1886 1669 2059 1724 conﬁ-

2176 451 2428 518 Ἐγκαλεῖ
2458 451 2534 522 τῷ
2564 450 2706 522 ὄχλῳ
2734 452 2762 503 6
2793 448 2998 518 Ἰησοῦς
3035 450 3164 520 περὶ
3180 448 3450 502 Ἰωάννου.
3475 449 3763 519 Παρεικά-

2164 542 2244 606 ζει
2275 544 2373 613 τὴν
2399 544 2591 612 γενεάν
2622 544 2853 605 παιδίοις
2880 546 2990 606 τοῖς
3024 542 3458 613 προσφωνοῦσιν.
3491 544 3761 613 Ἔρχεται

2163 638 2241 699 εἰς
2274 636 2450 689 οἰκίαν
2479 636 2797 707 Φαρισαίου,
2834 639 2928 692 καὶ
2958 638 3066 690 ἰδοὺ
3095 637 3128 706 ἡ
3159 634 3297 705 γυνὴ
3345 636 3378 705 ἡ
3427 634 3760 705 ἁμαρτωλὸς

2160 727 2221 780 τὸ
2253 727 2592 800 ἀλάϐαστρον
2622 730 2792 799 ἐκχεῖ.
2816 731 3067 783 Αἰτιᾶται
3105 730 3132 781 ὁ
3171 729 3464 798 Φαρισαῖος
3496 727 3557 779 τὸ
3595 743 3761 795 γεγο-

2161 820 2269 883 νός.
2307 821 2469 889 Λέγει
2503 821 2638 892 πρὸς
2670 821 2833 873 αὐτὸν
2864 823 2892 874 6
2932 818 3143 892 Ἰησοῦς
3166 820 3266 890 τὴν
3293 818 3611 889 παραϐολὴν
3647 819 3760 872 τῶν

2160 908 2251 962 δύο
2273 911 2703 980 χρεωφειλετῶν.
2742 907 2876 964 Εἶτα
2903 909 3121 963 διώδευε
3147 908 3290 963 κατά
3316 910 3471 961 πόλιν
3512 911 3607 962 καὶ
3642 908 3758 963 κώ-

2166 1018 2292 1073 μην,
2329 1002 2422 1054 καὶ
2450 1002 2778 1072 ἠκολούθουν
2807 1002 2955 1073 αὐτῷ
2987 1005 3248 1071 γυναῖκες
3281 1003 3339 1054 αι
3389 1002 3759 1074 θεραπευθεῖ-

2164 1109 2274 1146 σαι.
2309 1094 2469 1161 Λέγει
2502 1094 2602 1165 τὴν
2633 1095 2947 1166 παραϐολὴν
2973 1094 3066 1148 τοῦ
3102 1096 3442 1167 σπείραντος.
3472 1091 3682 1149 ’Ἦλθεν
3724 1099 3759 1167 ἡ

2166 1186 2346 1256 μήτηρ
2373 1186 2536 1238 αὑτοῦ
2588 1187 2726 1259 πρδς
2753 1189 2934 1242 αὐτόν.
2968 1187 3232 1242 Πλέουσιν
3270 1190 3318 1241 οἱ
3356 1189 3599 1261 μαθηταὶ
3635 1191 3757 1261 μετ’

2161 1276 2346 1339 αὑτοῦ,
2372 1278 2748 1349 χειμάζονται,
2779 1280 3027 1352 ἔρχονται
3069 1283 3148 1345 είς
3180 1282 3441 1353 Γάδειρα,
3486 1282 3579 1336 καὶ
3611 1286 3643 1336 6
3669 1283 3761 1336 λε-

2161 1368 2304 1436 γεὼν
2330 1372 2408 1434 εἰς
2442 1372 2569 1435 τοὺς
2602 1372 2819 1445 χοίρους
2845 1374 3127 1444 ἐμπίπτει.
3166 1372 3299 1427 Εἶτα
3345 1376 3569 1447 Ἰάειρος
3602 1378 3756 1448 ὑπὲρ

2160 1460 2260 1531 τῆς
2289 1460 2559 1533 θυγατρὸς
2603 1464 2765 1529 ἀξιοῖ,
2801 1466 2896 1517 καὶ
2935 1467 2966 1535 ἡ
3015 1465 3387 1536 αἱμορροοῦσα
3426 1469 3591 1521 ἰᾶται.
3637 1468 3756 1521 Ἀν-

2165 1556 2342 1627 ίστησι
2372 1555 2469 1627 τὴν
2502 1557 2690 1628 κόρην.
2711 1557 3054 1610 Ἀποστέλλει
3078 1560 3205 1621 τοὺς
3232 1557 3440 1612 δώδεκα
3475 1559 3752 1629 μαθητάς.

2174 1647 2383 1702 Ἀκούει
2430 1649 2677 1723 Ἡρώδης
2707 1650 2835 1721 περὶ
2874 1650 3061 1703 αὑτοῦ.
3107 1651 3405 1721 Ἀναχωρεῖ
3437 1652 3515 1713 εἰς
3542 1649 3757 1722 ἔρημον

470 1771 638 1819 tetur.
673 1760 894 1817 Mandat
923 1762 1032 1835 illis
1068 1763 1368 1818 silentium.
1405 1762 1726 1819 Passionem
1766 1777 1830 1817 ac
1869 1777 2055 1818 resur-

2160 1741 2184 1793 6
2219 1740 2443 1811 Ἰησοῦς.
2488 1741 2693 1813 Τρέφει
2735 1743 2862 1804 τοὺς
2907 1741 3119 1811 ὄχλους.
3155 1742 3396 1813 Ἑρωτᾷ·
3441 1762 3460 1794 ι
3502 1743 3639 1797 Τίνα
3684 1760 3758 1815 με

470 1854 771 1910 rectionem
801 1868 958 1908 suam
993 1832 1260 1923 praedicit.
1300 1854 1390 1908 Ait
1428 1873 1441 1909 ι
1471 1873 1490 1906 ε
1522 1853 1580 1907 Si
1614 1856 1737 1924 quis
1777 1854 1894 1908 vult
1940 1861 2055 1924 posl

2168 1831 2413 1902 λέγουσιν
2436 1837 2484 1887 οἱ
2514 1835 2826 1904 ἄνθρωποι;
2860 1854 2877 1885 ι
2925 1834 3208 1907 Ὁμολογεῖ
3258 1835 3482 1907 Πέτρος.
3527 1837 3759 1909 Παραγ-

468 1961 560 2002 me
592 1947 805 2012 venire,
842 1946 1075 2017 abneget
1122 1947 1477 2015 semetipsum
1506 1946 1571 1999 ⁷⁵.
1607 1966 1626 1998 ι
1681 1947 2064 2017 Transﬁgura-

467 2043 581 2094 tur.
620 2036 915 2094 Descendit
942 2038 1012 2093 de
1043 2044 1251 2093 monte.
1293 2036 1463 2091 Curat
1496 2036 1819 2091 lunaticum.
1855 2036 2063 2109 Loqui-

376 2133 389 2147 ‘
468 2136 562 2183 tur
588 2127 657 2183 de
684 2128 964 2199 passione.
1001 2126 1267 2194 Quaerunt
1299 2129 1581 2198 discipuli,
1614 2128 1741 2199 quis
1767 2129 1944 2199 major
1966 2129 2058 2184 sit.

465 2215 632 2274 Jesus
660 2233 791 2273 vero
835 2217 999 2273 docet
1028 2233 1142 2273 eos.
1176 2217 1383 2273 Deinde
1412 2218 1547 2273 dicit
1588 2237 1601 2273 :
1642 2237 1662 2270 ‹
1696 2220 1802 2284 Qui
1837 2234 1947 2274 non
1976 2228 2062 2275 est

469 2318 667 2364 contra
689 2325 811 2375 vos,
847 2325 948 2382 pro
973 2311 1130 2366 vobis
1153 2318 1239 2365 est
1261 2311 1331 2375 "°,
1371 2329 1389 2362 ι
1405 2309 1564 2381 quod
1591 2310 1659 2366 de
1682 2326 1748 2367 eo
1785 2311 1941 2376 dicit,
1965 2313 2058 2382 qui

470 2401 530 2455 in
566 2402 789 2458 nomine
818 2417 920 2458 suo
949 2402 1219 2457 dazmonia
1253 2402 1529 2471 eliciebat,
1560 2410 1614 2459 et
1646 2419 1707 2460 se
1731 2417 1842 2458 non
1871 2419 2059 2474 seque-

468 2494 653 2549 batur.
688 2493 977 2551 Volentem
1008 2495 1221 2567 ingredi
1250 2496 1305 2551 in
1351 2496 1625 2552 civitatem
1681 2494 2058 2551 Samaritano-

468 2602 617 2653 rum,
652 2602 764 2643 non
800 2595 1130 2658 receperunt
1184 2603 1309 2643 eum
1341 2606 1354 2641 :
1385 2588 1516 2643 hinc
1567 2588 1827 2660 discipuli
1866 2590 2057 2644 volunt

468 2680 650 2753 ignem
679 2681 898 2737 ctelitus
919 2681 1214 2752 deposcere
1243 2697 1410 2755 super
1429 2698 1524 2738 eos
1551 2700 1564 2738 :
1590 2680 1755 2739 Jesus
1772 2700 1901 2740 vero
1931 2700 2054 2739 cur-

467 2771 642 2842 ripuit
668 2786 786 2828 eos.
809 2771 1042 2838 Quidam
1089 2773 1242 2827 illum
1277 2774 1431 2844 sequi
1467 2774 1677 2842 volens,
1710 2774 2050 2845 prohibetur.

466 2861 627 2918 Alius
676 2877 807 2918 vero
839 2863 1155 2919 admonitus
1209 2870 1270 2917 ut
1314 2869 1597 2934 sequatur,
1637 2863 1849 2918 abnuit.
1896 2862 2053 2917 Tunc

467 2956 603 3012 dicit
636 2966 652 3012 ι
699 2975 718 3010 ι
745 2955 920 3012 Nemo
955 2958 1124 3012 mittit
1152 2971 1375 3011 manum
1406 2971 1563 3012 suam
1594 2956 1659 3011 ad
1699 2964 1966 3022 aratrum,
1998 2965 2053 3014 et

2166 1926 2344 1995 γέλλει
2398 1929 2628 1997 σιωπᾷν.
2666 1927 2929 1998 Προλέγει
2978 1927 3226 2000 περὶτοῦ
3276 1928 3481 1992 πάθους
3530 1930 3625 1982 καὶ
3653 1931 3762 2001 τῆς

2167 2020 2532 2084 ἀναστάσεως.
2560 2021 2755 2089 Λέγει·
2793 2041 2812 2073 ι
2835 2021 2903 2074 Ετ
2929 2040 3013 2086 τις
3043 2022 3186 2075 θέλει
3215 2022 3392 2076 ὀπίσω
3415 2040 3516 2094 μου
3552 2022 3757 2088 ἐλθεῖν,

2164 2114 2494 2185 ἀρνησάσθω
2526 2114 2740 2167 ἑαυτόν.
2776 2134 2797 2166 ι
2833 2114 3319 2188 Μεταμορφοῦται.
3354 2118 3617 2171 Κάτεισιν
3644 2117 3762 2169 άπὸ

2162 2205 2254 2258 τοῦ
2289 2207 2467 2277 ὅρους.
2495 2207 2801 2279 Θεραπεύει
2823 2208 2914 2261 τὸν
2937 2208 3406 2281 σεληνιαζὸμενον.
3428 2210 3592 2279 Λέγει
3621 2213 3759 2280 περὶ

2159 2297 2254 2351 τοῦ
2282 2298 2510 2362 πάθους.
2554 2300 2811 2371 Ἐζήτουν
2831 2304 2878 2355 οί
2904 2302 3168 2374 μαθηταὶ,
3194 2304 3279 2366 τίς
3312 2303 3376 2357 ἂν
3409 2303 3494 2374 εἴη
3525 2303 3759 2375 μείζων·

2159 2394 2188 2443 ὁ
2230 2392 2288 2446 δὲ
2352 2392 2560 2463 Ἰησοῦς
2605 2393 2841 2459 ἐδίδαξεν
2884 2395 3104 2459 αὐτούς.
3156 2390 3291 2449 Εἶτά
3337 2412 3535 2467 φησιν·
3585 2415 3606 2447 ι
3655 2397 3760 2460 Ὃς

2158 2484 2259 2538 οὐκ
2313 2484 2429 2540 ἔστι
2460 2486 2582 2541 καθ’
2605 2486 2781 2558 ὑμῶν,
2819 2487 2965 2560 ὑπὲρ
3008 2488 3162 2560 ὑμῶν
3201 2490 3383 2554 ἐστιν,
3428 2509 3447 2542 ι
3482 2490 3611 2562 περὶ
3654 2489 3759 2542 τοῦ

2156 2578 2511 2645 ἐκϐάλλοντος
2533 2580 2600 2635 τά
2619 2581 2869 2652 δαιμόνια
2892 2583 2949 2635 ἐν
2970 2581 3046 2652 τῷ
3066 2582 3291 2653 ὀνόματι
3313 2582 3502 2649 αὐτοῦ,
3529 2583 3625 2637 καὶ
3651 2585 3759 2636 οὐκ

2155 2672 2576 2739 ἀκολουθοῦντος
2593 2675 2761 2746 αὐτῷ.
2787 2675 3117 2747 Βουλόμενον
3140 2675 3404 2730 εἰσελθεῖν
3426 2679 3506 2740 εἰς
3528 2676 3629 2747 τὴν
3654 2677 3759 2728 ’τό-

2155 2764 2238 2819 λιν
2254 2767 2360 2821 τῶν
2378 2767 2734 2839 Σαμαρειτῶν
2752 2768 2853 2822 οὐκ
2877 2768 3094 2834 ἐδέξατο
3108 2770 3263 2840 (50⁵).
3280 2765 3415 2822 Εἶτα
3433 2771 3485 2823 οἱ
3513 2769 3759 2839 μαθηταὶ

2155 2857 2265 2931 πῦρ
2297 2859 2488 2931 ἤθελον
2529 2861 2859 2930 κατενέγκαι
2895 2863 2981 2915 ἐπ’
3013 2862 3233 2925 αὐτούς·
3259 2864 3288 2915 6
3313 2862 3372 2916 δὲ
3411 2862 3619 2935 Ἰησοῦς
3654 2866 3761 2915 ἑπ-

2153 2953 2412 3024 ετίμησεν
2437 2956 2642 3018 αὐτοῖς.
2675 2954 3007 3025 Βουλόμενός
3044 2973 3131 3020 τις
3176 2955 3541 3027 ἀκολουθῆσαι
3597 2954 3757 3025 αὐτῷ

467 3055 595 3119 post
628 3056 845 3118 tergum
869 3048 1212 3104 convertitur
1238 3048 1306 3100 ".
1345 3067 1364 3100 ι
1398 3047 1656 3119 Designat
1704 3049 2048 3119 septuaginta

2160 3045 2445 3100 κωλύεται.
2482 3048 2711 3119 Ἕτερος
2741 3049 2799 3103 δὲ
2835 3051 3256 3121 παρακαλεῖται,
3301 3052 3397 3105 καὶ
3431 3050 3748 3106 ἀναδύεται.

466 3116 772 3213 discipulos
815 3142 973 3212 (cap.
1001 3140 1096 3210 x),
1144 3141 1344 3196 emittit
1396 3155 1492 3196 eos
1532 3116 1716 3196 ibinos
1755 3116 1819 3195 ac
1867 3116 2046 3205 binos,

2160 3137 2284 3191 Τότε
2314 3138 2464 3208 λέγει
2484 3157 2497 3170 ·
2536 3161 2554 3191 ε
2587 3116 2780 3206 Οὐδεὶς
2809 3116 3093 3198 ἐπιϐάλλει
3136 3144 3236 3216 τὴν
3267 3148 3428 3218 χεῖρα
3459 3145 3628 3199 αὐτοῦ
3660 3148 3758 3199 ἐπ’

465 3234 720 3289 hortatus
759 3249 833 3289 ne
861 3233 1159 3303 quidquam
1192 3247 1381 3287 secum
1419 3231 1713 3288 deferrent.
1746 3232 2053 3302 Exprobrat

468 3312 807 3380 civitatibus.
842 3322 1054 3380 Exinde
1083 3323 1216 3377 dicit
1252 3342 1265 3378 :
1302 3341 1322 3374 ι
1358 3322 1463 3390 Qui
1499 3338 1599 3380 vos
1628 3324 1803 3389 audit,
1831 3339 1918 3378 me
1956 3340 2055 3378 au-

466 3418 549 3474 dit
574 3419 643 3475 ".
673 3438 694 3472 ι
735 3419 908 3476 Item:
937 3436 957 3470 ς
991 3418 1256 3474 Videbam
1283 3416 1542 3472 Satanam
1573 3417 1911 3473 decidentem
1947 3417 2057 3473 sic-

465 3517 531 3565 ut
568 3509 753 3581 fulgur
775 3510 822 3543 ⁷³
853 3529 866 3564 ι
903 3529 922 3563 ι
955 3516 1010 3565 et
1040 3509 1135 3565 dat
1166 3508 1455 3580 discipulis
1498 3516 1827 3579 potestatem
1860 3517 2053 3563 contra

470 3602 751 3669 Satanam,
804 3610 860 3659 et
898 3604 1158 3658 admonet
1212 3617 1285 3657 ne
1333 3617 1399 3657 eo
1455 3602 1678 3657 nomine
1728 3601 2051 3672 gauderent.

465 3694 676 3752 Deinde
704 3694 998 3751 conlitetur
1037 3693 1208 3761 Patri,
1251 3702 1305 3750 et
1334 3694 1467 3749 dicit
1496 3693 1816 3764 discipulis:
1845 3710 1864 3744 ι
1901 3692 2053 3747 Beati

466 3787 615 3842 oculi
648 3787 744 3858 qui
778 3786 968 3842 vident
997 3801 1120 3856 quae
1154 3800 1252 3841 vos
1274 3786 1495 3841 videtis.
1546 3784 1701 3839 Multi
1726 3785 1872 3841 enim
1919 3800 2052 3855 pro-

353 3907 361 3917 ο
466 3879 646 3952 pheta!
675 3878 1301 3936 desiderarunt'videre
1356 3893 1479 3949 quae
1530 3893 1626 3933 vos
1680 3877 1880 3933 videtis
1922 3877 1988 3929 ⁸ο.
2029 3895 2048 3929 ι

466 3972 669 4029 Tentat
695 3988 821 4030 eum
855 3971 1226 4044 legisperitus,
1264 3980 1318 4026 et
1363 3971 1621 4041 parabola
1664 3966 1865 4025 dicitur
1893 3968 1961 4025 de
1988 3980 2054 4024 eo

466 4067 563 4139 qui
590 4066 955 4124 descenderat
1001 4066 1058 4120 in
1091 4063 1334 4120 Jericho.
1366 4063 1576 4118 Martha
1624 4072 1850 4120 accusat
1896 4077 2054 4129 soro-

381 4182 385 4216 έ
466 4198 583 4252 rem
607 4196 785 4239 suam.
814 4179 989 4237 Orare
1015 4178 1177 4236 docet
1198 4178 1499 4249 discipulos
1526 4177 1684 4249 (cap.
1714 4195 1771 4234 xi
1790 4200 1831 4248 Ι,
1871 4189 1925 4233 et
1957 4193 2055 4248 pa-

466 4266 715 4328 rabolam
757 4271 894 4327 dicit
942 4270 1013 4327 de
1054 4286 1123 4326 eo
1173 4269 1268 4341 qui
1321 4269 1391 4324 ab
1424 4268 1604 4322 amico
1648 4268 1704 4322 in
1754 4268 1894 4323 lecto
1939 4268 2053 4338 jam

466 4364 831 4421 decumbente
849 4377 1021 4434 panes
1038 4363 1191 4433 petit.
1210 4361 1379 4418 Curat
1397 4368 1607 4415 mutum
1630 4359 2050 4415 daemoniacum.

466 4453 627 4510 Tunc
654 4455 846 4529 dicunt
879 4446 892 4508 ι
925 4472 945 4505 ι
972 4451 1030 4506 In
1065 4452 1352 4507 Beelzebul
1394 4459 1552 4506 curat
1582 4451 1649 4502 ⁸⁸.
1686 4470 1704 4503 ι
1733 4449 1939 4504 Deinde
1968 4449 2054 4504 di-

2154 3232 2404 3305 ἄροτρον,
2436 3235 2530 3288 καὶ
2566 3235 2857 3306 στρέφεται
2890 3238 2970 3299 είς
3006 3236 3077 3290 τὰ
3115 3235 3313 3290 ὀπίσω.
3362 3254 3382 3289 ι
3453 3236 3761 3303 ’Δνέδειξεν

2154 3325 2528 3397 ἐϐδομήκοντα
2563 3327 2811 3400 μαθητὰς
2836 3369 2851 3392 ,
2885 3330 2980 3382 καὶ
3019 3329 3227 3400 πέμπει
3260 3330 3460 3391 αὐτοὺς
3492 3330 3598 3383 ἀνά
3631 3329 3758 3393 δύο,

2154 3419 2490 3488 παραινέσας
2522 3419 2687 3492 μηδὲν
2721 3420 3009 3490 βαστάσαι.
3060 3420 3341 3487 Ὀνειδίζει
3371 3425 3495 3486 ταῖς
3539 3422 3760 3479 πόλεσι.

2156 3508 2287 3560 Τότε
2315 3508 2463 3578 λέγει
2488 3524 2503 3537 ⁸
2544 3529 2563 3561 ι
2602 3511 2661 3565 'O
2691 3513 2908 3567 ἀκούων
2926 3512 3102 3585 ὑμῶν,
3132 3514 3269 3586 ἐμοῦ
3309 3515 3517 3577 ἀκούει.
3563 3535 3583 3567 ι
3616 3513 3765 3572 Εἶτά

2157 3615 2319 3669 φησιν
2339 3616 2350 3628 ·
2390 3620 2409 3651 ι
2456 3602 2754 3676 Ἐθεώρουν
2784 3604 2873 3659 τὸν
2899 3607 3145 3660 Σατανᾶν
3177 3608 3431 3673 πεσόντα,
3455 3609 3532 3673 ὠς
3555 3610 3765 3684 ἀστρα-

2157 3692 2264 3764 πήν
2286 3709 2298 3722 ·
2335 3713 2355 3747 ι
2385 3696 2478 3748 καὶ
2496 3696 2680 3750 δίδωσι
2708 3702 2823 3763 τοῖς
2848 3700 3119 3772 μαθηταῖς
3140 3703 3392 3769 ἐξουσίαν
3409 3704 3531 3757 κατ’
3559 3705 3759 3773 αὐτοῦ,

2156 3786 2252 3840 καὶ
2286 3792 2547 3858 παραινεῖ
2568 3791 2642 3863 μὴ
2667 3792 2880 3865 χαίρειν
2910 3795 2968 3847 ἐν
2993 3794 3191 3866 τούτῳ.
3234 3791 3369 3850 Εἶτα
3412 3796 3766 3868 ἐξομολογεῖ-

2155 3895 2244 3931 ται
2269 3879 2346 3950 τῷ
2379 3883 2574 3955 Πατρὶ,
2612 3884 2706 3937 καί
2739 3903 2873 3956 φησι
2917 3888 3032 3949 τοῖς
3064 3887 3368 3959 μαθηταῖς·
3408 3905 3427 3939 ι
3471 3891 3765 3963 Μακάριοι

2154 3969 2204 4020 οἱ
2229 3969 2518 4041 ὀφθαλμοὶ,
2536 3974 2588 4025 οἱ
2628 3973 2919 4043 βλέποντες
2945 3976 2980 4030 ἃ
3002 3976 3249 4047 βλέπετε.
3273 3979 3465 4033 Πολλοὶ
3492 3981 3605 4054 γὰρ
3628 4000 3768 4056 προ·

2157 4060 2325 4131 φῆται
2358 4063 2712 4136 ἐπεθύμησαν
2744 4067 2873 4123 ἰδεῖν
2896 4068 2931 4122 δι
2953 4069 3199 4139 βλέπετε.
3234 4090 3253 4123 ι
3297 4072 3355 4125 Ὁ
3388 4074 3615 4145 νομικὸς
3642 4093 3767 4129 πει-

2160 4152 2337 4223 ράζει,
2364 4156 2460 4209 καὶ
2495 4159 2527 4228 ἡ
2558 4159 2842 4231 παραϐολὴ
2867 4161 3088 4230 λέγεται
3115 4164 3207 4217 τοῦ
3227 4165 3308 4229 εἰς
3343 4165 3556 4238 Ἱεριχὼ
3587 4185 3771 4223 κατα-

2157 4245 2453 4312 ϐαίνοντος.
2491 4250 2693 4322 Μάρθα
2724 4253 2946 4321 ἐγκαλεῖ
2974 4255 3115 4327 ὑπὲρ
3161 4256 3260 4326 τῆς
3303 4256 3559 4327 ἀδελφῆς.
3594 4260 3766 4315 Διδά-

2159 4358 2278 4395 σκει
2312 4341 2567 4413 εύχεσθαι
2594 4346 2721 4410 τοὺς
2751 4345 3019 4418 μαθητάς,
3063 4349 3157 4401 καὶ
3186 4348 3334 4418 λέγει
3357 4350 3459 4421 τὴν
3507 4352 3768 4421 παραϐο-

2156 4433 2254 4505 λὴν
2288 4436 2383 4488 τοῦ
2416 4436 2699 4501 αἰτοῦντος
2727 4440 2925 4511 ἄρτους
2952 4441 3042 4493 τὸν
3070 4440 3223 4510 φίλον
3262 4442 3355 4496 τὸν
3392 4446 3450 4497 ἐν
3486 4448 3555 4515 τῇ
3595 4446 3768 4519 κλίνῃ

467 4546 583 4601 cit:
613 4564 632 4597 ‹
661 4526 800 4601 cum
823 4545 1052 4616 spiritus
1081 4543 1396 4599 immundus
1417 4558 1674 4614 egressus
1697 4550 1803 4606 est,
1834 4557 2052 4612 peram-

2160 4526 2304 4583 ὄντα.
2335 4530 2643 4602 Θεραπεύει
2664 4530 2755 4584 τὸν
2781 4534 2962 4603 κωφὸν
2999 4533 3090 4588 τὸν
3123 4535 3588 4608 δαιμονιζόμενον.
3622 4539 3769 4593 Τότε

466 4638 622 4694 bulat
650 4638 772 4693 loca
821 4638 1090 4708 inaduosa
1122 4638 1190 4692 θ’.
1226 4655 1245 4690 ι
1291 4634 1500 4692 Deinde
1558 4634 1757 4689 mulier
1807 4632 2055 4704 Quaedam

2160 4620 2451 4689 λέγουσιν,
2498 4624 2580 4677 ὅτι
2624 4643 2642 4675 ι
2691 4625 2780 4677 Ἐν
2828 4626 3159 4690 Βεελζεϐοὺλ
3202 4627 3520 4700 θεραπεύει.
3570 4648 3590 4680 ι
3620 4624 3769 4684 Εἶτᾶ

468 4731 548 4783 ait
586 4747 601 4785 :
641 4746 661 4781 ι
685 4726 887 4783 Beatus
918 4735 1111 4783 venter
1129 4724 1200 4793 ⁸³,
1236 4746 1255 4780 ›
1302 4734 1358 4782 et
1404 4730 1619 4781 caetera.
1655 4722 1924 4805 Futurum
1953 4723 2055 4778 mi-

2160 4712 2326 4784 λέγειο
2352 4734 2369 4766 ι
2412 4717 2580 4769 Ὅταν
2620 4716 2813 4789 ἐξέλθῃ
2835 4717 2895 4771 τὸ
2924 4718 3235 4790 ἀκάθαρτον
3261 4718 3498 4791 πνεῦμα,
3526 4720 3768 4791 πορεύε-

467 4829 655 4886 uatur,
682 4830 742 4875 ut
773 4819 877 4877 ista
901 4818 1186 4891 generatio
1210 4817 1605 4874 condemnetur
1626 4831 1656 4870 a
1687 4814 1968 4880 Ninivitis,
2002 4822 2055 4870 et

2160 4824 2246 4860 ται
2268 4807 2335 4861 δι’
2364 4808 2611 4881 ἀνύδρων
2638 4810 2838 4863 τόπων.
2872 4830 2890 4861 ι
2920 4807 3053 4864 Εἶτα
3089 4808 3338 4882 γυνή’τίς
3371 4828 3537 4882 φησι·
3575 4830 3595 4864 ι
3632 4814 3768 4866 Μα-

468 4892 606 4967 dicit
632 4930 646 4967 :
685 4930 703 4963 ‹
727 4909 920 4975 Nemo,
951 4912 1231 4967 lucernam
1263 4910 1591 4972 accendens,
1626 4908 1729 4965 sub
1754 4907 1939 4964 modio
1966 4920 2055 4979 po-

2161 4904 2329 4979 καρία
2373 4905 2407 4976 ἡ
2460 4904 2674 4967 κοιλία,
2730 4924 2750 4957 ι
2800 4906 2893 4958 καί
2931 4906 3000 4959 τὰ
3044 4904 3191 4976 ἑξῆς.
3235 4903 3770 4977 Κατακριθὴσεσθαι

468 5003 554 5061 nit
579 5003 646 5060 “.
672 5022 692 5055 ι
719 5001 1031 5075 Ingreditur
1062 5002 1132 5057 ad
1147 5000 1482 5056 Pharisze'um
1508 4999 1813 5072 prandendi
1851 5001 2049 5071 gratia.

470 5096 567 5153 llle
605 5110 738 5152 vero
782 5110 908 5151 eum
955 5101 1199 5159 accusat,
1236 5093 1383 5164 quod
1434 5094 1581 5149 lotus
1627 5109 1739 5147 non
1768 5100 1936 5149 esset.
1968 5093 2049 5147 Ad

469 5188 621 5243 hunc
648 5187 784 5243 dicit
819 5208 832 5243 :
870 5207 890 5240 ‹
930 5185 1050 5242 Vos
1078 5186 1358 5243 mundatis
1395 5186 1542 5257 quod
1586 5193 1743 5241 extra
1791 5187 2050 5257 poculum

470 5282 557 5329 est
582 5275 652 5339 ⁸⁸,
676 5294 694 5327 ι
712 5282 766 5331 et
787 5284 1004 5331 caetera.
1037 5274 1103 5330 Et
1131 5275 1379 5346 deplorat
1406 5290 1521 5339 eos,
1552 5276 1801 5331 similiter
1816 5281 1868 5331 et
1887 5276 2053 5346 legis-

469 5364 677 5433 peritos
693 5365 832 5437 (cap.
844 5365 966 5439 xu).
990 5365 1193 5422 Deinde
1206 5365 1339 5420 dicit
1353 5379 1366 5415 :
1379 5363 1554 5419 «Nihil
1569 5374 1652 5421 est
1666 5365 2013 5429 occultum",
2027 5383 2047 5417 ι

469 5459 526 5508 et
552 5464 771 5514 caetera.
797 5459 932 5514 Item
961 5477 975 5514 :
1008 5476 1028 5513 ι
1061 5456 1141 5515 Ne
1173 5459 1415 5515 timeatis
1443 5472 1539 5514 eos
1561 5459 1654 5529 qui
1684 5473 1886 5529 corpus
1907 5459 2053 5514 occi-

539 5571 589 5603 ⁷⁸
625 5569 757 5627 Luc.
792 5589 870 5638 lx,
900 5573 989 5630 18.
1062 5574 1109 5608 ⁷⁵
1147 5573 1279 5628 ibid.
1315 5572 1406 5629 25.

2163 4997 2418 5069 προλέγει
2446 5000 2573 5062 τοὺς
2600 4998 2721 5051 τότε
2752 4999 2859 5051 ὑπὸ
2890 4997 3099 5063 Νινευῖ,
3139 4998 3230 5051 καί
3266 5013 3436 5067 φησι·
3478 5015 3498 5048 ι
3543 4995 3765 5061 Οὐδεὶς,

2160 5088 2352 5160 λύχνον
2381 5089 2546 5159 ἅψας,
2579 5088 2687 5143 ὑπὸ
2719 5090 2810 5143 τὸν
2837 5085 3018 5162 μόδιον
3039 5089 3273 5163 τίθησιν.
3303 5108 3320 5142 ι
3354 5088 3615 5160 Εἰσῆλθεν
3636 5089 3769 5159 ἀρι-

2164 5183 2359 5252 στῆσαι
2382 5180 2518 5254 πρδς
2533 5184 2845 5253 Φαρισαῖον.
2891 5184 2949 5237 Ὀ
2972 5184 3029 5237 δὲ
3064 5183 3319 5252 ἐγκαλεῖ,
3353 5183 3436 5236 ὃτι
3475 5183 3576 5235 οὐκ
3614 5180 3766 5233 ἐϐα-

2163 5274 2412 5329 micare.
2438 5274 2571 5327 Τότε
2594 5274 2744 5344 λέγει
2775 5277 2913 5349 πρὸς
2939 5277 3100 5331 αὐτόν
3123 5293 3137 5308 ο
3174 5296 3194 5330 ι
3237 5277 3425 5348 Ὑμεῖς
3459 5274 3521 5328 τὸ
3554 5272 3766 5338 ἔξωθεν

2160 5366 2255 5420 τοῦ
2286 5368 2546 5440 ποτηρίου
2572 5367 2923 5440 καθαρίζετε.
2964 5390 2983 5423 ι
3009 5371 3121 5424 Καὶ
3143 5365 3419 5432 ταλανίζει
3447 5367 3649 5439 αὐτούς
3664 5368 3765 5419 καὶ

2158 5462 2287 5525 τοὺς
2310 5460 2589 5535 νομικούς.
2617 5458 2950 5532 Εἴταλέγει·
2989 5483 3007 5517 ε
3048 5462 3214 5518 Οὐδέν
3255 5462 3371 5515 ἐστι
3419 5460 3694 5532 κρυπτόν·
3736 5477 3758 5509 ι

1482 5572 1529 5604 ⁷⁸
1566 5572 1698 5628 ibid.
1735 5575 1824 5629 50.
1901 5574 1945 5608 ⁷⁷
1986 5574 2055 5629 ibi

2160 5574 2244 5633 69..
2320 5578 2367 5611 "°
2394 5578 2508 5633 Luc
2542 5594 2598 5640 κ,
2637 5578 2725 5635 16.
2803 5579 2850 5611 ’³
2889 5579 3019 5635 ibid.
3048 5578 3136 5635 i8.
3211 5578 3255 5609 ⁸⁸
3275 5576 3410 5632 Luc.
3452 5595 3504 5635 x.
3540 5576 3760 5643 25,24.

469 5638 514 5673 ⁸¹
554 5640 689 5697 Luc.
725 5660 815 5709 xl,
852 5645 941 5702 i5.
1015 5645 1061 5678 ⁸³
1103 5644 1235 5702 ibid.
1272 5644 1363 5701 24.
1426 5644 1487 5732 4⁸³
1527 5644 1658 5701 ibid.
1694 5645 1786 5702 27.
1864 5646 1911 5680 “
1950 5646 2055 5702 ibid

2164 5651 2216 5704 5.
2294 5651 2338 5683 ⁸⁸
2380 5651 2513 5706 ibid.
2550 5638 2640 5706 39.
2719 5651 2766 5683 ⁸⁸
2805 5649 2940 5705 Luc.
2978 5666 3075 5717 xu,
3109 5650 3162 5704 9..

541 5756 677 5829 (δυ’)
712 5757 1002 5825 Ἐδέξαντο.
