3886 6182
165 240 273 295 897

1240 234 1578 294 SYNOPSIS
1617 229 2035 290 SCRIPTURE
2078 229 2357 288 SACRIE.

3326 229 3434 285 398

165 363 264 415 καὶ
282 359 373 425 τὸ,
428 379 449 411 ι
479 358 571 431 Μὴ
610 357 887 430 φοϐηθῆτε
931 355 1040 409 ἀπὸ
1082 356 1190 409 τῶν
1222 356 1653 411 ἀποκτεινόντων
1691 353 1760 407 σὺ

1870 351 1999 407 dunt
2018 350 2083 404 ⁸⁷.
2111 369 2131 403 1
2151 348 2218 403 Et
2243 349 2376 404 illud
2404 365 2416 401 :
2456 368 2474 400 ι
2505 348 2763 421 Nunquid
2788 351 3028 422 quinque
3048 319 3296 421 passeres
3315 350 3383 415 ⁸⁸,
3410 369 3429 402 1

170 451 374 523 σῶμα·
410 469 431 504 1
463 450 557 504 καὶ
581 452 662 514 ab,
701 469 719 501 ι
752 450 887 520 Οὐχὶ
913 449 1069 503 πέντε
1102 448 1362 520 στρουθία
1381 468 1394 481 ·
1427 468 1448 502 ι
1476 450 1589 514 καὶ,
1619 467 1639 500 ι
1667 450 1763 512 Ὃς

171 544 240 596 ἂν
262 543 637 617 βλασφημήσῃ
659 544 740 606 εἰς
765 542 826 595 τὸ
843 543 1085 613 Πνεῦμα.
1116 562 1133 593 1
1161 541 1530 613 Προσέρχεταί
1558 558 1642 605 τις
1670 558 1764 611 με-

172 636 438 706 ρίσασθαι
457 636 549 688 τὸν
582 636 783 707 κλῆρον
821 635 959 705 μετά
981 633 1076 688 τοῦ
1119 634 1371 702 ἀδελφοῦ.
1407 629 1538 685 Εἶτα
1564 635 1593 685 6
1616 632 1763 701 λογι-

164 726 403 796 ζόμενος
432 726 689 790 πλούσιος
710 742 724 754 ·
753 728 882 798 περὶ
908 726 1016 780 τῶν
1042 726 1355 798 ἀποθηκῶν.
1391 727 1654 797 Παραινεῖ
1686 725 1761 797 μὴ

166 819 451 889 μεριμνᾷν
482 822 613 890 περὶ
644 820 872 888 τροφῆς.
910 820 1046 891 Περὶ
1078 818 1448 891 ὲλεημοσύνης
1467 819 1634 887 λέγει,
1670 819 1763 871 καὶ

161 910 261 963 τοῦ
300 911 570 963 δεσπότου
611 909 705 963 τοῦ
756 911 1129 975 διακονοῦντος
1177 915 1287 974 τοῖς
1329 910 1535 974 δούλοις
1575 911 1759 977 αὑτοῦ,

164 1001 264 1054 καὶ
296 1003 432 1072 περὶ
470 1002 565 1055 τοῦ
598 1002 790 1056 πιστοῦ
823 1003 1032 1067 δούλου,
1060 1004 1156 1057 καὶ
1179 1004 1305 1073 περὶ
1333 1003 1429 1056 τοῦ
1474 1004 1673 1066 εἰδότος
1702 1003 1762 1056 τὸ

166 1091 391 1163 θέλημα
427 1092 523 1146 τοῦ
556 1096 765 1167 Κυρίου
807 1095 969 1149 αὐτοῦ
994 1136 1008 1160 ,
1042 1097 1136 1150 καὶ
1173 1096 1247 1166 μὴ
1298 1095 1599 1160 ποιοῦντος.
1629 1097 1760 1160 Καὶ,

171 1203 193 1236 ι
228 1185 358 1257 Πῦρ
386 1181 575 1257 ἦλθον,
624 1207 643 1239 1
678 1188 833 1258 φησὶ,
864 1207 882 1237 ι
910 1187 1110 1258 βαλεῖν.
1146 1206 1164 1237 1
1194 1187 1387 1256 Ἔλεγε
1423 1188 1481 1241 δὲ
1512 1189 1606 1240 καὶ
1635 1188 1764 1259 περὶ

164 1275 282 1329 τῶν
326 1278 391 1330 τὸ
438 1279 733 1349 πρόσωπον
772 1280 867 1333 τοῦ
912 1280 1143 1354 οὐρανοῦ
1187 1280 1608 1351 δοκιμαζόντων.
1656 1282 1765 1335 Καὶ

165 1369 231 1420 τό
255 1386 271 1398 ·
316 1387 340 1420 ι
394 1370 521 1421 Ἐὰν
544 1372 762 1445 ύπάγῃς
799 1372 939 1441 μετά
977 1373 1071 1425 τοῦ
1107 1374 1377 1427 ἀντιδίκου
1413 1391 1504 1426 σου
1540 1373 1625 1426 ἐπ’
1661 1374 1764 1445 ἄρ-

168 1476 362 1528 χοντα.
410 1478 430 1513 1
468 1456 607 1515 Εἶτα
634 1466 762 1525 τοὺς
788 1464 895 1516 ὑπὸ
922 1464 1156 1517 Πιλάτου
1189 1464 1572 1535 ἀναιρεθέντας
1602 1465 1641 1516 Γ
1644 1463 1764 1519 αλι-

167 1551 385 1616 λαίους,
441 1555 539 1606 καὶ
590 1556 717 1619 τοὺς
744 1556 867 1609 ὑπὸι
892 1556 985 1610 τοῦ
1035 1556 1246 1628 πύργου
1294 1557 1760 1628 καταχωσθέντας.

168 1638 312 1695 Εἶτα
347 1646 382 1714 ἡ
410 1646 698 1718 παραϐολὴ
735 1647 837 1717 τῆς
866 1648 1117 1720 ἀκάρπου
1149 1651 1338 1721 συκῆς.
1384 1651 1494 1721 Τὴν
1530 1649 1635 1703 ὑπὸ
1668 1648 1763 1703 τοῦ

1864 451 1918 498 et
1939 449 2155 498 caatera.
2186 442 2254 497 Et
2283 461 2298 496 :
2330 462 2349 494 ι
2379 440 2701 513 Quicunque
2736 444 3195 513 blasphemaverit
3217 443 3275 497 in
3309 440 3437 512 Spi-

1862 534 2030 589 ritum
2066 534 2133 587 ⁸⁸.
2178 552 2198 586 1
2238 533 2464 589 Accedit
2491 536 2558 589 ad
2603 550 2728 590 eum
2760 536 3049 605 quispiam,
3082 543 3141 589 ut
3168 550 3291 589 cum
3326 534 3438 589 fra-

1858 631 1948 679 tre
1985 622 2358 678 hmreditatem
2389 623 2678 679 divideret.
2730 622 2955 685 Deinde,
3005 624 3099 694 qui
3140 626 3437 694 putabatur

1864 714 2014 769 dives
2040 732 2053 769 :
2080 715 2147 769 de
2172 716 2319 771 illius
2349 716 2581 771 horreis.
2612 714 2894 781 Hortatur,
2919 733 2988 771 ne
3020 718 3236 772 solliciti
3260 718 3436 774 simus

1863 805 1930 862 de
1960 808 2237 863 alimonia.
2263 807 2338 863 De
2368 811 2713 882 elcemosyna
2746 812 2897 875 dicit,
2929 818 2983 865 et
3006 812 3073 865 de
3102 811 3235 865 hero
3261 810 3435 868 servis

1863 898 1979 951 suis
2010 899 2357 954 ministrante
2402 919 2414 953 :
2450 901 2517 954 de
2568 917 2726 957 servo
2762 900 2902 956 ﬁdeli
2938 922 2952 957 :
2989 904 3056 957 de
3108 918 3173 957 eo
3208 903 3299 973 qui
3341 918 3441 973 vo—

1862 987 2127 1043 luntatem
2170 989 2383 1044 Domini
2420 992 2504 1046 sui
2543 992 2691 1047 novit
2733 993 2973 1062 quidem,
3010 986 3103 1048 sed
3135 1008 3244 1046 non
3284 968 3438 1047 facit.

1863 1080 1948 1144 Et,
1980 1101 1998 1133 ι
2027 1081 2233 1151 Ignem,
2264 1103 2282 1134 1
2316 1086 2513 1154 inquit,
2553 1104 2571 1136 ι
2611 1086 2733 1139 veni
2761 1086 2975 1139 mittere
2998 1086 3065 1139 θ’.
3105 1104 3124 1136 1
3158 1083 3247 1137 Ait
3276 1085 3442 1138 etiam

1863 1175 1931 1230 de
1962 1177 2071 1232 illis
2102 1176 2196 1246 qui
2245 1176 2438 1231 faciem
2467 1177 2589 1231 coeli
2625 1178 2859 1248 probare
2884 1177 3148 1231 sciebant.
3176 1175 3242 1229 Et
3266 1177 3396 1230 illud
3422 1194 3438 1230 :

1871 1286 1889 1329 ι
1910 1266 2046 1322 Cum
2068 1268 2223 1322 vadis
2247 1284 2370 1322 cum
2394 1269 2709 1324 adversario
2732 1279 2825 1324 tuo
2848 1268 2913 1323 ad
2935 1270 3312 1339 magistratum
3334 1269 3436 1322 ".1

1862 1357 2068 1413 Deinde
2100 1359 2168 1414 de
2211 1353 2446 1416 Galilacis
2475 1376 2504 1414 a
2538 1360 2713 1415 Pilato
2746 1363 2944 1417 occisis
2977 1362 3131 1431 (cap.
3181 1369 3335 1432 χιιι),
3387 1371 3444 1415 et

1827 1491 1829 1494 ‹
1864 1450 1932 1506 de
1967 1451 2097 1514 illis,
2129 1452 2222 1522 qui
2257 1454 2517 1523 prolapsa
2547 1454 2716 1508 turris
2757 1454 2940 1507 obruti
2978 1454 3212 1508 fuerant.
3240 1452 3446 1509 Deinde

1862 1542 2180 1610 parabolam
2219 1543 2444 1599 dicitde
2477 1545 2583 1599 ﬁcu
2628 1546 2824 1600 sterili.
2870 1543 3147 1600 Mulierem
3180 1560 3209 1599 ιι
3243 1545 3447 1599 daemo-

1864 1634 1957 1688 nio
1991 1635 2331 1689 incurvalam
2361 1646 2518 1691 curat
2552 1639 2607 1692 in
2639 1638 2879 1693 Sabbato
2912 1656 2925 1694 :
2957 1638 3160 1693 factum
3203 1639 3307 1693 hoc
3351 1653 3447 1693 ac-

170 1734 435 1805 δαίμονος
475 1715 896 1806 συγκύπτουσαν
946 1715 1239 1811 θεραπεύει
1262 1715 1320 1793 έν
1349 1715 1636 1810 Σαϐϐάτῳ·
1670 1740 1767 1793 καὶ

1870 1734 2065 1781 cusant
2096 1720 2270 1781 Judazi
2297 1748 2309 1782 :
2337 1731 2451 1799 ipse
2474 1745 2602 1784 vero
2632 1745 2694 1785 os
2731 1731 2949 1784 oLturat
2985 1731 3086 1786 eis.
3119 1729 3444 1785 Parabolam

172 1826 508 1894 ἐγκαλοῦσιν
563 1828 803 1882 Ἰουδαῖοι
824 1846 837 1859 ⁸
869 1830 899 1882 6
931 1829 987 1884 δὲ
1014 1832 1354 1901 ἐπιστομίζει
1383 1832 1600 1895 αὐτούς.
1635 1828 1769 1885 Εἶτα

172 1921 208 1987 ἠ
236 1919 527 1989 παραϐολὴ
560 1919 654 1973 τοῦ
678 1920 969 1987 σινάπεως,
996 1921 1089 1975 καὶ
1111 1922 1210 1992 τῆς
1235 1922 1432 1993 ζύμης.
1467 1920 1599 1975 Εἶτα
1630 1926 1770 1995 ὴρω-

173 2008 318 2080 τήθη
343 2050 361 2073 ,
397 2012 451 2063 εί
480 2010 653 2079 ὀλίγοι
676 2014 728 2064 οἱ
764 2012 1081 2083 σωζόμενοι.
1106 2013 1371 2084 Παραινεῖ
1391 2014 1650 2068 εἰσελθεῖν
1681 2015 1768 2069 διὰ

176 2099 279 2169 τῆς
314 2102 513 2172 στενῆς
548 2101 739 2173 Ούρας,
770 2103 867 2157 καὶ
900 2103 1125 2173 ἐπάγειο
1167 2123 1187 2155 ι
1226 2104 1481 2171 Ἢξουσιν
1510 2106 1619 2159 ἀπὸ
1647 2107 1773 2161 ἀνα-

176 2191 349 2265 τολῷν
397 2193 498 2244 καὶ
549 2191 804 2263 δυσμῶν,
874 2194 970 2247 καὶ
1025 2193 1494 2265 ἀνακλιθήσονται.
1556 2213 1577 2247 ι
1637 2192 1771 2251 Εἶτα

176 2264 430 2350 λέγουσιν
462 2283 649 2354 αὐτῷ’
692 2303 712 2337 ‹
766 2284 989 2352 Ἔξελθε
1014 2324 1031 2351 ,
1079 2287 1161 2339 ὅτι
1225 2264 1468 2357 Ἡρώδης
1520 2286 1770 2358 βούλεταί

182 2391 246 2427 σε
310 2375 552 2430 ἀνελεῖν.
596 2394 615 2426 1
651 2375 761 2429 Καί
783 2393 950 2446 φησιο
999 2395 1017 2428 ι
1058 2377 1420 2447 Πορευθέντες
1470 2380 1658 2433 εἴπατε
1701 2381 1768 2451 τῇ

180 2464 437 2520 ἀλώπεκι
510 2466 708 2540 ταύτῃ.
765 2485 787 2519 1
853 2463 988 2521 Εἶτα
1059 2468 1196 2539 πρὸς
1257 2468 1358 2539 τὴν
1417 2452 1774 2543 Ἰερουσαλήμ

180 2576 346 2629 φησι·
419 2579 441 2610 ι
475 2559 719 2623 Ποσάκις
750 2559 995 2630 ἠθέλησα
1041 2562 1469 2630 ἐπισυναγαγεῖν
1497 2562 1566 2617 τὰ
1606 2563 1772 2618 τέκνα

184 2667 298 2705 σου.
335 2669 356 2701 ι
417 2650 729 2721 Θεραπεύει
760 2651 851 2705 τὸν
878 2652 1181 2724 ὑδρωπικὺν
1209 2655 1267 2709 ἐν
1293 2655 1425 2725 οἴκῳ
1455 2654 1769 2726 Φαρισαίου.

180 2743 316 2814 Περὶ
342 2742 753 2814 πρωτοκλισίας
795 2742 1132 2813 διαλέγεται,
1168 2746 1262 2799 καὶ
1294 2747 1447 2809 τίνας
1476 2746 1556 2799 δεῖ
1588 2747 1773 2801 καλεῖν

180 2833 265 2884 ἐπ’
293 2833 545 2904 ἄριστον.
576 2829 712 2887 Εἶτα
740 2835 773 2905 ή
808 2834 1088 2908 παραϐολὴ
1117 2834 1211 2889 τοῦ
1245 2836 1461 2891 δείπνου
1489 2876 1504 2901 ,
1539 2839 1634 2891 καὶ
1664 2837 1775 2893 τῶν

180 2926 689 2997 παραιτησαμένων
707 2924 899 2981 ἐλθεῖν.
922 2926 1186 2998 Παραινεί
1198 2929 1415 2982 πάντων
1431 2929 1538 2983 τῶν
1557 2931 1773 2985 οἰκείων

179 3019 575 3088 καταφρονεῖν,
608 3017 704 3070 καὶ
727 3016 876 3113 αύτῴ
902 3017 1236 3113 ἀκολουθεῖν.
1272 3018 1460 3093 Εἷταή
1488 3023 1771 3113 παραϐολὴ
1799 3056 1841 3113 C

1868 1815 2004 1869 dicit
2047 1816 2114 1871 de
2163 1817 2363 1888 sinapi,
2405 1826 2458 1873 et
2502 1820 2569 1874 de
2618 1819 2907 1877 fermento.
2962 1820 3333 1892 lnterrogatur
3376 1838 3445 1877 an

1868 1907 2029 1976 pauci
2065 1907 2175 1962 sint
2208 1910 2301 1977 qui
2334 1910 2917 1968 salventur.llortatur
2939 1913 3006 1968 ad
3033 1914 3447 1985 ingrediendum

1866 2009 1966 2063 per
1982 2004 2269 2065 angustam
2288 2007 2521 2066 portam,
2540 2008 2593 2054 et
2609 2001 2831 2055 subdit:
2856 2020 2874 2052 ι
2900 2000 3134 2056 Venient
3150 2002 3217 2057 ab
3237 2004 3450 2059 oriente

1870 2087 2018 2143 etab
2041 2086 2343 2153 occidente,
2367 2098 2421 2145 et
2451 2092 2769 2147 recumbcnt
2791 2094 2857 2147 θ’.
2887 2111 2905 2144 1
2927 2091 3132 2148 Deinde
3151 2094 3339 2149 dicunt
3359 2096 3444 2151 ei:
3514 2108 3523 2114 ‘

1877 2195 1897 2229 ι
1925 2177 2045 2242 Exi,
2071 2195 2196 2233 nam
2220 2178 2459 2236 Herodes
2477 2183 2589 2235 vult
2610 2191 2667 2237 te
2682 2184 2934 2239 occidere
2955 2185 3020 2234 ⁸³.
3048 2205 3067 2236 ›
3089 2184 3405 2256 Respondet
3427 2205 3444 2243 τ

1876 2286 1895 2320 ι
1917 2267 1993 2324 lte
2014 2285 2079 2323 ac
2100 2271 2263 2326 dicite
2278 2273 2424 2342 vulpi
2449 2274 2535 2327 isti
2552 2277 2617 2338 ει,
2644 2294 2663 2326 1
2685 2282 2739 2329 et
2755 2284 2969 2331 caetera.
2989 2275 3121 2332 Post
3146 2277 3213 2331 ad
3226 2275 3450 2333 Jerusa-

1872 2360 1979 2415 lem
2019 2360 2172 2433 14],
2206 2362 2339 2417 dicit
2373 2382 2385 2417 :
2424 2382 2442 2414 ι
2476 2363 2702 2430 Quoties
2747 2365 2896 2419 volui
2934 2381 3268 2436 congregare
3302 2365 3447 2422 ﬁlios

1870 2457 1998 2505 tuos
2017 2453 2087 2517 9⁵,
2118 2470 2138 2503 ι
2182 2460 2289 2509 etc.
2333 2452 2501 2507 Curat
2543 2454 2905 2526 hydropicum
2943 2456 2999 2510 in
3042 2455 3205 2511 domo
3250 2457 3447 2511 Phari-

1872 2542 1967 2597 saei
2020 2543 2159 2614 (cap.
2192 2543 2322 2615 x1v).
2362 2543 2592 2601 Disserit
2627 2546 2695 2602 de
2727 2548 2907 2617 primo
2950 2548 3206 2603 accubitu
3227 2589 3242 2614 ,
3276 2557 3329 2604 et
3353 2550 3450 2620 qui

1872 2636 2104 2689 vocandi
2128 2636 2237 2691 sint
2288 2637 2355 2691 ad
2399 2639 2671 2694 convivia.
2722 2636 2931 2694 Deinde
2958 2640 3275 2710 parabolam
3312 2641 3448 2697 dicit

1874 2725 1943 2781 de
1976 2741 2132 2781 coena
2160 2735 2215 2782 et
2244 2728 2489 2784 invitatis
2520 2730 2586 2784 ad
2619 2745 2740 2786 eam
2770 2732 2957 2787 venire
2987 2731 3446 2791 detrectantibus.

1876 2814 2141 2871 Hortatur
2171 2827 2250 2883 ut,
2286 2818 2493 2874 relictis
2515 2819 2830 2877 domesticis
2851 2822 3129 2887 omnibus,
3157 2838 3217 2879 se
3247 2839 3449 2895 sequa-

1874 2923 2019 2963 mur.
2046 2909 2367 2964 Parabolam
2399 2910 2551 2966 addit
2595 2913 2664 2968 de
2704 2928 2769 2967 eo
2806 2913 2912 2982 .qui
2972 2915 3165 2968 turrim
3193 2916 3448 2984 aediﬁcat,

1874 3008 1929 3054 et
1956 3001 2025 3055 de
2053 3016 2118 3056 eo
2147 3002 2241 3071 qui
2273 3003 2341 3056 ad
2376 3003 2575 3058 bellum
2609 3005 2922 3059 instruitur.
2975 3004 3115 3060 [line
3158 3008 3234 3061 ait
3265 3012 3327 3062 εἰ
3351 3007 3452 3064 Βο-

178 3107 269 3162 τοῦ
291 3108 386 3161 τὸν
411 3108 627 3180 πύργον
650 3106 1054 3180 οἰκοδομοῦντος
1073 3149 1088 3174 ,
1117 3111 1212 3163 καὶ
1240 3109 1335 3163 τοῦ
1365 3112 1770 3183 παρασκευαζο-

1876 3107 2007 3145 num
2065 3101 2149 3149 est
2195 3094 2361 3149 sal”.
2394 3114 2413 3147 1
2455 3094 2796 3150 Murmurant
2841 3095 3102 3152 Pharismi
3152 3098 3291 3170 (cap.
3332 3101 3448 3169 xv),

180 3200 345 3269 μένου
396 3200 483 3261 εἰς
531 3197 789 3268 πόλεμον.
846 3195 984 3253 Εἷτά
1015 3217 1147 3270 φησι
1171 3218 1184 3231 ·
1226 3220 1246 3252 ι
1274 3201 1453 3255 Καλὸν
1470 3203 1532 3255 τὸ
1564 3203 1715 3267 ἆλας.
1746 3223 1766 3257 1

177 3289 556 3358 Γογγύζουσιν
584 3290 635 3341 ot
663 3291 975 3361 Φαρισαῖοι,
1015 3293 1095 3345 ὅτι
1122 3289 1357 3356 τελώνας
1388 3293 1772 3366 προσελαμϐά-

176 3398 317 3436 νετο.
354 3381 527 3449 Λέγει
562 3380 879 3454 παραϐολὴν
902 3383 1038 3455 πρὸς
1061 3384 1275 3449 αὐτοὺς,
1302 3383 1400 3456 τὴν
1439 3386 1534 3438 τοῦ
1564 3386 1776 3440 ἀπολω-

174 3473 328 3538 λότος
364 3472 675 3544 προϐάτου,
707 3473 806 3545 τὴν
838 3475 937 3546 τῆς
961 3474 1228 3547 δραχμῆς,
1262 3477 1356 3530 καὶ
1380 3476 1479 3547 τὴν
1503 3478 1596 3530 τοῦ
1630 3476 1775 3531 ἀσὼ-

175 3583 271 3620 του
317 3567 519 3633 παιδός
544 3583 559 3596 ·
596 3566 727 3638 περὶ
753 3564 847 3619 τοῦ
892 3567 1250 3638 ἐκϐληθέντος
1290 3568 1570 3639 οἰκονόμου
1593 3585 1608 3600 ’
1642 3569 1774 3641 περὶ

178 3660 553 3732 φιλαργυρίας
573 3676 589 3691 ’
629 3660 760 3731 περὶ
798 3660 1172 3733 ὑπερηφανίας
1194 3699 1210 3726 ,
1251 3660 1348 3714 καὶ
1378 3660 1459 3714 ὅτι
1490 3660 1572 3713 δεῖ
1595 3661 1774 3715 πάντα

176 3755 245 3809 τὰ
266 3756 326 3808 ὲν
345 3752 436 3824 τῷ
457 3753 612 3824 νόμῳ
634 3752 1022 3826 πληρωθῆναι·
1047 3752 1290 3824 περὶτοῦ
1322 3752 1649 3818 ἀπολύοντος
1674 3753 1773 3825 τὴν

179 3852 424 3917 γυναῖκα
448 3846 618 3901 αὐτοῦ
645 3863 660 3877 ·
695 3846 825 3919 περὶ
850 3844 944 3899 τοῦ
974 3845 1226 3917 Λαζάρου
1261 3844 1469 3899 καὶτοῦ
1492 3846 1770 3900 πλουσίου.

179 3943 319 4013 Περὶ
334 3941 438 3994 τοῦ
462 3941 766 4011 συγχωρεῖν
787 3939 866 4010 τῷ
892 3938 1116 4011 πλησίον
1131 3938 1201 3992 τὰ
1222 3939 1609 4010 ἁμαρτήματα.
1629 3939 1738 3993 Καί
1755 3956 1768 3970 ’

186 4052 207 4085 ‹
230 4034 327 4097 Τίς
354 4033 500 4103 ἔχων
535 4031 743 4096 δοῦλον,
770 4050 789 4082 ι
829 4031 984 4103 φησὶ,
1025 4049 1045 4081 ι
1082 4030 1443 4103 ἀροτριῶντα,
1472 4031 1573 4084 οὐκ
1601 4031 1773 4084 εἰσελ-

183 4125 330 4179 θόντι
395 4126 509 4180 ἀπὸ
566 4124 662 4178 τοῦ
713 4123 885 4193 ἀγροῦ
934 4123 1247 4190 ὲπιτάττει;
1300 4143 1319 4176 1
1375 4120 1509 4177 Εἶτα
1555 4126 1603 4178 οἱ
1642 4123 1775 4178 δέκα

179 4219 398 4291 λεπροὶ.
445 4219 587 4291 Περὶ
626 4218 726 4289 τῆς
768 4219 1072 4291 παρουσίας
1117 4218 1284 4272 αὐτοῦ
1320 4218 1592 4290 προλέγει.
1638 4219 1776 4291 Περὶ

180 4312 278 4366 τοῦ
303 4312 542 4366 πάντοτε
563 4309 981 4382 προσεύχεσθαι.
1006 4307 1139 4364 Εἷπε
1160 4311 1260 4382 τὴν
1281 4312 1380 4376 τῆς
1405 4313 1577 4383 χήρας
1598 4328 1775 4383 παρα-

1873 3182 2017 3251 quod
2047 3182 2371 3252 publicanos
2398 3185 2723 3255 susciperet.
2759 3184 3083 3243 Parabolam
3116 3190 3186 3243 ad
3219 3205 3316 3247 eos
3363 3190 3451 3245 di-

1874 3273 1949 3327 cit
1977 3273 2045 3328 de
2090 3289 2191 3329 ove
2222 3276 2457 3345 perdita,
2490 3288 2543 3332 et
2569 3277 2637 3333 de
2665 3278 2952 3345 drachma,
2984 3280 3163 3352 deque
3184 3281 3296 3338 ﬁlio
3326 3299 3451 3354 pro-

1873 3366 2000 3437 digo
2037 3383 2049 3419 :
2080 3369 2147 3423 de
2189 3384 2480 3424 mconomo
2511 3371 2686 3439 ejecto
2746 3372 2885 3442 (cap.
2912 3372 3027 3443 τινι)
3058 3392 3071 3428 :
3107 3373 3175 3429 de
3196 3376 3450 3442 avaritia,

1876 3458 1944 3514 de
1972 3460 2254 3530 superbia,
2287 3468 2340 3516 et
2375 3463 2522 3532 quod
2564 3463 2856 3535 adimpleri
2906 3472 3157 3535 oporteat
3188 3482 3451 3537 quaecun-

1873 3567 1980 3621 que
2004 3553 2060 3607 in
2092 3554 2211 3625 lege
2245 3563 2413 3610 sunt:
2447 3555 2513 3611 de
2543 3556 2856 3614 dimittente
2888 3576 3115 3617 uxorem
3155 3578 3308 3618 suam
3340 3582 3353 3617 :
3380 3562 3450 3618 de

1874 3643 2085 3700 Lazaro
2130 3662 2195 3701 ac
2237 3647 2426 3703 divite.
2461 3650 2616 3715 Quod
2648 3651 2976 3706 remittenda
3024 3653 3135 3707 sint
3172 3653 3450 3724 proximo,

1875 3738 2066 3807 quzein
2086 3754 2186 3795 nos
2206 3739 2767 3813 deliquit(cap.xv11).
2800 3743 2902 3797 Et:
2941 3761 2959 3795 ι
2997 3743 3154 3810 Quis,
3189 3763 3210 3797 ι
3250 3745 3449 3816 inquit,

1881 3848 1900 3881 ι
1935 3844 2150 3885 servum
2181 3831 2343 3886 habet
2371 3844 2641 3901 arantem,
2676 3850 2745 3888 an
2773 3850 2839 3889 ex
2858 3850 2990 3905 agro
3020 3838 3317 3892 revertenti
3338 3854 3452 3893 non

1874 3912 2121 3992 praecipit
2142 3922 2185 3955 9"
2205 3923 2228 3976 τ
2252 3942 2270 3974 1
2297 3930 2401 3978 etc.
2424 3923 2630 3980 Deinde
2651 3924 2718 3980 de
2751 3924 2938 3980 decem
2969 3927 3220 3996 leprosis.
3251 3926 3329 3983 De
3355 3928 3452 3983 ad-

1875 4021 2041 4070 ventu
2072 4031 2174 4071 suo
2202 4018 2469 4085 praedicit.
2504 4017 2660 4084 Quod
2694 4034 2911 4090 semper
2933 4019 3005 4075 sit
3036 4021 3327 4077 orandum.
3357 4020 3453 4076 Pa-

1874 4108 2122 4163 rabolam
2164 4109 2299 4164 dicit
2337 4110 2404 4165 de
2456 4110 2620 4181 vidua
2671 4110 2815 4182 (cap.
2863 4111 3043 4184 xv111),
3074 4122 3129 4168 et
3186 4114 3348 4168 aliam
3383 4115 3454 4170 de

1870 4198 2060 4269 judice
2117 4200 2330 4270 iniquo.
2390 4201 2596 4258 Deinde
2634 4219 2646 4254 :
2686 4221 2705 4254 ι
2730 4202 2894 4270 Num,
2935 4223 2954 4256 ι
2992 4204 3191 4275 inquit,
3232 4224 3251 4257 ι
3287 4205 3453 4262 ﬁdem

1875 4290 2116 4346 inveniet
2142 4292 2196 4346 in
2233 4301 2380 4348 terra
2410 4291 2584 4349 Filius
2617 4295 2879 4359 hominis,
2912 4310 3038 4350 cum
3087 4297 3396 4352 venerit”?
3426 4316 3446 4351 ι

183 4403 349 4475 ϐολὴν
372 4444 391 4466 ,
444 4404 540 4455 καὶ
570 4402 669 4474 τὴν
709 4402 801 4456 τοῦ
836 4401 1021 4456 ἀδίκου
1066 4403 1341 4474 ἄρχοντος.
1404 4404 1537 4457 Τότε
1586 4382 1768 4474 λέγει·

1874 4382 2143 4439 Parabola
2176 4385 2244 4440 de
2271 4384 2549 4441 Pharisaao
2569 4396 2623 4441 et
2664 4387 2979 4456 publicano.
3006 4386 3251 4444 Advocat
3288 4388 3358 4443 ad
3392 4404 3454 4445 se

186 4513 208 4546 ι
240 4490 393 4565 τΔρα
424 4493 647 4564 εὑρήσει
677 4492 777 4563 τὴν
804 4491 983 4545 πίστιν
1018 4492 1185 4547 ἐλθὼν
1213 4495 1243 4546 6
1278 4493 1406 4558 Υἱὸς
1434 4494 1529 4548 τοῦ
1562 4494 1771 4567 ἀνθρὼ-

182 4599 322 4647 ποιι;
360 4601 381 4634 ι
432 4583 497 4635 Ἠ
525 4580 809 4653 παραϐολὴ
828 4581 923 4635 τοῦ
950 4582 1237 4653 Φαρισαίου
1259 4584 1353 4638 καὶ
1380 4584 1475 4639 τοῦ
1511 4583 1764 4658 τελώνου.

181 4672 321 4731 Εἶτα
354 4674 751 4743 προσκαλεῖται
781 4675 852 4728 τὰ
884 4674 1093 4729 παιδία.
1147 4676 1518 4748 Προσέρχέται
1549 4679 1579 4731 6
1610 4674 1775 4731 πλού-

184 4786 302 4834 σιος
334 4768 580 4840 ἐρωτῶν,
605 4768 660 4821 τί
688 4768 923 4838 ποιήσας
945 4766 1089 4838 ζωὴν
1117 4767 1331 4823 αἰώνιον
1360 4767 1774 4840 κληρονομήσει.

182 4862 324 4933 Περὶ
346 4858 445 4913 τοῦ
480 4858 687 4923 πάθους
717 4858 866 4927 λέγει
898 4860 1012 4923 τοῖς
1037 4859 1333 4930 μαθηταῖς·
1379 4860 1428 4912 οἱ
1460 4858 1517 4911 δὲ
1550 4858 1610 4911 οὐ
1656 4875 1780 4912 συν-

181 4952 348 5023 ῆκαν.
397 4951 455 5003 Ὀ
479 4948 680 5019 τυφλὸς
706 4948 1104 5020 θεραπεύεται,
1132 4949 1160 5001 6
1183 4948 1350 5017 ἐγγὺς
1389 4947 1665 5020 Ἱεριχοῦς.
1699 4947 1782 5001 Τὰ

183 5042 330 5098 κατὰ
376 5042 472 5095 τὸν
522 5043 809 5112 Ζακχαῖον.
881 5042 946 5094 Ἦ
974 5040 1259 5111 παραϐολὴ
1299 5038 1393 5092 τοῦ
1428 5038 1780 5109 βουληθέντος

183 5133 457 5203 ἀγοράσαι
488 5131 783 5201 βασιλείαν.
838 5130 921 5184 Τά
949 5130 1092 5185 κατά
1127 5130 1218 5184 τὸν
1250 5129 1452 5183 πῶλον.
1510 5130 1648 5200 Περὶ
1676 5129 1780 5200 τῆς

182 5225 443 5288 ἁλώσεως
454 5226 556 5296 τῆς
581 5224 791 5289 πόλεως
809 5223 1085 5297 προλέγει.
1120 5220 1404 5276 Ἐκϐἀλλει
1424 5223 1489 5275 ὲκ
1511 5221 1605 5274 τοῦ
1630 5219 1776 5291 ἱεροῦ

182 5319 310 5382 τοὺς
335 5316 671 5381 πωλοῦντας.
728 5316 862 5371 Τότε
888 5316 1137 5385 λέγουσιν
1159 5332 1174 5345 ·
1228 5334 1247 5367 ι
1288 5316 1378 5368 Ἐν
1404 5313 1534 5386 ποίᾳ
1558 5312 1778 5385 ἐξουσίᾳ

179 5405 356 5459 ταῦτα
387 5408 593 5469 ποιείς;
625 5424 645 5457 1
665 5406 877 5478 Ἐρωτᾷ
899 5405 1096 5466 αὐτοὺς
1118 5404 1245 5476 περὶ
1272 5403 1367 5457 τοῦ
1398 5403 1775 5474 βαπτίσματος

1876 4477 2157 4545 parvulos.
2202 4477 2430 4532 Accedit
2471 4479 2541 4533 ad
2600 4494 2727 4533 eum
2778 4479 2934 4536 dives
2984 4480 3209 4550 quidam
3247 4495 3452 4552 rogans

1874 4566 2007 4638 quid
2038 4566 2222 4632 faciat,
2251 4578 2307 4623 ut
2330 4570 2499 4624 vitam
2555 4577 2817 4625 aeternam
2866 4572 3147 4647 possideat
3181 4572 3290 4629 :de
3319 4588 3451 4640 pas-

1870 4662 2023 4716 sione
2057 4676 2157 4717 sua
2185 4662 2434 4732 praedicit
2459 4662 2748 4733 discipulis
2785 4682 2799 4717 :
2834 4663 2941 4734 ipsi
2966 4679 3098 4720 vero
3140 4679 3254 4719 non
3286 4657 3455 4719 intelo'

1869 4754 2130 4826 ﬁgebant.
2185 4756 2375 4811 Caecus
2420 4765 2647 4811 curatus
2696 4771 2865 4826 prope
2904 4755 3125 4812 Jericho
3159 4776 3174 4812 :
3208 4757 3276 4813 de
3313 4757 3453 4813 Zac-

1872 4847 2024 4903 cbzeo
2070 4849 2210 4919 (cap.
2245 4845 2389 4918 χιι).
2421 4846 2749 4903 Parabolam
2799 4846 2933 4901 dicit
2964 4846 3034 4903 de
3080 4862 3170 4911 eo,
3203 4847 3298 4918 qui
3343 4847 3451 4903 sibi

1875 4937 1981 5007 ipsi
2022 4939 2237 4993 volebat
2290 4938 2578 5008 acquirere
2630 4954 2884 5008 regnum.
2929 4936 3005 4992 De
3052 4937 3200 5008 pullo
3254 4939 3447 4994 asinae.

1875 5026 2043 5082 Urbis
2071 5027 2345 5082 excidium
2379 5026 2644 5097 praedicit.
2672 5025 2985 5081 Vendentcs
3018 5025 3167 5094 ejicit
3213 5023 3281 5079 de
3310 5032 3451 5079 tem-

1873 5120 1987 5190 plo.
2028 5118 2182 5174 Tunc
2209 5119 2399 5173 dicunt
2439 5119 2517 5172 illi
2549 5116 2688 5190 (cap.
2730 5116 2868 5189 xx):
2904 5134 2923 5165 σ
2963 5115 3022 5169 In
3052 5130 3159 5186 qua
3183 5122 3452 5185 potestate

1872 5214 1989 5269 haec
2019 5212 2158 5267 facis
2177 5212 2259 5265 ”?
2288 5231 2307 5263 ι
2341 5210 2646 5281 Interrogat
2676 5209 2800 5264 illos
2830 5207 2898 5263 de
2925 5207 3256 5276 baptismate
3282 5204 3449 5260 Joan-

1870 5306 1980 5361 nis.
2007 5303 2310 5374 Subjicitur
2336 5302 2597 5373 parabola
2620 5300 2687 5355 de
2724 5303 2904 5365 vinea,
2941 5307 2995 5354 et
3026 5288 3290 5367 improbis
3312 5296 3454 5367 agri-

1871 5398 2009 5455 colis
2046 5414 2060 5450 :
2093 5397 2161 5453 de
2186 5411 2378 5462 censu,
2404 5402 2460 5451 et
2488 5394 2556 5450 de
2583 5393 2814 5448 muliere
2857 5406 2979 5463 quae
3009 5398 3216 5462 septem
3266 5388 3453 5444 fratri-

247 5632 293 5665 ⁸⁷
335 5634 451 5688 Luc
475 5647 576 5697 ιιι,
611 5633 666 5686 4.
742 5631 936 5686 “ibid.
968 5629 1021 5686 6.
1093 5629 1288 5684 "ibid.
1310 5629 1378 5683 10
1411 5696 1429 5700 _
1463 5629 1510 5660 ⁹⁰
1549 5629 1679 5684 ibid.
1715 5627 1770 5683 ιε

1882 5631 1922 5663 ⁹¹
1966 5628 2097 5684 ibid.
2133 5628 2218 5682 58.
2295 5630 2341 5661 ⁹²
2382 5625 2515 5700 ιιιο.
2550 5624 2778 5700 πιιι,29.
2856 5623 2904 5700 ’_'
2921 5623 3053 5683 ibid.
3089 5624 3180 5683 51.
3254 5621 3462 5700 "ibid.

180 5703 271 5761 52.
347 5706 395 5737 "
434 5693 572 5760 ibid.
602 5704 692 5760 54.
769 5704 817 5737 ’⁸
851 5700 984 5759 Luc.
1020 5701 1248 5769 11",“.
1326 5701 1371 5733 ⁸⁷
1407 5696 1541 5757 Luc.
1576 5715 1721 5771 xvu,
1759 5700 1770 5751 τ

1887 5700 1932 5737 ⁸⁸
1971 5699 2106 5758 Luc.
2142 5713 2297 5771 xvm,
2332 5700 2385 5760 8.
2443 5698 2508 5786 ff
2547 5697 2680 5756 Luc.
2719 5712 2824 5766 xx,
2856 5693 2913 5751 2.
