3886 6182
448 300 554 356 399

1578 286 1635 343 S.
1679 280 2148 340 ATHANASIUS.
2172 309 2242 319 -—
2268 272 2499 332 DUBIA.

3602 262 3716 320 400

449 420 554 478 bus
598 425 769 489 nupta
823 416 943 471 fuit.
990 412 1197 470 Deinde
1256 412 1556 480 interrogat
1582 423 1677 463 eos
1719 406 1786 461 de
1816 405 2019 474 seipse,

2135 396 2404 451 Ἰωάννου.
2440 390 2574 447 Εἶτα
2604 394 2637 463 ἡ
2670 388 2948 460 παραϐολὴ
2979 385 3073 439 τοῦ
3106 382 3422 455 ἀμπελῶνος
3441 420 3456 443 ,
3477 380 3570 433 καὶ
3597 380 3714 433 τῶν

450 511 728 585 quomodo
756 510 964 575 dicant,
1000 508 1180 579 ipsum
1207 520 1329 561 esse
1375 503 1544 557 illium
1572 499 1809 554 'Davidis
1841 515 1852 548 :
1880 496 2027 552 edis-

451 605 584 663 serit
607 606 674 661 de
706 604 884 674 primo
913 616 1199 655 consessu.
1238 596 1409 652 Vidua
1437 593 1662 650 denaria
1704 591 1814 646 duo
1862 588 2027 643 mittit

456 701 537 770 (in
600 693 1052 767 gazophylacium
1109 689 1248 763 [cap.
1305 687 1467 759 κη).
1537 685 1611 740 De
1669 681 2029 740 subversione

452 788 640 860 templi
673 785 947 859 praedicit,
973 790 1025 838 et
1065 782 1225 836 malis
1262 779 1482 834 futuris.
1518 775 1689 830 Judas
1731 772 2028 844 paciscitur

451 896 579 937 cum
615 878 841 934 Iudaeis.
891 874 1204 946 Discipulos
1247 871 1416 926 mittit
1463 868 1530 923 ad
1566 866 1871 939 parandum
1930 879 2027 933 pa-

452 971 585 1027 scha
615 970 754 1041 (cap.
786 966 950 1040 xxu).
982 964 1345 1023 Convincitur
1364 960 1537 1017 Judas
1565 968 1690 1031 post
1714 958 2027 1014 institutum

450 1064 798 1137 mysterium.
830 1059 1186 1117 Contendunt
1224 1056 1368 1110 inter
1412 1069 1471 1109 se
1517 1050 1773 1121 discipuli
1812 1049 1880 1103 de
1909 1046 2026 1117 pri-

448 1162 623 1211 matu.
656 1152 738 1208 Ad
766 1151 1047 1206 Simonem
1091 1147 1291 1204 deinde
1333 1145 1508 1201 dicit:
1542 1163 1561 1196 ι
1600 1142 1741 1197 Ecce
1792 1140 2027 1194 Satanas

449 1247 607 1318 petiit
638 1261 737 1302 vos
758 1245 798 1309 ⁸,
841 1263 861 1296 ι
898 1242 1250 1314 prazdicitque
1280 1238 1359 1293 illi
1387 1236 1731 1307 negationem
1766 1234 2024 1294 futuram,

447 1345 502 1391 et
525 1336 681 1406 jubet
711 1333 999 1403 discipulis
1029 1339 1089 1386 ut
1118 1330 1310 1385 tollant
1346 1341 1532 1382 secum
1565 1338 1903 1381 crumenam.
1923 1320 2027 1376 Ca»

447 1427 599 1498 pitur
625 1432 837 1496 postea.
869 1422 1040 1493 Negat
1059 1435 1186 1475 eum
1227 1417 1447 1474 Petrus.
1480 1416 1719 1471 Caeditur
1752 1429 1782 1467 a
1822 1412 2026 1468 Judazis

445 1516 630 1574 Jesus.
673 1516 1067 1585 lnterrogatur,
1103 1527 1232 1566 num
1270 1511 1388 1581 ipse
1432 1510 1503 1565 sit
1542 1507 1819 1571 Christus,
1850 1513 1904 1561 et
1940 1521 2027 1561 re-

445 1611 697 1683 spondet.
731 1607 966 1664 Ducitur
1004 1607 1069 1662 ad
1104 1605 1342 1659 Pilatum
1381 1604 1519 1674 (cap.
1555 1602 1740 1672 mn),
1769 1608 1824 1654 et
1855 1599 2026 1653 mitti-

446 1710 538 1757 tur
559 1701 626 1756 ad
656 1699 950 1764 Herodem,
981 1698 1134 1753 illinc
1158 1710 1358 1751 rursus
1385 1693 1452 1747 ad
1478 1693 1734 1747 Pilatum.
1768 1690 2027 1745 Traditur

2131 488 2383 561 πονηρῶν
2424 485 2707 557 γεωργῶν.
2741 482 2822 535 Τά
2852 482 2978 552 περὶ
3006 479 3099 533 τοῦ
3129 480 3348 549 κήνσου,
3369 475 3463 527 καὶ
3490 473 3587 543 τῆς
3609 490 3719 541 γα-

2132 578 2398 649 μηθείσης
2429 579 2543 639 τοῖς
2576 574 2628 639 ζ’
2663 572 2927 640 ἀδελφοῖς.
2983 565 3113 621 Εἶτα
3143 567 3323 637 ἐρωτᾷ
3355 564 3547 627 αὐτοὺς
3580 562 3716 633 περὶ

2128 671 2322 726 ἐαυτοῦ
2347 712 2360 734 ,
2397 669 2514 733 πῶς
2564 668 2781 736 λέγουσι
2809 665 2898 717 τὸν
2936 661 3169 735 Χριστὸν
3197 660 3310 714 υἱὸν
3342 657 3503 711 Δαϐὶδ
3532 652 3673 709 εἶναι
3693 671 3711 685 °

2128 765 2219 818 καὶ
2248 764 2375 835 περὶ
2403 759 2880 833 πρωτοκαθεδρίας
2912 755 3237 822 διαλέγεται.
3286 749 3531 820 Βάλλειῆ
3563 750 3714 823 χήρα

2126 857 2219 910 δύο
2244 857 2491 927 δηνάρια.
2540 854 2677 925 Περὶ
2703 854 2801 922 τῆς
2830 847 3212 921 καταστροφῆς
3243 846 3335 898 τοῦ
3366 843 3493 897 ναοῦ
3515 886 3530 903 ,
3578 842 3717 914 περὶ

2126 949 2233 1002 τῶν
2266 947 2568 1019 μελλόντων
2599 944 2852 1017 προλέγει
2887 941 3092 996 κακῶν.
3159 937 3469 991 Συντίθεται
3507 936 3716 998 Ἰούδας

2132 1040 2268 1114 μετὰ
2301 1039 2408 1094 τῶν
2442 1038 2728 1092 Ἰουδαίων.
2762 1036 2977 1107 Πέμπει
2998 1034 3125 1097 τοὺς
3154 1029 3399 1103 μαθητὰς
3425 1029 3717 1099 ἑτοιμάσαι

2127 1131 2189 1185 τὸ
2237 1131 2441 1201 πάσχα.
2513 1126 2822 1196 Ἐλέγχεται
2863 1122 3060 1184 Ἰούδας
3097 1119 3235 1191 μετὰ
3279 1118 3340 1170 τὸ
3389 1116 3711 1189 μυστήριον.

2126 1221 2431 1276 Φιλονεικία
2462 1218 2571 1271 τῶν
2602 1215 2857 1288 μαθητῶν
2891 1213 3019 1285 περὶ
3046 1211 3346 1283 πρωτείων.
3412 1203 3546 1260 Εἶτα
3573 1205 3717 1278 πρὸς

2127 1316 2216 1369 τὸν
2236 1313 2456 1384 Σίμωνά
2477 1327 2609 1381 φησι
2626 1327 2640 1341 ’
2672 1328 2690 1360 ι
2715 1309 2844 1361 Ἰδοὺ
2865 1308 2892 1358 6
2908 1305 3152 1366 Σατανᾶς
3177 1301 3475 1372 ἐξῃτήσατο
3493 1299 3638 1369 ὑμᾶς
3656 1314 3670 1328 ·
3685 1316 3710 1349 ι

2126 1407 2222 1461 καὶ
2243 1405 2497 1478 προλέγει
2525 1401 2689 1455 αὐτοῦ
2724 1400 2821 1472 τὴν
2850 1401 3077 1471 ἄρνησιν
3101 1440 3115 1462 ,
3152 1396 3247 1449 καὶ
3277 1391 3716 1465 παρακελεύεται

2125 1500 2236 1562 τοῖς
2266 1495 2537 1568 μαθηταῖς
2579 1492 2868 1563 βαστάζειν
2893 1490 3194 1561 βαλάντιον.
3234 1482 3366 1540 Εἶτα
3402 1482 3718 1554 συλλαμϐά-

2128 1607 2295 1645 νεται.
2328 1590 2598 1661 Ἀρνεῖται
2632 1586 2853 1656 Πέτρος.
2889 1584 3160 1636 Τύπτεται
3186 1582 3213 1633 6
3249 1578 3455 1651 Ἰησοῦς
3476 1577 3580 1630 ὑπὸ
3598 1576 3717 1628 τῶν

2139 1682 2426 1736 Ἰουδαίων.
2475 1679 2808 1751 Ἐρωτᾶται,
2845 1678 2893 1728 εἱ
2926 1674 3086 1736 αὐτὸς
3120 1673 3204 1741 εἴη
3237 1673 3265 1724 6
3312 1669 3575 1743 Χριστὸς,
3617 1668 3717 1721 καὶ

446 1802 507 1850 ut
557 1792 931 1862 cruciilgatur,
985 1789 1235 1860 sequitur
1280 1786 1441 1841 turba
1473 1804 1485 1839 :
1516 1785 1580 1839 ad
1647 1783 1903 1838 mulieres
1954 1782 2023 1837 de

2132 1773 2498 1844 ἀποκρίνεται.
2537 1772 2766 1838 Ἀγεται
2798 1768 2931 1839 πρὸς
2963 1765 3053 1819 τὸν
3086 1764 3346 1829 Πιλᾶτον,
3371 1763 3463 1816 καὶ
3496 1761 3716 1831 πέμπε-

444 1886 605 1943 malis
636 1883 838 1940 futuris
860 1883 1104 1938 disserit.
1136 1880 1506 1950 Cruciﬁgitur.
1538 1876 1754 1946 Corpus
1782 1874 1902 1944 ejus
1928 1872 2023 1929 Jo-

445 1978 582 2049 seph
611 1976 827 2047 sepelit.
853 1974 1117 2030 Deferunt
1147 1972 1406 2027 mulieres
1446 1976 1693 2025 aromata
1742 1967 1809 2022 ad
1842 1967 2024 2037 sepul-

446 2085 607 2125 crum
663 2068 806 2141 (cap.
866 2066 1040 2135 xxiv),
1096 2064 1193 2120 sed
1244 2063 1520 2119 nemiuem
1577 2060 1879 2115 inveniunt.
1929 2056 2023 2111 Di-

445 2168 609 2219 scunt
644 2176 675 2215 a
702 2160 917 2217 duobus
964 2158 1196 2229 angelis,
1241 2155 1388 2227 quod
1448 2153 1835 2209 resurrexerit.
1870 2149 2022 2205 Nun-

443 2255 585 2311 tiant
635 2253 739 2308 hoc
767 2251 1070 2321 discipulis.
1118 2247 1199 2303 Illi
1252 2263 1361 2303 non
1415 2244 1670 2301 credunt.
1712 2241 1915 2298 Petrus
1953 2238 2020 2295 ad

446 2351 869 2400 monumentum
909 2343 1083 2397 currit
1114 2347 1168 2395 et
1207 2340 1289 2411 (ut
1334 2337 1592 2392 mulieres
1623 2334 1903 2403 dixerunt)
1933 2332 2021 2387 in-

444 2437 613 2493 venit.
656 2435 898 2507 Apparet
947 2433 1205 2488 Christus
1257 2429 1474 2485 duobus
1511 2430 1615 2483 iter
1666 2426 2016 2481 facientibus.

445 2526 527 2581 Illi
557 2527 764 2582 reversi
797 2524 1029 2579 audiunt
1077 2522 1370 2577 Dominum
1424 2518 1744 2589 apparuisse
1789 2515 2018 2570 Simoni.

2128 1886 2219 1922 ται
2242 1866 2377 1937 πρὸς
2396 1865 2486 1918 τὸν
2519 1861 2785 1935 Ἡρώδην.
2818 1856 2953 1914 Εἶτα
2977 1857 3113 1932 πρὸς
3135 1857 3225 1910 τὸν
3246 1856 3474 1910 Πιλᾶτον
3493 1854 3709 1922 ἄγεται.

2128 1958 2484 2031 Παραδίδοται
2507 1954 2917 2026 σταυρωθῆναι·
2942 1948 3225 2005 ἀκολουθεῖ
3244 1948 3395 2019 ὄχλος
3410 1964 3425 1978 ο
3451 1947 3587 2017 πρὸς
3609 1945 3716 2009 τάς

2128 2055 2390 2122 γυναῖκας
2407 2049 2712 2117 διαλέγεται
2731 2045 2858 2118 περὶ
2879 2044 2985 2098 τῶν
3010 2042 3305 2114 μελλόντων
3321 2038 3523 2094 κακῶν.
3546 2039 3717 2091 Σταυ-

2131 2146 2339 2219 ροῦται.
2373 2144 2576 2197 Θάπτει
2613 2139 2808 2211 Ἰωσὴφ
2846 2138 2906 2190 τὸ
2936 2137 3114 2208 σῶμα.
3150 2134 3409 2206 Φέρουσιν
3440 2133 3496 2184 αἱ
3523 2133 3718 2199 γυναῖ-

2128 2254 2222 2300 κες
2253 2235 2523 2307 ἀρώματα
2553 2235 2632 2295 εἰς
2662 2232 2755 2284 τὸν
2795 2230 2965 2298 τάφον
2987 2270 3001 2295 ,
3058 2229 3153 2281 καὶ
3184 2227 3281 2295 οὺχ
3299 2221 3470 2296 σῦρον
3493 2224 3712 2281 οὐδένα.

2126 2328 2468 2382 Μανθάνουσι
2524 2323 2673 2394 παρὰ
2717 2321 2826 2373 τῶν
2877 2320 2972 2373 δύο
3030 2317 3313 2387 ἀγγέλων,
3364 2316 3442 2370 ὅτι
3484 2314 3712 2382 ἀνέστη.

2133 2418 2557 2489 Ἀπαγγέλλουσι
2578 2417 2691 2479 τοῖς
2711 2414 2995 2485 μαθηταῖς.
3016 2414 3079 2464 Ui
3100 2412 3155 2464 δὲ
3178 2409 3718 2481 ἠπίστουν.Ἔδραμι

2121 2512 2328 2583 Πέτρος
2358 2512 2439 2572 εἰς
2468 2508 2530 2560 τὸ
2564 2507 2845 2578 μνημεῖον,
2876 2503 2969 2556 καὶ
3009 2496 3165 2571 εὗρεν
3190 2499 3384 2562 οὕτως.
3415 2496 3550 2550 Τότε
3584 2494 3717 2562 φαί-

444 2617 567 2675 Mox
594 2618 746 2674 stetit
788 2616 1083 2687 derepente
1131 2615 1186 2668 in
1227 2612 1410 2669 medio
1452 2583 1642 2666 eorum
1677 2625 1689 2661 :
1723 2607 2021 2678 stupeﬁunt

2132 2624 2269 2662 θεται
2301 2607 2413 2669 τοῖς
2459 2602 2551 2657 δύο
2595 2598 2987 2672 ὁδοιποροῦσιν.
3035 2592 3507 2666 ’Υποστρὲψαντες
3536 2583 3711 2649 οὗτοι,

442 2710 703 2783 discipuli
741 2728 755 2766 :
794 2708 1132 2766 ostenditeis
1150 2706 1463 2768 cicatrices,
1486 2714 1539 2759 et
1569 2701 1805 2758 comedit
1833 2714 2020 2755 coram

2132 2701 2378 2769 ἥκουσαν,
2413 2698 2495 2751 ὅτι
2529 2693 2685 2765 ὤφθη
2714 2694 2941 2763 Σίμωνι.
2984 2685 3118 2743 Εἶτα
3140 2687 3267 2756 ἔστη
3296 2683 3508 2752 ἀθρόως
3530 2684 3588 2733 ἐν
3618 2679 3719 2750 μὲ-

441 2803 541 2860 eis.
580 2802 806 2858 Eductis
828 2810 1011 2856 autem
1047 2799 1157 2853 illis
1187 2797 1533 2860 Bethaniam,
1568 2798 1885 2864 assumptus
1916 2801 2019 2845 est.

2123 2807 2201 2860 σῳ
2230 2788 2408 2844 αὐτῶν
2430 2805 2443 2818 ο
2490 2788 2543 2839 οἱ
2588 2786 2646 2839 δέ
2675 2783 3039 2855 ἐπτοήθησαν.
3107 2776 3345 2843 Ἐδειξεν
3376 2776 3556 2836 αὐτοῖς
3584 2774 3719 2835 τοὺς

439 2892 665 2961 τύπους,
693 2892 787 2947 καὶ
813 2891 941 2963 ἔφεν
970 2890 1081 2962 (51)
1112 2889 1341 2943 ἐνώπιον
1374 2886 1571 2942 αὐτῶν.
1621 2881 1931 2953 Ἐξαγαγὼν
1958 2882 2014 2935 δέ
2046 2884 2245 2945 αυτοὺς
2273 2884 2351 2945 εἰς
2383 2878 2673 2951 Βηθανίαν,
2704 2874 3002 2947 ἀνελήφθη.

583 3001 741 3056 Liber
774 3000 801 3055 1
817 3000 879 3066 γ,
903 2999 1243 3071 Evangelium
1281 2996 1567 3052 secundum
1591 2994 1876 3049 Joannem.

509 3093 603 3149 50.
672 3093 911 3149 Joannes
936 3092 1220 3149 Christum
1259 3090 1389 3146 dicit
1429 3089 1596 3145 Deum
1636 3104 1760 3144 esse
1788 3089 1926 3157 (cap.
1954 3086 2016 3157 ι).

439 3180 639 3240 Narrat
662 3184 729 3240 de
758 3183 1007 3255 Baptista
1040 3198 1052 3234 :
1091 3190 1205 3235 tum
1234 3182 1301 3237 de
1335 3181 1580 3243 Christo,
1612 3188 1666 3234 et
1720 3178 1788 3234 de
1836 3178 2023 3232 lncar-

440 3279 683 3333 natione.
732 3276 816 3332 Ad
865 3291 925 3332 se
971 3275 1158 3330 missis
1218 3273 1516 3344 respondet
1570 3272 1834 3344 Baptista.
1871 3270 2024 3325 Inse-

443 3377 648 3440 quente
678 3369 768 3424 die
798 3376 1028 3424 testatur
1056 3366 1122 3422 de
1147 3364 1301 3430 Jesu,
1334 3365 1481 3436 quod
1516 3365 1755 3435 Spiritus
1794 3364 2023 3419 descen-

443 3459 773 3530 deritsuper
801 3473 948 3515 eum.
980 3457 1256 3528 Sequente
1291 3457 1492 3513 iterum
1533 3456 1620 3511 die
1648 3457 2053 3512 testimonium'

444 3550 692 3621 perhibet
721 3550 788 3606 de
818 3548 973 3606 Jesu.
1023 3548 1156 3606 Sese
1197 3549 1276 3604 illi
1324 3549 1572 3620 adjungit
1624 3549 1890 3605 Andreas.
1924 3548 2025 3605 Pe-

444 3650 595 3698 trum
629 3642 854 3698 adducit
881 3642 1131 3698 Andreas
1151 3642 1217 3697 ad
1234 3641 1541 3698 Christum.
1566 3640 1794 3698 Postero
1816 3641 1905 3697 die
1925 3656 2023 3696 vo-

445 3743 534 3792 cat
563 3734 876 3805 Philippum
906 3733 1157 3790 Andreas
1181 3733 1250 3789 ad
1276 3748 1422 3789 eum.
1454 3733 1686 3789 Postero
1717 3732 1806 3788 die
1841 3748 2027 3803 egres-

446 3841 544 3883 sus
576 3827 632 3881 in
652 3824 931 3880 Galilaeam
952 3824 1134 3890 Iesus,
1161 3828 1320 3879 vocat
1349 3823 1660 3895 Philippum
1696 3842 1711 3878 :
1746 3823 1833 3878 hic
1865 3820 2026 3896 142

448 3915 600 3971 ducit
620 3915 925 3972 Nathanael
948 3916 1017 3972 ad
1047 3932 1194 3973 eum.
1232 3915 1632 3972 Testimonium
1670 3916 1798 3971 huic
1825 3916 1919 3971 dat
1939 3914 2030 3970 Je-

449 4022 567 4064 sus.
623 4005 838 4078 Nuptiae
889 4005 1027 4062 ﬁunt
1069 4007 1127 4061 in
1154 4006 1303 4062 Cana
1336 4005 1473 4078 (cap.
1523 4008 1606 4077 ιι).
1649 4005 1846 4063 Postea
1882 4008 2032 4061 venit

448 4100 821 4171 Capernaum.
852 4098 1114 4155 Ascendit
1138 4097 1533 4171 Jerosolymam
1562 4101 1616 4153 in
1639 4099 1780 4156 festo
1796 4098 2033 4155 Pascha-

451 4192 558 4247 tis:
582 4191 735 4263 ejicit
766 4206 797 4247 e
826 4191 1032 4262 templo
1054 4191 1353 4248 vendentes
1380 4192 1688 4249 columbas.
1710 4191 1863 4247 Multi
1905 4208 2029 4247 ere-

451 4284 589 4339 dunt
612 4287 669 4339 in
702 4299 848 4340 eum.
875 4282 1014 4339 Tum
1046 4284 1115 4341 de
1135 4283 1437 4341 Nicodemo
1469 4288 1608 4355 (cap.
1637 4287 1746 4355 ut).
1786 4285 1919 4342 Post
1942 4302 2033 4341 ve-

451 4378 533 4433 nit
556 4378 612 4432 in
639 4376 884 4433 Iudaeam
912 4386 968 4432 et
993 4377 1345 4448 baptizabant
1368 4379 1542 4449 ipsius
1566 4378 1843 4449 discipuli.
1877 4377 2030 4433 Nun-

2489 2991 2730 3046 Βιϐλίων
2758 2988 2839 3052 δ’,
2876 2986 3026 3041 κατὰ
3060 2984 3355 3050 Ἰωάννην.

2200 3087 2288 3142 50.
2325 3084 2577 3153 Θεολογεῖ
2605 3085 2633 3135 6
2674 3082 2925 3150 Ἰωάννης
2955 3079 3045 3133 τὸν
3071 3074 3325 3148 Χριστόν.
3387 3071 3547 3138 Λέγει
3577 3067 3719 3136 περὶ

2124 3179 2217 3231 τοῦ
2245 3174 2571 3230 Βαπτιστοῦ·
2610 3170 2733 3228 εἶτα
2770 3172 2899 3243 περὶ
2921 3171 3013 3224 τοῦ
3038 3165 3296 3236 Χριστοῦ,
3322 3165 3416 3219 καὶ
3442 3163 3542 3231 τῆς
3565 3162 3719 3213 ἐναν-

2127 3270 2484 3343 θρωπὴσεως.
2556 3265 2936 3336 Ἀποκρίνεται
2967 3264 2996 3314 ὁ
3040 3258 3349 3329 Βαπτιστὴς
3398 3254 3534 3327 πρὸς
3583 3253 3720 3314 τοὺς

2127 3361 2530 3424 ἀποσταλέντας
2556 3359 2690 3431 πρὸς
2724 3357 2907 3411 αὐτόν.
2941 3356 3019 3427 Τῇ
3045 3354 3305 3425 ἐπαύριον
3340 3348 3606 3421 μαρτυρεῖ
3633 3344 3720 3415 τῷ

2141 3454 2345 3528 Ἰησοῦ,
2377 3455 2459 3507 ὅτι
2490 3452 2550 3505 τὸ
2596 3450 2821 3521 Πνεῦμα
2849 3448 3052 3519 κατέϐη
3097 3446 3184 3498 ἐπ’
3211 3443 3391 3497 αὐτόν.
3427 3441 3506 3511 Τῇ
3536 3438 3716 3491 ἐπαύ-

2130 3566 2243 3619 ριον
2278 3546 2439 3600 πάλιν
2472 3545 2735 3615 μαρτυρεῖ
2761 3540 2837 3611 τῷ
2880 3537 3077 3611 Ἰησοῦ.
3113 3536 3223 3590 Καὶ
3242 3533 3534 3590 κολλῶνται
3560 3529 3723 3600 αὐτῷ

2128 3642 2178 3693 οἱ
2208 3640 2336 3711 περὶ
2380 3636 2652 3706 Ἀνδρέαν.
2696 3636 2850 3703 Ἀγει
2881 3632 2972 3686 τὸν
2996 3628 3203 3702 Πέτρον
3236 3631 3265 3681 6
3301 3625 3550 3696 Ἀνδρέας
3573 3621 3724 3694 πρὸς

2129 3732 2308 3785 αὐτόν.
2332 3731 2408 3800 Τῇ
2430 3728 2688 3799 ἐπαύριον
2704 3726 2860 3780 καλεῖ
2874 3725 2962 3777 τὸν
2977 3722 3238 3776 Φίλιππον
3254 3722 3283 3773 6
3310 3716 3559 3787 Ἀνδρέας
3576 3713 3725 3784 πρὸς

2129 3821 2309 3875 αὐτόν.
2363 3820 2441 3890 Τῇ
2477 3817 2739 3888 ἐπαύριον
2772 3815 2929 3867 καλεῖ
2968 3813 3059 3866 τὸν
3097 3811 3362 3864 Φίλιππον
3410 3809 3438 3859 6
3482 3803 3720 3874 Ἰησοῦς,

2130 3912 2361 3979 ἐξελθὼν
2394 3914 2474 3977 είς
2496 3910 2595 3982 τὴν
2614 3908 2924 3962 Γαλιλαίαν.
2958 3899 3126 3968 Οὗτος
3158 3903 3279 3971 ἄγει
3305 3900 3397 3954 τὸν
3417 3896 3726 3967 Ναθαναὴλ

2131 4002 2268 4077 πρὸς
2295 4002 2476 4056 αὐτόν.
2512 4001 2795 4072 Μαρτυρεῖ
2821 3997 2968 4069 αὐτῷ
2987 3999 3016 4050 6
3061 3992 3290 4066 Ἰησοῦς.
3356 3991 3415 4045 Ὀ
3447 3991 3623 4061 γάμος
3654 3990 3726 4041 ἐν

2130 4098 2287 4153 Κανᾶ
2312 4098 2544 4166 γίνεται.
2602 4089 2737 4147 Εἶτα
2763 4091 2980 4163 ἔρχεται
3007 4091 3085 4153 είς
3111 4083 3436 4157 Καπερναού
3446 4102 3503 4155 μ.
3556 4083 3727 4135 Ἀνα-

2132 4190 2306 4243 ϐαίνει
2335 4191 2416 4254 εἰς
2450 4184 2798 4260 Ἰεροσόλυμα
2820 4186 2878 4239 ἐν
2905 4182 2982 4254 τῷ
3011 4183 3230 4252 Πάσχα·
3255 4176 3505 4232 ἐκϐάλλει
3533 4177 3598 4228 ἐκ
3618 4174 3725 4229 τοῦ

2135 4283 2281 4355 ἱεροῦ
2315 4283 2444 4345 τοὺς
2490 4277 2803 4337 πωλοῦντας
2835 4276 2930 4339 τὰς
2980 4272 3331 4344 περιστεράς.
3399 4268 3593 4322 Πολλοὶ
3625 4284 3728 4320 πι-

2136 4375 2414 4429 στεύουσιν
2444 4375 2523 4436 είς
2555 4371 2739 4426 αὐτόν.
2775 4365 2909 4421 Εἶτα
2954 4366 3022 4420 τὰ
3052 4365 3193 4418 κατά
3216 4362 3542 4433 Νικόδημον.
3582 4354 3729 4412 Εἶτα

452 4468 647 4522 tiatuut
678 4476 763 4523 est
793 4469 897 4522 hoc
917 4467 1135 4523 Joanni.
1171 4448 1414 4524 Audiens
1442 4467 1605 4523 Jesus
1640 4448 1921 4523 idnotum
1953 4469 2028 4523 fa-

2138 4466 2353 4537 ἐρχεται
2384 4463 2462 4525 εἰς
2487 4460 2584 4531 τὴν
2629 4456 2909 4519 Ἰουδαίαν,
2946 4455 3039 4508 καὶ
3073 4450 3364 4515 ἐϐάπτιζον
3395 4450 3444 4502 οἱ
3477 4448 3729 4519 μαθηταὶ

455 4571 603 4613 ctum
627 4574 752 4615 esse
778 4557 1093 4624 Pharisaeis,
1117 4559 1403 4616 descendit
1421 4560 1476 4614 in
1498 4559 1775 4614 Galilaeam
1806 4576 1902 4631 per
1932 4558 2032 4614 Sa-

454 4650 685 4706 mariam
714 4652 851 4723 (cap.
877 4652 978 4723 tv).
1006 4650 1432 4725 Subsequuntur
1460 4669 1546 4716 ea,
1585 4669 1707 4723 qua:
1739 4667 1863 4707 cum
1910 4668 2032 4707 mu«

455 4742 591 4799 liere
620 4741 969 4798 Samaritana
1013 4743 1156 4799 facta
1196 4752 1350 4801 sunt.
1379 4743 1625 4801 Credunt
1675 4742 2030 4798 Samaritani.

455 4833 620 4891 Venit
647 4833 810 4892 Jesus
833 4835 890 4890 in
915 4835 1065 4891 Cana
1093 4843 1147 4891 et
1164 4836 1377 4892 accedit
1420 4835 1487 4891 ad
1529 4850 1656 4891 eum
1689 4835 1934 4906 regulus,
1970 4834 2036 4888 ﬁ-

454 4928 514 4983 lii
549 4929 744 5001 gratia.
775 4928 938 4984 Redit
968 4927 1364 5002 Jerosolymam
1403 4928 1541 5002 (cap.
1571 4928 1648 5000 v).
1702 4928 1871 4983 Sanat
1909 4943 2035 4984 eum

456 5017 515 5073 in
542 5016 785 5075 Sabbato
813 5020 905 5090 qui
941 5020 1101 5076 annis
1125 5020 1352 5091 triginta
1390 5028 1515 5076 octo
1557 5022 1894 5093 paralyticus
1917 5021 2038 5076 fue-

456 5117 565 5166 rat.
597 5109 865 5178 Quaarunt
887 5127 1015 5167 eum
1071 5110 1245 5167 Judati
1288 5113 1565 5168 occidere.
1603 5111 1747 5166 Dicit
1779 5113 1861 5169 eis
1890 5111 2039 5183 quod

458 5217 491 5258 a
526 5202 639 5259 Deo
686 5205 891 5262 missus
933 5207 1027 5263 sit.
1076 5203 1477 5261 Transfretate
1521 5206 1742 5276 regione
1792 5204 2039 5261 Tiberia-

459 5290 547 5350 dis
570 5293 710 5366 (cap.
735 5297 811 5365 γι)
844 5314 858 5350 :
889 5303 1008 5353 erat
1037 5302 1220 5353 autem
1248 5295 1485 5352 Pascha.
1521 5296 1632 5351 Alit
1680 5296 1898 5352 turbas.
1928 5294 2038 5351 Vo-

461 5383 581 5440 lunt
607 5401 731 5442 eum
767 5402 957 5445 creare
986 5403 1189 5459 regem,
1219 5398 1272 5446 et
1302 5388 1512 5446 secedit
1555 5389 1611 5444 in
1648 5397 1910 5446 montem.
1946 5388 2040 5444 Di-

537 5539 555 5571 ³
593 5537 727 5595 Luc.
761 5555 909 5605 nu,
944 5541 1037 5600 5i.

541 5692 648 5767 ('5!)
683 5692 946 5767 Ἔφαγεν.
992 5760 997 5766 _

2134 4553 2321 4610 αὐτοῦ.
2364 4549 2707 4623 Ἀπηγγέλθη
2738 4548 2815 4619 τῷ
2853 4547 3094 4616 Ἰωάννῃ.
3135 4544 3396 4605 Ἀκούσας
3420 4543 3449 4594 ὀ
3488 4537 3725 4609 Ἰησοῦς,

2133 4648 2215 4701 ὅτι
2260 4644 2463 4718 ἔμαθον
2489 4645 2539 4697 οἱ
2582 4642 2865 4712 Φαρισαῖοι
2891 4678 2904 4702 ,
2963 4636 3165 4707 κατέϐη
3195 4637 3276 4697 εἰς
3305 4633 3402 4703 τὴν
3427 4628 3728 4683 Γαλιλαίαν

2134 4740 2224 4795 διὰ
2257 4740 2350 4810 τῆς
2382 4735 2710 4809 Σαμαρείας.
2766 4728 2900 4786 Εἶτα
2931 4729 2999 4784 τὰ
3028 4729 3169 4784 κατὰ
3208 4726 3307 4798 τὴν
3362 4725 3725 4794 Σαμαρεῖτιν.

2141 4832 2495 4888 Πιστεύουσιν
2522 4832 2569 4883 οἱ
2593 4829 2945 4900 Σαμαρεῖται.
2981 4824 3237 4893 Ἔρχεται
3263 4820 3342 4881 εἰς
3369 4817 3526 4869 Κανᾶ
3550 4817 3581 4868 6
3617 4815 3732 4884 Ἰη-

2146 4926 2305 4991 σοῦς,
2350 4925 2444 4979 καὶ
2475 4925 2504 4977 ὁ
2544 4921 2856 4994 βασιλίσκος
2889 4917 3247 4990 προσέρχεται
3286 4910 3426 4982 ὑπὲρ
3451 4906 3544 4962 τοῦ
3577 4906 3728 4961 υἱοῦ.

2149 5017 2404 5089 Ἀνῆλθεν
2434 5018 2513 5079 εἰς
2549 5012 2814 5085 Ἱεροσόλυ
2824 5029 2918 5083 μα,
2946 5007 3150 5064 καὶτὸν
3173 5007 3231 5057 ἐν
3252 5005 3317 5075 λη
3333 5011 3346 5032 '
3378 5002 3522 5055 ἔτεσι
3544 5016 3734 5071 παρα-

2139 5108 2426 5181 λελυμένον
2459 5109 2602 5161 ῐᾶται
2636 5108 2692 5161 ἐν
2720 5103 3006 5173 Σαϐϐάτῳ.
3040 5098 3296 5170 Ἐζήτουν
3319 5094 3479 5150 αὑτὸν
3510 5095 3558 5146 οἱ
3592 5093 3735 5145 Ἰου-

2137 5204 2276 5258 δαῖοι
2309 5203 2643 5255 ἀποκτεῖναι.
2678 5197 2840 5266 Λέγει
2883 5194 3065 5256 αὐτοῖς
3094 5191 3176 5244 ὅτι
3211 5186 3361 5260 παρά
3382 5184 3516 5239 Θεοῦ
3549 5183 3739 5254 ἐπέμ-

2142 5294 2272 5365 φθη.
2312 5293 2544 5364 Ἀπῆλθε
2567 5291 2738 5363 πέραν
2768 5290 2865 5360 τῆς
2883 5283 3195 5357 Τιϐεριάδος
3219 5299 3233 5313 ο
3256 5277 3324 5354 ἦν
3347 5279 3403 5333 δέ
3423 5278 3484 5331 τὺ
3504 5277 3734 5346 Πάσχα.

2142 5388 2343 5460 Τρέφει
2370 5387 2494 5450 τοὺς
2533 5383 2740 5456 ὄχλους.
2788 5380 3086 5452 Ἦθέλησαν
3117 5374 3279 5431 αὑτὸν
3313 5372 3533 5444 ποιῆσαι
3564 5368 3738 5441 βασι-
