3880 6186
171 438 275 496 401

1260 434 1593 493 8ῩΝΟΡ518
1635 388 2050 489 somnum
2092 426 2366 485 sacrm.

3330 427 3440 485 409

170 555 301 618 λέα,
334 554 429 609 καὶ
455 555 728 627 ἀναχωρεῖ
757 558 836 621 εἰς
862 558 925 611 τὸ
953 557 1100 630 ὅρος.
1166 557 1474 612 Ἔπλευσαν
1504 560 1551 611 οἱ
1582 556 1754 627 μαθη-

1862 553 2058 623 scipuli
2108 552 2372 621 navigant
2414 549 2783 620 Capernaum.
2814 547 2935 604 Huc
2956 555 3011 606 et
3058 546 3221 605 Jesus
3264 549 3435 614 venit,

167 646 262 699 ταὶ
294 647 375 708 εἰς
404 647 798 719 Καπερναούμ.
860 645 1065 703 Ἶίλθεν
1096 652 1126 702 6
1179 648 1387 721 Ἰησοῦς
1417 651 1558 712 ἐκεῖ,
1590 645 1753 720 ἦλθον

1857 654 1911 702 et
1941 645 2117 700 turba:
2143 659 2365 713 quoque
2397 657 2463 698 eo
2489 655 2836 697 concessere.
2870 639 3027 696 Tunc
3048 639 3307 696 edisserit
3328 640 3437 697 illis

168 736 266 789 καὶ
296 736 346 788 οἱ
367 734 533 805 ὄχλοι.
567 738 701 791 Τότε
731 739 914 801 αὐτοῖς
941 740 1069 810 περὶ
1103 739 1210 793 τῶν
1246 740 1558 811 μυστηρίων
1585 740 1757 793 διαλέ-

166 843 349 894 γεται.
403 826 513 880 Καὶ
537 827 609 898 μὴ
639 828 962 897 ἐνέγκαντες
987 831 1078 884 τὸν
1112 830 1291 898 λόγον,
1314 830 1556 901 ἀπῆλθον
1587 834 1668 896 εἰς
1688 831 1757 885 τά

165 917 365 970 ὀπίσω.
426 917 587 985 Λέγει
620 922 734 983 τοῖς
762 920 1001 975 δώδεκαο
1044 941 1062 973 ι
1089 922 1181 993 Μὴ
1232 923 1326 976 καὶ
1373 924 1529 993 ὑμεῖς
1575 923 1757 976 θέλετε

167 1006 437 1075 ὑπάγειν;
461 1026 479 1059 ι
534 1008 667 1062 Τότε
696 1009 842 1078 λέγει
870 1012 1102 1083 Πέτρος·
1142 1032 1160 1063 ι
1184 1014 1433 1084 Ῥήματα
1460 1014 1605 1084 ζωῆς
1630 1016 1759 1067 αἰω-

166 1096 285 1150 νίου
317 1096 461 1167 ἔχεις
479 1138 494 1161 ,
530 1099 668 1170 πρὸς
694 1101 817 1155 τίνα
846 1102 1291 1173 ἁπελευσόμεθα;
1320 1124 1338 1155 ι
1377 1104 1759 1176 Σκηνοπηγίας

164 1185 359 1258 οὔσης,
392 1190 789 1260 προτρέπονται
815 1192 977 1247 αὑτὸν
1006 1196 1054 1248 οἱ
1077 1195 1296 1264 ἀδελφοὶ
1325 1196 1566 1250 ἀνελθεῖν
1597 1198 1655 1250 ἐν
1681 1196 1760 1268 τῷ

166 1279 324 1350 ἱερῷ.
394 1281 454 1334 ’0
484 1281 540 1335 δὲ
594 1281 820 1354 ὕστερον
866 1285 1095 1352 ἀνῆλθε,
1131 1288 1224 1342 καὶ
1258 1288 1484 1359 ἐζήτουν
1515 1289 1679 1343 αὐτὸν
1709 1291 1758 1342 οἱ

177 1372 447 1437 Ἰουδαῖοι,
471 1375 562 1427 καὶ
583 1377 941 1444 ἠγανάκτουν,
970 1379 1053 1432 ὅτι
1085 1381 1142 1431 ἐν
1163 1379 1429 1450 Σαϐϐάτῳ
1452 1381 1651 1449 τυφλὸν
1680 1381 1760 1434 ιά-

165 1480 321 1518 σατο.
381 1465 700 1532 Διαλέγεται
738 1468 865 1535 περὶ
897 1459 990 1521 τοῦ
1019 1469 1378 1540 Παρακλήτου
1402 1486 1416 1499 °
1446 1471 1540 1523 καὶ
1573 1471 1623 1522 οἱ
1659 1470 1758 1541 μὲν

161 1555 533 1621 ἐπίστευσαν,
567 1558 617 1610 oi
643 1557 702 1609 δὲ
736 1558 1018 1627 ἠπίστουν.
1069 1559 1455 1628 Ἐγκαλοῦνται
1489 1560 1757 1631 ὑπηρέται

162 1647 271 1699 ὑπὸ
300 1646 413 1701 τῶν
436 1649 761 1721 ἀρχιερέων,
792 1651 872 1703 ὃτι
900 1651 999 1705 οὐκ
1026 1651 1256 1704 ἐπίασαν
1288 1652 1473 1705 αὐτόν.
1507 1652 1759 1721 Διαλέγε-

162 1757 254 1793 ται
288 1741 477 1805 αὐτοῖς
515 1742 545 1793 6
573 1742 880 1813 Νικόδημος
902 1782 917 1807 ,
951 1744 1044 1796 καὶ
1091 1744 1534 1813 ἐπιστομίζουσιν
1572 1744 1754 1799 αὐτόν.

162 1831 336 1885 Πάλιν
380 1834 411 1885 6
451 1832 660 1903 Ἰησοῦς
711 1832 1019 1903 διαλέγεται
1071 1834 1284 1897 αὐτοῖς·
1322 1834 1414 1887 καὶ
1458 1833 1757 1905 ἐπειρῶντο

163 1924 500 1993 ἀνατρέπειν
532 1924 698 1978 αὐτοῦ
722 1925 788 1978 τά
820 1928 1060 1997 ῥήματα.
1124 1925 1386 1978 Ἐνταῦθα
1413 1925 1480 1978 τά
1503 1927 1631 1998 περὶ
1658 1927 1756 1996 τῆς

164 2013 645 2085 κατηγορηθείοης
683 2015 777 2069 ἐπὶ
830 2017 1061 2087 μοιχείᾳ.
1123 2016 1293 2070 Πάλιν
1336 2016 1482 2085 λέγει
1534 2019 1750 2081 αὐτοῖς’

168 2124 190 2156 ι
213 2103 343 2173 Εγὼ
372 2105 574 2175 ὑπάγω
596 2146 613 2170 ,
667 2108 802 2160 ὅπου
836 2109 996 2177 ἡμεῖς
1035 2107 1096 2159 οὐ
1129 2107 1358 2161 δύνασθε
1384 2107 1580 2163 ἐλθεῖν.
1610 2127 1629 2159 ι
1692 2110 1755 2163 Οί

160 2196 219 2248 δὲ
244 2196 503 2267 ἐνόμιζον
528 2198 664 2271 ηὸτι
694 2200 907 2269 ἀναιρεῖ
936 2198 1147 2252 ἑαυτόν.
1216 2196 1350 2252 Εἶτα
1383 2199 1636 2270 προλέγει
1664 2200 1755 2253 τὸν

160 2286 367 2353 τρόπον
387 2286 486 2339 τοῦ
519 2288 751 2343 θανάτου
781 2288 966 2353 αὐτοῦ,
995 2290 1089 2343 καὶ
1112 2289 1438 2344 ἐπίστευσαν
1467 2290 1652 2343 πολλοὶ
1674 2293 1755 2354 εἰς

158 2377 348 2432 αὐτόν.
386 2378 525 2432 Τότε
546 2379 691 2449 λέγει
716 2381 896 2447 αὐτοῖς
917 2399 928 2411 ·
963 2402 980 2433 ι
1019 2382 1143 2436 Ἐάν
1180 2382 1399 2454 μείνητε
1427 2383 1485 2435 ἐν
1510 2383 1587 2453 τῷ
1613 2383 1755 2459 λόγῳ

162 2487 292 2538 μου,
322 2471 354 2540 ἡ
387 2469 616 2541 ἀλήθεια
646 2472 998 2545 ἐλευθερώσει
1022 2475 1217 2545 ύμᾶς,›
1246 2475 1341 2529 καὶ
1372 2476 1533 2548 ἕτερα
1563 2475 1753 2530 πολλά.

164 2560 435 2628 Λέγουσιν
459 2561 608 2633 αύτῷ
631 2566 679 2617 οῖ
714 2565 987 2618 Ἰουδαῖοι·
1017 2586 1034 2617 ι
1065 2568 1410 2639 Σαμαρείτης
1433 2565 1501 2633 εἴ,
1530 2570 1623 2623 καὶ
1643 2569 1758 2622 δαι-

164 2653 352 2722 μόνιον
379 2652 548 2722 ἔχεις.
577 2673 596 2705 ι
645 2654 814 2708 Πάλιν
845 2658 873 2708 6
924 2657 1130 2726 Ἰησοῦς
1165 2658 1331 2713 πολλά
1362 2661 1544 2723 αὐτοῖς
1575 2659 1755 2713 διαλέ-

160 2760 342 2811 γεται,
366 2745 427 2796 ἐν
448 2738 530 2809 οἷς
552 2746 796 2816 ἐπήγαγε
814 2764 825 2775 ο
857 2766 874 2798 ι
899 2749 1034 2817 Πρὶν
1068 2748 1319 2822 Ἀϐραὰμ
1338 2749 1612 2826 γενέσθαι,
1643 2748 1756 2818 ἐγώ

162 2832 302 2900 εἰμι.
341 2849 362 2882 ι
403 2831 542 2884 Τότε
574 2832 846 2904 ἠθέλησαν
886 2835 1100 2890 λιθάσαι
1134 2838 1329 2891 αὐτόν·
1380 2841 1408 2893 6
1435 2840 1491 2893 δὲ
1525 2838 1755 2906 ἐξελθὼν

163 2927 255 2979 ἀπ’
280 2927 490 2992 αὐτῶν,
521 2927 855 2999 ἐθεράπευσε
887 2931 979 2985 τὸν
1004 2932 1201 3002 τυφλὸν
1224 2932 1402 3005 πηλῷ.
1431 2930 1563 2988 Εἶτα
1582 2934 1756 2987 διαλέ-

161 3036 319 3087 γεται
350 3020 483 3092 περὶ
518 3019 625 3072 τῶν
658 3020 943 3093 προϐάτων
972 3025 1066 3077 καὶ
1094 3024 1186 3077 τοῦ
1218 3025 1474 3097 ποιμένος
1494 3065 1508 3089 ,
1540 3026 1634 3079 τοῦ
1668 3028 1755 3082 διὰ

162 3113 261 3182 τῆς
290 3112 467 3183 θύρας
504 3114 884 3184 εἰσερχομένου
932 3118 1012 3179 εἰς
1038 3117 1137 3187 τὴν
1173 3118 1373 3189 αὐλήν·
1424 3119 1519 3171 καὶ
1552 3120 1754 3191 σχίσμα

162 3203 382 3269 ἐγένετο
415 3205 474 3256 ἐν
492 3207 607 3267 τοῖς
622 3206 911 3270 Ἰουδαίοις.
940 3208 1065 3271 Τοῖς
1081 3210 1405 3278 Ἐγκαινίοις
1432 3212 1753 3285 περιεπάτει

162 3295 191 3346 6
227 3293 442 3363 Ἰησοῦς
471 3297 531 3349 ἐν
556 3299 623 3368 τῇ
655 3300 787 3368 στοᾷ
813 3299 1173 3370 Σολομῶντος.
1253 3303 1560 3374 Ἐρωτῶσιν
1592 3305 1754 3358 αὑτὸν

162 3385 211 3438 οἱ
251 3385 540 3450 Ἰουδαῖοι,
574 3389 624 3440 εί
650 3390 811 3453 αὐτὸς
840 3390 925 3460 εἴη
974 3392 1003 3442 6
1034 3392 1290 3462 Χριστός.
1364 3394 1452 3458 Ὠς
1484 3395 1541 3449 δὲ
1577 3390 1754 3460 εἶπεν,

163 3475 476 3530 ἐϐάστασαν
505 3478 687 3544 λίθους
719 3480 899 3550 βαλεῖν
926 3483 1014 3536 ἐπ’
1035 3484 1218 3539 αὐτόν,
1259 3486 1347 3549 Ὠς
1370 3485 1425 3539 δὲ
1450 3485 1636 3558 ἠρώτα
1658 3489 1758 3542 αὐ-

160 3569 289 3632 τοὺς
319 3568 422 3639 τὴν
440 3570 642 3635 αἰτίαν,
670 3567 834 3643 ἦλθον
859 3575 1049 3629 πιάσαι
1071 3577 1254 3640 αὐτὸν,
1277 3579 1369 3631 καὶ
1390 3580 1489 3632 οὐκ
1510 3578 1753 3651 ἴσχυσαν.

174 3661 482 3730 Ἀπῆλθεν,
522 3663 655 3716 ὅπου
690 3663 980 3731 ἐϐάπτιζεν
1014 3670 1287 3741 Ἰωάννης.
1351 3672 1668 3743 Πέμπουσιν
1695 3675 1759 3727 ἐκ

164 3752 440 3822 Βηθανίας
466 3756 671 3828 αἱπερὶ
695 3756 924 3829 Μάρθαν
939 3761 1079 3832 ὑπὲρ
1100 3762 1192 3814 τοῦ
1210 3762 1482 3835 Λαζάρου.
1510 3764 1619 3817 Καὶ
1636 3763 1725 3834 βου
1744 3796 1757 3806 -

161 3844 389 3913 λόμενος
414 3849 497 3909 εἰς
514 3846 614 3918 τὴν
641 3849 899 3905 Ἰουδαίαν
932 3851 1104 3905 ἐλθεῖν
1122 3893 1137 3917 ,
1168 3852 1401 3907 ἐκώλυον
1422 3856 1471 3908 οἱ
1500 3855 1755 3928 μαθηταί.

162 3933 369 3990 ’Ἦλθεν
402 3939 486 4001 εἰς
510 3939 782 4009 Βηθανίαν
802 3959 815 3973 ·
861 3943 1125 4015 ἀνέστησε
1155 3945 1244 3998 τὸν
1275 3945 1544 4019 Λάζαρον.
1592 3947 1760 4002 Πάλιν

165 4029 519 4084 ἐϐουλεύοντο
560 4034 610 4084 οἱ
658 4034 898 4088 Ἰουδαῖοι
945 4037 1153 4090 ἀνελεῖν
1188 4038 1278 4091 τὸν
1324 4038 1551 4110 Ἰησοῦν.
1625 4034 1759 4094 Εἶτα

158 4123 429 4192 Καϊάφας
449 4123 806 4195 προφητεύει.
824 4127 1120 4203 Ἀναχωρεῖ
1136 4132 1164 4182 6
1190 4130 1397 4200 Ἰησοῦς
1413 4132 1492 4195 εἰς
1513 4131 1611 4203 τὴν
1633 4130 1758 4203 ἔρη-

167 4231 264 4284 μον
298 4215 569 4286 Ἐφρατμ.
596 4212 732 4270 Εἶτα
750 4219 800 4270 οἱ
838 4220 1081 4273 Ἰουδαῖοι
1104 4221 1440 4291 ἀμφέϐαλον,
1464 4223 1512 4274 εἰ
1537 4222 1757 4293 ἔρχεται

164 4310 241 4371 ei;
272 4309 377 4379 τὴν
402 4310 618 4381 ἑορτήν.
653 4312 764 4364 Καὶ
794 4312 898 4382 πρὸ
920 4311 977 4379 ἒξ
1008 4314 1232 4385 ἡμερῶν
1259 4314 1354 4367 τοῦ
1379 4314 1572 4385 Πάσχα
1594 4311 1758 4387 ἦλθεν

166 4403 241 4463 εἰς
256 4400 555 4471 Βηθανίαν.
582 4402 719 4456 Τότε
737 4403 1055 4459 δειπνοῦντα
1074 4406 1238 4459 αὑτὸν
1257 4406 1474 4477 ἤλειψεν
1498 4409 1530 4480 ἡ
1550 4408 1754 4479 Μαρία,

167 4493 259 4545 καὶ
280 4493 592 4561 ἀγανακτεῖ
615 4494 836 4558 Ἰούδας.
892 4496 1266 4566 Ἐπιστομίζει
1289 4497 1449 4549 αὐτὸν
1468 4500 1496 4550 6
1525 4496 1750 4569 Ἰησοῦς.

1788 1908 1829 1964 Β

1857 737 1925 791 de
1957 734 2256 806 mysteriis.
2286 732 2369 788 Illi
2400 747 2533 787 vero
2566 746 2679 786 non
2727 731 2964 787 ferentes
3013 744 3135 801 quae
3183 729 3439 787 diceban-

1862 836 1975 892 tur,
2003 835 2151 882 retro
2184 825 2406 881 cedunt.
2440 823 2581 878 Dicit
2613 822 2900 878 duodecim
2925 820 3275 893 (apostolis):
3307 838 3327 871 ι
3354 820 3437 875 An

1856 925 1912 971 et
1944 932 2042 973 vos
2092 917 2261 972 vultis
2329 916 2557 971 abire'?
2590 934 2609 966 ι
2641 913 2795 972 Tunc
2844 912 3042 970 Petrus
3093 911 3431 982 respondet:

1862 1027 1882 1062 ι
1917 1007 2097 1064 Verba
2128 1009 2253 1065 vitae
2279 1016 2497 1064 aeternae
2528 1006 2720 1071 habes,
2746 1005 2814 1061 ad
2844 1021 3005 1077 quem
3039 1005 3385 1065 abibimus’?
3408 1023 3428 1058 ι
3538 1032 3539 1035 η

1858 1098 1996 1153 Cum
2018 1108 2164 1155 esset
2194 1098 2394 1154 festum
2421 1096 2951 1160 Tabernaculorum,
2980 1094 3272 1151 hortantur
3307 1108 3434 1149 eum

1860 1189 2084 1253 lratres,
2122 1198 2179 1245 ut
2231 1189 2495 1245 ascendat
2544 1189 2600 1244 in
2654 1190 2917 1260 templum
2966 1188 3106 1260 (cap.
3149 1188 3271 1260 vn).
3314 1186 3436 1258 ipse

1858 1297 1989 1336 vero
2011 1283 2232 1339 tandem
2268 1284 2539 1346 ascendit,
2574 1292 2628 1338 et
2656 1292 2907 1354 qumrunt
2952 1298 3079 1339 eum
3125 1282 3319 1345 Judaei,
3353 1288 3437 1335 at-

1858 1389 1967 1444 que
2000 1375 2354 1446 indignantur
2400 1376 2547 1444 quod
2591 1376 2649 1430 in
2694 1374 2938 1433 Sabbato
2966 1389 3172 1433 cmcum
3205 1389 3435 1432 curave-

1858 1476 1964 1524 rat.
2005 1468 2235 1524 Disserit
2269 1469 2335 1523 de
2365 1467 2672 1534 Paracleto,
2708 1481 2764 1523 et
2785 1469 2877 1522 alii
2914 1466 3169 1532 credunt,
3195 1467 3287 1520 alii
3317 1482 3431 1520 non

1858 1560 2109 1618 credunt.
2178 1560 2677 1631 Reprehenduntur
2721 1560 2962 1616 ministri
3009 1575 3041 1614 a
3090 1558 3436 1631 principibus

1859 1656 2228 1719 sacerdotum,
2284 1655 2433 1725 quod
2485 1670 2596 1710 non
2647 1656 2924 1728 cepissent
2974 1669 3120 1711 eum.
3185 1653 3437 1723 Disputat

1858 1764 1981 1804 cum
2012 1748 2094 1803 eis
2133 1747 2467 1804 Nicodemus
2506 1767 2520 1802 :
2555 1747 2634 1800 illi
2685 1763 2817 1802 vero
2870 1762 2933 1803 os
2990 1747 3096 1818 ipsi
3150 1747 3435 1803 obturant.

1856 1839 2018 1896 Jesus
2052 1856 2269 1895 rursum
2301 1840 2545 1910 disputat
2575 1854 2700 1894 cum
2731 1838 2813 1893 eis
2849 1858 2861 1892 :
2890 1837 2997 1908 ipsi
3027 1845 3221 1892 contra
3267 1838 3436 1893 verba

1857 1934 1978 2002 ejus
2001 1932 2289 1988 confutare
2314 1940 2609 1988 conantur.
2644 1929 2952 1999 Subjicitur
2973 1930 3041 1985 de
3077 1930 3309 1986 muliere
3335 1946 3435 1986 su-

1858 2041 1954 2094 per
1987 2024 2263 2079 adulterio
2326 2029 2588 2079 accusata
2643 2021 2785 2093 (cap.
2810 2021 2956 2093 vni).
3003 2023 3205 2078 Iterum
3242 2023 3311 2076 ad
3339 2037 3436 2078 eos

1856 2116 2124 2187 loquitur,
2160 2116 2350 2171 dicens
2379 2130 2391 2165 :
2425 2133 2443 2166 ι
2496 2113 2611 2184 Ego
2641 2113 2805 2177 vado,
2838 2128 2948 2183 quo
2976 2128 3075 2168 vos
3123 2127 3234 2168 non
3282 2120 3438 2183 pole-

1857 2210 1960 2265 stis
1990 2208 2176 2263 venire
2197 2206 2240 2260 ⁸.
2274 2226 2292 2258 ι
2332 2205 2440 2276 Ipsi
2483 2219 2613 2260 vero
2666 2204 2956 2274 putabant,
3003 2203 3152 2274 quod
3195 2204 3438 2273 seipsum

1854 2301 2018 2355 vellet
2082 2298 2414 2356 interﬁcere.
2495 2295 2703 2351 Deinde
2775 2294 2997 2349 modum
3064 2293 3259 2348 mortis
3317 2308 3433 2348 sua:

1855 2392 2125 2463 praedicit,
2161 2398 2217 2445 et
2245 2390 2403 2444 multi
2434 2389 2488 2443 in
2507 2404 2632 2443 eum
2663 2386 2915 2443 credunt.
2951 2385 3105 2441 Tunc
3128 2385 3263 2440 dicit
3288 2385 3431 2441 illis:

1861 2502 1879 2534 ι
1917 2484 1975 2537 Si
2014 2482 2327 2538 manseritis
2364 2482 2418 2535 in
2448 2494 2704 2535 sermone
2735 2494 2880 2543 meo,
2930 2478 3134 2533 veritas
3182 2476 3436 2532 liberabit

1852 2577 2012 2638 vos“,
2050 2595 2067 2627 ι
2105 2586 2161 2630 et
2186 2576 2291 2629 alia
2316 2574 2505 2628 multa.
2540 2570 2739 2625 Dicunt
2774 2570 2842 2623 ad
2889 2586 3014 2626 eum
3043 2568 3216 2625 Judaei
3246 2586 3302 2624 ει
3335 2568 3437 2623 Sa—

1854 2669 2158 2721 maritanus
2226 2682 2309 2729 es,
2364 2676 2417 2720 et
2457 2664 2785 2718 daemonium
2835 2663 3004 2717 habes
3035 2662 3075 2714 ⁸.
3118 2681 3138 2714 ι
3176 2659 3436 2716 Vicissim

1855 2758 2018 2814 Iesus
2044 2759 2215 2812 multa
2234 2757 2302 2811 ad
2332 2772 2428 2812 cos
2452 2757 2729 2817 edisserit,
2753 2754 2895 2808 inter
2920 2768 3042 2823 qua:
3062 2762 3115 2809 et
3137 2753 3240 2809 hoc
3261 2751 3431 2806 dicit:

1863 2869 1882 2902 ι
1919 2849 2228 2919 Antequam
2284 2847 2562 2909 Abraham
2627 2849 2799 2909 ﬁeret,
2852 2860 2955 2916 ego
3016 2847 3196 2901 sum".
3229 2864 3248 2897 ›
3280 2842 3438 2898 Tunc

1857 2958 1982 2997 eum
2035 2940 2281 3013 lapidare
2336 2939 2592 2994 volebant
2629 2955 2641 2989 :
2678 2938 2794 3007 ipse
2825 2952 2954 2991 vero
3006 2938 3319 3007 disgressus
3366 2935 3437 2989 ab

1857 3034 1988 3095 illis,
2021 3033 2239 3087 curavit
2271 3048 2478 3087 caecum
2513 3032 2631 3086 luto
2664 3031 2802 3100 (cap.
2835 3030 2934 3103 ιχ).
2974 3029 3168 3085 Postea
3223 3029 3437 3085 edisse-

1856 3124 1929 3177 rit
1958 3124 2025 3178 de
2056 3124 2252 3178 ovibus
2284 3130 2338 3178 et
2368 3130 2592 3193 pastore
2620 3123 2960 3193 perjanuam
2994 3122 3050 3176 in
3079 3122 3221 3177 ovile
3251 3123 3436 3194 ingre-

1857 3213 2043 3270 diente
2076 3216 2216 3285 (cap.
2256 3214 2309 3286 ι)
2343 3233 2356 3269 :
2391 3223 2447 3269 et
2496 3216 2739 3272 schisma
2787 3216 2964 3271 oritur
3013 3216 3155 3271 inter
3193 3214 3430 3272 Iudaeos.

1860 3304 1921 3359 In
1949 3305 2089 3363 festo
2122 3304 2493 3362 Dedicationis
2557 3307 2870 3362 ambulabat
2892 3305 3054 3362 Jesus
3114 3307 3169 3362 in
3217 3307 3434 3377 porticu

1832 3398 2192 3467 ,Salomonis.
2239 3399 2584 3469 lnterrogant
2633 3415 2757 3455 eum
2817 3398 3013 3462 Judaei,
3065 3414 3133 3453 an
3191 3399 3310 3468 ipse
3358 3399 3437 3454 sit

1858 3489 2131 3545 Christus.
2168 3489 2271 3546 Ubi
2304 3506 2435 3547 vero
2482 3490 2628 3545 hunc
2678 3505 2739 3545 se
2769 3505 2892 3545 esse
2924 3490 3092 3554 dicit,
3128 3490 3324 3545 tollunt
3353 3491 3434 3544 la-

1859 3578 2033 3649 pides,
2063 3586 2125 3633 ut
2150 3579 2357 3649 iaciant
2384 3579 2441 3633 in
2474 3594 2633 3647 eum;
2663 3585 2724 3632 ut
2748 3587 2929 3634 autem
2976 3588 3131 3649 rogat
3161 3579 3325 3650 hujus
3354 3581 3435 3634 fa-

1859 3671 2069 3725 cinoris
2118 3686 2365 3736 causam,
2397 3671 2624 3726 venith
2676 3670 2745 3728 ad
2781 3671 3110 3741 capiendum
3151 3687 3297 3735 eum,
3336 3673 3434 3729 sed

1860 3777 1967 3815 non
2002 3770 2317 3830 potuerunt.
2351 3763 2476 3817 Abit
2504 3762 2558 3816 in
2599 3776 2724 3817 eum
2756 3760 2959 3821 locum,
2994 3761 3086 3813 ubi
3121 3760 3433 3832 baptizave-

1861 3862 1944 3909 rat
1969 3853 2232 3910 Joannes.
2265 3853 2485 3909 Mittunt
2525 3854 2591 3908 ad
2622 3869 2749 3909 eum
2805 3869 2869 3909 ex
2927 3852 3192 3907 Bethania
3218 3853 3429 3909 Martha

1859 3956 1913 4004 et
1952 3964 2110 4004 soror
2138 3949 2259 4016 ejus
2304 3956 2526 4018 propter
2546 3946 2815 4002 Lazarum
2842 3950 2978 4015 (cap.
3014 3958 3115 4012 XI).
3146 3947 3431 4003 Veientem

1859 4039 1939 4093 ire
1984 4039 2042 4092 in
2080 4037 2320 4092 Iudaeam
2369 4037 2658 4108 prohibent
2704 4037 2984 4106 discipuli.
3019 4036 3183 4092 Venit
3231 4037 3431 4092 Betha-

1858 4131 2005 4184 niam
2036 4146 2049 4181 :
2082 4130 2284 4185 excitat
2319 4128 2608 4182 Lazarum.
2658 4126 2859 4182 lterum
2882 4128 2949 4183 de
2981 4127 3281 4182 occidendo
3301 4127 3431 4183 Jesu

1859 4223 2175 4277 consultant
2225 4218 2419 4276 Judaei.
2456 4219 2595 4275 Tum
2641 4219 2878 4289 Caiphas
2922 4220 3232 4289 prophetat.
3266 4218 3433 4273 Sece-

1858 4313 2121 4371 ditJesus
2151 4314 2206 4369 in
2265 4313 2616 4369 solitudinem
2675 4311 2955 4383 Ephraim.
3003 4311 3205 4367 Deinde
3257 4310 3431 4367 Judaei

1859 4410 2003 4464 inter
2052 4422 2112 4463 se
2165 4405 2496 4476 disceptant,
2551 4421 2683 4459 num
2730 4410 2999 4459 venturus
3066 4404 3139 4459 sit
3186 4403 3253 4457 ad
3287 4403 3430 4457 diem

1857 4494 2077 4551 festum.
2130 4493 2271 4549 Ante
2338 4508 2434 4548 sex
2477 4493 2595 4548 dies
2644 4492 2866 4548 Pascha:
2914 4492 3061 4547 venit
3092 4491 3430 4545 .Bethaniam

164 4580 370 4638 Ἦλθοιτ
386 4587 529 4657 πρὸς
554 4587 716 4642 αὑτὸν
738 4589 852 4640 ἐκεῖ
882 4587 927 4641 oi
965 4589 1227 4643 Ἰουδαῖοι.
1243 4590 1590 4661 ’Υπήντησαν
1610 4590 1754 4661 αὐτῷ

1863 4588 2000 4657 (cap.
2030 4583 2155 4655 xu).
2188 4583 2287 4641 Hic
2314 4591 2623 4640 caenantem
2656 4585 2813 4638 unxit
2859 4583 3029 4638 Maria
3067 4598 3079 4634 :
3113 4596 3275 4652 quam
3317 4598 3430 4636 rem

166 4676 315 4743 δχλοι
367 4677 512 4747 μετά
562 4676 728 4745 βαῖων
778 4678 1057 4749 ἐρχομένῳ
1099 4682 1178 4742 εἰς
1222 4680 1601 4752 Ἰεροσόλυμα,
1659 4682 1753 4733 καλ¹

168 4767 451 4837 ὀχουμένῳ
473 4770 555 4832 εἰς
579 4769 815 4840 ὀνάριον.
844 4770 978 4824 Τότε
999 4771 1249 4842 ζητοῦσιν
1272 4775 1320 4826 οἱ
1343 4772 1601 4843 ’Έλληνες
1628 4772 1753 4826 ἰδεῖν

171 4860 352 4912 αὐτόν.
371 4860 509 4913 Τότε
530 4859 678 4929 λέγει
698 4861 796 4932 τὴν
816 4861 1130 4935 παραϐολὴν
1159 4863 1252 4916 τοῦ
1272 4862 1468 4917 κόκκου
1486 4863 1579 4917 τοῦ
1600 4863 1746 4917 σίτου

171 4951 262 5003 καὶ
290 4950 421 5022 περὶ
450 4950 562 5003 τῶν
584 4952 937 5022 φοϐουμένων
964 4953 1057 5007 τὸν
1080 4955 1329 5008 θάνατον.
1357 4951 1489 5009 Εἶτα
1520 4956 1747 5023 ἐπάγει·

177 5059 191 5083 σ
219 5039 437 5111 Πάτερ,
456 5039 679 5103 δόξασόν
706 5059 799 5094 σου
825 5043 915 5096 τὸν
939 5043 1120 5096 Υίόν·›
1150 5045 1244 5097 καὶ
1271 5046 1421 5117 φωνὴ
1445 5046 1659 5115 ἐγένετο
1690 5047 1753 5100 ἐκ

174 5131 262 5184 τοῦ
303 5134 363 5185 οὐ
374 5132 564 5202 ρανοῦ.
612 5134 888 5205 Ἐνόμισεν
912 5138 941 5188 6
966 5135 1123 5206 ὄχλος
1153 5136 1380 5208 βροντὴν
1406 5136 1749 5207 γεγενῆσθαι.

176 5218 305 5281 Εἶτα
336 5224 594 5295 προλέγει
628 5226 810 5290 αὐτοῖς
841 5226 931 5280 τὸν
974 5228 1171 5298 τρόπον
1221 5229 1316 5281 τοῦ
1350 5229 1579 5282 θανάτου
1600 5269 1614 5293 ,
1661 5229 1749 5281 καὶ

176 5317 473 5387 προτρέπει
500 5312 641 5389 πρὸς
660 5318 723 5371 τὸ
746 5319 1064 5372 πιστεῦσαν
1090 5321 1138 5372 οἱ
1158 5319 1214 5372 δὲ
1238 5320 1514 5390 ἠπείθουν,
1548 5339 1566 5370 ι
1592 5321 1706 5383 ἵνα,
1730 5340 1747 5370 ι

179 5410 375 5476 φησὶν,
456 5428 477 5459 ι
507 5411 539 5463 ὁ
570 5409 728 5479 λόγος
767 5411 989 5465 Ἡσαΐου
1024 5411 1309 5484 πληρωθῇ.
1334 5431 1353 5463 ι
1390 5413 1585 5465 Νίπτει
1626 5412 1754 5475 τοὺς

183 5495 427 5567 μαθητάς
449 5513 462 5526 ·
499 5497 710 5569 ἐλέγχει
740 5499 832 5554 τὸν
874 5500 1075 5553 Ἰούδαν
1093 5513 1109 5529 ⁸
1146 5501 1239 5553 καὶ
1269 5500 1443 5554 λαϐὼν
1471 5502 1675 5565 ἐκεῖνος
1695 5501 1754 5553 τὸ

182 5585 386 5656 ψιῖδμιον
411 5587 638 5657 ἐξῆλθεν
666 5590 726 5644 ἐν
758 5592 932 5647 νυκτί.
962 5588 1096 5647 Εἶτα
1113 5592 1417 5663 διαλέγεται
1438 5595 1550 5657 τοῖς
1579 5593 1752 5664 μαθη-

183 5685 293 5744 ταῖς
337 5684 368 5734 6
434 5680 666 5744 ’Ir005g.
736 5683 1060 5738 Ἐντέλλεται
1109 5685 1289 5748 αὐτοῖς
1348 5686 1475 5756 περὶ
1512 5684 1749 5755 ἀγάπης.

250 5799 273 5828 ¹
307 5795 465 5855 Joan.
504 5813 577 5861 vi,
610 5796 699 5853 68.
776 5799 797 5831 ³
834 5798 965 5856 ibid.
1001 5800 1088 5857 69.

190 5866 211 5896 ⁹
243 5865 393 5923 Joan.
432 5883 541 5933 xu,
579 5867 668 5923 58.

1859 4679 2082 4749 indigne
2111 4677 2217 4732 fert
2268 4675 2459 4731 Judas.
2491 4675 2649 4730 Hunc
2699 4674 2997 4745 compescit
3035 4673 3215 4728 Jesus.
3252 4673 3435 4729 lsthuc

1859 4772 2087 4826 veniunt
2134 4768 2307 4825 Judaei
2338 4769 2406 4823 ad
2437 4785 2584 4824 eum.
2638 4766 2948 4823 Occurrunt
2986 4767 3063 4819 illi
3107 4766 3279 4820 turbae
3306 4780 3431 4819 cum

1863 4860 2034 4914 ramis
2063 4860 2393 4930 palmarum,
2418 4873 2543 4912 cum
2571 4863 2780 4926 peteret
2804 4855 3165 4927 Jerosolyma,
3194 4862 3249 4911 et
3284 4854 3433 4909 sede-

1857 4962 1943 5009 ret
1972 4969 2138 5024 super
2172 4953 2363 5008 asello.
2400 4951 2555 5005 Tunc
2584 4959 2776 5022 petum
2834 4949 3006 5003 Graeci
3067 4948 3251 5003 videre
3281 4963 3429 5003 eum.

1858 5042 2181 5098 Parabolam
2219 5041 2352 5096 dicit
2385 5040 2451 5096 de
2472 5055 2643 5111 grano
2672 5038 2952 5101 frumenti,
2989 5044 3041 5092 ct
3069 5037 3135 5091 de
3170 5034 3301 5096 illis,
3338 5035 3431 5103 qui

1866 5144 2096 5190 mortem
2146 5141 2419 5188 metuunt.
2481 5131 2720 5186 Subdit:
2762 5150 2779 5183 ι
2814 5128 2998 5191 Pater,
3050 5126 3295 5197 glorifica
3343 5124 3432 5178 Fi-

1874 5226 2002 5281 lium
2056 5233 2210 5279 tuum
2234 5225 2277 5291 ⁸,
2317 5244 2335 5277 ι
2368 5232 2421 5279 et
2470 5241 2575 5278 vox
2622 5222 2764 5276 facta
2793 5219 2976 5277 estde
3029 5219 3191 5276 c0210.
3245 5217 3430 5272 Turba

1858 5325 2013 5387 putat
2073 5316 2283 5371 tonitru
2336 5316 2668 5379 insenuisse.
2725 5311 2802 5367 De
2865 5309 3029 5366 modo
3076 5308 3272 5364 mortis
3319 5323 3433 5363 suae

1858 5408 2105 5481 praedicit
2174 5408 2319 5474 illis,
2380 5416 2434 5462 et
2489 5408 2741 5460 hortatur
2803 5402 2869 5459 ad
2925 5400 3311 5455 credendum:
3353 5399 3432 5453 illi

1857 5517 1988 5557 vero
2024 5516 2133 5555 non
2186 5501 2439 5566 credunt,
2477 5519 2495 5551 ι
2538 5506 2597 5552 ιιι
2642 5511 2847 5559 sermo,
2881 5515 2899 5547 ι
2966 5493 3163 5564 inquit,
3213 5512 3232 5546 ι
3280 5490 3433 5546 Isaiae

1860 5593 2177 5663 impleretur
2199 5593 2239 5646 ν.
2275 5610 2293 5643 ι
2321 5589 2493 5647 Lavat
2541 5588 2842 5658 discipulos
2873 5588 3011 5658 (cap.
3039 5584 3159 5656 xm)
3206 5601 3220 5639 :
3254 5581 3433 5653 arguit

1859 5682 2054 5738 ludam
2111 5700 2122 5735 :
2176 5684 2288 5744 ille,
2337 5686 2561 5749 accepta
2595 5677 2861 5742 buccella,
2909 5684 3074 5730 noctu
3129 5672 3428 5755 egreditur.

1185 5802 1207 5834 ⁸
1246 5800 1401 5858 Joan.
1438 5818 1563 5867 vm,
1597 5801 1687 5856 ‘21.

1857 5804 1954 5856 'Jiti.
2007 5801 2092 5858 32.
2173 5804 2193 5836 ⁸
2220 5800 2346 5856 ibid.
2382 5800 2449 5854 48
2545 5801 2563 5830 "
2604 5797 2734 5854 ibid.
2772 5796 2860 5852 58.
2938 5795 2959 5828 ⁸
2997 5793 3153 5875 Joan.
3197 5807 3340 5855 κνιι.
3378 5790 3433 5854 ί.-
