3886 6182
425 466 533 523 403

1610 469 1666 524 8.
1702 462 2175 522 ATHANASIUS.
2202 494 2276 507 —
2295 463 2524 524 DUBIA.

3582 467 3691 524 404

425 581 636 638 Exinde
675 582 980 656 discipulos
1025 582 1188 639 Jesus
1233 583 1551 651 alloquitur.
1603 580 1860 651 Praecipit
1897 580 2009 635 illis

2121 578 2373 650 Προλέγει
2399 578 2476 650 τῷ
2501 578 2693 650 Πέτρῳ
2718 596 2817 651 την
2838 579 3083 651 ἀρνησιν.
3111 580 3373 642 Φίλιππος
3400 581 3540 648 ἀξιοῖ
3564 581 3695 636 ἰδεῖν

425 673 799 731 dilectionem.
848 674 1012 730 Petro
1044 675 1284 729 futuram
1334 676 1680 745 negationem
1734 672 2003 743 praedicit.

424 767 715 840 Philippus
744 768 880 841 petit
908 768 1094 824 videre
1132 766 1348 822 Patrem
1401 766 1541 837 (cap.
1574 766 1712 836 τιν).
1752 765 2009 821 Praedicit

427 862 510 917 eis
567 862 637 917 de
672 860 962 918 Paracleto
995 879 1009 916 :
1045 862 1113 916 de
1147 860 1335 915 multis
1388 859 1546 931 15.3
1590 859 1714 913 aliis
1764 858 2010 928 loquitur

322 1015 325 1019 ς
429 955 572 1023 (cap.
611 952 728 1025 xv),
747 961 802 1009 et
827 951 1309 1010 accusatJudazos.
1330 950 1629 1022 Discipulis
1651 950 1900 1022 pratdicit
1924 951 2012 1005 fu-

428 1054 611 1101 turam
640 1046 1055 1101 tribulationem
1088 1047 1231 1116 (cap.
1268 1047 1403 1114 xw),
1432 1043 1631 1098 deinde
1680 1045 1879 1098 iterum
1921 1043 2012 1113 ju-

429 1137 630 1201 cunda,
647 1145 704 1193 et
724 1152 918 1193 rursus
933 1138 1136 1192 tristia.
1154 1135 1372 1190 Patrem
1392 1137 1690 1209 alloquitur
1707 1136 2006 1210 (cap.xvn).

429 1225 637 1282 Deinde
664 1227 815 1281 venit
840 1228 893 1281 in
930 1227 1148 1280 hortum
1179 1234 1234 1282 et
1265 1228 1484 1298 capitur
1525 1233 1665 1297 (cap.
1698 1230 1877 1296 xvm).
1910 1227 2013 1284 Pe-

428 1328 553 1374 trus
589 1326 837 1390 amputat
864 1319 1167 1374 auriculam
1207 1322 1372 1375 servi.
1421 1319 1641 1374 Ducunt
1698 1320 1884 1376 Jesum
1943 1322 2012 1375 ad

428 1411 668 1467 Annam.
720 1411 1038 1482 Discipulus
1087 1412 1289 1481 aliquis
1340 1411 1561 1467 Petrum
1624 1413 1927 1467 introducit
1957 1414 2012 1467 in

376 1552 383 1557 κ
431 1506 636 1560 aulam.
673 1504 925 1561 Minister
952 1503 1140 1560 Jesum
1165 1496 1324 1560 caedit
1358 1523 1371 1558 :
1403 1503 1539 1559 dicit
1571 1506 1638 1559 ad
1662 1506 1810 1560 hunc
1849 1522 1860 1557 :
1899 1524 1918 1557 ‹
1956 1504 2014 1561 Si

428 1598 573 1652 male
597 1597 814 1653 locutus
837 1613 957 1654 sum
979 1600 1076 1662 ¹⁰,›
1104 1607 1214 1654 etc.
1239 1598 1461 1654 Mittunt
1486 1615 1611 1654 eum
1632 1601 1698 1655 ad
1723 1600 2010 1670 Caipham.

428 1685 629 1742 Petrus
650 1694 835 1757 negat.
874 1686 1108 1741 Ducitur
1149 1687 1315 1745 Jesus
1370 1690 1439 1744 ad
1484 1689 1745 1744 Pilatum.
1781 1689 2016 1744 Crucili-

429 1776 579 1847 gitur
609 1777 751 1847 (cap.
791 1780 934 1847 ιιι).
984 1776 1232 1832 Titulum
1279 1780 1590 1849 imponunt.
1650 1779 1809 1835 Stant
1855 1781 2015 1850 juxta

430 1882 654 1923 crucem
678 1877 874 1935 mater,
909 1877 961 1923 et
985 1885 1144 1925 soror
1169 1872 1364 1926 matris
1393 1872 1511 1940 ejus
1544 1871 1712 1927 Maria
1736 1873 2011 1944 CleOphm,

429 1969 486 2014 et
536 1959 707 2015 Maria
770 1961 1110 2033 Magdalene.
1170 1963 1328 2018 Tunc
1382 1974 1613 2020 matrem
1662 1968 2012 2022 commendat

429 2050 652 2108 Joanni.
698 2051 914 2124 Corpus
969 2054 1091 2125 ejus
1156 2056 1353 2126 sepelit
1379 2055 1603 2128 Joseph.
1680 2057 2013 2116 Nicotlemus

431 2142 591 2199 all‘ert
618 2144 768 2201 aloes
798 2155 853 2201 et
874 2148 1111 2218 myrrhae
1164 2149 1334 2204 libras
1368 2160 1613 2206 centum.
1647 2150 1811 2206 Venit
1843 2152 2014 2207 Maria

431 2232 753 2305 Magdalene
782 2238 921 2307 (cap.
953 2239 1070 2311 xx),
1095 2240 1244 2296 videt
1274 2243 1586 2312 sepulcrum
1610 2251 1867 2301 vacuum.
1900 2245 2013 2312 Vp-

432 2331 524 2381 cat
561 2322 786 2381 Petrum
814 2334 869 2382 et
898 2309 1189 2387 Joannem.
1230 2332 1296 2386 Hi
1335 2309 1542 2389 abeunt
1574 2337 1775 2401 visum,
1811 2344 1869 2391 et
1912 2309 2016 2392 ite-

431 2432 557 2473 rum
589 2419 877 2475 secedunt.
916 2421 1084 2478 Maria
1118 2426 1267 2481 videt
1321 2429 1569 2498 angelos,
1594 2436 1649 2484 et
1693 2438 1882 2500 postea
1926 2429 2016 2487 Je-

432 2525 557 2565 sum
592 2511 795 2581 ipsum,
828 2515 922 2585 qui
954 2518 1078 2572 etei
1118 2518 1382 2589 loquitur.
1431 2519 1631 2576 Postea
1683 2523 1906 2577 advenit
1945 2522 2014 2577 ad

433 2602 757 2675 discipulos,
811 2623 937 2664 cum
981 2609 1130 2667 fores
1188 2621 1375 2667 essent
1426 2614 1649 2685 clausae,
1683 2608 1737 2669 e't
1779 2614 1871 2668 dat
1906 2615 2015 2670 illis

434 2693 705 2766 Spiritum
758 2710 1037 2759 sanctum.
1098 2702 1306 2759 Deinde
1356 2705 1600 2775 loquitur
1640 2703 1884 2771 Thema},
1920 2707 2016 2776 qui

431 2803 547 2844 non
579 2790 911 2849 crediderat.
948 2793 1165 2851 Rursus
1194 2804 1421 2867 apparet
1451 2797 1741 2868 discipulis
1774 2798 1841 2851 ad
1865 2813 2016 2853 mare

433 2879 769 2951 Tiberiadis,
796 2887 889 2941 ubi
919 2894 974 2942 et
1004 2889 1412 2945 multitudinem
1449 2890 1686 2960 piscium
1729 2900 2014 2960 ceperunt,

433 2981 490 3028 et
522 2976 761 3032 comedit
805 2995 930 3034 cum
980 2982 1064 3038 eis
1107 2981 1249 3053 (cap.
1303 2982 1442 3063 xxi).
1475 2981 1641 3039 Petro
1679 2985 1906 3039 mandat
1957 2993 2019 3040 ut

432 3082 574 3124 oves"
600 3084 733 3125 suas
756 3082 967 3142 pascat,
1001 3076 1362 3147 prmdicitque
1396 3089 1630 3133 mortem
1656 3092 1766 3148 qua
1787 3079 2020 3134 moritu-

433 3173 533 3216 rus
560 3169 702 3232 erat,
733 3179 798 3218 ac
820 3165 979 3233 jubet
1003 3174 1063 3223 ut
1090 3185 1150 3225 se
1184 3176 1474 3241 sequatur.

795 3258 954 3314 Liber
990 3260 1069 3324 V,
1103 3261 1234 3315 Acta
1273 3261 1653 3329 apostolorum.

506 3357 597 3414 5i.
638 3354 756 3411 Hoc
785 3355 1007 3409 nomine
1028 3362 1258 3410 vocatur
1301 3355 1391 3408 hic
1428 3354 1586 3419 liber,
1618 3356 1765 3426 quod
1800 3364 2021 3427 aposto-

435 3454 615 3508 lorum
651 3449 815 3505 simul
847 3457 967 3502 acta
1009 3448 1306 3503 contineat.
1338 3446 1445 3514 Qui
1476 3464 1606 3505 vero
1638 3448 1729 3503 illa
1762 3459 2018 3515 enarrat,
2041 3468 2059 3487 ο

433 3543 616 3617 Lucas
638 3553 725 3614 est
761 3541 1122 3613 evangelista,
1153 3542 1248 3612 qui
1283 3549 1336 3596 et
1366 3542 1565 3596 librum
1598 3542 1745 3596 hunc
1775 3543 2023 3597 conscri-

432 3639 565 3709 psit.
595 3634 693 3691 Est
715 3630 858 3691 enim
895 3618 1014 3703 una
1061 3622 1185 3689 cum
1220 3634 1487 3704 apostolis
1514 3635 1893 3706 peregrinatus
1921 3677 1934 3700 ,
1967 3644 2023 3691 et

433 3730 673 3785 maxime
703 3743 829 3799 cum
860 3726 1052 3792 Paulo,
1085 3733 1139 3798 et
1169 3742 1292 3797 qua:
1325 3734 1516 3782 exacte
1567 3727 1840 3798 cognovit,
1873 3728 2022 3782 litte-

434 3821 515 3875 ris
540 3818 839 3874 mandavit.
896 3818 1094 3872 Narrat
1140 3825 1319 3872 autem
1372 3818 1477 3872 hoc
1510 3818 1672 3881 libro,
1709 3823 2019 3887 quomodo,

437 3912 648 3982 angelis
678 3911 1130 3981 suscipientibus,
1155 3909 1422 3983 Dominus
1451 3919 1770 3979 assumptus
1801 3911 1904 3965 sit:
1941 3909 2023 3965 ef—

436 4003 711 4058 fusionem
736 4001 976 4079 Spiritus
1007 4002 1186 4057 sancti
1220 4002 1274 4056 in
1305 4002 1393 4057 die
1447 4001 1804 4057 Pentecostes
1857 4018 2023 4071 super

435 4095 718 4165 apostolos
743 4103 797 4149 et
824 4109 1037 4162 omnes,
1070 4094 1165 4164 qui
1215 4101 1328 4148 tum
1379 4102 1678 4163 prazsentes
1734 4102 1911 4157 erant,
1944 4092 2026 4161 fa-

434 4195 616 4243 ctam:
653 4188 1055 4265 ordinationem
1091 4187 1328 4242 Matlltiie
1356 4188 1410 4252 in
1444 4188 1625 4242 locum
1650 4186 1804 4253 Judm
1836 4188 2023 4259 prodi-

436 4281 612 4344 toris,
648 4289 702 4336 et
751 4280 1188 4352 designationem
1248 4290 1454 4350 septem
1506 4281 1907 4345 diaconorum,
1959 4293 2024 4334 ac

434 4372 591 4428 Pauli
623 4374 967 4450 electionem,
1001 4381 1055 4428 et
1082 4389 1424 4443 quaecunque
1454 4373 1545 4428 ille
1590 4390 1788 4443 passus
1819 4382 1903 4428 est
1924 4414 1938 4437 ,
1968 4381 2023 4451 et

435 4466 711 4536 quomodo
747 4467 967 4540 tandem
998 4467 1226 4520 Romam
1271 4466 1553 4537 profectus
1583 4468 1675 4521 sit.
1720 4466 2021 4539 Duodecim

435 4567 617 4621 autem
654 4559 1029 4635 apostolorum
1058 4559 1280 4613 nomina
1322 4568 1451 4615 sunt
1483 4560 1586 4615 ista
1622 4578 1634 4613 :
1671 4560 1882 4629 primus
1934 4558 2019 4635 Si-

433 4668 582 4714 mon,
630 4653 723 4722 qui
770 4660 999 4713 vocatur
1028 4652 1223 4708 Petrus
1263 4669 1280 4707 :
1333 4653 1531 4707 deinde
1586 4651 1826 4708 Iacobus
1874 4652 2018 4707 ﬁlius

434 4741 704 4822 Zebedzei,
746 4750 801 4799 et
829 4742 1069 4801 Joannes
1117 4744 1285 4811 frater
1336 4746 1489 4815 ejus,
1545 4745 1793 4800 Andreas
1851 4746 2019 4817 frater

432 4832 603 4899 Petri,
627 4833 932 4912 Philippus,
956 4834 1215 4903 Thomas,
1241 4837 1687 4906 Bartliolon‘imus,
1711 4838 2015 4905 Matthmus,

431 4926 673 4984 Jacobus
696 4928 839 4983 lilius
876 4929 1102 5000 Alpluci,
1138 4928 1326 5001 Simon
1357 4933 1581 4994 zelotes,
1611 4931 1782 4989 Judas
1804 4931 2014 5000 Jacobi,

433 5019 528 5090 qui
559 5027 614 5073 et
645 5019 952 5077 Thaddaaus
981 5021 1216 5085 dicitur,
1267 5028 1320 5077 et
1347 5022 1517 5089 ludas
1564 5021 1887 5089 lscariotes,
1923 5023 2016 5093 qui

433 5111 677 5186 prodidit
725 5110 1044 5170 Dominum.
1083 5111 1188 5167 Sed
1226 5122 1517 5189 postquam
1552 5112 1842 5168 Dominum
1889 5129 2020 5184 pro-

433 5204 667 5278 didisset
699 5218 763 5259 ac
795 5205 1071 5275 periisset,
1103 5206 1160 5260 in
1184 5205 1303 5275 ejus
1333 5206 1516 5263 locum
1549 5207 1882 5268 constitutus
1932 5216 2018 5277 est

433 5296 505 5355 ab
532 5298 799 5367 apostolis
826 5296 1079 5369 Matthias
1099 5338 1114 5362 ,
1151 5306 1206 5361 et
1235 5306 1665 5355 connumeratus
1694 5315 1820 5361 cum
1845 5300 2018 5359 unde-

431 5388 539 5463 cim
575 5388 804 5459 reliquis
829 5428 845 5454 ,
893 5388 1271 5455 duodecimus.
1325 5387 1526 5451 Postea
1554 5399 1780 5447 vocatus
1838 5398 1922 5447 est
1963 5399 2017 5447 et

431 5476 662 5544 Paulus,
693 5495 792 5543 vas
822 5480 1131 5549 electionis,
1162 5482 1480 5551 missusque
1507 5489 1562 5538 et
1592 5483 1709 5554 ipse
1738 5498 1861 5538 cum
1884 5482 2018 5538 Bar-

432 5571 579 5645 naba
602 5572 671 5628 ad
693 5573 1102 5650 praedicandum
1129 5573 1482 5646 Evangelium
1515 5575 1729 5634 Domini
1760 5580 2017 5649 gentibus

434 5663 659 5734 ubique.
723 5663 941 5735 Septem
997 5677 1180 5725 autem
1228 5671 1585 5728 diaconorum
1641 5673 1710 5728 ab
1757 5675 2017 5745 apostolis

433 5754 857 5809 constitutorum
888 5757 1005 5812 haec
1051 5769 1179 5817 sunt
1216 5762 1481 5820 nomina:
1522 5762 1855 5836 Stephanus,
1888 5763 2017 5821 Phi-

508 5845 553 5876 "
587 5842 748 5901 Joan.
782 5863 949 5917 xvut,
978 5850 1070 5909 9.3.

511 5929 626 6011 (Ὦ)
657 5932 859 6012 Λίτρας

2107 672 2198 725 τὸν
2233 672 2469 743 Πατέρα.
2505 672 2642 742 Περὶ
2662 672 2754 726 τοῦ
2784 674 3143 745 Παρακλήτου
3177 675 3361 738 αὐτοῖς
3401 674 3692 745 προλέγειο

2108 763 2272 834 ἕτερα
2296 765 2464 818 πολλά
2483 764 2809 834 διαλέγεται,
2827 767 2921 822 καὶ
2949 769 3243 838 κατηγορεῖ
3263 766 3369 819 τῶν
3398 766 3697 829 Ἰουδαίων.

2109 854 2298 925 Θλίψιν
2329 856 2581 927 προλέγει
2610 859 2720 919 τοῖς
2753 856 3021 929 μαθηταῖς
3042 897 3057 921 ,
3104 856 3221 911 εἶτα
3265 857 3426 912 πάλιν
3457 856 3696 930 χρηστὰ,

2110 948 2205 1003 καὶ
2234 948 2396 1003 πάλιν
2420 949 2660 1021 λυπηρά.
2683 950 2829 1024 Πρὸς
2854 952 2945 1004 τὸν
2965 951 3189 1021 Πατέρα
3215 951 3537 1019 διαλέγεται.
3560 935 3701 1004 Εῖτα

2110 1037 2328 1109 ἔρχεται
2358 1041 2438 1103 εἰς
2483 1040 2576 1093 τὸν
2603 1040 2782 1111 κῆπον
2807 1081 2821 1106 ,
2857 1041 2953 1094 καὶ
2985 1040 3434 1112 συλλαμϐάνεται.
3488 1043 3700 1096 Κόπτει

2112 1130 2322 1199 Πέτρος
2342 1128 2405 1182 τὸ
2426 1128 2586 1184 ὠτίον
2611 1131 2703 1184 τοῦ
2729 1130 2936 1185 δούλου.
2964 1132 3191 1199 ’Λγουσι
3209 1131 3300 1183 τὸν
3336 1129 3535 1202 Ἰησοῦν
3560 1131 3704 1203 πρὸς

2111 1222 2203 1275 τὸν
2232 1222 2452 1274 Ἀνναν.
2512 1221 2737 1291 Είσάγει
2785 1223 2814 1275 6
2854 1222 3102 1293 μαθητὴς
3129 1222 3221 1275 τὸν
3253 1222 3461 1294 Πέτρον
3491 1225 3571 1286 είς
3597 1223 3705 1293 τὴν

2113 1316 2302 1388 αὐλήν.
2334 1316 2538 1371 Τύπτει
2562 1317 2654 1370 τὸν
2701 1316 2906 1389 Ἰησοῦν
2934 1318 2962 1369 6
2992 1316 3303 1388 ὑπηρέτης·
3335 1315 3482 1383 λέγει
3515 1315 3700 1385 αὐτῷ’

2121 1428 2139 1460 ‹
2167 1410 2231 1462 El
2261 1409 2447 1473 κακῶς
2479 1409 2715 1479 ἐλάλησα
2737 1448 2752 1474 ,
2798 1427 2816 1460 ι
2852 1409 2947 1462 καὶ
2972 1408 3042 1460 τὰ
3074 1407 3222 1477 έξῆς.
3260 1406 3705 1460 Ἀποστέλλουσιν

2114 1500 2275 1554 αὑτὸν
2302 1499 2438 1571 πρὸς
2462 1500 2738 1568 Καϊάφαν.
2809 1499 3081 1570 Ἀρνεῖται
3114 1498 3340 1569 Πέτρος.
3405 1498 3631 1564 ’Ἄγεται
3671 1497 3706 1548 ὁ

2128 1591 2336 1663 Ἰησοῦς
2369 1591 2506 1663 πρὸς
2547 1591 2797 1645 Πιλᾶτον.
2846 1589 3215 1661 Σταυροῦται,
3266 1590 3362 1643 καὶ
3394 1588 3486 1641 τὸν
3522 1588 3707 1643 τίτλον

2117 1683 2469 1738 ἐπιτιθέασιν.
2506 1685 2868 1756 Εἱστήκεισαν
2895 1682 3044 1752 παρὰ
3078 1681 3154 1753 τῷ
3190 1682 3406 1755 σταυρῷ
3435 1685 3466 1753 ἡ
3498 1683 3705 1753 μήτηρ,

2116 1777 2211 1829 καὶ
2242 1778 2276 1847 ἡ
2305 1776 2505 1846 ἀδελφὴ
2539 1776 2638 1847 τῆς
2671 1776 2877 1847 μητρὸς
2901 1774 3063 1829 αὐτοῦ
3093 1774 3311 1846 Μαρία,
3346 1776 3379 1845 ή
3410 1772 3504 1826 τοῦ
3533 1772 3711 1825 Κλεο-

2118 1870 2217 1932 πά,
2248 1869 2344 1923 καὶ
2366 1869 2609 1939 Μαρίαὴ
2643 1868 2999 1939 Μαγδαληνή.
3060 1868 3192 1919 Τότε
3224 1866 3580 1937 παρατίθεται
3604 1866 3710 1936 τὴν

2044 1936 2088 1992 Β
2121 1960 2330 2033 μητέρα
2348 1960 2427 2031 τῷ
2454 1936 2694 2034 Ἰωάννῃ.
2723 1936 2931 2013 Θάπτει
2952 1936 3012 2013 τὸ
3047 1958 3205 2030 σῶμα
3233 1936 3452 2028 Ἰωσήφ.
3476 1956 3714 2028 Νικόδη-

2121 2071 2221 2124 μος
2244 2053 2395 2126 φέρει
2422 2051 2586 2122 ἀλόης
2603 2052 2695 2105 ml.
2720 2051 2964 2123 σμύρνης
2980 2051 3151 2122 λύτρα
3170 2050 3280 2121 (52)
3300 2049 3512 2103 έκατόν.
3532 2045 3712 2101 Ἦλθε

2117 2144 2304 2215 Μαρία
2333 2145 2366 2215 ἡ
2398 2142 2756 2214 Μαγδαληνὴ,
2788 2142 2970 2212 βλέπει
3000 2141 3092 2195 τὸν
3123 2141 3293 2210 τάφον
3326 2139 3479 2192 κενόν
3500 2156 3513 2169 ·
3550 2137 3714 2191 καλεῖ

2116 2236 2209 2289 τὸν
2235 2236 2440 2308 Πέτρον
2473 2237 2565 2290 καὶ
2592 2235 2685 2289 τὸν
2721 2236 2993 2307 Ἰωάννην.
3023 2236 3084 2288 Οἱ
3107 2234 3163 2289 δὲ
3190 2234 3451 2305 ἀπῆλθον,
3487 2233 3582 2286 καὶ
3610 2232 3716 2286 πά-

2117 2327 2201 2381 λιν
2232 2327 2603 2400 ἀνεχώρησαν.
2630 2327 2827 2380 Βλέπει
2847 2328 2972 2391 τοὺς
2999 2326 3263 2397 ἀγγέλους
3294 2329 3326 2397 ἡ
3350 2326 3559 2396 Μαρία,
3586 2320 3714 2379 εἶτα

2118 2420 2208 2473 τὸν
2249 2420 2456 2491 Ἰησοῦν
2480 2459 2495 2484 ,
2536 2420 2629 2473 καλ⁵
2657 2419 2962 2488 διαλέγεται
2989 2420 3148 2489 αὐτῇ.
3194 2415 3327 2472 Εἶτα
3358 2418 3561 2489 ἐπέστη
3592 2419 3714 2480 τοῖς

2122 2510 2397 2582 μαθηταῖς
2428 2510 2830 2582 κεκλεισμένων
2862 2510 2969 2564 τῶν
3000 2509 3210 2581 θυρῶν,
3245 2510 3339 2563 καὶ
3377 2509 3577 2562 ἔδωκεν
3612 2500 3714 2561 αύέ

2117 2605 2231 2668 τοῖς
2250 2602 2477 2674 Πνεῦμα
2501 2603 2676 2673 ἅγιον.
2699 2600 2831 2657 Εἶτα
2853 2602 2931 2673 τῷ
2954 2602 3123 2674 Θωμᾷ
3142 2601 3446 2671 διαλέγεται
3468 2602 3712 2672 ἀπιστή-

2121 2711 2293 2749 σαντι.
2356 2691 2494 2749 Εἶτα
2522 2696 2682 2750 πάλιν
2711 2695 2866 2766 ὤφθη
2914 2698 3029 2758 τοῖς
3058 2694 3325 2766 μαθηταῖς
3360 2694 3449 2747 ἐπὶ
3479 2694 3580 2764 τῆς
3612 2693 3715 2747 θα-

2118 2789 2323 2860 λάσσης
2338 2789 2439 2859 τῆς
2454 2776 2801 2862 Ἰζιϐεριάδος⁸
2828 2791 2875 2842 οἱ
2892 2788 2949 2842 δὲ
2973 2788 3227 2859 ήλίευσαν
3247 2787 3451 2857 πλῆθος
3484 2786 3710 2856 ἰχθύων,

2118 2881 2215 2935 καὶ
2240 2881 2408 2951 ἔφαγε
2444 2883 2561 2954 μετ’
2592 2882 2792 2936 αὐτῶν.
2820 2877 2954 2935 Εἶτα
2986 2880 3262 2935 ἐπιτάττει
3282 2880 3356 2951 τῷ
3379 2881 3569 2953 Πέτρῳ
3595 2897 3717 2932 ποι-

2124 2974 2334 3046 μαίνειν
2359 2975 2429 3028 τὰ
2465 2975 2736 3047 πρόϐατα,
2763 2974 2857 3051 ml
2894 2974 3149 3046 προλέγει
3176 2974 3349 3045 αὐτῷ,
3383 2973 3519 3043 ποίῳ
3549 2972 3717 3051 θανάέ

2118 3085 2197 3138 τῳ
2223 3067 2596 3135 ἀποθανεῖται,
2623 3068 2717 3122 καὶ
2751 3067 2962 3121 κελεύει
2992 3066 3356 3137 ἀκολουθῆσαι
3390 3064 3556 3137 αὐτῷ.

2334 3297 2578 3352 Βιϐέῑίον
2600 3303 2665 3361 ε’,
2701 3295 2951 3364 Πράξεις
2967 3295 3087 3349 τῶν
3100 3295 3480 3354 ἀποστόλων.

2196 3393 2284 3454 51.
2316 3391 2472 3448 Οὕτω
2490 3393 2739 3446 καλεῖται
2767 3392 2828 3446 τὸ
2856 3392 3077 3462 βιϐλίον,
3104 3391 3291 3462 ἐπειδὴ
3322 3390 3535 3455 καὶτὰς
3564 3391 3720 3461 πρά-ε

2126 3487 2237 3554 ξεις
2288 3485 2423 3558 ὁμοῦ
2456 3485 2566 3540 τῶν
2600 3484 2918 3538 ἀποστόλων
2962 3484 3227 3555 περιέχει.
3296 3484 3353 3537 '0
3384 3483 3440 3536 δὲ
3488 3483 3720 3554 διηγού-

2129 3597 2290 3650 μενος
2334 3576 2538 3641 ταύτας
2592 3578 2708 3630 ἐστὶ
2761 3578 2974 3641 Λουκᾶς
3015 3579 3044 3630 6
3092 3574 3499 3646 εὐαγγελιστὴς,
3545 3576 3576 3626 ὁ
3613 3576 3719 3628 καὶ

2124 3669 2285 3725 τοῦτο
2312 3668 2372 3725 τὸ
2405 3669 2608 3740 βιϐλίον
2644 3667 2996 3739 συγγράφων.
3047 3665 3423 3738 Συναπεδήμει
3457 3665 3567 3736 γὰρ
3593 3669 3717 3730 τοῖς

2123 3779 2184 3815 τε
2222 3761 2400 3824 ἄλλοις
2432 3759 2776 3825 ἀποστόλοις,
2825 3759 2920 3813 καὶ
2960 3758 3192 3829 μάλιστα
3235 3758 3314 3830 τῷ
3345 3758 3563 3829 Παύλῳ,
3610 3762 3717 3813 καὶ.

2124 3852 2279 3917 εἰδὼς
2311 3852 2588 3924 ἀκριϐῶς,
2621 3852 2842 3922 γράφει.
2886 3851 3163 3921 Διηγεῖται
3202 3850 3260 3903 δὲ
3296 3849 3353 3903 ἐν
3380 3848 3527 3919 αὐτῷ
3561 3848 3712 3913 πῶς,

2123 3944 2370 4014 ἀγγέλων
2404 3944 2803 4007 ὑπολαϐόντων,
2849 3942 3126 4014 ἀνελήφθη
3157 3945 3185 3996 6
3223 3942 3447 4012 Κύριος,
3482 3940 3580 3995 καὶ
3608 3941 3715 4013 τὴν

2123 4035 2217 4093 τοῦ
2245 4037 2400 4105 ἁγίου
2437 4036 2753 4107 Πνεύματος
2791 4035 3016 4105 ἔκχυσιν
3048 4034 3348 4105 γενομένην
3388 4035 3444 4089 ἐν
3472 4036 3538 4103 τῇ
3576 4035 3719 4087 Πεν-

2123 4131 2359 4199 τηκοστῇ
2408 4128 2497 4180 ἐπί
2545 4146 2606 4181 τε
2648 4128 2774 4190 τοὺς
2818 4126 3150 4190 ἀποστόλους
3194 4126 3288 4179 καὶ
3338 4127 3545 4189 πάντας
3578 4126 3716 4189 τοὺς

2124 4220 2243 4275 τότε
2268 4221 2540 4292 παρόντας
2559 4239 2572 4252 ’
2602 4222 2700 4292 τήν
2739 4238 2797 4273 τε
2828 4221 3161 4274 κατάστασιν
3192 4218 3283 4273 τοῦ
3314 4218 3557 4273 Ματθίου
3584 4220 3716 4273 ἀντὶ

2136 4312 2307 4367 Ἰούδα
2337 4312 2431 4367 τοῦ
2465 4314 2747 4383 προδότου,
2777 4314 2869 4369 καὶ
2896 4313 2994 4385 τὴν
3026 4312 3378 4386 προχείρησιν
3402 4311 3509 4365 τῶν
3533 4311 3576 4374 ζ’
3601 4312 3727 4377 δια-,

2123 4405 2316 4471 κόνων,
2354 4406 2449 4460 καὶ
2482 4408 2581 4477 τὴν
2611 4405 2841 4476 ἐκλογὴν
2862 4405 2956 4458 τοῦ
2986 4405 3222 4468 Παύλου,
3259 4406 3353 4459 καὶ
3382 4406 3482 4458 ὅσα
3512 4405 3713 4473 ἔπαθε,

2123 4498 2218 4550 καὶ
2267 4497 2420 4560 τέλος
2470 4499 2568 4568 τὴν
2602 4499 2680 4560 εἰς
2731 4495 2958 4567 Ῥώμην.
2991 4495 3302 4566 ἀποδημίαν
3347 4495 3536 4549 αὐτοῦ.
3585 4497 3729 4555 Τῶν,

2050 4620 2093 4673 D
2128 4590 2224 4659 μὲν
2250 4586 2341 4643 οῦν
2384 4589 2590 4642 δώδεκα
2637 4588 2951 4642 ἀποστόλων
2990 4587 3059 4641 τὰ
3083 4587 3324 4659 ὀνόματά
3351 4588 3468 4641 ἐστι
3495 4588 3676 4643 ταῦτα.
3694 4607 3711 4621 ·

2124 4679 2341 4750 πρῶτος
2379 4679 2563 4750 Σίμων
2592 4683 2619 4733 ὁ
2648 4678 2936 4750 λεγόμενος
2966 4678 3192 4750 Πέτρος,
3235 4674 3357 4733 εἶτα
3395 4679 3651 4744 Ἰάκωϐος
3683 4682 3719 4734 6

2121 4773 2216 4829 τοῦ
2247 4773 2555 4837 Ζεϐεδαίου,
2599 4773 2693 4825 καὶ
2736 4772 2990 4841 Ἰωάννης
3033 4772 3062 4823 ὁ
3116 4770 3342 4839 ἁδελφὸς
3390 4771 3580 4836 αὐτοῦ,
3613 4772 3719 4825 καὶ

2134 4866 2388 4936 Ἀνδρέας
2418 4868 2446 4919 6
2477 4864 2705 4933 ἀδελφὸς
2736 4864 2967 4934 Πέτρου,
3025 4863 3120 4916 καὶ
3149 4861 3433 4926 Φίλιππος,
3465 4863 3560 4916 καὶ
3591 4864 3718 4917 Θω-

2124 4960 2254 5029 μᾶς,
2296 4956 2722 5030 Βαρθολομαῖος,
2768 4956 3071 5020 Ματθαῖος,
3119 4953 3375 5016 Ἰάκωϐος
3425 4954 3712 5023 Ἁλφαίου,

2120 5052 2304 5121 Σίμων
2334 5053 2362 5104 6
2391 5051 2658 5123 ζηλωτὴς,
2704 5049 2905 5112 Ἰούδας
2945 5045 3223 5111 Ἰακώϐου,
3253 5048 3281 5100 6
3308 5047 3402 5100 καὶ
3423 5046 3711 5114 Θαδδαῖος,

2119 5145 2216 5198 καὶ
2256 5144 2456 5208 Ἰούδας
2495 5141 2850 5215 Ἰσκαριώτης
2872 5142 2901 5195 6
2927 5142 3021 5195 ml.
3045 5139 3318 5212 παραδοὺς
3350 5139 3441 5191 τὸν
3470 5139 3709 5210 Κύριον.

2132 5236 2293 5293 Ἀλλά
2321 5236 2414 5289 τοῦ
2461 5235 2632 5288 Ἰούδα
2659 5233 2872 5300 τούτου,
2923 5232 3182 5304 προδότου
3236 5230 3550 5303 γενομένου,
3606 5233 3710 5285 καὶ¹

2118 5330 2478 5400 ἀπολομένου,
2531 5326 2840 5397 κατεστάθη
2892 5327 2972 5389 εἰς
3003 5327 3094 5379 τὸν
3142 5325 3352 5380 ἐκείνου
3381 5324 3549 5379 τόπον
3595 5324 3711 5377 ὑπὸ

2117 5422 2226 5476 τῶν
2267 5421 2583 5475 ἀποστόλων
2610 5419 2889 5483 Ματθίας,
2932 5418 3027 5473 καὶ
3064 5417 3555 5490 συγκατηριθμήθη
3587 5420 3711 5481 τοῖς

2118 5515 2312 5570 ἕνδεκα
2345 5514 2664 5577 δωδέκατος.
2696 5510 2851 5566 Μετὰ
2874 5512 2932 5565 δὲ
2952 5511 3126 5565 ταῦτα
3155 5510 3358 5583 ὲκλήθη
3385 5510 3480 5564 καὶ
3505 5512 3534 5562 6
3559 5510 3710 5563 Παῦο

2118 5610 2232 5675 λος,
2269 5608 2463 5673 σκεῦος
2492 5608 2743 5678 ἐκλογῆς,
2790 5607 2885 5661 καὶ
2913 5604 3193 5676 ἀπεστάλη
3240 5604 3334 5658 καὶ
3367 5603 3531 5666 αὐτὸς
3562 5604 3715 5673 μετὰ

2118 5701 2374 5773 Βαρνάϐα
2401 5698 2826 5768 εύαγλγελίσαθαι
2849 5698 2940 5752 τὸν
2966 5698 3171 5769 Κύριον
3208 5698 3320 5760 τοῖς
3351 5694 3533 5749 ἔθνεσι
3564 5711 3709 5750 πανπ

2118 5795 2307 5871 ταχοῦ.
2363 5796 2483 5853 Ἔτι
2518 5794 2575 5849 δὲ
2620 5793 2716 5849 καὶ
2755 5793 2863 5847 τῶν
2914 5789 3360 5850 κατασταθέντων
3411 5784 3568 5860 παρά
3591 5785 3715 5849 τῶι
