3886 6182
184 432 290 490 ιοδ

1298 413 1645 474 SYNOPSIS
1687 403 2110 467 SCRIPTUBE
2154 398 2424 458 SACRE.

3347 380 3452 438 406

184 547 507 607 ἀποστόλων
555 544 695 600 ἐπτά
720 543 982 597 διακόνων
1019 540 1087 595 τὲ
1130 538 1374 608 ὀνόματα
1405 532 1577 588 ταῦτα
1598 548 1614 563 θ
1648 529 1776 583 Στέ-

1908 527 2098 596 lppus,
2131 520 2469 581 Prochorus,
2516 514 2776 576 Nicanor,
2811 508 3031 570 Timon,
3060 501 3358 557 Parmenas
3402 506 3459 554 et

188 661 380 714 φανός,
407 640 700 703 Φίλιππος,
740 637 1042 707 Πρόχορος,
1078 631 1358 703 Νικάνωρ,
1388 627 1595 697 Τίμων,
1624 623 1777 692 Παρ-

189 738 383 809 μενᾶς,
432 734 529 788 καὶ
570 731 859 793 Νικόλαος.
910 726 1127 781 Τούτων
1161 719 1254 776 οῦν
1301 720 1411 773 τῶν
1466 714 1778 772 ἀποστόλων

186 808 285 883 καὶ
312 827 425 881 τῶν
454 824 719 879 διακόνων
746 821 847 884 τὰς
878 816 1106 891 πράξεις
1152 815 1421 885 διηγεῖται
1463 813 1492 864 ὁ
1540 808 1776 868 Λουκᾶς,

188 922 285 975 καὶ
307 922 519 991 σημεῖα
551 917 681 986 παρ’
710 911 890 968 αὐτῶν
933 908 1215 980 γεγονότα,
1257 905 1401 975 άπερ
1430 902 1537 955 εἰσὶ
1568 898 1743 953 ταῦτα
1762 914 1776 929 ·

188 996 403 1084 Πέτρος
424 1012 523 1065 καὶ
564 1009 821 1081 Ἰωάννης
844 1005 1215 1078 ἐθεράπευσαν
1240 1003 1298 1055 ἐν
1316 999 1395 1071 τῷ
1422 998 1643 1068 ὀνόματι
1676 996 1783 1048 Κυ-

190 1106 313 1177 ρίου
346 1104 442 1158 τὸν
484 1105 549 1156 ἐκ
580 1101 809 1171 γενετῆς
839 1098 1032 1170 χωλὸν,
1066 1096 1155 1150 τὸν
1183 1096 1242 1147 ἐν
1289 1094 1356 1164 τῇ
1412 1088 1605 1162 Ὡραίᾳ
1638 1085 1780 1156 πύλῃ

188 1196 529 1268 καθήμενον.
558 1195 767 1266 Πέτρος
806 1190 1055 1245 ’Δνανίαν
1087 1188 1181 1242 καὶ
1211 1187 1528 1256 Σαπφεῖραν
1555 1180 1653 1252 τὴν
1686 1196 1784 1248 γυ-

189 1293 358 1345 ναῖκα
384 1286 557 1342 αὐτοῦ
587 1284 809 1358 ἤλεγξε,
845 1281 1275 1352 νοσφισαμένους
1318 1276 1425 1331 ἀπὸ
1471 1275 1570 1345 τῆς
1616 1268 1783 1341 τιμῆς

186 1382 287 1436 τοῦ
315 1381 671 1453 χωρίου,καὶ
700 1378 803 1447 τῆς
845 1374 1180 1444 ἐπαγγελίας
1223 1371 1326 1441 τῆς
1368 1371 1448 1432 εἰς
1480 1367 1571 1420 τὸν
1617 1363 1780 1427 Θεὸν,

191 1476 288 1530 καὶ
313 1473 580 1543 γεγόνασι
622 1469 966 1543 παραχρῆμα
999 1465 1204 1537 νεκροί.
1253 1461 1460 1533 Πέτρος
1491 1459 1549 1511 ἐν
1592 1456 1783 1524 Ἰόππῃ

188 1570 293 1639 τὴν
324 1564 714 1621 ἀποθανοῦσαν
742 1560 987 1634 Δορκάδα
1013 1558 1308 1627 εὐξάμενος
1342 1555 1561 1623 ἧγειρεν
1598 1549 1663 1601 ἐκ
1701 1562 1784 1598 νε-

191 1636 368 1730 κρῶν.
400 1657 616 1729 Πέτρος
641 1653 703 1707 τὸ
723 1653 786 1719 ἐξ
818 1649 1047 1724 οὐρανοῦ
1078 1649 1272 1710 σκεῦος
1297 1643 1621 1712 καθιέμενον
1648 1636 1786 1707 πλῆ-

197 1729 290 1822 ρες
321 1749 534 1813 παντὸς
568 1744 707 1811 ζώου
756 1744 992 1818 ἑώρακε.
1037 1742 1247 1811 Πέτρου
1276 1739 1310 1808 ή
1350 1734 1480 1789 σκιὰ
1512 1729 1785 1803 ἐρχομένη

194 1843 290 1907 ἐπὶ
338 1843 472 1905 τοὺς
528 1838 892 1900 ἀσθενοῦντας
943 1833 1275 1905 ἐθεράπευεν
1308 1826 1524 1889 αύτούς.
1582 1822 1789 1894 Πέτρος

192 1935 542 2009 τηρούμενος
575 1934 668 1996 καὶ
696 1930 980 2003 δεδεμένος
1016 1929 1075 1982 ἐν
1121 1930 1189 1997 τῇ
1240 1921 1455 1994 φυλακῇ
1486 1916 1592 1971 ὑπὸ
1627 1912 1791 1983 ἀγγέ-

334 2004 614 2094 ἀπελύθη,
674 2021 751 2094 μὴ
800 2020 1015 2073 είδότων
1048 2017 1157 2071 τῶν
1203 2007 1570 2084 στρατιωτῶν.
1627 2004 1739 2057 Καὶ
1762 2004 1792 2056 ό

209 2116 464 2192 Ἡρώδης
495 2112 962 2185 σκωληκόϐρωτος
988 2104 1233 2177 ἐξέψυξε.
1261 2102 1534 2170 Στέφανος
1567 2095 1791 2166 ἐποίησε

196 2186 536 2283 τέραταήκαὶ
567 2207 789 2277 σημεῖα.
831 2202 1095 2263 Φίλιππος
1140 2196 1233 2250 τὸν
1264 2191 1520 2271 εὐνοῦχον
1563 2186 1795 2257 ἐπέστη-

202 2319 296 2356 σεν
322 2298 782 2369 ἀναγινώσκοντα
805 2294 898 2348 τὸν
926 2293 1188 2355 Ἡσαΐαν,
1220 2287 1317 2342 καὶ
1363 2283 1657 2337 ἐϐάπτισεν
1698 2277 1795 2331 αύ-

201 2393 316 2446 τόν.
361 2367 457 2445 ’οή
480 2388 647 2452 αὐτὸς
677 2386 944 2448 Φίλιππος
977 2385 1034 2435 ἐν
1066 2377 1352 2451 Σαμαρείᾳ
1400 2370 1571 2427 πολλὰ
1629 2367 1796 2425 πνεύ-

207 2500 359 2555 ματα
386 2480 639 2549 ἐξέϐαλε,
680 2477 777 2532 καὶ
804 2475 968 2549 χωλοὶ
1008 2472 1102 2527 καὶ
1141 2452 1573 2541 παραλελυμένοι
1602 2461 1797 2532 ἐθερα-

206 2550 493 2647 πεύθησαν
525 2571 621 2626 ὑπ’
655 2567 842 2624 αὐτοῦ.
875 2566 1104 2631 Παῦλος,
1134 2560 1369 2632 ἐγγίζων
1405 2560 1472 2629 τῇ
1498 2550 1795 2630 Δαμασκῷ,

204 2644 698 2726 εἶδεν-ὀπτασίαν,
754 2660 851 2716 καὶ¹
896 2658 1058 2721 εὐθὺς
1102 2655 1326 2724 γέγονεν
1381 2644 1795 2718 εὐαγγελιστής.

202 2758 423 2825 Παῦλος
453 2757 515 2810 ἐν
546 2753 819 2825 Λύστροις
848 2750 1063 2815 Αἰνέαν,
1097 2746 1270 2824 χωλὸν
1299 2747 1365 2798 ἐκ
1387 2738 1617 2812 γενετῆς
1646 2737 1799 2800 ὄντα,

200 2852 588 2925 ἐθεράπευσεν
623 2850 683 2903 tv
713 2846 792 2918 τῷ
816 2845 1041 2917 ὀνόματι
1064 2840 1160 2896 τοῦ
1194 2838 1424 2912 Κυρίου.
1458 2834 1671 2898 Παῦλος
1693 2830 1803 2885 ἀπὸ

202 2945 484 3009 ὀπτασίας
524 2944 607 3007 είς
654 2938 997 2996 Μακεδονίαν
1042 2934 1268 3006 ἐκλήθη.
1323 2930 1534 2994 Παῦλος
1567 2926 1664 2999 τὴν
1705 2941 1805 2993 γυ-

206 3041 374 3103 ναῖκα
398 3036 502 3109 τὴν
532 3035 765 3107 ἔχουσαν
795 3030 1019 3100 πνεῦμα
1052 3026 1289 3088 Πύθονος
1312 3022 1629 3094 ἐκαθάρισε.
1654 3016 1803 3072 Παῦ-

207 3129 300 3193 λος
331 3127 434 3182 καὶ
460 3126 630 3189 Σίλας
671 3127 728 3178 ἐν
759 3120 1048 3184 Φιλίπποις
1078 3120 1158 3182 είς
1197 3114 1446 3186 φυλακὴν
1471 3110 1804 3182 ἐϐλήθησαν,

209 3220 308 3285 καὶ
352 3214 807 3289 ἡσιραλισμένους
839 3206 985 3282 εἶχον
1032 3209 1160 3271 τοὺς
1198 3204 1368 3267 πόδας
1420 3204 1479 3256 ἐν
1527 3198 1605 3270 τῷ
1640 3197 1800 3268 ξύλῳ.
1832 3226 1878 3286 C

219 3313 314 3367 Ἐν
341 3311 406 3365 δὲ
435 3309 520 3381 τῷ
558 3304 900 3379 μεσονυκτίῳ
929 3300 1149 3373 σεισμὸς
1187 3298 1400 3367 γέγονε,
1437 3292 1530 3346 καὶ
1557 3291 1805 3344 λέλυνται

211 3401 404 3458 αὐτῶν
430 3400 504 3454 τά
524 3397 724 3469 δεσμά.
771 3395 904 3450 Ἀπὸ
948 3392 1045 3447 τοῦ
1085 3388 1295 3462 χρωτὸς
1341 3383 1556 3440 Παύλου
1604 3380 1810 3465 άπέφε-

214 3512 312 3569 ρον
350 3465 640 3563 σουδάρια⁷
669 3490 764 3543 ἐπὶ
798 3488 926 3549 τοὺς
962 3481 1320 3544 ἀσθενοῦντας
1363 3478 1458 3532 καὶ
1494 3465 1849 3547 δαιμονιῶν-⁹

211 3561 337 3649 τας,
387 3582 488 3636 καὶ
527 3561 945 3650 ἐθεραπεύοντο.
990 3571 1202 3633 Παῦλος
1232 3571 1290 3623 tv
1322 3563 1540 3637 Τρωάδι
1576 3561 1814 3616 πεσόντα

215 3673 465 3745 Εὔτυχον
480 3669 591 3725 ἀπὸ
604 3669 704 3740 τῆς
716 3665 931 3738 θυρίδος
948 3664 1043 3718 καὶ
1058 3659 1397 3715 ἀποθανόντα
1409 3657 1599 3727 ἤγειρε
1614 3653 1809 3720 λέγων·

223 3787 246 3819 ι
280 3767 352 3820 Ἦ
370 3744 532 3835 ψυχὴ
549 3756 715 3814 αὐτοῦ
739 3759 799 3811 ἐν
827 3754 973 3826 αύτῷ
1003 3756 1171 3808 ἐστιν.
1202 3772 1220 3804 ι
1252 3748 1463 3810 Παῦλος
1484 3744 1815 3815 ἐπετίμησεν

218 3859 280 3910 ἐν
550 3849 630 3920 τῷ
654 3850 812 3922 μάγῳ
825 3844 1053 3916 Ἐλύμῳ,
1074 3843 1170 3896 καὶ
1195 3840 1410 3909 ἐγένετο
1427 3834 1645 3905 τυφλός.
1671 3832 1818 3885 Παῦο

184 3962 199 3973 ⁸
219 3948 338 4011 λος,
365 3922 557 3997 πλέων
585 3943 644 3995 ἐν
684 3937 897 4008 Ῥώμῃ,
935 3931 1235 4005 ἐχειμάσθη
1273 3929 1436 3991 αύτός
1464 3943 1524 3979 τε
1563 3925 1657 3978 καὶ
1685 3922 1820 3976 πάν-

222 4055 317 4101 τες
366 4035 422 4088 οἱ
470 4035 531 4086 ἐν
558 4029 639 4102 τῷ
662 4027 835 4098 πλοίῳ
886 4025 981 4078 ἐπὶ
1028 4022 1347 4095 νυχθήμερα
1380 4018 1457 4072 ιδ’.
1505 4016 1732 4072 Πάντων
1760 4029 1819 4066 τε

226 4124 666 4198 προσδοκώντων
707 4118 1025 4184 ἀποθανεῖν,
1073 4114 1306 4177 ἐπιστὰς
1331 4114 1360 4164 ὁ
1408 4111 1611 4182 Κύριος
1667 4102 1819 4160 εἶπεν

228 4220 410 4292 αὐτῷ,
441 4221 530 4273 6m
580 4236 601 4270 ‹
652 4215 753 4269 Διὰ
781 4213 843 4267 σὲ
888 4211 1228 4282 κεχάρισμαι
1276 4207 1490 4267 τούτοις
1533 4203 1593 4256 τὸ
1627 4203 1748 4271 ζῇν,
1797 4216 1816 4249 ι

229 4312 331 4367 καὶ
355 4287 367 4292 ⁷
389 4307 705 4374 ἐσώθησαν.
772 4300 1091 4366 Ἐξελθόντα
1149 4298 1242 4350 τὸν
1295 4294 1509 4350 Παῦλον
1561 4291 1670 4346 ἀπὸ
1728 4287 1821 4342 τοῦ

232 4403 431 4457 πλοίου
462 4400 650 4471 ἔχιδνα
676 4397 859 4461 ἔδακε,
893 4396 988 4449 καὶ
1012 4393 1062 4445 οί
1096 4391 1194 4462 μὲν
1225 4389 1426 4451 πάντες
1453 4383 1700 4456 ἐνόμιζον
1731 4384 1826 4436 αύ-

230 4496 329 4551 τὺν
357 4491 614 4563 γίνεσθαι
639 4487 833 4561 νεκρόν
858 4502 871 4515 ·
914 4485 990 4549 ὼς
1023 4484 1081 4537 δέ
1119 4481 1335 4551 ἀπαθὴς
1378 4477 1667 4548 διέμεινεν,
1710 4473 1827 4526 ἐνό-

1872 590 2159 671 Nicotaus.
2210 609 2418 664 Horum
2452 608 2637 676 itaque
2683 599 3054 672 apostolorum
3094 601 3150 647 et
3193 590 3459 644 diacono-

1884 722 2006 761 rum
2038 712 2159 759 acta
2194 709 2415 757 enarrat
2446 696 2647 758 Lucas,
2682 701 2736 748 et
2767 705 2887 762 quae
2921 689 2990 742 ab
3025 684 3133 740 illis
3164 681 3308 739 edita
3327 684 3459 734 sunt

1882 802 2060 871 signa,
2087 810 2211 867 quae
2242 794 2345 848 ista
2380 799 2514 846 sunt
2545 809 2557 845 :
2592 786 2788 841 Petrus
2836 788 2888 836 et
2930 778 3171 834 Joannes
3200 771 3459 828 claudum

1880 906 1946 946 ex
1978 886 2289 946 nativitate,
2326 882 2383 936 in
2426 888 2583 950 porta
2616 874 2880 944 Speciosa
2925 868 3223 928 sedentem,
3254 862 3312 915 in
3357 873 3460 915 no-

1881 982 2031 1037 mine
2062 974 2276 1031 Domini
2308 977 2597 1027 curarunt.
2626 965 2825 1021 Petrus
2854 958 3122 1015 Ananiam
3142 964 3196 1010 et
3227 950 3463 1023 Sapphi-

1880 1086 1998 1126 ram
2032 1081 2259 1122 uxorem
2287 1064 2408 1134 ejus
2440 1059 2712 1130 coarguit,
2743 1052 2891 1126 quod
2944 1044 3193 1108 suil'urati
3230 1043 3465 1098 fuissent

1882 1162 1951 1217 de
1980 1159 2156 1231 pretio
2186 1132 2330 1226 agri,
2353 1161 2409 1208 et
2435 1151 2504 1206 de
2538 1145 2910 1220 promissione
2933 1140 3046 1196 Deo
3074 1137 3220 1193 facta
3243 1132 3466 1190 defrau-

1882 1229 2125 1313 dassent,
2150 1263 2314 1321 quam
2348 1245 2420 1301 ob
2441 1256 2663 1299 causam
2696 1247 2752 1294 et
2779 1254 2809 1293 e
2830 1233 3062 1305 vestigio
3093 1229 3292 1286 mortui
3312 1233 3461 1283 sunt.

1883 1344 2079 1401 Petrus
2106 1319 2279 1412 Joppe
2310 1335 2560 1394 Dorcada
2589 1334 2702 1389 vita
2734 1328 3047 1387 defunctam
3072 1321 3329 1396 precibus
3350 1319 3469 1374 suis

1883 1454 1915 1494 e
1948 1437 2179 1492 mortuis
2206 1430 2485 1490 excitavit.
2541 1426 2740 1481 Petrus
2771 1437 2870 1477 vas
2902 1420 3121 1490 plenum
3163 1412 3344 1468 omnis
3374 1424 3471 1480 ge-

1883 1530 2033 1585 neris
2064 1522 2438 1582 animantibus
2468 1519 2690 1574 cmlitus
2742 1513 3043 1569 demissum
3075 1506 3231 1563 vidit.
3266 1502 3471 1558 Umbra

1885 1620 2033 1675 Petri
2063 1624 2296 1690 aegrotos
2338 1628 2479 1685 quos
2538 1606 2933 1679 contingebat,
2967 1600 3220 1658 sanabat.
3273 1594 3472 1650 Petrus
3526 1610 3532 1617 ·

1887 1728 2010 1769 cum
2038 1713 2093 1767 in
2127 1725 2347 1766 carcere
2390 1708 2590 1783 ligatus
2629 1706 2941 1763 servaretur
2967 1734 2983 1760 ,
3036 1707 3132 1763 per
3179 1687 3432 1758 angelum
3455 1724 3473 1748 ,

1889 1806 2081 1861 insciis
2118 1802 2387 1863 militibus
2416 1778 2627 1879 ,1“
2677 1794 2893 1849 solutus
2947 1794 3052 1843 est.
3106 1782 3175 1851 Et
3229 1778 3476 1845 Herodes

1819 1889 1862 1944 Β
1890 1898 2160 1959 vermium
2186 1908 2317 1952 esca
2360 1870 2560 1956 lactus,
2582 1882 2905 1957 exspiravit.
2938 1877 3249 1949 Stephanus
3296 1870 3478 1949 prodi—

1893 1992 1982 2065 gia
2020 1990 2149 2045 fecit
2176 1994 2232 2043 et
2261 1987 2439 2056 signa.
2467 1981 2756 2058 Philippus
2799 1974 2877 2039 ad,
2926 1968 3244 2035 eunuchum
3265 2007 3282 2035 ,
3324 1961 3479 2020 Isaia!

1892 2054 2238 2161 prophetiam
2269 2054 2562 2149 legentem,
2590 2054 2848 2133 accessit,
2884 2073 2939 2121 et
2964 2059 3262 2141 baptizavit
3296 2056 3474 2111 illum.

1895 2145 2042 2231 idem
2072 2145 2357 2241 Philippus
2398 2166 2601 2229 multos
2656 2161 2831 2215 malos
2860 2155 3088 2228 spiritus
3132 2153 3188 2206 in
3231 2145 3478 2203 Samaria

1896 2268 2078 2339 ejeeit,
2110 2274 2165 2320 et
2196 2260 2380 2318 claudi
2436 2259 2505 2314 ab
2539 2256 2636 2311 illo
2666 2268 2731 2309 ac
2788 2247 3081 2323 paralytici,
3120 2243 3299 2300 curati
3328 2249 3479 2298 sunt.

1897 2360 2098 2415 Paulus
2120 2371 2247 2411 cum
2272 2349 2699 2431 apropinquaret
2724 2346 3010 2407 Damasco,
3030 2340 3299 2395 visionem
3321 2334 3480 2397 vidit,

1899 2462 1953 2508 et
1975 2466 2101 2507 mox
2130 2445 2411 2515 Evangelii
2453 2455 2633 2517 praeco
2665 2438 2839 2493 factus
2870 2443 2973 2493 est.
3005 2433 3210 2488 Paulus
3240 2443 3364 2485 cum
3393 2443 3485 2483 es-

1900 2552 1983 2602 set
2010 2541 2222 2615 Lystris
2246 2537 2501 2603 Eneam,
2524 2552 2553 2590 a
2586 2533 2873 2590 nativitate
2910 2527 3189 2591 claudum,
3222 2523 3280 2578 in
3307 2520 3486 2576 nomi-

1899 2651 1970 2695 ne
1998 2634 2212 2690 Domini
2241 2630 2475 2688 curavit.
2530 2628 2734 2683 Paulus
2766 2641 2863 2697 per
2893 2622 3160 2679 visionem
3197 2617 3253 2671 in
3304 2613 3489 2697 Mace—

1901 2731 2121 2787 doniam
2169 2734 2401 2784 vocatus
2445 2730 2553 2779 est.
2603 2720 2808 2776 Paulus
2860 2716 3145 2770 mulierem
3196 2709 3487 2777 habentem

1904 2822 2159 2894 spiritum
2191 2816 2458 2890 Pythonis
2488 2812 2765 2887 purgavit.
2833 2806 3040 2862 Paulus
3067 2808 3133 2869 et
3159 2799 3307 2868 Silas
3359 2795 3490 2849 Phi-

1906 2887 2075 2983 lippis
2104 2910 2161 2964 in
2184 2887 2492 2964 custodiam
2523 2901 2785 2973 coniecti,
2817 2909 2871 2953 et
2895 2894 3061 2969 pedes
3113 2903 3304 2947 eorum
3338 2887 3490 2957 ligno

1905 3001 2197 3059 constricti
2215 3006 2364 3056 sunt.
2399 2996 2460 3051 In
2484 2996 2667 3051 medio
2696 3000 2878 3053 autem
2913 2987 3094 3053 noctis
3127 2990 3288 3037 terra:
3308 2985 3492 3034 motus

1907 3103 2064 3148 actus
2098 3098 2209 3156 est,
2233 3098 2287 3145 et
2312 3088 2493 3144 soluta
2524 3092 2654 3141 sunt
2677 3096 2869 3145 eorum
2901 3074 3147 3132 vincula.
3188 3072 3235 3125 Α
3259 3081 3494 3138 corpore

1907 3186 2061 3241 Pauli
2096 3183 2337 3246 sudaria,
2361 3180 2579 3252 aegrotis
2607 3191 2671 3235 ac
2702 3170 3056 3245 tlzemoniacis
3086 3163 3367 3234 imposita,
3395 3177 3494 3216 cu-

1907 3279 2177 3336 rationem
2222 3274 2542 3330 aﬂerebant.
2594 3270 2798 3339 Paulus
2846 3261 3060 3325 Troade
3112 3255 3418 3329 Eutychum
3462 3270 3495 3310 ο

1910 3373 2148 3433 fenestra
2182 3372 2498 3446 prolapsum
2529 3381 2593 3425 ac
2625 3370 2901 3418 mortuum
2936 3356 3234 3417 excitavit,
3263 3355 3493 3413 dicens:

1918 3489 1936 3521 ι
1974 3444 2316 3535 Λιιὶῐῐιειίθῇιιδ
2344 3462 2399 3515 in
2431 3461 2554 3533 ipso
2583 3455 2759 3523 est“.
2796 3472 2815 3504 ι
2850 3448 3057 3509 Paulus
3092 3447 3149 3501 in
3178 3444 3358 3524 Cypro
3381 3456 3500 3497 ma—

1912 3575 2038 3631 gum
2066 3558 2313 3637 Elym‘am
2354 3536 2680 3620 increpavit,
2704 3545 2801 3616 qui
2833 3551 2889 3598 et
2924 3556 3104 3597 caecus
3132 3538 3359 3594 eﬂ‘ectus
3388 3542 3499 3599 est.

1912 3627 2119 3704 Paulus
2137 3627 2275 3711 ‘cum
2303 3645 2533 3710 Romam
2577 3636 2883 3707 navigaret,
2908 3627 3502 3702 tempestateagitatus

1916 3750 1998 3797 est
2028 3741 2166 3811 ipse,
2198 3746 2252 3793 et
2281 3736 2554 3807 quotquot
2582 3744 2706 3786 cum
2734 3728 2828 3782 illo
2856 3726 2914 3780 in
2947 3724 3074 3780 navi
3096 3728 3276 3787 erant,
3308 3727 3501 3775 noctes

1920 3848 1984 3888 ac
2011 3831 2130 3886 dies
2156 3823 2594 3899 quatuor-decim.
2627 3820 2694 3874 Et
2723 3834 2848 3876 cum
2879 3815 3125 3873 universi
3146 3820 3377 3869 mortem
3407 3826 3504 3865 es-

1921 3926 2251 3993 spectarent,
2281 3915 2454 3972 astitit
2483 3914 2654 3968 Paulo
2672 3910 2938 3965 Dominus
2958 3946 2974 3970 ,
3034 3907 3225 3961 dicens
3254 3923 3267 3959 :
3300 3922 3320 3956 ι
3378 3901 3504 3957 Pro-

1919 4022 2041 4085 pter
2070 4021 2123 4067 te
2154 4009 2385 4078 largitus
2449 4020 2571 4061 sum
2625 4002 2783 4065 istis,
2827 4007 2888 4054 ut
2926 3998 3113 4053 vivant
3144 3999 3224 4060 ι’,
3283 4014 3304 4048 ι
3341 4008 3506 4065 atque

1924 4103 2125 4161 servati
2173 4108 2322 4157 sunt.
2358 4098 2587 4152 Paulum
2618 4110 2740 4149 cum
2791 4108 2821 4147 e
2861 4083 2987 4145 navi
3026 4103 3281 4159 egressus
3317 4096 3501 4149 esset,

1925 4197 2111 4266 vipera
2156 4191 2486 4254 momordit,
2551 4184 3056 4251 existimabantque
3106 4194 3300 4235 omnes
3358 4178 3504 4248 quod

1923 4290 2227 4344 moriturus
2277 4293 2464 4341 esset:
2500 4298 2623 4339 cum
2682 4293 2813 4335 vero
2864 4276 3068 4331 illaasus
3125 4280 3505 4344 permaneret,

1933 4381 2183 4436 arbitrati
2215 4387 2345 4435 sunt
2375 4377 2535 4432 deum
2569 4388 2691 4429 esse
2738 4368 3050 4440 quemdam.
3080 4364 3299 4419 Patrem
3327 4362 3509 4418 Publii

1928 4476 1984 4527 in
2015 4473 2193 4528 insula
2220 4468 2532 4543 dysenteria
2560 4466 2914 4525 laborantem,
2937 4458 3209 4529 impositis
3232 4456 3507 4519 manibus,

237 4547 415 4667 piam:
454 4581 620 4637 αὐτὸν
657 4547 799 4633 εἶναι
842 4547 983 4631 θεόνξ
1037 4574 1141 4627 Τὸν
1191 4547 1408 4642 πατέρα
1448 4547 1718 4623 Πουπλίου
1767 4564 1803 4616 ἐκ

1931 4564 2152 4619 sanitati
2187 4561 2426 4618 restituit
2451 4559 2655 4613 Paulus
2677 4596 2694 4623 ,
2743 4562 2797 4612 et
2826 4553 2964 4608 alios
3008 4550 3209 4607 multos
3237 4548 3296 4604 in
3321 4547 3513 4611 eadem

333 4676 493 4745 νήσῳ
508 4667 827 4740 δυσεντερίᾳ
847 4665 1201 4736 συνεχόμενον
1228 4658 1614 4741 χειροθετήσας
1638 4655 1825 4709 ἰάσατο

1934 4662 2112 4715 insula
2138 4666 2372 4727 aegrotos
2398 4655 2628 4719 curavit.

235 4771 267 4822 ὁ
293 4747 561 4830 γΠαῦλος,
608 4763 704 4816 καί
730 4760 923 4823 ἄλλους
970 4754 1193 4818 πολλοὺς
1243 4749 1602 4811 ἀσθενοῦντας
1652 4748 1710 4799 ἐν
1759 4747 1826 4816 τῇ
1861 4755 2011 4825 νήσῳ
2049 4751 2435 4823 ἐθεράπευσεν,

389 4921 641 4979 Βιϐλίαν
666 4925 743 4985 ς’.
794 4913 1142 4985 Ἐπιστολαὶ
1175 4908 1490 4985 καθρᾼικαὶ
1516 4905 1687 4967 ἑπτά·

641 4981 871 5044 τούτων
903 4984 1103 5055 πρώτη
1146 4981 1443 5038 Ἰακώϐου.

320 5129 414 5185 52.
440 5128 564 5181 Ἀπ’
591 5122 771 5180 αὐτῶν
802 5119 912 5174 τῶν
946 5116 1276 5189 γραψάντων
1314 5112 1417 5167 καὶ
1439 5105 1600 5167 αὗται
1659 5122 1829 5179 προσ-

246 5219 633 5295 αγορεύονται.
658 5214 831 5277 Αὐτὸς
864 5207 1241 5295 γὰρἸὰκωϐος
1266 5205 1468 5274 ταύτην
1494 5202 1694 5273 γράφει
1718 5203 1830 5263 τοῖς

247 5317 364 5372 ἀπὺ
388 5313 502 5368 τῶν
537 5310 746 5365 δώδεκα
778 5292 969 5378 φυλῶν
992 5302 1362 5372 διασπαρεῑσι,
1410 5296 1505 5349 καὶ
1535 5292 1832 5348 πιστεύσα-

249 5427 341 5465 σιν
374 5410 454 5472 είς
474 5406 569 5460 τὸν
598 5403 805 5475 Κύριον
831 5397 987 5471 ἡμῶν
1022 5393 1227 5465 Ἰησοῦν
1255 5390 1512 5463 Χριστόν.
1543 5387 1747 5459 Γράφει
1778 5386 1836 5439 δέ

248 5497 644 5569 διδασκαλικὴν
676 5494 775 5566 τὴν
811 5487 1151 5557 Ἐπιστολὴν,
1186 5484 1452 5538 διδάσκων
1499 5480 1628 5551 περὶ
1650 5479 1838 5548 διαφο-

256 5596 362 5666 ρᾶς
391 5587 737 5663 πειρασμῶν,
763 5586 915 5648 ποῖος
943 5581 1043 5654 μέν
1080 5581 1227 5632 ἐστιν
1257 5575 1366 5630 ἀπὸ
1396 5572 1553 5639 Θεοῦ,
1605 5574 1752 5635 ποῖος
1781 5571 1839 5623 δὲ

250 5684 373 5744 ἀπὸ
398 5684 498 5754 τῆς
527 5680 665 5744 ιδίας
705 5676 931 5748 καρδίας
982 5672 1090 5727 τῶν
1133 5668 1438 5741 ἀνθρώπων
1460 5685 1474 5699 ο
1529 5668 1621 5722 καὶ
1658 5667 1736 5720 ὅτι
1778 5667 1839 5719 ού

331 5887 387 5941 hi
423 5886 543 5969 Act.
576 5898 649 5945 xx
672 5921 689 5949 ,
726 5880 813 5936 ΙΘ.
893 5879 935 5911 ³³
974 5877 1093 5932 Act.
1136 5888 1284 5932 xxvn
1307 5911 1323 5939 ,
1357 5870 1450 5933 τι.

1936 4907 2093 4962 Liber
2130 4905 2229 4970 VI,
2267 4903 2523 4974 Epistola:
2539 4868 3059 5026 cal‘ho'licmbseptent,
3083 4910 3310 4966 quarum
3337 4894 3516 4963 prima

2554 4991 2606 5026 es
2710 4988 2803 5026 aco
2843 4987 2881 5026 ι.

2554 4987 2633 5032 εδδ
2671 4987 2881 5027 λαεοοι.

2009 5114 2096 5171 52.
2136 5113 2220 5168 Ab
2243 5110 2561 5168 auctoribus
2601 5108 2719 5163 suis
2764 5114 2819 5163 et
2869 5106 3000 5176 ipsae
3056 5101 3276 5158 nomina
3308 5097 3519 5155 sortita

1941 5214 2089 5263 sunt.
2118 5202 2270 5257 Hanc
2296 5202 2441 5257 enim
2472 5199 2710 5255 Iacobus
2732 5197 2799 5252 ad
2833 5197 3112 5267 dispersos
3133 5208 3200 5247 ex
3229 5188 3519 5244 duodecim

1939 5297 2221 5360 tribubus,
2268 5294 2326 5348 in
2380 5292 2667 5347 Dominum
2705 5296 2952 5345 nostrum
3005 5285 3190 5341 Jesum
3238 5281 3533 5343 Christum

1941 5387 2248 5450 credentes,
2278 5384 2520 5454 scripsit.
2556 5381 2788 5450 Scripsit
2840 5388 3022 5433 autem
3062 5373 3361 5446 Epistolam
3413 5369 3517 5425 do-

1943 5479 2102 5535 cendi
2139 5491 2325 5540 causa,
2351 5476 2555 5530 docens
2593 5473 2804 5528 scilicet
2832 5469 2901 5524 de
2930 5469 3291 5524 tentationum
3318 5462 3522 5518 discri-

1945 5574 2112 5636 mine,
2148 5584 2396 5641 quaenam
2429 5582 2458 5621 a
2490 5565 2621 5629 Deo,
2657 5580 2777 5635 quae
2825 5577 2952 5618 vero
2983 5577 3052 5616 ex
3081 5557 3303 5631 proprio
3332 5554 3524 5625 cujus-

1947 5679 2053 5747 que
2079 5660 2391 5716 mortalium
2421 5656 2586 5721 corde
2616 5656 2747 5712 sint.
2789 5652 2856 5708 Et
2879 5652 3025 5726 quod
3053 5665 3165 5707 non
3196 5646 3379 5706 verbis
3404 5653 3531 5707 tam
