3880 6186
413 332 519 392 ιγι

1574 332 1634 390 S.
1675 328 2138 387 ATHANASIUS.
2172 362 2242 373 —-
2280 328 2511 399 DUBIA.

3561 328 3671 385 408

414 459 554 514 tum,
584 449 679 507 sed
705 457 760 506 et
788 450 908 520 ipso
934 465 1098 521 opere
1120 448 1459 507 ostendenda
1487 450 1563 507 sit
1588 451 1723 506 ﬁdes
1752 470 1765 505 :
1818 449 1984 521 quod!

2090 447 2232 520 λόγῳ
2252 449 2418 519 μόνῳ,
2436 447 2570 507 ἀλλά
2587 447 2679 507 καὶ
2694 446 2839 518 ἔργῳ
2851 444 3125 501 δεικνύναι
3144 446 3223 500 δεῖ
3238 446 3334 518 τὴν
3356 446 3557 499 πίστιν·
3575 448 3672 500 καὶ

414 555 524 610 que
556 555 666 594 non
692 539 969 596 auditores
1000 541 1170 611 legis,
1202 539 1298 597 sed
1330 538 1570 597 factores
1594 540 1985 611 justilicentur.

411 628 666 699 Pmcipit
688 629 851 685 etiam
880 629 948 685 de
975 630 1237 691 divitibus
1262 673 1277 699 ,
1327 645 1397 685 ne
1444 631 1521 684 illi
1551 630 1881 701 pauperibus
1932 630 1988 685 in

411 721 674 777 Ecclesiis
710 720 1087 792 praeferantur,
1127 725 1223 778 sed
1257 723 1429 793 magis
1465 723 1837 793 increpentur,
1871 731 1991 777 tan-

411 829 576 886 quam
605 815 846 885 superbi.
889 813 1130 872 Tandem
1163 815 1364 887 injuria
1398 814 1621 872 all‘ectos
1649 816 1986 881 consolatus,

411 913 468 963 et
492 905 561 961 ad
584 906 929 961 tolerantiam
959 923 1136 979 usque
1182 907 1249 962 ad
1283 907 1489 978 judicis
1533 908 1824 964 adventum
1872 923 1991 965 ser-

409 1002 645 1058 vandam
674 1002 1030 1067 adhortatus,
1074 1002 1168 1059 ubi
1195 1001 1262 1058 de
1311 1003 1572 1074 patientia
1601 1019 1670 1060 ex
1720 1003 1826 1067 iis.
1866 1019 1990 1073 quae

408 1093 515 1151 Job
557 1095 901 1162 acciderunt,
948 1095 1241 1164 admonet,
1290 1097 1535 1167 praecipit
1568 1102 1628 1151 ut
1681 1096 1988 1166 presbyteri

410 1194 676 1243 vocentur
696 1188 764 1243 ad
784 1196 1043 1259 aegrotos;
1077 1189 1468 1258 studeaturque
1494 1189 1769 1258 quomodo
1793 1202 1987 1243 erran-

409 1290 494 1341 tes
524 1282 593 1338 ad
630 1283 915 1339 veritatem
939 1289 1351 1346 convertantur,
1375 1297 1441 1337 eo
1469 1280 1617 1351 quod
1650 1296 1859 1336 merces
1891 1280 1988 1335 hu-

403 1373 499 1443 jus
521 1375 703 1445 operis
732 1374 873 1444 apud
892 1372 1181 1429 Dominum
1205 1373 1461 1430 remissio
1490 1379 1563 1431 sit
1593 1381 1941 1445 peccatorum
1968 1390 1983 1428 :

410 1472 576 1537 atque
604 1465 677 1522 ita
706 1464 962 1523 terminat
994 1463 1312 1537 Epistulam.

958 1681 1199 1738 Secunda
1224 1726 1238 1749 ,
1285 1683 1453 1739 Petri.

2090 540 2189 610 ούχ
2214 541 2264 592 οἱ
2294 538 2557 611 ἀκροαταί
2584 538 2680 592 τοῦ
2714 539 2902 608 νόμου,
2923 537 3057 590 ἀλλά
3076 539 3124 590 οἱ
3154 538 3373 607 ποιηταὶ
3396 536 3670 591 δικαιοῦν-

2089 653 2201 689 ται.
2233 635 2369 707 Περί
2390 652 2448 688 τε
2480 634 2751 688 πλουσίων
2782 633 3173 706 παραγγέλλει,
3223 634 3308 687 ἵνα
3345 633 3419 703 μὴ
3447 631 3672 702 προκρί-

2089 744 2287 781 νωνται
2315 726 2424 780 τῶν
2447 726 2677 796 πτωχῶν
2705 727 2754 779 οἱ
2783 725 3024 779 πλούσιοι
3060 726 3117 778 ἐν
3146 726 3267 787 ταῖς
3297 722 3667 793 Ἐκκλησίαις,

2088 820 2227 875 ἀλλά
2256 819 2456 892 μᾶλλον
2481 822 2576 873 καὶ
2596 819 3054 892 ἐπιπλήττωνται,
3077 817 3151 882 ὡς
3168 817 3527 888 ὑπερήφανοι.
3554 815 3671 868 Καὶ

2087 914 2241 978 τέλος
2272 913 2812 986 παραμυθησάμενος
2826 898 2952 976 τοὺς
2977 909 3387 981 ἀδικουμένους,
3412 908 3505 962 καὶ
3535 924 3673 979 προ-

2088 1006 2430 1078 τρεψάμενος
2484 1006 2683 1069 αύτοὺς
2734 1003 3106 1076 μακροθυμεῖν
3158 1002 3262 1065 ἓως
3312 1001 3410 1071 τῆς
3464 1015 3672 1068 παρους¹

2090 1097 2213 1161 σίας
2243 1097 2338 1150 τοῦ
2378 1096 2591 1169 κριτοῦ,
2624 1096 2717 1149 καὶ
2747 1094 2964 1161 διδάξας
2993 1094 3121 1166 περὶ
3155 1092 3428 1163 ὑπομονῆς
3459 1094 3524 1144 ἐκ
3556 1088 3672 1143 τῶν

2088 1190 2182 1244 τοῦ
2222 1190 2645 1264 Ίὼ6’χρηστῶν,
2681 1189 3047 1261 παραγγέλλει
3079 1185 3503 1258 προσκαλεῖσθαι
3541 1188 3673 1249 τοὺς

2088 1283 2494 1358 πρεσϐυτέρους
2517 1283 2608 1337 ἐπὶ
2630 1283 2756 1346 τοὺς
2786 1281 3171 1344 ἀσθενοῦντας,
3209 1280 3302 1333 καὶ
3343 1279 3671 1343 σπουδάζειν

2086 1373 2439 1445 ἐπιστρέφειν
2467 1375 2595 1438 τοὺς
2624 1374 2997 1444 πλανηθέντας
3028 1374 3120 1426 ἐπὶ
3154 1372 3251 1443 τὴν
3280 1371 3557 1443 ἀλήθειανι
3593 1367 3673 1425 εἷ-

2088 1480 2178 1517 ναι
2229 1463 2337 1535 γὰρ
2386 1463 2579 1517 τούτου
2628 1463 2819 1535 μισθὸν
2863 1460 3015 1534 παρὰ
3059 1461 3155 1515 τοῦ
3212 1463 3420 1533 Κυρίου
3474 1463 3673 1532 ἄφεσιν

2086 1555 2390 1628 ἁμαρτιῶν.
2424 1557 2535 1610 Καὶ
2562 1555 2733 1620 οὕτως
2751 1555 2947 1610 τελειοῖ
2972 1554 3071 1627 τὴν
3113 1552 3453 1625 Ἐπιστολὴν.

2577 1687 2829 1760 Δευτέρα
2846 1729 2861 1753 ,
2884 1687 3129 1755 Πέτρου.

474 1798 565 1865 55.
606 1797 673 1856 Et
708 1797 824 1855 haec
851 1814 1068 1869 quoque
1097 1799 1167 1854 ab
1200 1814 1266 1856 eo
1296 1799 1646 1855 denominata
1688 1808 1794 1865 est,
1817 1816 1847 1855 a
1877 1817 1984 1872 quo

2160 1806 2250 1864 55.
2267 1849 2270 1853 .
2286 1805 2398 1859 Καὶ
2427 1803 2568 1875 αὕτη
2603 1803 2697 1856 τοῦ
2722 1801 3061 1874 γεγραφότος
3081 1800 3399 1872 ἐπιφέρεται
3421 1797 3520 1870 τὴν
3544 1796 3673 1865 κλῆ-

406 1895 492 1946 est
522 1890 746 1959 scripta.
771 1888 964 1946 Petrus
994 1891 1110 1960 ipse
1144 1891 1289 1945 enim
1311 1891 1541 1947 docendi
1564 1893 1738 1963 gratia
1768 1892 1988 1964 Episto-

403 1982 513 2037 lam
533 1981 675 2036 hanc
703 1974 905 2038 Iudaeis
931 1982 999 2036 ad
1032 1981 1515 2045 Christianismum
1547 1987 1830 2043 conversis
1857 2028 1871 2054 ,
1932 1986 1989 2042 in

406 2073 746 2144 dispersione
798 2074 1132 2139 constitutis,
1164 2075 1407 2147 scripsit.
1458 2076 1567 2133 Eos
1598 2079 1742 2133 enim
1776 2081 1870 2152 qui
1921 2098 1990 2138 ex

403 2162 607 2229 Iudaeis
645 2164 804 2219 multi
845 2165 1225 2233 crediderant,
1276 2167 1584 2225 conﬁrmat.
1639 2169 1702 2225 Et
1753 2173 1987 2242 primum

405 2255 628 2328 quidem
656 2257 880 2328 exponit
904 2272 970 2312 ac
998 2258 1264 2325 declarat,
1296 2260 1443 2331 quod
1468 2261 1603 2318 ﬁdes
1628 2263 1685 2319 in
1707 2264 1987 2323 Christum

404 2365 436 2405 a
474 2351 757 2421 prophetis
783 2353 1170 2422 praenuntiata,
1211 2361 1265 2409 et
1294 2370 1390 2425 per
1421 2356 1645 2412 eosdem
1682 2357 1988 2427 signiﬁcata

404 2443 475 2497 sit
506 2443 839 2515 redemptio,
891 2459 1012 2517 quae
1074 2452 1159 2502 est
1208 2462 1307 2516 per
1356 2449 1677 2519 sanguinem
1730 2450 1891 2521 ejus,
1933 2461 1989 2507 et

402 2536 548 2608 quod
578 2537 711 2607 ipsis
737 2552 801 2593 ac
828 2538 1080 2609 gentibus
1105 2539 1290 2594 omnia
1336 2540 1448 2595 sint
1493 2558 1590 2612 per
1634 2541 1986 2614 Evangelium

402 2628 745 2693 annuntiata,
777 2630 833 2683 in
864 2645 986 2700 quae
1026 2630 1202 2701 angeli
1236 2646 1454 2702 quoque
1497 2635 1813 2704 prospicere
1840 2635 1987 2691 desi-

402 2717 615 2773 derant.
658 2718 861 2775 Deinde
890 2727 1178 2791 postquam
1212 2722 1390 2779 suasit
1447 2730 1507 2777 ut
1554 2724 1716 2795 digne
1758 2740 1985 2781 conver-

403 2816 594 2869 sentur
632 2824 718 2875 eo,
749 2810 843 2880 qui
895 2811 1046 2881 ipsos
1073 2812 1338 2878 vocavit,
1395 2814 1649 2870 admonet
1697 2823 1757 2870 ut
1806 2832 1986 2887 regem

403 2900 700 2968 honorent,
753 2909 807 2957 et
856 2903 1176 2960 mulieribus
1233 2905 1397 2961 simul
1455 2922 1519 2962 ac
1566 2908 1700 2964 viris
1758 2925 1984 2964 concor-

402 2990 549 3049 diam
586 2992 852 3063 praecipit.
891 2993 957 3047 Et
987 2995 1079 3050 ubi
1130 2996 1199 3050 ad
1244 3013 1427 3053 mores
1470 2998 1735 3055 honestos
1794 3003 1985 3070 paucis

403 3084 724 3141 adhortatus
752 3095 857 3153 est,
887 3087 1158 3157 signiﬁcat
1192 3089 1300 3144 illis
1327 3130 1341 3155 ,
1385 3092 1531 3161 quod
1569 3099 1624 3149 et
1676 3093 1869 3151 inferis
1910 3094 1986 3150 fa-

402 3184 486 3239 cta
524 3179 595 3232 sit
625 3192 657 3230 a
697 3175 928 3232 Domino
954 3180 1270 3249 praedicatio
1300 3182 1494 3245 salutis
1539 3192 1592 3239 et
1623 3188 1985 3242 resurrectio-

401 3267 513 3332 nis,
549 3266 704 3339 145
732 3276 792 3322 ιιι
818 3279 872 3324 et
903 3268 940 3322 ii
971 3272 1065 3343 qui
1122 3280 1282 3327 antea
1329 3276 1533 3331 mortui
1583 3288 1747 3343 sunt,
1800 3296 1986 3337 resur-

401 3364 566 3433 gant,
597 3366 652 3414 et
695 3359 1011 3429 judicentur
1046 3362 1268 3432 quidem
1320 3366 1377 3420 in
1415 3383 1644 3438 corpore
1668 3409 1683 3435 ,
1727 3370 1784 3425 in
1810 3373 1984 3443 gratia

401 3466 533 3507 vero
565 3457 985 3514 resurrectionis
1018 3460 1354 3529 persistant;
1399 3468 1453 3514 et
1495 3462 1640 3530 quod
1695 3462 1818 3520 linis
1868 3480 1985 3519 om-

402 3542 556 3596 nium
586 3546 1104 3618 appropinquaverit
1129 3589 1144 3614 ,
1192 3565 1492 3621 omnesque
1520 3558 1698 3622 parati
1737 3569 1860 3610 esse
1886 3556 1982 3611 de-

2094 1913 2177 1951 σιν
2204 1913 2218 1927 ο
2255 1894 2418 1959 αὐτὸς
2464 1894 2574 1967 γάρ
2620 1894 2825 1964 Πέτρος
2864 1895 2977 1956 τοῖς
3019 1892 3077 1946 ἐν
3116 1894 3182 1963 τῇ
3216 1890 3484 1961 διασπορᾷ
3516 1883 3673 1943 οὖσιν

2104 1989 2398 2053 Ἰουδαίοις,
2427 1988 2521 2041 καί⁸
2555 1986 2870 2058 γενομένοις
2918 1986 3285 2057 Χριστιανοῖς,
3340 1983 3541 2055 γράφει
3568 1983 3674 2053 τὴν

2088 2080 2379 2152 ἐπιστολὴν
2406 2079 2811 2149 διδασκαλικὴν.
2852 2075 3069 2147 Ἐπειδὴ
3097 2074 3207 2147 γὰρ
3241 2074 3349 2129 ἀπὸ
3399 2074 3674 2127 Ἰουδαίων

2089 2174 2439 2239 ἐπίστευσαν,
2491 2170 2838 2242 ἐπιστηρίζει
2886 2169 3103 2231 αὐτούς.
3150 2169 3261 2221 Καὶ
3304 2166 3521 2238 πρῶτον
3570 2164 3672 2236 μὲν

2087 2267 2477 2339 ἐξηγεῖταικαὶ
2498 2264 2902 2328 ἀποδείκνυσιν,
2930 2264 3012 2316 ὅτι
3047 2263 3080 2334 ἡ
3111 2264 3190 2326 είς
3219 2260 3453 2335 Χριστὸν
3483 2258 3672 2323 πίστις

2087 2357 2195 2412 ἀπὸ
2222 2357 2331 2411 τῶν
2360 2353 2659 2428 προφητῶν
2697 2354 3036 2425 κατηγγέλη,
3079 2354 3173 2408 καὶ
3205 2353 3272 2405 δι’
3317 2352 3497 2405 αὐτῶν
3535 2352 3673 2421 ἐμη-

2087 2448 2222 2519 νύθη
2250 2450 2282 2521 ἡ
2312 2448 2400 2501 διὰ
2427 2446 2522 2500 τοῦ
2549 2447 2780 2517 αἵματος
2811 2446 2977 2499 αὐτοῦ
3007 2443 3274 2516 λύτρωσις
3292 2460 3304 2473 ·
3348 2442 3444 2495 καὶ
3472 2442 3554 2495 ὃτι
3574 2440 3675 2493 αὐ-

2085 2544 2200 2605 τοῖς
2233 2541 2469 2603 καὶτοῖς
2516 2538 2724 2593 ἔθνεσιν
2766 2537 3131 2608 εὐηγγελίσθη
3170 2536 3239 2590 τά
3269 2536 3468 2600 πάντα,
3517 2535 3599 2597 είς
3635 2532 3675 2587 ἃ

2085 2630 2306 2700 ἄγγελοι
2334 2629 2661 2699 ἐπιθυμοῦσι
2682 2628 3024 2700 παρακύψαι.
3061 2626 3216 2695 Εἶτα,
3258 2623 3675 2697 συμϐουλεύσας

2085 2721 2252 2786 ἀξίως
2282 2721 2375 2774 τοῦ
2401 2721 2729 2783 καλέσαντος
2764 2717 3220 2791 ἀναστρέφεσθαι,
3255 2717 3554 2789 προτρέπει
3575 2717 3676 2770 καὶ

2088 2812 2312 2883 βασιλέα
2332 2813 2520 2883 τιμᾷν,
2560 2811 2775 2879 γυναιξί
2801 2828 2859 2864 τε
2893 2810 2986 2863 καὶ⁴
3012 2810 3264 2883 ἀνδράσιν
3289 2808 3675 2881 ὁμοφροσύνην

2086 2904 2474 2975 παραγγέλλει.
2506 2904 2619 2957 Καὶ
2657 2906 2737 2967 είς
2766 2902 2835 2956 τά
2880 2902 2985 2974 ἤθη
3022 2903 3355 2975 παραινέσας
3379 2901 3557 2971 ὀλίγα,
3580 2917 3678 2972 ση-

2089 2998 2292 3069 μαίνει,
2335 2998 2416 3050 ὂτι
2445 2996 2540 3051 καὶ
2590 2998 2670 3060 είς
2698 2997 2791 3050 τὸν
2833 2996 2967 3069 ᾅδην
3009 2996 3201 3067 γέγονε
3237 2996 3388 3067 παρά
3430 2994 3526 3048 τοῦ
3562 2996 3677 3048 Κυ-

2089 3091 2204 3162 ρίου
2257 3090 2318 3144 τὸ
2362 3091 2625 3162 κήρυγμα
2673 3089 2770 3160 τῆς
2824 3089 3099 3162 σωτηρίας
3154 3089 3249 3143 καὶ
3290 3086 3671 3151 ἀναστάσεως,

2089 3184 2175 3237 ἵνα
2196 3184 2289 3238 καὶ
2309 3183 2359 3236 οἱ
2380 3181 2744 3243 ἀποθανόντες
2764 3181 3061 3245 ἀναστῶσι,
3085 3181 3180 3235 καὶ
3209 3180 3437 3253 κριθῶσι
3475 3181 3571 3250 μὲν
3608 3181 3675 3235 ἐν

2084 3276 2163 3347 τῷ
2181 3275 2414 3347 σώματι,
2436 3277 2502 3346 τῇ
2533 3274 2591 3326 δὲ
2619 3273 2803 3345 χάριτι
2832 3274 2931 3344 τῆς
2957 3274 3306 3337 ἀναστάσεως
3332 3273 3632 3344 διαμένωσι
3656 3292 3668 3303 ι

2085 3368 2180 3423 καὶ
2222 3368 2301 3421 ὅτι
2349 3366 2411 3429 τὸ
2443 3365 2595 3430 τέλος
2642 3364 2856 3419 πάντων
2905 3365 3090 3419 λοιπὸν
3121 3365 3335 3436 ἦγγισε,
3383 3365 3478 3418 καὶ
3515 3364 3674 3433 ὀφεί-

2085 3461 2236 3517 λουσι
2257 3460 2456 3528 πάντες
2478 3456 2684 3527 ἕτοιμοι
2713 3453 2980 3523 γίνεσθαι,
3002 3455 3077 3519 ὼς
3099 3455 3254 3523 λόγον
3280 3455 3570 3520 ἀποδόντες
3588 3455 3673 3526 τῷ

2087 3556 2270 3628 κριτῇ.
2304 3551 2415 3604 Καὶ
2440 3547 2611 3611 οὕτως
2644 3546 2837 3599 τελειοῖ
2855 3544 2951 3617 τὴν
2992 3545 3330 3618 Ἐπιστολὴν.
3661 3537 3664 3541 ’

401 3636 567 3707 beant
594 3638 661 3692 ad
687 3637 920 3694 dandam
940 3640 1109 3710 judici
1142 3643 1428 3699 rationem.
1454 3644 1633 3717 Atque
1663 3647 1736 3701 ita
1756 3648 1961 3705 claudit
1989 3648 2311 3723 Epistolam.

885 3802 1085 3870 Tertia,
1107 3812 1158 3861 et
1180 3805 1296 3875 ipsa
1324 3803 1498 3861 Petri.

474 3934 565 4007 54,.
595 3934 723 4002 Pari
754 3935 918 3991 modo
938 3942 994 3992 et
1020 3936 1127 3992 ista
1154 3938 1223 3993 ab
1252 3940 1444 3996 eodem
1464 3944 1799 4014 conscripta,
1832 3944 1982 4014 ejus.

2364 3807 2562 3874 Τρίτη,
2605 3801 2791 3856 πάλιν
2820 3800 2919 3854 καὶ
2951 3800 3103 3870 αὕτη
3134 3798 3382 3868 Πέτρου.

2155 3943 2243 3998 54.
2261 3940 2495 4012 Ὁμοίως
2509 3937 2605 3992 καὶ
2626 3935 2762 4008 αὕτη
2793 3934 2945 4006 παρά
2972 3934 3065 3989 τοῦ
3088 3933 3252 3988 αὐτοῦ
3271 3936 3543 4007 γραφεῖσα
3567 3935 3679 4005 τὴν,

406 4025 532 4083 dem
561 4041 763 4085 nomen
785 4026 1027 4097 praefert.
1064 4025 1198 4082 Nam
1241 4028 1384 4085 idem
1413 4028 1612 4089 Petrus
1650 4040 1705 4088 et
1733 4034 1874 4089 hanc
1909 4033 1978 4091 ad

2087 4035 2274 4088 τούτου
2307 4033 2418 4102 ἔχει
2450 4028 2763 4100 ὀνομασίαν.
2781 4026 2953 4090 Αὐτὸς
2979 4025 3085 4098 γὰρ
3106 4026 3310 4096 Πέτρος
3334 4027 3430 4079 καὶ
3460 4026 3672 4099 ταύτην

404 4133 503 4176 eos
545 4118 790 4191 scripsit,
819 4119 914 4191 qui
954 4119 1070 4190 jam
1102 4119 1473 4176 crediderant.
1508 4121 1607 4178 Est
1650 4131 1832 4179 autem
1865 4125 1980 4180 haec

2087 4125 2386 4181 ἐπιστέλλει
2414 4125 2525 4185 τοῖς
2542 4122 2640 4193 ἤδη
2665 4121 3037 4175 πιστεύσασιν.
3058 4119 3211 4172 ΙἘστι
3237 4118 3295 4171 δὲ
3326 4119 3672 4193 ἡἙπιστολὴ

400 4211 678 4283 Epistola,
738 4212 1189 4269 commemoratio
1260 4213 1525 4286 priorum.
1586 4215 1724 4270 Cum
1790 4226 1980 4273 nosset

2088 4218 2395 4288 ὑπόμνησις
2430 4212 2538 4266 τῶν
2574 4211 2827 4285 πρώτων.
2868 4211 3042 4277 Εἰδὼς
3080 4212 3188 4283 γάρ
3227 4215 3448 4282 ταχεῖαν
3494 4213 3670 4268 αὐτοῦ

400 4305 549 4360 enim
590 4304 703 4369 cito
734 4302 975 4357 futuram
1008 4303 1257 4373 corporis
1296 4305 1381 4359 sui
1409 4304 1819 4371 resolutionem,
1857 4300 1977 4361 ma-

2087 4305 2301 4359 ἔσεσθαι
2320 4305 2416 4377 τὴν
2434 4304 2689 4360 ἀνάλυσιν
2712 4302 2806 4356 τοῦ
2841 4301 3420 4373 σώματος,ὲσπούδασε
3452 4302 3671 4368 πάντας

403 4404 524 4449 ture
553 4408 746 4450 omnes
781 4392 1066 4448 admonuit
1087 4392 1155 4448 de
1180 4392 1452 4463 doctrina,
1482 4411 1589 4465 qua
1621 4395 1830 4466 pridem
1859 4397 1978 4451 fue-

2087 4398 2395 4468 ὑπομνῆσαι
2417 4414 2483 4449 πε
2490 4397 2545 4467 ρ).
2566 4390 2640 4449 ὧν
2665 4393 3049 4466 κατηχήθησαν
3065 4392 3158 4463 τὴν
3173 4392 3539 4448 διδασκαλίαν.
3553 4396 3673 4450 Καὶ

401 4492 529 4541 rant
555 4484 817 4547 instituti.
842 4483 909 4538 Et
942 4486 1178 4557 primum
1225 4485 1446 4556 quidem
1478 4487 1546 4542 de
1588 4487 1695 4544 ﬁde
1735 4489 1979 4555 disserit,

2087 4487 2301 4557 πρῶτον
2322 4486 2418 4558 μέν
2438 4486 2566 4558 περὶ
2579 4488 2679 4556 τῆς
2704 4484 2937 4549 πίστεως
2960 4483 3250 4553 ἐξηγεῖται,
3275 4485 3368 4538 καὶ
3387 4483 3678 4543 δείκνυσιν

401 4585 458 4635 et
494 4577 753 4643 ostendit,
783 4576 929 4647 quod
959 4592 989 4632 a
1013 4578 1288 4649 prophetis
1329 4579 1421 4634 illa
1455 4580 1526 4634 sit
1555 4582 1897 4645 annuntiata,
1928 4590 1983 4638 et

2087 4576 2191 4630 ἀπὸ
2221 4577 2330 4630 τῶν
2376 4576 2672 4648 προφητῶν
2705 4575 2874 4646 αὐτὴν
2913 4563 3323 4646 εὐηγγελίσθαι·
3357 4576 3450 4629 καὶ
3488 4576 3572 4629 ὅτι
3606 4579 3669 4630 αἱ

400 4671 550 4742 quod
609 4669 909 4742 prophetia:
954 4669 1023 4725 de
1071 4668 1351 4726 Salvatore
1395 4686 1506 4728 non
1554 4673 1665 4728 sint
1707 4674 1979 4739 humanae,

402 4764 501 4821 sed
528 4778 560 4818 a
592 4762 705 4819 Deo
733 4763 1131 4833 praenuntiata.
1177 4764 1380 4820 Deinde
1423 4765 1713 4821 denuntiat
1757 4767 1885 4831 illis,
1911 4784 1982 4823 ne

402 4856 789 4913 seductoribus
828 4853 1131 4918 attendant,
1174 4854 1391 4919 illorum
1440 4857 1797 4926 perditionem
1833 4857 1981 4913 futu-

400 4964 519 5003 ram
543 4949 865 5019 praedicens,
882 4949 1340 5020 quemadmodum
1360 4955 1413 5003 et
1444 4951 1650 5021 angelis
1671 4961 1979 5023 transgres-

405 5040 627 5095 soribus
664 5039 915 5110 contigit.
957 5038 1244 5110 Signiﬁcat
1286 5047 1467 5094 autem
1514 5038 1570 5094 in
1607 5040 1709 5093 hac
1738 5040 1981 5111 Epistola

403 5133 622 5191 futuros
649 5133 788 5199 dies,
816 5133 1016 5204 quibus
1036 5133 1294 5190 illusores
1323 5134 1529 5205 passim
1562 5133 1893 5198 circuibunt,
1926 5141 1981 5190 et

403 5226 753 5282 conabuntur
785 5226 1001 5296 aliquos
1049 5225 1334 5292 seducere,
1383 5225 1649 5290 dicentes,
1683 5224 1831 5294 quod
1862 5225 1979 5279 ina-

399 5320 542 5377 niter
568 5332 601 5373 a
641 5318 804 5375 nobis
841 5317 1172 5389 praedicetur
1206 5317 1472 5373 adventus
1504 5315 1800 5377 Salvatoris
1830 5316 1978 5372 lutu-

398 5422 519 5471 rus,
551 5421 619 5463 eo
647 5405 797 5477 quod
835 5406 884 5464 is
913 5422 1040 5462 cum
1087 5422 1304 5476 semper
1345 5406 1695 5477 praedicetur,
1732 5407 1977 5462 nondum

398 5497 632 5554 venerit.
670 5497 755 5554 Ab
790 5497 877 5555 his
908 5499 1075 5571 igitur
1114 5498 1354 5554 maxime
1396 5498 1671 5555 abstinere
1709 5500 1975 5570 praecipit,

398 5585 643 5654 docens,
690 5604 762 5644 ne
802 5603 968 5644 morte
998 5603 1165 5647 causa
1206 5588 1447 5643 animum
1489 5587 1927 5658 despondeamus
1960 5606 1973 5644 :

401 5696 564 5737 omne
587 5695 831 5752 namque
856 5689 1070 5752 tempus
1112 5681 1249 5737 nihil
1286 5697 1410 5738 esse
1442 5681 1497 5735 in
1530 5690 1831 5751 conspectu
1870 5682 1977 5735 Do-

398 5773 553 5842 mini,
586 5788 712 5832 cum
756 5791 865 5832 una
908 5775 1027 5833 dies
1065 5776 1138 5833 sit
1181 5777 1356 5832 instar
1402 5774 1552 5831 mille
1597 5789 1888 5844 annorum,
1921 5782 1975 5832 et

2084 4672 2409 4740 προφητεῖαι
2436 4669 2492 4723 αἱ
2530 4670 2657 4740 περὶ
2686 4668 2781 4721 τοῦ
2810 4668 3059 4738 Σωτῆρος
3088 4667 3186 4720 οὐκ
3217 4667 3355 4720 εἰσὶν
3382 4667 3669 4739 ἀνθρώπι-

2081 4778 2189 4826 ναι,
2224 4762 2360 4815 ἀλλά
2381 4760 2533 4833 παρά
2555 4760 2688 4814 Θεοῦ
2716 4760 3075 4832 ἐλαλήθησαν.
3093 4761 3324 4813 Ἔπειτα
3346 4760 3672 4830 παραγγέλ-

2079 4852 2159 4905 λει
2188 4852 2262 4924 μὴ
2292 4854 2579 4924 προσέχειν
2598 4856 2710 4915 τοῖς
2735 4852 3003 4921 ἀπατῶσι,
3037 4851 3209 4921 λέγων
3239 4852 3454 4906 ἔσεσθαι
3479 4854 3677 4909 αὐτῶν.

2080 4946 2376 5011 ἀπώλειαν,
2413 4946 2599 5017 ῶσπερ
2637 4945 2731 4999 καὶ
2761 4945 2866 4998 τῶν
2897 4946 3259 5018 παραϐάντων
3292 4947 3537 5015 ἀγγέλων
3563 4948 3668 5015 γέ-

2079 5057 2220 5108 γονε.
2255 5038 2564 5109 Προμηνύει
2595 5038 2651 5091 δὲ
2681 5039 2739 5091 ἐν
2769 5040 2836 5109 τῇ
2854 5036 3136 5108 Ἐπιστολῇ
3171 5038 3383 5108 ἡμέρας
3414 5036 3664 5103 ἔσεσθαι,

2079 5128 2138 5193 ἐν
2154 5121 2239 5191 αἷς
2258 5128 2555 5198 ἐμπαῖκται
2585 5143 2652 5179 πε
2663 5126 3036 5196 ριπατήσουσι,
3062 5126 3155 5179 καὶ
3176 5125 3491 5196 θελήσουσιν
3513 5127 3666 5179 ἀπα-

2079 5221 2179 5291 τᾷν
2211 5236 2383 5283 τινας,
2423 5219 2673 5287 λέγοντες
2706 5217 2881 5289 μάτην
2931 5218 3182 5287 λέγεσθαι
3210 5220 3339 5291 παρ’
3370 5218 3525 5290 ἡμῶν
3557 5220 3668 5291 τὴν

2081 5313 2384 5385 παρουσίαν
2419 5312 2512 5365 τοῦ
2540 5311 2811 5383 Σωτῆρος,
2835 5310 2921 5365 διά
2938 5310 2999 5363 τὸ
3017 5311 3104 5364 ἀεὶ
3134 5310 3408 5380 λέγεσθαι,
3432 5311 3525 5366 καὶ
3550 5313 3669 5383 μήέ

2082 5424 2169 5460 πω
2193 5404 2610 5477 παραγενέσθαι.
2638 5402 2773 5474 ῘΑπὺ
2810 5401 3014 5455 τούτων
3041 5398 3133 5456 οὖν
3161 5402 3255 5455 καὶ
3283 5401 3516 5472 μάλιστα
3547 5403 3668 5457 ἀπ-

2078 5497 2295 5568 έχεσθαι
2319 5495 2707 5568 παραγγέλλει,
2736 5494 3021 5558 διδάσκων,
3048 5495 3121 5565 μὴ
3154 5494 3434 5566 ὀλιγωρεῖν
3462 5496 3521 5547 ὲν
3540 5497 3667 5564 τοῖς

2078 5590 2308 5661 χρόνοις.
2341 5589 2527 5642 Πάντα
2558 5586 2666 5659 γάρ
2700 5587 2791 5641 τὸν
2817 5587 3006 5657 χρόνον
3054 5586 3219 5658 μηδὲν
3257 5583 3394 5641 εἶναι
3425 5585 3666 5641 ἐνώπιον

2078 5682 2305 5753 Κυρίου,
2327 5679 2417 5734 διὰ
2439 5679 2500 5732 τὸ
2522 5681 2616 5734 καὶ
2643 5679 2742 5751 τὴν
2770 5678 2895 5749 μίαν
2926 5679 3138 5750 ἡμέραν
3164 5678 3240 5743 ὡς
3263 5678 3408 5750 χίλια
3441 5678 3531 5749 ἐτη
3576 5674 3664 5732 εἷ-

2079 5792 2186 5839 ναι,
2219 5773 2311 5828 καὶ
2345 5772 2416 5827 τά
2449 5772 2593 5843 χίλια
2630 5772 2722 5844 ἔτη
2764 5773 2838 5837 ὡς
2878 5772 3088 5845 ἡμέραν
3134 5771 3284 5847 μίαν.
3302 5770 3566 5829 Ἔσεσθαι
3602 5771 3663 5835 δὲ
