3886 6182
119 409 224 466 6‘39

1214 410 1587 468 'SYNOPSIS
1628 410 2045 476 SCRIPTURIE
2083 420 2360 480 SACRxE.

3296 421 3403 477 ΗΟ

116 524 334 595 ταχέως
367 523 475 595 τὴν
514 524 729 595 ἡμέραν
762 525 971 599 Κυρίου
1003 526 1427 595 διαϐεϐαιοῦται,
1467 530 1562 583 καὶ
1587 530 1720 583 ἀπο-

1825 532 1972 589 mille
2010 536 2139 590 anni
2168 535 2345 592 instar
2383 534 2546 589 unius
2582 533 2713 589 diei.
2747 532 2992 590 Allirmat
3026 535 3191 591 simul
3221 550 3276 592 et
3307 539 3405 595 de-

117 618 386 680 δείκνυσι,
439 617 537 670 καὶ
574 616 876 671 ἐντέλλεται
920 619 1172 690 ἑτοίμους
1218 617 1355 675 εἶναι
1388 622 1600 685 πάντας
1642 624 1722 686 εὶς

116 707 286 778 αὐτὴν
306 709 366 760 ἐν
389 707 579 777 ἔργοις
608 709 853 777 ἀγαθοῖς,
879 711 973 763 καὶ
1000 711 1221 782 ἀγαπᾷν
1240 711 1311 765 τὰ
1336 712 1441 769 ὑπὸ
1472 713 1564 766 τοῦ
1584 712 1720 767 ἀπο-

116 800 308 853 στόλου
342 798 571 852 Παύλου
598 800 900 871 γραφέντα,
927 803 1021 855 καὶ
1053 803 1127 874 μὴ
1156 803 1443 874 προσέχειν
1470 807 1582 868 τοῖς
1608 804 1722 858 δια-

116 891 409 944 ϐάλλουσιν
444 891 591 944 αύτά
616 891 706 945 διά
733 893 795 946 τὸ
824 894 917 947 καὶ
955 895 1137 958 πάσας
1167 895 1267 959 τὰς
1311 896 1461 960 θείας
1496 895 1720 968 Γραφάς

114 981 370 1034 διαϐάλλε
381 1000 431 1034 ιν
464 982 689 1047 αὐτούς.
721 984 1076 1056 Ὑπομνήσας
1100 982 1192 1040 οὖν
1218 987 1311 1040 καὶ
1340 985 1558 1052 διδάξας
1581 987 1719 1041 πάν-

112 1091 209 1136 τας
233 1073 556 1145 προειδέναι
588 1075 659 1130 τὰ
689 1076 1011 1148 πράγματα,
1042 1081 1298 1149 παραινεῖ
1331 1079 1406 1150 μὴ
1433 1079 1719 1143 ἐκπίπτειν

113 1164 205 1218 τοῦ
246 1165 467 1234 σκοποῦ
494 1167 597 1239 τῆς
628 1167 889 1236 πίστεως,
908 1172 1003 1225 καὶ
1018 1169 1191 1235 οὕτως
1222 1170 1421 1225 τελειοί
1447 1171 1546 1227 τὴν
1574 1172 1721 1225 Ἐπισ-

117 1256 330 1329 στολήν.

618 1460 893 1531 Τετάρτῃ,
940 1463 1241 1521 Ἰωάννου.

179 1601 271 1656 55.
308 1599 511 1664 Οὕτως
566 1598 663 1653 καὶ
698 1597 841 1671 αὕτη
878 1599 1141 1665 καλεῖται,
1194 1594 1382 1674 ἐπειδὴ
1427 1601 1523 1656 καὶ
1554 1601 1719 1667 αὐτὸς

128 1692 385 1763 Ἰωάννης
413 1694 446 1746 6
474 1692 876 1762 εύαγγελιστὴς
900 1693 997 1747 καὶ
1019 1692 1223 1765 ταύτην
1245 1693 1568 1759 ἐπιστέλλει,
1586 1688 1719 1747 ὑποξ-

120 1786 457 1856 μιμνὴσκων
492 1784 627 1848 τοὺς
655 1784 758 1856 ἤδη
815 1785 1214 1849 πιστεύσαντας
1246 1786 1327 1850 είς
1370 1785 1461 1840 τὸν
1488 1787 1712 1858 Κύριον.

1823 626 2016 691 clarat,
2047 627 2158 682 cito
2189 627 2436 682 futurum
2466 626 2681 681 Domini
2707 625 2870 693 diem,
2905 629 3257 700 praecipitque
3284 645 3403 685 om-

1821 718 2009 783 nibus,
2046 727 2107 773 ut
2149 719 2219 774 ad
2265 720 2416 775 illius
2453 718 2747 774 adventum
2782 720 2960 789 parati
2994 721 3105 775 sint
3148 722 3204 775 in
3242 721 3402 778 bonis

1822 811 2103 881 operibus,
2148 818 2202 869 et
2246 812 2647 883 amplectantur
2675 826 2798 882 quae
2837 810 2906 866 ab
2935 812 3181 882 apostolo
3233 812 3402 870 Paulo

1823 902 2033 974 scripta
2068 913 2216 969 sunt,
2248 918 2349 959 nec
2389 918 2553 958 aures
2608 902 3025 959 accommodent
3063 902 3172 969 his,
3206 903 3300 974 qui
3338 919 3404 959 ea

1823 990 2272 1062 calumniantur;
2345 1009 2472 1049 cum
2528 994 2690 1050 iidem
2748 1001 2803 1050 et
2850 994 3135 1051 universas
3187 995 3404 1052 divinas

1825 1084 2142 1155 Scripturas
2183 1085 2608 1141 calumnientur.
2635 1084 2957 1156 'Postquam
2996 1086 3166 1158 igitur
3209 1101 3403 1142 omnes

1822 1176 2106 1232 admonuit
2136 1192 2201 1233 ac
2233 1176 2443 1243 docuit,
2475 1184 2537 1231 ut
2562 1177 2669 1233 ista
2711 1176 2895 1232 futura
2941 1179 3158 1243 sciant,
3214 1178 3405 1233 horta-

1820 1274 1913 1321 tur
1948 1283 2017 1323 ne
2062 1268 2350 1339 quisquam
2379 1283 2412 1323 a
2452 1267 2581 1325 lidei
2628 1282 2796 1338 scopo
2837 1268 3074 1334 aberret,
3132 1275 3297 1339 atque
3328 1269 3402 1322 ita

1826 1361 1947 1427 linit
1970 1360 2287 1431 Epistolam.

2357 1477 2589 1544 Quarta,
2620 1475 2868 1531 Joannis.

1892 1609 1986 1667 55.
2016 1607 2132 1664 Hoc
2157 1610 2380 1665 nomine
2408 1620 2635 1666 vocatur
2663 1618 2718 1666 et
2745 1611 2874 1675 ista,
2908 1609 3055 1680 quod
3085 1609 3204 1681 ipse
3237 1606 3406 1666 Joan—

1820 1717 1922 1758 nes
1942 1702 2278 1773 evangelista
2297 1717 2417 1758 eam
2447 1703 2860 1772 conscripserit,
2884 1710 2947 1758 ut
2967 1702 3405 1759 commoneface-

1824 1802 1910 1850 ret
1946 1810 2042 1851 eos
2082 1796 2176 1865 qui
2218 1794 2330 1864 jam
2365 1795 2421 1849 in
2474 1793 2768 1851 Dominum
2800 1794 3170 1852 crediderant.
3198 1793 3267 1850 Et
3292 1795 3406 1866 pri-

115 1878 223 1931 Kal
255 1877 487 1949 πρῶτον
516 1876 621 1948 μὲν
656 1874 848 1946 ὥσπερ
878 1879 938 1932 ὲν
960 1876 1041 1949 τῷ
1061 1878 1401 1949 Εὐαγγελίῳ,
1430 1877 1603 1942 οὕτως
1627 1879 1720 1933 καὶ

1825 1901 1974 1963 mum
2006 1886 2227 1956 quidem
2261 1885 2487 1957 perinde
2517 1896 2679 1958 atque
2711 1888 2769 1942 in
2804 1885 3123 1957 Evangelio,
3159 1887 3238 1942 ita
3267 1896 3322 1941 et
3346 1887 3405 1942 in

113 1972 169 2024 iv
188 1970 368 2043 ταύτῃ
393 1972 465 2041 τῇ
498 1970 788 2043 Ἐπιστολῇ
810 1970 1052 2041 θεολογεί
1085 1973 1214 2045 περὶ
1241 1972 1336 2025 τοῦ
1366 1972 1560 2041 Λόγου,
1579 1972 1715 2025 ἀπο-

113 2061 329 2126 δεικνὺς
367 2062 545 2117 αὐτὸν
572 2063 661 2117 ἀεὶ
691 2061 832 2120 εἶναι
855 2066 915 2119 ἐν
939 2064 1019 2136 τῷ
1046 2064 1185 2137 Θεῷ,
1218 2066 1311 2120 καὶ
1343 2066 1608 2121 διδάσκων
1627 2068 1719 2121 τὸν

113 2158 333 2230 Πατέρα
350 2156 492 2228 ’φῶς
525 2154 690 2224 εἶναι,
728 2158 817 2212 ἶνα
846 2158 940 2212 καὶ
969 2157 1141 2223 οὕτως
1174 2160 1392 2231 γνῶμεν
1423 2160 1513 2214 τὸν
1548 2162 1720 2230 Λόγον

110 2250 466 2323 ἀπαύγασμα
502 2250 567 2318 ὲξ
597 2249 764 2305 αὐτοῦ
808 2245 969 2305 εἶναι.
1011 2251 1289 2322 Θεολογῶν
1322 2254 1412 2320 δὲ,
1445 2253 1720 2326 ἐξηγεῖται

115 2346 189 2416 μὴ
223 2344 512 2417 νεώτερον
537 2340 677 2397 εἶναι
708 2343 770 2398 τὸ
799 2344 920 2398 καθ’
947 2346 1093 2416 ἡμᾶς
1127 2347 1442 2418 μυστήριον,
1468 2346 1604 2401 ἀλλά
1626 2347 1721 2401 καὶ¹

111 2437 171 2503 ἐξ
191 2437 379 2508 ἀρχῆς
414 2437 518 2508 μὲν
553 2436 641 2490 ἀεὶ
669 2439 961 2509 τυγχάνειν
994 2437 1147 2504 αὐτὸ,
1183 2437 1279 2490 νῦν
1317 2438 1375 2491 δὲ
1403 2438 1720 2512 πεφανερῶ-

114 2528 237 2583 σθαι
262 2532 324 2583 ὲν
358 2527 447 2600 τῷ
466 2529 685 2602 Κυρίῳ,
718 2530 868 2594 ὅστις
899 2529 1016 2582 ἐστὶ
1045 2527 1158 2598 ζωὴ
1188 2527 1425 2594 αἰώνιος,
1462 2528 1557 2583 καὶ
1587 2529 1721 2594 Θεὸς

116 2621 395 2691 ἀληθινός.
434 2622 553 2675 Καὶ
575 2622 638 2675 τὸ
672 2622 846 2676 αἴτιον
871 2622 928 2675 δὲ
957 2621 1056 2693 τῆς
1087 2622 1184 2676 τοῦ
1218 2622 1392 2691 Λόγου
1419 2622 1722 2695 παρουσίας

116 2717 211 2770 καὶ
246 2717 589 2785 ἐπιφανείας
624 2715 789 2769 αὑτοῦ
814 2715 1027 2786 τίθησιν
1054 2711 1194 2768 εἶναι
1218 2714 1392 2783 λέγων
1422 2713 1601 2777 τοῦτο,
1629 2714 1723 2768 ἐπὶ

118 2806 178 2859 τὸ
208 2807 526 2861 καταλῦσαι
547 2806 617 2860 τὰ
638 2806 777 2878 ἔργα
802 2806 897 2859 τοῦ
929 2805 1196 2871 διαϐόλου,
1216 2807 1309 2859 καὶ
1337 2807 1484 2876 ἡμᾶς
1510 2805 1723 2859 ἐλευθε-

123 2898 366 2969 ρωθῆναι
388 2899 489 2952 τοῦ
506 2899 761 2965 θανάτου,
779 2900 875 2953 καὶ
894 2899 1181 2967 γινώσκειν
1196 2901 1229 2970 ἡ
1239 2901 1346 2970 μᾶς
1366 2899 1458 2953 τὸν
1479 2898 1720 2971 Πατέρα,

120 2992 210 3044 καὶ
248 2991 425 3045 αὑτὸν
464 2991 561 3045 τὸν
592 2990 742 3055 Υίὸν,
774 2991 865 3044 τὸν
898 2989 1103 3062 Κύριον
1144 2989 1301 3061 ἡμῶν
1340 2988 1549 3061 Ἰησοῦν
1586 2992 1723 3061 Χρι-

124 3083 262 3136 στόν.
290 3083 514 3154 Γράφει
539 3082 672 3152 γοῦν
700 3082 838 3154 πρὸς
873 3083 1053 3135 πᾶσαν
1079 3080 1318 3153 ἡλικίαν,
1341 3082 1478 3154 πρὸς
1511 3081 1720 3146 παιδία,

127 3175 255 3246 πρὸς
285 3174 636 3239 νεανίσκους,
667 3174 804 3246 πρὸς
822 3174 1103 3245 γέροντας,
1120 3174 1201 3226 ὅτι
1227 3174 1256 3225 6
1283 3172 1381 3243 μὲν
1404 3173 1535 3237 Θεὸς
1554 3172 1720 3243 ἐγνώ-

1825 3192 2018 3241 senes,
2074 3177 2222 3247 quod
2265 3175 2411 3232 Deus
2462 3176 2784 3242 innotuerit,
2833 3177 3101 3231 diabolica
3161 3178 3405 3247 operatio
3504 3252 3509 3259 ι

1821 1977 1924 2032 hac
1940 1976 2204 2048 Epistoia,
2230 1978 2299 2034 de
2322 1977 2485 2034 Verbi
2507 1978 2793 2034 divinitate
2817 1977 3079 2049 loquitur,
3111 1978 3405 2035 ostendens

1826 2068 1964 2124 illud
1996 2069 2054 2124 in
2081 2067 2194 2125 Deo
2226 2084 2444 2140 semper
2468 2084 2612 2133 esse,
2655 2084 2721 2124 ac
2759 2070 2964 2127 docens
3020 2068 3237 2126 Patrem
3283 2086 3408 2128 esse

1820 2163 2021 2228 lucem,
2055 2169 2116 2217 ut
2143 2162 2221 2217 ita
2253 2177 2655 2233 cognoscamus
2705 2161 2946 2219 Verbum
2995 2179 3119 2220 esse
3151 2164 3408 2234 splendo-

1820 2269 1940 2309 rem
1969 2269 2037 2309 ex
2069 2254 2213 2309 luce.
2250 2251 2545 2309 Disserens
2579 2261 2760 2309 autem
2805 2253 2872 2309 de
2898 2253 3183 2311 divinitate
3217 2253 3405 2323 Verbi,

1820 2344 2049 2416 exponit
2082 2350 2334 2399 nostrum
2377 2344 2706 2415 mysterium
2750 2361 2861 2399 non
2894 2360 3017 2401 esse
3045 2362 3271 2408 novum,
3310 2348 3408 2403 sed

1819 2452 1944 2495 esse
1973 2435 2368 2507 sempiternum
2402 2434 2473 2491 ab
2504 2434 2662 2490 initio
2689 2453 2704 2491 :
2740 2451 2886 2491 nunc
2915 2451 3046 2492 vero
3084 2436 3409 2491 manifesta-

1820 2539 1939 2587 tum
1982 2532 2041 2587 in
2071 2530 2342 2598 Domino,
2382 2529 2476 2602 qui
2510 2529 2624 2585 vita
2651 2539 2733 2586 est
2779 2531 3111 2601 sempiterna
3142 2537 3197 2586 et
3242 2546 3406 2586 verus

1820 2624 1987 2682 Deus.
2028 2623 2270 2680 Causam
2291 2622 2458 2679 etiam
2491 2621 2562 2678 ob
2599 2637 2764 2693 quam
2794 2620 3037 2678 Verbum
3077 2622 3145 2677 ad
3177 2638 3279 2679 nos
3312 2637 3408 2678 ve-

1819 2718 1965 2774 nerit
1988 2724 2043 2773 et
2072 2715 2424 2789 apparuerit,
2460 2714 2648 2786 ponit;
2681 2713 2822 2769 hanc
2854 2714 3125 2779 videlicet,
3150 2724 3210 2770 ut
3240 2730 3406 2786 opera

1821 2810 2027 2867 diaboli
2064 2809 2409 2875 dissolveret,
2471 2824 2536 2865 ac
2580 2824 2685 2865 nos
2715 2823 2746 2862 a
2776 2815 2954 2864 morte
3000 2807 3256 2863 liberaret
3293 2807 3409 2863 ellin

1825 2908 2083 2973 ceretque
2128 2908 2189 2957 ut
2220 2901 2438 2956 Patrem
2487 2914 2934 2971 agnosceremus,
2966 2905 3021 2955 et
3058 2897 3259 2953 Filium
3299 2897 3409 2953 Do-

1821 2994 2032 3049 minum
2061 3001 2314 3051 nostrum
2346 2992 2535 3049 Jesum
2562 2992 2865 3048 Christum.
2912 2990 3116 3047 Scribit
3141 2992 3314 3063 igitur
3338 2992 3407 3047 ad

1822 3102 2040 3142 omnem
2089 3092 2325 3153 aetatem,
2373 3085 2444 3140 ad
2488 3100 2708 3156 pueros,
2762 3083 2830 3139 ad
2880 3084 3282 3147 adolescentes,
3336 3083 3406 3138 ad

271 3271 307 3339 ή
341 3268 405 3322 δὲ
451 3237 738 3337 διαϐολικῆ
758 3237 1008 3338 ἐνέργεια
1033 3237 1219 3320 λοιπὸν
1253 3237 1551 3337 νενίκηται,
1585 3237 1717 3319 πατ-

1825 3237 2110 3341 ᾱείηρορε,
2142 3268 2322 3325 deleta
2357 3278 2554 3335 morte,
2584 3271 2797 3326 devicta
2828 3270 2919 3327 sit.
2948 3269 3105 3337 Quod
3132 3237 3405 3339 reliquum

127 3359 465 3430 αργηθέντος
528 3358 625 3412 τοῦ
670 3358 924 3413 θανάτου.
970 3354 1103 3412 Εἶτα
1130 3357 1317 3413 λοιπὸν
1364 3358 1431 3411 δι’
1460 3358 1589 3429 ὅλης
1621 3357 1721 3429 τῆς

138 3449 458 3522 Ἐπιστολῆς
489 3450 619 3521 περὶ
648 3450 870 3520 ἀγάπης
902 3449 1158 3516 διδάσκει,
1188 3449 1357 3504 θέλων
1384 3452 1532 3522 ἡμᾶς
1560 3449 1721 3521 ἀλλή-

122 3544 243 3608 λους
271 3544 526 3615 ἀγαπᾷν,
554 3542 742 3615 ἐπειδὴ
777 3543 871 3596 καὶ
902 3544 930 3596 6
961 3544 1196 3617 Χριστὸς
1225 3544 1513 3614 ἠγάπησεν
1548 3544 1715 3615 ἡμᾶς.

136 3636 451 3707 Ἐξηγεῖται
480 3630 577 3691 οὖν
619 3638 712 3690 ἐπὶ
742 3636 1005 3708 διαφορᾶς
1033 3637 1200 3707 φόϐου
1231 3638 1325 3691 καὶ
1351 3637 1594 3707 ἀγάπης,
1626 3637 1721 3690 καὶ

121 3730 326 3785 τέκνων
353 3729 496 3783 Θεοῦ
524 3730 620 3783 καὶ
643 3730 850 3785 τέκνων
875 3730 1146 3795 διαϐόλου,
1172 3730 1267 3784 καὶ
1294 3730 1424 3802 περὶ
1445 3729 1721 3801 ἁμαρτίας

122 3823 450 3894 θανατικῆς,
479 3822 575 3876 καὶ
612 3822 689 3894 μὴ
715 3822 1034 3893 θανατικῆς,
1058 3822 1154 3875 καὶ
1185 3821 1447 3893 διαφορᾶς
1478 3820 1723 3891 πνευμά-

120 3935 251 3972 των.
296 3916 419 3971 Kal.
447 3917 635 3971 λοιπὸν
668 3916 882 3989 διαιρεῖ,
918 3919 1069 3971 ποῖον
1111 3915 1210 3987 μὲν
1264 3914 1488 3986 πνεῦμα
1526 3917 1591 3968 ὲκ
1622 3911 1718 3967 τοῦ

122 4009 255 4062 Θεοῦ
285 4011 433 4075 ἐστι,
463 4012 620 4063 ποῖον
649 4009 705 4063 δὲ
740 4009 844 4080 τῆς
872 4008 1103 4079 πλάνης,
1134 4009 1231 4063 καὶ
1259 4008 1393 4062 πότε
1435 4008 1533 4079 μὲν
1561 4025 1723 4077 γινω-

122 4100 370 4172 σκόμεθα
401 4100 571 4155 τέκνα
585 4100 746 4165 Θεοῦ,
760 4101 890 4154 πότε
915 4101 971 4154 δὲ
985 4100 1232 4155 διαϐόλου
1252 4117 1267 4132 ’
1294 4100 1388 4154 καὶ
1414 4118 1479 4153 πε
1489 4100 1541 4172 pl
1564 4097 1723 4163 ποίας

120 4190 401 4262 ἁμαρτίας
428 4190 718 4260 ὀφείλομεν
759 4188 1014 4259 εὔχεσθαι
1034 4206 1049 4221 ⁶
1095 4191 1190 4244 καὶ
1215 4191 1298 4244 ὃτι
1324 4192 1353 4244 6
1392 4190 1465 4262 μὴ
1491 4190 1720 4259 ἀγαπῶν

122 4281 211 4335 τὸν
242 4282 482 4354 πλησίον
513 4282 616 4335 οὐκ
643 4282 791 4335 ἔστιν
820 4281 968 4346 ἄξιος
991 4283 1089 4353 τῆς
1110 4282 1375 4354 κλήσεως,
1407 4282 1528 4335 οὐδὲ
1563 4281 1723 4336 δύνα-

124 4388 209 4425 ται
240 4370 506 4441 λέγεσθαι
548 4371 643 4425 τοῦ
690 4373 951 4444 Χριστοῦ.
989 4373 1100 4427 Καὶ
1146 4372 1244 4444 τὴν
1273 4373 1503 4445 ἑνότητα
1534 4373 1591 4427 δὲ
1625 4371 1717 4427 τοῦ

125 4462 252 4517 Υἰοῦ
285 4464 433 4535 πρὸς
453 4463 550 4516 τὸν
571 4464 790 4534 Πατέρα
805 4465 1073 4520 δείκνυσι·
1100 4466 1197 4519 xal
1219 4467 1302 4519 ὅτι
1325 4467 1354 4519 ό
1389 4466 1719 4537 ἀρνούμενος
1764 4518 1769 4523 .

123 4555 209 4650 τὸν
240 4556 376 4608 Υἰὸν
412 4555 546 4650 οὐδὲ.
579 4555 679 4650 τὸνΔ
703 4556 925 4628 Πατέρα
959 4557 1093 4628 ἔχει.
1127 4557 1406 4630 Διακρίνει
1452 4557 1509 4610 δὲ
1549 4559 1606 4617 ὲν
1649 4561 1716 4650 τῇ
1753 4595 1798 4650 D

122 4646 413 4717 Ἐπιστολῇ
445 4646 641 4719 ταύτῃ,
668 4646 843 4716 λέγων
868 4651 961 4703 καὶ
980 4650 1041 4703 τὸ
1074 4650 1203 4705 ῐδιον
1217 4650 1311 4704 τοῦ
1329 4642 1717 4723 ’Λντιχρίστόιν

120 4732 256 4791 εἶναι
281 4738 343 4790 δὲ
384 4737 548 4791 τοῦτο
576 4738 649 4815 κτὸ
675 4738 854 4808 λέγειν
900 4740 975 4812 μὴ
1012 4737 1151 4796 εἶναι
1183 4742 1275 4797 τὸν
1312 4742 1518 4814 Ἰησοῦν
1558 4743 1722 4798 αὐτὸν

117 4828 207 4882 τὸν
238 4829 510 4901 Χριστὸν,
547 4828 657 4894 ἵνα,
690 4831 766 4894 ὡς
809 4831 884 4904 μὴ
915 4833 1066 4896 ὄντος
1094 4834 1325 4899 ἐκείνου,
1363 4834 1552 4890 ἑαυτὸν
1590 4835 1723 4908 εἴπῃ

118 4913 257 4973 εἶναι
281 4922 313 4973 6
343 4917 614 4990 ψεύστης.
645 4920 912 4992 Παραινεῖ
942 4922 999 4976 δὲ
1027 4923 1093 4976 δι’
1119 4923 1249 4995 ὅλης
1273 4926 1374 4995 τῆς
1404 4925 1721 4997 Ἐπιστολῆς

123 5010 197 5083 μὴ
223 5010 463 5081 ἀθυμεῖν
492 5013 622 5076 τοὺς
661 5012 1021 5078 πιστεύοντας
1047 5015 1127 5086 τῷ
1165 5017 1379 5089 Κυρίῳ,
1412 5019 1460 5070 εἰ
1496 5017 1721 5087 μισοῦν-

118 5120 205 5157 ται
234 5103 297 5156 ὲν
323 5102 409 5174 τῷ
440 5103 655 5175 κόσμῳ,
682 5103 820 5159 ἀλλά
860 5106 1060 5178 μᾶλλον
1092 5108 1326 5179 χαίρειν,
1358 5109 1441 5163 ὅτι
1471 5108 1534 5161 τὸ
1562 5111 1720 5180 μῖσος

120 5196 212 5249 τοῦ
241 5197 455 5267 κόσμου
479 5197 722 5252 δείκνυσι
754 5199 882 5264 τοὺς
915 5200 1316 5266 πιστεύσαντας
1346 5201 1722 5274 μεταϐεϐηκέ-

122 5306 205 5341 ναι
236 5289 337 5343 ἀπ’
359 5288 532 5343 αὐτοῦ
559 5289 793 5363 κόσμου,
824 5294 922 5347 καὶ
952 5288 1091 5347 εῖναι
1124 5294 1311 5348 λοιπὸν
1341 5294 1442 5365 τῆς
1467 5294 1720 5366 οὐρανίου

122 5378 429 5443 πολιτείας.
477 5380 592 5433 Kal
625 5383 683 5435 ὲν
703 5382 781 5455 τῷ
804 5383 948 5438 τέλει
977 5384 1036 5438 δὲ
1074 5384 1509 5456 τῆςἘπιστολῆς
1558 5384 1723 5438 πάλιν

123 5467 541 5540 ὑπομιμνήσκει
578 5469 775 5540 λέγων,
825 5473 907 5527 ὅτι
935 5475 963 5527 6
991 5473 1085 5528 τοῦ
1114 5472 1248 5527 Θεοῦ
1276 5474 1405 5537 Υἱὸς
1443 5472 1558 5546 ζωὴ
1590 5472 1722 5527 αἰώ-

1822 3373 1905 3419 est
1923 3378 2020 3434 per
2049 3370 2222 3417 totam
2252 3361 2576 3432 Epistolam,
2597 3362 2946 3418 dilectionem
2977 3362 3161 3427 docet,
3193 3362 3404 3425 volens,

1821 3464 1883 3511 ut
1908 3472 2009 3512 nos
2028 3465 2220 3510 mutuo
2244 3454 2538 3527 diligamus
2563 3464 2875 3527 :propterea
2900 3456 3047 3526 quod
3072 3465 3127 3510 et
3154 3456 3407 3511 Christus

1822 3547 2015 3603 dilexit
2046 3562 2170 3604 nos.
2204 3545 2441 3601 Disserit
2469 3546 2656 3617 itaque
2684 3547 2753 3602 de
2779 3544 3086 3603 differentia
3114 3545 3331 3600 timoris
3352 3551 3410 3600 et

1821 3640 2157 3704 dilectionis,
2187 3638 2420 3693 ﬁliorum
2451 3637 2548 3694 Dei
2573 3645 2628 3693 et
2653 3637 2889 3694 ﬁliorum
2918 3637 3145 3701 diaboli,
3183 3636 3252 3693 de
3282 3653 3409 3705 pec-

1822 3736 1949 3783 cato
1978 3729 2220 3791 mortali,
2264 3735 2320 3783 et
2352 3744 2464 3783 non
2496 3728 2748 3794 mortali,
2778 3727 2847 3784 de
2887 3728 3195 3788 dill'erentia
3242 3728 3408 3798 spiri-

1823 3827 1999 3873 tuum.
2028 3816 2303 3873 Discernit
2331 3817 2574 3883 demum,
2605 3817 2860 3888 quisnam
2908 3817 3137 3887 spiritus
3167 3832 3232 3873 ex
3268 3816 3403 3880 Deo,

1823 3912 1949 3981 quis
1977 3925 2109 3967 vero
2158 3909 2502 3967 seductionis
2545 3912 2636 3977 sit,
2673 3918 2728 3975 et
2757 3911 2977 3981 quando
3006 3924 3407 3981 cognoscamur

1823 4004 1921 4059 lilii
1946 4003 2061 4070 Dei,
2092 4001 2314 4072 quando
2341 4015 2475 4057 vero
2503 4000 2731 4058 diaboli.
2751 4002 2883 4057 Item
2907 4016 3008 4070 pro
3039 4014 3150 4070 quo
3178 4008 3406 4067 peccato

1823 4110 1984 4151 orare
2016 4094 2333 4149 debeamus.
2365 4090 2434 4147 Et
2476 4089 2623 4162 quod
2666 4091 2953 4146 vocatione
2996 4090 3256 4160 indignus
3310 4088 3403 4150 sit,

1823 4203 1927 4243 nec
1960 4184 2167 4241 Christi
2196 4200 2321 4241 esse
2348 4183 2459 4239 dici
2489 4183 2687 4254 possit,
2710 4182 2805 4253 qui
2838 4182 3148 4252 proximum
3182 4196 3292 4235 non
3321 4179 3407 4235 di-

1823 4279 1962 4349 ligit.
1994 4276 2269 4331 Unitatem
2321 4273 2487 4330 etiam
2526 4272 2651 4329 Filii
2695 4288 2819 4328 cum
2854 4271 3016 4328 Patre
3055 4270 3316 4333 ostendit,
3351 4277 3407 4326 et

1824 4370 1969 4443 quod
1999 4369 2095 4440 qui
2129 4367 2330 4423 Filium
2360 4373 2545 4438 negat,
2581 4382 2683 4421 nec
2710 4365 2930 4420 Patrem
2955 4364 3172 4427 habeat.
3196 4363 3409 4420 Discer-

1823 4464 1906 4519 nit
1931 4478 2152 4534 quoque
2177 4462 2233 4517 in
2265 4461 2370 4516 hac
2401 4458 2672 4531 Epistola,
2708 4457 2985 4528 quodnam
3022 4457 3093 4512 sit
3120 4456 3405 4527 proprium

1827 4553 2177 4618 Antichristi,
2211 4566 2409 4621 nempe
2448 4553 2574 4617 hoc,
2604 4549 2651 4605 si
2688 4547 2848 4620 146
2879 4549 3025 4603 dicat
3068 4546 3253 4603 Jesum
3294 4562 3407 4601 non

1827 4661 1950 4702 esse
1979 4644 2281 4708 Christum,
2317 4642 2394 4697 ita
2439 4647 2502 4696 ut
2532 4640 2690 4711 quasi
2720 4641 2813 4696 ille
2855 4654 2965 4694 non
3015 4640 3106 4706 sit,
3166 4639 3407 4707 seipsum

1828 4737 2064 4794 menda'x
2092 4736 2184 4790 ille
2226 4735 2374 4790 dicat
2433 4749 2559 4790 esse
2590 4732 2891 4788 Christum.
2924 4729 3187 4785 Hortatur
3224 4737 3407 4784 autem

1826 4845 1925 4901 per
1957 4836 2124 4884 totam
2165 4826 2468 4898 Epistolam
2500 4840 2597 4881 eos
2637 4825 2732 4895 qui
2774 4822 3008 4879 Domino
3062 4823 3314 4883 credunt,
3349 4830 3409 4875 ut

1826 4938 1897 4977 ne
1940 4920 2125 4976 animo
2156 4918 2269 4974 sint
2319 4917 2556 4988 abjecto,
2595 4916 2643 4972 si
2683 4914 2812 4970 odio
2862 4915 3167 4969 habeantur
3196 4912 3251 4966 iu
3304 4911 3409 4965 hoc

1827 5014 2067 5079 mundo;
2102 5010 2200 5067 sed
2238 5009 2414 5080 magis
2460 5007 2753 5080 gaudeant,
2793 5006 2939 5077 quod
2979 5004 3165 5059 odium
3215 5002 3407 5057 mundi

1826 5106 1992 5174 hujus
2025 5103 2267 5159 declaret
2297 5102 2587 5158 credentes
2625 5100 2894 5169 migrasse
2930 5113 2998 5153 ex
3032 5097 3135 5151 hoc
3174 5094 3401 5158 mundo,

1824 5205 1879 5253 et
1904 5196 2135 5267 posthac
2162 5194 2479 5250 conversari
2513 5193 2571 5248 in
2600 5194 2776 5248 coelis.
2801 5191 2865 5246 Et
2890 5190 2944 5246 in
2978 5189 3127 5245 calce
3146 5186 3405 5259 Epistolas

1826 5288 2028 5343 iterum
2064 5286 2323 5342 admonet
2365 5285 2565 5341 Filium
2630 5283 2724 5340 Dei
2762 5298 2885 5339 esse
2922 5282 3089 5337 vitam
3143 5287 3404 5335 aeternam

1827 5395 1892 5435 ac
1914 5394 2104 5435 verum
2154 5378 2347 5445 Deum,
2373 5386 2428 5433 et
2457 5385 2518 5432 ut
2553 5377 2632 5433 illi
2661 5377 2987 5440 serviamus,
3016 5387 3227 5444 nosque
3251 5370 3403 5442 ipsos

1826 5472 1894 5528 ab
1925 5470 2087 5526 idolis
2116 5468 2516 5525 custodiamus.

120 5562 232 5627 νιός
257 5563 403 5631 ἐστι,
438 5563 534 5617 καὶ
564 5563 700 5629 Θεὸς
727 5565 1003 5638 ἀληθινὸς,
1029 5566 1126 5621 καὶ
1161 5565 1248 5622 ἵνα
1278 5565 1454 5639 τούτῳ
1497 5566 1858 5639 δουλεύωμεν,
1891 5564 1985 5618 xal
2018 5560 2374 5632 φυλάττωμεν
2405 5562 2633 5625 ἑαυτοὺς
2658 5559 2766 5614 ἀπὸ
2785 5558 2894 5614 τῶν
2923 5557 3174 5614 εἰδώλων.

336 5714 611 5789 Πέμπτη,
649 5716 839 5774 πάλιν
869 5719 969 5774 καὶ
1002 5720 1153 5790 αὕτη
1196 5720 1497 5778 Ἰωάννου.

189 5854 281 5918 56.
306 5853 528 5927 Ταύτην
544 5854 621 5920 ὡς
650 5855 1020 5930 πρεσϐύτερος
1046 5858 1246 5930 γράφει
1284 5857 1448 5932 κυρίᾳ
1474 5858 1569 5915 καὶ
1596 5862 1709 5925 τοῖς

2249 5719 2470 5787 Quinta,
2502 5730 2550 5774 et
2574 5723 2690 5790 ipsa
2714 5713 2963 5774 Joannis.

1894 5855 1978 5912 56.
2012 5854 2161 5912 lianc
2189 5855 2347 5928 quasi
2378 5856 2562 5912 senior
2593 5857 2824 5948 dom‘inze
2869 5854 3062 5912 scribit
3120 5863 3172 5911 et
3203 5850 3394 5910 liberis
