3880 6186
513 418 612 475 Mi

1624 435 1683 493 S.
1726 437 2192 499 ATHANASIUS.
2227 474 2296 487 -
2336 445 2559 504 DUBlA.

3660 456 3768 513 412

513 543 653 609 eius.
688 538 782 597 Est
810 550 992 600 autem
1041 557 1424 618 argumentum
1476 550 1735 623 Epistolae
1758 557 1866 612 tale
1900 576 1914 612 :
1946 559 2073 614 Cum

2184 559 2397 625 τέκνοις
2440 562 2628 633 αὐτῆς.
2661 563 2725 616 Ἠ
2752 563 2808 617 δὲ
2843 564 3108 644 πρόφασις
3132 566 3231 637 τῆς
3258 568 3571 642 Ἐπιστολῆς
3591 569 3763 643 αὖτηο

513 634 721 691 videret
750 635 951 694 liberos
985 638 1151 709 hujus
1181 649 1331 699 recte
1361 643 1416 697 in
1448 645 1552 701 ﬁde
1580 651 1917 715 conversari,
1944 654 2085 706 mul-

511 736 598 784 tos
637 736 820 785 autem
849 732 1171 792 seductores
1206 736 1521 804 circumire,
1555 742 1649 815 qui
1695 742 1940 800 dicerent
1992 747 2090 802 ad-

513 828 734 876 ventum
760 820 962 881 Christi
985 824 1043 879 in
1069 841 1236 883 carne
1257 844 1368 884 non
1391 845 1515 887 esse
1536 830 1765 901 factum,
1788 834 2087 907 Epistolam

514 911 655 967 hanc
706 914 922 970 scribit.
962 914 1031 970 Et
1064 916 1337 988 principio
1382 922 1603 991 quidem
1657 924 1845 981 laudat
1885 927 2088 986 liberos

512 1001 654 1071 ejus,
704 1004 851 1074 quod
891 1005 1033 1063 bene
1082 1008 1462 1079 procederent.
1515 1012 1721 1071 Deinde
1766 1016 1925 1073 docet
1965 1020 2088 1075 lidei

513 1104 719 1149 nostra:
751 1098 1075 1167 mysterium
1111 1116 1223 1156 non
1253 1117 1378 1157 esse
1420 1118 1634 1163 recens.
1680 1106 1944 1164 Hortatur
1988 1111 2089 1167 ite:

513 1199 635 1239 rum
685 1186 755 1242 ad
796 1187 1168 1255 dilectionem,
1211 1201 1267 1249 et
1324 1201 1385 1248 ut
1428 1206 1687 1253 maneant
1736 1199 1793 1254 in
1837 1200 2087 1258 doctrina

513 1293 634 1348 quae
677 1279 812 1350 ipsis
845 1290 964 1338 erat
1007 1286 1230 1342 tradita.
1278 1285 1545 1359 Deinceps
1589 1289 1749 1347 docet
1795 1308 1912 1357 eos,
1946 1296 2087 1349 anti-

513 1371 783 1427 christum
830 1390 974 1439 esse,
1003 1377 1099 1446 qui
1134 1377 1416 1434 Christum
1444 1381 1500 1435 in
1534 1397 1700 1438 carne
1734 1400 1845 1439 non
1869 1387 2086 1442 venisse

512 1461 679 1517 dicat.
712 1461 1007 1519 Denuntiat
1041 1474 1221 1531 autem
1251 1468 1380 1534 illis,
1408 1487 1478 1533 ne
1503 1487 1619 1536 eos,
1643 1474 1738 1543 qui
1772 1474 2086 1543 huiusmodi

512 1560 663 1619 sunt,
691 1555 749 1609 in
778 1553 1000 1611 domum
1034 1573 1188 1614 suam
1206 1562 1495 1633 quisquam
1519 1565 1767 1641 recipiat,
1799 1581 1974 1636 neque
2007 1583 2086 1623 sa-

510 1645 677 1701 lutem
715 1647 825 1703 illis
853 1648 1021 1714 dicat,
1062 1658 1227 1722 atque
1267 1653 1342 1707 ita
1369 1655 1630 1709 terminat
1659 1656 1976 1727 Epistolam.

936 1757 1118 1827 Sexta,
1151 1771 1201 1817 et
1236 1764 1352 1835 ipsa
1379 1763 1631 1831 Joannis.

2201 652 2374 723 Ὁρῶν
2398 652 2468 706 τά
2503 655 2669 708 τέκνα
2702 655 2905 727 ταύτης
2937 657 3115 721 καλῶς
3146 661 3589 734 ἀναστρεφόμενα
3618 663 3676 715 ἐν
3697 667 3763 735 τῇ

2191 744 2393 809 πίστει,
2426 746 2520 799 καὶ
2542 747 2767 811 πολλοὺς
2790 748 3023 813 πλάνους
3055 753 3526 823 περιερχομένους,
3560 754 3656 808 καὶ
3682 754 3768 809 λέ-

2187 852 2381 905 γοντας
2417 836 2490 909 μὴ
2519 833 2656 893 εἶναι
2713 840 2813 911 τὴν
2843 841 3144 912 παρουσίαν
3167 842 3259 896 τοῦ
3294 845 3527 916 Χριστοῦ
3552 848 3610 899 ἐν
3638 862 3767 918 σαρ-

2189 928 2265 993 κὶ,
2307 928 2506 1001 γράφει
2529 931 2628 1003 τὴν
2651 932 2988 1004 Ἐπιστολήν.
3025 935 3137 987 Kal
3172 933 3387 1005 πρῶτον
3429 935 3529 1005 μὲν
3572 936 3769 989 ἀποδέ-

2188 1036 2343 1091 χεται
2394 1024 2565 1094 αὐτῆς
2605 1023 2675 1077 τά
2706 1025 2871 1079 τέκνα
2917 1024 3098 1088 καλῶς
3141 1027 3576 1096 περιπατοῦντω
3624 1024 3767 1093 εἶτα,

2187 1110 2453 1165 διδάσκων
2484 1112 2558 1183 μὴ
2581 1112 2843 1185 νεώτερον
2872 1110 3091 1169 εἶναιτὸ
3114 1116 3235 1169 καθ’
3265 1119 3411 1187 ἡμᾶς
3445 1120 3765 1189 μυστήριον,

2188 1204 2443 1271 παραινεῖ
2470 1203 2631 1258 πάλιν
2661 1205 2790 1275 περὶ
2818 1204 3058 1277 ἀγάπης,
3094 1207 3187 1259 καὶ
3219 1208 3304 1261 ἵνα
3339 1208 3592 1279 μείνωσιν
3614 1212 3673 1263 ἐν
3697 1215 3764 1283 τῇ

2185 1291 2372 1364 διδαχῇ
2408 1297 2473 1366 τῇ
2509 1295 2873 1369 παραδοθείσῃ
2922 1298 3123 1362 αὐτοῖς.
3146 1300 3257 1353 Kal
3297 1299 3481 1353 λοιπὸν
3521 1302 3768 1356 διδάσκει

2186 1382 2527 1455 ἀντίχριστον
2545 1381 2683 1441 εἶναι
2702 1387 2790 1441 τὸν
2822 1388 3046 1457 λέγοντα
3074 1391 3146 1461 μὴ
3180 1392 3236 1444 ἐν
3261 1393 3423 1463 σαρκὶ
3445 1392 3767 1463 ἐληλυθέναι

2184 1474 2277 1529 τὸν
2312 1477 2566 1547 Χριστόν.
2606 1479 2980 1550 Παραγγέλλει
3009 1481 3241 1544 δὲ,ὥστε
3272 1484 3347 1554 μὴ
3368 1484 3615 1553 δέχεσθαι
3635 1486 3768 1548 τοὺς

2184 1565 2458 1631 τοιούτους
2486 1568 2609 1623 τινὰ
2628 1571 2707 1632 εἰς
2727 1571 2923 1634 οἰκίαν,
2944 1573 3079 1644 μηδὲ
3112 1573 3289 1643 λέγειν
3311 1576 3492 1640 αὐτοῖς
3525 1577 3764 1649 χαίρειν,

2185 1658 2279 1727 καὶ
2312 1658 2485 1723 οὕτως
2507 1660 2700 1715 τελειοῖ
2725 1663 2823 1733 τὴν
2859 1665 3194 1737 Ἐπιστολὴν.

2452 1770 2652 1839 Ἕκτη,
2679 1771 2866 1826 πάλιν
2888 1773 2987 1828 καὶ
3023 1776 3175 1845 αὕτη
3210 1777 3498 1834 Ἰωάννου.

580 1867 671 1923 57.
695 1868 823 1926 Haec
851 1887 1070 1943 quoque
1094 1872 1322 1932 Joannis
1348 1884 1454 1943 est,
1497 1887 1557 1934 ut
1589 1888 1643 1936 et
1672 1880 1960 1953 inscriptio
1982 1882 2073 1937 ha«

2254 1882 2341 1937 57.
2371 1885 2479 1938 Kal
2510 1885 2646 1959 αὕτη
2679 1888 2922 1944 Ἰωάννου
2969 1891 3069 1961 μέν
3107 1892 3244 1957 ἐστι,
3299 1894 3477 1959 καθὼς
3510 1897 3604 1950 καὶ
3636 1899 3761 1951 ἐπι-

506 1958 619 2014 ιιεῑ.
646 1957 811 2017 Missa
848 1972 931 2018 est
957 1971 1137 2023 autem
1169 1966 1237 2021 ad
1259 1967 1474 2026 Gaium.
1500 1970 1561 2024 Et
1586 1972 1821 2041 primum
1862 1973 2073 2043 quidem

2183 1972 2512 2044 γέγραπται.
2544 1957 2898 2033 Ἐπέσταλται
2928 1957 2986 2034 δέ
3012 1982 3147 2052 πρὸς
3177 1984 3354 2037 Γάῑον.
3407 1957 3516 2047 Kal
3540 1986 3763 2058 πρῶτον

504 2052 694 2107 laudat
718 2069 841 2110 eum
860 2066 1084 2127 propter
1099 2061 1472 2116 testimonium
1493 2062 1909 2133 hospitalitatis,
1935 2066 2082 2135 quod

505 2144 742 2199 habebat
774 2146 842 2201 ab
863 2150 1138 2213 omnibus,
1169 2150 1530 2224 hortaturque
1553 2169 1699 2220 eum,
1724 2157 1855 2211 utin
1883 2172 2082 2228 propoo

503 2235 616 2289 sito
645 2236 922 2305 persistat,
959 2254 1023 2294 ac
1052 2238 1252 2297 fratres
1278 2241 1513 2298 deducat
1552 2259 1617 2299 ac
1658 2247 1905 2317 recipiat.
1934 2246 2079 2302 Rur-

503 2341 630 2384 sum
661 2327 847 2382 laudat
874 2329 994 2398 ejus
1038 2333 1404 2402 propositum.
1448 2334 1688 2391 Accusat
1734 2349 1915 2394 autem
1953 2338 2081 2395 Dio-

505 2419 757 2490 trephen,
781 2422 929 2491 quod
958 2423 1006 2478 is
1035 2440 1146 2479 non
1178 2425 1356 2481 solum
1386 2426 1525 2489 nihil
1575 2430 1843 2500 prmberet
1876 2447 2080 2502 paupe-

504 2511 679 2577 ribus,
715 2511 811 2568 sed
850 2514 1015 2569 etiam
1048 2517 1187 2573 alios
1224 2518 1564 2588 prohiberet,
1594 2536 1661 2577 ac
1700 2523 1873 2576 multa
1903 2539 2077 2595 nuga-

505 2611 677 2658 retur.
728 2602 888 2662 Tales
925 2616 1105 2663 autem
1146 2609 1355 2667 alienos
1397 2626 1520 2668 esse
1560 2612 1696 2668 dicit
1737 2628 1768 2668 a
1810 2615 2075 2683 veritate,

503 2711 679 2766 neque
707 2712 1037 2769 cognoscere
1064 2699 1257 2757 Deum.
1280 2703 1611 2761 Demetrium
1638 2721 1770 2766 vero
1800 2721 2079 2770 commcn-

2185 2064 2282 2133 μὲν
2319 2066 2644 2137 ἀποδέχεται
2691 2070 2853 2124 αὑτὸν
2917 2074 3358 2144 μαρτυρούμενον
3401 2076 3506 2129 ὑπὸ
3537 2078 3764 2133 πάντων

2180 2155 2273 2209 ἐπὶ
2298 2156 2589 2229 φιλοξενίᾳ,
2607 2161 2701 2214 καὶ
2728 2162 3026 2233 προτρέπει
3049 2168 3117 2235 τῇ
3143 2166 3278 2230 αύτῆ
3300 2167 3555 2238 προθέσει
3588 2189 3766 2240 προσ-

2183 2245 2387 2317 μένειν,
2410 2248 2506 2303 καὶ
2525 2251 2871 2322 προπέμπειν
2890 2254 2984 2306 καὶ
3009 2253 3310 2319 δεξιοῦσθαι
3326 2259 3453 2321 τοὺς
3471 2259 3760 2329 ἀδελφούς.

2179 2336 2348 2391 Πάλιν
2369 2338 2425 2392 δὲ
2445 2340 2608 2394 αὐτοῦ
2636 2342 2733 2412 μὲν
2750 2343 2845 2415 τὴν
2865 2344 3122 2416 πρόθεσιν
3137 2347 3457 2419 ἀποδέχεται
3472 2364 3486 2378 ’
3515 2352 3762 2407 αἰτιᾶται

2180 2425 2236 2480 δὲ
2256 2429 2543 2500 Διοτρεφῆ,
2575 2429 2650 2493 ὼς
2680 2433 2816 2503 μήτε
2845 2433 3006 2488 αὐτὸν
3033 2436 3338 2509 παρέχοντα
3360 2443 3472 2504 τοῖς
3494 2445 3762 2513 πτωχοῖς,

2179 2518 2314 2572 ἀλλά
2338 2520 2431 2573 καὶ
2463 2522 2738 2578 κωλύοντα
2757 2527 2882 2590 τοὺς
2902 2526 3112 2594 ἄλλους,
3129 2529 3222 2583 καὶ
3253 2530 3422 2584 πολλά
3453 2532 3765 2606 φλυαροῦν-

2176 2624 2265 2662 τα.
2297 2609 2437 2674 Τοὺς
2459 2610 2515 2664 δὲ
2539 2612 2813 2679 τοιούτους
2842 2614 2988 2684 λέγει
3005 2618 3317 2690 ἀλλοτρίους
3337 2617 3475 2681 εἶναι
3497 2623 3601 2693 τῆς
3621 2624 3764 2696 άλη-

2178 2697 2348 2765 θείας,
2380 2702 2472 2754 καὶ
2501 2702 2637 2773 μηδὲ
2666 2704 2866 2759 εἰδέναι
2909 2709 3001 2761 τὸν
3034 2709 3185 2763 Θεόν.
3222 2711 3609 2783 Δημήτριονδὲ
3642 2732 3767 2770 συν-

498 2789 616 2854 dat,
655 2789 921 2860 optimum
947 2790 1027 2848 illi
1063 2794 1436 2850 testimonium
1456 2796 1792 2867 impendens.

2183 2792 2360 2865 ίστηιξι
2393 2795 2686 2866 μαρτυρῶν
2701 2797 2848 2869 αύτῷ
2864 2799 2930 2852 τὰ
2943 2801 3221 2858 κάλλιστα.

2596 2930 2599 2931 '
2700 2911 2975 2981 Ἑϐδόμη,
3010 2914 3224 2971 Ἰούδα.

2246 3019 2333 3074 58.
2360 3021 2594 3091 Ταύτην.
2616 3021 2798 3087 καθὼς
2820 3026 2914 3077 καὶ
2943 3027 3367 3097 ἐπιγέγραπται,
3394 3029 3593 3095 Ἰούδας
3616 3033 3766 3104 γρό-

499 3104 800 3176 Epistolam
823 3112 1047 3181 scripsit
1071 3112 1139 3169 iis
1187 3114 1280 3185 qui
1308 3114 1420 3183 jam
1450 3115 1819 3174 crediderant.
1855 3118 1951 3175 Est
1978 3136 2073 3175 au-

2183 3126 2263 3178 φει
2283 3109 2378 3180 τὴν
2394 3111 2711 3183 Ἐπιστολὴν
2730 3116 2841 3176 τοῖς
2863 3114 2962 3185 ἤδη
2986 3115 3359 3172 πιστεύσασιν.
3378 3119 3441 3172 Ἥ
3467 3120 3526 3173 δὲ
3541 3123 3767 3194 πρόφα-

498 3205 608 3253 tem
639 3211 1020 3270 argumentum
1059 3204 1180 3274 ejus
1223 3206 1333 3261 tale
1367 3223 1379 3258 :
1411 3206 1549 3261 Cum
1587 3208 1807 3279 quidam
1849 3210 2073 3268 fraudu-

2183 3217 2259 3264 σις
2300 3199 2469 3270 αὕτη’
2535 3202 3005 3276 Παρεισελθόντων
3046 3207 3208 3262 τινῶν
3254 3210 3348 3262 καὶ
3394 3210 3768 3269 διδασκόντων

496 3288 675 3345 lenter
699 3290 934 3361 ingressi
958 3293 1240 3362 docerent,
1266 3296 1581 3354 indili‘erens
1613 3315 1735 3355 esse
1765 3311 2069 3371 peccatum,

2183 3290 2462 3361 ἀδιάφορον
2493 3286 2633 3345 εἶναι
2678 3293 2777 3366 τὴν
2812 3295 3109 3367 ἁμαρτίαν,
3151 3298 3244 3351 καὶ
3289 3299 3639 3370 ἀρνουμένων
3665 3304 3769 3357 τὸν

491 3378 662 3433 etiam
692 3395 885 3435 eorum
925 3385 1018 3454 qui
1067 3385 1356 3442 Dominum
1384 3403 1602 3460 negant,
1636 3406 1862 3448 necesse
1883 3392 2073 3450 habuit

2183 3382 2395 3453 Κύριον,
2420 3383 2665 3456 ἀνάγκην
2685 3385 2809 3457 ἔσχε
2833 3388 3062 3459 γράψαι,
3095 3392 3189 3443 καὶ
3209 3391 3607 3460 ἀσφαλίσασθαι
3628 3396 3771 3461 τοὺς

497 3475 561 3522 ut
591 3470 880 3540 scriberet,
920 3481 976 3529 et
1025 3483 1217 3531 cautos
1250 3478 1501 3534 redderet
1542 3480 1763 3539 fratres.
1806 3482 1873 3538 Et
1917 3486 2073 3542 initio

2183 3473 2453 3544 ὶδελφούς.
2482 3477 2592 3530 Kal
2620 3478 2833 3550 πρῶτον
2867 3480 2965 3551 μὲν
2999 3482 3311 3553 παρακαλεῖ
3333 3484 3528 3549 αὐτοὺς
3553 3486 3771 3555 ἀγωνί-

493 3557 718 3627 quidem
763 3560 1016 3617 hortatur
1045 3578 1141 3620 eos
1190 3574 1251 3619 ut
1298 3576 1526 3635 certent,
1562 3578 1725 3642 atque
1768 3572 1823 3627 in
1875 3575 2073 3630 tradita

2183 3564 2362 3629 ζεσθαι
2387 3568 2482 3621 καὶ
2509 3568 2765 3639 ἐμμένειν
2798 3574 2864 3643 τῇ
2911 3572 3278 3647 παραδοθείσῃ
3315 3577 3498 3640 αὐτοῖς
3530 3579 3730 3632 πίστει
3758 3599 3770 3646 ;

496 3650 604 3705 sibi
639 3649 746 3707 ﬁde
774 3662 1053 3710 maneant.
1087 3655 1293 3714 Deinde
1344 3662 1596 3731 repudiat
1635 3664 1770 3720 tales
1814 3675 2068 3737 tanquam

2183 3656 2362 3711 ἔπειτα
2388 3659 2757 3730 ἀποκηρύττει
2784 3663 2912 3725 τοὺς
2941 3663 3213 3729 τοιούτους
3251 3666 3327 3729 ὡς
3357 3667 3614 3736 πλάνους,
3664 3673 3773 3727 καὶ

494 3740 851 3810 seductores,
887 3753 943 3800 et
1004 3747 1291 3804 denuntiat
1341 3766 1411 3806 ne
1457 3767 1686 3822 prorsus
1736 3756 1901 3810 ullam
1944 3773 2069 3812 cum

2183 3749 2539 3819 παραγγέλλει
2580 3750 2852 3821 μηδεμίαν
2885 3754 3089 3818 αὐτοὺς
3117 3755 3261 3826 ἔχειν
3291 3760 3576 3813 κοινωνίαν
3623 3765 3773 3835 περὶ

494 3832 632 3901 ipsis
654 3837 1091 3911 communionem
1124 3839 1407 3907 haberent,
1434 3844 1670 3900 scientes
1693 3861 1801 3900 non
1833 3863 1957 3902 esse
1982 3863 2072 3903 sa-

2183 3839 2296 3902 τοὺς
2332 3840 2623 3906 τοιούτους,
2660 3843 2888 3908 εἰδότας,
2935 3846 3017 3898 ὃτι
3054 3846 3155 3899 οὐκ
3188 3848 3349 3919 ἀρκεῖ
3395 3849 3457 3911 τὺ
3487 3850 3773 3924 κληθῆναι

493 3925 568 3980 tis
588 3926 734 3995 quod
760 3930 940 3984 vocati
972 3933 1167 3998 simus,
1202 3932 1311 3989 nisi
1339 3935 1502 3990 etiam
1542 3936 1705 4008 digne
1727 3939 2069 3996 ambulemus

2183 3933 2353 4001 μόνον,
2397 3932 2491 3986 ἐὰν
2525 3934 2598 4004 μὴ
2640 3935 2734 3988 καὶ
2765 3936 2932 4002 ἀξίως
2982 3941 3446 4012 περιπατήσωμεν
3480 3945 3583 4015 τῆς
3623 3947 3774 4020 κλή-

490 4018 796 4074 vocatione.
837 4020 1118 4090 Siquidem
1151 4034 1203 4079 et
1235 4025 1470 4095 priorem
1515 4030 1775 4100 populum
1806 4030 2068 4089 Dominus

2183 4040 2326 4086 τεως.
2353 4025 2465 4077 Καὶ
2483 4024 2592 4096 γὰρ
2616 4027 2711 4079 καὶ
2736 4027 2827 4080 τὸν
2854 4028 3117 4101 πρότερον
3145 4031 3272 4085 λαὸν
3297 4033 3355 4097 ἐξ
3373 4035 3655 4103 Αἰγύπτου
3679 4018 3774 4106 ἐξ.

490 4121 561 4163 ex
589 4107 827 4180 Egypto
853 4110 1134 4179 eductum,
1169 4130 1293 4169 cum
1327 4116 1383 4171 in
1414 4117 1518 4174 (ide
1561 4119 1770 4177 videret
1808 4138 1915 4179 non
1945 4141 2069 4194 per-

2183 4112 2393 4182 ιγαγὼν
2423 4116 2451 4167 ὁ
2478 4114 2700 4186 Κύριος,
2730 4117 2825 4169 καὶ
2863 4117 2936 4188 μὴ
2973 4118 3312 4188 ἐμμείναντα
3341 4124 3406 4192 τῇ
3437 4123 3773 4180 πίστειοὲω-

492 4200 713 4266 sistere,
740 4203 1081 4272 perdiderit:
1112 4214 1166 4263 et
1208 4211 1418 4280 angelis
1462 4205 1724 4269 ordinem
1758 4231 1917 4270 suum
1957 4234 2067 4274 non

2183 4204 2373 4271 οακὼς,
2399 4206 2676 4260 ἀπώλεσεν
2700 4209 2792 4261 καὶ
2812 4209 3058 4278 ἀγγέλων
3086 4211 3144 4264 δὲ
3175 4212 3249 4285 μὴ
3271 4214 3632 4285 τηρησάντων
3658 4218 3774 4292 τὴν

490 4293 946 4362 custodienlibus,
986 4312 1095 4352 non
1127 4304 1454 4370 pepercerit.
1491 4303 1756 4375 Oportere
1799 4310 1966 4379 igitur
1996 4313 2066 4366 ab

2183 4297 2306 4351 L6£av
2336 4298 2488 4364 τάξιν
2518 4299 2618 4352 οὐκ
2659 4300 2929 4369 ἐφείσατο.
2965 4305 3059 4355 Δεῖ
3079 4299 3173 4356 οὖν
3207 4305 3314 4358 ἀπὸ
3352 4307 3458 4361 τῶν
3490 4309 3773 4367 τοιούτων

492 4382 803 4454 huiusmodi
824 4388 1135 4447 hominibus
1169 4393 1447 4450 secedere.
1474 4395 1541 4449 Et
1567 4396 1882 4455 Michaelem
1915 4416 2068 4455 nam-

2183 4389 2484 4459 ὶναχωρεῖν.
2545 4392 2655 4443 Kal
2703 4391 2813 4462 γὰρ
2853 4393 2947 4446 καὶ
2995 4395 3213 4467 Μιχαὴλ
3237 4401 3266 4451 ὁ
3292 4400 3634 4471 ἀρχάγγελος
3658 4408 3773 4489 οὐχ

490 4492 598 4545 que
653 4480 1041 4551 archangelum
1102 4499 1213 4538 non
1266 4486 1596 4544 sustinuisse
1674 4491 2065 4561 blasphemiam

2183 4480 2442 4550 Βπήνεγκε
2483 4481 2831 4553 βλασφημίαν
2879 4485 2974 4539 τοῦ
3016 4488 3285 4544 διαϐόλου.
3320 4492 3583 4548 Ἐσεσθαι
3622 4485 3771 4565 γοῦν

489 4567 714 4626 diaboli.
739 4568 907 4626 Docet
941 4572 1124 4644 itaque
1156 4576 1518 4644 perditionem
1544 4580 1775 4636 istorum
1791 4584 1933 4637 sicut
1968 4584 2064 4639 So-

2183 4573 2261 4643 τὴν
2289 4572 2562 4629 ἀπώλειαν
2584 4576 2761 4629 αὐτῶν
2780 4577 2856 4641 ὡς
2875 4579 3124 4651 Σοδόμων
3143 4582 3404 4637 διδάσκει.
3441 4582 3580 4641 Εἶτα
3612 4605 3774 4663 παρ-

454 4713 459 4719 ,
488 4657 776 4714 domorum
811 4660 1075 4717 futuram.
1104 4662 1237 4719 Post
1279 4665 1395 4721 haec
1422 4668 1748 4725 adhortatus
1790 4673 1858 4727 ab
1887 4674 2061 4730 bonos

2183 4667 2303 4717 ιινεῖ
2346 4667 2425 4730 είς
2453 4666 2523 4719 τὰ
2556 4667 2682 4739 ἤθη,
2726 4670 2820 4722 καὶ
2849 4670 3224 4743 ὑπευξάμενος
3247 4677 3430 4741 αὐτοῖς
3458 4657 3770 4754 βεϐαιότη-

488 4762 693 4811 mores,
726 4757 781 4805 et
817 4749 942 4806 ﬁdei
976 4753 1329 4812 stabilitatem
1362 4774 1393 4813 a
1438 4757 1671 4816 Domino
1713 4774 2058 4833 apprecatus,

2183 4771 2230 4808 :a
2253 4756 2352 4827 τῆς
2385 4756 2620 4823 πίστεως
2657 4759 2805 4831 παρὰ
2838 4760 2932 4821 τοῦ
2974 4763 3202 4835 Κυρίου,
3231 4765 3430 4819 τελειοί
3471 4767 3578 4840 τὴν
3594 4749 3769 4827 Ἑπίς

487 4838 696 4896 claudit
723 4839 1044 4911 Epistolam.

2183 4846 2377 4918 ςτολήν.

1064 2905 1322 2977 Septima,
1345 2909 1523 2966 ludar.

570 3014 660 3070 58.
711 3013 885 3079 Hanc,
921 3018 1377 3089 quemadmodum
1426 3023 1529 3079 fert
1552 3023 1859 3096 inscriptio,
1905 3027 2075 3085 Iudas

488 4952 642 5010 Liber
684 4954 816 5022 VII,
850 4958 1262 5051 Quatuordecim
1287 4963 1560 5051 ,Ιξρὶειοίω
1610 4966 1794 5033 Pauli,
1836 4987 2060 5051 quarum

926 5033 1101 5099 prima
1125 5044 1203 5088 est
1229 5035 1299 5088 ad
1328 5036 1613 5091 Romanos.

556 5135 645 5191 59.
677 5135 832 5194 Pauli
861 5150 1130 5200 vocantur
1169 5144 1443 5216 Epistolas,
1477 5160 1762 5221 propterea
1789 5153 1935 5224 quod
1966 5170 2059 5218 eas

486 5230 578 5287 ille
618 5233 873 5305 scripsit,
927 5244 982 5292 et
1031 5254 1129 5308 per
1175 5240 1275 5296 has
1317 5257 1439 5297 cum
1481 5259 1608 5309 eos,
1647 5261 1787 5315 quos
1847 5247 2059 5306 viderat

486 5336 550 5389 ac
591 5324 875 5394 docuerat,
921 5330 1177 5387 admonet
1221 5347 1284 5388 ac
1330 5336 1585 5406 corrigit,
1623 5345 1736 5391 tum
1765 5354 1903 5407 quos
1946 5355 2054 5392 non

485 5413 720 5483 viderat,
749 5417 1023 5475 instruere
1047 5429 1281 5476 conatur
1310 5439 1375 5478 ac
1423 5425 1642 5494 docere,
1678 5426 1834 5498 147
1873 5444 2059 5498 quem-

484 5505 773 5565 admodum
824 5524 853 5563 a
887 5510 1188 5582 legentibus
1233 5516 1402 5571 edisci
1450 5526 1648 5586 potest.
1688 5517 1841 5573 lianc
1875 5527 2056 5573 autem

484 5599 553 5652 ad
577 5597 853 5658 Romanos
878 5602 1142 5661 Corintho
1173 5607 1415 5678 scripsit,
1450 5623 1576 5664 cum
1608 5608 1881 5667 Romanos
1918 5627 2058 5665 nou-

2159 4962 2403 5015 Βιϐλίον
2424 4962 2495 5027 ξ’,
2528 4964 2871 5049 Ἐπιστολαὶ
2906 4971 3151 5049 ζζαύλοι)
3175 4970 3262 5023 ιδ’.
3290 4973 3520 5025 Τούτων
3542 4975 3765 5049 πρώτη

2652 5036 2692 5103 ἡ
2730 5036 2881 5104 πρὸς
2913 5040 3258 5109 Ῥωμαίους.
3582 5036 3600 5041 ⁷
3749 5036 3773 5057 ““

2230 5144 2318 5198 59.
2366 5145 2522 5198 Οὕτω
2564 5146 2876 5215 καλοῦνται,
2923 5152 3110 5224 ἐπειδὴ
3166 5153 3328 5217 αὐτὸς
3368 5154 3586 5220 Παῦλος
3640 5158 3769 5231 ἰδίᾳ.

2159 5238 2360 5301 ταύτας
2394 5239 2745 5306 ἐπιστέλλων,
2773 5242 2864 5295 καὶ
2885 5242 2973 5297 διά
3004 5245 3232 5309 τούτων,
3257 5244 3351 5310 οὓς
3385 5247 3484 5317 μέν
3511 5248 3613 5320 ἤδη
3640 5240 3773 5304 ἐώέ

2161 5346 2295 5398 ρακε
2328 5331 2421 5383 καὶ
2453 5331 2708 5398 ἐδίδαξεν,
2739 5335 3144 5409 ὑπομιμνήσκει
3178 5339 3271 5391 καὶ
3308 5338 3758 5409 ἐπιδιορθοῦταιο

2158 5420 2250 5485 οὓς
2267 5422 2324 5474 δέ
2343 5423 2417 5494 μὴ
2448 5423 2680 5496 ἑώρακε,
2717 5425 3005 5490 σπουδάζει
3030 5431 3286 5499 κατηχεῖν
3313 5431 3406 5483 καὶ
3440 5430 3763 5500 διδάσκειν,

2159 5514 2235 5577 ὼς
2268 5514 2415 5569 ἔστιν
2450 5517 2543 5569 ἀπ’
2570 5517 2748 5571 αὐτῶν
2774 5518 2881 5571 τῶν
2912 5520 3345 5590 ἐντυγχανόντων
3377 5524 3757 5593 καταμαθεῖν.

2157 5605 2374 5679 Ταύτην
2398 5606 2455 5660 δὲ
2498 5606 2595 5678 τὴν
2626 5608 2764 5677 πρὸς
2808 5607 3113 5680 Ῥωμαίους
3147 5611 3454 5665 ἐπιστέλλει
3485 5615 3599 5668 ἀπὸ
3629 5617 3757 5670 Κο-

482 5689 615 5743 dum
640 5692 859 5760 quidem
887 5695 1134 5762 vidisset,
1171 5699 1413 5756 audisset
1457 5717 1587 5757 vero
1618 5701 1685 5757 de
1716 5702 1844 5765 illis,
1889 5719 2046 5773 cupe-

2183 5698 2360 5762 »ίνθου,
2397 5702 2561 5770 μήπω
2613 5702 2712 5772 μὲν
2747 5701 3005 5774 ἑωρακὼς
3049 5704 3353 5774 Ῥωμαίους
3375 5744 3391 5769 ,
3432 5706 3658 5760 ἀκούων
3692 5710 3760 5763 δὲ

483 5788 675 5849 ratque
716 5782 904 5839 videre
935 5801 1050 5842 eos.
1086 5787 1153 5841 Et
1197 5789 1353 5844 initio
1382 5791 1599 5861 quidem
1647 5793 1830 5846 laudat
1865 5808 2053 5847 eorum

2183 5794 2283 5861 περὶ
2312 5793 2509 5858 αὐτῶν,
2532 5795 2623 5847 καὶ
2653 5794 2929 5848 ἐπιποθῶν
2956 5795 3152 5858 αὐτοὺς
3189 5795 3335 5849 tam.
3373 5797 3485 5849 Kal
3518 5798 3756 5868 πρῶτον

484 5871 666 5941 ﬁdem,
715 5889 879 5959 quam
932 5877 1148 5945 videbat
1200 5880 1400 5964 ubique
1454 5883 1788 5947 annuntiari.
1852 5883 2055 5949 Deinde

2183 5886 2257 5939 ιὲν
2298 5887 2619 5958 ἀποδέχετα.
2645 5894 2743 5943 τὴν
2774 5888 2954 5944 πίστιν
2986 5890 3183 5955 αὐτῶν,
3220 5890 3757 5964 καταγγελλομένην
