3886 6182
158 397 278 450 διδ

1252 395 1584 454 SYNOPSIS
1623 390 2042 452 SCRIPTUBIE
2082 387 2351 449 SACRE.

3333 384 3444 442 414

158 511 320 583 δρῶν
363 511 647 583 τανταχοῦ
672 529 686 541 ·
736 511 928 567 ἔπειτα
968 512 1221 584 σημαίνει
1269 514 1528 576 πολλάκις
1577 511 1760 567 ἑαυτὸν

1874 507 2149 581 signiﬁcat
2193 517 2573 577 sazpenumero
2614 501 2955 573 propositum
2997 502 3097 558 sibi
3145 500 3314 558 fuisse
3349 518 3439 558 ve-

160 604 524 675 προθέμενον
553 604 728 658 ἐλθεῖν
749 604 839 659 διὰ
857 604 949 658 τὸν
969 607 1049 668 είς
1080 605 1273 669 αὐτοὺς
1298 605 1486 671 πόθον,
1504 606 1598 659 καὶ
1626 605 1765 669 τέως

163 697 246 768 μὴ
261 696 620 767 δεδυνῆσθαι.
650 698 764 751 Καὶ
786 696 971 750 λοιπὸν
992 696 1378 770 διδασκαλικὴν
1406 698 1506 770 τὴν
1523 698 1768 751 Ἐπιστο-

156 789 268 861 λὴν
302 792 555 841 ποιεῖται
588 789 719 861 περὶ
770 788 1015 860 κλήσεως
1058 789 1247 855 ἐθνῶν,
1288 791 1382 844 καὶ
1423 792 1507 844 ὅτι
1547 793 1580 862 ἡ
1613 808 1767 863 περι-

154 884 311 953 τομὴ
347 882 461 945 ἕως
492 880 691 952 καιροῦ
720 877 808 953 ἦν,
837 883 931 936 καὶ
955 881 1051 937 νῦν
1080 883 1357 938 πέπαυται
1382 900 1398 915 ·
1430 884 1526 937 καὶ
1561 885 1642 937 ὅτι
1677 882 1765 937 διά

154 974 256 1027 τοῦ
290 974 548 1045 Χριστοῦ
584 974 802 1029 λέλυται
834 974 897 1028 τὸ
940 975 1291 1046 παράπτωμα
1312 974 1407 1029 τοῦ
1450 975 1641 1048 Ἀδὰμ,
1671 976 1766 1030 καὶ

156 1066 193 1135 ἡ
228 1064 369 1117 σκιά
396 1063 501 1118 τοῦ
531 1063 700 1135 νόμου
729 1064 993 1136 παρῆλθε.
1018 1066 1129 1136 Τὴν
1174 1067 1273 1136 μὲν
1315 1061 1409 1120 οὖν
1435 1066 1627 1137 κλῆσιν
1656 1067 1766 1120 τῶν

158 1154 341 1207 ἐθνῶν
388 1155 712 1220 ἀκολούθως
754 1158 1083 1228 γεγενῆσθαι
1133 1156 1530 1221 κατασκευάζει
1571 1157 1761 1225 οὕτως,

157 1240 502 1306 ἀποδεικνὺς
530 1244 697 1297 πᾶσιν
719 1244 1027 1316 ἀνθρώποις
1050 1245 1286 1317 ἔμφυτον
1306 1243 1446 1301 εἶναι
1465 1248 1556 1301 τὸν
1578 1249 1761 1320 νόμον,

159 1332 257 1385 καὶ
287 1333 515 1398 πάντας
544 1333 817 1407 ἀδιδάκτῳ
859 1338 925 1407 τῇ
972 1337 1131 1405 φύσει
1172 1338 1264 1391 καὶ
1308 1339 1403 1391 ἀπ’
1455 1339 1626 1409 αὐτῆς
1666 1340 1765 1411 τῆς

156 1420 405 1485 κτίσεως
440 1421 709 1477 δύνασθαι
751 1424 1040 1493 γινώσκειν
1071 1425 1162 1480 τόν
1198 1426 1351 1480 Θεόν.
1383 1428 1474 1481 Διὸ
1502 1430 1595 1483 καὶ
1622 1432 1765 1484 είκό-

153 1528 269 1575 τως
302 1513 561 1566 αἰτιᾶται
598 1514 814 1585 πρῶτον
842 1515 1125 1587 Ἕλληνας,
1149 1517 1224 1580 ὡς
1248 1517 1342 1571 τοῦ
1377 1519 1475 1589 μὲν
1499 1519 1632 1572 Θεοῦ
1661 1537 1765 1588 φα-

154 1603 517 1674 νερώσαντος
542 1606 730 1671 αὐτοῖς
751 1609 817 1661 ἐκ
835 1608 943 1662 τῶν
968 1610 1285 1680 ποιημάτων
1312 1610 1405 1664 τοῦ
1433 1611 1638 1683 κόσμου
1663 1613 1763 1685 τὴν

158 1695 295 1767 περὶ
323 1696 535 1751 ἐαυτοῦ
565 1697 788 1767 γνῶσιν,
817 1700 911 1753 καὶ
934 1700 1030 1770 τῆς
1062 1701 1233 1754 ἀϊδίου
1265 1702 1547 1772 δυνάμεως
1573 1704 1759 1770 αὐτοῦ,

154 1787 289 1857 ἥτις
317 1788 480 1841 ἐστὶν
521 1791 553 1842 ὁ
586 1790 762 1859 Λόγος
800 1791 986 1858 αὐτοῦ,
1019 1796 1077 1847 ἐν
1098 1787 1143 1862 ᾧ
1167 1794 1263 1847 καὶ
1302 1794 1368 1848 δι’
1402 1789 1462 1848 οὗ
1489 1795 1556 1849 τὰ
1586 1796 1763 1850 πάντα

157 1879 479 1949 πεποίηκεν
498 1896 513 1910 ο
552 1882 796 1946 ἐκείνους
814 1882 870 1937 δέ
899 1884 973 1957 μὴ
1002 1886 1299 1955 ἐγνωκέναι
1326 1887 1524 1958 μᾶλλον
1555 1888 1619 1940 ἐκ
1655 1888 1762 1942 τῶν

158 1970 493 2040 κτισμάτων
518 1966 665 2025 εἶναι
700 1972 831 2027 Θεὸν
857 1973 950 2028 τὸν
991 1974 1195 2032 τούτων
1226 1977 1556 2053 δημιουργόν
1578 1994 1591 2008 ⁸
1628 1979 1762 2033 ἀλλά

155 2058 485 2113 τούναντίον
509 2060 658 2115 αὐτά
679 2060 750 2116 τά
785 2064 1066 2136 ποιήματα
1091 2064 1536 2137 θεοποιήσαντας,
1570 2069 1663 2120 κα)¹
1694 2071 1759 2140 τῇ

157 2151 338 2212 κτίσει
368 2152 588 2223 μᾶλλον
620 2153 655 2225 ἢ
701 2153 779 2225 τῷ
810 2155 1002 2229 κτίστῃ
1045 2157 1464 2230 λατρεύσαντας,
1512 2162 1761 2220 Αἰτιᾶται

154 2239 213 2293 ἓ
260 2242 362 2296 καὶ
400 2243 723 2309 Ἰουδαίους,
775 2244 853 2309 ὡς
910 2246 985 2319 μὴ
1032 2247 1374 2318 φυλάξαντας
1422 2251 1513 2305 τὸν
1563 2253 1757 2323 νόμον⁶

352 2334 459 2388 καὶ
518 2336 727 2405 μᾶλλον
771 2336 861 2392 διὰ
910 2342 1011 2411 τῆς
1063 2342 1426 2411 παραϐάσεως
1461 2343 1555 2397 τοῦ
1595 2344 1760 2416 νόμου

156 2424 251 2479 τὸν
276 2425 421 2480 Θεὸν
451 2427 853 2497 ἀτιμάσαντας.
877 2430 987 2484 Καὶ
1013 2431 1184 2495 οὕτως
1213 2434 1497 2508 ἀμφότερα
1527 2433 1595 2488 τὰ
1621 2436 1759 2508 μέρη

157 2516 465 2581 Ἰουδαίους
501 2535 569 2571 τε
606 2519 704 2573 καὶ
739 2520 1008 2592 Ἕλληνας
1063 2523 1309 2595 ἐλέγχει,
1355 2528 1449 2580 καὶ
1490 2527 1761 2597 συγκλείει

157 2606 254 2659 ἐπὶ
278 2609 618 2682 παρανομίᾳ
636 2627 651 2640 ·
689 2610 776 2664 ἵνα
805 2610 974 2684 δείξῃ,
1004 2613 1088 2675 ὅτι
1116 2614 1220 2667 ίσοι
1243 2616 1522 2688 γενόμενοι
1554 2619 1602 2671 οί
1629 2617 1763 2672 πάν-

160 2713 274 2760 τες,
303 2698 387 2761 ὡς
418 2698 721 2754 ὑπεύθυνοι
750 2701 968 2772 ἐπίσης,
1002 2704 1096 2757 καὶ
1135 2703 1231 2759 τοῦ
1261 2707 1643 2778 Λυτρουμένου
1676 2710 1763 2763 δέ-

162 2805 336 2850 ονται.
368 2790 493 2860 Τῆς
513 2790 575 2844 δὲ
594 2792 817 2863 χάριτος
841 2795 934 2848 καὶ
962 2794 1282 2869 λυτρώσεως
1305 2799 1500 2870 ἐπίσης
1527 2800 1620 2853 καὶ
1650 2802 1762 2867 τοῖς

164 2878 456 2942 Ἰουδαίοις
502 2883 808 2954 γενομένης
859 2884 953 2939 καὶ
993 2889 1106 2951 τοῖς
1148 2886 1389 2955 ἔθνεσιν,
1416 2890 1641 2955 εἰκότως
1667 2893 1763 2946 καὶ

166 2972 200 3042 η
250 2972 458 3044 κλῆσις
501 2974 697 3043 γέγονε
742 2976 853 3031 τῶν
896 2978 1099 3033 ὲθνῶν*
1138 2984 1238 3053 τῆς
1279 2982 1337 3035 δὲ
1380 2983 1627 3055 κλήσεως
1652 2985 1761 3039 τῶν

171 3064 341 3120 ἐθνῶν
373 3068 704 3140 γενομένης,
729 3068 789 3136 ἐξ
827 3070 1074 3141 ἀνάγκης
1107 3073 1386 3127 πέπαυται
1422 3077 1455 3146 ή
1492 3076 1760 3149 περιτομὴ

173 3157 264 3265 καὶ
313 3159 352 3274 3]
400 3160 464 3211 ἐν
501 3158 585 3229 τῷ
620 3160 956 3274 νῖμῳῌσκιά.
999 3164 1058 3274 :0
1103 3164 1213 3239 γὰρ
1252 3165 1523 3239 Ἀϐραὰμ,
1572 3170 1757 3240 φησὶν,
1787 3216 1830 3274 C

174 3249 272 3302 οὐκ
310 3252 374 3304 ἐν
414 3254 715 3323 περιτομῇ,
754 3254 891 3309 ἀλλά
925 3255 1032 3328 πρὸ
1069 3256 1173 3327 τῆς
1208 3261 1509 3331 περιτομῆς
1544 3261 1762 3315 δικαιω-

176 3339 309 3404 θεὶς,
355 3344 759 3416 μετωνομάσθη
802 3345 902 3417 μὲν
932 3346 1203 3420 Ἀϐραὰμ,
1230 3350 1313 3403 ὅτι
1340 3353 1522 3423 πατὴρ
1551 3352 1760 3408 πολλῶν
1804 3340 1805 3343 η

175 3430 348 3485 ἐθνῶν
397 3431 628 3503 ἔμελλεν
675 3430 850 3503 εἶναι,
899 3436 1039 3492 κατὰ
1078 3439 1177 3510 τὴν
1228 3442 1287 3494 ἐν
1324 3444 1390 3513 τῇ
1426 3443 1761 3515 ἀκροϐυστίᾳ

176 3523 362 3577 πίστιν
385 3541 401 3554 ·
431 3523 669 3578 ἕλαϐεδέ
704 3526 844 3597 μετὰ
874 3523 935 3581 τὸ
967 3528 1339 3602 δικαιωθῆναι,
1370 3533 1463 3587 καὶ
1492 3534 1592 3605 τὴν
1616 3552 1763 3606 περι-

175 3612 350 3682 τομὴν
382 3615 444 3666 ἐν
480 3615 548 3683 τῇ
585 3615 771 3686 σαρκὶ,
809 3616 897 3670 ἵνα
931 3619 1154 3688 σημεῖον
1255 3619 1366 3682 τοῖς
1406 3620 1546 3677 κατὰ
1585 3621 1761 3691 σάρκα

175 3701 547 3773 γεννωμένοις
603 3702 664 3768 ἐξ
700 3704 867 3758 αὐτοῦ
921 3705 1224 3759 παύσεσθαι
1269 3706 1390 3771 τότε
1436 3707 1757 3778 περιτομὴν,

175 3795 308 3849 ὅταν
360 3794 436 3849 τὰ
472 3795 601 3869 ἔθνη
657 3798 883 3869 γένηται
918 3798 1082 3851 τέκνα
1133 3798 1227 3852 τοῦ
1277 3799 1563 3871 Ἀϐραὰμ,
1593 3800 1762 3872 ἀρξά-

182 3906 318 3959 μενα
356 3887 741 3945 πολιτεύεσθαι
787 3890 931 3944 κατὰ
964 3891 1065 3963 τὴν
1120 3891 1302 3945 πίστιν
1353 3891 1448 3945 τοῦ
1490 3892 1757 3964 Ἀϐραάμ,

179 3978 238 4031 ἐν
341 3977 665 4050 ἐδικαιώθη,
705 3980 795 4033 ὅτε
825 3977 893 4053 ἦν
930 3981 988 4035 ἐν
1023 3981 1375 4055 ἀκροϐυστίᾳ,
1404 3982 1620 4037 Τούτων
1651 3983 1761 4054 γάρ

177 4073 339 4144 χάριν
400 4073 499 4126 καὶ
557 4073 948 4144 μετωνομάσθη
1004 4072 1114 4137 ἀπὸ
1180 4074 1431 4147 Ἀϐράμ,
1488 4076 1756 4148 Ἀϐραάμ.

191 4164 439 4233 ’Δνάγκη
465 4162 550 4226 δὲ,
580 4162 841 4218 ἐλθόντων
879 4164 988 4218 τῶν
1026 4167 1463 4237 σημαινομένων,
1491 4168 1761 4227 παύεσθαι

179 4256 242 4309 τὸ
269 4260 559 4327 σημαῖνον.
597 4259 663 4311 Εἰ
695 4257 794 4329 μὲν
824 4255 918 4314 οὖν
958 4260 1026 4315 τὰ
1048 4261 1175 4333 ἔθνη
1219 4260 1586 4331 ἀναγκάζουσι
1613 4280 1764 4335 περι-

179 4348 497 4419 τέμνεσθαι,
544 4350 870 4406 παυέτωσαν
901 4354 994 4407 καὶ
1037 4354 1096 4407 τὸ
1132 4354 1302 4425 ὄνομα
1349 4352 1442 4408 τοῦ
1490 4353 1757 4425 Ἀϐραάμ,

180 4440 273 4492 καὶ
315 4440 597 4495 καλείσθω
649 4443 903 4516 Ἀϐράμο
957 4446 1005 4499 εί
1059 4445 1115 4498 δὲ
1166 4445 1419 4518 Ἀϐραὰμ
1466 4445 1617 4518 παρά
1664 4445 1757 4500 τοῦ

1864 599 2053 659 nicndi
2105 599 2175 654 ad
2219 614 2338 664 eos,
2376 604 2601 669 propter
2637 597 2990 663 desiderium,
3026 609 3139 664 quo
3178 609 3306 664 erga
3346 610 3444 652 eos

1866 692 2094 749 aﬂ'ectus
2119 699 2259 757 erat,
2287 691 2554 744 hactenus
2588 703 2720 744 vero
2752 703 2865 742 non
2900 686 3144 742 licuisse.
3175 685 3444 754 Deinceps

1866 784 2103 840 docendi
2144 783 2308 839 modo
2335 782 2636 852 Epistolam
2667 779 3038 852 prosequitur,
3065 779 3132 832 de
3158 779 3445 833 vocatione

1867 877 2109 948 gentium
2156 885 2211 932 et
2255 875 2402 947 quod
2451 873 2800 930 circumcisio
2839 886 3014 942 usque
3060 870 3128 924 ad
3168 870 3443 940 quoddam

1864 979 2082 1041 tempus
2113 969 2296 1033 fuerit,
2321 968 2434 1039 jam
2464 982 2594 1023 vero
2619 965 2943 1021 cessaverit.
2965 963 3121 1030 Quod
3153 979 3251 1035 per
3280 963 3442 1019 Chri-

1864 1073 2008 1117 stum
2041 1062 2281 1117 solutum
2314 1061 2386 1115 sit
2408 1060 2667 1115 delictum
2697 1057 2829 1112 Adae
2854 1076 2867 1111 :
2896 1057 3042 1127 quod
3077 1057 3270 1110 umbra
3304 1055 3442 1125 legis

1863 1154 2165 1209 transierit.
2199 1151 2558 1206 Vocationem
2600 1149 2787 1219 itaque
2825 1147 3069 1218 gentium
3098 1156 3445 1216 consequen-

1863 1253 1947 1300 ter
1975 1255 2127 1299 recto
2155 1245 2350 1299 ordine
2380 1241 2579 1296 factam
2609 1254 2734 1295 esse
2766 1239 2835 1293 ad
2867 1239 3013 1293 hunc
3050 1238 3275 1292 modum
3316 1251 3447 1307 pro-

1863 1336 1986 1401 bat,
2034 1342 2327 1406 postquam
2368 1330 2611 1387 ostendit
2641 1329 2914 1383 universis
2959 1327 3277 1382 hominibus
3316 1326 3445 1382 insi-

1862 1433 1975 1481 tam
2003 1441 2127 1482 esse
2155 1426 2349 1495 legem,
2384 1431 2440 1478 et
2481 1420 2708 1491 quosvis
2756 1420 2895 1473 citra
2921 1417 3226 1473 doetrinam
3262 1416 3443 1487 (legis)

1863 1519 2102 1575 naturali
2123 1517 2330 1589 judicio
2359 1531 2427 1571 ex
2452 1517 2574 1585 ipsa
2602 1528 2788 1569 rerum
2810 1510 3124 1567 conditione
3153 1509 3323 1564 Deum
3350 1523 3447 1563 co-

1863 1625 2126 1683 gnoscere
2154 1623 2337 1680 posse.
2363 1605 2709 1675 Quapmpter
2736 1609 2792 1658 et
2815 1602 3014 1656 merito
3041 1606 3231 1670 gentes
3260 1599 3445 1670 priore

1863 1704 1985 1758 loco
2017 1708 2264 1766 accusat,
2293 1698 2440 1770 quod
2472 1712 2599 1752 cum
2620 1696 2757 1767 ipsis
2787 1693 3155 1764 cognitionem
3187 1692 3272 1747 sui
3298 1689 3444 1746 Deus

1865 1810 1932 1851 ex
1962 1796 2222 1866 operibus
2255 1792 2447 1847 mundi
2474 1788 2819 1862 patefecerit,
2858 1794 2912 1841 et
2942 1785 3107 1840 simul
3149 1783 3444 1854 sempiter-l

1862 1904 1991 1943 nam
2034 1886 2333 1958 potentiam
2366 1898 2544 1947 suam,
2577 1896 2700 1953 qua:
2741 1878 2982 1934 Verbum
3013 1878 3188 1946 ipsius
3236 1882 3341 1937 est,
3387 1874 3443 1928 in

1862 1995 1972 2051 quo
2003 1986 2058 2034 et
2099 1992 2197 2049 per
2222 1974 2367 2047 quod
2413 1973 2598 2029 omnia
2634 1971 2785 2037 fecit,
2832 1969 3160 2034 ostenderit,
3195 1968 3302 2038 ipsi
3332 1982 3444 2022 non

1862 2075 2236 2142 cognoverunt
2277 2081 2346 2121 ex
2383 2063 2673 2128 creaturis,
2705 2061 2873 2116 Deum
2909 2076 3033 2117 esse
3060 2060 3249 2116 talium
3284 2057 3453 2129 opiﬁ-’

1863 2147 2013 2227 cem;
2043 2158 2139 2216 sed
2182 2164 2398 2221 contra,
2431 2154 2693 2225 operibus
2724 2152 2874 2207 illius
2898 2150 3242 2205 divinitatem
3279 2147 3446 2204 ascri.

1862 2254 2076 2317 bentes,
2123 2258 2408 2305 creaturas
2437 2246 2623 2317 potius
2656 2242 2978 2308 adorarunt,
3013 2256 3177 2311 quam
3210 2239 3443 2295 Creato-

1861 2360 1999 2400 rem.
2042 2343 2284 2397 Accusat
2313 2347 2495 2395 autem
2529 2346 2583 2392 et
2608 2335 2849 2402 Iudaeos,
2892 2342 2954 2390 ut
2993 2334 3089 2405 qui
3114 2334 3288 2404 legem
3330 2347 3444 2388 non

1863 2441 2166 2500 servarent,
2200 2433 2311 2487 imo
2337 2446 2436 2502 per
2462 2428 2959 2499 transgressionem
2984 2425 3119 2495 legis
3147 2423 3316 2478 Deum
3343 2438 3444 2493 po-

1864 2529 1974 2585 tius
2023 2528 2290 2583 dedecore
2319 2524 2614 2579 aﬁicerent.
2660 2520 2839 2591 Atque
2876 2520 2951 2574 ita
2981 2526 3274 2587 utramque
3314 2531 3445 2587 paro

1862 2623 1996 2681 tem,
2029 2622 2137 2669 tam
2167 2614 2409 2677 Judaeos,
2442 2627 2606 2682 quam
2651 2617 2842 2682 gentes
2884 2609 3086 2678 arguit,
3121 2613 3174 2661 et
3205 2606 3309 2662 sub
3342 2607 3444 2661 ini-

1863 2708 2072 2779 quitate
2098 2705 2560 2777 transgressionis
2594 2701 2897 2765 concludit,
2937 2708 2996 2755 ut
3020 2698 3275 2755 ostendat
3314 2713 3441 2753 om-

1862 2819 1963 2859 nes
1986 2816 2147 2873 pares
2177 2815 2301 2856 esse
2330 2798 2528 2861 factos,
2572 2802 2763 2867 utpote
2788 2810 2857 2849 ex
2883 2808 3040 2864 aequo
3066 2807 3212 2856 reos,
3242 2799 3299 2847 et
3332 2789 3443 2850 Re—

1862 2893 2165 2965 demptoris
2195 2900 2436 2963 egentes.
2482 2888 2654 2942 Porro
2696 2884 3137 2957 quandoquidem
3170 2883 3348 2955 gratia
3386 2889 3442 2937 et

1862 2987 2052 3042 missio
2101 2986 2380 3055 (equaliter
2420 2982 2648 3051 contigit
2692 2991 2746 3034 et
2787 2976 2992 3033 Iudaeis
3043 2985 3096 3032 et
3143 2975 3439 3047 gentibus,

1859 3078 1982 3149 jure
2004 3093 2068 3133 ac
2104 3076 2299 3132 merito
2321 3074 2563 3146 gentium
2597 3072 2741 3127 facta
2774 3070 2988 3126 voeatio
3008 3078 3129 3124 est:
3152 3067 3443 3125 vocatione

1864 3185 1995 3225 vero
2024 3168 2266 3239 gentium
2296 3168 2462 3230 facta,
2509 3164 2823 3220 necessario
2856 3177 3108 3218 cessasse
3146 3158 3444 3216 circumci-

1863 3262 2076 3317 sionem
2121 3266 2175 3314 et
2219 3259 2352 3328 legis
2403 3257 2674 3311 umbram.
2725 3254 2863 3308 Nam
2905 3253 3202 3316 Abraham,
3239 3251 3442 3322 inquit,

1860 3369 1972 3408 non
2003 3369 2059 3407 1n
2092 3350 2535 3414 circumcisione,
2563 3349 2658 3404 sed
2689 3358 2814 3402 ante
2845 3347 3321 3402 eircumcisionem
3349 3345 3445 3416 ju-

1862 3444 2152 3508 stiﬁcatus,
2175 3449 2384 3497 mutato
2409 3442 2631 3495 nomine
2653 3438 2928 3493 Abraham
2960 3439 3140 3494 dictus
3168 3445 3273 3505 est,
3305 3452 3447 3509 quo-

1860 3536 2011 3592 niam
2067 3535 2289 3589 futurus
2334 3540 2455 3587 erat
2494 3540 2650 3603 pater
2696 3532 2995 3587 multarum
3047 3529 3314 3600 gentium,
3363 3544 3448 3585 se-

1860 3628 2103 3685 cundum
2128 3625 2309 3690 ﬁdem,
2341 3639 2463 3695 quae
2499 3635 2618 3679 erat
2654 3624 2708 3678 in
2734 3623 3022 3693 praeputio.
3055 3621 3445 3677 Circumcisio—

1860 3735 1986 3776 nem
2026 3723 2229 3782 autem,
2263 3723 2555 3786 postquam
2581 3713 2919 3784 justiﬁcatus
2954 3718 3093 3775 erat,
3127 3712 3338 3781 accepit
3380 3711 3438 3766 in

1862 3824 2052 3875 carne,
2086 3815 2150 3863 ut
2193 3807 2412 3877 signum
2452 3811 2600 3861 esset
2646 3803 2715 3859 iis
2745 3805 2839 3874 qui
2884 3819 2950 3858 ex
2984 3804 3105 3874 ipso
3138 3801 3442 3858 secundum

1861 3917 2082 3957 carnem
2125 3897 2395 3955 nascituri
2425 3904 2604 3961 erant,
2643 3896 2793 3966 quod
2823 3896 3068 3951 desitura
3115 3901 3248 3948 tunc
3291 3901 3441 3949 esset

1861 3993 2237 4057 circumcisio,
2296 3989 2518 4061 quando
2559 3997 2747 4058 gentes
2792 3988 2985 4044 ﬁerent
3028 3986 3125 4040 ﬁlii
3182 3985 3439 4052 Abrahae,

1860 4087 2274 4156 inciperentque
2307 4084 2489 4138 vivere
2534 4080 2835 4137 secundum
2882 4079 3042 4133 ﬁdem
3077 4076 3332 4143 Abrahae,
3380 4077 3439 4131 in

1861 4192 1968 4248 qua
1998 4177 2111 4242 ille,
2142 4191 2268 4230 cum
2297 4174 2479 4229 adhuc
2508 4182 2655 4230 esset
2686 4173 2743 4226 in
2772 4172 3062 4242 praeputio,
3099 4168 3439 4240 justilicatus

1860 4276 1965 4325 est.
2010 4266 2225 4322 Etenim
2257 4266 2455 4320 horum
2506 4264 2684 4336 gratia
2726 4279 2850 4318 cum
2882 4270 3042 4317 antea
3086 4262 3266 4317 dictus
3293 4268 3438 4316 esset

1860 4360 2087 4424 Abram,
2117 4368 2348 4414 vocatus
2371 4364 2454 4413 est
2482 4357 2782 4412 Abraham.
2821 4354 2952 4408 Erat
2977 4367 3156 4410 autem
3185 4367 3439 4409 necessa-

1861 4452 2004 4507 rium
2042 4455 2126 4516 ut,
2170 4449 2523 4505 venientibus
2568 4447 2736 4502 rebus
2771 4446 3116 4517 signiﬁcatis,
3162 4444 3438 4501 desineret

176 4532 311 4587 Θεοῦ
355 4536 778 4610 μετωνομάσθη,
816 4537 878 4590 οὐ
917 4536 1001 4590 δεῖ
1036 4536 1455 4610 περιτέμνεσθαι
1490 4538 1560 4591 τὰ
1598 4537 1754 4610 ἔθνη⁶

1864 4543 2102 4614 signum.
2139 4540 2485 4612 Quapropter
2525 4538 2573 4595 si
2609 4539 2703 4609 qui
2733 4546 2939 4609 cogunt
2977 4542 3169 4608 gentes
3199 4536 3439 4591 circum-

178 4624 292 4679 ἀλλ’
343 4624 469 4679 οὐδὲ
507 4628 702 4691 αὐτοὺς
756 4628 837 4681 ἔτι
874 4629 1003 4692 τοὺς
1053 4627 1195 4683 κατά
1231 4628 1410 4700 σάρκα
1446 4628 1753 4694 Ἰουδαίους,

179 4716 267 4769 ἵνα
375 4715 437 4769 τὸ
473 4716 645 4788 ὄνομα
682 4717 919 4789 βέϐαιον,
963 4718 1059 4774 καὶ
1095 4718 1275 4792 πατὴρ
1319 4719 1529 4774 πολλῶν
1586 4719 1756 4774 ἐθνῶν

179 4807 431 4878 καλῆται.
466 4809 580 4862 Καὶ
616 4808 727 4882 γὰρ
764 4811 824 4864 οὐ
864 4809 1054 4881 χρείαν
1092 4810 1204 4882 ἔχει
1250 4810 1434 4865 λοιπόν
1466 4827 1551 4875 τις
1604 4828 1758 4883 περιν

176 4899 492 4970 τέμνεσθαι,
524 4901 863 4973 ἀρκούμενος
893 4905 960 4974 τῇ
996 4902 1174 4956 πίστει
1202 4901 1293 4956 τοῦ
1329 4901 1581 4974 Ἀϐραάμ
1601 4920 1615 4933 ⁸
1642 4902 1756 4956 ἀλλ’

180 4991 301 5047 οὐδὲ
326 4991 427 5063 τῆς
471 4990 640 5063 ἄλλης
679 4991 780 5062 τῆς
811 4993 870 5046 ἐν
912 4991 993 5065 τῷ
1034 4993 1183 5064 νόμῳ
1225 4994 1403 5057 σκιᾶς.
1436 4993 1511 5047 Οὐ
1555 4992 1665 5064 γὰρ
1692 4994 1757 5045 ἐκ

178 5084 383 5138 τούτων
409 5122 425 5149 ,
466 5083 581 5137 ἀλλ’
627 5074 694 5138 ἐκ
726 5084 966 5149 πίστεως
1010 5083 1313 5139 δικαιοῦται
1361 5103 1474 5151 τις,
1507 5084 1756 5157 καθάπερ

181 5180 273 5235 καὶ
333 5176 605 5251 Ἀϐραάμ.
658 5176 847 5231 Ταῦτα
889 5175 1063 5241 οὕτως
1114 5177 1563 5243 κατασκευάσας,
1617 5179 1757 5232 ἀποα

179 5270 413 5325 δείκνυσι
455 5270 619 5323 πάλιν
638 5310 654 5336 ,
688 5270 771 5324 ὃτι
811 5268 985 5333 ἄλλως
1026 5270 1126 5323 οὐκ
1156 5269 1222 5324 ἂν
1254 5270 1463 5340 γένοιτο
1490 5269 1757 5343 λύτρωσις

182 5363 272 5417 καὶ
299 5361 462 5433 χάρις
490 5361 567 5433 τῷ
592 5361 814 5433 Ἰσραὴλ
850 5361 946 5415 καὶ⁵
969 5364 1082 5425 τοῖς
1108 5361 1336 5426 ἔθνεσιν,
1366 5363 1415 5415 εἰ
1453 5362 1527 5435 μὴ
1553 5361 1686 5434 λυθῇ
1721 5365 1755 5434 ἡ

180 5452 376 5524 ἀρχαία
404 5452 674 5523 ἁμαρτία,
707 5454 740 5524 ἡ
772 5452 862 5506 διά
894 5452 988 5506 τοῦ
1030 5452 1201 5524 Ἀδάμ
1232 5454 1312 5517 εἰς
1342 5453 1588 5518 ἅπαντας
1611 5471 1758 5522 γενο-

186 5542 336 5612 μένη.
363 5542 446 5594 Δι’
494 5539 656 5595 ἄλλου
692 5541 750 5596 δὲ
790 5543 994 5613 ταύτην
1025 5543 1099 5615 μὴ
1136 5542 1410 5598 δύνασθαι
1437 5542 1755 5617 ἐξώειφῆναί

186 5648 365 5704 φησιν,
400 5630 436 5702 ἢ
466 5630 555 5686 διά
577 5632 674 5687 τοῦ
702 5631 856 5698 Υἰοῦ,
882 5634 949 5688 δι’
977 5629 1037 5688 οὗ
1072 5634 1166 5690 καὶ
1189 5635 1248 5703 ἐξ
1277 5637 1454 5709 ἀρχῆς
1482 5639 1515 5709 ἡ
1541 5638 1756 5710 κατάρα

180 5727 415 5795 γέγονεν.
447 5728 523 5780 Οὐ
570 5727 683 5799 γὰρ
718 5728 942 5784 δυνατὸν
981 5726 1050 5802 ἦν
1087 5730 1244 5786 ἄλλον
1282 5732 1442 5787 λῦσα.
1485 5750 1547 5786 το
1578 5734 1757 5806 παρά-

183 5834 392 5891 πτωμα.
417 5813 555 5874 Εἶτα
581 5819 820 5895 γράφει,
847 5822 930 5877 ὅτι
961 5822 1136 5889 ἄλλως
1168 5822 1326 5882 τοῦτο
1368 5825 1429 5881 ου
1484 5825 1558 5899 μὴ
1596 5825 1756 5899 γένη·-

1860 4634 1988 4703 cidi,
2020 4634 2184 4689 iidem
2227 4633 2423 4688 tollant
2470 4638 2526 4687 et
2557 4646 2760 4686 nomen
2812 4629 3113 4696 Abraham,
3155 4634 3210 4683 et
3241 4634 3439 4682 vocent

1857 4742 1981 4787 eum
2021 4725 2247 4781 Abram.
2281 4723 2341 4779 Si
2367 4739 2499 4779 vero
2542 4722 2820 4777 Abraham
2861 4728 3091 4775 vocatus
3121 4725 3206 4774 est
3238 4733 3268 4772 a
3302 4716 3436 4785 Deo,

1856 4835 1969 4874 non
2007 4824 2224 4889 oportet
2250 4822 2441 4887 gentes
2480 4814 2805 4870 circumcidi
2837 4832 2850 4867 :
2879 4813 2990 4867 imo
3019 4826 3088 4867 ne
3120 4809 3292 4866 Judaei
3322 4809 3438 4881 qui-

1857 4912 1978 4968 dem
2004 4911 2308 4966 secundum
2332 4924 2554 4965 carnem
2580 4908 2815 4978 amplius
2834 4903 3262 4961 circumeidcndi
3283 4911 3430 4969 sunt,

1857 5012 1919 5060 ut
1962 5005 2177 5059 lirmum
2231 5004 2305 5061 sit
2337 5018 2540 5058 nomen
2590 4999 2867 5074 (Abrahae)
2914 5005 3254 5068 voeeturque
3282 5005 3437 5067 pater

1856 5098 2153 5151 multarum
2186 5095 2454 5167 gentium.
2507 5093 2655 5149 Nulli
2698 5095 2845 5149 enim
2881 5093 3114 5162 posthac
3144 5105 3286 5160 opus
3328 5098 3432 5153 est,

1857 5195 1918 5243 ut
1941 5188 2395 5255 circumcidatur,
2438 5203 2564 5243 cum
2601 5186 2838 5243 sulﬁciat
2880 5184 3017 5241 ﬁdes
3042 5184 3310 5240 Abrahae:
3334 5199 3435 5238 nec

1857 5295 1996 5351 Opus
2041 5287 2127 5337 est
2175 5280 2287 5335 ulla
2332 5280 2471 5352 legis
2498 5279 2717 5335 umbra.
2759 5276 2879 5332 Non
2931 5276 3076 5332 enim
3102 5274 3434 5346 justiﬁeatur

1856 5373 2143 5442 quisquam
2172 5386 2240 5427 ex
2265 5371 2491 5436 talibus,
2542 5368 2640 5426 sed
2694 5384 2761 5425 ex
2800 5368 2923 5433 ﬁde,
2971 5365 3430 5438 quemadmodum

1857 5477 1911 5517 et
1937 5462 2235 5517 Abraham.
2277 5462 2574 5533 Postquam
2606 5464 2712 5519 ista
2763 5461 2833 5517 ad
2866 5462 3013 5516 hunc
3041 5460 3263 5514 modum
3299 5473 3429 5529 pro-

1855 5554 2027 5622 bavit,
2061 5555 2260 5610 iterum
2294 5556 2557 5621 ostendit,
2607 5554 2753 5627 quod
2800 5569 2901 5610 nec
2933 5553 3141 5615 israeli,
3179 5566 3280 5606 nec
3304 5565 3434 5621 gen~

1856 5648 2006 5704 tibus
2031 5649 2139 5703 alia
2173 5649 2347 5720 possit
2386 5649 2597 5704 ratione
2630 5647 2931 5718 redemptio
2966 5654 3020 5702 et
3040 5646 3213 5717 gratia
3244 5644 3428 5700 obtin-

1856 5753 2005 5809 gere,
2036 5738 2141 5793 nisi
2166 5745 2440 5793 vetustum
2462 5737 2596 5793 illud
2628 5746 2936 5809 peccatum,
2965 5736 3111 5808 quod
3139 5751 3235 5805 per
3256 5734 3426 5790 Adam

1859 5829 1917 5887 in
1946 5844 2160 5903 omnes,
2192 5830 2450 5889 mortales
2479 5831 2746 5903 pervenit,
2791 5830 3055 5887 solvatur.
3099 5827 3277 5885 Deleri
3329 5841 3431 5881 aut
