3880 6186
471 386 582 446 εἷίῦ

1641 383 1701 443 S.
1738 382 2204 440 ATHANASIUS.
2237 415 2307 424 —-
2345 383 2574 441 DUBIA.

3635 381 3763 436 “6

473 509 583 558 tem
618 515 714 570 per
742 499 910 554 alium
941 513 1050 553 non
1084 513 1268 569 posse,
1306 499 1416 554 nisi
1443 513 1537 568 per
1563 497 1762 552 Filium
1791 497 1909 563 Dei,
1947 512 2046 567 per

2155 515 2260 562 ται,
2289 500 2338 550 εἰ
2375 496 2450 569 μὴ
2477 497 2829 566 σωματωθεὶς
2866 500 2895 552 ὀ
2920 499 3049 562 Υἱὸς
3080 498 3173 553 τοῦ
3208 497 3343 552 Θεοῦ
3377 498 3602 570 γένηται
3651 501 3765 555 ἇν-

473 607 636 664 quem
664 599 721 647 et
745 590 814 645 ab
839 590 998 664 initio
1019 589 1332 647 maledictio
1371 589 1515 643 facta
1553 591 1646 644 sit.
1688 588 1872 659 Neque
1898 591 2044 644 enim

472 662 741 755 possibile
798 662 962 746 erat,
995 688 1059 734 ut
1112 680 1257 736 alius
1316 679 1574 735 delictum
1628 681 1735 736 hoc
1792 680 2045 736 solveret.

474 775 682 832 Deinde
706 773 921 838 scribit,
950 772 1096 843 quod
1123 774 1276 827 nullo
1300 774 1408 827 alio
1430 780 1596 843 pacto
1627 773 1679 828 id
1704 772 1821 827 fieri
1851 772 2049 842 potuit,

473 884 638 940 quam
670 875 732 923 ut
754 881 985 937 corpore
1018 875 1303 936 assumpto
1334 866 1507 921 Filius
1535 864 1628 919 Dei
1660 865 1812 918 ﬁeret
1842 864 2007 917 homo
2035 881 2049 917 :

472 970 532 1015 ut
563 975 764 1029 corpus
814 959 942 1024 hoc,
994 959 1243 1029 inquam,
1299 959 1445 1029 quod
1487 956 1838 1028 passionibus
1889 955 2051 1010 nobis

472 1053 653 1110 simile
706 1060 875 1117 esset,
932 1067 1034 1124 pro
1078 1053 1339 1108 omnibus
1386 1051 1628 1113 offerret,
1686 1057 1740 1106 et
1784 1066 1975 1106 omnes
2019 1064 2051 1105 a

469 1153 649 1200 morte
690 1145 979 1202 liberaret.
1017 1151 1072 1200 et
1096 1143 1558 1214 quemadmodum
1607 1156 1704 1212 per
1737 1156 1905 1195 unum
1954 1140 2052 1194 ho-

469 1236 673 1291 minem
703 1246 990 1307 peccatum
1020 1237 1077 1291 in
1106 1236 1372 1291 mundum
1409 1236 1719 1307 ingressum
1749 1242 1855 1297 est,
1886 1235 1962 1287 ita
1997 1238 2052 1287 et

468 1343 567 1398 per
597 1345 767 1384 unum
801 1329 1080 1384 hominem
1117 1330 1184 1385 ad
1215 1345 1407 1385 omnes
1437 1332 1697 1386 mortales
1733 1327 1894 1400 15.8
1925 1341 2055 1396 gra-

467 1419 546 1472 tia
571 1418 902 1488 perveniret.
934 1417 1203 1489 Deinceps
1231 1435 1385 1484 vero,
1410 1426 1676 1490 tanquam
1706 1420 1885 1474 bonus
1907 1432 2048 1472 (eco-

400 1494 403 1497 λ
468 1522 689 1569 nomus,
711 1506 928 1564 Iudaeos
957 1510 1296 1574 consolatur,
1321 1509 1470 1580 quod
1505 1511 1641 1581 legis
1670 1518 2048 1580 transgresso-

467 1614 559 1654 res
600 1598 774 1654 futuri
822 1616 935 1656 non
984 1602 1114 1668 sint,
1168 1602 1215 1657 si
1252 1603 1307 1656 in
1351 1603 1635 1657 Christum
1682 1599 1949 1656 credant:
1980 1599 2047 1655 iis

467 1704 620 1751 vero,
660 1691 755 1760 qui
790 1706 859 1744 ex
889 1692 1141 1759 gentibus
1164 1692 1536 1757 crediderant,
1578 1692 1766 1756 edicit,
1820 1706 1888 1746 ne
1917 1705 2051 1746 con-

2148 589 2387 660 θρωπος,
2424 590 2544 651 ἵνα,
2577 588 2767 652 τοῦτο,
2798 592 2943 661 φημὶ
2983 591 3082 662 δὴ,
3118 592 3180 645 τὸ
3230 592 3555 662 ὁμοιοπαθὲς
3609 594 3763 663 ἡμῖν

2153 682 2313 752 σῶμα
2340 684 2710 752 προσενέγκας
2738 681 2878 753 ὑπὲρ
2911 684 3151 749 πάντων,
3185 684 3312 745 τοὺς
3350 683 3561 747 πάντας
3591 685 3763 737 ἐλευ-

2155 771 2369 843 θερώσῃ
2403 772 2512 825 ἀπὸ
2540 771 2631 824 τοῦ
2661 771 2916 836 θανάτου,
2952 773 3045 825 καὶ
3074 772 3265 843 ὥσπερ
3293 772 3359 825 δι’
3394 773 3513 837 ἐνὸς
3539 772 3761 845 ἀνθρὼ-

2152 882 2257 918 που
2288 867 2320 935 ἡ
2356 864 2594 935 ἁμαρτία
2636 864 2715 926 εἰς
2769 863 2970 934 κόσμον
3011 863 3283 933 εἰσῆλθεν,
3323 863 3496 927 οὕτως
3542 865 3645 917 καὶ
3678 865 3758 917 δι’

2154 954 2272 1018 ἐνὸς
2297 954 2585 1023 ἀνθρώπου
2617 955 2697 1016 εἰς
2724 954 2930 1016 πάντας
2966 954 3061 1006 ἀνθ
3073 953 3286 1025 ρώπους
3334 956 3367 1024 ή
3391 956 3548 1026 χάρις
3575 956 3756 1025 γένη-

2153 1061 2263 1101 ται.
2304 1045 2415 1096 Καὶ
2443 1044 2648 1108 λοιπὸν,
2677 1045 2752 1108 ὼς
2791 1044 2954 1107 καλὸς
2988 1046 3269 1116 οἰκονόμος
3288 1086 3302 1110 ,
3330 1048 3455 1109 τοὺς
3486 1047 3585 1116 μέν
3613 1048 3760 1100 Ἰου-

2152 1137 2336 1200 δαίους
2365 1136 2793 1208 παραμυθεῖται,
2836 1138 2918 1189 ὅτι
2946 1139 3020 1190 Οὐ
3052 1137 3363 1207 παραϐάται
3395 1139 3613 1206 γίνεσθε
3649 1139 3756 1191 τοῦ

2153 1228 2342 1299 νόμου,
2371 1228 2464 1281 ἐὰν
2494 1229 2573 1288 εἰς
2605 1226 2695 1279 τὸν
2737 1228 2971 1296 Χριστὸν
3017 1226 3342 1296 πιστεύσητε
3362 1245 3374 1258 ⁸
3410 1231 3518 1291 τοῖς
3544 1228 3604 1281 δὲ
3637 1228 3758 1281 ἀπὸ

2156 1321 2263 1373 τῶν
2283 1319 2455 1374 ἐθνῶν
2478 1320 2764 1389 παρεγγυᾷ
2790 1320 2864 1389 μὴ
2890 1319 3210 1390 ἐπαίρεσθαι
3228 1320 3370 1373 κατὰ
3387 1319 3480 1373 τοῦ
3499 1320 3754 1392 Ἰσραὴλ,

2146 1413 2286 1467 ἀλλὰ
2321 1410 2632 1480 γινώσκειν,
2660 1413 2764 1474 ὅτι,
2803 1411 2876 1474 ὡς
2906 1411 3089 1464 κλάδοι
3116 1413 3209 1465 ἐπὶ
3230 1413 3328 1481 τὴν
3356 1413 3530 1482 ῥίζαν,
3564 1411 3754 1476 οὕτως

2148 1507 2235 1559 ἐπ’
2274 1505 2513 1566 ἐκείνους
2565 1501 3073 1573 ἐνεκεντρίσθησαν.
3114 1502 3269 1557 Μετά
3303 1504 3361 1557 δὲ
3396 1504 3565 1556 ταῦτα
3603 1521 3757 1575 παρ-

2149 1598 2452 1660 αινετικοὺς
2506 1596 2695 1664 λόγους
2735 1596 2810 1658 εἰς
2844 1594 2925 1664 ,τά
2964 1595 3069 1667 ἤθη
3108 1596 3350 1663 διδάξας,
3403 1595 3605 1650 τελειοῖ
3644 1597 3753 1669 τὴν

2171 1690 2510 1760 Ἐπιστολὴν.

468 1792 554 1838 tra
585 1782 839 1841 lsraelem
862 1785 1166 1856 erigantur,
1192 1785 1290 1841 sed
1343 1794 1647 1856 agnoscant
1711 1803 1791 1856 se,
1858 1787 2029 1842 veluti
2095 1801 2283 1841 ramos
2335 1783 2530 1843 radici,
2602 1782 2676 1837 ita
2732 1780 2938 1838 Judazis
2994 1789 3252 1840 insertos.
3305 1782 3402 1840 His
3447 1784 3747 1847 absolutis,

470 1876 814 1933 hortatorios
845 1892 1133 1934 sermones
1156 1894 1257 1948 pro
1289 1880 1542 1934 moribus
1572 1880 1928 1937 instituendis
1957 1878 2147 1943 tradit,
2181 1886 2346 1947 atque
2384 1876 2459 1930 ita
2486 1876 2788 1946 Epistolam
2816 1877 2953 1931 ﬁnit.

893 1964 1161 2030 Secunda,
1197 1967 1267 2020 ad
1298 1968 1626 2023 Corinthios.

538 2056 631 2116 60.
672 2056 826 2113 Hanc
857 2058 926 2113 ad
966 2058 1284 2115 Corinthios
1318 2061 1544 2131 scripsit
1570 2063 1691 2132 ipse
1720 2061 1946 2128 Paulus,
1982 2080 2051 2118 ex

470 2148 688 2221 Epheso
717 2150 884 2215 Asiae,
913 2152 1132 2207 tametsi
1166 2167 1260 2207 eos
1293 2152 1405 2221 jam
1441 2152 1650 2209 viderat
1679 2165 1734 2210 et
1760 2155 2045 2218 docuerat,

470 2252 534 2298 ut
567 2244 926 2301 nihilominus
952 2260 1049 2301 eos
1082 2247 1420 2302 admoneret.
1450 2246 1682 2302 Occasio
1711 2257 1892 2303 autem
1924 2248 2052 2319 Epic

469 2336 624 2391 stolae
646 2335 763 2391 haec
784 2343 905 2392 est:
938 2336 1228 2403 Corinthii,
1265 2354 1359 2409 per
1390 2340 1795 2395 contentionem
1821 2355 2053 2410 congre-

473 2429 609 2500 gati,
657 2429 946 2485 sententiis
994 2429 1138 2485 inter
1190 2447 1249 2486 se
1297 2431 1656 2495 dissidebant,
1717 2441 1770 2487 ct
1820 2432 2055 2503 denique

473 2529 631 2576 erant
656 2522 800 2577 inter
835 2536 931 2577 eos
969 2522 1292 2589 schismata,
1338 2540 1572 2594 quorum
1605 2525 1739 2578 vitio
1784 2524 1966 2590 ﬁebat,
1996 2533 2055 2580 ut

472 2613 808 2684 negligerent
844 2629 992 2680 eum,
1042 2615 1137 2685 qui
1184 2631 1475 2671 novercam
1525 2631 1678 2673 suam
1729 2618 1782 2670 in
1828 2631 2055 2671 uxorem

470 2705 576 2761 sibi
620 2713 951 2776 sumpserat.
995 2706 1103 2759 Alii
1132 2707 1390 2762 volebant
1447 2723 1648 2763 uxores
1687 2723 1839 2773 suas,
1880 2707 2056 2762 conti-

472 2795 676 2850 nentiae
707 2795 959 2859 obtentu,
982 2797 1316 2867 relinquere.
1338 2797 1571 2863 Quidam
1606 2798 1660 2851 in
1694 2799 1911 2867 templis
1938 2799 2056 2852 ido-

471 2888 650 2941 lorum
670 2885 925 2952 edebant,
949 2888 1105 2957 quasi
1125 2888 1492 2943 indiﬂ'erentia
1521 2898 1706 2944 essent
1731 2889 2050 2960 idolothyta.

472 2977 644 3032 Erant
689 2977 786 3049 qui
836 2978 1079 3048 reliquos
1128 2989 1566 3044 contemnerent,
1616 2995 1713 3035 eos
1760 2996 1907 3045 vero,
1960 2979 2054 3049 qui

470 3070 676 3139 linguis
722 3070 1120 3141 loquebantur,
1166 3070 1532 3139 suspicerent.
1577 3069 1865 3125 Postremo
1912 3080 1965 3125 et
2000 3072 2055 3126 in

470 3162 741 3233 mysterio
770 3161 1200 3218 resurrectionis
1242 3164 1467 3232 quidam
1508 3164 1720 3218 seducti
1766 3173 1945 3227 erant,
1980 3164 2055 3218 ita

470 3261 534 3307 ut
561 3254 827 3318 dicerent,
865 3252 1113 3308 futurum
1152 3269 1265 3307 non
1295 3270 1438 3318 esse,
1470 3262 1531 3308 ut
1562 3255 1676 3309 haec
1708 3262 1896 3309 nostra
1924 3271 2055 3309 caro

2509 1966 2762 2034 Δευτέρα
2786 2007 2800 2031 ,
2838 1967 2989 2034 πρὸς
3012 1967 3387 2034 Κορινθίους.

2226 2060 2313 2115 60.
2350 2059 2565 2130 Ταύτην
2610 2058 2915 2112 ἐπιστέλλει
2948 2060 2977 2110 ό
3016 2058 3178 2121 αὐτὸς
3211 2056 3424 2120 Παῦλος
3451 2058 3587 2129 πρὸς
3635 2060 3751 2111 Κο-

2158 2151 2388 2222 ρινθίους
2419 2151 2526 2204 ἀπὸ
2571 2151 2797 2220 Ἐφέσου
2837 2151 2937 2220 τῆς
2984 2149 3189 2214 Ἀσίας,
3223 2147 3484 2222 ἑωρακὼς
3518 2150 3618 2221 μὲν
3647 2151 3752 2203 αὐ·-

2152 2241 2275 2304 τοὺς
2304 2240 2404 2310 ἤδη
2434 2240 2528 2293 καὶ
2548 2239 2786 2305 διδάξαςς
2814 2240 3249 2311 ὑπομιμνήσκων
3273 2239 3331 2293 δὲ
3358 2240 3506 2310 ὅμως
3528 2239 3618 2293 διὰ
3642 2243 3748 2311 τῆς

2166 2332 2482 2404 Ἐπιστολῆς
2523 2333 2748 2405 ταύτης.
2781 2335 2844 2387 Ἠ
2880 2334 2937 2386 δέ
2969 2334 3241 2405 πρόφασις
3289 2334 3388 2404 τῆς
3418 2332 3747 2404 Ἐπιστολῆς

2153 2423 2291 2495 αὕτη
2321 2439 2334 2453 ο
2367 2423 2679 2496 Κορίνθιοι,
2712 2427 2777 2478 ὲκ
2815 2424 3149 2494 φιλονεικίας
3175 2424 3556 2496 συναγόμενοι,
3587 2425 3747 2495 ἐσχί-

2153 2516 2307 2580 ζοντο
2333 2517 2452 2577 ταῖς
2503 2515 2772 2586 γνώμαις,
2807 2496 2903 2568 κᾶι
2954 2515 3142 2571 λοιπὸν
3187 2510 3257 2585 ἦν
3301 2516 3360 2567 ἐν
3399 2515 3582 2577 αὐτοῖς
3628 2514 3733 2585 σχίυ

2154 2625 2355 2678 σματω
2388 2609 2483 2661 καὶ
2510 2607 2680 2661 ὄντων
2710 2607 3045 2679 σχισμάτων,
3080 2605 3487 2678 παρεϐλέποντο
3510 2606 3603 2660 τὸν
3645 2605 3741 2660 λα·

2154 2700 2316 2752 ὄόντα
2359 2699 2458 2770 τὴν
2507 2700 2777 2769 μητρυιάν
2816 2702 2895 2762 εἰς
2939 2702 3195 2768 γυναῖκα..
3234 2698 3419 2752 Ἀλλοι
3450 2700 3506 2753 δὲ
3549 2699 3743 2769 ἤθελον

2154 2791 2585 2862 καταλιμπάνειν
2637 2791 2735 2853 τὰς
2780 2794 3046 2859 γυναῖκας
3086 2790 3357 2863 προφάσει
3401 2790 3499 2861 τῆς
3543 2791 3727 2861 ἐγκρα

2155 2886 2322 2947 τείας.
2346 2884 2502 2947 Τινὲς
2523 2884 2579 2937 δὲ
2607 2886 2699 2937 καὶ
2731 2887 2788 2937 ἐν
2814 2884 3102 2946 εἰδωλείοις
3121 2882 3310 2954 ἢσθιον
3332 2882 3408 2946 ὡς
3432 2882 3743 2955 ἀδιαφόρων

2155 2976 2326 3029 ὄντων
2359 2976 2468 3029 τῶν
2510 2976 2891 3030 εἰδωλοθύτων.
2935 2975 3119 3030 Ἀλλοι
3164 2976 3223 3030 δὲ
3250 2978 3378 3041 τοὺς
3415 2978 3511 3048 μὲν
3546 2977 3742 3040 ἄλλους

2156 3068 2493 3134 ἐξουθὲνουν,
2525 3069 2651 3132 τοὺς
2674 3069 2730 3121 δὲ
2769 3069 3063 3134 λαλοῦντας
3095 3069 3372 3138 γλώσσαις
3403 3070 3741 3142 ἐθαύμαζον.

2156 3161 2266 3212 Καὶ
2290 3160 2439 3224 τέλος
2465 3161 2749 3230 ὴπάτηντο
2775 3162 2867 3215 καὶ
2897 3163 2978 3225 εἰς
3004 3161 3066 3214 τὸ
3105 3163 3233 3231 περί
3261 3163 3612 3227 ἀναστάσεως
3641 3182 3746 3234 μυ-

2162 3253 2401 3323 στήριον,
2437 3252 2684 3322 λέγοντες
2721 3255 2795 3325 μὴ
2832 3252 3141 3325 ἐγείρεσθαι
3172 3255 3272 3325 τὴν
3305 3256 3484 3327 σάρκα
3508 3255 3742 3328 ταύτην.

472 3352 746 3415 resurgat.
796 3342 933 3398 Cum
988 3344 1104 3398 haec
1148 3344 1333 3399 omnia
1381 3344 1633 3400 Corinthi
1680 3354 2050 3412 moverentur,

2158 3344 2374 3398 Τούτων
2404 3346 2620 3399 πάντων
2659 3347 2716 3398 ἐν
2760 3345 3011 3417 Κορίνθῳ
3038 3326 3406 3417 κινουμένων,
3439 3326 3745 3418 γράφουσιν

472 3437 728 3492 scribunt
760 3436 949 3506 populi
977 3437 1264 3507 Apostolo,
1302 3437 1397 3508 qui
1429 3447 1484 3492 et
1520 3437 1587 3491 ad
1633 3438 1817 3492 omnia
1856 3440 2054 3493 rescri-

471 3527 572 3584 bit.
602 3528 671 3583 Et
690 3528 927 3598 primum
959 3528 1202 3598 quidem,
1254 3529 1633 3584 testimonium
1664 3529 1774 3584 illis
1803 3530 1896 3584 dat
1919 3546 2051 3599 pru-

472 3618 672 3675 dentiae
692 3629 747 3674 et
777 3619 1037 3685 scientiae,
1070 3636 1179 3675 non
1214 3630 1395 3675 autem
1422 3621 1609 3675 laudat
1629 3637 1724 3677 eos
1756 3622 2051 3677 schismata

472 3710 758 3778 facientes,
806 3711 903 3767 sed
945 3712 1161 3780 suadet,
1202 3721 1265 3766 ut
1306 3713 1559 3768 virtutem
1597 3723 1787 3782 putent
1844 3731 1952 3768 non
1996 3716 2052 3769 in

471 3818 725 3859 sermone
760 3819 904 3869 esse,
958 3804 1054 3860 sed
1088 3804 1144 3858 in
1196 3819 1363 3875 opere
1410 3812 1465 3861 et
1509 3812 1799 3874 potestate.
1849 3805 2053 3861 Deinde

472 3903 763 3966 postquam
806 3895 1082 3965 increpuit
1130 3911 1277 3960 eum,
1328 3897 1424 3967 qui
1457 3912 1749 3953 novercam
1784 3897 2048 3963 duxisset,

471 3986 906 4059 adhortatusque
957 4004 1028 4044 ne
1068 3988 1261 4045 litibus
1311 3989 1455 4044 inter
1510 4005 1571 4045 se
1624 3991 2045 4054 contenderent,

471 4077 734 4149 deinceps
775 4079 843 4133 ad
881 4095 946 4134 ea
988 4080 1305 4151 respondet,
1346 4080 1414 4137 de
1460 4082 1662 4152 quibus
1695 4083 1772 4137 illi
1820 4084 2052 4154 scripse-

404 4162 413 4169 ’
469 4179 617 4225 rant.
650 4169 728 4227 De
750 4172 958 4242 nuptiis
985 4172 1169 4238 docet,
1205 4172 1504 4229 infractum
1535 4190 1659 4230 esse
1691 4174 1889 4231 debere
1918 4192 2050 4231 con-

467 4263 702 4334 jugium,
738 4271 793 4319 et
824 4279 1047 4334 precum
1074 4266 1249 4334 gratia
1281 4266 1348 4321 ad
1380 4275 1598 4337 tempus
1633 4267 1703 4322 ab
1736 4268 1830 4321 illo
1859 4269 2048 4323 vacari

472 4370 656 4424 posse.
695 4354 965 4420 Quoniam
998 4371 1130 4411 vero
1184 4358 1581 4413 continentiam
1625 4359 1946 4430 diligebant,
1983 4360 2051 4415 de

471 4447 788 4516 virginitate
832 4446 1048 4510 scribit,
1084 4449 1230 4518 quod
1281 4449 1599 4505 necessaria
1646 4466 1758 4506 non
1812 4452 1904 4514 sit,
1952 4452 2049 4507 sed

473 4540 743 4610 cujusque
771 4539 997 4595 arbitrio
1027 4541 1409 4611 permittenda.
1440 4542 1637 4599 Subdit
1664 4545 1731 4599 de
1777 4545 2050 4617 idolothy-

2155 3437 2202 3489 οἰ
2234 3436 2351 3491 λαοὶ
2380 3437 2459 3508 τῷ
2492 3438 2819 3509 Ἀποστόλῳ,
2857 3439 2950 3492 καὶ
2989 3439 3176 3492 λοιπὸν
3207 3440 3344 3512 πρὸς
3378 3440 3555 3493 πάντα
3584 3441 3743 3494 ἀντι-

2156 3531 2374 3599 γράφει.
2404 3531 2510 3583 Καὶ
2549 3530 2761 3602 πρῶτον
2800 3531 2898 3600 μὲν
2943 3533 3212 3602 μαρτυρεῖ
3248 3531 3428 3594 αὐτοῖς
3456 3534 3513 3584 ἐν
3548 3534 3747 3604 φρονή-

2158 3638 2238 3674 σει
2280 3622 2375 3674 καὶ
2399 3620 2597 3689 γνώσει
2620 3638 2632 3651 °
2662 3623 2762 3675 οὐκ
2790 3621 3111 3693 ἀποδέχεται
3146 3621 3204 3675 δέ
3230 3622 3428 3686 αὐτοὺς
3456 3623 3747 3688 ποιοῦντας

2153 3711 2222 3764 τὰ
2255 3713 2531 3784 σχίσματα
2554 3755 2568 3780 ,
2597 3713 2732 3767 ἀλλὰ
2766 3714 2861 3767 καὶ
2888 3712 3243 3784 συμϐουλεύει
3278 3716 3351 3786 μὴ
3382 3717 3438 3768 ἐν
3465 3715 3611 3786 λόγῳ
3642 3717 3744 3789 τὴν

2153 3804 2375 3874 ἀρετὴν,
2406 3804 2521 3858 ἀλλ’
2556 3806 2615 3856 ἐν
2646 3803 2793 3876 ἔργῳ
2822 3804 2917 3858 καὶ
2944 3803 3172 3876 δυνάμει
3200 3806 3457 3877 ἡγεῖσθαι
3478 3824 3492 3838 ·
3523 3807 3743 3873 ἔπειτα,

2153 3895 2489 3966 ἐπιτιμήσας
2530 3894 2608 3965 τῷ
2649 3895 2749 3967 τὴν
2781 3895 3051 3967 μητρυιὰν
3082 3896 3299 3950 λαϐόντι
3320 3937 3335 3961 ,
3360 3899 3455 3952 καί.
3482 3901 3747 3969 παραινέ-

2156 4005 2255 4051 σας
2286 3987 2359 4058 μὴ
2395 3986 2540 4058 ἔχειν
2571 3987 2815 4059 κρίματα
2845 3988 2982 4059 πρὸς
3010 3990 3266 4054 ἑαυτοὺς,
3295 3990 3481 4044 λοιπὸν
3514 3991 3645 4061 περὶ
3668 3985 3747 4046 ὧν

2152 4079 2396 4151 ἔγραψαν
2420 4081 2795 4150 ἀποκρίνεται.
2827 4082 2964 4152 Περί
2994 4083 3092 4153 μὲν
3119 4080 3213 4135 τοῦ
3242 4082 3420 4153 γάμου
3442 4081 3742 4151 διδάσκων,

2152 4170 2423 4243 ἄρρηκτον
2452 4168 2589 4227 εἶναι
2631 4174 2732 4243 τὴν
2785 4173 3067 4243 συζυγίαν,
3115 4174 3208 4228 καὶ
3253 4175 3311 4227 ἐν
3349 4173 3529 4246 καιρῷ
3576 4176 3744 4246 μόνον

2154 4264 2433 4334 σχολάζειν
2477 4265 2566 4318 διὰ
2602 4265 2700 4338 τὴν
2735 4267 2930 4338 εύχήνο
2959 4267 3047 4321 διὰ
3078 4267 3135 4321 δὲ
3176 4266 3236 4321 τὸ
3283 4268 3505 4339 ἀγαπᾷν
3541 4269 3745 4335 αὐτοὺς

2150 4356 2246 4428 τὴν
2302 4358 2663 4427 ἐγκράτειαν,
2705 4359 2908 4430 γράφει
2966 4360 3097 4432 περὶ
3147 4360 3481 4433 παρθενίας,
3520 4363 3603 4415 ὅτι
3666 4363 3745 4433 μὴ

2153 4451 2387 4523 ἀνάγκῃ,
2425 4450 2559 4504 ἀλλὰ
2602 4451 2783 4505 πειθοῖ
2810 4450 2971 4505 τοῦτο
3019 4452 3275 4521 γινέσθω.
3309 4449 3444 4508 Εἶτα
3471 4455 3599 4525 περὶ
3633 4455 3749 4524 τῶν

2151 4542 2534 4607 εἰδωλοθύτων,
2573 4545 2658 4597 ἴνα
2695 4545 2769 4616 μὴ
2806 4544 3189 4616 καταχρῶνται
3237 4549 3304 4618 τῇ
3351 4546 3572 4615 γνώσει,
3603 4547 3746 4601 ἀλλὰ

472 4632 567 4695 tis,
602 4647 671 4687 ne
702 4632 1000 4687 abutantur
1025 4633 1277 4699 scientia,
1311 4634 1409 4690 sed
1447 4646 1843 4693 conversentur
1880 4639 1932 4692 iu
1966 4638 2048 4691 di-

2155 4638 2216 4706 τῇ
2252 4636 2439 4708 ἀγάπῃ
2474 4636 2882 4690 πολιτεύωνται.
2928 4636 3148 4690 Κωλύει
3192 4632 3285 4692 οῦν
3320 4639 3389 4691 τὰ
3429 4642 3488 4692 ἐν
3513 4639 3747 4711 εἰδωλίῳ

472 4723 728 4778 lectione.
764 4721 1027 4780 Prohibet
1058 4725 1225 4794 igitur
1265 4727 1537 4791 convivia,
1577 4745 1699 4798 quae
1730 4729 1784 4783 in
1830 4730 2049 4800 templis

2155 4727 2462 4797 συμπόσια,
2500 4728 2587 4781 ἵνα
2634 4728 2707 4799 μὴ
2739 4726 3202 4792 σκανδαλίζωνται
3250 4733 3299 4783 οἰ
3353 4732 3559 4803 μικροί.
3604 4728 3745 4786 Εἶτα

472 4811 747 4867 idolorum
816 4812 1053 4877 ﬁerent,
1132 4830 1205 4871 ne
1266 4816 1451 4885 pusilli
1520 4817 2049 4873 scandalizarentur.

2152 4815 2411 4887 περὶτῶν
2441 4816 2827 4886 πνευματικῶν
2864 4818 3224 4888 χαρισμάτων
3268 4820 3505 4890 γράφει·
3543 4821 3632 4874 ἵνα
3664 4821 3743 4893 μὴ

471 4899 671 4965 Postea
701 4903 770 4959 de
802 4902 963 4959 donis
988 4903 1371 4974 spiritualibus
1407 4907 1621 4975 scribit,
1647 4924 1718 4964 ne
1747 4909 2050 4965 charisma-

2155 4907 2507 4979 διαφέρωνται
2538 4910 2595 4961 ἐν
2622 4911 2735 4971 τοῖς
2768 4907 3089 4979 χαρίσμασι,
3122 4909 3256 4980 μηδὲ
3282 4911 3620 4982 προκρίνωσι
3646 4912 3742 4966 τὸν

472 5003 586 5048 ιιιηι
618 4995 793 5065 gratia
821 4995 1121 5053 discrimen
1149 4998 1290 5053 inter
1319 5013 1378 5054 se
1398 5004 1666 5064 statuant,
1697 5016 1833 5055 neve
1858 5001 2052 5071 praefe-

402 5122 405 5129 ς
471 5094 599 5143 rant
635 5102 783 5152 eum,
815 5089 908 5159 qui
938 5088 1217 5145 charisma
1244 5090 1464 5160 aliquod
1489 5091 1673 5156 habet,
1706 5093 1778 5155 ei,
1814 5092 1909 5163 qui
1942 5094 2050 5148 alio

473 5178 711 5235 donatus
757 5188 880 5236 est:
912 5195 1038 5235 nam
1091 5181 1277 5236 omnia
1322 5184 1573 5253 ejusdem
1623 5199 1750 5241 esse
1809 5184 2046 5255 Spiritus

472 5268 627 5325 dicit.
663 5270 870 5331 Deinde
901 5272 1045 5328 etde
1073 5276 1482 5333 resurrectione
1509 5277 1687 5341 docet,
1726 5279 1872 5348 quod
1901 5281 2049 5335 scili-

474 5370 562 5418 cet
588 5378 718 5420 caro
750 5373 1131 5421 resurrectura
1173 5369 1267 5431 sit,
1320 5377 1536 5423 mortua
1591 5371 1809 5441 quidem
1854 5388 2046 5428 corru-

473 5454 703 5524 ptibilis,
731 5457 1019 5511 excitanda
1064 5474 1193 5513 vero
1238 5460 1558 5531 incorrupta
1590 5465 1888 5519 secundum
1924 5480 2050 5535 gra—

475 5544 607 5603 tiam
649 5545 877 5601 Christi.
922 5547 1403 5606 Resurrectionem
1443 5567 1574 5608 vero
1599 5568 1664 5608 ex
1717 5569 1784 5609 eo
1827 5556 2046 5619 astruit,

476 5636 625 5707 quod
652 5636 907 5695 Christus
957 5642 1232 5698 excitatus
1259 5651 1363 5698 est.
1394 5644 1452 5698 In
1495 5646 1647 5700 calce
1691 5646 1941 5701 hortatur
1980 5647 2047 5702 de

478 5728 725 5784 moribus
769 5729 1141 5788 instituendis.
1176 5743 1230 5788 et
1271 5736 1338 5790 de
1375 5738 1605 5792 collecta
1628 5738 1695 5792 ad
1739 5738 2045 5793 subsidium

2152 5000 2341 5070 ἔχοντα
2367 5000 2428 5053 τὸ
2457 5001 2703 5071 χάρισμα
2730 5000 2850 5052 τόδε
2881 5000 2977 5053 τοῦ
3007 5000 3223 5072 ἔχοντος
3251 5003 3368 5056 τόδε
3389 5020 3401 5033 ·
3432 5003 3611 5058 πάντα
3630 5004 3739 5076 γὰρ

2151 5091 2244 5143 τοῦ
2278 5091 2441 5144 αὐτοῦ
2470 5090 2785 5161 Πνεύματος
2830 5085 2970 5145 εἶναι
3021 5092 3190 5161 λέγει.
3234 5094 3345 5147 Καὶ
3378 5094 3565 5149 λοιπὸν
3610 5098 3739 5169 περὶ

2154 5183 2499 5246 ἀναστάσεως
2524 5183 2766 5237 διδάσκει
2791 5199 2804 5212 ·
2838 5183 2919 5236 ὅτι
2948 5185 2980 5254 ἡ
3011 5184 3146 5256 σὰρξ
3175 5185 3468 5257 ἐγείρεται,
3500 5188 3740 5259 ἀποθνή-

2155 5291 2355 5328 σκουσα
2385 5275 2481 5345 μὲν
2512 5274 2758 5347 φθαρτὴ,
2806 5277 3128 5349 ἐγειρομένη
3177 5278 3233 5330 δὲ
3278 5277 3557 5349 ἄφθαρτος
3594 5281 3737 5333 κατὰ

2149 5368 2248 5437 τὴν
2282 5366 2374 5420 τοῦ
2408 5367 2642 5439 Χριστοῦ
2683 5368 2861 5438 χάριν.
2900 5370 3012 5438 Τὴν
3058 5370 3114 5422 δὲ
3148 5370 3444 5423 ἀνάστασιν
3486 5371 3594 5424 ἀπὸ
3642 5372 3734 5425 τοῦ

2156 5460 2452 5533 ἐγηγέρθαι
2484 5461 2575 5515 τὸν
2600 5461 2834 5531 Χριστὸν
2879 5463 3178 5533 συνίστησι.
3212 5463 3321 5515 Καὶ
3360 5466 3441 5527 εἰς
3480 5464 3539 5518 τὸ
3584 5465 3735 5528 τέλος

2156 5556 2574 5623 παραινετικοὺς
2615 5553 2806 5623 λόγους
2838 5556 2919 5618 εἰς
2959 5554 3028 5609 τὰ
3072 5556 3177 5628 ῆθη
3222 5556 3444 5627 γράφει,
3483 5558 3579 5611 καὶ
3609 5558 3735 5629 περὶ

2153 5646 2337 5714 λογίας
2367 5646 2468 5716 τῆς
2507 5649 2585 5710 εἰς
2608 5647 2734 5709 τοὺς
2774 5647 2962 5714 ἁγίους
2995 5649 3368 5720 παραγγέλλει
3388 5690 3402 5717 ,
3465 5652 3563 5705 καὶ
3595 5651 3735 5705 οὕτω

2152 5739 2347 5792 τελειοῖ
2379 5741 2475 5811 τὴν
2514 5739 2843 5812 Ἐπιστολὴν.

479 5828 795 5878 sanctorum
847 5822 1092 5883 facienda
1139 5828 1415 5899 praecipit,
1464 5836 1626 5901 atque
1673 5833 1747 5891 ita
1800 5831 2032 5905 absolvit
2073 5827 2388 5901 Epistolam.
