3880 6186
87 238 193 292 U7

231 346 432 415 Τρίτη,
463 342 650 397 πάλιν
682 342 779 395 καὶ
811 340 962 408 αὕτη
992 336 1141 406 πρὸς
1170 334 1537 403 Κορινθίους.

157 460 249 513 61.
278 458 394 512 Καὶ
424 456 629 526 ταύτην
676 452 812 525 πρὸς
843 452 971 514 τοὺς
1018 448 1215 512 αὐτοὺς
1246 445 1551 500 ἐπιστέλλει
1576 441 1685 497 ἀπὸ

84 550 453 614 Μακεδονίας.
501 550 566 602 Ἦ
609 548 666 600 δὲ
714 546 988 618 πρόφασις
1025 537 1461 614 τῆςἘπιστολῆς
1508 533 1679 605 α’ύτη·

84 645 390 714 Δεξάμενοι
418 638 715 712 ,Κορίνθιοι
763 638 860 709 τὴν
877 635 1193 703 Ἐπιστολὴν
1239 632 1337 703 τὴν
1388 628 1681 699 προτέραν,

84 733 472 806 κατενύγησαν
504 730 599 785 ἐπὶ
630 732 697 800 τῇ
740 728 987 799 ἁμαρτίᾳ
1020 724 1114 779 τοῦ
1149 722 1406 784 λαϐόντος
1446 719 1545 788 τὴν
1583 734 1687 789 μη-

81 826 308 897 τρυιὰν,
337 826 433 879 καὶ
465 822 818 894 ἐλυπήθησαν
851 820 930 886 δὲ,
961 819 1037 882 ὡς
1088 816 1406 888 παριδόντες
1446 811 1684 866 τοιοῦτον

86 919 437 989 ἁμάρτημα·
475 910 597 969 εἶτα
640 911 1026 984 ὑφηρπάζοντο
1058 907 1212 980 παρά
1249 922 1414 961 τινων
1440 903 1549 958 τῶν
1593 903 1686 957 καὶ

83 1013 187 1075 τὰς
213 1009 525 1085 προφάσεις
555 1006 667 1059 τῶν
697 1005 1010 1076 σχισμάτων
1043 998 1344 1055 ποιούντων
1362 1040 1377 1065 ,
1407 997 1550 1052 ὥστε
1580 1014 1685 1050 πα-

86 1101 499 1175 ρακαθέζεσθαι
523 1098 602 1171 τῷ
623 1098 911 1170 γράμματι
938 1095 1031 1148 τοῦ
1062 1094 1248 1164 νόμου,
1274 1093 1370 1145 καὶ
1393 1090 1685 1161 ἀδιάφορον

83 1193 345 1267 ἡγεῖσθαι
384 1192 483 1264 τὴν
518 1190 675 1263 παρὰ
703 1189 800 1243 τοῦ
832 1185 1070 1260 Χριστοῦ
1107 1185 1302 1257 χάριν,
1335 1183 1431 1238 καὶ¹
1487 1182 1685 1253 μᾶλλον

87 1288 387 1360 προσεῖχον
429 1286 542 1346 τοῖς
578 1285 635 1336 ἐν
676 1278 953 1353 προσώπῳ
986 1276 1384 1347 καυχωμένοις.
1414 1269 1597 1327 τΗσαν
1626 1273 1686 1326 δὲ

87 1376 183 1429 καὶ
216 1374 356 1444 περὶ
402 1372 502 1444 τῆς
532 1371 720 1440 λογίας
748 1370 846 1439 τῆς
881 1369 960 1431 είς
986 1367 1111 1429 τοὺς
1151 1365 1342 1434 ἁγίους
1374 1362 1686 1435 φροντίζον-

86 1485 177 1531 τες
207 1464 420 1527 καλῶς.
467 1463 613 1535 Πρὸς
655 1460 828 1515 ταῦτα
869 1455 963 1512 οὖν
994 1458 1319 1529 ἀντιγράφει
1360 1458 1389 1509 ὁ
1432 1454 1687 1508 Ἀπόστο-

88 1560 198 1623 10;.
226 1558 345 1612 Καὶ
372 1556 589 1630 πρῶτον
616 1554 713 1626 μὲν
741 1551 1066 1622 ἀποδέχεται
1096 1549 1315 1614 αὐτοὺς,
1350 1546 1686 1610 ἐκϐαλόντας

88 1652 179 1705 τὸν
200 1649 679 1723 παρανομήσαντα
696 1662 712 1678 ο
739 1644 931 1697 ἔπειτα
953 1641 1251 1709 ἀξιώσασιν
1272 1642 1457 1704 αὐτοῖς
1482 1657 1686 1708 συγκα-

1167 217 1498 277 SYNOPSIS
1540 210 1957 274 SCRIPTURA‘J
2000 210 2271 268 SACRAE.

1711 340 1759 397 A

3258 202 3364 258 418

2102 324 2283 379 Tertia
2304 363 2319 389 ,
2353 322 2543 377 iterum
2582 321 2653 376 ad
2678 319 3003 376 Corinthios.

1856 441 1945 496 6i.
1985 439 2066 494 Ad
2103 439 2324 493 eosdem
2358 444 2413 493 et
2444 436 2586 491 hanc
2619 437 2790 490 mittit
2819 450 2849 490 e
2898 431 3234 488 Macedonia.
3264 431 3366 488 Est

1788 539 1972 586 autem
2007 529 2156 584 illius
2189 528 2414 583 occasio
2448 526 2577 580 talis
2612 543 2626 579 :
2660 524 2851 579 Priore
2868 531 3092 593 accepta
3124 523 3366 593 Epistola

1776 616 2075 685 Corinthii,
2121 617 2441 688 compuncti
2490 631 2657 686 super
2698 622 2927 686 peccato
2976 615 3098 685 ejus
3131 615 3226 685 qui
3267 630 3369 668 no-

1784 727 2001 768 vercam
2026 727 2182 767 suam
2213 710 2466 774 duxerat,
2499 708 2922 778 contristatique
2956 704 3198 772 fuerant,
3220 705 3368 776 quod

1787 804 1894 858 tale
1923 810 2208 873 peccatum
2235 801 2645 872 neglexissent:
2669 798 2867 856 deinde
2901 798 3111 854 seducti
3154 797 3370 852 fuerant

1785 894 1855 950 ab
1894 894 2026 957 illis,
2064 894 2158 964 qui
2187 893 2550 949 schismatum
2587 892 2937 947 occasionem
2966 890 3254 953 dederant,
3292 890 3370 943 ita

1784 994 1845 1041 ut
1894 988 2093 1041 litterae
2146 987 2283 1057 legis
2340 985 2623 1041 servandae
2673 985 2980 1050 studerent,
3028 990 3082 1037 et
3137 982 3371 1053 gratiam

1784 1078 1991 1134 Christi
2032 1076 2431 1133 indifferentem
2464 1076 2800 1147 iudicarent,
2844 1082 3012 1145 atque
3042 1075 3133 1138 iis,
3170 1072 3266 1144 qui
3314 1074 3373 1128 in

1785 1171 1983 1227 faciem
2023 1187 2146 1227 sese
2171 1171 2480 1242 iactabant,
2512 1170 2638 1240 plus
2684 1167 3053 1224 attendercnt.
3097 1166 3174 1222 De
3205 1166 3373 1222 colle-
3416 1220 3421 1226 ,

1786 1272 1875 1319 cta
1902 1278 2035 1319 vero
2069 1262 2125 1317 in
2162 1277 2298 1317 usus
2337 1270 2655 1317 sanctorum
2692 1259 2970 1326 facienda,
3003 1259 3175 1331 probe
3208 1274 3372 1313 cura-

1785 1357 1941 1413 bant.
1974 1356 2053 1411 Ad
2089 1356 2197 1412 ista
2220 1356 2388 1426 igitur
2409 1354 2666 1411 rescribit
2695 1351 3010 1423 Apostolus.
3043 1351 3111 1405 Et
3133 1352 3371 1423 primum

1786 1449 2007 1519 quidem
2035 1447 2225 1502 laudat
2271 1447 2442 1517 ipsos,
2493 1445 2640 1516 quod
2680 1444 2973 1517 eiecissent
3001 1458 3125 1498 eum
3153 1442 3246 1512 qui
3276 1442 3372 1496 de-

1785 1541 2064 1613 liquerat:
2091 1537 2290 1594 deinde
2335 1538 2648 1607 petentibus
2676 1536 2814 1605 ipsis
2851 1535 3046 1589 annuit
3077 1544 3132 1589 et
3170 1533 3369 1603 resipi-

1789 1638 2030 1686 scentem
2076 1630 2229 1684 illum
2275 1628 2449 1699 recipi
2479 1627 2653 1697 iubet.
2686 1625 2854 1680 Docet
2895 1627 3061 1680 etiam
3111 1625 3216 1679 hac
3244 1623 3375 1695 Epi-

88 1743 331 1808 τανεύει,
366 1742 461 1797 καὶ
489 1739 899 1812 μετανοήσαντα
926 1737 1130 1788 ἐκεῖνον
1163 1732 1375 1788 κελεύει
1403 1731 1681 1803 δεχθῆναι.

1796 1723 1929 1778 stola
1962 1720 2030 1777 de
2058 1722 2197 1793 lege,
2227 1719 2623 1775 discriminans
2664 1716 2777 1773 illic
2810 1719 3073 1782 litteram,
3099 1728 3153 1773 et
3185 1727 3373 1773 osten—

101 1838 192 1891 Ἐν
243 1836 385 1907 αὐτῇ
432 1833 489 1887 δὲ
526 1831 768 1885 διδάσκει
816 1828 945 1882 περὶ
975 1827 1069 1880 τοῦ
1109 1826 1312 1898 νόμου,
1356 1823 1582 1896 διαιρῶν
1622 1821 1685 1874 τὸ

93 1929 360 2001 γράμμα,
407 1926 502 1980 καὶ
538 1923 843 1987 δείκνυσιν,
878 1922 962 1973 ὃτι
1018 1919 1078 1972 οὐ
1132 1919 1214 1972 δεῖ
1270 1916 1569 1987 λαμϐάνειν
1625 1912 1687 1967 τδ

94 2019 333 2090 γράμμα
364 2016 523 2088 μόνον
550 2012 645 2068 τοῦ
674 2012 862 2083 νόμου,
887 2009 1002 2064 ἀλλ’
1031 2011 1087 2062 ὲν
1115 2007 1264 2079 αὐτῷ
1288 2006 1366 2078 τῷ
1390 2005 1683 2077 γράμματι

93 2110 193 2181 τὴν
241 2109 484 2162 διάνοιαν
528 2104 755 2177 ἐρευνᾷν
782 2121 796 2134 ·
829 2103 890 2156 οὺ
927 2101 1037 2173 γὰρ
1095 2099 1254 2171 μόνον
1304 2098 1444 2171 ῥητά
1480 2099 1630 2151 ἐστιν
1658 2099 1687 2151 ὁ

95 2202 294 2273 νόμος,
336 2199 475 2253 ἀλλὰ
520 2198 615 2250 καὶ
658 2198 717 2251 ἐν
751 2198 866 2258 τοῖς
889 2194 1076 2267 ῥητοῖς
1112 2192 1228 2244 ἐστι
1253 2191 1349 2244 καὶ
1377 2190 1407 2243 ὁ
1439 2187 1562 2254 νοῦς
1591 2186 1685 2241 τοῦ

97 2286 449 2365 πνεύματοςέ
481 2291 693 2356 ἔπειτα,
730 2290 813 2343 ὃτι
841 2287 936 2342 τοῦ
966 2287 1207 2360 Χριστοῦ
1235 2285 1502 2349 ἐλθόντος,
1525 2282 1688 2356 καινὴ

96 2387 277 2449 κτίσις
300 2384 515 2454 γέγονε,
538 2383 634 2436 καὶ
660 2382 722 2435 ού
751 2382 832 2435 δεῖ
855 2381 997 2436 κατὰ
1026 2382 1087 2435 τὸ
1136 2380 1365 2434 παλαιὸν
1408 2377 1528 2450 ζῇν,
1574 2376 1687 2431 ἀλλ’

97 2480 171 2541 ὡς
196 2481 257 2531 ἐν
286 2479 449 2547 καινῇ
474 2475 649 2528 κτίσει
674 2476 733 2527 ἐν
779 2475 944 2527 πᾶσιν
970 2472 1327 2527 ἀνανεοῦσθαι
1377 2472 1474 2525 καὶ
1515 2470 1691 2541 ἀργὴν

98 2562 239 2621 εἶναι
281 2565 472 2618 λοιπὸν
512 2564 612 2632 τὴν
644 2563 967 2633 περιτομήν.
1016 2561 1363 2632 Ἀποδέχεται
1399 2560 1457 2613 δὲ
1493 2559 1692 2621 αὐτοὺς

100 2660 192 2714 καὶ
220 2658 473 2731 περὶτῆς
493 2655 790 2719 διακονίας,
821 2656 917 2708 καὶ
953 2652 1327 2726 προτρέπεται
1362 2651 1566 2723 μᾶλλον
1588 2653 1689 2704 αὐ-

99 2751 225 2814 τοὺς
250 2748 594 2812 πλεονάζειν.
629 2741 765 2800 Εἶτα
789 2744 1114 2816 αἰτιώμενος
1158 2746 1285 2809 τοὺς
1325 2746 1383 2798 ἐν
1415 2741 1692 2817 προσώπῳ

99 2842 513 2914 καυχωμένους,
561 2840 853 2908 καταλέγει
891 2838 1105 2903 πάντα,
1135 2840 1280 2910 ἅπερ
1322 2837 1557 2891 πέπονθε
1605 2837 1693 2890 διὰ

99 2936 189 2989 τὸν
224 2937 458 3006 Κύριον,
508 2934 603 2988 καὶ
641 2933 741 2996 τὰς
787 2932 1056 2996 ὀπτασίας
1100 2931 1158 2984 δὲ
1194 2930 1482 3000 διηγεῖται,
1515 2931 1694 3000 ἇσπερ

99 3026 368 3099 ἑώρακεν,
395 3024 477 3089 εἷς
515 3041 577 3077 τε
626 3021 720 3076 τὸν
758 3021 1090 3094 Παρὰδεισον
1124 3022 1216 3073 καὶ
1263 3023 1342 3084 είς
1384 3020 1474 3072 τὸν
1512 3020 1692 3091 τρίτον

99 3118 330 3191 οὐρανὸν
354 3115 646 3189 ἀρπαγείς.
668 3109 803 3168 Εἶτα
830 3112 1208 3186 παραγγείλας
1233 3111 1307 3182 μὴ
1333 3110 1690 3183 ἁμαρτάνειν,

99 3212 235 3265 ἀλλὰ
285 3212 568 3281 μετανοεῖν
614 3209 743 3272 τοὺς
790 3206 1242 3279 ἁμαρτάνοντας,
1273 3207 1332 3258 ἐν
1372 3204 1695 3275 εὐχαριστίᾳ

99 3305 300 3357 τελειοῖ
324 3302 428 3375 τὴν
468 3300 807 3372 Ἐπιστολὴν.

502 3411 777 3481 Τετάρτῃ,
809 3410 961 3480 πρὸς
997 3410 1299 3475 Γαλάτας.

173 3525 266 3581 62.
291 3524 516 3595 Ταύτην
548 3523 852 3579 ἐπιστέλλει
880 3522 990 3578 ἀπὸ
1031 3522 1249 3595 Ῥώμης
1270 3562 1286 3588 ,
1320 3520 1579 3593 ἑωρακὼς
1604 3520 1697 3575 αύ-

102 3623 229 3686 τούς
254 3620 362 3690 ἤδη
392 3620 486 3674 καὶ
514 3618 751 3684 διδάξας.
780 3618 934 3672 Ἡδὲ
960 3617 1235 3689 πρόφασις
1266 3615 1361 3686 τῆς
1377 3613 1696 3685 Ἐπιστολῆς

105 3712 270 3785 αῦτη·
307 3711 662 3783 Διδαχθέντες
684 3710 864 3775 καλῶς
893 3711 941 3764 οἱ
966 3709 1201 3764 Γαλάται
1235 3707 1385 3778 παρὰ
1413 3706 1506 3760 τοῦ
1543 3707 1697 3760 Ἀπο-

109 3807 325 3869 στόλου,
352 3806 446 3861 καὶ
482 3804 875 3868 πιστεύσαντες
913 3802 1157 3874 γνησίως
1195 3801 1276 3862 εἰς
1312 3798 1404 3852 τὸν
1437 3796 1693 3869 Χριστὸν,

107 3901 566 3973 ἀποδημήσαντος
602 3897 791 3963 αὐτοῦ,
838 3894 1278 3968 ὑφηρπάσθησαν
1316 3892 1468 3963 παρά
1513 3907 1694 3953 τινων,

113 3995 257 4049 ὥστε
297 3992 747 4066 περιτέμνεσθαι.
789 3989 979 4043 Ταῦτα
1020 3988 1200 4042 τοίνυν
1246 3984 1431 4058 μαθὼν
1472 3986 1500 4037 ὁ
1540 3984 1698 4037 Ἀπό-

114 4089 320 4153 στολος,
354 4087 559 4159 γράφει
591 4084 727 4157 πρὸς
756 4082 973 4147 αὐτούς.
1008 4081 1118 4135 Καὶ
1162 4079 1378 4152 πρῶτον
1427 4078 1524 4149 μὲν
1560 4094 1698 4148 μαρ-

111 4181 292 4254 τυρῶν
321 4179 507 4242 αὐτοῖς
532 4178 659 4249 περὶ
684 4170 753 4249 ἦς
784 4171 932 4247 εἶχον
959 4174 1217 4238 πίστεως,
1247 4172 1341 4225 καὶ
1379 4169 1608 4242 γνησίας
1640 4171 1696 4221 ἐν

112 4272 338 4346 Χριστῷ
372 4269 691 4335 διαθέσεως,
732 4269 1012 4340 μέμφεται
1054 4264 1129 4330 ὡς
1169 4265 1410 4336 ἀνοήτως
1452 4260 1694 4334 πράξανν

113 4381 233 4429 τας,
272 4364 369 4416 καὶ
394 4360 864 4433 μεταϐαλομένους
893 4357 1090 4422 αὐτούς
1113 4372 1127 4383 ’
1156 4355 1346 4409 ἔπειτα
1384 4354 1441 4407 δὲ
1467 4351 1695 4422 διαλαμ-

114 4457 269 4510 ϐάνει
304 4453 434 4527 περὶ
479 4451 573 4506 τοῦ
622 4453 808 4523 νόμου,
848 4451 944 4505 καὶ
990 4449 1089 4521 τῆς
1130 4447 1271 4501 κατὰ
1314 4446 1408 4499 τὸν
1447 4441 1699 4515 Ἀϐραὰμ

113 4549 354 4612 πίστεως
375 4565 391 4579 ο
420 4548 516 4601 καὶ
544 4545 927 4599 ἀποδείκνυσιν
958 4542 1022 4596 ἐκ
1051 4559 1110 4596 τε
1147 4540 1241 4595 τοῦ
1269 4539 1433 4610 νόμου
1463 4537 1558 4590 καὶ
1591 4535 1697 4589 τῶν

112 4639 397 4711 γυναικῶν
425 4637 699 4708 Ἀϐραὰμ,
742 4635 1124 4705 ἀλληγορήσας
1158 4631 1347 4695 αὐτὰς,
1382 4630 1543 4702 μέχρι
1580 4644 1701 4681 και-

118 4733 212 4806 ροῦ
237 4730 485 4784 δεδόσθαι
508 4730 610 4802 τὴν
636 4725 815 4789 σκιὰν,
856 4725 950 4779 καὶ
976 4725 1075 4792 τὴν
1102 4722 1423 4795 περιτομὴν,
1467 4720 1564 4774 καὶ
1601 4718 1702 4790 ἁρ-

115 4828 234 4895 γεῖν
259 4822 449 4876 λοιπὸν
483 4821 624 4875 αὐτὰ
654 4821 722 4891 τῇ
749 4817 845 4871 τοῦ
876 4815 1116 4887 Χριστοῦ
1141 4815 1432 4889 παρουσίᾳ.
1469 4811 1580 4866 Καὶ
1606 4809 1701 4864 οὕσ-

117 4934 226 4981 τως
274 4913 596 4980 ἀποδείξας,
639 4909 1008 4984 παραγγέλλει
1049 4909 1233 4962 λοιπὸν
1274 4908 1455 4970 αὐτοῖς
1505 4904 1702 4975 μηκέτι

120 5005 415 5077 προσέχειν
438 5006 551 5066 τοῖς
579 5003 945 5073 ἀπατήσασιν,
973 4999 1107 5053 ἀλλὰ
1133 4998 1331 5069 μᾶλλον
1357 4994 1574 5067 ἔχεσθαι
1606 4994 1704 5063 τῆς

122 5101 180 5151 ἐν
202 5095 428 5168 Χριστῷ
455 5095 709 5160 πίστεως,
731 5094 824 5147 καὶ
856 5091 1166 5161 γινώσκειν,
1200 5091 1283 5144 ὅτι
1327 5090 1361 5160 ἡ
1394 5090 1451 5141 ὲν
1483 5084 1704 5159 Χριστῷ

124 5191 286 5261 χάρις
305 5189 574 5259 καταργεῖ
595 5185 694 5257 τὴν
717 5184 855 5239 κατὰ
879 5184 1057 5257 σάρκα
1081 5183 1402 5255 περιτομήν.
1432 5181 1543 5235 Καὶ
1562 5177 1706 5232 οὕτω

122 5286 291 5338 πάλιν
320 5285 402 5346 είς
428 5283 497 5337 τὰ
541 5282 647 5354 ήθη
695 5278 1033 5355 παραινέσας
1081 5279 1176 5332 καὶ
1218 5275 1458 5342 διδάξας,
1510 5273 1706 5328 τελειοῖ

120 5377 221 5448 τὴν
265 5373 610 5446 Ἐπιστολὴν.

510 5483 776 5556 Πέμπτη,
809 5483 957 5553 πρὸς
998 5481 1325 5552 Ἐφεσίους.

192 5603 288 5659 63.
313 5599 530 5673 Ταύτην
561 5598 866 5653 ἐπιστέλλει
893 5598 1002 5651 ἀπὸ
1038 5593 1274 5668 Ῥώμης,
1307 5593 1458 5648 οὔπω
1482 5591 1580 5663 μὲν
1612 5588 1710 5645 a6-

122 5698 254 5760 τοὺς
285 5692 568 5768 ἑωρακὼς,
597 5690 835 5755 ἀκούσας
865 5689 922 5744 δὲ
947 5688 1089 5759 ⁵περὶ
1127 5687 1328 5743 αὐτῶν.
1373 5686 1437 5739 Ἠ
1469 5684 1526 5738 δὲ
1572 5682 1707 5754 πρό-

1785 1812 1945 1878 dens,
1991 1827 2103 1866 non
2142 1825 2265 1867 esse
2293 1811 2536 1865 litteram
2572 1811 2708 1881 legis
2757 1810 2931 1865 solam
2974 1808 3370 1879 accipiendam,

1786 1901 1883 1957 sed
1945 1901 2002 1955 in
2060 1901 2244 1957 littera
2286 1899 2619 1956 sententiam
2669 1900 2967 1955 eruendam
3011 1918 3025 1954 :
3062 1915 3172 1954 non
3223 1899 3374 1955 enim

1784 1993 1950 2048 verba
1978 2001 2193 2047 tantum
2220 1999 2351 2047 sunt
2371 1992 2483 2057 lex,
2517 1991 2614 2047 sed
2652 1992 2709 2046 in
2725 1990 2885 2064 149
2910 1990 3096 2046 verbis
3124 2000 3208 2046 est
3248 2006 3376 2046 sen-

1787 2098 1882 2138 sus
1918 2082 2168 2153 Spiritus.
2213 2078 2441 2144 Deinde,
2489 2078 2635 2149 quod
2671 2080 2923 2159 veniente
2964 2077 3188 2133 Christo
3232 2092 3376 2132 nova

1787 2181 2040 2228 creatura
2076 2171 2220 2227 facta
2263 2171 2357 2236 sit,
2388 2185 2491 2225 nec
2514 2177 2765 2240 oporteat
2795 2169 3097 2225 secundum
3130 2175 3375 2225 vetusta-

1786 2273 1895 2317 tem
1939 2262 2142 2327 vivere,
2186 2258 2283 2315 sed
2328 2260 2385 2314 in
2425 2260 2703 2324 omnibus,
2732 2261 2884 2313 velut
2928 2259 2984 2313 in
3029 2274 3172 2313 nova
3220 2274 3376 2314 crea-

1787 2362 1931 2420 tura,
1973 2352 2229 2407 renovari
2255 2359 2310 2405 et
2336 2350 2669 2421 superﬂuam
2694 2349 2954 2421 deinceps
2984 2365 3109 2407 esse
3135 2350 3375 2405 circum-

1789 2444 2076 2499 cisionem.
2123 2442 2335 2499 Laudat
2369 2458 2465 2499 eos
2511 2444 2676 2498 etiam
2721 2442 3014 2498 ministerii
3070 2443 3271 2515 gratia,
3320 2450 3376 2499 et

1790 2535 2134 2600 adhortatur,
2166 2543 2229 2590 ut
2259 2550 2324 2590 ea
2349 2535 2406 2588 in
2441 2549 2500 2589 re
2523 2533 2821 2590 abundent.
2854 2534 3052 2591 Postea
3071 2535 3373 2605 reprehen-

1791 2626 1871 2681 dit
1924 2642 2045 2691 eos,
2089 2628 2184 2698 qui
2233 2628 2289 2681 in
2331 2625 2524 2682 faciem
2569 2627 2964 2697 gloriabantur,
3011 2641 3075 2682 ac
3126 2634 3377 2682 recenset

1791 2731 2132 2788 quaecunque
2175 2732 2379 2789 passus
2409 2724 2529 2773 erat
2561 2725 2784 2788 pr0pter
2834 2717 3147 2781 Dominum,
3198 2725 3254 2772 et
3300 2718 3377 2771 vi-

1792 2811 2000 2876 siones,
2043 2827 2183 2881 quas
2209 2811 2444 2876 viderat,
2480 2811 2725 2880 exponit,
2766 2819 2821 2865 et
2851 2810 3128 2879 quomodo
3165 2810 3223 2865 in
3270 2808 3378 2864 Par

1791 2901 2039 2956 radisum
2089 2902 2157 2956 ad
2209 2902 2432 2956 tertium
2487 2903 2687 2956 caelum
2747 2912 2938 2972 raptus
2996 2904 3086 2959 sit.
3133 2905 3376 2960 Tandem

1794 3003 2082 3065 postquam
2124 2994 2235 3049 illis
2274 2995 2623 3055 denuntiavit
2678 3010 2748 3049 ne
2784 3006 3030 3065 peccent,
3064 2997 3163 3053 sed
3207 2998 3255 3053 si
3281 2998 3377 3067 qui

1720 3067 1765 3130 (ἶ
1796 3088 2100 3158 peccarint,
2134 3086 2486 3158 resipiscam,
2522 3102 2646 3142 cum
2685 3090 2988 3160 gratiarum
3020 3090 3237 3147 actione
3268 3099 3378 3146 ter-

1793 3178 1967 3233 minat
1997 3178 2319 3248 Epistolam.

2250 3389 2459 3456 Quarta
2477 3429 2491 3455 ,
2538 3388 2608 3442 ad
2641 3387 2882 3445 Galatas.

1864 3500 1953 3553 62.
1986 3498 2140 3554 Hanc
2173 3499 2326 3555 misit
2355 3497 2545 3562 Roma,
2578 3514 2702 3555 cum
2727 3499 2841 3569 iam
2888 3498 3115 3554 vidisset
3154 3497 3378 3554 Galatas

1796 3608 1859 3648 ac
1878 3592 2173 3648 docuisset.
2204 3590 2300 3648 Est
2324 3599 2504 3646 autem
2531 3606 2593 3646 ea
2621 3591 2872 3662 epistolae
2893 3586 3116 3647 occasio
3141 3589 3380 3646 :Galata:

1795 3693 2085 3756 postquam
2113 3690 2260 3739 recte
2289 3681 2525 3738 fuissent
2567 3682 2809 3737 instituti
2859 3681 2928 3736 ab
2975 3680 3274 3753 Apostolo,
3327 3690 3381 3736 et

1795 3778 2012 3833 sincere
2060 3776 2120 3830 in
2160 3774 2443 3832 Christum
2485 3773 2879 3838 credidissent,
2926 3789 3050 3828 cum
3086 3773 3382 3844 Apostolus

1794 3867 2073 3939 profectus
2104 3866 2322 3932 fuisset,
2354 3865 2565 3921 seducti
2587 3864 2805 3919 fuerant
2828 3878 2859 3919 a
2892 3865 3224 3935 quibusdam
3252 3902 3267 3927 ,
3300 3864 3382 3917 ita

1798 3968 1857 4015 ut
1894 3957 2440 4014 circumciderentur.
2475 3955 2600 4011 Haec
2636 3969 2761 4009 cum
2811 3954 3095 4011 didicisset
3145 3952 3382 4024 Aposto-

1794 4055 1915 4120 lus,
1962 4052 2158 4109 scribit
2189 4051 2258 4107 ad
2288 4066 2384 4107 eos
2413 4068 2428 4106 :
2462 4056 2517 4106 et
2547 4049 2707 4105 initio
2738 4047 2957 4120 quidem
3003 4046 3381 4101 testimonium

1796 4147 1908 4203 illis
1953 4145 2046 4200 dat
2096 4143 2255 4210 fidei,
2315 4157 2483 4215 quam
2522 4142 2868 4204 habuerant,
2916 4147 2970 4194 et
3024 4138 3227 4193 sinceri
3252 4153 3380 4209 erga

1795 4239 2074 4296 Christum
2106 4237 2277 4292 animi
2304 4255 2319 4305 ;
2355 4252 2482 4292 mox
2506 4251 2635 4291 vero
2668 4234 2791 4291 ideo
2825 4229 3202 4302 reprehendit,
3236 4230 3383 4300 quod

1799 4332 1962 4388 stulte
1992 4331 2232 4401 egissent
2254 4343 2318 4383 ac
2345 4328 2539 4383 mutati
2566 4326 2820 4383 fuissent.
2839 4323 3248 4393 Consequenter
3269 4322 3383 4377 dis-

1728 4409 1775 4467 Β
1799 4429 1954 4493 putat
1993 4420 2061 4477 de
2100 4420 2241 4492 lege,
2279 4428 2334 4475 et
2380 4417 2448 4474 de
2475 4416 2579 4474 ﬁde
2613 4432 2735 4488 qua
2769 4415 3069 4473 secundum
3102 4413 3381 4469 Abraham

1796 4522 1917 4579 est,
1965 4527 2029 4567 ac
2092 4509 2336 4568 ostendit
2385 4525 2511 4564 cum
2574 4524 2641 4564 ex
2696 4507 2834 4578 lege,
2867 4514 2983 4561 tum
3019 4522 3087 4561 ex
3117 4504 3384 4591 uxoribys

1796 4605 2048 4670 Abrahae,
2083 4604 2375 4675 allegorice
2402 4600 2708 4672 usurpatis,
2742 4600 2812 4654 ad
2842 4607 3059 4670 tempus
3087 4613 3264 4668 usque
3294 4597 3387 4653 da-

1797 4706 1909 4752 tam
1933 4713 2056 4754 esse
2089 4696 2340 4751 umbram
2373 4703 2427 4750 et
2454 4693 2956 4756 circumcisionem,
2983 4692 3220 4746 adventu
3254 4704 3385 4745 vero

1800 4787 2005 4843 Christi
2030 4786 2144 4841 haec
2175 4786 2344 4841 fuisse
2364 4785 2643 4856 abrogata.
2679 4782 2809 4839 Haec
2840 4783 2932 4837 ubi
2961 4782 3221 4846 ostendit,
3256 4795 3385 4837 sua-

1802 4881 1892 4936 det
1920 4881 2060 4945 illis,
2114 4895 2184 4934 ne
2211 4879 2438 4949 posthac
2469 4876 2705 4946 amplius
2761 4874 3142 4930 seductoribus
3197 4885 3386 4927 aurem

1802 4972 2099 5043 praebeant,
2125 4970 2221 5025 sed
2262 4969 2435 5040 magis
2483 4967 2626 5033 fidei,
2654 4982 2775 5036 quae
2815 4966 2870 5019 in
2903 4964 3123 5019 Christo
3154 4970 3258 5023 cst,
3289 4962 3387 5014 ad-

1805 5061 2045 5115 haereant
2104 5067 2547 5128 cognoscantque
2578 5070 2674 5125 per
2707 5055 2961 5125 gratiam,
2993 5068 3114 5122 quae
3137 5052 3192 5106 in
3222 5049 3385 5104 Chri-

1806 5159 1895 5206 sto
1950 5156 2081 5215 est,
2140 5150 2403 5203 abolitam
2467 5162 2591 5202 esse
2645 5144 2830 5201 carnis
2887 5141 3380 5198 circumcisionem.

1806 5242 2092 5297 Postremo
2120 5240 2441 5296 adhortatus
2474 5238 2541 5294 ad
2571 5238 2747 5294 bonos
2781 5250 2983 5300 mores,
3017 5233 3228 5289 claudit
3257 5231 3386 5301 Epi-

1808 5335 2027 5392 stolam.

2288 5441 2509 5508 Quinta,
2542 5437 2610 5493 ad
2620 5404 2916 5506 'Ephesios.

1880 5583 1971 5638 65.
2015 5579 2162 5636 Misit
2194 5585 2249 5635 et
2302 5578 2465 5634 istam
2495 5575 2667 5631 Roma
2695 5613 2711 5639 ,
2746 5586 2871 5627 cum
2910 5569 3153 5625 nondum
3179 5582 3273 5624 eos
3300 5568 3385 5621 vi—

1810 5677 2004 5743 disset,
2037 5672 2280 5730 audisset
2310 5679 2491 5727 autem
2515 5669 2581 5725 de
2624 5667 2753 5725 illis.
2792 5663 3024 5722 Occasio
3053 5671 3232 5719 autem
3258 5660 3389 5731 Epi-
